4046 6416
664 466 761 527 (τι
1462 527 1470 541 ,
1824 461 1883 523 S.
1919 459 2239 521 JOANNIS
2277 456 2706 518 DAMASCENI
3790 462 3871 525 632

663 572 809 624 dum.
826 573 959 637 Ave,
973 566 1114 640 quod
1131 572 1389 631 tnlaule‘m
1409 573 1661 645 genueris
1678 574 1962 630 tiitanttmn
1983 576 2234 630 formato-

2268 575 2432 633 Ακαὶ
2483 573 2820 644 πρόσφατον,
2878 572 2942 624 ἐκ
3007 570 3198 642 πηγῶν
3250 570 3866 645 ’Βραὴϊκαταγόμενοκ

665 676 800 726 rem,
830 662 1028 731 quique
1059 665 1308 719 universa
1339 666 1600 719 continet.
1631 665 1766 730 Ave,
1794 666 1938 735 quod
1972 666 2233 719 infantem

2339 666 2536 735 Χαῖρε,
2595 665 2676 717 ὅτι
2728 663 3067 734 γεγέννηκας
3114 664 3330 734 βρέφος,
3394 664 3493 717 τὸν
3551 663 3655 717 τῶν
3700 664 3873 735 βρεφῶν

663 756 934 822 genueris,
957 756 1168 812 virtutis
1192 767 1243 812 et
1269 757 1452 828 gloriae
1477 758 1654 815 Patris
1680 768 1986 813 consortem
2006 758 2073 811 ’⁸.
2100 757 2236 821 Ave,

2337 756 2687 827 τεχνουργδν,
2728 758 2824 809 καὶ
2868 756 3103 824 συνοχέα
3127 756 3235 808 τῶν
3286 756 3449 811 ὅλων.
3484 756 3675 826 Χαῖρε,
3712 758 3871 825 61:7:-

664 847 805 916 quod
850 846 1106 902 infantem
1149 851 1427 919 genueris,
1474 851 1887 921 quadragesimo
1930 853 2136 922 primo,
2182 862 2239 904 ut

2338 846 2606 914 γέννηκας
2647 846 2867 916 βρέφος,
2922 846 3010 898 τὸν
3035 846 3130 899 τοῦ
3185 847 3403 917 Πατρὺς
3452 847 3777 917 όμοδύναμον
3804 852 3874 902 καὶ

666 939 999 995 admirabilis
1028 941 1202 997 Lucas
1231 944 1479 1007 refert",
1512 944 1722 1011 imperii
1747 945 1976 1013 Augusti
2005 945 2238 999 Caesaris

2339 936 2611 1007 ὁμόδοξον.
2655 939 2847 1007 Χαῖρε,
2884 938 2963 991 ὅτι
2993 940 3327 1010 γεγέννηκας
3374 940 3599 1009 βρέφος,
3653 941 3775 993 καθὰ
3809 943 3868 993 διο

667 1044 827 1085 anno.
876 1032 1007 1097 Ave,
1054 1034 1195 1096 quod
1242 1036 1495 1102 genueris
1541 1035 1826 1102 infantem,
1874 1037 2027 1104 cujus
2074 1050 2237 1090 causa

2340 1030 2594 1099 αγορεύει
2630 1030 2845 1094 Λουκᾶς
2875 1034 2903 1085 6
2936 1032 3259 1101 θαυμάσιος,
3293 1035 3348 1085 ὲν
3382 1033 3465 1101 τῷ
3491 1035 3866 1104 τεσσαρακοστῷ

667 1122 840 1191 angeli
886 1125 1267 1194 quamplurimi
1318 1128 1383 1180 ad
1433 1135 1634 1180 terram
1686 1128 2039 1181 devenerunt.
2083 1127 2236 1194 Ave,

2342 1120 2546 1190 πρώτῳ
2602 1121 2710 1174 έτει
2768 1126 2867 1193 τῆς
2928 1123 3208 1193 βασιλείας
3255 1124 3578 1191 Αὐγούστου
3619 1124 3868 1191 Καίσαρος.

667 1217 807 1284 quod
838 1217 1094 1272 infantem
1126 1221 1398 1287 genueris,
1432 1220 1586 1289 cujus
1616 1235 1777 1274 causa
1811 1232 2077 1289 pastores,
2113 1221 2237 1274 dum

2341 1212 2535 1282 Χαῖρε,
2566 1212 2648 1264 ὅτι
2674 1212 3010 1283 γεγέννηκας
3033 1213 3249 1283 βρέφος,
3278 1209 3494 1275 οὗτινος
3516 1213 3674 1265 ἕνεκα
3694 1214 3870 1281 ἄγγελοι

668 1316 825 1361 nocte
860 1324 1076 1377 gregem
1118 1310 1169 1362 iu
1210 1311 1354 1377 agris
1388 1311 1722 1365 excubantes
1760 1313 2115 1374 custodirent,
2150 1312 2240 1365 ad-

2341 1304 2692 1376 παμπληθεῖς
2722 1305 2788 1357 τὰ
2829 1307 3047 1374 ἐπίγεια
3097 1305 3424 1359 κατέλαϐον.
3477 1306 3647 1376 Χαῖρε
3668 1344 3683 1369 ,
3714 1308 3781 1359 ὅτι
3806 1326 3874 1375 γε·

668 1398 956 1453 miratione
994 1400 1223 1468 perculsi
1265 1403 1481 1457 sunt”.
1518 1404 1651 1467 Ave,
1695 1402 1834 1471 quod
1875 1402 2127 1471 genueris
2167 1404 2242 1456 iu-

2343 1397 2613 1467 γέννηκας
2640 1397 2857 1467 βρέφος,
2905 1391 3115 1461 οὗτινος
3166 1398 3328 1451 ἕνεκα
3364 1398 3627 1467 ποιμένες
3654 1400 3874 1465 vanae-3.

669 1487 905 1557 fantem,
938 1490 1093 1559 cujus
1131 1508 1292 1547 causa
1328 1493 1683 1546 concinebant
1715 1492 1887 1562 angeli
1924 1512 1935 1547 :
1968 1491 2149 1545 Gloria
2187 1496 2240 1547 in

2341 1489 2503 1549 λακες
2530 1488 2929 1557 ἀγραυλοῦντες
2978 1488 3313 1557 ἐθαύμαζον.
3364 1489 3569 1558 Χαῖρε,
3612 1488 3688 1540 ὅτι
3718 1490 3870 1557 γεγέν-

670 1584 885 1638 excelsis
921 1584 1044 1650 Deo,
1073 1595 1119 1637 et
1148 1586 1203 1638 in
1235 1597 1372 1638 terra
1401 1600 1524 1653 pax,
1555 1585 1850 1638 hominibus
1883 1586 2031 1638 bona:
2058 1584 2239 1638 colun-

2343 1596 2513 1648 νηκας
2558 1579 2775 1650 βρέφος,
2827 1575 3035 1644 οὗτινος
3084 1580 3269 1633 ἕνεκεν
3322 1581 3647 1650 ὑπέμελπον
3694 1580 3873 1647 ἄγγελοι

673 1675 794 1728 tatis
820 1676 887 1731 ³³.
928 1676 1059 1741 Ave,
1095 1677 1237 1745 quod
1279 1677 1528 1745 genueris
1568 1676 1849 1741 infantem,
1889 1675 2041 1743 cujus
2078 1692 2239 1732 causa

2342 1670 2592 1739 λέγοντες
2613 1689 2623 1699 ·
2644 1671 2798 1733 Δόξα
2820 1672 2889 1723 ἐν
2910 1672 3195 1739 ὑψίστοις
3216 1670 3357 1736 Θεῷ,
3388 1671 3490 1723 καί
3512 1670 3609 1723 ἐπὶ
3636 1668 3735 1739 γῆς
3750 1672 3871 1739 sipri-

670 1765 880 1819 sonitus
902 1776 953 1818 et
979 1766 1141 1835 837
1166 1768 1424 1835 strepitus
1450 1767 1685 1821 auditur.
1710 1767 1845 1831 Ave,
1871 1768 2011 1836 quod
2039 1783 2241 1837 genue-

2342 1780 2441 1829 νη,
2474 1764 2543 1816 ὲν
2576 1762 2907 1829 ἀνθρώποις
2941 1762 3203 1816 εὐδοκία.
3236 1764 3436 1832 Χαῖρε,
3475 1763 3559 1815 ὅτι
3588 1762 3871 1829 γεγέννηκας

670 1855 749 1907 ris
791 1855 1048 1909 infantem
1090 1856 1245 1924 cujus
1289 1871 1447 1911 causa
1495 1858 1739 1912 Herodes
1788 1859 1969 1913 animo
2007 1870 2241 1913 mstuaus

2274 1913 2315 1925 _
2347 1853 2566 1923 βρέφος,
2614 1846 2675 1905 οὗ
2733 1854 2896 1907 ἕνεκα
2954 1854 3267 1925 θορυϐεῖται
3322 1854 3419 1907 καὶ
3466 1856 3865 1921 φωνοκτυπεῖται.

672 1945 1017 2010 perturbatur
1038 1946 1102 2000 ³³.
1137 1948 1268 2011 Ave,
1305 1948 1445 2016 quod
1484 1948 1743 2004 infantem
1778 1950 2053 2018 genueris,
2089 1951 2244 2020 cujus

2275 1940 2315 1967 υ
2344 1948 2539 2017 Χαῖρεν
2575 1946 2657 1998 δτι
2702 1946 3039 2015 γεγέννηκας
3089 1946 3306 2017 βρέφος.
3359 1940 3423 2000 οὗ
3453 1946 3617 1999 ἕνεκα
3672 1944 3871 2015 Ἡρώδης

671 2051 831 2089 causa
860 2045 1086 2104 cognata
1118 2046 1205 2091 tua
1238 2037 1509 2093 Elisabeth
1539 2039 1697 2094 domo
1723 2054 1818 2094 sua
1848 2041 2080 2095 exsulat.
2108 2043 2239 2107 Ave,

2347 2037 2681 2108 θυμομαχῶν
2706 2039 3052 2108 ταράττεται.
3086 2040 3281 2108 Χαῖρε,
3311 2038 3396 2091 ὅτι
3424 2038 3749 2105 γεγέννηκας
3772 2036 3868 2107 βρέ-

670 2127 809 2193 quod
839 2128 1090 2197 genueris
1118 2128 1399 2196 infantem,
1432 2130 1587 2199 cujus
1618 2147 1777 2185 causa
1806 2132 2100 2188 Zacharias
2130 2134 2243 2189 exi-

2346 2148 2465 2199 φος,
2489 2121 2550 2182 οὗ
2576 2129 2739 2182 ἕνεκα
2778 2132 2810 2199 ὴ
2847 2130 3115 2200 συγγενής
3152 2147 3245 2182 σου
3298 2128 3590 2182 Ἐλισάϐετ
3629 2129 3864 2199 ὑπερόριος

669 2219 807 2274 mius
840 2222 1095 2275 sacerdos
1126 2221 1179 2275 in
1216 2223 1391 2278 medio
1423 2223 1620 2293 templo
1649 2236 1892 2282 necatur.
1921 2226 2065 2290 Ave,
2101 2226 2240 2295 quod

2346 2221 2574 2289 γίνεται.
2622 2222 2815 2290 Χαῖρε,
2878 2222 2961 2273 ὅτι
3032 2222 3373 2293 γεγέννηκας
3430 2220 3650 2292 βρέφος,
3704 2213 3867 2282 οὗτινος

668 2311 921 2378 genueris
962 2310 1251 2376 infantem,
1292 2314 1444 2383 cujus
1488 2330 1646 2370 causa
1690 2316 1964 2372 Bethleem
2014 2319 2240 2373 militum

2346 2312 2508 2365 ἕνεκα
2538 2312 2811 2382 Ζαχαρίας
2854 2312 2884 2363 6
2914 2312 3296 2382 παμμέγιστος
3352 2313 3541 2382 ἱερεὺς
3576 2313 3761 2383 μεταξῦ
3797 2311 3865 2365 τοῦ

669 2417 860 2456 manus
882 2406 1327 2470 perscrutatur“.
1353 2406 1485 2469 Ave,
1511 2408 1654 2476 quod
1682 2411 1932 2479 genueris
1958 2410 2240 2476 infantem,

2345 2404 2469 2457 ναοῦ
2506 2404 2795 2457 κτείνεται.
2844 2405 3035 2475 Χαῖρε,
3086 2405 3166 2456 ὅτι
3214 2404 3560 2473 γεγέννηκας
3593 2403 3786 2473 βρέφος.
3823 2396 3869 2454 ὦ

669 2502 888 2561 propter
922 2508 1078 2561 quem
1126 2497 1318 2549 armati
1363 2498 1556 2567 gladiis
1600 2501 1888 2555 carnifices
1933 2501 2239 2560 mittuntur.

2345 2496 2504 2547 ἕνεκα
2551 2496 2583 2563 ἡ
2630 2493 2881 2564 Βηθλεὲμ
2918 2492 3329 2562 στρατιωτικῶς
3376 2495 3683 2562 ὲρευνᾶται.
3715 2494 3864 2561 Χαῖρε,

668 2588 799 2648 Ave,
827 2586 966 2653 quod
994 2588 1243 2655 genueris
1270 2589 1551 2656 infantem,
1580 2592 1732 2659 cujus
1759 2609 1916 2649 causa
1949 2596 2115 2665 geniti
2146 2612 2243 2650 nu-

2345 2588 2426 2640 ὅτι
2450 2587 2784 2658 γεγέννηκας
2815 2586 3034 2657 βρέφος,
3071 2580 3130 2639 οὗ
3160 2584 3322 2638 ἓνεκα
3357 2585 3649 2657 ξιφηφόροι
3676 2583 3866 2635 στέλλονο

670 2690 786 2743 per,
827 2677 1025 2745 vixque
1068 2693 1250 2733 vocem
1302 2681 1576 2737 imitantes
1624 2683 1853 2739 infantes
1903 2688 2241 2741 membratim

2345 2697 2434 2732 ται
2476 2679 2681 2748 δήμιοι.
2725 2680 2917 2749 Χαῖρε,
2965 2679 3046 2731 ὃτι
3084 2679 3424 2747 γεγέννηκας
3462 2676 3677 2747 βρέφος,
3701 2667 3864 2733 οὗτινος

669 2768 1053 2825 conficiuntur.
1097 2771 1231 2835 Ave,
1279 2774 1422 2841 quod
1469 2774 1725 2830 infantem
1772 2779 2044 2846 genueris,
2093 2780 2244 2849 cujus

2346 2771 2510 2824 ἓνεκα
2566 2770 2793 2839 νεογενῆ
2865 2771 2959 2823 καὶ
3022 2769 3382 2841 μιμηλόφωνα
3439 2769 3634 2840 βρέφη,
3690 2764 3867 2835 μεληδὲν

670 2876 832 2915 causa
862 2860 1063 2916 Rachel
1096 2863 1459 2933 lacrymarum
1490 2864 1680 2922 fluvios
1710 2868 1955 2936 fundens,
1993 2872 2244 2927 tristissi~

2347 2860 2750 2915 ἀναλίσκονται.
2807 2860 3002 2931 Χαῖρε,
3052 2860 3136 2912 ὅτι
3186 2860 3531 2929 γεγέννηκας
3591 2857 3782 2928 βρέφος,
3819 2849 3863 2909 οὗ

672 2965 816 3002 mum
850 2966 1067 3005 carmen
1095 2951 1290 3009 edit”.
1324 2954 1466 3018 Ave,
1498 2956 1638 3023 quod
1667 2957 1927 3011 infantem
1957 2961 2241 3029 genueris,

2347 2955 2510 3007 ἕνεκα
2577 2952 2781 3023 Ῥαχὴλ
2836 2952 3145 3021 ποταμηδὸν
3201 2951 3537 3022 δακρύουσα,
3580 2949 3864 3020 βαρύγχητον

672 3042 765 3107 qui
794 3052 984 3095 octava
1016 3043 1101 3097 die
1128 3044 1191 3098 de
1218 3044 1351 3114 legis
1381 3044 1624 3101 Mosaicae
1656 3051 1972 3118 praescripto
2005 3054 2242 3107 circum-

2348 3046 2626 3115 ἐκπέμπει
2656 3046 2835 3115 μέλος.
2878 3047 3075 3114 Χαῖρε,
3116 3046 3197 3098 ὃτι
3227 3045 3567 3115 γεγέννηκας
3598 3042 3787 3114 βρέφος,
3818 3038 3862 3092 τὸ

671 3131 815 3184 cisus
845 3129 1026 3183 fuit”.
1054 3134 1186 3197 Ave,
1212 3133 1353 3201 quod
1386 3133 1641 3189 infantem
1673 3141 1949 3205 genueris,
1977 3142 2086 3205 qui,
2119 3158 2241 3196 cum

2348 3138 2689 3207 ὀκταήμερον
2721 3137 3185 3209 περιτεμνόμενον
3230 3136 3371 3189 κατὰ
3403 3135 3497 3189 τὸν
3534 3132 3862 3195 Μωῦσέωςνό-

673 3222 842 3291 legem
870 3222 922 3275 in
951 3223 1144 3277 tabulis
1170 3223 1395 3293 lapideis
1421 3224 1813 3296 insculpsisset,
1838 3228 2012 3285 factus
2037 3242 2119 3286 est
2144 3233 2242 3287 sub

2272 3260 2314 3318 ϐ
2354 3247 2473 3297 μον.
2505 3231 2697 3299 Χαῖρε,
2725 3230 2806 3281 ὅτι
2837 3230 3175 3299 γεγέννηκας
3205 3229 3431 3299 βρέφος,
3464 3229 3526 3281 τὸ
3549 3226 3635 3279 τὸν
3663 3226 3799 3293 νόμον
3823 3224 3863 3274 ἐν

671 3313 807 3384 lege,
835 3328 897 3368 ac
926 3314 1091 3383 legem
1122 3314 1325 3384 implet.
1352 3315 1484 3382 Ave,
1513 3317 1654 3385 quod
1684 3317 1941 3374 infantem
1971 3323 2241 3389 genueris,

2282 3313 2314 3318 ν
2350 3323 2513 3387 πλαξὶ
2536 3323 2825 3389 λαξεῦσαν,
2853 3324 2949 3375 καὶ
2973 3323 3079 3377 ὑπὸ
3105 3324 3271 3393 νόμον
3300 3323 3615 3392 γενόμενον,
3638 3320 3723 3374 καὶ
3742 3320 3863 3387 νόμον

669 3420 830 3474 quem
869 3407 1225 3474 quadraginta
1272 3406 1461 3462 diebus
1508 3409 1794 3479 completis
1840 3412 1890 3464 in
1938 3412 2245 3471 Salomonis

2348 3413 2674 3484 ἐκπληροῦν.
2713 3415 2906 3485 Χαῖρε,
2941 3414 3024 3467 ὅτι
3061 3414 3399 3483 γεγέννηκας
3442 3413 3657 3483 βρέφος,
3690 3408 3857 3478 ὃπερὲν

674 3497 872 3564 templo
914 3496 1155 3551 obtulisti
1180 3497 1248 3553 ³⁸.
1291 3499 1424 3565 Ave,
1468 3502 1609 3569 quod
1658 3501 1919 3557 infantem
1967 3507 2243 3575 genueris,

2347 3509 2414 3578 ’τῇ
2456 3505 2850 3577 συμπληρώσει
2898 3504 3006 3558 τῶν
3055 3505 3471 3578 τεσσαράκοντα
3506 3502 3716 3574 ἡμερῶν
3740 3502 3785 3553 ἐν
3808 3498 3861 3566 τῷ

671 3602 828 3653 quem
876 3603 1066 3643 recens
1111 3590 1314 3644 editum
1368 3591 1569 3645 canitie
1621 3595 1935 3663 spectabilis
1986 3599 2245 3654 sacerdos

2349 3598 2732 3669 Σολομωντείῳ
2766 3599 3151 3669 προσήνεγκας
3191 3598 3324 3669 ναῷ.
3371 3598 3572 3667 Χαῖρε,
3609 3596 3683 3648 ὅτι
3720 3592 3861 3662 γεγένο

672 3679 890 3734 Simeou
914 3682 1276 3751 conspiciens,
1302 3685 1427 3738 hinc
1450 3686 1646 3740 dimitti
1674 3688 1942 3743 studebat.
1966 3690 2100 3755 Ave,
2126 3708 2245 3761 qua:

2346 3704 2517 3758 νηκας
2541 3688 2757 3758 βρέφος,
2784 3688 3132 3757 νηπιοφανὲς,
3158 3689 3294 3756 ὅπερ
3327 3690 3354 3741 6
3381 3686 3702 3756 πολιοφανὴς
3729 3684 3861 3753 ἱερεὺς

671 3773 920 3839 genueris
949 3774 1231 3839 infantem,
1257 3777 1346 3845 qdi
1378 3793 1406 3830 a
1434 3779 1771 3847 prophetissa
1802 3796 1865 3835 ac
1893 3782 2055 3836 vidua
2086 3784 2241 3840 Anna

2347 3778 2570 3850 Συμεὼν
2597 3777 2743 3841 ἰδὼν,
2761 3778 3093 3831 ἀπολύεσθαι
3126 3777 3374 3831 ἔσπευδε.
3395 3779 3590 3847 Χαῖρε,
3624 3778 3696 3830 ὅτι
3722 3772 3863 3841 γεγέν-

673 3879 857 3919 coram
889 3867 1035 3921 omni
1068 3867 1267 3938 populo
1298 3867 1558 3925 Dominus
1591 3872 1956 3941 proclamatus
1986 3887 2086 3931 est.

2346 3888 2520 3941 νηκας
2561 3871 2778 3942 βρέφος,
2814 3870 2876 3923 τὺ
2922 3869 3029 3922 ὑπὸ
3082 3869 3182 3938 τῆς
3230 3870 3570 3940 προφήτιδος
3613 3868 3699 3921 καὶ
3734 3866 3862 3935 χήρας

2349 3963 2566 4032 Ἀννης,
2599 3962 2842 4016 ἐναντίον
2866 3962 3066 4025 παντὸς
3085 3960 3216 4015 λαοῦ
3254 3961 3670 4033 κυριολογηθέν.

741 4047 875 4111 Avo,
905 4048 1075 4117 gratia
1108 4048 1298 4118 plena;
1330 4063 1449 4114 ave,
1482 4064 1578 4118 per
1605 4065 1768 4122 quam
1803 4053 1956 4110 nobis
1986 4055 2240 4122 innotuit,

2416 4056 2609 4125 Χαῖρε,
2641 4054 3078 4124 κεχαριτωμένη,
3100 4055 3255 4123 χαῖρε
3287 4053 3353 4105 δι’
3378 4048 3444 4123 ἦς
3474 4054 3609 4125 ἡμῖν
3631 4050 3859 4116 ὲπέφαινεν

614 4203 621 4211 ε
672 4140 764 4209 qui
807 4147 932 4195 ante
972 4154 1159 4195 omnes
1199 4141 1364 4197 colles
1405 4144 1616 4213 genitus
1654 4155 1756 4208 est,
1796 4145 1961 4211 Deus,
2000 4147 2212 4217 inquam

2342 4148 2371 4199 6
2399 4145 2505 4215 πρὸ
2528 4144 2743 4198 πάντων
2768 4141 2968 4212 βουνῶν
2996 4142 3297 4211 γεννηθεὶς,
3329 4140 3478 4204 Θεὸς,
3501 4142 3663 4211 φημὶ,
3691 4140 3715 4190 6
3740 4150 3860 4187 παντ-

672 4228 1046 4285 uuiversorum
1076 4243 1394 4302 potestatem
1425 4236 1648 4291 habens.
1675 4239 1808 4303 Ave,
1837 4254 1935 4307 per
1958 4256 2118 4310 quam
2146 4257 2245 4296 no-

2344 4236 2604 4303 εξούσιος.
2653 4236 2844 4305 Χαῖρε,
2872 4234 2938 4286 δι’
2956 4227 3023 4303 ἧς
3044 4235 3175 4303 ἡμῖν
3196 4236 3223 4286 6
3239 4232 3609 4304 ὑπερκόσμιος
3629 4229 3858 4296 ἐπέφανενο

670 4319 756 4373 bis
785 4320 874 4387 qui
906 4323 1104 4376 mundo
1134 4323 1419 4379 sublimior
1441 4334 1545 4391 est,
1577 4327 1828 4394 innotuit,
1856 4331 2056 4400 quique
2090 4347 2244 4385 mun-

2344 4332 2373 4384 6
2406 4331 2611 4399 κόσμον
2655 4328 2895 4396 ἄκοσμον
2936 4328 3252 4396 κοσμήσας,
3299 4325 3395 4379 καὶ
3442 4326 3621 4380 κτίσιν
3658 4325 3857 4378 ἇκτιστον

670 4410 795 4464 dum
826 4423 1018 4466 ornatu
1046 4430 1272 4470 vacuum
1305 4420 1540 4485 ornavit,
1569 4429 1623 4474 et
1654 4432 1958 4475 creaturam
1994 4423 2242 4477 incondi-

2347 4421 2556 4483 κτίσας.
2592 4421 2783 4489 Χαῖρε,
2817 4418 2883 4471 δι’
2908 4413 2977 4491 ἦς
3005 4420 3134 4486 ἡμῖν
3165 4416 3454 4486 ὲπέφανεν,
3488 4419 3517 4470 6
3557 4416 3657 4487 πρὸ
3682 4413 3760 4467 τοῦ
3784 4411 3856 4479 όρη

673 4510 782 4554 tam
808 4504 1032 4557 creavit.
1055 4506 1189 4569 Ave,
1217 4522 1313 4575 per
1335 4524 1497 4578 quam
1526 4511 1783 4577 innotuit,
1810 4514 1899 4580 qui
1930 4514 2240 4582 priusquam

2349 4511 2665 4582 γενηθῆναι,
2700 4511 2796 4563 καὶ
2826 4508 3131 4582 πλασθῆναι
3162 4510 3259 4581 τὴν
3290 4512 3394 4579 γῆν
3421 4511 3516 4563 καὶ
3546 4510 3638 4579 τὴν
3659 4502 3858 4572 οἰκουμέ-

666 4604 886 4648 montes
918 4595 1129 4659 fierent,
1160 4607 1213 4650 ct
1245 4598 1569 4655 formaretur
1602 4612 1743 4657 terra
1777 4612 1830 4658 et
1859 4604 2029 4669 orbis,
2058 4620 2122 4659 ex
2156 4607 2241 4659 iu-

2276 4599 2319 4653 D
2349 4620 2466 4671 νην,
2508 4604 2573 4654 ὲκ
2606 4600 2817 4671 Πατρὸς
2847 4602 3145 4671 ἀγεννήτου
3177 4601 3480 4669 γεννηθείς.
3522 4602 3702 4669 Χαῖρε,
3732 4595 3785 4647 δι’
3812 4588 3858 4662 ἧς

672 4686 856 4752 genito
890 4685 1048 4739 Patre
1073 4687 1289 4757 genitus
1315 4691 1481 4746 est”.
1514 4692 1626 4747 Ave
1656 4709 1750 4763 per
1775 4708 1939 4763 quam
1973 4698 2243 4765 apparuit,

2348 4693 2478 4761 ἡμῖν
2515 4690 2803 4758 ὲπέφανεν,
2834 4692 2862 4743 ὁ
2888 4691 2979 4743 τὸν
3018 4691 3248 4762 οὐρανὸν
3275 4691 3409 4744 ὡσεὶ
3437 4690 3619 4762 δέῤῥιν
3648 4685 3855 4741 ἐκτείνας.

671 4775 762 4844 qui
797 4780 1007 4832 caelum
1054 4780 1129 4832 uti
1177 4782 1371 4849 pellem
1420 4787 1682 4851 extendit,
1726 4795 1777 4842 et
1830 4788 2036 4842 aridam
2084 4804 2246 4860 super

2348 4784 2439 4837 καὶ
2485 4782 2584 4853 τὴν
2634 4782 2804 4859 ξηρὰν
2830 4783 2921 4835 ἐπὶ
2961 4783 3069 4836 τῶν
3101 4783 3374 4836 ἀϐυσσίων
3417 4783 3640 4853 έδράσας
3680 4778 3854 4832 ὑδάτων.

670 4886 840 4939 aquas
866 4872 1048 4942 abyssi
1082 4872 1366 4930 stabilivit.
1398 4875 1544 4942 Ave,
1579 4894 1676 4946 per
1700 4895 1863 4949 quam
1896 4881 2053 4936 nobis
2084 4882 2242 4935 iuno-

2347 4876 2551 4945 Χαῖρε,
2587 4874 2655 4927 δι’
2694 4869 2762 4944 ἦς
2795 4876 2927 4943 ἡμῖν
2965 4875 3236 4943 ὲπέφανεν
3258 4915 3272 4936 ,
3318 4876 3347 4927 6
3379 4874 3589 4945 ψάμμῳ
3615 4868 3857 4943 χαλινώσας

672 4964 805 5029 tuit,
831 4964 923 5033 qui
960 4964 1282 5020 altissimum
1316 4983 1570 5037 prorsus,
1600 4972 1742 5039 quod
1775 4975 2034 5027 mundum
2066 4974 2243 5028 conti-

2345 4966 2442 5036 τὴν
2476 4963 2917 5035 μεγαλομέγεθον
2957 4982 3017 5017 τε
3053 4966 3147 5017 καὶ
3176 4965 3619 5037 κοσμοχώρητον,
3648 4963 3727 5015 καὶ
3757 4959 3856 5011 θαν-

672 5062 796 5120 net,
846 5056 1329 5129 admirandumque
1380 5063 1749 5130 spectaculum
1811 5065 2045 5134 praebet,
2096 5081 2247 5121 mare

2346 5057 2717 5129 μαστοθέατον
2744 5056 3042 5110 θάλασσαν.
3074 5059 3267 5128 Χαῖρε,
3293 5058 3364 5111 δι’
3396 5055 3464 5130 ἧς
3495 5060 3623 5130 ἡμῖν
3646 5054 3856 5119 ὲπέφανεν

668 5163 845 5205 arena
866 5150 1061 5205 frenat.
1089 5152 1223 5215 Ave,
1252 5168 1349 5222 per
1371 5168 1530 5221 quam
1564 5155 1719 5211 nobis
1748 5156 2005 5223 innotuit,
2034 5157 2124 5225 qui
2158 5156 2243 5210 in-

2344 5153 2373 5205 6
2400 5150 2587 5222 χερσὶν
2616 5150 2903 5219 ἀκράντοις
2932 5148 3026 5201 καὶ
3051 5149 3500 5222 ἀχειροπλάστοις
3524 5143 3856 5220 Iamiam,-

672 5241 975 5305 taminatis,
1017 5257 1117 5297 nec
1159 5258 1321 5297 manu
1365 5245 1524 5300 factis
1562 5246 1811 5303 manibus
1844 5247 2017 5301 Adam
2064 5248 2237 5303 homi-

2347 5260 2446 5305 σας
2460 5244 2551 5296 τὸν
2575 5242 2789 5313 πρῶτον
2807 5242 2862 5293 ὲν
2881 5239 3189 5311 ἀνθρώποις
3208 5241 3491 5312 ἄνθρωπον
3506 5243 3680 5310 Ἀδάμ.
3707 5238 3852 5303 Χαῖρε.

670 5344 799 5383 num
833 5334 1064 5400 primum
1093 5332 1366 5390 formavit.
1398 5338 1537 5403 Ave,
1570 5352 1667 5407 per
1694 5354 1855 5409 quam
1889 5340 2044 5395 nobis
2072 5354 2239 5410 appa-

2344 5335 2411 5389 δι⁹
2431 5330 2499 5407 ἧς
2524 5336 2655 5405 ἡμῖν
2683 5333 2949 5401 ὲπέφανεν
2976 5333 3005 5385 6
3028 5332 3202 5401 λέγων
3233 5335 3370 5404 πρὸς
3410 5332 3739 5405 Ἀὀραάμ,Ἦ
3763 5324 3856 5395 μὴν

672 5422 787 5475 ruit
822 5423 910 5490 qui
946 5424 1255 5482 Abrahamo
1290 5429 1367 5482 ait
1400 5448 1414 5483 :
1451 5428 1574 5484 Νἱεὶ
1604 5431 1909 5486 benedicens
1942 5432 2239 5487 benedicam

2346 5426 2617 5497 εὐλογῶν
2640 5424 2960 5493 εὐλογήσω
2995 5441 3088 5490 σε,
3138 5426 3235 5479 καὶ
3281 5427 3604 5492 πληθύνων
3626 5412 3854 5487 πληθυνῶ

673 5522 743 5575 te,
773 5522 821 5566 et
852 5513 1201 5583 utultiplicam
1234 5521 1593 5591 multiplicabo
1624 5534 1673 5579 te
1694 5524 1759 5579 ".
1789 5525 1921 5588 Ave,
1956 5539 2052 5594 per
2078 5539 2238 5592 quam

2347 5534 2440 5573 σε.
2470 5518 2663 5587 Χαῖρε,
2692 5514 2760 5567 δι’
2786 5509 2855 5587 ἦς
2883 5516 3013 5584 ἡμῖν
3033 5516 3303 5583 ὲπέφανεν
3327 5518 3355 5569 6
3379 5516 3546 5569 πάλαι
3567 5514 3647 5567 διὰ
3667 5508 3854 5567 Μωσέως

672 5606 829 5660 nobis
862 5606 1095 5661 innotuit
1122 5611 1213 5677 qui
1242 5614 1492 5681 populum
1525 5613 1692 5671 Israel
1720 5632 1783 5673 ex
1816 5616 2035 5687 Egypti
2065 5616 2239 5672 servi-

2348 5607 2729 5679 Αἰγυπτιακῆς
2765 5607 3010 5669 δουλείας
3046 5608 3353 5679 ῥυσάμενος
3388 5609 3517 5663 λαδν
3554 5596 3857 5678 Ἱσραηλίτηνο⁶

823 5742 980 5826 ίβέη·
1010 5760 1049 5810 ¹ν
1080 5744 1168 5826 μ’
1220 5750 1605 5826 η²ῘΜβηωιῇω
1657 5756 1837 5826 lapsus
1891 5775 1905 5811 :
1958 5756 2088 5811 nihil
2140 5752 2626 5826 ejusmodiLucas
2678 5744 2863 5826 habet.
2969 5746 3190 5826 ff'yuc.
3217 5764 3295 5826 1r,
3327 5748 3523 5826 8-l_'._5._
3593 5733 3849 5826 "ibid.

672 5815 715 5848 ιι
750 5814 939 5869 Matth.
1000 5804 1137 5879 ",5.
1218 5804 1605 5881 "illicito."
1658 5804 2268 5894 'ﬁ'iéierh."}iii,'"t'£

670 5886 713 5921 θ’
754 5885 887 5943 Gen.
927 5901 1039 5955 XXI,
1076 5887 1164 5943 16.

2248 5804 2622 5895 ἐσπιίιαυε.
2658 5836 2719 5887 ιι.
2776 5815 2867 5870 2t.
2970 5820 3016 5851 ιι
3054 5820 3184 5876 ibid.
3213 5804 3347 5873 τε.
3403 5820 3449 5850 ιι
3486 5818 3634 5873 Prov.
3665 5825 3761 5874 vtu,
3783 5804 3846 5857 ιδ.
