4046 6414
295 419 412 484 653

295 629 370 682 δι’
400 625 468 702 ἦς
492 631 624 701 ήμῖν
656 630 946 700 ἑπέφανεν,
970 627 1010 685 ό
1029 632 1170 686 κατὰ
1201 633 1396 702 γενεὰν
1428 633 1798 703 ὀπτανόμενος
1829 634 1885 688 ἕν

294 724 362 775 τε
387 724 634 793 Πατράσι
661 723 756 776 καὶ
786 725 1120 795 προφήταις,
1150 727 1245 780 καὶ
1274 728 1410 779 πᾶσι
1439 729 1548 789 coit,
1580 726 1723 780 κατά
1754 727 1887 798 πρό-

298 813 461 867 θεσιν
503 815 723 886 κλητοῖς
753 814 905 874 οὖσι.
938 819 1136 888 Χαῖρε,
1168 818 1234 871 δι’
1261 813 1330 890 ἧς
1371 820 1503 890 ήμῖν
1533 819 1825 889 ὲπέφανεν,
1856 821 1885 873 6

294 905 392 958 διὰ
443 907 728 977 σπλάγχνα
771 906 950 972 ἐλέους
1001 909 1088 963 διὰ
1132 909 1223 963 τὸν
1267 910 1555 982 ἄνθρωπον
1597 911 1886 982 ἅνθρωπος

296 997 614 1066 γενόμενος.
646 1000 837 1068 Χαῖρε,
869 999 938 1052 δι’
974 995 1044 1070 ἧς
1081 1000 1212 1071 ήμῖν
1246 1001 1537 1069 ὲπέφανεν,
1571 1003 1599 1054 6
1636 1003 1796 1071 μόνος
1826 1003 1884 1054 ὲν

296 1088 482 1154 ἁγίοις
537 1089 718 1157 ἅγιος,
770 1090 864 1142 καὶ
903 1088 1065 1158 μόνος
1102 1091 1158 1144 ἐν
1192 1090 1602 1161 δεδοξασμένοις
1636 1090 1880 1156 ἔνδοξος,

297 1180 400 1231 καὶ
433 1180 591 1251 μόνος
622 1180 849 1250 ὕψιστος
877 1183 971 1235 ἐπὶ
1003 1183 1183 1235 πᾶσαν
1207 1181 1307 1252 τὴν
1341 1183 1461 1253 γῆν.
1492 1184 1689 1254 Χαῖρε,
1721 1183 1788 1236 δι’
1813 1179 1882 1256 ἧς

296 1273 435 1340 ήμίν
461 1273 752 1342 ὲπέφανεν,
775 1276 802 1328 6
827 1275 988 1345 μόνος
1007 1274 1243 1344 ἀπαθὴς,
1270 1275 1362 1328 καὶ
1385 1275 1542 1346 μόνος
1565 1293 1627 1328 συ
1637 1276 1879 1347 μπαθὴς,

295 1363 398 1416 καὶ
437 1365 594 1435 μόνος
639 1366 895 1436 ἀψευδὴς,
941 1367 1036 1419 καὶ
1083 1367 1241 1436 μόνος
1281 1368 1344 1421 ὲκ
1382 1367 1542 1437 μόνου
1587 1367 1882 1438 μονογενὴς

294 1451 438 1504 Θεοῦ
475 1453 602 1517 Υἱὸς
633 1457 726 1508 καὶ
762 1455 914 1518 Θεός.
950 1455 1198 1527 Χαίροις,
1231 1451 1275 1510 ὦ
1309 1457 1488 1528 Κυρία
1525 1456 1775 1522 Θεοτόκε,
1810 1457 1879 1510 δι’

292 1541 370 1615 ἧς
403 1548 533 1616 ἡμῖν
561 1550 818 1615 γεννᾶται
851 1550 879 1601 6
911 1547 1340 1617 αῦτογενέϐλιος,
1373 1551 1466 1602 καὶ
1497 1549 1690 1620 φύεται
1721 1552 1749 1603 6
1780 1551 1882 1604 αὑ-

293 1639 528 1709 τοφυὴς,
583 1641 676 1694 καὶ
724 1640 995 1705 αὕξεταιό
1033 1641 1256 1706 τέλειος.
1301 1642 1551 1714 Χαίροις,
1607 1636 1652 1696 ὧ
1700 1642 1881 1714 Κυρία

293 1731 555 1796 Θεοτόκε,
589 1733 659 1785 δι’
692 1729 760 1806 ἧς
801 1736 933 1804 ἡμῖν
979 1734 1329 1804 σωματοῦται
1357 1735 1386 1786 6
1426 1733 1754 1804 ἀσώματος,
1787 1736 1882 1789 καὶ

293 1821 528 1893 ἄρχεται
562 1824 590 1876 6
619 1824 856 1895 ἄναρχος
875 1866 890 1890 ,
919 1825 1016 1877 κει.)⁵
1051 1826 1310 1895 χωρεῖται
1343 1827 1371 1878 6
1401 1824 1706 1896 ἁχώρητος.
1745 1825 1880 1878 Χαί-

1168 424 1497 487 HOMILIA
1537 427 1614 487 ΙΝ
1660 430 2126 490 ΑΝΝυΝἹῚΑΤ.
2168 434 2232 492 Β.
2272 434 2337 494 ν.
2375 435 2659 500 MARIIE.

298 537 401 590 καὶ
437 537 792 606 Φαραωνίτην
838 535 1352 610 θαλασσοκτονήσας
1401 541 1634 594 ἄνακτα.
1675 541 1877 611 Χαῖρε,

1992 552 2102 597 ιιιιε
2137 545 2263 598 οῐίιη
2305 544 2576 613 liberavit,
2607 561 2664 604 et
2695 545 3034 609 Pharaonem
3075 569 3253 625 regem
3292 555 3564 609 interfecit
3670 547 3677 556 ”’

3465 436 3566 498 654

1988 633 2040 686 in
2073 635 2228 688 mari.
2259 637 2391 704 Ave,
2422 653 2520 708 per
2545 655 2705 709 quam
2739 643 2893 698 nobis
2928 643 3182 706 innotuit,
3210 647 3300 714 qui
3335 661 3428 714 per
3453 645 3566 699 sin-

1985 726 2137 794 gulas
2175 735 2361 782 aetates
2395 731 2744 800 conspicuum
2788 748 2909 788 sese
2948 735 3176 803 praebuit
3217 735 3468 790 Patrihns
3504 743 3562 788 et

1984 819 2290 888 prephetis,
2327 829 2381 875 et
2415 825 2666 879 omnibus
2703 825 2808 879 illis
2843 828 2932 896 qui
2972 829 3270 882 secundum
3309 828 3563 896 proposi-

1987 920 2097 965 tum
2130 915 2304 967 vocali
2338 923 2464 968 sunt
2495 918 2692 972 sancti.
2723 919 2856 983 Ave,
2890 935 2986 987 per
3015 937 3173 988 quant
3210 921 3365 975 nobis
3401 923 3563 975 inno-

1987 1007 2123 1071 tuit,
2164 1007 2254 1076 qui
2303 1023 2400 1076 per
2441 1009 2646 1063 viscera
2695 1012 3079 1068 misericordiae
3125 1015 3356 1069 hominis
3401 1029 3564 1068 causa

1984 1096 2157 1153 factus
2185 1109 2270 1154 est
2299 1099 2480 1155 homo.
2505 1099 2639 1170 Ave,
2669 1118 2765 1172 per
2791 1119 2949 1172 quam
2981 1105 3138 1160 nobis
3169 1106 3431 1166 innOtnit,
3469 1104 3562 1174 qui

1983 1189 2129 1244 solus
2162 1189 2303 1244 inter
2331 1200 2546 1246 sanctos
2581 1203 2802 1248 sanctus
2836 1205 2951 1260 est,
2985 1196 3238 1264 solusque
3271 1197 3411 1250 inter
3445 1197 3560 1266 glo-

1983 1280 2156 1336 riosos
2190 1281 2491 1352 gloriosus,
2528 1297 2591 1338 ac
2624 1285 2770 1340 solus
2803 1286 3103 1342 altissimus
3137 1300 3302 1356 super
3334 1302 3552 1341 omnem

1985 1381 2202 1427 terram.
2239 1377 2370 1439 Ave,
2411 1389 2507 1443 per
2537 1391 2700 1445 quam
2740 1378 2895 1432 nobis
2939 1378 3173 1432 innotuit
3210 1379 3301 1448 qui
3339 1377 3490 1433 solus
3529 1394 3560 1430 ιι

1983 1467 2419 1534 perpessionibus
2466 1468 2723 1523 immunis
2771 1479 2882 1536 est,
2924 1470 3182 1540 solusque
3231 1470 3552 1541 patientium

1981 1557 2183 1620 socius,
2212 1557 2358 1611 solus
2386 1558 2608 1613 minime
2637 1562 2889 1626 mendax,
2916 1562 3063 1618 solus
3085 1563 3321 1631 denique
3347 1576 3412 1616 ex
3440 1561 3555 1615 solo

1982 1645 2292 1710 unigenitus
2326 1645 2416 1701 Dei
2451 1644 2620 1701 Filius
2653 1663 2717 1702 ac
2757 1649 2913 1704 Dens.
2954 1651 3219 1712 Salvesis,
3256 1666 3288 1705 0
3327 1649 3554 1704 Domina

1983 1735 2076 1790 Dei
2109 1735 2380 1802 Genitrix,
2419 1753 2516 1807 per
2551 1755 2711 1808 quam
2755 1742 2908 1794 nobis
2952 1741 3041 1795 ille
3081 1751 3370 1809 generatur
3404 1741 3556 1810 cuius

1983 1829 2197 1898 prOpria
2229 1830 2509 1899 generatio
2535 1840 2638 1894 est,
2673 1832 2935 1898 nascitur,
2970 1831 3124 1900 cujus
3155 1832 3369 1900 propria
3405 1831 3550 1884 nati-

295 1930 440 1982 ροις,
478 1912 522 1966 ὦ
551 1914 732 1986 Κυρία
761 1915 1016 1983 Θεοτόκε,
1059 1915 1127 1968 δι’
1171 1912 1241 1987 ἦς
1278 1915 1508 1980 ζωοῦται
1537 1918 1564 1969 6
1592 1914 1877 1981 αὑτόζωος,

1989 1920 2125 1973 vitas
2155 1930 2266 1985 est,
2301 1929 2354 1974 et
2387 1919 2655 1990 perfectus
2690 1933 2936 1992 augetur.
2969 1921 3234 1986 Salvesis,
3269 1938 3300 1975 ο
3329 1922 3555 1976 Domina

293 2009 396 2060 καὶ
427 2009 690 2063 ποσοῦται
721 2011 750 2063 6
790 2011 1014 2075 ἄποσος,
1065 2011 1158 2064 καὶ
1200 2011 1502 2082 σαρκοῦται
1545 2014 1574 2064 ό
1615 2012 1875 2082 ἄσαρκος.

292 2101 552 2171 Χαίροις,
569 2095 612 2154 ὦ
643 2103 823 2173 Κυρία
847 2103 1100 2170 Θεοτόκε,
1115 2099 1267 2177 δι’ἦς
1289 2106 1316 2156 6
1335 2105 1589 2166 ἄκτιστος
1610 2105 1876 2169 κτίζεται,

285 2192 394 2243 καὶ
435 2191 706 2262 πτωχεόει
754 2193 783 2245 6
825 2192 1104 2258 πλούσιος,
1143 2194 1237 2246 καὶ
1265 2192 1521 2264 νηπιάζει
1561 2194 1590 2246 6
1631 2191 1874 2261 ὕψιστος.

291 2283 545 2353 Χαίροις,
579 2277 624 2336 ὦ
652 2282 833 2354 κυρία
859 2283 1110 2350 Θεοτόκε,
1143 2282 1209 2336 δι’
1231 2276 1298 2355 ἦς
1323 2283 1635 2354 ψηλαφᾶται
1674 2284 1703 2335 6
1739 2283 1880 2354 ἅψη-

291 2375 556 2445 λάφητος,
592 2376 688 2429 καὶ
714 2379 996 2448 κρατεῖται
1023 2378 1052 2430 6
1081 2375 1380 2445 ἀνέπαφος,
1417 2376 1512 2428 κα)⁵
1549 2374 1877 2446 βαστάζεται

290 2469 320 2520 6
354 2466 641 2537 βαστάζων
661 2469 731 2520 τὰ
756 2468 953 2522 πάντα.
981 2468 1226 2538 Χαίροις,
1257 2462 1302 2521 ὧ
1323 2467 1504 2539 Κυρία
1525 2467 1779 2532 Θεοτόκε,
1809 2466 1878 2520 δι’

287 2555 363 2630 ἧς
419 2561 946 2632 γαλακτοτροφεῖται
997 2563 1028 2615 6
1071 2561 1165 2615 τοῦ
1216 2562 1418 2624 παντὸς
1455 2558 1742 2632 κηδεμὼν,
1782 2561 1878 2614 καὶ

290 2653 556 2723 τροφεὺς,
587 2655 681 2706 καὶ
705 2653 971 2725 πρύτανις
1005 2654 1156 2717 Θεός.
1185 2653 1432 2726 Χαίροις,
1463 2647 1507 2707 ὦ
1536 2654 1717 2725 Κυρία
1743 2654 1870 2707 Θεο-

289 2745 443 2812 τόκε,
485 2747 550 2800 δι’
588 2741 656 2818 ἧς
700 2749 728 2801 6
759 2748 887 2810 Υἱὸς
936 2747 1032 2800 τοῦ
1077 2747 1213 2800 Θεοῦ
1245 2749 1339 2801 καὶ
1375 2748 1583 2816 Λόγος,
1616 2747 1746 2810 Υἱὸς
1779 2748 1877 2799 ἀν-

291 2837 520 2908 θρώπου
557 2839 886 2910 σωματικῶς
910 2839 1032 2893 κατ’
1060 2839 1311 2893 εὐδοκίαν
1341 2839 1620 2910 ἄφραστον
1642 2839 1873 2909 πέφηνε.

289 2930 541 3002 Χαίροις,
569 2925 613 2984 ὦ
637 2933 814 3001 Κυρία
844 2932 1095 2995 Θεοτόκε,
1123 2932 1188 2984 δι’
1233 2926 1300 3003 ἦς
1327 2933 1355 2984 6
1378 2931 1612 3002 ἀμήτωρ
1644 2929 1875 3001 ἀπάτωρ

288 3023 524 3090 γίνεται,
570 3024 665 3077 καὶ
700 3026 729 3077 6
765 3025 882 3088 νέος
912 3024 1298 3092 ὲπισυνάγεται
1331 3022 1686 3092 Μελχισεδέκ.
1737 3021 1873 3074 Χαί-

289 3131 431 3183 ροις,
465 3109 510 3168 ὧ
539 3115 718 3187 Κυρία
743 3116 999 3181 Θεοτόκε,
1027 3116 1095 3170 δι’
1115 3112 1182 3190 ἦς
1216 3116 1431 3187 διῆλθεν
1456 3115 1484 3167 6
1513 3114 1717 3186 ὡραῖος
1742 3114 1873 3168 κάλ·

285 3200 373 3253 λει
399 3201 546 3272 παρά
572 3204 698 3266 τοὺς
727 3204 874 3268 υἱοὺς
897 3203 1004 3258 τῶν
1030 3205 1352 3276 ἀνθρώπων.

1984 2009 2078 2064 Dei
2109 2010 2382 2074 Genitrix,
2415 2026 2512 2081 per
2541 2027 2702 2081 quam
2739 2014 3096 2083 incorporalis
3125 2025 3465 2084 corporatur,
3500 2024 3557 2067 et

1983 2102 2194 2156 initium
2226 2103 2387 2159 habet
2414 2105 2504 2172 qui
2539 2104 2658 2158 sine
2688 2104 2843 2158 initio
2874 2114 2987 2169 est,
3019 2115 3073 2160 et
3102 2090 3433 2164 continetur.
3461 2104 3554 2173 qui

1981 2195 2244 2250 contineri
2277 2197 2482 2266 nequit.
2517 2194 2789 2263 Salvesis,
2820 2214 2852 2253 0
2887 2197 3111 2252 Domina
3148 2197 3238 2252 Dei
3271 2195 3552 2257 Genitrix,

1979 2305 2075 2360 per
2102 2304 2259 2359 quam
2288 2291 2397 2344 vita
2429 2291 2681 2356 donatur,
2711 2292 2800 2360 qui
2835 2293 2947 2360 ipsa
2975 2292 3082 2345 vita
3109 2301 3221 2358 est;
3249 2291 3556 2361 quantitate

1979 2381 2203 2444 crescit,
2234 2382 2324 2450 qui
2355 2382 2662 2451 quantitate
2692 2393 2872 2448 caret;
2899 2383 3068 2453 838
3095 2382 3431 2445 incarnatnr,
3461 2383 3552 2451 qui

1931 2531 1937 2538 _
1979 2473 2100 2527 sine
2139 2488 2302 2528 carne
2341 2483 2445 2528 est.
2488 2472 2747 2539 Salvesis,
2783 2489 2816 2527 ο
2862 2475 3091 2529 Domina
3139 2475 3233 2528 Dei
3280 2473 3553 2536 Genitrix,

1978 2579 2076 2633 per
2101 2579 2261 2634 quam
2292 2575 2532 2630 creatur,
2565 2566 2655 2635 qui
2688 2576 2905 2621 creatus
2937 2581 3041 2621 non
3074 2574 3194 2628 est,
3228 2579 3428 2636 egenus
3459 2564 3551 2627 ﬁt.
3638 2620 3640 2626 ,

1976 2657 2065 2726 qui
2085 2656 2322 2725 locuples
2351 2665 2456 2722 est,
2486 2666 2540 2712 et
2569 2657 2866 2713 altissimus
2901 2673 3034 2728 puer
3059 2657 3138 2712 ﬁt.
3171 2657 3430 2720 Salvesis,
3452 2657 3554 2711 Do-

1978 2747 2120 2800 mina
2151 2745 2244 2802 Dei
2275 2747 2556 2812 Genitrix,
2590 2763 2687 2817 per
2713 2764 2873 2817 quam
2906 2757 3174 2803 tractatur
3203 2749 3293 2818 qui
3328 2748 3551 2802 tractari

1977 2839 2190 2908 nequit;
2221 2839 2603 2907 prehenditur,
2629 2841 2719 2908 qui
2755 2841 2899 2910 tangi
2936 2856 3040 2894 non
3074 2848 3282 2910 potest;
3311 2847 3554 2909 gestatur

1975 2930 2064 2999 qui
2095 2938 2285 2984 cuncta
2316 2940 2509 3000 gestat.
2541 2931 2796 2996 Salvesis,
2826 2947 2858 2985 ο
2891 2931 3117 2986 Domina
3149 2932 3244 2986 Dei
3273 2931 3550 2994 Genitrix,

1975 3033 2069 3087 per
2090 3034 2252 3089 quam
2279 3020 2417 3074 lacte
2443 3021 2705 3087 nutritur,
2731 3022 2820 3090 qui
2849 3021 3101 3076 universa
3128 3030 3406 3091 procurat,
3431 3019 3551 3082 alit.

1973 3119 2026 3166 et
2060 3111 2406 3167 administrat
2439 3112 2600 3168 Deus.
2633 3114 2886 3179 Salvesis,
2917 3130 2950 3169 ο
2984 3115 3212 3169 Domina
3254 3113 3347 3167 Dei
3384 3112 3552 3167 Geni-

1975 3205 2079 3258 trix
2099 3245 2114 3268 ,
2143 3219 2240 3273 per
2264 3219 2426 3274 quam
2458 3205 2552 3259 Dei
2580 3205 2748 3260 Filius
2772 3215 2826 3261 et
2848 3205 3082 3262 Verbum
3099 3247 3114 3271 ,
3147 3205 3289 3260 ﬁlius
3316 3204 3551 3260 hominis

286 3293 655 3362 inexplicabili
692 3297 843 3351 bona:
871 3297 1160 3352 voluntatis
1191 3298 1552 3368 propensione
1587 3298 1852 3368 apparuit.
1895 3296 2153 3363 Salvesis,
2181 3313 2216 3352 ο
2282 3297 2509 3352 Domina
2541 3297 2640 3352 Dei
2703 3297 2972 3362 Genitrix,
2999 3314 3096 3368 per
3119 3313 3282 3368 quam
3311 3298 3404 3367 qui
3435 3297 3549 3352 sine

287 3399 470 3445 matre
509 3401 612 3457 est,
646 3391 764 3447 sine
805 3402 957 3462 patre
1001 3392 1240 3455 exsistit,
1281 3403 1336 3448 et
1379 3408 1550 3449 novus
1596 3393 1862 3449 conﬂatur
1899 3392 2294 3449 Melchisedech
2318 3391 2384 3447 ³³.
2423 3391 2694 3460 Salvesis,
2728 3409 2762 3450 ο
2835 3392 3061 3448 Domina
3131 3392 3229 3448 Dei
3263 3391 3548 3457 Genitrix,

284 3495 391 3552 per
433 3498 591 3551 quam
643 3485 858 3539 transiit
901 3486 1183 3554 speciosus
1233 3485 1404 3540 forma
1450 3501 1560 3555 pra:
1603 3485 1727 3540 ﬁliis
1773 3487 2050 3541 hominum
2077 3487 2141 3538 ³³.

357 3572 607 3643 Χαίροις,
651 3575 784 3646 μόνη
818 3576 1019 3648 Μήτηρ
1047 3576 1208 3642 Θεοῦ,
1237 3578 1270 3647 ἡ
1314 3578 1411 3631 ἀπ’
1441 3577 1625 3649 ἄκρων
1652 3577 1747 3630 τοῦ
1782 3578 1871 3630 οὐ·

2047 3576 2304 3642 Salvesis,
2333 3580 2445 3635 sola
2476 3581 2649 3636 Mater
2678 3582 2796 3646 Dei,
2823 3597 2943 3652 quae
2972 3598 3001 3638 a
3035 3598 3252 3639 summo
3280 3583 3423 3640 ctelo
3454 3598 3546 3638 us-

287 3663 458 3734 ρανοῦ
485 3665 591 3730 ἓως
613 3666 798 3739 ἄκρων
827 3667 1016 3733 αὑτοῦ,
1049 3669 1331 3740 μητρικῶς
1349 3686 1412 3723 τε
1441 3670 1538 3723 καὶ
1564 3669 1869 3732 Δαυῖτικῶς

285 3757 351 3808 τὸ
378 3757 704 3828 κατάντημα
730 3759 827 3830 τῆς
851 3761 1185 3830 προστασίας
1205 3760 1422 3831 ἔχουσα.
1452 3761 1698 3833 Χαίροις,
1731 3762 1866 3832 μόνη

286 3847 491 3919 Μήτηρ
531 3849 690 3915 Θεοῦ,
725 3851 760 3920 ή
798 3850 908 3904 τῶν
938 3852 1278 3922 ἐπουρανίων
1317 3853 1412 3906 καὶ
1465 3853 1724 3920 ἐπιγείων
1777 3853 1870 3906 καὶ

284 3944 663 4011 καταχθονίων
699 3943 1121 4016 μεγαλοπρεπής
1148 3963 1207 3999 τε
1248 3946 1342 3998 καὶ
1370 3946 1754 4016 μεγαλόφωτος
1783 3945 1871 3999 εῦ-

285 4033 470 4086 κλεια.
502 4033 750 4104 Χαίροις,
784 4033 919 4103 μόνη
953 4029 1155 4105 Μήτηρ
1183 4034 1338 4101 Θεοῦ,
1366 4037 1400 4105 ή
1445 4036 1626 4107 πάσης
1653 4037 1870 4100 ἀκτῖνος

287 4125 688 4196 φωτεινοτέρα,
724 4126 819 4178 καὶ
857 4125 1038 4196 πάσης
1077 4124 1452 4197 καθαρότητος
1484 4127 1867 4198 καθαρωτέρα.

283 4216 556 4286 Χαίροις,
596 4216 734 4288 μόνη
775 4217 977 4288 Μήτηρ
1015 4216 1173 4282 Θεοῦ,
1222 4219 1256 4288 ἡ
1287 4217 1492 4282 παντὸς
1528 4217 1872 4289 σεϐάσματος

285 4307 734 4381 σεϐασμιωτέρα,
766 4309 859 4362 καὶ
884 4310 1084 4374 παντὸς
1104 4310 1452 4381 ἀκούσματος
1474 4311 1873 4382 ὑπερκείμενον

285 4401 570 4472 ἄκουσμα.
610 4401 874 4474 Χαίροις,
929 4401 1065 4473 μόνη
1128 4403 1310 4474 μήτηρ
1357 4402 1534 4468 Θεοῦ,
1586 4407 1620 4476 ἠ
1672 4404 1872 4469 παντὸς

284 4491 680 4561 γλυκάσματος
719 4492 1062 4563 γλυκυτέρα,
1113 4494 1207 4547 καὶ
1243 4495 1442 4557 παντὸς
1485 4494 1741 4564 εὐγενοῦς
1776 4496 1870 4548 εῦ-

281 4582 612 4655 γενεστέρα,
635 4584 728 4636 καὶ
750 4584 952 4648 παντὸς
973 4583 1202 4638 πλούτου
1228 4586 1442 4656 ῥέοντος
1468 4585 1870 4653 πλουσιωτέρα.
1900 4611 1904 4615 ·

277 4673 540 4744 Χαίροις,
575 4675 710 4746 μόνη
742 4675 943 4746 Μήτηρ
972 4675 1130 4741 Θεοῦ,
1160 4677 1222 4729 τὸ
1258 4677 1417 4746 μόνον
1441 4677 1614 4741 ὅντως
1655 4677 1872 4754 άληθῶς

284 4765 692 4836 Χριστιανικῆς
722 4766 953 4829 κτίσεως
978 4766 1345 4836 παγκάλλινον
1375 4769 1472 4823 καὶ
1498 4769 1872 4839 πασιπόθητον

286 4858 492 4926 ὄνομα.
535 4856 780 4927 Χαίροις,
830 4857 964 4928 μόνη
996 4859 1198 4930 Μήτηρ
1225 4858 1394 4924 Θεοῦ,
1441 4862 1476 4932 ή
1521 4859 1871 4932 προσκυνητὴ

285 4951 372 5012 είς
402 4950 529 5012 τοὺς
558 4948 786 5014 αίῶνας,
819 4949 914 5003 καὶ
945 4949 1174 5020 δοξαστὴ
1215 4953 1295 5015 είς
1332 4954 1457 5016 τοὺς
1503 4953 1870 5017 αἰῶνας,·καὶ

283 5042 552 5110 ἐπαινετὴ
588 5041 668 5103 είς
699 5039 1038 5110 ἀπεράντους
1064 5040 1285 5106 αίῶνας.
1318 5043 1564 5113 Χαίροις,
1595 5043 1731 5114 μόνη
1753 5044 1874 5113 Μή·

281 5145 397 5200 τηρ
419 5127 580 5194 Θεοῦ,
623 5130 657 5200 ή
682 5130 762 5192 είς
787 5131 967 5194 πάσας
1001 5132 1192 5198 γενεὰς
1223 5131 1426 5200 γενεῶν
1477 5133 1582 5186 ὑπὸ
1625 5133 1874 5202 ἀγγέλων

249 5280 254 5296 ι
280 5238 346 5273 τε
383 5220 480 5273 καὶ
508 5219 811 5291 ἀνθρώπων
838 5220 1136 5292 ὁμοφώνως
1165 5223 1223 5275 ἐν
1250 5223 1402 5294 φόϐῳ
1436 5223 1870 5296 μεγαλυνομὲνη.

243 5291 254 5322 ³
359 5310 614 5381 Χαίροις,
649 5299 785 5384 μόνή
820 5291 882 5366 ἂν
921 5291 1271 5382 βασιλίσσαις
1302 5291 1616 5385 βασιλίσήσα,
1651 5319 1684 5387 ή
1715 5291 1872 5386 βασι-

282 5401 430 5457 λέων
459 5403 560 5474 μὲν
583 5401 854 5474 θυγάτηρ,
880 5402 1273 5474 παμϐασιλέως
1295 5405 1352 5458 δὲ
1376 5406 1615 5478 Χριστοῦ
1645 5409 1866 5479 Μήτηρ,

236 5489 243 5512 ⁵
286 5492 597 5564 φιλοσεσῶν
629 5493 688 5546 δὲ
734 5492 1000 5565 βασιλέων
1047 5495 1268 5564 κράτος·
1320 5498 1582 5567 Χαίροιςν
1622 5501 1760 5569 μόνη
1811 5501 1870 5552 ἐν

289 5585 639 5655 βασιλίσσαις
673 5585 982 5657 βασίλισσα,
1011 5586 1068 5639 ὲν
1098 5588 1376 5660 ἱματισμῷ
1408 5590 1686 5662 διαχρύσῳ
1715 5609 1871 5662 περι-

287 5678 628 5752 ϐεϐλημένη,
656 5677 1075 5749 πεποικιλμένη,
1108 5679 1288 5745 καθὼς
1315 5681 1345 5733 6
1373 5683 1546 5752 μέγας
1579 5684 1871 5756 ψαλμῳδδς

1971 3683 2074 3738 que
2111 3672 2177 3726 ad
2200 3687 2468 3727 summum
2511 3673 2713 3740 ejus“,
2752 3683 3008 3744 tanquam
3043 3675 3309 3742 Genitrix,
3356 3692 3540 3744 quem-

1971 3761 2258 3816 admodum
2295 3772 2350 3818 et
2395 3765 2562 3818 David
2593 3765 2855 3835 loquitur,
2880 3782 3166 3822 occursum
3199 3767 3548 3838 protectionis

1969 3859 2024 3907 et
2045 3854 2230 3908 auxilii
2257 3855 2443 3909 habes.
2469 3855 2708 3912 Salvesis
2731 3858 2844 3911 sola
2873 3859 2962 3911 Dei
2989 3857 3185 3922 Mater,
3210 3858 3549 3921 caelestium,

1970 3953 2025 3998 et
2053 3944 2424 4012 terrestrium,
2457 3955 2511 3999 et
2543 3946 2876 4000 infernorum
2909 3948 3252 4017 magniﬁcum
3287 3958 3449 4016 atque
3483 3947 3544 4000 il-

1972 4034 2352 4091 lusuissimum
2386 4037 2574 4092 decus.
2613 4037 2884 4103 Salvesis,
2923 4040 3034 4093 sola
3072 4039 3165 4093 Dei
3203 4038 3398 4103 Mater,
3431 4056 3549 4108 qua:
3637 4087 3640 4090 .

1973 4130 2126 4186 radio
2149 4131 2297 4185 omni
2326 4130 2557 4186 lucidior
2579 4145 2660 4195 es,
2684 4139 2739 4184 et
2764 4131 2909 4183 onmi
2937 4131 3170 4198 puritate
3194 4129 3402 4196 purior.
3427 4128 3547 4182 Sal-

1972 4223 2142 4284 vesis,
2171 4223 2289 4278 sola
2323 4222 2415 4276 Dei
2448 4221 2640 4288 Mater,
2671 4237 2790 4291 quae
2816 4222 2964 4276 omni
3000 4237 3058 4276 re
3082 4221 3448 4276 venerabilior
3469 4235 3548 4285 es,

1973 4317 2227 4385 omnique
2275 4315 2554 4370 auditione
2603 4315 2949 4383 praestantior
2996 4311 3224 4366 auditio.
3276 4309 3548 4376 Salvesis,

1973 4408 2086 4463 sola
2109 4407 2284 4462 Mater
2306 4407 2421 4470 Dei;
2445 4421 2564 4476 quae
2588 4407 2860 4460 suavitate
2884 4403 3031 4459 omni
3058 4404 3278 4458 suavior
3301 4417 3381 4464 es,
3405 4403 3549 4456 omni

1975 4515 2032 4554 re
2062 4501 2225 4555 nobili
2256 4499 2505 4562 nobilior,
2533 4507 2588 4552 et
2615 4498 2867 4553 omnibus
2894 4496 3099 4550 divitiis
3125 4495 3376 4549 alliuente
3406 4494 3548 4548 locu.

1974 4595 2190 4662 pletior.
2221 4592 2485 4656 Salvesis,
2512 4591 2623 4645 sola
2652 4589 2822 4643 Mater
2850 4589 2966 4654 Dei,
2992 4588 3166 4644 solum
3196 4587 3326 4642 illud
3355 4601 3550 4640 nomen

1975 4685 2298 4740 Christianae
2322 4693 2589 4739 creaturae
2616 4697 2741 4738 vere
2769 4696 2994 4751 prorsus
3019 4680 3394 4751 peregregium
3422 4695 3550 4732 cun-

1974 4777 2185 4844 ctisque
2234 4777 2655 4830 amatissimum.
2705 4773 2969 4839 Salvesis,
3000 4773 3091 4827 Dei
3123 4772 3318 4836 Mater,
3351 4787 3469 4840 quae
3500 4773 3551 4824 in

1975 4869 2173 4924 saecula
2206 4868 2480 4923 adoranda
2510 4883 2588 4932 es,
2624 4882 2744 4936 qua:
2774 4867 2829 4920 in
2862 4865 3056 4920 saecula
3089 4881 3149 4920 es
3182 4865 3548 4934 praedicanda,

1975 4957 2347 5029 laudandaque
2374 4958 2841 5028 perinterminata
2872 4957 3087 5012 saecula.
3119 4955 3389 5020 Salvesis,
3421 4959 3536 5010 sola

1973 5047 2067 5103 Dei
2110 5047 2304 5116 Mater,
2344 5064 2465 5119 quae
2505 5050 2558 5104 in
2600 5063 2789 5103 omnes
2829 5048 3206 5118 generationes
3243 5042 3548 5118 generatio-

1970 5156 2100 5196 num
2137 5141 2204 5196 ab
2241 5141 2448 5211 angelis
2484 5149 2541 5194 et
2579 5139 2892 5196 hominibus
2932 5154 3038 5193 una
3074 5153 3206 5194 voce
3243 5153 3366 5193 cum
3404 5153 3550 5195 reve-

1972 5233 2141 5288 rentia
2175 5233 2461 5304 magniﬁca
2471 5233 2565 5288 ris.

1972 5355 1974 5358 -
2041 5326 2303 5394 Salvesis,
2343 5326 2456 5381 sola
2501 5327 2645 5381 inter
2687 5326 2904 5397 reginas
2946 5324 3155 5396 regina.
3199 5338 3550 5394 quaeregnm

1973 5417 2190 5484 quidem
2225 5417 2331 5471 lilia
2362 5432 2443 5481 es,
2472 5418 2842 5471 universorum
2871 5425 3050 5471 autem
3082 5414 3246 5486 Regis
3268 5415 3458 5481 Mater,
3486 5431 3549 5472 ac

1978 5507 2352 5577 religiosorum
2382 5523 2564 5578 regum
2589 5519 2644 5564 et
2667 5509 3052 5579 imperatorum
3079 5509 3264 5565 robur.
3290 5509 3548 5576 Salvesis,

1977 5598 2089 5653 sola
2121 5599 2264 5655 inter
2292 5599 2505 5670 reginas
2536 5601 2755 5670 regina,
2787 5601 2986 5656 vestitu
3017 5601 3281 5657 deaurato
3311 5601 3549 5656 circum-

1966 5687 2130 5755 .data,
2169 5703 2234 5746 ac
2264 5689 2554 5760 varietate,
2591 5691 2756 5749 veluti
2791 5693 3122 5763 psalmorum
3155 5703 3347 5750 cantor
3381 5691 3550 5748 David

364 5837 414 5870 ⁸³
451 5836 612 5894 ilehr.
649 5855 742 5904 vn,
773 5838 826 5895 5.
904 5840 948 5875 ⁸⁹
985 5838 1126 5897 Psal.
1160 5851 1304 5906 xmv,
1327 5819 1389 5895 ὅ.
1468 5841 1511 5873 ⁸ο
1553 5841 1693 5897 Ρειιι.
1727 5857 1881 5912 xvttt,
1913 5843 1968 5900 7.
