4046 6412
315 490 422 555 ὃῖιἾ

1192 493 1519 557 HOMILIA
1553 497 1635 558 IN
1672 498 2137 566 ANNUNTIAT.
2177 506 2244 567 B.
2282 507 2352 569 ν.
2394 460 2682 569 ΜΑΒΙΑΞ.

3459 506 3565 571 658

322 600 649 672 μετέχομεν.
674 602 867 675 Χαῖρε;
900 602 971 657 δι’
996 598 1065 675 ἧς
1093 606 1253 675 ἡμεῖς
1278 606 1534 677 ἀληθινοῦ
1564 609 1658 662 καὶ
1684 608 1888 664 ἀθανά-

1996 629 2155 683 quam
2186 632 2287 673 nos
2318 632 2505 673 verum
2535 628 2595 690 et
2649 616 3012 674 immortalem
3043 630 3237 687 panem
3267 623 3563 688 gustamus.

318 708 414 743 του
440 692 607 762 άρτου
635 692 930 764 γενόμεθα.
959 694 1149 765 Χαῖρε,
1180 694 1245 747 δι’
1271 690 1338 766 ἦς
1364 697 1527 766 ἡμεῖς
1563 698 1628 751 ὲκ
1659 698 1770 754 τῶν
1798 699 1892 753 τοῦ

318 782 448 852 ᾅδου
479 782 666 837 πυλῶν
694 786 774 847 είς
800 784 1066 855 οὐρανοὺς
1098 786 1559 857 ἁνεϐιϐἀσθημεν.
1592 790 1789 859 Χαῖρε,
1821 790 1892 844 δι’

317 867 387 943 ἧς
418 874 579 943 ἡμεῖς
621 874 1008 946 ἑλυτρώθημεν
1040 878 1201 944 ἀρᾶς,
1231 876 1596 948 ἀνεκλαλήτου
1633 879 1691 933 δὲ
1717 882 1893 953 χαρᾶς

321 964 658 1037 ἠξιώθημεν.
702 968 897 1037 Χαῖρε,
938 968 1006 1021 δι’
1044 964 1112 1040 ἧς
1151 971 1315 1040 ἡμεῖς
1337 969 1437 1033 τὰς
1459 972 1894 1043 χριστομόρφους

325 1057 422 1111 καὶ
468 1060 1050 1132 σεπτοπροσκυνὴτους
1094 1060 1513 1132 προσκυνοῦμεν
1573 1064 1893 1134 εἰκονογρα-

321 1149 475 1218 φίας.
498 1151 692 1222 Χαῖρε,
730 1151 799 1205 δι’
829 1147 900 1226 ἧς
930 1154 1091 1224 ἡμεῖς
1125 1152 1196 1206 τὰ
1225 1153 1336 1207 τῶν
1378 1152 1648 1225 Ἐλλήνων
1695 1154 1894 1225 χρυσό-

317 1242 527 1295 τευκτά
565 1258 627 1295 τε
656 1242 753 1295 καὶ
791 1242 1225 1317 δαιμονιόμορφα
1262 1245 1661 1316 συμπατοῦμεν
1702 1246 1888 1312 ξόανα.

316 1334 511 1403 Χαῖρε,
544 1333 616 1388 δι’
638 1329 708 1407 ἦς
734 1337 899 1407 ἡμεῖς
937 1336 1031 1391 τὸν
1070 1337 1297 1410 ἀρχαῖόν
1324 1355 1385 1392 τε
1422 1338 1517 1392 καλ⁸
1549 1338 1890 1409 μεγάλαυχον

316 1425 595 1497 ἀντάρτην
624 1427 1123 1500 ἀντιπραττόμεθα.

388 1606 582 1677 Χαῖρε,
606 1606 675 1659 δι’
702 1600 771 1680 ἧς
814 1608 1232 1679 είρηνοποιεῖται
1261 1611 1294 1681 ἡ
1326 1609 1436 1664 τῶν
1472 1609 1760 1681 Ῥωμαίων
1787 1610 1887 1681 βα-

319 1696 515 1750 σιλεία.
549 1699 740 1770 Χαῖρε,
768 1699 837 1754 δι’
856 1695 924 1771 ἦς
951 1700 1230 1771 βασιλεῦσι
1250 1703 1312 1755 τὸ
1336 1702 1637 1772 βασιλεύειν
1666 1702 1889 1768 δίδοται,

316 1786 413 1838 καὶ
444 1790 771 1859 στρατηγοῖς
808 1789 869 1843 τὸ
917 1793 1243 1863 στρατηγεῖν
1273 1791 1660 1863 ἐγχειρίζεται.
1694 1792 1890 1862 Χαῖρε,

316 1877 387 1930 δι’
437 1873 504 1949 ἧς
548 1879 811 1944 πολλάκις
858 1880 1105 1936 ἐπινίκια
1152 1882 1212 1934 ὲν
1246 1881 1549 1951 παρατάξει
1587 1880 1892 1949 ἀλλογενῶν

316 1968 413 2022 καὶ
448 1947 839 2039 ἀλλογλώσσων
885 1971 1055 2025 ὲθνῶν
1108 1947 1433 2027 διανύονται.
1480 1974 1680 2042 Χαῖρε,
1714 1947 1782 2024 δι’
1823 1966 1891 2036 ἦς
1921 1947 1967 2007 Β

316 2061 635 2133 ἑτερόφυλοι
698 2062 887 2135 ῶσπερ
935 2062 1111 2133 φύλλα
1140 2065 1419 2129 πίπτουσι,
1452 2064 1546 2118 καὶ
1581 2064 1774 2134 ἄνομοι
1815 2062 1892 2125 ὡς

313 2154 487 2225 ἀνεμο
546 2155 772 2225 μηδενὸς
815 2155 1104 2220 διώκοντος
1146 2154 1455 2211 διώκονται.
1488 2158 1679 2226 Χαῖρε,
1727 2155 1795 2208 δι’
1823 2148 1892 2226 ἧς

310 2247 367 2299 οι
404 2246 705 2317 ὁπλομάχοι
732 2247 827 2301 καὶ
871 2245 1194 2317 θυρεοφόροι
1223 2246 1537 2317 θραύονται,
1563 2245 1891 2317 πλήττονται

311 2338 374 2392 δὲ
405 2338 511 2409 πρὸ
554 2338 872 2408 συμπλοκῆς
901 2338 1274 2410 σιδηροφόροι.
1323 2339 1518 2409 Χαῖρε,
1548 2336 1617 2391 δι’
1647 2332 1716 2409 ἧς
1742 2338 1893 2392 ἀντι·

311 2428 624 2493 τοξεύονται
670 2428 1110 2500 ἀμφοτεροδέξιοι
1183 2428 1416 2495 τοξόται,
1470 2427 1570 2482 καὶ
1632 2426 1892 2499 μωλωπί-

312 2521 500 2585 ζονται
531 2520 655 2592 ἔθνη
686 2520 754 2575 τά
791 2521 1059 2592 πολέμους
1087 2518 1330 2575 θέλοντα.
1364 2520 1557 2591 Χαῖρε,
1601 2517 1674 2571 δι’
1709 2511 1777 2590 ἦς
1806 2517 1889 2584 ξιο

314 2610 660 2678 φοκτονεῖται
700 2608 729 2661 ό
767 2606 1177 2679 βαρϐαρογενὴς
1229 2623 1291 2660 τε
1350 2606 1444 2660 καὶ
1492 2603 1891 2677 φιλομάκελλος

315 2698 465 2753 κύων
502 2698 745 2770 Ἰσμαὴλ.
768 2700 962 2770 Χαῖρε,
989 2698 1058 2752 δι’
1086 2692 1153 2768 ἧς
1174 2696 1595 2769 δραπετεύουσιν
1626 2696 1691 2750 ὲκ
1722 2695 1888 2766 μέσου

315 2790 427 2843 τῶν
465 2790 780 2863 ὁπλοφόρων
810 2790 992 2844 πιστοὶ
1021 2789 1131 2843 τῶν
1163 2790 1222 2843 εν
1251 2787 1598 2860 χειροπέδαις
1642 2786 1890 2857 σιδηραῖς

316 2882 567 2946 ἐλεεινῶς
595 2870 979 2953 κατεάομένων
1005 2879 1391 2953 αἰχμαλώτων.
1424 2881 1619 2953 Χαῖρε,
1654 2878 1723 2932 δι’
1760 2872 1829 2950 ἦς
1858 2877 1889 2930 ό

318 2968 541 3041 σύμπας
564 2968 770 3040 κόσμος
798 2969 1085 3035 σκέπεται,
1113 2969 1208 3022 καὶ
1237 2970 1315 3031 είς
1337 2968 1425 3022 ἀεὶ
1444 2967 1885 3038 διαφυλάττεται.

314 3065 513 3134 Χαῖρε,
539 3063 607 3117 δι’
630 3058 698 3135 ἦς
726 3064 863 3134 ἡμῖν
896 3063 1044 3117 ἅπαν
1064 3061 1363 3133 ὼμηρεύθη
1394 3061 1621 3131 ἀγαθὸν,
1642 3062 1701 3116 εν
1726 3079 1787 3117 τε
1811 3062 1889 3135 τῷ

314 3155 534 3227 οὐρανῷ
557 3156 650 3210 καὶ
674 3158 732 3209 ιν
758 3156 825 3227 τῇ
852 3156 945 3226 γῇ.
970 3155 1164 3226 Χαῖρε,
1187 3154 1254 3208 δι’
1281 3149 1351 3227 ἦς
1383 3156 1518 3226 ἡμῖν
1538 3154 1755 3226 εὐλογία
1776 3157 1889 3219 τοῖς

318 3248 530 3310 πῖστοις
556 3246 852 3316 ὲπὴγασεν,
880 3245 1180 3316 ἐπειδήπερ
1210 3244 1339 3309 λαός
1377 3262 1473 3300 σου
1501 3248 1686 3317 ἡμεῖς,
1714 3247 1763 3299 εί
1792 3245 1889 3299 καὶ

318 3344 529 3412 σειραῖς
574 3340 989 3412 ἁμαρτημάτων
1039 3340 1535 3413 συμπεπλέγμεθα.
1584 3342 1778 3413 Χαῖρε,
1819 3339 1887 3395 δι’

313 3428 384 3505 ἧς
426 3434 729 3503 εὐλογεῖται
777 3432 889 3488 τῶν
947 3435 1193 3489 ἀσθενῶν
1235 3434 1371 3507 ὁμοῦ
1418 3435 1665 3507 ἀρρένων
1692 3436 1727 3506 ἡ
1764 3450 1891 3506 χορ-

311 3524 492 3596 τώδης
516 3526 698 3593 οὐσία,
731 3526 869 3582 ἀλλά
901 3527 996 3581 καὶ
1020 3529 1053 3599 ἡ
1084 3527 1193 3581 τῶν
1212 3527 1584 3596 ἀσθενογενῶν
1610 3525 1888 3597 γυναικῶν

315 3617 642 3687 πάμπλανός
685 3634 747 3671 τε
793 3618 890 3671 καὶ
936 3618 1307 3683 πανσάλευτος
1362 3618 1545 3688 φύσις.
1588 3620 1780 3691 Χαῖρε,
1820 3617 1888 3672 δι’

309 3699 383 3777 ἧς
406 3707 457 3759 oi
484 3706 701 3770 ἀσεϐεῖς
728 3705 971 3771 εὐσεϐεῖς
997 3707 1280 3779 γενόμενοι
1311 3707 1552 3772 εὐσεϐῶς
1576 3705 1884 3775 εὐσεϐοῦσι,

312 3798 412 3851 καὶ
433 3796 801 3869 προσκυνοῦσι
823 3797 915 3851 τὸν
935 3797 1348 3870 πανσεϐἀσμιον
1370 3800 1529 3855 τόκον
1550 3817 1665 3862 σου,
1688 3801 1883 3872 Χαῖρε,

308 3889 380 3944 δι’
409 3882 477 3961 ἧς
505 3889 556 3942 οῖ
585 3888 901 3960 φιλόχρυσοι
934 3890 1271 3961 φιλόχριστοι
1298 3890 1560 3960 γίνονται,
1593 3891 1687 3945 καὶ⁸
1714 3891 1765 3945 oi
1792 3908 1882 3961 φι-

308 3981 576 4054 λάργυροι
614 3981 1007 4053 φιλάνθρωποι,
1052 3984 1147 4038 καὶ
1181 3984 1493 4054 φιλόπτοχοι
1517 3984 1568 4037 οῖ
1599 3982 1885 4052 φιλόπλου⁶

307 4083 416 4123 τοι.
458 4068 632 4138 Χαῖρε
675 4062 792 4129 οὖν,
850 4070 1032 4139 χαῖρε,
1076 4066 1521 4140 κεχαριτωμένη,
1572 4067 1656 4121 ὅτι
1704 4064 1887 4120 πολλοὶ

309 4157 527 4211 πολλῶν
571 4156 871 4229 χρημάτων
922 4158 1011 4213 διά
1054 4157 1115 4211 σε
1163 4158 1602 4228 κατεφρόνησαν,
1637 4157 1786 4221 ὅπως
1824 4174 1887 4211 σε

307 4251 412 4321 τὴν
463 4250 632 4323 μόνην
684 4250 898 4323 ἀγαθὴν
948 4249 1276 4321 κερδήσωσι.
1327 4251 1522 4321 Χαῖρε,
1577 4250 1659 4302 ὃτι
1703 4247 1887 4303 πολλοὶ

307 4340 572 4404 πολλάκις
616 4339 723 4393 τῶν
775 4337 1016 4394 εὐσεϐῶν
1063 4337 1331 4407 βασιλέων
1386 4337 1560 4408 πηλὸν
1610 4330 1886 4409 ἡγήσαντο

308 4432 402 4485 διά
444 4432 505 4485 σὲ
550 4432 642 4485 τὸν
669 4430 891 4502 χρυσὸν,
922 4429 1016 4484 καὶ
1055 4427 1247 4483 σποδὸν
1275 4429 1370 4483 τὸν
1402 4430 1664 4502 ἄργυρον.
1689 4431 1886 4500 Χαῖρε,

307 4524 393 4576 ὅτι
425 4520 608 4575 πολλοὶ
651 4519 761 4573 τῶν
810 4518 1169 4590 φιλοχρίστων
1218 4518 1502 4588 βασιλίδων
1535 4517 1887 4588 λιθολαμπεῖς

1914 3276 1957 3338 C

1993 706 2127 773 Ave,
2161 723 2258 777 per
2280 724 2441 777 quam
2471 724 2571 765 nos
2603 724 2635 766 e
2664 708 2847 779 januis
2876 708 3075 764 inferni
3105 710 3172 763 ad
3202 708 3371 763 caelos
3393 707 3568 763 evecti

1993 809 2202 853 sumus.
2223 798 2361 861 Ave,
2385 813 2485 869 per
2508 813 2667 867 quam
2700 812 2799 853 nos
2832 812 2861 851 a
2892 797 3272 855 maledictione
3301 797 3568 865 redempti

1993 900 2184 943 sumus
2215 896 2273 943 et
2305 889 2677 959 inexplicabili
2730 890 2917 944 laetitia
2948 890 3153 960 dignati
3188 903 3394 943 sumus.
3430 889 3565 954 Ave,

1993 991 2089 1047 per
2116 992 2276 1049 quam
2313 994 2413 1034 nos
2480 979 2781 1048 imaginum
2834 980 3080 1051 picturas
3111 993 3233 1048 quae
3281 977 3561 1033 Christum

1993 1077 2405 1137 repraesentant,
2436 1069 2785 1140 colenquue
2811 1070 2947 1125 adeo
2978 1084 3041 1124 ac
3076 1066 3398 1123 veneranda:
3416 1075 3565 1130 sunt,

1994 1159 2306 1216 adoramus.
2344 1162 2476 1229 Ave,
2537 1176 2634 1231 per
2690 1177 2851 1231 quam
2894 1176 2993 1216 nos
3027 1159 3309 1230 gentilium
3343 1173 3409 1214 ex
3436 1172 3568 1213 auro

1994 1253 2278 1317 fabricata,
2318 1254 2731 1325 dmmonumque
2776 1252 2968 1309 formis
3019 1253 3242 1325 praedita
3276 1250 3565 1308 simulacra

1993 1343 2396 1398 c0nculcamus.
2424 1344 2560 1409 Ave,
2588 1358 2685 1412 per
2712 1358 2875 1412 quam
2912 1358 3010 1399 nos
3042 1342 3225 1413 prisco
3255 1342 3565 1413 illi,super-‘

1992 1434 2171 1506 boque
2198 1435 2514 1492 adversario
2560 1435 2889 1491 resistimus.

2063 1608 2198 1672 Ave,
2223 1622 2319 1679 per
2344 1622 2504 1678 quam
2561 1608 2864 1666 Romanum
2918 1609 3203 1679 imperiunm
3242 1607 3555 1676 tranquilli-

1997 1705 2106 1752 tate
2150 1697 2375 1768 potitur.
2431 1697 2567 1765 Ave,
2621 1714 2716 1767 per
2748 1714 2912 1769 quam
2973 1700 3191 1769 regibus
3228 1708 3285 1753 ut
3337 1706 3563 1769 regnent

1995 1788 2177 1842 datum
2208 1798 2314 1853 est,
2344 1798 2399 1843 et
2424 1788 2759 1843 exercituum
2807 1792 2972 1845 duces
3005 1792 3255 1844 ducatum
3285 1791 3550 1845 obtinent.

1992 1878 2131 1945 Ave,
2159 1893 2255 1947 per
2292 1893 2453 1949 quam
2495 1880 2725 1935 victoria
2762 1880 2814 1935 in
2864 1882 2980 1937 acie
3011 1882 3277 1937 adversus
3307 1881 3564 1951 alienige—

1994 1985 2113 2036 nas,
2162 1978 2541 2041 extranemque
2580 1971 2777 2040 lingua:
2830 1973 3080 2028 nationes
3138 1972 3390 2027 refertur.
3426 1971 3563 2035 Ave,

1993 2077 2091 2133 per
2122 2079 2287 2133 quam
2326 2074 2529 2120 exterae
2587 2076 2778 2134 gentes
2828 2065 2995 2121 veluti
3057 2065 3183 2121 folia
3244 2066 3466 2131 cadunt,
3511 2075 3567 2119 et

1994 2154 2145 2226 impii
2174 2164 2429 2225 tanquam
2462 2156 2610 2211 venti
2641 2156 2859 2212 nemine
2897 2165 3255 2227 persequente
3282 2155 3564 2225 exagitan—

1994 2255 2104 2303 tur.
2145 2245 2281 2311 Ave,
2310 2261 2407 2317 per
2431 2261 2593 2318 quam
2634 2248 2724 2317 qui
2760 2247 2929 2303 armis
2963 2256 3208 2317 pugnant
3243 2246 3565 2318 clypeosque

1993 2343 2230 2407 gestant,
2267 2335 2609 2407 franguntur,
2644 2338 2848 2408 quique
2873 2337 3017 2393 ferro
3048 2346 3405 2408 proteguntur
3439 2345 3565 2390 ante

1992 2423 2239 2494 prndium
2270 2436 2711 2483 consternantur.
2753 2430 2886 2497 Ave,
2919 2443 3017 2499 per
3046 2444 3207 2499 quam
3236 2428 3561 2483 ambidextri

1991 2515 2257 2585 sagittarii
2289 2518 2746 2588 repercutiuntur,
2791 2527 2847 2575 et
2882 2521 3199 2576 sauciantur
3220 2528 3410 2590 gentes
3440 2534 3561 2588 qua!

1990 2604 2131 2659 bella
2158 2605 2364 2661 volunt.
2398 2607 2534 2673 Ave,
2568 2624 2664 2679 per
2714 2624 2877 2681 quam
2929 2609 3194 2665 barbarus
3227 2619 3281 2664 et
3310 2608 3565 2663 macella-

1988 2696 2106 2752 rius
2139 2698 2290 2753 cauis
2312 2696 2505 2754 lsmael
2548 2699 2725 2771 gladio
2760 2700 3046 2757 occiditur.
3083 2701 3218 2767 Ave,
3268 2714 3363 2770 per
3396 2714 3561 2768 quam

1992 2789 2203 2855 ﬁdeles,
2232 2790 2324 2862 qui
2356 2792 2408 2846 in
2438 2793 2668 2850 manicis
2723 2794 2913 2851 ferreis
2966 2798 3164 2851 misere
3204 2797 3402 2866 captivi
3429 2796 3565 2849 deti-

1990 2889 2211 2947 nentur,
2241 2896 2273 2936 e
2324 2880 2500 2935 media
2538 2890 2871 2938 armatorum
2912 2899 3071 2938 manu
3116 2883 3372 2939 evadunt.
3424 2885 3563 2946 Ave,

1987 2985 2083 3043 per
2111 2986 2273 3042 quam
2309 2972 2544 3028 mundus
2587 2974 2765 3029 omnis
2811 2976 3132 3045 protegitur,
3186 2975 3321 3030 etin
3372 2990 3563 3046 perpe-

1990 3071 2138 3118 tuum
2164 3061 2331 3135 8&0
2374 3074 2751 3122 conservatur.
2796 3068 2932 3130 Ave,
2981 3080 3076 3135 per
3118 3082 3296 3137 quem
3349 3066 3549 3121 bonum

1988 3170 2147 3212 omne
2176 3156 2232 3212 in
2258 3157 2396 3212 coelo
2423 3166 2477 3212 et
2502 3157 2557 3213 in
2589 3167 2763 3213 terra’
2783 3158 3193 3228 oppigneratum
3242 3160 3400 3215 nobis
3436 3159 3558 3215 fuit.

1988 3247 2124 3311 AVe,
2157 3261 2256 3317 per
2281 3262 2442 3316 quam
2492 3248 2802 3315 benedictio
2850 3249 3005 3304 nobis
3056 3249 3304 3305 ﬁdelibus
3326 3250 3560 3305 scaturi-

1991 3335 2087 3400 vit,
2115 3336 2554 3406 quandoquidem
2585 3353 2684 3393 nos
2716 3337 2942 3405 populus
2970 3348 3092 3393 tuus
3127 3354 3334 3403 sumus,
3366 3354 3552 3409 quam-

1990 3425 2125 3482 libet
2176 3430 2525 3496 peccatorhm
2559 3428 2768 3485 catenis
2809 3437 2863 3484 et
2906 3428 3132 3484 nexibus
3180 3429 3549 3498 implicemur.

1987 3517 2123 3584 Ave,
2154 3531 2252 3586 per
2285 3532 2447 3588 quam
2473 3518 2816 3575 benedicitur
2868 3518 3207 3575 inﬁrmorum
3228 3559 3243 3584 ,
3284 3528 3394 3573 tum
3440 3534 3558 3573 ma-

1988 3607 2260 3663 sculorum
2296 3608 2473 3665 t'mnea
2501 3608 2806 3665 substantia
2833 3651 2851 3679 ,
2899 3620 3011 3665 tum
3059 3610 3345 3665 imbecillis
3395 3622 3560 3665 sexus

1988 3701 2273 3757 mulierum
2306 3702 2539 3757 erratica
2565 3711 2731 3773 atque
2760 3702 3033 3759 instabilis
3057 3711 3274 3757 natura.
3302 3701 3437 3765 Ave,
3462 3716 3558 3771 per

1991 3808 2149 3863 quam
2204 3793 2354 3863 impii
2395 3792 2653 3865 pietatem
2703 3795 2961 3865 amplexi,
3006 3794 3091 3864 pie
3138 3793 3327 3849 colunt
3372 3802 3427 3848 et
3464 3791 3557 3845 ad-

1988 3888 2149 3938 orant
2166 3881 2695 3938 venerabilissimum
2712 3893 2922 3954 partum
2943 3892 3113 3938 tuum.
3130 3881 3265 3949 Ave,
3280 3896 3376 3952 per
3395 3895 3555 3951 quam

1988 3974 2109 4029 auri
2162 3984 2409 4030 amantes
2450 3974 2656 4030 Christi
2712 3984 2987 4030 amatores
3033 3974 3191 4039 ﬁunt,
3246 3981 3301 4028 et
3349 3971 3555 4042 argenti

1987 4074 2241 4120 amantes
2273 4075 2545 4122 amatores
2571 4066 2875 4131 hominum,
2904 4074 3066 4134 atque
3094 4078 3390 4135 pauperum
3414 4077 3536 4115 ama

1986 4164 2136 4212 tores
2180 4154 2488 4211 divitiarum
2541 4155 2793 4209 studiosi.
2839 4154 2950 4207 Ave
2982 4169 3135 4224 ergo,
3180 4152 3352 4223 gratia
3374 4152 3555 4222 plena,

1987 4248 2115 4317 quia
2163 4246 2315 4301 multi
2374 4244 2572 4300 multas
2619 4245 2877 4315 pecunias
2917 4243 3360 4307 ﬂoccifecerunt,
3395 4250 3453 4295 ut
3504 4251 3553 4296 te

1987 4337 2157 4394 solam
2200 4337 2566 4392 lucrarentur.
2596 4337 2709 4390 Ave
2731 4373 2747 4400 ,
2786 4335 3041 4405 quoniam
3100 4334 3252 4389 multi
3286 4333 3551 4388 multoties

1990 4426 2366 4497 religiosorum
2418 4426 2808 4496 imperatorum
2858 4438 3057 4479 aurum
3103 4431 3325 4494 propter
3383 4432 3434 4477 te
3478 4422 3552 4474 uti

1989 4518 2158 4573 lutum
2212 4519 2539 4582 habuerunt,
2570 4526 2624 4571 et
2668 4525 2952 4586 argentum
2985 4516 3062 4571 uti
3114 4516 3378 4570 cinerem.
3419 4513 3551 4580 Ave,

307 4612 399 4666 διά
451 4612 513 4665 σὲ
566 4610 897 4679 στεφάνους,
952 4611 1048 4663 καὶ
1099 4609 1482 4681 κρυσονὴμους
1536 4608 1883 4680 ἁλουργίδας,

1989 4612 2244 4680 quoniam
2285 4611 2592 4681 complures
2645 4608 2847 4664 Christi
2908 4608 3203 4663 amantium
3249 4606 3551 4675 reginarum

308 4703 555 4777 ἀράχνης
580 4702 935 4772 εὐτελέστερα
966 4699 1303 4768 ὲλογίσαντο.
1334 4703 1529 4772 Χαῖρε,
1574 4702 1657 4754 ὅτι
1699 4698 1886 4753 πολλοὶ

1988 4702 2262 4775 fulgentes
2288 4700 2522 4774 gemmis
2563 4711 2816 4767 coronas,
2866 4714 3108 4770 auroque
3150 4699 3384 4753 intextas
3422 4710 3549 4765 pur-

304 4794 423 4847 τῶν
469 4792 707 4861 εὐγενῶν
757 4791 1011 4854 Ἰνδικοὺς
1038 4790 1127 4844 διά
1158 4791 1219 4845 σὲ
1251 4791 1346 4845 καὶ
1393 4787 1886 4861 χρυσταλλίζοντας

1988 4809 2153 4865 puras
2188 4802 2405 4863 propter
2434 4804 2485 4849 te
2506 4806 2719 4847 aranezn
2750 4790 2856 4846 tela
2880 4791 3100 4845 viliores
3124 4789 3551 4845 aestimaverunt.

306 4885 492 4949 λίθους
522 4883 980 4955 περιεφρόνησαν.
1014 4884 1208 4952 Χαῖρε,
1245 4883 1326 4936 ὃτι
1353 4882 1566 4948 πολλαὶ,
1595 4882 1683 4935 ῖνα
1714 4882 1875 4946 εῖπω,

305 4976 405 5031 καὶ
432 4974 541 5029 τῶν
570 4976 862 5039 εὐγενίδων
889 4974 1169 5044 γυναικῶν
1195 4974 1275 5037 είς
1301 4974 1451 5027 οὐδὲν
1489 4974 1769 5044 ἡγήσαντο
1796 4972 1885 5028 διὰ

306 5069 372 5122 σε
396 5067 705 5137 ἀξιάγαστα
734 5068 805 5121 τά
833 5066 1061 5137 βύσσινά
1108 5082 1170 5119 τε
1202 5066 1297 5119 καὶ
1328 5066 1578 5127 κόκκινα,
1608 5068 1704 5120 καὶ
1728 5083 1885 5136 περι-

304 5160 588 5233 πόρφυρα,
626 5160 720 5214 καὶ
752 5146 1065 5230 όλοσὴρικα.
1102 5160 1295 5230 Χαῖρε,
1327 5158 1408 5211 ὅτι
1432 5158 1626 5211 πολλαὶ
1657 5156 1883 5213 καὶτῶν

308 5251 637 5322 μοιχαλίδων
663 5249 941 5321 γυναικῶν
969 5249 1325 5321 λιθοκόλλητα
1348 5248 1565 5313 ἐνώτια,
1595 5249 1691 5303 καὶ
1720 5266 1879 5321 περι-

301 5341 456 5408 δέξια
475 5339 669 5409 ψέλλια
697 5340 910 5410 φύλλων
926 5340 1297 5412 ἀδρανέστερα
1318 5337 1650 5408 ὲλογίσαντο.
1681 5341 1878 5411 Χαῖρε,

304 5434 390 5485 ὅτι
420 5431 605 5486 πολλοὶ
650 5432 970 5496 πλειστάκις
992 5431 1104 5487 τῶν
1144 5430 1367 5495 ἐνδόξων
1396 5447 1456 5484 τε
1501 5433 1598 5487 καλ⁵
1641 5449 1879 5504 περιφα-

314 5522 438 5585 δῶν,
474 5521 535 5575 οὐ
567 5522 674 5593 μὴν
694 5521 753 5575 δὲ
782 5522 880 5575 καὶ
902 5521 1193 5582 πλουσίων.
1221 5518 1465 5575 σκύϐαλα
1490 5521 1767 5593 ἡγήσαντο
1790 5521 1880 5575 διά

302 5614 369 5667 σὲ
422 5596 518 5676 τάς
555 5612 761 5684 χρυσοῦ
803 5614 899 5668 καὶ
944 5613 1185 5686 ἀργύρου
1243 5612 1502 5677 γιλιάδας.
1563 5615 1757 5685 Χαῖρε,
1798 5616 1881 5668 ὅτι

306 5691 500 5757 πολλαὶ
544 5704 639 5757 καὶ
672 5703 781 5757 τῶν
823 5704 1087 5774 νεογενῶν
1119 5704 1375 5757 νεανίδων
1413 5704 1735 5769 λευκοειδεῖς
1784 5706 1880 5759 καὶ

305 5795 714 5865 χρυσολαμπεῖς
748 5796 940 5859 στολὰς
985 5794 1294 5851 ἀπώσαντο.
1339 5797 1535 5866 Χαῖρε,
1563 5797 1645 5851 ὅτι
1684 5797 1878 5851 πολλα)⁸

305 5887 395 5941 διὰ
420 5887 501 5955 σὲ,
531 5889 597 5941 ἶν’
626 5890 785 5956 εῖπω,
814 5889 921 5943 τῶν
964 5888 1415 5962 χρυσοφορουσῶν
1446 5889 1737 5958 γυναικῶν,
1772 5906 1871 5962 με·

1986 4887 2120 4951 Ave,
2152 4885 2408 4955 quoniam
2441 4885 2594 4940 multi
2624 4882 2835 4940 nobiles
2875 4882 3089 4937 Indicos
3145 4880 3550 4951 pellucidosque

1984 4978 2061 5033 uti
2110 4977 2431 5049 crystallum
2477 4976 2697 5047 lapides,
2744 4975 2819 5031 tui
2858 4975 3028 5046 gratia
3073 4972 3350 5042 aspernati
3404 4979 3550 5025 sunt.

1981 5070 2117 5138 Ave,
2148 5072 2293 5140 quod
2332 5071 2538 5137 multm,
2595 5080 2654 5127 ut
2710 5072 2795 5128 sic
2828 5071 3002 5126 dicam
3029 5108 3045 5134 ,
3095 5083 3160 5123 ex
3214 5067 3344 5137 ipsis
3387 5066 3550 5121 etiam

1984 5163 2292 5219 illustribus
2322 5161 2641 5218 mulieribus
2666 5200 2682 5226 ,
2733 5161 2810 5216 tui
2858 5174 3023 5215 causa
3073 5157 3228 5213 nihili
3260 5158 3549 5218 duxerunt,

1982 5268 2326 5327 quaecunque
2372 5268 2436 5310 ex
2494 5253 2680 5325 bysso,
2718 5252 2965 5317 coccino,
3015 5264 3252 5320 purpura
3284 5257 3339 5303 et
3375 5248 3549 5303 serico

1982 5352 2261 5408 contexta,
2287 5341 2648 5398 admiratione
2677 5342 2838 5412 digna
2871 5340 3216 5395 videbantur.
3249 5339 3385 5411 Ave,
3413 5352 3549 5408 quo-

1982 5434 2127 5489 niam
2159 5430 2597 5501 multatiquoque
2654 5431 2939 5485 mulierum
2989 5428 3364 5482 adulterarum
3392 5443 3546 5497 gem-

1982 5528 2086 5582 mis
2125 5534 2347 5581 ornatas
2386 5524 2645 5587 inaures,
2685 5522 3034 5591 armillaeque
3093 5522 3238 5577 foliis
3294 5521 3548 5577 exiliores

1982 5628 2198 5689 propter
2218 5627 2270 5672 te
2284 5623 2638 5672 censuerunt.
2666 5616 2797 5678 Ave,
2826 5614 2972 5685 quod
2998 5614 3149 5668 multi
3173 5628 3549 5684 saepenumero

1981 5710 2253 5767 clarorum
2294 5706 2699 5776 illustriumque
2750 5706 3013 5774 virorum,
3048 5707 3176 5775 quin
3204 5705 3369 5761 etiam
3400 5704 3546 5759 divi-

1982 5807 2114 5861 tum,
2151 5796 2315 5852 millia
2342 5796 2462 5851 auri
2493 5805 2550 5851 et
2591 5795 2800 5867 argenti
2832 5806 3087 5865 tanquam
3139 5794 3465 5864 quisquilias
3487 5804 3543 5849 et

1980 5898 2222 5944 stercora
2253 5885 2583 5943 habuerunt.
2634 5887 2768 5951 Ave,
2818 5889 3072 5957 quoniam
3107 5896 3330 5958 propter
3376 5895 3428 5943 te
3451 5884 3542 5956 ju-
