4046 6404
555 503 660 565 659

1708 500 1769 559 8.
1809 496 1843 559 Ι
1848 496 2050 557 ΟᾹΝΝ
2059 498 2129 558 IS
2165 494 2597 557 DAMASCENI

3695 487 3796 549 660

558 611 766 663 niorum
796 606 959 663 etiam
982 606 1293 677 complures
1323 605 1761 677 juvencularum,
1804 609 2126 669 albicantes,

2232 605 2553 675 λανοφορεῖν
2605 599 2703 655 καὶ
2746 604 3146 674 τριχινοφορεῖν
3212 601 3303 656 διὰ
3357 600 3563 665 παντὸς
3620 601 3797 671 ῄρετί-

558 712 797 768 auroque
824 698 1100 766 fulgentes]
1121 699 1288 752 stolas
1316 698 1652 767 abiecerunt.
1694 700 1828 765 Ave,
1864 700 2121 767 quoniam

2230 715 2415 752 σαντο.

558 790 737 846 mtdtm
764 792 977 847 tandem
1023 791 1329 858 mulierum,
1363 806 1481 861 qua:
1521 807 1654 847 auro
1720 795 2096 859 ornabantur,
2153 794 2333 866 nigras
2414 792 2708 863 laneasque
2762 801 2945 848 vestes
2991 801 3204 863 gestare
3232 800 3321 845 tua
3371 804 3533 845 causa
3562 788 3794 845 destina-

561 896 774 941 VCI‘IIIIL

627 979 765 1043 Ave,
797 976 967 1047 gratia
1029 977 1221 1047 plena,
1257 977 1511 1046 quoniam
1566 977 1830 1048 refugium
1878 980 2013 1034 facta
2064 994 2126 1035 es

559 1069 736 1133 nobis,
762 1079 816 1124 et
851 1084 949 1138 pro
984 1071 1159 1133 nobis,
1184 1071 1275 1138 qui
1331 1085 1517 1124 sumus
1550 1086 1613 1125 ex
1664 1070 1779 1125 luto
1825 1072 2121 1141 procreati,

560 1162 1039 1231 interpellatricem
1068 1164 1183 1234 agis
1218 1163 1356 1232 apud
1386 1162 1604 1227 Fillum,
1645 1162 1925 1233 Deumque
1946 1172 2119 1229 tuum,

559 1268 619 1308 ac
646 1252 813 1306 Deum
854 1261 1125 1307 nostrum.
1151 1253 1286 1320 Ave,
1314 1254 1484 1316 gratia
1519 1253 1696 1322 plena,
1738 1267 1857 1318 ave,
1880 1253 2121 1307 omnium

559 1343 721 1396 simul
760 1342 948 1396 ﬁnium
999 1350 1161 1395 terra:
1200 1343 1505 1396 communis
1555 1341 1730 1405 salus,
1769 1342 2123 1410 omniumque

560 1432 991 1487 Christianorum
1024 1429 1392 1485 Christianum
1428 1431 1759 1505 praesidium.
1779 1431 1914 1496 Ave,
1945 1432 2120 1501 gratia

561 1525 739 1594 plena,
774 1538 894 1585 ave,
927 1538 1045 1591 quae
1076 1522 1191 1576 sola
1240 1522 1347 1575 illis
1379 1522 1581 1575 auxilio
1610 1524 1762 1584 ades,
1805 1524 1895 1591 qui
1925 1524 2125 1578 auxilio

561 1623 773 1676 carent,
805 1614 1031 1681 solaque
1069 1612 1302 1665 maxima
1335 1613 1506 1666 virtus
1549 1627 1610 1667 es
1660 1612 1791 1676 illis,
1825 1614 1919 1683 qui
1964 1614 2126 1670 nullis

563 1709 767 1761 viribus
787 1706 988 1761 valent.
1027 1705 1332 1774 Ave.gratia
1363 1704 1672 1771 plena,ave,
1701 1705 1813 1760 sola
1843 1706 2125 1760 humilium

562 1797 852 1862 celsitudo,
880 1805 936 1851 et
967 1797 1181 1865 inopum
1224 1796 1336 1849 sola
1379 1797 1744 1865 recuperatio,
1789 1798 2013 1868 solaque
2039 1813 2130 1853 or-

562 1890 858 1954 phauorum
908 1896 1101 1951 mater,
1129 1901 1533 1954 pauperumque
1556 1902 1622 1941 ac
1655 1887 1961 1942 viduarum.
1992 1887 2125 1953 Ave,

563 1980 731 2047 gratia
785 1978 964 2047 plena,
1016 1993 1135 2042 ave,
1195 1978 1307 2031 sola
1350 1976 1719 2033 fatiscentium
1770 1978 2122 2045 refocillatio,

563 2071 842 2137 solumque
897 2068 1129 2138 tegmine
1161 2067 1463 2122 carentium
1514 2078 1747 2137 tegmen.
1786 2072 1920 2136 Ave,
1953 2072 2125 2141 gratia

562 2162 740 2229 plena,
777 2176 899 2225 ave,
955 2161 1067 2216 sola
1119 2163 1456 2229 captivorum
1520 2160 1854 2232 redemptio,
1909 2164 2128 2232 solaque

562 2255 923 2308 cxsulantium
972 2254 1359 2322 pulsommque
1414 2254 1711 2307 revocatio.
1762 2256 1897 2315 Ave,
1953 2256 2127 2323 gratia

563 2350 741 2417 plena,
775 2362 895 2411 ave,
932 2347 1045 2400 sola
1076 2347 1457 2411 :egrotantium
1493 2345 1754 2414 visitatio,
1794 2348 2019 2418 solaque
2048 2350 2127 2403 in-

563 2442 844 2492 tirmorum
871 2438 1104 2501 curatio,
1139 2451 1190 2492 et
1238 2453 1424 2491 eorum
1454 2438 1571 2509 {qui
1603 2453 1631 2491 a
1660 2439 1901 2493 daemone
1925 2455 2123 2494 vexan-

563 2543 668 2595 tur,
693 2530 856 2585 salus.
890 2529 1021 2594 Ave,
1061 2530 1233 2600 gratia
1269 2531 1448 2599 plena,
1479 2545 1600 2596 ave,
1632 2531 1744 2585 sola
1762 2532 2125 2601 navigantium

564 2622 905 2690 gubernatio,
942 2626 1165 2689 solaque
1200 2637 1386 2674 eorum
1432 2623 1523 2691 qui
1588 2632 1749 2676 nortu
1786 2622 1889 2676 iter
1936 2633 2123 2692 agunt,

564 2715 658 2766 vim
689 2726 893 2775 comes,
925 2721 976 2764 et
1018 2711 1237 2765 sodalis.
1275 2711 1406 2776 Ave,
1439 2713 1608 2781 gratia
1645 2712 1822 2781 plena,
1853 2727 1969 2777 ave,
2003 2714 2125 2780 quia

563 2814 807 2858 nostrum
864 2804 1106 2857 omnium
1158 2804 1296 2857 oculi
1345 2805 1395 2857 in
1437 2814 1489 2858 te
1542 2819 1660 2872 quae
1717 2804 1829 2857 sola
1886 2821 2016 2873 pura
2045 2819 2125 2870 es,

563 2911 707 2961 spem
745 2894 1030 2956 collocant,
1056 2904 1110 2947 et
1140 2904 1189 2946 te
1219 2910 1432 2962 semper
1454 2904 1801 2949 contuentur.
1834 2896 1968 2959 Ave,
2005 2911 2129 2965 gra-

562 2990 632 3041 tia
668 2988 847 3056 plena,
871 3002 991 3050 ave,
1022 3002 1142 3055 qua:
1176 2987 1330 3041 nobis
1377 3001 1592 3055 semper
1620 2987 1912 3041 humilibus
1944 2988 2130 3056 praesi-

561 3077 648 3130 dio
677 3092 758 3140 cs,
787 3091 991 3145 nosque
1020 3076 1088 3129 ab
1130 3076 1275 3129 omni
1322 3078 1400 3129 ira
1432 3079 1576 3142 Iusta
1612 3084 1666 3130 et
1709 3077 2129 3132 comminatione

564 3166 783 3224 eximis.
811 3167 945 3232 Ave,
970 3166 1143 3235 gratia
1170 3166 1347 3234 plena,
1375 3181 1494 3230 ave,
1515 3182 1633 3237 qua:
1654 3181 1867 3237 semper
1891 3169 2128 3223 custodis

2301 979 2504 1049 Χαῖρε,
2565 977 3022 1049 κεχαριτωμένη,’
3050 976 3133 1030 ὅτι
3186 974 3476 1047 καταφυγὴ
3536 974 3796 1046 ὲγενήθης
3836 984 3843 997 ‘

2224 1071 2379 1140 ἡμῖν,
2425 1069 2521 1123 καὶ
2554 1070 2920 1140 μεσιτολογεῖς
2958 1070 3101 1140 ὑπὲρ
3143 1068 3301 1138 ἡμῶν
3326 1069 3435 1123 τῶν
3486 1068 3796 1139 πηλογενῶν

2223 1164 2363 1235 πρὸς
2404 1163 2498 1218 τὸν
2534 1163 2663 1217 Υίόν
2700 1179 2813 1227 σου,
2858 1164 2951 1217 καὶ
2974 1164 3108 1217 Θεόν
3152 1181 3269 1227 σου,
3313 1164 3407 1217 καὶ
3449 1162 3585 1215 Θεὸν
3614 1164 3792 1231 ήμῶν.

2222 1254 2415 1324 Χαῖρε,
2442 1254 2882 1325 κεχαριτωμένη,
2935 1256 3113 1325 χαῖρε,
3166 1256 3198 1325 ή
3249 1253 3467 1307 πάντων
3512 1252 3651 1323 ὁμοῦ
3692 1254 3796 1306 τῶν

2223 1343 2479 1413 περάτων
2527 1344 2627 1413 τῆς
2670 1343 2774 1414 γῆς
2818 1344 2971 1416 κοινὴ
3000 1344 3264 1416 σωτηρία,
3325 1345 3421 1398 καὶ
3452 1344 3671 1398 πάντων
3690 1345 3795 1397 τῶν

2230 1430 2568 1501 Χριστιανῶν
2602 1432 2958 1503 Χριστιανικὴ
2996 1432 3323 1503 προστασία.
3357 1433 3553 1502 Χαῖρε,
3590 1433 3625 1501 ἡ
3663 1433 3792 1502 μόνη

2222 1523 2330 1576 τῶν
2377 1522 2696 1593 ἀϐοηθήτων
2750 1524 3133 1595 παραστατικὴ
3185 1524 3428 1595 βοήθεια,
3486 1525 3583 1577 καὶ
3660 1526 3795 1594 μόνη

2224 1615 2331 1667 τῶν
2357 1616 2637 1669 ἀδυνάτων
2671 1616 3113 1687 μεγαλοδύναμος
3144 1616 3392 1687 δύναμις.
3419 1618 3612 1687 Χαῖρε,
3637 1634 3793 1685 κεχα-

2229 1707 2526 1777 ριτωμένη,
2577 1710 2757 1778 χαῖρε,
2797 1709 2829 1779 ἡ
2869 1708 3003 1778 μόνη
3048 1705 3159 1760 τῶν
3184 1709 3455 1761 ταπεινῶν
3498 1707 3793 1775 ἁνύψωσις,

2225 1798 2320 1852 καὶ
2351 1799 2482 1870 μόνη
2523 1800 2634 1852 τῶν
2678 1800 2927 1869 πενήτων
2966 1799 3271 1871 ἀντίληψις,
3310 1799 3406 1852 καὶ
3439 1798 3577 1868 μόνη
3618 1799 3796 1868 μήτηρ

2226 1891 2336 1944 τῶν
2361 1890 2633 1961 ὀρφανῶν,
2678 1891 2773 1944 καὶ
2820 1890 3073 1961 πτωχῶν,
3104 1891 3198 1944 καὶ
3239 1891 3444 1961 χηρῶν.
3484 1891 3684 1959 Χαῖρε,
3716 1905 3798 1942 κε-

2228 1983 2594 2053 χαριτωμένη,
2619 1985 2798 2053 χαῖρε,
2822 1984 2854 2052 ἡ
2884 1983 3018 2053 μόνη
3050 1981 3157 2035 τῶν
3182 1980 3677 2050 καταπονουμένων
3699 1996 3797 2032 παι

2230 2073 2490 2143 ραμυθία,
2518 2073 2612 2126 καὶ
2642 2073 2778 2143 μόνη
2808 2073 2917 2126 τῶν
2950 2073 3209 2126 ἀσκεπῶν
3239 2072 3440 2143 σκέπη.
3474 2073 3677 2142 Χαῖρε,
3710 2090 3798 2125 κεο

2228 2161 2601 2231 χαριτωμένη,
2633 2164 2813 2232 χαῖρε,
2842 2164 2874 2232 ή
2901 2162 3035 2233 μόνη
3062 2162 3170 2215 τῶν
3196 2162 3562 2232 αἰχμαλώτων
3580 2161 3785 2232 λύτρω-

2229 2268 2333 2315 σις,
2368 2252 2459 2305 καὶ
2506 2252 2641 2322 μόνη
2671 2252 2779 2305 τῶν
2817 2250 3105 2324 ἐξορίστων
3138 2254 3232 2307 καὶ
3260 2252 3631 2324 ἐξορισμένων
3673 2254 3798 2306 ἀνά-

2226 2341 2438 2413 κλησις.
2482 2343 2672 2413 Χαῖρε,
2710 2344 3147 2414 κεχαριτωμένη,
3200 2346 3378 2413 χαῖρε,
3426 2346 3459 2413 ἡ
3518 2345 3657 2413 μόνη
3692 2344 3797 2396 τῶν

2228 2433 2527 2488 νοσούντων
2572 2434 2888 2503 ἐπίσκεψις,
2928 2436 3023 2488 καὶ
3079 2436 3215 2505 μόνη
3265 2436 3377 2488 τῶν
3429 2436 3799 2491 ἀσθενούντων

2230 2527 2393 2592 ἴασις,
2433 2528 2526 2581 καὶ
2560 2527 2694 2599 μόνη
2749 2527 2860 2581 τῶν
2894 2526 3273 2597 δαιμονῶντων
3313 2528 3565 2592 ὑγίωσις.
3606 2530 3796 2598 Χαῖρε.

2228 2620 2661 2690 κεχαριτωμένη,
2694 2622 2869 2690 χαῖρε,
2902 2621 2934 2689 ἡ
2969 2619 3102 2689 μόνη
3142 2619 3250 2672 τῶν
3298 2620 3572 2673 πλεόντων
3604 2621 3797 2691 κυὸέρ-

2227 2727 2402 2780 νησις,
2446 2711 2540 2763 καὶ
2584 2710 2719 2779 μόνη
2749 2710 2858 2762 τῶν
2899 2710 3377 2780 νυκτοπορούντων
3421 2712 3798 2781 συνοδοιπόρος

2229 2802 2323 2854 καὶ
2355 2802 2741 2870 συνδιαγωγός.
2774 2803 2966 2872 Χαῖρε,
2995 2803 3073 2854 ὅτι
3100 2803 3314 2856 πάντων
3340 2802 3499 2873 ἡμῶν
3520 2805 3571 2855 οἱ
3605 2804 3797 2872 ὀφθαλ-

2232 2895 2321 2964 μοὶ
2368 2896 2445 2957 είς
2484 2894 2543 2947 σὲ
2578 2894 2676 2963 τὴν
2704 2894 2873 2965 μόνην
2912 2894 3159 2965 καθαρὰν
3188 2895 3491 2959 ἐλπίζουσι,
3532 2897 3631 2948 καὶ
3667 2896 3797 2965 πρὸς

2230 2988 2289 3039 σὲ
2332 2987 2419 3039 διὰ
2476 2988 2675 3050 παντὸς
2740 2987 3065 3051 ἀτενίζουσι.
3125 2988 3320 3057 Χαῖρε,
3358 2989 3795 3057 κεχαριτωμένη.

2230 3080 2407 3147 χαῖρε,
2436 3078 2469 3146 ἡ
2502 3078 2588 3130 ἀεὶ
2622 3078 2997 3148 προῖσταμένη
3040 3077 3197 3147 ἡμῶν
3227 3077 3335 3130 τῶν
3372 3078 3671 3139 ταπεινῶν,
3709 3078 3797 3129 καὶ

2228 3169 2567 3240 λυτρουμένη
2616 3171 2764 3239 ἡμᾶς
2810 3172 2877 3223 ὲκ
2924 3170 3107 3240 πάσης
3156 3170 3367 3233 δικαίας
3400 3170 3573 3241 ὀργῆς
3607 3188 3671 3222 τε
3713 3170 3798 3222 καὶ

563 3267 616 3311 et
653 3258 935 3312 lustrandu
965 3256 1116 3312 foves
1144 3273 1371 3327 egenum
1400 3274 1568 3325 genus
1598 3271 1843 3312 nostrum
1874 3274 1903 3313 a
1936 3269 2117 3314 tenta-

2232 3262 2477 3332 ἀπειλῆς.
2523 3263 2715 3332 Χαῖρε,
2746 3261 3183 3332 κεχαριτωμένη,
3216 3264 3391 3331 χαῖρε,
3419 3263 3451 3331 ἡ
3490 3262 3581 3313 ἀεὶ
3615 3260 3799 3329 διαφυ-

560 3350 815 3415 tionibus,
848 3349 1129 3419 periculis,
1193 3350 1469 3419 variisque
1508 3348 1669 3420 841
1704 3350 2125 3407 calamitatibus.

561 3444 688 3508 Ave,
709 3445 879 3513 gratia
917 3443 1093 3512 plena,
1126 3458 1244 3509 ave,
1261 3443 1513 3511 quoniam
1544 3442 1720 3497 nullus
1746 3451 1942 3511 prreter
1965 3443 2128 3496 Deum

560 3536 665 3588 tale
691 3544 1007 3604 tantumque
1026 3550 1219 3589 nomen
1246 3534 1474 3589 sortitus
1500 3544 1603 3600 est,
1625 3542 1717 3587 aut
1750 3534 1871 3588 talis
1891 3549 2127 3602 unquam

561 3626 746 3695 glorise
770 3641 992 3696 compos
1051 3627 1171 3681 fuit.
1230 3628 1363 3691 Ave,
1400 3642 1519 3695 qua:
1555 3642 1682 3681 vere
1723 3632 1889 3696 super
1941 3641 2132 3682 omnes

561 3718 843 3773 benedicta
866 3734 946 3783 es,
980 3732 1100 3781 ave,
1129 3728 1349 3787 propter
1376 3733 1537 3785 quam
1570 3718 1751 3781 hodie,
1778 3731 1943 3786 supra
1967 3732 2129 3786 quam

563 3812 704 3863 lerat
760 3810 1013 3875 mundus,
1055 3810 1497 3864 excellentiorem
1551 3811 1751 3862 mundo
1800 3808 1945 3863 diem
1984 3809 2125 3863 cele-

563 3901 802 3954 bramus.
841 3898 953 3954 Ave
976 3941 989 3963 ,
1019 3914 1138 3968 qua:
1168 3913 1295 3968 vere
1324 3912 1382 3952 es
1412 3911 1574 3965 super
1606 3911 1795 3950 omnes
1822 3896 2127 3962 benedicta;

562 4007 679 4057 ave,
716 4000 939 4062 propter
964 4006 1126 4061 quam
1163 3990 1325 4045 hodie
1378 3989 1773 4045 solemnitatem
1800 3987 2132 4042 Solemnita-

563 4095 712 4147 uim,
767 4093 821 4135 et
869 4081 1242 4136 celebritatem
1319 4079 1695 4135 celebritatum
1747 4079 1941 4148 populo
1983 4079 2132 4134 omni

561 4182 755 4227 coacto
789 4173 1019 4242 agimus.
1046 4173 1182 4237 Ave,
1214 4188 1335 4241 qua:
1359 4186 1484 4225 vere
1530 4186 1587 4224 es
1616 4186 1777 4239 super
1824 4184 2010 4224 omnes
2034 4170 2131 4224 be-

561 4265 773 4321 nedicta
820 4282 834 4330 ;
891 4280 1009 4329 ave,
1061 4276 1281 4334 propter
1330 4280 1490 4335 quam
1522 4279 1619 4318 nos
1654 4263 1706 4317 in
1748 4261 2131 4317 sacratissimis

562 4358 669 4411 tuis
697 4357 936 4411 basilicis
964 4372 1378 4428 congregamur,
1408 4365 1467 4411 ut
1505 4369 1557 4411 te
1600 4354 1706 4408 alta
1744 4369 1875 4409 voce
1920 4353 2127 4410 collau-

562 4449 772 4502 detnus.
806 4448 938 4511 Ave,
981 4464 1100 4517 quae
1128 4463 1254 4501 vere
1285 4464 1344 4503 es
1371 4464 1532 4516 super
1561 4462 1750 4502 omnes
1796 4444 2079 4500 benedicta
2111 4461 2127 4509 ;

563 4552 685 4601 ave,
716 4548 936 4607 propter
967 4554 1128 4607 quam
1158 4540 1316 4593 hodie
1341 4554 1499 4606 apum
1537 4554 1685 4593 more
1710 4553 1814 4591 una
1844 4538 1989 4591 intus
2010 4536 2126 4591 col—

2232 3354 2496 3408 λάττουσα
2541 3354 2636 3407 καὶ
2678 3354 3090 3424 περισκέπουσα
3128 3353 3191 3405 τὸ
3250 3355 3594 3422 πτωχογενὲς
3644 3353 3798 3421 ἡμῶν

2232 3447 2396 3515 φῦλον
2425 3449 2483 3500 ὲν
2514 3449 2863 3516 πειρασμοῖς,
2894 3448 2952 3499 ὲν
2985 3445 3267 3510 κινδύνοις,
3304 3445 3397 3498 καὶ
3435 3447 3494 3497 ὲν
3522 3445 3799 3514 διαφόροις

2234 3539 2560 3610 συμφόραις.
2603 3539 2799 3608 Χαῖρε,
2849 3537 3281 3609 κεχαριτωμένη,
3308 3539 3488 3607 χαῖρε,
3517 3537 3602 3588 ὅτι
3633 3536 3797 3599 οὐδεὶς

2230 3630 2305 3694 ὡς
2328 3632 2392 3683 σὺ
2422 3630 2561 3699 πλὴν
2592 3629 2729 3682 Θεοῦ
2757 3628 3076 3699 τηλικοῦτον
3099 3628 3586 3699 κεκληρονόμηκεν
3610 3626 3797 3696 ὄνομα.

2232 3717 2551 3790 ἢτοιαύτης
2599 3718 2819 3772 πώποτε
2854 3720 3049 3789 τέτυχε
3096 3719 3275 3789 δόξης.
3326 3718 3519 3787 Χαῖρε,
3572 3719 3608 3786 ἡ
3638 3716 3801 3779 ὅντως

2232 3808 2733 3881 ὐπερευλογημένη,
2773 3813 2953 3882 χαῖρε,
2986 3810 3053 3862 δι’
3088 3811 3153 3881 ἡν
3183 3811 3342 3879 ἡμεῖς
3366 3809 3612 3878 σήμερον
3637 3809 3800 3877 ὑπερ-

2236 3900 2481 3970 κοσμίως
2527 3902 2626 3972 τὴν
2677 3902 3048 3971 ὑπερκόσμιον
3103 3900 3305 3970 ταύτην
3357 3899 3802 3969 πανηγυρίζομεν

2232 3994 2265 4062 ἡ
2273 3993 2339 4063 μέ
2348 4011 2465 4063 ραν.
2486 3996 2679 4065 Χαῖρε,
2702 3998 2734 4066 ἡ
2756 3996 3272 4065 ὅντωςύπερευλογη
3283 3995 3437 4065 μένη,
3456 3998 3637 4065 χαῖρε,
3655 3993 3723 4047 δι’
3739 3995 3801 4063 ἣν

2232 4084 2265 4152 ἡ
2274 4084 2475 4155 μεῖςισή
2486 4102 2550 4154 με
2560 4102 2671 4154 ρον,
2689 4088 2880 4156 ἑορτὴν
2897 4086 3118 4157 ἑορτῶν,
3133 4086 3226 4138 καὶ
3239 4087 3550 4157 πανήγυριν
3565 4085 3802 4155 πανηγύ-

2236 4192 2374 4245 ρεων
2397 4176 2671 4247 πανδημεί⁵
2705 4176 3057 4247 ἑορτάζομεν.
3089 4178 3280 4249 Χαῖρε,
3309 4178 3479 4241 ὅντως
3509 4179 3801 4249 ὐπερευλοο

2231 4268 2468 4337 γημένη,
2510 4272 2689 4341 χαῖρε,
2716 4270 2783 4323 δι’
2815 4270 2882 4340 ἢν
2922 4271 3084 4341 ἡμεῖς
3120 4264 3357 4341 σήμερον
3400 4270 3663 4341 ἀγεληδὸν
3708 4272 3801 4323 ἐπ-

2230 4356 2597 4427 αθροιζόμεθα
2618 4361 2676 4412 ὲν
2694 4363 2803 4423 τοῖς
2828 4363 2940 4424 σοῖς
2962 4360 3275 4429 ἁγιοϐάτοις
3302 4364 3471 4424 ναοῖς,
3500 4364 3594 4415 καὶ
3632 4378 3800 4429 μεγα-

2231 4446 2487 4516 λοφώνως
2518 4467 2577 4503 σε
2610 4452 2963 4522 γεραίρομεν.
3015 4453 3206 4524 Χαῖρε,
3238 4452 3406 4516 ὅντως
3437 4454 3801 4525 ὐπερευλογη-

2236 4538 2392 4608 μένη,
2437 4543 2616 4611 χαῖρε,
2670 4541 2735 4593 δι’
2768 4544 2833 4614 ἢν
2882 4544 3041 4612 ἡμεῖς
3070 4544 3309 4613 σήμερον
3338 4543 3495 4614 δίκην
3533 4544 3799 4612 μελισσῶν

566 4626 692 4678 lecti
732 4627 1058 4697 hymnorum
1102 4627 1815 4713 cantum.mttltiplicamus,
1858 4628 1935 4680 uti
1975 4626 2127 4681 nobis

2234 4630 2684 4700 ὲπισυναγὸμενοι
2726 4632 3069 4702 πληθύνομεν
3098 4633 3196 4703 τὴν
3241 4634 3589 4704 ὐμνολογίαν,
3635 4636 3709 4697 ὡς
3740 4639 3797 4686 σὺ

565 4730 619 4769 ιιι
678 4717 1067 4774 defensionem.
1096 4719 1207 4773 Ave
1238 4760 1251 4784 ,
1276 4719 1448 4789 gratia
1496 4718 1648 4785 plena
1672 4759 1687 4783 ,
1737 4733 1857 4782 ave,
1908 4728 2127 4787 propter

2232 4722 2329 4792 τὴν
2360 4722 2713 4791 προστασίαν.
2746 4724 2940 4794 Χαῖρε,
2973 4726 3411 4796 κεχαριτωμένη,
3443 4730 3619 4798 χαῖρε,
3644 4728 3710 4779 δι’
3737 4728 3798 4795 ἣν

562 4824 722 4877 quam
757 4824 852 4864 nos
879 4809 1078 4863 lumina
1114 4819 1407 4879 gestantes,
1434 4818 1483 4863 te
1511 4808 1787 4876 splendide
1812 4807 1863 4860 in
1885 4806 2127 4861 Ecclesia

2232 4813 2393 4881 ἡμεῖς
2422 4813 2661 4884 σήμερον
2690 4814 3129 4885 φωτοφοροῦντες
3158 4817 3427 4885 λαμπρῶς
3462 4820 3520 4870 ἐν
3573 4819 3793 4884 Ἐκκλη-

562 4902 895 4957 extollimus.
938 4903 1073 4967 Ave,
1126 4918 1245 4969 qua:
1296 4917 1426 4956 vere
1467 4916 1525 4955 es
1559 4914 1721 4967 super
1749 4914 1937 4953 omnes
1968 4900 2127 4953 bene-

2240 4902 2331 4972 σία
2385 4919 2443 4954 σε
2509 4904 2904 4974 μεγαλύνομεν.
2961 4908 3157 4978 Χαῖρε,
3211 4908 3379 4971 ὅντως
3435 4910 3795 4980 ὑπερευλογη-

563 4995 746 5058 dicta;
779 5009 901 5058 ave,
946 5003 1166 5063 propter
1196 5007 1358 5060 quam
1406 5006 1503 5045 nos
1555 4989 1715 5044 hodie
1744 4989 1962 5043 Davidis
2008 5004 2127 5043 cum

2238 4991 2395 5061 μένη,
2426 4995 2606 5064 χαῖρε,
2643 4994 2709 5048 δι’
2740 4996 2807 5065 ἡν
2828 4999 2991 5067 ἡμεῖς
3023 4998 3263 5069 σήμερον
3291 5000 3360 5052 τὰ
3388 4998 3481 5053 τοῦ
3513 5000 3679 5053 Δαϐὶδ
3708 5002 3796 5053 σὺν

566 5084 791 5147 Davide,
823 5094 875 5137 et
903 5084 1077 5151 angeli
1111 5099 1229 5137 cum
1267 5082 1455 5151 angelo
1506 5079 1743 5134 oraculis
1773 5080 2128 5149 prmlusimus.

566 5180 700 5241 Ave,
726 5190 845 5236 ave,
875 5190 995 5244 qua:
1027 5188 1154 5227 vere
1177 5188 1235 5228 es
1262 5187 1423 5242 super
1445 5186 1634 5226 omnes
1666 5171 1976 5233 benedicta,
2011 5186 2131 5236 ave,

566 5274 791 5335 prOpter
820 5281 980 5333 quam
1018 5280 1117 5318 nos
1142 5264 1303 5318 hodie
1332 5263 1532 5332 captivi
1558 5262 1867 5316 laudatores
1897 5262 2133 5331 quadru-

570 5357 761 5425 plicem
800 5359 938 5412 hanc
962 5357 1404 5413 salutatoriarum
1432 5354 1904 5423 compellationum
1936 5362 2128 5421 penta-

573 5448 859 5502 contadcm
891 5450 1289 5503 contexuimus.
1322 5448 1614 5511 Caeterum,
1640 5446 1841 5515 optima
1879 5443 2132 5507 Domina,

523 5574 526 5576 η
574 5541 1004 5595 misericordiam
1033 5541 1297 5595 extendas
1342 5548 1489 5593 tuam
1528 5540 1579 5591 in
1631 5548 1724 5591 eos
1775 5536 1865 5605 qui
1892 5542 1945 5588 te
1976 5549 2138 5588 nove-

576 5642 702 5685 t'unt
730 5650 742 5684 :
774 5648 836 5686 ac
872 5633 1079 5700 respice
1108 5632 1158 5683 iu
1194 5646 1381 5685 servos
1415 5640 1554 5694 tuos,
1580 5638 1636 5683 et
1669 5630 1723 5682 in
1751 5642 1914 5697 opera
1951 5636 2062 5693 tua,
2084 5635 2139 5681 et

576 5734 804 5778 cunctos
851 5725 1022 5795 dirige
1082 5726 1133 5777 in
1190 5726 1328 5778 viam
1358 5725 1555 5794 pacis:
1609 5722 1861 5791 quoniam
1898 5721 2136 5775 omnium

576 5818 718 5871 oculi
753 5820 805 5871 in
843 5828 892 5871 te
928 5827 1167 5886 sperant,
1205 5826 1365 5886 teque
1402 5826 1704 5886 sequestra,
1742 5813 2139 5869 reconciliatio-

580 5928 699 5969 nem
738 5927 858 5967 cum
886 5909 1024 5966 Filio
1052 5910 1265 5977 Deoque
1297 5919 1385 5963 tuo
1413 5924 1474 5963 ac
1524 5909 1633 5964 Deo
1664 5916 1847 5964 nostro
1874 5905 2016 5962 nacti
2044 5921 2135 5961 su-

2232 5082 2313 5153 τῷ
2340 5085 2523 5152 Δασὶδ,
2571 5089 2667 5141 καὶ
2708 5088 2774 5141 τὰ
2820 5088 2914 5142 τοῦ
2950 5090 3183 5159 ἀγγέλου
3226 5093 3323 5144 σὺν
3349 5092 3425 5163 τῷ
3457 5093 3677 5163 ἀγγέλῳ
3712 5094 3797 5145 ἀν-

2235 5175 2569 5244 εκινήσαμεν
2622 5177 2794 5244 λόγια,
2849 5180 3048 5249 Χαῖρε,
3101 5181 3269 5244 ὅντως
3303 5182 3797 5252 ύπερευλογημένη,

2237 5266 2415 5334 χαῖρε,
2451 5265 2519 5318 δι’
2540 5268 2607 5338 ἣν
2632 5270 2792 5338 ἡμεῖς
2820 5271 3061 5342 σήμερον
3082 5274 3132 5325 οἱ
3159 5273 3496 5343 αἰχμάλωτοι
3525 5276 3798 5327 ἐπαινέται

2236 5355 2437 5425 ταύτην
2481 5358 2824 5431 ὲξυφάναμεν
2865 5363 2967 5433 τὴν
3016 5366 3327 5437 τετραπλῆν
3357 5366 3467 5419 τῶν
3500 5368 3799 5437 χαροποιῶν

2239 5449 2596 5518 προρρήσεων
2664 5455 3103 5508 πεντακοντάδα’
3168 5457 3303 5510 ἀλλὰ
3362 5462 3693 5527 παράτεινον
3747 5460 3799 5509 τὸ

2240 5537 2385 5601 ἔλεός
2415 5555 2529 5603 σου,
2565 5541 2849 5609 πανάγαϐε
2880 5546 3167 5613 Δέσποινα,
3212 5552 3325 5613 τοῖς
3353 5550 3687 5617 γινώσκουσί
3722 5566 3794 5609 σε,

2240 5629 2333 5681 καὶ
2364 5629 2436 5681 ἴδε
2470 5631 2563 5682 ἐπὶ
2583 5634 2712 5695 τοὺς
2732 5633 2953 5698 δούλους
2982 5653 3074 5689 σου
3096 5640 3191 5691 καὶ
3220 5641 3313 5692 ἐπὶ
3328 5640 3397 5691 τὰ
3413 5639 3552 5709 ἔργα
3572 5656 3684 5703 σου,
3713 5641 3797 5692 καὶ

2241 5720 2566 5774 κατεύθυνον
2604 5724 2816 5789 πάντας
2858 5729 2936 5790 εἰς
2962 5728 3079 5782 ὁδὸν
3117 5731 3361 5801 εἰρήνης,
3398 5733 3479 5784 ὅτι
3512 5734 3726 5785 πάντων
3751 5733 3796 5784 οἱ

2241 5812 2504 5881 ὀφθαλμοὶ
2530 5816 2610 5876 είς
2646 5816 2704 5869 σὲ
2747 5818 3048 5887 ἐλπίζουσι,
3079 5824 3173 5874 καὶ
3208 5823 3301 5876 σοῦ
3330 5827 3394 5894 τῇ
3428 5825 3679 5895 μεσιτεία
3706 5824 3795 5893 τήν

2234 5900 2585 5976 ’καταλλαγὴν
2634 5908 2733 5976 τὴν
2767 5910 2904 5974 πρὸς
2948 5911 3038 5966 τὸν
3067 5912 3196 5969 Υίόν
3241 5932 3331 5967 σου
3380 5916 3473 5970 καὶ
3504 5916 3659 5981 Θεὸν,
3711 5915 3794 5967 καὶ
