4046 6466
568 499 673 563 663
1727 489 1786 548 S.
1825 487 2144 548 JOANNIS
2177 482 2605 545 DAMASCENI
3710 470 3824 533 664

567 561 702 666 ium,
736 599 855 670 ejus
886 595 1151 655 beneﬂcio
1178 605 1441 651 creaturae
1469 595 1736 650 universae
1760 595 1970 650 unitum
2002 594 2126 649 fuit.
2164 593 2507 662 Quapropter
2582 590 2831 644 humana:
2879 584 3186 643 sterilitatis
3266 580 3641 654 depulsionem
3672 582 3815 634 cele-
3846 561 3864 701 ς

567 695 807 753 hremus,
838 701 942 757 qua
972 686 1236 740 bonorqu
1270 683 1713 752 impedimentum
1752 684 1987 739 solutum
2015 693 2122 739 est.
3221 757 3225 760 ι
3259 754 3303 762 η
3644 758 3649 761 4
3694 758 3701 763 ι

639 778 698 834 2.
736 776 911 833 Eccur
942 792 1074 832 vero
1124 774 1285 845 Virgo
1320 773 1492 828 Mater
1540 782 1661 828 orta
1707 781 1790 829 est
1820 788 1885 829 ex
1928 771 2145 828 sterili?

2320 769 2386 841 β’.
2426 770 2584 823 Ἀλλὰ
2605 769 2748 832 τίνος
2770 768 2958 822 ἕνεκεν
2980 768 3044 820 ὲκ
3071 765 3294 838 στείρας
3320 767 3355 836 ἡ
3384 765 3671 837 Παρθένος
3713 766 3810 834 μή-

569 871 727 940 plane
755 867 883 939 quia
909 867 1212 937 oportebat,
1237 874 1294 919 ut
1328 865 1394 920 ad
1424 865 1474 919 id
1507 867 1650 935 quod
1692 865 1868 921 solum
1900 866 2002 921 sub
2024 864 2140 919 sole

2255 878 2345 931 ιηρ
2372 860 2731 933 γεγέννηται;
2766 859 2871 913 ἔδει
2900 858 3011 929 γὰρ
3055 857 3118 912 τὸ
3167 858 3329 929 μόνον
3362 857 3552 911 καινὸν
3594 856 3702 913 ὐπὸ
3728 857 3815 909 cet
3853 918 3863 941 ν

570 975 767 1015 novum
798 958 1034 1013 futurum
1065 966 1205 1022 erat,
1234 972 1297 1011 ac
1325 956 1693 1027 prodigiorum
1726 968 1907 1026 caput,
1935 958 2018 1010 via
2046 970 2140 1025 per

2255 951 2412 1022 ήλιον,
2434 952 2494 1004 τὸ
2520 952 2629 1007 τῶν
2659 951 2954 1021 θαυμάτων
2979 949 3298 1019 κεφάλαιον,
3323 948 3815 1021 προοδοποιηθῆναν
3852 948 3861 975 ‘

572 1051 819 1122 prodigia
856 1058 1217 1113 sterneretur,
1250 1048 1619 1119 paulatimque
1652 1047 1720 1102 ab
1755 1047 2140 1103 humilioribus

2255 1043 2354 1104 ιοῖς
2383 1040 2675 1112 θαύμασιν,
2702 1041 2795 1095 καὶ
2827 1039 2969 1094 κατὰ
3005 1039 3201 1111 μικρὸν
3234 1038 3343 1092 ἀπὸ
3373 1038 3485 1092 τῶν
3513 1039 3816 1092 ταπεινοτέ-

572 1144 639 1195 ad
667 1142 986 1197 sublimiora
1014 1141 1320 1211 progressio
1352 1142 1528 1197 ﬁeret.
1567 1140 1838 1197 Caeterum
1872 1140 1974 1195 alia
2007 1155 2142 1210 quo-

573 1246 682 1300 que
722 1233 885 1287 altior
934 1231 1279 1301 diviniorque
1333 1232 1474 1285 ratio
1525 1245 1556 1285 a
1598 1244 1686 1285 me
1733 1230 1912 1285 ail'erri
1944 1240 2138 1300 potest.

578 1324 780 1378 Natura
812 1324 954 1378 enim
985 1324 1173 1395 gratia:
1199 1324 1360 1388 cedit,
1396 1332 1613 1394 statque
1639 1322 1886 1389 tremula,
1915 1337 2142 1392 pergere

579 1434 685 1472 non
717 1417 1013 1473 sustinens.
1067 1417 1331 1485 Quoniam
1379 1418 1561 1489 itaque
1606 1419 1842 1473 futurum
1896 1430 2036 1483 erat,
2074 1428 2135 1474 ut

577 1512 672 1566 Dei
711 1511 955 1567 Grnitrix
984 1510 1150 1583 Virgo
1169 1527 1233 1567 ex
1260 1512 1413 1566 Anna
1448 1520 1781 1578 nasceretur,
1808 1519 1999 1566 natura
2018 1526 2145 1582 gra-

577 1602 665 1655 tiae
694 1615 913 1672 germen
940 1608 1282 1657 autevertere
1313 1616 1417 1655 nou
1442 1616 1573 1656 ausa
1612 1611 1698 1657 est
1742 1619 1759 1655 :
1804 1602 1898 1658 sed
1946 1604 2147 1658 mansit

579 1692 788 1746 fructus
825 1705 1040 1760 expers,
1074 1693 1201 1746 dum
1253 1692 1425 1761 gratia
1470 1691 1705 1747 fructum
1749 1693 1956 1748 ederet.
1984 1690 2146 1749 Nasci

578 1781 843 1850 siquidem
878 1780 1291 1852 primogenitam
1327 1782 1633 1852 oportebat,
1664 1796 1732 1837 ex
1766 1796 1873 1851 qua
1897 1782 2137 1838 nascitu-

580 1888 674 1927 rus
732 1878 875 1928 esset
929 1872 1106 1928 omnis
1156 1881 1416 1926 creatura:
1459 1872 1882 1943 primogenitus,
1913 1875 1967 1928 in
2041 1888 2147 1943 quo

579 1964 761 2018 omnia
792 1972 1045 2018 constant
1079 1962 1147 2018 “.
1172 1964 1216 2018 Ο
1245 1978 1343 2034 par
1365 1963 1587 2019 beatum
1612 1963 1859 2021 Joachim
1886 1966 2145 2021 etAnna!

584 2055 736 2110 vobis
774 2054 951 2110 omnis
981 2064 1231 2110 creatura
1263 2056 1527 2112 obstricta
1567 2066 1677 2115 est.
1721 2057 1827 2112 Per
1875 2073 1971 2114 vos
2001 2058 2147 2113 enim

583 2146 784 2197 donum
817 2143 1062 2198 omnium
1082 2144 1343 2199 donorum
1375 2146 1882 2214 prastantissimum
1902 2147 2148 2203 Creatori

580 2235 794 2300 obtulit,
828 2250 1020 2304 nempe
1060 2245 1267 2290 castam
1320 2248 1570 2304 matrem,
1605 2254 1725 2309 quae
1756 2241 1872 2302 sola
1899 2238 2155 2295 Creatore

581 2328 741 2398 digna
773 2336 911 2384 erat.
941 2325 987 2383 Ο
1013 2327 1224 2383 lumbos
1261 2328 1508 2385 Joachim
1537 2332 1902 2397 beatissimos,
1939 2347 2003 2389 ex
2034 2332 2153 2402 qui-

583 2422 686 2475 bus
713 2419 1131 2474 mundissimum
1161 2434 1343 2476 semen
1375 2421 1577 2492 jactum
1609 2425 1722 2479 est!
1759 2438 1792 2479 ο
1835 2424 2151 2495 prazclaram

582 2511 754 2565 Anum
806 2510 1043 2577 vulvam,
1103 2510 1156 2565 in
1199 2526 1304 2581 qua
1363 2512 1545 2569 tacitis
1578 2515 1942 2571 accrementis
1972 2531 2038 2569 ex
2087 2529 2154 2571 ea

582 2608 773 2655 auctus
823 2610 985 2671 atque
1039 2600 1303 2658 formatus
1356 2600 1459 2657 fuit
1499 2601 1641 2658 fetus
1669 2603 2085 2660 sanctissimus!
2121 2619 2155 2660 o

554 2744 555 2747 η
582 2698 815 2751 uterum,
846 2688 907 2742 iu’
931 2702 1042 2759 quo
1070 2689 1377 2744 animatum
1411 2690 1631 2758 coelum,
1666 2691 1929 2747 cmlorum
1962 2692 2152 2749 latitu-

582 2778 707 2833 dine
731 2777 893 2834 latius
921 2789 1243 2851 conceptum
1281 2780 1422 2836 fuit!
1464 2797 1499 2837 ο
1526 2796 1746 2844 aream,
1796 2797 1920 2853 qua:
1951 2784 2151 2839 viviﬁci

582 2867 840 2922 frumenti
871 2884 1125 2925 acervum
1168 2871 1417 2939 protulit,
1456 2871 1613 2941 juxta
1651 2887 1715 2927 ac
1754 2873 2009 2930 Christus
2040 2875 2155 2944 ipse

583 2954 995 3024 pronuntiavit:
1030 2956 1152 3011 Nisi
1175 2974 1400 3028 granum
1454 2960 1706 3029 frumenti
1752 2963 1945 3018 eadem
1978 2964 2032 3018 in
2057 2975 2157 3019 ler-

583 3058 699 3096 rant
716 3053 980 3099 mortuum
1005 3045 1189 3116 fuerit,
1213 3046 1384 3116 ipsum
1403 3048 1572 3105 solum
1602 3062 1778 3106 manet
1804 3051 1872 3105 “.
1901 3051 1945 3109 Ο
1964 3054 2153 3119 ubera,

584 3132 701 3201 ejus
757 3133 1016 3191 lactantia
1071 3138 1361 3207 nutricem,
1411 3156 1441 3199 a
1471 3155 1583 3212 quo
1631 3142 1868 3200 mundus
1893 3144 2083 3201 aliturl
2121 3163 2156 3202 o

585 3225 977 3283 miraculorum
1004 3229 1289 3295 miracula,
1320 3240 1377 3287 et
1405 3246 1593 3287 rerum
1624 3232 2028 3291 admirabilium
2063 3252 2151 3295 res

589 3317 831 3373 maxime
876 3319 1191 3378 mirabiles!
1249 3320 1491 3393 Equum
1553 3324 1755 3396 quippe
1800 3337 1938 3395 erat,
1973 3338 2033 3384 ut
2082 3330 2153 3386 ad

585 3404 911 3465 ineﬂabilem
940 3410 1035 3466 Dei
1068 3412 1528 3481 incarnationem,
1578 3431 1686 3486 qua
1721 3432 1782 3473 se
1834 3417 1923 3474 ille
1956 3421 2023 3475 ad
2056 3436 2155 3477 nos

2248 1150 2355 1204 ρων
2378 1133 2718 1205 ἐπαναϐῆναι
2751 1131 2820 1186 τὰ
2850 1132 3093 1202 μείζονα.
3138 1133 3291 1202 Ἔχω
3323 1132 3419 1185 καὶ
3439 1131 3633 1203 ἕτερον
3661 1131 3817 1200 λόγον

2244 1222 2574 1295 ὑψηλότερον
2605 1222 2699 1275 καὶ
2729 1221 3021 1294 θειότερον.
3068 1221 3135 1275 Ἠ
3162 1222 3272 1291 γὰρ
3296 1222 3460 1292 φύσις
3489 1222 3723 1292 ἥττηται
3753 1225 3817 1292 τῇ

2243 1314 2449 1386 χάριτι,
2492 1313 2587 1367 καὶ
2613 1312 2845 1383 ἕστηκεν
2884 1312 3229 1384 ὑπότρομος,
3263 1312 3582 1383 προϐαίνειν
3611 1312 3685 1383 μὴ
3723 1312 3819 1382 φέ-

2247 1418 2436 1476 ρουσα.
2485 1404 2637 1457 Ἐπεὶ
2662 1399 2756 1458 οὖν
2792 1403 3019 1474 ἔμελλεν
3062 1404 3386 1475 ἠΘεοτὸκος
3435 1402 3718 1473 Παρθένος
3757 1407 3820 1458 ὲκ

2244 1495 2345 1565 τῆς
2378 1496 2575 1565 Ἀννης
2606 1494 2919 1560 τίκτεσθαι,
2951 1495 3052 1547 οὐκ
3090 1493 3391 1565 ἐτόλμησεν
3425 1495 3458 1564 ή
3492 1494 3657 1563 φύσις
3688 1511 3821 1566 προσ

2245 1588 2430 1641 λαϐεῖν
2447 1587 2508 1641 τὸ
2527 1588 2626 1658 τῆς
2652 1588 2874 1658 χάριτος
2907 1586 3196 1657 βλάστημα
3220 1604 3233 1618 ·
3264 1586 3381 1640 ἀλλ’
3412 1587 3629 1657 ἔμεινεν
3651 1585 3820 1658 ἄκαρ-

2247 1697 2370 1746 πος,
2401 1680 2507 1744 ἕως
2536 1681 2569 1751 ή
2596 1679 2756 1751 χάρις
2779 1679 2875 1732 τὸν
2900 1678 3114 1749 καρπὸν
3141 1678 3502 1748 ἐϐλάστησεν.
3537 1677 3687 1732 Ἔδει
3714 1678 3822 1747 γὰρ

2248 1771 2591 1844 πρωτότοκον
2611 1771 2892 1843 τεχθῆναι,
2918 1770 3020 1841 τὴν
3045 1770 3343 1842 τεξομένην
3359 1771 3452 1823 τὸν
3479 1770 3822 1841 πρωτότοκον

2248 1865 2431 1935 πάσης
2462 1863 2563 1934 τῆς
2594 1862 2847 1928 κτίσεως,
2879 1865 2937 1917 ὲν
2967 1856 3011 1931 ᾧ
3040 1862 3107 1917 τὰ
3142 1862 3324 1916 πάντα
3368 1861 3724 1931 συνέστηκεν.
3756 1857 3825 1913 Ὦ

2254 1956 2502 2029 μακαρία
2544 1956 2777 2027 συνωρὶς
2828 1956 3085 2027 Ἰωακεὶμ
3145 1954 3243 2009 καὶ
3289 1954 3495 2007 ’Λνναί
3547 1951 3825 2023 ὑπόχρεως

2252 2049 2382 2119 ὑμῖν
2409 2049 2526 2101 ἐστι
2555 2049 2708 2101 πᾶσα
2738 2049 2772 2119 ή
2809 2047 3010 2112 κτίσις.
3048 2048 3128 2101 Δι’
3181 2045 3337 2117 ὑμῶν
3365 2044 3474 2116 γὰρ
3504 2044 3825 2116 προσήγαγε

2180 2116 2224 2172 Β
2252 2116 2425 2209 δῶρον
2458 2138 2538 2211 τῷ
2580 2116 2793 2212 Κτίστῂ
2823 2137 3014 2210 δώρων
3061 2116 3284 2193 πάντων
3326 2137 3822 2209 ὐπερφερέστερον,

2255 2231 2467 2302 μητέρα
2492 2230 2716 2301 σεμνὴν,
2742 2231 2910 2301 μόνην
2939 2230 3095 2297 ἀξίαν
3117 2230 3211 2283 τοῦ
3240 2224 3645 2291 ΚτίσαντοςῘΩ
3664 2227 3826 2296 ὀσφὺς

2251 2319 2346 2376 τοῦ
2397 2322 2654 2393 Ἰωακεὶμ
2685 2322 3119 2394 παμμακάριστε
3152 2322 3295 2393 ('57),
3326 2322 3384 2388 ἐξ
3416 2314 3486 2393 ἦς
3517 2318 3823 2390 κατεϐλήθη

2255 2418 2477 2490 σπέρμα
2499 2419 2841 2489 πανάμωμον
2864 2420 2877 2473 ι
2906 2414 2980 2471 Ὦ
3007 2420 3189 2490 μήτρα
3212 2418 3310 2488 τῆς
3344 2418 3554 2490 Ἀννης
3582 2415 3819 2485 ἀοίδιμε,

2253 2501 2364 2583 ἔινῇ
2395 2510 2515 2572 ταῖς
2542 2508 2686 2563 κατά
2712 2508 2906 2581 μικρὸν
2935 2509 2993 2576 ἐξ
3018 2508 3193 2579 αὐτῆς
3219 2508 3564 2580 προσθήκαις
3592 2507 3819 2578 ηὐξήθη,

2255 2601 2351 2653 καὶ
2395 2600 2781 2672 διαμορφωθὲν
2817 2600 3015 2673 ἐτέχθη
3055 2598 3255 2673 βρέφος
3294 2599 3601 2668 πανάγιονι
3634 2593 3705 2651 '0
3736 2615 3826 2667 γα-

2256 2690 2431 2763 στὴρ,
2458 2691 2687 2763 οὐρανὸν
2723 2694 2781 2745 ἐν
2822 2693 2960 2763 αὐτῇ
3002 2693 3392 2763 κυοφορήσασα
3422 2689 3696 2761 ἔμψυχον,
3735 2690 3824 2759 τῆς

2254 2781 2500 2853 οὐρανῶν
2532 2782 2874 2853 εὐρυχωρίας
2905 2780 3274 2852 πλατύτερονί
3306 2775 3378 2833 '0
3416 2778 3562 2844 ἀλῶ,
3602 2779 3637 2849 ή
3684 2777 3825 2845 ἐνέγ-

2256 2889 2401 2926 κασα
2440 2872 2538 2945 τὴν
2577 2872 2838 2943 θημονίαν
2877 2872 2971 2926 τοῦ
3017 2871 3285 2937 ζωοποιοῦ
3329 2871 3479 2926 σίτου
3504 2907 3522 2934 ,
3553 2869 3633 2933 ὡς
3672 2868 3825 2931 αὐτὸς

2255 2964 2494 3035 Χριστὸς
2518 2967 2836 3036 ἀπεφήνατο
2860 2982 2873 2997 ·
2912 2965 3057 3020 Ἐὰν
3088 2965 3177 3035 μὴ
3216 2968 3248 3019 d
3277 2966 3501 3028 κόκκος
3523 2963 3634 3017 τοῦ
3657 2962 3825 3015 σίτου

2256 3055 2464 3111 πεσὼν
2492 3059 2578 3125 εἰς
2608 3058 2723 3125 τὴν
2748 3058 2865 3128 γῆν
2887 3058 3184 3125 ἀποθάνῃ,
3207 3054 3391 3122 αὐτὸς
3418 3056 3612 3125 μόνος
3639 3054 3820 3123 μένει.

2255 3144 2329 3202 Ὦ
2370 3149 2565 3220 μαστοὶ
2592 3148 2926 3221 θηλήσαντες
2951 3149 3050 3221 τήν
3069 3148 3349 3221 θρέψασαν
3370 3147 3463 3201 τὸν
3502 3147 3715 3216 τροφέα
3738 3144 3823 3199 τού

2257 3235 2498 3305 κόσμουέ
2528 3232 2599 3291 Ὦ
2648 3236 2943 3309 θαυμάτων
2995 3238 3294 3309 θαύματα,
3353 3237 3452 3291 καὶ
3512 3235 3825 3306 παραδόξων

2258 3325 2567 3396 παράδοξαί
2621 3326 2728 3382 ἔδει
2787 3327 2898 3397 γὰρ
2940 3326 3039 3400 τήν
3082 3325 3175 3381 τοῦ
3214 3326 3351 3379 Θεοῦ
3405 3325 3693 3394 ἄφραστον
3741 3324 3825 3375 καὶ

2262 3417 2739 3490 συγκαταϐατικὴν
2806 3421 3084 3491 σάρκωσιν
3163 3414 3665 3489 προοδοποιηθῆναι
3726 3417 3826 3477 τοῖς

585 3497 888 3564 inclinavit,
946 3500 1052 3557 iter
1109 3517 1207 3573 per
1270 3504 1528 3560 miracula
1577 3507 1904 3564 muniretur.
1954 3510 2150 3567 Verum

2260 3508 2555 3580 θαύμασιν.
2596 3487 2754 3563 Ἀλλὰ
2811 3487 2929 3573 πῶς
2966 3512 3077 3573 τοῖς
3107 3487 3294 3581 πρόσω
3326 3506 3711 3579 προϐήσομαις
3769 3504 3826 3557 Ἦ

582 3591 859 3661 quomodo
890 3592 1035 3647 ultra
1063 3595 1431 3665 progrediar?
1472 3595 1624 3653 Mens
1654 3608 1811 3654 extra
1833 3615 1895 3656 se
1923 3603 2151 3670 rapitur,

585 3696 785 3751 meque
811 3693 990 3740 metus
1018 3695 1074 3740 et
1101 3687 1371 3757 cupiditas
1423 3689 1565 3745 inter
1597 3705 1656 3745 se
1691 3693 2022 3760 partiuntur.
2046 3694 2154 3751 Cor

585 3774 835 3845 palpitat,
866 3787 922 3832 et
950 3777 1128 3849 lingua
1157 3780 1468 3850 impeditur,
1524 3781 1857 3852 voluptatem
1882 3785 2027 3841 ferre
2058 3801 2155 3843 ue-

484 3886 487 3889 ·
584 3881 773 3938 queo:
824 3869 1101 3925 miraculis
1138 3870 1348 3939 vincor,
1390 3872 1576 3928 divino
1613 3878 1883 3932 exstinctu
1910 3876 2154 3951 lympha-

585 3969 699 4013 tum
752 3974 838 4016 me
884 3960 1111 4018 atfectus
1166 3961 1366 4020 reddit.
1425 3962 1622 4019 Vincat
1674 3983 1804 4022 vero
1858 3970 2151 4040 cupiditas,

582 4050 740 4104 cedat
764 4059 959 4115 metus,
988 4058 1147 4105 canat
1177 4050 1411 4122 Spiritus
1431 4055 1642 4109 cithara
1673 4069 1687 4108 :
1728 4054 1994 4111 Lwtentur
2017 4058 2153 4124 cali,

580 4150 631 4200 et
660 4140 879 4197 multo:
905 4152 1049 4197 terra
1071 4141 1140 4199 ".

653 4236 709 4292 5.
742 4235 913 4293 Hodie
942 4236 1248 4293 sterilitatis
1277 4246 1450 4307 porta:
1482 4238 1818 4309 aperiuntur,
1860 4240 2151 4312 divinaque

582 4337 740 4400 porta
771 4328 1054 4401 virginalis
1083 4330 1351 4401 procedit,
1391 4346 1458 4386 ex
1488 4347 1593 4402 qua
1643 4342 1699 4389 et
1748 4349 1845 4404 per
1869 4350 2033 4404 quam
2060 4335 2152 4405 qui

582 4429 667 4475 est
695 4435 860 4492 super
887 4421 1073 4477 omnia
1105 4421 1250 4477 Deus
1272 4420 1343 4487 ”,
1371 4421 1425 4475 in
1463 4424 1650 4477 orbem
1688 4432 1847 4479 terrae
1881 4425 2151 4495 corporali

582 4512 746 4567 modo
802 4520 888 4567 est
918 4512 1286 4582 ingressurus,
1342 4526 1404 4571 ut
1449 4514 1601 4570 Pauli
1644 4530 1969 4569 arcanorum
1998 4516 2155 4569 audi-

585 4604 721 4658 toris
746 4606 911 4660 verba
952 4619 1235 4674 usurpem.
1275 4604 1449 4662 Hodie
1489 4606 1640 4675 virga
1676 4605 1744 4659 de
1785 4606 1970 4661 radice
1996 4604 2154 4662 Jesse

584 4705 705 4750 orta
731 4706 817 4750 est
854 4696 923 4762 δ’,
979 4712 1047 4752 ex
1075 4708 1184 4769 qua
1234 4699 1437 4755 mundo
1482 4698 1579 4753 ﬂos
1622 4698 1803 4753 divine
1849 4698 2154 4753 subsistens

585 4786 864 4844 ascendet.
907 4786 1079 4845 Hodie
1112 4789 1168 4844 in
1205 4797 1347 4845 terra
1373 4804 1440 4845 ex
1468 4798 1686 4846 terrena
1721 4797 1917 4845 natura
1951 4788 2152 4846 ctelum

581 4877 746 4951 843
778 4879 869 4935 ille
903 4880 1166 4949 condidit,
1196 4884 1289 4953 qui
1318 4882 1446 4939 olim
1480 4898 1547 4938 ex
1572 4883 1726 4953 aquis
1756 4882 2154 4938 ﬁrmamentum

584 4980 957 5043 compegerat,
986 4982 1044 5030 et
1069 4974 1125 5031 in
1167 4974 1337 5031 altum
1368 4975 1659 5031 extulerat.
1693 4975 1773 5030 Ac
1803 4989 1933 5031 sane
1958 4973 2155 5031 cmlum

586 5064 727 5121 istud
758 5065 853 5122 illo
894 5066 1053 5137 longe
1106 5068 1341 5125 divinius
1376 5080 1481 5137 est,
1506 5083 1571 5125 ac
1601 5070 1925 5139 stupendum
1961 5068 2154 5137 magis.

583 5157 717 5213 Nam
749 5160 840 5227 qui
864 5159 1034 5216 solem
1069 5160 1126 5215 in
1155 5160 1248 5216 illo
1274 5160 1540 5228 condidit,
1575 5174 1641 5216 ex
1685 5159 1791 5215 hoc
1844 5159 1964 5230 ipse
1990 5160 2158 5227 justi-

587 5252 673 5305 tiae
702 5251 785 5306 sol
811 5254 1057 5309 oriturus
1082 5262 1187 5311 est.
1220 5254 1350 5310 Dum
1379 5262 1608 5320 naturae,
1643 5251 1828 5308 {urant
1867 5252 1995 5308 licet
2022 5252 2158 5308 Ace-

586 5341 911 5409 phali;una
942 5359 1199 5415 persona,
1246 5344 1542 5417 quamlibet
1587 5353 1907 5414 rumpantur
1954 5340 2155 5401 Nesto-

588 5431 748 5491 riani.
785 5432 1072 5491 IEternum
1095 5437 1243 5492 enim
1288 5436 1417 5492 illud
1446 5435 1625 5491 lumen
1661 5434 1804 5504 quod
1852 5449 1919 5490 ex
1953 5446 2156 5491 :eterno

586 5521 790 5579 lumine
848 5527 1214 5597 antiquiorem
1263 5526 1475 5584 mulis
1521 5525 1900 5584 exsistentiam
1934 5526 2143 5593 habet;

2260 3601 2468 3656 διάνοια
2504 3602 2603 3672 μὲν
2638 3602 2950 3669 ἐξίσταται,
2978 3601 3140 3671 φόϐος
3182 3599 3238 3652 δέ
3275 3615 3344 3669 με
3378 3597 3475 3652 καὶ
3509 3596 3677 3661 πόθος
3702 3613 3823 3650 κατ-

2260 3692 2604 3763 αμερίσαντο.
2653 3692 2718 3745 Ἦ
2769 3690 2966 3762 καρδία
3015 3690 3228 3755 πάλλει,
3263 3691 3358 3743 καὶ
3400 3690 3434 3760 ή
3468 3688 3699 3757 γλῶσσα
3733 3704 3821 3741 πε-

2262 3784 2532 3855 πήδηται·
2576 3783 2637 3837 οὐ
2670 3782 2821 3853 φέρω
2843 3782 2942 3852 τὴν
2965 3782 3183 3854 ἡδονὴν,
3213 3780 3459 3850 νικῶμαι
3491 3781 3607 3844 τοῖς
3630 3778 3825 3848 θαύμαο

2264 3893 2369 3943 σιν,
2400 3876 2585 3939 ἔνθους
2615 3876 2722 3930 ὑπὸ
2756 3873 2850 3930 τοῦ
2890 3874 3098 3938 πάθους
3126 3873 3239 3945 (38)
3274 3873 3497 3943 γέγονα.
3532 3872 3772 3925 Νικᾶται
3799 3871 3825 3923 ὁ

2263 3969 2428 4034 πόθος
2453 3969 2856 4046 ..ὑποχωρείτω
2903 3969 2932 4022 ὁ
2962 3967 3124 4036 φόϐος
3150 4008 3167 4033 ,
3209 3966 3386 4037 ᾀδέτω
3414 3967 3448 4036 ή
3503 3964 3711 4034 κιθάρα
3738 3960 3821 4015 τοῦ

2264 4064 2587 4134 Πνεύματος
2612 4079 2627 4095 ·
2687 4059 3241 4131 Εὐφραινέσθωσαν
3292 4062 3347 4114 οὶ
3404 4056 3677 4127 οὐρανοί,
3731 4053 3821 4109 καὶ

2262 4152 2646 4225 ἀγαλλιάσθω
2671 4153 2710 4221 ἡ
2743 4150 2841 4223 γῆ.

2332 4250 2403 4312 γ’.
2445 4243 2692 4314 Σήμερον
2739 4242 3096 4313 στειρωτικαὶ
3148 4239 3318 4295 πύλαι
3370 4239 3705 4309 ἀνοίγονται.
3733 4236 3817 4292 καὶ

2261 4336 2404 4405 πύλη
2442 4333 2745 4405 παρθενικὴ
2786 4333 2905 4386 θεία
2932 4332 3285 4405 προέρχεται,
3328 4329 3387 4396 ἐξ
3410 4326 3499 4403 ἦς,
3537 4331 3634 4384 καὶ
3673 4329 3740 4383 δι’
3762 4322 3821 4398 ἧς

2261 4427 2290 4479 ὁ
2317 4425 2468 4491 Θεὸς,
2506 4428 2534 4479 ὁ
2561 4425 2778 4480 πάντων
2807 4424 2914 4478 τῶν
2939 4425 3109 4479 ὄντων
3134 4422 3395 4477 ἐπέκεινα
3425 4423 3507 4486 εἰς
3535 4422 3638 4493 τὴν
3662 4422 3821 4474 οἰκου-

2264 4515 2433 4587 μένην
2482 4514 2816 4586 σωματικῶς
2864 4514 3256 4581 είσελεύσεται,
3295 4512 3439 4566 κατὰ
3483 4511 3699 4565 Παῦλον
3741 4510 3820 4563 τὸν

2261 4607 2370 4661 τῶν
2407 4608 2662 4681 ἀρρήτων
2700 4606 2963 4678 ὑπήκοον.
3017 4607 3265 4677 Σήμερον
3307 4605 3371 4657 ὲκ
3425 4602 3583 4675 ῥίζης
3640 4601 3821 4657 Ἰεσσαὶ

2264 4699 2458 4770 ῥάϐδος
2485 4698 2606 4768 ἔφυ,
2637 4699 2696 4765 ἐξ
2722 4693 2790 4771 ἦς
2818 4697 3152 4768 ἀναϐήσεται
3193 4694 3273 4767 τῷ
3309 4695 3501 4766 κόσμῳ
3528 4694 3689 4757 ἄνθος
3723 4694 3821 4746 θεο-

2265 4791 2586 4847 ὒπόστατον.
2625 4793 2873 4863 Σήμερον
2907 4792 2973 4844 ὲκ
3007 4790 3110 4860 τῆς
3133 4789 3327 4861 γηϊνῆς
3359 4786 3577 4857 φύσεως
3604 4786 3814 4857 οὐρανὸν

2262 4883 2664 4939 κατεσκεύασεν
2689 4883 2782 4937 ἐπὶ
2810 4882 2913 4953 γῆς
2930 4922 2946 4948 ,
2974 4882 3002 4934 ὁ
3033 4881 3201 4935 πάλαι
3240 4879 3371 4933 ποτὲ
3405 4878 3466 4944 ἐξ
3494 4878 3701 4933 ὑδάτων
3728 4877 3818 4945 πή-

2261 4973 2375 5041 ξας,
2397 4975 2490 5028 καὶ
2512 4972 2648 5046 πρὸς
2669 4973 2800 5043 ὕψος
2820 4972 3161 5045 μετεωρίσας
3187 4971 3247 5024 τὸ
3282 4968 3589 5041 στερέωμα.
3626 4967 3729 5021 Καὶ
3750 4967 3818 5018 δν-

2258 5084 2389 5134 τως,
2402 5060 2554 5131 οὗτος
2579 5066 2788 5121 ἐκείνου
2808 5065 2943 5119 πολύ
2964 5064 3139 5118 θειότε
3149 5080 3238 5135 ρος
3262 5062 3359 5116 καὶ
3379 5060 3809 5131 παραδοξότερος.

2270 5160 2327 5213 '0
2358 5158 2468 5230 γὰρ
2496 5159 2554 5212 ὲν
2585 5158 2778 5211 ἐκείνω
2810 5155 3224 5218 κατασκευάσας
3258 5156 3349 5207 τὸν
3390 5153 3572 5223 ἥλιον,
3605 5153 3668 5203 ὲκ
3695 5150 3813 5201 ταύ-

2256 5265 2356 5318 της
2380 5247 2727 5318 δικαιοσύνης
2759 5246 2871 5317 (39)
2900 5245 3140 5299 ἀνέτειλε
3172 5244 3338 5315 ήλιος.
3368 5243 3472 5296 Δύο
3492 5242 3702 5313 φύσεις,
3726 5238 3813 5292 κᾶν

2278 5338 2564 5408 Ἀκέφαλοι
2611 5338 2908 5409 μαῐνωνται
2932 5353 2947 5369 ο
2989 5338 3090 5409 μία
3141 5337 3457 5414 ὐπόστασις,
3492 5336 3598 5390 κᾶν
3635 5328 3813 5386 Νεστό-

2265 5447 2372 5503 ριοι
2411 5431 2853 5501 διαρῤήγνυνται.
2891 5430 2964 5485 Τὸ
3018 5430 3127 5500 γὰρ
3174 5427 3292 5497 φῶς
3337 5428 3399 5481 τὸ
3429 5427 3604 5481 ατδιον
3630 5465 3645 5490 ,
3673 5424 3729 5477 τὸ
3761 5420 3809 5487 ἐξ

2256 5522 2427 5581 ἀϊδίου
2452 5522 2628 5601 φωτὸς
2660 5522 2984 5589 προαιώνιον
3010 5520 3133 5591 ἔχον
3164 5518 3262 5592 τὴν
3291 5516 3544 5590 ὓπαρξιν,
3574 5517 3635 5571 τὸ
3665 5514 3810 5571 ἄύλον

654 5678 705 5714 ⁸³
740 5678 948 5739 Coloss.
977 5695 1022 5749 ι,
1053 5682 1243 5740 1547.
1318 5684 1362 5716 ⁸⁸
1399 5682 1553 5741 Joan.
1585 5698 1682 5752 xu,
1715 5681 1806 5739 ει.
1880 5682 1924 5715 ⁸⁷
1983 5682 2123 5740 Psal.

2255 5698 2277 5749 ’ρ
2316 5680 2400 5735 ll.
2441 5678 2485 5711 ⁵⁸
2528 5681 2683 5736 Rom.
2716 5696 2790 5745 Ix,
2820 5680 2871 5733 5.
2949 5676 2994 5708 δ’
3034 5679 3133 5733 lsa.
3162 5691 3235 5744 xi,
3276 5673 3321 5727 ι.

654 5834 766 5909 (δῖ)
793 5834 947 5909 Ειιίι.
974 5840 1308 5909 μακαριστή.

655 5907 768 5969 (58)
802 5907 1048 5965 Passion.
1085 5907 1274 5962 πόθου.

2334 5833 2448 5905 (59)
2482 5833 2612 5907 Heg.
2649 5832 2719 5886 al.
2761 5830 3026 5886 ἀνατεὶεῐ,
