4046 6418
186 463 295 525 665

1215 461 1296 521 ΙΝ
1336 459 1853 520 NATIVITATEM
1894 461 1943 520 B
1998 462 2065 520 V.
2101 460 2387 519 ΜΑΒΙᾹΞ.

3348 452 3453 517 666

185 553 282 605 καὶ
326 548 618 621 ἀσώματον
646 548 710 601 ὲκ
738 546 945 619 ταύτης
976 549 1328 619 σωματοῖηαι
1355 587 1370 612 ,
1399 549 1493 602 καὶ
1518 548 1594 612 ὡς
1629 566 1769 619 νυμο

1883 549 2081 615 Iumen,
2116 550 2363 619 inquam,
2414 548 2546 604 illud
2583 548 2811 603 materia
2858 563 3063 606 vacans
3091 557 3147 606 et
3193 549 3449 620 incorpo-

183 644 305 711 φίος
336 644 403 695 ὲκ
440 639 646 695 παστοῦ
681 642 1044 711 ⁴ι’ρόερχεται,
1076 640 1209 703 Θεὸς
1252 639 1359 705 ὢν,
1402 641 1495 693 καὶ
1525 641 1765 711 γηγενὴς

180 732 476 803 γενόμενος
511 732 758 804 ὕστερον.
799 732 886 797 Ὦς
929 734 1091 802 γίγας
1117 734 1218 805 τὴν
1258 733 1378 787 ὁδὸν
1410 733 1641 804 δραμεῖν
1666 733 1765 803 τῆς

182 826 459 896 ἡμετέρας
485 825 878 894 ἁγαλλιὰσεται
906 826 1145 894 φύσεως,
1176 826 1272 878 καὶ
1294 825 1384 878 διὰ
1405 824 1593 879 παθῶν
1616 823 1764 877 ὁδεύ-

184 934 273 970 σαι
304 917 442 987 πρὸς
479 916 730 977 θάνατον,
769 916 864 968 καὶ
895 916 1172 985 δῆσαιτὸν
1209 916 1453 987 ἰσχυρὸν,
1490 918 1587 970 καὶ
1610 916 1766 986 διαρ-

183 1003 360 1054 πᾶσαι
410 1001 577 1053 αὐτοῦ
614 1002 684 1053 τὰ
716 1000 922 1072 σκεύη,
975 1000 1075 1073 τὴν
1114 1003 1393 1073 ἡμετέραν
1428 1001 1588 1069 φύσιν
1610 1041 1627 1066 ,
1663 1003 1763 1055 καὶ

181 1093 321 1163 πρὸς
378 1095 478 1163 τὴν
516 1094 767 1165 οὐράνιον
810 1094 915 1164 γῆν
964 1096 1264 1163 ἀναγαγεῖν
1302 1095 1365 1148 τὸ
1412 1095 1765 1166 πλανώμενον

183 1184 479 1255 πρόϐατον.
505 1187 755 1257 Σήμερον
776 1188 805 1240 6
832 1186 927 1240 τοῦ
980 1188 1248 1250 τέκτονοςί
1264 1187 1375 1256 (40)
1400 1187 1549 1252 Υἱὸς,
1578 1190 1607 1241 6
1636 1206 1768 1241 παν-

182 1277 344 1347 τεχνή
353 1295 472 1347 μων
494 1279 667 1347 Λόγος
694 1277 791 1331 τοῦ
823 1279 891 1332 δι’
920 1279 1087 1332 αὐτοῦ
1122 1280 1188 1333 τὰ
1215 1280 1394 1333 πάντα
1418 1282 1767 1334 κατασκευά-

186 1386 406 1436 σαντος,
441 1371 471 1422 6
499 1370 739 1441 βραχίων
763 1371 791 1424 6
824 1370 1044 1441 ἰσχυρὸς
1075 1370 1170 1424 τοῦ
1207 1371 1345 1425 Θεοῦ
1375 1371 1469 1425 τοῦ
1499 1372 1725 1442 ὑψίστου
1749 1411 1766 1437 ,

184 1459 259 1523 ὡς
290 1461 490 1515 ἑαυτοῦ
521 1462 774 1533 δακτύλῳ
797 1462 876 1533 τῷ
900 1462 1200 1533 Πνεύματι,
1230 1462 1537 1531 ἀμϐλυνθὲν
1559 1463 1618 1516 τὺ
1646 1464 1769 1517 σκέ-

189 1568 399 1621 παρνον
426 1554 707 1623 ἀκονήσας
737 1553 839 1623 τῆς
870 1552 1108 1623 φύσεως,
1146 1554 1549 1607 κατεσκεύασεν
1588 1554 1768 1625 ἐαυτῷ

186 1644 434 1714 ἔμψυχον
469 1644 745 1715 κλίμακα,
783 1641 852 1717 ἧς
882 1646 915 1715 ἡ
964 1645 1120 1715 βάσις
1156 1644 1251 1697 ἐπὶ
1284 1644 1388 1713 γῆς
1421 1644 1766 1714 ἐστήρικται,

187 1737 219 1806 ή
261 1735 319 1788 δὲ
362 1734 577 1806 κεφαλὴ
615 1735 752 1804 πρὸς
798 1734 963 1789 αὑτὸν
1003 1734 1093 1787 τὸν
1134 1734 1385 1805 οὐρανὸν,
1422 1733 1510 1801 ἐφ’
1540 1730 1608 1806 ἧς
1637 1733 1771 1796 Θεὸς

187 1828 553 1892 ἀναπαύεται,
592 1824 661 1901 ἦς
692 1828 784 1881 τὸν
814 1828 985 1881 τύπον
1022 1826 1218 1881 Ἰακὼϐ
1240 1826 1523 1890 ἐθεάσατο,
1557 1828 1624 1881 δι’
1650 1822 1717 1897 ἦς
1740 1826 1771 1879 6

1874 654 2049 705 reum,
2073 657 2137 695 ex
2172 641 2289 711 ipsa
2321 650 2668 710 corporatur,
2708 651 2765 696 et
2804 651 3061 711 tanquam
3100 655 3333 711 sponsus
3380 642 3448 697 de

1873 734 2114 789 thalamo
2166 734 2417 805 procedit
2448 735 2517 803 ”,
2548 735 2639 804 qui
2684 749 2809 789 rum
2861 734 3001 789 Deus
3061 734 3155 800 sit,
3211 733 3444 789 subinde

1871 826 2049 881 factus
2078 828 2379 898 terrigena,
2431 826 2733 882 exsultabit
2796 834 2855 880 ιιι
2912 825 3064 895 gigas
3112 824 3181 877 ad
3235 832 3446 878 natura:

1874 927 2076 974 nostra:
2116 919 2444 973 currendam
2471 919 2618 973 viam
2649 918 2719 983 '",
2764 933 2860 989 per
2894 916 3170 972 cruciatus
3195 915 3263 970 ad
3305 930 3453 969 mor-

1875 1020 1983 1065 tem
2014 1012 2355 1067 conleudens
2385 1029 2401 1068 :
2432 1020 2491 1065 ut
2520 1011 2713 1066 fortem
2745 1010 2951 1079 alliget,
2987 1009 3265 1079 ipsiusque
3295 1021 3449 1072 vasa,

1874 1102 2175 1159 humanum
2210 1104 2400 1171 utique
2424 1118 2599 1173 genus
2634 1102 2856 1171 diripiat
2882 1102 2952 1167 ⁸¹,
2979 1109 3034 1155 et
3078 1114 3233 1154 ovem
3260 1112 3452 1153 erran-

1875 1204 1984 1248 tent
2024 1194 2090 1247 ad
2143 1194 2420 1251 caelestem
2482 1203 2678 1248 terram
2737 1192 2961 1247 reducat
3011 1191 3079 1245 ³³.
3128 1190 3304 1245 Hodie
3364 1188 3454 1244 ille

1874 1283 2013 1340 fabri
2039 1285 2233 1349 Filius,
2280 1299 2461 1340 rerum
2501 1284 2744 1339 omnium
2779 1283 2977 1338 artifex
3006 1283 3243 1338 Verbum
3282 1280 3449 1346 illius,

1874 1375 1965 1444 qui
1994 1390 2094 1444 per
2120 1375 2296 1442 ipsum
2324 1375 2507 1430 omnia
2536 1375 2799 1436 condidit,
2842 1372 2985 1429 forte
3019 1372 3149 1427 illud
3182 1372 3277 1426 Dei
3306 1372 3454 1426 altis-

1875 1465 1998 1521 simi
2033 1466 2343 1530 brachium,
2392 1466 2643 1519 obtusam
2704 1474 2912 1520 natura:
2988 1467 3195 1521 asciam
3241 1464 3448 1533 Spiritu

1876 1565 2070 1611 sancto
2101 1572 2200 1612 ceu
2228 1558 2400 1627 digito
2425 1572 2524 1612 suo
2552 1571 2852 1621 exacuens,
2878 1558 3176 1611 animatum
3209 1554 3314 1611 sibi
3339 1558 3455 1625 ipse

1876 1649 2082 1704 scalam
2112 1648 2425 1727 fabricavit,
2454 1649 2612 1719 cujus
2643 1649 2750 1703 ima
2795 1664 2921 1719 pars
2974 1649 3027 1703 in
3065 1658 3209 1704 terra
3241 1650 3455 1703 ﬁrmata

1878 1750 1963 1798 est
1991 1781 2007 1805 ,
2040 1755 2251 1795 summa
2277 1752 2457 1796 autem
2495 1739 2563 1794 ad
2608 1740 2805 1794 coelum
2854 1754 3026 1809 usque
3058 1740 3354 1809 porrigitur
3383 1740 3454 1808 “,

1883 1835 1969 1890 cui
1992 1834 2135 1889 Deus
2172 1834 2441 1888 innitatur
2469 1852 2485 1889 :
2515 1834 2672 1904 cujus
2699 1831 2867 1890 Jacob
2900 1836 3126 1903 ﬁguram
3150 1835 3285 1890 vidit
3313 1852 3328 1902 ;
3358 1850 3457 1906 per

190 1920 317 1983 θεὸς
355 1919 607 1984 καταϐὰς
639 1919 1024 1990 ἀμεταϐἀτως,
1057 1920 1263 1987 μᾶλλον
1290 1918 1347 1971 δὲ
1390 1918 1767 1987 συγκαταϐὰς,

1883 1943 2036 1998 quam
2068 1926 2213 1982 Deus
2255 1926 2388 1981 nihil
2426 1936 2666 1982 mutatus
2732 1926 3087 1995 descendens,
3142 1942 3237 1983 seu
3277 1930 3456 1997 potius

190 2008 279 2061 ἐπὶ
335 2007 444 2077 τῆς
482 2009 587 2077 γῆς
647 2007 832 2078 ὤφθη,
884 2008 979 2060 καὶ
1029 2010 1141 2071 τοῖς
1201 2006 1512 2079 ἀνθρώποις
1579 2024 1772 2061 συναν-

192 2100 461 2171 εστράφη.
499 2102 685 2155 Ταῦτα
716 2102 824 2171 γὰρ
845 2102 879 2172 ἡ
900 2100 1223 2165 κατάϐασις,
1254 2100 1288 2170 ή
1322 2100 1772 2173 συγκαταϐατικὴ

189 2192 542 2257 ταπείνωσις,
582 2194 617 2261 ή
649 2194 743 2246 ἐπὶ
765 2192 871 2262 γῆς
902 2191 1176 2257 πολιτεία,
1220 2193 1253 2262 ή
1279 2193 1393 2254 τοῖς
1431 2192 1524 2244 ἐπὶ
1553 2192 1656 2262 γῆς
1684 2192 1771 2245 δο-

194 2280 342 2361 θεῖσα
370 2283 539 2336 αὑτοῦ
578 2285 895 2352 ἐπίγνωσις.
926 2282 1052 2335 Ἐπὶ
1084 2282 1187 2353 γῆς
1225 2281 1447 2354 ἠνοητὴ
1474 2282 1700 2353 κλίμαξ.
1733 2284 1768 2353 ή

194 2383 462 2454 παρθένος
498 2384 817 2455 ἐστήρικται
842 2402 856 2415 ο
893 2386 958 2438 ὲκ
1000 2384 1108 2455 γῆς
1142 2384 1253 2454 γὰρ
1290 2384 1406 2455 ἔχει
1438 2385 1537 2456 τὴν
1574 2383 1773 2455 γέννη-

197 2490 276 2527 σιν
298 2490 313 2505 ·
352 2475 388 2546 ή
424 2474 481 2528 δὲ
512 2475 723 2547 κεφαλὴ
747 2475 884 2548 πρὸς
906 2475 999 2530 τὸν
1028 2476 1280 2547 (ἠρανόν.
1306 2477 1495 2548 Πάσης
1521 2477 1631 2550 γὰρ
1669 2493 1770 2545 γυ-

195 2565 378 2629 ναικὸς
416 2567 629 2639 κεφαλὴ
679 2570 707 2621 6
754 2568 933 2639 ἀνήρ’
972 2567 1088 2622 ἀλλ’
1140 2566 1318 2641 αὕτη,
1368 2568 1554 2640 ἐπειδὴ
1601 2568 1774 2640 ἄνδρα

195 2656 289 2710 οὐκ
315 2657 433 2727 (41)
466 2658 626 2725 ἔγνω,
652 2656 864 2729 κεφαλὴ
891 2657 1105 2728 αὖτῆςὸ
1125 2658 1257 2722 Θεὸς
1280 2659 1373 2713 καὶ
1396 2660 1585 2729 Πατὴρ
1609 2661 1773 2730 ἐχρη-

198 2747 446 2816 μάτισεν,
489 2748 771 2818 Πνεύματι
801 2748 944 2819 ἁγίῳ
994 2748 1335 2817 συναλλαγὰς
1377 2749 1773 2820 ποιησάμενος,

196 2837 287 2890 καὶ
302 2838 469 2891 οἱονεὶ
495 2838 636 2892 θεῖον
664 2838 865 2910 σπόρον
893 2840 1286 2910 πνευματικὸν,
1315 2840 1407 2893 τὸν
1430 2839 1772 2894 ὲαυτοῢΥίὸν

198 2930 289 2982 καὶ
313 2930 490 2997 Λόγον
515 2929 612 3001 τὴν
644 2928 1053 3001 παντοδύναμον
1096 2929 1326 3001 δύναμιν
1356 2930 1769 2996 ἐξαποστείλας.

197 3022 429 3093 Εὑδοκίᾳ
464 3022 573 3092 γὰρ
594 3020 686 3074 τοῦ
710 3020 940 3092 Πατρὸς,
961 3022 1061 3075 οὐκ
1088 3024 1153 3074 ὲκ
1184 3022 1481 3093 συναφείας
1514 3023 1772 3093 φυσικῆς,

202 3111 314 3166 ἀλλ’
339 3119 407 3167 ἐκ
430 3114 746 3183 Πνεύματος
776 3113 931 3181 ἁγίου
964 3114 1058 3166 καὶ
1082 3112 1299 3183 Μαρίας
1330 3114 1430 3185 τῆς
1466 3112 1773 3184 Παρθένου,

202 3207 500 3279 ὑπερφυῶς
555 3207 585 3259 6
638 3207 812 3275 Λόγος
862 3206 999 3277 σὰρξ
1048 3206 1334 3278 ἀτρέπτως
1386 3207 1640 3275 ἐγένετο,
1680 3208 1777 3261 καὶ

1878 2036 1940 2075 se
1964 2019 2311 2087 indulgenter
2345 2017 2638 2079 inclinans.
2674 2018 2729 2073 in
2756 2028 2902 2073 terra
2938 2020 3083 2075 visus
3115 2029 3220 2086 est,
3254 2030 3304 2074 et
3334 2036 3454 2075 cum

1878 2110 2195 2166 hominibus
2226 2120 2584 2166 conversatus
2606 2120 2693 2166 est
2714 2112 2785 2166 ”.
2816 2110 2942 2167 Haec
2970 2114 3117 2168 enim
3164 2114 3458 2167 descensus

1877 2205 1969 2260 ille
2024 2203 2323 2275 signiﬁcat,
2353 2204 2723 2259 inclinatiouis
2769 2204 3175 2270 demissionem,
3211 2205 3265 2260 in
3296 2205 3460 2261 terris

1878 2296 2373 2364 conversationem,
2426 2310 2744 2351 concessam
2780 2296 2848 2351 iis
2876 2297 2967 2366 qui
3011 2296 3064 2350 in
3096 2306 3238 2351 terra
3271 2305 3456 2367 agunt,

1880 2391 2051 2462 ipsius
2077 2390 2472 2461 cognitionem.
2503 2387 2818 2458 Spiritualis
2853 2388 3020 2455 scala,
3043 2389 3147 2443 hoc
3174 2399 3255 2443 est
3278 2390 3457 2458 virgo,

1876 2481 1932 2536 in
1963 2491 2110 2537 terra
2139 2480 2353 2535 ﬁrmata
2380 2486 2501 2545 est;
2532 2488 2592 2532 ut
2615 2492 2736 2548 quae
2761 2492 2827 2533 ex
2864 2487 3011 2533 terra
3037 2486 3216 2533 ortum
3241 2479 3456 2543 habeat;

1879 2584 2044 2645 caput
2070 2588 2201 2630 vero
2233 2574 2300 2627 ad
2331 2572 2530 2628 coelum
2558 2585 2731 2641 usque
2763 2572 3053 2641 pertineat.
3087 2569 3279 2627 Omnis
3310 2587 3463 2624 nam-

1880 2683 1985 2737 que
2017 2666 2261 2721 mulieris
2297 2675 2458 2735 caput
2513 2672 2598 2719 est
2644 2663 2730 2718 vir
2760 2664 2809 2696 "
2846 2680 2861 2718 :
2910 2663 3069 2732 hujus
3101 2672 3305 2729 autem,
3337 2677 3460 2717 cum

1880 2761 2061 2815 virum
2091 2773 2197 2814 non
2228 2758 2451 2823 habeat,
2504 2755 2652 2812 Deus
2704 2765 2760 2811 et
2791 2755 2953 2812 Pater
2991 2764 3158 2826 caput
3209 2754 3334 2819 fuit,
3368 2754 3462 2825 qui

1885 2852 2125 2922 Spiritus
2176 2850 2542 2919 sanctiopera
2592 2847 2831 2918 conjugii
2876 2845 3042 2901 veluti
3094 2846 3273 2901 fmdus
3306 2845 3461 2913 paci-
3561 2886 3571 2894 .

1881 2956 2066 3005 scens,
2107 2950 2365 3009 tanquam
2412 2939 2657 2993 divinum
2708 2938 2978 3007 quoddam
3016 2952 3225 3002 semen,
3262 2936 3459 2991 Filium

1892 3049 2047 3090 suum
2075 3049 2141 3088 ac
2193 3031 2454 3098 Verbum,
2508 3031 2934 3099 omnipotentem
2994 3029 3141 3085 illam
3202 3030 3464 3084 virtutem

1883 3126 2085 3181 emisit.
2142 3123 2377 3194 Deuigna
2422 3122 2619 3192 quippe
2672 3123 2952 3177 voluntate
2992 3120 3196 3187 Patris,
3253 3137 3356 3178 non
3396 3136 3467 3177 ex

1886 3220 2122 3277 naturali
2145 3233 2463 3288 congressu,
2497 3217 2591 3272 sed
2621 3232 2684 3271 ex
2727 3216 2931 3285 Spiritu
2956 3225 3145 3271 sancto
3170 3225 3225 3270 et
3246 3230 3312 3269 ex
3351 3213 3467 3268 Ma-

202 3303 511 3371 ὲσκήνωσεν
548 3300 607 3352 ὲν
662 3301 815 3370 ἡμῖν.
867 3300 1141 3367 Συναφεια
1173 3299 1283 3370 γὰρ
1314 3297 1636 3369 Θεούαπρὸς
1685 3300 1774 3352 ἁν-

1890 3312 1968 3367 ria
1996 3310 2217 3382 Virgine
2247 3324 2413 3380 supra
2475 3316 2683 3363 natura:
2736 3307 2904 3377 leges,
2963 3306 3109 3361 nulla
3167 3306 3467 3360 mutatione

205 3392 451 3463 θρώπους
489 3393 579 3446 διὰ
615 3391 935 3463 Πνεύματος
982 3393 1139 3460 ἁγίου
1187 3392 1418 3461 γίνεται.
1465 3393 1525 3446 '0
1571 3392 1774 3461 χωρῶν

1884 3402 2121 3458 Verbum
2169 3416 2301 3456 caro
2335 3399 2671 3459 factumest.
2718 3409 2775 3453 et
2806 3396 3072 3453 habitavit
3122 3397 3172 3451 in
3211 3395 3368 3451 nobis
3394 3397 3463 3451 ⁸⁷.

204 3487 474 3555 χωρείτω.
523 3486 605 3548 ⁹Ο;
631 3486 789 3555 ἔχων
824 3481 945 3540 ὦτα
981 3487 1263 3550 ἀκούειν,
1302 3485 1591 3541 ἀκούετω.
1635 3484 1774 3551 Ἐξω

1885 3494 1980 3549 Dei
2018 3494 2286 3563 siquidem
2325 3507 2447 3545 cum
2494 3490 2809 3546 hominibus
2839 3488 3150 3557 coniunctio
3178 3503 3275 3557 per
3302 3488 3467 3558 spiri-
3570 3518 3573 3519 ν

205 3579 308 3630 τῶν
332 3578 666 3649 σωματικῶν
692 3578 1000 3650 γενώμεθα.
1047 3577 1283 3640 ’Δπαθὲς
1312 3578 1374 3632 τὸ
1402 3578 1569 3644 θεῖον,
1607 3579 1655 3631 οἱ
1684 3578 1774 3633 ἄν·

1884 3596 1997 3642 tum
2021 3584 2272 3640 eﬂicitur.
2295 3582 2402 3649 Qui
2422 3592 2591 3653 potest
2638 3598 2838 3649 capere,
2870 3580 3049 3651 capiat
3082 3580 3146 3636 ⁵⁸.
3181 3579 3285 3644 Qui
3311 3578 3466 3634 habet

208 3672 411 3743 θρωποι
431 3687 447 3702 ο
480 3674 508 3726 6
542 3671 773 3736 ἀπαθῶς
808 3673 1075 3743 γεννήσας
1106 3672 1169 3725 τὸ
1197 3671 1468 3743 πρότερον
1510 3671 1774 3740 φυσικῶς,

1887 3692 2042 3732 aures
2066 3674 2343 3738 audiendi,
2376 3673 2556 3727 audio.
2576 3673 2643 3727 ".
2672 3671 2717 3725 Α
2744 3672 2905 3727 rebus
2930 3669 3308 3740 corporalibus
3338 3670 3465 3725 abs-

208 3764 435 3829 ἀπαθῶς
465 3766 559 3819 τὸν
594 3766 756 3819 αὑτὸν
788 3765 919 3818 Υίδν
941 3766 1109 3836 γεννᾷ
1144 3766 1239 3818 καί
1266 3765 1327 3818 τὸ
1355 3763 1609 3836 δεύτερον
1635 3765 1774 3818 οἰκο-

1890 3770 2170 3825 cedamus.
2240 3765 2521 3823 Passionis
2575 3768 2764 3820 exsors
2813 3764 3051 3819 divinum
3129 3778 3366 3827 numen,
3433 3776 3468 3816 o

208 3858 463 3927 νομικῶς.
486 3860 599 3913 Καὶ
626 3860 832 3931 μάρτυς
856 3859 1041 3925 Δαϐὶδ,
1069 3861 1098 3912 6
1115 3858 1564 3930 ΘεοπάτωρζῌΞ),
1582 3858 1774 3928 λέγων·

1892 3860 2181 3925 homines;
2207 3858 2299 3929 qui
2327 3858 2474 3913 nulla
2503 3855 2855 3928 perpessione
2876 3862 3068 3925 suapte
3100 3864 3295 3908 natura
3320 3854 3469 3923 prius

211 3951 419 4018 Κύριος
447 3947 579 4005 εἷπε
608 3953 758 4021 πρός
780 3968 854 4023 με
877 3969 891 3984 ·
932 3953 1065 4019 Υἱός
1089 3969 1210 4021 μου
1240 3948 1301 4006 εἴ
1321 3952 1425 4017 σὺ,
1458 3950 1573 4021 ἐγὼ
1592 3950 1774 4021 σήμε-

1889 3953 2101 4026 geuuit,
2155 3950 2300 4006 nulla
2352 3964 2574 4022 quoque
2622 3948 2975 4019 perpessione
3019 3946 3266 4002 eumdem
3293 3946 3468 4014 ipsum

205 4056 313 4107 por
341 4042 681 4111 γεγέννηκά
712 4060 806 4099 σε.
841 4044 915 4097 Τὸ
954 4044 1034 4108 δὲ,
1069 4043 1357 4112 σήμερον,
1399 4044 1496 4096 ἐπὶ
1523 4030 1625 4114 τῆς
1649 4061 1774 4115 προ-

1892 4053 2081 4115 postea
2112 4042 2311 4098 Filium
2343 4040 2553 4112 genuit,
2584 4048 2736 4094 certa
2768 4036 3191 4108 dispensationis
3236 4037 3467 4091 ratione.

214 4134 423 4188 αιωνίου
466 4136 775 4207 γεννήσεως
836 4136 1021 4208 χώραν
1088 4137 1190 4190 οὐκ
1236 4135 1387 4205 ἔχει’
1435 4136 1619 4207 ἐκείνη
1673 4136 1774 4205 γὰρ

1890 4135 2057 4205 Cujus
2088 4136 2241 4191 testis
2268 4145 2351 4189 est
2378 4133 2475 4188 Dei
2513 4145 2715 4203 parens
2743 4131 2933 4193 David,
2954 4130 3045 4183 ubi
3074 4129 3151 4182 ait
3177 4147 3191 4184 :
3215 4128 3471 4181 Dominus

213 4224 455 4295 ἄχρονος.

1892 4230 2027 4284 dixit
2057 4230 2126 4282 ad
2155 4243 2275 4283 me:
2327 4224 2502 4282 Filius
2546 4241 2693 4279 meus
2743 4240 2797 4279 es
2835 4233 2890 4278 tu
2914 4239 2934 4278 :
2967 4238 3060 4289 ego
3101 4221 3256 4275 hodie
3315 4223 3472 4288 genui

216 4322 261 4368 te
289 4317 355 4371 “.
393 4316 528 4372 Illud
578 4333 843 4387 namque,
876 4320 1056 4387 hodie,
1098 4319 1149 4373 in
1193 4332 1256 4374 ea
1304 4319 1586 4373 uativitate
1624 4332 1746 4387 qua:
1783 4321 1999 4377 saeculis
2026 4330 2109 4377 est
2150 4318 2416 4383 anterior,
2457 4316 2634 4372 locum
2676 4330 2783 4369 non
2872 4312 3034 4370 habet
3073 4327 3089 4365 :
3132 4310 3329 4379 quippe
3352 4322 3474 4378 qua)

217 4408 327 4463 sine
355 4420 603 4480 tempore
628 4420 732 4466 est.

277 4501 336 4555 δ’.
385 4503 639 4574 Σήμερον
676 4505 711 4575 ή
758 4503 900 4559 κατά
940 4504 1202 4569 ἀνατολὰς
1233 4503 1577 4577 ᾠκοδόμηται
1618 4505 1785 4577 πύλη,

1968 4505 2023 4559 4.
2061 4501 2229 4559 Hodie
2264 4511 2416 4572 porta
2455 4501 2543 4556 illa
2568 4500 2634 4554 ad
2663 4498 2927 4554 orientem
2955 4496 3152 4567 posita,
3192 4503 3472 4550 exstructa

215 4594 276 4647 δι’
320 4591 389 4667 ἦς
430 4596 669 4668 Χριστὸς
717 4597 1085 4651 εἰσελεύσεται
1134 4600 1229 4652 καὶ
1274 4599 1648 4665 ἐξελεύσεται,
1696 4600 1774 4653 κα¹

1897 4606 2001 4662 est,
2036 4612 2131 4667 per
2152 4612 2312 4666 quam
2335 4593 2585 4650 Christus
2615 4592 2946 4664 ingredietur
2962 4599 3016 4644 et
3036 4589 3353 4659 egredictur
3377 4588 3421 4619 “
3458 4606 3475 4643 :

216 4685 356 4741 ἔσται
413 4688 775 4760 κεκλεισμένη
817 4690 850 4760 ή
900 4688 1040 4760 πύλη
1066 4730 1081 4752 ,
1138 4692 1195 4742 ὲν
1325 4690 1556 4761 Χριστὸς
1586 4692 1618 4761 ή
1654 4689 1795 4761 θύρα

218 4778 315 4832 τῶν
346 4780 660 4851 προϐάτων,
688 4780 941 4852 ’Δνατολὴ
961 4782 1131 4852 ὄνομα
1158 4781 1327 4850 αύτῷ,
1350 4780 1417 4834 δι’
1439 4781 1498 4834 ὃν
1528 4782 1663 4852 πρὸς
1690 4782 1795 4852 ἀρ-

219 4870 468 4941 χίφαντον
518 4872 741 4942 Πατέρα
774 4872 1139 4944 προσαγωγὴν
1176 4872 1511 4941 ἐσχήκαμεν.
1548 4873 1793 4945 Σήμερον

220 4963 479 5017 ἔπνευσαν
510 4961 675 5036 αὖραι
708 4967 883 5035 χαρᾶς
919 4964 1263 5036 παγκοσμίου
1298 4965 1648 5035 προάγγελοι.
1686 4967 1791 5019 Εὐ-

222 5061 523 5131 φραινέσθω
559 5063 588 5114 6
620 5061 846 5132 οὐρανὸς
882 5060 1109 5126 ἄνωθεν,
1148 5061 1246 5114 καὶ
1277 5060 1685 5134 ἁγαλλιάσθωή
1721 5062 1793 5133 γῆ

224 5153 493 5219 κάτωθεν,
538 5153 853 5225 σαλευθήτω
896 5156 929 5225 ἡ
979 5152 1074 5208 τοῦ
1130 5153 1336 5223 κόσμου
1376 5154 1639 5210 θάλασσα.
1705 5153 1795 5207 Ἐν

225 5245 353 5314 αὐτῇ
387 5247 496 5314 γὰρ
530 5245 722 5316 κόχλος
750 5248 1010 5317 γεννᾷται
1031 5285 1046 5309 ,
1088 5245 1122 5315 ἦ
1160 5262 1243 5307 τις
1277 5245 1571 5317 οὐρανόθεν
1597 5248 1663 5300 ὲκ
1694 5247 1795 5317 τῆς

224 5335 503 5407 ἀστραπῆς
539 5338 636 5408 τῆς
666 5336 915 5407 θεότητος
946 5338 1004 5391 ὲν
1036 5336 1236 5408 γαστρὶ
1275 5336 1408 5404 ἕξει,
1443 5338 1540 5391 καὶ
1585 5338 1797 5403 τέξεται

1901 4700 1952 4747 et
1978 4691 2084 4746 erit
2107 4690 2291 4744 clausa
2318 4696 2493 4758 porta,
2517 4688 2571 4741 in
2595 4700 2701 4755 qua
2720 4682 2973 4739 Christus
2994 4682 3194 4737 ostium
3210 4681 3389 4735 ovium
3409 4681 3475 4746 ",

1902 4784 2056 4853 cujus
2108 4797 2304 4837 nomen
2361 4780 2558 4835 Oriens
2587 4778 2633 4811 ⁸³
2667 4796 2681 4831 :
2712 4792 2810 4847 per
2862 4790 3023 4845 quem
3076 4787 3353 4828 accessum
3410 4772 3477 4824 ad

1901 4874 2115 4931 Patrem
2164 4874 2387 4929 luminis
2415 4872 2744 4942 principium
2790 4869 3100 4923 habuimus.
3156 4865 3325 4920 llodie
3356 4879 3472 4934 per-

1901 4965 2099 5022 ﬁarunt
2123 4980 2270 5021 aurae
2308 4965 2474 5020 totius
2489 4964 2639 5019 orbis
2668 4958 2849 5029 gaudii
2900 4956 3235 5029 praenuntiae.
3261 4954 3477 5008 Laten-

1904 5070 1995 5115 tur
2049 5059 2170 5115 caali
2228 5060 2485 5128 desuper,
2517 5068 2770 5126 terraque
2806 5053 2948 5107 inira
2994 5049 3256 5114 exsultet,
3287 5048 3474 5101 mundi

1903 5169 2056 5209 mare
2079 5162 2509 5210 commoveatur.
2541 5150 2601 5205 In
2645 5148 2750 5203 hoc
2777 5145 2921 5202 enim
2955 5143 3164 5200 concha
3213 5140 3475 5212 gignitur,

1904 5262 2025 5317 quae
2075 5246 2292 5303 caelitus
2333 5261 2402 5301 ex
2449 5244 2635 5298 divino
2676 5240 2911 5311 iulgetro
2942 5238 2995 5291 itt
3026 5246 3183 5291 utero
3230 5232 3477 5295 habebit,

1905 5340 2186 5410 parietque
2242 5334 2694 5409 pretiosissimam
2745 5328 3097 5399 margaritam
3152 5323 3473 5381 Christum:

286 5509 331 5541 ⁸⁸
375 5510 515 5563 Psal.
550 5501 703 5577 sviti,
734 5512 788 5569 6.
861 5512 907 5545 "
950 5512 1079 5566 ibid.
1155 5513 1201 5545 ³¹
1240 5511 1429 5567 Matth.
1461 5528 1560 5575 xu,
1591 5514 1683 5571 29.
1758 5515 1774 5546 '

1883 5530 1977 5571 .uc.
2008 5530 2098 5579 xv,
2127 5512 2161 5568 4
2189 5527 2308 5581 seq.
2382 5512 2431 5544 ⁵⁵
2467 5511 2834 5581 Gen._xxvm,
2866 5506 2951 5581 [3.
3020 5503 3079 5581 _'_'
3103 5500 3353 5581 _Baru_cb.
3385 5514 3475 5559 ιιι,

382 5582 665 5655 ⁸⁸]ἐρ1ιες.
691 5573 749 5647 vv,
777 5582 869 5637 25.
944 5584 989 5655 ξ’
1026 5580 1185 5655 ξοθη.
1219 5600 1260 5649 ι,
1292 5582 1501 5655 145‘“
1542 5573 1731 5642 Matth.
1764 5602 1774 5641 1

1883 5585 1925 5640 Ξ.
2000 5587 2046 5618 ⁵⁸
2086 5573 2220 5642 Luc.
2246 5573 2367 5645 vin.
2397 5583 2453 5639 8.
2529 5581 2574 5613 ‘°
2617 5579 2762 5637 Psal.
2794 5573 2856 5649 ll,
2884 5579 2938 5635 7.
3016 5576 3059 5609 “
3101 5573 3301 5647 Ezech.
3332 5586 3476 5633 thv,

247 5652 361 5708 24.
437 5652 482 5684 ⁸³
520 5651 678 5710 Joan.
719 5668 775 5722 ι,
807 5655 862 5710 9.
940 5654 985 5686 ⁸³
1025 5653 1252 5710 Zachar.
1282 5668 1355 5719 vn,
1389 5652 1475 5709 ιε.

293 5830 401 5897 (40)
434 5829 575 5886 Edit.
607 5829 855 5886 τοκετοῦ.

294 5840 381 5897 (tu
435 5840 575 5886 Etlit.
607 5840 855 5886 τοκετου.

294 5840 404 5975 (il;
453 5900 585 5973 Reg.
628 5902 677 5959 l.
710 5901 866 5959 alter.
908 5912 963 5959 et
990 5900 1181 5958 Patttin
1214 5912 1270 5958 ut
1300 5900 1355 5958 in
1387 5910 1555 5958 textu.
1591 5898 1792 5957 Desunt

1898 5828 2014 5886 haec
2054 5828 2105 5881 in
2140 5826 2272 5883 edit.

1971 5898 2083 5969 (Β)
2112 5899 2254 5955 Edit.
2290 5898 2317 5953 6
2357 5895 2654 5962 θειότατος.
