4046 6420
574 450 677 512 667

1746 446 1807 507 S.
1848 445 2169 507 JOANNIS
2208 443 2639 506 DAMASCENI

3733 448 3839 511 668

575 564 647 605 ex
700 564 807 620 qua
864 546 978 604 Rex
1020 546 1208 619 gloriae
1262 550 1447 606 carnis
1508 566 1748 622 purpura
1806 556 2059 620 vestitus,
2089 556 2150 608 ad

2256 554 2348 606 τὸν
2369 555 2732 622 πολυτίμητον
2763 548 3129 622 μαργαρίτην·
3163 547 3420 619 Χριστόν·
3442 546 3500 613 ἐξ
3525 539 3591 618 ἧς
3622 547 3651 600 6
3673 546 3836 600 Βασι-

575 643 822 711 captivos
871 640 1039 714 8M
1092 644 1334 708 veniens,
1390 644 1773 700 dentissionem
1818 646 2156 715 prazdicahit.

578 735 821 789 Exsultet
869 745 1062 797 natura
1098 753 1112 789 :
1146 750 1284 805 agna
1336 737 1480 789 enim
1517 738 1596 804 ,in
1655 736 1826 791 lucem
1860 737 2057 804 editur,
2090 751 2155 791 ex

577 840 684 894 qua
731 825 925 880 Pastor
979 841 1137 880 ovem
1207 826 1412 891 induet,
1453 841 1515 881 ac
1567 828 1769 883 veteris
1804 828 2157 883 mortalitatis

578 919 787 972 tunicas
817 919 1098 973 lacerabit.
1125 918 1377 974 Choreas
1403 930 1526 989 agat
1559 920 2154 990 virginitas,quoniam,

574 1019 634 1061 ut
675 1010 913 1079 loquitur
969 1009 1138 1063 Isaias
1163 1009 1231 1071 “,
1262 1021 1388 1063 nata
1439 1012 1594 1079 virgo
1623 1017 1731 1073 est,
1771 1023 1893 1078 qua:
1919 1007 2149 1063 habebit

573 1097 627 1152 in
656 1110 834 1164 utero,
863 1099 1147 1169 pariettpte
1206 1100 1400 1163 lilium,
1436 1100 1595 1167 cujus
1645 1114 1843 1154 nomen
1882 1099 2157 1153 vocabunt

572 1189 915 1258 Emmanuel,
963 1193 1067 1248 hoc
1140 1201 1245 1256 est.
1296 1191 1593 1248 Nobiscum
1646 1192 1809 1247 Deus.
1862 1192 2153 1248 Nobiscum

572 1284 734 1349 Deus,
798 1286 1079 1355 agnoscite
1150 1284 1486 1350 Nestoriani,
1542 1301 1606 1341 ac
1666 1286 1884 1340 tandem
1939 1285 2150 1350 cedite;

571 1377 696 1445 quia
735 1377 1018 1432 nobiscum
1045 1377 1210 1434 Deus.
1237 1377 1351 1432 Non
1386 1378 1632 1446 angelus,
1660 1394 1765 1432 non
1799 1377 2032 1446 legatus,
2057 1377 2151 1431 sed

575 1465 690 1532 ipse
736 1465 998 1521 Dominus
1043 1467 1214 1533 venit,
1239 1477 1293 1521 et
1338 1467 1571 1521 salvahit
1602 1482 1700 1521 nos
1727 1466 1793 1519 ⁸³.
1823 1466 2148 1520 Benedictus

574 1557 663 1623 qui
728 1558 876 1611 venit
936 1559 989 1612 in
1046 1560 1269 1614 nomine
1312 1559 1548 1624 Domini,
1584 1558 1728 1613 Deus
1763 1558 2045 1623 Dominus,
2087 1564 2145 1611 et

577 1648 754 1702 illuxit
797 1649 953 1704 nobis
983 1650 1053 1706 ".
1083 1649 1493 1703 Constituamus
1525 1650 1669 1703 diem
1711 1650 2018 1703 solemnem
2053 1664 2151 1717 pro

579 1739 674 1794 Dei
715 1739 1008 1795 Genitricis
1065 1741 1367 1795 nativitate.
1410 1739 1649 1804 Laztare,
1718 1741 1868 1794 Anna
1927 1740 2148 1807 sterilis,

581 1848 702 1900 qum
734 1849 836 1886 non
879 1833 1024 1900 paris
1053 1848 1072 1885 :
1114 1847 1329 1900 erumpe
1370 1843 1416 1886 et
1441 1833 1636 1898 clama,
1685 1848 1803 1901 qua:
1838 1849 1940 1886 non
1965 1846 2151 1902 partu-

2258 646 2384 709 λεὺς
2405 646 2505 715 τῆς
2530 644 2688 715 δόξης
2717 642 2816 714 τὴν
2840 646 2942 714 τῆς
2966 641 3168 712 σαρκὸς
3197 640 3488 712 πορφύραν
3514 638 3837 709 περιϐαλλόο

2261 753 2442 807 μενος,
2478 738 2586 799 τοῖς
2620 734 2985 806 αἰχμαλώτοις
3024 732 3369 803 ἐπιδημήσας
3393 774 3406 793 ,
3446 731 3674 801 κηρύξει
3722 732 3835 797 (45)

2260 829 2479 895 ἄφεσιν.
2513 826 2798 897 Σκιρτὰτω
2825 829 2856 896 ἡ
2888 825 3069 895 φύσις·
3096 826 3128 895 ἡ
3153 824 3261 895 γὰρ
3289 823 3468 894 apud;
3487 822 3753 883 τίκτεται,
3780 824 3838 888 ἐξ

2254 913 2323 988 ἦς
2367 919 2396 970 6
2437 918 2642 987 ποιμὴν
2693 916 3069 987 περιϐαλεῖται
3116 915 3178 968 τὸ
3226 914 3533 985 πρόϐατον,
3580 918 3673 967 καὶ
3715 918 3836 978 τοὺς

2255 1009 2490 1078 χιτῶνας
2518 1008 2799 1079 διαρῤιῇξει
2838 1007 2940 1076 τῆς
2973 1007 3142 1060 πάλαι
3171 1005 3515 1076 νεκρώσεως.
3550 1005 3836 1077 Χορεύετω

2257 1099 2546 1170 παρθενία,
2582 1100 2663 1153 ὃτι
2695 1099 2889 1169 ἐτέχθη
2920 1100 3059 1152 κατὰ
3090 1098 3180 1151 τὸν
3221 1098 3450 1152 Ἠσαίαν
3480 1098 3773 1169 παρθένος,
3801 1100 3837 1169 ἦ

2254 1208 2337 1255 τις
2362 1193 2419 1244 ἐν
2447 1192 2647 1263 γαστρὶ
2668 1191 2799 1255 ἕξει,
2831 1191 2923 1244 καὶ
2942 1191 3155 1256 τέξεται
3177 1190 3313 1255 υἱὸν,
3340 1190 3437 1244 καὶ
3460 1191 3756 1243 καλέσουσι
3778 1193 3837 1243 τὸ

2254 1283 2425 1353 ὄνομα
2468 1283 2633 1336 αὑτοῦ
2682 1282 3063 1353 Ἐμμανουήλ·
3110 1283 3378 1349 τουτέστι,
3402 1285 3547 1336 Μεθ’
3597 1281 3764 1351 ἡμῶν
3803 1285 3839 1337 ὁ

2257 1376 2401 1441 Θεός
2430 1374 2562 1444 (44).
2597 1376 2797 1440 Γνῶτε,
2832 1376 3137 1446 Νεστόριοι,
3170 1377 3265 1429 xui.
3298 1376 3558 1444 ἡττᾶσθε,
3593 1376 3674 1428 ὅτι
3720 1374 3838 1445 μεθ’

2252 1469 2284 1536 ἡ
2296 1467 2409 1537 μῶν
2442 1469 2470 1519 6
2501 1468 2653 1531 Θεός.
2687 1469 2800 1521 Οὐκ
2824 1468 3108 1540 ἄνθρωπος
3138 1468 3249 1539 (45)
3275 1508 3290 1533 ,
3326 1470 3387 1522 οὐ
3418 1469 3688 1539 πρέσδυς’
3725 1468 3838 1520 ἀλλο

2253 1562 2416 1625 αὐτὸς
2442 1561 2471 1614 6
2512 1560 2717 1633 Κύριος
2748 1561 2889 1630 ἥξει,
2927 1562 3018 1615 καὶ
3052 1561 3219 1614 σώσει
3254 1563 3422 1632 ἡμᾶς.
3457 1560 3839 1631 Εὐλογημένος

2252 1659 2280 1711 ὁ
2319 1656 2611 1727 ἐρχόμενος
2659 1657 2716 1709 ἐν
2744 1655 2970 1726 ὀνόματι
3008 1654 3246 1726 Κυρίου,
3280 1654 3414 1717 θεὸς
3463 1654 3695 1723 Κύριος,
3744 1654 3837 1705 xui.

2254 1747 2526 1817 ἐπέφηνεν
2551 1748 2704 1816 ἡμῖν.
2732 1747 3137 1817 Συστησώμεθα
3161 1745 3353 1817 ἑορτὴν
3377 1747 3473 1800 ἐπὶ
3494 1748 3562 1817 τῇ
3586 1744 3835 1814 γεννήσει

2253 1840 2352 1909 τῆς
2375 1838 2664 1892 Θεοτόκου.
2698 1838 3029 1909 Εὐφραίνου,
3075 1838 3244 1892 Ἀννα
3272 1837 3504 1907 στεῖρα,
3559 1837 3599 1904 ἠ
3636 1837 3708 1889 οὑ
3751 1837 3835 1888 τί-

577 1924 652 1976 ris
683 1923 749 1977 ⁸⁷.
798 1922 1045 1989 Exsulta,
1076 1921 1344 1989 Joachirn,
1379 1924 1636 1993 quoniam
1659 1938 1728 1977 ex
1753 1924 1862 1978 ﬁlia
1900 1935 1987 1978 tua
2016 1940 2150 1994 puer

2256 1944 2506 1986 κτουσα·
2521 1929 2720 1999 ῥῆξον
2739 1933 2833 1985 καὶ
2850 1932 3109 1999 βόησον,
3130 1931 3167 1998 ἡ
3180 1933 3291 1986 οὐκ
3303 1930 3631 1984 ὠδίνουσα.
3650 1928 3836 1996 ’Δγάλ-

578 2026 736 2069 natus
759 2024 845 2069 est
877 2014 1055 2080 nobis,
1083 2024 1138 2069 et
1170 2014 1312 2068 (ilius
1340 2016 1500 2070 datus
1531 2023 1619 2070 est
1666 2016 1845 2082 nobis,
1879 2027 1935 2071 et
1967 2030 2137 2071 voca-

575 2106 723 2161 bitur
777 2121 972 2162 nomen
1017 2108 1135 2178 ejus
1178 2108 1358 2177 magni
1400 2108 1634 2176 consilii,
1662 2109 1858 2164 salutis
1888 2108 2147 2165 universi

578 2201 784 2267 mundi,
811 2200 1059 2271 Angelus,
1092 2201 1233 2255 Deus
1256 2202 1409 2270 [ortis
1427 2203 1493 2257 ⁸⁸.
1524 2201 1805 2257 Nestorius
1833 2202 2144 2269 erubescat,

575 2301 633 2348 et
677 2293 759 2347 ori
816 2308 1033 2346 manum
1090 2293 1355 2362 imponat.
1402 2292 1543 2349 Puer
1582 2294 1681 2349 iste
1724 2296 1862 2350 Deus
1899 2304 1984 2351 est
2012 2313 2027 2351 :
2057 2295 2150 2364 qui

582 2397 722 2452 ergo
745 2398 1071 2451 puerperam
1121 2383 1216 2437 Dei
1267 2382 1598 2437 Genitricem
1651 2385 1899 2452 negasti:
1937 2384 1995 2439 Si
2028 2384 2153 2454 quis

582 2486 829 2531 sanctam
870 2474 1146 2545 Virginem
1183 2475 1275 2531 Dei
1318 2478 1645 2532 Genitricem
1688 2492 1793 2531 non
1837 2477 2149 2542 conﬁtetur,

574 2567 782 2622 alienus
828 2575 912 2622 est
962 2582 991 2620 a
1023 2567 1231 2623 Deitate
1270 2568 1337 2623 ⁸ο.
1363 2587 1383 2621 ι
1418 2567 1534 2623 Νοη
1586 2583 1762 2623 meum
1799 2569 1902 2623 hoc
1947 2568 2151 2623 dictum

574 2666 677 2719 est,
713 2656 813 2709 etsi
849 2671 1001 2710 meus
1030 2666 1112 2711 est
1147 2671 1332 2712 sermo
1364 2675 1377 2711 :
1408 2659 1547 2712 hanc
1584 2659 1727 2712 enim
1760 2659 2150 2713 divinissimam

577 2745 948 2799 haareditatem
984 2760 1014 2799 a
1043 2744 1314 2816 Theologo
1338 2757 1491 2817 patre
1512 2747 1772 2818 Gregorio
1798 2750 2009 2819 accepi.

645 2944 698 2999 5.
736 2943 781 2999 Ο
812 2945 1026 2999 beatum
1078 2959 1176 3013 par
1215 2942 1461 3000 Joachim
1524 2955 1581 3000 et
1624 2946 1801 3012 Anna,
1832 2944 2159 3004 immacula-

578 3036 845 3091 tissimum
886 3038 1136 3106 prorsus!
1171 3037 1245 3091 Ex
1277 3037 1455 3092 fructu
1480 3039 1687 3093 ventris
1739 3041 1903 3094 vestri
1942 3055 2152 3110 cogno-

576 3130 811 3197 scimini,
863 3130 1008 3185 velut
1058 3131 1260 3195 alicubi
1308 3131 1568 3185 Dominus
1608 3132 1723 3187 ait:
1761 3131 1845 3185 Ex
1886 3131 2147 3201 fructibus

576 3237 757 3276 eorum
814 3223 1134 3291 cognoscetis
1161 3239 1246 3277 eos
1278 3222 1344 3276 7°.
1379 3222 1468 3277 Uti
1500 3221 1612 3279 Deo
1638 3230 1848 3292 gratum
1887 3231 2027 3290 erat,
2068 3233 2151 3278 at-

2250 2018 2363 2087 λου,
2405 2019 2684 2091 Ἰωακεὶμ,
2719 2021 2799 2074 δτι
2825 2023 2888 2075 ἐκ
2909 2022 3011 2091 τῆς
3040 2021 3309 2094 θυγατρὸς
3333 2021 3549 2075 παιδίον
3571 2020 3832 2091 ἐγεννήθη

2250 2113 2401 2183 ἡμῖν,
2430 2112 2544 2176 υίὸς
2571 2115 2667 2166 καὶ
2691 2112 2849 2183 ἐδόθη
2875 2114 3025 2183 ἡμῖν,
3059 2114 3150 2166 καὶ
3173 2112 3419 2166 καλεῖται
3450 2113 3514 2165 τὸ
3540 2112 3716 2181 ὄνομα
3742 2114 3833 2165 αὖ·

2250 2203 2345 2257 τοῦ
2392 2204 2666 2274 μεγάλης
2687 2203 3099 2275 βουλῆς,,τῆς
3157 2205 3509 2275 παγκοσμίου
3563 2205 3836 2277 σωτηρίας

2249 2292 2535 2365 ﬁrmato“!
2546 2296 2691 2363 Θεὸς
2717 2298 2986 2365 ἰσχυρός.
3016 2298 3366 2369 Αίσχυνέσθω
3392 2299 3714 2369 Νεστόριος,
3746 2297 3835 2351 καὶ

2250 2388 2445 2442 τιθέτω
2480 2390 2639 2459 χεῖρα
2673 2388 2767 2443 ἐπὶ
2801 2388 2880 2459 τῷ
2910 2389 3136 2459 στόματι
3162 2390 3297 2460 (46).
3341 2390 3415 2442 T6
3447 2391 3669 2444 παιδίον
3687 2388 3832 2469 Θεδς,

2250 2480 2344 2532 καὶ
2370 2479 2489 2542 πῶς
2520 2481 2582 2532 οὐ
2610 2479 2871 2542 Θεοτόκος
2902 2481 2934 2551 ὴ
2958 2480 3249 2545 le'coucu;
3297 2498 3315 2531 ι
3351 2478 3418 2532 Εἴ
3438 2497 3526 2543 τις
3560 2480 3622 2533 οὐ
3649 2480 3835 2532 820:6-

2251 2586 2346 2623 κον
2380 2569 2635 2640 ὁμολογεῖ
2673 2571 2773 2642 τὴν
2816 2571 2979 2639 ἁγίαν
3026 2571 3298 2641 Παρθένον
3341 2568 3487 2641 (άῖ),
3519 2570 3697 2640 χωρίς
3727 2572 3833 2622 ἐστι

2250 2661 2349 2731 τῆς
2388 2661 2677 2731 Θεότητος.
2724 2681 2741 2713 ι
2776 2663 2888 2715 Οὐκ
2912 2660 3041 2732 ἐμὸς
3073 2665 3101 2714 6
3129 2662 3305 2730 λόγος,
3340 2664 3387 2714 εί
3413 2662 3509 2713 καὶ
3538 2662 3675 2731 ἐμὸς
3699 2663 3728 2714 6
3754 2660 3833 2712 λό-

2251 2771 2366 2822 γος·
2401 2755 2600 2825 κλῆρον
2629 2756 2737 2827 γὰρ
2774 2755 2961 2808 τοῦτον
2991 2756 3055 2808 ἐκ
3092 2755 3356 2824 Θεολόγου
3384 2756 3592 2827 πατρὸς
3631 2756 3836 2827 Γρηγο-

2254 2847 2371 2917 ρίου
2397 2847 2854 2915 θεολογικῶτατον
2878 2848 3155 2919 δέδεγμαι.
3296 2846 3299 2851 ”

2322 2937 2384 2991 ε’.
2420 2939 2483 2990 Ὢ
2528 2939 2796 3011 μακάριον
2833 2940 3024 3008 ζεῦγος
3066 2941 3327 3012 Ἰωακεὶμ
3375 2941 3471 2995 καὶ
3507 2942 3704 3006 Ἀννα,
3746 2940 3834 2993 καὶ

2252 3029 2419 3095 ὅντως
2458 3032 2872 3103 πανάχραντονί
2915 3033 3011 3086 Ἐκ
3045 3032 3264 3105 καρποῦ
3294 3034 3394 3103 τῆς
3434 3033 3652 3098 κοιλίας
3682 3033 3831 3105 ὑμῶν

2252 3123 2662 3196 ἐπεγνώσθητε,
2697 3123 2879 3188 καθώς
2918 3126 3051 3197 φησί
3081 3142 3184 3179 που
3219 3127 3247 3179 6
3287 3125 3513 3198 Κύριος·
3563 3128 3666 3180 Ἐκ
3696 3144 3831 3194 καρ-

2254 3216 2384 3271 πῶν
2406 3217 2605 3271 αὐτῶν
2631 3218 3039 3288 ἐπιγνώσεσθε
3065 3223 3308 3286 αὐτούς.
3343 3223 3669 3291 Εὐαρὲστως
3696 3221 3830 3294 Θεῷ,

575 3328 681 3382 que
714 3328 776 3368 ea
810 3315 1029 3383 dignum
1054 3330 1174 3383 qua:
1206 3330 1273 3369 ex
1329 3314 1485 3369 vobis
1530 3291 1779 3381 ortaest,
1806 3316 1930 3369 vita:
1952 3326 2148 3370 vestrae

2257 3309 2350 3363 καὶ
2397 3309 2565 3376 ἀξίως
2607 3310 2706 3380 τῆς
2754 3310 2813 3377 ἐξ
2860 3310 3015 3380 ὑμῶν
3052 3312 3337 3383 τεχθείσης
3387 3291 3828 3370 ἐπολιτεύσασθε.

579 3406 816 3459 rationes
853 3405 1189 3460 instituistis.
1220 3405 1380 3460 Casta
1408 3406 1554 3460 enim
1597 3415 1653 3459 et
1679 3415 1871 3460 sancta
1917 3420 2151 3461 conver-

577 3496 789 3551 satione
812 3506 991 3550 vestra
1016 3496 1349 3567 virginitatis
1394 3497 1594 3551 monile
1623 3496 1952 3565 protulistis,
1997 3512 2145 3564 eam,

584 3604 706 3659 quae
736 3598 863 3642 ante
891 3596 1103 3658 partum
1131 3591 1284 3658 virgo
1326 3588 1484 3652 foret,
1514 3599 1676 3657 atque
1706 3590 1757 3643 in
1791 3600 1945 3658 partu
1976 3590 2150 3659 virgo,

579 3691 678 3730 nec
730 3690 839 3730 non
890 3677 1043 3747 virgo
1092 3688 1211 3746 post
1264 3686 1514 3747 partum;
1556 3679 1725 3742 illam,
1760 3681 1998 3751 inquam,
2032 3694 2152 3748 qua;

578 3767 695 3821 sola
742 3781 977 3833 semper,
1004 3779 1114 3820 tum
1156 3778 1357 3830 tuente.
1404 3778 1518 3822 tum
1584 3769 1787 3834 animo,
1821 3780 1931 3823 tum
1987 3772 2152 3824 etiam

580 3872 807 3927 corpore
844 3858 1205 3926 virginitatem
1253 3858 1463 3911 cultura
1525 3868 1695 3914 esset.
1734 3860 1839 3913 Par
1880 3860 2151 3929 siquidem

577 3959 717 4014 erat,
751 3957 810 4002 ut
832 3948 1147 4018 germinans
1194 3949 1307 4006 illic
1332 3966 1393 4005 ex
1426 3953 1678 4005 castitate
1710 3951 2016 4020 virginitas,
2051 3967 2145 4008 sn-

578 4039 689 4094 lum
757 4041 907 4095 illum
963 4042 1295 4112 unigenitum
1364 4044 1543 4098 lumen
1608 4046 1877 4114 corporali
1937 4045 2152 4100 ratione

580 4132 923 4202 produceret,
954 4135 1072 4203 ejus
1090 4136 1320 4204 benigna
1365 4136 1669 4201 voluntate,
1694 4138 1783 4205 qui
1820 4139 2149 4208 incorporati

581 4229 740 4283 modo
793 4228 969 4297 ipsum
1031 4231 1341 4298 genuisset;
1385 4231 1565 4286 lumen
1603 4233 1793 4303 utique
1840 4249 1945 4288 non
2008 4234 2151 4303 quod

581 4321 772 4390 gignit,
820 4321 919 4375 sed
975 4322 1120 4389 quod
1165 4337 1380 4392 semper
1432 4325 1693 4393 gignitur,
1748 4340 1811 4380 ac
1876 4327 1961 4379 cui
2008 4326 2152 4396 gigni

583 4413 888 4480 personalis
933 4413 1048 4467 sola
1083 4417 1385 4484 proprietas
1448 4427 1551 4471 est.
1574 4420 1617 4472 0
1648 4428 1780 4487 quot
1815 4419 1991 4483 puella
2036 4420 2152 4471 [nec

584 4502 992 4571 miraculorum,
1023 4516 1078 4559 et
1128 4508 1371 4575 qualium
1423 4508 1689 4563 lmderum
1744 4508 1957 4562 olﬁcina
2012 4509 2153 4562 facta

582 4596 698 4649 est!
725 4597 1032 4652 sterilitatis
1062 4614 1304 4665 germen,
1337 4601 1622 4667 \irginitas
1655 4602 1898 4669 pariens,
1925 4601 2152 4654 Deitatis

583 4685 1044 4756 humanitatisque
1073 4689 1273 4756 mistio,
1300 4692 1570 4759 passionis
1597 4701 1652 4745 et
1676 4690 2149 4760 impassihilitatis,

584 4776 707 4827 vitae
734 4780 1013 4840 etmortis,
1048 4788 1104 4831 ut
1143 4782 1194 4833 in
1244 4783 1497 4835 omnibus
1530 4781 1672 4850 quod
1729 4782 1970 4837 deterius
2013 4794 2151 4845 erat,

585 4882 613 4919 a
642 4870 840 4938 potiori
868 4870 1193 4925 vinceretur.
1228 4873 1349 4927 llaec
1368 4875 1548 4928 omnia
1578 4874 1772 4928 salutis
1807 4889 1937 4927 tuere
1963 4887 2151 4937 causa,

585 4959 835 5025 Domine,
875 4974 1024 5031 gesta
1056 4975 1203 5019 sunt.
1241 4966 1447 5021 Tantus
1500 4968 1644 5021 enim
1695 4982 1823 5037 erga
1869 4982 1954 5021 me
1999 4981 2153 5020 amor

584 5054 705 5117 luit,
736 5064 792 5106 ut
826 5070 931 5107 non
977 5070 1073 5124 per
1126 5058 1349 5126 angelos
1383 5057 1617 5113 ullamve
1648 5074 1764 5113 rem
1790 5069 2032 5112 creatam
2062 5073 2149 5110 sa-

583 5144 748 5198 lutem
786 5162 961 5201 meam
1022 5150 1363 5216 patraveris,
1395 5152 1487 5205 sed
1539 5152 1615 5205 uti
1668 5153 1901 5220 primam
1930 5148 2154 5203 elIictio-

586 5254 729 5304 nem,
760 5239 839 5295 sic
878 5252 931 5294 ct
956 5244 1405 5298 instaurationem
1438 5260 1533 5313 per
1570 5255 1736 5300 temet
1764 5244 1987 5300 feceris.
2012 5244 2148 5298 Pro-

656 5350 844 5424 f‘Jlsa.
880 5372 976 5415 vit.
1012 5357 1099 5411 Η.
1174 5358 1219 5389 ⁸⁵
1258 5357 1360 5412 lsa.
1396 5374 1548 5424 LXIII,
1577 5360 1630 5414 9.
1706 5360 1751 5391 “
1790 5358 1934 5414 Psal.
1961 5373 2129 5423 cxvu,
2156 5356 2245 5412 26.
2324 5356 2366 5387 ⁸⁷
2408 5354 2510 5410 lsa.
2544 5368 2653 5416 LIV,
2686 5351 2735 5404 l.

588 5420 669 5473 Ad
700 5421 845 5478 Cled.
921 5426 967 5456 ⁷⁰
1006 5428 1196 5482 Matth.
1233 5444 1329 5496 vn,
1364 5429 1451 5482 lli.

523 5598 527 5601 _
803 5538 943 5616 εἶρε.
968 5543 1029 5616 Al,
1066 5544 1409 5614 ἐπεδήμησεν
1444 5544 1695 5616 κηρύξαι,

592 5622 595 5625 ·
961 5613 1017 5686 2,
1055 5608 1250 5686 statin-1‘
1273 5608 1565 5686 repetitur,
1602 5608 1722 5685 μεθ’
1758 5614 1916 5684 ἡμῶν
1946 5616 1974 5669 6
1999 5615 2153 5677 Θεός.

657 5678 771 5753 (ἐξ)
800 5678 934 5753 licit-
968 5683 1021 5746 ἓν
1057 5684 1310 5753 ἄγγελος.

805 5750 942 5827 ιςᾱῖι.
989 5755 1081 5827 ἐπὶ
1107 5750 1381 5827 σήματος.

662 5822 774 5898 (47)
823 5822 1032 5898 Paulini
1100 5822 1223 5898 cod.
1289 5822 1350 5881 το
1420 5829 1679 5893 Θεοτόκος
1754 5827 2006 5898 ὁμολογεῖ
2060 5826 2159 5895 τὴν

592 5891 751 5961 ἀγίαν
773 5894 1056 5963 παρθένον.
1087 5897 1161 5952 Τὸ
1194 5898 1364 5965 inquit
1395 5916 1489 5963 pto
1518 5900 1608 5954 διὰ
1640 5891 1732 5967 Τὸ,
1765 5891 1855 5953 aut
1883 5891 1963 5951 διό
1990 5913 2003 5926 ·
2032 5891 2159 5963 ρυλε

2255 3400 2558 3473 Σωφρόνως
2602 3401 2710 3473 γὰρ
2756 3402 2853 3455 xui.
2895 3402 3058 3466 ὁσίως
3095 3403 3552 3475 πολιτευσάμενοι
3575 3445 3591 3469 ,
3628 3405 3693 3458 τὸ
3727 3405 3831 3474 ,τῆς

2253 3492 2555 3563 παρθενίας
2600 3492 2884 3564 κειμήλιον
2924 3494 3340 3564 προσηγάγετε,
3380 3496 3481 3568 τὴν
3524 3498 3634 3568 πρὸ
3677 3498 3828 3550 τόκου

2252 3583 2522 3654 παρθένον
2547 3582 2680 3652 (48),
2710 3584 2805 3636 καὶ
2833 3584 2890 3635 ἐν
2915 3583 2993 3655 τῷ
3018 3585 3222 3638 τίκτειν
3253 3586 3545 3657 παρθένον,
3575 3590 3673 3642 καὶ
3698 3590 3829 3659 μετὰ

2252 3675 2410 3727 τόκον
2441 3672 2711 3745 παρθένον
2731 3714 2745 3737 ,
2773 3674 2871 3745 τὴν
2903 3676 3072 3747 μόνην
3091 3718 3107 3742 ,
3143 3680 3235 3730 καὶ
3261 3678 3355 3748 νῷ,
3394 3679 3490 3731 καὶ
3530 3678 3703 3751 ψυχῇ,
3741 3680 3831 3733 καὶ

2255 3767 2468 3838 σώματι
2500 3768 3048 3841 ἁειπαρθενεύουσαν.
3081 3769 3228 3820 Ἔδει
3255 3768 3364 3839 γὰρ
3391 3769 3489 3837 τὴν
3519 3773 3586 3822 ἐκ
3622 3787 3828 3840 σωφρο-

2256 3858 2421 3928 σύνης
2451 3859 2548 3930 τὴν
2588 3859 2888 3931 παρθενίαν
2919 3859 3338 3930 βλαστήσασαν,
3385 3859 3445 3911 τὸ
3482 3858 3646 3927 μόνον
3682 3878 3827 3929 μονο-

2254 3946 2412 4015 γενὲς
2440 3951 2775 4022 προαγαγεῖν
2797 3948 2910 4017 φῶς
2942 3948 3289 4017 σωματικῶς,
3319 3948 3540 4018 εὐδοκία
3566 3950 3661 4001 τοῦ
3692 3951 3828 4002 usui-

2257 4040 2446 4110 μάτως
2473 4041 2853 4112 γεννήσαντος·
2886 4039 2947 4092 τὸ
2977 4041 3052 4111 μὴ
3079 4040 3305 4108 γεννῶν,
3348 4041 3435 4092 ἀεὶ
3460 4041 3518 4093 δὲ
3556 4041 3826 4111 γεννώμε-

2256 4148 2365 4184 νον·
2406 4125 2466 4185 οὗ
2510 4131 2571 4183 τὸ
2598 4131 2892 4199 γεννᾶσθαι
2923 4131 3283 4184 ὑποστατικδν
3319 4133 3480 4200 μόνον
3515 4132 3732 4202 ἰδίωμα.
3768 4133 3824 4183 Ὢ

2255 4223 2436 4276 πόσων
2470 4222 2783 4294 θαυμάτων,
2818 4223 2912 4277 καὶ
2938 4224 3066 4277 οἴων
3097 4224 3562 4293 συναλλαγμάτων
3592 4224 3749 4276 τοῦτο
3773 4223 3826 4275 τὸ

2256 4313 2552 4385 θυγάτριον
2591 4315 2817 4382 γέγονεί
2871 4314 3208 4385 στειρώσεως
3244 4314 3527 4385 γέννημα,
3565 4316 3825 4387 παρθενία

2254 4405 2533 4469 τίκτουσα,
2565 4405 2711 4471 μίξις
2747 4404 2996 4474 θεότητός
3032 4421 3093 4456 τε
3123 4404 3217 4457 καὶ
3247 4405 3689 4473 ἀνθρωπότητος,
3726 4404 3821 4455 πα-

2257 4495 2382 4559 θους
2414 4497 2506 4548 καὶ
2536 4495 2831 4557 ἀπαθείας,
2855 4494 2999 4564 ζωῆς
3030 4494 3126 4548 καὶ
3155 4494 3407 4559 θανάτου,
3436 4494 3513 4558 ὡς
3540 4494 3610 4548 ἂν
3645 4496 3702 4546 ἐν
3734 4496 3824 4547 πᾶ·

2264 4606 2349 4643 σιν
2402 4587 2717 4658 ἐκνικηθείη
2763 4587 2822 4639 τὸ
2867 4590 3048 4657 χεῖρον
3078 4586 3184 4640 ὑπὸ
3218 4585 3313 4639 τοῦ
3353 4587 3687 4656 κρείττονος.
3722 4588 3821 4639 Καὶ

2261 4680 2431 4733 ταῦτα
2478 4680 2650 4733 πάντα
2689 4678 2777 4732 διὰ
2806 4680 2906 4749 τὴν
2942 4680 3079 4750 ἐμὴν
3123 4678 3430 4748 σωτηρίαν,
3466 4672 3512 4730 ὦ
3543 4678 3820 4730 Δέσποτα·

2258 4773 2429 4837 οὕτως
2466 4774 2571 4844 γάρ
2607 4791 2675 4846 με
2705 4773 3019 4843 ἠγάπησας,
3066 4772 3141 4835 ὡς
3168 4772 3229 4824 οὐ
3256 4771 3324 4824 δι’
3364 4772 3638 4839 ἀγγέλων,
3681 4772 3740 4822 οὐ
3770 4769 3822 4821 δέ

2258 4884 2402 4929 τινος
2433 4868 2636 4938 ταύτην
2676 4865 3126 4938 κατεργάσασθαι
3159 4866 3424 4932 κτίσεως,
3480 4864 3600 4917 ἀλλ’
3644 4863 3821 4931 ὥσπερ

2256 4961 2354 5033 τὴν
2406 4960 2628 5031 πρώτην
2681 4961 2916 5026 πλάσιν,
2956 4960 3130 5023 οὕτως
3184 4959 3556 5030 αὐτουργῆσαι
3600 4958 3694 5012 καὶ
3732 4957 3823 5024 τὴν

2262 5052 2590 5108 ἀνάπλασιν.
2636 5050 2920 5105 Ἐντεῦθεν
2952 5052 3182 5122 χορεόω,
3202 5050 3296 5103 καὶ
3314 5048 3608 5119 κομπάζω,
3626 5049 3717 5101 καὶ
3741 5046 3823 5115 γέ·

2258 5147 2433 5215 γηθα,
2484 5148 2577 5199 καὶ
2622 5144 2758 5215 πρὸς
2810 5143 2912 5214 τὴν
2955 5143 3138 5213 πηγὴν
3187 5143 3346 5196 πάλιν
3392 5141 3501 5195 τῶν
3542 5140 3821 5210 θαυμάτων

2258 5240 2537 5308 ἐπάνειμι,
2570 5238 2666 5291 καὶ
2680 5235 2775 5289 τοῦ
2798 5235 2899 5304 τῆς
2924 5234 3263 5304 εὐφροσύνης
3290 5232 3401 5303 (49)
3424 5230 3823 5303 ἐμφορούμενκ

2853 5348 2896 5381 ⁸⁸
2936 5349 3038 5402 lsa.
3071 5364 3147 5412 Ix,
3182 5348 3234 5400 6.
3310 5344 3355 5375 "
3394 5344 3555 5412 Grrg.
3589 5344 3742 5413 epist.
3773 5341 3794 5395 1

2260 5542 2442 5595 omnia
2510 5538 2642 5595 mihi
2677 5554 2781 5593 non
2836 5537 2971 5592 satis
3020 5536 3338 5608 probantur,
3391 5548 3493 5586 nec
3535 5532 3626 5585 alii
3678 5528 3819 5583 codd.

2261 5612 2480 5668 habent.

2334 5683 2446 5751 (48)
2480 5678 2626 5738 Edit.
2662 5680 2774 5733 Καὶ
2794 5678 3173 5751 ἀειπάρθενον,
3204 5676 3359 5751 τῇνη
3665 5743 3675 5751 ,
3724 5739 3772 5751 ,,.

2333 5737 2446 5876 (492
2486 5737 2621 5806 Male
2659 5751 2790 5806 edit.
2816 5737 3170 5820 σωφροσύνης
3206 5737 3454 5802 alendum
3488 5743 3696 5812 agnovit
3724 5737 3811 5817 Bil-

2288 5824 2392 5876 itts.
2454 5825 2483 5876 d
2514 5823 2693 5876 enim.
2736 5822 2947 5876 innuit.
2986 5820 3267 5876 perspicue
3298 5824 3508 5870 constat
3551 5830 3615 5867 ex
3658 5812 3811 5866 verbis

2263 5812 2392 5879 lius.
2428 5812 2483 5876 ld
2514 5823 2693 5884 enim,
2736 5812 2951 5890 inquit,
2986 5812 3267 5890 perspicue
3298 5824 3510 5890 constat
3551 5830 3615 5867 ex
3658 5812 3807 5866 verbis

2262 5910 2381 5964 qua:
2408 5896 2741 5963 praecedunt,
2771 5886 3004 5964 χορεύω,
3031 5886 3318 5973 κομπάςω,
3346 5886 3588 5973 γέγηθαᾷ
