4046 6420
125 496 228 560 Γίῖθ

1168 481 1251 549 IN
1291 483 1805 548 NATIVITATEM
1845 483 1911 542 B.
1950 483 2016 544 v.
2041 465 2342 544 'MARIIE.

3285 481 3396 546 670

129 612 399 682 νάματος,
430 603 540 680 τὴν
558 603 792 674 κιθάραν
825 600 986 656 πάλιν
1019 601 1294 672 κραδαίνω
1333 599 1427 652 τοῦ
1466 596 1718 666 Πνεύμα-

1834 595 1948 649 inde
1974 594 2232 663 tripudio.
2259 591 2650 662 gloriabundus
2680 591 2900 660 efferor,
2944 591 3220 664 voluptate
3241 599 3388 651 exsi-

131 721 240 768 τος,
274 703 379 756 καὶ
405 700 547 754 θεῖον
575 698 742 770 ὐμνον
771 694 882 767 ᾅδω
910 694 1178 747 Γενέσιον.

204 993 280 1051 ς’.
329 985 400 1037 Ὠ
443 980 637 1052 ζεῦγος
686 979 921 1051 λογικῶν
969 979 1244 1051 τρυγόνων
1306 976 1564 1049 Ἰωακεὶμ
1618 975 1714 1030 καὶ

136 1080 308 1132 ’Ᾱννα
361 1079 426 1131 τὸ
460 1071 936 1144 σωφρονέστατονι
996 1070 1184 1141 Ὑμεῖς
1226 1068 1319 1123 τὸν
1361 1068 1459 1139 τῆς
1498 1066 1714 1136 φύσεως

137 1175 321 1242 νόμον,
354 1171 454 1241 τὴν
489 1166 842 1238 σωφροσύνην
868 1167 1231 1236 τηρήσαντες,
1256 1163 1366 1216 τῶν
1388 1162 1526 1235 ὑπὲρ
1554 1161 1716 1231 φύσιν

137 1263 546 1336 κατηξιώθητε·
595 1261 851 1314 τετόκατε
898 1259 1007 1329 γὰρ
1051 1255 1164 1330 (50)
1215 1255 1295 1328 τῷ
1343 1255 1534 1326 κόσμῳ
1577 1253 1712 1308 Θεοῦ

141 1358 355 1429 μητέρα
391 1353 773 1425 ἀπείρανδρον.
826 1351 1020 1421 Ὑμεῖς
1049 1347 1286 1411 εὐσεϐῶς
1329 1346 1422 1400 καὶ⁸
1459 1347 1620 1409 όσίως
1655 1347 1714 1398 ὲν

136 1448 461 1520 ἀνθρωπίνῃ
504 1446 666 1514 φύσει
711 1442 1201 1512 πολιτευσάμενοι,
1233 1439 1333 1510 τὴν
1365 1439 1506 1509 ὑπὲρ
1553 1436 1714 1506 ἀγγέ-

138 1545 279 1609 λους,
314 1543 416 1595 καὶ
459 1540 566 1593 τῶν
597 1536 841 1606 ἀγγέλων
890 1534 1257 1598 δεσπόζουσαν
1305 1530 1399 1584 νῦν
1445 1529 1718 1598 θυγατέρα

138 1636 426 1686 τετόκατε.
446 1629 519 1684 ’Ὦ
551 1630 838 1699 θυγάτριον
864 1625 1194 1696 ὡραιότατον
1226 1622 1320 1675 καὶ
1346 1616 1714 1689 γλυκύτατονι

142 1723 184 1780 ὦ
217 1729 411 1799 κρῖνον
441 1721 713 1793 ἀναμέσον
744 1719 854 1773 τῶν
884 1715 1136 1791 ἀκανθῶν
1167 1713 1366 1782 ὲκφυὲν
1405 1709 1467 1775 ἐξ
1512 1711 1721 1778 εὐγενε-

146 1822 343 1888 στάτης
374 1818 472 1871 καὶ
499 1811 927 1887 βασιλικωτάτης
961 1808 1116 1882 ῥίζης
1147 1803 1469 1874 Δαϐιτικῆςι
1497 1801 1594 1855 Διά
1625 1799 1717 1853 σοῦ

145 1914 237 1980 τὴν
261 1908 568 1978 ἱερωσύνην
601 1906 634 1975 ὴ
667 1899 913 1974 βασιλεία
941 1895 1338 1966 πεπλούτηκεν.
1371 1893 1470 1946 Διά
1507 1891 1601 1946 σοῦ
1634 1892 1720 1944 νό-

149 2018 247 2071 μου
288 1998 584 2068 μετάθεσις
629 1994 857 2063 γέγονε,
894 1992 985 2043 καὶ
1025 1986 1374 2056 ἀνεκαλύφθη
1419 1983 1480 2038 τὸ
1509 1983 1615 2037 ὐπδ
1646 1982 1722 2054 τῷ

149 2091 441 2162 γράμματι
463 2085 681 2156 πνεῦμα
703 2081 1106 2155 κρυπτόμενον,
1128 2075 1515 2149 μετατεθέντος
1539 2074 1603 2128 ὲκ
1623 2074 1723 2143 τῆς

149 2180 442 2250 Δευῖτικῆς
481 2178 653 2248 φυλῆς
698 2176 792 2228 ἐπὶ
832 2174 933 2246 τὴν
982 2170 1277 2241 Δαὸιτικὴν
1315 2169 1411 2222 τοῦ
1446 2165 1723 2238 ἱερατικοῦ

151 2272 482 2343 ἀξιώματος.
513 2266 583 2322 Ὦ
613 2268 762 2340 ῥόδον
802 2263 863 2331 ἐξ
891 2263 1144 2319 ἀκανθῶν
1172 2262 1280 2316 τῶν
1330 2261 1600 2315 Ἰουδαίων
1632 2261 1725 2312 ὲκ-

153 2367 303 2435 φυὲν,
345 2367 446 2418 καὶ
494 2361 719 2425 εὐωδίας
754 2360 901 2420 θείας
937 2357 1232 2428 πληρῶσαν
1279 2354 1349 2408 τὰ
1396 2353 1722 2424 σύμπανταί

151 2453 219 2512 Ὦ
243 2457 496 2527 θυγάτηρ
527 2455 696 2524 Ἀδὰμ
713 2453 806 2505 καὶ
828 2452 1013 2522 μήτηρ
1036 2446 1167 2500 Θεοῦ
1191 2449 1203 2500 ί
1235 2445 1481 2517 μακαρία
1501 2445 1534 2514 ἠ
1557 2444 1726 2512 ὀσφὺς

155 2552 245 2603 καὶ
284 2550 318 2619 ὴ
351 2546 599 2616 γαστὴρ,
650 2546 706 2610 ἐξ
740 2538 813 2596 ὧν
864 2541 1292 2611 ἀνεϐλάστησας.
1335 2537 1617 2605 Μακαρίαν.
1669 2535 1727 2589 at

156 2643 415 2712 ἀγκάλαι,
443 2621 498 2694 αἳ
532 2638 862 2701 ἐϐάστασαν,
893 2637 986 2688 καὶ
1016 2633 1165 2704 χείλη
1193 2631 1261 2684 τὰ
1292 2630 1398 2682 τῶν
1429 2628 1606 2696 ἁγνῶν
1637 2645 1727 2695 φι-

157 2735 415 2806 λημάτων
447 2749 540 2785 σου
570 2727 953 2783 ἀπολαύσαντα
984 2766 998 2792 ,
1037 2724 1174 2796 μόνα
1202 2723 1271 2775 τά
1300 2721 1517 2790 γονικὰ,
1554 2719 1632 2771 ἵν’
1659 2714 1729 2791 ᾗς

160 2828 213 2879 ὲν
231 2825 341 2895 (51)
371 2826 540 2878 πᾶσιν
567 2822 654 2876 ἀεὶ
670 2819 1098 2891 παρθενεύουσα.
1131 2817 1377 2887 Σήμερον
1393 2814 1534 2883 ἀρχὴ
1556 2828 1731 2882 σωτη-

165 2919 277 2989 ρίας
305 2916 387 2986 τῷ
419 2916 627 2985 κόσμῳ.
662 2911 988 2974 Ἀλαλάξατε
1018 2908 1095 2979 τῷ
1124 2908 1335 2978 Κυρίῳ,
1369 2907 1520 2958 πᾶσα
1550 2905 1584 2974 ή
1621 2902 1728 2973 γῆ,

163 3011 323 3083 ᾷσατε
351 3010 450 3064 καὶ
483 3007 835 3076 ἀγαλλιᾶσθε,
871 3003 966 3057 καὶ
1002 3001 1254 3072 ψάλλετε.
1307 2998 1592 3068 ’Υψώσατε
1633 2995 1732 3066 τὴν

162 3104 339 3172 φωνὴν
369 3101 548 3173 ὑμῶν,
579 3099 849 3170 ύψώσατε,
886 3096 961 3168 μὴ
991 3093 1243 3164 φοϐεῖσθε
1268 3092 1350 3144 ὅτι
1377 3089 1569 3160 ἐτέχθη
1602 3090 1731 3159 ἡμῖν

164 3197 341 3267 μήτηρ
371 3193 512 3248 Θεοῦ
540 3195 598 3247 ὲν
635 3191 765 3262 ἁγία
794 3189 1126 3259 Προϐατικῇ,
1158 3183 1217 3248 ἐξ
1246 3179 1312 3255 ἦς
1344 3181 1599 3252 τεχθῆναι
1639 3179 1730 3232 εὐ-

1818 688 1910 754 lio,
1943 688 2009 742 ad
2061 687 2428 758 prodigiorum
2471 686 2675 741 fontem
2732 695 2998 750 revertor,
3047 686 3378 757 lluentisque

1819 773 2002 843 gaudii
2029 773 2410 843 ingurgitatus,
2441 773 2707 828 citharam
2743 775 2981 845 Spiritus
3026 775 3224 830 iterum
3258 777 3381 847 pul-

1819 879 1904 933 so,
1931 866 2286 937 divinumque
2315 865 2696 923 Natalitiorum
2725 869 2986 938 hymnum
3010 882 3169 923 cano.

1909 975 1962 1031 6.
2008 975 2053 1032 Ο
2105 977 2474 1032 castissimum
2549 977 2896 1032 rationalium
2958 987 3234 1034 turturum
3288 995 3394 1051 par

1819 1068 2063 1124 Joacltim
2125 1079 2180 1124 et
2225 1068 2412 1124 Annal
2450 1066 2555 1124 Vos
2597 1068 2936 1137 castitatem,
2969 1085 3133 1140 quam
3170 1080 3390 1127 natura;

1821 1161 1909 1217 lex
1994 1161 2314 1229 praescribit,
2363 1173 2774 1229 conservantes,
2831 1177 2897 1218 ea
2947 1178 3068 1234 quae
3140 1173 3390 1221 naturam

1822 1265 2100 1325 superant,
2127 1255 2388 1311 divinitus
2428 1255 2562 1310 estis
2589 1255 2866 1310 consecuti
2893 1273 2907 1310 :
2939 1257 3138 1311 mundo
3190 1257 3390 1326 quippe

1825 1348 1918 1403 Dei
1975 1358 2204 1403 matrem
2261 1349 2361 1402 viri
2407 1347 2645 1403 nesciam
2704 1349 3015 1418 peperistis.
3048 1347 3159 1404 Vos
3212 1350 3300 1420 pie
3335 1360 3394 1405 et

1822 1441 1985 1513 845
2011 1450 2198 1508 sancte
2257 1442 2310 1496 in
2366 1442 2601 1495 humana
2632 1451 2824 1495 natura
2865 1440 3032 1495 vitam
3057 1450 3302 1510 agentes,
3331 1442 3393 1496 li-

1825 1534 1951 1588 liant
2003 1535 2207 1605 angelis
2254 1535 2613 1603 superiorem,
2647 1549 2899 1604 nuncque
2933 1536 3246 1604 angelorum
3289 1534 3394 1589 Do-

1826 1626 2052 1691 minam,
2078 1626 2344 1680 cdidistis.
2393 1624 2438 1680 Ο
2494 1625 2899 1695 speciosissima
2967 1625 3390 1698 dulcissimaque

1824 1716 2031 1786 puella!
2065 1732 2098 1771 ο
2122 1717 2291 1772 lilium
2324 1719 2466 1787 inter
2518 1718 2727 1785 spinas,
2767 1734 2835 1773 ex
2885 1718 3303 1790 generosissima
3336 1731 3394 1774 et

1825 1810 2058 1864 maxime
2101 1809 2248 1880 regia
2270 1810 2454 1865 radice
2479 1811 2732 1866 Davidica
2785 1811 3160 1881 progenitum!
3196 1811 3301 1866 Per
3337 1820 3391 1867 te

1827 1915 2049 1971 regnum
2099 1900 2406 1956 sacerdotio
2469 1901 2854 1973 locupletatum
2913 1911 3012 1958 est.
3042 1900 3148 1957 Per
3177 1911 3228 1958 te
3253 1903 3390 1974 legis
3475 1960 3478 1966 ,

1823 1989 1965 2046 facta
1991 1991 2274 2046 translatio
2302 2001 2410 2058 est,
2439 1991 2852 2063 patefactusque
2887 1993 3132 2064 spiritus,
3165 1995 3256 2064 qui
3289 1994 3392 2050 sub

1825 2083 1938 2153 lege
1994 2083 2385 2151 delitescebat,
2415 2085 2674 2139 translata
2727 2085 2983 2139 nimirum
3033 2101 3099 2141 ex
3148 2084 3391 2143 Levitica

1827 2177 1969 2232 tribu
2023 2177 2088 2231 ad
2122 2176 2434 2232 Davidicam
2477 2177 2796 2232 sacerdotali
2843 2177 3127 2249 dignitate.
3152 2179 3196 2236 0
3238 2196 3383 2249 rosa,

1825 2283 1945 2337 qua:
1997 2284 2064 2323 ex
2123 2268 2316 2337 spinis,
2347 2265 2546 2322 Judzeis
2581 2267 2814 2331 scilicet,
2862 2278 2979 2321 orta
3011 2283 3068 2324 es
3093 2269 3387 2341 divinaque

1827 2363 1992 2416 odore
2015 2372 2208 2415 cuncta
2234 2361 2551 2431 perludisti!
2583 2362 2626 2416 Ο
2651 2359 2757 2414 lilia
2781 2361 2970 2415 Adami
2989 2371 3042 2416 et
3065 2361 3388 2418 Deimaterl

1826 2453 1975 2508 Beati
2023 2454 2189 2508 lumbi
2224 2463 2279 2508 et
2307 2463 2518 2517 venter,
2552 2469 2619 2506 ex
2672 2453 2868 2522 quibus
2918 2455 3188 2522 prodiisti.
3219 2456 3396 2511 Beata:

1829 2549 1989 2612 ulnae,
2014 2551 2141 2615 quae
2190 2555 2241 2600 te
2295 2555 2688 2615 gestaverunt:
2725 2546 2868 2600 labia
2893 2547 3045 2610 item,
3078 2548 3274 2618 quibus
3304 2564 3397 2603 ca-

1828 2639 1927 2692 stis
1951 2637 2152 2692 osculis
2182 2636 2284 2690 frui
2314 2651 2572 2691 concessa
2597 2645 2702 2700 est,
2728 2646 3010 2706 parentum
3041 2652 3232 2706 nempe
3253 2638 3396 2693 dun-

1829 2738 1976 2785 taxat
2011 2739 2244 2793 tuorum,
2271 2738 2328 2782 ut
2355 2729 2408 2782 in
2453 2729 2705 2784 omnibus
2759 2745 2978 2800 semper
3024 2731 3394 2798 virginitatem

1829 2821 2058 2876 colercs.
2085 2820 2254 2873 Hodie
2299 2809 2482 2872 mundi
2535 2819 2681 2874 salus
2739 2820 2989 2874 inchoata
3021 2831 3126 2874 est.
3158 2819 3397 2877 Jubilate

1828 2913 1960 2976 Deo,
1980 2913 2155 2966 omnis
2175 2923 2340 2976 terra,
2361 2920 2598 2978 cantate,
2617 2911 2886 2968 exsultate
2907 2922 2959 2966 et
2982 2913 3208 2982 psallite.
3237 2914 3398 2967 Exal-

1838 3016 1946 3060 late
2005 3021 2188 3060 vocem
2237 3014 2492 3069 vestram,
2539 3005 2790 3070 exaltate,
2825 2999 2989 3059 itolite
3041 3007 3250 3062 timere.
3290 3006 3398 3060 No-

1831 3099 1914 3154 bis
1942 3098 2083 3154 enim
2128 3099 2178 3151 in
2217 3107 2401 3152 sancta
2447 3096 2752 3164 Probatica,
2803 3113 2897 3152 seu
2940 3099 3194 3168 pecuaria
3238 3099 3399 3154 domo

1834 3202 1957 3245 nata
2005 3200 2089 3246 est
2129 3189 2222 3244 Dei
2272 3198 2466 3256 mater,
2501 3202 2566 3243 ex
2614 3203 2720 3259 qua
2775 3190 2962 3260 Agnus
2995 3191 3087 3246 Dei
3117 3193 3208 3260 qui
3261 3193 3402 3249 tollit

161 3287 383 3358 δόκησεν
409 3281 647 3354 όἈμνδς
675 3280 766 3334 τοῦ
793 3279 950 3341 Θεοῦ,
979 3279 1006 3330 ό
1025 3277 1194 3346 αἴρων
1223 3275 1319 3344 τὴν
1342 3274 1614 3343 ἁμαρτίαν
1640 3267 1732 3323 τοῦ

1838 3293 2116 3353 peccatum
2161 3283 2366 3346 mundi,
2405 3281 2555 3336 nasci
2598 3281 2786 3335 voluit.
2823 3280 3014 3348 Salite,
3049 3295 3278 3351 montes,
3307 3301 3399 3340 ra—

162 3377 386 3448 κόσμου.
421 3376 776 3447 Σκιρτήσατε,
826 3371 894 3424 τὰ
936 3371 1061 3442 ὅρη,
1111 3367 1326 3436 λογικαὶ
1374 3365 1588 3434 φύσεις,
1639 3362 1733 3416 καὶ

166 3468 293 3539 πρὸς
327 3467 465 3540 ῦψος
495 3469 592 3538 τῆς
628 3464 1002 3535 πνευματικῆς
1038 3460 1270 3532 θεωρίας
1300 3457 1731 3527 ἀνατεινόμεναι.

165 3560 236 3614 Τὸ
262 3559 369 3631 γάρ
402 3559 529 3630 ὅρος
562 3558 767 3630 Κυρίου
814 3557 875 3609 τὸ
913 3554 1322 3626 ἐμφανέστατον
1368 3550 1642 3614 τίκτεται,
1675 3546 1736 3599 τὸ

170 3649 541 3722 ὑπερϐεϐηκὸς
589 3650 684 3702 καὶ
723 3646 1117 3716 ὑπερκείμενον
1167 3643 1342 3696 πάντα
1377 3639 1563 3711 βουνὸν
1587 3677 1602 3702 ,
1643 3638 1736 3691 καὶ

170 3744 268 3796 πᾶν
295 3742 445 3814 ὅρος,
466 3741 712 3812 ἀγγέλων
733 3741 827 3793 καὶ
855 3736 1158 3808 ἀνθρώπων
1185 3735 1284 3804 τὴν
1313 3731 1646 3803 ὑψηλότητα,
1678 3728 1736 3795 ἐξ

169 3827 226 3888 οὐ
265 3833 448 3904 χειρὸς
503 3834 631 3886 ἀνευ
671 3830 997 3901 σωματικῶς
1044 3827 1324 3898 τμηθῆναι
1367 3823 1666 3897 ηὐδόκησεν
1707 3821 1738 3874 ό

171 3924 558 3992 ἁκρογωνιαῖος
583 3922 724 3985 λίθος
754 3922 1010 3992 Χριστὸς,
1043 3921 1075 3990 ἡ
1113 3918 1210 3988 μία
1251 3916 1572 3977 ὑπόστασις,
1600 3912 1636 3983 ἡ
1670 3909 1740 3966 τὰ

171 4012 431 4067 διεστῶτα
465 4014 574 4083 (52)
618 4017 984 4075 συνάπτουσα,
1023 4007 1255 4079 θεότητά
1298 4023 1360 4058 τε
1404 4005 1498 4059 καὶ
1531 4002 1742 4074 ἀνθρω-

174 4103 408 4171 πόττητα,
445 4101 732 4170 ἀγγέλους,
761 4100 854 4152 καὶ
895 4098 1239 4169 ἀνθρώπους,
1273 4095 1399 4156 τούς
1439 4092 1500 4156 ἐξ
1547 4091 1737 4156 εθνῶν,

175 4195 261 4246 καὶ
307 4193 401 4246 τὸν
462 4193 723 4264 σαρκικὸν
793 4191 1042 4262 Ἰσραὴλ,
1093 4190 1173 4252 είς
1221 4187 1318 4239 ἕνα
1371 4181 1740 4254 πνευματικὸν

187 4286 420 4356 Ἰσραήλ.
456 4287 621 4357 Ὄρος
662 4284 754 4338 τοῦ
779 4283 934 4350 Θεοῦ,
964 4283 1088 4353 ὅρος
1111 4285 1251 4343 πῖον,
1278 4281 1403 4350 ὅρος
1429 4275 1741 4347 τετυρωμέ-

178 4393 278 4429 νον·
311 4378 439 4446 ὅρος
468 4381 608 4442 πῖον,
637 4377 697 4429 τὸ
724 4376 849 4447 ὅρος
872 4379 928 4428 ὲν
953 4369 996 4443 ᾧ
1023 4373 1324 4444 ηὐδόκησεν
1349 4373 1377 4423 ό
1402 4369 1534 4432 Θεὸς
1558 4382 1741 4420 κατοι-

180 4472 287 4522 κεῖν
323 4473 381 4523 ὲν
422 4469 590 4539 αὐτῷ.
627 4469 700 4522 Τὸ
730 4469 875 4521 θεῖον
913 4465 1064 4537 ἅρμα
1095 4465 1153 4517 τὸ
1187 4460 1601 4533 μυριοπλάσιον,
1634 4456 1742 4510 τῶν

179 4566 240 4636 τῇ
287 4565 408 4635 θεία
447 4563 815 4633 εὐθηνούντων
869 4561 980 4631 (55)
1027 4558 1230 4629 χάριτι·
1273 4553 1553 4625 Χερουϐὶμ
1603 4549 1743 4618 λέγω

1838 3375 2065 3429 tionales
2116 3384 2344 3439 naturae,
2379 3389 2499 3443 quae
2531 3377 2596 3428 ad
2642 3375 2942 3444 spiritualis
2985 3378 3400 3446 contemplatio-

1833 3465 1920 3518 nis
1949 3464 2222 3530 lastigium
2249 3463 2554 3534 assurgitis.
2585 3461 2738 3517 Mons
2787 3463 2986 3533 quippe
3019 3465 3114 3519 Dei
3151 3467 3396 3522 clarissi-

1836 3565 2129 3624 muspartu
2173 3555 2372 3620 editur,
2392 3557 2484 3625 qui
2547 3555 2741 3610 collem
2777 3571 3098 3622 omnem,ac
3139 3571 3397 3626 montem,

1838 3649 2154 3718 angelorum
2181 3649 2388 3704 scilicet
2410 3657 2464 3704 et
2496 3648 2774 3702 hominum
2797 3649 3205 3718 sublimitatem,
3235 3667 3401 3722 supe-

1838 3751 1920 3794 rat
1947 3751 2000 3793 et
2024 3740 2358 3794 transcendit
2387 3757 2399 3792 :
2435 3755 2500 3793 ex
2535 3754 2642 3808 quo
2671 3739 2814 3794 nulla
2855 3755 3048 3796 manus
3070 3756 3234 3812 opera
3279 3759 3404 3798 cor-

1837 3847 1967 3901 pore
1997 3839 2156 3885 tenus
2185 3830 2428 3885 exscindi
2461 3830 2626 3885 voluit
2651 3831 2791 3899 lapis
2819 3833 3090 3902 angularis
3121 3833 3396 3901 Christus,

1838 3939 1939 3977 una
1971 3924 2057 3977 illa
2109 3923 2412 3979 subsistens
2462 3937 2718 3993 persona,
2754 3939 2876 3994 qua:
2926 3941 3015 3981 res
3065 3942 3290 3996 prorsus
3320 3930 3405 3983 di-

1837 4024 2170 4084 screpantes,
2227 4016 2466 4069 divinam
2520 4015 2727 4084 pariter
2790 4017 3192 4088 humanamque
3243 4031 3406 4073 natu-

1840 4122 1955 4161 ram
2007 4107 2312 4175 copulavit,
2340 4105 2560 4174 angelos
2610 4110 2734 4161 item
2761 4117 2815 4160 et
2864 4107 3132 4174 homines,
3177 4111 3408 4178 gentiles

1839 4208 1892 4252 et
1917 4197 2189 4250 carnalem
2226 4195 2475 4248 lsraelem
2501 4197 2552 4247 in
2585 4211 2748 4248 unum
2769 4194 3099 4264 spiritualem
3126 4195 3404 4252 lsraelem.

1840 4291 1992 4345 Mons
2015 4288 2134 4353 Dei,
2174 4303 2331 4341 mons
2374 4288 2590 4357 pinguis
2617 4305 2630 4340 :
2663 4301 2819 4341 mons
2885 4286 3221 4355 coagulatus,
3253 4305 3409 4344 mons

1840 4382 2052 4452 pinguis
2093 4397 2107 4434 :
2147 4394 2303 4433 mons
2329 4379 2380 4432 in
2413 4393 2523 4447 quo
2581 4378 2981 4447 beneplacitum
3001 4388 3086 4433 est
3112 4378 3222 4433 Deo
3251 4380 3410 4434 habi—

1844 4484 1958 4528 tare
1989 4474 2039 4526 in
2079 4485 2164 4526 eo.
2189 4467 2400 4526 Currus
2436 4471 2526 4523 Dei
2565 4470 2750 4523 decem
2801 4469 3042 4523 millibus
3100 4470 3403 4539 multiplex,

1845 4566 2039 4620 divinae
2072 4565 2258 4634 gratia:
2306 4563 2460 4630 copia
2507 4562 2950 4627 exuberantium;
2977 4561 3294 4625 Clterubim,
3329 4566 3410 4616 in-

181 4655 269 4708 καὶ
293 4655 567 4728 Σεραςρίμ.
616 4654 680 4706 Ἦ
727 4654 869 4724 ἄκρα
898 4655 931 4723 ὴ
965 4651 1057 4702 τοῦ
1093 4649 1224 4702 Σινᾶ
1261 4646 1556 4716 ἁγιωτὲρα,
1586 4642 1650 4712 ἢν
1682 4641 1732 4692 οἱ

1849 4663 2108 4724 quam,et
2149 4653 2458 4722 Serapltim.
2504 4650 2706 4705 Vertex
2758 4647 2888 4704 Sina
2937 4653 3196 4716 sanctior,
3248 4669 3410 4719 quam

183 4747 401 4812 καπνὸς,
443 4749 506 4799 οὐ
537 4747 758 4816 γνόφος,
805 4747 864 4798 οὐ
911 4744 1130 4808 θύελλα,
1186 4743 1246 4795 οὐ
1298 4740 1408 4810 πῦρ
1455 4735 1744 4806 δειματοῦν

186 4837 460 4898 καλύπτει,
488 4837 604 4891 ἀλλ’
630 4840 663 4906 ἡ
691 4837 990 4906 φωτιστικὴ
1015 4835 1109 4888 τοῦ
1137 4834 1403 4900 παναγίου
1434 4829 1745 4898 ίΙνεύματος

187 4926 461 4999 ἐλλαμψις.
507 4929 656 4982 Ἐκεῖ
689 4929 786 4997 μὲν
817 4929 924 4998 γὰρ
953 4928 1123 4995 Λόγος
1153 4924 1285 4977 Θεοῦ
1320 4922 1482 4987 πλαξὶ
1515 4920 1746 4981 λιθίναις

188 5020 337 5090 νόμον
378 5020 637 5091 ἔγραψεν,
669 5021 742 5083 ὡς
785 5019 1031 5088 δακτύλῳ
1073 5016 1150 5087 τῷ
1199 5014 1475 5084 Πνεύματι
1518 5013 1653 5084 (54)·
1688 5012 1746 5064 ἐν

187 5118 344 5186 ταύτῃ
373 5115 429 5167 δὲ
460 5117 524 5166 ἐκ
554 5115 866 5184 Πνεύματος
901 5113 1078 5180 ἁγίου,
1111 5112 1204 5162 καὶ
1237 5108 1345 5160 τῶν
1379 5106 1549 5174 αὐτῆς
1583 5105 1748 5175 αἱμά-

189 5222 306 5268 των,
339 5207 500 5270 αὐτὸς
528 5209 555 5258 ό
593 5207 762 5275 Λόγος
806 5206 1168 5274 σεσάρκωται,
1201 5202 1293 5255 καὶ
1324 5200 1512 5254 ἑαυτὸν
1555 5199 1753 5252 δέδωκε

188 5300 248 5369 τῇ
281 5300 524 5370 ἡμετέρᾳ
556 5299 714 5367 φύσει
753 5297 1023 5366 σωτηρίας
1066 5295 1496 5365 δραστικώτερον
1527 5292 1750 5360 φάρμα-

191 5407 296 5442 κον.
343 5390 490 5443 Ἐκεῖ
522 5391 715 5459 μάνναν
748 5392 804 5442 ἐν
832 5389 1002 5459 ταύτῃ
1037 5390 1064 5440 ό
1109 5388 1284 5456 μάννα
1325 5384 1447 5447 δοὺς
1479 5384 1578 5454 τὴν
1615 5382 1748 5450 γλυ-

191 5482 408 5552 κύτητα.
454 5481 845 5534 ’Υποκυπτέτω
883 5481 1054 5549 σκηνὴ
1082 5481 1114 5548 ἡ
1147 5477 1482 5549 περίπυστος
1512 5474 1650 5544 (55),
1683 5476 1748 5543 ἦν

192 5577 245 5627 ἐν
273 5578 460 5648 ἐρήμῳ
503 5575 710 5646 Μωσῆς
754 5573 1152 5628 κατεσκεύασεν
1175 5611 1190 5637 ,
1220 5573 1283 5622 ἐκ
1312 5569 1607 5640 πολυτίμου
1655 5567 1751 5620 καὶ

261 5728 370 5800 (50)
402 5729 603 5784 Desunt
630 5729 744 5800 lucc
765 5727 818 5782 in
845 5727 975 5782 edit.

263 5799 370 5868 (3|)
404 5800 544 5854 Edil.
573 5800 648 5862 ὡς
680 5799 760 5852 ἐν.

265 5866 373 5939 (52⁷)
407 5871 545 5940 ίεΞιΙίι.
581 5871 612 5940 ἡ
639 5873 737 5931 τὰς
761 5866 1055 5940 διεστώσας
1075 5867 1296 5940 φύσεις.

267 5936 376 6012 (5:3)
402 5936 614 5995 Pantin.
648 5937 1042 6012 εὐθηνούντων.
1071 5937 1209 5993 Edit.
1241 5936 1622 5991 εὐθυνούντων.

1849 4761 1953 4801 non
1988 4746 2188 4808 fumus,
2214 4759 2318 4798 non
2347 4743 2542 4810 caligo,
2577 4758 2680 4797 non
2723 4742 2976 4812 procella,
3005 4758 3108 4797 non
3148 4753 3412 4798 terrorem

1849 4837 2114 4889 incutiens
2181 4834 2319 4903 ignis
2351 4833 2644 4898 tegitzsed
2669 4832 3000 4885 sanctissimi
3051 4832 3285 4898 Spiritus
3333 4834 3417 4886 vis

1851 4927 2226 4982 illuminatrix.
2248 4924 2385 4980 Nam
2419 4926 2528 4980 illic
2574 4925 2791 4994 quidem
2821 4923 2913 4978 Dei
2948 4925 3183 4978 Verbum
3216 4925 3416 4978 tabulis

1851 5021 2075 5090 lapideis
2123 5020 2326 5090 Spiritu
2355 5019 2522 5073 veluti
2559 5019 2728 5088 digito
2773 5016 2943 5085 legem
2995 5016 3324 5083 insculpsit:
3363 5016 3417 5068 in

1855 5114 1954 5166 hac
1983 5119 2162 5164 autem
2187 5124 2252 5162 ex
2277 5108 2484 5176 Spiritu
2522 5116 2732 5168 sancto,
2766 5107 2993 5175 ejusque
3040 5105 3418 5172 sanguinihus,

1851 5202 1991 5256 idem
2034 5201 2209 5270 ipsum
2247 5199 2486 5255 Verbum
2525 5207 2610 5252 est
2641 5197 3007 5258 incarnatum,
3030 5208 3200 5262 seque
3244 5195 3420 5262 ipsum

1855 5302 2056 5346 nostra:
2091 5301 2296 5345 natura:
2314 5289 2747 5345 eﬂicacissimum
2775 5287 2840 5340 ad
2864 5285 3091 5340 salutem
3124 5285 3420 5339 remedium

1855 5381 2107 5452 praebuit.
2135 5379 2249 5434 lllic
2303 5393 2498 5432 manna
2538 5395 2552 5432 :
2596 5377 2650 5429 in
2712 5376 2814 5429 hac
2871 5374 2963 5443 qui
2995 5373 3207 5428 dulcem
3258 5388 3424 5442 sapu-

1855 5488 1968 5527 rem
2001 5487 2212 5525 manna:
2234 5471 2524 5524 indiderat.
2557 5466 2728 5523 Cedat
2768 5466 3257 5522 celebratissimum
3290 5465 3423 5520 illud

1863 5565 2274 5622 tabernaculum
2309 5557 2451 5634 quod
2477 5560 2690 5632 Moyses
2729 5574 2797 5615 ex
2841 5559 3079 5630 pretiosa
3113 5557 3431 5628 ontnigena-

1935 5717 2047 5790 (54)
2089 5719 2232 5790 Edil.
2262 5718 2358 5772 τοῦ
2397 5716 2727 5790 πνεύματος.

1942 5783 2058 5860 (55)
2106 5789 2321 5845 Pantin.
2387 5790 2494 5844 ὐπὸ
2539 5783 2742 5858 ’κυρίου
2805 5785 3051 5842 πιπτέτω
3103 5785 3140 5858 ἡ
3193 5783 3431 5857 περίπυ-

1877 5879 2021 5929 στος.
3090 5885 3099 5895 .
