4046 6428
621 484 721 548 671

1790 470 1852 529 S.
1894 461 2214 528 JO‘ANNIS
2253 466 2685 529 DAMASCENI

3791 473 3900 535 672

619 609 726 666 que
757 591 986 647 materia
1012 590 1070 647 in
1106 590 1329 645 deserto
1370 584 1619 657 paravit;
1646 579 1781 650 quih
1808 589 1866 635 et
1908 579 2017 633 isto
2057 575 2198 647 prius

2309 578 2686 644 παντοδαπῶς
2728 578 2881 651 ὕλης,
2933 580 3027 634 καὶ
3070 579 3177 650 πρὸ
3224 578 3431 651 ταύτης
3469 581 3504 652 ή
3550 578 3646 634 τοῦ
3688 584 3892 651 πατρὸς

621 683 753 741 illud
782 681 1018 737 Abrahae
1062 676 1501 740 tabernaculum,
1534 674 1657 728 vivo
1704 685 1769 726 ac
1819 667 2072 725 rationali
2114 667 2207 723 Dei

623 775 994 834 tabernaculo.
1028 774 1141 829 Hoc
1160 774 1306 829 enim
1342 786 1448 826 non
1483 768 1722 824 actionis
1752 764 1953 819 divinat
2002 775 2206 816 conce-

621 868 898 939 ptaculum
938 866 1060 933 fuit,
1091 866 1184 921 sed
1230 861 1583 921 substantiali
1623 857 1809 919 modo,
1837 854 1959 909 Filii
1997 854 2205 923 Deique

618 974 889 1031 persona.
917 958 1192 1028 Agnoscat
1243 970 1369 1010 arca
1436 952 1677 1021 undique
1742 963 1879 1002 auro
1931 953 2205 1006 contecta,

620 1067 783 1123 quam
816 1050 949 1105 nihil
981 1046 1363 1117 habeat,quod
1384 1059 1506 1100 cum
1540 1044 1643 1098 hac
1670 1037 1980 1109 comparari
2015 1036 2204 1106 possit,

620 1158 868 1213 urnaque
908 1140 998 1195 illa
1057 1154 1229 1194 aurea
1290 1151 1486 1192 manna
1536 1134 1740 1197 ferens,
1789 1126 2203 1188 candelabrum,

621 1249 831 1300 mensa,
868 1241 1163 1302 veteraque
1203 1228 1408 1285 omnia.
1455 1226 1550 1280 llla
1588 1225 1757 1290 enim,
1803 1220 1947 1291 quod
2000 1218 2120 1291 ejus
2148 1217 2209 1270 ti-

622 1341 772 1394 gurre
831 1333 1040 1391 essent,
1062 1324 1330 1379 honorem
1385 1319 1716 1383 habuerunt,
1766 1324 2027 1383 tanquam
2088 1310 2204 1366 veri

620 1416 946 1484 exemplaris
969 1414 1438 1469 adumbrationes.

694 1510 746 1563 7.
774 1506 944 1563 Hodie
975 1516 1181 1561 tomum
1214 1519 1412 1559 novum
1455 1501 1636 1573 opifex
1670 1498 1913 1554 omnium
1962 1492 2207 1551 condidit

622 1601 765 1656 Deus
791 1597 1237 1669 Verbum,quem
1286 1612 1355 1652 ex
1383 1596 1550 1652 corde
1606 1594 1770 1649 Pater
1812 1588 2084 1646 eructavit
2115 1586 2202 1652 ";

623 1692 856 1763 Spiritu,
892 1692 984 1760 qui
1016 1690 1112 1746 Dei
1143 1689 1328 1759 lingua
1377 1697 1463 1743 est
1515 1697 1775 1756 tanquam
1827 1683 2039 1738 calamo
2066 1694 2205 1735 cono

620 1785 884 1853 scriptum
911 1780 1128 1851 ":qui
1189 1780 1409 1852 quidem
1472 1778 1679 1834 homini
1739 1775 1932 1832 scienti
1988 1774 2202 1829 litteras

620 1878 877 1939 traditus,
900 1886 1240 1943 nequaquam
1274 1871 1344 1926 ab
1371 1885 1438 1927 eo
1463 1871 1635 1925 lectus
1667 1869 1790 1926 luit.
1816 1866 2008 1937 Neque
2034 1863 2203 1936 846

620 1970 764 2024 enim
790 1962 991 2036 Joseph
1034 1965 1261 2020 Mariam
1352 1963 1600 2029 agnovit,
1629 1971 1793 2017 autve
1827 1958 2069 2030 mysterii
2102 1959 2202 2012 hu-

615 2061 705 2131 jus
737 2059 1051 2130 putentiam.
1076 2054 1381 2113 OJoacbim
1416 2064 1472 2109 et
1505 2056 1676 2108 Anna:
1734 2050 2107 2107 sacratissima
2136 2048 2200 2101 li-

620 2153 714 2215 lia,
774 2164 895 2220 quae
942 2148 1341 2220 principatibus
1397 2156 1450 2201 et
1491 2145 1867 2215 potestatibus,
1919 2140 2202 2213 igneisque

618 2238 843 2309 maligni
872 2236 996 2293 telis
1030 2237 1406 2305 latuistizqua:
1438 2238 1489 2290 in
1529 2234 1770 2305 Spiritus
1815 2232 2052 2289 thalamo
2075 2246 2195 2285 ver-

617 2341 735 2387 sata
761 2345 843 2398 es,
868 2339 923 2386 et
947 2329 1066 2385 sine
1122 2329 1335 2384 macula
1397 2328 1696 2391 custodita,
1728 2336 1789 2381 ut
1831 2339 2030 2396 sponsa
2080 2323 2199 2389 Dei,

618 2433 922 2493 naturaque
974 2420 1071 2477 Dei
1126 2431 1305 2477 mater
1343 2435 1517 2478 esses.
1551 2418 1596 2476 Ο
1649 2416 2023 2474 sacratissima
2066 2415 2199 2481 lilia,

615 2532 739 2587 quan
770 2515 823 2570 in
863 2515 1126 2571 maternis
1151 2513 1297 2570 ulnis
1327 2514 1599 2579 cerneris,
1627 2509 2065 2582 apostaticisque
2094 2507 2202 2561 vir-

617 2610 824 2664 tutibus
878 2605 1343 2663 formidabilisesl
1396 2604 1441 2663 Ο
1491 2605 1864 2661 sacratissima
1904 2601 2037 2666 tilia,
2074 2615 2197 2670 qua:

618 2695 811 2752 matris
844 2694 1104 2751 uberibus
1140 2694 1384 2761 laetaris,
1418 2703 1583 2763 atque
1611 2694 1681 2748 ab
1723 2691 1933 2763 angelis
1957 2688 2200 2759 undique

617 2787 885 2857 cingerisl
922 2785 967 2844 Ο
999 2787 1167 2842 chara
1198 2785 1311 2841 Deo
1341 2786 1777 2856 tilia,parentum
1803 2786 1989 2849 decus,
2009 2798 2197 2855 quam,

616 2891 677 2935 ut
714 2881 809 2936 abs
848 2888 901 2933 te
954 2892 1085 2934 vere
1138 2877 1351 2933 dictum
1409 2888 1526 2945 est,
1570 2879 1953 2948 generationes
2008 2892 2201 2935 omnes

616 2973 831 3029 beatam
860 2971 1082 3026 dicunt!
1121 2969 1166 3025 Ο
1190 2969 1364 3040 digna
1414 2969 1524 3024 Deo
1574 2969 1705 3032 lilia,
1737 2969 1990 3025 humana:
2020 2984 2199 3024 venu-

615 3079 728 3122 stas
754 3076 983 3129 naturae,
1013 3064 1328 3134 prlmigenm
1363 3062 1605 3133 parentis
1666 3062 1790 3117 Eva:
1844 3061 2194 3118 emendatio!

616 3158 735 3215 Tuo
771 3172 1004 3227 namque
1036 3157 1238 3227 lpartu,
1274 3171 1397 3224 quae
1431 3155 1727 3221 ceciderat,
1760 3163 1945 3211 erecta
1978 3165 2110 3211 est.
2146 3153 2191 3211 Ο

2325 669 2608 741 Ἀϐραὰμ,
2643 673 2707 742 τῇ
2740 670 2970 742 ἐμψύχῳ
3015 670 3111 725 καὶ
3151 670 3342 743 λογικῇ
3391 675 3567 743 σκηνῇ
3600 673 3695 726 τοῦ
3731 673 3891 726 Θεοῦ.

2310 756 2460 830 Αὕτη
2490 760 2601 830 γὰρ
2628 761 2728 814 οὐκ
2774 761 3054 831 ἐνεργείας
3090 761 3225 815 Θεοῦ
3257 762 3472 834 ὑπῆρξε
3516 763 3744 833 ὼχείον,
3778 763 3890 817 ἄλλ’

2312 850 2588 915 οὐσιωδῶς
2618 850 2719 923 τῆς
2748 852 2840 907 τοῦ
2869 853 2998 906 Υίοῦ
3029 854 3124 907 καί
3150 853 3286 908 Θεοῦ
3316 856 3697 918 ὑποστάσεως.
3740 854 3892 906 Ἐπι-

2308 945 2627 1011 γινωσκέτω
2653 945 2716 999 τὸ
2746 947 2883 1019 πρὸς
2903 947 3077 1019 αὐτὴν
3107 947 3461 1019 ἀσύγκριτον,
3496 947 3731 1009 κιϐωτὸς
3756 948 3892 1003 πάν-

2307 1037 2465 1092 τοθεν
2491 1039 2700 1110 χρυσίῳ
2721 1039 3138 1111 κεκαλυμμένη,
3162 1040 3258 1094 καὶ
3288 1041 3626 1112 μαννοφόρος
3658 1041 3890 1111 στάμνος

2309 1131 2509 1202 χρυσῆ,
2534 1130 2629 1184 καὶ
2659 1131 2871 1202 λυχνία,
2900 1133 2997 1186 καί
3034 1133 3283 1204 τράπεζα
3302 1174 3317 1197 ,
3348 1134 3445 1187 καί
3478 1134 3659 1188 πάντα
3689 1133 3758 1186 τὰ
3784 1150 3889 1186 πα-

2307 1223 2456 1279 λαιά.
2509 1224 2601 1295 Τῷ
2628 1224 2757 1296 ιγάρ
2810 1225 3018 1299 ταύτης
3068 1226 3225 1298 τύπῳ
3263 1226 3580 1298 τετίμηται,
3624 1226 3705 1290 ὡς
3758 1225 3892 1297 άλη-

2316 1314 2444 1379 θοῦς
2475 1314 2588 1397 (5θ)
2624 1315 2981 1387 πρωτοτύπου
3029 1316 3367 1389 σκιάσματα.

2378 1486 2446 1553 ζ’.
2486 1490 2737 1562 Σήμερον
2787 1491 2954 1562 τόμον
2997 1492 3183 1546 καινὸν
3226 1492 3255 1545 6
3306 1491 3488 1547 πάντα
3543 1494 3718 1546 ποιῶν
3759 1511 3890 1548 κατ-

2307 1586 2571 1637 εσκεύασε
2616 1584 2749 1649 Θεὸς
2780 1584 2984 1653 Λόγος,
3022 1585 3081 1638 ὃν
3113 1586 3178 1638 ὲκ
3237 1587 3467 1657 καρδίας
3510 1589 3539 1641 6
3578 1586 3768 1660 Πατὴρ
3809 1587 3893 1654 ἑξ-

2305 1677 2581 1749 ηρεύξατο
2604 1716 2617 1735 .
2648 1677 2867 1749 γλώσσῃ
2895 1677 3030 1731 Θεοῦ
3053 1678 3128 1742 ὡς
3148 1678 3372 1751 καλάμῃ
3413 1680 3495 1750 τῷ
3530 1680 3806 1751 Πνεύματι
3836 1683 3892 1735 ἑν

2304 1767 2455 1839 αὐτῷ
2474 1770 2914 1841 γραφησόμενον·
2937 1769 2996 1831 ὃς
3016 1769 3173 1841 ὲδόθη
3199 1771 3352 1842 ἀνδρὶ
3374 1773 3540 1825 εἰδότι
3564 1774 3885 1842 γράμματα,

2304 1862 2398 1915 καὶ
2431 1862 2531 1915 οὐκ
2560 1861 2791 1930 ἀνέγνω.
2821 1863 2896 1917 Οὐ
2921 1862 3031 1932 γὰρ
3063 1861 3204 1930 ἔγνω
3232 1863 3331 1935 τὴν
3360 1865 3587 1935 Μαρίαν
3612 1867 3641 1918 6
3675 1864 3885 1934 Ἰωσήφ,

2302 1953 2413 2008 οὐδ’
2444 1953 2610 2008 αὐτοῦ
2638 1953 2734 2007 τοῦ
2769 1955 3072 2026 μυστηρίου
3094 1955 3192 2027 τὴν
3219 1956 3471 2025 δύναμιν.
3501 1950 3571 2008 '0
3599 1955 3886 2026 θυγάτριον

2314 2046 2570 2118 ’ῐωακείμ
2594 2063 2654 2101 τε
2684 2046 2779 2101 καὶ
2820 2047 3021 2119 Ἀννης
3062 2048 3124 2101 τὸ
3151 2046 3463 2121 ἱερώτατον,
3505 2049 3564 2101 τὸ
3602 2049 3767 2102 λαθὸν
3795 2048 3887 2110 τὰς

2300 2140 2476 2212 ἀρχάς
2522 2139 2616 2195 καὶ
2647 2139 2747 2203 τὰς
2785 2141 3054 2207 ἐξουσίας,
3088 2140 3279 2194 καὶτὰ
3329 2142 3710 2212 πεπυρωμένα
3757 2141 3881 2213 βέλη

2300 2232 2395 2287 τοῦ
2423 2233 2660 2306 πονηροῦ
2678 2246 2693 2260 ⁸
2717 2232 2780 2287 τὸ
2808 2235 2866 2287 ὲν
2896 2231 3124 2305 θαλάμῳ
3152 2232 3245 2286 τοῦ
3274 2231 3595 2303 Πνεύματος
3632 2234 3881 2286 πολιτευο

2304 2325 2560 2395 σάμενον,
2593 2324 2689 2380 καὶ
2716 2325 2954 2396 τηρηθὲν
2980 2326 3209 2396 ἄμωμον
3240 2327 3322 2389 εἰς
3350 2325 3571 2396 νύμφην
3603 2324 3771 2389 Θεοῦ,
3798 2328 3884 2379 καὶ

2305 2416 2517 2487 μητέρα
2546 2410 2824 2485 φύσει⁸τοῦ
2856 2413 2992 2468 Θεοῦ
3017 2417 3029 2468 !
3059 2412 3129 2468 '0
3159 2414 3450 2487 θυγάτριον
3480 2416 3803 2486 ἱερώτατον.
3828 2416 3884 2470 τὸ

2300 2507 2394 2560 ἐπὶ
2412 2508 2705 2578 μητρικαίς
2730 2504 2999 2575 ἀγκάλαις
3022 2505 3367 2577 φαινόμενον,
3392 2508 3487 2560 καί
3510 2508 3749 2579 φοόερὺν
3772 2512 3883 2572 ταῖς

2301 2598 2695 2661 ἀποπατικαῖς
2712 2597 3008 2668 δυνάμεσιν
3027 2599 3039 2651 ἰ
3060 2593 3131 2651 '0
3150 2598 3441 2669 θυγάτριον
3467 2598 3788 2671 ἱερώτατον,
3813 2599 3883 2672 τῷ

2305 2689 2461 2762 μαζῴ
2502 2690 2643 2761 γάλα
2686 2690 3044 2761 τρεφόμενον,
3088 2691 3183 2745 καί
3216 2691 3475 2759 ἀγγέλοις
3502 2694 3881 2762 περιστοιχού-

2305 2782 2504 2853 μενονί
2554 2779 2624 2836 '0
2660 2783 2956 2855 θυγάτριον
2984 2782 3339 2853 θεοπόθητον,
3367 2784 3403 2854 ή
3445 2782 3552 2837 τῶν
3590 2786 3882 2853 φυσάντων

2301 2872 2448 2937 δόξα·
2482 2873 2540 2927 σὲ
2577 2875 2761 2942 γενεαὶ
2797 2873 3003 2943 γενεῶν
3036 2873 3451 2945 μακαρίζουσιν,
3483 2874 3557 2937 ὡς
3601 2875 3749 2945 ἔφης
3792 2876 3883 2928 ἑπ-

2302 2962 2670 3033 αληθεύουσαί
2701 2959 2771 3016 '0
2802 2963 3095 3035 θυγάτριον
3138 2962 3404 3029 ἀξιὸθεον,
3436 2964 3494 3016 τὸ
3540 2963 3741 3028 κάλλος
3789 2964 3881 3033 τῆς

2301 3052 2648 3124 ἀνθρωπίνης
2675 3053 2887 3121 φύσεως
2906 3094 2922 3120 ,
2974 3052 3074 3125 τῆς
3097 3054 3441 3125 προμήτορος
3466 3051 3608 3113 Εὐας
3635 3054 3669 3123 ὴ
3698 3056 3877 3107 ἐπαν-

2302 3144 2575 3218 όρθωσιςί
2612 3144 2711 3198 Διὰ
2756 3145 2864 3216 γὰρ
2907 3144 3010 3214 τῆς
3054 3144 3155 3214 σῆς
3186 3145 3594 3215 τεκνογονίαςή
3633 3144 3877 3199 πεσοῦσα

616 3260 967 3309 sacrosancta
999 3250 1127 3315 tilia,
1151 3246 1717 3320 lerninarum:gloria!
1752 3247 2012 3315 Quamvis
2052 3248 2195 3303 enim

2302 3238 2641 3310 άνὼρθωται.
2672 3232 2744 3290 '0
2792 3238 3087 3311 θυγάτριον
3131 3236 3445 3311 ἰερὼτατον,
3488 3238 3779 3307 γυναικῶν
3820 3238 3877 3291 τὺ

616 3345 791 3414 prima
825 3341 936 3398 Eva
970 3341 1438 3412 praevaricationis
1496 3355 1591 3395 rea
1654 3341 1946 3407 exstiterit,
1980 3355 2046 3396 ac
2100 3355 2200 3411 per

617 3453 738 3493 eam
773 3451 937 3499 mors,
975 3435 1102 3489 dum
1131 3435 1221 3489 illa
1249 3432 1489 3503 serpenti
1526 3431 1792 3489 adversus
1830 3433 2066 3501 primum
2094 3449 2198 3504 pa-

617 3541 829 3585 tentem
890 3527 1204 3591 inserviret,
1265 3526 1519 3595 ingressa
1586 3525 1701 3581 sit:
1737 3536 1977 3580 attamen
2024 3525 2198 3583 Maria

619 3622 816 3676 divinat
859 3620 1167 3688 obsequens
1224 3615 1889 3687 voluntati,deceptorem
1955 3631 2192 3687 anguem

618 3709 737 3778 ipsa
769 3706 1006 3775 decepit,
1044 3720 1110 3762 ac
1168 3704 1372 3761 mundo
1438 3705 1907 3762 immortalitatem
1958 3706 2189 3761 invexit.

617 3799 663 3859 0
697 3800 804 3856 tilia
832 3813 1048 3869 semper
1110 3798 1286 3869 virgo,
1319 3798 1408 3852 cui
1466 3798 1610 3852 nulla
1657 3799 1725 3853 ad
1774 3797 2194 3867 concipiendum

629 3893 942 3949 necessaria
976 3891 1081 3947 viri
1120 3905 1285 3960 opera
1342 3891 1457 3946 est!
1501 3889 1672 3958 Quem
1720 3891 1866 3946 enim
1920 3902 2076 3949 utero
2104 3907 2199 3964 ge-

619 3988 799 4053 stasti,
830 3986 919 4041 hic
952 3984 1340 4054 sempiternum
1364 3982 1580 4039 Patrem
1601 3984 1783 4040 habet.
1813 3984 1857 4040 Ο
1892 3984 1999 4039 lilia
2031 3985 2196 4040 terri-

626 4092 794 4149 gena,
827 4091 948 4147 quae
985 4076 1081 4132 Dei
1111 4075 1470 4148 genitricibus
1517 4076 1661 4131 ulnis
1695 4076 2013 4132 Creatorem
2038 4092 2197 4146 gere-

618 4169 748 4224 bas!
783 4168 1068 4225 certabant
1099 4168 1243 4225 inter
1270 4184 1333 4226 se
1379 4168 1602 4235 saecula,
1633 4170 1908 4239 quodnam
1936 4181 2060 4226 ortu
2096 4181 2191 4227 tuo

615 4263 962 4334 gloriaretur.
1022 4260 1130 4317 Sed
1194 4276 1384 4319 eorum
1448 4263 1864 4319 contentionem
1919 4266 2199 4334 superavit
2282 4312 2288 4332 ε

616 4352 944 4425 praeﬁnitum
983 4353 1076 4407 Dei
1105 4352 1420 4418 consilium,
1451 4368 1481 4407 a
1513 4368 1621 4423 quo
1644 4354 1843 4410 saecula
1873 4354 2015 4411 facta
2043 4367 2193 4422 sunt,

615 4462 679 4500 ac
722 4457 994 4516 postrema
1046 4446 1222 4516 prima
1253 4457 1581 4511 evaserunt,
1610 4447 1809 4515 quibus
1860 4458 1949 4503 tua
2014 4449 2206 4538 fanste.‘

622 4537 884 4591 nativitas
918 4536 1137 4607 obtigit.
1166 4537 1305 4593 Vere
1347 4553 1435 4593 res
1477 4553 1669 4594 omnes
1703 4541 1956 4596 conditas
2006 4541 2186 4611 digni-

2300 3330 2610 3401 άγλάῖσμαί
2642 3330 2706 3383 Εἰ
2732 3328 2836 3400 γάρ
2865 3331 2962 3384 καὶ
2986 3332 3021 3401 ή
3052 3328 3246 3402 πρώτη
3296 3330 3415 3384 Εὕα
3460 3331 3519 3383 ὲν
3565 3331 3873 3401 παραϐάσει

2299 3421 2511 3491 γέγονε,
2544 3420 2639 3476 καὶ
2680 3420 2746 3474 δι’
2781 3420 2951 3491 αὐτῆς
2996 3420 3246 3490 εἰσῆλθεν
3293 3422 3323 3473 6
3353 3418 3581 3482 θάνατος
3610 3420 3872 3490 διακονη-

2301 3513 2539 3584 σαμένης
2567 3512 2647 3584 τῷ
2672 3512 2793 3582 ὄφει
2819 3513 2957 3583 πρὸς
2984 3512 3076 3565 τὸν
3099 3511 3424 3583 προπάτορα
3443 3552 3458 3577 ,
3487 3511 3599 3566 ἀλλ’
3626 3514 3665 3581 ἡ
3697 3512 3873 3583 Μαρία

2285 3591 2827 3695 ῗὲξυπηρετησαμένη
2857 3603 2935 3675 τῷ
2984 3603 3113 3674 θείῳ
3152 3603 3490 3675 βουλήματι,
3538 3604 3629 3657 τὸν
3664 3605 3873 3671 ἀπατή-

2301 3713 2471 3751 σαντα
2500 3695 2623 3765 όφιν
2674 3696 2982 3766 ἠπάτησεν,
3025 3696 3120 3750 καὶ
3166 3694 3244 3766 τῷ
3280 3697 3474 3766 κόσμῳ
3514 3696 3612 3766 τὴν
3660 3698 3872 3766 ἀφθαρ-

2286 3787 2424 3872 ἰσίαν
2465 3785 2829 3857 εἰσηνέγκατο
2879 3786 3015 3858 (57).
3055 3780 3126 3839 '0
3168 3786 3462 3858 θυγάτριον
3492 3787 3869 3857 ἁειπάρθενον.

2299 3878 2490 3953 ἀνδρὸς
2519 3878 2582 3932 οὐ
2628 3877 2886 3949 δεηθεῖσα
2924 3878 3064 3950 πρὸς
3098 3877 3396 3949 σύλληψινί
3433 3880 3590 3949 Ἔχει
3627 3880 3744 3951 γὰρ
3775 3898 3872 3933 πα-

2281 3970 2432 4060 Ξτέρα
2480 3969 2651 4024 ἀΐδιον
2692 3970 2722 4023 6
2767 3969 2873 4023 ὑπὸ
2909 3968 3004 4023 σοῦ
3048 3970 3429 4040 κυοφορηθείς.
3475 3966 3544 4024 '0
3582 3971 3869 4043 θυγάτριον

2297 4063 2557 4134 γηγενὲς,
2586 4062 2921 4131 θεογενικαῖς
2948 4061 3217 4132 ἀγκάλαις
3247 4062 3337 4115 τὸν
3384 4064 3628 4135 Κτίστην
3672 4063 3868 4133 pagg-,1.

2300 4157 2467 4211 σασαί
2503 4154 2810 4228 ἡμιλλῶντο
2834 4155 2884 4207 οἱ
2909 4155 3139 4220 αἰῶνες,
3172 4155 3325 4217 ποῖός
3349 4172 3434 4218 τις
3468 4158 3866 4226 ὲγκαυχήσεται

2296 4250 2363 4320 τῇ
2400 4250 2468 4320 σῇ
2495 4250 2767 4319 γεννήσει,
2800 4246 2915 4300 ἀλλ’
2942 4246 3097 4300 ἐνίκα
3124 4245 3233 4299 τῶν
3266 4245 3480 4299 αἰώνων
3511 4246 3611 4317 τὴν
3642 4246 3867 4317 ἅμιλλαν

2296 4343 2329 4395 ἰδ
2357 4340 2744 4413 προωρισμένη
2806 4339 2970 4411 βουλὴ
3019 4339 3116 4393 τοῦ
3158 4340 3291 4393 Θεοῦ
3316 4378 3333 4404 ,
3367 4339 3465 4394 τοῦ
3493 4341 3625 4403 τοὺς
3672 4340 3867 4402 αἰῶνας

2296 4434 2644 4503 ποιήσαντος,
2682 4432 2777 4486 καί
2821 4433 3109 4501 γεγόνασιν
3141 4432 3193 4485 οἰ
3231 4431 3452 4501 ἔσχατοι
3494 4430 3737 4501 πρῶτοι,
3767 4429 3864 4498 τὴν

2297 4524 2397 4595 σὴν
2467 4524 2896 4595 εὐμοιρήσαντες
2946 4524 3220 4593 γέννησιν.
3297 4525 3508 4585 Ὄντως
3568 4522 3865 4591 τιμιωτέρα

615 4638 726 4681 tate
762 4602 1148 4683 antecellui'sti.
1180 4624 1311 4681 Nam
1334 4643 1401 4683 ex
1422 4637 1472 4682 te
1494 4628 1607 4682 sola
1639 4644 1889 4685 summus
1931 4628 2025 4685 ille
2061 4602 2183 4702 opi-

2299 4616 2472 4687 πάσης
2501 4616 2727 4680 κτίσεως
2765 4616 3017 4684 γέγονας.
3067 4616 3163 4671 Ἐκ
3209 4615 3305 4669 σόῦ
3352 4614 3462 4686 γὰρ
3498 4614 3671 4684 μόνης
3698 4615 3723 4666 6
3760 4617 3862 4683 Δη-

611 4720 699 4775 fex
752 4728 965 4789 partum
1029 4719 1347 4789 assumpsit,
1390 4735 1583 4776 massae
1638 4732 1838 4777 nostra:
1888 4723 2186 4794 primitias.

609 4812 753 4868 Caro
789 4809 906 4878 ejus
929 4825 997 4865 ex
1028 4811 1135 4867 tuis
1189 4812 1546 4883 sanguinibus
1596 4825 1855 4870 concreta
1886 4815 2010 4874 fuit.
2044 4816 2187 4886 Quin

608 4903 753 4957 Deus
777 4916 845 4957 ex
880 4902 987 4956 tuis
1022 4901 1280 4957 mamillis
1332 4903 1418 4957 lac
1469 4906 1642 4971 suxit,
1679 4914 1880 4976 tuaque
1912 4907 2057 4964 labia
2092 4910 2186 4966 Dei

608 4995 770 5053 labiis
808 4995 1177 5050 cohaeserunt.
1214 4993 1259 5050 Ο
1310 4996 1573 5051 miracula
1624 5001 1827 5053 mentis
1869 5010 2087 5071 captum
2132 5012 2188 5058 et

606 5102 915 5146 sermonem
974 5086 1334 5142 excedentia!
1371 5086 1701 5157 Dignitatem
1755 5099 1903 5145 tuam
1973 5108 2182 5163 praeco-

606 5194 873 5248 gnoscens
894 5178 1275 5233 universorum
1327 5176 1491 5242 Deus,
1519 5190 1571 5235 te
1598 5181 1829 5250 proinde
1856 5184 2068 5250 dilexit,
2096 5187 2183 5241 di-

607 5267 909 5337 lectamque
935 5264 1366 5335 praedestinavit,
1396 5278 1563 5338 atque
1604 5271 1869 5327 extremis
1912 5275 2177 5343 tempori-

607 5360 708 5413 bus
742 5359 1017 5427 produxit,
1049 5375 1113 5416 ac
1135 5359 1423 5431 Deiparam
1456 5373 1713 5429 matrem,
1749 5365 1942 5436 suique
1964 5365 2087 5422 Filii
2111 5383 2177 5423 ac

610 5448 767 5507 Verbi
791 5452 1073 5508 nutritiam
1101 5452 1253 5509 fecit.

677 5683 720 5714 “
762 5682 906 5739 Psal.
938 5699 1085 5748 xuv,
1112 5684 1171 5738 2.
1245 5685 1287 5715 "
1330 5685 1461 5741 ibid.

682 5814 796 5887 (56)
824 5815 972 5887 Edit.
1007 5815 1248 5885 ἀληθῶς.

669 5885 786 5953 (57)
821 5885 885 5943 ll.
924 5888 943 5943 ἰ
980 5888 1263 5956 εἰσήγαγε.

2293 4709 2556 4779 μιουργὸς
2585 4710 2780 4778 μοῖραν
2807 4709 3143 4780 προσείληφε
3163 4749 3178 4771 ,
3210 4708 3309 4778 τὴν
3335 4706 3591 4776 ἀπαρχὴν
3616 4704 3706 4758 τοῦ
3731 4706 3864 4774 ήμε-

2287 4797 2448 4868 τέρου
2488 4798 2831 4870 φυράματος.
2883 4798 3029 4870 Σάρξ
3056 4796 3222 4853 αὑτοῦ
3267 4799 3332 4850 ὲκ
3357 4797 3465 4849 τῶν
3497 4796 3716 4867 σαρκῶν
3750 4794 3858 4863 (58)

2288 4906 2404 4955 σου,
2446 4889 2541 4941 καί¹
2574 4888 2635 4941 τὸ
2670 4882 2808 4958 αἷμα
2848 4889 2913 4942 ὲκ
2938 4888 3050 4943 τῶν
3103 4886 3354 4958 αἱμάτων
3403 4903 3498 4939 σου
3524 4927 3539 4949 ,
3583 4889 3680 4939 καί
3722 4886 3859 4955 γάλα

2289 4981 2517 5054 μαστῶν
2539 4998 2633 5034 σου
2667 4980 2929 5050 ὲθήλασεν
2949 4980 2978 5033 6
2994 4980 3146 5046 Θεὸς,
3176 4979 3269 5033 καὶ
3297 4977 3477 5050 ήνώθη
3500 4980 3569 5031 τὰ
3586 4979 3731 5048 χείλη
3768 4993 3858 5030 σω

2288 5073 2403 5134 τοῖς
2436 5070 2530 5124 τοῦ
2570 5069 2704 5124 Θεοῦ
2733 5071 2990 5142 χείλεσιν.
3021 5072 3085 5123 Ὢ
3125 5069 3533 5141 ἀκαταλήπτων
3566 5071 3659 5123 καὶ
3686 5071 3855 5139 ἀπορο

2291 5166 2473 5234 ρήτων
2525 5163 2852 5233 θαυμάτωνί
2902 5162 2964 5215 σὲ
3008 5162 3278 5232 προγνοὺς
3331 5163 3359 5214 6
3412 5161 3524 5224 τῶν
3567 5161 3700 5215 ὅλων
3725 5160 3857 5222 Θεὸς

2288 5255 2467 5321 ἀξίαν,
2509 5255 2757 5325 ἠγάπησε
2781 5296 2796 5321 ,
2835 5256 2931 5308 καὶ
2961 5254 3256 5325 ἀγαπήσας
3306 5253 3609 5325 προώρισε,
3638 5256 3725 5309 καὶ
3768 5255 3856 5306 ἐπ’

2286 5348 2534 5419 ἐσχάτων
2583 5348 2690 5401 τῶν
2736 5347 2944 5419 χρόνων
2992 5348 3073 5409 εἰς
3113 5346 3175 5399 τὸ
3219 5342 3358 5400 εἰναι
3407 5349 3712 5418 παρήγαγε,
3761 5346 3854 5399 καὶ

2288 5438 2556 5492 Θεοτόκον
2593 5438 2806 5510 μητέρα
2852 5438 2948 5492 καὶ
2985 5437 3204 5510 τιθηνὸν
3244 5437 3337 5493 τοῦ
3376 5439 3581 5492 οἰκείου
3609 5437 3731 5492 Υἰοῦ
3762 5437 3851 5490 καὶ

2293 5531 2467 5600 Λόγου
2494 5530 2749 5596 ἀνέδειξε.

2388 5818 2493 5890 (58)
2526 5819 2668 5875 Edit.
2707 5820 2768 5876 ὲκ
2797 5822 2893 5894 τῆς
2922 5824 3143 5896 σαρκός.
