4046 6398
118 413 229 478 673
966 413 1344 476 HOMILIAI
1375 413 1457 475 IN
1494 410 2010 474 NATIVITATEM
2049 411 2117 475 B.
2154 413 2220 474 V.
2260 406 2549 472 MARL‘E.
3300 406 3406 470 674

195 531 270 597 η’.
312 522 589 578 Τάναντία
619 522 716 594 μὲν
741 516 838 577 οῦν
858 522 970 577 τῶν
1002 525 1262 581 ἐναντίων
1288 527 1457 595 φασιν
1483 525 1712 595 ίάματα,
1746 570 1753 589 ι

1892 526 1947 581 8.
1997 524 2144 579 Sane
2209 523 2429 593 quidem
2487 517 2768 576 contraria
2820 516 3223 573 contrariorum
3281 530 3406 572 esse

123 618 246 673 ἀλλ’
274 619 377 671 οῦκ
402 619 467 671 ἐκ
492 616 603 670 τῶν
629 616 892 670 ἐναντίων
915 617 987 671 τὰ
1011 618 1255 673 ἐναντία.
1288 618 1352 671 Ei
1376 617 1470 671 καὶ
1489 616 1580 671 διὰ
1600 616 1716 670 τῶν

1857 621 1976 675 iunt
2008 619 2438 675 medicamenta:
2461 626 2517 671 at
2544 632 2651 671 non
2684 616 2814 670 item
2847 629 2915 669 ex
2948 612 3247 669 contrariis
3270 625 3406 666 con-

126 709 397 763 ἐναντίων
425 708 658 762 ἕκαστον
686 706 715 760 6
756 708 1004 778 πέφυκεν
1026 708 1139 780 (59)
1165 710 1379 773 πλέκει,
1406 711 1473 764 ἐκ
1502 726 1718 782 περιου-

1857 717 1989 773 raria
2020 715 2179 773 oriri.
2219 715 2542 785 Quanquam
2574 712 2776 783 alioqui
2807 723 3149 781 unaquaeque
3192 723 3279 763 res
3309 722 3408 777 per

128 800 257 863 σίας
299 795 361 853 οῦ
407 797 675 869 πέφυκεν.
722 799 938 872 Ὠσπερ
963 799 1073 874 γὰρ
1101 801 1192 856 διὰ
1239 802 1334 856 τοῦ
1373 801 1584 871 ἀγαθοῦ
1628 818 1718 873 μοι

1857 813 2094 867 ontraria
2126 811 2179 867 id
2211 810 2358 883 quod
2409 824 2533 865 esse
2565 818 2691 863 nata
2730 815 2837 871 est,
2866 804 3113 861 contexit
3141 816 3209 857 ex
3235 802 3407 857 abun-

128 890 588 963 κατεργαζομένη
629 890 860 945 θάνατον
891 891 1017 947 καθ’
1047 894 1357 967 ὑπερϐολὴν
1387 894 1719 966 ἁμαρτωλὸς

1860 906 2007 960 antia
2043 906 2164 978 ejus
2188 903 2333 974 quod
2370 918 2492 959 esse
2528 912 2653 956 nata
2685 910 2793 956 est.
2826 897 2990 954 Velut
3022 900 3169 953 enim
3203 910 3406 967 pecca-

128 984 166 1054 ή
197 982 445 1054 ἁμαρτία
462 1023 479 1048 ,
511 982 655 1037 οῦτω
676 982 788 1037 τῶν
816 984 1039 1054 ἀγαθῶν
1060 987 1089 1040 6
1113 987 1286 1052 αίτιος
1312 988 1402 1042 διὰ
1427 988 1537 1042 τῶν
1565 990 1723 1043 ἐναν-

127 1075 266 1128 τίων
316 1074 345 1128 6
403 1075 648 1144 πέφυκεν
698 1076 834 1148 ἡμῖν
882 1079 1304 1150 κατεργάζεται.
1364 1080 1560 1135 Ὅπου
1608 1080 1723 1151 τὰρ

128 1168 520 1222 ἐπλεόνασεν
549 1168 589 1234 ὴ
616 1168 893 1238 ἁμαρτία,
922 1172 1523 1240 ὑπερεπερίσσευσεν
1552 1173 1593 1241 ἡ
1616 1171 1725 1240 χά-

121 1286 251 1337 ρις.
316 1270 379 1322 El
419 1268 529 1340 γὰρ
579 1268 681 1340 τὴν
734 1268 962 1342 πρώτην
999 1271 1139 1343 πρὸς
1185 1272 1319 1326 Θεὸν
1371 1272 1725 1345 ἐφυλάξαμεν

134 1361 453 1425 κοινωνίαν,
487 1363 591 1416 οὐκ
618 1362 685 1416 ἀν
711 1362 815 1435 τῆς
867 1361 1117 1434 μείζονος
1144 1366 1241 1419 καὶ
1280 1366 1728 1437 παραδοξοτέρας

133 1461 583 1534 κατηξιώθημεν.
617 1461 733 1515 Νῦν
775 1463 832 1517 δὲ
883 1462 972 1517 διὰ
1021 1463 1122 1534 μὲν
1168 1466 1270 1538 τῆς
1313 1467 1594 1539 ἁμαρτίας
1626 1468 1729 1539 τῆς

1826 1005 1940 1050 tum
1984 1005 2215 1050 mortem
2248 993 2376 1048 mibi
2405 1007 2501 1063 per
2557 992 2762 1047 bonum
2798 1003 3056 1059 upcrans,
3098 1001 3265 1056 supra
3295 1000 3409 1039 meo

1824 1088 1953 1144 dum
1983 1103 2218 1160 peccans
2271 1085 2625 1143 ostenditur:
2654 1085 2736 1139 sic
2770 1084 3040 1140 bonorum
3085 1089 3277 1137 auctor
3314 1092 3414 1147 per

1826 1184 2126 1248 contraria,
2160 1182 2215 1238 id
2247 1180 2391 1252 quod
2442 1189 2638 1248 suapte
2663 1185 2854 1232 natura
2891 1185 2998 1240 est,
3042 1173 3203 1229 nobis
3225 1170 3411 1227 eilicit.

1830 1275 1932 1331 Ubi
1967 1274 2107 1331 enim
2140 1272 2429 1328 abundavit
2464 1280 2760 1341 peccatum,
2790 1265 3237 1338 superabundavit
3285 1280 3415 1333 gru-

1830 1369 1906 1423 tia
1934 1368 2002 1423 ".
2042 1367 2177 1423 Nam
2204 1368 2247 1423 si
2281 1366 2512 1437 primam
2550 1380 2675 1418 cum
2741 1364 2852 1418 Deo
2897 1361 3216 1416 societatem
3275 1372 3413 1411 cou-

1832 1463 2290 1526 servavissemus,
2348 1458 2783 1530 praestantiorem
2840 1466 2897 1513 et
2953 1454 3418 1511 admirabiliorem

134 1554 418 1624 προτέρας
443 1553 730 1619 κοινωνίας
760 1553 1181 1627 ἀπηξιώθημεν,
1219 1559 1295 1629 μὴ
1332 1559 1669 1629 φυλάξαντες
1701 1559 1731 1613 6

1857 1571 2174 1626 nequaquam
2206 1554 2349 1610 nacti
2374 1568 2645 1609 essemus.
2683 1549 2837 1605 Nunc
2861 1561 3070 1613 autem,
3100 1564 3197 1618 per
3220 1563 3419 1619 pecca-

136 1654 435 1726 ἐλάὄομεν.
475 1654 614 1709 Θεοῦ
658 1655 716 1709 δὲ
762 1657 1080 1732 συμπαθείᾳ
1125 1659 1442 1733 ἠλεήθημεν
1510 1678 1572 1716 τε
1633 1664 1731 1717 καὶ

1860 1666 1949 1704 unt
1982 1650 2199 1716 quidem
2223 1665 2251 1701 a
2280 1645 2447 1717 priori
2474 1645 2755 1700 consortio
2785 1642 2927 1715 pulsi
2979 1657 3192 1706 sumus,
3217 1655 3340 1694 cum
3368 1639 3418 1692 id

138 1746 626 1819 προσελήφθημεν,
661 1745 739 1810 ὡς
755 1747 973 1820 ἀσφαλῆ
1003 1750 1262 1818 γενέσθαι
1287 1752 1387 1823 τὴν
1419 1753 1731 1811 κοινωνίαν.

1857 1743 1982 1814 ιυοι]
2019 1756 2407 1811 acceperamus
2443 1754 2666 1794 servare
2706 1736 3111 1808 neglexeritnus
3144 1751 3160 1789 :
3197 1734 3293 1789 Dei
3326 1746 3422 1787 ve-

136 1838 380 1902 Δυνατὸς
407 1837 518 1910 γὰρ
545 1839 575 1891 6
614 1838 1078 1911 προσλαϐόμενος,
1110 1841 1344 1911 φυλάξαι
1383 1843 1485 1914 τὴν
1534 1843 1732 1898 ἐνωσιν

1857 1852 1901 1891 'o
1930 1834 2225 1891 clementia
2252 1832 2689 1887 misericordiam
2720 1827 3002 1886 consecuti
3042 1827 3424 1896 assumptique

136 1930 538 1985 ἀδιάσπαστον.
592 1930 747 1983 Ἐπεὶ
776 1931 888 2003 γὰρ
916 1934 1335 2006 ἐκπορνεύσασαι
1371 1936 1733 2009 ἐξεπόρνευσε

1857 1940 2048 1992 :umus,
2083 1932 2142 1978 nt
2181 1938 2245 1979 ea
2306 1923 2546 1979 societas
2572 1923 2641 1977 ab
2685 1924 2833 1977 omni
2867 1930 2980 1976 tuta
3030 1920 3278 1991 periculo
3323 1921 3417 1974 sit.

137 2024 299 2076 πᾶσα
336 2024 373 2093 ἡ
418 2024 525 2093 γῆ,
559 2022 659 2076 καὶ
687 2024 717 2076 6
740 2022 869 2087 λαδς
913 2025 1123 2097 Κυρίου
1162 2026 1432 2099 πνεύματι
1478 2029 1735 2101 πορνείας

1857 2017 2025 2073 ?otest
2084 2017 2230 2073 enim
2271 2016 2318 2072 is
2379 2018 2471 2087 qui
2508 2016 2829 2083 assumpsit,
2857 2022 3143 2086 praastare,
3176 2022 3235 2067 ut
3270 2012 3422 2067 indi-

136 2112 426 2186 ἐπλανήθη
454 2111 565 2166 ἀπὸ
600 2112 805 2185 Κυρίου
828 2112 926 2167 τοῦ
952 2113 1089 2168 Θεοῦ
1119 2115 1307 2182 αὐτοῦ,
1332 2115 1428 2170 τοῦ
1451 2117 1737 2189 κτησαμέ-

1857 2111 1988 2165 vulsa
2039 2110 2112 2166 sit
2162 2110 2501 2181 coujunctio.
2546 2108 2688 2176 Quia
2746 2108 2894 2163 enim
2961 2108 3221 2163 universa
3273 2114 3424 2161 terra

137 2223 237 2261 νου
286 2205 453 2260 αὑτὸν
499 2206 559 2260 ἐν
600 2206 748 2279 χειρὶ
776 2208 1018 2280 κραταιᾷ
1064 2209 1159 2262 καὶ
1211 2208 1456 2281 βραχίονι
1508 2209 1734 2282 ὑψηλῷ,

1857 2205 2162 2260 'ornicando
2218 2202 2485 2257 fornicata
2510 2211 2654 2265 erat,
2684 2215 2750 2256 ac
2786 2199 3001 2254 Domini
3038 2197 3274 2270 populus
3318 2197 3429 2251 for-

139 2297 244 2351 καὶ
288 2296 655 2367 ἐξαγαγόντος
685 2300 745 2353 ἐν
782 2298 1032 2371 σημείοις
1074 2302 1169 2354 καὶ
1216 2302 1445 2373 τέρασιν
1488 2302 1549 2368 ἐξ
1584 2304 1738 2358 οίκου

1857 2299 2144 2355 ticationis
2186 2299 2384 2369 spiritu
2442 2298 2740 2363 abactus,a
2798 2296 3028 2351 Domino
3078 2292 3191 2349 Deo
3241 2307 3362 2357 suo.
3398 2308 3429 2347 a

138 2390 397 2455 δουλείας
423 2392 651 2463 Φαραὼ,
683 2392 779 2446 καὶ⁵
806 2393 1162 2463 διαγαγόντος
1182 2395 1271 2449 διὰ
1301 2395 1578 2469 θαλάσσης
1608 2397 1737 2469 Ἑρυ

1857 2406 1948 2462 luo
1971 2390 2025 2446 in
2062 2406 2223 2445 manu
2260 2388 2469 2461 potenti
2500 2400 2556 2443 et
2579 2386 2812 2443 brachio
2862 2387 3082 2443 excelso
3126 2386 3434 2452 acquisitus

142 2481 288 2553 θρᾶς
327 2481 463 2554 (60),
509 2484 608 2537 καὶ
639 2483 1010 2557 ὁδηγήσαντος
1048 2487 1109 2541 ἐν
1137 2488 1334 2559 νεφέλῃ
1362 2489 1610 2562 ἡμέρας,
1644 2491 1743 2544 καὶ

139 2575 276 2648 ὅλην
317 2575 418 2649 τὴν
447 2575 619 2631 νύκτα
662 2578 721 2632 ἐν
753 2577 1020 2651 φωτισμῷ
1062 2580 1257 2652 πυρός.
1287 2582 1398 2635 Καὶ
1424 2583 1671 2655 ἐστράφη
1704 2584 1739 2654 ἦ

139 2668 349 2739 καρδία
385 2668 567 2723 αὐτῶν
605 2669 687 2734 είς
714 2669 991 2741 Αἴγυπτον
1010 2686 1026 2702 ·
1054 2674 1150 2727 καὶ
1180 2673 1398 2741 ἐγένετο
1422 2677 1449 2730 6
1478 2675 1605 2740 λαὸς
1630 2678 1743 2730 Κυ-

144 2761 292 2833 ρίου,
324 2752 386 2816 οὗ
428 2761 557 2828 λαὸς
595 2763 824 2835 Κυρίου·
860 2766 956 2819 καὶ
992 2766 1023 2818 6
1067 2766 1401 2837 ἠλεημένος,
1431 2768 1532 2823 οὐκ
1574 2768 1744 2841 ἠλεη-

145 2855 340 2927 μένοςο
398 2857 495 2911 καὶ
557 2859 586 2912 6
634 2858 1033 2931 ἠγαπημένος,
1079 2861 1184 2915 οὐκ
1210 2861 1590 2933 ἡγαπημένος.
1644 2862 1746 2916 Διά

141 2947 316 3003 τοῦτο
353 2948 450 3003 νῦν
492 2951 772 3022 Παρθένος
812 2952 1060 3007 τίκτεται
1102 2953 1205 3023 τῆς
1236 2954 1573 3025 προγονικῆς
1605 2971 1744 3026 πορ-

143 3040 306 3100 νείας
336 3040 650 3107 ἀντίπαλος,
681 3042 775 3095 καὶ
808 3042 959 3115 αὐτῷ
985 3042 1063 3114 τῷ
1086 3043 1206 3114 Θεῷ
1234 3043 1622 3116 μνηστεύεται,
1650 3044 1746 3099 καὶ

144 3133 332 3187 τίκτει
358 3133 452 3186 τοῦ
477 3133 614 3187 Θεοῦ
644 3134 737 3187 τὸν
767 3134 937 3190 ἔλεον.
966 3136 1075 3189 Καὶ
1099 3135 1229 3201 λαὸς
1254 3137 1351 3191 τοῦ
1374 3137 1533 3206 Θεοῦ,
1565 3139 1592 3191 6
1617 3139 1748 3211 πρὶν

1839 2491 1979 2549 erat,
2001 2492 2165 2553 atque
2200 2481 2253 2537 in
2282 2480 2454 2553 signis
2478 2491 2531 2536 et
2556 2478 2827 2551 portentis
2859 2481 2924 2533 de
2957 2478 3123 2534 domo
3151 2474 3435 2533 servitutis

1843 2576 2144 2633 Pharaonis
2203 2574 2455 2637 eductus.
2483 2589 2581 2644 per
2631 2586 2784 2626 mare
2848 2571 3093 2626 Rubrum
3146 2570 3430 2624 traductus

1841 2669 2008 2743 847
2040 2668 2180 2736 erat,
2209 2677 2262 2723 et
2284 2677 2395 2722 tum
2430 2666 2667 2721 interdiu
2703 2665 2757 2719 in
2807 2663 2973 2728 nube,
3008 2672 3119 2717 tum
3157 2673 3315 2717 nocte
3347 2672 3434 2716 to-

1845 2774 1900 2818 ta
1938 2766 1991 2817 in
2016 2761 2412 2817 illutninatione
2452 2760 2596 2829 ignis
2623 2757 2912 2819 deductus,
2942 2757 3323 2811 aberraverat.
3355 2754 3427 2809 Et

1846 2872 1943 2912 cor
1973 2854 2218 2925 ipsorum
2254 2851 2309 2908 in
2351 2850 2649 2923 Egyptum
2679 2867 2739 2906 se
2767 2858 3119 2906 converterat
3150 2850 3199 2883 "
3227 2867 3241 2903 :
3276 2849 3350 2903 ita
3377 2855 3439 2902 ut

1850 2947 2063 3007 Domini
2095 2946 2350 3018 papulas,
2385 2961 2492 3000 non
2519 2944 2753 3015 populus
2780 2942 2998 2998 Domini
3026 2941 3208 2997 factus
3244 2950 3390 2997 esset
3417 2957 3435 3007 ;

1848 3055 1906 3101 et
1951 3043 2043 3115 qui
2101 3038 2535 3097 misericordiam
2600 3046 2951 3105 consecutus,
2998 3035 3438 3091 misericordiam

1850 3152 1958 3193 non
1997 3141 2361 3200 consecutus;
2391 3133 2595 3204 quique
2644 3130 2902 3197 dilectus,
2965 3145 3072 3184 non
3104 3128 3337 3183 dilectus
3367 3125 3438 3182 ".

144 3225 214 3277 οὐ
244 3223 377 3286 λαὸς
410 3223 771 3279 καθίσταται·
800 3227 897 3280 καὶ⁹
921 3228 949 3280 6
986 3228 1087 3281 οὐκ
1125 3229 1444 3300 ἠλεημένος.
1483 3229 1745 3300 ὴλέηταιο

1857 3228 1988 3285 Eam
2022 3230 2092 3285 ob
2118 3242 2339 3284 causam
2377 3225 2544 3296 Virgo
2576 3240 2718 3280 nunc
2739 3224 2978 3294 antiqua:
3001 3222 3268 3293 majorum
3317 3236 3446 3276 suo-

146 3316 251 3370 καὶ
296 3316 327 3367 6
376 3316 479 3369 οὐκ
513 3318 874 3388 ἡγαπημένος
918 3320 1225 3392 ὴγάπηται.
1286 3320 1373 3388 ἘΞ
1420 3322 1592 3392 αὐτῆς
1636 3322 1747 3394 γὰρ

1857 3337 1976 3377 rum
2004 3319 2357 3377 scortationis
2406 3318 2724 3374 adversaria
2783 3317 3052 3382 nascitur,
3079 3317 3293 3387 ipsique
3333 3316 3445 3372 Deo

145 3409 408 3463 τίκτεται
436 3411 465 3464 6
495 3409 626 3474 Υίὸς
671 3410 767 3465 τοῦ
808 3409 945 3465 Θεοῦ
993 3412 1023 3466 6
1066 3412 1383 3485 ἀγαπητὸς,
1432 3416 1491 3468 ἐν
1517 3407 1562 3484 ᾧ
1592 3413 1748 3468 εὑδό-

149 3515 353 3571 κησεν.

1858 3427 2056 3483 sponsa
2108 3411 2380 3479 jungitur,
2406 3425 2472 3466 ac
2537 3409 2629 3464 Dei
2690 3408 3131 3465 misericordiam
3186 3408 3353 3477 parit,
3384 3418 3446 3462 ut

1859 3506 2127 3562 elliciatur
2163 3505 2258 3561 Dei
2319 3505 2567 3576 populus,
2600 3507 2693 3577 qui
2745 3515 2875 3560 ante
2932 3519 3039 3559 non
3087 3502 3359 3574 populus;
3392 3508 3450 3556 et

152 3598 252 3669 qui
292 3613 401 3653 non
446 3605 772 3653 consecutus
829 3596 1288 3664 misericordiam,
1346 3598 1780 3656 misericordiam
1849 3614 2216 3670 consecutus;
2278 3603 2482 3672 quique
2533 3617 2638 3656 non
2694 3601 2950 3665 dilectus,
2979 3599 3235 3657 dilectus.
3276 3598 3355 3654 Ex
3383 3612 3449 3653 ea

154 3692 367 3763 quippe
417 3692 661 3746 nascitur
711 3690 882 3746 Filius
936 3691 1034 3747 Dei
1091 3692 1503 3761 dilectissimus,
1548 3694 1601 3748 in
1631 3710 1739 3763 quo
1776 3693 1939 3752 Pater
1968 3697 2111 3752 bene
2142 3695 2244 3751 sibi
2274 3694 2630 3765 complacuit.

232 3785 301 3838 θ’.
354 3783 636 3854 Ἀμπελος
666 3784 1092 3855 εύκληματοῦσα
1116 3784 1177 3851 ἐξ
1202 3786 1402 3858 Ἀννης
1424 3786 1752 3857 ἐϐλάστησε,

156 3878 262 3933 καὶ
310 3875 509 3948 βότρυν
550 3875 895 3947 γλυκύτητος
943 3875 1167 3947 ἤνθησε,
1206 3877 1359 3949 πόμα
1410 3877 1614 3951 νέκταρ
1640 3881 1755 3943 τοῖς

157 3966 430 4037 γηγενέσι
461 3966 777 4037 πηγάζοντα
808 3966 887 4030 είς
913 3964 1057 4037 ζωὴν
1090 3964 1333 4021 αἰώνιον.
1375 3967 1634 4039 Ἰωακεὶμ
1660 3969 1757 4022 καὶ

164 4062 339 4112 Ἀννα
375 4059 639 4129 ἐσπειραν
668 4059 880 4122 ἑαυτοῖς
909 4060 990 4122 εἰς
1021 4058 1393 4132 δικαιοσύνην,
1446 4062 1543 4115 καὶ
1578 4060 1759 4133 ἐθέρι-

162 4170 269 4205 σαν
300 4150 519 4222 καρπὸν
540 4151 711 4221 ζωῆς.
756 4149 1062 4220 Ἐφὼτισαν
1091 4152 1303 4215 ἑαυτοῖς
1337 4153 1453 4221 φῶς
1478 4154 1757 4222 γνώσεως,

160 4245 264 4299 καὶ
307 4244 518 4315 Κύριον
565 4244 921 4314 ἐξεζήτησαν,
958 4246 1055 4298 καὶ
1088 4240 1253 4315 ἦλθεν
1291 4247 1476 4310 αὐτοῖς
1509 4247 1760 4319 γέννημα

162 4337 544 4408 δικαιοσύνης.
600 4337 888 4407 Θαρσείτω
932 4338 965 4409 ἡ
1013 4338 1086 4409 γῆ
1118 4342 1212 4392 καὶ
1260 4341 1329 4394 τὰ
1374 4339 1543 4393 τέκνα
1596 4340 1759 4396 Σιών.

161 4430 410 4501 Χαίρετε
445 4430 537 4483 ἐπὶ
565 4429 755 4500 Κυρίῳ
802 4428 881 4499 τῷ
918 4429 1039 4500 Θεῷ
1069 4431 1245 4502 ὑμῶν,
1273 4432 1355 4485 ὃτι
1393 4431 1762 4503 βεϐλάστηκεν

1930 3788 1985 3845 9.
2019 3787 2159 3845 Vitis
2214 3789 2487 3844 uberrima
2535 3804 2603 3844 ex
2661 3788 2814 3843 Anna
2882 3785 3184 3858 pullulavit,
3240 3802 3454 3857 uvaque

1862 3882 2183 3940 suavissima
2222 3881 2477 3948 emeruit,
2505 3892 2689 3951 potum
2725 3881 2961 3936 nectaris
3010 3879 3299 3949 terrigenis
3326 3879 3454 3934 l'un-

1866 3976 2004 4031 dens
2030 3975 2081 4030 in
2117 3975 2283 4029 vitam
2308 3984 2592 4030 aeternam.
2626 3966 2874 4027 Joacliim
2913 3981 2969 4027 et
2996 3973 3152 4027 Anna
3184 3973 3251 4027 ad
3287 3971 3456 4039 justi-

1869 4070 2000 4124 tiam
2037 4067 2139 4123 sibi
2199 4067 2301 4136 ipsi
2350 4066 2713 4131 seminarunt,
2749 4081 2813 4119 ac
2844 4064 2968 4118 vita:
3023 4064 3260 4118 lructum
3312 4079 3456 4119 nies-

1869 4168 2115 4216 suerunt.
2212 4158 2470 4214 Scientia‘.
2528 4157 2710 4211 lumen
2779 4155 2881 4210 sibi
2938 4155 3336 4218 illuminarunt,
3392 4170 3458 4210 ac

1872 4252 2158 4309 Dominum
2181 4252 2578 4323 exquisierunt,
2612 4249 2866 4320 venitque
2901 4249 3007 4303 illis
3035 4263 3253 4319 germen
3287 4246 3457 4318 justi-

1873 4347 1960 4401 tia:
1987 4345 2056 4401 ".
2099 4345 2392 4401 Audaciam
2437 4349 2617 4398 sumat
2672 4351 2843 4408 terra,
2880 4356 2945 4396 ac
2979 4341 3071 4395 lilii
3114 4339 3266 4395 Sion.
3310 4340 3459 4396 Gau-

1873 4439 1997 4495 dete
2037 4437 2092 4492 in
2141 4437 2368 4492 Domino
2416 4436 2525 4491 Deo
2573 4443 2776 4497 vestro,
2817 4434 2944 4502 quia
2984 4431 3310 4501 germinavit
3363 4432 3462 4485 de-

164 4523 417 4593 ἔρημος·
450 4523 641 4590 στεῖρα
670 4522 871 4595 ἤνεγκε
899 4524 993 4576 τὸν
1028 4524 1242 4595 καρπὸν
1272 4525 1465 4595 αὐτῆς.
1501 4524 1753 4596 Ἰωακεὶμ

1869 4542 2072 4587 sertum
2100 4549 2114 4586 :
2140 4529 2344 4585 sterilis
2382 4527 2605 4600 protulit
2654 4526 2887 4581 fructum
2923 4540 3103 4580 suum.
3130 4522 3376 4578 Joacltim
3405 4533 3462 4579 et

163 4612 270 4666 καὶ
300 4613 477 4667 Ἀννα
522 4612 598 4676 ὡς
641 4613 741 4686 ὅρη
792 4615 962 4685 νοητά
995 4614 1313 4685 γλυκασμὸν
1352 4617 1763 4684 ἀπεστάλαξαν.

165 4702 512 4775 Εὐφραίνου,
566 4705 737 4759 Ἅννα
797 4708 1130 4779 μακαριστέ,
1186 4708 1269 4761 ὅτι
1319 4708 1453 4780 θῆλυ
1510 4709 1763 4772 τέτοκας.

166 4795 354 4849 Τοῦτο
380 4795 490 4867 γάρ
521 4795 583 4849 τὸ
613 4796 770 4867 θῆλυ,
805 4799 990 4871 μήτηρ
1014 4797 1174 4866 Θεοῦ,
1204 4798 1350 4870 πύλη
1381 4800 1580 4870 φωτὸς.
1613 4800 1767 4872 πηγὴ

167 4888 353 4959 ζωῆς,
387 4890 570 4943 καὶτὸ
594 4889 703 4943 τῶν
744 4890 974 4962 θηλειῶν
998 4892 1204 4946 διαλύει
1229 4891 1506 4964 ἔγκλημα.
1536 4892 1644 4946 Τοῦ
1671 4893 1769 4964 θή-

167 4978 303 5040 λεος
355 4978 551 5033 τούτου
608 4979 671 5033 τὸ
715 4980 1011 5051 πρόσωπον
1062 4980 1475 5037 λιτανεύσουσιν
1522 4982 1769 5037 πλούσιοι

168 5070 274 5125 τοῦ
304 5070 463 5128 λαοῦ.
497 5071 673 5127 Τοῦτο
708 5075 770 5127 τὸ
805 5075 941 5147 θῆλυ
972 5076 1216 5148 βασιλεῖς
1249 5077 1421 5133 ἐθνῶν
1454 5077 1561 5149 (6|)
1603 5094 1775 5151 προσ-

171 5167 505 5238 κυνήσουσι,
535 5166 687 5238 δῶρα
716 5168 992 5241 φέροντες.
1025 5170 1196 5224 Τοῦτο
1226 5171 1287 5224 τὸ
1309 5170 1448 5242 θῆλυ
1479 5171 1774 5244 προσάξεις

171 5255 304 5328 Θεῷ
351 5257 432 5329 τῷ
465 5259 833 5331 Παμϐασιλεῖ,
866 5261 943 5326 ὡς
989 5266 1330 5334 κροσσωτοῖς
1374 5266 1620 5336 χρυσοῖς,
1673 5266 1775 5336 τὴν

168 5346 292 5399 τῶν
316 5346 533 5420 ἀρετῶν
567 5349 1045 5424 περιόεὗλημένην
1079 5353 1443 5426 εὐπρέπειαν,
1475 5356 1571 5409 καὶ
1609 5372 1774 5409 κεκο-

249 5527 301 5560 "
341 5525 502 5581 Rom.
534 5541 590 5590 ν,
620 5527 712 5584 20.

171 5599 226 5631 ⁷⁸
259 5597 413 5654 Psal.
451 5613 623 5666 van,
652 5598 743 5654 50.

258 5751 388 5825 (59),
408 5751 558 5825 Edit.
583 5753 668 5810 οὗ.
690 5754 843 5812 Pass.
873 5753 988 5810 ἀλλ’
1018 5755 1120 5810 οὐκ
1150 5756 1213 5809 ἐκ
1231 5752 1340 5809 τῶν
1363 5756 1621 5811 ἐναντίων
1646 5755 1780 5810 ἐκα-

172 5841 337 5892 στον,
364 5824 396 5878 6
428 5824 697 5896 πέφυκεν,
741 5828 808 5881 ἐκ
848 5828 1170 5899 περιουσίας
1218 5826 1485 5897 πέφυκεν,
1518 5843 1638 5900 qua
1676 5840 1778 5883 nec

172 5910 227 5953 ε.
248 5898 320 5954 tis
340 5894 493 5954 clara
520 5907 671 5953 sunt.

822 5530 869 5563 ⁷⁵
902 5529 1045 5587 Psal.
1080 5546 1287 5600 sum,
1320 5529 1521 5585 12-72.
1598 5532 1644 5563 "
1668 5530 1829 5588 Rom.
1870 5547 1948 5596 ιχ,
1994 5530 2016 5586 Ι
2068 5546 2228 5603 seqq.

1867 4624 2022 4677 Anna
2049 4621 2127 4677 uti
2156 4630 2370 4677 montes
2396 4618 2709 4689 spirituales
2728 4615 3070 4671 dulcedinem
3093 4615 3456 4670 stillaverunt.

1869 4713 2108 4779 Laetare,
2137 4714 2295 4768 beata
2326 4713 2504 4776 Anna,
2534 4710 2677 4781 quod
2717 4708 2974 4764 feminam
3008 4708 3301 4778 pepereris.
3333 4705 3462 4761 ﬂare

1869 4807 2015 4862 enim
2064 4806 2265 4861 femina
2318 4804 2411 4860 Dei
2470 4813 2645 4858 mater
2702 4801 2883 4856 futura
2939 4810 3045 4863 est,
3091 4808 3245 4871 porta
3298 4799 3459 4863 lucis,

1872 4899 1995 4955 fons
2029 4899 2189 4965 vitae,
2248 4907 2306 4955 et
2365 4896 2690 4953 feminarum
2738 4896 2947 4950 crimen
2989 4892 3248 4948 abolebit.
3291 4890 3463 4958 Hujus

1873 4988 2089 5046 femina:
2130 4988 2337 5043 vultum
2385 4987 2825 5058 deprecabuntur
2868 4997 3059 5039 omnes
3121 4983 3316 5038 divites
3350 4982 3463 5051 ple-
3512 5019 3516 5023 -

1872 5080 2052 5138 bis".
2086 5079 2368 5136 Feminam
2428 5080 2569 5135 lianc
2631 5094 2788 5148 reges
2847 5076 3088 5147 gentium
3145 5074 3464 5129 muneribus

1875 5173 2082 5229 oblatis
2130 5172 2438 5228 adorabunt
2462 5171 2530 5226 ".
2566 5169 2720 5225 Hauc
2770 5169 3029 5225 feminam
3076 5166 3189 5222 Deo
3242 5166 3465 5220 univer-

1876 5280 2060 5322 sorum
2110 5263 2245 5336 Regi
2306 5263 2526 5329 oﬂ‘eres,
2584 5263 2867 5329 virtutum,
2921 5270 3180 5331 tanquam
3234 5258 3466 5314 illubriis

1877 5356 2082 5424 aureis,
2115 5355 2587 5411 circumantictam
2629 5353 2938 5425 'clegantia,
2967 5350 3251 5422 sanctique
3286 5349 3463 5422 Spiri-

2330 5530 2377 5563 ⁷⁸
2407 5526 2511 5585 lsa.
2542 5545 2656 5599 ut,
2694 5530 2783 5586 ll.
2889 5530 2936 5563 ⁷⁷
2978 5528 3128 5587 Psal.
3183 5543 3329 5598 κων,
3375 5528 3466 5587 l3.

1959 5755 2074 5901 (60;
2109 5755 2248 5814 Edit.
2281 5756 2339 5811 ἐν
2363 5756 2612 5832 θαλάσσῃ
2642 5757 2902 5833 Ἐρυθρᾷ.

1959 5828 2042 5899 (6|
2110 5828 2250 5885 ΕιΙίι.
2285 5829 2517 5901 ἐχθρῶν.

1958 5828 2074 5901 (61)
2110 5828 2250 5885 ΕιΙίι.
2285 5829 2517 5901 ἐχθρῶν.
