4046 6418
682 430 788 492 675

1841 415 1903 476 s.
1941 411 2259 476 JOANNIS
2295 408 2725 471 DAMASCENI
3009 359 3014 361 ’
3803 409 3883 471 οτι

677 540 766 586 tus
817 529 988 600 gratia
1049 535 1386 593 coronatam,
1432 523 1583 595 cujus
1644 523 1810 594 gloria
1863 525 1931 577 ab
1985 524 2132 577 intus
2185 521 2246 573 ".

2363 518 2654 588 σμημένην
2698 520 2764 589 τῇ
2823 515 2916 570 τοῦ
2976 515 3296 586 Πνεύματος
3347 515 3548 585 χάριτι,
3599 509 3665 588 ἧς
3708 517 3738 587 ἡ
3785 519 3885 585 δόξα

677 623 866 676 Omnis
891 622 1087 690 quippe
1116 620 1329 674 femina:
1353 618 1520 688 gloria
1550 617 1631 670 vir
1656 625 1756 680 est,
1777 632 1805 669 a
1836 615 1966 669 furis
1989 616 2211 668 veniens
2235 633 2250 669 :

683 725 736 768 at
770 710 1186 766 Dei-Genitricis
1213 709 1384 778 gloria
1417 711 1484 761 ab
1519 708 1663 762 intus
1695 716 1800 770 est,
1843 703 2255 770 ventrisntiqne

679 805 906 858 fructus.
969 800 1010 857 0
1067 801 1581 856 desiderabilissima
1650 799 1874 862 femina,
1941 811 2006 849 ac
2069 804 2254 862 terque

679 897 862 952 beata!
886 895 1172 951 Benedicm
1201 905 1254 947 tu
1281 895 1332 948 in
1361 893 1697 955 mulieribus,
1717 901 1766 943 et
1789 889 2106 943 benedictus
2144 887 2255 938 fru-

679 997 798 1041 ctus
829 986 1032 1041 ventris
1071 986 1165 1038 tui.
1197 983 1241 1038 Ο
1282 983 1478 1036 femina
1519 982 1660 1050 regis
1693 980 1856 1033 David
1890 979 2019 1041 lilia,
2057 977 2253 1043 Deique

681 1078 920 1133 etnnium
958 1075 1118 1146 Regis
1149 1075 1348 1128 Mater!
1389 1073 1430 1127 Ο
1476 1074 1714 1127 divinum
1758 1073 2046 1138 vivumque
2087 1067 2252 1119 simu-

677 1170 903 1236 lacrum,
923 1170 1075 1239 cujus
1098 1169 1340 1222 conditor
1363 1166 1499 1218 Deus
1525 1163 1923 1234 pulchritudine
1957 1159 2252 1213 delectatus

675 1275 780 1326 cst,
829 1261 968 1331 quod
1035 1269 1266 1313 mentem
1319 1257 1535 1325 quidem
1590 1254 1845 1307 divinitus
1895 1253 2248 1320 gubernatam

675 1353 872 1417 habet,
921 1354 1135 1418 Deoque
1187 1347 1288 1401 soli
1344 1346 1654 1408 addictam;
1713 1341 2059 1410 cupiditatem
2123 1352 2252 1390 vero

675 1459 890 1497 onmem
951 1442 1016 1494 ad
1071 1443 1122 1493 id
1172 1439 1314 1509 quod
1389 1437 1559 1490 solum
1613 1431 1972 1503 expetendum
2031 1437 2137 1493 cst,
2196 1437 2251 1482 et

675 1551 861 1588 amore
899 1535 1140 1602 dignum,
1173 1533 1468 1596 intentam;
1500 1530 1635 1581 iram
1670 1535 1847 1578 autem
1893 1537 2018 1592 erga
2053 1536 2251 1591 perca-

679 1639 787 1681 tum
850 1628 1109 1680 duntaxat
1156 1623 1380 1692 ejusque
1463 1627 1764 1690 parentem.
1827 1614 2000 1666 Vitam
2057 1621 2249 1665 natura

680 1719 943 1788 potiorem
989 1716 1231 1771 habebis.
1276 1711 1510 1766 Habebis
1564 1719 1741 1762 autem
1791 1722 1893 1760 non
1942 1704 2036 1757 tibi
2089 1703 2246 1771 ipsa;

678 1810 874 1879 quippe
908 1822 1026 1877 quae
1059 1822 1164 1859 non
1228 1803 1476 1872 tuiipsius
1527 1816 1685 1854 causa
1744 1798 1924 1866 genita
1980 1795 2075 1850 sis.
2111 1794 2248 1860 Quo-

2353 607 2576 673 ἕξωθεν.
2611 607 2747 673 Δόξα
2793 609 2891 679 μὲν
2921 608 3029 680 γὰρ
3068 609 3248 678 πάσης
3293 607 3548 675 γυναικός
3576 611 3604 661 6
3635 610 3763 679 ἀνὴρ
3783 613 3886 674 ἔξω.

2353 700 2446 754 θεν
2493 701 2695 754 ἐπιών·
2731 702 2764 770 ἡ
2803 699 2928 765 δόξα
2971 700 3028 753 δὲ
3061 701 3159 770 τῆς
3203 700 3466 753 Θεοτόκου
3501 699 3721 765 ἔσωθεν,
3750 705 3775 756 ὀ
3811 705 3884 775 τῆς

2353 791 2564 854 κοιλίας
2611 791 2842 862 καρπός.
2873 786 2944 843 Ὦ
2970 790 3106 861 θῆλυ
3138 789 3394 861 ποθητὸν,
3428 791 3880 860 τρισμακάριστονῑ

2353 883 2701 956 Εὐλογημένη
2735 885 2798 936 σὺ
2831 883 2889 934 ὲν
2913 882 3154 951 γυναιξὶ,
3188 882 3281 934 καὶ
3315 880 3678 950 εὐλογημένος
3713 883 3738 932 6
3779 898 3884 954 καρ-

2351 979 2453 1040 πὸς
2480 977 2580 1046 τῆς
2615 979 2822 1041 κοιλίας
2851 995 2966 1030 σου.
2997 972 3066 1027 τΩ
3096 974 3233 1046 θῆλυ
3263 973 3504 1046 θύγατερ
3535 972 3629 1026 τοῦ
3665 972 3884 1042 βασιλέως

2351 1069 2534 1132 Δαϐὶδ,
2570 1072 2662 1123 καὶ
2694 1072 2890 1140 Μήτηρ
2918 1068 3012 1121 τοῦ
3046 1068 3445 1138 Παμϐασιλέως
3475 1067 3650 1120 Θεοῦί
3689 1063 3751 1118 Ὦ
3775 1067 3884 1120 θεῖον

2353 1160 2598 1231 ἔμψυχον
2643 1162 2884 1232 ἄγαλμα,
2939 1161 3023 1229 ἐφ’
3080 1153 3125 1228 ᾧ
3169 1162 3197 1212 6
3249 1160 3586 1230 δημιουργὸς
3647 1160 3880 1229 εὐφράνθη

2350 1254 2504 1319 Θεὸς,
2539 1254 2665 1307 νοῦν
2701 1255 2799 1324 μὲν
2848 1254 2970 1324 ἕχον
3021 1253 3470 1323 θεοκυϐἑρνητον,
3505 1252 3603 1304 καὶ
3636 1253 3768 1321 μόνῳ
3793 1254 3884 1322 Θεῷ

2351 1347 2758 1417 προσανέχοντα
2779 1362 2794 1378 ⁸
2827 1346 3123 1417 ἐπιθυμίαν
3161 1347 3382 1399 ἃπασαν
3415 1351 3751 1416 τετριμμένην
3776 1349 3883 1416 πρὸς

2348 1439 2411 1490 τὸ
2447 1438 2609 1509 μόνον
2632 1438 2824 1506 ὲφετόν
2855 1456 2914 1491 τε
2949 1439 3044 1491 καὶ
3071 1439 3396 1507 ἀξιέραστον
3419 1454 3436 1470 ⁸
3466 1437 3563 1491 τὸν
3590 1437 3748 1507 θυμὸν
3773 1442 3884 1492 κατὰ

2353 1529 2523 1601 μόνης
2570 1531 2668 1600 τῆς
2715 1529 3010 1600 ἁμαρτίας,
3069 1531 3164 1582 καὶ
3218 1529 3312 1582 τοῦ
3346 1529 3554 1600 ταύτην
3605 1530 3880 1599 κνήσαντος.

2350 1624 2505 1693 Ζωὴν
2551 1623 2651 1693 τῆς
2682 1622 2897 1692 φύσεως
2947 1624 3234 1693 κρείττονα
3290 1622 3456 1685 ἕξεις.
3513 1621 3690 1686 Ἕξεις
3716 1621 3811 1690 γὰρ
3833 1623 3881 1674 οὗ

2350 1717 2557 1786 σαυτῇ·
2590 1715 2650 1766 οὺ
2679 1714 2788 1786 γὰρ
2824 1715 3027 1782 σαυτῆς
3054 1715 3215 1768 ’ἑνεκα
3243 1715 3561 1784 γεγέννησα
3595 1712 3744 1765 Ὅθεν
3769 1713 3881 1777 ἕξεις

2349 1807 2487 1878 Θεῷ,
2519 1807 2585 1860 δι’
2619 1807 2676 1860 ὃν
2723 1809 2802 1871 είς
2851 1808 2941 1860 τὸν
3006 1806 3115 1878 (li?)
3168 1807 3279 1877 βίον
3339 1806 3632 1877 ἐλήλυθας·
3666 1806 3726 1856 δι’
3751 1806 3800 1858 ὃν
3830 1808 3879 1875 τῇ

675 1903 818 1955 circa
861 1899 969 1954 Deo
1015 1901 1154 1952 hanc
1208 1896 1452 1958 habebis,
1485 1893 1636 1962 cujus
1672 1891 1844 1962 gratia
1890 1888 1943 1940 in
1986 1887 2242 1939 mundum

2354 1867 2683 1969 παγκοσμίῳ
2714 1867 3142 1969 ὲξῦπηρετησείς
3168 1867 3440 1968 σωτηρία,
3477 1867 3627 1958 ὅπως
3652 1897 3682 1965 ή
3717 1867 3881 1965 ἀρχαία

675 1993 940 2060 prodiisti;
968 2000 1024 2044 ut
1048 1989 1197 2043 orbis
1223 1986 1459 2040 universi
1480 1984 1638 2038 saluti
1665 1981 1981 2050 obsequar-is
2005 1995 2020 2045 ;
2047 1977 2248 2047 Deique

674 2085 951 2154 antiquum
990 2081 1300 2144 consilium,
1347 2077 1602 2132 nimirum
1666 2073 2055 2128 incarnationis
2088 2069 2245 2124 Verbi

671 2194 735 2231 ac
766 2189 964 2233 nostrae
992 2174 1372 2237 deilicatiunis,
1410 2188 1506 2241 per
1537 2181 1589 2226 te
1623 2170 1930 2240 impleatur.
1963 2168 2248 2238 Appetitus

672 2276 798 2323 tuus
865 2267 1064 2322 divinis
1119 2265 1460 2321 sermonibus
1539 2263 1827 2326 nutrietur,
1884 2261 2076 2328 bisque
2131 2260 2248 2327 pin-

673 2370 898 2424 guesces
965 2364 1224 2422 tanquam
1278 2354 1419 2406 oliva
1480 2350 1756 2405 fructifera
1802 2349 1854 2403 in
1910 2349 2069 2403 domo
2118 2348 2244 2416 Dei;

675 2454 929 2514 tanquam
963 2443 1161 2514 lignum
1187 2442 1487 2513 plantatum
1514 2455 1670 2495 secus
1693 2441 1949 2493 decursus
1984 2453 2245 2506 aquarum

673 2537 909 2606 Spiritus
957 2536 1042 2600 ⁸ος
1088 2543 1347 2602 tanquam
1393 2533 1515 2584 vita:
1571 2531 1769 2601 lignum
1822 2531 1965 2599 quod
2016 2529 2243 2582 fructum

683 2631 806 2683 vitm
836 2627 986 2684 dedit
1006 2627 1269 2698 pratlinito
1295 2641 1393 2680 suo
1433 2633 1702 2693 tempore;
1736 2622 1905 2678 Deum
1929 2622 2134 2675 scilicet
2165 2621 2247 2673 in-

672 2728 977 2782 carnatum,
1008 2727 1264 2772 aeternam
1306 2717 1680 2770 universorum
1711 2717 1897 2768 vitam.
1938 2712 2243 2783 Cogitatum

675 2825 890 2864 omnem
924 2810 1199 2862 alumnum
1231 2809 1434 2862 habens
1478 2818 1532 2860 et
1583 2809 1776 2860 anima
1823 2807 2140 2876 proﬁcuum,
2183 2819 2246 2858 ac

674 2915 1136 2969 supervacaneum
1167 2914 1382 2953 omnem
1417 2907 1472 2951 et
1505 2899 1706 2951 animis
1751 2898 2041 2951 exitiosum
2090 2896 2242 2966 prius

675 2989 994 3059 reprobans,
1023 3004 1181 3056 quam
1211 3002 1333 3042 eum
1369 2988 1642 3057 degustes.
1693 2986 1844 3041 Oculi
1904 3001 2120 3054 seraper
2175 2986 2241 3039 ad

677 3081 981 3145 Dominum,
1015 3093 1250 3149 perenne
1292 3089 1346 3134 et
1384 3079 1720 3132 inaccessum
1747 3079 1923 3132 lmnen
1950 3079 2242 3133 intuentes.

2350 1989 2514 2060 βουλὴ
2545 1989 2639 2043 τοῦ
2670 1988 2827 2054 Θεοῦ,
2860 1993 2960 2060 τῆς
2989 1989 3082 2042 τοῦ
3116 1989 3292 2056 Λόγου
3326 1987 3674 2060 σαρκιὺσεως,
3701 1988 3784 2038 καὶ
3806 1989 3878 2056 τῆς

2349 2081 2505 2153 ήμῶν
2531 2080 2796 2146 θεώσεως,
2830 2081 2917 2133 διὰ
2946 2081 3038 2133 σοῦ
3070 2079 3354 2150 πληρωθῇ.
3389 2078 3608 2150 Ὀρεξις
3629 2081 3732 2140 τοῖς
3749 2077 3878 2139 θείοις

2347 2175 2526 2242 λόγοις
2569 2173 2949 2246 ἐντρέφεσθαι,
3003 2173 3099 2226 καὶ
3147 2173 3358 2234 τούτοις
3394 2169 3720 2235 πιαίνεσθαι,
3752 2169 3815 2229 ὡς
3853 2171 3877 2238 ἡ

2348 2265 2508 2320 ἐλαία
2539 2267 2897 2336 κατάκαρπος
2945 2269 3004 2319 ἐν
3043 2265 3122 2337 τῷ
3147 2267 3282 2334 οἴκῳ
3336 2263 3433 2317 τοῦ
3469 2263 3630 2327 Θεοῦ,
3661 2263 3729 2326 ὡς
3760 2262 3879 2327 ξύλον

2348 2358 2760 2429 πεφυτευμένον
2809 2359 2961 2429 παρὰ
2998 2358 3097 2422 τὰς
3143 2357 3408 2424 διεξόδους
3447 2357 3560 2412 τῶν
3593 2355 3783 2409 ὑδάτων
3807 2355 3876 2407 τοί

2349 2447 2685 2526 ζῐνεύματος,
2734 2447 2808 2512 ὡς
2852 2448 3008 2514 ξύλον
3063 2448 3228 2519 ζωῆς,
3281 2447 3308 2499 ὃ
3364 2445 3458 2499 τὸν
3508 2443 3714 2515 καρπὸν
3748 2441 3876 2496 αὑτοῦ

2347 2541 2544 2596 ἔδωκεν
2564 2545 2622 2595 ἐν
2644 2541 2722 2613 τῷ
2747 2541 3143 2614 προωρισμένῳ
3168 2541 3344 2612 καιρῷ
3364 2537 3552 2594 αὐτοῦ·
3585 2537 3710 2591 Θεοῦ
3732 2551 3878 2606 secap-

2346 2635 2618 2705 κωμένον,
2659 2636 2756 2705 τὴν
2798 2634 3016 2688 αἰώνιον
3067 2636 3322 2689 ἁπάντων
3378 2632 3547 2704 ζωήν.
3602 2633 3774 2685 Πάντα
3814 2630 3878 2682 λοι

2347 2727 2545 2796 γισμὸν
2601 2727 2715 2798 (65)
2774 2727 3062 2796 τρόφιμον,
3103 2728 3198 2779 καὶ
3247 2724 3547 2795 ψυχωφελῆ
3585 2724 3764 2792 ἔχουσα
3807 2723 3876 2772 καὶ

2347 2806 2527 2871 πάντα
2578 2818 2850 2886 περιττὸν,
2915 2819 3008 2870 καὶ
3067 2815 3381 2886 ψυχοὸλαΰῆ
3435 2815 3567 2885 πρὶν
3627 2812 3877 2882 γεύσασθαι

2346 2911 2739 2982 ἀποκρίνουσα.
2812 2909 3109 2979 Ὀφθαλμοὶ
3155 2907 3244 2960 διὰ
3280 2906 3478 2966 παντὸς
3528 2905 3664 2975 πρὸς
3696 2904 3873 2974 Κύριον,

2348 2989 2462 3073 φῶς
2489 3005 2724 3076 ὁρῶντες
2757 3003 2981 3055 ἁένναον
3012 3001 3106 3054 καὶ
3138 2999 3451 3070 ἀπρόσιτον.
3479 2993 3623 3050 τΩτιι.
3652 2997 3735 3048 τὸν
3768 2997 3875 3047 θεῖον

2346 3095 2612 3150 ἀκούοντα
2665 3096 2844 3164 λόγον,
2897 3095 2992 3149 καὶ
3055 3093 3367 3164 τερπόμενα
3419 3093 3486 3161 τῇ
3556 3089 3749 3158 κιθάρᾳ
3803 3085 3873 3138 τοῦ

672 3173 870 3238 Aures,
919 3181 978 3225 ut
1024 3171 1263 3225 divinum
1300 3184 1604 3225 sermonem
1643 3169 1887 3233 audiant,
1916 3185 1978 3223 ac
2009 3170 2243 3238 Spiritus

2350 3189 2688 3258 Πνεύματος.
2714 3189 2778 3241 δι’
2802 3182 2875 3242 ὧν
2909 3190 2936 3241 ὁ
2966 3187 3136 3254 Λόγος
3169 3185 3381 3256 εἰσῆλθε
3416 3182 3874 3254 σαρκωθησόμενος.

673 3263 885 3318 cithara
932 3264 1294 3328 oblectentur,
1348 3279 1444 3332 per
1487 3278 1650 3334 quam
1685 3249 1936 3316 .Verbum
1983 3263 2152 3335 848
2188 3273 2245 3318 ιιι

672 3370 894 3410 carnem
935 3366 1256 3418 assumeret,
1284 3356 1584 3424 ingressum
1625 3366 1725 3411 est.
1775 3355 1964 3420 Nares,
2002 3374 2244 3426 unguen-

675 3457 851 3503 torum
901 3447 1085 3517 sponsi
1134 3450 1299 3502 odore
1349 3447 1714 3512 deliniuntur;
1746 3447 1836 3516 qui
1869 3447 2082 3517 quidem
2111 3449 2246 3503 divi~

675 3556 801 3594 num
830 3550 1160 3611 unguentum
1218 3550 1320 3604 est,
1357 3549 1548 3609 sponte
1577 3540 1804 3593 ell'nsum
1856 3555 2119 3607 suamque
2151 3543 2247 3594 lm-

676 3630 985 3684 manitatem
1045 3645 1394 3701 perungens;
1456 3627 1791 3699 Unguentum
1837 3631 1973 3683 enim
2022 3631 2246 3699 e/fusum

676 3738 861 3777 nomen
907 3733 1074 3786 tuum,
1123 3722 1292 3791 inquit
1340 3721 1621 3791 Scriptura
1648 3721 1717 3774 ⁸⁸.
1763 3719 1927 3774 Labia
1960 3722 2244 3775 Dominum

665 3814 974 3879 laudantia,
1009 3812 1285 3884 ipsiusque
1329 3812 1488 3866 labiis
1525 3812 1882 3866 adhaerentia.
1937 3810 2143 3879 Lingua
2193 3821 2246 3866 et

677 3907 860 3961 fauces
889 3904 984 3960 Dei
1018 3906 1181 3959 verba
1228 3905 1619 3970 discernentes,
1654 3904 1944 3973 divinaque
1983 3906 2246 3960 suavitate

675 4000 741 4052 ad
786 3998 1086 4054 satietatem
1142 3985 1310 4066 usque
1367 3996 1732 4066 perfruentes.
1799 3996 1907 4049 Cor
1952 4011 2141 4066 purum
2191 4005 2248 4050 et

675 4089 813 4145 labis
861 4103 1081 4160 expers,
1125 4086 1292 4142 Deum
1348 4088 1536 4142 videns
1575 4088 1723 4143 ornni
1752 4087 1894 4161 labe
1946 4097 2241 4152 carentem,

678 4184 906 4254 ejusque
929 4182 1223 4252 cupiditate
1248 4181 1503 4252 ﬂagrans.
1530 4178 1732 4236 Venter
1751 4181 1868 4251 ejus
1891 4180 2241 4246 domicilium,

681 4291 844 4346 quem
888 4275 1068 4330 nullus
1120 4274 1267 4329 locus
1297 4275 1461 4343 capit.
1491 4272 1671 4328 Laetis
1699 4274 1887 4340 ubera,
1921 4289 2040 4343 qua:
2074 4273 2242 4329 .Deum

675 4367 944 4432 aluerunt,
983 4379 1176 4434 nempe
1213 4365 1450 4433 puellum
1499 4361 1706 4417 Jesum.
1767 4363 1862 4418 Dei
1913 4370 2089 4432 porta,
2117 4379 2243 4432 per-

676 4468 835 4528 petua
866 4457 1177 4526 virginitate
1215 4459 1412 4512 nitens.
1440 4455 1629 4510 Manus
1658 4456 1820 4511 Demn
1869 4468 2142 4523 gestantes
2176 4472 2242 4512 ac

2361 3283 2534 3345 Ῥῖνες
2562 3285 2626 3353 τῇ
2655 3281 2798 3352 όσμῆ
2828 3280 2937 3332 τῶν
2963 3279 3148 3350 μύρων
3177 3277 3269 3331 τοῦ
3303 3277 3535 3347 νυμφίου
3579 3274 3872 3341 θελγόμεναι.

2348 3374 2405 3435 ὃς
2430 3375 2545 3425 ἐστι
2577 3371 2749 3442 μῦρον
2787 3371 2928 3424 θεῖον
2967 3371 3228 3431 ἑκουσίως
3255 3366 3603 3438 κενούμενον,
3645 3367 3731 3418 καὶ
3761 3364 3874 3434 χρίον

2346 3466 2447 3534 τὴν
2474 3463 2667 3516 ἑαυτοῦ
2713 3463 3129 3534 ἁνθρωπότητα.
3170 3461 3375 3529 Μῦρον
3429 3461 3538 3527 γὰρ
3596 3455 3873 3512 ἐκκπωθὲγ

2348 3555 2537 3626 ὄνομά
2584 3573 2721 3619 σου,
2775 3555 2938 3625 φησὶν
2989 3555 3022 3624 ἠ
3063 3553 3272 3623 Γραφή.
3338 3551 3506 3621 Χείλη
3555 3549 3786 3604 αἰνοῦντα
3807 3548 3872 3599 τὸν

2347 3648 2573 3719 Κύριον,
2603 3650 2697 3701 καὶ
2729 3650 2838 3711 τοῖς
2873 3645 3039 3700 αὑτοῦ
3072 3643 3386 3715 κολλώμενα
3421 3643 3646 3714 χείλεσι.
3692 3642 3869 3694 non:

2347 3739 2442 3790 καὶ
2496 3737 2712 3810 φάρυγξ
2753 3737 2945 3806 λόγους
2989 3736 3123 3789 Θεοῦ
3173 3737 3582 3808 διακρίνουσαι,
3636 3735 3722 3787 καὶ
3756 3732 3870 3792 θείας

2346 3831 2683 3902 γλυκύτητος
2718 3829 3142 3901 ὲμφορούμεναι.
3180 3813 3392 3900 Καρδία
3418 3827 3636 3897 καθαρά
3659 3827 3742 3879 καὶ
3763 3824 3869 3893 apd.

2346 3923 2554 3987 λυντος,
2586 3920 2769 3992 ὁρῶσα
2799 3922 2892 3973 καὶ
2922 3919 3158 3972 ποθοῦσα
3186 3917 3316 3971 Θεὸν
3341 3918 3433 3971 τὸν
3462 3917 3763 3987 ἁμόλυντον.
3791 3914 3869 3965 Γα-

2348 4015 2505 4087 στὴρ,
2534 4016 2590 4066 ἐν
2686 4015 2713 4066 ό
2751 4011 3034 4084 ἀχώρητος
3082 4011 3319 4082 ᾤκησεν,
3365 4011 3458 4063 καὶ
3501 4009 3694 4079 μαστοὶ
3738 4007 3869 4076 γάλαο

2345 4123 2493 4173 κτος,
2527 4104 2586 4168 ἐξ
2618 4099 2692 4158 ὧν
2733 4105 2941 4178 ἐτράφη
2984 4103 3116 4164 Θεὸς
3164 4102 3224 4154 τὸ
3255 4101 3463 4154 παιδίον
3505 4099 3721 4170 Ἰησοῦς.
3753 4096 3867 4165 Πύλη

2345 4195 2500 4262 Θεοῦ,
2535 4195 3054 4266 ἀειπαρθενεύουσα.
3101 4195 3296 4264 Χεῐρες
3345 4193 3478 4246 Θεὸν
3509 4192 3756 4264 φέρουσαι
3797 4188 3868 4239 καὶ

2344 4289 2568 4357 γόνατα,
2615 4287 2800 4359 θρόνος
2840 4288 2948 4340 τῶν
3012 4285 3291 4357 Χερουϐὶμ
3325 4284 3651 4356 ὑψηλότερος
3674 4300 3688 4314 ο
3723 4282 3779 4334 δι’
3811 4273 3868 4330 ὧν

2347 4381 2571 4451 ἴσχυσαν
2599 4382 2780 4453 χεῖρες
2801 4379 3106 4451 ἀνειμέναι,
3142 4379 3235 4433 καὶ
3258 4379 3458 4446 γόνατα
3477 4373 3866 4447 παραλελυμένα.

2346 4475 2530 4540 Πόδες,
2550 4473 2625 4537 ὼς
2657 4473 2834 4545 λύχνῳ
2866 4473 3044 4543 φωτὸς
3074 4472 3150 4542 τῷ
3198 4471 3291 4524 τοῦ
3345 4470 3479 4523 Θεοῦ
3523 4469 3867 4539 ποδηγούμενα

675 4563 870 4616 genua,
911 4548 1138 4602 thronus
1165 4547 1456 4603 Cherubim
1509 4547 1826 4613 sublimior;
1862 4563 2090 4617 quorum
2139 4563 2240 4616 ope

2347 4565 2513 4635 νόμῳ,
2564 4564 2658 4616 καὶ
2705 4542 2887 4616 όπίσω
2933 4561 3096 4615 αὐτοῦ
3153 4561 3567 4631 ἁνεπιστρόφως
3610 4559 3866 4630 τρέχοντες,

678 4643 916 4698 remissa
988 4655 1198 4707 manus,
1244 4650 1298 4694 et
1367 4639 1624 4694 dissoluta
1677 4655 1850 4710 genua
1902 4641 2242 4696 convaluere.

673 4733 869 4799 Pedes,
888 4732 984 4788 Dei
1013 4732 1132 4804 lege
1175 4731 1320 4788 velut
1353 4732 1572 4787 lucerna
1601 4733 1841 4797 deducti,
1871 4749 1936 4787 ac
1963 4744 2082 4802 post
2121 4751 2243 4788 eum

673 4828 934 4883 irretorto
984 4841 1146 4882 cursu
1202 4834 1578 4896 properantes,
1637 4826 1807 4880 donec
1874 4836 2110 4880 amatum
2177 4828 2244 4880 ad

672 4929 944 4974 amantem
1009 4927 1307 4972 traxerunt.
1345 4916 1478 4972 'l‘ota
1514 4916 1784 4972 thalamus
1818 4916 2075 4987 Spiritus,
2132 4927 2242 4972 tota

672 5011 870 5066 civitas
899 5009 992 5065 Dei
1021 5010 1151 5077 vivi,
1189 5025 1350 5078 quam
1385 5009 1663 5064 laztilicant
1698 5008 1936 5062 llutninis
1967 5009 2234 5078 impetus;

673 5103 871 5166 sancti,
909 5103 1154 5172 inquam,
1210 5101 1445 5172 Spiritus
1475 5103 1788 5172 gratiarum
1832 5101 2046 5156 ﬂuctus.
2110 5102 2246 5159 Tuta

671 5191 918 5260 pulchra,
943 5201 1053 5246 tota
1090 5191 1198 5246 Deo
1241 5192 1538 5262 propinqua
1584 5191 1745 5245 :haec
1767 5191 1911 5245 enim
1954 5191 2245 5248 Cherubim

671 5297 954 5353 superans,
987 5291 1044 5338 et
1078 5297 1242 5352 super
1294 5281 1579 5354 Serapbim
1614 5291 1821 5348 evecta,
1859 5283 2104 5351 proxima
2140 5285 2248 5341 Deo

671 5370 905 5422 exstitit.

742 5460 831 5514 10.
875 5458 920 5516 O
975 5462 1295 5518 miraculum
1347 5465 1600 5520 omnibus
1661 5465 1938 5521 miraculis
1972 5469 2240 5525 excellen-

737 5619 784 5652 "
817 5617 960 5674 Psal.
994 5633 1140 5684 xuv,
1169 5619 1256 5674 14.
1332 5621 1377 5654 ⁸ο
1413 5619 1557 5678 Psal.
1599 5637 1639 5689 I,
1679 5621 1734 5677 5.
1808 5623 1852 5656 ⁸⁸
1883 5623 2040 5680 Cant.
2074 5639 2113 5694 ι,
2141 5623 2197 5680 2.

739 5779 850 5852 (62)
881 5777 1008 5852 Mss.
1037 5778 1258 5844 κόσμον.

739 5849 850 5922 (G3)
884 5849 1022 5906 Edit.
1055 5852 1350 5924 πρόθυμον.

2343 4657 2448 4720 ἕως
2482 4656 2618 4726 πρὸς
2665 4655 2766 4726 τὴν
2801 4654 3068 4707 ποθοῦσαν
3101 4653 3196 4708 τὸν
3251 4651 3586 4724 ποθούμενον
3635 4652 3866 4704 εἵλκυσαν.

2349 4748 2489 4819 Ὀλη
2526 4747 2737 4810 παστὰς
2768 4746 2863 4799 τοῦ
2894 4745 3226 4816 Πνεύματος.
3267 4745 3404 4814 Ὅλη
3439 4745 3592 4807 πόλις
3618 4741 3740 4796 Θεοῦ
3762 4738 3867 4804 ζῶν·

2341 4856 2452 4903 τος,
2480 4841 2547 4909 ἢν
2577 4837 2925 4908 εὐφραίνουσι
2951 4836 3044 4890 τοῦ
3078 4836 3320 4906 ποταμοῦ
3349 4837 3416 4889 τὰ
3457 4837 3758 4906 όρμήματαο
3786 4829 3868 4882 τῶν

2341 4930 2435 4983 τοῦ
2461 4931 2618 4999 ἁγίου
2644 4928 2962 5000 Πνεύματος
2991 4930 3338 5000 χαρισμάτων
3363 4929 3605 4999 κύματα·
3629 4928 3714 4997 ὅλη
3739 4922 3866 4991 καλὴ,

2346 5023 2439 5093 ὅλη
2470 5021 2696 5092 πλησίον
2740 5020 2896 5075 Θεοῦ.
2932 5019 3080 5090 Αὕτη
3113 5021 3220 5092 γὰρ
3277 5020 3662 5091 ὑπεραναϐᾶσα
3689 5017 3749 5068 τὰ
3785 5014 3867 5067 Χε-

2346 5117 2565 5190 ρουϐὶμ,
2597 5117 2692 5170 καὶ
2719 5115 2825 5170 τῶν
2855 5116 3105 5185 Σεραφὶμ
3131 5114 3504 5186 ὑπεραρθεῖσα
3534 5112 3738 5185 πλησίον
3762 5103 3866 5160 Θεοῦ

2345 5207 2733 5280 ἐχρημάτισεν.

2419 5470 2473 5529 ι’.
2513 5469 2585 5526 Ὦ
2630 5474 2816 5545 θαῦμα
2850 5475 3068 5530 πάντων
3116 5474 3409 5549 θαυμάτων
3439 5473 3552 5547 (66)
3579 5462 3863 5545 ’ύπέρτερονε

2413 5781 2467 5856 (θ
2481 5782 2526 5854 ί)
2558 5781 2701 5839 Εάῑι.
2734 5783 3069 5839 καινότατον.
