4046 6390
182 433 300 496 677
1010 427 1339 489 ΗΟΜΙΙᾸΛ
1377 429 1406 489 Ι
1433 427 1530 488 ἸΝ
1568 426 1812 490 NATIVJ

1916 425 2091 488 lTEM
2129 425 2196 486 B.
2236 427 2303 488 V.
2344 423 2628 486 MARI/E.
3375 420 3480 482 6'78

186 541 348 615 Γυνὴ
385 541 570 596 ἐπάνω
615 544 722 594 τῶν
755 538 1008 612 Σεραφὶμ
1033 538 1288 607 γέγονεν,
1340 538 1424 591 ὅτι
1462 537 1596 601 Θεὸς
1640 537 1794 608 ὤφθη

1916 539 2043 592 .ius!
2089 535 2282 590 Mulier
2327 534 2613 590 sublimior
2663 529 2947 600 Serapliim
2997 525 3185 583 etl'ecta
3217 535 3321 590 est,
3351 527 3478 595 quia

198 634 386 707 βραχύ
429 652 483 688 τι
527 633 657 704 παρ’
701 631 967 701 ἀγγέλους
999 631 1402 701 ἡλαττωμένος.
1441 630 1655 698 Σιγάτω
1693 631 1792 681 Σο-

1916 629 2041 684 )eus
2063 629 2211 682 visus
2242 636 2326 682 est
2354 626 2558 696 angelis
2584 623 2923 694 paulominus
2954 621 3256 674 minoratus
3287 618 3356 671 ⁶².
3386 619 3478 673 Si-

197 724 393 794 λομὼν
421 724 451 776 6
498 721 833 791 σοφώτατος,
862 720 960 773 καὶ
1008 719 1082 790 μὴ
1114 719 1344 787 λεγέτω·
1379 718 1568 788 Μηδὲν
1610 719 1796 772 καινὸν

1916 728 2002 772 eat
2029 717 2465 786 sapientissimus
2493 713 2770 778 Salomon,
2791 712 3032 781 nihilque
3060 709 3170 780 jam
3208 711 3310 763 sub
3341 711 3480 764 caelo

198 816 314 872 ὑπὸ
351 815 444 868 τὸν
477 815 650 884 ήλιον.
686 809 756 865 Ὦ
785 811 1030 882 Παρθένε
1077 810 1462 882 θεοχαρίτωτε,
1493 811 1618 873 ναὸς
1656 807 1794 864 Θεοῦ

1916 823 2096 862 novum
2155 822 2277 862 esse
2327 807 2598 860 inticietur
2633 802 2773 859 ".0
2813 803 2973 872 Virgo
3025 801 3230 855 divinis
3289 802 3482 869 gratiis

201 910 384 977 ἅγιος,
410 907 469 959 ὃν
500 908 528 959 6
559 905 928 974 πνευματικὸς
959 902 1232 975 Σολομὼν,
1265 906 1292 956 6
1332 902 1666 972 είρηνάρχης
1697 918 1798 955 καε-

1916 900 2142 966 tﬂluens,
2167 901 2421 969 templum
2457 899 2548 954 Dei
2583 908 2856 961 sanctum,
2887 898 3031 966 quod
3060 893 3361 963 spiritualis
3388 891 3483 946 Sa-

199 1003 554 1063 τασκευάσας
602 999 946 1070 κατῴκησεν,
1006 999 1066 1050 οὐ
1099 996 1284 1068 χρυσῷ
1333 997 1428 1050 καὶ
1460 995 1629 1059 λίθοις
1661 995 1798 1065 ἀψύ-

1919 1006 2103 1057 omon,
2136 993 2222 1046 ille
2265 993 2519 1061 princeps
2566 990 2714 1060 pacis
2759 988 2855 1042 abs
2895 1003 2956 1041 se
2985 991 3359 1040 constructum
3395 983 3480 1037 in-

200 1112 325 1166 χοις
371 1090 873 1162 καλλωπιζόμενος,
904 1090 1016 1147 ἀλλ’
1058 1090 1178 1145 ἀντὶ
1211 1087 1415 1160 χρυσοῦ
1449 1088 1682 1158 λάμπων
1719 1089 1798 1160 τῷ

1921 1086 2163 1139 tabitavit
2202 1101 2218 1138 :
2253 1085 2531 1154 templum,
2561 1085 2800 1153 inquam,
2836 1095 2942 1134 non
2977 1094 3112 1133 auro
3145 1086 3199 1132 et
3230 1076 3484 1130 inanimis

204 1186 526 1255 Πνεῦματι·
567 1185 692 1237 ἀντὶ
744 1183 801 1237 δὲ
845 1185 1006 1237 λίθων
1045 1183 1244 1252 τιμίων
1279 1182 1420 1250 ἔχων
1457 1182 1550 1235 τὸν
1584 1181 1801 1234 πολύτι-

208 1297 310 1350 μον
341 1276 684 1349 μαργαρίτην
712 1275 969 1346 Χριστὸν,
997 1276 1085 1329 τὸν
1113 1275 1360 1346 ἄνθρακα
1389 1274 1489 1345 τῆς
1513 1275 1798 1344 Θεότητος,

204 1371 267 1424 6v
323 1370 562 1437 ἅψασθαι
608 1367 717 1422 τῶν
747 1367 970 1437 χειλέων
1023 1368 1182 1440 ἡμῶν
1233 1369 1578 1432 καθικέτευε,
1619 1369 1696 1433 ὼς
1735 1368 1801 1422 ἂν

209 1461 603 1532 καθαρθέντες,
635 1458 825 1513 τοῦτον
859 1461 954 1514 σὺν
975 1460 1053 1530 τῷ
1084 1461 1260 1532 Πατρὶ
1289 1461 1384 1514 καὶ
1414 1459 1492 1529 τῷ
1522 1459 1804 1530 Πνεῦματι

210 1555 544 1625 ὑμνήσωμεν
587 1553 1026 1624 ἀνακράζοντες,
1060 1554 1288 1623 Ἄγιος,
1324 1553 1546 1623 Ἄγιος,
1584 1553 1800 1622 Ἄγιος,

210 1648 433 1715 Κύριος
453 1645 718 1708 Σαϐαὼθ,
766 1645 860 1716 μία
890 1645 1044 1714 φύσις
1075 1645 1340 1716 Θεότητος
1367 1647 1424 1698 ὲν
1461 1647 1639 1716 τρισὶν
1673 1647 1804 1700 ὑπο-

212 1739 461 1793 στάσεσι.
494 1738 696 1806 Ἀγιος
740 1740 772 1790 ὁ
803 1737 947 1803 Θεὸς
976 1740 1070 1792 καὶ
1104 1737 1314 1808 Πατὴρ,
1348 1740 1376 1791 6
1408 1739 1708 1808 εὐδοκήσας
1747 1740 1804 1791 ὲν

213 1827 324 1889 σοὶ,
355 1827 453 1879 καὶ
482 1829 546 1879 ὲκ
583 1826 678 1879 σοῦ
721 1827 1042 1897 τελεσθῆναι
1075 1827 1104 1880 ὃ
1144 1827 1418 1898 προώρισε
1455 1829 1564 1900 πρὸ
1595 1827 1804 1881 αἰώνων

1902 1178 2169 1246 lapidibus
2193 1178 2528 1239 decoratum,
2558 1176 2652 1228 sed
2688 1173 2805 1226 auri
2835 1173 2955 1227 loco
2989 1169 3195 1238 Spiritu
3226 1168 3480 1237 fulgens;

1902 1283 2000 1338 pro
2039 1269 2308 1336 lapidibus
2356 1267 2626 1336 pretiosis,
2673 1263 3088 1335 pulcherrimam
3129 1261 3482 1329 margaritam

1905 1360 2112 1416 habens
2133 1361 2430 1423 Christum,
2461 1360 2686 1414 Deitatis
2709 1357 2856 1410 illum
2885 1352 3300 1415 carbunculum,
3322 1363 3482 1419 quem

1907 1461 1963 1507 ut
1989 1454 2129 1507 labia
2155 1465 2341 1508 nostra
2375 1463 2560 1521 tangat
2601 1450 2823 1520 supplex
2869 1461 3114 1519 precare,
3148 1455 3201 1498 ut
3233 1443 3314 1496 sic
3353 1456 3485 1510 pur-

1906 1546 2016 1616 gati
2061 1547 2236 1616 ipsum
2275 1563 2397 1600 cum
2433 1545 2596 1599 Patre
2623 1554 2678 1598 et
2704 1553 2896 1597 sancto
2929 1539 3134 1608 Spiritu
3179 1536 3484 1598 laudemus,

1906 1638 2222 1702 clamantes,
2258 1637 2510 1700 Sanctus,
2546 1637 2797 1698 Sanctus,
2822 1634 3074 1696 Sanctus,
3103 1627 3356 1682 Dominus
3383 1623 3487 1678 Sa-

1907 1730 2162 1796 baoth“,
2194 1747 2296 1783 una
2355 1729 2578 1784 Deitatis
2627 1728 2682 1782 in
2738 1727 2912 1781 tribus
2967 1721 3214 1794 personis
3269 1727 3485 1772 natura.

1907 1823 2132 1880 Sanctus
2168 1824 2301 1878 Deus
2331 1834 2384 1877 et
2415 1823 2595 1889 Pater,
2630 1822 2720 1890 qui
2749 1822 2817 1874 ~iu
2847 1829 2898 1873 te
2917 1827 2972 1873 et
2997 1833 3060 1872 ex
3095 1825 3147 1868 te
3171 1811 3487 1884 mysterium

215 1921 537 1990 μυστήριον,
581 1920 784 1989 "Ay-40¢
812 1921 1084 1988 ἰσχυρὸς,
1134 1922 1162 1974 ό
1202 1921 1329 1985 Υἱὸς
1360 1920 1455 1974 τοῦ
1498 1921 1656 1985 Θεοῦ,
1705 1922 1804 1975 καὶ

1916 1919 2092 1988 perlici
2124 1916 2316 1982 νοΙιιίι,
2341 1916 2482 1985 quod
2517 1925 2644 1968 ante
2697 1912 2895 1970 szecula
2960 1907 3289 1978 praeﬁnitum
3340 1907 3484 1956 erat.

212 2013 346 2076 Θεὸς
367 2015 395 2065 6
419 2014 736 2083 μονογενὴς,
758 2014 818 2066 σὲ
840 2013 1188 2083 πρωτότοκον
1221 2015 1554 2084 προαγαγὼν
1582 2016 1644 2067 ἐκ
1665 2013 1809 2066 στείο

216 2123 319 2176 ρας
346 2105 550 2176 μητρὸς
572 2106 835 2176 σήμερον,
868 2106 1015 2168 ὅπως
1047 2106 1348 2176 μονογενὴς
1375 2106 1451 2158 ὢν
1471 2107 1536 2158 ὲκ
1567 2105 1804 2176 Πατρὸς,

215 2197 311 2250 καλ⁷
329 2195 669 2266 πρωτότοκος
686 2196 867 2266 πάσης
889 2196 1142 2260 κτίσεως,
1168 2197 1463 2268 μονογενὴς
1480 2198 1544 2249 ὲκ
1569 2197 1665 2250 σοῦ
1691 2214 1808 2266 γεν-

213 2290 352 2361 νηθῇ
383 2288 661 2360 Παρθένου
692 2289 918 2361 μητρὸς,
956 2290 1301 2361 πρωτότοκος
1337 2292 1394 2343 ἐν
1417 2290 1627 2353 πολλοῖς
1656 2290 1810 2345 ἀδελ-

215 2387 338 2451 φοῖς
365 2382 766 2454 παραπλησίως
797 2384 950 2453 ἡμῖν,
981 2384 1045 2435 ἐκ
1086 2381 1186 2435 σοῦ
1217 2381 1568 2453 μετεσχηκὼς
1609 2383 1809 2454 σαρκὸς

215 2477 311 2529 καὶ
335 2476 584 2545 αἵματος.
625 2475 763 2528 Ἀλλ’
795 2476 897 2528 οὐκ
918 2476 983 2527 ὲκ
1013 2475 1176 2546 μόνου
1213 2493 1272 2529 σε
1303 2477 1532 2546 Πατρός,
1559 2476 1592 2546 ἢ
1630 2479 1694 2529 ἐκ
1720 2477 1811 2546 μό-

215 2585 314 2638 νης
359 2568 581 2639 Μητρὸς
614 2570 950 2638 προήγαγεν,
985 2567 1071 2620 ἵνα
1103 2565 1179 2638 τῷ
1216 2567 1361 2638 μόνῳ
1389 2563 1682 2636 Μονογενεί
1709 2585 1810 2638 φυς-

215 2661 390 2732 λαχθῇ
428 2661 489 2714 τὸ
525 2662 667 2714 κατὰ
707 2661 894 2713 πάντα
939 2660 1247 2732 μονογενὲς.
1280 2661 1452 2724 Αὐτὸς
1495 2661 1604 2731 γὰρ
1648 2661 1809 2730 μόνος

222 2755 519 2824 μονογενὴς
549 2757 612 2806 ὲκ
644 2755 804 2824 μόνου
835 2755 1068 2824 Πατρός.
1100 2755 1192 2807 καὶ
1221 2754 1379 2824 μόνος
1410 2754 1475 2807 ὲκ
1507 2754 1672 2824 μόνης
1696 2755 1810 2824 Μη⁸

220 2845 368 2915 τρός.
419 2845 609 2914 Ἀγιες
657 2845 974 2908 ἀθάνατος,
1020 2845 1081 2897 τὸ
1131 2845 1402 2913 πανάγιον
1447 2845 1692 2915 Πνεῦμα,
1739 2847 1806 2916 τῇ

218 2936 397 3005 δρόσῳ
418 2937 517 3005 τῆς
539 2936 730 2988 ἑαυτοῦ
757 2935 1032 3008 θεότητος,
1060 2935 1292 3006 τῷσθείῳ
1321 2933 1455 3005 πυρί
1482 2952 1540 2988 σε
1565 2935 1806 3004 φυλάξειν

221 3025 518 3081 ἀνάλωτον.
571 3026 742 3080 Τοῦτο
772 3029 882 3098 γάρ
928 3028 963 3095 ἡ
989 3025 1278 3097 ,Μωῦσέως
1313 3025 1425 3097 (65)
1471 3024 1808 3098 προὺπῃνίτ-

220 3136 347 3174 τετο
381 3121 561 3191 βάτος.

297 3322 390 3370 ια’.
430 3315 678 3386 Χαίροις,
715 3314 1046 3384 προϐατικὴ,
1081 3313 1180 3384 τῆς
1199 3311 1294 3366 τοῦ
1328 3312 1464 3367 Θεοῦ
1499 3314 1721 3386 Μητρὸς
1750 3314 1811 3367 16

227 3406 520 3478 ἱερώτατον
556 3405 805 3474 τέμενος.
834 3403 1081 3474 Χαίροις,
1121 3405 1452 3475 προϐατικὴ,
1481 3405 1582 3474 τῆς
1605 3404 1814 3474 βασιλί-

221 3502 313 3565 δος
339 3500 402 3552 τὸ
441 3499 765 3569 προγονικὸν
801 3495 1165 3566 καταγώγιον.
1195 3498 1444 3568 Χαίροις,
1482 3497 1808 3568 προϐατικὴ,

223 3594 335 3646 τῶν
378 3589 471 3645 τοῦ
530 3589 788 3660 Ἰωακεὶμ
841 3590 1131 3661 προϐάτωι
1190 3589 1251 3642 16
1282 3591 1450 3644 πάλαι
1494 3591 1680 3662 σῆκος,
1717 3589 1812 3644 νῦν

222 3685 279 3738 δὲ
311 3684 411 3754 τῆς
439 3683 663 3754 λογικῆς
694 3681 788 3735 τοῦ
820 3681 1058 3752 Χριστοῦ
1095 3681 1331 3752 ποίμνης
1365 3682 1811 3754 οῦρανομίμητος

237 3780 577 3852 Ἐκκλησία*
611 3780 646 3852 ἢ
674 3779 813 3832 ποτὲ
855 3779 953 3850 μὲν
989 3779 1136 3846 ἅπαξ
1159 3779 1252 3832 τοῦ
1282 3779 1528 3833 ἐνιαυτοῦ
1557 3779 1648 3832 τοῦ
1676 3778 1812 3832 Θεοῦ

224 3874 498 3946 δεχομένη
524 3873 615 3928 τὸν
662 3871 914 3942 ἄγγελον,
943 3874 1004 3924 16
1047 3873 1197 3944 νᾶμα
1229 3873 1588 3943 ταράττοντα,
1620 3873 1717 3925 ἓνα
1753 3890 1814 3926 τε

230 3967 530 4037 ῥωννύντα,
560 3966 656 4020 καὶ
681 3966 777 4035 τῆς
803 3963 1135 4036 συνεχούσης
1165 3964 1579 4019 ἀπαλλάττοντα
1617 3965 1776 4019 νόσου
1796 3983 1811 3997 ’

230 4059 330 4113 νῦν
359 4059 418 4112 δὲ
467 4057 648 4130 πλήθη
685 4058 950 4130 οὐρανίων
995 4058 1278 4128 δυνάμεων
1319 4057 1541 4127 ἔχουσα,
1580 4057 1814 4128 ὑμνοῦν-

225 4169 341 4206 των
385 4152 484 4206 σὺν
534 4153 668 4222 ἡμῖν
709 4153 810 4221 την
838 4150 1194 4221 Θεομήτοραο
1239 4148 1340 4220 τὴν
1369 4149 1479 4204 τῶν
1524 4147 1816 4219 θαυμάτων

225 4244 472 4299 ἄϐυσσον
497 4286 511 4309 ,
544 4246 645 4314 τὴν
689 4243 872 4315 πηγὴν
928 4242 1026 4313 τῆς
1073 4241 1425 4313 παγκοσμίου
1477 4240 1673 4302 ἰάσεως
1701 4255 1715 4271 ο
1755 4240 1815 4291 οὺ

223 4336 548 4406 λειτουργὸν
575 4335 846 4407 δεξαμένη
867 4335 1121 4406 ἄγγελον,
1153 4334 1291 4388 ἀλλὰ
1314 4335 1406 4388 16v
1440 4337 1540 4405 τῆς
1573 4333 1818 4405 μεγάλης

230 4430 435 4500 βουλῆς
464 4469 478 4494 ,
524 4429 601 4494 ὡς
656 4429 752 4483 ἐπὶ
800 4430 969 4483 πόκον
1015 4429 1256 4500 ἀψοφητὶ
1307 4428 1627 4482 καταϐάντα
1663 4428 1818 4480 ὑετὸν

224 4521 569 4594 ἁγαθότητος
595 4561 610 4587 ,
642 4523 738 4575 καὶ
774 4523 954 4575 πᾶσαν
989 4522 1087 4593 τὴν
1137 4521 1300 4592 φύσιν
1350 4521 1686 4593 νοσήσασαν,
1721 4519 1816 4574 καὶ

1911 2011 2140 2065 Sanctus
2181 2009 2360 2077 fortis,
2393 2008 2483 2062 Dei
2517 2007 2689 2062 Filius
2736 2020 2801 2059 ac
2834 2005 2996 2066 Deus,
3025 1999 3357 2070 uuigeuitus,
3398 1992 3491 2062 qui

1909 2115 1961 2158 et
1990 2105 2410 2175 primugenitam
2448 2103 2610 2157 hodie
2649 2117 2715 2155 ex
2745 2099 2916 2154 sterili
2943 2093 3220 2168 produxit.
3269 2100 3328 2143 ιιῐ
3365 2086 3492 2142 υιιῖ-

1909 2199 2123 2268 genitus
2200 2198 2315 2266 ipse
2382 2211 2449 2250 ex
2515 2195 2698 2258 Patre,
2758 2202 2813 2248 et
2857 2188 3252 2260 primogenitus
3314 2183 3494 2237 omnis

1910 2300 2200 2355 creaturae,
2233 2291 2545 2360 unigenitus
2579 2298 2894 2343 nasceretur
2922 2301 2989 2341 ex
3030 2294 3084 2338 te
3123 2280 3345 2351 Virgine
3378 2295 3495 2333 ma-

1913 2391 2015 2446 tre,
2060 2383 2454 2452 primogcnitus
2494 2383 2546 2437 in
2593 2382 2776 2435 multis
2822 2379 3082 2434 fratribus
3114 2375 3279 2431 simili
3313 2372 3492 2434 uobis,

1911 2476 2122 2530 ratione
2167 2478 2349 2531 carnis
2387 2485 2442 2530 et
2473 2477 2770 2545 sanguinis,
2815 2487 2934 2543 qua:
2961 2487 3027 2526 ex
3076 2480 3127 2525 te
3172 2465 3493 2536 assumpsit,

1911 2570 2178 2640 particeps
2215 2571 2409 2624 factus.
2439 2570 2602 2639 Atqui
2633 2580 2682 2624 te
2717 2584 2819 2622 non
2850 2583 2918 2622 ex
2951 2564 3066 2621 solo
3098 2563 3376 2626 Genitore,
3402 2569 3498 2612 aut

1911 2675 1976 2714 ex
2017 2661 2130 2715 sola
2168 2662 2423 2730 produxit
2467 2659 2659 2725 Matre,
2693 2670 2753 2714 ut
2778 2659 2876 2713 soli
2907 2657 3199 2729 Unigenito
3232 2653 3494 2724 unigeniti

1912 2755 2214 2826 proprietas
2249 2757 2427 2810 modis
2467 2755 2719 2809 oumibus
2745 2753 2992 2808 absoluta
3033 2762 3366 2805 servaretur.
3395 2748 3497 2806 So-

1911 2844 1994 2900 lus
2023 2846 2169 2900 enim
2198 2845 2314 2915 ipse
2344 2846 2654 2914 unigenitus
2681 2855 2763 2898 est
2792 2859 2856 2897 ex
2887 2843 3003 2897 solo
3043 2843 3229 2910 Patre,
3265 2852 3320 2897 et
3345 2841 3498 2898 solus

1909 2947 1976 2988 ex
2029 2933 2144 2988 sola
2209 2933 2404 2988 Matre.
2459 2934 2693 2988 Sanctus
2738 2931 3076 2996 immortalis,
3119 2931 3497 2987 sanctissimus

1914 3026 2142 3096 Spiritu,
2169 3029 2260 3096 qui
2297 3024 2600 3079 divinitatis
2638 3038 2752 3077 sua:
2786 3037 2908 3076 rore
2939 3031 2988 3076 te
3027 3021 3400 3086 conservavit,
3431 3036 3501 3075 ne

1911 3119 1979 3174 ab
2029 3120 2151 3190 igne
2182 3118 2368 3172 divino
2405 3117 2691 3186 absumpta
2724 3117 2915 3171 fueris.
2961 3116 3094 3170 Nam
3125 3126 3181 3170 et
3211 3115 3314 3172 hoc
3349 3129 3502 3186 quo-

1837 3257 1882 3315 c
1914 3227 2021 3282 que
2049 3211 2250 3282 Moysis
2280 3211 2369 3265 ille
2408 3214 2575 3264 rubus
2611 3209 2997 3281 praesignabat.

1988 3327 2077 3381 tt.
2106 3325 2362 3390 Salvesis,
2389 3324 2688 3395 probatica,
2717 3324 2808 3378 Dei
2844 3322 3032 3377 Matris
3060 3321 3492 3377 sacratissimum

1914 3417 2222 3473 delubrum.
2253 3415 2516 3478 Salvesis,
2537 3416 2840 3486 probatira,
2871 3415 3075 3468 avitum
3103 3413 3303 3485 regina:
3323 3412 3500 3468 domi--

1913 3512 2118 3566 cilium.
2148 3509 2406 3575 Salvcsis,
2429 3511 2703 3580 probatica
2755 3508 3020 3575 Joachim,
3046 3523 3298 3579 pecorum
3327 3524 3504 3579 quon-

1915 3603 2037 3656 dam
2093 3602 2269 3668 cauta,
2316 3617 2458 3655 nunc
2498 3610 2680 3654 autem
2739 3600 3020 3655 rationalis
3066 3599 3272 3653 Christi
3341 3597 3500 3654 ovilis

1915 3694 2155 3749 Ecclesia
2189 3695 2386 3750 caelum
2441 3703 2876 3764 repricsentans;
2930 3708 3049 3762 qua:
3095 3693 3222 3747 olim
3281 3693 3500 3762 quidem

1914 3787 2206 3857 quotannis
2225 3785 2393 3842 semel
2422 3784 2686 3853 Angelum
2721 3784 2813 3839 Dci
2855 3783 3164 3854 excipiebas
3191 3787 3502 3838 turbantem

1917 3894 2134 3950 aquam,
2164 3892 2436 3946 unumque
2470 3876 2766 3930 valetudini
2795 3875 3195 3940 restituentem,
3230 3888 3376 3929 nunc
3407 3889 3503 3926 au-

1918 3983 2024 4028 tem
2043 3971 2350 4026 caelestium
2377 3969 2638 4024 virtutum
2662 3967 3098 4038 capiosissimutn
3120 3982 3311 4033 agmen
3335 3967 3503 4021 habes

1917 4063 2011 4117 Dei
2040 4061 2373 4116 Genitricem
2430 4059 2766 4114 laudantiqu
2798 4057 2968 4130 849
2999 4059 3313 4123 nobiscum;
3348 4056 3497 4110 illam

1917 4152 2311 4210 miraculorum
2345 4152 2623 4222 abyssum,
2683 4152 2868 4204 mundi
2930 4146 3169 4208 universi
3203 4149 3503 4204 curationis

1918 4248 2147 4314 fontem,
2174 4260 2293 4316 qua:
2323 4260 2431 4300 non
2466 4243 2716 4313 angelum
2754 4243 3063 4297 ministrum
3110 4243 3370 4313 suscepit,
3407 4241 3504 4296 sed

1921 4339 2099 4410 magni
2154 4337 2370 4394 consilii
2419 4336 2697 4407 angelum,
2727 4335 2819 4405 qui
2863 4335 3005 4391 sicut
3033 4334 3211 4405 pluvia
3243 4337 3295 4388 in
3334 4331 3505 4390 vellus

1919 4433 2038 4488 sine
2082 4430 2314 4502 strepitu
2360 4429 2662 4494 descendit,
2699 4437 2979 4497 totamque
3037 4437 3288 4482 naturam
3349 4425 3504 4482 labo-

1921 4533 2134 4579 rantem
2163 4533 2218 4578 et
2275 4523 2340 4576 ad
2389 4522 2666 4576 interitum
2700 4529 3038 4594 vergentem,
3079 4521 3144 4574 ad
3175 4520 3388 4574 [inuam
3417 4533 3508 4574 sa-

227 4613 375 4685 πρὸς
429 4614 640 4684 φθορὰν
698 4614 1100 4679 ἀποκλίνασαν,
1158 4613 1297 4684 πρὸς
1349 4613 1538 4682 ὑγείαν
1600 4613 1812 4679 ἄνοσον,

1927 4617 2150 4670 nitatem
2187 4614 2464 4684 vitamque
2494 4614 2633 4670 senii
2663 4625 2966 4685 expertem,
3017 4611 3380 4667 instauravit:
3411 4624 3509 4680 per

226 4706 332 4759 καὶ
369 4705 507 4776 πρὸς
541 4705 685 4777 ζωὴν
715 4707 910 4778 ἀγήρω
943 4705 1402 4776 ὲπανορθώσαντα
1429 4721 1442 4734 ·
1475 4705 1585 4776 (66)
1614 4705 1681 4758 δι’
1708 4704 1768 4758 ὃν
1791 4706 1822 4759 6

231 4801 294 4852 ὲν
337 4798 424 4851 σοὶ
452 4798 760 4870 παράλυτος
791 4799 866 4864 ὼς
890 4798 1088 4868 ἔλαφος
1115 4799 1304 4870 ἥλατο.
1333 4799 1582 4871 Χαίροις,
1615 4798 1822 4868 προϐα-

225 4892 362 4962 τικὴ
399 4891 578 4961 τιμία,
615 4892 851 4958 αὑξείτω
888 4909 982 4946 σου
1018 4893 1053 4961 ἡ
1084 4892 1266 4963 χάρις.
1299 4891 1550 4963 Χαίροις,
1588 4892 1780 4964 Μαρία
1806 4931 1822 4957 ,

226 4983 576 5052 γλυκύτατον
597 4983 697 5054 τῆς
735 4985 936 5056 Ἀννης
965 4984 1261 5053 θυγάτριον
1283 4999 1296 5013 ο
1338 4983 1479 5054 πρὸς
1506 4984 1566 5037 σὲ
1593 4983 1702 5056 γὰρ
1726 4979 1824 5037 αῦ-

229 5077 319 5140 θις
344 5077 376 5130 6
402 5075 566 5141 πόθος
593 5077 812 5131 ἀνέλκει
840 5094 932 5148 με.
973 5077 1099 5140 Πῶς
1129 5075 1441 5142 ὲξεικονίζω
1493 5092 1588 5128 σου
1621 5076 1683 5128 16
1729 5093 1820 5128 σε-

233 5169 506 5240 μνότατον
539 5167 779 5239 βάδισμα
802 5207 818 5234 ,
854 5167 972 5233 πῶς
1000 5169 1100 5239 τὴν
1126 5167 1358 5239 στολήν;
1402 5167 1518 5230 πῶς
1556 5166 1615 5219 16
1658 5167 1827 5237 πρόσ-

226 5263 392 5318 ωπόν
423 5279 517 5316 σου
537 5261 649 5333 (67)
668 5263 730 5317 16
757 5263 949 5336 χάριεν
971 5279 985 5328 ;
1009 5261 1280 5333 γηραλέον
1313 5260 1571 5333 φρόνημα
1607 5261 1666 5313 ὲν
1700 5259 1826 5313 νεά-

228 5356 390 5422 ζοντι
423 5357 679 5427 σῶματι;
732 5359 896 5428 στολὴ
952 5355 1193 5428 κοσμία,
1244 5357 1428 5409 πᾶσαν
1480 5353 1677 5426 θρύψιν
1730 5355 1828 5408 καὶ

229 5449 522 5521 μαλακίαν
558 5448 858 5520 φεύγουσα.
909 5449 1076 5520 Βῆμα
1112 5449 1332 5520 σεμνὸν,
1378 5447 1473 5502 καὶ
1525 5447 1826 5518 ἀτάραχον,

226 5545 335 5598 καὶ
373 5543 560 5612 πάσης
611 5541 872 5612 βλακείας
905 5541 1214 5612 ἐλεύθερον.
1248 5537 1424 5604 ἾΙθος
1458 5540 1826 5611 ἐστυμμένον,

309 5705 361 5737 ⁸⁸
393 5705 562 5759 Hebr.
591 5719 654 5770 ιι,
681 5703 735 5759 9.
811 5703 857 5736 ⁸³
881 5701 1060 5760 Eccle.
1095 5719 1133 5773 ι,
1167 5703 1249 5758 l0.
1327 5702 1373 5735 ”
1406 5702 1506 5759 lsa.
1541 5717 1612 5767 γι,
1643 5700 1694 5755 ϐ.

309 5843 430 5912 (65)
467 5840 607 5916 βάἱι.
640 5842 1012 5916 προὺπήγετο.

313 5910 434 5986 (ϋσ)
470 5912 630 5986 Lego,
659 5910 725 5968 δι’
757 5910 839 5969 οὗ.

1923 4725 2082 4780 quem
2113 4709 2565 4780 paralyticusqui
2595 4709 2648 4763 in
2678 4719 2728 4765 te
2745 4708 2981 4776 iacebat,
3025 4717 3280 4776 tanquam
3313 4718 3510 4758 cervus

1925 4803 2151 4859 exsiliit.
2205 4800 2472 4868 Salvesis,
2527 4805 2840 4857 veneranda
2868 4801 3168 4871 probatica,
3204 4799 3512 4852 incremen-

1928 4903 2172 4948 mentum
2217 4895 2390 4964 gratia
2436 4903 2526 4948 tua
2567 4903 2766 4948 sumat.
2809 4892 3065 4958 Salvesis,
3101 4890 3290 4954 Maria,
3342 4889 3514 4943 Anna:

1929 4987 2246 5042 dulcissima
2273 4987 2449 5056 puella
2474 5003 2489 5042 :
2523 5003 2647 5041 nam
2680 5003 2766 5042 me
2799 5001 3014 5041 rursum
3042 4984 3108 5038 ad
3136 4995 3188 5039 te
3213 4996 3368 5037 amor
3391 4997 3516 5050 per-

1933 5081 2120 5134 trahit.
2153 5079 2400 5147 Quonam
2431 5082 2592 5137 modo
2627 5081 2896 5136 incessum
2927 5089 3076 5132 tuum
3111 5076 3378 5147 gravitate
3404 5073 3518 5142 ple-

1935 5187 2066 5227 num
2133 5173 2489 5228 describam?
2545 5172 2816 5244 quomodo
2889 5169 3193 5224 amictum?
3247 5165 3518 5237 quomodo

1937 5273 2280 5321 venustatem
2312 5266 2466 5322 oris?
2494 5266 2721 5322 senilem
2762 5264 2906 5319 illam
2939 5264 2991 5318 in
3024 5261 3250 5333 juvenili
3291 5275 3520 5330 corpore

1939 5359 2329 5429 prudentiam?
2385 5361 2646 5416 honestus
2696 5359 2926 5413 vestitus
2971 5357 3092 5420 luit,
3133 5356 3414 5410 mollitiem
3464 5362 3520 5406 et

1942 5450 2126 5506 luxum
2150 5466 2368 5506 omnem
2389 5452 2625 5520 fugiens.
2647 5451 2880 5508 Gressus
2907 5451 3108 5522 gravis,
3129 5463 3230 5504 nec
3255 5460 3519 5519 praeceps.

1943 5543 2078 5598 nihil
2112 5541 2348 5598 fractum
2401 5559 2467 5599 ac
2513 5544 2676 5600 molle
2737 5545 2957 5608 habens,
3017 5541 3194 5601 Mores
3243 5539 3442 5608 severi,
3473 5548 3528 5592 ct

2019 5835 2131 5908 (6'7)
2174 5835 2316 5893 Edit.
2349 5834 2409 5890 16
2434 5835 2692 5910 χάρισμα.
