4046 6406
614 414 718 479 679

1780 412 1844 477 S.
1884 411 2205 474 JOANNIS
2244 410 2675 474 DAMASCENI
3752 414 3836 475 681

610 523 892 579 hilaritate
928 521 1242 593 temperati,
1275 536 1371 594 per
1395 536 1533 592 quos
1560 521 1739 577 nullus
1760 523 1827 577 ad
1862 533 1913 577 te
1941 524 2074 578 viris
2103 539 2198 577 ae-

2305 522 2583 595 ίλαρότήτι
2610 522 2944 595 σύμμικτον,
2965 520 3225 593 ἀνδράσιν
3253 518 3571 593 ἀπρόσιτον.
3598 519 3700 574 Καὶ
3727 524 3841 596 gap.

554 635 559 642 ·
616 629 805 671 cessus
847 624 1082 685 pateret.
1119 614 1301 671 Testis
1330 624 1414 670 est
1460 625 1636 671 metus
1673 615 1786 679 ille,
1835 616 1889 670 in
1928 630 2090 685 quem
2132 629 2201 669 ex

615 708 877 763 inusitato
903 706 1082 779 angeli
1113 707 1353 777 alloquio
1382 706 1643 762 incidisti.
1680 705 2010 763 Parentibus
2036 707 2205 761 mori-

612 815 739 871 gera
769 810 825 854 et
848 801 1155 869 obsequens
1197 814 1345 854 eras.
1389 799 1621 854 Animus
1654 798 1875 854 humilis
1928 798 1980 853 in
2031 798 2201 853 subli-

615 894 877 950 missimis
927 893 1501 965 contemplationibus.
1558 891 1752 947 Sermo
1806 891 2097 964 iucundus,
2132 906 2197 948 es

612 990 719 1046 leni
752 992 933 1045 anima
982 992 1359 1061 progrediens.
1396 987 1537 1055 Quid
1586 988 1808 1045 demum
1855 987 2001 1044 aliud
2036 1001 2199 1059 quam

614 1083 725 1138 Deo
761 1084 984 1153 dignum
1032 1081 1367 1137 domicilium
1398 1081 1422 1135 ἰ
1452 1080 1646 1137 Merito
1689 1089 1742 1137 te
1792 1080 2007 1135 beatam
2058 1093 2201 1148 prae-

612 1178 796 1231 dicant
824 1190 1016 1232 omnes
1073 1177 1482 1247 generationes,
1545 1185 1607 1231 ut
1654 1174 1915 1232 eximium
1981 1174 2199 1230 humani

612 1271 829 1340 generis
870 1270 1060 1325 decus.
1094 1268 1173 1323 Tu
1228 1270 1572 1325 sacerdotum
1618 1269 1812 1338 gloria,
1859 1268 2201 1323 Christiano-

614 1380 732 1417 rmn
760 1377 906 1433 spes,
935 1362 1266 1432 virginitatis
1300 1363 1575 1417 uberrima
1604 1362 1809 1432 planta.
1838 1359 1944 1416 Per
1968 1370 2022 1416 te
2048 1360 2197 1415 enim

612 1455 942 1526 virginitatis
975 1457 1234 1512 honestas
1269 1470 1389 1512 sese
1430 1454 1694 1509 latissime
1742 1452 1975 1508 etl‘udit:
2030 1452 2201 1507 Bene-

611 1548 753 1599 dicta
781 1555 835 1599 tu
862 1546 1001 1600 inter
1024 1547 1289 1609 mulieres,
1317 1558 1364 1601 et
1412 1545 1711 1601 benedictus
1746 1545 1953 1615 [ructus
1997 1544 2198 1598 ventris

611 1636 712 1691 tui.
768 1636 873 1705 Qui
921 1647 973 1693 te
1022 1637 1117 1691 Dei
1167 1637 1500 1693 Genitricem
1557 1636 1912 1699 conﬁtentur,
1945 1634 1997 1690 hi
2033 1635 2200 1690 bene-

614 1728 744 1782 dicti
787 1737 914 1783 sunt
948 1746 962 1783 :
1006 1727 1097 1797 qui
1133 1728 1468 1790 iniiciantur,
1510 1726 1805 1782 maledicti.

687 1820 773 1875 12.
804 1818 849 1876 Ο
875 1834 1088 1875 sacrum
1137 1833 1238 1890 par
1277 1817 1525 1874 Ioachim
1566 1827 1620 1875 et
1666 1820 1845 1883 Anna,
1878 1816 2198 1871 .natalitiam

612 1911 756 1966 hane
780 1910 1083 1965 orationem
1112 1926 1140 1963 a
1174 1925 1263 1965 me
1293 1909 1558 1977 accipite!
1592 1909 1636 1964 0
1663 1906 1909 1963 Joachim
1939 1917 1993 1962 et
2029 1906 2202 1961 Anna:

611 2002 720 2056 lilia
744 2012 799 2055 et
826 2000 1043 2055 domina
1067 2039 1083 2065 ,
1112 2000 1415 2056 orationem
1436 2000 1653 2069 suscipe
1687 1998 1830 2054 servi
1866 1998 2194 2068 peccatoris,

610 2093 703 2164 qui
739 2104 791 2148 te
832 2102 1012 2172 tamen
1046 2093 1309 2149 ardenter
1338 2102 1487 2147 amat
1544 2092 1804 2164 colitque,
1837 2102 1999 2161 teque
2029 2091 2198 2147 solam

609 2185 790 2256 gaudii
816 2200 967 2254 spem
997 2186 1184 2253 habet,
1212 2194 1267 2240 et
1293 2186 1416 2240 vitae
1439 2185 1751 2255 praesidem,
1781 2202 1883 2242 nec
1924 2203 2031 2242 non
2060 2187 2200 2257 apud

609 2277 805 2333 Filium
835 2278 1193 2347 pacatricem,
1226 2292 1289 2333 ac
1318 2286 1526 2333 certam
1556 2278 1751 2334 salutis
1782 2280 2025 2334 arrham.
2066 2278 2203 2335 Pec-

607 2379 858 2425 catorum
906 2370 1182 2425 sarcinam
1220 2370 1450 2436 discute,
1495 2370 1661 2425 menti
1715 2371 1971 2427 tenebras
2025 2370 2203 2426 otl‘un-

609 2462 829 2517 dentem
864 2461 1143 2527 nebulam,
1182 2470 1565 2533 terrenamque
1614 2466 1924 2521 crassitiem
1974 2466 2200 2537 dissipa,

610 2555 939 2611 testationes
964 2556 1286 2626 comprime,
1315 2558 1483 2613 vitam
1519 2574 1695 2613 meam
1722 2559 1900 2615 fanste
1928 2560 2197 2629 guberna,

610 2658 669 2702 ut
692 2650 763 2703 ad
787 2647 1062 2703 cmlestem
1092 2648 1407 2705 beatitatem
1451 2663 1551 2720 per
1590 2658 1641 2703 te
1668 2649 1859 2715 ducar,
1903 2665 2203 2722 pacemque

610 2739 813 2795 mundo
864 2739 1118 2795 concilia.
1183 2740 1470 2798 Universis
1516 2743 1680 2814 hujus
1728 2745 1969 2799 civitatis
2010 2746 2201 2799 ortho-

609 2830 790 2895 doxis,
826 2830 1132 2885 absolutam
1164 2832 1411 2889 numeris
1462 2834 1577 2889 suis
1621 2834 1871 2890 laetitiam
1904 2836 2200 2905 sempiter-

611 2939 849 2994 namqne
887 2925 1117 2981 salutem
1170 2937 1390 2996 praesta,
1452 2936 1669 2983 tuorum
1721 2939 2031 3001 parentum,
2083 2930 2205 2985 uui-

610 3016 865 3087 versique
920 3028 1096 3074 coetus
1142 3016 1402 3074 Ecclesia:
1435 3020 1707 3090 precibus.
1750 3021 1893 3086 Fiat,
1925 3024 2038 3078 liat.
2066 3023 2197 3083 Ave,

2299 630 2399 678 τυς
2431 617 2460 668 ό
2499 614 2665 684 φόϐος
2704 617 2732 668 ό
2770 613 3087 686 ὲπισυμϐἀς
3114 613 3193 685 τῷ
3231 612 3493 680 ἀσυνήθει
3525 610 3617 664 τοῦ
3643 612 3841 681 ἀγγέλου

2304 706 2751 779 προσφθέγματι.
2780 706 3038 761 Γονεῦσιν
3070 706 3285 777 εὐήνιος
3317 706 3415 758 καὶ
3452 704 3705 777 ὑπήκοος.
3731 709 3842 778 ιρι.

2301 819 2453 873 νημα
2480 801 2737 855 ταπεινὸν
2761 802 2821 854 ἐν
2849 800 3111 873 θεωρίαις
3144 798 3535 869 ὐψηλοτάταις.
3566 800 3724 868 Λόγος
3752 802 3841 855 l1:-

2304 892 2397 965 ρὸς
2429 892 2490 958 ἐξ
2522 895 2796 965 άοργήτου
2842 893 3023 965 ψυχῆς
3068 892 3545 963 προσφερόμενος.
3595 893 3697 945 Καὶ
3724 895 3767 949 τί
3794 914 3843 964 γε

2300 986 2482 1058 ἄλλοή
2517 986 2669 1055 ἀξιον
2696 987 2793 1041 τοῦ
2824 986 2961 1041 Θεοῦ
2992 984 3379 1055 καταγώγιον;
3418 984 3491 1037 Σὲ
3525 984 3685 1051 ἀξίως
3704 989 3845 1041 πᾶσαι

2302 1080 2360 1133 αἰ
2402 1081 2591 1149 γενεαὶ
2639 1080 3066 1151 μακαρίζουσιν,
3123 1077 3201 1142 ὡς
3243 1078 3538 1131 ὲπίλεκτον
3590 1077 3733 1144 δόξαν
3769 1080 3846 1149 τῆς

2301 1171 2744 1244 ἀνθρωπότητος.
2778 1173 2850 1227 Σὺ
2897 1172 3089 1244 ἱερέων
3114 1170 3383 1241 καύχημα
3403 1210 3419 1234 ,
3444 1170 3768 1241 Χριστιανῶν
3786 1173 3848 1224 ἰλ-

2301 1264 2417 1327 πίς,
2456 1265 2758 1335 παρθενίας
2792 1264 3099 1335 πολυφόρον
3127 1263 3403 1334 φύτευμα.
3438 1262 3543 1315 Διά
3571 1260 3661 1315 σοῦ
3688 1263 3780 1333 γὰρ
3801 1264 3845 1317 τὸ

2302 1356 2469 1411 καλὸν
2491 1356 2592 1428 τῆς
2625 1357 2931 1429 παρθενίας
2959 1355 3358 1410 πεπλάτυνται.
3393 1354 3764 1424 Εὐλογημένη
3782 1358 3846 1410 σὺ

2298 1450 2370 1504 ἐν
2395 1450 2634 1521 γυναιξί
2657 1490 2672 1512 ,
2707 1450 2807 1503 καὶ
2850 1450 3259 1518 εὐλογημένος
3284 1450 3319 1502 ὁ
3347 1446 3583 1515 καρπὸς
3608 1445 3711 1515 τῆς
3746 1464 3844 1501 κοι-

2298 1544 2442 1608 λίας
2472 1558 2611 1599 σου.
2646 1544 2709 1597 Οί
2738 1542 3131 1613 ὁμολογοῦντές
3155 1558 3216 1595 σε
3246 1540 3516 1596 Θεοτόκον
3546 1541 3843 1613 εὐλόγήνται,

2298 1637 2348 1690 οἰ
2378 1636 2707 1708 ἀρνούμενοι
2740 1637 3173 1708 κεκατήρανται.

2377 1814 2466 1886 ιβ’.
2502 1810 2573 1869 Ὦ
2625 1814 2748 1887 ίερὰ
2797 1814 3028 1887 ξυνωρὶς
3068 1812 3327 1886 Ἰωακεὶμ
3362 1812 3464 1867 καὶ
3506 1814 3697 1877 Ἄννα,
3722 1812 3846 1886 nm

2304 1908 2436 1982 παρ’
2471 1908 2608 1980 ἐμοῦ
2641 1908 2800 1977 λόγον
2851 1908 3066 1962 τουτονὶ
3102 1907 3196 1961 τὸν
3225 1906 3481 1975 γενέσιον
3509 1907 3523 1960 !
3551 1901 3620 1959 Ὦ
3645 1906 3845 1976 θύγατερ

2315 2002 2576 2072 Ἰωακείμ
2607 2000 2705 2056 καὶ
2758 2002 2959 2071 Ἀννής
3006 2000 3101 2055 καὶ
3154 2000 3467 2054 δέσποιναι
3520 1997 3668 2067 δέχου
3697 1997 3847 2051 δούλου

2299 2095 2460 2165 λόγον
2490 2094 2843 2167 ἀμαρτωλοῦ,
2876 2094 2991 2148 ἀλλ’
3030 2096 3096 2148 ὲκ
3130 2092 3307 2164 πυρὸς
3349 2090 3667 2155 ποθοῦντος,
3700 2092 3781 2143 καὶ
3801 2090 3846 2143 si

2305 2190 2477 2262 μόνην
2509 2188 2857 2260 κεκτημένου
2888 2189 3064 2259 χαρᾶς
3094 2187 3287 2241 ἐλπίδα
3316 2228 3332 2253 ,
3371 2185 3473 2240 τοῦ
3507 2186 3623 2256 βίου
3652 2185 3847 2242 προστάς

2298 2298 2409 2346 τιν,
2450 2281 2545 2335 καὶ
2581 2281 2718 2353 πρὸς
2749 2280 2841 2333 τὸν
2881 2280 2973 2334 σὸν
3020 2279 3149 2333 Υίὸν
3197 2279 3553 2347 διαλλάκτην,
3592 2277 3680 2331 καί
3706 2294 3847 2346 σωτη-

2303 2372 2424 2445 ρίας
2458 2373 2757 2446 ἀρραϐῶνα
2787 2373 3130 2445 στερέμνιον.
3164 2373 3275 2427 Καὶ
3323 2371 3385 2425 τὸ
3409 2370 3526 2423 τῶν
3560 2370 3845 2440 ἁμαρτημά-

2301 2483 2409 2519 των
2449 2466 2871 2537 διασκορπίσαις
2918 2466 3165 2537 φορτίον,
3199 2465 3295 2519 καὶ
3336 2464 3398 2518 τὸ
3428 2460 3744 2517 ἐπισκοτοῦν
3784 2460 3844 2529 τῷ

2303 2559 2423 2632 ὲμῷ
2457 2559 2534 2631 νῷ
2560 2560 2752 2630 νέφος,
2785 2561 2883 2614 καὶ⁴
2909 2559 3007 2631 τὴν
3050 2559 3229 2630 ὑλώδη
3273 2557 3665 2618 διασκεδάσαις
3700 2552 3844 2623 παχύ-

2301 2666 2471 2722 τητα·
2511 2651 2606 2705 καὶ
2634 2652 2865 2723 στήσαις
2900 2650 3028 2714 τοὺς
3071 2648 3440 2721 πειρασμοὺς,
3489 2647 3589 2700 καὶ
3622 2644 3845 2716 κυόερνή-

2303 2760 2424 2806 σαις
2454 2743 2567 2813 (68)
2602 2743 2795 2806 αἰσίως
2830 2742 2922 2796 τὸν
2949 2740 3086 2811 βίον,
3120 2739 3373 2810 καὶπρὸς
3410 2739 3517 2808 τὴν
3566 2737 3673 2791 ἀνω
3716 2752 3836 2805 χειρ-

2320 2838 2644 2908 αγωγήσαις
2670 2837 3072 2909 μακαριότητα,
3108 2834 3203 2889 καί
3231 2833 3309 2905 τῷ
3333 2832 3531 2902 κόσμῳ
3565 2829 3845 2901 βραδεύσαις

2302 2930 2553 3002 εἰρήνην
2581 2930 2675 2982 καὶ
2706 2930 2841 2982 πᾶσι
2879 2931 2993 2991 τοῖς
3023 2927 3190 2998 τῆσδε
3216 2927 3317 2997 τῆς
3344 2924 3560 2985 πόλεως
3592 2919 3846 2992 όρθοδζξοις

2301 3021 2589 3093 οἰκήτορσι
2640 3018 2879 3089 παντελῆ
2927 3017 3293 3089 εὐφροσύνην,
3327 3014 3423 3069 καὶ
3457 3013 3723 3083 σωτηρίαν
3745 3008 3845 3063 altit-

609 3106 791 3163 Βατία
826 3110 1003 3180 gratia
1027 3108 1208 3179 plena,
1237 3110 1490 3166 Dominus
1512 3122 1684 3167 tecum
1712 3130 1730 3169 :
1759 3115 2032 3169 benedicta
2064 3126 2120 3169 tu
2146 3117 2197 3170 in

2305 3131 2436 3179 νιον,
2476 3112 2653 3177 λιταῖς
2686 3112 2797 3165 τῶν
2833 3129 2891 3164 σε
2927 3113 3241 3182 φυσάντων,
3288 3109 3383 3163 καὶ
3421 3105 3624 3167 παντὸς
3664 3101 3746 3157 τοῦ
3770 3100 3843 3170 τῆς

608 3202 942 3267 mulieribus,
991 3214 1042 3257 et
1078 3203 1377 3259 benedictus
1410 3204 1616 3275 fructus
1655 3209 1850 3261 ventris
1895 3209 1994 3271 tui,
2042 3207 2202 3263 Iesus

608 3295 866 3351 Christus
897 3295 991 3351 Dei
1018 3295 1207 3351 Filius.
1239 3294 1343 3368 Ipsi
1376 3296 1548 3369 gloria
1573 3314 1697 3365 cum
1720 3299 1883 3355 Patre
1906 3311 1962 3355 et.
1991 3300 2199 3371 Spiritu

610 3397 801 3441 sancto
834 3387 885 3441 in
919 3386 1128 3442 inﬁnita
1153 3385 1350 3442 saecula
1387 3386 1728 3441 szeculornm.
1758 3387 1950 3443 Amen.

2314 3205 2646 3277 Ἐκκλησίας
2679 3204 3071 3276 πληρώματος.
3111 3203 3333 3256 Γένοιτο
3356 3241 3372 3267 ,
3412 3200 3648 3270 γένοιτο.
3691 3193 3843 3261 Xaips.

2302 3293 2770 3366 κεχαριτωμένη,
2801 3298 2835 3349 ὀ
2867 3295 3083 3364 Κύριος
3118 3292 3270 3364 μετὰ
3302 3291 3421 3347 σοῦ
3445 3332 3461 3358 ,
3519 3284 3843 3385 celerantia

2302 3390 2384 3445 σὺ
2417 3393 2489 3445 ἐν
2545 3389 2818 3459 γυναιξί,
2866 3389 2966 3441 καί
3013 3386 3423 3457 εὐλογημένος
3451 3388 3487 3440 ὁ
3530 3381 3743 3451 καρπὸς
3764 3381 3847 3443 τῆς

609 3477 844 3543 κοιλίας
875 3492 994 3531 σου
1017 3520 1032 3544 ,
1078 3474 1287 3548 Ἰησοῦς
1327 3477 1563 3547 Χριστὸς
1590 3520 1603 3545 ,
1633 3481 1663 3533 ό
1701 3477 1795 3533 τοῦ
1841 3479 1979 3534 Θεοῦ
2024 3480 2172 3545 Υἱός.
2227 3482 2390 3556 Αὐτῷ
2426 3484 2461 3555 ἡ
2491 3481 2621 3547 δόξα
2658 3482 2757 3535 σὺν
2799 3481 2975 3553 Πατρὶ
3031 3480 3127 3534 καὶ
3188 3477 3266 3551 τῷ
3304 3478 3447 3549 ἁγίῳ
3478 3474 3762 3545 Πνεύματι,
3786 3470 3846 3532 εις

608 3566 736 3630 τοὺς
766 3566 1111 3639 ἀπεράντους
1134 3566 1340 3633 αἰῶνας
1366 3569 1474 3625 τῶν
1504 3569 1741 3630 αἰώνων.
1786 3573 1983 3645 Ἀμήν.

1348 3680 1464 3738 VII.

612 3796 868 3865 Ejusdem
905 3796 1093 3851 Sermo
1145 3796 1301 3863 alter,
1341 3800 1397 3852 in
1430 3799 1667 3853 eamdem
1699 3800 2051 3855 sanctissima:
2092 3799 2205 3855 Do-

826 3868 987 3921 mina
1022 3878 1221 3922 nostra:
1254 3868 1499 3937 Deipam
1544 3871 1777 3923 natalem
1800 3872 1960 3925 diem.

686 3984 742 4038 1.
776 3980 1074 4052 Splendida
1105 3983 1267 4038 hodie
1300 3978 1442 4039 diem
1492 3982 1689 4039 festum
1723 3985 1835 4055 agit
1865 3984 2079 4039 condita
2111 4000 2206 4039 na-

612 4087 755 4139 tura,
786 4077 911 4129 dum
945 4091 1142 4131 novum
1181 4076 1403 4143 caelum,
1432 4074 1713 4145 Virginem
1765 4078 1981 4147 accipit.
2020 4078 2203 4132 Puella

612 4170 664 4222 in
698 4168 856 4223 terris
912 4178 1038 4223 nata
1092 4178 1196 4234 cst,
1232 4168 1396 4239 Regis
1444 4169 1705 4225 cmlornm
1756 4171 2033 4225 animatus
2085 4174 2204 4225 tha-

611 4259 807 4315 lamus.
828 4258 1124 4315 Juvencnla
1157 4262 1290 4318 solis
1315 4262 1498 4318 radios
1546 4262 1848 4332 fulgoribus
1878 4264 2198 4328 obscuratis,

613 4352 793 4407 iulans
819 4369 887 4407 ex
923 4353 1093 4408 sterili
1122 4353 1343 4421 eﬂulsit,
1388 4356 1824 4410 sacratissimum
1871 4356 2203 4425 virginitatis

611 4445 939 4499 sacrarium.
970 4445 1106 4511 Quis
1154 4447 1221 4499 ad
1267 4447 1640 4502 celebritatem
1669 4464 1773 4501 non
1805 4447 1974 4519 850
2006 4464 2205 4503 conve-

614 4535 765 4588 niet?
793 4539 918 4603 quis
952 4537 1219 4590 solemnia
1280 4546 1443 4607 atque
1478 4538 1689 4607 Virgini
1733 4540 1899 4593 chara
1927 4544 2064 4593 dona
2100 4540 2199 4594 de-

615 4626 792 4681 feret?
842 4626 1035 4683 Munus
1083 4628 1509 4698 pulcherrimum
1568 4630 1634 4684 iis
1687 4632 1779 4700 qui
1829 4623 2200 4701 virginitatem

612 4720 823 4783 colunt,
858 4720 1144 4789 integritas
1179 4721 1517 4793 incorrupta,
1559 4725 1742 4793 tmptis
1786 4725 2041 4792 castitas;
2069 4727 2207 4780 divi-

615 4814 761 4866 tibus
792 4814 1067 4884 erOgatio;
1094 4814 1422 4885 pauperibus
1452 4816 1751 4885 gratiarum
1786 4819 1972 4882 actio;
2006 4818 2088 4872 his
2111 4819 2202 4888 qui

614 4913 875 4974 praesunt,
909 4906 1310 4972 mansuetudo;
1347 4907 1569 4979 regibus
1611 4908 1857 4976 iustitia;
1908 4911 2206 4965 sacerdoti-

612 4997 717 5051 bus
749 4998 1054 5064 sanctitas;
1097 4998 1308 5055 cunctis
1354 5001 1589 5070 denique
1652 5011 1801 5055 recta
1846 5002 1899 5055 in
1951 5003 2204 5057 omnibus

614 5088 908 5148 institutio.
941 5091 1077 5159 Quia
1113 5108 1242 5148 vero
1294 5092 1561 5163 ejusmodi
1602 5110 1827 5149 munera
1861 5106 2007 5157 sunt,
2032 5111 2203 5165 eoque

612 5183 868 5249 splendor
894 5186 1179 5251 enitescit;
1235 5186 1402 5258 agite,
1438 5188 1757 5257 gestiamus,
1799 5198 1854 5241 et
1904 5192 2201 5257 gratiarum

614 5276 845 5329 actionis
871 5280 1083 5331 cantica
1112 5282 1515 5348 depromamus,
1569 5295 1693 5334 enni
1738 5282 1937 5335 Davide
1963 5300 1977 5338 :
2004 5280 2205 5335 Exsul-

616 5376 781 5421 temus
816 5368 1062 5435 Domino,
1106 5372 1403 5444 jubilemus
1454 5373 1561 5428 Deo
1599 5372 1872 5429 Saluatori
1915 5386 2096 5430 nostra
2127 5375 2198 5431 ⁸⁸.

614 5458 868 5515 Omnium
896 5459 1176 5518 Conditori
1214 5468 1473 5537 templum
1503 5484 1612 5539 quo
1633 5470 1960 5541 excipiatur,
1987 5480 2204 5526 exstru-

693 5641 902 5698 "Psal.
937 5659 1081 5711 Iuv,
1119 5646 1171 5700 I.

687 5800 800 5871 (68)
831 5801 974 5857 Edit.
1006 5803 1191 5867 ὁσίως.

683 5874 822 5947 μεθ’)
862 5872 1016 5931 Nunc
1049 5877 1283 5945 primum
1322 5874 1510 5933 Grzcce
1550 5876 1732 5947 prodit
1772 5875 1887 5932 hac
1930 5874 2106 5932 oratio
2135 5890 2199 5931 ex

3057 3684 3132 3738 Z'.

2313 3800 2424 3857 Τοῦ
2453 3800 2643 3854 αὑτοῦ
2687 3801 2883 3869 Λόγος
2910 3839 2925 3861 ,
2965 3800 3054 3866 εἰς
3102 3799 3168 3869 τὸ
3226 3800 3509 3869 γενέσιον
3553 3798 3661 3867 τῆς
3704 3800 3845 3866 ὑπερ-

2470 3875 2646 3943 αγιας
2678 3868 3025 3939 Δεσποίνης
3054 3868 3552 3940 ἢμῶνίθεοτόκου
3580 3870 3719 3944 (68⁸).

2375 3988 2446 4047 α’.
2482 3989 2768 4061 Λαμπρῶς
2806 3990 3171 4061 πανηγυρίζει
3199 3991 3232 4061 ή
3266 3990 3447 4054 κτίσις
3478 3991 3730 4062 σήμερον,
3751 4004 3845 4042 και-

2307 4083 2397 4138 νὸν
2441 4082 2674 4155 οὐρανὸν
2721 4081 2822 4153 τὴν
2872 4083 3154 4154 Παρθένον
3187 4082 3572 4154 λαμϐάνουσα.
3618 4084 3751 4151 Κόρη
3778 4080 3845 4131 ἐπὶ

2308 4178 2411 4248 γῆς
2440 4176 2792 4247 γεγέννηται,
2825 4177 2919 4231 τοῦ
2949 4176 3226 4240 Βασιλέως
3259 4176 3369 4230 τῶν
3399 4176 3647 4247 οὐρανῶν
3675 4172 3847 4244 ἐψυχώο

2313 4288 2475 4341 μενος
2504 4270 2770 4341 θάλαμος.
2805 4270 3005 4334 Νεᾶνις
3031 4271 3113 4333 εἰς
3142 4270 3258 4338 φῶς
3280 4268 3509 4341 ἐλήλυθε
3535 4269 3636 4341 τῆς
3655 4266 3845 4338 ήλιακῆς

2311 4364 2533 4427 ἀκτῖνος
2564 4364 2863 4435 φανότερον
2894 4362 3308 4433 ἀστράπτουσα.
3344 4362 3558 4434 Βρέφος
3584 4364 3645 4415 ὲκ
3668 4360 3847 4430 στείρας

2311 4455 2624 4527 ἀνέλαμψε,
2655 4455 2758 4526 τῆς
2798 4455 3101 4528 παρθενίας
3140 4455 3369 4526 τέμενος
3420 4456 3727 4527 ἱερώτατον.
3770 4451 3843 4510 Τίς

2307 4550 2405 4619 οὐχ
2440 4550 2740 4621 ὑπαντήσει
2768 4548 2909 4620 πρὸς
2935 4547 3035 4620 τὴν
3063 4549 3374 4619 πανήγυριν
3398 4564 3413 4614 ;
3447 4549 3533 4612 τίς
3572 4550 3630 4601 ού
3655 4547 3848 4615 δωροφοο

2310 4641 2467 4711 ρήσει
2507 4640 2736 4711 ἑόρτια,
2780 4640 2875 4694 καὶ
2923 4643 2989 4711 τῇ
3039 4640 3302 4713 Παρθένῳ
3349 4636 3845 4713 φιλούμεναςΔῶρον

2307 4732 3066 4806 κάλλιστονπαρθενεύουσιν
3101 4735 3133 4805 ἡ
3166 4732 3449 4805 άφθαρσία
3474 4774 3489 4799 ,
3530 4735 3728 4806 γήμασι
3763 4744 3846 4780 σω-

2308 4826 2578 4897 φροσύνη,
2632 4826 2914 4890 πλουσίοις
2968 4826 3298 4896 μετάδοσις,
3342 4825 3575 4896 πένησιν
3611 4824 3845 4896 ήεύχαρι-

2308 4917 2452 4981 στία,
2484 4919 2743 4989 ἄρχουσιν
2768 4920 2801 4989 ή
2824 4919 3121 4989 ἡμερότης,
3157 4916 3470 4988 βασιλεῦσιν
3497 4919 3529 4989 ή
3556 4913 3843 4978 δικαιοσύνη.

2312 5011 2551 5081 ἱερεῦσιν
2586 5012 2619 5083 ή
2651 5011 2892 5083 ὁσιότης,
2918 5014 3033 5074 τοῖς
3063 5013 3229 5065 πᾶσιν
3261 5013 3317 5066 ὲν
3349 5011 3558 5066 ἅπασιν
3585 5013 3618 5081 ή
3643 5004 3841 5075 εὐνομία.

2324 5102 2481 5155 Ἐπεὶ
2502 5101 2560 5155 δὲ
2586 5101 2816 5154 τοιαῦτα
2839 5100 2909 5154 τὰ
2934 5101 3107 5172 δῶρα,
3132 5101 3227 5155 καὶ
3252 5102 3393 5173 μετά
3421 5101 3673 5155 τοιούτων
3692 5101 3721 5169 ή
3738 5097 3845 5163 λαμ-

2311 5192 2609 5263 προφορία,
2644 5190 2801 5245 δεῦτε
2836 5192 3226 5264 σκιρτήσωμεν
3268 5192 3599 5261 εὐφρόσυνα.
3635 5190 3843 5260 ’ᾼσωμεν

2309 5285 2643 5356 χαριστήρια
2662 5324 2678 5351 ,
2707 5282 2849 5351 μετά
2880 5281 3067 5335 Δασίδ’
3112 5282 3625 5352 Ἀγαλλιασὼμεθα
3653 5275 3723 5342 τῷ
3752 5277 3821 5329 Κυ

2296 5377 2438 5446 pio),
2468 5376 2872 5445 ὰλαλὰξωμεν
2903 5374 2985 5441 τῷ
3027 5372 3150 5440 Θεῷ
3188 5374 3270 5441 τῷ
3314 5374 3542 5444 Σωτῆρι
3579 5371 3745 5445 ἡμῶν.
3775 5361 3842 5430 Τῷ

2307 5471 2517 5544 κτίστῃ
2554 5468 2663 5523 τῶν
2692 5469 2981 5534 ἀπάντων,
3022 5468 3151 5532 ναὸς
3203 5467 3474 5539 ὑποδοχῆς
3504 5466 3841 5541 ᾠκοδόμηται⁰

2313 5804 2435 5887 cod.
2482 5804 2653 5887 Regio
2676 5806 2819 5864 2350
2856 5809 3053 5870 collato
3084 5827 3209 5871 cum
3238 5815 3489 5873 versione
3514 5811 3700 5871 Leonis
3727 5803 3839 5863 Alla-

2311 5879 2370 5931 tii
2401 5891 2522 5946 qua
2551 5879 2695 5935 edita
2732 5894 2840 5936 non
2866 5891 2970 5938 est.
