4046 6414
235 444 259 501 Γ
265 436 321 500 81
1000 440 1328 502 HOMILIA
1368 441 1428 501 II
1470 442 1552 503 IN
1591 443 2114 508 NATIVITATEM
2152 451 2217 510 B.
2253 450 2320 510 ν.
2363 450 2648 512 MARI/E.

3385 457 3489 519 682

233 549 304 600 ὅτι
331 542 407 614 τῷ
443 542 760 617 δημιουργῷ
791 547 952 621 Λόγῳ
979 549 1328 621 καταγώγιον
1360 551 1615 625 ξενισμοῦ
1646 556 1794 625 ἡτοί-

1908 570 2042 615 etum
2080 573 2157 615 est
2196 581 2208 615 :
2244 562 2369 629 quia
2424 562 2600 617 Verbo
2623 577 2804 618 rerum
2828 563 3005 633 opiﬁci
3035 565 3259 635 hoSpitii
3296 569 3487 624 domus

231 653 448 709 μασται·
480 636 661 709 ὅτιτῷ
701 639 866 711 Ἡλίῳ
894 642 994 706 τῆς
1019 643 1365 715 δικαιοσύνης
1393 644 1593 715 νεφέλη
1614 646 1792 713 φωτὸς

228 733 522 805 ἑξήπλωται
543 751 557 765 σ
589 735 673 787 ὅτι
717 734 797 806 τῷ
829 738 1216 808 περιδάλλοντι
1247 740 1337 793 τὸν
1365 740 1596 811 οὐρανὸν
1622 741 1682 794 ἐν
1710 757 1797 794 νε·
1836 756 1839 759 ⁷

228 825 419 892 φέλαις,
474 824 810 894 θεοῦφάντου
868 828 1225 899 περιϐολαίου
1274 830 1420 894 ἱστὸς
1467 831 1794 885 ἀνίσταταιο

225 920 295 971 ὅτι
325 915 398 986 τῷ
423 917 679 988 κιρνῶντι
712 920 835 983 ταῖς
862 920 1034 993 ὥραις
1063 922 1193 985 τοὺς
1226 923 1459 995 καιροὺς
1485 923 1582 977 καὶ
1614 923 1798 978 ὲνιαυο

225 1010 340 1071 τοὺς
372 1010 731 1081 συνακτήριον
771 1013 1040 1081 νυμφικὸν
1082 1012 1193 1085 (69)
1229 1014 1626 1069 ἀναδέδεικται.

288 1100 352 1170 β’.
391 1101 728 1174 Χορεύσατε,
756 1103 1036 1169 νειῑινιδες⁸
1077 1106 1409 1177 παρθενικὺν
1459 1107 1570 1179 γὰρ
1606 1109 1668 1162 τὸ
1700 1125 1797 1178 γε·

226 1192 439 1247 νέθλιον.
464 1193 826 1266 Σκιρτήσατε,
867 1197 1123 1270 μητέρες·
1155 1198 1421 1269 μητρικὸς
1448 1199 1557 1272 γὰρ
1584 1201 1798 1272 καρπὸς

228 1287 256 1355 η
287 1284 714 1356 παρθενεύουσα.
758 1288 1003 1359 Στεῖραι,
1038 1290 1323 1355 εὐέλπιδες
1357 1290 1482 1344 ἔστε
1535 1292 1672 1361 πρὸς
1699 1291 1798 1363 τὴν

228 1376 347 1447 πρὶν
375 1378 787 1449 στειρεύουσαν,
823 1376 941 1434 εἶτα
986 1380 1248 1435 θεόπαιδα
1279 1384 1623 1453 γεννήσασαν
1655 1385 1796 1437 ἀπο-

230 1468 603 1525 σκοπεύουσαι.
641 1472 795 1543 Μηδέ
837 1490 902 1541 γε
935 1475 1095 1545 κόραι
1130 1476 1231 1545 τῆς
1256 1476 1478 1547 χορείας
1508 1476 1798 1530 ἀπολειπέ-

230 1558 455 1621 σθωσαν.
477 1563 578 1632 τῆς
608 1562 778 1632 μόνης
811 1564 992 1635 κορῶν
1021 1565 1316 1637 κορωνίδος
1343 1566 1479 1638 ὁμοῦ
1508 1568 1603 1621 καὶ
1642 1567 1800 1639 βασι-

227 1652 356 1715 λίδος
377 1652 437 1705 τὸ
470 1653 715 1721 γενέσιον
745 1655 1238 1728 πανηγυρίζουσαι.
1270 1659 1620 1715 Σαλπίσατε
1649 1661 1801 1716 σάλ-

227 1761 377 1812 πιγγι
414 1744 517 1796 ἐπὶ
546 1744 690 1811 τοὺς
714 1746 988 1813 ,βουνούς
1012 1763 1026 1779 ο
1060 1749 1337 1817 ἠχήσατε
1372 1751 1467 1804 ἐπὶ
1497 1751 1616 1806 τῶν
1641 1754 1795 1820 ὑψη-

225 1827 372 1880 λῶνο
418 1828 720 1896 κηρύξατε
752 1830 823 1884 ἐν
870 1831 1263 1903 Ἰερουσαλὴμ
1291 1874 1304 1897 .
1340 1834 1409 1888 δι’
1469 1836 1630 1907 Ὠσηὲ
1664 1839 1799 1908 ἡμῖν

229 1916 492 1972 κάνταῦθα
520 1918 582 1972 τὸ
607 1921 1101 1991 προσταττόμενον.
1129 1924 1293 1977 Δαὸὶδ
1318 1925 1345 1976 6
1362 1904 1794 1998 Θεοπάτωρξεύ·
1828 1904 1872 1959 Β

229 2008 504 2079 φράνθητιο
553 2010 786 2074 Ἡσαΐας
818 2014 846 2065 6
879 2015 1380 2087 προφητοκρέιτωρ,
1415 2018 1791 2088 φαιδρύνθητι.

229 2102 325 2155 Καὶ
347 2102 374 2154 6
403 2100 507 2170 μὲν
527 2142 540 2164 ,
573 2103 656 2156 ὅτι
687 2102 746 2168 ἐξ
780 2103 980 2173 ὀσφύος
1012 2122 1107 2159 σου
1142 2106 1286 2160 κατὰ
1320 2108 1419 2176 τὴν
1447 2111 1796 2179 ὁρκωμοσίαν

229 2193 489 2263 ἡβασιλὶς
521 2196 873 2266 προέρχεται,
915 2197 976 2262 ἐξ
1013 2193 1081 2270 ἦς
1114 2198 1310 2270 θήσειν
1357 2202 1451 2253 ἐπὶ
1481 2202 1570 2256 τὸν
1606 2202 1796 2273 θρόνον

229 2303 312 2339 σου
334 2285 422 2338 τὸν
472 2287 682 2357 καρπόν
734 2304 827 2341 σου
859 2288 991 2352 Θεὸς
1019 2292 1391 2359 ἐπηγγείλατο
1412 2309 1427 2323 '
1461 2294 1489 2346 6
1520 2292 1576 2345 δὲ
1598 2333 1613 2357 ,
1646 2295 1729 2348 ὃτι
1762 2297 1795 2366 ἡ

228 2379 521 2449 προφητεία
574 2395 669 2432 σου
734 2379 911 2451 πέρας
957 2381 1201 2453 εἴληφεν,
1247 2384 1659 2449 Ἐξελεύσεται
1696 2387 1802 2455 pd-

229 2469 353 2550 σδος
376 2470 444 2523 ἐκ
474 2468 581 2537 τῆς
601 2470 768 2539 ῥίζης
795 2473 1045 2538 Ἰεσσαὶ,
1077 2476 1177 2529 καὶ
1207 2475 1391 2543 ἄνθος
1414 2478 1483 2531 ἐκ
1502 2477 1612 2547 τῆς
1630 2478 1799 2547 ῥίζης

230 2561 610 2629 ἀναϐήσεται.
661 2566 881 2628 Ῥάϐδος
908 2568 940 2635 ὴ
974 2567 1271 2637 Παρθένος,
1297 2568 1358 2634 ἐξ
1396 2564 1466 2641 ἧς
1496 2572 1798 2641 ἀπειρόγα-

230 2669 317 2721 po;
344 2654 403 2707 τὸ
429 2655 670 2726 ἀνθηρὸν
702 2657 794 2710 καὶ
824 2656 1052 2712 ἀένναον
1081 2659 1317 2730 Χριστὸς
1338 2662 1562 2716 ἄνεισιν.

289 2752 352 2813 γ’.
396 2747 564 2801 Ἀλλὰ
601 2750 653 2801 τί
678 2767 769 2820 μοι
807 2750 887 2822 τῷ
920 2751 1075 2819 δεῖνι,
1103 2753 1202 2806 καὶ
1226 2754 1305 2825 τῷ
1331 2754 1463 2809 δεῖνι
1488 2757 1550 2811 τὸ
1586 2758 1800 2830 χαίρειν

230 2840 597 2908 περιγράφειν.
642 2842 737 2895 καὶ
768 2842 841 2913 μὴ
870 2846 1020 2914 φωνῇ
1053 2844 1426 2917 περιληπτικῇ
1459 2848 1798 2919 διασημᾶναι

229 2927 314 3000 τὴν
341 2930 693 2999 ἁγαλλίασιν;
746 2934 1154 3003 Εὐρρανθήτω
1182 2939 1216 2991 ό
1243 2939 1504 3005 οὐρανὸς
1546 2940 1796 3007 ἄνωθεν,

232 3018 319 3070 καὶ
339 3024 395 3075 at
414 3025 666 3089 νεφέλαι
694 3024 1060 3091 par-decurrat»
1082 3026 1499 3098 δικαιοσύνην.
1554 3032 1800 3086 Ἀνατει-

228 3108 377 3164 λάτω
403 3112 442 3179 ἠ
488 3112 564 3180 τῆ
584 3153 600 3177 ,
646 3116 744 3169 καὶ
767 3116 1179 3185 ,ϐλαστησάτω
1210 3121 1383 3187 ἕλεος
1402 3161 1416 3185 ,
1442 3120 1543 3175 καὶ
1583 3122 1801 3176 δικαιο-

229 3201 413 3269 σύνην
442 3203 812 3259 dra-aret}de
842 3206 965 3277 ἅμα
987 3208 1125 3279 (70).
1165 3210 1270 3264 Διὰ
1305 3211 1392 3278 τί;
1422 3213 1505 3266 ὅτι
1533 3200 1799 3284 σκήνωμα

227 3292 298 3361 τῷ
331 3291 445 3364 Θεῷ
497 3294 694 3348 Ἰακὼὸ
742 3298 1168 3370 πεφανέρωται·
1206 3301 1291 3354 ὅτι
1330 3302 1495 3366 τόπος
1537 3303 1694 3372 ἅγιος
1726 3303 1805 3376 τῷ

230 3385 471 3455 παναγίῳ
507 3385 667 3456 Λόγῳ
698 3388 1096 3444 ὑποδέδεικται.
1146 3391 1242 3458 Ὠς
1272 3394 1527 3461 φοϐερὸς
1562 3397 1596 3446 ὀ
1619 3394 1806 3459 τόπος

229 3468 413 3542 οὗτος,
444 3475 629 3545 βοάτω
665 3477 859 3532 Ἰακὼό
895 3482 923 3533 6
947 3482 1518 3554 πατριαρχικὼτατος,
1539 3486 1651 3538 οὐκ
1672 3485 1805 3539 ἔστι

231 3566 390 3621 τοῦτο
422 3568 567 3623 ἀλλ’
615 3569 653 3637 ἢ
681 3567 847 3639 οἶκος
879 3572 1029 3627 Θεοῦ
1053 3612 1069 3639 ,
1121 3574 1221 3628 καὶ
1254 3575 1406 3643 αὕτη
1508 3578 1671 3645 πύλη
1697 3577 1806 3634 τοῦ

229 3654 510 3722 οὐρανοῦ]
536 3658 599 3708 ’Ὡ
629 3659 957 3731 ἀπορρήτων
984 3661 1378 3733 ἀκουσμάτωνί
1413 3663 1459 3716 ὣ
1486 3665 1807 3736 παραδόξων

231 3747 719 3819 ἀποτελεσμάτωνῑ
765 3753 831 3804 Τί
879 3753 1039 3808 τοῦτο
1081 3755 1141 3809 τὸ
1189 3756 1377 3810 καινὸν
1407 3757 1690 3829 διήγημα;
1723 3760 1807 3825 τίς

231 3834 360 3906 αὕτη
419 3840 451 3908 ἡ
509 3837 795 3904 ξενίζουσα
838 3842 1127 3915 παραϐολὴ
1164 3846 1259 3900 καὶ
1295 3847 1640 3920 ἀπόρῤητος;
1684 3850 1748 3904 Εἰ
1779 3852 1809 3904 6

230 3929 446 3999 οὐρανὸς
487 3931 586 3984 τοῦ
615 3933 847 4004 οὐρανοῦ
881 3936 983 3989 οὐκ
1011 3937 1371 4009 ὲξαρκέσουσί
1409 3956 1515 4005 σοι,
1548 3941 1624 4004 ὡς
1646 3942 1674 3994 ὁ
1698 3941 1803 3997 Λό-

232 4035 336 4082 γος.
373 4024 464 4076 καὶ
503 4022 644 4094 τίςή
679 4022 987 4095 ὲξαρκοῢσα
1014 4028 1164 4099 αὐτῷ
1192 4029 1402 4102 φυσικὴ
1438 4031 1804 4103 κατοίκησις;

239 4110 381 4179 οὐχὶ
414 4111 529 4165 τὸν
549 4115 813 4181 οὐρανὸν
840 4116 940 4170 καὶ
964 4116 1081 4184 τὴν
1101 4118 1222 4187 γῆν
1249 4119 1363 4189 ἐγὼ
1390 4122 1626 4190 πληρῶ,
1646 4124 1810 4196 λέγει

234 4198 482 4266 Κύριος;
521 4200 631 4255 Καὶ
661 4203 763 4255 ποῦ
796 4202 892 4275 et}?
904 4206 1153 4278 τοιούτῳ,
1193 4209 1289 4261 καὶ
1331 4211 1640 4284 τηλικούτῳ
1667 4254 1683 4280 ,
1714 4215 1810 4269 καὶ

232 4290 582 4364 ὑπεραίροντι
637 4295 821 4367 πάσης
870 4299 1292 4372 καταληπικῆς
1338 4302 1692 4374 ὑποθέσεως;
1745 4308 1806 4361 οὐ

235 4382 333 4471 γςιρ
380 4384 440 4436 ὲν
474 4386 739 4456 ποσότητι
787 4388 848 4441 τὸ
887 4390 1144 4461 ἄπειρον,
1178 4393 1576 4464 περιληπτικόν
1610 4398 1810 4471 χωρίον

235 4469 676 4545 ἐξευρηθήσεται.
695 4477 748 4529 '0
775 4479 1036 4547 οὐρανός
1058 4499 1183 4550 μοι,
1217 4484 1406 4554 φησιν,
1438 4488 1672 4555 θρόνος,
1696 4469 1808 4544 καὶ

1903 661 1985 707 est
2019 662 2242 723 parata;
2281 650 2391 707 Soli
2427 652 2656 722 justitiae
2687 668 2925 723 expansa
2960 655 3097 711 lucis
3132 659 3302 713 nubes
3335 675 3351 725 ;
3384 659 3490 714 im-

1901 740 2118 796 mortali
2155 740 2366 810 Sponso
2396 742 2561 797 divini
2595 744 2810 800 decoris
2868 744 3136 801 thalamus
3168 756 3411 816 erectus;
3434 749 3487 804 ei

1900 834 1996 905 qui
2046 836 2243 889 cmlum
2302 835 2537 891 nubibus
2569 836 2767 905 operit,
2798 837 3060 893 divinitus
3091 840 3224 894 texti
3253 840 3488 895 amictus

1903 926 2007 981 tela
2039 926 2320 996 consurgit
2366 944 2381 982 :
2424 926 2475 981 ei
2525 928 2616 998 qui
2671 930 3084 999 tempestatibus
3134 938 3491 1001 tempestates

1901 1030 2180 1087 annosque
2208 1016 2547 1083 commiscet,
2598 1018 2838 1088 nuptiale
2865 1019 3123 1076 conclave
3146 1022 3375 1078 editum.
3455 1077 3465 1093 η

1972 1109 2026 1163 2.
2082 1106 2310 1173 Chorus,
2335 1107 2660 1178 juvenculae,
2688 1110 2869 1166 ducite
2918 1130 2931 1167 :
2963 1109 3207 1183 Virginis
3255 1129 3489 1191 namque

1901 1195 2018 1250 dies
2066 1204 2149 1250 est
2205 1196 2421 1254 natalis.
2458 1194 2649 1261 Salite,
2682 1206 2887 1253 matres
2920 1217 2935 1253 :
2968 1200 3160 1256 matris
3188 1202 3334 1257 enim
3371 1201 3491 1257 fru-

1899 1294 2026 1344 ctus
2050 1283 2217 1356 Virgo
2236 1294 2340 1342 est.
2360 1266 2525 1342 .Bono
2559 1286 2765 1353 animo,
2787 1287 3023 1355 steriles,
3058 1298 3262 1356 estote,
3280 1290 3336 1346 in
3365 1306 3489 1346 eam

1901 1378 2197 1443 intuentes,
2248 1393 2389 1448 quae,
2420 1394 2543 1434 cum
2590 1379 2742 1449 prius
2791 1380 2993 1437 sterilis
3045 1390 3214 1449 esset,
3251 1383 3489 1439 divinam

1901 1468 2128 1539 posthac
2160 1467 2367 1538 prolem
2406 1467 2569 1523 enixa
2614 1478 2719 1523 est.
2767 1470 2839 1524 At
2884 1486 3061 1541 neque
3092 1472 3286 1542 puella;
3319 1474 3490 1529 choro

1903 1559 2103 1625 desint,
2139 1560 2283 1613 diem
2322 1559 2443 1630 ejus
2498 1560 2803 1614 natalitium
2837 1561 3197 1628 celebrantes,
3232 1579 3352 1633 quae
3374 1566 3490 1619 sola

1902 1644 2203 1716 puellarum
2225 1659 2362 1714 apex
2392 1652 2447 1698 et
2472 1644 2659 1713 regina
2692 1644 2948 1699 exsistit:
2979 1644 3366 1716 Clangitetuba
3395 1667 3486 1703 su-

1901 1753 1993 1806 per
2017 1744 2254 1799 montes;
2283 1746 2463 1790 sonate
2492 1750 2650 1803 super
2675 1735 2914 1799 excelsa;
2938 1739 3222 1806 prtedicate
3249 1739 3305 1793 in
3334 1739 3491 1793 Jeru-

1901 1829 2066 1885 salem
2098 1829 2167 1895 3°,
2203 1830 2346 1899 quod
2383 1826 2600 1897 quidem
2656 1843 2752 1898 per
2798 1827 2938 1885 Osee
3002 1831 3089 1886 hic
3137 1833 3292 1889 nobis
3321 1833 3488 1888 etiam

1903 1921 2235 1992 praecipitur.
2284 1920 2453 1975 David
2501 1920 2820 1990 Deiparens,
2858 1921 3033 1990 gaude
3082 1923 3265 1977 animo
3302 1939 3318 1990 ;
3350 1923 3487 1979 lsaia

1903 2015 2290 2085 prophetarum
2362 2013 2590 2083 primus,
2642 2012 2982 2081 exhilarare;
3038 2014 3177 2069 alter
3242 2015 3486 2085 quidem,

1904 2107 2047 2176 quod
2095 2105 2199 2159 tuis
2232 2120 2299 2160 ex
2342 2103 2563 2169 lumbis,
2608 2104 2685 2158 uti
2730 2104 2970 2174 juratum
3027 2114 3146 2159 erat
3192 2106 3262 2169 ⁸⁷,
3304 2108 3490 2176 regina

1903 2198 2186 2269 procedat,
2207 2212 2274 2251 ex
2305 2212 2411 2267 qua
2443 2196 2586 2252 Deus
2633 2196 2869 2251 fructum
2917 2206 3066 2252 tuum
3110 2215 3275 2269 super
3303 2202 3487 2255 sedem

1907 2299 2052 2344 tuam
2076 2290 2378 2360 positurum
2407 2289 2772 2359 promiserat:
2796 2289 2934 2344 alter
2968 2305 3117 2354 vero,
3146 2292 3288 2360 quod
3325 2292 3489 2348 lineas

1905 2382 2104 2437 haheat
2130 2382 2445 2437 vaticininm
2488 2382 2618 2437 illud
2651 2390 2800 2436 tuum
2832 2400 2845 2435 :
2887 2381 3205 2453 Egredietur
3248 2384 3395 2455 virga
3426 2387 3493 2440 de

1906 2472 2084 2526 radice
2113 2471 2281 2538 Jesse,
2331 2481 2381 2525 et
2437 2472 2535 2541 ﬂos
2593 2473 2657 2527 de
2702 2472 2883 2526 radice
2929 2474 3175 2527 ascendet
3224 2474 3291 2532 ⁸⁸.
3325 2474 3491 2545 Virga

1906 2560 2070 2633 Virgo
2098 2572 2202 2629 est,
2234 2578 2301 2618 ex
2342 2578 2445 2632 qua
2476 2564 2686 2634 integro
2712 2562 2909 2619 decore
2943 2563 3219 2633 muliebri,
3266 2566 3492 2623 ﬂoridus

1907 2656 2265 2725 perennisque
2283 2654 2384 2712 llos
2404 2654 2658 2711 Christus
2686 2656 2942 2725 assurgit.

1978 2749 2031 2804 5.
2062 2747 2200 2814 Quid
2231 2748 2510 2803 enimvero
2550 2749 2673 2802 huic
2716 2747 2860 2803 illive
2890 2749 3238 2817 gaudendum
3264 2749 3491 2814 definio,
3550 2813 3558 2827 ,

1908 2855 2006 2895 nec
2031 2854 2163 2895 voce
2192 2841 2373 2895 omnia
2411 2838 2805 2908 complectente
2825 2839 3239 2897 exsultationem
3262 2841 3449 2898 indico
3473 2841 3494 2894 ἒ

1907 2931 2142 2985 ιαἰειαν
2167 2931 2352 2985 caelum
2392 2930 2636 2997 desuper,
2669 2938 2719 2984 et
2764 2932 2924 2985 nubes
2954 2931 3141 3001 pluant
3174 2932 3435 2999 iustitiam
3470 2947 3492 2988 :

1906 3022 2124 3092 pullulet
2155 3034 2318 3087 terra,
2354 3030 2403 3076 et
2428 3022 2681 3092 germinet
2716 3023 3161 3088 misericordiam,
3189 3032 3239 3079 et
3274 3026 3495 3094 justilia

1908 3114 2112 3167 oriatur
2143 3112 2301 3167 simul
2333 3114 2403 3169 ‘9.
2434 3112 2573 3179 Quid
2610 3111 2731 3167 ita?
2779 3113 2907 3183 quia
2953 3114 3066 3169 Deo
3102 3114 3274 3169 Jacob
3308 3116 3492 3170 taber-

1911 3203 2162 3257 naculum
2222 3201 2628 3257 manifestatum
2675 3212 2760 3256 est
2809 3220 2824 3257 :
2874 3203 3000 3271 quia
3054 3202 3207 3259 locus
3268 3213 3494 3259 sanctus

1906 3294 2250 3349 sanctissimo
2297 3293 2477 3348 Verbo
2537 3303 2793 3349 ostensus
2845 3302 2949 3347 est.
3011 3292 3220 3349 Clamet
3260 3296 3496 3364 patriar-

1908 3384 2133 3438 charum
2173 3382 2541 3453 amplissimus
2568 3380 2735 3437 Jacob
2772 3400 2785 3437 :
2823 3381 2996 3448 Quam
3026 3382 3281 3437 terribilis
3307 3392 3383 3438 est
3417 3383 3496 3439 lo-

1908 3491 1999 3528 cus
2027 3474 2124 3527 iste
2152 3472 2171 3526 !
2198 3489 2299 3526 non
2330 3482 2404 3526 est
2434 3473 2542 3537 hic,
2578 3472 2679 3526 nisi
2713 3472 2898 3525 domus
2937 3472 3057 3537 Dei,
3086 3472 3297 3543 hwcque
3341 3480 3495 3541 porta

1908 3566 2021 3621 caeli
2052 3563 2189 3621 ".0
2231 3563 2533 3621 ineﬂabiles
2578 3566 2918 3620 auditiones!
2967 3580 2999 3621 ο
3035 3564 3285 3620 insolitos
3330 3576 3498 3618 even-

1910 3660 2033 3713 tusl
2071 3655 2201 3724 Quae
2244 3673 2384 3712 nova
2433 3657 2550 3712 haec
2600 3655 2882 3710 narratio?
2917 3654 3050 3721 Quae
3097 3642 3373 3724 stuporem
3407 3652 3495 3707 in-

1908 3765 2126 3821 gerens,
2155 3759 2212 3807 et
2234 3749 2504 3805 sermonis
2545 3747 2653 3801 vim
2703 3744 2918 3816 fugiens
2950 3746 3142 3801 isthaac
3186 3740 3443 3814 parabola
3468 3739 3494 3793 ?

1907 3840 2045 3898 Cum
2074 3841 2269 3897 caelum
2293 3841 2437 3907 caeli,
2478 3840 2553 3894 uti
2585 3837 2865 3907 Scriptura
2916 3834 3185 3908 prodit“,
3218 3835 3360 3891 haud
3397 3834 3493 3889 tibi

1909 3930 2200 3999 sufﬁciant,
2223 3947 2473 4002 quaenam
2504 3931 2602 3986 tibi
2628 3929 2903 3985 sulIiciens
2935 3926 3200 3983 naturalis
3229 3925 3494 3981 habitatio

1909 4022 2116 4078 fuerit?
2150 4021 2341 4076 Annon
2386 4022 2572 4076 cretum
2618 4028 2666 4074 et
2724 4028 2920 4073 terram
2969 4033 3062 4088 ego
3094 4018 3305 4086 impleo,
3364 4014 3491 4066 dicit

1913 4114 2169 4169 Dominus
2186 4113 2271 4166 “1'
2299 4110 2367 4167 Et
2394 4112 2613 4167 ubinam
2645 4125 2852 4176 rerum,
2881 4109 2973 4163 tali
3004 4125 3068 4163 ac
3091 4116 3261 4171 tanto,
3292 4106 3494 4176 quique

1910 4223 2127 4264 omnem
2211 4204 2756 4274 comprehensionem
2815 4210 3105 4272 exsuperat
3161 4200 3287 4269 (non
3345 4197 3493 4252 enim

1912 4300 2055 4370 quod
2108 4298 2378 4353 infinitum
2408 4304 2514 4362 est,
2559 4296 2611 4350 in
2648 4294 2956 4364 quantitate
3003 4290 3194 4361 lueret)
3224 4289 3376 4346 locus
3402 4290 3495 4359 qui

1911 4389 2319 4457 complectatur,
2348 4394 2602 4443 occurrat
2634 4404 2647 4441 :
2677 4383 2879 4441 Cretum
2909 4384 3063 4449 mihi,
3093 4382 3187 4447 ait,
3223 4381 3371 4435 sedes
3396 4388 3494 4445 est,

1914 4491 1965 4537 et
1993 4492 2136 4537 terra
2170 4480 2461 4535 scabellum
2495 4478 2687 4550 pedum
2726 4492 2959 4532 meorum
2982 4476 3051 4529 ⁸³.
3084 4473 3343 4541 Quanam
3368 4484 3499 4527 vero

235 4563 268 4655 ti
323 4564 398 4633 γῆ
433 4567 776 4622 ὑποπόδιον
814 4567 934 4624 τῶν
955 4572 1159 4627 ποδῶν
1179 4592 1323 4644 μου.
1357 4577 1468 4630 Καὶ
1500 4581 1651 4643 ποῖος
1675 4583 1804 4637 οίκο-

1917 4577 1963 4632 ei
1996 4576 2087 4646 qui
2126 4574 2444 4643 interrogat,
2486 4573 2679 4626 domus
2733 4567 3059 4631 exstruitur,
3109 4564 3303 4635 quisve
3349 4561 3499 4617 locus

234 4653 603 4729 δομηθήσεται
637 4657 785 4726 οἶκος
813 4662 890 4733 τῷ
923 4663 1237 4735 ὲρωτῶντι;
1275 4666 1308 4737 ἢ
1352 4668 1437 4732 τίς
1486 4669 1804 4745 ὲξευρεθείη

234 4747 387 4813 τόπος
407 4750 513 4821 τῆς
546 4754 953 4820 καταπαύσεως
987 4757 1155 4812 αὐτοῦ
1182 4776 1197 4824 ;
1226 4758 1343 4814 ἀλλ’
1370 4764 1523 4833 ὅμως
1551 4763 1803 4837 εὓρηται,

233 4839 320 4928 καὶ
349 4842 756 4914 πεφανέρωται.
800 4846 961 4913 Πῶς,
998 4848 1093 4902 καὶ
1122 4849 1231 4902 τίνι
1268 4850 1489 4923 τρόπῳς
1537 4848 1664 4909 Ὧδε
1699 4857 1807 4928 γὰρ

234 4927 287 4979 τὸ
310 4928 667 5001 ζητούμενον.
702 4935 915 5006 Μικρὸν
957 4937 1263 5009 ἀναμείνας
1289 4978 1304 5005 ,
1340 4941 1627 5011 ἀγαπητὲ,
1661 4927 1805 5017 λήψῂ

235 5020 319 5073 τοῦ
348 5024 693 5094 ποθουμένου
727 5027 828 5097 τὴν
858 5028 1129 5084 ἐπίλυσιν.

296 5113 355 5167 δ’.
386 5114 691 5179 Μέλλοντος
719 5118 1011 5190 ἀνθρώπου
1046 5120 1107 5186 ἐξ
1145 5124 1247 5176 οὐκ
1272 5122 1444 5178 ὅντων
1470 5127 1550 5189 εἰς
1577 5126 1639 5179 τὸ
1672 5123 1812 5183 εἶναι

238 5204 580 5275 παράγεσθαι
607 5206 674 5259 δι’
709 5208 938 5281 ἄπειρον
981 5210 1119 5265 Θεοῦ
1158 5213 1475 5288 ἀγαθότητα
1497 5256 1512 5280 ,
1541 5219 1813 5291 πρότερον

233 5296 453 5365 οὐρανὸς
503 5297 827 5365 ἐκτείνεται,
889 5304 961 5373 γῆ
991 5303 1409 5377 ὑπεστόρεσται,
1441 5307 1688 5364 θάλασσα
1718 5329 1814 5365 περ

235 5385 539 5459 ριὼρισται,
590 5392 684 5444 καὶ
722 5392 822 5445 ὃσα
880 5395 1209 5467 ἀμφοτέρων
1259 5399 1719 5470 συμπληρωτικὰ,
1756 5405 1813 5457 ἐν

128 5506 133 5509 ~
233 5482 409 5554 ταυτῷ
439 5483 542 5553 τῆς
573 5484 703 5557 ὅλης
733 5487 1150 5560 διακοσμήσεως
1198 5491 1477 5564 εἴληπται.
1509 5492 1623 5548 Εἶθ’
1655 5495 1811 5551 ὔστε-

1917 4665 2247 4729 inveniatur,
2289 4664 2344 4718 in
2391 4676 2499 4732 quo
2560 4657 2899 4729 requiescat?
2948 4657 3019 4711 At
3068 4668 3200 4710 vero
3247 4653 3500 4708 iuventus

1917 4758 2299 4827 exhibitusque
2335 4754 2460 4810 est?
2497 4751 2612 4820 Qua
2660 4766 2789 4806 vero
2841 4750 3070 4815 ratione,
3098 4760 3275 4817 quove
3304 4743 3500 4799 modo?

1919 4856 2023 4911 hoc
2074 4866 2311 4923 namque
2356 4858 2440 4906 est
2486 4849 2630 4919 quod
2693 4862 2838 4901 nunc
2897 4845 3181 4915 qumritur.
3211 4841 3501 4910 Tantisper

1917 4952 2193 5014 exspecta,
2234 4941 2454 5006 dilecte,
2506 4949 2561 4994 et
2613 4938 2735 5010 ejus
2776 4937 2922 5007 quod
2969 4943 3149 5004 optas,
3173 4931 3499 4987 solutionem

1918 5049 2174 5091 aCCIDIOS.

1985 5053 2032 5091 Cl
2079 5050 2174 5089 tes.

1984 5050 2208 5184 LPCum
2259 5125 2422 5180 homo
2465 5137 2563 5193 per
2604 5121 2927 5176 immensam
2986 5116 3080 5172 Dei
3114 5114 3410 5171 bonitatem
3442 5112 3495 5167 in

1914 5232 2096 5275 rerum
2157 5227 2409 5272 naturam
2470 5214 2711 5269 edendus
2761 5217 2926 5275 esset,
2971 5209 3023 5263 in
3075 5205 3267 5278 primis
3331 5203 3493 5274 851

1914 5310 2109 5367 caelum
2145 5307 2479 5373 extenditur,
2532 5305 2899 5360 substernitur
2967 5309 3136 5365 terra,
3188 5298 3305 5354 suis
3347 5312 3499 5350 mare

1917 5402 2169 5459 terminis
2196 5400 2487 5464 clauditur,
2521 5408 2828 5465 cieteraque
2857 5393 3064 5457 omnia,
3097 5391 3300 5463 quibus
3351 5398 3502 5443 utra—

1918 5508 2024 5567 que
2051 5493 2365 5565 complenda
2389 5499 2593 5552 essent,
2624 5489 2674 5541 in
2701 5487 2939 5542 universi
2974 5493 3168 5542 ornatu
3213 5496 3317 5537 una
3359 5496 3502 5551 pro-

302 5640 347 5721 “_‘
375 5640 516 5697 Osee
538 5660 590 5706 ν,
622 5644 675 5697 8.
730 5645 795 5721 βξ
828 5646 976 5721 Ρεξι-Ι.
1001 5663 1186 5712 οκχιιι,
1224 5650 1308 5702 Η.
1383 5652 1430 5685 ⁸⁸
1463 5652 1560 5707 lsa.
1596 5670 1632 5721 ι,
1678 5654 1763 5708 Η.

1918 5654 2022 5710 lsa.
2053 5669 2177 5721 ην,
2216 5654 2266 5708 1.
2344 5652 2389 5683 ⁸ο
2415 5650 2550 5707 Gen.
2580 5666 2772 5714 xxvut,
2804 5649 2889 5704 17.
2967 5647 3011 5680 ⁵⁸
3036 5646 3104 5702 lll
3135 5646 3268 5718 Reg.
3306 5644 3498 5711 "1,27.

239 5707 283 5738 θ’
310 5708 515 5768 Jerem.
542 5731 694 5778 χχιιι,
727 5714 816 5769 24.
896 5717 941 5747 ”
966 5718 1067 5772 lsa.
1106 5707 1250 5779 ιλιι,
1274 5721 1327 5772 2.

313 5862 429 5937 (69)
457 5852 583 5938 Sag.
611 5869 1008 5924 ἀναδείκνυται.

598 5962 873 6027 Parnm.
924 5967 1041 6027 Gn.
1092 5966 1309 6029 XCVI.

2007 5872 2114 5943 (70)
2145 5872 2375 5931 Allatius
2405 5874 2532 5946 legit
2561 5893 2572 5929 :
2609 5874 2944 5948 δικαιοσύνη.
3054 5960 3136 6025 22
