4046 6396
308 332 412 391 695

1074 330 1404 393 HOMILIA
1443 331 1504 393 Ii
1541 332 1623 394 IN
1663 331 2183 401 NATIVITATEM
2223 318 2398 403 133v,
2440 342 2728 405 mare.

3469 339 3573 404 686

301 450 469 507 ματος
509 434 713 506 ᾄδεται,
746 438 780 490 ὁ
818 436 1109 504 θεμελιῶν
1133 437 1250 508 τὴν
1270 438 1390 509 γῆν
1414 440 1516 493 ἐπὶ
1546 439 1662 508 τὴν
1692 440 1889 510 ἁσφά-
1914 489 1922 503 η

2007 449 2475 506 :ommutationem
2525 450 2713 522 jussus
2743 458 2846 507 est.
2894 449 3068 508 Terra
3108 460 3214 519 est,
3260 449 3314 506 in
3354 463 3459 521 qua
3482 446 3575 506 ille

297 532 467 584 λειαι-
486 524 697 597 αὑτῆς.
744 528 822 597 Γῆ
855 531 1025 592 ἐστιν,
1048 530 1102 600 ⁴ἡ
1137 532 1347 603 σπορᾶς
1379 530 1754 597 ἀνεπίδεκτος,
1787 532 1885 586 καὶ

298 617 549 671 ἁπάντων
588 617 1045 689 καρποτροφοῦσα
1077 619 1433 691 τροφοδότην.
1476 620 1555 690 Γῆ
1583 620 1759 686 ἐστιν,
1790 620 1880 690 ἐφ’

296 710 366 779 ἢν
393 706 494 778 τῆς
542 707 821 779 ἁμαρτίας
878 708 1092 765 ἄκανθα
1118 712 1221 765 οὐκ
1252 710 1514 765 ἀνέτειλε.
1560 711 1885 766 Τοὺναντίον

294 799 355 854 δι
383 800 584 869 μᾶλλον
620 799 709 855 διὰ
732 800 828 854 τοῦ
847 801 1055 874 ταύτης
1081 802 1273 874 ἐρνους
1303 803 1604 875 πρόρριζος
1632 803 1883 858 ἑκτέτιλ-

295 911 406 949 ται.
444 894 519 965 Γῆ
554 896 730 961 ἔστιν,
756 895 856 966 οὐχ
906 894 1042 967 ὡςή
1074 895 1340 967 πρότερον
1367 896 1756 969 κατηραμένη.
1787 899 1884 953 καὶ

293 980 365 1057 ἧς
401 986 608 1057 καρποὶ
626 985 861 1058 πλήρεις
887 986 1142 1055 ἀκανθῶν
1169 989 1268 1041 καὶ
1307 986 1579 1059 τριϐόλων
1602 1005 1617 1022 ο
1654 988 1771 1043 ἀλλ’
1796 988 1883 1057 ἐφ’

294 1078 366 1148 ἢν
383 1077 601 1147 εὐλογία
629 1078 858 1150 Κυρίου,
884 1080 978 1132 καὶ
1001 1072 1072 1152 ἦς
1096 1078 1461 1151 εὐλογημένος
1488 1080 1517 1135 6
1540 1080 1755 1154 καρπὸς
1782 1079 1885 1151 τῆς

297 1168 527 1238 κοιλίας,
558 1169 633 1235 ὥς
662 1186 829 1241 φησιν
860 1169 891 1223 6
922 1168 1067 1241 ἱερὸς
1088 1168 1268 1239 λόγος.

371 1358 432 1407 ε’.
471 1350 612 1404 Ἀλλ’
657 1352 783 1407 ἐπεὶ
831 1350 1007 1406 ταῦτα
1077 1352 1276 1419 οὕτως,
1307 1352 1466 1425 φέρε,
1520 1352 1720 1425 ἴδωμεν
1761 1353 1883 1408 ὅθεν

296 1444 707 1516 εὐθυδρόμησεν
732 1446 761 1499 6
785 1443 1014 1509 ἀείζωος
1044 1446 1226 1517 ϐρπηξ
1250 1446 1352 1517 τῆς
1375 1443 1680 1517 παρθενίας
1698 1462 1714 1478 ο
1744 1444 1832 1511 τίς
1855 1446 1887 1500 6

297 1537 498 1606 φύσας,
526 1536 624 1590 καὶ
645 1537 731 1600 τίς
761 1538 795 1607 ἡ
826 1536 1084 1591 τεκοῦσα.
1128 1536 1386 1608 Ἰωακείμ
1413 1554 1473 1590 τε
1499 1538 1593 1591 καὶ
1626 1538 1818 1604 Ἀννα,
1843 1538 1878 1608 ἠ

295 1630 564 1702 διαφανὴς
605 1631 701 1685 καὶ
754 1629 1113 1701 πανεύφημος
1153 1631 1247 1683 τοῦ
1298 1629 1474 1699 Λόγου
1522 1628 1773 1701 ξυνωρὶς,
1848 1630 1884 1699 ἡ

1986 549 2155 593 carne
2185 537 2439 597 fundatus
2467 544 2498 595 a
2540 540 2747 613 Spiritu
2775 541 3013 610 canitur,
3037 542 3126 613 qui
3157 541 3349 612 fundat
3372 552 3568 599 terram

1984 645 2141 700 super
2176 631 2518 688 stabilitatem
2550 635 2781 691 suam“.
2816 634 2987 692 Terra
3015 644 3119 705 est,
3164 650 3286 706 qua:
3335 651 3443 692 non
3484 650 3576 692 se-

1987 723 2131 778 mine
2158 732 2413 793 suscepto
2452 740 2576 781 eum
2642 726 2887 796 protulit,
2943 728 3035 797 qui
3088 728 3345 784 omnibus
3387 739 3573 785 escam

1984 814 2209 883 praebet.
2241 811 2412 871 Terra
2430 817 2620 885 est,'in
2648 830 2752 888 qua
2804 814 2949 872 nulla
2976 816 3183 888 peccati
3214 817 3380 889 852
3410 826 3574 875 enata

1984 904 2175 972 spina;
2203 918 2362 962 secus
2415 921 2547 963 vero
2596 922 2694 979 per
2739 909 2893 977 cujus
2940 924 3164 979 germen
3211 909 3341 965 illud
3394 911 3577 980 potius

1984 997 2228 1053 evulsum
2260 1007 2364 1054 est.
2397 997 2568 1055 Terra
2604 1009 2707 1064 est,
2738 1012 2844 1057 nun
2875 1001 2952 1056 uti
2984 1001 3136 1071 prior
3178 1001 3489 1069 maledicta,
3512 1017 3576 1056 ac
3654 1056 3670 1069 ,

1984 1087 2141 1158 cujus
2160 1088 2368 1146 fructus
2396 1090 2565 1161 spinis
2599 1107 2662 1148 ac
2696 1092 2912 1149 tribulis
2939 1095 3259 1149 horrescant
3287 1106 3303 1160 ;
3354 1091 3447 1149 sed
3480 1105 3574 1148 su-

1983 1194 2084 1250 per
2112 1196 2274 1250 quam
2301 1182 2606 1240 benedictio
2643 1184 2858 1241 Domini
2886 1185 3009 1253 l'uit,
3051 1195 3105 1241 et
3145 1185 3302 1253 cujus
3363 1182 3573 1241 fructus

1984 1272 2190 1328 ventris
2218 1271 2555 1341 benedictus,
2591 1286 2649 1331 ut
2676 1291 2834 1332 sacro
2851 1276 3056 1333 dictum
3074 1284 3157 1333 est
3186 1276 3409 1333 oraculo
3428 1277 3498 1330 ".

2056 1364 2110 1420 5.
2136 1363 2262 1420 Haec
2287 1381 2409 1421 cum
2445 1367 2520 1422 ita
2569 1382 2631 1425 se
2682 1370 2936 1436 habeant,
2968 1384 3088 1441 age,
3131 1366 3246 1438 jam
3295 1367 3575 1424 videamus

1983 1468 2051 1510 ex
2086 1470 2194 1524 quo
2240 1469 2440 1526 genere
2492 1472 2709 1529 semper
2757 1460 2943 1516 virens
3000 1457 3335 1532 virginitatis
3383 1475 3571 1515 ramus

1988 1555 2135 1603 recta
2166 1549 2413 1615 venerit;
2455 1550 2577 1619 quis
2619 1551 2856 1621 genitor,
2908 1565 3097 1622 quaeve
3134 1551 3374 1624 genitrix
3430 1550 3576 1606 illius

1986 1639 2272 1695 exstiterit.
2301 1639 2547 1697 Joachim
2596 1642 2809 1698 scilicet
2853 1653 2907 1700 et
2934 1645 3115 1712 Anna,
3165 1642 3378 1699 illustre
3422 1641 3573 1698 cele-

299 1722 493 1776 πασῶν
518 1722 796 1791 συξυγιῶν
838 1719 1250 1792 θεσπεσιωτέρα
1294 1720 1549 1792 ἁρμονία.
1580 1713 1691 1784 Ἧς
1716 1722 1827 1791 γὰρ
1854 1718 1884 1771 ὁ
1914 1784 1922 1809 1

2007 1731 2471 1804 iratissimumque
2500 1731 2665 1789 Verbi
2691 1749 2809 1806 par,
2831 1735 3097 1808 conjugiis
3135 1732 3392 1790 omnibus
3424 1733 3567 1809 divi-

297 1817 497 1881 κλάδος
525 1817 845 1889 ὑπερφερὴς
874 1815 1151 1881 ἁπάντων,
1174 1816 1235 1869 οὐ
1264 1815 1439 1887 δήπου
1472 1813 1676 1885 ταύτης
1701 1815 1736 1885 ἡ
1760 1812 1885 1885 ρίζα

302 1907 380 1979 μὴ
415 1908 903 1979 προσφερεστέρας
966 1905 1107 1960 Ἀλλ’
1162 1906 1297 1976 ἡμῖν
1329 1902 1548 1975 εὕριζος
1578 1903 1719 1973 φυὰς
1744 1901 1889 1956 οὕτω

303 2000 659 2071 μεγαλοφυής
691 2014 750 2053 τε
788 1999 885 2053 καὶ
912 1994 1246 2069 ἐξοχωτατη,
1269 1996 1485 2069 καρποῦ
1519 1996 1576 2050 δὲ
1600 1996 1738 2059 τέως
1765 1996 1891 2064 ἄγον

300 2106 413 2156 νος.
447 2092 829 2165 Καθαρωτάτη
860 2093 894 2161 ή
917 2090 1092 2162 πηγὴ,
1123 2089 1262 2143 ἀλλὰ
1289 2089 1505 2161 ῥεῖθρον
1526 2089 1589 2143 οὐ
1624 2087 1888 2160 φέρουσα.

300 2185 575 2258 Ξυμφορὰ
603 2187 639 2257 ἠ
667 2185 1001 2240 ἀπευκταία.
1045 2181 1367 2255 Εὐληπτικὰ
1410 2182 1504 2237 καὶ
1536 2180 1789 2237 ἐπώδυνα
1822 2179 1894 2235 τὰ

305 2276 718 2346 παριστάμενα.
746 2276 812 2329 Τί
856 2272 982 2342 οὖνς
1053 2272 1425 2342 Ἔκέκραξαν
1453 2270 1696 2336 δίκαιοι,
1724 2270 1828 2325 καί
1858 2272 1892 2324 ό

306 2368 527 2435 Κύριος
574 2365 946 2434 είσήκουσεν
994 2363 1215 2429 αὐτῶν,
1268 2362 1369 2418 καὶ
1415 2362 1486 2417 ἐκ
1532 2359 1749 2416 πασῶν
1775 2359 1895 2415 τῶν

311 2460 586 2528 θλίψεων
607 2458 809 2514 αὐτῶν
825 2458 1124 2528 ὲρῤύσατο
1157 2456 1403 2524 αὐτούς.
1422 2454 1714 2527 Πόρρωθεν
1732 2452 1897 2507 Δαϐὶδ

306 2546 788 2605 ὲνθεαστικὼτατα
808 2549 1103 2622 διεσήμανε
1126 2547 1305 2603 τοιάδε
1322 2565 1338 2579 ο
1378 2545 1763 2617 Ἐκέκριιξαν,
1790 2564 1897 2617 φη-

308 2643 417 2708 σὶν,
457 2645 515 2697 oi
538 2642 777 2697 δίκαιοι.
806 2643 921 2714 Τῆς
973 2643 1105 2713 ὅλης
1132 2640 1559 2715 ἁνθρωπότητος
1601 2641 1898 2712 πρόσωπον

306 2734 590 2807 είσιρέρειν
631 2752 722 2806 μοι
762 2736 796 2806 ἡ
833 2733 968 2799 δυὰς
1015 2732 1161 2805 αὕτη
1198 2731 1558 2805 τεθεώρηται.
1597 2732 1901 2805 Ἐθεώρουν

307 2827 603 2902 τοιγαροῦν
631 2827 961 2897 θεογνωσίας
995 2826 1093 2900 τὴν
1130 2825 1529 2899 ἀνθρωπότητα
1566 2824 1800 2898 ἔρημον,
1836 2826 1898 2892 ἐξ

308 2921 576 2985 ἀπιστίας
617 2919 709 2973 τὸν
751 2919 958 2989 κόσμον
995 2917 1327 2989 χηρεύοντα·
1369 2917 1638 2988 ⁵ἐπείπερ,
1674 2915 1903 2985 Πάντες

309 3012 657 3079 ἐξέκλιναν,
689 3011 811 3081 ἅμα
858 3009 1301 3079 ἠχρειώθησαν,
1320 3008 1469 3063 κατὰ
1516 3008 1581 3061 τὺ
1619 3007 1902 3079 ᾀδόμενον.

1914 1784 1961 1843 Β

1991 1821 2114 1877 nior
2147 1836 2459 1895 compages.
2486 1823 2655 1897 Cujus
2671 1826 2816 1882 enim
2837 1841 3023 1882 ramus
3046 1824 3229 1882 omnia
3258 1832 3572 1896 exsuperat,

1990 1926 2089 1968 cur
2122 1911 2278 1967 radix
2307 1928 2431 1968 cum
2485 1928 2551 1970 eo
2605 1930 2712 1970 non
2771 1917 3009 1972 maxime
3060 1914 3363 1987 congruat?
3410 1915 3577 1985 Atqui

1991 2002 2176 2073 probis
2236 2003 2508 2061 radicibus
2558 2004 2740 2075 planta
2789 2007 2870 2063 sic
2917 2006 3202 2079 magniﬁca
3249 2014 3306 2063 et
3354 2005 3576 2068 eximia,

1994 2092 2213 2150 interim
2245 2094 2428 2151 fructu
2463 2097 2705 2153 carebat.
2736 2097 3178 2169 Limpidissimus
3194 2095 3339 2160 fons,
3361 2093 3457 2152 sed
3484 2095 3579 2167 qui

1995 2185 2202 2243 nullum
2247 2184 2508 2243 ﬂuentum
2545 2188 2850 2245 emittebat.
2882 2188 3231 2259 Deprecanda
3261 2187 3579 2254 calamitas;

1995 2296 2189 2352 graves
2222 2282 2462 2353 dirasque
2519 2282 2964 2340 circumstantiae.
3008 2282 3147 2348 Quid
3203 2279 3409 2350 igitur?
3454 2275 3582 2335 Cla-

1996 2382 2270 2428 mauerunt
2289 2374 2449 2443 justi,
2478 2384 2528 2430 et
2559 2374 2817 2429 Dominus
2849 2372 3123 2429 exaudivit
3163 2387 3270 2435 eos,
3293 2379 3341 2425 et
3378 2384 3442 2424 ea;
3464 2383 3581 2423 om-

2000 2466 2150 2521 nibus
2191 2466 2619 2521 tribulationibus
2669 2482 2853 2520 eorum
2898 2462 3141 2518 liberavit
3188 2462 3315 2517 eos‘
3348 2478 3363 2517 :
3402 2459 3583 2531 qualia

1999 2559 2217 2630 quidem
2248 2558 2407 2629 longe
2436 2570 2594 2614 antea
2624 2557 2791 2613 David
2819 2556 3162 2612 divinissimo
3212 2552 3390 2608 alllatu
3414 2550 3583 2621 signi-

2003 2652 2279 2709 ﬁcaverat.
2314 2649 2684 2707 Clamaverunt
2724 2649 2885 2719 justi,
2936 2648 3134 2719 inquit.
3192 2644 3445 2702 Universi
3487 2657 3585 2715 ge-

2004 2744 2152 2800 neris
2204 2743 2423 2797 buluani
2474 2756 2763 2812 personam
2793 2755 2892 2811 par
2922 2740 3063 2796 istud
3099 2754 3219 2795 meo
3252 2752 3415 2795 sensu
3446 2735 3589 2792 refe-

2004 2837 2182 2892 rebat.
2233 2835 2500 2903 Quocirca
2548 2834 2860 2889 universum
2908 2846 3080 2904 genus
3130 2833 3426 2887 humanum
3478 2828 3589 2883 Deo

2004 2927 2313 2999 cognitione
2351 2926 2670 2983 destitutum
2704 2928 3004 2980 cernebant
3034 2938 3047 2975 :
3086 2924 3348 2978 mundum
3374 2922 3442 2977 ob
3465 2921 3591 2976 inll-

2006 3020 2285 3076 delitatem
2316 3020 2537 3074 viduum
2564 3036 2579 3084 ;
2610 3034 2733 3074 cum
2758 3016 3046 3073 Psalmista
3071 3025 3246 3072 teste:
3277 3014 3471 3071 Omnes
3498 3013 3593 3069 de-

323 3105 600 3178 Ὀδυνηρὰ
628 3106 662 3176 ἡ
696 3103 921 3171 ἀταξία,
952 3102 1208 3174 κατηφὴς
1234 3101 1508 3173 ἀκαρπία.
1539 3099 1906 3170 Ἐκέκραξαν

2007 3112 2321 3177 clinassent,
2361 3112 2519 3166 simul
2548 3111 2762 3166 inutiles
2800 3110 2930 3180 facti
2968 3111 3160 3165 sunt’.
3192 3105 3416 3163 Molesta
3446 3107 3595 3161 inor-

311 3200 369 3253 οι
393 3198 643 3262 δίκαιοι,
669 3198 728 3250 ὲν
760 3194 841 3267 τῷ
878 3194 1066 3267 οἰκείῳ
1105 3194 1308 3266 δηλαδὴ
1362 3192 1701 3265 παραδείσῳ.
1736 3192 1903 3246 Ὅτου

310 3290 514 3357 ἓνεκας
564 3286 903 3360 Ἐπειδήπερ
928 3288 994 3341 ὲκ
1029 3285 1365 3357 παραδείσου
1404 3285 1440 3356 ἠ
1473 3284 1696 3356 λυπηρὰ
1722 3284 1905 3355 ἁμαρ-

312 3382 407 3437 τία
437 3382 785 3454 ἐξελήλυθεν,
813 3382 931 3435 ἐκεῖ
962 3396 1097 3451 φησι
1113 3381 1180 3451 τῇ
1205 3380 1515 3452 προμήτορι
1545 3378 1574 3430 6
1626 3376 1736 3431 τῶν
1766 3368 1913 3429 ὅλων

312 3475 451 3541 Θεός
470 3493 484 3507 ·
516 3475 850 3543 Πληθύνων
893 3470 1185 3541 πληθυνῶ
1226 3471 1335 3538 τὰς
1381 3471 1585 3536 λύπας
1628 3482 1773 3535 σου,
1805 3466 1910 3522 καὶ

317 3570 429 3623 τὸν
458 3568 803 3637 στεναγμόν
824 3582 963 3621 σου.
1016 3563 1123 3619 Ἔν
1154 3564 1383 3630 λύπαις
1401 3562 1547 3632 τέξῃ
1571 3560 1777 3626 τέκνα,
1808 3558 1909 3613 καί

318 3661 475 3729 πρὸς
505 3660 613 3714 τὸν
652 3658 845 3728 ἄνδρα
878 3673 998 3712 σου
1041 3657 1081 3724 ἡ
1139 3654 1498 3725 ἀποστροφή
1526 3669 1665 3709 σου.
1693 3652 1761 3706 Τί
1785 3652 1912 3706 ἐκέ-

2006 3205 2237 3269 dinatio,
2269 3212 2478 3259 mtesta:
2503 3203 2812 3259 sterilitatis
2831 3202 3117 3273 dispendia
3147 3209 3324 3257 erant.
3371 3197 3591 3254 Clama-

2007 3305 2191 3350 νει-νηί
2216 3294 2368 3365 justi.
2402 3293 2670 3349 Ubinam?
2696 3294 2749 3348 in
2767 3293 2989 3363 proprio
3020 3294 3199 3348 horto.
3230 3291 3593 3361 Quapropter,

2008 3399 2131 3440 cum
2175 3398 2239 3439 ex
2291 3382 2544 3454 paradiso
2573 3383 2750 3439 tristis
2801 3384 3012 3452 peccati
3054 3396 3195 3438 noxa
3240 3381 3486 3447 exiisset,
3520 3377 3595 3433 ibi

2010 3474 2254 3531 omnium
2284 3473 2474 3544 prima:
2502 3474 2663 3528 matri
2689 3474 3070 3530 universorum
3100 3473 3241 3528 Deus
3263 3472 3428 3527 dixit:
3458 3469 3598 3525 Mul-

2012 3566 2257 3635 tiplicans
2286 3565 2651 3635 multiplicabo
2683 3564 3029 3621 dolorestuos
3057 3573 3107 3619 et
3137 3564 3388 3635 gemitum
3421 3572 3594 3616 tuum.

2015 3657 2084 3715 In
2131 3658 2404 3714 doloribus
2451 3658 2666 3729 paries,
2698 3667 2745 3713 et
2789 3656 2859 3711 ad
2902 3657 3077 3712 virum
3138 3665 3288 3710 tuum
3334 3651 3598 3710 conversio

319 3754 571 3827 κραξανς
630 3751 862 3822 Καρπὺν
898 3750 1143 3816 κοιλίας,
1205 3750 1374 3822 ἧγουν
1426 3746 1740 3820 εὐκαρπίαν
1796 3746 1912 3800 θεο·

318 3845 567 3915 γνωσίας
612 3844 1012 3916 ἐξαιτούμενοι,
1057 3844 1153 3899 καὶ
1194 3841 1370 3897 ταῦτα
1418 3840 1567 3905 είκὸς
1612 3837 1914 3913 προσευχό-

324 3952 503 4006 μενοι.
566 3932 795 3989 ’Δδωναῖ
849 3932 1023 4004 Κύριε
1098 3931 1258 3988 Ἐλωῖ
1315 3929 1568 3995 Σαϐαὼθ,
1620 3925 1770 3993 οἶδας
1812 3929 1911 3999 τῆς

2021 3935 2283 4001 Sabaoth,
2326 3933 2625 3990 sterilitatis
2654 3935 2913 4004 probrum
2947 3947 3052 3988 non
3105 3932 3342 4004 ignoras,
3400 3938 3604 3999 quanto

323 4027 588 4092 ἀπαιδίας
636 4026 861 4091 ϐνειδος.
901 4024 1199 4089 Γινώσκεις
1239 4026 1341 4095 τῆς
1389 4022 1673 4096 ἀκαρπίας
1713 4019 1915 4091 16(72)

2021 4026 2243 4081 mterori
2268 4025 2610 4094 subjaceant,
2634 4024 2725 4094 qui
2751 4022 2957 4080 fructus
2980 4033 3108 4079 sunt
3138 4032 3407 4093 expertes,
3438 4019 3601 4075 nosti.

323 4119 561 4191 ἄθυμον.
615 4120 742 4173 Ἐὰν
777 4116 1089 4173 ἐπιϐλέπων
1139 4116 1438 4188 ὲπιϐλέψῃς
1484 4116 1575 4169 ἐπί
1608 4114 1707 4186 τὴν
1728 4112 1920 4169 ταπεί-

2025 4117 2083 4173 Si
2120 4116 2418 4187 respiciens
2467 4117 2774 4186 respexeris
2828 4118 2881 4170 in
2930 4114 3288 4171 humilitatem
3320 4126 3604 4167 servorum

324 4228 497 4265 νωσιν
540 4209 651 4264 τῶν
691 4208 897 4264 δούλων
948 4227 1065 4275 σου,
1106 4210 1202 4263 καὶ
1250 4207 1357 4279 δῷς
1397 4209 1510 4271 τοῖς
1561 4204 1771 4269 δούλοις
1824 4222 1918 4258 σου

2026 4219 2262 4273 tuorum,
2293 4208 2617 4278 dederisque
2666 4208 2844 4264 servis
2876 4207 2981 4262 tuis
3025 4205 3253 4276 prolem,
3304 4205 3445 4260 dono
3484 4218 3606 4257 eam

329 4301 560 4372 σπέρμα
609 4300 820 4366 παιδὸς,
852 4299 1097 4370 δώσομεν
1142 4298 1274 4351 αὐτὸ
1315 4296 1547 4351 ἐνώπιόν
1607 4311 1703 4348 σου
1745 4295 1919 4348 δοτόν.

2026 4316 2211 4356 coram
2254 4309 2305 4355 te
2336 4299 2682 4355 donabimus.
2722 4297 3011 4354 Exaudivit
3044 4297 3227 4372 itaque
3275 4309 3371 4351 eos
3423 4293 3606 4349 Domi-

329 4368 538 4462 Καί-γε
570 4394 599 4446 6
654 4392 862 4465 Κύριος
914 4368 1236 4464 είσῆκουσεν
1285 4389 1489 4454 αὐτῶν,
1537 4389 1567 4441 6
1617 4388 1789 4457 ταχὺς
1840 4388 1921 4450 είς

2028 4405 2152 4456 nus,
2178 4390 2269 4460 qui
2306 4389 2462 4444 velox
2514 4390 2583 4444 sit
2635 4391 2701 4444 ad
2754 4368 3147 4453 miserandum,
3189 4398 3245 4443 et
3298 4385 3483 4442 tardus
3541 4385 3609 4438 ad

329 4484 508 4549 ἔλεον,
547 4484 747 4555 βραδὺς
803 4482 861 4536 δὲ
900 4484 982 4546 είς
1023 4482 1215 4553 ὀργὴν,
1252 4480 1377 4544 δοὺς
1420 4478 1519 4551 τὴν
1574 4478 1920 4549 κυριώνυμον

2032 4483 2193 4545 iram,
2225 4484 2433 4536 donans
2477 4496 2595 4535 eam
2632 4497 2752 4550 quae
2783 4482 3000 4552 proprie
3022 4478 3206 4536 Maria“:
3226 4493 3422 4535 nomen
3449 4474 3609 4548 gerit,

2015 3762 2107 3807 tua
2124 3752 2167 3806 ³.
2209 3749 2350 3819 Quid
2381 3749 2795 3806 clamaverunt?
2827 3747 2967 3804 uteri
2997 3747 3256 3811 fructum,
3277 3745 3331 3800 id
3351 3753 3436 3801 est
3465 3745 3599 3799 ube—

2013 3860 2129 3901 rem
2182 3843 2275 3900 Dei
2309 3844 2558 3899 notitiam
2593 3843 2953 3912 postulantes.
2983 3840 3191 3897 Adonai
3223 3837 3452 3894 Domine
3484 3836 3601 3891 Eloi

330 4577 560 4651 Μαρίαν
607 4577 802 4650 λύτρον
820 4575 994 4640 ούτως
1031 4573 1234 4643 ἀγλαὸν
1278 4573 1376 4627 καὶ
1426 4571 1775 4643 μεγαλοφυὲς
1807 4570 1928 4623 ἀντὶ

331 4672 436 4742 τῆς
466 4670 634 4735 Εὔας.
677 4671 936 4740 Θυγάτηρ
992 4668 1133 4739 ἴαμα
1192 4665 1458 4738 μητρικδν
1509 4664 1831 4734 γεγένηται·
1866 4663 1929 4716 τὸ

333 4764 462 4817 νέον
490 4763 718 4836 φύραμα
741 4763 844 4833 τῆς
875 4760 1027 4824 θείας
1069 4758 1449 4823 ἁναπλάσεως,
1483 4758 1595 4828 (75)
1622 4757 1656 4826 ἡ
1684 4754 1927 4823 παναγία

336 4856 569 4928 ἀπαρχὴ
601 4855 696 4908 τοῦ
736 4854 946 4923 γένους,
984 4854 1018 4924 ἡ
1054 4852 1180 4923 ῥίζα
1218 4850 1313 4904 τοῦ
1346 4849 1683 4920 θεοφράστου
1707 4847 1925 4911 κλάδου,

337 4950 402 5002 τὸ
433 4948 529 5002 τοῦ
562 4948 911 5020 προπάτορος
949 4944 1290 5014 ἁγαλλίαμα.
1324 4944 1389 4996 Ὢ
1434 4943 1535 5013 τῆς
1568 4941 1924 5013 εὑεργεσίαςί

337 5040 386 5094 ὣ
424 5041 527 5111 τῆς
570 5039 1019 5111 μεγαλοδωρεᾶςί
1051 5032 1201 5105 τΑρα
1232 5036 1354 5106 οὐχὶ
1391 5035 1485 5089 καὶ
1517 5034 1678 5103 αὐτὸς
1717 5035 1746 5085 6
1779 5022 1931 5103 ἥλιος

339 5131 709 5202 φαιδροτέρας
730 5129 824 5182 νῦν
852 5128 951 5191 τὰς
975 5129 1199 5190 ἀκτῖνας
1224 5126 1419 5196 ἀφίησι
1445 5124 1548 5195 τῆς
1574 5122 1931 5196 περιχαρείας

340 5242 465 5287 πως
493 5223 845 5292 αἱσθόμενοςς
874 5217 1021 5292 *Αρα
1057 5221 1179 5290 οὐχὶ
1214 5218 1311 5272 καὶ
1344 5219 1497 5272 πᾶσα
1542 5218 1577 5287 ἡ
1612 5215 1789 5278 κτίσις
1819 5208 1933 5268 οἷον

342 5314 705 5385 ἐναϐρύνεται
758 5315 847 5366 ἐπ’
895 5312 1073 5366 ἑλπίδι
1114 5311 1215 5382 τῆς
1242 5308 1547 5381 ὲκιφθορᾶς
1591 5305 1930 5377 ἐλευθερίας,

344 5410 443 5460 ἐπὶ
468 5410 534 5479 τῇ
563 5407 817 5477 γεννήσει
839 5406 939 5477 τῆς
975 5404 1231 5476 ἀφθόρως
1256 5402 1369 5473 (⁸74)
1404 5401 1644 5471 κυούσης
1666 5398 1758 5452 τὸν
1788 5398 1938 5453 ἐλευ-

425 5564 473 5596 ⁹⁸
505 5563 678 5618 Exod.
713 5579 793 5625 ιιι,
839 5562 893 5616 5.

432 5713 544 5783 (τε)
569 5714 802 5785 Allatius
829 5714 958 5784 legit
985 5714 1200 5785 ἄτιμον,
1226 5713 1497 5785 probrum.

441 5782 550 5856 (73)
584 5784 681 5841 llic
714 5782 907 5843 lacuna
938 5785 1038 5841 luit
1066 5782 1120 5840 in
1142 5783 1327 5839 Allatii
1360 5782 1564 5838 codice.

970 5563 1014 5593 ’9
1040 5559 1172 5615 an.
1205 5576 1243 5625 I,
1270 5558 1361 5613 28.
1429 5559 1447 5589 ¹
1485 5557 1627 5612 Psal.
1656 5571 1813 5623 χχιιι,
1847 5556 1899 5610 8.
1975 5556 1995 5587 ¹
2024 5553 2164 5609 Psal.
2200 5569 2352 5615 thn,
2382 5553 2436 5608 ’5.

2029 4573 2084 4627 in
2113 4572 2452 4643 splendidum
2475 4580 2530 4627 et
2557 4572 2905 4642 magniﬁcum
2936 4586 3033 4643 pro
3074 4570 3186 4626 Eva
3213 4568 3470 4641 pretium.
3496 4565 3613 4620 Ma-

2029 4665 2130 4720 tris
2162 4664 2617 4720 medicamentum
2664 4664 2776 4720 ﬁlia
2824 4663 3015 4721 ell‘ecta
3049 4674 3134 4720 est
3165 4682 3179 4719 :
3210 4663 3407 4717 divinae
3438 4659 3615 4715 relor-

2030 4757 2289 4813 mationis
2327 4772 2465 4813 nova
2500 4760 2836 4830 conspersio,
2873 4758 3239 4814 sanctissimae
3264 4754 3480 4825 generis
3502 4753 3615 4823 pri-

2033 4851 2200 4905 mitiae
2230 4869 2243 4906 :
2272 4850 2408 4905 rami
2464 4850 2647 4905 divino
2679 4866 2775 4907 ore
2826 4851 3020 4921 prolati
3072 4850 3224 4904 radix
3268 4867 3281 4903 :
3328 4846 3485 4916 primi
3523 4861 3618 4913 pa-

2044 4941 2215 4996 rentis
2243 4942 2557 5007 exsultatio,
2584 4941 2630 4997 Ο
2675 4943 3028 4998 beneficium!
3077 4955 3110 4995 0
3156 4937 3643 5016 tnunilicentiam!‘

2038 5029 2290 5099 Nunquid
2346 5046 2452 5085 non
2486 5031 2566 5086 sol
2611 5030 2998 5101 Splendidiores
3024 5043 3168 5083 nunc
3212 5026 3394 5081 radios
3442 5024 3624 5094 ejacu~

2040 5122 2204 5189 latur,
2238 5123 2329 5193 qui
2356 5122 2540 5193 gaudii
2580 5120 3016 5192 exsuperantiam
3053 5118 3201 5174 velut
3230 5111 3623 5188 persentiscat?

2041 5214 2232 5270 Annon
2294 5223 2489 5270 natura
2537 5214 2717 5269 omnis
2768 5212 2998 5282 qnodam
3052 5210 3213 5265 modo
3268 5206 3513 5277 superbit
3561 5219 3628 5259 ac

2040 5309 2326 5380 gloriatur,
2356 5308 2662 5365 libertatem
2707 5320 2737 5360 a
2775 5303 3083 5375 corruptela
3111 5314 3340 5371 sperans
3390 5300 3446 5356 in
3482 5294 3626 5352 illius

2049 5397 2349 5460 nativitate,
2383 5412 2504 5466 qua:
2533 5397 2650 5451 sine
2681 5394 2801 5449 labe
2828 5392 3013 5449 mundi
3040 5392 3385 5447 liberatorem
3417 5395 3499 5443 est
3522 5399 3620 5455 pa-

2515 5552 2535 5584 ³
2570 5551 2706 5606 Gen.
2735 5566 2818 5605 ιιι.
2854 5549 2941 5604 ιϐ.

2122 5712 2235 5783 (74)
2264 5713 2425 5770 Allat.
2463 5713 2610 5785 legit.
2640 5710 2918 5785 ἀσπόρως,
2944 5708 3061 5769 sine
3090 5703 3317 5763 semine.
