4046 6402
476 416 575 482 687

1641 412 1699 470 S.
1736 410 1771 470 Ι
1775 409 1975 470 OANN
1984 408 2055 469 IS
2093 408 2523 470 DAMASCENI

3619 411 3718 472 688

479 525 664 581 ritura.
689 521 799 579 Sed
818 532 875 579 et
897 537 1015 593 qum
1045 525 1617 597 scquuntur,’inSpice.
1640 524 1857 589 Libens,
1881 523 2045 577 velim

2158 523 2396 594 θερωτὴν
2427 524 2520 578 τοῦ
2540 525 2744 593 κόσμου
2765 542 2779 591 ;
2804 524 3004 578 Σκόπει
3028 524 3123 577 καὶ
3154 524 3225 578 τὰ
3247 520 3396 592 ἑξῆς*
3419 521 3713 591 φιλακροά-

476 614 685 679 audias,
754 614 1123 679 dilectissime,
1178 632 1277 671 nec
1343 627 1394 672 te
1466 615 1797 682 perscrutari
1844 616 2045 684 pigeat.

477 704 679 774 Muigo,
742 704 915 774 inquit
964 707 1309 776 Scriptura‘,
1361 707 1463 769 lac,
1514 692 1560 758 et
1619 707 1721 760 erit
1780 706 2053 775 butyrum.

474 795 882 852 Consentaneus
925 796 1195 865 iustorum
1240 797 1570 865 precationis
1604 796 1772 851 locus.
1803 794 1859 848 ln
1892 796 2056 851 horto

474 901 661 953 preces
692 886 1001 954 fundentes,
1049 890 1262 943 hortum
1312 890 1493 959 priore
1549 890 1704 956 longe
1746 888 2053 943 feliciorem

472 987 795 1045 genuerunt.
840 979 953 1032 lllic
982 994 1204 1033 susurro
1249 995 1470 1049 serpens
1501 981 1667 1035 Evam
1714 978 1858 1033 facili
1904 987 2057 1035 strue

475 1066 707 1122 seduxit.
744 1067 841 1122 Hic
869 1067 1083 1123 Gabriel
1116 1071 1476 1142 archangelus
1519 1070 1741 1126 Mariam
1774 1071 1895 1126 Leto
1930 1086 2052 1126 ser-

476 1171 635 1211 mone
681 1160 1031 1226 conveniens,
1075 1162 1312 1215 turbavit
1340 1162 1580 1232 quidem.
1624 1162 1716 1216 sed
1758 1176 1863 1216 non
1902 1164 2059 1217 dece-

475 1245 575 1313 pit.
598 1245 707 1300 Illic
730 1260 955 1315 serpens
983 1250 1197 1305 auditus
1224 1251 1433 1306 tristem
1456 1259 1683 1306 mortem
1712 1252 2048 1320 importavit:

480 1338 565 1390 hic
605 1336 779 1407 angeli
812 1340 975 1392 suada
1008 1342 1354 1411 sempiternae
1382 1342 1741 1409 iucunditatis
1762 1343 1927 1397 vitam
1960 1343 2055 1397 lto-

480 1428 682 1482 minum
717 1430 901 1499 generi
935 1431 1172 1486 viciSsim
1206 1434 1428 1488 invexit.
1486 1433 1598 1488 Illic
1649 1434 1851 1490 doloris
1883 1436 2051 1507 853

479 1518 631 1587 plena
670 1522 958 1586 sententia,
990 1532 1045 1578 et
1077 1540 1195 1593 qnae
1245 1540 1311 1579 ex
1338 1526 1779 1593 praevaricatione
1806 1529 2051 1597 paritura

477 1619 595 1664 est:
624 1610 712 1665 hic
747 1609 983 1681 Spiritus
1012 1618 1185 1670 sancti
1218 1616 1499 1684 adventus,
1532 1620 1728 1688 gaudio
1753 1633 1873 1673 eam
1903 1635 2053 1674 cont-

477 1702 660 1770 plens,
723 1718 843 1772 qure
891 1719 955 1758 ex
1003 1707 1276 1775 prophetae
1336 1707 1556 1762 oraculo
1601 1720 1786 1778 partus
1840 1710 2061 1766 dolores

476 1791 679 1863 elTugit.
716 1795 760 1849 0
795 1810 974 1849 rerum
1008 1798 1517 1853 commutationem!
1551 1815 1583 1854 ο
1609 1802 1905 1856 novitatem
1960 1818 2054 1857 eo-

2157 632 2272 685 μων
2303 615 2417 678 ἔσο,
2459 616 2736 685 ἁγαπητὲ,
2764 616 2861 669 καὶ
2892 615 2968 686 μὴ
2994 616 3239 686 ἀποκνῇς
3273 613 3415 685 πρὸς
3444 611 3545 683 τὴν
3576 612 3729 683 ἔρευ-

2156 723 2270 760 ναν.
2313 707 2581 775 Ἄμελγε,
2623 706 2779 776 φησὶ,
2810 704 2989 775 γάλα,
3035 704 3136 759 καὶ
3177 706 3349 761 ἔσται
3406 698 3729 771 βούτυρον.

2155 797 2508 867 Κατάλληλος
2541 798 2571 850 ὁ
2628 797 2793 862 τόπος
2834 797 2937 867 τῆς
2983 797 3207 851 δικαίων
3246 794 3579 867 προσευχῆς.
3650 791 3733 847 Ἐν

2157 888 2477 958 παραδείσῳ
2496 887 2952 961 προσευξάμενοι,
2989 887 3319 959 παράδεισον
3346 885 3559 947 ἔτεκον,
3599 883 3731 936 πολὺ

2155 979 2250 1033 τοῦ
2282 980 2550 1050 προτέρου
2588 978 3023 1051 μακαριώτερον.
3068 979 3219 1033 Ἐκεῖ
3264 978 3388 1047 ὄφις
3420 976 3731 1045 ψιθυρίσας,

2156 1073 2408 1127 εὐάλωτα
2448 1073 2548 1141 τὴν
2595 1072 2744 1127 Εὕαν
2786 1071 3158 1143 ἐξηπάτησεν.
3204 1068 3469 1123 Ἐνταῦθα
3496 1066 3734 1139 Γαὸριὴλ

2156 1168 2183 1218 ὁ
2220 1165 2560 1236 ἀρχάγγελος
2603 1165 2874 1236 ὁμιλήσας
2914 1167 2981 1235 τῇ
3021 1161 3208 1234 Μαρίᾳ
3250 1162 3583 1231 εὐφρόσυνα,
3657 1159 3734 1211 δι-

2158 1256 2441 1328 ετάραξεν,
2479 1257 2594 1310 ἀλλ’
2630 1256 2730 1309 οὐκ
2774 1255 3138 1326 ἐξηπάτησεν.
3184 1253 3333 1308 Ἑκεί
3362 1254 3397 1323 ἡ
3436 1250 3535 1305 τοῦ
3560 1250 3735 1319 ὄφεως

2158 1349 2372 1418 ὑπακοὴ
2402 1348 2633 1401 θάνατον
2679 1347 2769 1400 τὸν
2802 1345 2997 1415 ἀμειδῆ
3040 1345 3423 1415 προεξένησεν.
3472 1341 3735 1395 Ἐνταῦθα

2156 1440 2188 1509 ἡ
2220 1438 2394 1491 πειθὼ
2410 1436 2503 1491 τοῦ
2531 1438 2788 1505 ἀγγέλου,
2814 1437 2961 1506 ζωὴν
2979 1436 3080 1506 τὴν
3107 1435 3340 1506 ἁειχαρῆ
3380 1436 3499 1497 τοῖς
3528 1431 3737 1504 ἀνθρώ-

2158 1548 2281 1595 ποις
2307 1532 2723 1600 ἀντεισήγαγεν.
2771 1528 2921 1581 Ἑκεῖ
2946 1530 2978 1598 ἡ
3016 1527 3289 1595 ἀπόφασις
3315 1525 3554 1595 ὀδυνηρά
3578 1527 3647 1595 τῇ
3677 1525 3736 1575 ἐκ

2158 1619 2447 1690 παρακοῆς
2470 1618 2728 1687 τικτούσῃ
2748 1637 2759 1648 ·
2786 1617 3021 1670 ἐνταῦθα
3049 1619 3082 1687 ἡ
3119 1614 3215 1668 τοῦ
3241 1615 3399 1682 ἁγίου
3426 1612 3737 1682 Πνεῦματος

2159 1708 2524 1776 ἐπιφοίτησις,
2548 1706 2872 1776 χαρμόσυνα
2892 1708 2959 1775 τῇ
2987 1703 3363 1772 ὲκπεφευγυίᾳ
3381 1699 3736 1771 προφητικῶς

2158 1800 2257 1862 τὰς
2289 1797 2522 1861 λυπικὰς
2553 1797 2770 1859 ὠδῖνας.
2804 1796 2866 1847 Ὢ
2893 1796 2993 1865 τῆς
3034 1795 3338 1865 ἐξαλλαγῆς
3366 1794 3477 1847 τῶν
3507 1808 3738 1863 πραττοο

476 1900 599 1939 rum
629 1899 749 1955 (μω
777 1885 936 1941 modo
973 1888 1257 1955 geruntur!
1300 1887 1481 1943 Vetera
1537 1893 1856 1945 transierunt
1888 1893 2052 1961 (quod

2161 1891 2370 1960 μένωνι
2405 1889 2452 1942 ὣ
2480 1890 2578 1959 τῆς
2612 1889 2927 1958 καινότητος
2963 1886 3073 1953 τῶν
3109 1884 3493 1955 τελουμένωνί
3531 1882 3611 1937 Τὰ
3639 1882 3735 1949 ἀρ-

480 1977 565 2031 hic
593 1992 807 2047 quoque
837 1978 1088 2047 dicatur),
1119 1990 1165 2032 et
1195 1996 1310 2034 ecce
1332 1981 1473 2050 facta
1494 1991 1614 2035 sunt
1649 1985 1824 2037 omnia
1861 1987 2052 2041 novo“.

478 2063 680 2121 Domus
727 2067 960 2132 initium,
1020 2071 1317 2123 secundum
1389 2074 1868 2140 exquisitissimam
1937 2075 2061 2143 ejus

475 2156 989 2221 euasitleratiouem,
1030 2159 1230 2230 Deique
1265 2163 1333 2216 ad
1385 2163 1631 2219 homines
1660 2166 1926 2219 adventus
1974 2165 2056 2219 in-

476 2246 715 2312 choatio,
753 2250 1036 2317 prmsentis
1069 2250 1176 2304 diei
1212 2251 1528 2307 solemnitas
1556 2253 1853 2323 praefulget.

551 2358 603 2411 6.
637 2356 836 2422 Habes,
889 2359 1232 2427 chariss'une,
1294 2363 1371 2415 rei
1421 2364 1488 2417 de
1520 2379 1623 2433 qua
1686 2366 2052 2434 quaerebatur,

477 2449 823 2505 solutionem.
860 2450 979 2505 Jam
1009 2455 1258 2521 promissi
1309 2456 1543 2510 debitum
1582 2459 1852 2524 recepisti.
1882 2457 2055 2511 Ades.

477 2542 626 2604 dum,
669 2552 725 2596 tu
753 2558 968 2612 quoque
997 2560 1123 2599 cum
1146 2545 1283 2599 Isaia
1318 2547 1467 2601 Isaiae
1494 2563 1653 2602 voces
1683 2549 2005 2617 proloquere
2034 2568 2047 2604 :

480 2633 701 2688 Domine
734 2634 869 2690 Deus
900 2652 1062 2695 meus,
1110 2638 1411 2706 gloriﬁcabo
1456 2649 1504 2693 te
1536 2658 1555 2696 :
1597 2641 1824 2693 laudabo
1868 2658 2057 2696 nomen

478 2736 646 2790 tuum,
680 2727 929 2795 quoniam
959 2728 1130 2796 fecisti
1166 2746 1245 2782 res
1293 2730 1587 2796 mirandas,
1619 2733 1896 2785 consilium
1924 2734 2059 2785 anti-

476 2828 657 2877 quum,
696 2828 871 2866 verum
891 2814 932 2869 ⁶.
963 2813 1073 2869 Nec
1121 2816 1291 2870 multo
1353 2825 1473 2885 post
1507 2818 1558 2871 in
1604 2816 1801 2871 Sancta
1840 2834 2057 2888 quoque

478 2910 791 2957 sanctorum
818 2905 1179 2961 introeuntem
1210 2906 1419 2960 beatam
1448 2908 1665 2963 visurus
1708 2924 1787 2972 es,
1818 2924 1916 2964 ceu
1943 2910 2055 2981 jam

480 2992 826 3047 sanctissimo
847 2992 1069 3049 Numini
1099 3010 1468 3051 consecratam
1512 3016 1525 3052 :
1559 3010 1667 3052 tum
1710 3000 1905 3055 deinde
1934 3017 2057 3055 eum

480 3098 637 3142 utero
666 3087 1084 3156 concipientem,
1127 3090 1217 3159 qui
1276 3092 1662 3161 comprehendi
1714 3108 1819 3146 non
1857 3103 2053 3163 potest.

2157 1983 2299 2052 χαῖα
2327 1980 2595 2051 παρῆλθε
2622 1980 2882 2050 (λελέχθω
2908 1977 3231 2047 κάνταῦθα),
3278 1976 3408 2030 ἰδοὺ
3426 1974 3641 2045 γέγονε
3672 1974 3739 2027 τὰ

2156 2075 2354 2130 πάντα
2389 2074 2588 2128 καινά.
2622 2072 2788 2127 Οἴκου
2817 2071 2961 2143 ἀρχὴ
2996 2070 3136 2125 κατά
3166 2067 3570 2141 ἀκριϐεστάτην
3605 2065 3738 2118 θεω-

2159 2169 2303 2240 ρίαν,
2344 2170 2436 2221 καὶ
2467 2167 2573 2238 τῆς
2604 2166 2705 2220 τοῦ
2742 2166 2878 2219 Θεοῦ
2918 2165 3052 2235 πρὸς
3081 2162 3403 2233 ἀνθρώπους
3446 2159 3739 2231 ἐπιδημίας

2157 2263 2193 2331 ἡ
2218 2261 2470 2332 παροῦσα
2499 2260 2811 2330 πανήγυρις
2839 2257 3329 2328 προεκλὰμπουσα.

2228 2374 2301 2433 ς’.
2341 2364 2547 2436 Ἔχεις,
2578 2359 2625 2419 ὦ
2657 2365 2901 2435 φιλότης,
2938 2362 3031 2416 τοῦ
3067 2361 3400 2432 ζητουμένου
3435 2357 3537 2428 τὴν
3566 2355 3736 2408 λύσιν,

2168 2456 2469 2510 Ἀπέλαϐεν
2508 2454 2612 2524 τῆς
2651 2452 3003 2524 ὑποσχέσεως
3039 2451 3101 2503 τὺ
3129 2450 3308 2521 χρέος.
3349 2446 3527 2517 Δεῦρο
3548 2484 3564 2508 ,
3592 2442 3739 2506 λέξον

2157 2552 2236 2603 κα’
2292 2548 2454 2610 αὐτὸς
2506 2547 2607 2599 σὺν
2662 2546 2863 2616 Ἡσαΐᾳ.
2891 2545 2960 2597 τὰ
3001 2542 3262 2595 Ἠσαῖουο
3304 2540 3485 2607 Κύριε
3522 2540 3557 2588 ὁ
3597 2534 3738 2597 Θεός

2156 2659 2292 2708 μου,
2316 2641 2557 2705 δοξάσω
2577 2653 2673 2693 σε·
2700 2636 2953 2707 ὑμνήσω
2972 2638 3035 2690 τὸ
3058 2634 3247 2704 ὄνομά
3274 2632 3517 2694 σου,ὃτι
3538 2629 3740 2693 saclu-

2154 2750 2268 2799 σας
2300 2732 2615 2802 θαυμαστὰ
2644 2730 2979 2799 πράγματα,
3015 2725 3263 2792 ,ϐουλὴν
3302 2722 3567 2792 ἀρχαίαν
3597 2720 3741 2783 ἀλη-

2158 2827 2349 2890 θινήν.
2384 2824 2596 2895 Μικροῦ
2644 2823 2744 2893 μὲν
2776 2817 2869 2875 οὖν
2910 2821 3005 2873 καὶ
3045 2820 3166 2888 ὄψει
3188 2817 3307 2887 ,τὴν
3345 2813 3631 2884 μακαρίαν
3666 2813 3741 2872 εἰς

2156 2919 2227 2972 τὰ
2266 2919 2440 2986 ’Ἅγια
2466 2917 2576 2970 τῶν
2606 2915 2779 2984 ἁγίων
2808 2913 3108 2975 εἰσιοῦσαν,
3170 2911 3248 2973 ὡς
3272 2908 3375 2979 ἤδη
3393 2907 3474 2977 τῷ
3499 2919 3739 2971 παναγε-

2158 3009 2337 3080 στάτῳ
2369 3008 2489 3078 Θεῷ
2510 3007 2920 3077 ἀφιερωμένην·
2941 3004 3131 3057 ἔπειτα
3170 2999 3663 3071 συλλαμϐάνουσαν
3688 2996 3745 3047 ὲν

2156 3102 2357 3173 γαστρὶ
2397 3100 2490 3154 τὸν
2527 3100 2921 3169 ἀπερίληπτον.
2957 3097 3027 3148 Ὢ
3053 3094 3145 3147 τοῦ
3178 3091 3492 3163 θαύματοςί
3528 3090 3629 3151 Εἰς
3658 3105 3741 3157 μι-

481 3178 525 3234 0
550 3179 888 3248 prodigium!
928 3178 982 3233 lu
1017 3181 1215 3251 exigua
1264 3183 1509 3251 corporis
1554 3182 1693 3237 mole
1721 3183 1868 3238 illum
1898 3185 2052 3241 habi-

2158 3193 2287 3264 κρὸν
2339 3189 2596 3261 σώματος
2636 3187 2917 3255 ἐνοικῆσαι
2967 3184 3065 3237 τὸν
3098 3182 3430 3253 περιέχοντα
3471 3178 3641 3246 δρακὶ
3677 3173 3743 3226 τὰ

483 3284 615 3337 tare,
645 3273 735 3342 qui
770 3274 969 3343 pugillo
990 3284 1184 3329 cuncta
1214 3276 1473 3331 continet.
1498 3276 1599 3344 Qui
1623 3292 1772 3343 vero,
1803 3293 1835 3331 ο
1854 3279 2055 3334 Christi

479 3360 651 3416 hostis
681 3362 761 3432 (ut
793 3366 980 3432 paucis
1007 3365 1115 3421 alio
1144 3366 1455 3435 digrediar),
1486 3384 1588 3422 non
1615 3369 2061 3438 circumscriptus

479 3454 638 3509 est"?
663 3454 816 3522 Quod
855 3459 978 3521 etsi,
1043 3458 1239 3527 inquit,
1273 3458 1424 3513 nobis
1452 3458 1663 3523 similis,
1699 3468 1753 3513 at
1809 3462 2056 3530 superior

483 3555 661 3600 tamen
689 3548 920 3604 exstitit.
963 3550 1101 3617 Quid
1156 3566 1286 3605 vero
1307 3550 1512 3606 refert?
1549 3550 1667 3606 Non
1713 3552 1858 3606 enim
1890 3566 2057 3621 penes

483 3637 715 3695 formant
772 3642 1061 3697 humanam
1091 3643 1382 3699 discrimen
1418 3657 1483 3699 ac
1528 3644 1761 3699 varietas
1806 3654 1909 3710 est,
1960 3646 2054 3699 sed

483 3747 657 3799 penes.
680 3742 929 3787 naturam
957 3736 1217 3789 divinam.
1241 3733 1481 3799 Scilicet,
1513 3736 1772 3790 maternis
1801 3734 2056 3789 uberibus

486 3824 723 3878 humano
766 3840 919 3881 more
955 3824 1294 3891 laetabatur;
1348 3834 1423 3892 at,
1465 3826 1648 3880 divino
1700 3826 1867 3879 vitam
1896 3825 2057 3880 matri

484 3918 777 3987 praebebat.
806 3917 989 3975 Nostri
1027 3934 1177 3974 more
1205 3919 1488 3974 articulata
1537 3933 1664 3973 voce
1691 3919 2013 3988 loquebatur
2040 3936 2054 3973 :

483 4026 645 4079 supra
676 4026 774 4066 uos
798 4026 924 4065 vero
950 4011 1124 4064 divina
1153 4019 1418 4079 potestate
1438 4010 1757 4071 mandabat,
1775 4010 1917 4064 unde
1952 4011 2057 4065 nti-

483 4104 665 4158 racula
705 4112 1071 4173 patrarentur.
1103 4103 1363 4159 Terreuis
1395 4103 1621 4174 pedibus
1684 4112 1869 4158 nostro
1897 4103 2057 4158 modo

483 4194 830 4261 ambulabat;
863 4195 1008 4263 quod
1043 4206 1219 4249 autem
1245 4196 1410 4250 maris
1432 4194 1659 4249 dorsum
1679 4195 1937 4261 calcaret,
1956 4195 2059 4250 hoc

483 4301 641 4355 supra
665 4295 904 4341 nostram
926 4286 1290 4341 conditionem
1308 4294 1447 4341 erat.
1464 4284 1649 4341 Nostri
1686 4285 1865 4341 instar
1894 4299 2059 4341 carne

482 4377 932 4446 cruciligebatur:
963 4382 1019 4432 'at
1044 4378 1308 4447 superiori
1343 4379 1498 4434 nobis
1533 4378 1772 4447 potentia
1797 4377 2058 4432 adversas

484 4477 778 4538 potestates
801 4469 854 4522 in
893 4484 1056 4523 cruce
1084 4470 1359 4540 adigebat.
1392 4468 1472 4523 Ex
1514 4470 1616 4534 his,
1654 4468 1759 4523 alia
1798 4469 1866 4522 ad
1901 4476 2059 4522 natu-

484 4573 601 4611 ram
644 4558 810 4614 certis
861 4558 1108 4613 terminis
1166 4558 1442 4613 deﬁnitam
1528 4559 1822 4627 pertinent,
1875 4565 2059 4625 utpote

484 4646 647 4702 nobis
681 4647 953 4704 similem:
984 4648 1087 4703 alia
1112 4651 1179 4703 ad
1213 4647 1739 4716 incircumscriptam
1769 4661 1888 4711 qua:
1906 4647 2062 4702 nobis

484 4737 733 4806 superior
757 4748 859 4795 est.
892 4739 971 4793 lta
1002 4753 1194 4808 nempe
1227 4747 1285 4792 ut
1310 4747 1497 4792 neutra
1526 4737 1752 4792 alterius
1783 4737 2061 4791 naturales

482 4830 846 4899 proprietates
875 4823 1217 4885 substantiali
1263 4843 1558 4899 congressu
1588 4830 1761 4893 vitiet,
1792 4829 1887 4883 sed
1920 4828 2061 4883 intra

484 4934 613 4977 suos
636 4935 866 4991 queque
902 4921 1164 4976 terminos
1190 4919 1475 4975 consistat.
1509 4919 1591 4973 Tu
1636 4934 1786 4984 vero,
1820 4920 1923 4975 hoc
1969 4934 2061 4974 ca-

482 5029 601 5083 ves,
631 5029 699 5069 ne
728 5014 1169 5077 circumscribas,
1196 5013 1311 5069 sive
1346 5012 1401 5067 in
1431 5011 1665 5081 imagine
1700 5020 2060 5082 repraesentes

486 5108 627 5177 (haec
660 5106 803 5161 enim
828 5106 969 5162 idem
993 5104 1139 5177 sunt)
1180 5114 1293 5160 tum
1320 5104 1717 5172 Acepbalorutn
1742 5118 1931 5158 errore
1958 5120 2056 5157 na-

485 5212 638 5254 turas
676 5197 984 5263 confundis,
1032 5207 1145 5252 tum
1206 5196 1670 5265 dispensationem
1715 5210 1837 5250 cum
1887 5194 2062 5248 Mani-

487 5289 655 5342 chmis
698 5290 959 5345 amoliris.
1000 5287 1196 5345 Levior
1242 5296 1331 5343 tua
1381 5288 1653 5343 dementia
1707 5286 1866 5353 loret,
1893 5287 1940 5342 si
1974 5286 2063 5342 Ju-

488 5381 634 5435 deos
664 5383 972 5447 sectareris,
1001 5399 1166 5453 quam
1214 5383 1339 5437 dttm
1381 5380 1681 5437 Christiani
1716 5381 1936 5435 nomine
1979 5382 2062 5435 iu-

491 5474 721 5543 siguitus
756 5474 807 5529 in
861 5473 1137 5529 Christum
1168 5474 1461 5530 inveheris.
1486 5471 1579 5527 ille
1632 5487 1866 5542 namque
1895 5470 2061 5527 Deum

493 5576 691 5633 corpus
742 5566 1096 5634 assumpsisse
1147 5580 1488 5635 nequaquam
1563 5565 1874 5629 admittens,
1935 5563 2060 5617 dum

568 5744 588 5773 ⁸
629 5742 786 5796 Prov.
815 5758 941 5805 xxx,
976 5740 1063 5794 55.
1159 5742 1183 5771 ⁸
1212 5741 1249 5794 ll
1279 5742 1401 5795 Cor.
1430 5756 1481 5803 ν,
1516 5741 1599 5793 17.
1692 5740 1711 5769 ⁸
1751 5740 1849 5792 lsa.
1881 5753 2006 5800 xxv,
2038 5738 2087 5789 1.

2159 3284 2471 3355 σύμπαντα.
2499 3281 2610 3334 Καὶ
2632 3280 2751 3343 πῶς
2795 3280 2857 3332 οὐ
2899 3274 3294 3348 περιγραπτὸς,
3325 3267 3370 3325 ὦ
3390 3266 3742 3341 Χριστομάχε

2159 3375 2269 3445 (ἵνα
2298 3373 2493 3445 μικρὸν
2527 3370 2969 3443 παραθεωρήσω)
2990 3387 3005 3434 ;
3026 3369 3175 3433 Ὅτι,
3206 3368 3256 3419 εί
3293 3364 3390 3418 καὶ
3415 3360 3539 3416 καθ’
3575 3359 3742 3429 ἡμᾶς,

2157 3467 2342 3537 φησὶν,
2381 3464 2495 3518 ἀλλ’
2526 3464 2667 3533 ὑπὲρ
2694 3463 2863 3532 ἡμᾶς.
2896 3461 3007 3513 Καὶ
3037 3459 3091 3512 τί
3119 3456 3314 3520 refrte;
3346 3454 3421 3509 Οὐ
3450 3451 3565 3519 γὰρ
3602 3447 3743 3502 κατά

2155 3559 2256 3629 τὴν
2294 3556 2644 3628 ἀνθρωπείαν
2698 3554 2947 3625 μορφὴν,
2978 3550 3116 3604 ἀλλά
3164 3547 3307 3603 κατὰ
3350 3546 3450 3615 τὴν
3490 3542 3740 3610 θεότητος

2158 3647 2321 3716 φύσιν
2349 3649 2383 3718 ἡ
2412 3646 2644 3717 διαφορὰ
2667 3644 2763 3698 καὶ
2794 3644 3088 3713 ἐξαλλαγὴ·
3113 3636 3223 3695 οἷον
3256 3637 3611 3708 ὲγαλουχεῖτο
3642 3648 3742 3703 μα-

2158 3738 2274 3803 ζοῖς
2313 3740 2605 3811 μητρικοῖς
2650 3736 3037 3807 ἀνθρωπικῶς·
3086 3733 3224 3788 ἀλλὰ
3270 3730 3502 3801 παρεῖχε
3537 3726 3603 3779 τὸ
3647 3723 3742 3793 ζῇν
3795 3805 3800 3808 η

2162 3830 2334 3902 μητρὶ
2359 3829 2700 3900 θεοπρεπῶς.
2739 3827 2949 3882 Ἐλάλει
2974 3829 3125 3896 φωνῇ
3149 3822 3397 3895 ὲνάρθρῳ
3422 3816 3547 3872 καθ’
3576 3817 3739 3902 ﬂii-55,

2329 3897 2694 3992 παρηγγυᾶτο
2726 3917 2945 3988 ἐξουσίᾳ
2978 3917 3133 3986 θεῖκῇ
3172 3913 3315 3983 ὑπὲρ
3344 3911 3529 3981 ἡμᾶς,
3564 3907 3632 3959 δι’
3670 3897 3740 3957 ὧν

2157 4012 2225 4066 τά
2258 4010 2537 4081 θαύματα.
2578 4010 2845 4062 Ὠδοποίει
2871 4009 3093 4077 γεηροῖς
3118 4005 3248 4058 ποσὶ
3276 4002 3396 4057 καθ’
3427 4002 3600 4071 ἡμᾶς,
3629 3994 3739 4049 ἀλλ’

2158 4105 2241 4166 είς
2279 4102 2427 4156 νῶτα
2459 4102 2737 4172 θαλάσσης
2778 4100 2921 4172 ὑπὲρ
2955 4100 3126 4169 ἡμᾶς.
3167 4091 3535 4164 Ἐσταυροῦτο
3583 4088 3741 4159 σαρκὶ

2159 4195 2283 4250 καθ’
2299 4196 2471 4266 ἡμᾶς,
2492 4194 2610 4248 ἀλλ’
2633 4192 2931 4264 ὲτροποῦτο
2951 4193 3008 4244 ὲν
3028 4187 3248 4259 σταυρῷ
3267 4187 3366 4249 τὰς
3387 4182 3641 4244 ἐναντίας
3656 4180 3739 4232 δυ-

2159 4288 2353 4357 νάμεις
2379 4286 2521 4357 ὑπὲρ
2548 4285 2717 4356 ἡμᾶς·
2745 4277 2821 4338 ὧν
2851 4283 2918 4335 τά
2952 4282 3052 4354 μὲν
3081 4277 3465 4351 περιγραπτῆς
3493 4273 3736 4343 (priuetur

2159 4380 2260 4449 τῆς
2297 4378 2420 4433 καθ’
2452 4378 2599 4449 ἡμᾶς
2630 4378 2736 4447 γάρ
2755 4393 2768 4405 ·
2799 4374 2867 4429 τὰ
2898 4374 2955 4428 δὲ
2988 4371 3427 4444 ἀπεριγράπτου,
3470 4367 3575 4437 τῆς
3606 4364 3739 4435 ὑπὲρ

2159 4474 2309 4544 ἡμᾶς
2328 4490 2342 4505 ο
2370 4473 2430 4524 οὐ
2468 4470 2858 4541 λυμηναμένης
2892 4468 3126 4539 θατέρας
3157 4465 3362 4534 θάτερα
3389 4464 3457 4532 τῇ
3496 4456 3739 4514 οὐσιιίιδιι

2090 4542 2135 4596 D
2166 4542 2371 4635 συνόδῳ
2397 4565 2464 4619 τὰ
2490 4564 2700 4634 φυσικά
2734 4562 3000 4633 ἰδιώματα
3023 4602 3039 4625 ,
3084 4560 3199 4615 ἀλλ’
3229 4557 3362 4611 εἴσω
3393 4556 3497 4627 τῆς
3539 4550 3736 4611 οἰκείας

2162 4658 2446 4729 ὁροθεσίας
2469 4657 2738 4727 ἑκατέρας
2762 4653 3030 4723 ἑστώσης.
3062 4654 3134 4706 Σὺ
3163 4652 3219 4705 δὲ
3254 4650 3478 4720 φεύγων
3497 4648 3562 4699 τὸ
3587 4659 3736 4714 περι-

2163 4748 2418 4817 γράφειν,
2458 4748 2577 4818 ῆτοι
2603 4746 2888 4809 είκονίζειν
2908 4761 2920 4775 ·
2964 4741 3162 4796 ταυτὸν
3186 4740 3295 4811 γὰρ
3316 4738 3623 4808 ἀμφότερα,
3649 4734 3736 4787 καὶ

2162 4838 2263 4901 τὰς
2282 4838 2473 4908 φύσεις
2498 4836 2568 4906 φύ
2580 4854 2692 4908 ρεις
2720 4837 2818 4890 σὺν
2837 4834 3177 4903 Ἀκεφάλοις,
3202 4832 3296 4885 καὶ
3316 4830 3414 4901 τὴν
3436 4826 3735 4897 οἰκονομίαν

2166 4928 2522 4998 ἀποσκευάσῃ
2545 4928 2641 4979 σὺν
2673 4923 3020 4993 Μανιχαίοις.
3040 4916 3245 4975 Ἧττον
3263 4915 3330 4991 ἦν
3354 4936 3439 4972 σοι
3467 4919 3547 4980 εἰς
3568 4915 3735 4973 ἀνοίας

2163 5020 2322 5088 λόγον
2344 5061 2360 5085 ,
2392 5019 2481 5072 ἵνα
2509 5019 2570 5071 τὸ
2595 5016 2792 5087 ἀληθὲς
2820 5016 2980 5080 εἴπω,
3022 5013 3353 5077 Ἰουδαΐζειν,
3385 5012 3419 5083 ἢ
3446 5010 3549 5080 τὴν
3580 5020 3738 5077 προσ-

2167 5110 2398 5181 ηγορίαν
2431 5106 2759 5181 Χριστιανοῦ
2803 5106 2982 5177 ἔχοντι
3020 5104 3164 5159 κατὰ
3192 5100 3431 5175 Χριστοῦ
3461 5097 3735 5170 φέρεσθαι.

2174 5203 2305 5254 ’Ὁτι
2337 5201 2367 5253 ὁ
2402 5199 2499 5269 μὲν
2528 5199 2590 5252 οὐ
2622 5197 2978 5269 προσιέμενος
2999 5195 3132 5249 Θεὸν
3151 5186 3736 5262 σεσωμτῶσθαι,οῦτε

2167 5290 2448 5355 εἰκονίζει,
2484 5290 2755 5344 ἀκόλουθα
2799 5285 2979 5355 ἐαυτῷ
3024 5285 3321 5355 πράσσωνο
3373 5283 3438 5335 σὺ
3481 5281 3539 5333 δὲ
3576 5294 3737 5345 προσ-

2167 5385 2441 5453 ηκάμενος
2476 5383 2595 5453 μὲν,
2629 5381 2702 5451 μὴ
2732 5379 3011 5442 είκονίζων
3036 5379 3115 5443 δὲ,
3144 5374 3503 5438 ἀνακόλουθος
3536 5371 3735 5440 σεαυτῷ

2171 5473 2329 5545 γίνῃ,
2373 5472 2585 5540 γέλωτα
2629 5470 2972 5540 ὀφλισκάνων
3002 5471 3095 5522 καί
3120 5468 3198 5537 τῷ
3243 5458 3599 5529 Ἰουδαῖζοντι.
3635 5463 3736 5514 Καὶ

2169 5562 2322 5615 οὔπω
2349 5562 2489 5631 λέγω
2520 5563 2615 5633 τὴν
2646 5562 2825 5633 ὓϐριν,
2847 5561 2981 5614 ἀλλά
3007 5560 3145 5629 πρὸς
3163 5558 3264 5628 μὲν
3291 5556 3529 5618 ἐκείνους
3554 5548 3736 5607 τοσοῦ-

2194 5737 2213 5767 ⁷
2242 5734 2364 5788 Πεοο
2393 5748 2582 5805 contra
2613 5734 3037 5805 Copronymum,
3071 5732 3160 5805 qui
3190 5731 3465 5805 Christum
3492 5740 3550 5788 ut
3581 5730 3731 5785 homo

497 5825 604 5883 est,
637 5804 958 5884 pingendum
1000 5813 1251 5883 negabat,
1283 5812 1424 5866 velut
1451 5811 1975 5879 incircumscriptth
2010 5806 2203 5863 refellit
2228 5805 2450 5874 Niceph.
2483 5804 2586 5860 (ΣΡ.
2623 5807 2673 5860 in
2714 5804 3094 5860 Antirrlteticis
3126 5804 3361 5861 ineditis.
