4046 6418
279 471 386 531 689
1060 469 1388 530 HOMILIA
1427 469 1486 528 ΙΙ
1529 468 1609 528 ΙΝ
1652 468 1894 529 ΝΑΤΝ]

2002 467 2170 528 .TEM
2202 468 2267 528 Β.
2303 467 2370 529 ν.
2412 469 2699 528 ΜΑΒΙιΕ.

3449 469 3558 532 690

181 658 186 662 γ
278 601 378 650 ⁶τος
404 586 432 638 ό
473 583 650 654 λόγος,
687 585 770 640 ὅτι
811 584 886 657 μὴ
930 585 1310 656 δογματικῶς,
1343 585 1456 639 ἁλλ’
1490 585 1857 656 ὲορταστικῶς
1887 630 1894 648 λ

2002 599 2058 641 ec
2093 587 2302 656 pictura
2342 591 2842 658 repraesentandam
2899 597 3092 658 putaui.
3125 587 3229 644 sibi
3262 584 3382 658 ipse
3420 597 3553 642 con-

281 675 777 748 ουνηθροίσθημεν.
818 677 1013 748 Ἡμεῖς
1041 677 1099 731 δὲ
1123 678 1203 730 ἔτι
1235 676 1448 748 βραχέα
1479 677 1870 747 προσειπόντες

2002 689 2233 736 entanea
2273 677 2424 746 facit,
2448 683 2530 736 'l‘u
2588 697 2719 736 vero
2778 682 2868 749 qui
2906 681 3044 736 illud
3086 677 3376 739 concedas,
3423 687 3552 730 eam

277 770 350 839 τῇ
374 767 658 842 Παρθένῳ,
686 770 780 824 καὶ
806 769 986 824 ταῦτα
1033 769 1095 835 ἐξ
1137 762 1213 823 ὧν
1239 767 1556 839 ὠνόμασται
1577 769 1634 821 ὲν
1659 769 1725 840 τῇ
1757 766 1872 821 θεο⁹

2002 769 2187 826 tictura
2215 773 2520 842 exprimere
2550 775 2712 838 nolis,
2756 775 2850 828 tibi
2880 773 2995 842 ipse
3033 770 3437 832 dissentaneas,
3469 761 3555 818 vel

277 857 536 930 πνεύστῳ
555 860 745 932 Γραφῇ
763 859 1150 926 ἀνελίττοντες,
1169 877 1233 914 συ
1242 875 1350 930 μπε
1359 857 1630 930 ρανοῢμεν
1660 859 1720 914 ὲν
1743 859 1871 912 τού-

2002 861 2046 918 ιι)
2076 861 2306 933 ipsumet
2331 862 2520 920 Judazo
2563 864 2891 932 deridendus
2918 879 2978 918 es
3009 880 3023 918 :
3066 873 3379 932 quanquam
3422 868 3556 911 nec-

278 967 422 1017 τοις,
455 952 504 1004 εί
529 953 622 1006 καί¹
647 951 901 1019 ἀναξίως,
929 952 1020 1006 τὸν
1051 953 1229 1020 λόγον.

2002 955 2103 1012 lum
2129 956 2515 1013 contumeliam
2542 957 2684 1013 dico.
2734 955 2798 1011 Et
2830 957 2944 1010 haec
2971 954 3189 1025 quidem
3220 951 3289 1006 ad
3319 950 3441 1004 illos
3473 947 3558 1002 di-

281 1052 375 1096 cta
413 1043 543 1109 sint,
569 1047 783 1115 quando
813 1060 918 1100 non
954 1047 1020 1101 ad
1055 1045 1389 1101 discutienda
1420 1047 1694 1113 dogmata,
1721 1046 1815 1100 sed
1845 1045 1910 1101 ad
1933 1047 2300 1105 celebritatem
2336 1051 2601 1120 agendam
2640 1049 3016 1104 convenimus.
3046 1043 3156 1100 Nos
3185 1037 3559 1113 porropaucis

280 1135 513 1206 Virgine
549 1136 808 1202 salutata,
835 1147 890 1192 et
909 1152 975 1192 ex
1007 1136 1075 1193 iis
1101 1134 1440 1207 potissimum
1461 1137 1779 1205 quibuseam
1804 1135 2000 1195 divinae
2030 1136 2249 1196 Litterae
2275 1140 2653 1204 cobonestant,
2681 1152 3010 1204 sermonem,
3033 1135 3138 1192 etsi
3157 1149 3262 1190 non
3293 1131 3454 1200 digne
3474 1142 3578 1183 sae-

284 1229 382 1293 tis,
416 1226 776 1284 absolvemus.

364 1318 430 1385 C'.
460 1321 654 1391 Χαῖρε,
680 1320 888 1392 Μαρία,
913 1321 1032 1394 ἦτοι
1062 1320 1253 1392 μυρία,
1280 1319 1368 1374 διὰ
1389 1319 1449 1373 τὸ
1471 1317 1875 1392 ἀπειροπληθὲς

2055 1317 2105 1373 7.
2133 1315 2268 1386 Ave,
2299 1317 2490 1385 Maria,
2515 1318 2667 1386 quasi
2711 1317 2903 1388 μυρία,
2928 1314 3162 1384 inﬁnita,
3189 1313 3256 1367 ob
3295 1309 3576 1366 inﬂnitatn

281 1409 404 1462 τῶν
434 1411 743 1480 ἐγκωμίων.
777 1411 965 1484 Μυρία
1003 1411 1112 1482 γὰρ
1149 1411 1320 1465 είπὼν
1350 1411 1476 1482 περὶ
1503 1409 1596 1464 σοῦ
1629 1427 1733 1473 τις,
1777 1410 1878 1464 οὐκ

2004 1409 2354 1466 audationum
2407 1411 2640 1480 c0piam.
2695 1407 2956 1475 Quamvis
3011 1407 3299 1461 innumera
3340 1401 3563 1470 qttis~de

283 1502 362 1557 ἂν
393 1503 635 1573 ἐφίκοιτο
682 1505 782 1577 τῆς
815 1505 994 1573 ἀξίας.
1031 1507 1226 1578 Χαῖρε,
1277 1505 1479 1575 Κυρία,
1521 1504 1595 1567 ὼς
1633 1503 1729 1557 τοῦ
1772 1503 1878 1556 τῶν

284 1593 436 1647 ὅλων
484 1594 690 1668 Κυρίου
737 1597 1146 1669 μητροπρεπῶς
1187 1597 1288 1668 τὴν
1334 1596 1557 1668 κυρείαν
1601 1595 1877 1666 εἰληφυῖα,

285 1680 365 1757 ἧς
391 1685 458 1740 τά
486 1687 778 1757 σύμπαντα
809 1687 972 1744 δοῦλὰ
1013 1707 1099 1753 τις
1142 1692 1342 1762 φήσας,
1374 1690 1474 1744 οὐκ
1521 1690 1628 1743 ἀπὸ
1673 1687 1878 1742 σκοποῦ

288 1779 484 1850 βάλλοι
510 1780 602 1833 τὸν
631 1779 810 1850 λόγον.
847 1782 1044 1854 Χαῖρε,
1076 1781 1294 1854 σμύρνα
1323 1781 1610 1848 θαλασσία,
1653 1783 1685 1852 ἡ
1727 1783 1783 1834 ἐν
1812 1781 1878 1849 τῇ

1987 1511 2040 1558 te
2069 1501 2288 1566 dixerit,
2339 1517 2614 1572 nunquam
2667 1512 2849 1557 tamen
2902 1498 3207 1572 argumenti
3243 1496 3560 1566 dignitatem

1987 1603 2270 1650 assecutus
2295 1595 2420 1649 erit.
2455 1596 2586 1660 Ave,
2620 1593 2872 1661 Domina,
2921 1607 3042 1663 qua;
3087 1599 3333 1646 materna
3378 1593 3584 1641 auctor

1987 1687 2170 1755 ritate,
2215 1687 2590 1744 universorum
2627 1685 2840 1741 Domini
2873 1685 3212 1741 dominatum
3257 1689 3415 1735 nacta
3450 1677 3528 1732 sis
3550 1694 3577 1730 :.

1987 1783 2071 1838 cui
2103 1783 2148 1838 si
2171 1784 2294 1854 quis
2323 1795 2515 1839 cuncta
2544 1783 2792 1838 ancillari
2831 1781 3000 1844 dicat,
3037 1794 3144 1835 non
3175 1777 3334 1847 longe
3364 1789 3393 1830 a
3423 1781 3572 1828 meta

288 1873 520 1945 ἁλμυρᾷ
546 1871 641 1926 τοῦ
671 1872 786 1944 βίου
819 1875 958 1945 ῥοπῇ
999 1874 1097 1947 τὴν
1139 1876 1318 1948 σάρκα
1357 1873 1766 1946 νεκροφοροῦσα
1812 1875 1878 1944 τῇ

2002 1877 2201 1934 tbierit.
2231 1881 2362 1944 Ave,
2395 1881 2617 1950 myrrha
2671 1877 2905 1942 marina,
2944 1889 3067 1946 qua:
3125 1874 3182 1929 in
3223 1872 3368 1928 salso
3412 1868 3570 1938 huius

286 1965 581 2037 ἁμαρτίᾳ,
612 1966 669 2033 ἐξ
711 1959 780 2037 ἦς
813 1965 1163 2038 γλυκασμὸς,
1205 1970 1303 2022 καὶ
1342 1966 1481 2030 ὅλως
1514 1965 1780 2037 ἐπιθυμία
1801 2005 1816 2030 ,
1852 1965 1882 2016 ό

287 2056 475 2126 λέγων
531 2059 589 2110 ἐν
648 2056 924 2129 ’ᾼσμασιν
950 2099 965 2125 ,
1026 2060 1358 2130 Ἐτρύτησα
1403 2059 1683 2127 σμύρναν
1731 2055 1882 2126 μετὰ

288 2146 621 2217 ἀρωμάτων
635 2165 774 2218 μου.
808 2151 1002 2220 Χαῖρε,
1030 2149 1189 2222 βὰτε,
1222 2150 1281 2204 τὸ
1304 2149 1639 2222 πυρίπλοκον
1669 2147 1878 2218 θαῦμα,

291 2241 330 2307 ἡ
361 2240 506 2294 κατὰ
537 2242 793 2313 στέρησιν
821 2242 1020 2306 ἄϐατος
1049 2245 1115 2314 τῇ
1151 2243 1418 2315 ἁμαρτίᾳ·
1449 2243 1570 2296 ἐπεὶ
1593 2241 1688 2295 καὶ
1717 2239 1884 2310 φυτὸν

291 2331 526 2402 ἁθιγὲς,
556 2335 651 2387 καὶ
698 2332 860 2404 βατὺν
902 2334 1132 2407 οὐρανὸν
1165 2335 1434 2411 δεδειχυῖα
1469 2334 1761 2406 γηγενέσιν
1819 2334 1884 2385 ἐκ

294 2423 583 2492 θεογονίας
604 2443 718 2478 σου.
748 2427 942 2497 Χαῖρε,
977 2427 1202 2493 κιϐωτὶ,
1235 2427 1297 2482 τὸ
1330 2427 1628 2498 θεόδμητον
1661 2425 1849 2496 στέγος
1869 2465 1884 2490 ,

293 2517 333 2586 ἠ
355 2516 451 2569 τοῦ
473 2518 784 2572 νεοκτίστου
808 2519 1014 2590 κόσμου
1029 2519 1224 2590 ταμία,
1244 2521 1337 2590 ἀφ’
1355 2514 1422 2592 ἦς
1439 2519 1608 2587 ἔξεισι
1629 2517 1886 2590 Χριστὸς,

293 2607 325 2660 ὁ
353 2608 476 2673 νέος
505 2609 650 2672 Νῶε,
683 2610 908 2684 πληρῶν
939 2611 1032 2664 τὸν
1081 2611 1195 2667 ἀνω
1240 2611 1447 2684 κόσμον
1480 2613 1546 2683 τῇ
1579 2608 1885 2681 ἀφθαρσίᾳ.

295 2701 498 2773 Χαῖρε,
533 2702 764 2769 ῥάϐδος,
804 2703 864 2756 τδ
904 2703 1164 2772 θεόφυτον
1199 2704 1356 2775 ἔρνος
1379 2745 1393 2770 ,
1429 2706 1461 2774 ή
1514 2704 1648 2776 μόνη
1697 2701 1889 2756 πασῶν

295 2791 592 2861 παρθένων
621 2794 982 2865 τεκνοφόρος,
1028 2794 1086 2861 ἐξ
1134 2795 1402 2865 ἀσπορίας
1445 2794 1732 2866 ἀνθήσασα
1771 2793 1891 2847 υἱέα

296 2883 400 2936 τὸν
425 2882 530 2936 τῶν
557 2883 816 2939 ἁπάντων
839 2884 972 2940 Θεὸν
1004 2887 1096 2940 καὶ
1127 2888 1412 2959 ίεράρχην.
1441 2888 1633 2958 Χαῖρε,
1662 2885 1889 2956 στάμνε,

298 2970 366 3024 τὸ
415 2972 826 3042 χρυσόπλαστον
870 2974 1039 3044 ἄγγος
1064 3015 1078 3039 ,
1129 2977 1162 3045 ὴ
1213 2976 1413 3040 παντὸς
1451 2975 1654 3044 ἄγγους
1700 2974 1894 3046 ἐξῳκι-

303 3060 508 3132 σμένη,
544 3063 636 3131 ἀφ’
662 3059 732 3135 ἦς
771 3065 1178 3134 μανναδοτεῖται
1217 3065 1411 3128 ἂπαςό
1439 3068 1664 3136 κόσμος,
1709 3065 1800 3119 τὸν
1836 3067 1893 3119 ὲν

303 3153 445 3222 πυρὶ
480 3154 581 3222 τῆς
618 3154 887 3226 Θεότητος
945 3156 1312 3228 ὲξοπτηθέντα
1362 3161 1464 3229 τῆς
1515 3157 1658 3228 ζωῆς
1709 3158 1892 3229 ἄρτον.

1989 1969 2114 2025 vitae
2152 1968 2294 2024 ﬂuxu
2330 1985 2554 2025 carnem
2590 1977 2811 2040 peccato
2835 1977 3135 2024 emortuam
3160 1961 3329 2035 854
3366 1969 3567 2032 gestas,

1991 2063 2044 2119 in
2071 2079 2176 2134 qua
2206 2063 2459 2127 dulcedo,
2483 2071 2536 2117 et
2571 2061 2784 2132 penitus
2833 2057 3161 2116 desiderium
3184 2065 3287 2119 est,
3315 2054 3404 2122 qui
3445 2052 3573 2107 dicit

1992 2156 2044 2210 in
2068 2155 2337 2212 Canticis:
2370 2153 2568 2209 Messui
2593 2153 2863 2224 myrrham
2886 2166 3004 2205 cum
3028 2147 3356 2202 aromatibus
3381 2145 3508 2198 uicis
3527 2143 3570 2194 ⁸.

1991 2247 2124 2314 Ave,
2149 2248 2336 2312 rullus,
2367 2247 2477 2316 igni
2505 2244 2888 2315 complicatum
2927 2240 3271 2303 miraculum,
3303 2238 3416 2308 ipsa
3443 2250 3572 2307 pec-

1991 2352 2115 2396 cato
2138 2341 2415 2396 inaccessa
2471 2342 2618 2410 (nam
2654 2345 2711 2393 et
2740 2336 3027 2392 arbustum
3082 2333 3228 2388 istud
3269 2329 3418 2400 tangi
3480 2343 3574 2383 ne-

1994 2435 2132 2505 quit)
2161 2442 2218 2492 et
2257 2431 2409 2502 cujus
2445 2431 2630 2487 divino
2655 2438 2812 2500 partu
2842 2427 3038 2484 cmlum
3069 2424 3354 2495 terrigenis
3389 2436 3576 2480 acces-

1997 2541 2116 2581 sum
2148 2524 2415 2579 redditum
2464 2520 2588 2577 sit’.
2624 2520 2759 2586 Ave,
2793 2533 2945 2583 arca,
2992 2527 3262 2573 structum
3293 2528 3322 2568 a
3356 2513 3464 2568 Deo
3493 2520 3574 2567 te-

1996 2619 2228 2684 ctum",
2275 2616 2397 2672 novi
2435 2613 2617 2670 mundi
2668 2611 2969 2670 conditoris
3023 2607 3460 2679 receptaculum;
3507 2619 3574 2658 ex

1995 2727 2102 2783 qua
2153 2710 2403 2766 Christus
2463 2722 2636 2763 novus
2695 2703 2812 2760 Noe
2847 2703 2892 2735 “
2939 2701 3198 2758 mundum
3263 2711 3574 2770 supremum

1999 2802 2401 2871 incorruptione
2431 2799 2647 2868 replens
2701 2795 2972 2868 procedit.
3009 2797 3142 2859 Ave,
3169 2792 3345 2860 virga,
3381 2789 3579 2843 divinae

1999 2893 2347 2966 plantationis
2403 2890 2670 2954 ramus”,
2720 2889 2836 2945 sola
2893 2887 3036 2941 inter
3092 2897 3283 2939 omnes
3344 2878 3579 2950 virgines

1999 2999 2286 3055 puerpera,
2319 2998 2461 3053 qua»,
2496 2980 2642 3035 nullo
2670 2979 2878 3034 semine
2898 2983 3171 3045 suscepto,
3201 2972 3578 3028 universorum

1997 3074 2169 3130 Deum
2208 3085 2264 3128 et
2309 3071 2650 3127 ltierarcham
2680 3068 2900 3134 Filium,
2947 3067 3023 3122 uti
3082 3063 3269 3120 ﬂorem
3324 3057 3581 3116 emisisti.

2002 3167 2137 3229 Ave,
2173 3179 2332 3229 urna,
2365 3178 2430 3216 ex
2454 3176 2587 3216 auro
2637 3158 2928 3216 conﬂatum
2988 3171 3105 3222 vas,
3148 3155 3216 3210 ab
3256 3152 3404 3208 omni
3452 3164 3580 3204 vase

300 3245 508 3317 Χαῖρε,
544 3245 742 3318 σκηνὴ,
772 3249 798 3300 ό
823 3247 1075 3318 θεότητος
1101 3249 1283 3313 πόλος,
1306 3227 1538 3320 οὐρανοῦ
1561 3248 1670 3302 τῶν
1693 3227 1894 3317 ἀψίδων

2002 3265 2289 3321 secretum,
2320 3263 2376 3309 et
2407 3269 2512 3323 quo
2546 3252 2777 3308 mundus
2819 3249 3104 3305 universus
3141 3246 3443 3314 impensum
3474 3242 3578 3297 sibi

303 3335 752 3407 πῳφερεπέρα,
781 3337 874 3405 ἀφ’
905 3331 974 3410 ἧς
999 3337 1446 3409 αὐτοπροσὼπως
1483 3338 1732 3409 ὡμίλησε
1763 3338 1897 3402 Θεὸς

301 3425 639 3498 ἀνθρώποις,
669 3427 763 3481 καὶ
793 3426 852 3491 ἐξ
888 3421 956 3500 ἦς
986 3429 1064 3492 εἰς
1095 3429 1186 3481 τὸν
1210 3429 1414 3500 κόσμον
1443 3429 1667 3499 ίλασμὸς
1699 3428 1896 3500 ἐπεδή-

306 3533 488 3588 μησεν
537 3518 775 3582 αἰώνιος.
821 3520 1024 3591 Χαῖρε,
1067 3520 1426 3591 θυμιατήριον
1451 3561 1466 3584 ,
1500 3520 1561 3573 τὸ
1598 3521 1791 3584 σκεῦος
1841 3519 1897 3574 τὸ

303 3609 633 3680 χρυσόνουν,
679 3611 712 3681 ἠ
741 3610 830 3665 τὸν
864 3610 1008 3664 θεῖον
1048 3611 1295 3682 ἄνθρακα
1324 3611 1474 3665 ἔνδον
1505 3611 1770 3684 φέρουσα,
1805 3610 1897 3682 ἀφ’

303 3697 377 3776 ἧς
414 3702 732 3758 διέπνευσεν
772 3702 970 3757 εὐωδία
997 3703 1091 3756 τοῦ
1124 3704 1463 3775 Πνεύματος,
1496 3704 1598 3774 τὴν
1643 3703 1900 3774 μυδῶσαν

305 3794 521 3864 φθορὰν
551 3796 617 3848 ὲκ
641 3794 846 3865 κόσμου
877 3796 1281 3863 ἀπελαύνουσα.
1315 3798 1509 3864 Χαῖρε,
1536 3795 1810 3868 τράπεζα,
1833 3796 1900 3850 τὸ

307 3883 796 3956 θεόθετονκρᾶμα
822 3887 856 3955 ἡ
903 3887 1070 3938 πᾶσιν
1105 3885 1330 3952 ἀγαθοῖς
1357 3885 1567 3956 ἀρετῶν
1617 3886 1900 3956 πλήθουσα

309 3973 556 4045 μέθεξις,
600 3975 682 4044 τῷ
714 3977 924 4044 λέγοντι
969 3978 1026 4028 ὲν
1073 3977 1384 4047 ᾊσμασινο
1440 3975 1741 4045 Ὀμφαλός
1781 3989 1900 4028 σου

306 4065 540 4136 κρατὴρ
598 4066 910 4134 τορευτὸς,
951 4065 1038 4136 μὴ
1081 4068 1524 4137 ὺστερούμενος
1579 4067 1899 4138 κράματος.

307 4161 510 4232 Χαῖρε,
544 4162 660 4226 ναὲ,
684 4161 745 4216 τὸ
771 4161 1208 4233 καθαρότευκτον
1239 4163 1446 4233 Κυρίου
1471 4162 1650 4232 δῶμα,
1685 4164 1811 4233 περὶ
1839 4157 1901 4218 οὗ

308 4270 482 4325 φησιν
507 4255 537 4308 ὁ
560 4253 741 4308 Δεισίδ⁹
781 4255 972 4324 ’Ἄγιος
1022 4258 1054 4308 ό
1086 4255 1232 4320 ναός
1265 4271 1403 4318 σου,
1449 4256 1793 4325 θαυμαστὸς
1833 4257 1902 4309 ἐν

306 4345 707 4415 δικαιοσύνῃ’
751 4345 811 4412 ἐξ
859 4341 920 4400 οὗ
970 4345 1253 4415 ναουργῶν
1310 4347 1544 4418 Χριστὸς
1613 4346 1794 4417 ἑαυτῷ
1843 4345 1902 4399 τὸ

309 4437 512 4510 σῶμα,
548 4439 711 4503 ναοὺς
755 4439 994 4492 δείκνυσι
1037 4441 1163 4504 τοὺς
1213 4438 1440 4511 βροτοὺς
1487 4438 1626 4492 Θεοῦ
1675 4438 1897 4503 ζῶντος.

309 4534 522 4604 Χαῖρε,
557 4531 842 4602 ἀγίασμα,
901 4533 935 4603 ή
985 4533 1158 4603 κρήνη
1223 4533 1248 4601 ἢ
1305 4531 1596 4603 θεόϐρυτος
1636 4533 1669 4602 ή
1719 4531 1903 4602 πάσης

313 4621 600 4692 ἁγιστείας
623 4623 932 4686 ἀνάπλεως,
959 4617 1101 4693 ὲξῆς
1125 4623 1338 4694 πρόεισι
1355 4623 1460 4676 τῶν
1483 4623 1654 4692 ἁγίων
1685 4623 1898 4692 Ἀγιος,

311 4714 430 4784 δὲξ
469 4714 722 4784 ὲναγείας
775 4713 1164 4784 ἁποκαθαίρων
1217 4713 1444 4785 κόσμον.
1491 4715 1687 4787 Χαῖρε,
1737 4712 1901 4779 τόπος

312 4808 530 4877 Κυρίου
555 4846 569 4871 ,
595 4809 629 4877 ἡ
661 4805 946 4876 θεοστισὴς
979 4809 1132 4874 γαῖα,
1159 4807 1192 4877 ἡ
1225 4805 1317 4859 τὸν
1346 4805 1452 4871 ἔξω
1476 4804 1669 4860 τούτου
1703 4807 1903 4869 παντὸς

312 4902 380 4970 τῇ
394 4899 628 4968 θεότητι
653 4897 950 4952 τοπώσασα
987 4901 1054 4969 τῇ
1089 4897 1394 4969 σαρκώσει,
1427 4899 1486 4964 ἐξ
1515 4893 1584 4970 ἦς
1614 4899 1643 4951 ὁ
1673 4897 1900 4964 ἁπλοῦς,

316 4985 596 5049 σύνθετοςο
623 4988 717 5038 καὶ
737 4987 764 5038 ό
795 4986 986 5050 ἀΐδιος,
1019 4985 1298 5056 ἐγχρονος·
1329 4986 1428 5039 καὶ
1449 4989 1477 5040 ὁ
1504 4985 1901 5058 περιγραπτδς,

315 5078 801 5150 ὁάπερίγραπτος.
828 5078 1025 5150 Χαῖρε,
1048 5074 1196 5141 οἶκος
1225 5078 1385 5142 Θεοῦ,
1417 5081 1444 5131 ό
1465 5078 1636 5142 θείαις
1651 5077 1904 5147 ἀγλαΐαις

315 5170 618 5242 ἐκλάμπων
645 5169 808 5238 δόμος
831 5211 848 5234 ,
881 5164 941 5224 οὗ
969 5169 1032 5222 τὸ
1067 5169 1373 5241 ὑπέρθυρον
1407 5170 1770 5240 ἀναφαίρετον
1802 5170 1902 5240 τῆς

319 5263 565 5331 ἁγνείας·
597 5263 631 5332 ή
671 5259 888 5331 πλήρης
919 5260 1076 5330 δόξης
1105 5261 1346 5332 Κυρίου,
1380 5261 1474 5314 καὶ
1503 5261 1612 5314 τῶν
1659 5261 1903 5333 πυρίνων

319 5352 573 5424 Σεραφὶμ
607 5351 1042 5422 φωτοειδεστέρα
1075 5353 1133 5405 ἐν
1163 5351 1458 5422 πνεύματι.
1496 5353 1670 5424 Χαῖρε
1693 5394 1706 5415 ,
1737 5352 1903 5424 πύλη,

321 5447 355 5516 ἡ
386 5443 878 5508 ἁνατολόὸλεπτος,
917 5443 976 5508 ἐξ
1012 5437 1078 5513 ἦς
1111 5443 1142 5516 ή
1187 5443 1286 5512 τῆς
1336 5441 1480 5514 ζωῆς
1528 5445 1762 5516 ἀνατολὴ
1795 5447 1908 5509 τοῖς

321 5534 633 5607 ἀνθρώποις
660 5534 760 5606 τὴν
787 5533 882 5587 τοῦ
923 5534 1154 5588 θανάτου
1180 5534 1328 5588 δύσιν
1363 5535 1613 5606 μειοῦσα·
1637 5539 1669 5606 η
1696 5537 1908 5589 θεόδευ-

321 5645 411 5692 τος
446 5626 644 5698 βάτος,
690 5625 787 5678 καὶ
833 5625 930 5689 τὰς
971 5624 1120 5689 κλεῖς
1153 5626 1254 5696 τῆς
1303 5626 1600 5698 παρθενίας
1646 5627 1903 5698 φέρουσα.

396 5765 418 5797 ⁸
447 5763 605 5820 Cant.
638 5780 692 5829 ν,
737 5765 786 5818 1.
895 5766 914 5796 θ
953 5763 1121 5819 Exod.
1155 5782 1236 5829 ιιι,
1259 5767 1314 5819 2.

331 5835 570 5960 gfxod.
601 5851 748 5898 xxvi,
781 5835 797 5888 1
832 5851 984 5906 seqq.

1425 5767 1464 5799 10
1497 5767 1645 5799 πηιι
1699 5783 1724 5799 ν
1738 5784 1762 5799 ι-

1071 5767 1121 5818 ιι.
1155 5767 1314 5829 m,2.
1425 5767 1464 5799 ¹⁰
1496 5767 1666 5824 Exod.
1696 5783 1822 5830 xxv,
1859 5767 1943 5822 10.
2052 5768 2091 5799 ¹¹
2116 5767 2252 5822 Gen.
2281 5782 2354 5828 νι,
2393 5767 2444 5818 9.
2564 5767 2606 5795 ι’
2642 5767 2740 5818 lsa.
2787 5777 2863 5825 xu,
2906 5767 2956 5817 Ι.
3069 5767 3112 5793 "
3145 5767 3312 5816 Exod.
3344 5773 3454 5822 xxi,
3496 5767 3584 5810 ῦὸ.

1067 5837 1108 5865 ¹⁸
1137 5835 1302 5892 Exod.
1337 5853 1458 5905 xxv,
1489 5838 1578 5892 29.
1664 5839 1704 5871 ¹¹⁵
1737 5839 1894 5894 Cant.
1924 5854 2018 5905 vn,
2050 5839 2105 5892 2.
2187 5838 2227 5869 "
2259 5836 2398 5892 l'sal.
2426 5849 2572 5900 thv,
2601 5833 2654 5888 5.
2736 5833 2777 5864 ’⁸
2809 5833 2979 5888 Exod.
3009 5847 3136 5896 xxv,
3178 5831 3231 5886 8.
3313 5830 3355 5862 "
3383 5827 3485 5883 lsa.
3514 5841 3597 5891 Vt,

2005 3364 2198 3404 manna
2243 3345 2520 3415 accipit",
2555 3343 2685 3400 vita:
2717 3342 2926 3399 scilicet
2954 3354 3151 3411 panem
3197 3338 3321 3406 igne
3352 3333 3581 3389 Deitatis

2003 3441 2377 3502 coctum.Avc,
2417 3435 2822 3492 tabernaculum
2837 3432 2996 3528 quod
3032 3432 3150 3485 fixit
3179 3428 3323 3484 Deus
3349 3426 3416 3492 “,
3451 3441 3583 3481 con-

2003 3533 2149 3587 ditus
2175 3529 2350 3601 polus,
2380 3528 2513 3600 ipsis
2544 3526 2668 3584 caeli
2716 3521 2912 3581 axibus
2961 3521 3348 3594 praestantior:
3379 3532 3444 3573 ex
3477 3532 3583 3588 qua

2007 3624 2166 3686 Deus,
2197 3636 2292 3677 sua
2322 3621 2436 3691 ipse
2482 3632 2713 3689 persona
2739 3631 2862 3672 cum
2898 3613 3208 3670 hominibus
3240 3619 3326 3666 est
3354 3623 3585 3664 eonvcr-

2005 3720 2176 3775 satus,
2199 3718 2254 3766 et
2283 3725 2350 3765 cx
2377 3723 2484 3779 qua
2504 3717 2712 3765 attenta
2751 3707 2955 3764 mundo
2988 3705 3304 3777 propitiatio
3339 3704 3582 3758 advenit.

2003 3801 2137 3866 Ave,
2201 3797 2560 3858 tburibulum.
2605 3812 2700 3855 vas
2745 3807 2930 3853 mente
2977 3809 3202 3851 aureum
3224 3793 3290 3859 “',
3341 3792 3584 3847 divinum

2005 3894 2154 3951 intus
2186 3894 2475 3952 carbonem
2509 3889 2712 3956 ferens,
2741 3900 2798 3946 et
2853 3904 2960 3961 qua
2992 3890 3238 3958 fragrans
3289 3888 3426 3944 odor
3465 3884 3587 3956 Spi-

2009 3987 2170 4052 ritus,
2219 3983 2542 4053 corruptela:
2585 3989 2834 4053 putbrem
2862 3984 3062 4038 mundo
3092 3980 3419 4039 exsutﬂavit.
3447 3980 3581 4033 Ave:

1940 4135 1942 4138 ,
2008 4093 2216 4145 mensa,
2248 4077 2467 4132 mistum
2508 4075 2769 4130 divinitus
2811 4074 3156 4145 appositum;
3193 4073 3446 4129 omnibus
3471 4071 3584 4124 vir-

2010 4179 2182 4226 tutum
2213 4167 2371 4226 bonis
2398 4166 2627 4222 al‘ﬂuens
2661 4165 3027 4236 participatio,
3054 4164 3105 4220 ei
3143 4163 3232 4234 qui
3270 4164 3323 4217 in
3347 4160 3586 4216 Canticis

2008 4261 2158 4323 dicit,
2175 4259 2468 4314 Umbilicus
2491 4269 2611 4313 tuus
2635 4268 2805 4312 crater
2822 4256 3110 4322 tornatilis,
3142 4270 3409 4325 nunquam
3432 4254 3586 4306 misto

2008 4368 2205 4408 vacuus
2225 4351 2290 4406 ¹⁶.
2323 4351 2458 4416 Ave,
2473 4349 2752 4420 templum,
2780 4348 3078 4421 purissime
3101 4346 3366 4404 fabricata
3395 4346 3589 4401 domus

2008 4445 2243 4509 Domini,
2276 4445 2343 4499 de
2371 4457 2474 4511 qua
2525 4441 2693 4496 David
2746 4442 2822 4495 ait
2863 4459 2878 4494 τ
2921 4440 3182 4496 Sanctum
3229 4448 3304 4494 est
3339 4435 3588 4506 templum

2010 4545 2182 4599 tuum,
2211 4532 2455 4586 mirabile
2488 4532 2544 4585 in
2580 4531 2895 4600 justitia";
2936 4545 3004 4584 ex
3039 4543 3144 4599 qua
3199 4527 3304 4583 sibi
3340 4525 3591 4581 Christus

2007 4625 2255 4696 corporis
2295 4623 2551 4693 templum
2587 4633 2896 4687 exstruens,
2939 4621 3136 4690 templa
3177 4619 3273 4674 Dei
3305 4619 3412 4674 vivi
3444 4633 3591 4672 mor-

2010 4719 2145 4774 tales
2171 4716 2376 4773 eﬂ'ecit.
2419 4718 2555 4782 Ave,
2584 4716 2854 4780 lustratio,
2890 4715 3090 4770 divinis
3133 4713 3366 4785 lymphis
3390 4722 3590 4766 scatu-

2009 4809 2152 4864 riens
2183 4807 2326 4873 fons,
2355 4807 2502 4862 omni
2529 4805 2688 4875 plena
2714 4804 3103 4870 sanctimonia,
3132 4819 3197 4858 ex
3231 4816 3335 4871 qua
3358 4802 3590 4855 Sanctus

2008 4896 2413 4961 sanctorum“,
2457 4895 2661 4950 scelere
2716 4895 2976 4950 mundum
3036 4907 3364 4962 expurgatis,
3400 4890 3589 4943 exivit.

2009 4989 2143 5053 Ave,
2185 4985 2397 5040 Domini
2429 4984 2600 5050 locus,
2659 4985 2753 5039 Dei
2777 4997 2966 5051 gressu
3009 4981 3214 5038 calcata
3276 4991 3441 5042 terra,
3472 4994 3593 5048 qua:

2011 5081 2157 5136 illum
2207 5079 2488 5148 complexa
2519 5091 2602 5144 es,
2638 5076 2731 5146 qui
2773 5074 2958 5138 omni,
2992 5081 3260 5144 quatenus
3306 5078 3393 5126 est
3420 5073 3589 5133 Deus,

2010 5171 2128 5226 loco
2151 5170 2412 5225 eximitur
2439 5185 2455 5224 :
2479 5183 2546 5223 ex
2570 5181 2678 5237 qua
2710 5165 2801 5220 ille
2821 5163 2914 5235 qui
2943 5162 3170 5232 simplex
3190 5175 3330 5224 erat,
3376 5160 3594 5215 exsistit

2009 5262 2369 5334 compositus;
2427 5257 2766 5329 temporalis,
2793 5256 2886 5326 qui
2929 5253 3324 5323 sempiternus;
3355 5254 3594 5308 circum-

2007 5356 2264 5426 scriptus,
2313 5352 2402 5423 qui
2461 5349 2986 5418 incircumscriptus.
3051 5347 3196 5413 Ave,
3225 5346 3318 5402 Dei
3376 5346 3589 5412 domus,

2008 5449 2207 5503 divinis
2259 5443 2640 5518 splendoribus
2693 5439 2993 5510 eﬂ'ulgens,
3044 5438 3200 5510 cujus
3254 5438 3592 5494 castimoniae

2010 5537 2422 5609 superliminare
2467 5533 2622 5590 evelli
2653 5532 2838 5601 nequit
2868 5549 2882 5587 :
2917 5531 3109 5588 domus
3146 5529 3334 5598 gloria:
3375 5529 3589 5584 Domini

2013 5628 2192 5697 plena,
2226 5639 2442 5697 praaque
2470 5622 2655 5694 ignitis
2702 5620 2987 5693 Serapbitu
3018 5621 3214 5693 spiritu
3238 5620 3589 5677 lueentior”.

2052 5765 2252 5822 “Gen.
2281 5782 2354 5828 νι,
2393 5765 2444 5818 9.
2564 5765 2606 5795 ¹²
2642 5761 2740 5818 lsa.
2787 5777 2863 5825 χι,
2906 5763 2956 5817 1.
3069 5761 3112 5793 ⁸³
3145 5759 3312 5816 Exod.
3344 5773 3454 5828 xvi,
3496 5755 3584 5810 35.
