4046 6452
349 367 453 431 693

1126 363 1456 425 HOMILIA
1490 361 1560 429 ΙΙ,
1594 361 1678 421 ΙΝ
1714 359 2233 422 NATIVITATEM
2270 359 2338 420 B.
2374 362 2442 423 V.
2483 358 2768 423 MARI/E.

3510 352 3614 416 694

349 479 506 551 ἐμοὶ,
557 477 871 548 ἁναμέσον
904 475 1022 531 τῶν
1047 475 1303 547 μαστῶν
1321 494 1440 546 μου
1476 472 1934 539 αὑλισθήσεται.

2043 472 2263 527 Nardus
2305 490 2420 528 mea
2452 473 2597 529 dedit
2626 473 2839 529 odorem
2868 486 3020 526 suum
3055 473 3122 528 ".
3142 470 3279 538 Ave,
3308 477 3479 526 staete
3501 510 3517 535 ,
3547 484 3615 524 ex

350 574 546 643 Χαῖρε,
605 570 978 641 κιννάμωμον,
1012 568 1083 622 τὸ
1113 569 1179 623 ὲκ
1224 568 1417 639 νοητοῦ
1462 564 1799 638 παραδείσου
1833 564 1934 634 τῆς

347 662 643 735 ἀχραντίας
673 660 816 726 ἐξιὸν
843 661 1065 731 ἄρωμα,
1092 654 1153 713 οὗ
1183 660 1217 731 η
1246 657 1391 729 ὀσμὴ
1421 657 1576 728 ἡδεῖα
1606 655 1686 726 τῷ
1717 654 1933 723 λέγοντι

347 758 405 808 ἐν
454 755 754 826 ’ᾼσμασιψ
794 750 1148 807 Ἀποστολαί
1198 766 1316 804 σου
1367 746 1730 818 παράδεισος
1774 742 1937 815 ῥοῶν

344 847 493 916 μετὰ
524 846 771 915 καρπῶν
811 843 1190 913 ἀκροδρύων*
1222 841 1493 910 κάλαμος
1523 838 1621 893 καὶ
1645 836 1936 906 κιννάμω-

344 956 462 1009 μον
483 940 635 1008 μετὰ
661 937 903 991 πάντων
936 935 1141 1001 ξύλων
1165 934 1272 988 τοῦ
1296 931 1581 988 Λιϐάνου.
1611 932 1809 1002 Χαῖρε,
1841 926 1935 982 θύ-

352 1032 603 1103 γατερ,ή
638 1027 908 1101 θυηπόλος
935 1028 1141 1091 νεᾶνις,
1165 1020 1234 1098 ἦς
1258 1024 1320 1077 τὸ
1348 1023 1618 1095 ἄχραντον
1647 1021 1933 1093 ἐράσμιον,

352 1124 445 1177 καὶ
479 1125 508 1177 ὁ
548 1122 751 1192 κόσμος
796 1118 1098 1192 παράδοξος
1144 1117 1222 1188 τῷ
1271 1117 1506 1186 φήσαντι
1561 1116 1620 1169 ἐν
1668 1114 1933 1186 ’ᾼσμασν

358 1213 420 1266 Τί
465 1212 859 1281 ὠραιώθησαν
908 1208 1239 1278 διαδήματα
1291 1225 1408 1263 σου
1454 1208 1526 1261 ἐν
1552 1206 1896 1276 ὑποδήμασι
1917 1244 1934 1271 ,

352 1304 604 1370 θύγατερ
637 1298 988 1370 Ἀμιναδά6;
1020 1299 1091 1353 Ἢ
1111 1298 1311 1353 κοιλία
1329 1312 1446 1352 σου
1467 1296 1730 1366 θημωνία
1761 1295 1935 1349 σίτου

350 1388 734 1464 πεφραγμένη
762 1392 833 1448 ἐν
854 1393 1101 1462 κρίνοις.
1127 1392 1321 1462 Χαῖρε,
1343 1388 1565 1461 ἀδελφὴ,
1596 1389 1630 1459 ἡ
1652 1386 1746 1441 τοῦ
1771 1385 1935 1441 καλοῦ

351 1484 585 1555 ἀδελφοῦ
642 1484 972 1557 παρώνυμος
1024 1485 1120 1539 καὶ
1175 1482 1555 1555 πανὲραστος,
1602 1472 1664 1535 οὗ
1714 1482 1749 1552 ἡ
1784 1477 1939 1550 φωνὴ

352 1574 527 1630 τοιάδε
561 1576 620 1630 ὲν
671 1576 968 1648 ’ᾼσμασινο
1020 1574 1423 1643 Ἐκαρδίωσας
1456 1571 1655 1642 ἡμᾶς,
1700 1568 1935 1639 ἀδελφή

352 1685 468 1734 μου
496 1669 722 1737 νύμφη,
747 1668 1160 1737 ἐκαρδίωσας;
1186 1667 1379 1737 Χαῖρε,
1407 1665 1613 1736 νύμφη,
1638 1658 1707 1736 ἦς
1732 1680 1939 1735 νυμφο-

354 1762 543 1826 στὸλος
580 1762 643 1815 τὸ
676 1761 902 1833 Πνεῦμα
931 1761 994 1814 τὸ
1021 1761 1197 1830 ἅγιον,
1232 1761 1328 1815 καὶ
1352 1757 1588 1830 νυμφίος
1612 1757 1639 1810 ὁ
1665 1755 1930 1828 Χριστὸς,

2044 563 2320 634 virginalis
2346 563 2577 619 balsami
2616 562 2956 619 confectione
2987 564 3294 618 sanctitatis
3323 562 3439 617 sive
3459 560 3617 616 lactis

2038 655 2256 711 Christo
2274 664 2484 713 stacten
2514 655 2746 718 stillans,
2782 669 2902 724 quae
2927 670 3144 709 rursum
3173 655 3225 708 in
3255 655 3498 709 Cauticis
3525 668 3619 708 ca-

2038 745 2163 801 nis:
2212 744 2529 802 Fasciculus
2563 746 2791 816 myrrha:
2820 746 3042 801 dilectus
3080 763 3223 799 meus
3265 747 3395 800 mihi
3424 788 3439 814 ,
3481 746 3621 800 inter

2039 840 2200 893 ubera
2218 855 2332 894 mea
2362 841 2774 893 commorabitur
2796 838 2864 894 ”.
2892 840 3028 903 Ave,
3060 839 3467 902 cinnamonum,
3502 837 3618 907 spi—

2040 930 2212 987 ritalis
2247 932 2489 1002 paradisi
2531 945 2716 985 aroma
2767 930 3132 999 integritatis,
3180 929 3334 998 cujus
3385 930 3519 987 ador
3566 927 3618 981 ei

2040 1023 2215 1079 dulcis
2240 1032 2343 1090 est,
2382 1024 2472 1094 qui
2498 1022 2721 1093 perinde
2751 1023 2802 1078 in
2823 1022 3063 1077 Canticis
3097 1022 3260 1076 dicit:
3297 1020 3617 1073 Emissiones

2040 1124 2145 1171 tuae
2181 1115 2462 1187 paradisus
2507 1116 2767 1169 malorum
2825 1116 3140 1186 punicorum
3196 1130 3313 1167 cum
3366 1112 3618 1167 arborum

2039 1205 2342 1277 fructibus:
2373 1204 2611 1260 calamus
2664 1214 2713 1259 et
2754 1205 3145 1259 cinnamomum
3194 1219 3311 1256 cum
3364 1203 3617 1257 universis

2039 1295 2197 1365 lignis
2221 1295 2414 1350 Libani
2435 1297 2501 1352 ”.
2528 1296 2705 1362 Salve,
2735 1295 2866 1359 ﬁlis,
2902 1295 2995 1351 Dei
3025 1295 3281 1349 sacerdos
3306 1292 3615 1364 juvencula,

2039 1390 2196 1461 cujus
2239 1391 2450 1462 puritas
2500 1389 2914 1454 desiderabilis,
2975 1398 3029 1444 et
3064 1383 3225 1444 decor
3261 1387 3615 1450 admirabilis,

2039 1480 2117 1536 illi
2153 1481 2243 1552 qui
2280 1481 2332 1537 in
2361 1480 2606 1537 Canticis
2645 1481 2812 1537 dicit:
2847 1479 3019 1546 Quam
3062 1480 3271 1551 pulchri
3311 1489 3433 1534 sunt
3470 1496 3615 1550 gres-

2039 1588 2139 1653 sus
2165 1576 2242 1630 tui
2263 1576 2317 1630 in
2352 1574 2738 1640 calceamentis,
2776 1574 2891 1645 ﬁlia
2919 1574 3237 1630 Aminadab.
3287 1573 3475 1628 Venter
3495 1583 3615 1628 tuus

2040 1684 2254 1722 acervus
2303 1668 2488 1735 tritici,
2528 1666 2754 1723 vallatus
2784 1666 2910 1722 (iliis
2939 1667 3005 1720 ³⁰.
3035 1665 3166 1729 Ave,
3200 1680 3356 1720 soror
3395 1664 3615 1735 perpul‘

2039 1761 2154 1816 chri
2186 1760 2370 1816 fratris
2400 1758 2756 1830 cognominis,
2784 1760 2942 1830 eique
2980 1773 3190 1813 sunnne
3216 1758 3421 1827 cupita,
3463 1758 3614 1825 cujus

350 1852 579 1923 δλὲγων
608 1854 668 1908 ὲν
700 1853 998 1926 ’ᾼσμασιψ
1040 1851 1343 1919 Ὀλοκάλη
1390 1850 1428 1919 ἡ
1476 1848 1749 1917 πλησίον
1788 1865 1933 1918 μου,

2039 1867 2143 1908 vox
2194 1853 2454 1925 ejusmodi
2504 1853 2557 1909 in
2607 1851 2851 1908 Canticis
2911 1860 3120 1908 sonat:
3180 1850 3482 1907 Vulnerain
3523 1868 3615 1906 cor

352 1945 453 1999 καί
479 1944 685 2015 μῶμος
714 1947 827 1999 οὐκ
856 1943 1029 1998 ἐστιν
1055 1942 1125 1997 ἐν
1157 1943 1277 1997 σοί·
1306 1942 1482 2011 δεῦρο
1509 1941 1630 1997 ἀπὸ
1651 1940 1933 2003 Λιϐάνου,

352 2038 584 2106 νύμφη.
639 2037 836 2108 Χαῖρε,
864 2034 1058 2107 μύρον,
1106 2034 1169 2087 τὸ
1207 2032 1319 2089 τῶν
1362 2032 1577 2105 ἀρετῶν
1612 2031 1935 2103 μυριότιμον

355 2129 648 2201 σύνθημα,
694 2131 728 2200 ἡ
775 2128 1111 2198 παναγνείας
1144 2125 1340 2198 μύροις
1395 2124 1731 2198 μυρίζουσα,
1778 2123 1840 2189 ἐξ
1866 2117 1936 2195 ἧς

350 2222 665 2292 ὁμωνύμως
715 2237 797 2274 σοι
847 2219 1119 2290 προῆλθεν
1170 2220 1200 2272 ὁ
1251 2216 1486 2289 Κύριος.
1529 2217 1737 2286 Μύρον
1782 2214 1932 2287 γὰρ,

352 2314 543 2381 φησὶν,
578 2311 912 2366 ὲκκενωθὲν
940 2307 1129 2381 ὄνομά
1155 2324 1294 2365 σου·
1329 2309 1423 2379 ἀφ’
1460 2301 1524 2363 οὗ
1560 2309 1847 2380 κέχρισται
1873 2307 1935 2361 τὸ

354 2402 627 2472 βασίλειον
659 2403 983 2473 ἱεράτευμα.
1010 2402 1207 2472 Χαῖρε,
1245 2399 1521 2471 θυμίαμα,
1560 2400 1623 2453 τὸ
1655 2400 1797 2468 ὑπὲρ
1842 2399 1936 2453 κόο

353 2510 495 2565 σμου
527 2493 723 2558 παντὸς
759 2492 991 2546 ἐνώπιον
1018 2492 1228 2564 Κυρίου
1256 2491 1723 2562 κατευθυνόμενον
1762 2506 1935 2561 προσ-

349 2587 675 2657 ευκτήριον,
732 2587 766 2656 ή
823 2583 1344 2656 ἀποπεπληρωμένη
1420 2581 1483 2649 ἐξ
1555 2582 1785 2646 εὐωδίας
1839 2583 1933 2637 τοῦ

352 2677 707 2748 Πνεύματος,
749 2676 880 2747 περὶ
933 2670 1003 2748 ἧς
1040 2693 1145 2729 που
1194 2673 1590 2746 θαυμαστικῶς
1634 2673 1889 2745 βεϐόηται
1915 2691 1931 2707 ο

359 2769 458 2836 Τίς
478 2770 630 2839 αὕτη
669 2770 1085 2831 ἀναϐαίνουσα
1126 2768 1248 2825 ἀπὸ
1270 2768 1382 2837 τῆς
1420 2766 1668 2838 ἐρήμου,
1695 2768 1774 2833 ὡς
1801 2784 1934 2822 στε-

351 2862 508 2932 λέχη
529 2864 760 2918 καπνοῦ
782 2861 1177 2932 τεθυμιαμένη
1190 2860 1654 2933 ;Χαῖρε,χρυσίον
1675 2859 1933 2931 καθαρὸν,

353 2955 388 3023 ή
442 2955 500 3007 ὲν
544 2954 744 3026 χωνείᾳ
772 2954 866 3008 τοῦ
915 2953 1051 3008 Θεοῦ
1089 2950 1484 3024 δοκιμασθεῖσά
1532 2950 1613 3023 τῷ
1652 2951 1788 3022 πυρὶ
1837 2950 1933 3003 τοῦ

355 3043 709 3114 Πνεύματος,
747 3045 842 3099 καὶ
892 3044 1145 3117 μηδαμοῦ
1178 3044 1364 3115 ῥυτίδα
1412 3042 1611 3107 κακίας
1652 3042 1893 3114 φέρουσα
1916 3058 1931 3073 ο

354 3133 420 3199 ἐξ
459 3131 520 3188 οὗ
548 3137 582 3206 ἦ
609 3153 669 3190 τε
708 3137 932 3208 λυχνία,
984 3137 1080 3193 καὶ
1120 3139 1154 3209 ἡ
1189 3135 1475 3210 τράπεζα,
1505 3136 1601 3190 καὶ
1652 3134 1832 3189 πάντα
1865 3134 1936 3189 τά

354 3227 501 3282 κατά
538 3229 631 3282 τὸν
662 3230 824 3301 νόμον
871 3230 1080 3302 χρύσεα
1110 3232 1230 3284 κατ’
1264 3230 1499 3302 ἔμφασιν
1546 3226 1934 3301 ἀλληγορικὴν,

353 3316 453 3371 ἐπὶ
484 3317 543 3370 σὲ
570 3318 660 3372 τὸν
684 3320 1040 3391 χρυσώνυμον
1067 3321 1163 3375 καὶ
1197 3320 1551 3391 πολυώνυμον
1584 3317 1938 3390 μεταλαμδά-

353 3424 528 3464 νεται.
564 3409 763 3481 Χαῖρε,
800 3410 955 3477 ξύλον
971 3412 1235 3484 ἄσηπτον,
1280 3415 1315 3484 ἡ
1368 3412 1577 3483 φθορᾶς
1625 3411 1937 3483 ἀμαρτικῆς

358 3498 437 3569 μὴ
469 3502 861 3573 προσηκαμένη
911 3502 1170 3575 σκώληκα
1195 3545 1211 3571 ,
1240 3504 1297 3572 ἐξ
1328 3500 1397 3578 ἦς
1427 3506 1488 3558 τὸ
1520 3504 1710 3576 νοητὸν
1751 3503 1939 3557 θυσια-

357 3590 602 3661 στήριον,
634 3594 735 3646 ούκ
768 3594 832 3647 ὲκ
860 3593 1034 3661 ξύλων
1062 3595 1171 3667 (76)
1206 3596 1468 3667 ἀσηπτων
1498 3594 1940 3663 κατεσκευασμέ-

355 3696 469 3744 νον,
514 3680 631 3733 ἀλλ’
677 3683 736 3750 ἐξ
780 3684 1062 3756 ἀχράντων
1102 3684 1344 3754 λαγόνων
1386 3685 1506 3756 Θεῷ
1549 3684 1933 3757 δεδομημένον.

356 3769 553 3838 Χαῖρε,
580 3770 833 3843 πορφύρα
863 3772 1146 3846 βασιλικὴ,
1173 3776 1207 3846 ἡ
1236 3776 1301 3828 ἐκ
1321 3773 1666 3846 παρθενικῶν
1688 3775 1937 3846 αἱμάτων

358 3878 457 3913 σου
505 3861 821 3932 ὲξυφάνασα
862 3865 1158 3937 ἁλουργίδα
1195 3864 1274 3938 τῷ
1302 3866 1516 3936 λέγοντι
1558 3869 1616 3922 ὲν
1661 3868 1937 3939 ’ᾼσμασιο

357 3956 626 4009 Πλοκίον
674 3956 951 4028 κεφαλῆς
995 3975 1112 4013 σου
1143 3960 1224 4027 ὡς
1274 3961 1586 4030 πορφύρα·
1636 3960 1939 4027 βασιλεὺς

357 4046 678 4117 δεδεμένος
710 4049 781 4104 ἐν
818 4050 1246 4121 παραδρομαῖς.
1301 4053 1363 4108 Τί
1412 4051 1743 4122 ὠραιώθης,
1796 4053 1836 4122 ἢ
1881 4052 1940 4107 τί

357 4138 665 4208 sidut-611g;
689 4142 881 4215 Χαῖρε,
907 4142 1104 4214 βύσσος
1134 4144 1512 4217 κεκλωσμένη,
1530 4128 1570 4217 ή
1599 4144 1758 4215 βάθος
1780 4144 1939 4199 θείων

356 4231 650 4302 νοημάτων
697 4236 755 4290 ὲν
798 4235 1006 4308 διανοίᾳ
1046 4236 1333 4302 κλώσασα,
1378 4238 1472 4293 καὶ⁵
1515 4240 1636 4303 ταῖς
1667 4238 1940 4302 ἐναντίαις

358 4321 604 4388 θέλξεσιν
626 4326 877 4397 ἄχαυνος·
902 4326 1036 4394 Πῶς
1057 4327 1188 4397 γὰρ,
1214 4329 1400 4399 φησὶν,
1426 4330 1597 4384 ἔσται
1615 4345 1718 4399 μοι
1740 4326 1937 4392 τοῦτο,

355 4414 488 4469 ἐπεὶ
520 4415 708 4487 ἄνδρα
738 4419 811 4474 οὐ
847 4418 1153 4488 γινώσκω;
1188 4419 1266 4473 Δι’
1293 4415 1362 4493 ἦς
1393 4422 1427 4492 ή
1472 4420 1688 4491 ὲπωμὶς
1732 4436 1942 4491 πορφυ-

2036 1961 2208 1999 meum
2227 1986 2243 2010 ,
2274 1961 2429 2000 soror
2453 1961 2567 2000 mea
2607 1963 2804 2015 sponsa
2829 1988 2844 2013 ,
2873 1945 3160 2001 vulnerasti
3204 1961 3296 2000 cor
3349 1961 3520 1998 meum
3542 1944 3614 1999 ⁸⁸.

2035 2037 2168 2102 Ave,
2192 2052 2391 2108 sponsa
2418 2076 2437 2104 ,
2470 2035 2623 2106 cujus
2663 2038 2941 2108 pronubus
2978 2036 3215 2107 Spiritus
3239 2048 3456 2093 sanctus
3481 2078 3498 2105 ,
3548 2054 3615 2092 ae

2035 2126 2284 2183 Christus
2313 2141 2545 2197 sponsus
2565 2168 2581 2192 ,
2640 2128 2732 2199 qui
2765 2127 2895 2183 dicit
2925 2126 2979 2182 in
3004 2126 3244 2183 Canticis
3271 2145 3287 2183 :
3324 2126 3457 2182 Tota
3486 2126 3608 2195 pul-

2035 2222 2165 2276 chra
2189 2237 2265 2287 es,
2298 2221 2472 2275 amica
2500 2237 2637 2285 mea,
2666 2230 2717 2275 et
2746 2220 2955 2275 macula
2984 2237 3088 2275 non
3121 2231 3195 2276 est
3223 2221 3275 2275 in
3302 2230 3381 2286 te;
3406 2220 3524 2275 veni
3550 2221 3622 2275 de

2035 2313 2260 2380 Libano,
2285 2331 2478 2385 sponsa
2504 2314 2573 2368 ⁸³.
2620 2313 2754 2380 Ave,
2779 2321 3108 2383 unguentum
3135 2356 3157 2381 ,
3206 2312 3403 2370 inﬁniti
3451 2313 3610 2382 pretii

2036 2389 2399 2475 compositio:
2412 2407 2713 2475 omnigenae
2728 2405 3061 2462 castimoniae
3083 2412 3355 2472 unguenta
3372 2407 3619 2473 spirans,

2034 2512 2100 2553 ex
2133 2512 2237 2567 qua
2268 2497 2527 2554 Dominus
2559 2497 2700 2554 idem
2740 2507 2915 2552 tecum
2947 2512 3155 2552 nomen
3180 2510 3376 2567 gerens
3416 2496 3651 2577 prodiit.

2037 2588 2135 2657 (ait
2167 2589 2335 2671 enim,
2370 2595 2693 2659 unguentum
2727 2587 2956 2657 e/rusum
2987 2602 3175 2641 nomen
3210 2595 3358 2640 tuum
3378 2585 3471 2656 ”),
3505 2599 3612 2654 quo

2036 2679 2216 2750 regale
2267 2688 2489 2735 unctum
2543 2679 2908 2736 sacerdotium
2963 2679 3086 2733 fuit.
3138 2680 3274 2743 Ave,
3308 2677 3608 2739 incensum,

2038 2777 2361 2847 precationis
2416 2776 2568 2833 locus
2618 2792 2716 2847 pro
2751 2776 2897 2832 omni
2954 2774 3153 2830 mundo
3208 2775 3446 2829 directus
3481 2783 3609 2827 ante

2034 2868 2350 2935 Dominum;
2371 2882 2489 2937 qua:
2510 2856 2803 2936 fragrantia
2823 2865 3057 2936 Spiritus
3082 2864 3284 2934 repleta
3316 2879 3395 2930 es,
3422 2863 3488 2918 de
3505 2877 3610 2932 qua

2038 2959 2355 3016 admirantis
2382 2972 2514 3015 voce
2542 2958 2833 3013 clamatum
2862 2974 2875 3012 :
2910 2956 3043 3022 Quae
3063 2966 3137 3010 est
3155 2956 3281 3022 ista,
3309 2970 3426 3026 qua
3447 2953 3616 3025 856

2036 3053 2270 3108 «tacendi!
2303 3051 2369 3107 de
2395 3052 2624 3119 deserto,
2655 3059 2911 3122 tanquam
2933 3050 3143 3121 virgula
3172 3049 3307 3119 fumi
3335 3049 3504 3117 sufﬁta
3526 3047 3617 3101 ³δῖ

1962 3169 2008 3229 c
2038 3146 2173 3211 Ave,
2200 3160 2390 3200 aurum
2416 3159 2635 3214 purum,
2660 3158 2781 3213 qua:
2817 3142 2940 3213 igne
2971 3140 3204 3213 Spiritus
3228 3140 3283 3196 in
3313 3140 3437 3194 vitae
3459 3139 3615 3209 hujus

2042 3238 2358 3296 conﬂatorio
2415 3237 2643 3308 probata
2701 3250 2796 3305 es,
2849 3251 2949 3291 nec
2974 3234 3193 3290 malitiae
3224 3248 3451 3304 usquam
3483 3248 3615 3302 ruga

2043 3328 2345 3384 deformis:
2394 3343 2460 3383 ex
2504 3341 2612 3397 quo
2651 3340 2818 3391 auro,
2874 3333 2990 3381 tum
3040 3324 3421 3381 candelabrum
3453 3362 3469 3387 ,
3500 3332 3614 3378 tum

2043 3434 2249 3483 mensa,
2288 3429 2401 3473 tum
2435 3418 2639 3489 reliqua
2671 3417 2861 3489 omnia
2887 3416 3020 3487 legis
3053 3417 3158 3470 ritu
3187 3428 3378 3480 aurea,
3412 3415 3614 3485 allego-

2044 3512 2138 3567 ria:
2164 3527 2269 3566 non
2296 3509 2545 3581 ambigua
2573 3482 2967 3579 signiﬁcatione
3000 3507 3067 3563 de
3115 3517 3165 3561 te
3194 3508 3375 3562 aureis
3403 3506 3616 3561 multis-

2043 3616 2148 3674 que
2166 3600 2474 3656 nominibus
2491 3600 2689 3655 celebri
2714 3600 3080 3669 accipiuntur.
3107 3597 3243 3665 Ave,
3272 3597 3475 3668 lignum
3508 3614 3615 3653 non

2043 3704 2361 3764 putrescens
2382 3730 2397 3758 ,
2433 3706 2550 3762 quae
2585 3690 2954 3762 corruptionis
2996 3689 3205 3760 peccati
3237 3704 3477 3745 vermem
3510 3704 3615 3744 non

2044 3784 2311 3841 admisisti
2340 3801 2355 3839 :
2386 3798 2453 3837 ex
2485 3797 2590 3853 qua
2618 3781 2899 3854 spirituale
2939 3781 3111 3836 altare
3134 3821 3150 3849 ,
3180 3796 3284 3835 non
3333 3764 3425 3835 ex.
3455 3780 3618 3850 lignis

2045 3874 2511 3946 imputrihilibus,
2560 3874 2655 3930 sed
2710 3888 2777 3928 ex
2828 3873 3149 3928 intemerato
3196 3880 3353 3927 utero
3407 3880 3621 3926 exstru-

2044 3976 2190 4022 ctum
2218 3964 2321 4019 fuit
2356 3964 2482 4019 Deo.
2515 3965 2647 4029 Ave,
2682 3978 2917 4033 purpura
2934 3964 3104 4031 regia,
3134 3976 3253 4031 qua:
3281 3975 3347 4015 ex
3372 3959 3618 4030 virginali

2047 4068 2140 4115 tuo
2175 4058 2437 4130 sanguine
2472 4071 2798 4127 purpuream
2825 4065 3030 4111 vestem
3062 4055 3301 4118 texuisti,
3330 4053 3528 4107 dicenti
3567 4052 3620 4105 in

2045 4148 2327 4206 Canticis:
2360 4147 2561 4203 Plexus
2584 4148 2769 4217 capitis
2793 4149 2871 4201 tui
2895 4159 2949 4201 ut
2983 4163 3218 4217 purpura
3244 4162 3265 4200 :
3300 4161 3391 4200 rex
3420 4146 3622 4199 vinctus

2044 4242 2101 4296 in
2133 4240 2546 4296 transcursibus.
2579 4238 2749 4305 Quam
2778 4239 3021 4308 pulchra,
3056 4248 3105 4293 et
3132 4253 3290 4308 quam
3332 4237 3507 4291 suavis
3530 4236 3573 4267 ³⁸
3604 4236 3618 4290 l

2044 4336 2180 4401 Ave,
2197 4333 2393 4404 byssus
2441 4342 2664 4398 retorta,
2710 4330 2818 4385 alta
2864 4345 3146 4386 sensorum
3177 4329 3360 4384 animo
3390 4330 3624 4383 circum-

2045 4426 2268 4481 volvens
2295 4464 2311 4492 ,
2371 4438 2471 4479 nec
2534 4423 2826 4479 contrariis
2891 4422 3165 4477 illecebris
3197 4421 3396 4476 cedens
3429 4438 3442 4474 :
3478 4420 3624 4485 Quo-

362 4510 794 4582 ροχρυσόμικτος
820 4511 901 4584 τῷ
939 4511 1283 4585 ἱεραρχοῦντι
1328 4512 1438 4567 τῶν
1482 4512 1596 4567 ἄνω
1622 4512 1938 4584 Δυνάμεων.

2043 4516 2198 4570 modo
2225 4516 2383 4580 enim,
2412 4515 2608 4585 inquit,
2641 4516 2738 4569 hoc
2758 4514 2889 4567 mihi
2919 4513 3140 4578 accidet,
3176 4514 3422 4578 quoniam
3456 4513 3623 4566 virum

358 4602 559 4672 Χαῖρε,
587 4602 863 4669 ὑάκινθος,
888 4604 948 4659 τὸ
968 4605 1302 4675 φλογοφανὲς
1317 4605 1417 4676 τῆς
1450 4604 1749 4677 παρθενίας
1774 4604 1920 4676 ἔριον

361 4693 428 4759 ἐξ
458 4687 519 4748 οὗ
557 4697 835 4766 μυστικῶς
865 4696 943 4768 τῷ
975 4695 1094 4768 Θεῷ
1126 4696 1480 4771 ίερούργηται
1508 4695 1714 4768 ἄμφιον
1751 4714 1939 4768 σωμα-

361 4786 604 4850 τώσεως.
625 4791 817 4861 Χαῖρε,
856 4789 1031 4861 κούφη
1060 4790 1259 4861 νεφέλη
1284 4832 1299 4855 ,
1332 4792 1365 4861 ἡ
1392 4789 1454 4844 τὸ
1472 4788 1673 4859 γεῶδες
1700 4789 1794 4842 καὶ
1827 4787 1946 4859 βρί-

2043 4623 2146 4662 non
2165 4605 2610 4679 cognosco“?Ex
2621 4621 2725 4677 qua
2751 4607 2947 4662 summi
2967 4619 3325 4675 supernarum
3357 4602 3623 4657 Virtutum

2044 4698 2300 4753 antistitis
2314 4713 2550 4769 purpura
2566 4712 2809 4768 auroque
2825 4697 3187 4752 intermistum
3206 4694 3482 4749 humerale
3499 4710 3597 4747 con

2045 4799 2248 4846 textum
2262 4800 2364 4846 est.
2381 4790 2514 4855 Ave,
2530 4789 2874 4861 hyacinthus,
2890 4788 3121 4842 ﬂammei
3139 4787 3339 4843 coloris
3352 4786 3625 4857 virginita-

363 4880 461 4933 θον
478 4882 697 4951 σκῆνος,
715 4882 918 4953 κοῦφόν
937 4901 1053 4949 πως
1069 4885 1203 4956 (77),
1229 4886 1304 4946 ὡς
1328 4884 1584 4954 ἀερῶδες,
1607 4883 1824 4952 ἔχουσα,
1850 4880 1944 4934 καὶ

2047 4882 2117 4938 tis
2136 4882 2327 4949 vellus,
2348 4899 2413 4937 ex
2428 4898 2537 4954 quo
2556 4882 2781 4954 mystice
2807 4881 3050 4950 corporis
3071 4881 3301 4934 amictus
3323 4877 3430 4930 Deo
3445 4878 3623 4931 cumli-

366 4970 465 5022 τὸν
487 4971 648 5041 ἄρτον
678 4975 775 5044 τῆς
804 4974 950 5045 ζωῆς
982 4976 1059 5039 ὼς
1092 4977 1149 5029 ὲν
1175 4974 1546 5045 θυσιαστηρίῳ
1574 4972 1941 5039 καλύπτουσα,

366 5066 431 5116 ἐν
522 5066 1013 5139 καθῆσθαιΚύριον
1042 5068 1267 5131 Ἥσαῒας
1294 5067 1722 5139 προσηγόρευσε.
1748 5066 1942 5137 Χαῖρε,

367 5157 630 5228 ἄχραντε,
666 5159 728 5212 τδ
775 5159 1055 5230 ἀνέπαφον
1104 5161 1201 5231 τῆς
1240 5158 1535 5231 παρθενίας
1573 5157 1879 5229 κειμήλιον,
1910 5157 1943 5229 ή

2053 4982 2139 5029 tus
2167 4974 2286 5029 fuit.
2314 4975 2447 5039 Ave,
2472 4978 2641 5031 nubes
2661 4975 2813 5038 levis,
2837 4983 3107 5027 terrenum
3126 4980 3181 5025 et
3209 4985 3372 5039 grave
3392 4969 3631 5038 pondus,

2051 5064 2167 5119 leve
2185 5066 2581 5134 quodammodo
2598 5066 2739 5119 aeris
2769 5064 2941 5118 instar
2965 5058 3368 5116 tabernaculqu
3396 5060 3635 5118 habens,

2051 5172 2115 5212 ac
2136 5157 2283 5213 velut
2311 5157 2363 5212 in
2394 5156 2555 5217 altari
2577 5171 2769 5225 panem
2786 5156 2909 5210 vitm
2926 5154 3199 5225 operiens,
3228 5151 3313 5207 cui
3344 5150 3513 5203 Isaias
3529 5149 3633 5203 Do-

363 5246 463 5301 τὸν
489 5249 762 5323 ἄχραντξδγ
784 5250 956 5319 Λόγον
994 5254 1337 5321 γεννήσασα,
1374 5250 1468 5320 ἀφ’
1499 5244 1567 5321 ἦς
1610 5249 1643 5320 ή
1678 5247 1945 5319 παρθενία

2053 5248 2259 5303 minum
2298 5249 2564 5305 insedisse
2583 5247 2913 5302 vaticinatus
2935 5255 3021 5303 est
3041 5246 3107 5299 ³⁷.
3131 5243 3635 5311 Ανο,,ἱηιοιηοι·αιο,

444 5410 489 5441 ’⁷
520 5408 679 5464 Cant.
706 5423 745 5473 ι,
777 5407 865 5463 Η.
942 5409 987 5469 _“
1019 5408 1149 5462 lhid.
1185 5407 1268 5462 1‘2.
1345 5409 1390 5443 '9
1418 5407 1577 5465 Cant.
1611 5422 1685 5473 Iv,
1720 5406 1807 5473 13,
1844 5408 1933 5463 M.

2039 5407 2229 5462 ’Cant.
2262 5422 2359 5473 vn,
2386 5407 2438 5461 l.
2515 5406 2558 5437 "
2596 5405 2752 5462 Cant.
2787 5420 2859 5471 tv,
2887 5404 2941 5461 9.
3023 5404 3066 5435 ³³
3096 5403 3226 5459 lhid.
3264 5402 3320 5455 7‘.
3402 5400 3448 5433 ³³
3472 5402 3628 5457 Cant.

369 5496 413 5545 ι,
442 5479 498 5532 2.
577 5480 625 5513 ”
646 5480 808 5535 Cant.
847 5494 928 5544 ιιι,
950 5481 1003 5533 6.
1085 5479 1129 5511 ³⁸
1156 5478 1311 5533 Cant.
1347 5492 1444 5542 vn,
1470 5478 1525 5542 5,
1557 5479 1608 5531 6.
1692 5477 1738 5509 ³⁸
1772 5477 1900 5533 Luc.
1935 5493 1950 5533 ι

2039 5482 2089 5535 4.
2166 5480 2209 5511 ³⁷
2242 5478 2343 5532 lsa.
2380 5494 2494 5545 χιιι,
2530 5479 2582 5533 1.

446 5621 558 5695 (7Q)
592 5621 755 5695 Allat.
788 5623 919 5695 legit
946 5624 1188 5695 σηπτῶν,
1229 5620 1671 5695 corruptioilibus.

2059 5638 2165 5693 que
2196 5632 2390 5679 vocant
2410 5623 2568 5694 ἀέρα,
2599 5639 2653 5692 q.
2689 5623 2743 5678 d.
2778 5641 2952 5679 aerem
2980 5640 2998 5681 :
3030 5623 3171 5695 quod
3190 5620 3349 5678 male
3365 5618 3630 5677 Combell-

446 5693 561 5762 (Π)
601 5693 689 5757 Ὠς
736 5691 1236 5767 ἀερῶδεςζ-Αίιυόὶι
1277 5691 1357 5767 _ad
1404 5691 1730 5767 velunt_quo
1777 5693 1949 5767 (ἔνιοι-ἱ

2061 5691 2175 5751 sius
2203 5711 2299 5767 pro
2336 5691 2885 5766 corpbralisumpsit.

373 5773 626 5821 sanctum
658 5763 851 5843 panem
895 5765 948 5820 in
990 5764 1144 5820 altari
1178 5763 1409 5834 positum
1452 5763 1730 5833 operiunt,
1772 5765 1947 5832 quod-
