4046 6466
445 346 552 409 695

444 551 681 606 Verbum
712 550 1007 621 peperisti,
1055 565 1122 606 ex
1155 566 1258 620 qua
1288 549 1568 621 virginitas
1597 551 1854 612 mundum
1884 564 2035 605 com-

442 641 640 710 pendio
664 640 916 697 brevians
935 641 1124 697 eluxit.
1153 641 1467 713 Ave,fpura.
1491 656 1610 710 qua:
1630 641 1745 701 sola
1777 642 2035 697 mundum

445 748 542 785 cor
578 732 781 787 habere
811 733 1037 803 gloriari
1074 735 1253 803 possis
1282 752 1295 788 :
1336 748 1491 793 mons
1522 747 1651 791 vere
1684 733 1791 789 Deo
1815 740 2036 802 gratus;

445 840 512 877 ex
543 839 649 894 qua
669 840 840 879 novus
860 823 1027 880 lsrael
1046 836 1231 882 vetere
1252 825 1598 896 praestantius
1628 825 2040 894 diuturniusque

448 916 842 972 sanctiﬁcatur.
876 918 1014 983 Ave,
1051 920 1126 973 rei
1159 916 1503 977 connubialis
1538 915 1904 983 nescia,nulla
1938 912 2041 969 viri

450 1019 651 1075 npera,
699 1006 941 1076 nuptiale
986 1007 1331 1077 puerperium
1386 1008 1584 1070 edens,
1638 1006 1941 1074 matrisque
1985 1005 2039 1067 in

452 1110 661 1151 morem
708 1096 760 1150 iu
813 1096 980 1165 prolis
1021 1096 1341 1161 alimentum
1388 1097 1547 1161 laetis
1589 1096 1769 1155 fontes
1816 1095 2039 1162 ferens;

454 1191 600 1245 unde
632 1186 716 1242 lac
756 1187 1021 1258 virginale
1051 1190 1098 1245 ei
1152 1189 1245 1259 qui
1298 1199 1494 1249 cuncta
1528 1189 1738 1257 nutrit,
1799 1188 2040 1247 elicitur.

453 1280 590 1343 Ave,
634 1280 915 1350 impolluta
945 1320 960 1346 ,
984 1282 1097 1338 sola
1131 1282 1240 1337 Deo
1282 1282 1336 1336 in
1378 1298 1482 1353 qua
1538 1282 1807 1341 habitaret
1835 1282 2041 1351 pervia,

455 1370 662 1445 Deique
685 1372 1048 1442 dignationem
1081 1389 1111 1428 a
1144 1385 1235 1430 tuo
1279 1385 1437 1445 partu
1469 1374 1672 1433 habens
1702 1392 1714 1428 :
1744 1374 1885 1430 unde
1907 1388 2043 1428 cun-

457 1464 563 1520 etis
612 1465 778 1520 etiam
836 1466 961 1522 caeli
1013 1466 1379 1525 Potestatibus
1434 1466 1758 1525 venerabilis
1803 1481 1881 1526 es.
1909 1466 2043 1531 Ave,

458 1553 629 1611 vellus
651 1554 944 1622 Gedeonis,
978 1557 1225 1615 victoriae
1248 1557 1548 1631 symbolum
1579 1557 1646 1621 ⁸⁸,
1682 1573 1749 1615 ex
1773 1572 1877 1627 qua
1913 1557 2047 1625 ligu-

460 1656 577 1703 rate
606 1645 721 1702 Rex
750 1647 1075 1704 immortalis
1117 1649 1340 1704 deﬂuxit
1364 1690 1380 1716 ,
1412 1650 1505 1719 qui
1545 1650 1824 1717 conceptis
1863 1648 2047 1702 verbis

461 1738 539 1795 ait
566 1756 580 1793 :
610 1738 874 1807 Conﬁdite
898 1781 914 1808 ,
956 1757 1048 1813 ego
1077 1742 1175 1797 vici
1203 1742 1454 1797 mundum
1487 1741 1553 1801 ‘9.
1583 1741 1718 1809 Ave,
1751 1741 1842 1795 Dei
1879 1740 2046 1803 locus.

1086 410 1089 411 ν
1626 347 1687 406 S.
1724 344 2045 410 JOANNIS
2085 346 2517 407 DAMASCENI

443 458 711 515 intactum
761 454 1093 528 virginitatis
1140 456 1383 525 monile,
1438 472 1557 526 quae
1616 457 2027 519 immaculatum

2166 458 2408 530 ξὲλαμψε
2459 460 2550 513 τὸν
2591 457 2799 529 κόσμον
2831 456 3225 533 συντέμνουσα.
3257 456 3455 528 Χαῖρε,
3496 453 3634 525 ἁγνὴ
3656 493 3676 520 ,
3706 454 3749 524 ἡ

3629 341 3751 405 696

2152 550 2288 623 μόνη
2332 552 2432 620 τὴν
2481 551 2711 623 καρδίαν
2749 548 2922 620 ἁγνὴν
2961 548 3357 619 αύχηματικῶς
3394 548 3609 617 ἔχουσα.
3665 546 3749 600 τὸ

2140 644 2265 713 ὅρος
2302 643 2519 716 ἀληθῶς
2561 642 2622 697 τὸ
2659 642 2960 705 θεόδεκτον,
3005 643 3100 711 ἀφ’
3141 634 3203 696 οὗ
3232 641 3515 709 άγνίζεται
3549 642 3577 693 6
3617 639 3750 702 νέος

2154 737 2373 809 Ἰσραὴλ
2418 737 2516 791 τοῦ
2546 737 2713 793 πάλαι
2756 735 3192 807 τιμαλφέστερον
3226 735 3319 789 καὶ
3352 734 3747 804 χρονιώτερον.

2145 830 2342 899 Χαῖρε,
2375 828 2664 898 ἀλόχευτε,
2709 827 3058 900 βρεφοτρεςρῆ
3091 828 3383 899 γαλουχίαν
3419 842 3751 897 μητροπρε-

2144 920 2264 985 πῶς
2298 920 2574 991 φέρουσα,
2617 921 2711 990 ἀφ’
2746 915 2815 992 ἧς
2854 920 3089 990 ἀμέλγει
3116 920 3264 989 γάλα
3304 918 3664 990 παρθενικδν,
3722 919 3754 970 ό

2142 1012 2359 1085 τρέφων
2383 1014 2452 1066 τὰ
2490 1012 2803 1082 σύμπαντα.
2829 1013 3024 1083 Χαῖρε,
3055 1012 3347 1082 ἀμόλυντε,
3383 1013 3418 1081 ἠ
3456 1011 3590 1081 μόνη
3622 1007 3757 1077 Θεῷ

2144 1102 2225 1160 είς
2259 1101 2535 1171 ἐνοίκησιν
2578 1101 2907 1172 εὐπρόσιτος
2927 1140 2943 1165 ,
2974 1101 3070 1157 καὶ
3098 1100 3236 1155 Θεοῦ
3277 1101 3498 1170 ἀξίωμα
3530 1102 3592 1152 ἐκ
3617 1115 3754 1166 γενο

2145 1191 2353 1261 νήσεως
2384 1189 2586 1260 ἔχουσα
2609 1207 2621 1220 ·
2662 1190 2743 1243 διὸ
2791 1192 2856 1245 σὺ
2894 1189 3250 1262 προσκυνητὴ
3283 1189 3378 1243 καὶ
3418 1188 3623 1249 πάσαις
3656 1188 3758 1243 οὐ·

2150 1282 2361 1351 ρανίαις
2386 1282 2677 1352 Δυνάμεσι,
2708 1283 2905 1352 Χαῖρε,
2941 1282 3099 1348 πόκε,
3133 1285 3194 1337 τὸ
3232 1281 3363 1354 περὶ
3408 1282 3501 1336 τὸν
3533 1278 3756 1333 Γεδεὼν

2146 1373 2304 1441 νίκης
2334 1372 2623 1443 σύμϐολον,
2658 1372 2718 1438 ἐξ
2741 1369 2809 1445 ἦς
2835 1375 3089 1446 ἀπερρύη
3116 1372 3398 1445 τροπικῶς
3425 1375 3459 1442 ἡ
3486 1372 3687 1442 δρόσος
3720 1372 3756 1439 ἡ

2148 1463 2451 1526 ἀθάνατος,
2497 1464 2526 1523 6
2562 1462 2901 1525 αὐτολέκτως
2938 1463 3213 1533 φάμενος*
3262 1461 3581 1531 Θαρσεῖτε,
3633 1460 3760 1529 ἐγὼ

2147 1553 2437 1621 νενίκηκα
2465 1552 2573 1606 τὸν
2618 1554 2870 1622 κόσμον.
2908 1554 3101 1625 Χαῖρε,
3131 1553 3332 1624 χωρίον
3372 1552 3539 1615 Θεοῦ,
3566 1553 3665 1607 τὸν
3698 1555 3759 1607 ἐν

2153 1646 2319 1698 πᾶσιν
2349 1642 2637 1715 ἀχὼρητον
2667 1646 2724 1698 ὲν
2753 1646 2954 1716 γαστρὶ
2994 1648 3329 1715 χωρήσασαο
3364 1638 3426 1698 οὗ
3467 1644 3539 1697 τά
3570 1645 3756 1697 πάντα

2151 1739 2208 1789 ὲν
2236 1736 2422 1807 δρακὶ,
2462 1736 2557 1789 καὶ
2602 1735 2699 1789 σοῦ
2754 1736 3023 1807 παρόντος
3050 1738 3111 1790 ὲν
3140 1737 3334 1809 χερσίν
3356 1753 3370 1767 ·
3407 1737 3438 1795 ὃ
3473 1737 3571 1789 καὶ
3595 1736 3761 1803 λεγόο

463 1829 557 1900 qui
579 1841 735 1887 utero
757 1832 931 1901 ipsum
950 1846 1009 1887 es
1028 1831 1331 1901 complexa,
1360 1832 1452 1904 qui
1490 1832 1543 1887 in
1570 1832 1823 1897 omnibus
1847 1832 2048 1901 absque

2163 1847 2323 1899 μενον
2371 1829 2711 1900 ἀδιανόητον,
2760 1830 2856 1883 καὶ
2896 1827 3280 1900 διανοούμενον
3330 1830 3763 1887 ἀσυνείκαστον.

463 1937 530 1977 eo
563 1922 707 1992 quod
732 1923 1096 1989 contineatur,
1114 1923 1358 1983 exsistit:
1385 1924 1437 1978 in
1456 1923 1606 1995 cuius
1626 1923 1829 1995 pugillo
1858 1924 2043 1979 omnia

466 2019 644 2078 sunt,
678 2026 799 2067 eum
835 2012 950 2083 ipse
981 2012 1088 2069 tuis
1124 2013 1181 2068 in
1213 2014 1464 2070 manibus
1496 2023 1617 2070 est:
1649 2014 1792 2086 quod
1847 2030 1947 2069 nec
2002 2016 2048 2070 si

465 2102 648 2157 verbis
691 2102 1031 2172 exprimatur
1058 2144 1074 2170 ,
1120 2104 1384 2175 intelligi,
1412 2120 1551 2172 nec,
1598 2105 1645 2160 si
1696 2106 2047 2176 intelligatur,

464 2191 661 2262 conjici
695 2192 827 2248 satis
854 2202 1051 2263 potest.
1090 2193 1270 2267 Salve,
1297 2195 1392 2251 Dei
1424 2194 1597 2252 Mater
1623 2236 1639 2263 ,
1669 2198 1780 2259 sola
1822 2197 1940 2259 Filii
1968 2198 2050 2255 sui

466 2284 659 2339 ancilla
682 2324 699 2351 ,
731 2294 894 2357 atque
927 2287 1090 2342 ambo
1117 2297 1311 2345 natura
1350 2304 1363 2342 :
1402 2298 1688 2358 postquam
1723 2289 1870 2349 nulla
1903 2290 2054 2363 virgo

469 2386 647 2432 mater
675 2386 876 2444 exstat,
909 2377 1066 2434 beata
1093 2379 1407 2450 virginitate
1436 2383 1503 2439 ad
1537 2382 1825 2452 pristinam
1858 2384 1908 2439 in
1947 2398 2048 2454 pa-

472 2470 651 2526 radiso
686 2470 1145 2541 incorruptionem
1181 2474 1568 2539 reversa.Ave,
1606 2474 1699 2530 Dei
1728 2476 2053 2543 susceptrix,

472 2562 800 2623 luminosum
831 2563 1030 2621 divinae
1064 2564 1349 2627 inﬁnitatis
1380 2566 1743 2632 elementum,
1776 2569 1930 2636 cujus
1959 2582 2052 2636 pe-

2151 1922 2345 1991 Χαῖρε,
2373 1919 2509 1975 Θεοῦ
2522 1921 2746 1991 Μήτηρ,
2771 1921 2805 1990 ἡ
2835 1919 2973 1991 μόνη
2996 1919 3093 1973 τοῦ
3118 1920 3250 1979 ίδίου
3282 1918 3413 1973 Υίοῢ
3436 1919 3624 1990 δούλη,
3661 1906 3762 1971 καἱ

2153 2013 2320 2084 ἄμφω
2356 2013 2538 2083 φύσει,
2582 2012 2703 2083 μεθ’
2729 2012 2795 2082 ἣν
2833 2014 2936 2067 οὐκ
2972 2011 3089 2073 ἔστι
3130 2013 3318 2084 μήτηρ
3354 2011 3630 2083 παρθένος
3658 2010 3764 2079 τῆς

2158 2104 2436 2176 μακαρίας
2470 2102 2769 2175 παρθενίας
2798 2104 2880 2169 εἰς
2902 2104 3001 2179 τὴν
3029 2104 3159 2176 πρὶν
3186 2106 3244 2161 ὲν
3275 2102 3600 2174 παραδείσῳ
3626 2103 3761 2159 ἀνα-

2155 2196 2470 2277 δραμούσης
2501 2196 2829 2267 ἀφθαρσίαν.
2888 2197 3082 2268 Χαῖρε,
3126 2196 3402 2267 Θεοδόχε,
3466 2196 3765 2265 φωτοειδὲς

2158 2291 2421 2359 στοιχεῖον
2446 2288 2545 2358 τῆς
2582 2287 2734 2352 θείας
2760 2287 3015 2360 ἀπειρίας
3039 2328 3054 2352 ,
3081 2279 3143 2340 οὗ
3168 2288 3196 2341 6
3233 2288 3463 2359 ἄπειρος
3488 2325 3505 2350 ,
3531 2287 3761 2357 ποδιαίᾳ

2157 2380 2359 2450 γαστρὶ
2392 2379 2803 2450 περιεχόμενος,
2835 2379 2927 2431 καὶ
2954 2380 3012 2441 ὲν
3038 2377 3219 2449 ἑαυτῷ
3246 2377 3525 2449 περιέχων
3558 2377 3632 2433 τὰ
3662 2377 3765 2430 πέ-

2160 2487 2319 2541 ρατα.
2350 2471 2546 2538 Χαῖρε,
2579 2468 2807 2527 Θεοτόκε
2846 2467 3051 2539 κυρίως
3078 2470 3175 2523 καὶ
3218 2467 3436 2538 ἀληθῶς
3457 2507 3473 2530 ,
3513 2467 3579 2521 τὸ
3626 2468 3767 2539 πρὸς

2158 2559 2293 2613 Θεὸν
2333 2558 2643 2628 ἀνθρώποις
2676 2557 2902 2627 φρικτὸν
2931 2558 3324 2629 συναπτήριον,
3367 2555 3437 2609 δι’
3470 2550 3542 2626 ἧς
3570 2555 3643 2607 τὰ
3672 2556 3767 2607 οὖα

474 2654 583 2709 dali
626 2662 782 2713 utero
818 2655 1247 2725 comprehensus
1282 2657 1524 2717 inﬁnitus
1548 2666 1665 2726 est,
1698 2658 1899 2729 quique
1940 2674 2058 2714 omo

2165 2652 2323 2724 ράνια
2359 2654 2471 2714 τοῖς
2519 2651 2611 2703 ἐπὶ
2654 2649 2759 2719 γῆς
2807 2650 3082 2720 ἧνωνται,
3135 2648 3254 2720 Θεῷ
3299 2648 3367 2701 τά
3415 2644 3717 2719 ἀνθρώπου
3744 2685 3762 2710 ,

475 2747 622 2801 nium
656 2748 708 2805 in
743 2761 803 2803 se
830 2748 966 2804 ﬁnes
1000 2752 1260 2809 continet.
1298 2754 1429 2818 Ave,
1455 2755 1672 2825 proprie
1696 2764 1751 2817 et
1781 2770 1905 2812 vere
1936 2755 2058 2810 Dei-

2163 2743 2257 2795 καὶ
2306 2739 2581 2812 ἀνθρώπῳ
2628 2739 2696 2795 τὰ
2728 2738 2865 2792 Θεοῦ
2910 2737 3332 2808 ἀντανίσχουσα.
3397 2736 3600 2807 Χαῖρε,
3646 2751 3755 2787 πα-

475 2853 641 2908 para,
691 2843 974 2900 tremenda
1016 2844 1326 2905 hominibus
1377 2862 1498 2902 cum
1538 2824 1647 2902 Deo
1689 2850 1915 2918 cepula,
1968 2864 2058 2915 per

2166 2832 2318 2894 στὰς,
2367 2833 2400 2900 ἡ
2456 2829 2755 2904 παρθενίας
2781 2828 3071 2897 ὲγερθεῖσα
3097 2827 3361 2888 κάλλεσι,
3413 2825 3495 2897 τῷ
3545 2824 3763 2893 λέγοντι

474 2944 639 2998 quam
673 2929 959 2999 conjuncta
1000 2934 1232 2991 terrenis
1263 2936 1504 2995 caelestia
1527 2978 1543 3004 ,
1574 2948 1628 2997 et
1666 2916 1898 2997 humana
1929 2938 2058 3001 Deo.

2165 2927 2222 2977 ἐν
2263 2922 2539 2993 ᾊσμασιν
2563 2941 2576 2953 ·
2614 2919 2923 2991 Εἰσῆλθον
2963 2923 3051 2991 είς
3095 2918 3296 2988 κῆπόν
3334 2935 3473 2988 μου,
3520 2916 3762 2985 ἀδελφή

476 3021 825 3091 vicissimque
847 3022 1052 3081 homini
1070 3027 1374 3097 rependens
1404 3027 1609 3089 divina.
1635 3030 1772 3093 Ave,
1805 3032 2058 3101 nuptialis

2163 3034 2279 3085 μου
2304 3016 2528 3085 νύμφη.
2577 3010 2651 3069 Οὗ
2701 3014 2838 3085 πρὸς
2868 3013 3052 3085 σάρκα
3084 3011 3386 3085 συναφείας
3425 3008 3541 3079 (78)
3575 3010 3764 3061 ἐκεῖνα

481 3110 749 3166 thalamus
777 3152 792 3178 ,
828 3114 1107 3184 praeclaris
1142 3117 1470 3188 virginitatis
1498 3119 1715 3176 dotibus
1748 3099 2058 3183 exstrttctus

2168 3107 2450 3181 ἐπάγεται’
2514 3104 2821 3169 Ἐξέλθετε
2884 3105 2983 3161 καὶ
3038 3104 3194 3157 ἴδετε
3252 3103 3323 3156 ἐν
3382 3099 3463 3166 τῷ
3506 3099 3770 3166 ,βασιλεῖ

480 3201 556 3257 illi
585 3202 677 3271 qui
711 3202 764 3257 in
790 3202 1033 3261 Canticis
1079 3206 1247 3263 dicit:
1276 3207 1501 3269 Introivi
1540 3214 1592 3265 in
1620 3213 1830 3273 hortum
1868 3231 2058 3280 meum,

2166 3198 2470 3267 Σολομὼν,
2515 3198 2584 3253 ἐν
2611 3196 2691 3263 τῷ
2718 3196 3019 3267 στεφάνῳ,
3044 3189 3092 3263 ᾧ
3112 3194 3542 3265 ἐστεφάνωσεν
3570 3192 3765 3246 αὑτὸν

479 3314 633 3355 soror
656 3314 770 3357 mea
795 3315 987 3370 sponsa
1014 3300 1081 3352 ⁸ο.
1126 3301 1201 3361 De
1236 3301 1389 3370 cujus
1419 3319 1539 3358 cum
1580 3320 1745 3363 carne
1778 3322 2058 3365 commer-

2168 3292 2207 3359 ἡ
2238 3290 2434 3361 μήτηρ
2470 3289 2691 3355 αὐτοῦ,
2726 3289 2797 3344 ἐν
2835 3286 3028 3358 ἡμέρᾳ
3079 3286 3478 3359 νυμφεύσεως
3529 3283 3723 3337 αὐτοῦ
3748 3323 3764 3347 ,

480 3389 569 3444 cio
597 3387 685 3444 illa
719 3387 1026 3452 subnectit;
1051 3388 1401 3460 Egredimini,
1431 3402 1480 3447 et
1510 3394 1678 3451 videte
1705 3410 1875 3464 regem
1908 3393 2058 3450 Sala-

2169 3381 2268 3435 καὶ
2312 3381 2382 3435 ἐν
2428 3379 2620 3453 ἡμέρᾳ
2658 3380 3048 3451 εὐφροσύνης
3086 3378 3198 3447 τῆς
3242 3376 3494 3453 καρδίας
3550 3375 3765 3430 αὐτοῦ.

483 3496 685 3536 mortem
708 3481 761 3535 in
784 3497 1115 3552 corona,quo
1145 3486 1416 3539 coronavit
1433 3501 1551 3541 eum
1576 3496 1744 3541 mater
1766 3503 1885 3551 sua,
1906 3489 1959 3543 in
1984 3489 2058 3543 die

2172 3474 2366 3545 Χαῖρε,
2410 3473 2607 3543 ἀμνὰς,
2629 3474 2662 3541 ἡ
2696 3473 2834 3542 (78')
2865 3471 2996 3535 ἄτεξ
3041 3469 3183 3523 κατά
3216 3469 3463 3540 γαμικὴν
3512 3468 3762 3531 σύνοδον,

482 3573 891 3642 dispensationis
904 3576 1038 3645 ejus,
1053 3576 1166 3633 etin
1185 3575 1271 3633 die
1284 3574 1485 3635 (miliae
1499 3578 1674 3631 cordis
1688 3576 1853 3649 857
1870 3578 1985 3647 ejus
2002 3578 2058 3632 δ’.

2173 3566 2268 3619 καὶ
2312 3563 2476 3626 τοκάς
2526 3563 2670 3619 κατά
2718 3561 2866 3617 θείαν
2919 3561 3202 3632 σύλληψιν.
3264 3561 3351 3628 Ἐξ
3385 3556 3455 3631 ἦς
3509 3559 3540 3610 6
3590 3558 3764 3628 ἀμνὸς

482 3665 618 3731 Ave,
650 3679 810 3737 agna,
842 3665 888 3721 si
920 3664 1223 3735 coniugalis
1250 3681 1574 3738 congressus
1608 3678 1905 3739 spectetur,
1934 3669 2058 3723 inl'e-

2173 3656 2268 3711 τοῦ
2301 3656 2458 3722 Θεοῦ,
2493 3657 2523 3709 6
2548 3656 2718 3727 αἴρων
2750 3654 2848 3725 τὴν
2880 3654 3154 3725 ἁμαρτίαν
3181 3653 3275 3706 τοῦ
3316 3653 3548 3721 κόσμου,
3569 3651 3765 3722 ἐπεδή-

484 3755 663 3809 cunda
694 3773 710 3825 ;
748 3756 830 3810 sin
859 3755 1039 3811 divina
1069 3758 1377 3827 conceptio,
1414 3773 1678 3829 puerpera
1711 3776 1724 3811 :
1754 3774 1819 3813 ex
1851 3774 1954 3828 qua
1984 3759 2073 3818 ille

486 3847 670 3916 Agnus
695 3847 828 3913 Dei,
868 3847 959 3916 qui
1002 3847 1138 3903 tollit
1171 3859 1454 3918 peccatum
1494 3851 1678 3905 mundi
1706 3848 1754 3885 "
1779 3890 1793 3917 ,
1825 3851 2066 3906 advenit.

486 3937 620 4002 Ave,
669 3935 806 3991 lucis
842 3936 1073 4001 nebula,
1120 3938 1173 3993 in
1225 3940 1327 3997 hac
1366 3940 1491 3993 vitae
1542 3938 1829 3997 solitudine
1876 3956 2074 4003 novum

488 4027 653 4084 Israel
693 4027 1089 4083 intercessione
1124 4046 1219 4087 sua
1250 4031 1583 4089 obumbrans
1608 4030 1689 4097 “,
1725 4046 1788 4087 ex
1812 4047 1917 4107 qua
1958 4048 2079 4104 gra-

493 4122 580 4177 tia:
610 4122 795 4180 audita
827 4124 1041 4183 decreta
1062 4164 1077 4190 ,
1106 4133 1160 4178 et
1187 4125 1252 4178 de
1286 4137 1391 4194 qua
1419 4122 1644 4193 justitiae
1672 4123 1750 4179 sol
1784 4133 1936 4179 ortus
1973 4134 2075 4199 est,

491 4224 684 4271 cuncta
717 4216 1147 4288 incorruptionis
1175 4216 1341 4275 radiis
1363 4214 1711 4277 collustrans.
1750 4214 1928 4281 Salve,
1951 4231 2081 4271 can-

2180 3765 2341 3822 μησε.
2392 3749 2584 3819 Χαῖρε,
2615 3746 2812 3817 νεφέλη
2848 3746 3056 3815 φωτὸς,
3100 3747 3137 3815 η
3179 3747 3237 3799 ὲν
3278 3746 3475 3816 ἐρήμῳ
3509 3742 3607 3796 τοῦ
3648 3742 3764 3811 βίου

2179 3837 2591 3911 πρεσϐευτικῶς
2616 3838 2708 3891 τὸν
2756 3837 2876 3891 νέον
2918 3836 3135 3907 Ἰσραὴλ
3176 3834 3512 3899 σκιάζουσαο
3566 3834 3661 3901 ἀφ’
3698 3828 3767 3902 ἦς

2179 3935 2246 3989 τὰ
2291 3934 2388 4005 τῆς
2431 3931 2654 4002 χάριτος
2690 3928 3036 4000 διατάγματα
3061 3928 3325 3998 ἦκουσται
3351 3966 3365 3990 ,
3416 3925 3477 3989 ἐξ
3506 3920 3576 3995 ἧς
3608 3926 3636 3978 ὁ
3665 3925 3766 3993 τῆς

2178 4024 2525 4094 δικαιοσύνης
2563 4023 2716 4094 ἥλιος
2742 4020 3075 4077 ἀνατέταλκε
3113 4019 3505 4090 μαρμαρυγαῖς
3546 4015 3764 4085 ἀφθαρ·

2184 4116 2304 4179 σίας
2332 4112 2786 4187 καταφαιδρύνων
2814 4111 2883 4166 τὰ
2909 4110 3218 4182 σύμπαντα.
3243 4110 3437 4179 Χαῖρε,
3466 4106 3679 4179 λυχνία,
3706 4105 3763 4157 τὸ

2182 4206 2421 4279 χρυσοῦν
2473 4204 2574 4274 τῆς
2647 4203 2945 4275 παρθενίας
3004 4200 3197 4273 σκεῦος
3251 4199 3346 4253 καὶ
3405 4196 3644 4271 εὕριζον,
3705 4188 3765 4248 ὦ

495 4305 795 4374 delabrum,
827 4324 1053 4365 aureum
1079 4309 1403 4378 ﬁrmumque
1431 4308 1764 4378 virginitatis
1789 4322 1904 4375 vas,
1929 4308 2058 4378 cuju

2185 4296 2459 4371 θρυαλλὶς,
2490 4297 2524 4367 ἡ
2567 4295 2727 4369 χάρις
2751 4292 2842 4348 τοῦ
2876 4292 3213 4363 Πνεύματος,
3244 4291 3337 4344 καὶ
3376 4289 3581 4378 ἔλαιον,
3620 4286 3679 4339 τὸ
3708 4285 3764 4378 εξ

492 4372 820 4471 ellyebnium
855 4401 1030 4471 gratia
1064 4372 1369 4470 Spiritus“
1391 4438 1407 4465 ,
1451 4372 1742 4469 oleumque
1767 4439 1783 4464 ,
1834 4372 2058 4457 sanctun

2186 4389 2471 4462 ἁχράντων
2516 4387 2736 4460 σαρκῶν
2786 4384 2989 4463 ληφθὲν
3021 4382 3182 4456 σῶμα
3226 4381 3401 4451 ἅγιον,
3436 4378 3512 4447 ἐξ·
3545 4372 3621 4434 ὧν
3650 4377 3766 4471 (ῖςῶς

492 4488 625 4545 illud
656 4470 881 4560 corpus,
918 4491 1064 4561 quod
1096 4506 1162 4547 ex
1195 4491 1404 4547 illibata
1436 4505 1603 4546 carne
1636 4500 1724 4547 tua
1749 4498 2058 4558 assumptun

2186 4479 2420 4550 Χριστὸς
2449 4478 2511 4532 τὸ
2544 4477 2862 4532 ἀνεπίδυτον
2885 4491 2899 4505 ⁸
2945 4478 2979 4546 ἡ
3011 4478 3124 4537 τοῖς
3171 4475 3228 4526 ὲν
3271 4472 3453 4525 σκότει
3507 4471 3601 4524 καί
3638 4470 3765 4539 σκιᾷ

493 4578 640 4646 fuit;
671 4595 738 4635 ex
768 4578 967 4649 quibus
994 4580 1267 4647 Christus,
1294 4581 1479 4639 lumen
1509 4582 1756 4639 nesciens
1787 4595 2039 4641 occasum

2180 4571 2414 4629 θανάτου
2477 4568 2806 4639 καθημένοις
2858 4566 2955 4639 τὴν
3016 4565 3185 4620 ἀΐδιον
3244 4563 3392 4632 ζωὴν
3443 4561 3759 4635 παράψασι.

494 4684 616 4739 qua:
674 4668 931 4723 nimirum
989 4668 1302 4726 sedentibus
1361 4670 1415 4723 in
1464 4669 1707 4725 tenebris
1760 4677 1818 4731 et
1883 4668 2058 4724 umbr:

2172 4663 2370 4732 Χαῖρε,
2402 4659 2865 4733 κεχαριτωμένη,
2898 4659 2962 4713 τὸ
2988 4657 3169 4729 πάσης
3202 4656 3380 4729 χαρᾶς
3414 4653 3759 4725 χαριέστερον

498 4760 693 4817 mortis
739 4759 1127 4830 sempiternam
1168 4759 1335 4815 vitam
1366 4760 1687 4816 accendisti.
1718 4761 1842 4827 Ave,
1878 4760 2078 4825 Maria,

500 4855 674 4923 gratia
710 4852 866 4922 plena
892 4850 975 4918 ⁸⁸,
1016 4866 1107 4907 res
1143 4850 1338 4929 gaudio
1365 4851 1512 4907 omni
1540 4852 1862 4922 gratiosior,
1897 4863 1950 4908 et
1982 4866 2081 4906 no-

503 4960 624 5003 men
657 4963 671 5001 :
706 4959 773 5001 ex
797 4958 903 5015 qua
929 4942 1188 5014 gaudium
1219 4942 1524 4998 immortale
1553 4942 1832 5006 Christus,
1873 4942 2084 4999 inﬁictze

500 5040 711 5096 Adamo
756 5038 992 5094 tristitia:
1022 5036 1289 5091 medicina
1312 5078 1329 5104 ,
1376 5037 1427 5091 in
1463 5035 1719 5092 mundum
1751 5037 1916 5093 venit.
1947 5036 2080 5101 Ave,

503 5133 771 5203 paradise,
801 5130 1059 5200 prmdium
1094 5128 1262 5183 Edem
1284 5128 1515 5192 beatius,
1545 5128 1631 5189 ubi
1656 5128 1868 5183 virtutis
1899 5126 2080 5198 planta

502 5223 680 5279 omnis
717 5221 1071 5293 germinavit,
1124 5228 1180 5278 et
1220 5219 1274 5273 in
1316 5233 1423 5288 quo
1468 5217 1633 5273 arbor
1676 5221 1798 5274 vita:
1847 5219 2078 5281 enituit;

505 5313 659 5383 cuius
698 5313 1026 5368 commercio
1048 5311 1113 5366 ad
1141 5312 1306 5365 vitam
1326 5311 1612 5380 pristinam
1639 5312 1898 5375 redimus,
1932 5321 2081 5378 terga

508 5409 669 5465 dante
685 5404 937 5463 ﬂamineo
962 5404 1161 5473 gladio,
1183 5404 1259 5458 uti
1287 5403 1545 5472 scriptum
1575 5412 1677 5458 est.
1714 5402 1847 5469 Ave,
1891 5400 2083 5456 civitas

582 5566 629 5599 ⁸³
658 5563 831 5620 Judic.
856 5576 931 5625 vr,
962 5560 1052 5615 '59.
1130 5561 1173 5593 ”
1201 5561 1360 5617 Joan.
1397 5576 1508 5626 va,
1541 5560 1629 5616 55.
1711 5561 1754 5591 ⁵ο
1786 5559 1939 5615 Cant.
1977 5575 2032 5625 ν,
2066 5558 2114 5613 1.

513 5638 764 5693 “Exod.
793 5649 917 5697 xxv,
942 5632 1028 5686 51.
1111 5630 1155 5663 ’⁵⁸
1186 5632 1315 5688 Luc.
1347 5649 1384 5698 ι,
1421 5630 1515 5687 34.

590 5797 703 5869 (78)
734 5795 878 5868 Lego
912 5794 1111 5850 εἵνεκα.

2180 4758 2276 4809 καὶ
2312 4755 2567 4826 πρᾶγμα,
2598 4752 2694 4808 καὶ
2741 4750 2934 4822 ὄνομα,
2966 4749 3025 4817 ἐξ
3077 4744 3146 4821 ἦς
3178 4744 3327 4819 χαρὰ
3373 4745 3653 4815 ἀδιάδοχος
3686 4745 3762 4804 εἰς

2178 4848 2269 4902 τὸν
2300 4846 2502 4917 κόσμον
2534 4844 2766 4917 Χριστὸς
2791 4842 3135 4912 γεγέννηται,
3175 4838 3277 4909 τῆς
3316 4835 3642 4905 Ἀδαμιαίας
3670 4832 3761 4884 λύ-

2181 4956 2289 5011 πης
2318 4938 2377 4992 τὸ
2412 4939 2663 5009 ἰατρεῖον.
2693 4936 2890 5006 Χαῖρε,
2918 4932 3236 5003 παράδεισε,
3264 4929 3362 4999 τῆς
3378 4927 3543 4996 Ἐδὲμ.
3570 4923 3763 4995 χωρίον

2187 5028 2622 5102 μακαριώτερον,
2651 5019 2712 5081 οὗ
2740 5026 2908 5095 φυτὸν
2930 5023 3133 5096 ἀρετῆς
3153 5022 3299 5076 ἅπαν
3324 5016 3646 5084 ἀνατέθηλε,
3674 5014 3763 5065 καὶ⁵

2187 5124 2271 5193 ἐφ’
2303 5116 2347 5192 ᾧ
2398 5121 2553 5186 ξύλον
2587 5122 2685 5190 τῆς
2730 5117 2877 5189 ζωῆς
2905 5114 3318 5184 πεφανέρωταιο
3349 5103 3411 5162 οὗ
3455 5111 3522 5178 τῇ
3556 5103 3760 5177 μεθέξει

2189 5217 2266 5278 εἰς
2302 5212 2400 5284 τὴν
2428 5211 2664 5285 ἀρχαίαν
2711 5209 2923 5263 δίαιταν
2956 5203 3351 5276 ἀνατρέχομεν,
3382 5202 3482 5271 τῆς
3515 5196 3759 5267 φλογίνης

2192 5304 2461 5379 ῥομφαίας
2493 5302 2641 5357 νῶτα
2670 5299 2939 5370 διδούσης,
2974 5298 3051 5361 ὡς
3089 5297 3417 5367 γέγραπται.
3447 5293 3636 5360 Χαῖρε,
3667 5288 3760 5340 πό-

2190 5399 2293 5465 λις,
2343 5398 2403 5453 τὸ
2447 5397 2543 5452 τοῦ
2603 5394 2840 5467 μεγάλου
2878 5390 3167 5463 βασιλέως,
3221 5382 3524 5447 Δαὸιτικῶς
3572 5381 3760 5442 εἰπεῖν,

2190 5554 2229 5586 ⁸¹
2270 5552 2428 5608 Cant.
2462 5567 2543 5619 ιιι,
2575 5552 2659 5605 ll.
2738 5551 2783 5582 “
2808 5548 2963 5604 Joan.
2992 5563 3028 5613 t,
3059 5546 3149 5603 29.
3251 5545 3296 5576 “
3329 5539 3497 5598 Exod.
3532 5553 3645 5603 xui,
3670 5536 3759 5593 2i.

2274 5775 2403 5853 (78‘)
2438 5776 2663 5849 chuer.
2698 5775 2847 5846 ἄτερ.
