4046 6456
194 445 258 506 το
270 443 287 504 l

1012 443 1340 503 IIOMILIA
1381 443 1408 501 Ι
1450 441 1532 503 ΙΝ
1580 442 2125 503 DORMITIONEM
2166 443 2229 501 Β.
2272 444 2336 502 ν.
2372 443 2657 502 ΜΑΒΙᾸΞ.

3373 442 3478 504 702

193 556 344 616 δείας
370 551 657 625 τρεμούσῃ
690 552 854 622 χειρὶ,
888 553 981 605 καὶ
1016 552 1259 624 ποθούσῃ
1288 553 1459 625 ψυχῇ,
1500 554 1598 622 τῆς
1640 555 1779 623 ήμε-
1814 608 1816 616 λ

1897 552 2154 607 mebunda
2209 568 2405 615 manu,
2455 551 2777 621 ardentique
2827 554 3040 616 animo,
3088 552 3223 607 viles
3272 551 3473 623 ingenii

191 646 357 715 τέρας
384 643 631 707 διανοίας
650 642 712 695 τὸ
735 642 952 706 εὐτελὲς
982 643 1291 715 ἀκροθίνιον
1316 647 1382 715 τῇ
1425 644 1653 714 βασιλίδι
1682 661 1787 715 μη-

193 740 300 806 τρὶ,
347 736 661 807 εύεργέτιδι
694 736 875 806 πάσης
905 734 1001 804 τῆς
1033 736 1268 804 φύσεως,
1306 736 1666 806 εὐγνωμόνως
1711 737 1791 799 είς

194 827 415 895 ὀφειλὴν
478 824 848 894 ἁποτίσωμεν.
905 823 1061 876 Ἐπεὶ
1110 822 1207 875 καὶ
1254 823 1412 891 λόγος
1463 823 1635 885 ἐστὶν,
1678 822 1789 894 (81)

196 917 457 987 ἀγρώτας
505 916 654 979 τινὰς
695 917 811 978 τοῖς
860 914 1130 986 ἀροτῆρσι
1179 914 1332 979 βουσὶ
1382 914 1483 984 τῆς
1533 914 1634 983 γῆς
1667 914 1793 977 τοὺς

196 1011 442 1072 αὖλακας
493 1009 825 1079 τέμνοντας,
868 1007 1093 1076 βασιλέα
1146 1006 1422 1077 παριόντα
1459 1004 1791 1070 θεάσασθαι,

201 1100 412 1169 σεμνῶς
463 1100 563 1169 μὲν
590 1101 657 1169 τῇ
693 1096 971 1167 ἁλουργίδι
1001 1095 1403 1166 κοσμούμενον,
1434 1095 1794 1166 φαιδρυνόμε-

203 1210 285 1244 νον
336 1192 396 1243 δέ
456 1194 525 1260 τῇ
574 1191 736 1261 αἴγλῃ
788 1188 883 1241 τοῦ
915 1188 1269 1259 διαδήματος,
1313 1188 1408 1241 καὶ
1451 1186 1528 1258 τῷ
1583 1187 1796 1258 ἀπείρῳ

200 1282 392 1354 πλήθει
412 1283 528 1334 τῶν
550 1281 863 1353 δορυφόρων
891 1280 1075 1351 κύκλῳ
1100 1278 1658 1351 περιστοιχιζόμενον,
1682 1278 1795 1350 (82)

203 1379 325 1431 ἐπεὶ
360 1376 551 1446 παρῆν
580 1375 755 1440 οὐδὲν,
804 1374 831 1427 ὂ
880 1373 1002 1426 τότε
1037 1371 1114 1443 τῷ
1158 1372 1370 1444 μέδοντι
1400 1371 1798 1443 δωροφορησω·

202 1487 303 1532 σιν,
346 1466 622 1537 ἀμελλητὶ
653 1468 773 1528 ταῖς
815 1465 1002 1534 χερσὶν
1047 1462 1193 1534 ὕδωρ
1242 1464 1667 1534 άπαρυσάμενον
1700 1461 1798 1516 ἕνα

205 1556 509 1625 (παρέρρει
550 1555 661 1624 γάρ
708 1552 941 1620 ἐγγύθεν
986 1551 1236 1621 ἀφθόνως
1272 1552 1341 1605 τά
1377 1552 1651 1622 νάματα),
1692 1551 1798 1605 δῶ-

206 1663 293 1718 ρον
322 1646 712 1716 κεκοιμικέναι
739 1643 816 1714 τῷ
837 1643 1218 1714 αὐτοκράτορι.
1256 1644 1399 1715 Πρὸς
1428 1644 1487 1697 ὃν
1511 1645 1674 1713 φάναι
1710 1644 1800 1697 τὸν

208 1738 431 1809 βασιλέα
456 1752 472 1767 ·
512 1736 575 1789 Τί
611 1735 791 1799 τοῦτο,
827 1730 872 1790 ὦ
911 1736 1045 1801 παῖ;
1080 1734 1173 1787 τὸν
1216 1734 1273 1787 δέ
1321 1733 1634 1805 θαρσαλέως
1678 1735 1804 1789 ἀντ-

206 1828 629 1898 αποκρίνασθαιο
653 1827 721 1880 '0
754 1843 843 1896 μοι
870 1828 1069 1898 παρῆν,
1096 1826 1254 1879 τοῦτο
1290 1826 1579 1897 κεκόμικα,
1610 1827 1804 1897 κρίνας

1895 646 2068 699 nostri
2103 644 2367 712 primitias
2394 644 2613 716 Reginae
2645 646 2803 701 matri
2861 647 2928 701 de
2976 647 3229 700 universa
3279 655 3471 701 natura

1893 737 2031 792 bene
2063 736 2291 800 meritae,
2327 746 2478 805 grata
2511 746 2691 792 mente
2717 737 2957 791 debitum
2988 736 3153 790 veluti
3201 735 3469 804 quoddam

1896 824 2283 896 persolvcmus.
2334 825 2492 879 Enim
2527 841 2656 881 vero
2684 827 2956 881 memoria-
2988 826 3258 895 proditum
3302 826 3472 891 est",

1896 916 2129 970 rusticos
2154 914 2416 984 quosdam
2449 923 2610 970 terrae
2632 915 2817 985 glebas
2838 924 3135 976 vertentes,
3156 929 3277 967 cum
3300 923 3477 967 trans-

1895 1017 2111 1062 euntem
2148 1007 2439 1077 aliquando
2480 1022 2660 1076 regem
2692 1022 2927 1077 purpura
2966 1015 3238 1070 ornatum,
3270 1018 3334 1058 ac
3360 1004 3479 1058 dia—

1898 1100 2115 1154 domate
2149 1098 2463 1168 fulgentem,
2500 1099 2815 1167 inﬁnitaque
2846 1096 3143 1151 satellitum
3190 1110 3351 1148 manu
3384 1110 3480 1148 un-

1898 1189 2057 1258 dique
2089 1190 2322 1244 cinctum
2349 1230 2364 1256 ,
2395 1191 2844 1261 conspexissent,
2888 1206 2988 1244 nec
3020 1189 3315 1259 quidquam
3347 1204 3476 1257 sup-

1897 1290 2109 1350 peteret
2134 1282 2275 1351 quod
2316 1281 2543 1351 principi
2584 1283 2726 1336 dono
2755 1282 2983 1346 darent,
3029 1296 3193 1334 unum
3232 1276 3298 1334 ex
3343 1279 3476 1349 ipsis

1901 1388 2094 1441 aquam
2126 1373 2258 1426 nihil
2289 1382 2598 1428 cunctatum
2620 1373 2865 1427 hausisse
2893 1372 2969 1441 (in
2999 1371 3301 1441 propinquo
3328 1370 3473 1425 enim

1900 1462 2176 1519 uberrime
2208 1464 2441 1535 ﬂuebat)
2470 1464 2768 1534 laticesque
2800 1465 3109 1535 imperatori
3145 1463 3290 1516 dono
3316 1462 3476 1516 obtu-

1901 1554 2049 1610 lisse.
2092 1554 2225 1622 Regi
2265 1557 2509 1625 poscenti
2553 1558 2682 1625 quid
2740 1556 2841 1610 hoc
2878 1557 2978 1610 sibi
3012 1554 3204 1619 vellet,
3248 1553 3479 1608 ﬁdenter

1902 1648 1969 1703 ad
1992 1648 2135 1702 hunc
2159 1650 2375 1702 modum
2397 1649 2775 1718 respondisse:
2807 1648 2920 1702 Hoc
2948 1649 3090 1718 quod
3122 1647 3251 1701 mihi
3285 1654 3480 1714 praesto

1904 1746 2023 1794 erat
2056 1737 2187 1804 tuli;
2226 1738 2362 1793 nihil
2393 1739 2584 1795 melius
2612 1754 2698 1794 me
2722 1738 2992 1794 facturum
3021 1749 3193 1802 ratus,
3225 1752 3292 1791 ne
3312 1735 3477 1790 animi

1905 1829 2271 1900 promptitudo
2294 1839 2536 1900 egestate
2567 1845 2683 1884 mea
2704 1830 3087 1885 occultaretur.
3112 1828 3244 1883 Nam
3274 1836 3331 1881 tu
3357 1827 3478 1897 qui-

208 1922 402 1991 ἄριστα
443 1922 514 1989 τῇ
544 1918 728 1989 ἐνδείᾳ
757 1917 855 1989 τὴν
885 1918 1193 1989 προθυμίαν
1226 1918 1301 1989 μὴ
1332 1917 1794 1986 ἐγκαλύπτεσθαι.

1901 1921 2023 1975 dem
2044 1962 2061 1987 ,
2091 1934 2215 1975 cum
2249 1920 2412 1976 rebus
2442 1921 2646 1976 nostris
2689 1935 2794 1975 non
2826 1935 2963 1990 Opus
2990 1920 3191 1974 habeas
3213 1957 3230 1984 ,
3279 1917 3416 1973 nihil
3444 1933 3476 1971 a

210 2014 277 2066 Σὺ
299 2012 411 2082 γὰρ
448 2011 556 2064 τῶν
579 2011 861 2082 ἡμετέρων
893 2012 995 2064 οὑκ
1027 2011 1267 2081 ἐπιδεὴς,
1301 2011 1422 2065 οὐδὲ
1451 2011 1652 2065 ἐθέλων
1686 2011 1795 2066 τῶν

212 2105 332 2176 παρ’
354 2105 489 2174 ἡμῖν
511 2104 543 2175 ἦ
565 2104 665 2176 τὴν
687 2102 922 2157 εὔνοιαν.
952 2103 1118 2173 Ἡμῖν
1135 2101 1192 2156 δὲ
1214 2102 1374 2174 χρέος
1393 2104 1543 2157 ἐστὶν
1562 2105 1679 2175 ἅμα
1702 2106 1797 2159 καὶ¹

212 2201 423 2262 ἔπαινος
448 2198 515 2251 τὸ
556 2197 903 2269 τελούμενον.
936 2197 1074 2263 Δόξα
1107 2198 1214 2268 γάρ
1238 2194 1379 2251 οἶδεν
1409 2198 1796 2253 ἐπακολουθεῖν

216 2293 283 2355 ὼς
308 2290 376 2344 τὰ
398 2289 575 2343 πολλά
601 2292 712 2352 τοῖς
737 2288 1099 2359 εύγνώμοσιν.
1122 2286 1257 2342 Εϊτα
1289 2288 1382 2343 τὸν
1414 2288 1642 2359 βασιλέα
1659 2287 1795 2341 θαυ-

216 2383 455 2453 μάσαντα
478 2422 497 2447 ,
525 2380 809 2435 ἐπαινέσαι
845 2380 944 2451 μὲν
994 2380 1055 2433 τὸ
1087 2379 1248 2449 σοφὸν
1277 2420 1292 2445 ,
1344 2379 1707 2447 ἀποδέξασθαι
1738 2379 1795 2432 δὲ

221 2474 327 2545 μετ’
365 2473 581 2535 εὐνοίας
604 2471 705 2543 τὴν
732 2471 1065 2542 προθυμίαν,
1100 2471 1386 2535 πλείσταις
1418 2472 1465 2525 δ’
1496 2472 1651 2535 ὅσαις
1687 2470 1795 2525 δω-

221 2567 359 2635 ρεαῖς
403 2563 709 2634 φιλοτίμως
761 2562 925 2617 αὑτὸν
978 2561 1442 2633 ἀνταμείψασθαι.
1493 2562 1560 2615 Et
1610 2561 1794 2615 τοίνυν

222 2657 413 2718 ἐκεῖνος
440 2655 471 2707 ό
503 2655 819 2725 ὑπέροφρυς
839 2653 1102 2724 τύραννος
1149 2653 1253 2724 τῆς
1283 2652 1630 2717 πολυτελείας
1658 2669 1796 2725 προ-

222 2749 430 2819 κέκρικε
457 2747 562 2817 τὴν
588 2746 822 2811 εῦνοιαν,
855 2746 995 2816 αῦτη
1020 2746 1054 2816 ή
1089 2744 1262 2809 ὅντως
1291 2744 1471 2817 ἀγαθὴ
1498 2745 1790 2812 Δέσποινα,

220 2840 255 2910 ὴ
278 2837 368 2891 τοῦ
398 2838 565 2908 μόνου
588 2837 795 2905 ἀγαθοῦ
822 2836 956 2890 Θεοῦ
978 2838 1202 2907 Μήτηρ,
1231 2830 1293 2890 οὗ
1320 2838 1353 2908 ἡ
1387 2837 1796 2906 πγκατάὸασις

224 2930 456 2998 ἄπειρος,
491 2927 588 2981 τοῦ
613 2930 681 2981 τὰ
701 2927 795 2980 δύο
818 2926 994 2981 λεπτά
1021 2926 1131 2980 τῶν
1161 2927 1376 2981 πολλῶν
1399 2928 1794 2999 καρπωμάτων

223 3021 621 3090 προκρίναντος,
651 3018 711 3072 ού
743 3019 944 3088 μᾶλλον
973 3017 1131 3088 ἡμῶν
1159 3018 1480 3082 ἀποδέξεται
1526 3018 1624 3089 τὴν
1655 3019 1793 3090 πρό-

226 3109 391 3174 θεσιν,
416 3110 479 3163 οῦ
509 3110 609 3180 τὴν
644 3109 873 3179 δύναμιν
905 3109 1200 3179 κρίνουσα;
1237 3110 1346 3161 Ναὶ
1377 3109 1484 3180 μὴν
1533 3110 1801 3176 ἀποδέξε-·

226 3217 324 3266 ται,
361 3202 432 3264 ὡς
462 3201 690 3272 ὀφειλὴν
727 3202 824 3272 μὲν
858 3201 1238 3271 προσάγοντας
1261 3240 1277 3263 ,
1306 3203 1695 3274 ἀντιμετρήσει
1722 3203 1791 3256 τὰ

228 3293 537 3365 ἀσύγκριτα.
555 3294 708 3346 Ἐπεὶ
728 3290 821 3347 οῦν
856 3292 917 3346 τὸ
946 3293 1125 3361 λέγειν
1150 3295 1213 3347 ἐκ
1244 3295 1446 3357 παντὸς
1472 3298 1790 3362 ἀναγκαῖον,

228 3384 353 3438 ὥστε
381 3386 440 3438 τὸ
475 3385 636 3454 χρέος
680 3381 1120 3452 ἀφοσιώσασθαι,
1162 3384 1296 3454 φέρε
1327 3384 1463 3455 πρὸς
1502 3384 1674 3456 αὐτὴν
1702 3385 1794 3438 τὸν

232 3475 370 3545 λόγον
391 3476 683 3548 τρέφωμεν
718 3467 841 3531 ὦδε.
1452 3466 1457 3471 λ

294 3730 357 3797 γ’.
384 3730 449 3783 Τί
501 3730 559 3783 δὲ
605 3729 1028 3801 προσείπωμεν,
1077 3732 1377 3800 Δέσποινα;
1429 3734 1540 3788 τίσι
1574 3735 1633 3790 δὲ
1680 3736 1794 3807 (85)

237 3821 711 3892 προσφθεγξόμεθα
765 3822 1012 3892 pinnat;
1058 3824 1236 3888 ποίοις
1271 3826 1328 3878 δὲ
1372 3828 1671 3897 ἐγκωμίοις
1697 3829 1796 3900 τὴν

239 3912 323 3982 οὴν
364 3914 515 3985 ἱερὰν
572 3913 667 3966 καὶ⁹
718 3912 1112 3985 δεδοξασμένην
1185 3915 1455 3986 στέψομεν
1525 3918 1637 3989 (84)
1709 3937 1799 3973 κε-

239 4003 417 4075 φαλὴν,
480 4005 581 4077 τὴν
641 4004 979 4074 ἀγαθοδότιν,
1029 4007 1130 4078 τὴν
1179 4006 1627 4083 πλουτοδότειραν
1651 4051 1665 4071 ,
1702 4010 1797 4064 τοῦ

239 4095 558 4168 ἀνθρωπείου
596 4096 787 4165 γένους
834 4097 895 4150 τὸ
930 4098 1369 4169 ἐγκαλλώπισμα
1395 4140 1411 4166 ,
1446 4101 1507 4153 τὸ
1566 4100 1798 4172 αὔχημα

240 4186 399 4256 πάσης
425 4188 525 4259 τῆς
549 4189 799 4253 κτίσεως,
816 4188 882 4242 δι’
913 4188 980 4259 ᾔν
1005 4190 1080 4252 ὡς
1109 4189 1327 4261 ἀληθῶς
1353 4192 1794 4262 μεμκὰρισται;

246 4275 326 4327 ’ον
343 4278 442 4348 γὰρ
474 4279 575 4331 οὐκ
599 4277 799 4350 ἐχώρει
819 4278 880 4332 τδ
906 4279 1196 4351 πρότερον,
1223 4281 1312 4335 διὰ
1336 4281 1430 4334 σοῦ
1456 4281 1790 4355 κεχώρηκεν.

241 4356 304 4417 UB
333 4366 573 4420 ἀτενίσαι
603 4367 704 4420 οὐκ
733 4366 963 4433 ἐσθένει,
985 4367 1495 4440 ἀνακεκαλυμμένῳ
1522 4368 1798 4440 προσώπῳ

243 4458 924 4529 κατοπτρίζεται.Ἀνοιξον
947 4461 1102 4530 ἡμῖν,
1134 4453 1180 4512 ὦ
1209 4460 1350 4528 Λόγε
1391 4460 1524 4514 Θεοῦ
1544 4504 1559 4527 ,
1590 4462 1650 4514 τὸ
1673 4461 1800 4533 βραο

1899 2010 2058 2068 n'obis
2085 2012 2338 2083 exposcis
2362 2052 2378 2075 .
2402 2012 2507 2068 nisi
2532 2013 2851 2069 benevolum
2879 2011 3048 2083 859
3079 2026 3143 2065 ac
3170 2019 3477 2080 promptum

1898 2101 2167 2156 animum.
2204 2100 2322 2157 Hoc
2351 2101 2526 2167 nobis,
2554 2111 2664 2157 tum
2695 2103 2860 2159 debiti
2894 2100 3188 2171 persolutio
3216 2109 3333 2165 est,
3363 2112 3477 2155 tum

1897 2191 2074 2248 laudis
2105 2202 2517 2264 argumentum.-
2543 2193 2819 2263 Siquidem
2848 2209 2990 2261 saepe
3023 2194 3083 2269 ﬁt
3106 2233 3123 2259 ,
3167 2203 3226 2249 ut
3265 2208 3360 2249 eos
3385 2193 3476 2261 qui

1895 2297 1958 2338 se
1989 2292 2173 2354 gratos
2198 2283 2460 2354 praebent,
2482 2284 2651 2354 gloria
2681 2286 2987 2341 comitetur.
3015 2286 3278 2351 Quocirca
3300 2299 3478 2354 regem

1894 2374 2254 2428 admiratione
2278 2383 2614 2430 commotum
2644 2412 2661 2438 ,
2703 2374 2864 2443 hujus
2897 2374 3113 2443 quidem
3157 2372 3478 2444 sapientiam

1895 2464 2168 2529 laudasse,
2196 2462 2326 2533 quin
2359 2471 2416 2517 et
2440 2473 2750 2533 promptum
2796 2462 2965 2518 animi
3010 2462 3246 2517 studium
3286 2477 3484 2532 appro-

1895 2556 2076 2621 basse,
2095 2555 2255 2625 eique
2278 2555 2557 2625 complura
2590 2553 2855 2609 beneﬁcia
2888 2553 3265 2609 liberalissime
3289 2568 3481 2624 repen-

1896 2652 2061 2708 disse.
2094 2650 2149 2705 Si
2175 2650 2338 2722 igitur
2353 2650 2620 2719 superbus
2638 2648 2726 2704 ille
2748 2658 3009 2719 tyrannus
3050 2646 3478 2704 benevolentiam

1898 2743 2274 2799 muniﬁcentia
2305 2743 2567 2813 potiorem
2597 2740 2809 2807 habuit,
2841 2756 3022 2797 annon
3056 2740 3169 2795 hac
3199 2756 3323 2795 vere
3339 2739 3479 2795 bona

1896 2834 2147 2900 Domina,
2179 2832 2402 2901 ejusque
2434 2830 2626 2897 Mater,
2658 2830 2748 2901 qui
2774 2830 2922 2885 solus
2952 2840 3034 2884 est
3060 2831 3233 2885 bonus
3253 2871 3269 2896 ,
3318 2830 3478 2898 cujus

1895 2924 2106 2979 inﬁnita
2145 2923 2476 2993 indulgentia
2502 2930 2605 2987 est,
2639 2920 2843 2991 quique
2883 2920 3091 2974 minuta
3115 2920 3219 2974 duo
3250 2921 3480 2991 amplis-

1894 3015 2047 3069 simis
2096 3015 2263 3070 etiam
2310 3012 2623 3068 muneribus
2687 3011 2967 3081 pra‘tulit,
3016 3020 3261 3066 nostrum
3308 3011 3483 3067 multo

1897 3103 2065 3172 magis
2118 3102 2454 3172 propositum
2500 3100 2920 3170 comprobabit,
2957 3100 3157 3154 nullam
3204 3099 3483 3155 facultatis

1896 3193 2160 3246 rationem
2196 3191 2406 3246 habens
2434 3191 2457 3245 ?
2505 3190 2579 3244 lta
2611 3199 2758 3245 certe
2788 3189 3179 3259 comprobabit,
3215 3188 3483 3243 debitum-

1898 3296 2003 3352 que
2050 3281 2286 3337 officium
2332 3281 2653 3335 exhibentes
2699 3280 2972 3349 excipiet,
3021 3280 3309 3349 nobisque.
3339 3280 3479 3334 bona

1898 3373 2155 3439 rependet
2177 3371 2321 3425 omni
2352 3371 2762 3440 comparatione
2790 3369 3015 3439 majora.
3035 3372 3299 3438 Quoniam
3319 3371 3484 3439 igitur

1895 3464 2204 3517 orationem
2233 3462 2436 3517 habere
2462 3462 2683 3516 omnino
2708 3477 2929 3517 necesse
2959 3472 3075 3526 est,
3128 3471 3183 3515 ut
3211 3462 3312 3515 hoc
3343 3477 3480 3531 quu-

1895 3565 2001 3619 que
2028 3566 2256 3605 munere
2294 3550 2478 3615 debito
2507 3550 2886 3623 defringantur,
2925 3552 2993 3605 ad
3024 3566 3142 3606 eam
3171 3553 3330 3606 modo
3359 3566 3480 3607 ser-

1899 3658 2109 3696 monem
2135 3650 2552 3697 convertamus.

1967 3732 2021 3786 3.
2056 3733 2174 3798 Quo
2204 3733 2422 3787 tandem
2460 3744 2531 3798 te,
2563 3747 2598 3787 ο
2642 3732 2894 3798 Domina,
2916 3734 3135 3787 nomine
3171 3734 3477 3804 compeiia-

1898 3826 2119 3881 bimus?
2160 3825 2357 3894 quibus
2387 3834 2437 3879 le
2499 3826 2680 3881 verbis
2734 3825 3111 3896 alloquemur?
3140 3826 3337 3895 quibus
3361 3826 3482 3879 latt-

1897 3917 2053 3972 dibus
2113 3932 2330 3972 sacrum
2386 3926 2535 3970 tuum
2569 3931 2634 3971 ac
2665 3917 2985 3988 przeclarmn
3036 3925 3205 3986 caput
3257 3918 3481 3971 ornabi-

1899 4009 2053 4063 mus?
2078 4018 2148 4073 te,
2185 4009 2427 4077 inquam,
2457 4008 2721 4062 honorum
2774 4008 3130 4077 largitricem,
3164 4006 3477 4061 divitiarum

1897 4100 2257 4164 donatricem,
2291 4100 2513 4153 humani
2570 4098 2786 4170 generis
2834 4110 3240 4163 ornamentum,
3268 4099 3478 4153 omnis-

1894 4204 2000 4260 que
2051 4200 2318 4245 creatura:
2372 4190 2707 4259 decus,gper
2756 4206 2918 4260 quant
2974 4190 3062 4243 illa
3131 4204 3258 4242 vere
3321 4190 3478 4243 beata

1897 4282 2089 4337 ell'ecta
2140 4290 2245 4337 est.
2296 4280 2465 4347 Quem
2518 4282 2662 4334 enim
2723 4283 2873 4351 prius
2932 4281 3157 4335 minime
3207 4281 3478 4351 capiebat,

1898 4374 2045 4429 hunc
2088 4388 2186 4442 per
2228 4381 2279 4427 te
2339 4370 2683 4440 postmodum
2735 4371 2925 4440 cepit:
2966 4370 3020 4424 in
3065 4385 3221 4439 quem
3277 4370 3473 4425 intueri

1900 4482 2004 4521 non
2029 4473 2259 4536 poterat,
2298 4463 2538 4519 revelata
2567 4462 2709 4518 facie
2752 4478 2846 4532 per
2876 4474 2927 4517 te
2976 4463 3379 4531 contemplatur
3400 4461 3470 4516 ⁸³.

240 4544 525 4615 δὲγλωσσον
562 4551 760 4621 στόμα.
789 4551 888 4615 Ab;
925 4552 983 4605 ἐν
1012 4552 1218 4619 ἀνοίξει
1248 4552 1473 4623 χειλέων
1504 4552 1665 4624 ήμῶν
1698 4572 1794 4625 χα-

1897 4557 2083 4628 Aperi,
2114 4572 2147 4611 ο
2182 4557 2273 4611 Dei
2299 4555 2563 4620 Verbum,
2600 4553 2813 4607 tardum
2868 4554 3010 4607 istud
3071 4569 3133 4608 os
3202 4564 3473 4609 nostrum.

242 4637 500 4703 ριέστατον
534 4640 715 4708 λόγον.
753 4643 1104 4713 Ἐμπνευσον
1131 4646 1264 4714 ἡμῖν
1295 4643 1396 4715 τὴν
1420 4644 1516 4697 τοῦ
1545 4644 1796 4717 Πνεύμα-

1899 4651 1972 4704 Da
2011 4650 2061 4705 in
2113 4649 2396 4718 apertione
2449 4647 2720 4702 labiorum
2783 4656 3093 4700 nostrorum
3148 4646 3472 4701 concinnam

238 4740 315 4823 τος
332 4730 509 4823 χ-ἀριν,
531 4731 600 4783 δι’
620 4728 689 4804 ἦς
713 4734 887 4796 ἁλιεῖς
916 4734 1292 4806 ῥητορεύουσι,
1319 4737 1415 4789 καὶ
1439 4739 1797 4809 ἀγράμματοι

1897 4743 2386 4811 suavissimamque
2419 4740 2744 4795 orationem.
2774 4736 3016 4792 Gratiam
3045 4737 3203 4793 nobis
3229 4736 3475 4806 Spiritus
3574 4762 3579 4765 ~

242 4815 432 4874 λαλοῦσι
467 4822 657 4889 σοφίαν
687 4824 785 4894 τὴν
808 4824 951 4896 ὑπὲρ
978 4823 1262 4895 ἄνθρωπον
1281 4842 1296 4857 ·
1326 4827 1415 4881 ῐνα
1446 4830 1539 4881 καὶ
1564 4830 1724 4898 ἡμεῖς
1746 4830 1795 4882 οί

1898 4834 2047 4898 inﬂa.
2088 4849 2182 4903 per
2217 4848 2377 4902 quam
2434 4830 2650 4886 facundi
2685 4831 2822 4885 ﬁunt
2874 4831 3194 4900 piscatores,
3222 4842 3275 4885 et
3319 4830 3471 4884 litte-

244 4906 538 4979 ἰσχνόφωνοι
572 4913 975 4986 εὐπορήσωμεν
1009 4916 1108 4984 τῆς
1161 4916 1263 4987 σῆς
1294 4918 1557 4990 φιλτάτης
1589 4920 1796 4992 μητρὸς

1897 4941 2077 4980 rarum
2104 4936 2355 4994 expertes
2376 4923 2709 4992 sapientium
2735 4921 2970 4976 hominis
2998 4920 3309 4980 conditione
3332 4935 3474 4989 pra:-

242 4997 325 5051 κᾶν
352 5002 604 5073 ἀμυδρῶς
625 5004 811 5073 γέπως
841 5006 1103 5077 μεγαλεῖα
1131 5007 1489 5078 φθέγξασθαι.
1517 5009 1663 5082 Αὕτη
1688 5011 1798 5083 γὰρ

1897 5016 2214 5070 stantiorem
2248 5015 2547 5083 loquuntur
2577 5032 2591 5069 :
2625 5024 2682 5069 ut
2711 5029 2808 5068 nos
2841 5013 3006 5067 etiam
3040 5012 3133 5082 qui
3177 5001 3474 5068 hebetioris

244 5087 297 5140 ὲκ
326 5093 520 5159 γενεῶν
565 5095 814 5165 ἀρχαίων
862 5097 1228 5170 ἐκλελεγμένη
1256 5139 1271 5165 ,
1305 5103 1371 5171 τῇ
1405 5103 1800 5175 προωρισμένῃ

1897 5107 2091 5173 lingua:
2117 5122 2327 5170 sumus.
2352 5106 2692 5161 charissima:
2718 5114 2821 5157 tua:
2851 5102 3040 5158 Matris
3073 5103 3473 5173 prazcellentias

246 5175 384 5255 βουλῇ
425 5186 522 5239 καὶ
567 5186 788 5260 εύδοκίᾳ
810 5188 905 5243 τοῦ
942 5206 1001 5241 σε
1047 5190 1291 5263 ἀχρόνως
1315 5235 1331 5259 ,
1380 5192 1698 5265 ἀρῤεύστως
1735 5212 1797 5247 τε

1897 5197 2091 5268 exigue
2119 5198 2312 5252 saltem
2350 5206 2403 5250 et
2433 5196 2664 5251 obscure
2692 5194 2987 5264 praedicare
3026 5193 3317 5263 possimus.
3345 5192 3473 5249 llaec

245 5270 324 5324 καὶ
340 5273 557 5343 ἀπαθῶς
593 5278 958 5350 γεννήσαντος
984 5279 1121 5334 Θεοῦ
1155 5284 1253 5337 καὶ
1289 5284 1502 5355 Πατρὺς
1523 5326 1539 5353 ,
1571 5283 1799 5356 ἱλεσμδν

1897 5287 2063 5353 enim,
2099 5302 2222 5343 cum
2244 5286 2313 5341 ab
2363 5285 2657 5355 antiquiori
2715 5299 2853 5352 :evo,
2887 5284 3156 5354 praeﬁnito
3206 5284 3443 5340 consilio

304 5446 342 5479 "
360 5449 677 5508 Artaxerxes
695 5452 981 5508 Persarum
1004 5471 1121 5524 rex,
1144 5456 1212 5513 de
1235 5473 1341 5528 quo
1381 5457 1705 5516 Plutarchus
1734 5459 1786 5513 in

247 5529 346 5573 var.
412 5524 457 5553 “
498 5523 539 5577 ll
573 5526 695 5579 Cor.
728 5538 813 5589 tu,
844 5523 932 5577 18.

1897 5475 1973 5528 so,
2001 5471 2054 5517 et
2093 5461 2146 5516 in
2180 5461 2521 5532 Apopluheg.
2548 5457 2692 5514 Idem
2741 5468 2966 5515 testatur
2988 5459 3232 5517 zElianus
3254 5460 3306 5515 in
3335 5460 3453 5517 llisn

2119 5684 2305 5763 germ.
2337 5686 2844 5760 προσφθεγξώμεθα
2874 5687 2986 5752 τοῖς
3011 5688 3241 5763 ῥήμασι.

308 5677 405 5819 (33
430 5680 613 5737 Germ.
643 5682 881 5754 ἀρώτας.

308 5750 353 5816 (8
438 5751 502 5806 lt.
556 5750 676 5809 εἷτα
712 5754 836 5808 ἐπεὶ

280 5750 405 5827 ,(82)
438 5751 502 5806 lt.
556 5750 836 5809 εἷταέπεὶ
884 5754 1064 5825 παρῆν
1092 5753 1242 5807 οὐδὲν
1289 5752 1377 5805 ὅτε
1424 5750 1501 5821 τῷ
1553 5754 1793 5825 τυράννῳ
1976 5750 2181 5826 (84)“.
2214 5750 2407 5826 χάραν.

438 5751 502 5806 lt.
556 5749 836 5809 εἷταέπεὶ
884 5754 1064 5825 παρῆν
1092 5753 1242 5807 οὐδὲν
1289 5752 1377 5805 ὅτε
1424 5749 1501 5821 τῷ
1553 5754 1793 5825 τυράννῳ

312 5835 411 5887 ρον.
