4046 6396
128 391 214 450 705

905 377 1232 439 HOMILIA
1267 379 1294 436 Ι
1332 377 1412 437 1N
1452 375 1988 436 DORMITIONEM
2027 377 2096 437 Β.
2124 377 2190 437 ν.
2228 378 2509 437 ΜΑΒΙᾹΞ.

3238 379 3343 441 70.6

128 503 286 571 πάσης
310 495 480 567 ἀρχῆς
508 489 604 546 καὶ
643 488 892 558 ἐξουσίας
937 489 1209 564 ἀνήγαγες
1235 527 1248 550 ,
1299 489 1357 540 ἐν
1384 487 1462 557 τῷ
1492 486 1668 557 θρόνῳ
1698 495 1730 548 Α

1793 487 1944 550 ισειὶς
1985 487 2127 554 quod
2157 487 2470 552 contritum,
2502 483 2853 554 instaurasti;
2886 488 3029 558 quod
3054 496 3342 560 corrupte-

128 595 191 665 τῷ
216 585 470 662 βασιλικῷ
505 583 594 636 τὸν
624 582 703 644 είς
725 580 827 649 γῆν
853 579 1243 650 ἀποστρέφειν,
1275 578 1367 632 xui.
1408 578 1502 631 τὸν
1533 578 1666 648 ᾅδην

128 687 272 740 οίκιῖν
303 673 705 746 κατακριθέντα
727 713 742 738 ,
779 673 839 724 ὲν
881 669 1101 739 σεαυτῷ
1132 669 1411 734 ἑκάθισας.
1447 670 1541 732 Τίς
1573 665 1666 722 οὖν

114 772 218 832 θεῶν
238 771 474 840 ἀπείρων
500 765 707 819 τούτων
734 761 956 832 ἀγαθῶν
979 800 994 825 ,
1021 761 1130 814 τῶν
1160 761 1301 832 ὑπὲρ
1333 762 1510 815 πάντα
1541 760 1667 813 νοῦν

129 869 206 924 καὶ
236 859 532 929 κατάληψιν
557 899 577 922 ,
599 855 959 930 ἐργαστήριον
989 854 1214 923 γέγονεν
1237 871 1252 920 ;
1291 853 1410 925 οὐχὶ
1434 855 1467 926 ἡ
1496 855 1556 907 σὲ
1581 871 1666 907 τε..

128 958 274 1012 κοῦσα
310 949 689 1020 Ἀειπάρθενος
709 965 725 1013 ;

1774 580 1838 632 lae
1867 578 2180 642 obnoxium,
2206 579 2596 644 incorruptioni
2653 580 2937 634 restituisti
2969 594 2985 634 :
3022 590 3335 636 creaturam

1773 670 1842 723 ab
1893 669 2127 722 erratico
2188 668 2481 722 multorum
2544 671 2827 726 numinum
2864 672 3010 727 eultu
3046 671 3287 728 liberasti
3324 690 3339 726 :

1775 761 2020 816 homines
2048 761 2141 814 Dei
2176 761 2314 815 lilios
2343 761 2567 816 eﬂ‘ecisti
2595 779 2608 816 :
2639 771 2978 831 contemples
3000 769 3053 816 et
3078 762 3335 825 infames,

1775 852 1974 906 divina
2019 851 2208 920 gloriae
2255 862 2359 907 tua:
2417 863 2700 908 consortes
2729 849 3055 908 reddidisti:
3087 868 3211 908 eum
3244 855 3337 921 qui

1774 945 1842 998 ad
1869 944 2073 1000 inferas
2103 953 2261 999 terra:
2282 955 2466 1014 partes
2508 947 2797 1002 damnatus
2831 958 2972 1013 erat,
3008 961 3172 1014 super
3217 960 3340 999 om-

129 1061 229 1099 nem
255 1045 606 1113 principatum
637 1046 692 1094 et
711 1045 1032 1107 potestatem
1085 1036 1382 1106 provexisti
1418 1054 1432 1090 :
1469 1045 1525 1090 et
1560 1037 1652 1106 qui
1695 1035 1770 1088 ita
1824 1035 2080 1090 multatus
2137 1047 2277 1101 erat,
2341 1048 2399 1092 ut
2456 1038 2510 1093 in
2567 1047 2768 1093 terram
2824 1048 3232 1105 reverteretur,
3291 1039 3343 1091 el

129 1136 369 1192 infernum
428 1133 716 1198 incoleret,
786 1130 1044 1200 inteipso
1116 1129 1266 1199 regio
1315 1128 1368 1183 in
1422 1127 1618 1183 throno
1652 1127 2016 1184 eolloeasti”.
2069 1129 2323 1196 Quaenam
2386 1131 2552 1199 igitur
2597 1131 2992 1200 immensarum
3079 1132 3343 1186 b‘onorum

129 1229 326 1282 istorum
355 1241 474 1294 quae
496 1225 962 1294 captumjomnem
1006 1230 1064 1277 et
1123 1219 1664 1290 comprehensionem
1729 1229 2008 1290 superant,
2071 1224 2282 1278 oliicina
2315 1221 2454 1276 fuit?
2510 1237 2690 1277 annon
2727 1232 2984 1294 perpetua
3021 1223 3196 1293 virgo,
3226 1235 3346 1290 qua:

132 1331 174 1374 te
199 1321 244 1373 in
270 1317 438 1372 lucem
470 1316 672 1370 edidit?

185 1406 240 1460 δ’.
278 1407 470 1476 Ὁρᾶτε
497 1406 633 1476 (90),
667 1405 810 1475 φίλοι
845 1401 966 1474 Θεῷ
1015 1402 1262 1473 Πατέρες
1287 1402 1382 1458 καὶ¹
1414 1402 1671 1471 ἀδελφοὶ,

131 1501 210 1569 τῆς
237 1499 510 1570 παρούσης
542 1498 759 1569 ἡμέρας
789 1499 889 1569 τὴν
935 1497 1119 1568 χάριν.
1175 1497 1371 1566 Ὁρᾶτε
1396 1537 1408 1558 ,
1449 1497 1551 1567 τῆς
1577 1494 1672 1548 νῦν

132 1589 522 1660 εὖφημουμένης
543 1589 602 1641 τὸ
626 1587 827 1658 ὑψηλὸν
849 1589 945 1640 καὶ
973 1587 1265 1658 σεὸάσμιον
1290 1587 1395 1652 ;Οὐ
1427 1583 1672 1656 φρικώδη

1848 1403 1903 1456 4.
1941 1399 2165 1465 Videtis,
2199 1403 2306 1454 Deo
2338 1401 2516 1456 dilecti
2539 1401 2730 1457 Patres
2763 1417 2828 1458 ac
2865 1400 3086 1469 fratrias,
3120 1403 3347 1473 hujusce

1779 1493 1884 1547 diei
1912 1495 2165 1562 gratiam.
2213 1492 2416 1548 Videtis
2473 1509 2638 1564 quam
2671 1493 2915 1550 sublimis
2941 1510 3003 1550 ac
3038 1497 3343 1551 veneranda

1780 1585 1867 1638 illa
1899 1587 1990 1650 sit,
2014 1585 2168 1652 cujus
2199 1600 2341 1639 nunc
2371 1585 2558 1639 laudes
2613 1586 2983 1641 celebrantur.
3011 1587 3203 1641 Annon
3239 1597 3347 1641 tre-

131 1682 188 1735 τὰ
212 1679 405 1748 ταύτης
439 1681 744 1750 μυστήρια;
787 1679 848 1732 οὐ
883 1677 1160 1747 θαύματος
1186 1678 1458 1748 γέμοντας
1497 1675 1676 1746 μακά-
1710 1719 1730 1778 1

1788 1680 1972 1733 menda
2007 1680 2122 1748 ejus
2150 1677 2446 1749 mysteria?
2479 1679 2676 1732 Annon
2734 1676 3112 1733 admirationis
3142 1679 3349 1750 plena?

136 1793 224 1844 μοι
249 1775 295 1826 οἱ
323 1773 577 1844 ὁρῶντες,
607 1772 682 1835 ὡς
735 1771 862 1825 ἰδεῖν
896 1771 1008 1842 (91)
1043 1771 1516 1843 πρεπωδέστατον.
1557 1770 1677 1823 Ma—

135 1869 289 1936 κάριοι
312 1865 361 1917 οί
390 1864 584 1935 νοτερὰν
633 1864 966 1934 κτησάμενοι
1003 1863 1254 1934 αἴσθησιν
1283 1864 1295 1916 l
1346 1859 1468 1916 υἷαι
1500 1862 1678 1932 φωτὸς

135 1958 385 2030 ἀστραπαὶ
420 1957 519 2026 τὴν
561 1955 843 2027 παροῦσαν
878 1955 1051 2010 νύκτα
1095 1953 1673 2024 καταφαιδρύνουσανί

136 2047 226 2104 οἷαι
246 2050 485 2119 ἀγγέλων
515 2048 831 2120 δορυφορίαι
859 2048 959 2117 τὴν
991 2049 1090 2119 τῆς
1119 2046 1438 2118 ζωαρχικῆς
1465 2045 1678 2116 μητρὸς

139 2143 532 2211 καταγλαῖζουσι
564 2141 822 2212 κοίμησιν
847 2157 860 2170 '
899 2135 1012 2193 οἷαι
1038 2139 1354 2192 ἀποστόλων
1395 2137 1682 2208 θεηγορίαι

137 2234 216 2303 τὴν
254 2230 475 2300 κηδείαν
524 2230 619 2282 τοῦ
655 2229 914 2298 Θεοδόχου
957 2227 1206 2296 σώματος
1239 2225 1674 2297 μακαρίζουσινί

141 2325 242 2386 ibi);
271 2325 297 2375 ό
321 2321 412 2374 τοῦ
444 2315 582 2374 Θεοῦ
623 2323 815 2388 Λόγος,
846 2321 873 2372 ὁ
900 2319 1100 2389 ταύτης
1133 2319 1246 2381 υἱὸς
1280 2319 1346 2371 δι’
1373 2317 1679 2387 εὐσπλαγχ-

139 2416 237 2467 νίιιν
259 2413 511 2482 γενέσθαι
541 2413 991 2483 καταδεξάμενος,
1022 2412 1366 2474 δεσποτικαῖς
1399 2409 1680 2480 παλάμαις

140 2510 193 2576 τῇ
213 2505 441 2576 παναγίᾳ
466 2504 635 2576 ταύτῃ
655 2503 748 2557 καὶ
767 2503 1018 2575 θειοτάτῃ
1036 2501 1125 2572 οἴᾳ
1149 2502 1315 2572 μητρὶ
1331 2500 1681 2570 λειτουργῶν,

141 2599 220 2667 τὴν
255 2597 392 2665 ἱερὰν
423 2595 604 2666 ψυχὴν
645 2594 757 2666 (92)
789 2593 1141 2662 ὑποδέχεται;
1183 2593 1246 2646 "
1276 2592 1482 2661 ἀγαθοῦ
1521 2608 1683 2661 νομο-

144 2689 308 2741 θέτουί
344 2687 416 2758 μὴ
442 2686 801 2754 ὑποκείμενος
830 2685 1002 2755 νόμῳ,
1037 2685 1129 2736 τὸν
1157 2684 1320 2752 νόμον
1349 2683 1592 2754 πληρῶν,
1623 2682 1684 2735 ὃν

144 2779 281 2843 αὐτὸς
316 2779 638 2832 ἐνετείλατο.
669 2777 842 2839 Αὐτὸς
864 2776 973 2845 γὰρ
1004 2777 1116 2838 τοῖς
1147 2773 1361 2843 γονεῦσι
1405 2774 1502 2844 τὴν
1531 2776 1682 2842 ὀφει-

143 2871 224 2939 λὴν
239 2871 354 2933 τοὺς
369 2869 566 2932 παῖδας
584 2868 766 2937 νέμειν
786 2866 1203 2936 ἐθεσμοθέτῃσε.
1217 2866 1376 2934 Τίμα,
1401 2865 1555 2935 φησὶ,
1577 2865 1684 2917 τὸν

145 2961 341 3029 πατέρα
368 2960 468 3014 καὶ
494 2959 609 3028 τὴν
642 2959 864 3030 μητέρα
886 2973 1027 3011 σου.
1051 2957 1173 3010 Ὅτι
1201 2957 1257 3009 δὲ
1283 2956 1481 3027 ἀληθὲς
1501 2957 1678 3019 τοῦτο,

1777 1769 1925 1825 Beati
1973 1772 2064 1840 qui
2127 1771 2331 1833 vident,
2368 1778 2628 1838 quantum
2689 1771 2925 1824 maxime
2982 1770 3158 1826 decet.
3193 1770 3343 1826 Beati

1777 1864 1868 1932 qui
1902 1862 2234 1932 intelligendi
2256 1878 2472 1918 sensum
2503 1873 2628 1916 sunt
2654 1862 2952 1916 consecuti.
2979 1861 3177 1929 Quales
3207 1864 3345 1917 lucis

1779 1953 2024 2023 fulgetra:
2053 1963 2374 2020 praesentem
2407 1959 2622 2007 noctem
2650 1951 2941 2006 illustrant!
2964 1951 3150 2017 Qualia
3177 1967 3345 2022 ange-

1779 2047 1955 2100 lorum
2004 2045 2258 2100 satellitia
2285 2048 2477 2100 matris
2520 2045 2665 2098 illius
2695 2059 2762 2098 ex
2803 2058 2911 2113 quo
2950 2046 3059 2098 vita
3092 2055 3211 2098 orta
3241 2055 3346 2112 est,

1779 2139 1984 2193 obitum
2063 2138 2460 2192 cohonestaut!
2528 2137 2720 2203 Qualia
2770 2136 3158 2207 {apostolorum
3235 2136 3350 2192 Deo

1784 2229 1999 2284 allia-nte
2025 2225 2583 2301 proloquia,corporis
2607 2231 2951 2300 hujus,quod
2984 2231 3145 2285 Deum
3173 2244 3354 2286 susce-

1779 2323 1880 2391 pit,
1911 2322 2071 2377 l’uuus
2106 2323 2399 2378 exornant!
2439 2323 2719 2389 Quomodo
2762 2319 2858 2377 Dei
2913 2321 3170 2386 Verbum,
3205 2323 3349 2392 quod

1783 2425 1879 2483 pro
1900 2429 1996 2468 sua
2031 2415 2382 2469 miseratione
2411 2415 2553 2468 illius
2585 2413 2723 2469 effici
2759 2413 2900 2469 ﬁlius
2925 2416 3202 2482 dignatum
3238 2423 3345 2477 est,

1781 2503 2076 2558 Dominicis
2115 2505 2366 2559 manibus
2393 2505 2504 2559 suis
2531 2505 2891 2559 sanctissima:
2922 2503 3047 2558 huic
3081 2503 3353 2558 divinissi-

1784 2598 2413 2669 maeque,utpdtematri,
2443 2597 2778 2661 ministrans,
2807 2605 3205 2649 sacrosanctam
3233 2608 3357 2648 sus-

1783 2689 1927 2758 cepit
1955 2689 2215 2745 animam.
2243 2687 2530 2757 Oprohum
2557 2687 2940 2756 legislatorem!
2963 2685 3061 2752 Qui
3093 2684 3192 2754 legi
3233 2685 3358 2737 sub-

1779 2780 1953 2849 jectus
1981 2795 2085 2834 non
2114 2790 2217 2845 est,
2246 2780 2414 2848 legem
2460 2779 2644 2844 implet
2670 2793 2828 2847 quam
2865 2777 3134 2846 ipsetnlit.
3173 2775 3356 2846 Siqui-

1784 2871 1905 2926 dem
1928 2872 2038 2940 ipse
2063 2872 2229 2942 legem
2259 2871 2461 2936 tulit,ut
2487 2871 2578 2924 lilii
2607 2871 2844 2924 debitum
2867 2867 3096 2923 cilicium
3120 2869 3357 2938 parenti-

1784 2964 1886 3016 bus
1911 2965 2168 3018 tribuant.
2197 2962 2431 3025 Honora,
2453 2962 2643 3030 inquit,
2665 2972 2865 3031 patrem
2887 2969 3036 3014 tuum
3061 2969 3110 3014 et
3131 2967 3354 3014 matrem

146 3051 283 3104 παντί
312 3067 408 3104 που
436 3049 620 3121 δῆλον,
641 3049 717 3120 τῷ
746 3049 847 3102 κᾶν
885 3047 1077 3119 μικρὸν
1110 3047 1240 3116 γοῦν
1269 3047 1377 3101 τῶν
1403 3047 1561 3100 θείων
1585 3049 1684 3117 τῆς
1712 3074 1730 3128 (

1788 3055 1944 3124 361
1979 3065 2122 3107 luam
2149 3053 2218 3108 “.
2255 3053 2366 3108 Hoc
2405 3063 2584 3107 autem
2622 3067 2808 3108 verum
2845 3068 2988 3119 esse,
3021 3052 3193 3108 cuivis
3231 3069 3356 3123 per-

145 3141 282 3210 ἁγίας
303 3141 522 3211 Γρατρῆς
553 3157 875 3211 μεταμεμυη
886 3140 1062 3208 μένων
1086 3139 1198 3209 {95)
1227 3139 1440 3207 λογίων.
1470 3141 1533 3192 ΕΞ
1557 3141 1684 3211 γὰρ,

146 3229 208 3292 ὡς
235 3232 383 3301 φησὶν
411 3231 444 3300 ὴ
469 3229 588 3282 θεία
608 3228 798 3299 Γραφὴ
815 3272 826 3291 ,
847 3229 1040 3298 ψυχαί
1063 3229 1304 3282 δικαίων
1318 3227 1389 3282 ὲν
1407 3229 1557 3297 χειρί
1573 3233 1688 3283 Κυ-

145 3323 277 3388 ρίου,
306 3323 400 3375 οὐκ
427 3322 574 3392 αὑτὴ
605 3321 803 3392 μᾶλλον
833 3325 953 3383 ταῖς
969 3321 1127 3392 χερσὶ
1144 3321 1238 3374 τοῦ
1269 3321 1400 3374 Υἰοῦ
1428 3323 1520 3375 καὶ
1553 3321 1687 3374 Θεοῦ

149 3413 291 3484 αὖτῆς
323 3413 416 3484 τὴν
438 3413 621 3484 ψυχὴν
646 3413 1035 3484 παρατίθηται.
1078 3411 1308 3482 Ἀληθὴς
1337 3413 1364 3462 ὁ
1387 3411 1564 3480 λόγος,
1594 3412 1690 3464 καὶ⁸

149 3507 303 3576 πάσης
329 3506 634 3575 ἀντιλογίας
659 3506 979 3577 ὑπέρτερος.
1013 3503 1148 3556 Ἀλλ’
1169 3505 1216 3556 εἰ
1239 3505 1406 3566 δοκεῖ,
1423 3504 1505 3568 τίς
1527 3503 1686 3574 αὕτη,

149 3597 229 3648 καὶ
267 3596 444 3662 πόθεν,
500 3597 594 3649 καὶ
637 3595 750 3658 πῶς
805 3595 883 3664 τῷ
931 3594 1157 3665 παρόντι
1205 3594 1524 3665 χαρισθεῖσα
1570 3595 1689 3665 βίῳ,

149 3685 291 3751 δῶρον
313 3687 571 3741 ἁπάντων
593 3687 701 3738 τῶν
724 3684 816 3738 τοῦ
835 3684 970 3738 Θεοῦ
994 3685 1334 3756 δωρημὰτων
1361 3685 1692 3756 ὑψηλότερον

152 3777 251 3847 ἅμα
265 3779 351 3830 καὶ
375 3776 835 3849 προσφιλέστερον
860 3775 1090 3829 δέδοται.
1117 3770 1248 3828 Οἷὰν
1273 3791 1332 3827 τε
1354 3776 1452 3844 τὴν
1477 3777 1534 3828 ὲν
1556 3775 1693 3845 τῷδε

149 3868 214 3938 τῷ
246 3869 334 3941 βίῳ
363 3870 648 3942 διατριϐὴν
697 3869 1017 3940 πεποίηται,
1063 3870 1159 3922 καὶ
1200 3868 1328 3922 οἴων
1379 3869 1696 3939 μυστηρίων

149 3957 365 4025 ἠξίωται,
394 3957 702 4026 διεξίωμεν.
736 3958 798 4011 El
832 3957 940 4027 γὰρ
970 3959 1096 4020 τοὺς
1124 3957 1542 4028 κατοιχομένους
1575 3961 1696 4010 ἐπι⁴

149 4047 332 4115 ταφίοις
381 4050 736 4121 γεραίροντες
785 4048 1080 4119 Ἕλληνες,
1129 4050 1238 4102 πᾶν
1281 4050 1471 4119 ὅτιπερ
1506 4049 1694 4120 ἑώρων

152 4139 416 4210 ἀγώγιμον,
450 4141 604 4214 πάσῃ
630 4141 830 4212 σπουδῇ
864 4141 1270 4211 συνεισέφερον,
1297 4141 1371 4204 ὡς
1395 4141 1460 4195 ἂν
1485 4141 1563 4212 τῷ
1595 4143 1695 4212 μὲν

152 4233 521 4304 εὒῳημουμὲνῳ
563 4234 997 4304 κατηρτισμένον
1041 4233 1102 4286 τὺ
1135 4233 1411 4303 ἐγκώμιον
1445 4234 1696 4305 γένηται,

151 4326 242 4385 ti;
282 4325 332 4377 δὲ
379 4325 756 4393 λειπομένοις.
811 4325 971 4394 ζῆλος
1013 4324 1132 4394 ἅμα
1170 4324 1304 4394 πρὸς
1350 4324 1554 4395 ἀρετὴν
1602 4328 1696 4378 καὶ

1789 3147 2032 3216 spicuum
2063 3154 2165 3210 est,
2213 3147 2302 3216 qui
2328 3146 2410 3201 vel
2437 3146 2698 3200 tantillum
2735 3147 2787 3200 in
2821 3145 3020 3200 divinis
3056 3144 3356 3214 Scriptura:

1788 3237 2022 3291 oraculis
2038 3237 2280 3292 eruditus
2300 3237 2391 3291 sit.
2405 3234 2538 3290 Nam
2553 3236 2622 3300 si,
2639 3247 2697 3289 ut
2711 3235 2929 3290 Littera:
2944 3236 3136 3290 divinae
3152 3235 3350 3294 ferunt.

1788 3326 2065 3381 Justorum
2085 3329 2347 3382 animrein
2374 3343 2534 3380 manu
2552 3327 2650 3382 Dei
2669 3327 2880 3393 sunt”;
2909 3339 3086 3381 annon
3111 3326 3225 3396 ipsa
3252 3341 3358 3379 ma-

1792 3419 1874 3488 gis
1903 3419 1960 3472 in
1979 3419 2097 3472 Filii
2123 3418 2321 3488 Deique
2340 3419 2418 3473 sui
2448 3433 2639 3472 manus
2663 3419 2897 3472 animam
2925 3417 3362 3474 commendavit?

1791 3505 1965 3560 Verus
1991 3507 2080 3560 hic
2111 3519 2292 3561 sermo
2321 3516 2422 3568 est,
2454 3520 2518 3561 ac
2549 3506 2856 3574 sublimior,
2878 3520 3038 3576 quam
3065 3515 3125 3560 ut
3153 3505 3275 3575 quis
3304 3505 3358 3560 ei

1792 3599 1964 3666 possit
1991 3598 2286 3654 adversari.
2324 3598 2516 3652 Verum
2541 3597 2585 3652 si
2624 3597 2822 3668 placet,
2850 3611 3100 3668 quaenam
3141 3599 3279 3669 ipsa,
3303 3607 3360 3652 et

1791 3687 1956 3751 unde,
1985 3697 2039 3741 et
2069 3698 2181 3756 quo
2229 3695 2388 3756 pacto
2419 3687 2621 3742 mundo
2653 3688 2778 3742 huic
2827 3703 3084 3744 concessa
3121 3688 3212 3752 sit,
3247 3703 3362 3741 mu-

1793 3793 1894 3833 nus
1925 3779 2164 3833 omnimn
2187 3779 2281 3833 Dei
2307 3779 2816 3849 praestantissimum
2839 3778 2998 3832 simul
3026 3789 3079 3833 et
3106 3778 3364 3834 charissi-

1795 3885 1979 3923 mum:
2019 3883 2138 3937 qua:
2168 3869 2297 3923 item
2331 3869 2430 3939 ipsi
2458 3870 2510 3923 in
2550 3869 2650 3922 hoc
2695 3867 2893 3924 saeculo
2923 3867 3046 3922 vitae
3072 3867 3214 3922 ratio
3244 3865 3366 3922 fue—

1795 3963 1884 4027 rit,
1915 3970 1969 4016 et
1999 3975 2230 4030 quorum
2261 3960 2578 4033 mysterium
2610 3959 2887 4028 particeps
2908 3958 3024 4013 ﬁeri
3051 3958 3242 4012 merita
3267 3959 3360 4024 sit,

1797 4067 1896 4122 pro
1942 4052 2085 4106 virili
2129 4063 2314 4107 nostra
2362 4051 2792 4107 consideremus.
2825 4048 2882 4104 Si
2925 4049 3070 4104 enim
3112 4049 3367 4119 gentiles,

1797 4159 1890 4199 eos
1917 4143 2007 4211 qui
2035 4158 2067 4198 e
2095 4143 2204 4197 vita
2236 4143 2618 4198 discessissent
2669 4141 2989 4196 funebribus
3016 4140 3364 4194 orationibus

1798 4244 2144 4301 exornantes,
2179 4233 2231 4288 id
2261 4247 2421 4288 omne
2443 4231 2589 4303 quod
2615 4232 2683 4287 ad
2700 4231 3016 4287 alliciendos
3046 4232 3361 4285 auditorum

1799 4326 2007 4379 animos
2028 4326 2497 4380 accommodatum
2542 4339 2664 4380 esse
2701 4332 3014 4387 cernerent,
3050 4324 3199 4377 omni
3246 4332 3364 4377 stu-

153 4417 480 4487 παράκλησις
527 4416 716 4486 μύθοις
756 4417 811 4468 δὲ
861 4416 938 4479 ὡς
987 4417 1055 4468 τὰ
1105 4414 1278 4468 πολλὰ
1311 4417 1404 4467 καὶ
1443 4408 1730 4486 ἀπείροιςλ

1800 4416 1890 4471 dio
1937 4418 2308 4482 conferebant,
2336 4429 2448 4470 tum
2482 4425 2539 4471 ut
2569 4416 2689 4484 ejus
2720 4430 2880 4484 quem
2935 4414 3226 4469 laudabant
3251 4413 3370 4468 suis

153 4503 399 4575 πλάσμασι
427 4507 520 4559 τὸν
548 4507 706 4573 λόγον
731 4505 1036 4575 ὲξὺφαινον,
1066 4505 1278 4560 οἴκοθεν
1313 4506 1388 4577 μὴ
1419 4508 1694 4576 κεκτημέε

153 4612 238 4645 νων
271 4597 372 4650 τῶν
421 4599 776 4667 ὑμνουμένων
809 4597 1049 4652 ἔπαινοψ
1089 4597 1208 4660 πῶς
1251 4601 1415 4668 ἡμεῖς
1458 4598 1528 4650 τὰ
1570 4599 1692 4652 λίαν

153 4685 301 4756 ἀληθῆ
332 4689 423 4741 καὶ
454 4688 748 4759 σεϐάσμια,
779 4689 872 4742 καὶ⁵
895 4688 1069 4752 ὅντως
1099 4689 1230 4741 ὄντα
1266 4691 1379 4751 τοῖς
1409 4689 1575 4742 πᾶσιν
1606 4693 1692 4742 εὐ-

119 4778 311 4862 ἰλογίας
349 4782 568 4852 ἀπάσης
597 4781 691 4834 καὶ
735 4783 1006 4852 σωτηρίας
1037 4781 1293 4852 πρόξενα,
1322 4782 1481 4852 σιγῆς
1513 4781 1690 4850 βυθοῖς

153 4871 202 4922 τὸ
213 4873 295 4925 τοῦ
313 4874 468 4941 λόγου
492 4873 851 4944 καλύψαντες,
875 4875 938 4926 οὐ
955 4872 1122 4926 πολὺν
1141 4872 1444 4942 ὀφλήσομεν
1459 4872 1690 4940 γέλωτα,

129 4961 228 5034 sui
261 4962 331 5032 τῷ
373 4963 489 5033 (94)
525 4963 935 5033 κατακρύψαντι
979 4964 1039 5015 τὸ
1077 4961 1340 5016 τάλαντον
1385 4961 1487 5030 τῆς
1525 4961 1696 5030 αὐτῆς

131 5052 282 5123 ,δίκης
305 5053 643 5123 τευξόμεθας
683 5053 784 5124 τῆς
819 5054 1112 5124 συντομίας
1145 5051 1241 5106 τοῦ
1278 5052 1438 5120 λόγου
1474 5053 1695 5121 φροντί-

153 5140 328 5208 ζοντες,
357 5147 431 5210 ὡς
458 5145 526 5200 ἂν
558 5146 633 5216 μὴ
667 5150 786 5209 ταῖς
819 5147 1008 5210 ἀκοαῖς
1039 5145 1296 5216 πολέμιος
1335 5143 1580 5214 γένηται,
1621 5143 1696 5206 ὡς

130 5237 304 5306 τροφὴ
328 5241 438 5303 τοῖς
471 5239 718 5309 σώμασιν
750 5238 1181 5309 ὑπερϐάλλουσα.

1803 4509 2045 4561 nitineris
2077 4505 2380 4561 absolutum
2435 4506 2740 4559 eucomium
2789 4512 2952 4567 esset,
2985 4511 3098 4559 tum
3166 4503 3375 4557 utreli-

1803 4612 1938 4664 quos
1961 4597 2028 4648 ad
2062 4597 2316 4648 virtutem
2349 4593 2650 4647 excitarent
2693 4601 2749 4647 et
2777 4593 3124 4646 hortarentur
3153 4591 3252 4661 (sic
3292 4601 3373 4644 ta-

1805 4703 1924 4743 men
1958 4695 2014 4740 ut
2038 4686 2351 4756 plerumque
2405 4684 2600 4737 fabulis
2665 4683 3048 4752 sexcentisque
3108 4682 3380 4753 ﬁgmentis

1805 4791 2110 4832 sermonem
2143 4786 2406 4837 texerem,
2428 4790 2548 4828 cum
2584 4774 2618 4828 ii
2652 4785 2792 4844 quos
2840 4773 3206 4843 praedicabant
3241 4772 3373 4824 nihil

1801 4886 1866 4924 ex
1897 4869 2129 4938 propriis
2152 4883 2260 4936 quo
2288 4869 2493 4920 laudent
2526 4874 2890 4930 mererentur,
2928 4860 3241 4931 haberent),
3279 4874 3376 4912 cur
3446 4905 3456 4938 !

1804 4977 1921 5025 nos,
1953 4963 1998 5016 si
2023 4976 2084 5015 ea
2116 4974 2236 5030 quae
2275 4959 2555 5013 verissima
2580 4969 2633 5013 et
2665 4957 2814 5013 omni
2841 4957 3000 5026 digna
3024 4952 3376 5008 veneratione
3441 4952 3448 4979 '~

1801 5061 1950 5118 sunt,
1986 5066 2212 5120 quzeque
2276 5050 2711 5105 benedictionem
2765 5060 2984 5101 omnem
3044 5053 3100 5097 et
3143 5041 3373 5097 salutem

1798 5143 2051 5197 omnibus
2079 5142 2398 5204 attulerunt,
2434 5139 2568 5203 alto,
2600 5147 2658 5192 ut
2710 5138 2933 5202 dicitur,
2967 5134 3184 5192 silentio
3231 5132 3380 5186 obte-

1799 5239 2064 5298 xeriinus,
2089 5251 2192 5288 non
2230 5236 2501 5303 ingentem
2527 5231 2696 5286 nostri
2725 5231 2898 5285 risum
2928 5228 3252 5289 excitemus,
3292 5227 3382 5278 in-

152 5339 241 5393 que
263 5332 603 5394 eamderrhin
627 5347 788 5400 quam
818 5331 862 5383 is
891 5330 981 5398 qui
1009 5328 1266 5382 talentum
1299 5327 1581 5382 abscondit
1612 5327 1676 5385 “i
1759 5341 1982 5398 prauam
2035 5323 2379 5379 incidamus?
2443 5321 2710 5388 Quocirca
2767 5320 2983 5376 initium
3037 5315 3250 5374 dicendi
3300 5313 3379 5368 fa—

209 5483 251 5512 ⁸³
277 5482 435 5555 Grcg.
463 5485 596 5539 Naz.
628 5486 788 5554 epist.
828 5499 866 5538 ιι
894 5484 971 5536 Ad
995 5482 1144 5539 Cled.

211 5635 308 5706 (90)
335 5636 400 5692 Β.
436 5637 689 5706 φιλόθεοι.

438 5688 735 5761 δυνατόν-τε
774 5688 1358 5778 καὶπρεπωδὲστατον.

212 5775 312 5847 ιθὲ)
342 5775 523 5832 Germ.
556 5778 864 5834 ὑποδύεται.

1732 5767 1734 5770 ,
1758 5756 1788 5790 ς
1880 5751 1902 5778 κ

1245 5482 1291 5513 ⁵³
1317 5480 1489 5537 Exod.
1526 5498 1616 5550 xx,
1653 5481 1741 5538 12.
1820 5483 1866 5514 ”
1897 5481 2036 5550 Sap.
2069 5496 2153 5544 Ill,
2185 5479 2235 5532 1.
2299 5476 2363 5531 3"
2391 5475 2580 5530 Matth.
2617 5489 2746 5541 xxv,
2778 5473 2869 5527 25.

1875 5631 1990 5703 (95)
2015 5633 2148 5704 Reg.
2181 5633 2548 5704 μεμυημένων
2575 5595 2792 5704 λογίων.

1876 5702 1992 5774 (96)
2018 5702 2148 5774 Reg.
2181 5702 2241 5757 τὸ
2260 5702 2533 5758 τάλαντον
2566 5702 2946 5772 κατορύξαντι.

2329 5951 2333 5956 -
2401 5946 2431 5960 ι.
