4046 6412
703 379 806 441 707

1867 379 1931 439 S.
1972 376 2265 439 JOANNIE

2346 376 2767 439 DAMASCENI
3816 389 3889 448 illi

706 490 935 551 ciamus,
962 483 1035 539 ita
1092 493 1271 540 tamen
1304 492 1367 540 ut
1388 482 1643 540 [ueritati
1662 484 2001 549 studeamus,
2034 501 2101 541 ne
2125 482 2352 538 auribus
2386 486 2563 538 oratio
2619 488 2818 540 evadat
2849 483 3098 550 inimica.
3164 499 3273 541 non
3296 475 3461 542 serus
3509 500 3573 541 ac
3630 494 3889 557 cantoribus

708 578 927 634 modum
954 576 1222 631 excedens
1244 577 1420 632 cibus.

776 664 832 720 5.
861 664 1105 720 Joachim
1162 672 1218 720 et
1268 665 1423 719 Anna
1472 674 1730 733 parentes
1758 664 1875 732 ejus
1929 664 2169 719 luerunt.
2197 663 2265 717 Ac

2346 706 2351 718 ,
2448 664 2510 711 ε’.
2571 660 2829 731 Ίωακεὶμ
2877 662 2974 716 καὶ
3029 662 3195 716 Ἄννα
3246 664 3296 716 oi
3341 665 3552 737 ταύτης
3601 670 3883 744 γεννήτορες.

704 756 948 810 luat-bim
982 755 1199 824 quidem
1235 754 1379 809 velut
1407 756 1675 827 quispiam
1732 756 1914 809 ovium
1947 765 2152 825 pastor,
2184 769 2275 808 co-

706 849 992 917 gitationes
1025 862 1129 900 non
1192 848 1373 901 minus
1425 863 1584 916 quam
1645 862 1837 917 pecora
1890 848 2165 915 pascebat.
2195 848 2260 900 ai

706 937 993 990 arbitrium
1053 935 1170 989 illas
1229 936 1456 990 ducens.
1488 934 1623 990 Cum
1670 936 1816 989 enim
1887 937 1989 990 sub
2040 934 2271 988 Domino

708 1026 816 1081 Deo
841 1027 956 1079 ovis
986 1026 1155 1081 instar
1184 1038 1516 1095 pasceretur,
1569 1028 1731 1081 nullis
1756 1042 1945 1081 eorum
1976 1042 2095 1097 quae
2120 1026 2265 1095 opti-

706 1134 788 1169 ma
823 1126 970 1182 sunt,
1004 1117 1243 1171 carebat.
1286 1114 1500 1186 Optima
1561 1128 1741 1170 autem
1766 1132 1925 1172 nemo
1985 1130 2073 1170 me
2124 1125 2274 1186 putet

702 1209 899 1272 dicere,
934 1222 1052 1276 qute
1098 1207 1371 1277 plerisque
1411 1220 1629 1276 accepta
1660 1217 1806 1272 sunt,
1836 1217 1887 1262 et
1917 1207 2116 1277 quibus
2156 1209 2273 1261 avi-

702 1299 911 1352 diormn
949 1299 1225 1353 hominum
1255 1314 1468 1368 semper
1488 1301 1700 1354 animus
1728 1300 1922 1364 inhiat,
1949 1314 2072 1367 quae
2101 1315 2274 1369 neque

700 1390 960 1445 durabilia
1003 1400 1191 1459 suapte
1223 1402 1413 1445 natura
1451 1401 1618 1455 sunt,
1663 1405 1763 1451 nec
1814 1390 2090 1446 meliorem
2150 1408 2271 1446 eum

699 1498 728 1533 a
773 1496 881 1548 quo
907 1481 1208 1546 habentur,
1251 1491 1507 1551 pmstare
1536 1494 1735 1535 norunt
1772 1481 1969 1553 (hujus
2018 1483 2271 1536 nimirum

699 1572 885 1628 δευουιί
937 1574 1270 1643 voluptates,
1330 1588 1448 1643 qua:
1497 1573 1604 1627 vim
1673 1574 1882 1627 lirmam
1927 1582 1980 1628 et
2025 1575 2271 1629 stabilem

699 1665 899 1721 habere
928 1674 1223 1737 nequeunt,
1249 1666 1343 1721 sed
1385 1679 1509 1719 mox
1545 1664 1801 1733 eﬂluunt,
1839 1675 1895 1721 et.
1939 1667 2127 1720 eadem
2162 1668 2273 1722 l'ere

700 1758 830 1811 hora
877 1757 1229 1825 dilabuntur),
1282 1758 1495 1812 tametsi
1545 1758 1736 1812 horum
1787 1759 1939 1828 copia
1986 1757 2273 1814 abundet?

696 1847 849 1900 Absit
877 1847 976 1901 hoc
1004 1863 1018 1899 :
1051 1860 1153 1900 non
1178 1855 1428 1900 nostrum
1445 1856 1529 1901 est
1560 1847 1645 1901 bis
1683 1846 1920 1916 percelli,
1949 1862 2121 1917 neque
2144 1862 2271 1917 pars

2386 748 2663 821 Ἰωακεὶμ,
2698 750 2885 824 ὥσπερ
2923 769 3011 817 τις
3046 753 3336 824 προϐάτων
3378 757 3614 828 ποιμὴν,
3654 761 3741 831 οὐχ
3769 760 3885 834 ἧττον

2373 838 2554 908 νέμων
2580 842 2704 903 τοὺς
2734 839 3056 912 λογισμοὺς,
3088 843 3239 912 ἄγων
3282 862 3341 898 τε
3380 848 3506 901 κατ’
3551 848 3773 915 ἐξουσίαν
3800 853 3885 911 δεδι

2376 929 2636 1000 βούλοιτο,
2667 934 2699 1003 ἢ
2740 933 2806 987 τά
2850 934 3161 1006 θρέμματα.
3203 936 3337 992 Ὕπδ
3369 939 3565 1011 Κυρίῳ
3590 941 3689 1013 γὰρ
3714 946 3779 1014 τῷ
3800 948 3885 1017 Θεῷ

2372 1022 2447 1088 ὡς
2493 1024 2763 1095 πρόϐατον
2814 1027 3275 1098 ποιμαινόμενος,
3320 1031 3537 1095 οὐδενὸς
3576 1032 3678 1084 τῶν
3704 1035 3885 1106 ἀρίστων

2374 1116 2654 1187 ἐστέρητο.
2694 1118 2928 1188 Ἀριστα
2972 1118 3031 1172 δὲ
3072 1119 3252 1189 λέγειν
3298 1121 3493 1191 μηδεὶς
3530 1123 3709 1177 οἰέσθω
3736 1134 3884 1194 με,τὰ

2372 1210 2485 1271 τοῖς
2526 1208 2739 1273 πολλοῖς
2774 1209 3122 1281 καταθύμια,
3158 1212 3295 1282 πρὸς
3324 1212 3359 1266 ἀ
3404 1215 3439 1283 ἡ
3478 1214 3585 1266 τῶν
3632 1215 3885 1289 λιχνοτέρων

2373 1300 2461 1353 ἀεὶ
2506 1300 2712 1356 διάνοια
2746 1301 3008 1373 κέχηνεν,
3043 1302 3079 1357 ἃ
3133 1305 3268 1374 μήτε
3324 1305 3661 1375 παραμένειν
3705 1310 3881 1378 πέφυκε.

2376 1394 2513 1464 μήτε
2550 1393 2796 1463 βελτίονα
2833 1395 2967 1468 δρᾷν
2998 1396 3090 1449 τδν
3134 1398 3477 1468 κεκτημένον
3515 1400 3800 1466 ἐπίσταται,
3836 1408 3883 1458 τὰ

2371 1485 2466 1537 τοῦ
2515 1490 2782 1557 παρόντος
2815 1486 2932 1556 βίου
2978 1487 3221 1558 τερπνὰ,
3256 1486 3291 1540 ἆ
3336 1489 3414 1559 μὴ
3462 1487 3676 1543 δύναται
3715 1492 3881 1561 βεϐαίαν

2372 1577 2602 1648 δύναμιν
2631 1577 2939 1647 κτήσασθαι
2972 1577 3107 1649 (95),
3151 1578 3288 1631 ἀλλά
3317 1578 3453 1647 περὶ
3488 1578 3624 1632 αὐτὰ
3648 1586 3880 1653 “raptet.

2374 1671 2468 1723 καὶ
2501 1668 2747 1741 αύθωρὸν
2775 1668 3072 1735 διαλύεται,
3111 1671 3161 1724 εί
3188 1670 3283 1724 καὶ
3319 1670 3536 1724 τούτων
3567 1670 3747 1742 πολλὴν
3775 1670 3881 1745 εἶχον

2374 1763 2474 1835 τὴν
2508 1762 2845 1833 περιουσίαν.
2889 1763 3135 1831 Ἀπαγε’
3166 1762 3227 1816 ού
3262 1763 3401 1833 πρὸς
3436 1762 3594 1833 ἡμῶν
3617 1761 3766 1816 ταῦτα
3783 1765 3880 1819 θανο

2377 1853 2571 1924 μάζειν
2593 1893 2608 1916 ,
2648 1854 2758 1908 οὐδ’
2787 1852 2929 1924 α’ύτη
2972 1853 3133 1927 μερὶς
3175 1853 3285 1907 τῶν
3325 1854 3673 1925 φοϐουμένων
3700 1858 3777 1912 τὸν
3802 1860 3879 1913 K5-

698 1936 802 1990 ista
831 1946 913 1991 est
938 1937 1237 1990 timentium
1258 1936 1565 1992 Dominum.
1597 1937 1793 1992 Verum
1812 1953 1873 1994 ea
1894 1940 2107 1994 demum
2131 1941 2265 1994 bona

2377 1961 2523 2015 ptO‘l'
2569 1944 2706 1999 ἀλλὰ
2736 1945 2802 1999 τὰ
2837 1945 3051 2014 ἀγαθὰ,
3090 1945 3158 1999 τὰ
3199 1946 3369 2011 ὅντως
3410 1950 3526 2011 τοῖς
3560 1944 3617 2002 εὖ
3657 1952 3879 2020 φρονοῦσιν

696 2035 820 2079 sunt
842 2066 855 2087 ,
894 2041 1011 2094 quae
1040 2041 1163 2081 vere
1194 2027 1262 2081 ab
1297 2028 1603 2083 hominibus
1635 2042 1764 2081 sana
1810 2040 1989 2085 mente
2032 2031 2265 2099 praeditis

2371 2005 2538 2104 έφετά
2572 2036 2665 2089 καὶ
2701 2005 2970 2105 ὲράσμία.
3002 2005 3047 2088 ἆ.-
3068 2033 3222 2104 ’μένει
3255 2005 3789 2101 διαίωνίξοντα.’ὀεὸν
3810 2042 3878 2108 μὲν

692 2126 1020 2186 expetuntur
1052 2126 1107 2172 et
1131 2117 1470 2185 adamautur,
1498 2134 1617 2188 qua
1647 2120 1699 2174 in
1732 2130 1990 2177 adernum
2020 2133 2267 2192 manent,

691 2209 886 2281 quibus
923 2218 1031 2267 tum
1063 2210 1204 2268 Deus
1226 2204 1559 2279 oblectetur,
1606 2222 1716 2266 tum
1751 2223 1991 2270 maturus
2027 2216 2267 2285 ipsorum

695 2303 1103 2371 possessoribus
1121 2303 1328 2358 l'ructus
1346 2306 1706 2374 producatur:
1739 2304 1988 2371 virtutes,
2025 2307 2265 2378 inquam,

691 2409 811 2464 qua:
849 2393 1081 2449 fructum
1121 2395 1172 2449 in
1217 2406 1457 2466 tempore
1494 2411 1626 2462 suo,
1668 2398 1718 2452 id
1746 2398 1912 2453 estin
1943 2397 2125 2456 futuro
2152 2415 2268 2457 aevo

694 2487 858 2540 vitam
885 2495 1141 2541 aeternam
1175 2488 1240 2541 iis
1269 2489 1470 2542 datura:
1499 2496 1645 2552 sunt,
1673 2489 1762 2559 qui
1796 2490 1954 2561 digne
1980 2506 2072 2547 eas
2107 2506 2269 2546 exco-

693 2576 914 2643 luerint,
936 2586 992 2631 et
1022 2591 1120 2645 pro
1139 2579 1254 2633 suis
1272 2577 1475 2634 viribus
1498 2579 1709 2635 labores
1733 2581 1896 2636 ineas
1917 2581 2263 2639 contulerint.

694 2668 871 2723 Labor
926 2670 1124 2740 quippe
1163 2670 1432 2737 przecedit,
1454 2679 1615 2741 atque
1637 2680 1837 2727 aeterna
1869 2670 2099 2728 felicitas
2122 2674 2268 2730 inse-

692 2761 893 2827 quitur.
933 2758 1179 2814 Joachim
1228 2777 1354 2817 suas
1398 2761 1543 2817 intus
1588 2762 1943 2832 cogitationes
1988 2765 2263 2833 pascebat,

694 2850 749 2903 in
785 2851 898 2905 loco
934 2866 1144 2919 pascua:
1172 2852 1241 2917 ",
1271 2852 1371 2908 hoc
1406 2862 1508 2918 est,
1540 2854 1592 2908 in
1620 2869 1900 2909 sacrorum
1927 2855 2263 2926 eloquiorum

693 2943 1144 3010 contemplatione
1164 2958 1524 3009 commorans,
1545 2955 1591 2998 et
1617 2961 1773 3014 super
1799 2963 1994 3017 aquam
2026 2948 2266 3016 refectio-

694 3035 774 3086 uis
801 3034 848 3065 ⁸⁸
875 3033 1070 3088 divinzc
1101 3036 1286 3104 gratiae
1319 3046 1491 3091 semet
1527 3036 1848 3094 oblectaus:
1892 3039 1973 3095 sic
2009 3040 2261 3095 nimirum

693 3133 751 3176 nt
787 3138 817 3176 τι
852 3124 1009 3178 malis
1048 3124 1204 3178 rebus
1232 3140 1325 3180 eas
1389 3138 1681 3193 avocaret,
1716 3137 1771 3183 et
1802 3145 1897 3200 per
1915 3128 2148 3197 justitite
2178 3147 2263 3186 εοε-

692 3217 852 3271 nitas
882 3217 1192 3272 deduceret.
1226 3216 1380 3271 Anna
1426 3234 1555 3273 vero
1576 3258 1592 3281 ,
1622 3219 1774 3290 cujus
1811 3235 2008 3275 nomen
2036 3222 2259 3289 gratiam

690 3317 882 3372 sonat,
915 3324 1018 3363 non
1068 3309 1244 3364 minus
1284 3326 1491 3365 morum
1513 3350 1529 3375 ,
1570 3326 1731 3381 quam
1765 3314 2091 3367 matrimonii
2137 3312 2263 3383 jugo
2289 3349 2332 3405 ο

693 3400 944 3469 copulata
998 3416 1121 3454 cum
1167 3400 1257 3455 illo
1299 3412 1465 3457 erat:
1517 3418 1635 3471 quae
1679 3412 1854 3459 tamen
1917 3420 2041 3459 cum
2097 3405 2264 3477 862

692 3492 839 3545 οιιιιιί
894 3491 1152 3547 virtutum
1204 3508 1401 3561 genere
1445 3493 1690 3561 ﬂoreret,
1744 3496 1972 3567 mystica
2026 3498 2260 3568 quadam

691 3584 899 3636 ratione
932 3583 1234 3639 sterilitatis
1266 3586 1453 3641 morbo
1487 3587 1790 3641 tenebatur.
1844 3587 2111 3644 Nimirum
2159 3601 2267 3645 ste-

691 3673 806 3727 rilis
852 3686 980 3727 vere
1027 3674 1199 3743 gratia
1252 3682 1409 3740 erat,
1471 3693 1590 3745 quae
1625 3679 1676 3732 in
1725 3679 2002 3734 hominum
2069 3682 2265 3735 animis

690 3763 921 3818 fructum
969 3766 1129 3819 edere
1179 3782 1285 3821 non
1318 3778 1517 3836 posset.
1561 3770 1838 3839 Siquidem
1864 3786 2053 3827 omnes
2090 3773 2262 3828 decli-

690 3864 971 3919 naverunt,
1003 3854 1164 3909 simul
1195 3857 1411 3915 inutiles
1438 3859 1567 3914 lacti
1596 3871 1752 3916 erant
1783 3879 1798 3915 :
1828 3877 1931 3916 non
1954 3873 2071 3918 erat
2100 3864 2263 3919 intel-

694 3945 907 4015 ligens,
957 3955 1050 4001 aut
1098 3950 1376 4018 requirens
1417 3951 1579 4004 Deum
1615 3952 1683 4006 ".
1728 3951 1865 4007 Tum
1917 3954 2091 4010 bonus
2127 3954 2264 4011 Deus

690 4051 882 4091 manus
912 4038 1363 4109 suteligmentum
1411 4042 1705 4109 respiciens
1726 4052 1782 4097 et
1810 4043 2115 4110 miseratus,
2140 4059 2260 4099 cum

689 4126 818 4181 illud
861 4131 1076 4184 tandem
1100 4128 1282 4185 facere
1318 4131 1524 4185 salvum
1578 4132 1756 4196 vellet,
1790 4136 2009 4203 gratiae,
2044 4136 2147 4190 hoc
2178 4145 2262 4190 est

689 4219 877 4284 Annae,
919 4221 1256 4276 sterilitatem
1306 4221 1465 4276 solvit
1498 4239 1514 4288 ;
1550 4239 1670 4292 qua:
1708 4223 1870 4278 tiliam
1911 4226 2084 4294 parit,
2129 4243 2256 4296 qua-

689 4309 754 4362 lis
784 4324 881 4365 nec
932 4321 1060 4367 ante
1094 4312 1232 4379 fuit,
1293 4327 1392 4367 nec
1450 4316 1674 4383 posthac
1723 4314 1901 4369 l’utura
1942 4328 2043 4372 est.
2090 4320 2253 4388 Atqui

688 4399 985 4454 sterilitatis
1014 4402 1282 4471 depulsio,
1310 4402 1412 4458 hoc
1441 4406 1779 4472 apertissime
1824 4406 2096 4461 indicabat
2138 4409 2253 4464 fure

2370 2126 2752 2199 εὐφραίνοντα,
2776 2126 2989 2196 καρπὸν
3009 2127 3064 2179 δὲ
3080 2129 3191 2189 τοῖς
3212 2127 3575 2198 κεκτημένοις
3596 2128 3878 2183 ἀνατέλλοντα

2367 2220 2607 2293 ὥριμον,
2639 2221 2739 2283 τὰς
2768 2218 2977 2291 Διῐιρετάς
3007 2220 3178 2290 φημὶ,
3226 2221 3283 2275 αϊ
3315 2220 3407 2273 τὸν
3440 2219 3645 2291 καρπὸν
3676 2223 3725 2273 ὲν
3748 2223 3877 2292 καιρῷ

2368 2314 2583 2379 αὐτῶν,
2616 2314 2693 2384 τῷ
2726 2312 2883 2367 αἰῶνι
2928 2312 3070 2382 λέγω
3112 2312 3379 2383 μέλλοντι,
3417 2310 3564 2383 ζωὴν
3596 2313 3780 2367 αἰώνιον
3802 2315 3876 2365 διὸ·

2370 2424 2543 2470 σουσι,
2574 2409 2686 2469 τοῖς
2708 2423 2771 2475 γε
2799 2405 2965 2472 ἀξίως
2993 2405 3403 2473 φιλοπονήσασι,
3435 2405 3532 2457 κα)⁵
3550 2404 3875 2475 προσενέγκιςι

2366 2497 2458 2551 τὸν
2482 2497 2692 2550 ἑαυτῶν
2722 2495 2901 2549 πόνων
2934 2496 3034 2565 ὅση
3068 2493 3315 2564 δύναμις.
3349 2494 3522 2558 Πόνος
3554 2495 3648 2564 μὲν
3672 2495 3763 2565 γὰρ
3785 2512 3873 2565 προ-

2368 2586 2679 2659 πορεύεται,
2712 2586 2902 2639 ἕπεται
2941 2585 2998 2638 δὲ
3032 2584 3374 2655 μακαριότης
3407 2584 3629 2647 οιίώνιος
3654 2584 3763 2653 (96).
3796 2585 3875 2636 Ἕνα

2366 2679 2456 2742 τὸς
2494 2678 2748 2748 ’Ῑωακεὶμ
2782 2675 3030 2747 συνήθως
3082 2676 3209 2739 τοὺς
3235 2675 3478 2737 οἰκείους
3508 2674 3745 2744 ὲποίμανε
3769 2675 3873 2742 λιγιο

2368 2772 2559 2843 σμοῦς,
2609 2771 2679 2825 ἐν
2720 2770 2881 2836 τόπῳ
2911 2766 3029 2837 μὲν
3055 2768 3249 2838 χλόης
3272 2808 3286 2831 ,
3315 2765 3427 2819 τῶν
3467 2766 3625 2837 ἱερῶν
3650 2764 3809 2833 λογίων
3827 2769 3873 2832 τῇ

2366 2864 2569 2936 θεωρίᾳ
2599 2862 3029 2931 ὲναυλιζόμενος,
3073 2860 3173 2913 ἐπὶ
3206 2860 3424 2925 ὕδατος
3454 2858 3525 2912 δὲ
3550 2858 3874 2922 ἀναπαύσεως

2364 2958 2464 3026 τῆς
2500 2954 2650 3017 θείας
2692 2950 3120 3021 εὐφραινόμενος
3161 2949 3415 3020 χάριτος,
3455 2948 3516 3013 ἐξ
3548 2949 3744 3001 ἀτόπων
3789 2950 3874 2999 ir:-

2346 3043 2613 3115 ’στρέφων
2631 3086 2643 3103 ,
2676 3043 2770 3094 ἐπὶ
2798 3041 2854 3094 δὲ
2884 3040 3103 3112 τρίϐους
3139 3037 3492 3109 δικαιοσύνης
3520 3038 3728 3108 ὁδηγῶν.
3754 3038 3873 3089 Ἅννα

2364 3136 2419 3189 δὲ
2446 3176 2461 3201 ,
2491 3135 2527 3205 ἢ
2562 3131 2738 3203 χάρις
2760 3130 3118 3203 ἑρμηνεύεται
3136 3168 3149 3191 ,
3180 3130 3277 3199 ούχ
3301 3125 3467 3200 ἦττον
3514 3130 3782 3197 ὁμότροπος
3810 3122 3871 3194 ἦν.

2365 3230 2459 3283 καὶ
2483 3227 2789 3298 ὁμόζυγος,
2835 3226 2971 3277 πᾶσι
3002 3223 3099 3293 μὲν
3140 3220 3363 3290 ἀγαθοῖς
3396 3220 3643 3292 κομῶσα,
3684 3216 3871 3288 μυστιιῴ

2364 3323 2421 3377 δέ
2463 3339 2570 3375 τινι
2615 3320 2759 3389 λόγῳ
2809 3315 3152 3387 κατεχομένη
3190 3313 3269 3384 τῷ
3310 3314 3409 3383 τῆς
3456 3310 3768 3383 στειρὼσεως
3804 3310 3871 3378 ἀρ-

2364 3414 2702 3491 ρωστήματι.
2750 3408 3056 3477 Ἐστείρευε
3098 3407 3207 3475 γὰρ
3244 3404 3410 3467 ὄντως
3442 3405 3479 3473 ἠ
3515 3403 3684 3474 χάρις,
3715 3401 3762 3491 ὲν
3788 3400 3873 3458 ταῖς

2359 3490 2469 3560 τῶν
2512 3500 2814 3572 ἀνθρώπων
2852 3499 3051 3568 ψυχαῖς
3091 3497 3463 3567 καρποφορεῖν
3506 3495 3605 3547 οὐκ
3646 3490 3870 3559 ἰσχύουσα·

2358 3598 2495 3651 διότι
2527 3595 2729 3657 πάντες
2756 3589 3057 3656 ἐξέκλιναν,
3090 3587 3207 3658 ἅμα
3235 3584 3637 3657 ἠχρειώθησαν,
3671 3584 3755 3634 οὐκ
3782 3575 3872 3649 ἦνὸ

2362 3687 2559 3743 συνιὼν
2580 3725 2596 3750 ,
2622 3686 2723 3739 οὐκ
2748 3679 2818 3755 ἦν
2848 3683 2876 3734 ὁ
2907 3679 3155 3751 ἐκζητῶν
3198 3678 3287 3730 τὸν
3318 3677 3473 3730 Θεόν.
3510 3671 3636 3728 Εἶτα
3671 3675 3697 3728 ὁ
3721 3670 3870 3739 ἀγαθὸς

2360 3780 2493 3843 Θεὸς
2523 3776 2743 3840 ἐπιδὼν,
2782 3775 2881 3829 καὶ
2914 3772 3365 3842 κατοικτειρήσας
3395 3770 3493 3840 τῆς
3526 3768 3714 3827 οίκείας
3739 3761 3872 3833 χειρὸς

2359 3872 2422 3926 τὸ
2450 3869 2907 3940 πλαστούργημα,
2935 3863 3206 3918 καὶτοῦτο
3226 3859 3511 3933 βουληθεὶς
3531 3852 3867 3912 ἀνασώσασθαι.

2361 3959 2477 4013 λύει
2502 3958 2600 4030 τὴν
2624 3958 2720 4027 τῆς
2752 3957 2973 4026 χάριτος
2996 3951 3302 4022 στείρωσιν,
3329 3950 3430 4019 τῆς
3453 3951 3649 4018 ’Δννης
3666 3944 3785 4015 φημὶ
3801 3941 3869 4009 τῆς

2361 4053 2670 4124 θεόφρονος,
2694 4050 2788 4104 καὶ
2806 4048 2980 4101 τίκτει
3006 4045 3191 4110 παῖδα,
3213 4043 3299 4097 οἵα
3318 4043 3379 4095 ού
3404 4042 3661 4113 πρότερον
3681 4036 3866 4124 γέγονεν,

2361 4121 2475 4198 ούδ⁴
2497 4121 2580 4196 ⁷αῦ
2620 4140 2783 4195 πάλιν
2811 4139 3123 4209 γενήσεται.
3178 4133 3239 4187 Ἠ
3267 4133 3324 4187 δὲ
3352 4134 3451 4202 τῆς
3484 4129 3785 4202 στειρὼσεως
3805 4121 3870 4172 λύ-

2366 4252 2454 4299 σις
2498 4234 2688 4305 ἐδήλου
2736 4232 3051 4301 σαφέστατα
3099 4228 3199 4299 τὴν
3250 4224 3520 4296 κοσμικὴν
3567 4222 3666 4275 τῶν
3702 4214 3867 4283 ἀγαθῶν

2360 4326 2692 4398 λυθήσεσθαι
2738 4324 3059 4395 στείρωσιν,
3106 4321 3202 4374 καὶ
3248 4319 3350 4388 τῆς
3399 4316 3695 4388 ἀπορρήτου
3734 4321 3867 4379 μακα-

2360 4418 2607 4489 ριότητος
2630 4414 3089 4489 καρπογονεῖσθαι
3126 4414 3186 4466 τὸ
3214 4411 3482 4479 στέλεχος.

690 4498 748 4542 ιιι
782 4490 1038 4543 bonorum
1067 4493 1341 4558 sterilitas,
1375 4509 1482 4563 qua
1515 4495 1745 4551 lliultdus
1772 4496 2087 4562 laborabat,
2122 4501 2572 4581 submoveretur},
2604 4521 2661 4565 et
2720 4520 2957 4563 truncus
3022 4505 3207 4560 aridus
3251 4503 3471 4574 capioso
3536 4510 3726 4553 arcana:
3773 4489 3866 4543 ὕει’

693 4581 936 4635 titudinis
982 4578 1159 4634 fructu
1203 4581 1523 4637 donaretur.

759 4668 813 4723 6.
856 4668 982 4723 Eam
1027 4669 1096 4722 ob
1124 4684 1235 4724 rem
1268 4669 1359 4724 Dei
1384 4670 1628 4727 Geuitrix
1649 4688 1714 4728 ex
1737 4677 2092 4744 promissione
2127 4695 2253 4748 pro-

2430 4682 2507 4747 ς’.
2560 4681 2842 4736 Ἐντεῦθεν
2877 4683 2910 4752 ἡ
2940 4679 3203 4743 Θεοτόκος
3229 4678 3288 4742 ἐξ
3316 4675 3635 4745 ἐπαγγελίας
3661 4669 3864 4742 προέρχε-

690 4762 791 4817 dit.
822 4759 1058 4831 Angelus
1086 4761 1229 4815 enim
1259 4761 1544 4817 nasciturae
1568 4766 1972 4835 conceptionem
2017 4771 2256 4838 parenti-

690 4853 790 4908 bus
817 4853 935 4922 ejns
960 4853 1191 4907 nuntiat.
1228 4851 1437 4924 Quippe
1485 4856 1842 4912 conveniebat
1889 4870 1947 4912 ut
1970 4860 2068 4915 hac
2090 4862 2254 4916 etiam

692 4958 749 4998 re
789 4943 917 4997 milli
962 4944 1197 5008 cederet,
1226 4960 1324 4999 nec
1349 4945 1678 5013 posteriores
1704 4956 1886 5014 partes
1919 4948 2103 5013 l‘erret,
2135 4965 2255 5020 qtne

689 5036 860 5091 solum
897 5050 1128 5105 vereque
1160 5035 1453 5105 perfectum
1486 5036 1648 5090 Deum
1696 5040 1987 5092 secundum
2035 5056 2255 5094 carnem

688 5136 807 5183 erat
832 5128 1094 5199 paritura.
1127 5129 1261 5183 Tum
1291 5129 1343 5182 in
1374 5139 1723 5183 sacrosancto
1754 5131 1843 5184 Dei
1874 5131 2068 5201 templo
2095 5132 2256 5186 olt‘er-

690 5228 777 5273 tur
809 5228 864 5273 et
903 5230 1292 5275 consecratur:
1346 5222 1396 5274 in
1439 5234 1545 5289 quo
1593 5221 1663 5274 ita
1692 5222 1856 5291 degit,
1904 5232 1961 5275 ut
1994 5235 2253 5290 praestan-

690 5309 843 5363 tioris
878 5313 1198 5380 ac'purioris
1228 5328 1336 5381 pra:
1360 5312 1572 5367 caeteris
1600 5313 1722 5367 vita:
1748 5313 2018 5383 specimen
2049 5316 2253 5379 ederet,

688 5413 719 5451 a
748 5400 985 5454 virorum
1013 5411 1066 5455 et
1093 5402 1380 5458 mulierum
1420 5404 1560 5460 male
1584 5403 1896 5460 feriatarum
1929 5407 2257 5461 commercio

759 5537 805 5571 ⁵⁷
834 5536 974 5593 Psal.
1007 5555 1144 5607 uti,
1174 5543 1229 5595 2.
1307 5544 1352 5575 ⁸⁸
1386 5544 1514 5601 ibid.
1545 5548 1599 5602 3.
1676 5548 1721 5578 "
1750 5546 1891 5602 Psnl.
1919 5562 2037 5613 xm,
2065 5548 2120 5615 2,
2156 5550 2210 5603 3.

758 5694 869 5768 (95)
996 5694 1110 5748 ἀλλ’
1131 5697 1289 5768 αύτά,
1316 5700 1531 5757 αὐτίκα.

757 5763 870 5836 (96)
909 5763 975 5819 R.
1003 5768 1060 5818 ὲν
1091 5766 1335 5832 ταύταις.

2356 4790 2470 4828 ται.
2510 4774 2773 4842 Ἀγγελος
2802 4773 2909 4843 γὰρ
2939 4770 3281 4841 καταμηνύει
3317 4769 3414 4838 τῆς
3440 4764 3772 4853 γενησομένης

2360 4862 2640 4931 σύλληψιν.
2674 4863 2923 4933 Ἐπρεπε
2962 4859 3071 4931 γὰρ
3102 4861 3204 4913 κάν
3242 4856 3417 4928 τούτῳ
3461 4858 3535 4927 μὴ
3577 4847 3861 4909 ἐλαττοῦσθαί

2358 4971 2519 5019 τινος,
2548 4956 2580 5024 ἢ
2613 4954 2798 5024 φέρειν
2831 4953 2898 5005 τὰ
2928 4952 3176 5022 δεύτερα,
3208 4951 3306 5021 τὴν
3334 4949 3427 5003 τοῦ
3458 4948 3612 5019 μόνου
3635 4944 3715 4998 καὶ
3738 4942 3863 4995 ὅντως

2355 5047 2563 5099 τελείου
2596 5043 2732 5097 θεοῦ
2759 5043 3026 5113 ἐσομένην
3051 5043 3193 5097 κατά
3225 5042 3401 5112 σάρκα
3430 5039 3739 5110 λοχεύτριαν.
3767 5026 3862 5083 Εἶτα

2354 5138 2434 5207 τῷ
2465 5136 2595 5207 ἱερῷ
2621 5137 2733 5206 ναῷ
2758 5136 2852 5188 τοῦ
2883 5135 3019 5189 Θεοῦ
3050 5134 3388 5196 ἀνατίθεται,
3419 5129 3681 5185 κάνταῦθα
3702 5119 3861 5189 διατρίι

2368 5231 2451 5283 ϐει
2472 5272 2487 5295 ,
2514 5230 2799 5300 κρείττονα
2833 5231 2928 5283 καὶ
2961 5229 3355 5301 καθαρωτέραν
3386 5227 3494 5281 τῶν
3522 5225 3681 5280 ἄλλων
3708 5214 3859 5270 ἐπιδειο

2365 5322 2604 5391 κνυμένη
2639 5320 2872 5391 σπουδὴν
2895 5320 2990 5373 καὶ
3019 5320 3384 5392 ἀναστροφὴν,
3410 5318 3619 5386 ἁπάσης
3645 5303 3860 5392 ἐπιμιξίας

2363 5390 2691 5484 ἀνδρῶνκαὶ
2713 5412 2943 5483 θηλειῶν
2965 5414 3179 5467 ἀτόπων
3197 5390 3309 5484 (97)
3338 5405 3729 5481 ἀπηλλαγμένη.
3757 5390 3857 5450 ’.ω’

2442 5703 2551 5775 (97)
2586 5702 2771 5760 Germ.
2801 5713 2854 5759 ct
2880 5704 3029 5760 Colb.
3069 5703 3509 5775 ἀπηλλαγμένην.
