4046 6414
184 394 280 460 709

991 390 1323 454 HOMILIA
1362 392 1390 451 Ι
1431 392 1513 453 ΙΝ
1552 391 2095 453 DORMITIONEM
2135 393 2200 452 B.
2242 393 2309 452 V.
2352 392 2635 452 MARIzE.

3356 391 3458 451 7m

178 511 295 567 ἐπεὶ
330 507 436 580 τῆς
476 505 687 580 ἡλικίας
716 508 750 579 ἡ
785 504 940 579 ἀκμὴ
983 507 1364 578 κατελάμϐανε
1386 551 1402 575 ,
1440 509 1535 562 καὶ
1582 508 1766 578 μένειν
1796 556 1800 567 ,

1886 516 2102 561 'emota.
2128 504 2232 561 Sed
2256 522 2379 561 cum
2412 507 2477 560 ad
2507 505 2685 561 aetatis
2714 504 2902 560 ﬂorem
2932 504 3294 576 pervenisset,
3331 522 3460 576 pro-

170 600 282 659 ’τῶν
305 602 629 675 ἀνακτόρων
661 600 809 654 ἔνδον
842 600 1091 672 νομίμως
1117 602 1432 673 ἀπείργετο,
1474 600 1768 672 μνηστῆρι,

181 693 371 753 ταύτδν
410 696 471 749 δὲ
514 696 691 748 εἰπεῖν
728 693 931 763 φύλακι
972 692 1076 763 τῆς
1116 692 1416 763 παρθενίας
1441 734 1456 758 ,
1499 692 1638 764 πρὸς
1671 690 1769 745 τοῦ

182 786 338 859 χοροῦ
382 788 496 839 τῶν
537 784 730 856 ἱερέων
773 782 853 855 τῷ
893 782 1093 855 Ἰωσὴφ
1134 780 1538 853 ἐγχειρίζεται,
1581 781 1639 845 ὂς
1676 780 1771 834 τὸν

182 881 337 949 νόμον
362 876 837 948 ἀπαραχάρακτον
862 874 1028 947 μέχρι
1057 875 1244 945 γήρως
1268 876 1328 928 ἐν
1350 873 1634 945 συγκρίσει
1658 871 1770 925 τῶν

187 970 357 1025 ἄλλων
385 968 678 1038 ἐφύλαττε.
704 966 849 1037 Πρὸς
875 964 1068 1019 τοῦτον
1092 966 1128 1031 ἡ
1156 965 1278 1037 ἱερά
1309 964 1448 1036 αῦτη
1472 965 1568 1018 καὶ
1598 963 1770 1019 πανά-

192 1077 376 1135 μωμος
422 1060 607 1123 νεᾶνις
660 1057 774 1129 (98)
817 1056 1090 1128 διέτριϐε,
1121 1058 1234 1119 τοῖς
1268 1055 1390 1109 κατ’
1423 1050 1574 1109 οἶκον
1622 1069 1769 1108 στοι-

188 1152 375 1225 χοῦσα,
401 1152 502 1205 καὶ
532 1149 642 1203 τῶν
675 1148 783 1220 «pb
808 1149 909 1219 τῆς
936 1148 1115 1212 οίκίας
1144 1148 1314 1203 είδυῖα
1344 1148 1530 1219 μηδέν.

252 1243 319 1307 ζ’.
354 1244 490 1297 Ὅτε
524 1242 582 1297 δὲ
608 1237 738 1314 ἦλθε
765 1241 828 1295 τὸ
857 1241 1135 1312 πλήρωμα
1164 1240 1259 1295 τοῦ
1295 1241 1511 1312 χρόνου,
1546 1238 1622 1303 ὥς
1660 1256 1764 1310 φης

192 1356 271 1392 σιν
292 1339 320 1391 ὁ
356 1336 505 1400 θεῖος
548 1334 895 1400 Ἀπόστολος,
927 1334 1210 1407 ἀπεστάλη
1244 1334 1350 1389 ὑπὸ
1382 1333 1475 1387 τοῦ
1505 1332 1639 1387 Θεοῦ
1667 1335 1769 1402 ἄγ-

190 1428 339 1497 γελος
368 1426 613 1498 Γαϐριὴλ
641 1426 779 1498 πρὸς
807 1425 1012 1497 ταύτην
1040 1426 1140 1498 τὴν
1165 1425 1335 1488 ὅντως
1363 1424 1641 1491 θεόπαιδα,
1675 1424 1769 1478 καί

193 1537 318 1590 φησι
355 1521 494 1591 πρὸς
523 1518 723 1591 αὐτὴν·
744 1518 941 1588 Χαῖρε,
974 1518 1411 1590 κεχαριτωμένη
1431 1558 1445 1583 ,
1484 1521 1519 1572 ὁ
1551 1517 1771 1587 Κύριος

187 1613 329 1682 μετὰ
370 1611 512 1667 σοῦ.
553 1611 734 1666 Καλὸν
772 1612 834 1667 τὸ
863 1610 957 1666 τοῦ
996 1612 1265 1681 ἀγγέλου,
1311 1612 1448 1683 πρὸς
1494 1610 1594 1680 τὴν
1628 1610 1770 1682 ὑπὲρ

204 1705 429 1773 ἄγγελον
447 1704 837 1777 πρόσφθεγμα.
870 1702 1061 1778 Χαρὰν
1087 1704 1197 1776 γὰρ
1222 1703 1379 1775 φέρει
1401 1703 1766 1774 παγκόσμιον.

206 1799 265 1851 Ἦ
288 1797 342 1850 δὲ
374 1799 472 1851 ἐπὶ
491 1798 570 1869 τῷ
600 1798 744 1869 λόγῳ
772 1797 1072 1869 ἐταράχθη,
1101 1797 1203 1868 τῆς
1231 1799 1369 1868 πρὸς
1410 1796 1610 1868 ἄνδρας
1647 1796 1769 1867 opt.

1874 599 2096 653 ltibente
2136 598 2252 669 lege
2292 614 2361 655 ne
2401 598 2539 653 intra
2572 596 2755 668 templi
2788 607 2938 667 septa
2965 597 3221 669 deinceps
3251 613 3459 669 ageret,

1873 706 2106 762 sponso,
2136 704 2229 746 seu
2258 690 2588 761 virginitatis
2616 688 2852 756 custodi,
2880 703 2910 742 a
2932 690 3272 744 sacerdotum
3295 691 3463 744 choro

1874 784 2126 848 traditur,
2154 782 2244 853 qui
2290 783 2461 852 legem
2484 781 2793 836 inviolatam
2823 781 2890 835 ad
2917 787 3252 835 senectutem
3290 797 3466 850 usque

1873 874 2096 945 perinde
2128 889 2192 927 ac
2217 874 2399 943 quivis
2425 872 2517 927 alii
2554 880 2889 928 servaverat.
2918 871 3075 942 Apud
3102 872 3247 927 hunc
3276 873 3467 940 itaque

1872 981 2029 1021 sacra
2064 966 2202 1033 hac,
2231 976 2285 1022 et
2312 981 2535 1037 prorsus
2586 966 2909 1022 intaminata
2932 964 3115 1037 puella
3148 980 3465 1021 commora-

1872 1057 2054 1124 batur,
2090 1057 2235 1113 domi
2270 1074 2330 1114 se
2367 1059 2674 1126 continens,
2704 1058 2945 1128 nihilque
2973 1073 3161 1114 eorum
3187 1072 3311 1129 qua
3338 1066 3469 1114 ante

1872 1149 2017 1206 fores
2046 1166 2173 1206 suas
2201 1161 2543 1222 gererentur,
2584 1152 2858 1223 cognitum
2895 1151 3121 1207 habens.

1945 1243 1998 1297 7.
2037 1240 2170 1297 Cum
2217 1252 2421 1308 autem,
2459 1252 2517 1298 ut
2545 1243 2765 1298 divinus
2787 1243 3078 1313 Apostolus
3108 1242 3185 1297 ait
3207 1242 3279 1307 ⁸ο,
3304 1242 3461 1296 venit

1873 1332 2148 1401 plenitudo
2185 1333 2463 1402 temporis,
2492 1334 2558 1387 ad
2582 1334 2721 1388 hanc
2748 1347 2875 1388 vere
2914 1334 3008 1389 Dei
3044 1333 3211 1389 tiliam
3236 1335 3467 1403 angelus

1874 1422 2090 1480 Gabriel
2128 1441 2157 1480 a
2200 1424 2312 1481 Deo
2339 1427 2538 1481 missus
2574 1435 2659 1481 est
2684 1466 2700 1491 ,
2750 1440 2918 1497 quam
2966 1425 3117 1481 hisce
3159 1428 3343 1483 verbis
3388 1442 3473 1485 est

1873 1516 2181 1571 allocutus:
2240 1519 2368 1581 Ave,
2412 1518 2586 1587 gratia
2641 1516 2819 1586 plena,
2879 1516 3138 1572 Dominus
3198 1528 3366 1573 tecum
3398 1521 3466 1565 ⁶¹ο

1873 1608 2136 1665 Praaclara
2164 1623 2298 1664 sane
2322 1611 2495 1680 angeli
2522 1610 2589 1663 ad
2614 1624 2734 1665 eam
2765 1626 2886 1680 quze
2909 1610 3117 1681 angelis
3149 1612 3469 1681 praestabat’

1873 1701 2147 1756 allocutio.
2193 1701 2458 1757 Gaudium
2511 1703 2655 1758 enim
2711 1703 2859 1759 orbis
2909 1705 3073 1761 totius
3125 1704 3305 1761 al'l‘ert.
3364 1706 3470 1762 lsta

1875 1812 2008 1851 vero
2044 1796 2115 1851 ob
2143 1811 2448 1852 sermonem
2481 1797 2598 1868 ejus
2638 1798 2848 1853 turbata
2899 1808 3021 1866 est,
3076 1809 3145 1859 ut.
3181 1816 3301 1871 qua
3345 1816 3470 1857 cum

197 1887 309 1952 λίας
342 1888 521 1960 ἀήθης
559 1888 902 1961 ὑπάρχουσα.
966 1888 1250 1958 ’Λσφαλῶς
1300 1888 1406 1961 γὰρ
1447 1891 1635 1960 τηρεῖν
1672 1888 1773 1959 τὴν

1888 1888 2017 1943 viris
2044 1888 2275 1960 colloqui
2309 1890 2529 1945 minime
2582 1900 2970 1958 consueverat,
3018 1909 3139 1947 cum
3183 1894 3470 1965 virginita-

199 1981 498 2053 παρθενίαν
517 1982 818 2055 προῄρητο.
846 1980 1205 2052 Διελοτίζετο
1226 1982 1283 2035 δὲ
1302 1981 1373 2035 ἐν
1392 1980 1578 2050 ἑαυτῇ
1603 1998 1784 2036 ποτα-

202 2057 306 2141 :th
331 2074 424 2143 εἵη
463 2077 497 2129 δ
520 2075 846 2144 ἀσπασμὸς
866 2069 1062 2141 οὗτος.
1096 2075 1209 2129 Καὶ
1245 2073 1385 2147 πρὸς
1414 2073 1585 2145 αὐτὴν
1622 2075 1651 2127 ὁ
1684 2074 1784 2142 ἄγι-

202 2166 376 2237 γελοςο
398 2166 499 2235 Μὴ
536 2166 753 2236 φοϐοῦ,
773 2166 1030 2236 Μαριάμ⁸
1055 2161 1230 2235 εὗρες
1259 2166 1367 2236 γὰρ
1416 2164 1595 2235 χάριν
1623 2163 1785 2234 παρὰ

202 2258 275 2329 τῷ
297 2257 440 2326 Θεῷ.
486 2261 696 2324 Ὄντως
719 2260 828 2331 (99)
852 2253 980 2332 εὗρε
1005 2261 1185 2331 χάριν,
1212 2262 1246 2332 ἡ
1266 2259 1391 2326 ἀξία
1414 2260 1511 2331 τῆς
1538 2260 1781 2331 χάριτος.

204 2346 335 2422 Εὗρε
364 2351 529 2423 χάριν
555 2352 588 2421 ἡ
616 2351 744 2415 τοὺς
777 2352 974 2415 πόνους
1011 2352 1112 2423 τῆς
1142 2352 1364 2422 χάριτος
1392 2351 1782 2422 γεωργήσασα,

205 2442 291 2495 καὶ
316 2440 449 2494 πολὺ
476 2436 791 2511 δρεψαμένη
819 2440 912 2494 τδν
939 2440 1200 2511 ἄσταχυν.
1224 2434 1366 2511 Εὗρε
1389 2440 1571 2511 χάριν,
1600 2442 1635 2512 ἡ
1658 2442 1786 2505 τοὺς

209 2534 429 2604 σπόρους
470 2532 571 2603 τῆς
602 2533 825 2604 χάριτος
852 2533 1164 2604 γεννήσασα
1183 2573 1198 2599 ,
1234 2533 1329 2585 καὶ
1369 2531 1635 2603 πολύχουν
1662 2533 1787 2604 δρε-

208 2624 411 2695 ψαμένη
476 2625 570 2679 τὸν
627 2626 869 2697 ἄσταχυν
918 2625 1021 2695 τῆς
1083 2625 1325 2697 χάριτος.
1369 2620 1512 2698 Εὗρε
1562 2625 1787 2696 χάριτος

210 2716 457 2786 ἄϐυσσον,
502 2719 536 2790 ἡ
580 2718 727 2773 σῶαν
764 2717 865 2788 τὴν
899 2717 1102 2772 ὁλκάδα
1133 2718 1236 2789 τῆς
1261 2718 1457 2789 διπλῆς
1484 2717 1785 2789 παρθενίας

210 2812 485 2883 τηρήσασα
510 2852 523 2874 ,
557 2811 654 2865 καὶ
686 2810 786 2883 τὴν
814 2808 993 2882 ψυχὴν
1029 2810 1139 2883 γὰρ
1172 2810 1443 2883 παρθένον
1483 2810 1782 2880 ἐτήρησεν,

212 2902 267 2955 ού
293 2901 383 2954 τοῦ
415 2901 671 2974 σώματος
702 2902 944 2957 ἔλαττον.
981 2902 1147 2956 Ὅθεν
1176 2903 1273 2956 καὶ
1319 2903 1353 2973 ἡ
1393 2901 1487 2956 τοῦ
1533 2901 1786 2972 σώματος

214 2994 475 3066 παρθενία
499 2996 787 3067 τετήρητο.
815 2994 922 3049 Kal
954 2994 1118 3063 τέξῃ,
1147 2995 1226 3066 (l)
1259 2996 1454 3065 φησὶν,
1496 2993 1663 3059 υἱὸν,
1687 2992 1785 3047 καὶ

216 3082 487 3151 καλέσεις
509 3084 573 3139 τὸ
590 3084 778 3155 ὄνομα
794 3085 981 3139 αὑτοῦ
1011 3084 1266 3153 Ἰησοῦν-ο
1284 3084 1491 3155 Ἰησοῦς
1505 3083 1562 3137 δὲ
1584 3081 1785 3152 σωτὴρ

217 3175 587 3247 ἑρμηνεύεται·
616 3176 801 3242 αὐτὸς
822 3177 934 3245 γὰρ
971 3175 1158 3230 σώσει
1184 3176 1292 3230 τὸν
1316 3175 1473 3231 λαὸν
1496 3175 1685 3230 αὐτοῦ
1713 3174 1782 3229 ἐκ

218 3266 322 3321 τῶν
342 3266 605 3337 ἀνομιῶν
629 3267 848 3322 αὐτῶν.
872 3268 938 3321 Τί
964 3267 1098 3339 πρὸς
1118 3266 1292 3321 ταῦτα
1311 3267 1412 3335 τῆς
1438 3266 1671 3338 ἀληθοῦς
1699 3284 1781 3321 σο-

220 3356 375 3425 φίαςό
394 3355 675 3427 θησαυρός
692 3398 707 3418 ,
732 3356 831 3428 τὴν
857 3356 954 3427 μὲν
977 3354 1122 3409 Εὕαν
1151 3356 1210 3409 ού
1245 3359 1493 3427 μιμεῖται
1527 3355 1624 3427 τὴν
1645 3372 1781 3427 προ-

223 3445 847 3517 μήτορα,ὲπανορθοῦται
859 3445 914 3498 δὲ
929 3444 1129 3516 μᾶλλον
1141 3445 1201 3499 τὸ
1217 3446 1423 3518 ταύτης
1448 3446 1782 3516 ἀφύλακτον,

221 3538 303 3589 καὶ
338 3538 636 3607 συνήγορον
660 3534 757 3607 τὴν
787 3535 951 3605 φύσιν
981 3535 1381 3607 προϐάλλεται,
1416 3531 1519 3591 ὧδέ
1552 3555 1668 3601 πως
1705 3537 1785 3610 τῷ

221 3625 305 3679 τοῦ
337 3627 571 3695 ἀγγέλου
598 3623 1130 3697 ὰντιρῤητορεύουσα
1166 3626 1373 3697 ῥήματι
1394 3641 1409 3656 ο
1441 3625 1577 3693 Πῶς
1604 3626 1786 3681 ἔσται

222 3736 310 3788 μοι
325 3719 522 3786 τοῦτο,
541 3718 670 3772 ἐπεὶ
693 3716 882 3786 ἄνδρα
896 3718 968 3772 οὐ
983 3716 1280 3786 γινώσκω;
1296 3719 1533 3773 ἀδύνατα
1550 3718 1784 3790 φθέγγῃ,

226 3810 394 3882 φησίν.
411 3810 475 3865 Ὀ
494 3828 559 3878 γε
573 3810 662 3873 σὸς
680 3809 836 3879 λόγος
851 3811 977 3873 τοὺς
992 3811 1154 3881 ὄρους
1173 3809 1291 3864 λύει
1315 3810 1415 3881 τῆς
1438 3811 1676 3881 φύσεως,
1692 3809 1788 3874 οὓς

225 3903 251 3955 ὁ
270 3901 717 3973 πλαστουργήσας
740 3901 997 3973 ἐπήξατο.
1017 3903 1129 3955 Οὐκ
1152 3903 1413 3973 ἀνέχομαι
1435 3901 1549 3956 Εὔα
1573 3919 1789 3973 χρημαοο

225 3994 359 4048 τίσαι
401 3993 666 4065 δευτέρα,
700 3993 795 4046 καὶ
824 3994 884 4045 τὸ
911 3990 1003 4045 τοῦ
1036 3993 1371 4063 Ποιήσαντος
1396 3990 1791 4063 παρακρούσα-

230 4084 338 4138 σθαι
362 4084 630 4156 βούλημα.
668 4084 729 4139 El
756 4084 816 4138 δὲ
850 4083 925 4155 μὴ
955 4083 1135 4153 λέγεις
1163 4082 1240 4153 (‘2)
1270 4082 1513 4148 άντίθεα,
1546 4084 1639 4139 τὸν
1665 4084 1791 4156 τρό-

229 4192 318 4227 πον
344 4175 514 4230 εἰπὼν
544 4176 642 4246 τῆς
671 4174 1006 4247 συλλήψεως,
1037 4174 1198 4227 λύσον
1222 4174 1323 4246 τὴν
1358 4176 1616 4247 ἀπορίαν.
1647 4177 1790 4247 Πρὸς

232 4271 288 4337 ἦν
314 4270 340 4321 δ
362 4270 462 4342 τῆς
489 4270 744 4340 ἀληθείας
775 4270 1002 4337 ἄγγελος
1025 4286 1038 4299 ·
1070 4268 1311 4337 Πνεῦμα
1341 4268 1513 4338 ἅγιον
1543 4268 1792 4322 ἐπελεύ-

230 4377 383 4416 σεται
410 4362 515 4415 ἐπι
543 4362 639 4426 σὲ,
688 4362 785 4415 καὶ
820 4363 1075 4431 δύναμις
1116 4362 1414 4430 ’Υψίστου
1450 4362 1792 4415 ἐπισκιάσει

231 4468 335 4508 σοι.
368 4454 467 4507 Διὸ
493 4454 591 4508 καὶ
623 4456 686 4509 τὸ
719 4455 796 4527 (5)
828 4454 1199 4525 γεννώμενον
1221 4454 1393 4524 ἅγιον
1424 4453 1793 4523 κληθήσεται

1888 1990 1995 2035 tem
2043 1981 2229 2036 sedulo
2282 1996 2501 2036 servare
2557 1982 2898 2037 instituisset.
2966 1982 3241 2053 Cogitabat
3290 1996 3470 2041 autem

1882 2069 2057 2139 qualis
2085 2080 2214 2124 esset
2258 2071 2364 2124 ista
2402 2071 2658 2125 salutatio
2683 2072 2750 2126 “.
2790 2072 2925 2127 Tum
2957 2074 3181 2144 angelus
3210 2076 3276 2130 ad
3307 2092 3468 2131 eam:

1887 2161 1971 2217 Ne
2011 2164 2219 2229 timeas,
2256 2162 2353 2229 ait,
2385 2160 2602 2217 Maria:
2627 2165 2868 2218 invenisti
2893 2166 3028 2218 enim
3057 2167 3287 2236 gratiam
3325 2169 3469 2238 apud

1886 2251 2055 2307 Deum
2087 2253 2153 2306 ⁸³.
2189 2252 2353 2307 Plane
2395 2254 2622 2323 gratiam
2658 2254 2861 2309 invenit
2887 2294 2903 2320 ,
2949 2270 3070 2324 qua
3098 2258 3275 2326 gratia
3310 2259 3470 2331 digna

1884 2357 2025 2402 erat.
2065 2346 2309 2402 Gratiam
2342 2348 2570 2411 invenit,
2601 2363 2720 2417 qua:
2759 2349 2945 2418 gratim
2976 2350 3190 2405 labores
3221 2353 3475 2407 excolue-

1886 2450 1993 2507 rat,
2017 2441 2400 2511 copiosamque
2426 2451 2660 2512 segetem
2688 2440 3000 2511 collegerat.
3041 2442 3282 2498 Gratiam
3316 2445 3470 2499 inve-

1884 2534 1996 2598 nit,
2024 2548 2143 2603 quae
2169 2534 2356 2604 gratiu-
2398 2534 2603 2587 semina
2642 2534 2966 2603 progenuit,
3002 2542 3058 2588 et
3096 2534 3467 2604 plenissimam

1885 2626 2073 2693 gratia:
2092 2639 2319 2679 messem
2349 2625 2549 2679 retulit.
2570 2622 2772 2679 Gratiae
2802 2624 3060 2694 abyssum
3093 2626 3318 2689 invenit,
3349 2641 3471 2696 quae

1884 2717 2117 2788 duplicis
2149 2717 2482 2786 virginitatis
2525 2730 2715 2771 navem
2760 2726 3074 2774 servaverat
3121 2720 3467 2775 incolumem.

1884 2809 2051 2866 Maria
2075 2811 2218 2866 enim
2251 2826 2355 2864 non
2383 2810 2563 2864 minus
2592 2810 2834 2864 animum
2880 2826 3040 2881 quam
3076 2805 3272 2882 corpus
3306 2812 3471 2884 virgi-

1884 2914 2006 2957 nem
2078 2900 2446 2965 custodierat;
2504 2902 2647 2955 untle
2702 2902 2862 2956 etiam
2923 2902 3203 2957 constabat
3251 2904 3466 2972 corpori

1882 2994 2187 3064 virginitas.
2230 2991 2296 3045 Et
2324 2994 2535 3061 paries,
2563 2992 2773 3063 inquit,
2812 2993 2984 3061 ﬁlium
3005 3033 3020 3058 ,
3058 3003 3110 3047 et
3139 2995 3346 3049 vocabis
3376 3012 3470 3050 no-

1883 3103 1999 3141 men
2027 3086 2139 3155 ejus
2176 3085 2356 3139 Iesum
2402 3084 2593 3157 (Jesus
2634 3094 2815 3140 autem
2864 3085 3195 3140 Saloatorem
3240 3089 3468 3157 sonat).

1888 3176 2009 3247 Ipse
2034 3178 2171 3232 enim
2212 3177 2415 3231 salvum
2457 3177 2614 3245 faciet
2660 3176 2908 3246 populum
2952 3193 3107 3232 suum
3160 3197 3192 3233 a
3241 3180 3469 3248 peccatis

1887 3281 2067 3319 eorum
2102 3263 2168 3319 “.
2207 3264 2343 3331 Quid
2375 3266 2440 3318 ad
2476 3267 2587 3320 haec
2619 3280 2758 3319 vera:
2794 3266 3081 3335 sapientia!
3127 3268 3417 3323 thesaurus
3447 3269 3469 3322 ἲ

1890 3356 2056 3411 Evam
2106 3357 2321 3427 quidem
2382 3356 2610 3426 primatu
2669 3367 2949 3427 parentem
3013 3374 3116 3410 non
3178 3358 3468 3426 imitatur;

1890 3451 1984 3507 sed
2031 3450 2300 3505 incautam
2336 3449 2513 3519 potius
2563 3448 2681 3517 ejus
2731 3449 3134 3519 simplicitatem
3190 3452 3465 3518 emendat,

1890 3558 2057 3614 seque
2098 3552 2306 3597 natura;
2352 3540 2654 3612 patrocinio
2688 3545 2901 3609 munit,
2942 3543 3023 3596 sic
3064 3544 3237 3613 angeli
3292 3545 3473 3598 verbis

1891 3630 2158 3707 repOnens
2190 3653 2204 3689 :
2237 3634 2510 3701 Quomodo
2558 3635 2648 3703 ﬁet
2678 3634 2854 3702 istud,
2887 3639 3139 3706 quoniam
3167 3637 3336 3691 virum
3366 3654 3469 3691 non

1892 3742 2144 3797 cognosco
2168 3726 2194 3780 .9
2239 3725 2591 3796 lmposslbilia
2639 3739 2850 3791 narras,
2881 3727 3074 3794 inquit.
3123 3725 3257 3781 Nutu
3291 3743 3473 3782 sermo

1894 3831 2016 3877 tuus
2039 3831 2244 3876 naturae
2278 3821 2420 3893 leges
2460 3820 2677 3891 frangit,
2710 3836 2846 3891 quas
2874 3820 3040 3893 863
3070 3836 3313 3877 summus
3348 3823 3471 3892 opi-

1893 3912 1981 3967 l'ex
2014 3913 2209 3968 sancit.
2254 3912 2503 3968 Secunda
2538 3911 2649 3966 Eva
2678 3912 2783 3967 dici
2830 3929 2935 3967 non
2964 3914 3160 3984 patior,
3197 3928 3295 3969 nec
3325 3912 3470 3968 Cou-

1895 4007 2085 4061 ditoris
2134 4005 2237 4060 mei
2294 4005 2622 4061 voluntatem
2678 4005 3045 4075 pessumdare.
3094 4004 3245 4072 Quod
3278 4006 3321 4060 si
3363 4004 3475 4059 Deo

1895 4099 2121 4154 adversa
2162 4114 2266 4152 non
2294 4097 2555 4167 loqueris,
2582 4097 2950 4164 conceptionis
2984 4097 3202 4150 modum
3235 4112 3472 4166 expone,

1897 4168 2286 4245 dubitationem
2319 4202 2493 4241 meam
2531 4188 2699 4241 solve.
2739 4186 2818 4240 Ad
2853 4201 3010 4255 quam
3037 4186 3279 4241 veritatis
3310 4202 3476 4257 ange-

1898 4281 1983 4335 lus
2014 4298 2029 4335 :
2057 4278 2286 4349 Spiritus
2320 4288 2534 4333 sanctus
2566 4278 2887 4347 superveniet
2914 4277 2969 4331 in
2996 4289 3061 4342 te,
3104 4288 3152 4331 et
3182 4281 3345 4332 virtus
3382 4278 3479 4330 Αι.

1902 4373 2092 4427 tissimi
2132 4371 2461 4426 obumbrabit
2498 4371 2610 4423 tibi.
2665 4367 2898 4439 Ideoque
2956 4380 3004 4424 et
3044 4368 3183 4441 quod
3231 4381 3478 4425 nascetur

1900 4473 2163 4525 sanctum,
2198 4461 2469 4516 vocabitur
2499 4458 2673 4514 Filius
2705 4459 2803 4514 Dei
2827 4461 2894 4516 ⁸⁸.
2922 4459 3075 4528 Quod
3107 4477 3248 4516 nunc
3275 4463 3475 4531 agitur,

242 4544 359 4610 Υἱὸς
385 4545 557 4600 Θεοῦ.
587 4546 660 4599 Ού
701 4546 941 4601 δουλεύει
972 4546 1188 4615 φύσεως
1226 4547 1414 4618 νόμοις
1448 4546 1511 4599 τὸ
1539 4545 1795 4618 τελούμε-

1898 4563 2103 4611 natura:
2137 4553 2343 4624 legibus
2371 4566 2473 4605 nun
2504 4552 2711 4606 subest.
2741 4550 2956 4605 Natura:
2986 4552 3250 4622 siquidem
3280 4551 3475 4606 artifex

234 4650 330 4689 νον.
372 4637 431 4689 ὐ
458 4637 566 4707 γάρ
614 4638 953 4708 Δημιουργὺς
991 4638 1085 4690 καὶ⁵
1117 4636 1385 4707 δεσπότης
1433 4638 1531 4707 τῆς
1557 4636 1794 4706 φύσεως,

180 4782 190 4803 ‘
236 4726 340 4779 κατ’
374 4726 627 4793 ἐξουσίαν
680 4730 807 4793 τοὺς
836 4730 994 4800 ὅρους
1042 4728 1262 4801 ἀμείϐει
1300 4730 1399 4800 τῆς
1438 4729 1671 4799 φύσεως.
1732 4730 1793 4782 'H

236 4814 305 4879 δὲ,
334 4818 393 4871 τὸ
442 4820 533 4873 ἀεὶ
570 4819 905 4891 ποθούμενον
937 4823 1030 4874 καὶ
1084 4819 1395 4891 τιμώμενον
1432 4821 1603 4892 ὄνομα
1627 4861 1642 4887 ,
1678 4822 1797 4891 μεθ’

239 4906 371 4977 ἱερᾶς
399 4910 687 4975 εὐλαϐείας
710 4912 1011 4975 ἀκούσασα,
1044 4912 1143 4983 τῆς
1175 4913 1421 4982 ὑπακοῆς
1445 4913 1668 4983 ὲπηφίει
1698 4914 1797 4981 (p6-

240 4994 322 5048 Gau
348 5001 437 5053 καὶ
466 5003 642 5071 χαρᾶς
668 5003 905 5072 γέμοντα
936 5003 1178 5072 ῥήματα,
1220 5002 1369 5055 Ἰδοὺ
1398 5002 1435 5069 ἡ
1458 5002 1649 5070 δούλη
1680 5007 1794 5056 Κυ-

232 5088 375 5154 ρίου,
405 5091 640 5159 γένοιτό
673 5110 775 5162 μοι
814 5094 962 5147 κατὰ
995 5093 1062 5147 τὸ
1087 5094 1246 5164 ῥῆμά
1271 5112 1407 5148 σου.

300 5188 363 5244 η’.
402 5178 478 5238 Ὦ
492 5184 687 5251 βάθος
707 5185 994 5251 πλούτου,
1017 5186 1115 5238 x’al
1135 5187 1377 5253 σοφίας,
1402 5185 1498 5238 καὶ
1525 5185 1799 5255 γνώσεως

244 5278 394 5331 Θεοῦ·
427 5276 583 5347 κάγὼ
615 5277 725 5348 γὰρ
756 5279 836 5342 είς
861 5277 1049 5349 καιρὸν
1074 5278 1152 5348 τῷ
1202 5278 1509 5348 Ἀποστόλῳ
1541 5279 1616 5349 (4)
1658 5298 1795 5350 συμ-

304 5412 345 5442 ⁶⁰
364 5412 535 5467 Gulat.
568 5428 642 5478 tv,
670 5414 724 5469 6.
824 5412 866 5444 ⁸⁸
902 5411 1034 5469 Luc.
1060 5428 1101 5479 ι,
1125 5413 1216 5467 28.
1324 5414 1368 5444 ⁶²
1405 5414 1534 5467 ibid.
1571 5414 1662 5469 29.

244 5481 285 5512 “
312 5482 431 5535 ibid.
462 5483 550 5538 55.
630 5486 672 5516 ⁶¹¹
699 5484 824 5538 ibid.
853 5483 943 5537 58.

244 5609 569 5737 ἱῃᾟὸζὲἶιω
597 5624 899 5683 sequuntur
924 5627 1095 5683 usque
1126 5613 1194 5666 ad
1250 5612 1324 5684 μὴ
1359 5609 1547 5681 φοϐοῦ,
1599 5611 1794 5669 absunt

306 5750 411 5825 (99)
438 5752 502 5806 ιι.
530 5748 708 5825 εὗρες,
749 5762 803 5806 et
838 5753 915 5807 sic
944 5753 1220 5823 deinceps.

308 5821 379 5887 ll)
406 5821 680 5895 Sattgertti.
706 5827 855 5878 deest
882 5825 1066 5893 φησίν.

1772 5417 1816 5447 ⁸³
1846 5418 1979 5472 ibid.
2009 5418 2100 5473 50.

1898 4655 1956 4703 et
1989 4645 2250 4701 Dominus
2274 4643 2539 4698 arbitratu
2575 4657 2673 4697 suo
2740 4643 2991 4699 immutat
3044 4653 3249 4698 naturae
3307 4644 3473 4715 leges.

1901 4739 2025 4795 Haec
2056 4737 2239 4807 itaque
2279 4752 2473 4791 nomen
2515 4735 2682 4799 illud,
2728 4735 2869 4805 quod
2913 4735 3059 4790 onmi
3111 4737 3378 4790 desiderio
3423 4747 3479 4790 et

1899 4832 2106 4887 honore
2150 4846 2364 4900 semper
2397 4828 2645 4893 colebat,
2710 4844 2865 4882 sacra
2911 4828 3142 4896 quadam
3176 4828 3478 4881 reverentia

1901 4923 2167 4988 audiens,
2212 4920 2528 4977 obedientize
2587 4935 2769 4973 vocem
2824 4919 3015 4971 timore
3069 4928 3230 4985 atque
3276 4920 3475 4985 gaudio

1906 5013 2121 5081 plenam
2149 5013 2329 5067 emisit
2365 5030 2378 5066 :
2417 5011 2551 5064 Ecce
2578 5009 2774 5063 ancilla
2808 5007 3058 5071 Domini;
3105 5008 3199 5075 ﬁat
3244 5010 3371 5061 nti/ti
3400 5026 3482 5062 se-

1906 5102 2134 5155 cundum
2159 5104 2369 5157 verbum
2394 5111 2541 5153 tuum
2570 5099 2637 5152 ⁸⁷.

1978 5191 2030 5245 8.
2057 5190 2102 5245 0
2137 5192 2361 5244 altitudo
2384 5191 2709 5253 divitiarum,
2746 5187 3022 5256 sapientia:
3043 5196 3088 5239 et
3123 5186 3353 5241 scientia:
3387 5186 3481 5240 Dei

1903 5281 2050 5352 (uatn
2100 5298 2200 5351 ego
2258 5298 2471 5351 quoque
2502 5281 2743 5350 Apostoli
2792 5295 2978 5334 vocem
3032 5294 3174 5333 nunc
3223 5282 3482 5349 temporis

2212 5420 2256 5450 "‘
2283 5420 2415 5474 ibid.
2446 5419 2504 5472 5|
2535 5436 2549 5484 ;
2589 5416 2779 5471 Matth.
2810 5431 2849 5481 ι,
2873 5416 2963 5472 21.
3078 5416 3123 5448 ⁸⁸
3152 5414 3286 5470 Ιιιιιτ.
3321 5434 3358 5478 t,
3388 5418 3477 5471 54.

1996 5619 2052 5689 2)
2088 5616 2154 5689 [ί.
2186 5619 2334 5674 ἀντίη
2346 5636 2466 5688 ητα.

1996 5621 2052 5689 2)
2088 5621 2154 5672 [ί.
2186 5621 2466 5688 άντίθητα.

1974 5621 2051 5761 ίὸ)
2082 5688 2267 5761 Germ.
2296 5691 2588 5760 γενόμενον
2617 5691 2779 5744 male.

1974 5762 2049 5830 (ι)
2084 5760 2145 5815 li.
2178 5760 2275 5831 τῆς
2300 5762 2585 5833 παρακοῆς
2624 5761 2810 5815 ἐδεδίει
2846 5760 2905 5817 τὸ
2934 5762 3204 5835 ἐπίτιμον.
