4046 6406
203 365 300 429 713

1001 365 1331 428 HOMILIA
1367 361 1517 426 I’IN
1557 355 2098 424 DORMI'FIONEM
2137 354 2202 413 B.
2244 355 2308 416 V.
2346 348 2632 412 MARI/E.

3331 324 3434 397 714

195 483 285 540 καὶ
326 479 497 545 τύπος
541 478 895 548 γνωρίζεται;
931 477 991 529 ὃν
1029 477 1232 547 τρόπον
1263 475 1467 538 ἐκεῖνος
1515 471 1814 529 τεθέαταιλ

1901 483 1926 524 e
1953 483 2018 523 ea
2046 466 2424 536 praesignatam
2458 463 2849 532 ﬁguratamque
2888 453 3134 510 esseiut
3166 449 3311 507 enim
3350 443 3440 502 ille

192 573 274 631 διά
298 569 414 625 τῶν
447 570 632 639 ἄκρων
659 568 758 637 τῆς
795 566 1063 637 κλίμακος
1090 565 1317 637 οὐρανὸν
1349 567 1415 635 τῇ
1448 565 1518 635 γῇ
1557 578 1766 616 συναπ-

189 665 440 736 τόμενον,
483 660 577 715 καὶ
622 658 711 713 διά
759 658 960 728 ταύτης
1015 657 1281 726 ἀγγέλους
1331 655 1618 716 κατιόντας
1674 652 1769 706 καὶ

193 757 469 819 ἀνιόντας,
493 752 591 806 κα)⁹
623 752 714 805 τὸν
741 749 908 814 ὄντως
941 739 1186 820 ἰσχυρὸν,
1208 751 1304 802 καὶ
1348 747 1637 817 ἀήττητον,
1671 761 1769 797 τυ-

197 846 368 910 πικῶς
395 843 547 915 αύτῷ
578 841 1017 914 προσπαλαίοντα
1036 881 1052 905 ,
1084 838 1258 902 οὕτως
1287 839 1382 892 καὶ⁵
1414 839 1478 891 σὺ
1513 835 1770 907 μεσιτεύ-

198 954 354 1000 σασα,
378 935 477 990 καὶ
492 934 699 1006 κλίμαξ
715 936 971 1004 γεγονυῖα
985 934 1082 1004 τῆς
1099 931 1235 1003 πρὸς
1249 933 1281 1002 ή
1291 931 1398 1000 μᾶς
1413 929 1508 983 τοῦ
1537 928 1673 982 Θεοῦ
1694 927 1771 998 (θ)

197 1026 552 1091 καταϐάσεως
571 1064 586 1091 ,
621 1026 718 1079 τού
748 1024 809 1077 τὸ
841 1024 1062 1088 ἀσθενὲς
1093 1023 1252 1094 ἡμῶν
1284 1021 1643 1084 ἀναλαϐόντος
1673 1019 1776 1090 φύ-

201 1137 343 1192 ραμα
369 1159 386 1184 ,
419 1118 513 1172 καὶ
539 1117 717 1188 ἑαυτῴ
747 1116 1152 1188 συμπλέξαντος
1185 1115 1294 1192 καὶ-ς
1318 1113 1618 1175 ἑνώσαντος
1639 1151 1652 1175 ,
1681 1113 1775 1164 καὶ

199 1185 318 1264 νούν
352 1209 570 1280 ὁρῶντα
607 1185 738 1262 Θεὸν
762 1185 1084 1278 δεδρακότος
1116 1205 1208 1258 τὸν
1239 1185 1545 1276 ἄνθρωπον,
1575 1202 1645 1255 τὰ
1672 1201 1778 1254 διε-

204 1300 376 1355 στῶτα
400 1299 733 1370 συνήγαγες.
765 1295 927 1349 Ὅθεν
949 1293 1171 1363 ἄγγελοι
1203 1294 1302 1363 μὲν
1332 1293 1468 1363 πρὸς
1491 1291 1652 1344 αὐτὸν
1680 1307 1778 1344 κα·-

201 1390 424 1460 τῄεσαν,
455 1389 532 1452 ὡς
559 1388 679 1458 Θεῷ
706 1388 800 1442 καὶ
843 1387 1092 1458 Δεσπότῃ
1120 1385 1609 1456 λειτουργήσαντες
1633 1421 1648 1447 ,
1685 1382 1776 1435 ἀν-

205 1479 410 1549 θρωποι
463 1478 521 1531 δὲ
575 1477 844 1548 ἀγγελικῇ
893 1476 1143 1546 πολιτείᾳ
1196 1476 1573 1547 χρησάμενοι,
1641 1475 1778 1544 πρὸς

205 1565 432 1637 οὐρανὸν
467 1565 894 1638 ἀναρπάζονται.

271 1658 348 1712 8'.
385 1658 496 1711 [Ιοῦ
525 1658 581 1711 δὲ
608 1657 846 1729 θήσομαι
867 1659 975 1712 τῶν
1006 1656 1301 1728 προφητῶν
1321 1657 1390 1710 τά
1411 1655 1777 1728 κηρύγματα;

208 1750 303 1802 οὐκ
335 1749 428 1802 ἐπὶ
469 1751 556 1814 σὲ,
593 1749 753 1821 εἰπερ
785 1751 962 1822 ἀληθῆ
990 1750 1270 1805 δεικνύναι
1293 1749 1466 1802 ταῦτα
1495 1749 1779 1820 ἐθελήσαι-

1869 573 1966 628 per
2002 565 2275 612 extremas
2296 553 2456 608 scalae
2474 560 2658 620 partes
2689 548 2884 604 caelum
2915 559 3039 600 cum
3086 551 3231 598 terra
3274 553 3440 608 copu-

1870 637 2071 714 latum,
2096 658 2152 702 et
2180 648 2398 715 angelos
2425 661 2520 716 per
2547 659 2666 700 eam
2698 638 3085 696 descendentes
3137 642 3192 689 et
3246 646 3439 687 ascen-

1870 740 2080 806 dentes,
2112 738 2239 808 quin
2262 738 2426 792 etiam
2462 736 2611 790 illum
2638 733 2730 803 qui
2778 744 2905 785 vere
2955 727 3112 782 fortis
3149 725 3440 794 insupera-

1872 830 2108 900 bilisque
2135 839 2242 892 est,
2277 827 2458 898 typice
2504 838 2686 880 secum
2724 821 3015 874 luctantem
3063 815 3240 870 vidit:
3275 813 3355 867 sic
3387 821 3442 865 tu

1872 934 2084 989 quoque
2110 918 2441 973 mediatricis
2465 930 2658 970 munus
2682 913 2894 976 obiens,
2922 909 3222 976 effectaque
3248 903 3343 959 Dei
3378 903 3444 956 ad

1875 1023 1974 1064 nos
2003 1005 2380 1062 descendentis
2417 1004 2585 1068 scala,
2628 1012 2686 1056 ιιι
2718 1000 2950 1056 debilem
2995 1003 3238 1052 nostram
3285 1000 3448 1046 natu-

1877 1115 1990 1154 ram
2046 1103 2369 1161 assumeret,
2403 1096 2614 1164 sibique
2660 1092 2939 1162 copularet
2966 1097 3021 1145 et
3046 1087 3250 1151 uniret,
3281 1083 3448 1158 adeo-

1875 1207 1980 1263 que
2005 1189 2278 1246 hominem
2302 1197 2536 1243 mentem
2562 1186 2844 1240 videntem
2878 1183 3047 1238 Deum
3079 1177 3351 1240 redderet,
3385 1190 3446 1228 ea

1877 1299 1997 1352 qua
2045 1282 2314 1351 dirempta
2355 1286 2534 1341 erant,
2566 1274 2850 1345 collegisti.
2881 1271 3148 1341 Quocirca
3175 1267 3352 1338 angeli
3383 1265 3450 1319 ad

1878 1392 1998 1432 eam
2027 1373 2443 1436 descenderunt,
2472 1370 2550 1424 uti
2591 1368 2820 1422 Domino
2845 1380 2910 1420 ac
2943 1364 3050 1419 Deo
3079 1361 3406 1417 inservirent
3431 1375 3448 1410 :

1882 1467 2127 1522 homines
2157 1475 2337 1520 autem
2362 1462 2666 1532 angelicum
2697 1460 2819 1514 vita:
2842 1466 3010 1528 genus
3037 1452 3448 1526 amplectentes,

1881 1559 1934 1615 in
1959 1557 2152 1614 ccelum
2180 1556 2504 1613 evehuntur.

1905 1648 1912 1655 ’
1952 1650 2004 1705 9.
2023 1648 2140 1715 Quo
2161 1647 2282 1702 loco
2309 1642 2575 1715 praeconia
2598 1639 2978 1712 prophetarum
3013 1633 3250 1709 ponam?
3273 1648 3451 1688 annon

1882 1745 1947 1798 ad
1975 1750 2028 1797 te
2065 1737 2370 1804 referenda,
2409 1733 2676 1805 siquidem
2721 1747 2784 1786 ea
2826 1745 2952 1784 vera
3005 1742 3124 1784 esse
3170 1727 3457 1781 ostendere

215 1856 349 1910 μεν;
381 1840 471 1902 τίς
498 1807 608 1912 γάρ
638 1842 666 1894 6
698 1807 983 1904 danistae;
1022 1842 1210 1906 πόκος,
1241 1843 1326 1911 ἐφ’
1354 1840 1414 1895 ὃν
1439 1842 1468 1894 6
1496 1841 1590 1894 τοῦ
1630 1807 1782 1909 βασι-

1901 1834 2147 1888 relimus?
2176 1829 2458 1897 Quodnam
2492 1835 2577 1881 est
2614 1822 2953 1880 Dominicum
3000 1820 3132 1874 illud
3177 1816 3347 1872 vellus
3387 1813 3454 1879 ‘9,

213 1930 342 1994 λέως
375 1929 492 1984 τῶν
524 1931 784 1986 ἀπάντων
832 1931 968 1986 Θεοῦ
1015 1933 1130 1994 υίὸς
1155 1972 1170 2000 ,
1219 1935 1248 1987 6
1300 1933 1636 2003 συνάναρχος
1692 1935 1787 1986 καὶ

217 2020 628 2091 συμϐασιλεύων
658 2020 736 2092 τῷ
766 2021 952 2093 οἰκείῳ
978 2023 1266 2095 Γεννήτορι
1290 2064 1305 2089 ,
1334 2025 1410 2086 ὡς
1442 2023 1595 2088 ὑετὸς
1623 2041 1790 2077 κατα-

215 2111 483 2178 δέὸηκεν;
517 2111 640 2183 οὐχὶ
671 2113 737 2166 σὺ
765 2112 1206 2182 τηλαυγέστατα;
1239 2115 1324 2178 τίς
1348 2114 1405 2167 δὲ
1433 2115 1466 2185 ή
1499 2115 1790 2188 παρθένος,

216 2203 278 2272 ἢν
315 2201 548 2266 Ἠσαίας
579 2202 998 2276 προϐλεπτικῶς
1041 2205 1472 2277 προηγόρευσεν,
1502 2206 1560 2258 ἐν
1591 2206 1790 2278 γαστρὶ

219 2295 350 2360 ἕξειν
379 2296 480 2349 καὶ
511 2295 764 2363 τέξεσθαι
803 2297 919 2350 υίὸν
963 2296 1054 2350 τὸν
1105 2298 1222 2368 μεθ’
1253 2297 1410 2368 ήμῶν
1457 2299 1586 2352 ὄντα
1633 2299 1789 2364 Θεὸν,

219 2387 460 2440 τουτέστι
492 2389 633 2457 μετά
660 2387 720 2440 τὸ
749 2387 1004 2458 γενέσθαι
1047 2389 1354 2460 ἄνθρωπον,
1392 2392 1489 2445 καὶ
1515 2391 1648 2446 Θεὸν
1673 2393 1789 2446 δια-

223 2479 498 2551 μείναντα.
528 2479 594 2532 Τί
626 2480 683 2533 δὲ
709 2481 773 2534 τὸ
799 2479 924 2552 ὅρος
953 2480 1047 2533 τοῦ
1077 2482 1290 2553 Δανιὴλ,
1323 2483 1383 2550 ἐξ
1407 2477 1468 2538 οὗ
1495 2485 1523 2537 6
1547 2485 1795 2554 ἀκρογω-

222 2573 382 2634 νιαῖος
421 2571 640 2643 ἐτμήθη
683 2571 830 2636 λίθος
872 2573 1146 2644 Χριστὸς,
1181 2575 1281 2644 οὐχ
1322 2574 1565 2639 ὑποστὰς
1601 2577 1795 2648 ἀνδρὸς

225 2661 575 2733 ὲγχειρίδιον;
602 2663 727 2736 οὐχὶ
759 2663 824 2716 σὺ
851 2663 885 2734 ἡ
917 2664 1170 2736 ἀσπόρως
1202 2666 1475 2738 κυήσασα,
1503 2668 1601 2722 καὶ
1633 2667 1796 2722 πάλιν

224 2753 490 2823 παρθένος
541 2755 810 2824 μείνασα;
851 2755 1053 2810 ἐλθέτω
1107 2756 1368 2828 ’ίεζεκιὴλ
1399 2761 1428 2813 6
1479 2760 1792 2829 θειότατος,

224 2845 313 2896 καὶ
337 2842 604 2897 δεικνύτω
633 2844 1030 2917 κεκλεισμένην
1061 2845 1236 2917 πύλην
1286 2848 1656 2922 διωδευμένην
1692 2851 1798 2904 ὑπὸ

226 2934 416 3005 Κυρίου
447 2935 538 2987 καὶ
559 2933 658 2988 ούκ
689 2935 1054 3006 ἀναγομένην,
1082 2937 1226 2992 καθά
1256 2940 1609 3010 προφητικῶς
1633 2958 1799 3011 προε-

225 3023 418 3092 κήρυξε
453 3022 563 3093 (10)
591 3023 819 3088 δειξάτω
843 3025 952 3077 τῶν
979 3025 1288 3097 λεγομένων
1321 3030 1419 3099 τὴν
1452 3029 1698 3085 ἑκϐασιν·
1735 3034 1797 3086 σὲ

1887 1928 1939 1980 in
1967 1924 2108 1993 quod
2139 1923 2281 1992 regis
2311 1920 2554 1976 omnium
2588 1919 2679 1973 Dei
2706 1916 2897 1979 Filius,
2933 1913 3025 1984 qui
3060 1911 3207 1966 Patri
3232 1917 3458 1965 coaeter-

1887 2031 1989 2071 nus
2026 2022 2134 2077 est,
2164 2013 2389 2082 ejusque
2418 2009 2570 2079 regni
2607 2021 2851 2071 consors,
2903 2004 3096 2074 pluviae
3149 2003 3322 2056 instar
3369 1999 3462 2054 dea

1887 2106 2140 2164 scendit?
2191 2120 2367 2158 annon
2430 2113 2484 2157 tu
2515 2099 2839 2170 perspicue?
2891 2098 3147 2164 Quaenam
3201 2095 3331 2148 item
3394 2103 3456 2143 ea

1890 2201 2074 2270 Virgo,
2105 2213 2267 2267 quam
2294 2195 2462 2250 Isaias
2485 2193 2530 2225 ⁵⁸
2566 2191 2788 2261 provido
2812 2189 3018 2258 Spiritu
3045 2188 3097 2240 in
3125 2195 3279 2240 utero
3307 2181 3460 2238 habi-

1892 2302 2093 2353 turam,
2132 2289 2414 2356 Deumque
2446 2284 2539 2355 qui
2574 2281 2852 2338 nobiscum
2877 2278 3035 2344 foret,
3068 2290 3161 2332 seu
3190 2275 3304 2344 qui,
3334 2285 3462 2327 cum

1892 2381 2070 2437 factus
2096 2390 2244 2436 esset
2269 2379 2452 2443 homo,
2503 2374 2663 2432 simul
2696 2379 2941 2428 maneret
2969 2369 3133 2431 Deus,
3166 2366 3463 2436 parituram

1892 2469 2350 2544 praedixit?Quid
2393 2482 2545 2522 mons
2574 2465 2662 2520 ille
2699 2461 2934 2517 Danielis
2967 2460 3038 2522 ³ί,
3061 2473 3126 2513 ex
3169 2471 3275 2525 quo
3327 2455 3466 2525 lapis

1896 2563 2170 2636 angularis
2195 2561 2446 2616 Christus
2479 2558 2560 2612 sic
2591 2555 2866 2609 abscissus
2909 2549 3029 2614 fuit,
3076 2558 3136 2602 ut
3167 2547 3265 2601 viri
3319 2544 3466 2600 scal-

1897 2672 2051 2726 prum
2111 2670 2215 2709 non
2267 2650 2538 2706 subierit?
2565 2647 2754 2702 Nonne
2787 2646 2900 2714 ipsa
2930 2657 3010 2708 es,
3041 2655 3160 2710 qua:
3194 2636 3339 2693 nullo
3381 2649 3470 2690 sea-

1898 2745 2044 2799 tnine
2085 2750 2335 2810 suscepto
2372 2736 2652 2807 peperisti,
2694 2750 2757 2789 ac
2806 2747 2998 2786 rursus
3036 2729 3186 2798 virgo
3218 2741 3471 2796 perman-

1898 2837 2040 2893 sisti.
2078 2835 2270 2890 Veniat
2314 2831 2684 2888 divinissimus
2735 2823 2988 2880 Ezechiel
3020 2823 3087 2889 δ’,
3121 2820 3472 2888 clausamque

1898 2937 2110 3000 portam
2141 2925 2411 2988 ostendat,
2442 2920 2668 2977 Domino
2695 2916 2957 2986 perviam,
2987 2928 3085 2969 nec
3122 2923 3301 2966 tamen
3320 2922 3472 2978 aper-

1901 3029 2034 3083 tam,
2063 3012 2520 3086 quemadmodum
2568 3009 2888 3080 prophetico
2932 3005 3189 3060 instinctu
3218 3015 3473 3074 prmnun-

227 3090 379 3178 δείξει
411 3090 634 3179 πάντως
661 3155 676 3182 ,
706 3117 774 3186 ἢν
797 3115 1022 3170 διελθὼν
1055 3090 1092 3170 δ
1114 3090 1215 3171 ’ἐπὶ
1247 3090 1464 3174 πάντων
1501 3123 1665 3188 Θεὸς,
1702 3126 1797 3180 καὶ

1903 3110 2079 3166 tiavit.
2107 3109 2262 3162 Dicta
2313 3119 2410 3161 sua
2463 3111 2657 3157 eventu
2705 3099 3055 3170 comprobata
3080 3100 3365 3150 monstret.
3398 3090 3475 3145 Te

229 3204 397 3273 σάρκα
423 3204 634 3269 λαϐὼν,
665 3205 765 3277 τὴν
786 3210 885 3278 τῆς
921 3208 1216 3278 παρθενίας
1244 3212 1345 3264 οὐκ
1370 3214 1572 3285 ἀνέῳξε
1597 3216 1794 3287 πύλην.

231 3293 380 3348 ΙΙένει
413 3295 528 3367 γάρ
559 3298 593 3368 ή
624 3299 858 3368 σφραγὶς
886 3297 1055 3360 ὅντως
1077 3301 1477 3366 διαιωνίζουσα.
1520 3306 1588 3359 Σὲ
1618 3307 1799 3362 τοίνυν

233 3386 499 3455 προφῆται
526 3388 876 3458 κηρύττουσι.
913 3390 1003 3443 Σοὶ
1030 3391 1370 3447 διακονοῦσιν
1397 3396 1622 3465 ἄγγελοι
1641 3440 1657 3466 ,
1686 3397 1798 3454 λει·

232 3477 548 3546 τουργοῦσιν
580 3480 899 3545 ἀπόστολοι,
946 3483 974 3534 6
1010 3483 1277 3552 παρθένος
1316 3486 1412 3539 καὶ
1445 3486 1693 3557 θεολόγος
1733 3495 1801 3563 τῇ

245 3565 613 3639 ’Λειπαρθένῳ
646 3569 738 3622 καὶ
770 3570 1034 3643 Θεοτόκῳ.
1065 3573 1130 3626 Σὲ
1149 3574 1259 3645 γάρ
1291 3577 1529 3648 σήμερον
1546 3580 1683 3650 πρὸς
1713 3583 1803 3638 τὸν

238 3657 320 3710 σὸν
347 3658 694 3728 ὲκδημοῦσαν
731 3661 861 3715 Υίὸν
901 3667 1183 3733 περιεῖπον
1214 3665 1436 3735 ἄγγελοι
1457 3710 1470 3733 ,
1519 3669 1690 3742 ψυχαὶ
1721 3672 1804 3726 δι-

239 3749 416 3816 καίων,
463 3753 818 3824 πατριαρχῶν
845 3771 914 3821 ⁴τε
960 3755 1057 3809 καὶ
1093 3760 1404 3828 φροφητῶνο
1440 3761 1804 3836 ἐδορυφόρουν

240 3837 521 3894 ἀπόστολοι
543 3883 558 3908 ,
594 3841 870 3913 θεοφόρων
892 3861 952 3898 τε
978 3847 1237 3918 Πατέρων
1261 3849 1466 3919 πλῆθος
1491 3853 1718 3926 ἄπειρον
1743 3857 1806 3910 ἐκ

240 3930 658 4028 τῶνπερμάτων
831 3935 932 4004 γῆς
1072 3938 1200 4009 θείῳ
1228 3943 1612 4013 προστάγματι
1645 3946 1720 4011 ὼς
1750 3949 1807 4001 ὲν

241 4020 426 4093 νεφέλῃ
453 4023 590 4094 πρὸς
619 4024 824 4096 ταύτην
848 4028 948 4096 τὴν
977 4026 1129 4082 θείαν
1149 4030 1242 4082 καὶ
1264 4031 1414 4100 ίεράν
1453 4033 1809 4109 Ἰερουσαλὴμ

243 4110 654 4184 ἀθροιζόμενοι,
689 4116 784 4170 καί
818 4135 901 4172 σοι
948 4121 1015 4190 τῇ
1057 4123 1208 4192 πηγῇ
1247 4122 1342 4175 τοῦ
1376 4122 1682 4194 ζωαρχικοῢ
1714 4128 1808 4182 τοῦ

245 4204 437 4276 Κυρίου
472 4207 722 4278 σώματος
751 4209 956 4282 ὕμνους
990 4215 1168 4284 ίεροῦς
1213 4214 1678 4274 ὲνθεαστικώτατα
1721 4221 1810 4276 λέ-

245 4308 442 4360 γοντες.

215 4555 222 4580 ⁸
316 4559 362 4606 ι’.
405 4554 475 4608 ’Ὠ
513 4554 630 4619 πῶς
663 4557 698 4627 ὴ
741 4557 893 4628 πηγὴ
919 4558 1020 4629 τῆς
1047 4555 1192 4631 ζωῇς
1239 4563 1376 4633 πρὸς
1403 4566 1501 4636 τὴν
1549 4566 1696 4639 ζωὴν
1729 4569 1816 4624 διὰ

253 4644 406 4712 μέσου
437 4646 670 4700 θανάτου
697 4650 1024 4718 μετάγεταιι
1051 4650 1096 4704 ὢ
1125 4652 1297 4724 πῶςή
1330 4657 1388 4708 ὲν
1415 4656 1493 4726 τῷ
1522 4659 1665 4730 τόκῳ
1693 4663 1818 4726 τοὺς

248 4736 397 4802 ὄρους
443 4737 728 4808 ύπερὸᾶσα
776 4739 876 4810 τῆς
929 4740 1182 4811 φύσεως,
1235 4746 1328 4799 νῦν
1359 4748 1660 4803 ύποκύπτει
1704 4755 1820 4817 τοῖς

251 4826 446 4899 ταύτης
487 4827 709 4900 θεσμοῖς
730 4871 748 4898 ,
779 4833 873 4888 και
922 4833 1140 4907 θανάτῳ
1165 4837 1226 4890 τὸ
1255 4838 1530 4911 ἀκήρατον
1575 4842 1820 4899 καθυπο-

253 4917 499 4976 δάλλεται
527 4922 707 4992 σῶμα.
740 4926 833 4978 Δεῖ
862 4924 974 4997 γάρ
1011 4927 1142 4981 αὐτὸ
1169 4927 1232 4981 τὸ
1264 4913 1454 5002 θνητὸν
1480 4934 1817 5007 ἀποθέμενον

255 5009 341 5079 τὴν
380 5011 690 5084 ἀφθαρσίαν
727 5016 1142 5086 ἀμφιάσασθαι,
1178 5020 1300 5073 ἐπεὶ
1334 5023 1430 5075 καὶ
1473 5025 1502 5076 6
1546 5026 1822 5100 Δεσπότης

257 5103 345 5169 τῆς
368 5102 588 5170 φύσεως
617 5105 717 5176 τὴν
744 5105 841 5161 τοῦ
869 5108 1102 5162 θανάτου
1129 5114 1328 5182 πεῖραν
1353 5115 1453 5166 ούκ
1483 5115 1825 5188 ἀπηνήνατο.

260 5189 488 5262 θνήσκει
513 5194 622 5266 γὰρ
649 5173 816 5269 σαρκὶ
837 5239 852 5264 ,
887 5203 980 5252 καὶ
1015 5173 1239 5272 θανάτῳ
1280 5203 1396 5257 λύει
1431 5205 1522 5259 τὸν
1571 5173 1824 5278 θάνατον,

262 5281 348 5333 καὶ
369 5285 544 5356 φθορᾷ
566 5285 662 5356 τὴν
690 5288 1002 5360 ἀφθαρσίαν
1031 5291 1338 5361 χαρίζεται,
1364 5294 1458 5346 καὶ
1487 5294 1586 5364 τὴν
1619 5295 1824 5369 νέκρω-

264 5389 342 5428 σιν
365 5380 506 5431 ποιεῖ
533 5380 718 5450 πηγὴν
743 5383 843 5453 τῆς
870 5383 1241 5446 ἀναστάσεως.
1268 5385 1331 5436 Ὦ
1367 5386 1484 5449 πῶς
1512 5387 1686 5460 ψυχὴν
1713 5389 1824 5462 (Η)

263 5512 726 5614 ..ξ’ίξδξξιι-ξκξῐέ
753 5519 807 5572 6ο
883 5520 928 5552 ⁸⁰
964 5519 1065 5578 lsa.
1104 5537 1200 5589 vn,
1238 5520 1324 5577 14.
1401 5524 1444 5555 ⁸¹
1479 5524 1611 5579 Dan.
1662 5541 1721 5594 ιι,
1762 5527 1850 5584 54,

339 5568 622 5652 ιϐοιίξιᾶ,
964 5568 1065 5578 ’”“”
1479 5568 1611 5579 ”“““
1662 5568 1721 5594 "’

335 5705 407 5845 $9)
436 5707 500 5761 R.
544 5707 1022 5773 ωγκαταὸἀσεως.

366 5777 446 5845 ιυ)
474 5777 539 5832 R.
575 5779 855 5837 δεικνύτω.

366 5777 446 5847 ιο)
474 5777 539 5832 R.
575 5779 855 5837 δεικνύτω.

613 5895 884 5956 Ριιτιιυι..
935 5896 1048 5956 Gn.
1099 5893 1318 5959 XCVI.

1903 3202 2064 3260 dubio
2109 3198 2294 3270 procul
2317 3197 2588 3262 ostendet,
2613 3209 2709 3264 per
2735 3207 2899 3263 quam
2933 3189 3229 3254 transiens,
3259 3185 3351 3256 qui
3383 3199 3477 3239 su-

1904 3311 2000 3366 per
2032 3293 2213 3349 omnia
2244 3291 2385 3345 Deus
2438 3297 2544 3355 est,
2591 3291 2867 3354 assumpta
2916 3293 3102 3346 carne,
3152 3276 3480 3349 virginitatis

1907 3397 2117 3459 portam
2145 3395 2483 3453 nequaquam
2514 3377 2746 3449 aperuit.
2798 3372 3149 3446 Signaculum
3192 3371 3392 3440 quippe
3425 3367 3477 3420 in

1905 3491 2164 3536 aeternum
2211 3479 2541 3543 perseverat.
2590 3470 2852 3537 Quocirca
2893 3476 2944 3521 te
2973 3464 3248 3534 prophetae
3288 3460 3482 3532 praedi-

1908 3579 2036 3628 cant
2104 3586 2118 3622 :
2165 3566 2260 3622 tibi
2292 3563 2607 3620 ministrant
2650 3559 2849 3630 angeli,
2892 3557 3197 3612 inserviunt
3228 3549 3478 3622 apostoli,

1910 3661 2060 3730 virgo
2099 3657 2187 3712 ille
2235 3669 2301 3709 ac
2352 3650 2652 3721 theologus,
2713 3657 2989 3720 perpetua:
3038 3641 3232 3713 virgini
3279 3639 3484 3707 Deique

1911 3750 2182 3823 genitrici.
2225 3745 2406 3801 Hodie
2432 3743 2577 3798 enim
2607 3749 2660 3796 te
2696 3742 2761 3795 ad
2791 3738 2984 3795 Filium
3028 3745 3178 3790 tuum
3209 3731 3484 3801 emigrano

1915 3856 2022 3900 tem
2044 3840 2294 3898 satellitio
2319 3853 2416 3893 suo
2461 3833 2718 3889 fovebant
2747 3830 2944 3902 angeli,
2970 3830 3237 3900 justorum
3270 3821 3483 3885 animm.

1912 3935 2456 4006 patriarcharumque
2495 3935 2552 3982 et
2601 3925 2992 3996 prophetarum
3024 3917 3489 3988 :stipabantapoo

1915 4003 2038 4083 stoli
2062 4032 2224 4092 atque
2251 4019 2551 4075 albatorum
2593 4033 2622 4070 a
2660 4016 2767 4070 Deo
2806 4013 3030 4068 Patrum
3061 4010 3271 4066 inﬁnita
3301 4003 3487 4060 multi-

1920 4119 2067 4183 tudo,
2094 4117 2160 4170 ab
2182 4114 2314 4184 ipsis
2335 4113 2482 4166 orbis
2504 4109 2698 4164 linibus
2722 4108 2903 4162 divino
2921 4105 3042 4160 Filii
3069 4104 3146 4158 tui
3171 4103 3323 4171 jussu
3342 4097 3489 4153 velut

1920 4211 1974 4264 in
1998 4209 2160 4270 nube,
2181 4206 2234 4258 in
2259 4202 2493 4258 divinam
2519 4201 2657 4254 hanc
2679 4209 2734 4253 et
2757 4210 2968 4253 sacram
3014 4192 3314 4250 Jerusalem
3362 4203 3492 4242 con-

1919 4297 2148 4372 gregati,
2179 4294 2385 4364 tibique
2437 4293 2700 4346 Doininici
2755 4290 3022 4358 corporis,
3061 4285 3205 4356 quod
3232 4285 3352 4337 vitae
3387 4283 3493 4338 ini-

1925 4391 2056 4444 tium
2109 4381 2299 4439 attulit
2339 4382 2496 4447 fonti,
2543 4395 2728 4436 sacros
2805 4386 3027 4433 sanctos
3078 4376 3309 4447 hymnos
3357 4373 3495 4429 divi-

1847 4487 1892 4540 D
1922 4472 2144 4535 nissime
2177 4473 2466 4529 canebant.

1991 4569 2080 4623 10.
2113 4566 2157 4622 Ο
2182 4566 2454 4636 quomodo
2480 4564 2602 4617 vita:
2629 4561 2749 4617 fons
2783 4562 2850 4616 ad
2900 4560 3065 4614 vitam
3114 4558 3290 4614 media
3325 4565 3498 4612 morte

1923 4660 2189 4717 trahitur!
2217 4656 2262 4712 0
2291 4656 2586 4727 quomodo,
2633 4670 2754 4724 quae
2804 4652 3066 4723 pariendo
3117 4659 3325 4705 natura:
3355 4649 3500 4720 leges

1923 4761 2250 4817 excesserat,
2280 4765 2424 4804 nunc
2448 4746 2566 4816 ejus
2593 4746 2800 4817 legibus
2829 4744 2992 4808 cedit,
3011 4753 3066 4798 et
3092 4756 3289 4811 corpus
3315 4743 3500 4795 innna-

1922 4847 2160 4900 culatum
2214 4841 2372 4897 morti
2419 4838 2701 4908 subjicitur
2757 4837 2838 4891 "l
2883 4835 3108 4905 Oportet
3174 4835 3317 4888 enim
3398 4834 3500 4886 hoc

1932 4935 2146 4992 mortali
2171 4935 2366 5004 posito,
2404 4931 2628 4986 induere
2663 4927 3125 4996 incorruptionem
3152 4922 3218 4986 ⁸⁸,
3245 4923 3496 4992 quando-

1928 5028 2144 5098 quidem
2179 5034 2385 5080 naturaa
2421 5023 2680 5078 Dominus
2733 5019 2924 5073 mortis
2968 5016 3266 5086 periculum
3322 5013 3505 5067 facere

1927 5133 2035 5173 non
2085 5115 2377 5173 recusavit.
2431 5113 2609 5169 Carne
2659 5111 2863 5167 etenim
2923 5109 3173 5176 moritur,
3217 5115 3268 5162 et
3326 5114 3504 5160 morte

1929 5217 2157 5262 mortem
2185 5207 2323 5262 tollit
2359 5223 2375 5264 :
2412 5205 2761 5276 corruptione
2791 5200 3250 5271 incorruptionem
3282 5197 3454 5251 donat
3488 5214 3502 5249 :

1930 5315 2114 5355 necem
2158 5299 2392 5369 denique
2445 5313 2598 5352 suam
2659 5293 3074 5351 resurrectionis
3101 5291 3300 5346 fontem
3351 5287 3502 5343 facit.

1927 5391 2092 5463 865
2154 5388 2198 5444 Ο
2271 5390 2540 5460 quomodo
2606 5396 3009 5444 sacrosanctam
3063 5384 3208 5439 illam
3268 5381 3506 5437 animam

1926 5531 1972 5564 δ’
2008 5533 2207 5588 Ezech.
2245 5547 2388 5598 χιιν,
2421 5531 2474 5585 1.
2549 5531 2596 5562 ⁸³
2626 5529 2849 5601 Dionys.
2897 5542 3018 5599 cap.
3051 5528 3083 5582 5
3113 5525 3188 5582 De
3217 5525 3324 5580 div.
3368 5538 3506 5577 nam.

2014 5715 2124 5788 (ll)
2160 5715 2340 5775 Germ.
2375 5727 2433 5775 et
2457 5716 2605 5776 Colb.
2637 5715 2849 5789 νοεράν.

3145 5890 3226 5952 Q3
