4046 6448
556 376 689 440 715

1729 386 1787 447 S-
1830 378 2149 448 JOANNIS
2187 383 2619 446 DAMASCENI
2869 406 2881 429 θ
3705 381 3795 449 716

555 493 982 559 c'tabernaculo,
1023 494 1165 565 quod
1194 495 1362 551 Deum
1399 494 1711 565 susceperat
1743 498 2124 566 emigrantem,

2253 496 2385 564 εράν
2427 495 2521 548 τοῦ
2570 491 2817 564 θεοδόχου
2868 482 3258 566 διαιρουμένην
3310 495 3690 567 σκηνώματος,
3731 501 3793 554 οἰκ

550 602 734 645 rerum
764 586 1004 643 omnium
1031 587 1293 642 Conditor
1325 586 1436 643 suis
1465 588 1717 642 manibus
1758 587 1958 657 excipit
1995 606 2008 642 :
2044 588 2116 642 le-

553 682 740 753 gitime
782 694 902 735 eam
934 680 1231 742 honoraris,
1258 693 1445 749 quam,
1475 680 1573 733 etsi
1628 690 1819 734 natura
1864 690 1982 735 erat
2028 695 2126 733 an-

555 775 704 838 cilla,
738 789 840 844 pro
869 773 1347 843 impervestigabili
1391 788 1503 827 suae
1551 774 1902 842 benignitatis
1935 773 2130 845 abysso

555 882 707 935 requa
741 866 1144 936 dispensatione
1181 875 1407 920 matrem
1463 881 1613 920 suam
1652 864 1851 931 effecit,
1878 880 1999 919 cum
2042 880 2122 918 rev

558 972 685 1011 vera
725 956 1041 1011 incarnatus
1082 964 1249 1021 esset,
1290 971 1352 1009 ac
1385 971 1489 1009 non
1542 955 1741 1009 nudam
1783 954 2133 1009 humanitatis

558 1048 796 1118 speciem
846 1047 1164 1117 objecissetl
1224 1046 1488 1102 Videbant
1548 1049 1691 1102 enim
1749 1056 1830 1112 ut,
1889 1061 1990 1115 par
2050 1054 2133 1099 est

558 1140 803 1206 credere,
846 1139 1159 1208 angelorum
1204 1138 1429 1203 classes,
1462 1153 1581 1207 quae
1634 1145 1786 1191 tuum
1822 1152 1852 1192 e
1884 1137 1994 1191 vita
2027 1137 2134 1190 dis-

560 1246 770 1286 cessum
806 1230 1210 1299 exspectabant.
1237 1228 1281 1285 Ο
1305 1230 1783 1299 praeclarissimum
1829 1244 2131 1294 excessum,

560 1324 651 1390 qui
681 1322 776 1376 tibi
809 1324 908 1377 hoc
939 1330 1161 1392 praestat
1212 1330 1272 1377 ut
1321 1322 1387 1377 ad
1436 1321 1605 1376 Deum
1656 1322 1888 1391 migres!
1917 1320 2052 1375 Nam
2090 1321 2135 1375 si

561 1428 685 1468 cum
724 1412 978 1467 omnibus
1022 1427 1239 1483 quoque
1296 1414 1405 1468 Deo
1458 1412 1655 1467 amatis
1686 1411 1998 1466 hominibus
2033 1412 2137 1467 hoc

518 1556 519 1559 η
562 1507 659 1562 Dei
702 1521 925 1560 munere
954 1521 1273 1562 concessum
1305 1506 1376 1561 sit
1414 1505 1537 1575 (nec
1565 1505 1707 1559 enim
1744 1505 1874 1573 quin
1914 1518 2139 1559 conces-

564 1613 684 1654 sum
725 1598 815 1664 sit,
852 1596 1210 1668 dubitamus);
1248 1605 1302 1651 at
1334 1596 1598 1651 infinitum
1634 1596 1727 1651 Dei
1772 1612 2050 1652 servorum
2077 1610 2141 1651 ac

565 1691 759 1746 matris
789 1691 1081 1745 discrimen
1134 1699 1239 1746 est.
1292 1688 1475 1759 Ecquo
1524 1690 1686 1760 igitur
1729 1691 1968 1755 nomine,
1994 1676 2141 1758 quod

565 1784 621 1839 in
663 1793 715 1838 te
760 1792 1039 1863 peractum
1082 1792 1165 1838 est
1202 1783 1543 1853 mysterium,
1599 1782 2032 1853 appellabimus?
2071 1797 2139 1836 an

565 1876 839 1931 mortem?
889 1861 1248 1945 At‘quamvis
1299 1874 1669 1929 sacratissima
1701 1884 1756 1929 et
1795 1874 1924 1929 felix
1963 1874 2143 1928 anima
2177 1861 2217 1915 Β

567 1977 684 2032 tua,
704 1976 763 2021 ut
787 1966 892 2023 fert
921 1975 1130 2022 natura:
1153 1981 1294 2032 sors,
1321 1981 1355 2021 a
1381 1966 1697 2022 beatissimo
1713 1976 1765 2021 et
1797 1965 2145 2021 immaculato

568 2052 796 2129 corpore
833 2067 923 2113 tuo
968 2058 1333 2129 disjungatur,
1370 2073 1435 2114 ac
1495 2073 1694 2129 corpus
1748 2058 2000 2128 legitimae
2054 2074 2143 2113 se-

552 2150 797 2229 |pulturze
828 2151 1135 2216 mandetur,
1167 2167 1276 2207 non
1314 2162 1493 2206 tamen
1522 2151 1572 2205 in
1605 2160 1781 2206 morte
1812 2160 2143 2221 perseverat,

567 2254 669 2297 nec
721 2241 1075 2309 corruptione
1128 2240 1466 2296 dissolvitur.
1499 2238 1634 2293 Nam
1670 2238 1823 2308 cujus
1882 2240 1933 2292 in
1988 2247 2144 2308 partu

564 2332 855 2402 virginitas
916 2332 1201 2389 incolumis
1254 2333 1475 2396 mansit,
1546 2332 1733 2387 eadem
1793 2346 1823 2386 e
1879 2331 1990 2385 vita
2043 2331 2146 2385 mi-

567 2433 781 2492 grante,
819 2435 1015 2492 corpus
1046 2423 1120 2477 ita
1165 2432 1540 2478 conservatum
1567 2432 1667 2486 est,
1694 2430 1752 2475 ut
1779 2436 1888 2476 non
1916 2419 2149 2475 dissolu-

567 2519 705 2577 tum,
734 2510 828 2565 sed
879 2511 936 2565 in
984 2510 1179 2568 melius
1202 2510 1547 2581 diviniusque
1586 2510 1998 2566 tabernaculum
2026 2526 2147 2565 mu-

566 2609 740 2656 tatum
786 2602 875 2668 sit,
907 2603 1051 2673 quod
1097 2618 1203 2659 non
1236 2603 1350 2674 jam
1380 2611 1553 2657 morte
1583 2603 2027 2671 interrumpatur,
2053 2600 2150 2657 sed

569 2697 625 2751 in
653 2695 863 2750 infinita
895 2696 1212 2751 saeculorum
1238 2697 1432 2752 saecula
1461 2698 1741 2766 perduret.
1784 2696 2151 2764 Quemadmo-

568 2790 698 2843 dum
748 2789 892 2843 cnim
922 2789 999 2844 sol
1046 2790 1148 2843 istc
1200 2788 1629 2858 splendidissima
1659 2790 1993 2858 perenuique
2030 2788 2152 2842 luce

568 2880 855 2948 przeditus,
892 2879 1132 2945 tametsi,
1168 2893 1289 2933 cum
1323 2895 1350 2931 a
1386 2878 1568 2932 lunari
1619 2880 1884 2948 tantisper
1927 2892 2152 2948 corpore

554 2972 867 3043 ‘obtegitur,
898 2971 1055 3025 modo
1079 2969 1313 3039 quodam
1355 2969 1610 3035 deficere,
1640 2979 1694 3025 et
1716 2969 1945 3038 caligine
1972 2970 2148 3038 obrui,

572 3070 629 3118 et
670 3061 929 3133 fulgorem
982 3076 1103 3116 cum
1159 3061 1396 3116 tenebris
1450 3071 1661 3116 mutare
1716 3062 1986 3129 videatur,
2044 3076 2149 3115 non

575 3166 755 3211 tamen
797 3155 916 3210 luce
942 3170 1039 3209 sua
1071 3154 1402 3221 destituitur,
1434 3169 1622 3210 verum
1654 3155 1736 3209 sui
1765 3154 1987 3225 luminis
2032 3153 2151 3210 fon-

575 3255 683 3302 tem
740 3256 1003 3317 perpetuo
1053 3246 1442 3302 scaturientem
1488 3246 1671 3313 habet,
1730 3246 1976 3317 quinimo
2034 3247 2152 3317 ipse

572 3337 792 3391 luminis
820 3338 941 3393 f'ons
961 3346 1043 3393 est
1074 3337 1414 3403 indeficiens,
1446 3336 1591 3392 velut
1622 3339 1688 3392 ab
1718 3338 1834 3407 ejus
1872 3338 2153 3393 conditore

575 3426 685 3482 Deo
714 3428 1065 3483 constitutum
1098 3426 1198 3481 fuit
1231 3445 1244 3482 :
1276 3427 1355 3482 sic
1394 3437 1450 3481 tu
1500 3437 1716 3497 quoque
1747 3427 1867 3482 fons
1909 3428 2024 3482 veri
2067 3427 2153 3481 lu-

574 3518 760 3581 minis,
808 3528 863 3572 et
914 3518 1270 3572 inexhaustus
1336 3515 1625 3585 ipsiusmet
1666 3515 1791 3570 vitae
1844 3515 2150 3582 thesaurus,

574 3610 959 3679 uberrimaqne
1006 3609 1399 3665 benedictionis
1446 3608 1740 3679 scaturigo,
1792 3622 1915 3673 quae
1958 3617 2152 3662 cuncta

574 3703 733 3759 nobis
783 3704 923 3757 bona
960 3701 1263 3758 conciliasti
1312 3710 1368 3756 et
1406 3699 1656 3766 attulisti,
1708 3701 1807 3754 etsi
1843 3700 1909 3752 ad
1944 3708 2156 3767 tempus

556 3792 793 3861 aliquod
837 3807 1102 3861 corporeo
1156 3792 1317 3846 modo
1361 3798 1538 3845 morte
1581 3789 1879 3859 obtegeris;
1918 3798 2153 3842 attamen

574 3885 824 3940 immensi
889 3884 1128 3950 luminis,
1212 3881 1644 3952 immortalisque
1697 3882 1844 3945 vim,
1904 3896 1968 3935 ac
2017 3894 2157 3933 verae

556 3958 853 4045 Tf‘elicitatis
896 3991 1062 4047 puros
1099 3984 1155 4031 et
1188 3976 1541 4030 inexhaustos
1590 3974 1800 4039 latices,
1840 3972 2024 4045 gratiae
2057 3970 2157 4024 flu-

576 4070 747 4133 mina,
796 4069 1137 4124 sanationum
1208 4066 1406 4135 fontes,
1472 4080 1870 4137 perennemque
1940 4065 2157 4120 benedi-

552 4159 810 4235 _ctinnent
861 4159 1061 4215 fundis.
1099 4158 1177 4213 Tu
1224 4160 1369 4215 enim
1402 4174 1462 4213 es
1487 4159 1630 4214 sicut
1675 4160 1845 4212 malus
1892 4158 1945 4211 in
1997 4156 2157 4228 lignis

558 4247 761 4317 silvae;
814 4257 867 4302 et
926 4247 1134 4303 fructus
1176 4256 1299 4302 tuus
1358 4246 1531 4302 dulcis
1575 4247 1776 4317 gutturi
1826 4244 2064 4301 fidelium
2086 4246 2151 4298 ⁵³.

576 4336 937 4403 Quamobrem
955 4353 1169 4393 sacrum
1199 4338 1483 4393 transitum
1513 4349 1657 4393 tuum
1684 4337 1907 4393 minimc
1925 4346 2155 4392 mortem

558 4414 988 4498 "appellabimus,
1023 4433 1117 4486 sed
1164 4445 1413 4487 somnum
1451 4439 1506 4486 et
1534 4431 1933 4501 migrationem,
1960 4430 2067 4497 vel,
2098 4439 2157 4483 ut

557 4522 776 4590 'aptiori
806 4536 938 4577 voce
968 4532 1110 4589 utar,
1150 4524 1496 4593 praesentiam
1533 4524 1599 4578 ad
1638 4523 1805 4578 Deum
1839 4541 1854 4578 :
1887 4524 2154 4579 excedens
2172 4545 2232 4607 ιι)

554 4613 725 4679 enim
752 4628 783 4668 e
804 4628 1052 4683 corpore,
1082 4630 1319 4683 praesens
1353 4616 1571 4672 exsistis
1602 4615 1668 4671 ad
1707 4617 1918 4686 potiora
1943 4617 2011 4671 ⁸⁸.

651 4724 740 4779 ii.
779 4723 856 4781 Te
908 4740 1031 4781 cum
1085 4726 1292 4798 angelis
1327 4727 1637 4799 archangeli
1672 4737 2093 4785 transvexerunt
2138 4748 2151 4784 :

562 4831 868 4874 ascensum
900 4826 1049 4873 tuum
1092 4818 1289 4888 impuri
1320 4817 1545 4889 spiritus
1574 4818 1992 4876 exhorruerunt.
2042 4819 2157 4875 Tuo

581 4911 811 4967 transitu
860 4925 954 4967 aer
1010 4911 1370 4979 benedicitur,
1416 4912 1605 4968 aetheri
1660 4911 1922 4967 sanctitas
1974 4912 2159 4968 conci-

563 5002 763 5085 iiatur.
792 5002 1045 5058 Animam
1092 5012 1238 5057 tuatn
1281 5003 1478 5060 ccelum
1537 5003 1778 5073 gaudens
1808 5004 2031 5074 excipit,
2060 5004 2156 5059 tibi

566 5111 703 5171 ,cum
726 5096 897 5152 sacris
926 5096 1175 5164 canticis,
1217 5105 1273 5152 et
1313 5096 1450 5153 laetae
1492 5098 1854 5154 solemnitatis
1886 5099 2013 5164 ritu,
2046 5112 2158 5154 coe—

566 5188 755 5264 ilestes
807 5188 1051 5245 Virtutes
1100 5189 1314 5245 obviam
1364 5192 1656 5261 prodeunt,
1693 5190 1777 5246 his
1824 5192 2158 5249 similibusve

568 5272 804 5353 ,vocibus
833 5289 1066 5338 utentes:
1091 5281 1225 5350 Quae
1249 5291 1332 5338 est
1352 5283 1455 5339 ista
1480 5298 1601 5354 qua:
1620 5284 1865 5339 ascendit
1888 5285 2157 5351 dealbata,

569 5359 833 5426 'cxoriens
854 5380 914 5426 ut
939 5374 1400 5444 aurora,pulchra
1432 5384 1491 5429 ut
1524 5374 1671 5439 luna,
1696 5374 1864 5430 electa
1892 5384 1949 5429 ut
1981 5374 2061 5431 sol
2090 5376 2156 5430 ⁸⁷.

581 5459 753 5524 Onam
775 5460 1023 5531 pulchra,
1050 5480 1210 5534 quam
1240 5465 1421 5521 suavis
1452 5463 1594 5521 facta
1616 5467 1711 5521 es!
1744 5474 1796 5520 tu
1827 5465 1925 5522 flos
1954 5468 2151 5539 campi,

607 5621 612 5624 Ι
655 5619 702 5651 ⁵⁸
737 5618 989 5703 (λῖηέὶνν
1016 5620 1068 5674 ⁷ο
1148 5621 1192 5652 ⁸⁸
1222 5619 1263 5671 ¹¹
1295 5621 1417 5678 εοΐο
1447 5639 1495 5678 νο
1530 5624 1583 5679 8.
1658 5626 1704 5658 ⁵⁷
1751 5624 1907 5681 Cant.
1944 5625 2039 5697 Vh:
2065 5627 2119 5681 9.

640 5782 766 5844 is!)
804 5780 867 5847 ιι.
898 5780 1115 5847 ἐκεινης
1147 5771 1340 5847 exasan

650 5848 766 5921 μδ)
802 5845 1312 5939 ιι,ᾳειςεεινρμιιμιρεζ
1342 5846 1345 5850 -

2237 588 2413 651 κείαις
2445 589 2634 659 χερσὶν
2685 589 2713 641 6
2756 586 3095 658 παντουργὸς
3139 587 3479 658 ὑποδέχεται,
3513 590 3692 657 τιμῶν
3725 610 3799 643 νο·

2240 681 2443 752 μίμως,
2483 682 2550 751 ἣν
2590 683 2655 751 τῇ
2686 679 2847 749 φύσει
2877 679 3070 751 δούλην
3102 680 3470 750 ὑπάρχουσαν,
3509 680 3801 751 φιλανθρω-

2239 773 2369 836 πίας
2414 772 2839 843 ἀνεξιχνιάστοις
2877 772 3171 840 πελάγεσιν
3208 772 3575 839 οἰκονομικῶς
3609 775 3799 844 μητέρα

2243 865 2438 918 ἑαυτοῦ
2489 866 2804 934 ἐποιήσατο,
2835 866 2864 917 6
2915 863 3146 935 ἀληθείᾳ
3187 864 3514 935 σαρκωθεὶς,
3556 864 3620 915 οὐ
3658 880 3801 931 φενα-

2240 957 2399 1021 κίσας
2442 956 2541 1029 τὴν
2587 954 3018 1028 ὲνανθρὼπησιν.
3084 954 3304 1026 Ἐὡρων
3358 954 3487 1025 γὰρ,
3536 955 3613 1017 ὡς
3652 956 3799 1019 δοκεῖ,

2241 1049 2347 1103 τῶν
2396 1048 2645 1117 ἀγγέλων
2702 1049 2769 1103 τὰ
2810 1049 3068 1118 τάγματα
3116 1049 3216 1119 τὴν
3258 1046 3356 1118 σὴν
3407 1046 3465 1113 ἐξ
3516 1045 3804 1116 ἀνθρώπων

2242 1140 2543 1194 ἁποϐίωσιν
2573 1139 2999 1211 προσδεχόμενα.
3031 1138 3094 1190 Ὢ
3125 1141 3225 1207 τῆς
3255 1137 3556 1206 καλλίστης
3598 1136 3704 1206 (12)
3727 1141 3803 1190 ὲκ-

2244 1231 2464 1302 δημίας,
2496 1232 2528 1302 ἢ
2555 1230 2654 1300 τὴν
2681 1230 2815 1302 πρὸς
2844 1230 2977 1283 Θεὸν
3010 1229 3277 1300 ἐκδημίαν
3300 1228 3606 1299 χαρίζεται.
3631 1229 3688 1280 Εἰ
3711 1229 3805 1299 γὰρ

2246 1329 2339 1377 καὶ
2373 1327 2505 1377 πᾶσι
2537 1326 2647 1387 τοῖς
2693 1324 2975 1394 θεοφόροις
3001 1322 3299 1393 θεράπουσι
3334 1321 3470 1391 πρὸς
3508 1319 3642 1372 Θεοῦ
3668 1321 3805 1373 τοῦτο

2246 1415 2589 1484 κεχάρισταιο
2610 1413 2931 1485 κεχάρισται
2949 1414 3079 1484 γὰρ,
3110 1413 3203 1466 καὶ
3236 1410 3590 1480 πιστεύομεν·
3614 1410 3738 1463 ἀλλά
3750 1429 3803 1477 γε

2246 1506 2307 1559 τὸ
2328 1506 2582 1576 διάφορον
2605 1506 2830 1575 ἄπειρον
2852 1504 3053 1558 δούλων
3085 1503 3219 1557 Θεοῦ
3242 1505 3336 1563 καὶ
3370 1504 3598 1575 μητρός.
3632 1503 3693 1555 Τί
3710 1504 3801 1556 τοί-

2250 1615 2343 1652 νυν
2371 1599 2429 1651 τὸ
2447 1598 2576 1669 περὶ
2598 1598 2658 1650 σὲ
2678 1597 2834 1651 τοῦτο
2859 1598 3156 1669 μυστήριον
3178 1596 3544 1667 ὀνομάσομενο
3564 1594 3799 1661 θάνατονς

2250 1688 2387 1744 ἀλλά
2416 1691 2506 1742 καὶ
2531 1689 2775 1759 φυσικῶς
2805 1691 2837 1760 ἡ
2872 1689 3122 1763 πανίερος
3156 1689 3248 1742 καὶ
3286 1688 3534 1758 μακαρία
3569 1704 3657 1740 σου
3678 1687 3800 1759 ψυχή

2251 1784 2344 1838 τοῦ
2371 1784 2657 1839 πανολὸίου
2678 1785 2771 1838 καὶ
2803 1784 3078 1854 ἀκηράτου
3104 1800 3197 1836 σου
3227 1782 3524 1853 χωρίζεται
3556 1779 3801 1850 σώματος,

2245 1878 2338 1931 καὶ
2365 1877 2426 1930 τὸ
2449 1876 2607 1947 σῶμα
2636 1878 2701 1947 τῇ
2728 1875 2837 1946 (15)
2867 1875 3082 1947 νομίμῳ
3105 1879 3251 1946 ταφῇ
3278 1875 3654 1945 παραδίδοται,
3679 1874 3805 1940 ὅμως

2245 1969 2343 2022 οὐκ
2385 1967 2713 2037 ὲναπομένει
2743 1968 2802 2019 ὲν
2826 1965 2904 2035 τῷ
2944 1965 3180 2036 Θανάτῳ,
3209 1964 3319 2016 οὐδ’
3345 1963 3452 2016 ὑπὸ
3482 1962 3583 2031 τῆς
3624 1960 3804 2030 φθορᾶς

2244 2058 2545 2119 διαλύεται.
2575 2050 2683 2121 Ἦς
2714 2057 2822 2128 γὰρ
2869 2054 3160 2123 τικτούσης
3188 2052 3471 2122 ἀλὼϐητος
3498 2052 3533 2121 ὴ
3567 2050 3803 2121 παρθενία

2249 2154 2546 2226 μεμένηκε,
2577 2151 2781 2221 ταύτης
2817 2148 3221 2221 μεθισταμένης
3252 2146 3541 2200 ἀδιάλυτον
3578 2144 3636 2197 τὸ
3666 2143 3803 2211 σῶμα

2246 2245 2610 2316 πεφύλακται,
2627 2242 2867 2313 καὶπρὸς
2895 2241 3177 2313 κρείττονα
3204 2240 3296 2292 καὶ
3318 2237 3601 2308 θειοτέραν
3626 2234 3804 2305 σκηνὴν

2250 2333 2619 2406 μετατίθεται,
2673 2332 2733 2385 ού
2786 2328 3223 2400 διακοπτομένην
3280 2326 3523 2396 θανάτῳ,
3588 2324 3694 2378 ἀλλ’
3738 2325 3802 2384 εἰς

2247 2424 2591 2493 ἀπεράντους
2652 2420 2851 2484 αἰῶνας
2886 2419 3097 2473 αἰώνων
3142 2415 3579 2480 διαιωνίζουσαν.
3618 2414 3802 2482 Ὠσπερ

2248 2519 2357 2588 γὰρ
2396 2511 2548 2578 οὗτος
2573 2517 2601 2568 6
2634 2513 2953 2585 ὁλολαμπὴς
2986 2511 3081 2564 καὶ
3115 2509 3223 2580 (M)
3258 2507 3525 2577 ἀείφωτος
3556 2506 3695 2577 ἥλιος
3718 2504 3804 2557 ὑπὸ

2249 2611 2342 2666 τοῦ
2376 2607 2695 2679 σεληνιακοῦ
2730 2607 2867 2677 πρὸς
2911 2604 3108 2676 μικρὸν
3135 2602 3517 2675 κρυπτόμενος
3563 2598 3803 2668 σώματος,

2250 2705 2397 2759 δοκεῖ
2437 2703 2533 2771 μέν
2581 2718 2699 2763 πως
2741 2698 3155 2769 ὲκκλιμπάνειν,
3195 2696 3291 2749 καὶ
3337 2693 3416 2764 τῷ
3456 2693 3608 2762 ζόφῳ
3666 2690 3802 2743 καλύο

2253 2796 2501 2858 πτεσθαι,
2534 2795 2629 2846 καὶ
2676 2792 2774 2861 τῆς
2823 2790 3019 2860 αἴγλης
3062 2787 3485 2859 ἀντιλαμϐάνειν
3519 2786 3580 2838 τὸ
3622 2784 3803 2847 σκότος,

2251 2889 2399 2958 ὅμως
2434 2885 2595 2948 αὐτὸς
2634 2883 2730 2937 τοῦ
2765 2882 2967 2936 οἰκείου
3004 2881 3177 2952 φωτὸς
3204 2882 3305 2934 οὐκ
3342 2879 3641 2943 ἐξίσταται.
3675 2877 3801 2945 Ἔχει

2253 2981 2309 3033 δὲ
2341 2982 2398 3032 ὲν
2431 2977 2607 3048 ἑαυτῴ
2628 2976 2810 3047 πηγὴν
2845 2976 3021 3045 φωτὸς
3049 2974 3276 3028 άένναον
3309 2971 3606 3042 βρύουσαν,
3637 2969 3803 3040 μᾶλλον

2255 3072 2310 3124 δὲ
2343 3070 2505 3131 αὐτὸς
2557 3068 2707 3140 πηγὴ
2761 3068 2938 3137 φωτὸς
2981 3066 3214 3137 ὑπάρχει
3258 3064 3636 3127 ἀνέκλειπτος,
3678 3062 3742 3124 ὡς
3778 3060 3800 3112 6

2258 3163 2463 3226 Κτίσας
2488 3162 2650 3215 αύτὸν
2687 3160 2819 3223 Θεὸς
2850 3156 3151 3223 διετάξατο.
3182 3156 3337 3211 Οὕτω
3366 3157 3461 3210 καὶ
3500 3156 3566 3207 σὺ
3602 3155 3632 3223 ὴ
3676 3152 3800 3222 πηγὴ

2255 3256 2346 3310 τοῦ
2377 3255 2630 3327 ἀληθινοῦ
2661 3254 2833 3323 φωτὸς
2869 3255 2901 3323 ἡ
2938 3253 3150 3316 ἀέναος,
3186 3252 3214 3303 6
3242 3251 3519 3312 ἀδάπανος
3554 3251 3648 3316 τῆς
3670 3248 3800 3299 αὐτοι

2256 3349 2401 3419 ζωῆς
2432 3347 2723 3419 θησαυρὸς,
2759 3348 2792 3417 ἡ
2831 3345 3058 3416 δαψιλὴς
3088 3345 3184 3415 τῆς
3220 3343 3470 3412 εὐλογίας
3518 3339 3801 3401 άνάϐλυσις,

2255 3443 2289 3514 ἡ
2329 3442 2546 3495 πάντων
2590 3440 2698 3492 τῶν
2736 3437 2957 3507 ἀγαθῶν
2991 3438 3121 3508 ἡμῖν
3152 3436 3302 3489 αἰτία
3347 3437 3442 3488 καὶ
3475 3434 3741 3505 πρόξενος,
3765 3431 3802 3481 εί

2257 3535 2351 3589 καὶ
2378 3534 2514 3606 πρός
2543 3551 2595 3585 τι
2632 3531 2882 3603 χρονικὸν
2920 3531 3193 3599 διάστημα
3222 3528 3473 3598 καλύπτῃ
3513 3521 3803 3595 σωματικῶς

2255 3625 2333 3697 τῷ
2359 3626 2592 3697 θανάτῳ,
2623 3624 2759 3679 άλλά
2781 3623 2964 3696 βρύεις
2992 3622 3237 3691 ἀφθόνως
3255 3622 3388 3693 ἡμῖν
3406 3620 3584 3689 φωτὸς
3612 3619 3804 3685 ἀπειρε-

2259 3718 2395 3783 σίου,
2414 3718 2505 3770 καὶ
2535 3716 2837 3788 ἀμϐροσίας
2871 3715 3035 3785 ζωῆς,
3066 3714 3158 3767 καὶ
3187 3714 3283 3784 τῆς
3305 3712 3477 3774 ὅντως
3502 3708 3803 3781 μακαριότη-

2256 3827 2349 3873 τος
2386 3809 2667 3879 ἀνελλιπῆ,
2708 3808 2804 3862 καὶ
2830 3807 3065 3878 καθαρὰ,
3112 3807 3205 3859 καὶ
3245 3804 3568 3873 άδαπάνητα
3599 3801 3802 3870 νάματα,

2259 3901 2538 3971 ποταμοὺς
2572 3900 2813 3971 χάριτος,
2867 3900 3114 3969 ἰαμάτων
3157 3896 3362 3968 πηγὰς,
3409 3894 3656 3963 εὐλογίαν
3700 3889 3802 3944 ἀέν-

2257 4011 2405 4048 ναον.
2449 3994 2521 4046 Σὺ
2572 3992 2681 4065 γὰρ
2728 3993 2803 4056 ὡς
2841 3991 3009 4061 μῆλον
3048 3991 3105 4043 ἐν
3133 3991 3244 4052 τοῖς
3274 3987 3451 4052 ξύλοις
3496 3985 3590 4038 τοῦ
3623 3980 3798 4054 δρυμοῦ

2258 4086 2580 4157 ἐξήνθησας,
2622 4085 2714 4137 καὶ
2747 4085 2775 4135 6
2799 4083 3008 4155 καρπός
3038 4100 3129 4135 σου
3155 4078 3473 4151 γλυκασμὸς
3503 4080 3561 4131 ὲν
3598 4078 3799 4147 λάρυγγι

2257 4181 2365 4235 τῶν
2403 4178 2628 4235 πιστῶν.
2695 4176 2974 4230 Ἐντεῦθεν
3019 4175 3080 4227 ού
3116 4173 3343 4227 θάνατον
3388 4171 3485 4243 τὴν
3536 4170 3681 4242 ἱεράν
3726 4183 3799 4219 σου

2261 4270 2590 4342 μετάστασιν
2617 4267 2866 4337 λέξομαι,
2898 4265 3038 4319 ἀλλά
3079 4264 3354 4334 κοίμησιν,
3400 4262 3433 4332 ἢ
3464 4258 3735 4330 ἐκδημίαν,
3773 4252 3799 4322 ἢ

2258 4362 2514 4434 ἔνδημίαν
2558 4362 2735 4415 εἰπεῖν
2783 4358 3130 4429 οἰκειότερον.
3196 4352 3540 4425 Ἐκδημοῦσα
3591 4350 3689 4421 γάρ
3716 4345 3801 4400 τῶν

2258 4454 2351 4509 τοῦ
2386 4454 2660 4524 σώματος,
2684 4452 2936 4522 ὲνδημεῖς
2966 4448 3102 4521 πρὸς
3130 4448 3198 4503 τὰ
3228 4446 3531 4518 κρείττονα.

2338 4742 2427 4798 ια’.
2470 4744 2537 4797 Σὲ
2568 4740 3056 4813 συνεπόρθμευσαν
3077 4739 3175 4792 σὺν
3207 4734 3571 4809 ἀρχαγγέλοις
3595 4726 3796 4801 ἄγγελοι.

2264 4835 2366 4889 Σοῦ
2397 4836 2496 4906 τὴν
2542 4834 2718 4900 ἔξοδον
2762 4832 2989 4904 ἐφριξαν
3040 4831 3109 4885 τὰ
3146 4829 3435 4901 ἀκάθαρτα
3483 4827 3579 4881 καὶ
3613 4822 3797 4892 ἑναέρια

2264 4927 2573 4996 πνεύματα.
2612 4926 2714 4980 Σοῦ
2738 4930 2803 4997 τῇ
2833 4924 3082 4979 διαϐάσει
3138 4924 3442 4992 εὐλογεῖται
3466 4921 3565 4992 μὲν
3588 4919 3699 4989 ἀὴρ,
3730 4913 3798 4967 αι’

2256 5019 2363 5091 θὴρ
2396 5019 2451 5073 δὲ
2500 5018 2915 5087 καθαγιάζεται.
2951 5014 3055 5070 Σοῦ
3097 5015 3197 5086 τὴν
3229 5015 3409 5087 ψυχὴν
3434 5013 3636 5085 χαίρων
3663 5008 3794 5077 οὖρα·

2255 5111 2346 5173 νὸς
2374 5108 2717 5179 ὑποδέχεται.
2760 5109 2851 5162 Σοὶ
2881 5107 2999 5177 μεθ’
3032 5107 3194 5177 ίερῶν
3230 5106 3416 5176 ὓμνων
3444 5105 3556 5175 (l5)
3587 5102 3670 5157 καὶ
3694 5113 3795 5167 (pal-

2255 5202 2389 5273 δρᾶς
2434 5201 2657 5271 τελετῆς
2716 5198 3150 5271 προσυπαντῶσι
3226 5198 3508 5267 δυνάμεις,
3562 5186 3793 5263 μονονουχί

2256 5292 2510 5360 λέγουσαι
2530 5307 2544 5321 ο
2575 5292 2658 5354 τίς
2690 5291 2829 5359 αὕτη
2858 5292 2892 5359 ἡ
2920 5288 3287 5343 ἀναϐαίνουσα
3317 5279 3793 5352 λελευκαντισμένηο

2259 5382 2607 5450 ὲγκύπτουσα
2636 5383 2769 5436 ὡσεὶ
2792 5380 3022 5453 ὅρθροςς
3051 5380 3189 5451 καλὴ
3230 5379 3306 5444 ὡς
3360 5378 3578 5448 σελήνη,
3607 5366 3792 5465 ἐκλεκτῄ

2261 5470 2335 5533 ὡς
2357 5472 2384 5523 6
2402 5471 2573 5539 ἥλιος.
2615 5471 2702 5533 Ὠς
2728 5469 3040 5542 ὼραιώθης,
3066 5469 3142 5531 ὼς
3169 5467 3399 5539 ἡδύνθης
3422 5470 3435 5521 l
3469 5467 3532 5520 σὺ
3560 5465 3701 5525 ἄνθος
3721 5473 3791 5510 του

2338 5776 2446 5845 (l-i)
2478 5774 2542 5828 R.
2580 5775 2913 5843 πολύφωτος.

2340 5842 2451 5916 (45)
2487 5848 2615 5916 Ileg.
2651 5842 2743 5899 καὶ
2780 5845 3031 5916 φαιδραῖς
3056 5844 3175 5907 ταῖς
3204 5842 3475 5914 λαμπάσι,
3507 5842 3615 5897 καί.
