4046 6408
229 434 325 494 717

1023 452 1350 515 IIOMILIA
1389 460 1416 517 Ι
1458 460 1553 520 IN”
1576 462 2113 530 DORMITIONEM
2148 474 2213 534 B.
2251 477 2315 536 V.
2356 479 2639 539 MARI/E.

3363 476 3463 541 718

218 549 426 620 πεδίου,
477 550 550 614 ὡς
613 553 795 624 κρῖνον
854 554 913 609 ὲν
969 557 1120 629 μέσῳ
1165 563 1449 618 ἀκανθῶνο
1503 566 1589 619 διὰ
1632 570 1787 622 τοῦτο

1889 574 1963 627 ιιιί
1998 576 2166 631 lilium
2217 580 2269 634 in
2324 585 2500 638 medio
2550 586 2827 653 spinarum
2868 588 2958 643 5':
3006 600 3284 661 propterea
3328 596 3459 652 ado-

216 642 453 706 νεάνιδες
494 643 788 714 ἠγάπησαν
841 663 922 699 σε.
973 646 1066 712 El;
1102 649 1277 723 ὀσμὴν
1310 654 1496 725 μύρων
1527 675 1620 711 σου
1653 660 1780 729 δρα-

218 732 485 803 μούμεθα.
522 734 819 805 Είσήνεγκέ
852 753 911 788 σε
960 739 988 790 6
1022 738 1278 807 βασιλεὺς
1327 746 1408 805 είς
1438 746 1497 799 τὸ
1537 752 1779 817 ταμιεῖον

215 824 401 889 αὐτοῦ,
438 826 565 879 ἔνθα
588 826 826 891 ἐξουσίαι
848 827 1259 902 δορυφοροῦσιν,
1292 836 1458 908 ἀρχαὶ
1474 839 1776 909 εὐλογοῦσι,

216 917 391 988 θρόνοι
430 917 749 987 ἀνυμνοῦσι,
797 918 867 972 τὰ
916 921 1198 994 Χερουϐὶμ
1252 927 1615 999 ἐκπλήττεται
1664 933 1781 1001 χαί-

217 1008 395 1075 ροντα,
433 1006 643 1073 δοξάζει
674 1009 741 1062 τά
770 1011 1017 1086 Σεραφὶμ
1039 1014 1135 1083 τὴν
1169 1018 1263 1068 τοῦ
1290 1018 1489 1071 οἰκείου
1514 1019 1774 1074 δεσπότου

216 1097 372 1167 φύσει
431 1101 525 1153 καὶ
571 1100 802 1175 ἀληθείᾳ
859 1108 1139 1179 οἰκονομίᾳ
1202 1111 1621 1181 χρηματίσασαν
1677 1131 1779 1185 μην

213 1188 365 1259 τέρα.
400 1188 478 1243 Ού
499 1190 606 1261 γὰρ
629 1193 704 1257 ὠς
735 1197 763 1247 6
807 1196 993 1260 Ἠλίας
1021 1198 1095 1261 ὡς
1125 1199 1205 1263 είς
1226 1200 1316 1253 τὸν
1337 1201 1564 1270 οὐρανὸν
1591 1201 1778 1273 ἐλήλυ-

215 1275 341 1341 θας’
379 1278 479 1350 οὐχ
517 1280 593 1354 ὡς
626 1282 655 1333 6
689 1283 901 1349 Παῦλος
934 1287 1039 1351 ἓως
1082 1288 1267 1359 τρίτου
1309 1289 1656 1362 διεϐιὸάσθης
1686 1293 1780 1344 ού-

218 1368 425 1438 ρανοῦ,
456 1370 571 1424 ἀλλ’
615 1372 721 1437 ἕως
747 1376 912 1430 αὐτοῦ
953 1379 1048 1431 τοῦ
1098 1380 1380 1450 βασιλικοῦ
1433 1381 1621 1452 θρόνου
1682 1382 1778 1436 τοῦ

214 1459 343 1513 Υἱοῦ
386 1478 480 1514 του
526 1462 785 1531 ἔφθασας,
833 1468 1114 1534 αύτόπτως
1136 1471 1338 1540 ὁρῶσα,
1366 1474 1460 1527 καὶ
1492 1474 1774 1545 χαίρουσα,

214 1553 306 1606 καὶ
344 1553 442 1606 σὺν
468 1554 635 1626 πολλῇ
664 1557 758 1610 καὶ
788 1560 980 1632 agater
1008 1565 1072 1633 τῇ
1107 1564 1387 1635 παρρησίᾳ
1428 1567 1777 1637 παρεστῶσα,

214 1644 463 1712 ἀγγέλοις
494 1646 728 1717 θυμηδία
753 1651 1085 1723 ἀπόρρητος,
1121 1655 1214 1708 καὶ
1237 1656 1437 1718 πάσαις
1464 1660 1586 1722 ταῖς
1612 1659 1778 1731 ὑπερ-

214 1738 461 1805 κοσμίοις
490 1738 770 1810 δυνάμεσι,
801 1746 1163 1816 πατριάρχαις
1194 1748 1499 1820 εὐφροσύνη
1527 1750 1777 1820 ἄληκτος,

214 1825 441 1915 δικαίοις
507 1830 651 1899 χαρὰ
700 1833 1096 1905 ἀνεκλάλητος,
1160 1842 1468 1911 προφήταις
1529 1843 1781 1915 διηνεκὴς

1889 662 2193 723 lescentulae
2222 672 2525 728 dilexerunt
2562 685 2615 731 te
2658 694 2672 730 ε
2710 677 2764 731 ἰη
2810 680 3028 735 odorem
3060 695 3455 753 unguentorum

1891 764 2100 812 tuorum
2130 774 2488 817 cucurrerunt
2515 766 2583 798 ⁸⁸⁸
2614 767 2915 823 Introduxit
2950 779 3000 826 te
3043 788 3138 827 rex
3193 775 3245 828 in
3296 779 3453 834 cubi-

1886 846 2063 900 culum
2094 862 2272 914 suum,
2308 852 2394 907 ubi
2423 865 2474 907 te
2506 855 2710 923 stipant
2740 857 3061 924 Potestates,
3093 863 3260 934 866
3292 866 3453 922 Prin-

1886 936 2098 1005 cipatus
2126 939 2467 1009 benedicunt,
2497 946 2705 1001 Throni
2732 950 3136 1018 concelebrant,
3162 954 3454 1012 Cherubim

1887 1030 2179 1096 gaudentes
2214 1033 2619 1102 obstupescunt,
2651 1038 2871 1095 laudant
2911 1040 3218 1111 Seraphim,
3245 1054 3303 1099 ut
3340 1062 3463 1116 qua:

1888 1121 2097 1175 Domini
2146 1134 2334 1178 natura
2381 1143 2614 1197 veraque
2654 1130 3055 1199 dispensatione
3084 1145 3258 1189 mater
3289 1138 3459 1192 exsti-

1895 1214 2044 1266 teris.
2093 1211 2211 1268 Non
2263 1217 2405 1270 enim
2450 1218 2516 1271 ad
2573 1219 2791 1274 modum
2829 1220 2959 1275 Elia:
2992 1223 3135 1277 velut
3172 1225 3221 1278 in
3259 1228 3455 1281 malum

1887 1305 2197 1361 ascendisti.
2230 1305 2343 1361 Non
2387 1308 2462 1363 uti
2490 1308 2689 1365 Paulus
2714 1312 2780 1365 ad
2810 1313 3031 1367 tertium
3061 1329 3231 1384 usque
3257 1316 3454 1370 coelum

1886 1396 2139 1449 subvecta
2168 1412 2226 1450 es
2259 1397 2341 1459 ⁸ος
2392 1413 2579 1454 verum
2628 1417 2799 1471 usque
2849 1402 2915 1457 ad
2960 1404 3168 1473 regium
3222 1405 3343 1460 Filii
3382 1407 3457 1462 tui

1888 1486 2139 1542 thronum
2164 1491 2477 1559 pervenisti,
2498 1493 2777 1561 perspicue
2800 1508 2921 1548 eum
2941 1510 3004 1549 ac
3026 1495 3143 1550 laete
3165 1506 3453 1561 contuens.

1885 1587 1941 1630 et
1990 1580 2132 1647 cum]
2157 1595 2349 1646 magna
2403 1592 2457 1636 et
2503 1583 2867 1652 inexplicabili
2921 1585 3180 1641 libertate
3237 1599 3455 1654 astans,

1887 1667 2109 1737 angelis,
2167 1680 2223 1724 et
2270 1672 2470 1728 mundo
2522 1675 2934 1731 sublimioribus
2983 1677 3286 1733 Virtutibus
3338 1680 3458 1733 nni-

1886 1761 2079 1824 vcrsis,
2123 1762 2267 1816 omni
2319 1778 2571 1819 sermone
2602 1765 2773 1835 major
2801 1767 2981 1821 laetitia
3023 1784 3101 1835 es,
3133 1770 3457 1838 patriarchis

1886 1853 2215 1922 sempiterna
2270 1855 2580 1921 oblectatio,
2639 1856 2804 1924 justis
2858 1859 3112 1928 gaudium
3164 1859 3456 1925 iueli'abile,

215 1914 555 1982 ἀγαλλίασις,
603 1922 805 1991 κόσμον
851 1924 1166 1993 εύλογοῦσα,
1206 1927 1273 1981 τὰ
1301 1928 1591 1997 σύμπαντα
1630 1914 1787 2000 ἁγιά-

1891 1943 2139 2011 perennis
2184 1945 2457 2013 prophetis
2505 1948 2817 2015 exsultatio,
2868 1952 3070 2004 mundo
3131 1950 3457 2015 benedictio,

216 2003 398 2067 ζουσα,
437 2010 547 2072 τοῖς
587 2013 883 2080 κάμνουσιν
923 2016 1124 2079 ἄνεσις.
1157 2021 1269 2082 τοῖς
1314 2021 1569 2075 πενθοῦσι
1611 2025 1788 2095 παρά-

218 2095 426 2166 κλησις,
450 2102 558 2162 τοῖς
570 2102 813 2157 νοσοῦσιν
837 2106 999 2173 ῐασις,
1032 2110 1145 2172 τοῖς
1168 2110 1583 2182 χειμαζομένοις
1603 2115 1786 2186 λιμὴν,

218 2188 615 2255 ἁμαρτάνουσιν
643 2194 854 2262 ἄφεσις,
889 2201 1000 2261 τοῖς
1037 2198 1394 2270 λυπουμένοις
1421 2204 1645 2273 εὐμενὲς
1677 2224 1786 2260 πα-

219 2276 499 2346 ρειμύθιον,
534 2282 668 2336 πᾶσι
710 2287 819 2348 τοῖς
852 2287 1092 2344 αἰτοῦσιν
1127 2290 1321 2363 ἑτοίμη
1355 2292 1597 2365 βοήθεια.

286 2454 371 2524 ιβ’.
418 2458 485 2511 Ὢ
516 2459 786 2531 θαύματος
808 2465 976 2530 ὅντως
1007 2467 1349 2539 ὑπερφυοῦςὶ
1377 2469 1422 2525 ὣ
1448 2474 1787 2544 πραγμάτων

221 2546 551 2620 ἐκπλήξεως.
589 2552 646 2607 '0
680 2556 845 2610 πάλαι
870 2546 1157 2628 βδελυκτὸς
1206 2563 1300 2616 καὶ
1328 2564 1654 2634 μισούμενος
1687 2568 1786 2622 θά-

230 2655 400 2704 νατος,
464 2644 558 2695 καὶ
596 2645 921 2717 εύφημεῖται
963 2656 1058 2705 καὶ
1102 2654 1482 2724 μακαρίζεται.
1517 2658 1575 2709 'U
1623 2659 1787 2713 πάλαι

223 2730 449 2795 πένθους
481 2734 574 2788 καὶ
618 2740 938 2808 κατηφείας,
965 2743 1214 2815 δακρύων
1251 2762 1309 2798 τε
1335 2749 1429 2800 καὶ
1471 2748 1789 2819 σκυθρωπό-

223 2836 375 2889 τητος
419 2826 703 2895 πρόξενος,
733 2828 827 2885 νῦν
868 2835 1043 2903 χαρᾶς
1080 2835 1449 2891 ἀναδέδεικται
1484 2839 1573 2892 καὶ
1612 2858 1787 2911 πανη-

226 2912 434 2983 γύρεως
462 2918 652 2982 αίτιος.
683 2920 872 2991 Ὅμως
899 2925 948 2976 εί
982 2926 1073 2979 καὶ
1116 2929 1249 2980 πᾶσι
1281 2932 1393 2993 τοῖς
1416 2930 1509 2983 τοῦ
1532 2932 1665 2985 Θεοῦ
1696 2933 1786 2985 θε-

227 3002 509 3073 ράπουσιν,
543 3004 617 3063 ὧν
642 3012 671 3063 6
709 3011 934 3077 θάνατος
967 3018 1349 3088 μακαρίζεται,
1386 3023 1449 3074 ὲκ
1478 3021 1570 3074 τοῦ
1598 3022 1787 3089 τέλους

225 3093 281 3144 τὸ
324 3096 567 3164 ἀσφαλὲς
609 3103 945 3173 περιγίνεται
996 3110 1094 3177 τῆς
1133 3109 1270 3176 πρὸς
1315 3110 1445 3163 Θεὸν
1490 3113 1785 3184 εὐαρεστήο

227 3197 375 3250 σεως,
428 3188 523 3241 καὶ
554 3192 741 3245 τούτου
785 3194 944 3264 χάριν
972 3197 1001 3248 6
1048 3197 1273 3260 θάνατος
1315 3200 1491 3253 αὐτῶν
1551 3203 1787 3273 μακαρί-

225 3274 388 3339 ζεται.
429 3280 638 3335 Τελειοὶ⁹
676 3284 783 3355 γὰρ
828 3288 1045 3354 αὐτοὺς,
1069 3290 1162 3343 καὶ
1201 3292 1501 3362 μακαρίους
1530 3293 1787 3360 δείκνυσι,

226 3366 283 3420 τὸ
301 3368 570 3440 ἄτρεπτον
594 3374 691 3445 τῆς
714 3377 914 3447 ἀρετῆς
936 3379 1315 3450 χαριζόμενος,
1342 3383 1481 3436 κατὰ
1501 3384 1559 3437 τὸ
1581 3385 1789 3453 φάσκον

227 3456 428 3527 λόγιον·
476 3462 552 3532 μὴ
602 3466 872 3537 μακάριζε
929 3470 1101 3539 ἄνδρα
1150 3472 1256 3541 πρὸ
1304 3473 1558 3544 τελευτῆς
1588 3477 1786 3529 αὐτοῦ’

226 3550 334 3603 ἀλλ’
356 3553 460 3605 οὐκ
501 3555 594 3607 ἐπὶ
625 3557 708 3609 σοὶ
750 3557 906 3612 τοῦτο
936 3560 1240 3632 ληψόμεθα.
1286 3564 1386 3617 Σοῦ
1416 3566 1522 3636 γὰρ
1558 3586 1792 3639 μακαρι-

229 3640 373 3710 σμὸς,
404 3644 505 3714 οὐχ
538 3646 565 3697 ὁ
604 3645 862 3712 θάνατος·
905 3650 1024 3704 οὐδὲ
1073 3653 1105 3722 ἡ
1142 3655 1469 3722 μετάστασις
1512 3659 1791 3725 τελείωσις

228 3732 466 3801 γέγονεν,
518 3737 629 3790 οὐδ’
668 3735 734 3792 αὖ
784 3739 1005 3812 πάλινή
1059 3743 1295 3815 ὲκδημία
1349 3747 1636 3818 χαρίζεται
1692 3753 1789 3822 τὴν

227 3824 543 3894 ἀσφάλειαν.
588 3830 812 3885 Πάντων
848 3833 957 3904 γὰρ
998 3835 1062 3888 σὺ
1100 3836 1206 3889 τῶν
1233 3838 1372 3909 ὑπὲρ
1403 3840 1526 3894 νοῦν
1568 3842 1790 3911 ἀγαθῶν

227 3915 380 4006 ἀρχὴ,
414 3918 509 3971 καὶ
541 3922 795 3993 μεσότης,
835 3925 929 3978 καὶ
961 3926 1128 3991 τέλος,
1154 3929 1421 3999 ἀσφάλειά
1442 3950 1499 3986 τε
1535 3938 1627 3987 καὶ
1659 3934 1790 4006 ἀλη-

228 4004 318 4076 θὴς
346 4007 659 4080 βεδαίωσις,
692 4014 724 4083 ή
775 4013 1012 4087 ἄσπορος
1056 4018 1333 4092 σύλληψις,
1366 4024 1398 4094 ὴ
1427 4023 1545 4077 θεία
1574 4004 1789 4098 ἐνοίκη-

230 4112 326 4161 σις,
370 4102 398 4153 ό
425 4100 581 4165 τόκος
608 4104 637 4155 ὁ
679 4103 912 4176 ἄφθορος
947 4108 1193 4177 γέγονεν.
1229 4112 1390 4166 Ὅθεν
1420 4114 1634 4185 ἀληθῶς
1655 4118 1789 4187 ἔφη·

231 4203 344 4281 σας,
373 4191 479 4244 οὐκ
515 4190 623 4246 ἀπὸ
656 4194 750 4249 τοῦ
774 4196 1025 4264 θανάτου,
1052 4201 1169 4254 ἀλλ’
1202 4202 1261 4267 ἐξ
1281 4204 1452 4274 αὐτῇς
1477 4207 1575 4275 τῆς
1599 4208 1793 4281 συλλή-

229 4278 365 4347 ψεως
381 4282 491 4335 ὑπὸ
506 4283 696 4339 πασῶν
709 4286 818 4340 τῶν
843 4289 1043 4356 γενεῶν
1066 4293 1485 4362 μακαρίζεσθαι.
1518 4298 1793 4353 Ἐντεῦθεν

228 4369 285 4421 οὐ
315 4372 373 4424 σὲ
404 4373 432 4424 6
464 4371 691 4438 θάνατος
721 4378 1078 4447 ὲμακάρισεν,
1110 4381 1227 4436 ἀλλ’
1267 4384 1403 4455 αὐτὴ
1440 4387 1532 4439 τὸν
1564 4372 1792 4443 θάνατον

232 4461 619 4531 κατηγλάῖσας,
679 4466 778 4538 τὴν
819 4469 1011 4523 τούτου
1067 4473 1368 4543 κατήφειαν
1412 4475 1640 4543 λύσασα,
1698 4480 1791 4532 καὶ

230 4552 397 4622 χαρὰν
434 4554 524 4609 τὸν
560 4556 790 4613 θάνατον
822 4560 1065 4629 δείξασα.
1105 4564 1266 4619 Ὅθεν
1297 4584 1389 4622 σου
1438 4569 1496 4622 τὸ
1527 4570 1671 4640 ἱερὸν
1698 4573 1791 4626 καὶ

235 4644 571 4733 πανάμωμον
625 4649 785 4719 σῶμα
830 4653 952 4725 όσίᾳ
988 4659 1133 4727 ταφῇ
1184 4658 1517 4728 παρεδίδοτο,
1558 4678 1790 4733 προτρε-

233 4731 427 4799 χόντων
470 4735 735 4804 ἀγγέλων,
778 4744 1270 4811 περικυκλούντων,
1324 4748 1628 4817 ἑπομένων,
1661 4731 1792 4821 μήτι

234 4826 574 4892 πραττόντων
633 4825 707 4883 ὧν
738 4834 883 4897 εἰκὸς
905 4837 968 4905 τῇ
1004 4836 1171 4907 μητρὶ
1200 4838 1294 4891 τοῦ
1325 4840 1531 4894 ἑαυτῶν
1555 4840 1793 4913 λειτουρ-

234 4913 395 4983 γῆσαι
439 4920 735 4987 Δεσπότου,
785 4925 1120 4992 ἀποστόλων,
1171 4929 1265 4980 καὶ
1314 4929 1516 4994 παντὸς
1553 4930 1663 4996 τοῦ,
1692 4932 1795 5005 τῆς

247 5006 571 5079 Ἐκκλησίας
614 5013 978 5086 πληρώματος
1030 5017 1385 5090 θεηγορικοὺς
1444 5022 1643 5093 ὕμνους
1696 5025 1791 5077 ὲκ-

238 5096 497 5165 6οὼντων,
522 5104 612 5156 καὶ
636 5108 1016 5177 κροτουμένων
1058 5110 1134 5181 τῷ
1161 5111 1432 5181 πνεύματι
1456 5130 1470 5147 ’
1507 5117 1793 5183 11.1110011-

237 5190 455 5257 σόμεθα
480 5193 551 5246 ἐν
581 5194 705 5261 τοῖς
731 5196 975 5263 ἀγαθοῖς
1010 5200 1116 5254 τοῦ
1157 5202 1327 5256 οτκου
1358 5220 1473 5257 σου
1494 5220 1508 5233 ·
1540 5205 1726 5274 ἅγιος,
1760 5208 1794 5259 ὁ

238 5282 376 5347 ναός
399 5298 535 5351 σου,
567 5288 911 5356 θαυμαστὸς
961 5292 1031 5344 ἐν
1057 5291 1434 5362 δικαιοσύνῃ.
1467 5296 1577 5350 Καὶ
1606 5297 1789 5352 πάλιν⁹

250 5368 485 5438 Ἡγίασε
529 5374 597 5428 τὸ
641 5378 928 5447 σκήνωμα
957 5381 1142 5436 αὐτοῦ
1194 5386 1227 5437 ό
1261 5382 1576 5452 ⁹’Υψιστος.
1618 5388 1792 5455 Ὄρος

242 5461 341 5515 τοῦ
372 5465 537 5531 Θεοῦ,
570 5467 706 5535 ὅρος
737 5469 905 5524 πῖον·
934 5471 999 5524 τὸ
1031 5471 1166 5541 ὅρος
1192 5472 1223 5525 ὃ
1244 5473 1626 5542 εὐδόκησενό
1652 5477 1794 5543 Θεὸς

242 5554 528 5607 κατοικεῖν
554 5555 623 5608 ἐν
649 5557 827 5623 αὐτῷ.
859 5560 924 5613 Σὲ
948 5560 1056 5614 τῶν
1086 5562 1398 5615 ἀποστόλων
1439 5567 1468 5618 6
1503 5565 1671 5635 δῆμος
1697 5565 1796 5636 τὴν

243 5640 409 5715 ἀληθῆ
465 5648 694 5703 κιϐωτὸν
758 5651 966 5724 Κυρίου
1021 5653 1113 5707 τοῦ
1169 5655 1302 5708 Θεοῦ
1350 5657 1441 5712 ἐπὶ
1483 5657 1591 5711 τῶν
1631 5659 1796 5730 ὤμων

1887 2036 2050 2089 rebus
2097 2037 2348 2090 onmibus
2396 2038 2774 2104 sanctimonia,
2802 2039 3174 2095 laborantibus
3220 2041 3456 2110 requies,

1888 2126 2191 2196 ingentibus
2225 2129 2540 2193 consolatio,
2572 2131 2958 2199 aegrotantibus
2987 2130 3271 2196 medicina,
3322 2141 3459 2186 tem-

1890 2228 2097 2288 pestate
2121 2219 2338 2288 jactatis
2369 2232 2574 2289 portus,
2600 2223 2950 2292 peccantibus
2977 2223 3157 2285 venia,
3195 2222 3452 2277 blandum

1888 2310 1956 2364 iis
1985 2312 2077 2380 qui
2107 2313 2161 2365 in
2189 2325 2426 2367 mmrore
2465 2322 2610 2379 sunt,
2638 2314 2906 2383 levamen,
2937 2315 3188 2372 omnibus
3218 2328 3481 2390 exoran—_

1889 2400 2033 2456 tibus
2058 2412 2366 2473 promptum
2401 2404 2721 2460 subsidium.

1885 2494 1915 2554 ᾗ
1962 2492 2048 2547 12.
2075 2492 2119 2548 0
2148 2494 2465 2550 miraculum
2512 2510 2637 2551 vere
2680 2506 2872 2552 natura
2900 2498 3278 2567 prastantius!
3308 2513 3340 2554 ο
3366 2513 3456 2556 res

1889 2585 2127 2655 stuporis
2155 2586 2373 2655 plenas!
2405 2586 2545 2643 Mors
2571 2604 2690 2658 quae
2715 2588 2841 2644 odio
2863 2600 2917 2645 et
2944 2591 3302 2646 exsecrationi
3327 2591 3459 2646 olim

1887 2688 2023 2741 erat,
2054 2692 2197 2732 nunc
2219 2683 2643 2744 commendatur,
2679 2690 2733 2736 et
2755 2683 2909 2736 beata
2942 2684 3281 2752 praedicatur.
3318 2683 3450 2750 Quae

1887 2767 2153 2834 quondam
2208 2766 2411 2821 luctum
2474 2777 2529 2822 et
2584 2783 2892 2835 mmrorem,
2959 2771 3332 2841 lacrymasque
3403 2780 3461 2827 et

1889 2856 2163 2910 tristitiam
2184 2855 2463 2921 alferebat,
2492 2874 2631 2913 nunc
2652 2875 2811 2915 causa
2835 2861 3013 2915 evadit
3036 2862 3215 2931 gaudii
3246 2872 3299 2916 et
3320 2861 3456 2917 lacte

1887 2946 2236 3003 celebritatis.
2269 2947 2427 3015 Quid,
2460 2950 2600 3018 quod
2650 2951 2901 3006 omnibus
2947 2953 3037 3007 Dei
3086 2954 3279 3017 servis,
3319 2967 3457 3022 quo-

1888 3053 2006 3092 rum
2060 3055 2206 3095 mors
2238 3040 2392 3093 beata
2428 3041 2644 3106 dicitur,
2674 3041 2741 3095 ab
2770 3042 2887 3111 ipso
2933 3042 3038 3097 line
3071 3044 3125 3097 id
3177 3058 3459 3113 compare-

1887 3140 1992 3196 tur,
2033 3140 2091 3184 ut
2125 3131 2176 3184 in
2214 3138 2327 3185 tuto
2360 3132 2589 3187 habeant
2612 3133 2754 3201 quod
2798 3136 2908 3188 Deo
2946 3135 3082 3204 grati
3126 3135 3251 3201 sint,
3283 3149 3455 3203 eaque

1891 3232 2035 3273 mors
2090 3218 2300 3273 illorum
2343 3222 2513 3275 fausta
2545 3231 2598 3274 et
2639 3221 2767 3274 felix
2799 3221 3097 3277 habeatur?
3132 3222 3277 3278 Mors
3313 3224 3456 3279 enim

1890 3323 1984 3364 eos
2004 3321 2406 3367 consummatos
2439 3326 2502 3366 ac
2534 3311 2720 3368 beatos
2748 3312 2895 3379 facit,
2932 3314 3033 3368 hoc
3064 3314 3195 3383 ipsis
3220 3314 3455 3370 alierens

1893 3409 1946 3448 ut
1971 3394 2140 3449 virtus
2170 3395 2408 3461 ipsorum
2449 3395 2577 3449 nulli
2619 3396 2731 3465 jam
2776 3396 3056 3450 mutationi
3089 3396 3320 3451 obnoxia
3361 3400 3453 3460 sit,

1893 3486 2184 3539 secundum
2216 3485 2344 3540 illud
2372 3486 2644 3541 oraculum
2675 3507 2687 3542 :
2717 3488 2849 3541 Ante
2874 3498 3091 3542 mortem
3118 3504 3179 3543 ne
3196 3489 3455 3556 beati/ica:

1889 3593 2197 3647 quemquam
2226 3577 2268 3609 “
2300 3597 2314 3633 :
2350 3579 2490 3646 quod
2530 3586 2706 3634 tamen
2739 3580 2790 3633 in
2829 3589 2880 3633 te
2913 3595 3019 3635 non
3053 3580 3453 3649 usurpabimus.

1890 3667 2003 3723 Tua
2034 3670 2230 3738 quippe
2267 3679 2388 3725 erat
2434 3669 2727 3735 beatitudo,
2759 3686 2863 3725 non
2920 3686 2948 3723 a
3012 3682 3185 3726 morte.
3239 3670 3456 3741 obtigit,

1891 3773 1989 3812 nec
2014 3759 2104 3813 tibi
2131 3768 2251 3814 tuus
2284 3759 2408 3815 hinc
2430 3761 2688 3815 transitus
2710 3760 3094 3831 perfectionem
3123 3761 3455 3826 conciliavit,

1890 3864 1989 3905 nec
2014 3851 2224 3904 demum
2253 3852 2498 3921 migratio
2521 3859 2608 3905 tua
2636 3852 3001 3907 securitatem.
3028 3851 3278 3908 Omnium
3312 3854 3456 3907 enim

1890 3939 2148 3993 honorum
2208 3939 2440 4005 initium,
2501 3940 2843 4008 mediumque
2884 3949 2941 3995 et
2986 3941 3130 4004 linis,
3192 3941 3458 3996 securitas

1890 4027 2051 4081 etiam
2101 4037 2155 4081 et
2182 4042 2305 4083 vera
2364 4029 2728 4094 conﬁrmatio,
2758 4030 2809 4083 in
2847 4029 2935 4083 illa
2975 4030 3198 4084 seminis
3234 4038 3459 4099 experte

1890 4118 2260 4187 conceptione,
2295 4118 2347 4172 in
2382 4119 2469 4173 illa
2501 4119 2677 4173 divina
2704 4120 3110 4185 inhabitatione,
3141 4120 3195 4174 in
3230 4119 3320 4174 illo
3340 4121 3460 4177 sine

1889 4207 2008 4262 labe
2064 4217 2223 4277 partu
2266 4208 2509 4263 constitit
2568 4230 2580 4264 :
2638 4224 2702 4263 ac
2764 4208 2987 4279 proinde
3057 4223 3184 4265 vere
3234 4223 3458 4279 prorsus

1892 4298 2075 4352 dixisti
2110 4298 2223 4353 fore
2283 4308 2341 4353 ut
2379 4308 2432 4354 te
2458 4315 2560 4354 non
2614 4314 2643 4353 a
2675 4308 2862 4364 morte,
2915 4299 3008 4354 sed
3051 4300 3119 4354 ab
3184 4299 3294 4368 ipsa
3330 4312 3458 4354 con-

1891 4391 2134 4459 ceptione
2177 4392 2551 4461 generationes
2602 4406 2789 4446 omnes
2833 4392 3042 4446 beatam
3084 4392 3455 4461 praedicarent.

1892 4479 2151 4547 Quocirca
2184 4495 2287 4534 non
2336 4492 2385 4535 te
2426 4494 2570 4534 mors
2604 4479 2814 4534 beatam
2846 4478 2991 4544 fecit,
3031 4478 3123 4532 sed
3158 4479 3273 4547 ipsa
3310 4491 3457 4531 mor-

1821 4597 1865 4656 υ
1896 4582 1997 4626 tem
2056 4572 2276 4627 hilarem
2346 4572 2664 4639 reddidisti;
2709 4578 2767 4626 ut
2813 4586 2932 4641 quae
2983 4571 3292 4627 mmstitiant
3342 4568 3459 4637 ejus

1890 4663 2192 4729 sustuleris,
2263 4664 2544 4733 ipsamque
2608 4664 2858 4732 gaudium
2926 4676 3046 4721 esse
3120 4661 3456 4730 praestiteris.

1893 4750 2250 4817 Quamobrem
2306 4769 2516 4807 sacrum
2553 4762 2606 4808 et
2650 4753 3025 4808 intaminalum
3070 4767 3265 4821 corpus
3308 4760 3453 4807 tuum

1894 4842 1994 4907 pia:
2029 4843 2318 4911 sepulturae
2344 4843 2678 4908 tradebatur,
2726 4843 2929 4912 angelis
2983 4842 3176 4911 partim
3217 4855 3457 4907 prmcur-

1896 4931 2154 4997 rentibus,
2200 4932 2395 5002 partim
2475 4931 2957 4996 circumdantibus,
3004 4929 3307 4997 partimque
3368 4943 3457 4982 se-

1878 5023 2206 5093 quentibus,
2246 5024 2449 5078 nullum
2493 5024 2723 5091 denique
2748 5002 2992 5089 obsequii
3028 5033 3195 5087 genus
3240 5026 3459 5085 praeter.

1901 5114 2256 5179 mittentibus,
2288 5116 2429 5185 quod
2459 5114 2672 5169 Domini
2703 5115 2939 5183 ipsorum
2974 5109 3179 5179 parenti
3220 5107 3457 5161 adhiberi

1900 5219 1997 5275 par
2020 5214 2160 5260 esset
2191 5222 2205 5259 :
2236 5204 2487 5273 apostolis
2516 5205 2639 5260 item
2679 5212 2733 5258 et
2758 5203 3009 5257 universo
3037 5198 3291 5256 Ecclesia:
3317 5207 3459 5251 cmtu

1897 5296 2104 5351 divinos
2136 5297 2377 5366 hymnos,
2403 5306 2457 5351 et
2496 5299 2559 5352 ad
2591 5297 2824 5367 Spiritus
2857 5297 3029 5369 lyram
3066 5296 3306 5367 pulsatos
3353 5293 3459 5349 alta

1897 5401 2027 5441 voce
2079 5386 2391 5441 canentibus
2421 5404 2433 5440 :
2467 5386 2791 5456 Replebimur
2831 5388 2884 5441 in
2908 5387 3055 5440 bonis
3087 5387 3271 5439 domus
3305 5393 3409 5437 tua:
3438 5396 3457 5435 :

1898 5486 2133 5529 sanctum
2161 5486 2236 5529 est
2271 5477 2518 5546 (emplum
2550 5488 2716 5541 tuum,
2748 5479 2989 5531 mirabile
3030 5495 3085 5530 ut
3114 5477 3359 5545 wquitate
3386 5472 3454 5529 ".

1898 5568 1976 5621 Ac
2008 5582 2196 5621 rursus
2230 5586 2242 5621 :
2278 5566 2639 5637 Sancti/ienuit
2676 5569 3066 5623 tabernaculum
3110 5584 3261 5620 suum
3301 5564 3460 5619 Allius

1901 5659 2061 5713 simus
2090 5657 2157 5713 ⁸⁸.
2191 5657 2336 5713 Mons
2360 5656 2472 5724 Dei,
2493 5674 2638 5712 mons
2666 5660 2875 5730 pinguis
2896 5675 2916 5713 :
2941 5675 3083 5713 mons
3103 5659 3155 5711 in
3177 5671 3278 5726 quo
3306 5654 3460 5707 bene.

398 5757 554 5859 Eant.
600 5780 660 5832 ιι,
700 5767 747 5831 i,
776 5760 865 5852 2.'_
906 5769 950 5800 ⁸⁸
994 5766 1151 5825 Cant.
1201 5786 1240 5835 ι,
1268 5769 1322 5838 2,
1353 5770 1405 5826 3.
1436 5772 1526 5859 f°
1554 5770 1597 5828 ll
1624 5771 1748 5829 Cor.
1783 5790 1880 5839 xu,
1910 5773 1962 5829 2.
2040 5773 2081 5804 ⁶¹
2135 5771 2297 5829 Eccli.
2346 5787 2433 5839 xi,
2482 5774 2570 5829 '50.
2668 5774 2711 5808 "
2739 5774 2878 5830 Psal.
2912 5789 3055 5841 mv,
3086 5772 3139 5829 6.
3214 5772 3259 5805 "
3287 5769 3430 5828 Psal.

249 5837 368 5892 xt.v,
394 5828 443 5880 5.
