4046 6394
602 441 703 502 719

1754 443 1815 502 Β.
1854 442 2171 504 JOANNIS
2202 442 2630 504 DAMASCENI
3718 453 3803 517 7:20
3902 466 3907 476 '

594 552 841 622 placitum
888 562 963 605 est
996 551 1106 606 Deo
1161 553 1403 610 habitare
1435 554 1490 609 in
1514 568 1575 607 eo
1604 555 1668 608 ⁸⁸.
1691 556 1768 609 'l‘e
1802 553 2166 623 apostolorum

2276 557 2559 628 ἀράμενοι,
2589 558 2665 622 ὼς
2697 558 2866 612 πάλαι
2915 559 3053 613 ποτε
3092 558 3142 612 οἱ
3176 558 3339 627 ἱερεῖς
3369 556 3465 627 τὴν
3488 558 3715 630 τυπικην
3740 579 3809 615 κι-

594 660 805 715 agmen,
844 659 1025 700 veram
1058 645 1269 700 Domini
1317 648 1408 702 Dei
1439 662 1643 713 arcam,
1676 648 2043 718 utiqnondam
2074 664 2162 703 sa-

594 736 840 791 cerdotes
884 737 1114 807 typicam
1172 738 1340 802 illam,
1391 740 1635 793 humeris
1680 740 1949 803 tollentes,
2002 750 2058 795 et
2112 741 2162 793 in

594 827 844 895 sepulcro
872 829 1186 895 condentes,
1216 845 1315 899 per
1366 831 1542 898 ipsum
1580 830 1727 885 velut
1753 846 1846 900 per
1874 829 2163 886 Jordanem

594 918 849 983 alterum,
878 924 943 973 ad
980 935 1162 975 veram
1189 921 1565 990 promissionis
1589 934 1812 987 terram,
1837 923 1937 977 hoc
1976 932 2060 978 est
2099 923 2164 977 ad

594 1024 880 1077 supernam
947 1009 1264 1076 Jerusalem,
1314 1013 1555 1067 omnium
1616 1013 1851 1068 ﬁdelium
1913 1022 2163 1076 matrem,

593 1101 751 1170 cujus
781 1103 972 1158 artifex
1017 1112 1070 1157 et
1115 1105 1363 1159 conditor
1391 1105 1552 1171 Dens,
1581 1106 2018 1161 transmiserant.
2047 1104 2163 1158 Non

592 1194 738 1245 enim
770 1192 948 1246 anima
990 1201 1080 1247 tua
1135 1194 1188 1247 in
1241 1194 1510 1249 infernum
1564 1195 1863 1258 descendit,
1907 1208 2008 1249 nec
2038 1209 2165 1248 caro

595 1291 684 1334 tua
705 1284 1104 1352 corruptionem
1141 1284 1274 1339 vidit
1298 1284 1365 1338 ⁵⁸.
1390 1284 1506 1339 Non
1546 1295 1628 1339 est
1658 1284 1901 1338 relictum
1934 1284 1986 1337 in
2023 1292 2163 1338 terra

594 1373 994 1429 immaculatum
1031 1376 1196 1446 867
1235 1376 1518 1445 omnisque
1567 1377 1700 1431 labis
1724 1391 1919 1446 expers
1962 1388 2161 1442 corpus

597 1472 745 1517 tuum
804 1482 819 1517 :
866 1464 958 1518 sed
1015 1466 1067 1519 in
1117 1465 1295 1535 regias
1338 1465 1600 1519 caelorum
1658 1465 1833 1528 sedes,
1865 1462 2049 1533 regina
2085 1472 2163 1525 tu,

594 1555 746 1621 hera,
774 1556 1011 1619 domina,
1041 1571 1275 1625 veraque
1324 1556 1415 1610 Dei
1470 1555 1740 1620 Genitrix,
1773 1554 2033 1609 translata
2082 1567 2163 1607 es.

664 1645 753 1698 15.
804 1644 848 1699 Ο
882 1647 1151 1714 quomodo
1177 1662 1294 1699 eam
1327 1648 1559 1715 suscepit
1589 1646 1811 1711 malum,
1843 1660 1962 1714 qua:
1994 1644 2167 1699 caelos

594 1736 949 1804 amplitudine
982 1752 1076 1791 sua
1109 1738 1386 1806 superavit
1411 1738 1423 1790 !
1458 1752 1565 1806 quo
1588 1753 1777 1792 rursus
1803 1739 1960 1793 modo
1988 1748 2167 1792 tumu-

593 1826 680 1880 lus
719 1842 836 1881 eam
880 1829 1042 1896 cepit,
1094 1842 1213 1895 quae
1259 1826 1350 1881 Dei
1406 1829 1849 1897 conceptaculum
1900 1828 2039 1882 fuit?
2092 1828 2164 1881 ita

594 1925 743 1971 certe
788 1917 948 1986 cepit,
995 1931 1057 1970 ac
1106 1918 1294 1975 tenuit.
1341 1917 1457 1973 Non
1502 1921 1645 1973 enim
1695 1934 1969 1989 corporea:
2007 1919 2165 1974 molis

593 2008 805 2061 ratione
840 2008 989 2063 locus
1027 2008 1258 2078 amplior
1287 2010 1425 2066 cmlo
1470 2010 1684 2065 exstitit
1718 2011 1974 2082 (quonam
2007 2019 2165 2078 pacto

593 2099 736 2152 enim
767 2113 990 2168 corpus,
1034 2102 1178 2169 quod
1219 2101 1392 2156 tribus
1430 2101 1629 2157 cubitis
1664 2109 1904 2165 constat,
1944 2109 1997 2155 et
2033 2114 2167 2170 quo-

597 2188 725 2241 tidie
751 2195 1080 2243 extenuatur
1110 2205 1231 2245 eum
1275 2191 1400 2245 caeli
1429 2192 1715 2249 latitudine
1746 2200 1803 2247 et
1831 2191 2167 2259 longitudine

595 2282 899 2351 comparari
934 2283 1137 2350 queat?
1164 2298 1349 2336 verum
1381 2298 1477 2353 per
1510 2276 1740 2354 gratiam
1774 2283 1973 2353 potius,
2003 2282 2164 2336 celsi-

594 2373 799 2428 tudinis
865 2382 921 2428 et
976 2374 1360 2442 profunditatis
1428 2375 1645 2429 modum
1709 2375 1965 2430 excessit.
2020 2372 2168 2428 Nihil

595 2465 794 2533 quippe
838 2472 924 2520 est
952 2465 1096 2533 quod
1138 2480 1258 2520 cum
1296 2466 1403 2520 Deo
1435 2473 1803 2535 comparetur.
1854 2463 1899 2519 Ο
1927 2480 2163 2529 sacrum,

594 2566 990 2627 angustumque
1030 2564 1085 2610 et
1128 2557 1464 2610 adorandum
1524 2565 1968 2621 monumentum,
2023 2556 2167 2625 quod

599 2650 898 2705 etiamnum
944 2651 1145 2719 angeli,
1184 2651 1380 2707 timore
1412 2659 1469 2706 et
1510 2651 1812 2707 reverentia
1853 2651 2167 2707 assistentes

599 2752 945 2807 venerantur,
996 2744 1219 2797 horrent
1264 2744 1556 2809 daemones,
1612 2744 1861 2799 homines
1904 2758 2027 2799 cum
2062 2742 2170 2798 ﬁde

598 2834 820 2898 adeunt,
877 2834 1231 2898 honorantes,
1279 2834 1590 2901 adorantes,
1649 2835 1823 2890 oculis
1874 2844 1929 2891 et
1978 2835 2165 2902 labris,

598 2924 917 2993 fervidoque
966 2924 1148 2978 animo
1193 2923 1590 2987 exosculantes,
1639 2926 1874 2980 ubertim
1935 2925 2171 2995 denique

596 3018 866 3070 bonorum
894 3014 1102 3084 copiam
1144 3014 1494 3070 haurientes!
1534 3014 1994 3082 Quemadmodum
2026 3017 2167 3070 enim

599 3106 645 3160 si
702 3107 825 3175 quis
886 3104 1122 3176 ingentis
1175 3105 1341 3174 pretii
1408 3115 1742 3177 unguentum
1784 3106 2027 3162 vestibus
2077 3117 2171 3162 aut

599 3197 716 3251 loco
766 3194 923 3249 alicui
981 3194 1264 3265 imponat,
1320 3210 1624 3266 rursusque
1686 3197 1939 3264 auferat,
1988 3198 2171 3254 suavi-

601 3288 730 3341 tatis
767 3287 1013 3356 reliquia:
1060 3287 1227 3341 etiam
1280 3286 1462 3341 ablato
1505 3297 1781 3356 unguento
1818 3298 2067 3344 restant:
2100 3290 2174 3343 ita

598 3392 818 3449 quoque
848 3379 1087 3432 divinum
1134 3388 1280 3432 tuum
1324 3389 1378 3433 et
1424 3388 1692 3444 sanctum,
1726 3390 1780 3435 et
1811 3382 1987 3436 omnis
2016 3396 2173 3451 pror-

598 3486 691 3527 sus
726 3471 949 3526 macnlze
981 3484 1199 3540 expers,
1251 3471 1542 3540 divinaque
1588 3471 1879 3543 fragrantia
1915 3473 2171 3529 refertum

600 3578 821 3631 corpus,
860 3563 1075 3631 cepiosa
1103 3563 1192 3615 illa
1226 3564 1415 3629 gratia:
1446 3565 1717 3625 scatebra,
1749 3578 1871 3617 cum
1905 3565 1956 3617 in
1990 3564 2171 3633 sepul-

603 3666 702 3709 cro
728 3662 875 3708 esset
904 3653 1251 3717 collocatum,
1286 3668 1517 3721 moxque
1544 3654 1610 3706 ad
1643 3654 2073 3721 praestantiorem
2105 3670 2170 3710 ac

600 3742 972 3797 sublimiorem
1021 3744 1297 3811 regionem
1352 3744 1655 3811 abreptum,
1688 3757 2026 3812 nequaquam
2076 3762 2164 3801 se-

598 3833 845 3903 pulcrum
908 3834 1114 3888 honore
1170 3847 1397 3887 vacuum
1458 3832 1708 3901 reliquit;
1775 3834 1869 3888 sed
1927 3835 2164 3891 divinum

2270 648 2461 712 ϐωτὸν,
2494 650 2588 702 καὶ
2630 652 2688 701 ὲν
2712 650 2867 721 τάφῳ
2908 649 3146 720 θέμενοι,
3191 650 3259 702 δι’
3293 649 3481 715 αὐτοῦ,
3524 648 3599 712 ὡς
3632 649 3732 719 (16)
3756 653 3813 703 δι’

2282 740 2546 810 Ἰορδάνου
2591 741 2757 806 τινος,
2799 741 2893 794 ἐπὶ
2920 740 3019 810 τὴν
3040 740 3214 811 ἀληθῆ
3241 739 3340 808 τῆς
3382 740 3704 809 ἐπαγγελίας
3729 760 3814 796 mo

2273 829 2551 899 ρέπεμπον
2601 833 2724 903 γῆν,
2780 830 2880 900 τὴν
2936 829 3046 885 ἀνω
3097 832 3241 900 φημὶ
3305 829 3679 899 Ἰερουσαλὴμ,
3731 832 3816 899 τὴν

2269 920 2484 973 πάντων
2534 921 2641 973 τῶν
2687 921 2896 974 πιστῶν
2947 922 3178 991 μητέρα,
3233 918 3300 991 ἧς
3330 921 3579 989 τεχνίτης
3624 923 3708 974 καί
3740 924 3815 993 δη-

2272 1012 2530 1081 μιουργὸς
2574 1014 2602 1065 ό
2639 1012 2791 1074 Θεός.
2847 1014 2920 1066 Οὐ
2968 1012 3308 1082 κατελήλυθε
3354 1012 3462 1081 γὰρ
3502 1014 3537 1081 ἡ
3568 1013 3705 1083 ψυχή
3738 1031 3812 1067 σου

2267 1102 2347 1164 είς
2375 1101 2466 1153 τὸν
2502 1100 2658 1173 ᾅδην,
2704 1102 2818 1156 ἀλλ’
2848 1103 2968 1156 οὐδὲ
3012 1104 3045 1173 ἡ
3075 1101 3211 1172 σάρξ
3248 1119 3342 1155 σου
3381 1099 3487 1155 εἶδε
3521 1102 3810 1172 διαφθοράν.

2269 1193 2380 1246 Οὐκ
2411 1194 2710 1265 ἀπελείφθη
2734 1196 2791 1248 ὲν
2816 1198 2887 1265 γῇ
2919 1194 2978 1248 τὸ
3028 1194 3121 1247 σὸν
3149 1193 3418 1264 ἄχραντον
3460 1193 3557 1247 καὶ
3592 1196 3813 1264 novanti;-

2271 1300 2436 1354 ρατον
2498 1285 2675 1355 σῶμα,
2726 1285 2841 1339 ἀλλ’
2872 1288 2929 1339 ὲν
2981 1284 3226 1355 οὐρανῶν
3260 1284 3556 1354 βασιλείοις
3583 1286 3753 1353 μοναῖς
3784 1288 3811 1356 η

2269 1375 2499 1444 βασιλὶς,
2526 1378 2559 1446 ή
2593 1376 2776 1447 κυρία,
2797 1379 2830 1447 ἡ
2857 1376 3133 1443 δέσποινα,
3164 1376 3543 1446 ἡθεομήτωρ,
3573 1377 3606 1443 ή
3632 1376 3813 1445 ἀληθὴς

2266 1466 2529 1530 Θεοτόκος
2554 1467 2933 1537 μετατεθεῖσα.

2340 1645 2426 1713 ιγ’.
2474 1644 2539 1697 Ὢ
2571 1643 2689 1708 πῶς
2748 1643 2977 1714 οὐρανὸς
3032 1640 3332 1707 ὑπεδέξατο
3365 1642 3466 1712 τὴν
3509 1640 3816 1711 πλατυτέραν

2266 1735 2512 1808 οὐρανῶν
2541 1735 2996 1817 χρηματίσασαν;
3040 1734 3157 1797 πῶς
3187 1734 3245 1788 δὲ
3276 1734 3447 1802 τάφος
3486 1734 3549 1786 τὸ
3569 1733 3658 1786 τοῦ
3703 1734 3815 1787 Θεοῦ

2266 1830 2466 1899 δοχεῖον
2501 1827 2719 1894 ἐδέξατο
2737 1827 2863 1892 ;ναὶ
2886 1826 3122 1890 ἐδέξατο,
3148 1827 3237 1880 ναὶ
3253 1825 3596 1895 κεχώρηκεν.
3641 1826 3709 1877 Οὐ
3728 1825 3817 1894 γὰρ

2197 1898 2240 1952 Β
2273 1898 2607 1992 σῶματικοῖς
2664 1920 2852 1989 ὄγκοις
2910 1918 3142 1990 οὐρανοῦ
3218 1920 3561 1989 πλατύτερον
3606 1920 3813 1986 ἐγένετο.

2273 2014 2397 2076 Πῶς
2424 2013 2533 2083 γὰρ
2560 2013 2619 2065 τὸ
2645 2011 2907 2083 τρίπηχυ,
2939 2012 2999 2065 τὸ
3025 2012 3109 2065 ἀεὶ
3137 2011 3556 2081 λεπτυνόμενον,
3582 2008 3751 2079 εὐρεσί
3769 2027 3817 2061 τε

2272 2108 2368 2160 καὶ
2406 2108 2638 2175 μήκεσιν
2685 2102 2915 2173 οὐρανοῦ
2960 2100 3379 2173 παραϐληθῆναι
3427 2101 3736 2169 δυνήσεται;
3763 2104 3815 2169 τῇ

2270 2198 2327 2250 δὲ
2348 2198 2529 2267 χάριτι
2561 2194 2762 2264 μᾶλλον
2784 2193 2983 2256 παντὸς
3017 2193 3182 2262 ὕψους
3211 2194 3306 2245 καὶ
3336 2190 3538 2261 βάθους
3560 2193 3619 2243 τὸ
3648 2191 3817 2261 μέτρον

2273 2288 2689 2358 ὑπερηκόντισε.
2731 2285 2803 2337 Τὸ
2838 2284 2946 2356 γὰρ
2979 2284 3122 2337 θεῖον
3168 2284 3531 2354 ἀσύγκριτον.
3563 2283 3627 2334 Ὢ
3670 2282 3815 2352 ἱεροῦ,

2273 2381 2366 2435 καὶ
2411 2377 2745 2448 θαυμαστοῦ,
2798 2378 2891 2429 καὶ
2932 2375 3251 2445 σεϐασμίου,
3316 2375 3411 2428 καὶ⁵
3462 2371 3813 2444 προσκυνητοῦ

2277 2472 2558 2542 μνήματος
2583 2485 2597 2499 °
2629 2468 2657 2521 ὃ
2686 2469 2781 2522 καὶ⁸
2806 2466 2901 2521 νῦν
2932 2467 3283 2538 περιέπουσιν
3312 2466 3561 2534 ἄγγελοι,
3601 2464 3726 2517 αἰδοῖ
3742 2465 3817 2516 καὶ

2273 2563 2422 2633 φόϐῳ
2454 2560 2632 2631 πολλῷ
2650 2559 3077 2631 παριστάμενοι·
3108 2558 3151 2629 (1
3164 2558 3218 2629 7)
3250 2557 3539 2628 φρίττουσι
3569 2556 3813 2625 δαίμονες

2273 2654 2454 2707 πίστει
2485 2650 2911 2723 προστρέχουσιν
2944 2648 3243 2721 ἄνθρωποι,
3289 2648 3587 2716 τιμῶντες,
3606 2663 3817 2717 προσκυο

2273 2746 2509 2811 νοῦντες,
2569 2743 2888 2813 ὀφθαλμοῖς,
2936 2742 3033 2796 καὶ
3077 2742 3300 2811 χείλεσι,
3332 2740 3428 2793 xal.
3474 2739 3630 2807 πόθῳ
3669 2736 3819 2806 ψυχῆς

2274 2836 2664 2906 ἀσπαζόμενοι,
2683 2835 2778 2888 καὶ
2791 2834 3053 2904 ἀφθονίαν
3066 2832 3282 2901 ἀγαθῶν
3300 2831 3616 2902 ἀρυόμενοι.
3637 2830 3819 2899 Ὥσπερ

2273 2927 2382 2998 γάρ
2417 2928 2579 2989 εἴτις
2607 2927 2777 2997 μύρον
2826 2924 3116 2987 πολυτελὲς
3162 2925 3274 2984 τοῖς
3325 2921 3571 2991 ἱματίοις
3618 2920 3649 2989 ἢ
3696 2918 3819 2987 τόπῳ

2273 3020 2379 3072 τινὶ
2408 3017 2743 3080 ὲναπόθοιτο,
2776 3012 2894 3069 εἷτα
2924 3015 3193 3084 ἀφέλοιτο,
3246 3011 3578 3081 ὲναπομένει
3604 3008 3698 3078 τῆς
3710 3006 3821 3058 εὐωο

2273 3110 2391 3172 δίας
2424 3108 2491 3162 τά
2512 3107 2740 3177 λείψανα
2762 3107 2856 3161 καὶ
2897 3105 3033 3177 μετά
3067 3104 3166 3175 τὴν
3208 3102 3303 3158 τοῦ
3340 3101 3516 3175 μύρου
3540 3101 3818 3169 ἀφαίρεσιν,

2275 3201 2419 3256 οὕτω
2463 3203 2556 3255 καὶ
2586 3199 2761 3271 νῦντὸ
2793 3200 2935 3253 θεῖον
2968 3198 3149 3269 σῶμα,
3206 3198 3298 3250 καὶ
3332 3195 3500 3267 ἱερὸν,
3544 3194 3639 3247 καὶ
3675 3187 3821 3243 πανά-

2281 3309 2493 3364 μωμον,
2522 3293 2615 3345 καὶ
2644 3291 2745 3362 τῆς
2794 3290 2946 3354 θείας
2991 3289 3221 3351 εὐωδίας
3249 3287 3542 3351 ἀνάπλεον,
3568 3286 3601 3354 ἡ
3622 3282 3820 3352 ἄφθονος

2270 3385 2448 3455 κρήνη
2482 3386 2578 3453 τῆς
2624 3382 2868 3452 χάριτος.
2919 3382 2977 3433 ὲν
3018 3379 3097 3450 τῷ
3137 3380 3292 3449 τάφῳ
3320 3377 3497 3443 τεθὲν,
3534 3373 3652 3428 εἶτα
3684 3372 3820 3425 πάλιν

2268 3472 2547 3543 ἁρπασθὲν
2573 3470 2709 3541 πρὸς
2735 3471 3025 3542 κρείττονα
3039 3469 3216 3538 χῶρον
3246 3468 3340 3521 καὶ
3358 3465 3707 3536 ὑψηλότερον,
3738 3460 3820 3514 οὐκ

2274 3563 2459 3632 ἀφῆκε
2514 3561 2605 3614 τὸν
2647 3561 2815 3630 τάφον
2852 3560 3181 3628 ἀγέραστον,
3222 3556 3358 3611 άλλά
3405 3552 3819 3627 μεταδίδωσιμὲν

2265 3658 2365 3727 τῆς
2395 3656 2539 3719 θείας
2565 3654 2675 3726 (18)
2720 3654 2948 3717 εὐωδίας
2986 3654 3080 3707 καὶ
3121 3653 3362 3723 χάριτος,
3421 3650 3609 3721 πηγὴν
3636 3647 3691 3701 δὲ
3719 3644 3813 3697 τῶν

2275 3748 2520 3817 ίαμὰτων
2555 3749 2650 3801 καὶ
2691 3748 2912 3800 πάντων
2942 3745 3052 3798 τῶν
3081 3744 3301 3814 ἀγαθῶν
3333 3745 3448 3806 τοῖς
3485 3741 3669 3795 πίστει
3710 3752 3819 3806 προ·

2274 3838 2451 3891 σιοῦσι
2477 3838 2540 3890 τὸ
2572 3839 2760 3908 μνῆμα
2793 3837 3071 3891 κατέλιπε.

597 3926 822 3983 odorem
876 3935 930 3982 et
976 3926 1208 3998 gratiam
1254 3926 1568 3996 impertivit,
1626 3927 1914 3998 eﬂ'ecitque
1972 3938 2034 3984 ut
2088 3932 2431 3988 sanationum
2501 3934 2874 4003 bonorumque
2918 3932 3040 3988 fons
3079 3938 3224 3986 esset
3290 3929 3415 3996 illis,
3448 3928 3690 3997 quicum
3735 3926 3819 3975 tida

597 4022 882 4075 accedunt.

670 4112 758 4166 14.
801 4110 922 4167 Tibi
973 4126 1074 4169 nos
1132 4128 1347 4185 quoque
1398 4113 1559 4170 hodie
1608 4116 1928 4183 assidemus,
1978 4130 2011 4171 ο
2064 4118 2169 4171 Do-

2342 4111 2422 4165 ιδ’.
2486 4112 2579 4164 Σο)¹
2636 4112 2732 4166 καὶ
2787 4113 2947 4181 ἡμεῖς
3004 4107 3434 4181 προσκαθήμεθα
3489 4107 3743 4176 σήμερον,
3781 4094 3819 4153 ὦ

598 4204 769 4269 mina,
802 4204 1054 4270 Domina,
1093 4205 1341 4276 inquam,
1369 4216 1531 4278 atque
1556 4207 1751 4262 iterum
1778 4207 2030 4274 Domina,
2068 4207 2165 4263 Dei

2269 4200 2574 4262 Δέσποινα,
2607 4200 2701 4254 καὶ
2722 4200 2883 4255 πάλιν
2923 4199 3054 4270 ἐρῶ,
3090 4198 3381 4261 Δέσποινα,
3424 4195 3653 4247 Θεοτόκε
3683 4194 3817 4245 ἀπει-

596 4297 834 4365 genitrix
862 4296 1050 4367 Virgo,
1079 4298 1292 4367 animos
1326 4308 1545 4355 nostros
1570 4300 1636 4355 ad
1668 4315 1817 4370 spem
1859 4311 2027 4363 tuam,
2058 4314 2165 4353 non

2270 4294 2501 4365 ρόγαμε,
2534 4294 2634 4357 τάς
2673 4294 2879 4349 ἑαυτῶν
2909 4290 3086 4362 ψυχὰς
3117 4290 3216 4360 τῆς
3242 4290 3341 4359 σῆς
3372 4288 3588 4352 ἐλπίδος
3600 4284 3818 4354 ὲφάψαν-

597 4401 758 4441 secus
789 4396 949 4455 atque
1003 4388 1069 4441 ad
1123 4389 1486 4445 ﬁrmissimam
1535 4390 2030 4459 solidissimamqne
2072 4404 2166 4444 an-

2269 4403 2376 4449 τες,
2411 4385 2599 4457 ῶσπερ
2634 4385 2697 4439 ἐκ
2721 4402 2865 4448 τινος
2896 4381 3250 4455 ἰσχυροτάτης
3300 4381 3395 4434 καὶ
3427 4374 3819 4451 ἀρῤαγεστάτης

576 4476 823 4530 ηοιιοιδοηι
862 4477 1143 4545 alligantes
1176 4494 1191 4541 ;
1229 4488 1485 4544 mentem,
1512 4480 1769 4545 animam,
1814 4492 2032 4547 corpus,
2071 4491 2166 4531 nos

2272 4477 2540 4548 ἀγκύρας,
2569 4479 2713 4540 νοῦν,
2735 4477 2934 4548 ψυχὴν,
2965 4477 3148 4546 σῶμα,
3180 4474 3321 4537 ὅλοις
3349 4472 3579 4535 ἑαυτοὺς
3608 4471 3685 4522 σοὶ
3706 4467 3818 4520 ἀνα-

599 4568 750 4638 ipsos
785 4569 1015 4637 denique
1058 4573 1199 4620 totos
1243 4568 1339 4620 tibi
1371 4582 1772 4629 consecramus,
1813 4567 2165 4637 psalmisque,

2277 4538 2536 4638 Oépevm,
2562 4538 2931 4640 ψαλμοῖςκάὶ,
2962 4538 3172 4640 ὕμνοις,
3203 4570 3298 4622 καί⁵
3337 4567 3499 4639 ᾠδαῖς
3546 4574 3819 4631 πνευματι-

580 4668 657 4714 εοι
686 4659 928 4731 hymnis,
975 4667 1030 4712 et
1060 4657 1287 4711 canticis
1316 4657 1706 4727 spiritualibus,
1745 4668 2004 4728 quantum
2039 4673 2166 4729 pos-

2270 4664 2393 4724 καῖς
2426 4661 2539 4731 (l9)
2596 4663 2966 4734 γεραίροντες,
3000 4664 3123 4716 ὅσον
3174 4659 3397 4730 ἐφικτόν
3423 4674 3438 4686 ·
3475 4656 3588 4727 (20)
3637 4653 3695 4706 τδ
3726 4648 3818 4718 γὰρ

599 4766 810 4817 sumus,
859 4750 1213 4805 honoramus.
1256 4746 1407 4803 Fieri
1459 4748 1657 4819 quippe
1711 4764 1818 4804 non
1868 4759 2066 4820 potest,
2112 4758 2166 4805 ut

2274 4752 2409 4822 πρὸς
2438 4751 2597 4818 ἀξίαν
2634 4752 2941 4822 ἀνέφικτον.
2987 4752 3049 4805 Et
3082 4751 3212 4820 γάρ,
3248 4748 3324 4813 ῶς
3356 4749 3385 4801 ό
3439 4746 3596 4813 λόγος
3632 4743 3660 4795 ὀ
3695 4738 3819 4810 ίερδς

595 4857 700 4913 pro
729 4842 804 4897 rei
835 4842 1100 4911 dignitate
1124 4855 1188 4896 eo
1217 4853 1437 4896 munere
1457 4840 1830 4910 defungamur.
1852 4838 1987 4894 Nam
2019 4841 2087 4906 si,
2112 4851 2166 4894 ut

2272 4847 2422 4916 ἡμᾶς
2469 4845 2868 4914 ἐξεπαίδευσεν,
2904 4849 2937 4917 ἡ
2987 4845 3116 4917 περὶ
3160 4846 3287 4907 τοὺς
3336 4840 3653 4912 ὁμοδούλους
3702 4831 3817 4904 τιμὴ

596 4948 699 4988 nos
734 4948 915 4988 sermo
956 4944 1111 4993 sacer
1143 4931 1345 4997 docuit,
1394 4930 1570 4987 honor
1621 4932 1714 5002 qui
1762 4931 2039 4987 conservis
2076 4932 2166 4986 ba-

2271 4936 2551 5001 ἀπόδειξιν
2573 4936 2685 5008 ἔχει
2704 4938 2802 5009 τῆς
2827 4937 2962 5008 πρὸς
2986 4936 3076 4990 τὸν
3101 4937 3280 4989 κοινὸν
3305 4933 3579 5002 Δεσπότην
3598 4925 3809 4983 εὐνοίας,

597 5024 778 5089 betur,
839 5022 1272 5081 benevolentiam
1314 5036 1441 5094 erga
1497 5037 1840 5078 communem
1888 5014 2166 5078 Deminum

2271 5031 2304 5100 ὴ
2342 5030 2471 5100 περὶ
2520 5028 2581 5081 σὲ
2633 5026 2732 5099 τὴν
2781 5027 3047 5082 τεκοῦσαν
3095 5028 3188 5080 τὸν
3233 5027 3501 5094 δεσπότην
3551 5039 3642 5074 σου
3677 5015 3812 5086 τιμὴ,

599 5104 862 5179 declarat,
910 5129 1129 5183 quinam
1177 5114 1415 5168 studium
1464 5122 1517 5169 te
1550 5114 1871 5179 honorandi,
1919 5129 2038 5183 quae
2071 5114 2166 5170 Do-

2274 5121 2391 5183 πῶς
2414 5121 2759 5192 παρορατέα;
2792 5120 2910 5183 πῶς
2937 5120 2994 5172 δὲ
3023 5120 3083 5173 οὐ
3114 5116 3608 5188 περισπούδαστος;
3636 5109 3741 5171 πῶς
3767 5106 3813 5158 δὲ

598 5206 804 5260 minum
846 5206 1125 5275 peperisti,
1173 5206 1547 5276 negligendum
1598 5205 1710 5260 sit?
1740 5207 2006 5274 quomodo
2060 5222 2164 5262 non

2274 5213 2375 5265 οὐκ
2404 5211 2575 5282 αὐτῆς
2608 5212 2706 5281 τῆς
2758 5211 3063 5279 ἀναγκαίας
3104 5207 3495 5279 προτιμωμὲνη
3524 5202 3708 5271 πνοῆς,
3736 5197 3813 5251 καί

600 5295 997 5351 excolendum?
1034 5298 1304 5367 quomodo
1348 5311 1454 5352 non
1500 5295 1583 5349 vel
1632 5298 1942 5353 necessario
1988 5299 2163 5368 spira-

2272 5301 2372 5372 τῆς
2418 5300 2561 5372 ζωῆς
2589 5300 2698 5372 (21)
2728 5301 2987 5373 πρόξενος
3014 5319 3029 5369 ;
3079 5299 3222 5355 οὕτω
3255 5301 3363 5371 γὰρ
3417 5299 3482 5353 ἂν
3515 5296 3709 5368 μᾶλλον
3731 5290 3812 5361 τὴν

502 5486 571 5559 ιχ
670 5474 716 5505 ⁸⁸
763 5474 906 5529 Psal.
942 5490 1108 5539 van,
1143 5477 1230 5529 l6.
1308 5476 1351 5507 ⁸³
1395 5474 1540 5529 Psal.
1586 5490 1675 5536 xv,
1711 5474 1797 5528 lO.

670 5627 784 5699 (l6)
809 5626 990 5699 Germ.
1013 5636 1069 5679 et
1098 5627 1249 5681 Collr.
1285 5629 1537 5698 ὀργάνου,
1573 5628 1717 5683 nullo
1743 5644 1925 5683 sensu.

702 5698 785 5752 l7)
826 5698 889 5749 ll.
915 5698 1067 5751 deest
1100 5699 1199 5752 hoc
1228 5701 1543 5752 membrum.
1596 5748 1597 5751 η

702 5702 763 5751 l7
826 5702 889 5749 ll.
915 5702 1067 5751 deest
1100 5702 1190 5749 hoc

673 5702 786 5835 ίιδί
829 5767 892 5820 Β.
921 5766 1190 5834 εὐλογίας.

676 5837 791 5908 (19)
834 5838 996 5894 Basil.
1048 5846 1183 5890 orat.
1252 5838 1305 5891 in
1352 5839 1420 5893 40
1474 5838 1664 5903 Murt.;
1721 5838 1965 5896 Andreas
2012 5837 2158 5895 Cret.

2270 5634 2410 5701 orat.
2447 5625 2499 5690 l,
2526 5628 2580 5701 in
2611 5627 2781 5701 domi.
2808 5628 2870 5683 S.
2904 5627 3093 5701 Maria:
3117 5644 3138 5682 :
3175 5631 3265 5686 ubi
3300 5633 3367 5689 de
3401 5630 3607 5701 scriptis
3630 5630 3804 5697 Diony-

2268 5698 2329 5752 sii
2361 5700 2454 5767 ait,
2482 5697 2617 5767 πρὸς
2648 5699 2759 5760 τοῖς
2792 5700 2954 5766 ἱεροῖς
2981 5700 3201 5766 λογίοις.

2341 5764 2451 5837 (ἢο)
2487 5764 2682 5837 Desunt
2714 5769 2814 5820 ista
2846 5764 2898 5820 in
2936 5764 3118 5823 Germ.
3145 5779 3200 5825 et
3224 5770 3378 5827 Colb.

2336 5834 2447 5907 (‘21)
2479 5834 2660 5893 Germ.
2692 5837 3005 5911 πρόκριτος.
