4046 6408
264 390 364 454 721

1054 383 1401 464 HOMILIA"
1416 392 1477 452 II
1516 393 1600 454 IN
1637 392 2174 458 DORMITIONEM
2204 398 2270 458 B.
2302 400 2369 461 V.
2406 400 2695 463 MARI/E.‘

3389 388 3491 452 722

251 512 392 580 πρὸς
447 506 536 560 τόν
568 503 777 572 ξοίκείον
821 505 1090 576 δεσπότην
1121 469 1559 578 παρασπίσαιμεν
1584 508 1818 568 εὔνοιαν.

1926 515 2056 571 mini
2097 514 2513 586 praeferendum,
2557 506 2970 584 quando'vitam
3009 503 3165 572 nobis
3193 517 3489 574 conciliat?

249 601 320 656 Τί
333 598 447 670 γὰρ
466 597 600 669 πρὸς
623 597 714 651 τὸν
734 596 1001 670 δεσπότην
1022 615 1096 668 φη
1105 599 1195 670 μί;
1218 600 1488 672 αὐταρκὲς
1515 603 1622 673 γὰρ
1649 602 1819 668 όντως

247 692 364 754 τοῖς
380 689 626 754 εὐλαϐῶς
658 688 1022 760 μεμνημένοις
1051 705 1147 743 σου
1175 690 1276 759 τῆς
1293 691 1512 762 μνήμης
1543 692 1602 745 τὸ
1625 693 1821 763 τιμαλ-

249 782 518 850 φὲστατον
545 779 775 852 δώρημα
795 797 808 812 ·
846 782 1018 852 χαρᾶς
1064 779 1173 851 γὰρ
1207 782 1567 854 ἀναφαιρέτου
1597 785 1822 857 ὑπέρθε-

249 890 336 937 σις
351 874 585 941 γίνεται.
605 873 770 936 Ποίας
785 871 894 943 γὰρ
909 871 1009 925 οῦκ
1037 871 1420 942 ἐμπίμπλαται
1441 873 1778 946 εὐφροσύνης
1800 893 1818 942 ;

247 963 421 1018 ποίων
445 963 663 1033 ἀγαθῶν
691 965 720 1017 ό
742 965 985 1034 ταμιεῖον
1024 962 1125 1032 τῆς
1151 963 1424 1032 πανάγνου
1459 981 1554 1037 σου
1597 967 1819 1038 μνήμης

245 1053 346 1125 τὴν
381 1053 578 1107 ἑαυτοῦ
625 1054 990 1125 ποιησάμενος
1033 1053 1293 1109 διάνοιαν.
1348 1049 1514 1119 Οὗτός
1563 1072 1646 1110 σοι
1681 1058 1813 1126 παρ’

246 1143 408 1214 ἡμῶν
455 1143 836 1216 χαριστήρως,
890 1143 998 1196 τῶν
1036 1144 1323 1215 ἡμετέρων
1370 1144 1545 1213 λόγων
1569 1146 1818 1218 ἀπαρχὴ,

244 1234 344 1304 τῆς
365 1234 592 1305 πτωχῆς
613 1233 770 1303 ἡμῶν
795 1233 1030 1298 διανοίας
1048 1234 1108 1286 τὸ
1134 1233 1464 1302 ἀκροθίνιον,
1495 1234 1573 1307 τῷ
1595 1236 1724 1306 περὶ
1758 1236 1819 1289 σὲ

246 1323 567 1396 κινηθείσης
609 1323 779 1394 πόθῳ,
835 1323 930 1378 καὶ
987 1325 1088 1396 τὴν
1157 1325 1364 1380 οἰκείαν
1414 1325 1818 1398 ἐκλελησμένης

245 1413 556 1470 ἀσθένειαν.
617 1413 757 1468 Ἀλλ’
795 1414 1040 1485 εὐμενῶς
1077 1415 1250 1486 δέχοιο
1291 1416 1384 1470 τὸν
1425 1417 1614 1484 πόθον,
1645 1417 1821 1472 εἰδυῖα

244 1504 344 1577 τὴν
373 1504 606 1575 δύναμιν
656 1505 1086 1575 ὑπερϐάλλοντα.
1111 1508 1183 1560 Σὺ
1209 1507 1267 1560 δὲ
1295 1509 1616 1575 ἐποπτεύοις
1644 1510 1815 1580 ἡμᾶς,

245 1591 432 1663 ἀγαθὴ
465 1592 742 1658 δέσποινα,
775 1593 982 1671 ἀγαθοῦ
1022 1593 1282 1650 δεσπότου
1329 1595 1634 1669 λοχεύτρια,
1661 1599 1820 1666 ἄγοις

244 1697 303 1736 τε
331 1683 433 1736 καὶ⁸
461 1683 648 1753 φέροις
679 1687 748 1740 τὰ
789 1682 911 1737 καθ’
952 1685 1100 1756 ἡμᾶς
1150 1686 1287 1740 ὅπου
1333 1687 1561 1762 βούλοιο,
1595 1689 1691 1742 καὶ
1720 1689 1819 1753 τὰς

243 1776 427 1848 όρμᾶς
469 1776 578 1831 τῶν
627 1777 923 1848 αἰσχίστων
975 1777 1134 1848 ἡμῶν
1175 1777 1362 1832 παθῶν
1416 1780 1694 1849 στήσειας,
1720 1775 1842 1834 και

1921 606 2031 662 llac
2063 607 2207 663 enim
2239 607 2448 662 ratione
2495 587 2735 662 nostram
2779 621 2908 677 erga
2937 608 3222 664 Dominum
3250 610 3486 666 benevo-
3505 658 3520 702 τ

1918 686 2137 751 lentiam
2179 695 2508 758 luculentius
2565 697 2934 753 ostendemus.
2983 699 3122 765 Quid
3173 701 3314 764 dico,
3359 686 3516 769 erga"

1921 785 2246 842 Dominum?
2273 786 2477 842 sulﬁcit
2506 796 2656 844 certe
2689 787 2755 842 iis
2788 788 2879 857 qui
2923 789 2998 841 tui
3051 788 3366 842 memoriam
3399 787 3508 859 pie:

1918 877 2200 944 recolunt.,
2256 878 2712 946 pretiosissimum
2771 878 3164 933 recordationis
3226 887 3332 932 tuae
3391 879 3488 932 do-
3574 912 3576 914 τ

1918 984 2044 1022 num
2078 969 2315 1038 :quippe
2347 984 2469 1038 quat
2513 968 2779 1037 ejusmodi
2813 968 3054 1023 lmtitiam
3081 969 3278 1039 pariat,
3309 983 3429 1036 quas
3457 983 3488 1022 α

1918 1061 2134 1116 nemine
2159 1061 2456 1116 auferatur.
2489 1059 2606 1127 Qua
2640 1061 2784 1116 enim
2823 1059 3119 1130 Voluptate,
3161 1059 3358 1130 quibus
3391 1062 3489 1115 bo-

1917 1149 2004 1206 nis
2035 1165 2139 1205 non
2175 1151 2447 1220 impletur,
2495 1152 2586 1220 qui
2641 1159 2874 1205 mentem
2925 1165 3078 1206 suam
3131 1151 3490 1206 sanctissimae

1918 1240 2310 1296 recordationis
2342 1251 2444 1296 tuae
2469 1241 2897 1311 promptuarium
2937 1241 3102 1297 fecit?
3131 1242 3312 1296 Habes
3347 1241 3488 1310 grati

1919 1331 2084 1384 animi
2132 1340 2528 1402 argumentum,
2578 1332 2744 1386 hasce
2804 1346 3116 1386 sermonum
3171 1341 3487 1386 nostrorum

1917 1419 2206 1487 primitias,
2248 1419 2608 1489 pauperisque
2652 1421 2828 1474 nostri
2865 1421 3034 1474 animi
3074 1421 3485 1489 delibationem,

1918 1509 2010 1575 qui
2049 1524 2234 1565 amore
2274 1521 2364 1565 tuo
2409 1510 2672 1566 incitatus
2705 1510 3098 1568 imbecillitatis
3131 1527 3242 1567 sua:
3290 1511 3489 1568 oblitus

1918 1609 2021 1654 est.
2043 1598 2122 1654 Tn
2149 1613 2274 1656 vero
2297 1615 2619 1671 propensum
2640 1600 2970 1656 desiderium
2997 1602 3228 1671 benigne
3249 1603 3488 1673 suscipe,

1918 1705 2040 1746 cum
2083 1691 2421 1759 exploratum
2468 1693 2693 1758 habeas,
2727 1705 2844 1746 eam
2879 1692 3086 1749 viribus
3131 1693 3336 1748 nostris
3366 1707 3489 1748 esse

1918 1782 2278 1851 superiorem.
2314 1781 2392 1835 Tu
2428 1782 2633 1852 itaque,
2665 1783 2803 1838 bona
2835 1781 3084 1852 Domina,
3113 1783 3240 1840 boni
3277 1783 3490 1838 Domini

245 1843 383 1936 πρὸς
415 1863 510 1918 τὸν
562 1864 655 1922 τοῦ
700 1843 844 1920 θείου
893 1843 1194 1934 θελῆνματοι,
1245 1843 1578 1936 ἀχείμαστον
1619 1843 1814 1938 λιμένα

1923 1887 2137 1942 parens,
2181 1887 2280 1928 nos
2318 1873 2478 1927 velim
2525 1874 2800 1943 inspicias,
2847 1888 3038 1942 resque
3089 1884 3300 1930 nostras
3337 1874 3489 1929 arbi-

244 1954 646 2028 καθοδηγοῦσα,
676 1956 772 2011 καὶ
804 1956 902 2026 τῆς
950 1956 1248 2029 μελλούσης
1279 1958 1677 2028 μακαριότητος
1722 1974 1816 2013 κα-

243 2045 595 2114 ταξιώσειας,
656 2045 758 2116 τῆς
811 2046 1069 2114 γλυκείας
1119 2064 1178 2102 τε
1233 2047 1329 2102 καὶ
1385 2047 1814 2120 αύτοπροσώπου

245 2137 586 2209 ἐλλάμψεως,
636 2136 731 2194 τοῦ
778 2141 842 2192 ἐκ
877 2138 971 2191 σοῦ
1027 2137 1398 2209 σαρκωθέντος
1431 2137 1566 2194 Θεοῦ
1617 2140 1814 2208 Λόγου.

244 2225 377 2280 Μεθ’
406 2221 472 2280 οὗ
501 2225 577 2296 τῷ
615 2227 792 2297 Πατρὶ
831 2226 979 2291 δόξα,
1009 2226 1166 2298 τιμὴ,
1199 2217 1422 2298 κράτος,
1472 2228 1814 2300 μεγαλοσύνη

245 2334 304 2370 τε
335 2317 439 2371 καὶ
467 2316 928 2389 μεγαλοπρέπεια,
959 2318 1056 2370 σὺν
1089 2317 1167 2388 τῷ
1195 2318 1448 2390 παναγίῳ
1486 2319 1581 2373 καὶ
1602 2319 1813 2391 ἀγαθῷ,

245 2406 339 2460 καὶ
366 2407 617 2478 ζωοποιῷ
649 2405 812 2461 αὐτοῦ
841 2407 1139 2478 Πνεύματι,
1200 2405 1295 2461 νῦν
1338 2407 1431 2462 καὶ
1475 2407 1583 2474 ἀεὶ,
1617 2409 1710 2462 καὶ
1740 2411 1819 2473 είς

245 2499 370 2562 τοὺς
395 2498 600 2563 αἰῶνας
628 2497 736 2553 τῶν
764 2495 996 2572 αἰώνων.
1032 2499 1224 2570 Ἀμήν.

1923 1967 2027 2020 trio
2058 1974 2149 2018 tuo
2177 1980 2332 2034 regas
2355 1979 2418 2020 ac
2447 1965 2780 2033 modereris;
2813 1965 3236 2020 fwdissimarum
3272 1975 3488 2020 nostra-

1923 2071 2042 2111 rum
2072 2054 2415 2110 aﬂ‘ectionum
2449 2056 2709 2126 impetum
2735 2057 3082 2126 comprimes,
3114 2063 3195 2122 ut,
3219 2055 3502 2124 composi—.

1925 2146 1995 2201 tis
2023 2146 2193 2217 868
2220 2145 2494 2214 ﬂuctibus,
2540 2161 2638 2202 nos
2666 2147 2732 2201 ad
2773 2146 3123 2216 tranquillum
3169 2144 3365 2200 divina:
3398 2159 3492 2198 vo-

1921 2237 2145 2291 luntatis
2175 2247 2388 2306 portum
2420 2238 2640 2308 dirigas,
2690 2252 2754 2293 ac
2803 2237 2982 2292 futura
3012 2235 3346 2292 beatitudine
3396 2235 3493 2290 do—

1923 2341 2058 2395 nes;
2093 2327 2204 2394 illa,
2257 2329 2500 2398 inquam,
2549 2329 2688 2384 dulci
2734 2329 2827 2384 Dei
2874 2327 3037 2383 Verbi
3083 2327 3351 2384 incarnati
3398 2339 3499 2394 per.

1924 2416 2039 2486 ejus
2092 2428 2440 2488 conspectum
2495 2419 2923 2488 illuminatione;
2977 2434 3102 2474 cum
3176 2432 3284 2489 quo
3344 2416 3496 2472 Patri

1928 2507 2118 2577 gloria,
2155 2507 2346 2573 honor,
2393 2508 2698 2578 imperium,
2746 2511 3006 2582 majestas
3043 2519 3097 2564 et
3139 2508 3495 2578 magniﬁcen-

251 2591 347 2656 tia;
401 2604 530 2650 cum
585 2590 962 2657 sanctissimo,
1005 2590 1256 2663 bonoque
1302 2598 1359 2645 et
1402 2589 1616 2648 viviﬁco
1665 2589 1782 2660 ejus
1843 2592 2066 2666 Spiritu,
2105 2614 2252 2656 nunc
2307 2608 2368 2655 et
2408 2614 2641 2668 semper,
2695 2611 2752 2657 et
2801 2601 2856 2658 in
2912 2600 3107 2656 smeula
3145 2597 3502 2659 saeculorum.

249 2686 447 2742 Amen.

993 2801 1070 2855 Θ’.

255 2915 363 2972 Τοῦ
383 2914 576 2969 αὐτοῦ
607 2914 798 2985 ,λόγος
818 2916 1092 2984 δεύτερος
1122 2915 1212 2980 εις
1257 2913 1373 2982 τὴν
1406 2907 1665 2985 ἔνδοξον
1694 2914 1819 2985 κοί-

311 3001 510 3054 μησιν
553 2984 664 3056 τῆς
704 2984 1006 3056 παναγιας
1044 2985 1338 3038 Θεοτόκου
1363 2984 1462 3042 καί
1505 2984 1820 3053 ἀειπαρθέ-

319 3071 436 3110 νου
461 3055 708 3122 Μαρίας.

319 3177 391 3228 αν,
432 3172 592 3226 Ἔστι
621 3169 721 3242 μὲν
744 3168 1050 3240 ἀνθρώπων
1071 3167 1267 3233 οὐδεὶς,
1296 3167 1354 3231 ὃς
1382 3170 1499 3222 κατ’
1533 3168 1693 3234 ἀξίαν
1719 3168 1821 3239 τῆς

2655 2805 2746 2860 IX.

1928 2915 2178 2989 Ejusdem
2218 2936 2385 2974 sermo
2420 2919 2680 2990 secundus
2710 2921 2763 2972 in
2801 2919 3085 2990 gloriosam
3127 2918 3494 2990 dormitionem

1994 2992 2335 3113 ignotissima:
2379 2990 2475 3043 Dei
2517 2989 2813 3043 Genitricis’
2844 3005 2906 3042 ac
2958 2997 3222 3057 perpetua
3276 2989 3500 3057 virginis

2055 3076 2222 3113 amt-

2055 3076 2222 3114 arm-

1999 3172 2049 3224 1.
2096 3171 2206 3226 Etsi
2253 3185 2411 3226 nemo
2444 3170 2753 3226 mortalium
2788 3178 2891 3235 est,
2941 3169 3033 3238 qui
3081 3177 3497 3226 sacrosanctum

252 3263 591 3334 Θεομήτορος
611 3236 710 3332 τὴν
730 3236 881 3330 ἱερὰν
898 3260 1161 3330 ἐκδημίαν
1177 3260 1312 3330 εῦφη
1325 3259 1496 3329 μῆσαι
1510 3236 1819 3331 δυνήσεται,

1928 3261 2017 3315 Dei
2045 3260 2334 3317 Genitricis
2363 3278 2430 3317 ex
2462 3264 2565 3318 hac
2597 3263 2707 3317 vita
2747 3236 3044 3318 discessum
3088 3276 3188 3331 pro
3229 3261 3498 3331 dignitate

251 3356 356 3412 οὐδ’
379 3355 433 3407 ei
477 3352 673 3424 μύριαι
708 3351 976 3422 γλῶσσαι,
1024 3351 1261 3406 τοσαῦτα
1297 3351 1341 3403 δ’
1376 3351 1524 3423 αύτῷ
1577 3352 1823 3422 στόματα

253 3447 333 3516 εἴη
355 3461 368 3475 ⁶
404 3444 523 3499 ἀλλ’
556 3444 664 3498 οὐδ’
690 3445 739 3497 εί
771 3444 943 3496 πᾶσαι
973 3442 1082 3498 τῶν
1103 3441 1461 3514 πολυσπόρων
1489 3442 1546 3496 αἱ
1579 3441 1823 3510 γλῶσσαι

255 3537 579 3602 συνέλθοιεν,
632 3535 740 3590 τῶν
799 3534 1150 3604 καθηκόντων
1228 3533 1464 3587 ἐπαίνων
1521 3532 1816 3602 ἐφίκοιντο.

255 3625 566 3697 Πάνταγάρ
591 3623 730 3696 αῦτη
749 3623 949 3695 θεσμὸν
977 3623 1269 3695 ἐγκωμίων
1293 3624 1634 3694 ὑπέρκειται.
1651 3623 1825 3678 Ἐπειο

252 3719 313 3788 δὴ
345 3717 403 3770 δὲ
444 3716 597 3788 φίλον
639 3715 757 3786 Θεῷ
788 3716 849 3769 τὸ
882 3715 1026 3770 κοιτά
1053 3713 1282 3785 δύναμιν
1313 3716 1378 3768 ἐκ
1400 3713 1566 3769 πόθου
1593 3715 1689 3769 καὶ
1719 3714 1820 3785 ζή-

251 3807 339 3862 λου
373 3805 475 3860 καὶ
490 3806 700 3877 ἀγαθῆς
731 3804 842 3877 (22)
873 3805 1314 3875 προσφερόμενον
1338 3804 1823 3875 διαιρέσεως,φίλα

251 3899 307 3960 δὲ
325 3901 392 3972 τῇ
427 3896 596 3969 μητρὶ
627 3897 720 3952 τοῦ
743 3895 879 3949 Θεοῦ
903 3895 970 3950 τά
999 3895 1078 3965 τῷ
1109 3894 1220 3964 Υἱῴ
1268 3894 1537 3966 προσφιλῆ
1573 3895 1666 3948 καὶ
1695 3895 1825 3972 ἐρά-

257 4006 410 4062 σμια,
456 3988 591 4060 φέρε
647 3987 811 4041 πάλιν
862 3985 971 4040 τῶν
1027 3985 1318 4057 ἐγκωμίων
1375 3984 1663 4057 ἁψώμεθα,
1709 3987 1821 4050 τοῖς

256 4083 546 4153 ὑμετέροις
586 4078 1011 4151 πειθαρχοῦντες
1055 4077 1410 4150 κελεύμασιν,
1454 4071 1500 4132 ὧ
1550 4077 1824 4149 ποιμένων

256 4173 490 4244 ἄριστοι,
533 4171 632 4230 καὶ
674 4171 793 4242 Θεῷ
845 4169 1321 4242 προσφιλέστατοι,
1367 4168 1585 4241 ἀρωγὸν
1643 4168 1735 4223 τὸν
1765 4168 1825 4238 ἐξ

256 4263 422 4330 αὐτῆς
481 4259 901 4331 σεσαρκωμένον
950 4258 1410 4328 ἐπικαλεσάμενοι
1471 4257 1666 4326 Λόγον,
1722 4257 1815 4311 τὸν

257 4351 568 4425 πληροῦντα
618 4353 728 4406 πᾶν
773 4351 945 4422 στόμα
978 4349 1115 4422 πρὸς
1142 4350 1304 4406 αὑτὸν
1343 4349 1717 4420 ἀνοιγόμενον,
1764 4349 1824 4413 ὃς

256 4446 390 4516 αὐτῇ
429 4445 590 4515 μόνος
619 4443 845 4514 κόσμος,
890 4444 983 4496 καὶ
1033 4441 1362 4506 πανευκλεές
1416 4439 1692 4513 ἐγκώμιον
1725 4441 1822 4494 πέ-

257 4553 426 4605 φυκεν
447 4551 462 4564 ο
491 4533 696 4598 εἰδότες
728 4533 802 4598 ὡς
835 4533 924 4587 ὅτε
952 4533 1061 4587 τῶν
1087 4532 1325 4586 ἐπαίνων
1372 4532 1676 4604 ἀρξόμεθα,
1722 4531 1819 4603 τὴν

256 4625 478 4698 ὀφειλὴν
503 4624 873 4695 ἐκτιννύομεν,
921 4626 1015 4679 καὶ
1045 4624 1248 4695 ταύτην
1287 4623 1622 4687 ἐκτίσαντες,
1657 4623 1819 4677 πάλιν

258 4716 348 4770 τοῦ
378 4717 576 4788 χρέους
607 4715 905 4788 ἀρχόμεθα,
946 4715 1022 4779 ὡς
1055 4715 1236 4786 μένειν
1261 4715 1322 4768 τὸ
1359 4715 1517 4789 χρέος
1545 4714 1633 4768 ἀεὶ
1659 4715 1823 4785 ἀρχό·

261 4826 419 4878 μενον
453 4808 549 4862 καὶ
603 4806 996 4879 πληρούμενον.
1052 4807 1238 4870 Ἵλεως
1269 4806 1325 4860 δὲ
1365 4806 1477 4877 είηξ
1504 4807 1641 4880 πρὸς
1669 4806 1823 4877 ἡμῶν

262 4901 600 4973 ὑμνουμένη,
625 4903 657 4970 ὴ
682 4901 898 4956 πάντων
929 4902 1241 4972 κτισμάτων
1275 4901 1551 4968 ἐπέκεινα,
1576 4903 1670 4956 καὶ⁴
1699 4902 1826 4956 πάν-

260 5008 364 5047 των
405 4992 902 5064 δημιουργημάτων
927 4991 1285 5056 δεσπόζουσα,
1320 4988 1409 5046 οἷα
1448 4991 1584 5046 Θεοῦ
1617 4994 1824 5064 μήτηρ,

263 5083 354 5137 τοῦ
413 5083 650 5138 Κτίστου
709 5081 804 5136 καὶ
849 5081 1218 5152 Δημιουργοῦ,
1255 5084 1350 5137 καὶ
1402 5083 1512 5139 τῶν
1567 5083 1823 5138 ἁπάντων

263 5173 632 5240 δεσπόζοντος.
678 5171 1111 5242 Συγγινώσκοιτε
1164 5172 1221 5226 δὲ
1256 5175 1350 5228 καὶ
1400 5175 1580 5246 ὑμεῖς,
1634 5171 1680 5230 ὦ
1715 5175 1825 5230 τῶν

268 5265 422 5320 θείων
447 5266 620 5334 λόγων
655 5264 910 5335 φιλήκοον
941 5265 1216 5336 σύστημα,
1247 5266 1339 5318 καὶ
1353 5265 1452 5337 τὴν
1485 5267 1584 5337 μὲν
1611 5266 1824 5321 εὔνοιαν

268 5360 636 5432 ἀποδέχοισθε,
675 5359 771 5415 καὶ
801 5361 891 5413 τὸν
920 5359 1085 5415 πόθον
1119 5361 1422 5433 κροτοίητε,
1466 5366 1534 5434 τῇ
1573 5363 1828 5436 ἀσθενείᾳ

268 5453 322 5505 δέ
366 5453 458 5509 τοῦ
495 5452 657 5521 λόγου
693 5452 1093 5524 συμπάσχοιτε.
1159 5453 1369 5525 Ὥσπερ
1413 5454 1521 5526 γὰρ
1547 5455 1602 5508 εῐ
1640 5472 1724 5520 τις
1750 5456 1829 5526 τῷ

271 5541 646 5613 αὐτοκράτορι,
697 5543 791 5597 καὶ
833 5542 1042 5616 θειόθεν
1097 5542 1206 5595 τῶν
1250 5542 1534 5613 ὁμοφύλων
1587 5544 1828 5616 ἐγχειρι-

277 5628 450 5686 σθέντι
481 5632 610 5696 τοὺς
653 5613 865 5700 οἴακας,
899 5633 1209 5706 πλήθουσαν
1251 5633 1352 5706 μὲν
1380 5634 1466 5688 ἀεὶ
1504 5613 1830 5709 κεκτη-μένῳ

340 5786 447 5859 (22)
480 5787 542 5845 [ἰ-
576 5790 598 5846 l
627 5788 804 5846 Germ.
839 5791 1261 5862 προφερόμενον.

1923 3353 2140 3408 laudare
2165 3363 2347 3422 queat,
2389 3369 2487 3409 nec
2528 3355 2571 3408 si
2607 3361 2890 3408 sexcentas
2925 3353 3132 3420 linguas
3166 3351 3498 3418 totidemque

1922 3457 2016 3498 ora
2048 3443 2244 3498 habeat
2276 3460 2291 3497 :
2321 3444 2430 3498 imo
2462 3459 2562 3499 nec
2603 3444 2648 3497 si
2685 3459 2876 3498 omnes
2906 3444 3182 3497 hominum
3227 3452 3336 3497 toto
3369 3440 3498 3495 orbe

1923 3535 2288 3605 dispersorum
2339 3534 2531 3604 linguae
2575 3535 2628 3588 in
2679 3551 2842 3588 unum
2895 3543 3104 3600 coeant,
3141 3533 3328 3602 dignas
3371 3531 3494 3601 ejus

1923 3624 2110 3682 laudes
2159 3624 2383 3694 exsequi
2433 3623 2641 3693 possint
2688 3623 2826 3695 (ipsa
2877 3625 3074 3696 quippe
3117 3622 3495 3676 encomiormn

1922 3716 2162 3774 omnium
2211 3716 2358 3787 leges
2387 3715 2648 3788 superat),
2698 3725 2963 3782 attamen,
3013 3715 3141 3784 quia
3198 3715 3305 3768 Deo
3335 3725 3496 3767 acce-

1923 3817 2071 3879 ptum
2094 3816 2178 3865 est
2203 3807 2345 3878 quod
2373 3822 2469 3877 pro
2490 3806 2629 3862 virili
2661 3818 2844 3863 nostra
2878 3810 2956 3874 lit,
2988 3815 3152 3876 atque
3184 3819 3252 3860 ex
3284 3817 3493 3869 amore,

1922 3909 1976 3962 et
2021 3900 2222 3964 studio,
2279 3899 2553 3970 probaque
2607 3898 2878 3955 voluntate
2931 3898 3177 3963 oli‘ertur,
3231 3903 3495 3968 grataque

1925 3993 2017 4049 Dei
2048 3991 2210 4046 matri
2252 4004 2318 4046 ea
2348 3990 2625 4056 accidunt,
2669 4005 2790 4060 quae
2819 3989 2957 4043 Filio
2987 3999 3137 4060 grata
3181 3998 3235 4043 et
3265 3995 3493 4055 accepta

1921 4091 2067 4148 sunt,
2112 4081 2326 4146 vestris,
2362 4080 2551 4152 optimi
2603 4095 2668 4136 ac
2710 4080 2820 4134 Deo
2867 4078 3171 4134 charissimi
3220 4087 3493 4146 pastores,

1923 4171 2168 4245 imperiis
2218 4173 2680 4241 obtemperantes,
2726 4186 2844 4225 eam
2892 4170 3083 4224 iterum
3126 4168 3346 4222 laudare
3399 4182 3496 4235 ag—

1921 4267 2250 4338 grediamur,
2295 4263 2458 4320 Verbi
2523 4264 2666 4320 illius
2718 4277 2876 4334 opem
2923 4263 3297 4331 implorantes,
3345 4259 3491 4327 quod

1920 4372 2140 4417 carnem
2172 4373 2240 4412 ex
2275 4358 2390 4428 ipsa
2431 4356 2688 4427 suscepit,
2731 4365 2786 4410 et
2834 4369 2896 4409 os
2928 4366 3088 4408 omne
3125 4351 3307 4420 implet
3344 4347 3492 4418 quod

1922 4451 1989 4504 ad
2028 4449 2203 4518 ipsum
2254 4449 2519 4518 aperitur,
2566 4446 2707 4516 quod
2749 4447 2966 4502 tandem
3019 4444 3194 4500 solum
3240 4443 3290 4497 ei
3335 4455 3497 4496 orna-

1922 4552 2128 4607 mento,
2175 4539 2650 4608 illustrissimoque
2676 4540 2922 4594 encomio
2960 4537 3080 4592 fuit.
3125 4536 3238 4601 Qua
3271 4532 3490 4601 quidem

1929 4633 1984 4688 in
2036 4647 2094 4687 re
2139 4633 2243 4699 hoc
2291 4630 2447 4686 nobis
2482 4641 2564 4686 est
2594 4630 2963 4700 exploratum,
3005 4627 3147 4698 quod
3199 4639 3320 4680 cum
3374 4638 3495 4678 eam

1927 4726 2151 4781 laudare
2192 4723 2500 4792 incipimus,
2561 4723 2799 4778 debitum
2855 4737 3049 4776 munus
3092 4718 3490 4790 persolvamus,

1930 4830 2103 4887 eoque
2129 4814 2426 4888 persoluto,
2465 4814 2738 4870 debitores
2770 4815 2948 4869 denuo
2983 4827 3103 4868 esse
3134 4811 3492 4880 incipiamus;

1930 4911 2002 4967 ita
2067 4919 2127 4964 ut
2180 4908 2416 4964 debitum
2472 4915 2526 4962 et
2581 4920 2793 4975 semper
2845 4904 3108 4973 incipiat,
3167 4913 3219 4957 et
3279 4913 3496 4968 semper

1929 5000 2260 5056 exsolvatur.
2298 4998 2428 5054 Mihi
2456 5012 2618 5067 porro
2656 4996 2884 5066 propitia
2931 4996 3024 5062 sit,
3069 5010 3226 5063 quam
3260 4991 3490 5047 laudan-

1931 5091 2055 5146 dam
2089 5088 2445 5160 suscepimus,
2469 5103 2588 5162 qure
2623 5094 2802 5142 creata
2832 5084 3016 5141 omnia
3043 5092 3286 5151 supcrat,
3316 5077 3496 5135 oinni-

1930 5182 2138 5252 busque
2162 5181 2392 5237 conditis
2436 5179 2598 5233 rebus
2631 5178 2962 5240 dominatur,
2992 5176 3139 5231 velut
3173 5184 3347 5228 mater
3375 5171 3492 5236 Dei,

1930 5273 2022 5342 qui
2049 5281 2265 5328 creator
2291 5269 2579 5340 opifexque
2607 5278 2710 5335 est,
2739 5278 2792 5322 et
2817 5266 3082 5321 universis
3108 5265 3359 5334 imperat.
3383 5259 3496 5318 Vos

1929 5377 2060 5418 vero
2089 5362 2277 5425 etiam,
2307 5377 2339 5416 o
2369 5369 2542 5416 cretus
2575 5359 2880 5414 divinorum
2925 5372 3234 5412 sermonum
3267 5355 3495 5420 audien-

1931 5454 2120 5509 dorum
2164 5453 2341 5516 avide,
2384 5452 2648 5521 ignoscite
2683 5449 2842 5504 velim
2895 5448 3052 5514 mihi,
3081 5458 3496 5518 promptumque

1931 5543 2169 5600 animum
2206 5557 2383 5598 meum
2417 5543 2490 5595 ita
2546 5540 2823 5610 suscipite,
2879 5555 2944 5595 ac
2977 5540 3243 5595 desiderio
3272 5537 3496 5607 applaus-

1932 5634 2062 5701 dite,
2103 5641 2162 5689 ut
2210 5631 2596 5689 imbecillitatis
2630 5647 2765 5689 mea:
2817 5631 3033 5690 interim
3084 5645 3179 5690 vos
3223 5629 3492 5686 misereat.
