4046 6418
571 418 677 482 723

1727 420 1785 480 S.
1824 421 1857 481 ,ἶ
1862 421 2065 483 OANN
2070 420 2142 481 IS
2179 417 2622 487 DAMASCENI:

3701 422 3796 485 721

567 528 1031 597 Quemadmodum
1064 526 1209 583 enim
1241 525 1284 581 si
1319 523 1443 605 quis
1472 523 1806 593 imperatori,
1840 528 1930 594 qui
1965 543 2131 597 popu-

2235 526 2334 597 τὴν
2371 528 2671 598 τράπεζαν,
2705 526 2799 581 καὶ
2832 527 3197 592 παντοδαποῖς
3242 528 3509 601 ἐδέσμασι
3559 530 3804 601 ῥέουσαν,

566 620 761 676 larium
807 636 1029 677 suorum
1084 616 1446 690 gubernacula
1500 616 1760 671 divinitus
1811 608 2133 687 susceperit,

564 714 652 769 cui
690 712 829 769 cibis
854 728 1068 784 semper
1097 710 1340 766 conferta
1375 723 1582 773 mensa,
1615 708 1844 777 aulaque
1886 710 2129 778 exquisi-

567 806 899 862 tissimorum
964 812 1357 877 unguentorum
1405 802 1697 869 vaporibus
1746 801 1998 870 perfusa,
2054 803 2138 855 in-

566 905 721 952 sueto
755 907 994 967 tempore
1023 904 1116 949 aut
1146 894 1338 947 violam
1378 891 1542 946 colori
1576 907 1844 961 purpureo
1878 893 2135 960 similem,

562 994 659 1040 aut
704 1001 881 1042 rosam
909 983 1401 1054 fragrantissimum
1451 982 1619 1050 spina:
1654 997 1900 1050 germen,
1934 983 2137 1038 follicu-

564 1075 645 1132 los
689 1077 977 1132 habentem
1014 1075 1237 1138 virides,
1270 1073 1569 1141 ﬂoremque
1602 1074 1800 1142 gemini
1837 1074 2037 1130 coloris
2066 1090 2134 1129 ex

561 1168 644 1220 eis
686 1166 1062 1235 prodeuntem,
1114 1178 1180 1218 ex
1232 1177 1339 1232 quo
1383 1162 1663 1232 speciosus
1711 1164 1874 1218 rubor
1929 1164 2129 1218 sensim

562 1258 955 1327 progrediatur,
1021 1264 1116 1311 aut
1170 1255 1405 1323 denique
1461 1253 1833 1308 dulcissimum
1890 1256 2131 1309 autumni

560 1348 797 1403 fructum
846 1348 1103 1404 obtulerit
1136 1388 1150 1413 ,
1187 1363 1295 1403 non
1334 1357 1442 1401 tam
1476 1345 1566 1399 ille
1606 1346 1847 1400 muneris
1870 1346 2134 1414 exiguita-

563 1450 689 1504 tem,
740 1453 899 1507 quam
940 1438 1233 1491 novitatem
1281 1435 1564 1505 spectabit,
1601 1442 1656 1488 et
1700 1434 1952 1488 eximiam
2000 1436 2132 1489 cha-

561 1531 773 1584 ritatem
828 1529 1210 1593 admirahitur,
1254 1537 1401 1583 recto
1446 1527 1603 1597 plane
1638 1526 1845 1596 judicio
1891 1538 1945 1581 et
1996 1542 2131 1581 sana

558 1630 775 1685 mente;
810 1619 1046 1688 capiosis
1094 1633 1223 1672 vero
1260 1615 1750 1687 pulcherrimisque
1803 1616 1957 1670 donis
1991 1616 2132 1684 agri-

557 1710 732 1765 colam
767 1710 1140 1765 remunerabit
1168 1726 1181 1762 :
1212 1710 1284 1763 ita
1316 1722 1530 1778 quoque
1575 1708 1642 1773 si,
1674 1707 1819 1762 velut
1863 1707 1914 1761 in
1951 1708 2134 1761 facun-

557 1802 661 1856 diae
702 1802 880 1857 hieme
920 1803 1115 1871 reginae
1146 1799 1306 1854 ﬂores
1346 1798 1657 1863 oli‘eramus,
1694 1799 1955 1867 senioque
1999 1811 2130 1851 cou-

558 1892 756 1947 fectam
804 1892 1010 1947 dicendi
1063 1890 1370 1946 facultatem
1425 1890 1493 1944 ad
1535 1891 1907 1945 encomiorum
1956 1898 2130 1944 cerla-
2159 1867 2201 1921 Β

558 1982 704 2036 mina
761 1982 1111 2044 instruamus,
1148 1996 1213 2035 ac
1252 1980 1599 2056 cupiditatem
1657 1981 1820 2034 menti
1870 1989 2123 2050 tanquam

556 2074 785 2142 lapidem
832 2073 977 2128 ferro
1005 2072 1335 2136 aﬂricantes,
1367 2080 1460 2125 aut
1504 2072 1886 2140 cogitationem
1916 2087 2124 2126 sermo-

556 2167 642 2221 nis
674 2175 971 2234 parentem,
1006 2182 1113 2221 non
1156 2179 1313 2220 secus
1361 2173 1522 2233 atque
1571 2164 1915 2216 immaturam
1965 2178 2123 2217 uvam

555 2258 941 2327 exprimentes,
971 2256 1221 2327 exiguam
1248 2256 1532 2325 quamdam
1573 2254 1883 2321 scintillam,
1913 2256 2115 2310 oratio-

556 2350 713 2404 nisve
756 2357 1013 2415 mustum,
1068 2348 1219 2402 vobis
1265 2362 1578 2402 sermonum
1622 2348 1979 2411 amatoribus,
2024 2363 2124 2402 no-

553 2439 763 2510 strique
792 2438 1045 2493 audiendi
1072 2438 1301 2507 cupidis,
1326 2438 1494 2509 869
1524 2438 1914 2507 impertiamus,
1957 2438 2125 2493 multo

555 2530 831 2587 libentiori
884 2530 1065 2585 animo
1112 2530 1344 2599 benigne
1393 2530 1549 2584 nobis
1595 2527 1864 2584 favebitis.
1920 2529 2123 2598 Ecquid

554 2618 698 2673 enim
752 2616 918 2673 Verbi
970 2618 1151 2682 matri,
1210 2618 1313 2673 nisi
1358 2619 1521 2673 verba
1578 2616 1901 2673 oneramus?
1951 2619 2126 2674 simile

546 2696 753 2780 quippe
800 2711 961 2765 simili
1002 2710 1218 2779 gaudet,
1265 2720 1319 2765 et
1368 2710 1496 2765 illud
1544 2726 1755 2779 quoque
1797 2712 1941 2780 quod
1990 2712 2127 2765 ami-

556 2814 677 2852 cum
733 2808 838 2854 est.
872 2797 992 2852 Jam
1042 2792 1490 2867 ergo'oralionis
1543 2799 1744 2865 apertis
1793 2800 2129 2862 carceribus,

556 2902 652 2942 seu
677 2887 873 2942 laxatis
906 2887 1169 2956 tantisper
1194 2886 1443 2950 habenis,
1481 2900 1600 2940 eam
1643 2894 1898 2955 tanquam
1931 2902 2128 2956 equum

556 2978 794 3047 aliquem
826 2979 891 3033 ad
916 2993 1132 3033 cursum
1162 2978 1453 3047 dirigentes
1484 2977 1813 3033 emittamus.
1848 2977 1953 3033 Sed
1978 2980 2130 3047 mihi,

556 3067 651 3123 Dei
704 3069 962 3133 Verbum,
1020 3070 1295 3139 suppetias
1344 3078 1397 3122 et
1445 3085 1598 3138 opem
1647 3069 1788 3125 feras
1830 3088 1845 3123 :
1895 3081 2128 3127 mentem

2239 615 2429 686 μύρων
2457 618 2513 671 δὲ
2549 616 2855 671 πολυτελῶν
2888 617 3240 689 ὲξατμήμασι
3277 619 3585 689 θελγόμενα
3620 624 3687 674 τὰ
3715 624 3803 692 βα-

2242 706 2438 772 σίλεια,
2476 710 2535 761 ὲν
2564 710 2627 762 οὐ
2656 709 2832 780 καιρῷ
2866 711 3131 779 προσάγοι
3166 710 3244 764 ῐον
3274 711 3334 765 τὸ
3358 715 3464 783 τῆς
3497 712 3805 784 ἀλουργίδος

2236 799 2523 870 ὁμόχρουν,
2559 800 2591 871 ἢ
2618 800 2770 871 ῥόδον
2800 800 2860 853 τὸ
2890 801 2991 871 τῆς
3025 803 3266 872 ἀκάνθης
3286 803 3662 859 εὐωδέστατον
3693 807 3806 875 βλά-

2238 906 2336 959 στη
2346 908 2441 959 μα,
2472 891 2727 961 χλοεροὺς
2751 891 2854 961 μὲν
2873 894 3211 963 κεκτημένον
3239 897 3361 958 τοὺς
3395 896 3671 964 κάλυκας,
3710 900 3806 953 κάκ

2234 980 2443 1034 τούτων
2473 982 2663 1052 προϊὸν
2695 983 3067 1053 διδυμόχροον,
3114 986 3210 1038 καὶ
3251 987 3389 1056 πρὸς
3436 987 3649 1057 ὡραῖον
3683 1007 3805 1059 προ-

2235 1070 2405 1143 ϐάδην
2434 1074 2635 1142 φθάνον
2660 1073 2935 1145 ἐρύθημα,
2955 1077 3186 1130 καίτινα
3212 1078 3433 1148 καρπὸν
3448 1078 3678 1149 ὀπώρας
3706 1080 3807 1152 (23)

2238 1162 2689 1231 μελιειδέστατον,
2726 1165 2787 1217 οὐ
2815 1168 2882 1237 τῇ
2930 1166 3179 1239 εὐτελείᾳ
3216 1168 3308 1221 τοῦ
3340 1168 3549 1238 δώρου,
3578 1171 3657 1239 τῷ
3685 1170 3807 1243 ξένῳ

2233 1252 2291 1306 δὲ
2322 1255 2595 1325 προσέξει,
2658 1256 2753 1310 καὶ
2805 1257 3077 1327 θαυμάσει
3107 1259 3167 1312 τὸ
3202 1259 3318 1332 (24)
3355 1260 3557 1331 ἄηθες,
3608 1263 3800 1333 ἄριστα

2235 1343 2465 1413 κρίνων,
2518 1347 2613 1401 καὶ
2659 1347 2841 1412 καλῶς
2892 1349 3278 1422 ἐπιστάμενος,
3325 1353 3595 1423 ἀφθόνοις
3639 1355 3688 1407 δ’
3732 1358 3803 1412 ὅτι

2236 1434 2471 1504 μάλιστα
2512 1436 2707 1507 δώροις
2737 1440 2833 1494 καὶ
2862 1441 3077 1512 χαρίεσι
3104 1443 3196 1497 τὸν
3225 1444 3469 1514 γηπόνον
3495 1445 3801 1516 ἀμείψαιτο,

2232 1525 2375 1579 οὕτω
2412 1529 2506 1583 καὶ
2536 1531 2700 1601 ήμεῖς
2746 1535 2805 1585 ὲν
2839 1534 3069 1603 χειμῶνι
3118 1535 3229 1589 τῶν
3268 1537 3416 1590 ὲπῶν
3473 1538 3548 1591 τὰ
3588 1539 3719 1611 ἄνθη
3744 1546 3802 1611 τῇ

2234 1616 2462 1688 βασιλίδι
2509 1622 2895 1692 προσάγοντες,
2940 1625 3035 1678 καὶ
3079 1629 3427 1698 γεγηρακότα
3461 1629 3625 1698 λόγον
3679 1633 3804 1702 πρὸς

2231 1712 2357 1773 τοὺς
2379 1712 2599 1780 ἀγῶνας
2633 1714 2738 1770 τῶν
2769 1717 3059 1788 ἐγκωμίων
3084 1719 3413 1786 ὁπλίζοντες,
3450 1722 3550 1775 καὶ
3582 1724 3671 1777 τὸν
3718 1725 3804 1778 πό-

2235 1800 2325 1853 θον
2365 1802 2444 1873 τῷ
2483 1804 2559 1875 νῷ
2597 1805 2745 1860 λίθον
2792 1804 2879 1861 οἷα
2927 1810 3130 1881 σιδήρῳ
3182 1812 3650 1883 προστρίψαντες,
3677 1814 3709 1884 ἢ
3735 1815 3801 1879 ὡς

2233 1894 2426 1965 βότρυν
2458 1898 2635 1968 ἄωρον
2678 1899 3046 1969 ὲκθλίψαντες,
3085 1903 3184 1973 τὴν
3222 1903 3335 1974 (25)
3370 1904 3675 1972 μυθοτόκον
3703 1905 3803 1959 διά-

2232 2001 2401 2051 νοιαν,
2432 1985 2672 2057 ἀμυδρόν
2702 2005 2824 2041 τινα
2879 1989 3152 2062 σπινθῆρα
3190 1990 3284 2044 καὶ
3308 1991 3487 2062 τρύγα
3515 1993 3675 2061 λόγου
3702 1996 3801 2057 τοῖς

2233 2077 2535 2145 φιλολόγοις
2564 2078 2691 2149 ὑμῖν
2728 2081 2818 2132 καὶ
2848 2081 3246 2153 φιλακροάμοσι
3288 2083 3576 2154 νέμοντες,
3616 2086 3799 2157 μᾶλλον

2233 2167 2326 2221 καὶ
2375 2169 2574 2234 μᾶλλον
2625 2171 3095 2242 ἀποδειχθείημεν.
3144 2174 3209 2227 Τί
3247 2175 3355 2246 γὰρ
3395 2180 3461 2246 τῇ
3526 2179 3693 2248 μητρὶ
3718 2178 3799 2231 τοῦ

2231 2259 2466 2330 Λόγουῆ
2518 2261 2675 2329 λόγον
2724 2263 3119 2334 προσοίσομεν;
3157 2265 3234 2336 τῷ
3284 2267 3457 2339 ὁμοίῳ
3488 2269 3599 2339 γὰρ
3634 2270 3797 2339 χαίρει

2229 2349 2291 2401 τὸ
2318 2351 2523 2419 ὅμοιον,
2560 2352 2653 2406 καί
2681 2370 2745 2421 γε
2773 2356 2834 2406 τὸ
2858 2354 3029 2423 φίλον.
3072 2357 3211 2428 Ἤδη
3237 2357 3420 2411 τοίνυν
3453 2360 3561 2430 τὴν
3592 2359 3799 2428 βαλϐίδα

2230 2440 2324 2493 τοῦ
2359 2443 2534 2510 Λόγου
2570 2445 2899 2511 ἀνοίξαντες,
2928 2447 2958 2517 ἢ
2996 2447 3189 2517 μικρὸν
3220 2449 3330 2503 τῶν
3365 2451 3628 2520 ῥυτήρων
3653 2452 3799 2521 ὐφέν-

2229 2548 2343 2596 τες,
2371 2532 2446 2596 ὡς
2473 2533 2639 2589 ἵππον
2662 2535 2783 2590 τινὰ
2810 2537 2995 2590 τοῦτον
3024 2538 3162 2609 πρὸς
3188 2539 3279 2592 τὸν
3309 2538 3518 2611 δρόμον
3544 2540 3800 2606 ίθύναντες

2231 2623 2629 2696 ὲκπέμψωμεν.
2690 2628 2852 2682 Ἀλλά
2912 2647 3022 2699 μοι,
3060 2629 3203 2698 Λόγε
3249 2630 3416 2695 Θεοῦ,
3489 2632 3658 2695 αὐτὸς
3716 2616 3801 2685 ἔσο

2232 2718 2494 2786 συνεργός
2535 2736 2595 2771 τε
2646 2721 2945 2793 συνέριθος,
2999 2722 3093 2775 καὶ
3128 2723 3228 2792 τὴν
3271 2722 3410 2793 ἐμὴν
3464 2724 3585 2794 (26)
3625 2724 3799 2791 ἄλογον

2229 2805 2473 2863 διάνοιαν
2512 2810 2773 2879 λόγωσον,
2828 2815 2921 2867 καὶ
2956 2813 3034 2884 τῷ
3092 2813 3233 2884 λόγῳ
3273 2814 3374 2884 τήν
3434 2814 3629 2885 τρίϐον
3666 2816 3800 2868 λείαν

2232 2895 2566 2967 ἁπέργασαι,
2615 2902 2711 2954 καὶ
2768 2902 2860 2955 τὸν
2899 2902 3097 2974 δρόμον
3144 2902 3322 2957 ἴθυνον
3372 2906 3518 2975 πρὸς
3570 2905 3666 2977 τὴν
3712 2907 3799 2974 σὴν

2232 2984 2611 3060 εὐαρέστησιν,
2631 2990 2771 3063 πρὸς
2796 2991 2863 3063 ἢν
2881 2991 3024 3056 ἅπας
3057 2992 3198 3046 ίεται
3225 2992 3382 3061 λόγος
3401 2994 3575 3063 σοφοῦ
3597 2994 3686 3049 καὶ
3701 2994 3797 3064 (27)

2235 3078 2472 3135 διάνοια.

556 3176 733 3215 meam
772 3175 1083 3216 sermonum
1117 3160 1301 3214 rudem
1347 3159 1634 3213 facundam
1704 3160 1893 3224 redde,
1935 3159 2150 3217 facilem
2212 3170 2448 3223 sermoni
2509 3186 2629 3226 meo
2686 3172 2934 3227 semitam
2985 3187 3136 3242 para,
3194 3187 3529 3246 cursumque
3587 3183 3643 3230 ut
3714 3160 3796 3229 tibi

553 3258 787 3329 placeat,
824 3256 1032 3326 dirige;
1060 3255 1124 3310 ad
1152 3254 1294 3325 quod
1324 3254 1510 3324 utique
1541 3255 1711 3311 tendit
1739 3256 1916 3312 oratio
1946 3259 2128 3315 omnis
2165 3270 2222 3317 et
2250 3264 2507 3335 cogitatio
2537 3267 2823 3335 sapientis.

623 3374 680 3428 2.
721 3372 891 3428 Hodie
921 3380 1108 3427 sancta
1134 3373 1354 3439 solaque
1378 3369 1566 3441 Virgo,
1600 3372 1798 3427 mundo
1826 3374 2125 3432 sublimiori

2305 3380 2369 3448 β’.
2403 3381 2650 3451 Σήμερον
2684 3383 2717 3453 ἡ
2757 3383 2879 3436 ὁσία
2912 3383 3008 3436 καὶ
3048 3383 3183 3453 μόνη
3220 3382 3498 3454 Παρθένος
3533 3383 3612 3453 τῷ
3642 3385 3798 3454 ὑπερ-

554 3480 619 3520 ac
646 3464 853 3519 caelesti
912 3463 1110 3533 templo
1162 3459 1437 3517 oll‘crtur:
1482 3480 1603 3533 quae
1651 3465 2018 3536 virginitatem
2066 3484 2133 3524 eo

553 3556 733 3611 studio
761 3556 947 3621 coluit,
978 3564 1038 3610 ut
1089 3557 1141 3610 in
1186 3554 1303 3623 ejus
1342 3563 1598 3626 tanquam
1641 3559 1918 3626 purissimi
1951 3560 2134 3630 cujus-

555 3649 679 3703 dam
733 3649 870 3718 ignis
936 3647 1164 3702 formam
1220 3648 1517 3705 transierit.
1595 3648 1731 3704 Nam
1783 3665 1906 3705 cum
1956 3654 2133 3708 omnis

552 3741 707 3810 virgo
750 3739 1119 3809 virginitatem
1170 3739 1431 3807 pariendo
1477 3740 1711 3805 amittat,
1768 3742 1883 3797 haec
1927 3754 2130 3809 tamen,

552 3842 610 3888 et
652 3840 780 3885 ante
806 3842 1045 3901 parturn,
1092 3839 1145 3885 et
1192 3832 1245 3885 in
1288 3842 1468 3900 partu,
1512 3847 1575 3887 ac
1607 3833 1823 3889 demum
1856 3843 1977 3905 post
2004 3852 2133 3906 par-

553 3933 666 3976 tum
695 3921 846 3991 virgo
880 3922 1197 3991 permansit.
1236 3920 1407 3977 Hodie
1446 3938 1599 3978 sacra
1644 3934 1699 3979 et
1730 3924 1967 3979 animata
2001 3942 2129 3982 arca

556 4016 651 4072 Dei
677 4014 930 4079 viventis,
962 4029 1081 4084 qua:
1118 4030 1274 4069 suum
1314 4016 1366 4069 in
1403 4024 1556 4070 utero
1586 4017 1815 4088 gestavit
1843 4018 2129 4087 artiﬁcem,

554 4109 607 4160 in
641 4107 840 4174 templo
867 4106 1107 4170 Domini,
1139 4106 1280 4175 quod
1321 4105 1485 4159 nullis
1516 4117 1597 4160 est
1644 4115 1979 4161 exstructum
2016 4123 2131 4162 ma-

554 4200 737 4265 nibus,
772 4200 1084 4269 requiescit,
1133 4209 1187 4253 et
1216 4199 1377 4255 saltat
1414 4199 1578 4253 David
1621 4198 1737 4266 ejus
1781 4214 1911 4254 avus
1945 4215 2009 4255 ac
2040 4203 2129 4257 Dei

552 4309 771 4364 parens,
805 4308 1018 4363 unaque
1055 4306 1178 4347 cum
1207 4307 1271 4347 eo
1308 4293 1505 4348 choros
1532 4302 1700 4361 agunt
1737 4292 1949 4364 Angeli,
1981 4292 2131 4362 plau-

552 4388 686 4438 dunt
726 4384 1073 4455 Archangeli,
1114 4383 1356 4439 Virtutes
1397 4384 1799 4448 concelebrant,
1846 4382 2128 4453 Principa-

554 4483 641 4527 tus
669 4474 961 4536 exsultant,
996 4473 1404 4526 Dominationes
1433 4474 1791 4537 oblectantur,
1823 4471 2128 4528 Polestates

554 4568 829 4630 lmtantur,
883 4564 1091 4618 Throni
1143 4563 1339 4618 festum
1393 4562 1539 4616 diem
1596 4572 1780 4632 agunt,
1834 4562 2126 4617 Cherubim

553 4656 741 4712 laudes
787 4666 1011 4720 canunt,
1043 4655 1270 4723 gloriam
1324 4653 1606 4721 Seraphim
1648 4654 1960 4722 praedicant.
2010 4652 2125 4709 Non

552 4750 696 4804 enim
750 4747 803 4803 id
842 4748 1050 4816 exigua:
1081 4746 1267 4817 gloria:
1320 4746 1540 4810 ducunt,
1582 4760 1705 4799 cum
1747 4745 1909 4800 matri
1941 4746 2125 4817 gloria:

554 4842 780 4910 gloriam
841 4841 1107 4895 tribuunt.
1176 4837 1348 4892 llodie
1401 4837 1771 4892 sacratissima
1837 4838 2126 4900 columba,

2236 3470 2448 3541 κοσμίῳ
2480 3471 2571 3525 καὶ
2595 3473 2830 3543 οὐρανίῳ
2866 3475 3081 3544 τεμένει
3108 3474 3218 3543 (28)
3266 3474 3631 3543 προσάγεται.
3663 3477 3692 3545 ἡ
3718 3492 3798 3527 το-

2237 3563 2426 3616 σοῦτον
2454 3563 2551 3634 τὴν
2598 3563 2897 3635 παρθενίαν
2948 3566 3235 3637 ποθήσασα
3258 3610 3273 3633 ,
3300 3567 3374 3629 ὡς
3400 3566 3494 3619 ὑπ’
3527 3567 3698 3638 αὐτῆς
3723 3561 3799 3620 οἶά

2234 3672 2385 3718 τινος
2418 3655 2807 3726 καθαρωτάτου
2836 3658 3140 3728 ποιωθῆναι
3173 3661 3365 3730 πυρός.
3403 3659 3682 3730 Παρθένος
3702 3660 3798 3727 γάρ

2236 3745 2424 3799 ἅπασα
2453 3746 2532 3817 τῷ
2561 3747 2705 3817 τόκῳ
2742 3746 2841 3818 τὴν
2868 3747 3163 3818 παρθενίαν
3194 3748 3518 3819 λυμαίνεται
3547 3765 3564 3780 ο
3588 3750 3720 3820 αῦτη
3746 3750 3798 3803 δὲ

2236 3837 2331 3889 καὶ
2384 3837 2491 3908 πρὸ
2539 3838 2724 3903 τόκου,
2757 3840 2851 3892 καὶ
2896 3839 3162 3893 τίκτουσα
3194 3840 3343 3910 μένει
3383 3841 3676 3912 παρθένος,
3714 3842 3797 3895 καὶ

2237 3926 2379 3997 μετὰ
2419 3926 2695 4001 γέννησιν.
2726 3928 2972 3998 Σήμερον
3001 3930 3033 3998 ή
3072 3929 3193 4000 ἱερά
3234 3947 3292 3982 τε
3332 3930 3425 3983 κα)⁸
3452 3930 3694 4001 ἔμψυχος
3721 3942 3798 3983 κιό

2235 4016 2405 4081 ϐωτὸς
2429 4014 2524 4070 τοῦ
2556 4015 2758 4080 ζῶντος
2789 4014 2949 4081 Θεοῦ,
2982 4018 3014 4087 ἡ
3049 4016 3139 4069 τὸν
3165 4016 3365 4086 ἑαυτῆς
3390 4019 3651 4090 τεχνίτην
3679 4036 3795 4072 κυο-

2234 4107 2543 4178 φορήσασα,
2572 4107 2631 4159 ὲν
2650 4105 2763 4176 ναῷ
2783 4106 2986 4177 Κυρίου
3010 4108 3390 4179 άχειροτμήτῳ
3410 4109 3792 4174 καταπαύεται,

2232 4199 2330 4252 καὶ
2358 4199 2553 4269 σκιρτᾷ
2574 4197 2735 4250 Δαϐὶδ
2754 4200 2782 4250 ό
2806 4196 3011 4267 ταύτης
3037 4198 3334 4269 προπάτωρ
3358 4200 3454 4252 καὶ
3490 4199 3793 4267 Θεοπάτωρ,

2232 4292 2325 4344 καὶ
2357 4290 2781 4362 συγχορεύουσιν
2820 4289 2931 4360 (29)
2968 4290 3218 4358 ἄγγελοι,
3267 4292 3360 4343 καὶ
3389 4292 3674 4363 κροτοῦσιν
3701 4292 3790 4361 ἀρ-

2230 4381 2490 4452 χάγγελοι
2518 4421 2532 4444 ,
2563 4381 2659 4433 καὶ
2688 4380 2949 4451 δυνάμεις
2979 4379 3285 4445 δοξάζουσι,
3322 4382 3418 4433 καὶ
3484 4382 3653 4452 ἀρχαὶ
3683 4397 3793 4432 συν-

2232 4472 2574 4540 αγάλλονται,
2589 4473 2685 4525 κα)⁸
2701 4470 3352 4541 ἑξουσίαιεύφραίνονται,
3379 4471 3474 4523 καὶ
3497 4472 3793 4542 κυριότητες

2232 4564 2535 4634 χαίρουσιν,
2562 4567 2657 4617 καὶ
2685 4564 2865 4633 θρόνοι
2892 4560 3342 4633 πανηγυρίζουσι,
3376 4562 3472 4614 καὶ
3494 4563 3715 4631 ἀνυμνεῖ
3734 4562 3794 4612 τὰ

2234 4652 2515 4723 Χερουϐὶμ
2540 4691 2555 4715 ,
2590 4652 2685 4705 καὶ
2725 4652 2994 4720 δοξολογεί
3040 4652 3109 4704 τὰ
3153 4652 3423 4722 Σεραφίμ.
3481 4651 3790 4716 Δοξάξονται

2158 4706 2203 4761 D
2230 4706 2340 4815 γὰρ
2372 4706 2719 4815 οὐχιῆκιστα,
2746 4706 2815 4815 ei).
2836 4706 3017 4815 Μητρὶ
3037 4746 3135 4813 τῆς
3159 4706 3321 4813 δόξης
3341 4706 3437 4813 ⁸τὴν
3468 4706 3792 4811 δόξαεθῖπροσ·

2232 4836 2505 4906 νέμοντες.
2547 4837 2793 4907 Σήμερον
2849 4838 2881 4906 ἠ
2929 4836 3194 4906 ἱερωτάτη
3236 4836 3541 4905 περιστερὰ
3577 4836 3646 4904 ,ή
3674 4833 3791 4885 ἁκε-

552 4936 783 5005 simplex
838 4945 1001 5004 atque
1060 4935 1322 4987 innocens
1392 4933 1609 4996 anima,
1660 4932 1841 4985 divino
1901 4931 2127 5002 Spiritui

2238 4928 2367 4997 ραία
2399 4929 2496 4981 καὶ
2548 4929 2752 4989 ἄκακος
2783 4928 2931 4997 ψυχὴ
2956 4967 2971 4988 .
3004 4928 3099 4980 καὶ
3142 4926 3218 4996 τῷ
3249 4926 3376 4997 θείῳ
3425 4924 3791 4995 καθιερωμένη

552 5034 894 5091 consecrata,
928 5040 991 5078 ex
1021 5038 1168 5086 arca,
1196 5039 1259 5077 eo
1290 5022 1500 5077 scilicet
1528 5037 1755 5091 corpore
1780 5022 1923 5093 quod
1962 5023 2128 5078 Deum

2233 5020 2537 5091 Πνεύματι,
2562 5020 2812 5072 ὲκπτᾶσα
2838 5022 2935 5089 τῆς
2962 5017 3220 5085 κιϐωτοῦ,
3251 5018 3347 5071 τοῦ
3367 5018 3616 5088 θεοδόχου
3642 5013 3789 5084 φημὶ.

555 5118 815 5185 suscepit,
867 5126 922 5169 et
970 5116 1092 5169 vitae
1139 5114 1352 5167 initium
1403 5114 1570 5176 dedit,
1618 5115 1862 5177 evolaus,
1910 5114 2131 5181 pedibus

2237 5113 2333 5166 καὶ
2378 5112 2688 5183 ζωαρχικοῦ
2725 5112 2997 5181 σώματος,
3033 5105 3194 5180 εὗρεν
3221 5110 3528 5164 ἀνάπαυσιν
3572 5110 3679 5169 τοῖς
3707 5121 3792 5156 πο·

555 5208 668 5262 suis
714 5208 958 5276 requiem
1008 5207 1236 5271 invenit,
1286 5207 1353 5260 ad
1389 5210 1643 5259 mundum
1686 5208 1830 5274 quod
1862 5206 2131 5261 intellectu

2242 5205 2325 5257 c‘tv
2358 5204 2527 5273 αὐτῆς
2555 5244 2571 5269 ,
2607 5203 2743 5274 πρὸς
2769 5205 2859 5257 τὸν
2897 5202 3088 5272 νοητὸν
3127 5201 3333 5273 κόσμον
3387 5202 3648 5269 ἀπάρασα
3671 5240 3683 5263 ,
3713 5196 3790 5251 καὶ

2246 5400 2368 5439 cum
2419 5386 2483 5437 de
2532 5384 2750 5439 Christo
2797 5383 3118 5453 loquuntur,
3158 5381 3440 5453 σάρκωσιν
3479 5380 3697 5453 dicunt,_
3726 5374 3792 5453 ita

2246 5456 2408 5508 etiam
2434 5456 2533 5524 τῆς
2569 5453 2769 5523 σαρκὸς
2795 5446 2993 5505 θέωσιν
3022 5461 3079 5507 et
3109 5446 3342 5522 λόγωσιν
3368 5467 3381 5480 ·
3414 5451 3555 5522 quod
3594 5447 3699 5519 pari
3723 5446 3788 5498 la-

2247 5524 2450 5579 cilitate
2474 5524 2787 5593 exprimere
2816 5532 3109 5593 nequeunt.

2342 5592 2432 5663 27)
2466 5592 2531 5647 ll.
2554 5592 2856 5663 ἐγκώμιον.

2344 5664 2434 5730 28)
2464 5664 2527 5717 R.
2556 5664 2943 5733 παραγένεται.

2344 5736 2433 5805 29)
2466 5733 2530 5790 li.
2568 5735 2592 5789 1
2630 5730 2815 5792 Germ.
2849 5731 2997 5806 αὐτῷ
3029 5730 3269 5802 ἄγγελοι.

650 5385 741 5454 25)
772 5387 835 5439 R.
865 5387 887 5438 l
922 5386 1105 5440 Germ.
1138 5397 1192 5441 et
1220 5385 1374 5441 Culb.
1415 5384 1847 5454 μελιηδέστατον.

652 5454 742 5519 24)
780 5456 844 5508 R.
880 5458 903 5508 1
938 5456 1187 5519 εὐανθές.

577 5583 580 5587 ,
631 5524 746 5594 (25)
772 5525 837 5579 R.
868 5527 891 5577 1
924 5526 1046 5594 τήν.

635 5597 745 5665 (26)
775 5596 838 5648 Β.
869 5596 893 5649 1
922 5593 1107 5651 Germ.
1161 5596 1373 5665 ἄγονον.
1422 5595 1573 5665 Quod
1602 5595 1848 5664 sequitur
1898 5593 2138 5661 λόγωσον

567 5664 848 5735 facundam
876 5666 1086 5720 reddas.
1116 5666 1313 5731 Grznci,
1340 5666 1511 5735 inquit
1555 5664 1762 5735 Billius,
1790 5665 1840 5717 in
1880 5666 2141 5733 ﬁngendis

565 5734 844 5792 vocabulis
874 5736 1008 5790 nihil
1032 5752 1137 5793 non
1156 5736 1259 5792 sibi
1292 5734 1636 5805 permittunt.
1665 5734 1889 5805 Latinis,
1922 5745 1979 5786 ut
2018 5748 2139 5787 cum

570 5805 811 5863 Martiale
837 5806 1048 5878 loquar,
1098 5821 1203 5862 non
1238 5804 1347 5861 tam
1388 5806 1513 5861 licet
1550 5819 1672 5860 esse
1706 5804 1944 5859 disertis.
1975 5805 2050 5857 Ac
2085 5810 2143 5855 ut
