4046 6384
201 415 296 476 725

992 428 1322 487 HOMlLlA
1364 431 1420 486 Il
1463 433 1537 488 1N
1585 428 2131 487 DUl’tMl-TIONEM
2164 429 2228 487 B.
2261 429 2327 490 V.
2364 426 2648 488 MARI/E.

3357 415 3460 476 7'26

194 545 248 594 ἐν
275 542 338 611 τῇ
372 540 584 610 ὰσπῦιῳ
613 541 684 610 γῇ
726 541 824 610 τῆς
873 539 986 594 ἅνω
1020 532 1356 614 κληρουχίας
1407 529 1762 612 σκηνώσασα.

1880 545 2234 611 cognoscitur,
2280 541 2544 612 profecta,
2592 538 2683 596 ubi
2717 539 2770 594 in
2819 546 2963 594 terra
3011 551 3258 608 supernae
3291 537 3460 591 haere-

195 633 491 702 Σήμερονή
539 631 698 701 Ἐδὲμ
729 630 824 684 τοῦ
876 631 997 685 νέου
1047 633 1220 704 Ἀδὰμ
1262 633 1352 686 τὸν
1389 634 1502 706 (50)
1548 632 1767 702 λογικὸν

196 725 519 796 παράδεισον
553 723 896 795 ὑποδέχεται,
923 727 981 778 ὲν
1002 719 1046 794 ᾧ
1079 725 1141 778 τὸ
1168 725 1489 797 κατάκριμα
1523 725 1764 794 λέλυται,

195 819 247 870 ἐν
347 816 407 869 τὸ
447 817 546 887 τῆς
590 815 735 888 ζωῆς
781 817 944 884 ξύλον
982 817 1346 888 πεφύτευται,
1388 821 1444 872 ὲν
1473 814 1518 887 ᾧ
1550 819 1584 890 ή
1626 821 1765 890 ήμε-

195 909 316 978 τέρα
371 909 764 979 περιεσταλται
823 911 1126 981 γύμνωσις.
1183 907 1380 965 Οὐκέτι
1439 912 1547 983 γὰρ
1606 913 1770 983 ἡμεῖς

194 999 381 1070 γυμνοὶ
407 1001 504 1053 καὶ
533 1001 840 1072 άνείμονες,
871 1003 968 1055 καὶ
1000 1001 1100 1072 τῆς
1127 1001 1278 1066 θείας
1309 1002 1518 1065 εἰκόνος
1557 1001 1632 1074 μὴ
1660 1001 1760 1071 φέ-

196 1108 372 1164 ροντες
421 1092 515 1146 τὸν
561 1091 926 1164 λαμπρότητα
956 1106 970 1121 '
1023 1093 1119 1147 καὶ
1169 1093 1270 1165 τὴν
1308 1095 1542 1164 ἄφθονον
1597 1093 1763 1164 χάριν

197 1182 547 1252 σεσυλημένοι
605 1183 700 1237 τοῦ
751 1184 1099 1257 Πνεύματος,
1133 1185 1317 1240 οὐκέτι
1378 1186 1478 1258 τὴν
1531 1186 1769 1240 παλαιὰν

195 1271 596 1344 τραγῳδοῦντες
635 1273 916 1345 γύμνωσιν
967 1274 1235 1346 λέξομενο
1288 1274 1629 1347 ἐξεδυσάμην
1676 1275 1768 1329 τὸν

195 1367 392 1438 χιτῶνά
417 1385 522 1438 μου
547 1410 561 1432 ,
592 1369 709 1433 πῶς
731 1369 1026 1441 ἐνδύσομαι
1075 1369 1237 1423 αὐτόν
1262 1386 1276 1435 ;
1305 1371 1362 1423 ὲν
1401 1369 1576 1440 τούτῳ
1605 1369 1712 1439 γάρ
1737 1368 1765 1418 ὁ

195 1461 309 1526 opt;
361 1459 462 1512 οὐκ
501 1459 627 1531 ἔσχε
674 1460 1048 1532 παρείσδυσιν,
1105 1458 1163 1516 οῦ
1217 1462 1317 1533 τῆς
1375 1461 1607 1532 ψευδοῦς
1644 1462 1768 1532 ὀρε-

196 1552 406 1624 χθέντες
440 1552 694 1618 θεὼσεως
724 1595 742 1623 ,
776 1556 891 1619 τοῖς
937 1555 1187 1626 ἀνοήτοις
1226 1554 1769 1628 συμπαρεϐλήθημεν

196 1644 462 1715 κτήνεσιν.
507 1646 681 1710 Αὐτὸς
713 1645 824 1718 γὰρ
853 1647 882 1698 ὁ
925 1646 1020 1700 τοῦ
1063 1647 1196 1702 Θεοῦ
1257 1646 1558 1720 μονογενὴς
1612 1646 1767 1710 Υἱδςο

197 1736 320 1800 Θεὸς
362 1737 469 1804 ὢν,
502 1739 596 1792 καὶ
641 1739 720 1810 τῷ
753 1741 930 1812 Πατρὶ
971 1742 1288 1813 ὁμοούσιος,
1323 1744 1388 1796 ἐκ
1418 1741 1624 1813 ταύτης
1670 1740 1770 1811 τῆς

204 1828 475 1900 Παρθένου
500 1833 592 1885 καὶ
622 1832 872 1904 καθαρᾶς
897 1835 1139 1905 ἀρούρας
1171 1835 1365 1888 ἑαυτὸν
1390 1833 1768 1906 πεπλαστούρο

1879 635 2068 690 ditatis
2113 634 2244 690 nulli
2295 633 2571 706 spurcitiei
2604 631 2839 686 obnoxia
2889 631 3046 685 sedes
3094 628 3232 682 fixit.
3285 628 3456 683 Hodie

1877 725 2068 793 Edent,
2103 726 2226 782 novi
2261 726 2432 781 Adam
2483 723 2809 779 rationalem
2857 721 3164 792 paradisum
3208 720 3455 789 suscipit,

1877 817 1928 872 in
1963 832 2072 886 quo
2112 817 2289 872 soluta
2325 825 2409 872 est
2458 813 2860 878 condemnatio,
2914 811 2967 866 in
3015 827 3122 880 quo
3156 811 3460 881 plantatum

1875 917 1957 962 est
1998 907 2200 977 lignum
2227 907 2371 972 vitae,
2397 907 2450 962 in
2487 913 2809 976 quo‘operta
2856 901 2959 956 fuit
2992 910 3176 955 nostra
3218 899 3460 955 nuditas.

1875 998 1992 1053 Non
2023 999 2167 1054 enim
2200 997 2434 1068 amplius
2480 1011 2670 1052 sumus
2714 995 2862 1060 nudi,
2894 995 2966 1062 |(et
2998 992 3238 1047 vestibus
3271 1005 3463 1045 caren-

1877 1100 1980 1156 tes,
2023 1099 2276 1160 tanquam
2324 1089 2522 1143 divinae
2571 1087 2822 1157 imaginis
2856 1085 3147 1156 Splendore
3193 1083 3458 1147 destituti,

1877 1184 2259 1252 uberrimaque
2307 1180 2543 1251 Spiritus
2581 1179 2754 1250 gratia
2791 1175 3026 1246 spoliati.
3074 1172 3192 1230 Non
3217 1175 3330 1243 jam
3369 1188 3463 1228 ve-

1878 1285 2046 1330 terem
2091 1275 2389 1329 nuditatem
2429 1271 2772 1341 deplorantes
2820 1268 3066 1323 dicemus
3101 1285 3114 1322 :
3149 1265 3461 1334 Exspatiari

1877 1383 1958 1420 me
2007 1366 2187 1418 tunica
2237 1380 2372 1432 mea,
2428 1359 2689 1432 quomodo
2739 1375 2800 1412 ea
2853 1355 3154 1411 induar“?
3210 1356 3268 1411 In
3316 1356 3462 1410 hunc

1875 1457 2036 1512 enim
2059 1456 2370 1525 paradisum
2402 1453 2638 1524 serpenti
2684 1453 2860 1507 aditus
2898 1450 3094 1521 patuit,
3127 1447 3280 1516 cujus
3308 1445 3461 1501 falsa:

1875 1546 2176 1602 divinitatis
2232 1544 2528 1613 cupiditate
2575 1542 2911 1614 ﬂagrantes,
2960 1539 3222 1610 iumentis
3272 1551 3461 1593 sumus

1877 1640 2173 1708 comparati
2197 1638 2263 1692 "’.
2298 1638 2418 1708 lpse
2457 1637 2600 1691 enim
2634 1634 2939 1705 unigenitus
2971 1632 3064 1688 Dei
3110 1631 3303 1698 Filius,
3335 1646 3459 1686 cum

1876 1729 2021 1784 Deus
2051 1739 2192 1785 esset
2219 1728 2575 1798 ejusdemque
2608 1741 2674 1781 ac
2699 1725 2860 1780 Pater
2889 1724 3230 1791 substantiae,
3259 1737 3328 1778 ex
3357 1721 3463 1777 hac

1884 1821 2103 1893 Virgine
2132 1837 2195 1876 ac
2226 1836 2358 1892 pura
2395 1831 2540 1876 terra
2578 1819 2814 1889 seipsum
2857 1817 2909 1872 iu
2951 1816 3226 1872 hominem
3255 1814 3462 1869 forma-

199 1935 354 1990 γηκεν
390 1921 703 1995 ἄνθρωπον.
740 1924 852 1978 Καὶ
897 1926 1172 1996 τεθέωμαι
1202 1925 1299 1997 μὲν
1328 1927 1356 1980 ὁ
1394 1925 1713 1998 ἄνθρωπος,
1744 1927 1772 1978 ὁ

1880 1914 1995 1970 vit:
2028 1922 2189 1985 atque
2228 1928 2329 1983 ego
2358 1911 2597 1982 quidem,
2643 1913 2735 1982 qui
2783 1912 2946 1966 homo
2993 1907 3461 1973 eram,'deitatem

201 2011 382 2082 θνητὸς
407 2013 802 2086 ήθανάτισμαι,
844 2017 938 2070 καὶ
981 2019 1108 2082 τοὺς
1131 2017 1492 2088 δερματίνους
1540 2015 1775 2088 χιτῶνας

202 2105 499 2177 ὲνδέδυμαι.
531 2109 642 2180 Τὴν
675 2111 783 2182 γὰρ
824 2111 1033 2184 φθορὰν
1068 2113 1489 2183 άπημιρίασμαι,
1525 2111 1774 2184 περίκειο

203 2217 290 2267 μαι
313 2202 378 2268 τῇ
409 2201 674 2272 περιϐολῇ
703 2205 802 2274 τῆς
840 2204 1116 2278 θεότητος.
1152 2206 1402 2278 Σήμερον
1431 2206 1464 2276 ἠ
1499 2203 1776 2274 Παρθένος

208 2293 237 2360 ή
277 2290 580 2362 ἄχραντος,
623 2295 718 2347 καὶ
762 2296 974 2366 γηῖνοις
1025 2296 1100 2368 μὴ
1156 2297 1267 2368 (51)
1323 2296 1776 2367 προσομιλήσασα

207 2381 411 2446 πάθεσι,
446 2382 568 2437 ἀλλ’
598 2385 869 2455 οὐρανίοις
897 2386 1228 2456 ἐντραφείσα
1262 2388 1546 2458 νοήμασιν,
1573 2387 1674 2438 οὐκ
1695 2387 1776 2450 είς

202 2475 294 2542 γῆν
323 2473 686 2546 ἀπελήλυθεν,
722 2476 838 2530 ἀλλ’
872 2477 1115 2548 ἔμψυχος
1146 2477 1317 2542 ὅντως
1366 2477 1593 2549 οὐρανὸς
1643 2495 1777 2549 χρη·

206 2563 465 2631 ματίσασα
498 2605 516 2630 ,
559 2569 682 2630 ταῖς
716 2569 992 2638 οὐρανίαις
1033 2571 1258 2638 σκηναῖς
1297 2569 1641 2635 ἐνοικίζεται.
1683 2569 1778 2633 Τίς

205 2655 303 2726 γὰρ
338 2655 549 2726 ταύτην
576 2658 805 2729 οὐρανὸν
831 2659 1010 2712 καλῶν
1039 2659 1308 2731 τάληθοῦς
1347 2660 1728 2731 ἁμαρτήσεται
1761 2703 1773 2727 ,

209 2747 251 2797 εἰ
287 2745 357 2815 μή
391 2745 498 2799 πού
533 2764 618 2810 τις
653 2748 843 2818 φήσειε
878 2746 1060 2810 καλῶς
1109 2748 1474 2816 ἐπιστάμενος
1497 2787 1509 2810 ,
1542 2749 1638 2800 καὶ
1668 2748 1776 2802 τῶν

205 2837 433 2908 οὐρανῶν
463 2839 640 2910 αὐτὴν
664 2839 1016 2910 άσυγκρίτοις
1041 2839 1334 2908 ὑπεροχαῖς
1355 2838 1774 2910 ὐπεραίρεσθαι.

215 2929 267 2981 '0
296 2931 399 3000 γάρ
426 2930 545 2984 τῶν
592 2931 838 3003 οὐρανῶν
866 2932 1210 3004 Δημιουργός
1245 2948 1306 2984 τε
1342 2931 1437 2985 καὶ
1479 2932 1771 3002 Συνοχεύς,

205 3023 288 3075 καὶ
325 3023 529 3087 παντὸς
560 3023 857 3094 ὲγκοσμίου
891 3041 949 3076 τε
999 3025 1095 3078 καὶ
1137 3023 1543 3095 ὑπερκοσμίου,
1579 3022 1776 3096 ὁρατοῦ

204 3131 257 3167 τε
285 3116 374 3168 καὶ
405 3116 646 3186 ἀοράτου
668 3115 922 3187 τεχνίτης
955 3115 1446 3187 δημιουργήματος
1472 3156 1486 3177 .
1515 3108 1578 3170 οὗ
1608 3114 1774 3178 τόπος

205 3206 366 3272 οὐδεὶς
391 3207 506 3278 (52)
539 3209 647 3261 τῶν
672 3209 889 3262 πάντων
916 3203 1076 3260 εἶναι’
1107 3207 1267 3279 εἴπερ
1295 3207 1356 3260 τὸ
1381 3207 1642 3278 περιέχον
1671 3207 1778 3260 τῶν

210 3298 423 3352 ἐνόντων
447 3299 618 3363 τόπος
646 3299 921 3371 ὁρίζεται·
949 3300 1008 3352 ὲν
1033 3301 1210 3373 ταύτῃ
1235 3299 1370 3372 πρὸς
1392 3299 1590 3354 ἑαυτοῦ
1615 3298 1783 3353 ἀσπό-

216 3408 313 3460 pm;
361 3390 565 3463 βρέφος
607 3391 1107 3463 δεδημιούργηται,
1151 3391 1249 3445 καὶ
1294 3390 1499 3461 ταύτην
1553 3392 1782 3461 ταμεῖον

209 3483 505 3555 εὐρύχωρον
547 3483 752 3554 δέδειχε
785 3483 884 3554 τῆς
927 3482 996 3537 τὰ
1024 3483 1200 3537 πάντα
1249 3481 1567 3554 πληρούσης
1617 3481 1780 3536 αὐτοῦ

211 3577 296 3629 καὶ
337 3576 929 3648 μόνης-ἀπεριγράφου
983 3574 1239 3646 θεότητος
1261 3616 1276 3639 ,
1307 3575 1427 3638 ὅλος
1457 3573 1686 3638 ἀπαθῶς
1723 3575 1784 3628 ὲν

209 3665 330 3738 αὐτῇ
358 3665 788 3736 συστελλόμενος
816 3704 832 3730 ,
864 3664 961 3718 καὶ
992 3664 1168 3733 μένων
1193 3664 1314 3729 ὅλος
1344 3665 1507 3728 ἐκτὸς
1526 3704 1540 3730 ,
1574 3664 1668 3719 καὶ
1690 3663 1780 3717 τό·

210 3772 299 3810 πον
325 3755 460 3828 ἔχων
487 3756 604 3827 (55)
645 3755 842 3814 ἑαυτοῦ
889 3755 1282 3826 ἀπερίληπτον.
1328 3756 1580 3827 Σήμερον
1608 3755 1638 3809 ὁ
1679 3754 1781 3826 τῆς

210 3847 339 3919 ζωῆς
373 3848 750 3920 Θησαυρδς,-ή
795 3849 896 3919 τῆς
929 3849 1152 3922 χάριτος
1200 3847 1474 3912 ἄϐυσσος·
1530 3848 1632 3902 οὐκ
1679 3843 1782 3902 οἶδ’

209 3941 344 4005 ὅπως
387 3943 688 4013 τολμηροῖς
727 3942 822 3996 καὶ
854 3942 1117 4014 άτρόμοις
1160 3941 1326 4012 φάναι
1379 3943 1493 4004 τοῖς
1525 3940 1733 4011 χείλεσι
1760 3953 1774 3969 ο

211 4032 407 4105 θανάτῳ
430 4032 704 4105 ζωηφόρῳ
725 4033 1083 4099 καλύπτεται,
1117 4035 1212 4088 καὶ
1236 4031 1410 4103 τούτῳ
1432 4032 1776 4104 ἀδειμάντως

212 4122 474 4193 πρόσεισιν
501 4124 536 4194 ή
569 4123 760 4176 τούτου
805 4122 1117 4193 καταλύτην
1149 4123 1402 4192 κυήσασα
1425 4161 1439 4186 ,
1470 4122 1517 4173 εί
1567 4120 1661 4174 καὶ
1689 4119 1784 4173 Θά-

211 4230 354 4266 νατον
383 4214 829 4287 προσαγορεῦσαι
861 4214 1038 4286 χρεὼν
1071 4217 1169 4285 τὴν
1196 4213 1367 4284 αὐτῆς
1404 4212 1663 4283 πανίερον
1688 4211 1782 4265 καὶ

212 4305 432 4377 ζωτικὴν
466 4305 792 4362 ἀποὸίωσιν.
845 4308 911 4360 Ἡ
965 4307 1075 4377 γὰρ
1113 4309 1229 4368 τοῖς
1279 4309 1413 4359 πᾶσι
1465 4305 1564 4376 τὴν
1612 4303 1782 4367 ὅντως

211 4395 341 4468 ζωὴν
388 4397 768 4461 άναϐλύσασα,
822 4397 940 4462 πῶς
969 4399 1188 4468 θανάτῳ
1218 4397 1415 4466 γένοιτ’
1447 4397 1512 4450 ἂν
1555 4395 1783 4466 ὑποχεί-

214 4502 340 4556 ριος’
363 4487 476 4542 ἀλλ’
503 4489 644 4542 εἴκει
672 4488 750 4559 τῷ
783 4487 875 4542 τοῦ
901 4489 1104 4542 οἰκείου
1132 4490 1290 4542 τόκου
1316 4487 1778 4560 θεσμοθετήματι,

1878 2006 2087 2077 accepi,
2125 2015 2180 2062 et
2222 2005 2312 2074 qui
2363 2004 2610 2060 mortalis
2656 2018 2829 2069 eram,
2882 2001 3292 2057 immortalitate
3341 2013 3462 2054 sum

1877 2098 2134 2161 donatus,
2179 2095 2542 2165 pelliceasque
2587 2093 2796 2148 tunicas
2839 2091 2964 2146 exui
2995 2108 3008 2146 :
3035 2088 3244 2158 abiecta
3288 2087 3460 2157 siqui-

1877 2188 1999 2243 dem
2036 2187 2402 2257 corruptione,
2440 2184 2846 2254 incorruptione
2880 2182 3099 2238 indutus
3125 2193 3269 2244 sum,
3307 2192 3463 2233 acce-

1880 2289 1971 2351 pto
2003 2277 2364 2334 deificationis
2409 2276 2808 2346 integumento.
2858 2271 3030 2328 Hodie
3063 2270 3228 2340 Virgo
3270 2269 3464 2323 immaa

1880 2374 2082 2439 culata,
2115 2387 2234 2441 quae
2268 2370 2403 2426 nihil
2439 2379 2779 2425 terrenarum
2821 2364 3170 2420 alfectionum
3218 2360 3461 2424 admisit,

1879 2467 1973 2522 sed
2007 2464 2325 2520 coelestibus
2355 2461 2590 2516 enutrita
2617 2458 3055 2530 cogitationibus,
3107 2469 3216 2509 non
3265 2453 3317 2507 iu
3356 2463 3464 2506 ter-

1879 2574 1995 2614 ram
2033 2571 2246 2610 reversa
2280 2565 2396 2621 est;
2434 2562 2488 2607 at
2511 2569 2632 2607 cum
2664 2566 2790 2606 vere
2836 2549 3031 2604 cwlum
3069 2555 3215 2603 esset
3255 2546 3465 2600 aninm-

1883 2660 2016 2715 tum,
2073 2648 2126 2703 in
2180 2646 2492 2702 cwlestibus
2545 2640 2906 2697 tabernaculis
2962 2639 3274 2694 collocatur.
3325 2635 3460 2702 Quis

1878 2740 2022 2793 enim
2065 2753 2183 2792 eam
2233 2735 2428 2791 cmlum
2482 2733 2758 2804 appellans
2806 2746 2835 2785 a
2879 2743 3008 2785 vero
3053 2730 3301 2792 aberret,
3361 2727 3461 2778 nisi

1879 2834 2001 2903 quis
2042 2847 2156 2886 rem
2193 2840 2339 2884 recte
2385 2827 2720 2898 intelligens,
2757 2839 2876 2879 eam
2919 2821 3072 2877 coelis
3116 2835 3335 2889 quoque
3386 2821 3466 2872 iu-

1879 2921 2224 2994 comparabili
2275 2919 2758 2992 prmeellentiarum
2804 2929 3024 2971 suarum
3079 2912 3237 2966 modo
3299 2926 3461 2979 supe-

1881 3017 2079 3070 riorem
2129 3027 2248 3068 esse
2289 3013 2454 3067 dicat.
2508 3009 2642 3064 Nam
2697 3009 2788 3078 qui
2842 3007 3013 3062 corios
3063 3004 3350 3058 fabricavit
3406 3010 3462 3056 et

1879 3107 2144 3168 continet,
2209 3103 2299 3173 qui
2347 3118 2526 3157 rerum
2573 3099 2814 3152 omnium
2865 3097 3217 3152 comliturum‘
3241 3101 3325 3148 est
3374 3109 3464 3146 ar-

1886 3195 2012 3251 tifex
2047 3195 2214 3266 870
2251 3205 2359 3247 tam
2390 3191 2806 3255 mundauarum,
2841 3204 3004 3258 quam
3054 3187 3254 3240 mundo
3293 3184 3466 3238 subli-

1885 3286 2138 3352 miorutu,
2187 3285 2301 3340 sive
2345 3285 2400 3338 in
2433 3293 2709 3351 aspectum
2762 3280 2980 3344 cadant,
3025 3281 3138 3332 sive
3185 3286 3463 3346 aspectum

1883 3377 2111 3448 fugiant,
2141 3378 2292 3443 cujus
2331 3374 2491 3430 modo
2523 3387 2782 3442 nusquam
2827 3370 2976 3425 locus
3006 3377 3087 3422 est
3143 3366 3211 3434 (si
3244 3367 3295 3420 id
3321 3365 3464 3434 quod

1884 3470 2148 3534 continet,
2179 3482 2367 3523 eorum
2398 3481 2518 3536 qua:
2568 3466 2711 3520 intra
2752 3471 2878 3518 sunt
2911 3461 3063 3516 locus
3115 3473 3240 3514 esse
3281 3457 3470 3512 defini-

1887 3561 2020 3634 tur),
2059 3562 2112 3616 in
2142 3575 2204 3616 ea
2229 3560 2583 3628 semetipsum
2619 3555 2883 3611 infantem
2915 3555 3034 3609 sine
3064 3551 3270 3608 semine
3295 3547 3468 3603 fabri-

1885 3656 2046 3722 cavit,
2079 3667 2308 3724 eamque
2351 3652 2486 3707 adeo
2532 3648 2832 3720 speciosum
2878 3646 3054 3701 unice
3101 3642 3318 3698 deitatis
3357 3655 3468 3696 sua:

1883 3748 2067 3804 omnia
2120 3742 2533 3812 complectentis
2587 3737 3018 3812 promptuarium
3068 3733 3271 3800 effecit,
3324 3740 3470 3787 totus

1885 3841 2025 3896 citra
2053 3839 2363 3910 passionem
2413 3835 2576 3889 ullam
2630 3833 2683 3887 in
2727 3831 2844 3900 ipsa
2889 3828 3168 3892 collectus,
3217 3833 3271 3880 et
3326 3833 3470 3878 totus

1884 3939 2039 3987 extra
2073 3943 2319 3996 manens,
2355 3940 2522 3997 seque
2566 3924 2684 3995 ipse
2728 3923 2907 3978 locum
2953 3917 3468 3987 incompreheusum

1885 4025 2115 4078 habens.
2188 4020 2359 4076 llodie
2421 4019 2545 4074 vitae
2607 4018 2936 4078 thesaurus,
2992 4011 3180 4080 gratim
3239 4008 3470 4080 abyssus

1885 4114 2092 4184 (nescio
2123 4126 2230 4181 quo
2258 4119 2417 4180 pacto
2458 4105 2864 4174 audacibusque
2890 4101 3133 4169 nihilque
3155 4096 3472 4166 trepidanti-

1883 4205 1985 4261 bus
2019 4203 2178 4258 labiis
2216 4202 2266 4258 id
2293 4198 2538 4271 etl‘eram)
2580 4197 2792 4252 vivifica
2842 4201 3016 4249 morte
3058 4190 3333 4258 obtegitur
3362 4205 3376 4240 :
3409 4200 3475 4241 ac

1889 4295 2008 4351 sine
2045 4305 2213 4358 metu,
2245 4293 2311 4346 ad
2343 4305 2462 4344 eam
2504 4289 2589 4344 illa
2614 4284 2846 4351 accedit,
2867 4290 2986 4354 qua;
3025 4281 3196 4351 ipsius
3228 4277 3475 4349 profliga-

1886 4397 2058 4444 torem
2106 4391 2414 4455 pepererat,
2457 4381 2614 4435 modo
2665 4389 2847 4433 tamen
2893 4383 3147 4440 mortem,
3183 4384 3475 4425 sacrosan-

1884 4494 2029 4539 ctum
2065 4492 2120 4538 et
2159 4480 2376 4536 vitalem
2412 4477 2528 4551 ejus
2567 4477 2775 4533 obitum
2813 4470 3084 4543 appellare
3117 4470 3298 4524 liceat.
3335 4463 3473 4519 Nam

211 4577 292 4632 ml.
312 4577 382 4642 ὼς
423 4581 672 4650 θυγάτηρ
711 4581 808 4651 μὲν
836 4579 930 4634 τοῦ
967 4580 1138 4634 πάλαι
1178 4581 1350 4649 ’Λδᾶμ
1380 4582 1479 4643 τὰς
1503 4558 1779 4650 πατρικάς

1885 4591 2004 4646 quae
2034 4589 2217 4628 veram
2241 4573 2403 4626 vitam
2433 4569 2640 4624 cunctis
2667 4566 2914 4638 protulit,
2945 4562 3037 4632 qui
3064 4561 3280 4616 tandem
3315 4558 3474 4612 morti

212 4668 420 4734 εὐθύνας
450 4671 824 4743 ὑπερέρχεται
847 4689 861 4704 ο
891 4673 1012 4724 ἐπεὶ
1044 4673 1138 4725 καὶ
1158 4675 1185 4724 ὁ
1210 4672 1414 4742 ταύτης
1442 4671 1590 4736 Υἱὸς,
1625 4673 1656 4742 ὴ
1681 4673 1777 4726 αὐ-

210 4757 370 4831 τοζωὴ
401 4761 607 4824 ταύτας
645 4763 746 4814 οὐκ
778 4763 1096 4834 ἀπηνῄνατο
1126 4778 1140 4791 '
1188 4762 1262 4825 ὡς
1295 4763 1350 4815 δὲ
1401 4762 1538 4815 Θεοῦ
1573 4743 1804 4826 ζῶντος.
1826 4805 1838 4818 .

215 4847 378 4919 μήτηρ
407 4849 717 4921 ὑπάρξασα,
753 4851 890 4923 πρὸς
924 4851 1085 4906 αὐτὸν
1115 4850 1278 4915 ἀξίως
1316 4851 1426 4923 (5i)
1468 4851 1775 4923 μετακομί-

212 4935 368 5000 ζεται.
394 4942 456 4996 Et
478 4941 587 5013 γάρ
617 4943 786 5014 φησὶν
816 4945 844 4997 ὁ
877 4942 1040 5008 Θεὸς,
1070 4943 1314 5009 Μήποτε
1356 4943 1629 5009 ἐκτείνας
1657 4943 1776 5015 τὴν

212 5029 362 5100 χεῖρα
413 5033 599 5088 αὐτοῦ
653 5035 682 5086 ὁ
731 5034 1154 5106 πρωτόπλαστος
1188 5033 1494 5104 ἄνθρωπος,
1544 5033 1777 5086 καὶλοι-

213 5119 318 5174 ϐὼν
341 5123 447 5178 τοῦ
473 5123 664 5188 ξύλου
693 5123 804 5191 τῆς
825 5122 994 5193 ζωῆς,
1020 5124 1117 5177 καὶ
1137 5123 1531 5194 γευσάμενος,
1556 5125 1643 5190 είς
1669 5123 1777 5178 τὸν

214 5210 379 5268 αίῶνα
417 5215 684 5284 ζήσεται,
728 5216 844 5278 πῶς
873 5218 906 5286 ἡ
943 5216 1043 5286 τὴν
1077 5216 1222 5288 ζωὴν
1251 5217 1421 5286 αὐτὴν
1457 5215 1731 5288 δεξαμένη
1759 5258 1774 5281 ,

213 5302 299 5374 τὴν
323 5305 552 5378 ἄναρχὸν
579 5323 639 5359 τε
674 5308 767 5359 καὶ
793 5308 1051 5376 ἄληκτον,
1093 5307 1192 5374 τὴν
1227 5308 1365 5378 μήτε
1390 5307 1590 5380 ἀρχῆς,
1637 5308 1773 5382 μήτε

250 5525 290 5557 ⁸⁸
327 5527 479 5587 Cant.
507 5547 560 5599 v,
593 5533 645 5588 5.
725 5533 766 5564 ⁸⁷
811 5532 1010 5588 Psalm.
1048 5548 1233 5600 xtrttt,
1273 5534 1356 5588 15.

417 5729 569 5801 ςοη).
601 5731 813 5801 νοητόν.

416 5799 595 5881 ρει-μὶ.
613 5798 695 5881 _ct'
709 5802 860 5881 pulli.
875 5802 1129 5881 suos,”
1141 5820 1225 5858 σα.

284 5869 391 5938 {52)
423 5871 484 5927 ll.
511 5873 534 5929 1
568 5871 648 5940 τῷ
675 5871 810 5928 alter
828 5874 906 5927 τό.

1884 4667 2099 4723 subdita
2134 4663 2364 4720 fuisset?
2413 4663 2506 4717 sed
2538 4661 2681 4716 cedit
2720 4658 2822 4728 legi
2853 4657 2921 4710 ab
2947 4671 3012 4713 eo
3047 4654 3168 4709 lata:
3196 4666 3356 4723 quem
3383 4665 3475 4719 ge-

1885 4758 2043 4813 nuit:
2077 4765 2154 4822 et,
2182 4765 2240 4811 ut
2297 4755 2403 4809 [ilia
2451 4754 2650 4807 veteris
2692 4750 2887 4815 Adam,
2930 4756 3211 4817 paternam
3259 4752 3476 4797 senten-

1885 4849 2010 4903 tiam
2057 4848 2222 4903 subit.
2274 4845 2405 4900 Nam
2439 4854 2494 4901 et
2531 4844 2652 4915 ejus
2682 4843 2852 4898 Filius
2914 4840 3005 4911 qui
3054 4839 3160 4892 vita
3209 4836 3324 4906 ipsa
3368 4841 3473 4897 est,

1883 4955 2001 4996 eam
2037 4955 2143 4996 non
2181 4938 2450 4996 recusavit
2483 4953 2498 4993 :
2529 4946 2586 4991 ut
2610 4945 2790 4991 autem
2821 4933 2914 4988 Dei
2947 4929 3178 4985 viventis
3207 4937 3381 4981 mater
3405 4926 3474 4978 ad

1882 5049 2055 5104 ipsum
2099 5033 2295 5089 merito
2343 5029 2688 5085 transfertur.
2747 5025 2881 5080 Nam
2922 5038 3044 5079 cum
3093 5023 3231 5075 Deus
3276 5018 3468 5072 dicat:

1881 5125 1963 5180 Ne
1995 5127 2127 5196 forte
2156 5125 2247 5180 ille
2278 5125 2370 5195 qui
2406 5124 2612 5193 primus
2657 5129 2740 5176 est
2785 5116 3038 5174 conditus
3070 5114 3254 5178 homo,
3297 5111 3473 5164 mittat

1879 5234 2095 5273 manum
2134 5233 2309 5282 suam,
2343 5226 2392 5270 et
2423 5225 2594 5270 sumat
2626 5213 2689 5267 de
2713 5210 2856 5281 ligno
2885 5212 3021 5273 uiue,
3052 5219 3096 5261 et
3127 5204 3388 5268 comedat,
3423 5210 3474 5256 ει

1884 5312 2019 5365 vivat
2070 5310 2124 5363 in
2178 5308 2529 5374 Meritum”;
2576 5322 2685 5377 quo
2736 5313 2894 5377 pacto
2947 5300 3060 5356 fieri
3111 5296 3368 5366 potuerit,
3418 5303 3479 5351 ut

1439 5535 1484 5566 ⁵⁸
1509 5533 1646 5590 Gen.
1685 5549 1765 5598 ιιι,
1796 5534 1885 5590 22.

1966 5730 2077 5799 (53)
2115 5730 2282 5800 llegg.
2321 5727 2532 5800 ἑαυτόν.

1963 5795 2075 5871 (54)
2120 5795 2367 5856 Β.’(Ῐοιι).
2402 5798 2586 5855 Germ.
2617 5795 3028 5868 ἀνακομίζεται.
