4046 6416
648 398 747 460 727

1796 408 1853 465 S.
1895 408 2210 469 JOANNIS
2250 409 2677 474 DAMASCENI
3740 412 3821 474 7:28

633 528 752 582 quae
795 513 1075 583 ipsammet
1122 514 1285 568 vitam
1337 513 1747 583 sempiternam,
1801 531 1899 570 nec
1961 518 2203 572 desinen-

2307 520 2487 585 τέλους
2522 523 2879 577 δουλεύουσαν
2912 521 3164 593 πέρασιν,
3206 522 3308 574 οὑκ
3330 522 3409 587 είς
3444 519 3610 576 αἰῶνα
3635 523 3820 596 ζήσεται

635 614 765 665 tem,
795 601 1023 657 nullisve
1056 602 1191 656 initii
1228 618 1291 657 ac
1317 602 1439 657 finis
1482 602 1726 657 terminis
1759 606 2047 662 obnoxiam
2081 622 2202 661 sus-

634 695 794 761 cepit,
829 708 936 747 non
965 695 1016 748 in
1048 694 1311 749 infinitum
1356 710 1527 749 :evum
1561 695 1762 750 victura
1788 697 1893 751 sit?

700 783 759 840 5.
798 782 936 839 Olim
971 787 1220 854 equidem
1265 786 1413 841 Deus
1460 787 1706 844 mortalis
1754 802 1819 842 ac
1852 789 2065 858 generis
2095 790 2205 858 pri-

635 889 752 930 mos
783 886 1017 943 satores,
1050 895 1171 933 cum
1212 894 1271 933 se
1303 880 1677 935 inobedientiaa
1705 896 1851 936 mero
1883 884 2203 954 ingurgitas-

635 977 776 1034 seut,
829 979 884 1024 et
938 984 1035 1039 per
1079 970 1527 1041 transgressionis
1583 972 1948 1027 temulentiam
2001 974 2201 1027 dormi-

632 1066 780 1112 tante
823 1060 1018 1114 mentis
1047 1059 1229 1123 oculo,
1269 1061 1476 1129 peccati
1520 1062 1737 1129 crapula
1782 1064 1861 1118 sic
1898 1062 2073 1121 allecti
2113 1078 2201 1117 cs-

633 1158 773 1213 sent,
800 1159 858 1204 ut
892 1150 1168 1219 Oppressis
1193 1150 1356 1205 animi
1388 1151 1678 1207 luminibus
1705 1153 1983 1210 mortifero
2010 1170 2204 1211 somno

636 1223 982 1307 tenerentur',
1029 1257 1059 1297 e
1110 1242 1360 1311 paradiso
1407 1244 1549 1298 Eden
1592 1244 1975 1301 exterminavit
2018 1262 2205 1302 :nunc

632 1346 762 1387 vero
799 1332 945 1385 illam
973 1348 1092 1401 qua:
1125 1334 1240 1388 vitii
1273 1335 1450 1389 omnis
1490 1335 1743 1405 impetum
1781 1338 2039 1403 excussit,
2082 1338 2203 1392 Dei-

634 1436 740 1493 que
775 1432 830 1477 et
861 1421 1034 1486 Patris
1066 1423 1385 1478 obedientia:
1418 1440 1636 1489 germen
1679 1426 1952 1494 produxit,
1988 1438 2043 1480 et
2082 1427 2202 1481 uni-

636 1529 793 1570 verso
826 1517 1126 1569 mortalium
1159 1518 1341 1587 generi
1386 1519 1548 1571 vitam
1594 1518 1887 1585 inchoavit,
1921 1520 2204 1589 paradisus

638 1622 741 1661 non
774 1608 1088 1675 exceperit?
1128 1623 1306 1663 annon
1344 1610 1545 1663 coelum
1579 1610 1722 1666 fores
1753 1627 1880 1675 suas
1910 1614 2205 1667 reserabit?

636 1700 858 1754 omnino
899 1714 1045 1754 sane.
1097 1700 1206 1755 Eva
1251 1701 1518 1768 siquidem
1568 1718 1686 1771 qua:
1720 1704 1984 1770 serpentis
2019 1705 2205 1759 nuntio

638 1804 797 1844 aures
837 1791 1084 1860 prtebuit,
1115 1792 1393 1862 hostisque
1440 1796 1831 1865 suggestionem
1861 1797 2200 1861 auscultavit,

638 1897 798 1936 sensu
840 1898 938 1937 suo
965 1897 1060 1951 per
1092 1880 1241 1937 falsa:
1282 1899 1345 1938 ac
1375 1885 1582 1941 fallacis
1610 1887 1902 1955 voluptatis
1942 1890 2204 1943 assultum

639 1973 885 2038 delinito,
918 1975 1168 2031 maeroris
1199 1985 1253 2030 et
1289 1977 1523 2032 tristitiae
1552 1980 1881 2033 sententiam
1918 1980 2119 2047 retulit,
2150 1990 2208 2033 ut

639 2064 851 2119 dolores
875 2074 1061 2133 partus
1093 2067 1409 2134 sustineret,
1437 2078 1491 2123 et
1521 2084 1623 2123 una
1652 2085 1771 2124 cum
1805 2071 2012 2126 Adamo
2039 2081 2209 2127 morte

638 2157 1018 2220 condemnata,
1057 2155 1107 2215 in
1149 2157 1271 2212 imis
1304 2157 1500 2213 inferni
1538 2161 1843 2215 recessibus
1872 2160 2204 2216 collocatur:

640 2245 779 2301 hanc
807 2256 989 2302 autem
1020 2262 1143 2301 vere
1177 2248 1543 2302 beatissimam
1575 2264 1691 2318 qua:
1721 2250 1813 2306 Dei
1850 2251 2014 2305 verbo
2049 2266 2209 2306 aures

637 2339 907 2403 submisit,
939 2347 995 2393 et
1023 2338 1256 2407 Spiritus
1290 2342 1459 2394 sancti
1496 2343 1815 2410 operatione
1849 2343 2064 2411 impleta
2102 2352 2206 2407 est,

642 2440 824 2499 atque,
870 2431 1197 2501 arcbangelo
1237 2444 1540 2502 sequestro,
1581 2435 1645 2487 de
1676 2435 1993 2503 complacito
2031 2434 2209 2489 Patris

638 2536 920 2591 praegnans
960 2522 1171 2587 ell‘ecta,
1228 2540 1475 2594 quaeque
1509 2526 1625 2580 sine
1672 2526 1945 2595 voluptate
1991 2541 2057 2581 ac
2106 2526 2206 2581 viri

638 2626 930 2681 congressu
966 2613 1057 2668 Dei
1100 2613 1260 2669 Verbi
1294 2631 1604 2685 personam,
1639 2618 1794 2686 cujus
1836 2619 2014 2673 omnia
2052 2621 2206 2687 plena

638 2713 785 2766 sunt,
816 2706 1079 2772 concepit,
1107 2720 1170 2759 ac
1198 2721 1294 2773 pro
1322 2722 1406 2771 eo,
1438 2715 1491 2760 ut
1522 2707 1768 2773 decebat,
1788 2711 1904 2763 sine
1935 2708 2208 2763 doloribus

640 2797 864 2865 peperit,
898 2812 1120 2866 quaeque
1156 2806 1325 2853 totam
1362 2814 1544 2853 secum
1596 2799 1706 2853 Deo
1742 2799 2032 2867 copulavit,
2071 2815 2207 2869 quo-

642 2887 802 2943 modo
860 2904 1006 2942 mors
1056 2890 1379 2946 devoraret?
1436 2892 1705 2960 quomodo
1756 2892 1912 2947 inferi
1966 2894 2209 2961 suscipe-

639 2978 796 3031 rent?
831 2980 1100 3046 quomodo
1140 2981 1417 3048 corruptio
1447 2996 1645 3051 corpus
1679 2981 1804 3037 illud
1838 2982 2135 3047 invaderet,
2177 2998 2204 3037 a

640 3082 749 3136 quo
781 3069 884 3122 vita
930 3079 1178 3141 suscepta
1230 3071 1348 3125 est?
1392 3072 1699 3127 Abhorrent
1747 3074 1881 3139 haec,
1920 3073 2204 3144 alienaque

2304 610 2395 661 τὸν
2422 608 2733 679 ἀπέραντον
2758 627 2774 675 ;

2374 786 2441 856 γ’.
2486 787 2663 843 Πάλαι
2709 790 2809 859 μὲν
2832 789 3039 861 Κύριος
3080 792 3108 843 ό
3153 789 3286 854 Θεὸς
3325 791 3452 852 τοὺς
3500 790 3590 843 τοῦ
3622 790 3822 861 βροτείου

2304 877 2497 945 γένους
2531 878 2911 952 κατάρξαντας
2930 922 2944 945 ,
2973 880 3069 933 καὶ
3097 883 3195 951 τῆς
3226 880 3507 949 παρακοῆς
3538 882 3823 953 ἐμφορηθέν-

2303 986 2400 1032 τας
2428 971 2490 1023 τὸ
2520 970 2788 1041 ἄκρατον,
2834 972 2928 1025 καὶ
2958 975 3024 1043 τῇ
3059 971 3200 1044 μέθῃ
3244 973 3345 1041 τῆς
3388 972 3735 1042 παραϐάσεως
3753 976 3823 1027 τὸν

2302 1060 2578 1131 ὀφθαλμὸν
2598 1063 2696 1132 τῆς
2728 1065 2955 1135 καρδίας
2978 1062 3477 1128 ἁπονυστάξαντας,
3506 1065 3599 1118 καὶ
3614 1068 3670 1134 τῇ
3696 1082 3823 1135 κραι-

2304 1152 2451 1225 πάλῃ
2503 1153 2602 1224 τῆς
2657 1155 2935 1224 ἁμαρτίας
2980 1156 3080 1223 τῆς
3124 1155 3365 1217 διανοίας
3424 1154 3741 1225 βαρηθέντας
3774 1159 3825 1210 τά

2303 1239 2551 1311 ὄμματα,
2578 1243 2673 1294 καὶ
2700 1242 3068 1312 κοιμηθέντας
3095 1242 3262 1295 ῦπνον
3307 1244 3387 1306 είς
3411 1242 3654 1307 θάνατον,
3686 1245 3826 1314 ὲξορξ.

2305 1343 2465 1389 στους
2489 1327 2581 1379 τοῦ
2613 1329 2939 1398 παραδείσου
2970 1330 3069 1398 τῆς
3110 1331 3269 1401 Ἐδὲμ
3298 1330 3644 1401 ὲξεπόρευσε.
3672 1334 3765 1386 Νῦν
3782 1336 3825 1387 δὲ

2303 1417 2506 1490 ταύτην
2528 1417 2626 1491 τὴν
2653 1419 2855 1484 πάθους
2886 1421 3085 1484 παντὸς
3114 1420 3551 1491 ὲκτιναξαμένην
3574 1422 3664 1490 τὴν
3690 1441 3826 1493 προσ-

2308 1509 2490 1580 ϐολὴν,
2537 1512 2632 1563 καὶ
2660 1510 2759 1580 τῆς
2787 1509 2884 1565 τοῦ
2915 1511 3050 1565 Θεοῦ
3086 1512 3179 1566 καὶ
3222 1514 3440 1583 Πατρὸς
3467 1513 3697 1581 ὑπακοῆς
3724 1534 3827 1585 προ-

2305 1599 2617 1670 αγαγοῦσαν
2656 1602 2717 1654 τὸ
2751 1602 3038 1673 βλάστημα
3061 1646 3075 1669 ,
3119 1605 3211 1657 καὶ
3254 1608 3353 1677 τῆς
3402 1605 3552 1674 ζωῆς
3589 1606 3730 1657 παντὶ
3768 1609 3827 1677 τῷ

2305 1690 2449 1759 γένει
2480 1692 2828 1763 κατάρξασαν
2849 1731 2864 1758 ,
2900 1694 2961 1746 οὑ
2992 1694 3319 1764 παράδεισος
3356 1695 3719 1761 ὑποδείξεταις
3750 1698 3826 1750 οὐκ

2307 1782 2535 1853 οὐρανὸς
2575 1784 2778 1855 χαίρων
2816 1783 3148 1853 ἀναπετάσει
3183 1785 3283 1847 τὰς
3328 1785 3547 1851 πύλας;
3586 1787 3712 1839 πάνυ
3752 1789 3827 1857 μὲν

2308 1871 2419 1929 οὗν.
2458 1874 2572 1928 Εὑα
2604 1875 2702 1945 μὲν
2745 1874 2851 1945 γὰρ
2886 1874 2984 1945 τὴν
3018 1875 3190 1944 ἀκοὴν
3236 1875 3504 1929 ὑποθεῖσα
3532 1879 3594 1947 τῇ
3639 1878 3826 1949 ἀγγελία

2307 1965 2400 2019 τοῦ
2429 1965 2603 2032 ὄφεως
2624 2004 2639 2029 ,
2663 1965 3054 2019 ἀκουτισθεῖσα
3089 1966 3148 2019 δὲ
3183 1966 3278 2020 τοῦ
3309 1966 3617 2036 δυσμενοῦς
3634 1968 3720 2036 τὴν
3749 1988 3828 2021 πα-

2313 2058 2580 2129 ραίνεσιν,
2607 2058 2702 2111 καὶ
2738 2059 2836 2129 τῆς
2868 2058 3095 2128 ψευδοῦς
3134 2076 3194 2112 τε
3230 2058 3325 2113 καὶ
3365 2059 3647 2130 ἀπατηλῆς
3675 2060 3827 2131 ἡδονῆς

2307 2152 2373 2220 τῇ
2392 2148 2663 2221 προσϐολῇ
2685 2149 2968 2219 θελχθεῖσα
2994 2150 3092 2220 τὴν
3115 2151 3391 2221 αἴσθησιν,
3417 2153 3594 2223 λύπης
3617 2155 3697 2206 καὶ
3708 2154 3827 2218 ἀνίας

2309 2242 2587 2309 ἀπόφασιν
2617 2240 2974 2312 ἀποφέρεται,
3002 2241 3095 2295 καὶ
3121 2242 3295 2296 τόκων
3335 2243 3534 2306 ὠδῖνας
3564 2245 3826 2313 ὑφίσταται,

2310 2332 2404 2385 καὶ
2452 2332 2548 2385 σὺν
2597 2332 2674 2402 τῷ
2741 2331 2913 2400 Ἀδὰμ
2952 2331 3182 2385 θάνατον
3222 2333 3644 2404 κατακρίνεται,
3682 2335 3758 2386 καὶ
3787 2337 3829 2386 ὲν

2310 2421 2439 2491 ᾅδου
2482 2423 2674 2491 μυχοῖς
2717 2419 3113 2484 κατοικίζεται.
3166 2422 3388 2493 Ταύτην
3434 2423 3492 2475 δὲ
3523 2424 3618 2495 τὴν
3658 2423 3830 2491 ἀληθῶς

2309 2512 2799 2583 παμμακάριστον,
2839 2512 2916 2583 τῷ
2943 2513 3037 2567 τοῦ
3073 2513 3208 2567 Θεοῦ
3240 2515 3383 2584 λόγῳ
3424 2516 3525 2587 τὴν
3557 2518 3707 2585 ἀκοὴν
3732 2518 3828 2568 ὑπο·

2309 2602 2588 2665 κλίνασαν,
2627 2603 2722 2655 καλ⁹
2757 2602 2862 2672 τῆς
2901 2603 3183 2674 ἐνεργείας
3225 2604 3567 2673 πλησθεῖσαν
3588 2606 3673 2659 τοῦ
3695 2607 3829 2658 Πνεύ-

2312 2711 2504 2763 ματος,
2529 2695 2624 2746 καὶ
2665 2694 2732 2745 δι’
2759 2695 3103 2764 ἀρχαγγέλου
3130 2696 3229 2765 τὴν
3273 2695 3385 2766 (55)
3423 2697 3685 2766 πατρικὴν
3710 2696 3825 2747 elido-

2309 2786 2432 2839 κίαν
2456 2787 2932 2856 ἐγκυμονήσασαν,
2952 2788 3047 2839 καὶ
3066 2787 3260 2857 ἡδονῆς
3281 2787 3459 2856 πάρεξ
3479 2788 3568 2840 καὶ
3589 2786 3827 2852 συναφείας

2310 2878 2698 2947 συνειληφυῖαν
2733 2877 2826 2931 τοῦ
2859 2877 2995 2931 Θεοῦ
3024 2879 3196 2945 Λόγου
3224 2880 3322 2949 τὴν
3350 2880 3530 2933 πάντα
3568 2876 3827 2947 πληροῦταν

2309 2967 2610 3021 ὑπόστασιν
2628 3007 2643 3031 ,
2676 2969 2771 3020 καὶ
2801 2967 3097 3037 προσφυῶν
3124 2968 3325 3021 ὠδίνων
3353 2969 3489 3022 ἄνευ
3519 2970 3827 3037 γεννήσασαν,

2308 3060 2403 3112 καλ⁸
2438 3059 2569 3129 ὅλην
2602 3057 2720 3129 Θεῷ
2761 3059 3058 3112 ἑνωθείσαν
3079 3098 3092 3121 ,
3134 3059 3251 3122 πῶς
3277 3061 3523 3131 καταπίῃ
3549 3061 3576 3112 ό
3606 3058 3823 3122 (litum;

642 3160 864 3215 omnino
894 3169 1040 3224 sunt,
1084 3178 1112 3215 a
1146 3162 1354 3217 Deilera
1389 3164 1478 3219 illa
1512 3166 1689 3219 anima
1728 3174 1782 3219 et
1811 3180 1996 3220 carne.
2033 3166 2203 3237 Ipsius

2309 3150 2425 3215 πῶς
2449 3152 2477 3203 ό
2501 3151 2632 3222 ᾅδης
2662 3149 2986 3216 είσδέξεταις
3020 3150 3139 3214 πῶς
3180 3149 3453 3221 διαφθορά
3484 3149 3577 3203 τοῦ
3610 3148 3825 3217 ζωοδόχου

642 3252 784 3307 enim
838 3263 1111 3321 aspectum
1168 3270 1314 3308 mors
1365 3270 1577 3324 quoque
1630 3256 1904 3325 pertimuit
1956 3274 1969 3311 :
2017 3260 2212 3329 quippe

639 3359 781 3413 quae,
821 3358 941 3397 cum
979 3344 1146 3412 ipsius
1189 3343 1381 3407 Filium
1428 3347 1615 3400 adorta
1656 3348 1818 3412 esSet,
1868 3362 1931 3401 ex
1981 3348 2065 3405 bis
2095 3364 2213 3416 quae

640 3434 885 3503 pertulit,
924 3436 1156 3499 erudita,
1187 3434 1428 3506 periculo
1473 3452 1571 3490 suo
1603 3437 1920 3507 prudentior
1943 3448 2208 3492 evaserat.

643 3526 767 3581 llaec
813 3527 1028 3594 quidem
1076 3528 1374 3583 horrendos
1424 3529 1622 3583 inferni
1666 3530 1958 3585 descensus
2008 3546 2211 3601 nequa-

642 3632 801 3687 quam
827 3618 986 3688 871
1017 3620 1184 3684 trivit,
1227 3620 1319 3674 sed
1361 3630 1507 3674 recta
1538 3620 1609 3685 ei,
1642 3620 1822 3690 plana,
1852 3632 1905 3675 et
1940 3623 2112 3679 facilis
2146 3625 2211 3678 ad

642 3695 849 3765 cmlum’
878 3720 1060 3779 parata
1096 3720 1179 3766 est
1206 3711 1310 3765 via.
1346 3710 1481 3766 Cum
1528 3714 1670 3767 enim
1696 3714 1965 3781 Christus,
2007 3718 2099 3787 qui
2130 3718 2211 3771 via

641 3812 696 3855 et
723 3801 922 3856 veritas
953 3809 1034 3856 est
1055 3802 1119 3867 ⁵⁸,
1152 3802 1295 3855 dicat
1327 3819 1339 3855 :
1376 3799 1476 3855 Ubt'
1521 3819 1636 3855 sum
1669 3820 1784 3871 ego,
1817 3805 1926 3859 illic
1962 3816 2009 3861 et
2057 3808 2212 3862 mini—

643 3905 748 3948 ster
775 3911 917 3951 meus
943 3895 1040 3947 erit
1064 3895 1110 3926 ⁷ο
1138 3913 1152 3949 :
1184 3910 1280 3950 cur
1301 3896 1406 3948 nori
1453 3894 1621 3949 multo
1654 3897 1821 3965 magis
1851 3912 1972 3951 cum
2007 3912 2071 3952 eo
2100 3915 2214 3951 tua-

642 3991 725 4036 ter
774 3985 944 4052 ipsius
992 3986 1318 4040 domicilium
1371 3986 1606 4041 babeat?
1640 3985 1705 4041 Ut
1742 3988 1885 4042 enim
1926 4001 2210 4059 antequam

642 4076 957 4143 parturiret,
998 4079 1224 4145 peperit,
1262 4078 1333 4131 ita
1365 4077 1530 4147 ipsius
1552 4079 1716 4134 etiam
1746 4094 1777 4134 e
1810 4080 1919 4133 vita
1943 4082 2212 4138 discessus

640 4162 916 4220 doloribus
974 4166 1169 4220 caruit.
1238 4165 1383 4220 Mors
1437 4167 1655 4236 quidem
1710 4180 2039 4238 peccatorum
2099 4190 2214 4241 pes-

638 4258 774 4313 sima
796 4259 840 4291 ⁷³
876 4278 891 4314 :
926 4268 982 4314 at
1010 4261 1076 4315 de
1100 4276 1161 4315 ea
1185 4261 1234 4313 iu
1268 4276 1372 4331 qua
1401 4261 1652 4319 stimulus
1687 4265 1901 4329 mortis,
1933 4277 2210 4334 peccatum

2312 3243 2748 3312 κατατολμήσειε
2772 3241 3041 3311 σώματος
3064 3240 3323 3312 ἀλλότρια
3349 3240 3549 3305 ταῦτα,
3580 3243 3664 3293 καὶ
3688 3238 3824 3307 πάντη

2316 3333 2441 3398 ξένα
2468 3333 2569 3401 τῆς
2610 3333 2868 3403 θεοφόρου
2907 3332 3089 3403 ψυχῆς
3129 3332 3225 3385 καὶ
3258 3332 3536 3402 σώματος.
3571 3330 3736 3400 Ταύτῃ
3756 3331 3827 3381 καὶ

2314 3424 2674 3495 προσϐλέπων
2703 3425 2730 3477 ό
2762 3423 2990 3484 θάνατος
3039 3423 3265 3478 δέδοικε.
3302 3424 3392 3495 Τῷ
3430 3424 3541 3494 γὰρ
3571 3423 3723 3492 αὐτῆς
3743 3420 3827 3488 Υῐῷ

2314 3514 2656 3586 προσϐαλὼν,
2688 3513 2890 3584 ἔμαθεν
2919 3515 3014 3581 ἀφ’
3040 3508 3114 3567 ὧν
3142 3513 3333 3578 ἔπαθε.
3359 3514 3456 3568 καὶ
3484 3515 3640 3584 πείρα
3663 3513 3825 3582 μαθὼν,

2316 3607 2762 3677 σεσωφρόνισται.
2795 3605 2980 3676 Ταύτῃ
3016 3604 3142 3675 ᾇδου
3173 3606 3274 3674 μὲν
3295 3606 3539 3670 ἀστιϐεῖς
3562 3608 3613 3658 al
3644 3604 3827 3675 ζοφεραὶ

2313 3696 2561 3758 κάθοδοι,
2609 3696 2791 3749 εὑθεῖα
2822 3695 2878 3748 δὲ
2919 3697 3013 3748 καὶ
3050 3695 3201 3759 λεία,
3232 3696 3324 3749 καὶ
3357 3696 3697 3767 εὔτρεπτοςὴ
3727 3696 3827 3765 πρὸς

2314 3788 2539 3859 οὐρανὸν
2564 3787 2754 3859 πορεία
2776 3786 3122 3858 ἡτοίμασται.
3152 3788 3210 3839 El
3235 3787 3363 3855 γὰρ,
3388 3788 3580 3841 ’Ὅπου
3606 3785 3705 3853 ἐγώ
3723 3788 3828 3851 ειμι,

2312 3882 2441 3937 ἐκεῖ
2456 3883 2553 3936 καὶ
2589 3886 2622 3937 ό
2651 3882 2929 3948 διάκονος
2956 3886 2989 3937 ό
3013 3882 3155 3951 ἐμὸς
3180 3881 3369 3946 ἔσται,
3400 3881 3506 3952 ἔφη
3535 3884 3562 3934 ὁ
3589 3879 3829 3952 Χριστὸςή

2314 3982 2426 4053 ζωὴ
2463 3982 2557 4035 καὶ
2590 3983 2623 4051 ἠ
2665 3981 2924 4051 ἀλήθεια,
2961 3980 3077 4042 πῶς
3108 3979 3228 4049 οὐχὶ
3273 3979 3473 4050 μᾶλλον
3506 3982 3538 4049 ή
3576 3980 3734 4048 μήτηρ
3760 3976 3829 4028 σὺν

2313 4074 2460 4146 αὑτῷ
2505 4073 2915 4145 αὑλισθήσεται;
2962 4072 3096 4141 Πρὶν
3140 4072 3435 4140 ὠδίνησεν,
3486 4072 3676 4135 ἔτεκεν,
3708 4067 3829 4127 ἐκτὸς

2313 4168 2514 4221 ὠδίνων
2534 4168 2627 4221 καὶ
2651 4167 2684 4236 ὴ
2709 4166 2877 4235 αὐτῆς
2901 4164 3217 4227 ἀποϐίωσις.
3246 4163 3510 4229 Θάνατος
3527 4157 3829 4233 ἁμαρτωλῶν

2314 4260 2594 4327 πονηρόςο
2630 4259 2687 4311 ὲν
2774 4257 2829 4310 δὲ
2860 4257 2921 4310 τὸ
2952 4256 3173 4326 κέντρον
3198 4256 3291 4308 τοῦ
3319 4256 3550 4311 θανάτου
3580 4259 3610 4326 ἡ
3638 4254 3828 4324 ἁμαρτία

640 4367 862 4421 nempe,
912 4363 1193 4409 enecatum
1255 4365 1430 4420 esset,
1482 4355 1609 4423 quid
1677 4356 1887 4411 tandem
1946 4358 2207 4426 dicamus,

2314 4353 2615 4423 νενέκρωτο
2642 4350 2772 4422 (56),
2800 4350 2852 4401 τί
2884 4350 3130 4419 φήσομεν
3150 4388 3165 4413 ,
3195 4349 3228 4418 ἢ
3262 4348 3405 4419 ζωῆς
3439 4351 3611 4421 ἀρχὴν
3640 4348 3828 4449 ἀλήκτον

640 4446 745 4499 nisi
813 4459 931 4498 eam
984 4446 1109 4499 vitae
1176 4448 1426 4514 pcrenuis
1489 4463 1553 4502 ac
1600 4449 1825 4515 potioris
1884 4450 2205 4521 principium

640 4536 846 4591 fuisse?
886 4534 1027 4589 Sane
1058 4535 1272 4605 quidem
1301 4537 1537 4604 pretiosa
1580 4547 1665 4592 est
1703 4554 1849 4593 mors
1897 4552 2208 4597 sanctorum

642 4628 859 4683 Domini
908 4627 1001 4682 Dei
1053 4628 1310 4683 virtutum
1341 4631 1387 4663 "
1420 4645 1434 4683 :
1470 4640 1525 4684 at
1564 4630 1855 4699 pretiosior
1896 4633 2086 4690 matris
2118 4637 2209 4691 Dei

641 4736 708 4775 ex
743 4719 845 4774 bac
863 4719 969 4774 vita
1012 4719 1282 4788 migratio.
1329 4720 1480 4775 Nunc
1506 4722 1627 4777 (εοειί
1672 4723 1941 4791 lmtentur,
1974 4742 2035 4781 ac
2060 4727 2213 4795 plau-

641 4810 769 4863 dant
803 4808 979 4878 angeli
1012 4826 1025 4864 :
1061 4823 1202 4861 nunc
1232 4822 1373 4863 terra
1404 4812 1619 4879 gestiat,
1653 4822 1706 4865 et
1739 4812 2011 4885 exsultent
2032 4816 2213 4870 homi-

642 4916 738 4957 nes
771 4918 783 4954 :
814 4915 959 4955 nunc
1004 4915 1100 4956 aer
1144 4899 1277 4956 laetis
1321 4903 1569 4958 cantibus
1612 4913 1917 4973 personet:
1969 4921 2072 4961 nox
2114 4908 2211 4962 ob-

640 5009 797 5049 scura
854 4993 1062 5047 tristem
1126 5001 1181 5046 et
1236 4992 1534 5049 deformem
1590 4997 1875 5066 caliginem
1934 4999 2206 5065 excutiat,

546 5112 582 5149 w
639 5084 1089 5154 Splendoremque
1135 5082 1474 5151 diei,ignium
1510 5085 1752 5140 claritate
1792 5087 1980 5141 hilaris
2035 5090 2213 5146 imite-

535 5154 543 5237 ί
640 5187 748 5245 tur.
793 5177 1004 5232 Etenim
1048 5178 1168 5231 viva
1215 5175 1426 5231 Domini
1477 5192 1540 5232 ac
1584 5177 1676 5233 Dei
1720 5179 1977 5236 virtutum
2017 5182 2211 5237 civitas

642 5270 887 5325 sublimis
918 5269 1111 5337 fertur,
1141 5286 1204 5324 ac
1249 5286 1403 5343 reges
1433 5286 1462 5325 a
1508 5273 1703 5339 templo
1736 5274 1969 5338 Domini,
1997 5263 2099 5329 hoc
2126 5286 2211 5331 est

641 5362 898 5432 praeclara
946 5363 1097 5428 Sion,
1145 5365 1211 5416 ad
1262 5377 1547 5431 supernam
1596 5373 1649 5418 et
1692 5363 1914 5419 liberam
1950 5380 2210 5433 suamque

643 5467 870 5511 matrem
912 5454 1240 5521 Jerusalem,
1280 5457 1782 5525 przestantissimum
1831 5462 2026 5515 donum
2076 5457 2207 5511 olfe-

614 5592 618 5596 “
716 5610 945 5701 69.303".
978 5626 1089 5677 xiv,
1130 5612 1185 5667 6.
1264 5612 1307 5644 το
1346 5612 1500 5667 Joau.
1541 5629 1636 5679 xu,
1686 5613 1776 5667 26.
1855 5612 1900 5644 ⁷³
1934 5611 2075 5668 Psal.
2105 5629 2207 5666 xxx

718 5742 829 5813 ('55)
858 5742 1047 5813 Germ.
1078 5741 1450 5813 πνευματικὴν
1499 5740 1790 5812 ὑμνῳδίαν.
1836 5739 1899 5795 Il.
1940 5741 1961 5795 l
2014 5758 2208 5813 πατρι-

649 5818 748 5891 κην
778 5812 1139 5887 εὐδαιμονίαν.

2222 5654 2234 5678 ,
2264 5614 2354 5667 22.

2314 4448 2406 4499 καὶ
2459 4446 2799 4516 κρείττονος;
2838 4444 3029 4514 Τίμιος
3071 4442 3148 4506 ὡς
3182 4443 3395 4514 ἀληθῶς
3440 4446 3470 4497 ὁ
3514 4444 3717 4504 θάνατος
3747 4438 3827 4491 τῶν

2307 4537 2468 4591 ὁσίων
2500 4537 2705 4609 Κυρίου
2734 4535 2828 4589 τοῦ
2861 4535 2995 4589 Θεοῦ
3024 4536 3132 4589 τῶν
3159 4535 3460 4606 δυνάμεωνο
3492 4536 3760 4607 ὑπέρτιμος
3786 4529 3827 4582 δὲ

2310 4636 2411 4706 τῆς
2435 4636 2529 4689 τοῦ
2560 4636 2695 4693 Θεοῦ
2728 4636 2931 4707 μητρὸς
2962 4637 2994 4706 ἡ
3033 4634 3378 4705 μετάστασις.
3408 4635 3524 4689 Νῦν
3551 4632 3737 4704 οὐρανοὶ
3760 4628 3826 4680 εὑ-

2313 4727 2744 4795 φραινέσθωσαν,
2781 4726 2876 4779 καὶ
2921 4725 3284 4795 κροτείτωσαν
3314 4725 3556 4793 ἄγγελοι*
3585 4724 3667 4777 νῦν
3696 4718 3828 4787 ἀγαλο

2313 4818 2517 4873 λιάσθω
2550 4819 2584 4889 ἡ
2618 4819 2710 4887 γῆ,
2750 4816 2842 4869 καὶ
2877 4816 3255 4885 σκιρτάτωσαν
3298 4815 3603 4885 ἄνθρωποιο
3642 4809 3721 4864 νῦν
3746 4805 3823 4875 ἀὴρ

2315 4908 2612 4979 γηθόμενος
2653 4904 2920 4975 ὑπεχείτω
2960 4907 3068 4967 τοῖς
3113 4904 3351 4975 ᾇσμασι,
3389 4903 3483 4956 καὶ
3511 4902 3600 4967 νὺξ
3632 4894 3825 4967 ἀφεγγὴς

2317 4998 2710 5070 περιαιρείσθω
2740 4998 2900 5065 ζόφον
2928 4996 3021 5050 τὸν
3063 4996 3262 5066 ἀμειδῆ
3304 4995 3399 5049 καὶ
3437 4995 3730 5065 δυσείμονα,
3753 4986 3824 5040 καὶ

2320 5090 2590 5161 μιμείσθω
2623 5088 2866 5159 φαιδρῶς
2894 5087 2989 5159 τὴν
3016 5087 3114 5158 τῆς
3140 5086 3348 5157 ἡμέρας
3381 5085 3715 5153 στιλπνότητά
3740 5077 3823 5134 τοῖς

2317 5186 2380 5237 ὲκ
2409 5182 2579 5253 πυρὸς
2603 5181 3016 5252 ἀμαρύγμασιν.
3078 5180 3142 5232 Ἦ
3167 5180 3275 5250 γὰρ
3304 5179 3452 5243 ζῶσα
3491 5180 3633 5240 πόλις
3663 5169 3820 5239 Κυρίου

2314 5274 2449 5327 Θεοῦ
2477 5272 2586 5326 τῶν
2620 5272 2905 5340 δυνάμεων
2936 5271 3224 5342 μετάρσιος
3257 5272 3492 5343 αἴρεται,
3523 5270 3611 5323 καὶ⁸
3638 5260 3821 5337 βασιλεῖς

2315 5365 2425 5418 ἀπὸ
2447 5362 2577 5417 ναοῦ
2610 5363 2813 5433 Κυρίου
2840 5363 2937 5433 τῆς
2968 5361 3328 5433 περιϐλέπτου
3357 5363 3495 5415 Σιὼν
3525 5361 3610 5414 ἐπὶ
3634 5356 3715 5426 τὴν
3738 5351 3821 5419 ἄνω

2325 5457 2681 5528 Ἰερουσαλὴμ
2699 5456 2798 5527 τὴν
2823 5454 3112 5526 ἐλευθέραν
3128 5455 3224 5525 τὴν
3250 5456 3460 5510 ἑαυτῶν
3484 5452 3673 5526 μητέρα
3692 5445 3819 5513 δῶρον

2432 5614 2479 5644 τ’
2522 5610 2661 5666 Psal.
2706 5610 2946 5676 cxv,15.

2390 5740 2500 5813 (56)
2530 5740 2683 5798 Colb.
2714 5753 2765 5798 et
2795 5742 2980 5797 Germ.
3021 5740 3368 5816 νενέκρωται.
