4046 6418
264 429 365 491 729

1053 427 1382 490 HOMILIA
1418 425 1473 483 Il
1514 422 1592 483 IN
1633 417 2174 481 DORMITIONEM
2214 416 2278 474 B.
2317 416 2384 476 V.
2427 414 2710 475 MARI.=E.

3375 396 3478 464 730

245 544 583 616 προσάγουσι
615 540 1072 613 τιμαλφέστατον,
1111 541 1160 592 οἱ
1191 537 1328 610 πρὸς
1358 531 1594 607 Χριστοῦ
1635 532 1818 598 πάσης

1930 538 2068 592 runt,
2100 527 2328 598 apostoli
2361 525 2588 589 scilicet,
2633 523 2724 592 qui
2779 521 2940 576 totius
2984 520 3131 578 orbis
3151 521 3422 592 principes
3449 537 3482 580 a

243 639 343 708 τῆς
397 641 501 708 γῆς
558 635 921 694 καταστάντες
977 633 1270 704 ἄρχοντες,
1316 630 1443 692 τοὺς
1487 624 1815 687 ἀποστόλους

245 729 410 796 φημὶ,
446 729 547 798 τὴν
582 727 676 780 τοῦ
710 724 845 780 Θεοῦ
879 725 1090 796 μητέρα
1120 724 1220 793 τὴν
1270 719 1673 789 Ἀειπάρθενον.

311 819 376 872 ἃ.
416 820 531 872 Οὐκ
559 819 759 872 ἄτοπον
789 817 847 870 δέ
884 833 972 885 μοι
1005 815 1156 866 δοκεῖ
1198 812 1341 882 λόγῳ
1367 809 1665 880 διαγράψαι
1695 807 1817 861 ὅσον

243 910 358 978 ἔχει
379 909 514 978 πρὸς
535 908 785 977 δύναμιν,
816 907 911 960 καὶ
931 906 1167 966 εἰκάσαι,
1193 904 1284 957 καὶ
1313 902 1468 973 τύπῳ
1487 900 1819 972 σχηματίσαι

237 995 314 1049 τὰ
353 997 445 1049 ἐπὶ
472 998 538 1066 τῇ
573 996 695 1066 ίερᾷ
735 995 906 1065 ταύτῃ
934 993 1028 1047 τοῦ
1077 992 1211 1045 Θεοῦ
1264 993 1430 1062 μητρὶ
1459 990 1821 1060 τετελεσμένα

241 1087 526 1156 θεάματα,
552 1085 589 1140 ἃ
623 1085 859 1156 μετρίως
881 1124 896 1146 ,
932 1084 1030 1138 καὶ
1078 1084 1197 1136 λίαν
1251 1083 1621 1147 συνοπτικῶς,
1664 1081 1725 1134 τὸ
1757 1080 1821 1152 δὴ

239 1177 558 1248 λεγόμενον,
611 1180 741 1240 παῖς
771 1178 836 1230 ὲκ
880 1176 1082 1244 πατρὸς
1123 1175 1330 1228 ἀνωθεν
1380 1175 1818 1245 παρειλήφαμεν.

240 1269 400 1320 Δοκῶ
436 1267 546 1338 γάρ
592 1285 682 1338 μοι
717 1265 922 1337 ταύτην
956 1268 1055 1337 τὴν
1105 1267 1280 1334 ἀγίων
1338 1267 1643 1336 ἀγιωτέραν
1668 1305 1683 1330 ,
1727 1265 1824 1318 καὶ

246 1360 417 1428 ἱερῶν
446 1358 762 1429 ἱερωτέραν,
787 1359 879 1414 καὶ
912 1359 1075 1411 ὁσίων
1107 1356 1425 1428 ὁσιωτέραν,
1451 1356 1550 1420 τὴν
1569 1355 1825 1423 γλυκεῖαν

239 1449 344 1503 τοῦ
378 1451 550 1520 μάννα
575 1451 833 1520 στάμνον,
861 1450 1045 1520 πηγὴν
1073 1449 1130 1502 δὲ
1172 1448 1371 1518 μᾶλλον
1427 1450 1604 1500 εἰπεῖν
1631 1447 1826 1517 ἀληθέ-

243 1559 446 1612 στερον
469 1543 862 1596 ἀνακεκλίσθαι
897 1543 988 1595 ἐπί
1024 1559 1166 1602 τινος
1200 1541 1496 1611 σκίμποδος
1525 1541 1584 1592 ὲν
1614 1543 1678 1610 τῇ
1706 1540 1826 1610 θείᾳ

241 1633 347 1696 καὶ
372 1633 705 1704 περιωνύμῳ
733 1635 886 1686 πόλει
915 1632 1100 1695 Δαϐὶδ,
1126 1630 1264 1685 Σιὼν
1292 1631 1434 1700 φημὶ
1457 1633 1522 1701 τῇ
1550 1631 1827 1701 περιόπτῳ

244 1721 346 1782 καὶ
377 1722 821 1792 περικλεεστατη,
852 1722 910 1773 ἐν
992 1719 1345 1790 πεπλήρωται
1377 1720 1474 1789 μὲν
1495 1721 1522 1772 6
1551 1720 1712 1789 νόμος
1733 1719 1826 1772 τοῦ

243 1813 609 1881 γράμματος,
643 1812 1015 1882 ύπηγόρευται
1053 1812 1108 1865 δὲ
1141 1811 1310 1881 ὄνομα
1347 1811 1441 1864 τοῦ
1475 1810 1784 1880 πνεύματος
1809 1827 1822 1841 ο

1916 619 2133 674 Christo
2159 627 2286 674 sunt
2311 616 2613 681 constituti,
2661 614 2754 669 Dei
2801 620 3030 669 matrem
3063 621 3489 684 perpetuamque

1917 710 2202 782 virginem.

1989 804 2046 856 4.
2083 803 2132 835 ⁷³
2163 801 2274 857 Nec
2316 816 2448 856 vero
2490 799 2726 854 alienum
2775 796 2892 852 fore
2947 794 3185 850 arbitror
3234 809 3488 850 sermone

1921 907 2178 966 quantum
2213 911 2308 966 per
2333 911 2421 949 me
2449 896 2572 956 erit,
2598 890 2939 954 describere,
2970 897 3024 942 ct
3053 887 3364 956 conjectura
3392 900 3487 939 ex-

1921 1002 2142 1059 ponere,
2167 1001 2231 1041 ac
2255 987 2462 1041 delinea
2473 1001 2528 1038 re
2557 999 2619 1038 ea
2643 981 2948 1052 spectacula
2972 995 3091 1050 quae
3125 980 3176 1033 in
3205 992 3490 1032 sacrosan-

1921 1090 2007 1135 cta
2042 1079 2142 1132 hac
2165 1077 2254 1132 Dei
2282 1086 2453 1130 matre
2477 1085 2690 1144 peracta
2732 1080 2878 1134 sunt,
2902 1083 3127 1140 quisque
3151 1065 3493 1122 mediocriter

1923 1181 1976 1224 et
2008 1169 2406 1238 corupendiarie
2435 1165 2754 1228 admodum,
2789 1161 2960 1216 Filius
2987 1175 3016 1213 a
3043 1159 3203 1214 Patre
3223 1197 3239 1224 ,
3275 1167 3336 1225 ut,
3361 1157 3494 1212 dici-
3533 1226 3535 1229 ι

1925 1271 2034 1324 tur,
2059 1259 2127 1315 ab
2147 1260 2366 1328 antiquo
2382 1257 2707 1325 accepimus.
2729 1253 2966 1308 Cernere
2989 1250 3132 1305 enim
3155 1248 3282 1303 mihi
3310 1248 3494 1308 videor

1926 1353 2064 1407 hanc
2089 1350 2292 1405 sanctis
2314 1348 2658 1408 sanctiorem,
2687 1353 2742 1398 et
2769 1343 2938 1398 sacris
2960 1341 3334 1402 sacratiorem,
3365 1339 3496 1408 piis-.

1926 1457 2030 1511 que
2057 1443 2258 1509 pietate
2287 1437 2716 1508 praestantiorem
2749 1450 2766 1500 ;
2794 1434 2956 1499 hanc,
2997 1433 3252 1500 inquam,
3281 1430 3494 1485 dulcem

1917 1545 2137 1585 manus
2164 1543 2376 1592 urnam,
2395 1527 2498 1592 vel,
2525 1537 2582 1581 ut
2608 1528 2788 1582 verius
2810 1526 3010 1590 dicam,
3041 1524 3263 1590 fontem,
3290 1524 3343 1578 in
3369 1523 3491 1578 divi-

1929 1637 1995 1676 na
2031 1620 2564 1688 celebratissimaque
2607 1618 2824 1671 Davidis
2857 1617 3106 1679 civitate,
3143 1613 3332 1668 humili
3357 1613 3495 1668 lecto

1928 1713 2311 1777 recubantem;
2347 1711 2399 1762 in
2429 1709 2737 1778 conspicua,
2777 1709 3016 1777 inquam,
3065 1706 3154 1759 illa
3178 1714 3234 1760 et
3254 1703 3498 1760 clarissi-

1929 1817 2014 1856 ma
2049 1800 2199 1866 Sion,
2237 1801 2290 1853 in
2322 1812 2425 1867 qua
2455 1797 2538 1852 lex
2563 1797 2757 1852 litterae
2777 1795 3063 1865 completa,
3083 1804 3140 1849 et
3163 1793 3246 1849 lex
3273 1792 3499 1862 spiritus

402 1877 466 1955 τὸ
487 1903 678 1972 Πάσχα
704 1877 1018 1956 τδτυπικὺν
1041 1905 1070 1956 6
1096 1877 1387 1974 νομοδότης
1407 1877 1640 1973 Χριστὸς
1669 1885 1824 1954 ικτὲ-

1930 1892 2132 1946 dictata
2181 1899 2306 1955 est;
2361 1887 2640 1958 legislator
2694 1887 2946 1942 Christus
3007 1882 3498 1953 typicumgPascha

241 1991 459 2058 τέλεκε,
506 1994 601 2058 καὶ
632 1994 822 2063 Πάσχα
864 1993 928 2046 τὸ
959 1993 1157 2064 ἀληθὲς
1209 1995 1238 2047 6
1285 1993 1520 2056 παλαιᾶς
1557 1995 1650 2046 καὶ
1698 1995 1823 2058 νέας

240 2082 516 2153 διαθήκης
545 2083 676 2147 Θεὸς
702 2085 1119 2154 παραδέδωκεν·
1155 2087 1212 2138 ὲν
1305 2085 1366 2137 τὸ
1395 2085 1606 2138 δεῖπνον
1633 2101 1824 2154 μυστι-

243 2175 347 2227 κὸν
375 2177 482 2237 τοῖς
518 2175 710 2228 ἑαυτοῦ
742 2175 1012 2246 μαθηταῖς
1039 2179 1068 2230 6
1099 2177 1269 2247 ἀμνὸς
1305 2177 1399 2230 τοῦ
1431 2176 1566 2229 Θεοῦ
1599 2179 1628 2230 6
1653 2176 1824 2248 αἴρων

241 2264 352 2335 τὴν
380 2265 654 2335 ἁμαρτίαν
679 2265 773 2319 τοῦ
802 2265 1007 2337 κόσμου
1041 2265 1514 2338 μεμυσταγώγησε
1534 2307 1548 2330 ,
1581 2268 1674 2320 καὶ
1698 2267 1822 2320 τού-

242 2370 368 2422 τοις
412 2355 607 2420 ἑαυτὸν
649 2353 736 2412 οἷα
778 2355 978 2427 μόσχον
1029 2355 1270 2427 σιτευτὸν
1317 2356 1549 2421 τέθυκε,
1578 2355 1674 2409 καὶ
1723 2356 1823 2425 τῆς

243 2444 512 2516 ἀληθινῆς
547 2446 788 2515 ἀμπέλου
837 2447 927 2501 τὸν
975 2447 1170 2524 βότρυν
1215 2447 1642 2519 ὲληνοσάτησεν·
1687 2449 1746 2501 ὲν

245 2536 489 2606 Χριστὸς
557 2540 666 2600 τοῖς
729 2537 1049 2601 ἀποστόλοις
1119 2539 1413 2592 όπτάνεται
1479 2540 1544 2591 ὲκ
1615 2539 1825 2606 νεκρῶν

244 2611 640 2696 ἀνιστάμενος,
669 2629 765 2680 καὶ
806 2628 1007 2696 Θωμᾶν
1037 2627 1358 2694 πιστοῦται,
1396 2628 1488 2682 καὶ
1516 2629 1603 2684 διὰ
1637 2629 1824 2680 τούτου

246 2717 321 2771 τὰ
372 2719 583 2789 πέρατα
603 2759 618 2783 ,
648 2720 722 2782 ὡς
751 2719 836 2790 εἴη
866 2719 1000 2784 Θεός
1032 2737 1090 2773 τε
1121 2721 1215 2773 καὶ
1247 2720 1482 2791 Κύριος,
1514 2720 1607 2773 δύο
1635 2719 1827 2789 φύσεις

248 2811 441 2879 φέρων
482 2814 539 2864 ὲν
568 2810 718 2880 αὑτῷ
753 2813 846 2864 καὶ
877 2813 1014 2881 μετά
1039 2813 1138 2883 τὴν
1168 2815 1232 2865 ὲκ
1263 2813 1472 2882 νεκρῶν
1507 2813 1825 2877 ἀναϐίωσιν,

252 2905 354 2961 καὶ
380 2905 605 2968 ταύταις
636 2906 1004 2977 καταλλήλους
1032 2905 1124 2958 δύο
1165 2904 1476 2976 ἐνεργείας,
1511 2903 1831 2968 αὐτεξούσιὰ

249 3011 314 3047 τε
346 2993 615 3064 θέσματα,
641 2997 721 3059 εἰς
746 2997 918 3049 αἰῶνα
939 2996 1028 3048 τὸν
1056 2995 1280 3064 ἄπειρον
1314 2992 1649 3057 αἰωνίζοντα.
1681 2993 1830 3064 Αὕτη

249 3084 368 3148 τῶν
421 3086 754 3157 Ἐκκλησιῶν
793 3087 825 3157 ἡ
876 3085 1190 3156 ἀκρόπολις·
1234 3083 1374 3154 αὕτη
1411 3083 1519 3138 τῶν
1574 3083 1832 3155 μαθητῶν

1926 1983 2131 2052 peregit
2151 1980 2200 2011 "
2221 2017 2238 2044 ,
2269 1990 2324 2034 at
2353 1979 2554 2033 veteris
2582 1977 2699 2047 ipse
2735 1977 2967 2046 novique
2995 1973 3301 2036 testamenti
3333 1972 3498 2038 Deus,

1928 2087 2107 2125 verum
2137 2070 2342 2125 Pascha
2370 2087 2383 2123 :
2413 2069 2474 2122 in
2506 2084 2609 2138 qua
2633 2069 2825 2137 Agnus
2856 2066 2948 2122 Dei
2971 2065 3065 2136 qui
3093 2065 3276 2122 mundi
3302 2078 3498 2133 pecca-

1930 2173 2040 2217 tutn
2084 2163 2224 2217 tollit
2267 2162 2314 2194 ⁷³
2367 2176 2520 2216 creua
2556 2162 2781 2231 mystica
2821 2158 3113 2229 discipulos
3155 2171 3284 2213 suos
3317 2155 3501 2211 initia-

1928 2254 2042 2319 vit,
2073 2268 2239 2322 seque
2282 2252 2362 2308 eis
2407 2253 2483 2306 uti
2515 2250 2736 2306 vitulum
2791 2251 3094 2320 saginatum
3148 2246 3404 2302 mactavit
3427 2245 3498 2310 '°,

1929 2363 2176 2415 varieque
2212 2347 2338 2402 vitis
2368 2362 2526 2400 uvam
2550 2345 2694 2400 velut
2724 2345 2778 2398 in
2812 2342 3066 2398 torculari
3099 2341 3402 2411 expressit;
3443 2340 3500 2395 in

1928 2452 2034 2507 qua
2063 2435 2314 2492 Christus
2357 2451 2423 2490 ex
2471 2437 2698 2490 mortuis
2746 2448 3032 2504 resurgens
3065 2431 3325 2503 apostolis
3367 2445 3500 2486 con-

1929 2536 2145 2595 spectus
2182 2527 2314 2594 fuit,
2357 2537 2412 2581 et
2451 2527 2670 2582 Thoma:
2718 2541 2783 2581 ac
2827 2540 2921 2594 per
2950 2539 3072 2580 eum
3108 2524 3360 2580 universo
3385 2522 3501 2577 orbi

1930 2620 2090 2675 ﬁdem
2133 2620 2260 2674 fecit
2291 2604 2348 2674 se
2379 2620 2542 2673 Deum
2575 2617 2971 2686 Dominumque
2995 2629 3114 2671 esse
3140 2617 3205 2681 ⁷⁷,
3233 2617 3367 2670 duas
3409 2630 3505 2668 ua~

1933 2720 2081 2764 turus
2110 2711 2270 2765 etiam
2299 2719 2419 2778 post
2453 2709 2898 2763 resurrectionem
2933 2708 2983 2761 in
3011 2708 3189 2776 seipso
3217 2706 3502 2770 ferentem,

1931 2800 2115 2868 eisque
2161 2812 2551 2854 consentaneas
2595 2797 2938 2866 operation-res
2978 2797 3150 2863 duas,
3193 2796 3504 2864 liberasque

1933 2890 2234 2946 voluntates
2261 2891 2312 2942 in
2344 2889 2732 2957 sempiternum
2763 2901 2934 2943 aevum
2972 2888 3348 2956 perdurantes.
3379 2885 3506 2942 Haec

1931 2969 2291 3038 Ecclesiarum
2311 2997 2407 3034 arx
2431 2991 2512 3034 est
2536 2998 2549 3034 :
2574 2980 2688 3034 haec
2705 2977 3087 3047 disr-ipulorum
3119 2977 3504 3038 diversorium.

1933 3072 1991 3128 In
2055 3075 2155 3126 hac
2210 3070 2588 3125 sanctissimus
2629 3067 2862 3137 Spiritus
2892 3105 2908 3132 ,
2951 3070 3126 3120 sonitu
3168 3066 3352 3132 edito,
3385 3082 3507 3120 cum

252 3156 630 3244 καταγώγιον·
666 3177 724 3230 ἐν
766 3156 938 3250 ταύτῃ
975 3177 1069 3230 τοῦ
1116 3175 1384 3244 παναγίου
1432 3175 1750 3243 Πνεύματος
1797 3177 1830 3246 ἡ

1937 3161 2224 3218 multarum
2263 3161 2564 3228 linguarum
2596 3159 2756 3222 dono,
2792 3158 2946 3225 ignea
2976 3156 3148 3211 forma
3187 3157 3507 3223 adveniens,

251 3263 550 3332 πολύηχος,
587 3265 679 3317 καὶ
713 3266 1128 3334 πολύγλωσσος,
1179 3265 1272 3319 καὶ
1319 3265 1664 3336 πυρὶμορφος
1707 3267 1830 3318 ἐπι·

254 3349 507 3419 φοίτησις
536 3354 646 3415 τοῖς
675 3354 994 3418 ἀποστόλοις
1021 3354 1332 3425 ἐκκέχυται·
1366 3355 1422 3407 ὲν
1450 3353 1622 3425 ταύτῃ
1647 3357 1675 3407 6
1701 3356 1828 3409 Θεο-

252 3439 416 3506 λόγος
464 3440 563 3513 τὴν
617 3443 875 3496 Θεοτόκον
942 3445 1328 3515 παρειληφὼς,
1382 3444 1711 3514 ἐλειτούργει
1766 3447 1834 3501 τὰ

251 3529 471 3584 δέονταο
503 3530 658 3602 αὖτηῖ
689 3535 722 3604 ή
757 3535 939 3605 μήτηρ
971 3533 1079 3588 τῶν
1112 3535 1216 3587 ἀνά
1246 3536 1425 3587 πᾶσαν
1455 3534 1550 3605 τὴν
1583 3537 1831 3607 οἰκουμέ-

251 3637 358 3688 νην
404 3619 760 3692 Ἐκκλησιῶν,
795 3623 894 3694 τῆς
922 3622 1017 3674 τοῦ
1062 3623 1195 3677 Θεοῦ
1242 3625 1463 3695 Μητρὸς
1513 3625 1832 3696 ἐνδιαίτημα

252 3709 470 3780 πέφηνε
490 3749 505 3773 ,
540 3713 680 3781 μετά
711 3729 773 3780 γε
807 3713 903 3783 τὴν
927 3712 1019 3766 τοῦ
1062 3714 1178 3767 uio?»
1209 3715 1274 3768 ἐκ
1303 3715 1510 3786 νεκρῶν
1543 3715 1834 3786 ἁναφοίτη-

253 3817 368 3854 σινο
394 3803 453 3856 ὲν
479 3803 650 3875 ταύτῃ
691 3805 870 3859 τοίνυν
900 3808 933 3877 ἡ
967 3807 1213 3876 μακαρία
1257 3805 1531 3878 Παρθένος
1572 3807 1662 3860 ἐπί
1689 3826 1832 3876 τινος

249 3895 570 3964 τρισολϐίου
602 3896 714 3968 (57)
743 3897 929 3972 κλίνης
951 3898 1255 3952 κατέκειτο.

329 4012 395 4063 ε’.
451 4006 592 4060 Ἀλλ’
623 4008 857 4063 ἐνταῦθα
883 4009 979 4063 τοῦ
1007 4010 1166 4078 λόγου
1201 4010 1514 4080 γενόμενος,
1544 4012 1631 4064 ἴνα
1673 4012 1734 4065 τὸ
1757 4014 1834 4066 οἰ-

251 4099 408 4149 κεῖον
449 4098 622 4162 πάθος
669 4100 1093 4171 ὲξαγορεύσαιμι
1120 4141 1135 4164 ,
1171 4100 1481 4172 θερμότατα
1520 4105 1617 4156 καὶ
1658 4103 1832 4168 ζέοντι

251 4186 454 4258 πυρσῷ
484 4190 578 4242 τοῦ
612 4189 778 4242 πόθου
833 4191 1137 4261 καιόμενος,
1169 4191 1337 4264 φρίκῃ
1375 4194 1482 4246 τινὶ
1530 4195 1625 4246 καὶ
1670 4213 1834 4264 χαρο-

253 4281 438 4341 ποιοῖς
482 4281 846 4351 συνείλημμαι
877 4282 1158 4351 δάκρυσιν,
1191 4283 1358 4352 αὐτὴν
1393 4277 1490 4354 τὴν
1523 4286 1710 4356 κλίνην
1745 4283 1833 4340 οἷα

252 4383 322 4418 πε
335 4370 768 4441 ριπτυσσόμενος
789 4409 806 4437 ,
841 4373 939 4444 τὴν
981 4375 1260 4445 μακαρίαν
1292 4393 1351 4428 τε
1385 4377 1477 4430 καὶ
1507 4378 1828 4448 ἐπέραστον,

252 4456 359 4528 τὴν
393 4458 688 4529 θαυμάτων
718 4463 1027 4534 γέμουσαν,
1055 4465 1154 4534 τὴν
1185 4463 1245 4517 τὸ
1284 4464 1592 4536 ζωαρχικδν
1635 4467 1829 4537 σκῆνος

252 4547 608 4622 δεδεγμένην,
642 4553 739 4617 καὶ
771 4558 837 4626 τῇ
873 4556 1175 4626 παραθέσει
1207 4557 1297 4610 τὸν
1332 4559 1604 4628 ἁγιασμὸν
1642 4559 1830 4628 εὐμοιο

257 4642 530 4711 ρήσασαν,
558 4645 691 4698 αὐτὸ
718 4647 776 4699 τὸ
809 4648 952 4718 ἱερὸν
977 4691 992 4716 ,
1023 4649 1118 4704 καὶ
1142 4649 1394 4719 πανίερον
1413 4689 1428 4716 ,
1471 4652 1566 4704 καὶ
1588 4651 1832 4715 ἀξιόθεον

256 4733 530 4804 σκήνωμα
575 4737 761 4806 χερσὶν
808 4738 1039 4802 οἰκείαις
1085 4734 1303 4796 ἐδόκουν
1337 4741 1831 4809 ἐναγκαλίζεσθαιο

254 4824 599 4896 ὀφθαλμοὺς,
632 4829 726 4884 καὶ
757 4829 910 4909 χείλη
929 4870 944 4890 ,
978 4833 1070 4886 καὶ
1099 4833 1345 4902 μέτωπα,
1381 4834 1580 4904 αὐχένα
1608 4835 1701 4887 καὶ
1731 4851 1836 4888 παφ

259 4916 412 4986 ρειὰς
442 4919 806 4989 προσερείδων
839 4923 949 4983 τοῖς
991 4921 1196 4990 μέλεσι,
1239 4925 1335 4976 καὶ
1364 4923 1463 4993 τῆς
1502 4924 1644 4994 ἁφῆς
1673 4925 1834 4996 ᾐσθό-

258 5026 399 5078 μην,
423 5008 499 5073 ὡς
526 5010 592 5064 ὲκ
614 5011 879 5090 παρόντος
901 5014 1298 5086 συνισταμένης
1323 5015 1416 5067 τοῦ
1439 5015 1711 5085 σώματος,
1739 5016 1834 5068 καὶ

257 5103 604 5172 κατανοήσας
631 5089 928 5174 ὀφθαλμοῖς
957 5106 1192 5159 κατιδεῖν
1218 5089 1286 5177 τό
1305 5106 1637 5177 ποθούμενον
1661 5107 1722 5161 οὐ
1747 5107 1832 5159 δε-

256 5191 517 5263 δύνημαι.
555 5194 679 5258 Πῶς
711 5197 820 5265 γὰρ
861 5196 928 5248 ἂν
955 5198 983 5249 6
1013 5198 1307 5267 μετάρσιον
1338 5198 1474 5267 πρὸς
1513 5196 1712 5267 σηκοὺς
1743 5198 1835 5252 οὑ-

259 5285 484 5354 ρανίους
505 5287 875 5356 ἀνήρπασται;
905 5288 1015 5342 Καὶ
1044 5287 1217 5352 ταῦτα
1243 5289 1340 5360 μὲν
1359 5287 1551 5354 οὕτως.

1935 3254 1987 3308 in
2018 3253 2307 3321 discipulos
2340 3251 2539 3306 eﬂ‘usus
2567 3261 2650 3304 est
2677 3250 2742 3303 ⁷⁸.
2789 3249 2843 3303 ln
2887 3251 2988 3303 hac
3018 3248 3354 3318 Theol0gus,
3402 3249 3501 3305 Dei

1935 3343 2226 3400 Genitricis
2254 3351 2558 3411 susceptor,
2595 3355 2712 3410 quae
2744 3343 2962 3394 nec‘esse
2990 3349 3169 3405 erant,
3209 3339 3258 3393 ei
3305 3339 3510 3393 subrui-

1937 3434 2221 3489 nistrabat.
2263 3431 2388 3488 "me
2433 3431 2671 3488 omnium
2724 3431 2870 3483 orbis
2907 3429 3266 3486 Ecclesiarum
3312 3437 3505 3496 mater,

1936 3526 2208 3594 Deiparae,
2253 3533 2374 3593 post
2413 3521 2607 3576 Christi
2653 3537 2718 3576 ex
2763 3520 2988 3574 mortuis
3028 3522 3506 3582 resurrectionem,

1935 3614 2264 3672 domicilium
2299 3616 2418 3670 fuit.
2452 3613 2510 3668 In
2560 3615 2660 3668 hac
2700 3614 2879 3682 itaque
2910 3614 3067 3668 beata
3103 3611 3263 3683 Virgo
3293 3613 3346 3668 in
3379 3613 3509 3668 bes-

1936 3710 2147 3766 tissime
2167 3709 2397 3780 quodam
2430 3706 2628 3761 lectulo
2662 3704 3037 3762 decurnbehat.

2003 4019 2055 4072 5.
2097 4018 2360 4072 Caeterum
2389 4018 2603 4087 quando
2633 4019 2698 4072 ad
2729 4018 2870 4072 hunc
2897 4017 3071 4072 locum
3109 4018 3351 4087 pervenit
3385 4031 3509 4071 ora-

1935 4109 2009 4162 tio
2063 4112 2154 4180 (ut
2193 4110 2360 4163 animi
2405 4113 2508 4163 mei
2540 4110 2791 4163 aﬂeeturn
2838 4109 3092 4178 prodam)
3127 4108 3509 4163 ardentissimo

1935 4202 2441 4272 ferventissimoque
2476 4201 2677 4254 amoris
2711 4202 2831 4267 igne
2861 4198 3157 4262 accendor,
3195 4209 3251 4253 et
3283 4199 3508 4254 horrore
3600 4186 3604 4190 ι

1933 4293 2162 4361 quodam
2186 4291 2542 4360 jucundisque
2564 4292 2816 4362 lacrymis
2843 4305 3097 4358 occupor,
3119 4290 3284 4359 872
3307 4289 3507 4344 lectqu

1935 4383 2077 4436 hunc
2107 4382 2314 4436 felicem
2334 4383 2690 4438 etamabilem
2711 4383 2782 4446 ⁷⁸,
2815 4395 2879 4436 ac
2902 4379 3161 4450 prodigiis
3185 4389 3506 4446 scatentem,

1936 4472 2078 4526 velut
2105 4471 2460 4539 exosculans,
2508 4473 2599 4542 qui
2637 4470 3042 4527 tabernaculum
3075 4469 3205 4525 illud
3249 4471 3508 4540 suscepit,

1936 4581 1998 4620 ex
2030 4580 2136 4635 quo
2160 4565 2266 4618 vita
2297 4573 2412 4620 orta
2453 4576 2570 4633 est,
2604 4573 2965 4634 contactuque
2996 4563 3136 4617 illius
3170 4562 3508 4617 sanctitatem

1937 4657 2297 4725 participavit.
2333 4656 2472 4722 Quin
2515 4657 2687 4726 ipsqu
2733 4669 2951 4726 quoque
2982 4669 3196 4710 sacrum
3227 4662 3282 4708 et
3315 4668 3513 4708 sacro-

1935 4757 2201 4814 sanctum,
2227 4748 2441 4817 Deoque
2466 4749 2683 4819 dignum
2709 4746 3078 4803 habitaculum
3105 4746 3240 4800 meis
3265 4744 3514 4800 manibus

1936 4839 2219 4908 complecti
2253 4842 2382 4894 mihi
2409 4842 2650 4905 videbar,
2680 4841 2976 4910 oculosque
2998 4880 3014 4907 ,
3048 4840 3305 4905 frontem,
3342 4839 3510 4906 labia,

1935 4923 2198 4982 cer’viccm
2233 4943 2298 4982 ac
2325 4944 2489 4999 genas
2518 4930 2771 4985 membris
2793 4929 2937 4984 illius
2972 4929 3282 4993 admovere,
3313 4927 3507 4998 ipsum,

1943 5026 2195 5086 tanquam
2229 5018 2274 5073 si
2319 5033 2516 5089 corpus
2553 5035 2788 5088 praesens
2835 5027 3147 5090 tangerem,
3192 5018 3512 5074 sentiebam.

1939 5107 2008 5162 At
2030 5123 2152 5162 eum
2172 5107 2393 5179 propius
2424 5113 2662 5165 animum
2693 5112 3066 5176 attendissem,
3092 5110 3264 5165 oculis
3293 5109 3345 5162 id
3367 5107 3512 5178 quod

1939 5200 2165 5268 cupidus
2215 5203 2618 5272 persequebar,
2671 5202 2866 5258 intueri
2910 5202 3133 5258 minime
3176 5201 3343 5269 potui.
3393 5200 3512 5264 Quo

1940 5290 2083 5344 etiim
2117 5301 2276 5360 pacto
2301 5291 2428 5346 illud
2452 5292 2848 5362 perspicerem,
2880 5292 3024 5364 quod
3049 5291 3276 5347 sublime
3310 5289 3362 5344 in
3395 5304 3511 5345 cu:-

259 5376 396 5430 leste
426 5380 682 5445 templum
717 5380 1000 5449 abreptum
1054 5378 1196 5434 fuit?
1241 5382 1418 5451 Atque
1459 5382 1574 5437 haec
1617 5382 1831 5452 quidem
1871 5384 2003 5440 mihi
2031 5387 2402 5454 contigerunt.

348 5528 397 5614 '7'
423 5528 658 5614 Exponit
685 5531 1063 5614 .Damascenus
1102 5531 1646 5614 Hierosolymitana_m
1702 5533 1770 5614 de
1794 5537 2021 5591 transitu
2059 5536 2300 5614 Virginis
2327 5539 2704 5614 traditionem:
2771 5541 2818 5573 τι
2859 5538 3110 5614 Christus
3134 5538 3369 5614 t_ypi_cnm
3414 5535 3512 5592 Pa-

260 5597 394 5676 scha
419 5597 900 5676 seuludaicumjn
934 5612 1202 5676 postrema
1235 5597 1389 5676 cmn'a
1422 5605 1651 5676 peregit.
1715 5603 1861 5676 ΔΝοιςι
1891 5619 2080 5662 contra
2113 5597 2515 5666 sciiisrrtaticos;
2590 5611 2636 5642 ⁷⁸
2679 5609 2842 5666 Joan.
2889 5627 2926 5676 ι,
2975 5611 3066 5668 29.
3144 5597 3207 5642 ⁷’⁶’
3231 5608 3365 5666 Luc.
3410 5621 3504 5671 XV.

257 5667 353 5723 25.
425 5670 469 5702 ⁷⁷
495 5670 655 5726 Joan.
692 5687 782 5738 xx,
814 5670 906 5725 28.
934 5667 947 5672 ”
980 5673 1026 5703 ¹⁸
1072 5675 1195 5728 Act.
1228 5689 1288 5741 ιι,
1326 5674 1344 5727 l
1391 5667 1579 5743 scqqf
1619 5675 1662 5708 ⁷ο
1714 5671 1786 5732 De
1818 5675 1921 5731 hoc
1950 5679 2226 5748 scimpode
2257 5680 2422 5736 multa
2460 5681 2736 5739 Modestus
2789 5685 2839 5737 in
2888 5667 3140 5738 oratione
3171 5695 3291 5736 sua.

334 5822 443 5893 (37)
473 5823 603 5897 Reg.
639 5825 820 5893 decst._
839 5827 1167 5908 τρισολεὶίου,
