4046 6416
615 391 713 459 731
1777 402 1835 473 S.
1876 399 2116 460 JOANN
2124 399 2196 459 IS

2241 399 2665 461 DAMASCENI
3759 415 3839 477 73E

680 512 734 568 6.
775 509 1111 577 Quibusnam
1156 522 1282 563 vero
1329 515 1457 562 tunc
1504 508 1798 564 nonortbus
1843 511 1911 563 ab
1956 508 2045 562 illo
2104 508 2194 576 qui
2223 511 2271 566 Α

2239 511 2271 566 Α.
2372 515 2447 572 ς’.
2484 510 2617 562 Τίνα
2647 510 2703 563 δὲ
2734 510 2801 564 τὰ
2829 512 2916 566 ἐπ’
2943 515 3078 584 αύτῇ
3108 514 3246 587 γέρα
3272 518 3394 572 τότε
3418 519 3711 591 τελούμενα
3728 530 3837 599 πρὸς

606 603 927 678 parentibus
952 600 1211 656 honorem
1239 601 1423 654 haberi
1449 600 1653 667 sanxit,
1685 610 1876 655 ornata
1912 600 2037 655 est?
2064 600 2189 664 Eos,

2301 599 2395 652 τοῦ
2430 603 2711 674 γεραίρειν
2740 606 2864 668 τοὺς
2890 606 3148 671 τεκόντας
3182 607 3703 682 θεσμεθετήσαντοςς
3729 621 3838 685 Τοὺς

607 692 699 761 qui
732 691 932 761 passim
967 699 1078 743 toto
1104 691 1236 745 orbe
1271 691 1335 743 ad
1369 688 1618 744 homines
1643 688 1931 757 piscandos
1962 682 2194 758 dispersi

2301 690 2402 762 μὲν
2436 694 2749 765 ἁπανταχοῦ
2774 698 2873 767 τῆς
2898 698 3002 766 γῆς
3028 700 3165 770 πρὸς
3190 701 3505 771 ἀνθρώπων
3535 706 3709 760 ἀλείαν
3750 682 3836 765 Eu;

607 790 801 847 erant,
840 781 1401 849 modulatissimisque
1436 790 1492 834 et
1534 780 1923 848 multiplicibus
1960 782 2195 850 Spiritus

2299 786 2607 855 σπαρὲντας
2624 790 2744 851 ταῖς
2758 789 3186 859 πολυαρμονίαις
3206 797 3303 845 καὶ
3318 796 3593 860 ποικίλαις
3608 798 3836 866 γλώσσαις

607 871 824 941 linguis,
853 873 1110 939 verbique
1136 886 1357 941 sagena,
1398 887 1462 924 ex
1486 873 1693 926 erroris
1719 874 1974 942 voragine
2004 875 2067 927 ad
2092 874 2196 942 spi-

2294 879 2389 928 τοῦ
2423 878 2760 949 Πνευματος,
2796 884 2891 935 καὶ
2925 885 3119 953 τῇ.τοῦ
3162 885 3320 954 λόγου
3370 890 3587 960 σαγήνῃ
3619 894 3730 955 τοὺς
3762 895 3836 947 ἀν-

606 963 861 1016 ritualem
896 972 949 1015 ct
972 962 1246 1017 cmlestem
1275 964 1518 1032 mysticae
1551 978 1720 1018 cmnze
1756 980 1994 1019 mensam
2019 965 2192 1020 sacri-

2296 965 2549 1037 θρώπους
2578 969 2923 1041 ζωγροῦντας
2958 975 3021 1027 ὲκ
3054 975 3146 1028 τοῦ
3177 978 3277 1045 τῆς
3310 978 3524 1049 πλάνης
3550 980 3703 1049 βυθοῦ
3730 987 3835 1053 πρὸς

604 1068 711 1122 que
736 1054 969 1109 convivii
992 1053 1355 1121 spiritualium
1384 1054 1625 1109 cmlestis
1641 1045 1838 1125 Sponsi
1860 1057 2188 1127 nuptiarum.

2290 1057 2391 1128 τὴν
2447 1062 2824 1133 πλευματικὴν
2884 1065 2982 1117 καὶ
3034 1069 3363 1140 ἐπουράνιον
3426 1071 3706 1142 τράπεζαν
3762 1078 3834 1131 τοῦ

603 1162 739 1217 quas
770 1146 931 1202 Pater
958 1145 1115 1209 Filio,
1142 1148 1232 1216 qui
1266 1147 1504 1217 ejusdem
1535 1164 1658 1203 cum
1699 1150 1816 1217 ipso
1852 1150 2110 1217 potentia:
2128 1164 2192 1204 ac

2290 1148 2508 1204 δείπνου
2564 1153 2658 1206 τοῦ
2715 1156 2981 1225 μυστικοῦ
3033 1158 3135 1229 τῆς
3191 1163 3343 1231 ἱερᾶς
3392 1163 3711 1229 πανδαισίας
3750 1169 3834 1221 τῶν

602 1250 809 1294 natura
854 1248 975 1305 est,
1013 1240 1298 1310 magniﬁce
1326 1249 1379 1293 et
1419 1241 1564 1310 regie
1599 1240 1888 1294 admodum
1929 1240 2186 1306 celebrat,

2290 1245 2680 1312 πνευματικῶν
2731 1246 2828 1299 τοῦ
2874 1249 3127 1318 οὐρανίου
3165 1252 3400 1324 νυμφίου
3446 1255 3675 1324 γάμων,
3711 1258 3837 1321 οῦςὸ

603 1329 856 1385 homines
878 1330 1239 1391 extrahebant
1270 1370 1285 1395 ,
1318 1328 1502 1384 divino
1538 1329 1764 1399 imperio
1796 1332 1967 1383 nubes
1999 1330 2183 1399 cujus-

2289 1335 2482 1405 Πατὴρ
2504 1336 2581 1406 τῷ
2604 1337 2868 1392 ἰσοσθενεῖ
2889 1341 2983 1395 καὶ
3004 1343 3236 1412 ὁμοφυεῖ
3262 1345 3378 1415 Υἱῷ
3396 1346 3665 1418 λαμπρῶς
3692 1350 3835 1421 ἑστιᾷ,

599 1418 725 1472 dam
786 1419 918 1474 retis
975 1417 1144 1473 instar
1189 1417 1612 1487 Hierosolymam
1658 1418 1990 1487 adurgebat,
2043 1417 2187 1471 velut

2289 1426 2383 1478 καὶ
2432 1427 2551 1480 λίαν
2588 1427 2992 1497 βασιλικώτατα
3030 1434 3173 1487 θεῖον
3211 1436 3551 1507 πρόσταγμα
3586 1440 3711 1509 πρὸς
3748 1417 3833 1511 Ἰιέέ

600 1508 811 1574 aquilas
842 1507 1111 1577 quasdam
1141 1504 1471 1575 compellens
1495 1515 1657 1574 atque
1680 1505 1731 1558 in
1764 1521 1928 1558 unum
1965 1519 2181 1574 cogens.

2290 1518 2572 1587 ρουσαλὴμ
2592 1557 2606 1582 ,
2637 1519 2829 1590 ὥσπερ
2854 1540 2938 1586 τις
2971 1530 3183 1597 σαγήνη
3220 1504 3268 1596 ή*
3288 1504 3491 1599 νεφέλή
3520 1504 3831 1601 autnatura},

601 1598 705 1653 Ubi
735 1602 875 1653 enim
927 1599 1088 1668 fuerit
1120 1612 1329 1664 corpus,
1365 1598 1541 1668 inquit
1569 1597 1804 1661 Veritas,
1829 1596 1941 1649 illic
1970 1611 2185 1663 congre-

2283 1607 2348 1659 ἐκ
2385 1607 2493 1660 τῶν
2538 1612 2830 1680 τερμάτων
2858 1614 2960 1685 τῆς
3005 1617 3108 1687 γῆς
3139 1611 3230 1672 οἷά
3274 1637 3429 1685 τινας
3480 1622 3669 1686 ἀετοὺς
3696 1641 3833 1679 συνω-

597 1693 866 1762 gabuntur
907 1701 956 1744 et
996 1689 1189 1760 aquilae
1211 1690 1279 1744 ⁸ο.
1320 1689 1491 1755 Nam,
1544 1689 1792 1759 quamvis
1847 1690 1914 1744 de
1944 1689 2061 1758 ejus
2088 1689 2182 1759 qui

2285 1696 2449 1751 θοῦσα
2504 1700 2601 1753 καὶ
2646 1704 3095 1775 συναθροίζουσα.
3126 1709 3318 1766 Ὅπου
3352 1712 3469 1785 γὰρ
3522 1714 3587 1767 τὸ
3636 1716 3828 1785 πτῶμα,

599 1783 686 1838 his
723 1781 905 1836 verbis
929 1795 1060 1835 usus
1099 1789 1218 1844 est,
1271 1782 1506 1835 secundo
1534 1790 1588 1834 et
1626 1780 1820 1835 illustri
1851 1796 1882 1836 e
1909 1780 2061 1837 cmlis
2092 1780 2181 1835 ad-

2234 1851 2254 1878 ,
2283 1789 2517 1861 Χριστὸς
2549 1793 2580 1862 ἡ
2626 1794 2856 1866 ἀλήθεια
2900 1798 3093 1871 ἔφησε,
3123 1802 3266 1868 τοὺς
3302 1780 3525 1873 ἀετοὺς
3563 1780 3832 1878 συναχθή-

597 1883 785 1941 ventu,
812 1873 866 1929 id
896 1873 1211 1942 prmdictum
1235 1872 1326 1939 sit,
1359 1872 1501 1928 haud
1526 1884 1704 1927 tamen
1733 1874 1965 1929 absurde
1995 1873 2176 1943 cujus-

2339 1850 2351 1861 .
2498 1850 2512 1855 ν
2570 1850 2580 1862 .
2716 1850 2728 1866 .
2910 1850 3093 1871 κηπι
3129 1850 3257 1868 ην.
3303 1850 3514 1873 ww",
3563 1850 3829 1878 ννι-ιν-,ν

2232 1851 2254 1905 3
2284 1886 2523 1938 σεσθαι.
2554 1884 2616 1936 El
2647 1886 2757 1957 γὰρ
2796 1889 2891 1941 καὶ
2923 1891 3053 1960 περὶ
3095 1895 3194 1962 τῆς
3225 1894 3392 1949 αὐτοῦ
3422 1896 3527 1950 τοῦ
3569 1897 3727 1951 ταῦτα
3760 1900 3830 1952 λέ-

596 1970 717 2023 dam
740 1967 1068 2024 condimenti
1092 1967 1357 2022 orationis
1381 1965 1499 2023 loco
1518 1968 1606 2022 hic
1622 1968 1785 2022 etiam
1806 1968 2170 2037 usurpabitur.

2282 1971 2475 2037 ξαντος
2504 1975 2764 2046 δευτέρας
2793 1981 3039 2053 μεγάλης
3068 1985 3162 2037 καὶ
3189 1985 3495 2054 ἐπιφανοῦς
3526 1988 3635 2058 (58)
3664 2007 3831 2059 παρου-

592 2060 833 2115 Aderant
876 2059 1039 2128 igitur
1064 2058 1265 2113 oculati
1302 2059 1376 2111 illi
1423 2069 1589 2113 testes
1623 2068 1678 2113 et
1716 2059 1949 2113 ministri
1998 2060 2169 2124 verbi,

2284 2062 2436 2129 σίας,
2470 2068 2567 2119 καὶ
2601 2069 2899 2139 οὐρανόθεν
2946 2076 3429 2146 καταφοιτήσεως,
3482 2080 3516 2148 ἠ
3568 2079 3716 2150 ρἧις
3740 2058 3830 2150 iisz

592 2160 651 2204 ut
689 2166 787 2220 pro
807 2165 871 2205 eo
900 2166 963 2205 ac
1003 2150 1291 2214 debebunt,
1319 2152 1485 2215 ipsius
1512 2153 1679 2205 etiam
1712 2153 1869 2204 tnntri
1903 2153 2173 2205 ministra-

2281 2155 2640 2225 προλέλεκται
2662 2200 2676 2223 ,
2713 2162 2831 2215 ἀλλ’
2861 2165 2963 2217 οὐκ
3001 2166 3219 2230 ἀτόπως
3245 2167 3437 2240 ὥσπερ
3472 2171 3730 2240 ήδύσματι
3754 2173 3828 2225 τοῦ

591 2250 732 2303 rent,
760 2250 813 2294 et
854 2256 920 2293 ex
950 2241 1063 2309 ipsa
1105 2242 1561 2303 benedictionem,
1592 2241 1979 2309 utnpliss'ittlallt
2010 2242 2169 2297 veluti

2277 2246 2438 2316 λόγου
2484 2252 2764 2307 κάνταῦθα
2806 2258 3319 2331 παραληφθήσεται.
3375 2264 3643 2335 Παρῆσαν
3681 2264 3828 2319 τοίνυν

590 2332 879 2401 quamdam
915 2332 1525 2401 praestantissimamque
1554 2333 1954 2397 luereditatetn,
1991 2334 2172 2387 hauri-

2277 2341 2327 2393 οἱ
2361 2341 2625 2397 αὐτόπται
2655 2346 2751 2398 καὶ
2782 2347 2877 2415 τοῦ
2912 2348 3070 2415 λόγου
3104 2332 3616 2423 θερείιπονιτεςξκατ⁸
3642 2355 3828 2425 ὀφειλὴν

592 2422 762 2476 rent?
805 2421 1007 2490 Ecquis
1052 2422 1196 2475 enim
1233 2422 1443 2476 dubitat
1509 2423 1636 2490 quin
1680 2422 1793 2492 ipsa
1837 2423 2169 2476 benedictio-

2276 2432 2374 2485 καὶ
2412 2436 2477 2504 τῇ
2527 2435 2717 2489 τούτου
2752 2441 2924 2510 μητρὶ
2977 2421 3484 2514 λειτουργήσοντες,
3525 2448 3620 2501 καὶ
3664 2421 3828 2520 κλῆρον

591 2513 673 2567 nis
703 2513 823 2567 fons
867 2512 979 2577 sit,
1018 2520 1072 2568 et
1104 2513 1344 2567 omnium
1387 2514 1650 2567 bonorum
1689 2513 2005 2583 scaturigo?
2053 2511 2167 2567 Una

2274 2523 2464 2594 ὥσπερ
2488 2527 2609 2579 τινὰ
2640 2529 2902 2601 πολυτελῆ
2931 2532 3022 2585 καὶ
3050 2511 3353 2605 ὑπέρτιμον
3391 2537 3495 2608 τὴν
3525 2511 3828 2616 εὐλογίαν-ἐξ

587 2604 751 2658 etiam
793 2604 1019 2659 aderant
1057 2606 1293 2674 ipsorum
1347 2605 1567 2659 asseclae
1606 2615 1659 2659 et
1698 2620 2074 2671 successores,
2111 2612 2169 2660 ut

2274 2616 2445 2688 αὐτῆς
2474 2618 2828 2689 ἀρυσάμενοι.
2862 2622 2982 2675 Τίνι
3013 2624 3122 2695 γὰρ
3152 2604 3299 2680 ἔστιν
3333 2629 3365 2698 ἡ
3395 2604 3596 2699 γνώμη
3630 2604 3828 2700 ἀμφίὸοσ

587 2710 709 2749 cum
743 2695 1053 2759 ministerii,
1083 2706 1193 2749 tum
1227 2697 1617 2751 benedictionis
1640 2698 1931 2767 participes
1960 2708 2165 2751 essent.

2274 2707 2383 2771 λος.
2414 2707 2489 2772 ὡς
2533 2709 2671 2782 αῦτη
2702 2712 2801 2782 τῆς
2846 2714 3098 2783 εὐλογίας
3146 2718 3297 2788 πηγὴ
3338 2695 3434 2772 καὶ
3487 2695 3826 2774 πάντων-τῶν

587 2791 831 2855 Quorum
871 2788 1017 2843 enim
1044 2789 1347 2843 communis
1374 2797 1457 2843 est
1507 2788 1700 2855 labor,
1752 2790 1943 2844 horum
2002 2790 2165 2845 etiam

2274 2799 2494 2866 ἀγαθῶν
2524 2803 2760 2874 ὑπάρχει
2798 2805 3127 2873 άνάϐλυσις;
3163 2810 3549 2882 Συμπαρῆσαν
3595 2812 3649 2865 δὲ
3676 2812 3758 2865 καὶ
3785 2814 3822 2865 oi

587 2880 798 2936 fructus
840 2896 1156 2937 communes
1198 2896 1320 2936 esse
1367 2882 1789 2939 consentaneum
1829 2894 1931 2939 est.
1971 2884 2078 2940 Sed
2112 2896 2168 2940 et

2272 2891 2478 2945 τούτων
2506 2894 2696 2947 ὀπαδοὶ
2717 2896 2810 2947 καὶ
2840 2896 3098 2969 διάδοχοι,
3126 2901 3222 2970 τῆς
3250 2880 3597 2975 λειτουργίας
3624 2906 3728 2974 ἅμα
3751 2905 3824 2956 καὶ

587 2972 810 3039 insuper
836 2971 1067 3025 electum
1110 2988 1138 3025 a
1170 2970 1276 3026 Deo
1316 2987 1541 3042 agmen,
1586 2976 1730 3043 quod
1776 2973 2167 3047 Hierosolymis

2270 2983 2373 3053 τῆς
2401 2984 2655 3053 εύλογίας
2698 2988 3037 3057 μεθέξοντες.
3081 2986 3183 3046 Ὧν
3228 2994 3336 3065 γὰρ
3382 2970 3568 3060 κοινὸς
3600 2998 3627 3050 ό
3662 2970 3823 3061 πόνος,

586 3062 925 3116 versabatur.
969 3062 1034 3116 Et
1068 3077 1196 3117 vero
1228 3079 1325 3133 par
1355 3073 1493 3130 erat,
1527 3075 1585 3118 ut
1615 3075 1669 3119 et
1696 3068 1938 3135 primarii
1967 3068 2166 3137 quique

2272 3077 2366 3128 καὶ
2394 3079 2448 3130 αἱ
2486 3080 2815 3150 ὲπικαρπίαι
2866 3083 3211 3153 κατάλληλοι.
3243 3062 3615 3158 Παρειστήκει
3659 3087 3711 3140 δὲ
3749 3088 3824 3140 καὶ

585 3164 828 3209 veterum
875 3154 1142 3223 iustorum
1186 3167 1240 3209 et
1290 3157 1716 3225 patriarcharum
1772 3159 1996 3215 comites
2038 3160 2166 3215 illuc

2226 3205 2238 3263 :
2270 3166 2379 3220 τῶν
2400 3169 2460 3221 ὲν
2491 3168 2503 3187 ”
2527 3171 2868 3242 ῐερουσαλὴμ
2893 3172 3015 3225 ὅσον
3037 3172 3319 3230 θεόλεκτον
3347 3177 3626 3246 σύστημα.
3660 3178 3824 3247 Ἐχρῆν

585 3244 933 3311 accederent,
967 3249 1129 3316 inque
1157 3247 1297 3303 sacri
1346 3247 1505 3316 hujus
1535 3249 1774 3306 satellitii
1816 3261 2021 3320 partem
2065 3268 2162 3308 ve-

2225 3244 2238 3263 ’
2269 3259 2325 3312 δὲ
2357 3261 2450 3314 καὶ
2480 3261 2588 3315 τῶν
2617 3262 2786 3316 πάλαι
2816 3264 3042 3319 δικαίων
3074 3267 3168 3319 καὶ
3191 3268 3489 3339 προφητῶν
3533 3270 3657 3331 τοὺς
3689 3270 3823 3339 ἀκρὲ·

584 3338 806 3405 nirent;
862 3338 1060 3408 quippe
1119 3339 1212 3409 qui
1286 3340 1559 3396 carnalem
1611 3341 2165 3416 benignissimatnque

2272 3369 2441 3421 μονοις
2460 3359 2964 3427 συμπαρομαρτεῖν,
2990 3357 3197 3429 ταύτης
3222 3338 3324 3429 τῆς
3353 3362 3509 3430 ἱερᾶς
3532 3338 3822 3432 δορυφορίας

584 3429 680 3485 Dei
715 3427 875 3485 Verbi
913 3445 980 3485 ex
1012 3445 1074 3485 ea
1116 3441 1316 3486 nostra:
1356 3432 1548 3488 salutis
1586 3448 1749 3490 causa
1773 3476 1790 3503 ,
1823 3438 2162 3493 nativitatem

2272 3442 2598 3513 μεθέξοντας
2617 3485 2632 3509 ,
2663 3447 2789 3509 τοὺς
2818 3427 3376 3521 προκατηγγελκότας
3406 3427 3621 3523 -δηλαδῆ
3776 3436 3820 3515 ἕξ

582 3521 1102 3592 praenuntiaverant.
1140 3521 1280 3588 Quin
1308 3538 1376 3578 ne
1405 3524 1718 3594 angelorum
1747 3528 1963 3597 quidem
1988 3540 2164 3584 cater-

2269 3537 2441 3607 αὐτῆς
2469 3538 2566 3591 τοῦ
2590 3539 2725 3591 Θεοῦ
2770 3540 2944 3611 Λόγου
2973 3542 3042 3595 δι’
3069 3545 3219 3614 ἡμᾶς
3252 3521 3521 3616 ἕνσαρκόν
3555 3521 3728 3598 τεκαὶ
3753 3561 3821 3610 φι-

580 3628 645 3667 va
678 3612 747 3666 ab
776 3612 876 3667 hoc
903 3622 1047 3668 coetu
1075 3614 1269 3669 abfuit.
1311 3614 1583 3685 Quidquid
1622 3618 1765 3673 enim
1795 3634 2007 3676 summo
2028 3620 2161 3691 Regi

2266 3630 2588 3703 λάνθρωπον
2629 3632 2903 3703 γέννησιν.
2949 3612 3245 3690 Ἀλλ’-οὐδὲ
3292 3612 3546 3706 ἀγγέλων
3580 3638 3819 3708 ὁμήγυρις

580 3720 648 3760 ex
678 3704 859 3759 animo
893 3715 1086 3772 paret,
1132 3720 1305 3775 eoque
1337 3708 1557 3776 dignum
1606 3710 1813 3767 honore
1852 3722 1974 3780 est,
2019 3723 2078 3769 ut
2110 3715 2159 3770 ei

2266 3723 2513 3794 ἄμοιρος.
2557 3724 2721 3775 Ὅσον
2762 3725 2871 3794 γάρ
2899 3726 2977 3796 τῷ
3009 3727 3224 3798 βασιλεῖ
3254 3704 3399 3781 κατά
3446 3704 3817 3799 γνὼμῇν

560 3796 820 3861 .assistat,
843 3796 945 3849 hoc
970 3796 1140 3865 ipsius
1167 3811 1381 3865 quoque
1400 3799 1697 3855 secundum
1721 3816 1939 3858 carnem
1964 3818 2158 3873 paren-

2266 3831 2445 3878 κουον,
2477 3813 2771 3868 κάντεῦθεν
2793 3817 2897 3886 τῆς
2922 3817 3090 3871 αὑτοῦ
3116 3819 3425 3890 τιμαλφοῦς
3449 3820 3816 3890 παραστάσεως

580 3896 714 3950 tem,
739 3885 1108 3941 beatissimam
1132 3886 1300 3951 illam,
1329 3889 1691 3961 omnibusque
1721 3895 2159 3963 generationibus

2265 3904 2435 3971 ἄξιον,
2448 3904 2554 3957 ἔδει
2577 3907 2895 3978 δορυφορεῖν
2905 3908 3003 3979 τὴν
3019 3885 3211 3964 τούτου
3233 3885 3373 3964 κατὰ.
3393 3885 3575 3983 σάρκα
3595 3911 3812 3983 Μητέρα,

578 3989 633 4033 et
662 3978 929 4033 creaturis
954 3978 1395 4036 excellentiorem
1425 3982 1631 4051 stipare
1663 3985 1973 4053 oportebat.
2016 3987 2159 4045 Huic

2262 3996 2361 4065 τὴν
2387 3995 2685 4049 πανολὸίαν
2704 3996 2874 4061 ὅντως
2899 3978 2993 4051 καὶ
3019 4000 3264 4072 μάκαρα,
3310 4001 3411 4073 τὴν
3436 3978 3627 4056 πασῶν
3646 3978 3814 4071 γενεῶν

576 4082 767 4123 amnes
799 4072 1053 4124 astabant
1086 4068 1326 4140 Spiritus
1351 4070 1560 4141 fulgore
1582 4074 1891 4143 collucenti,
1921 4078 2159 4149 splendi-

2265 4083 2361 4138 καὶ
2384 4083 2612 4149 κτίσεως
2640 4085 2863 4157 ἁπάσης
2922 4068 3392 4161 προφερεστέραν.
3426 4093 3613 4163 Ταύτῃ
3647 4068 3811 4161 παρει-

578 4157 923 4227 dissimisque
962 4173 1060 4214 eos
1100 4159 1267 4213 radiis
1296 4159 1623 4215 illuminanti
1648 4202 1665 4228 ,
1700 4164 1791 4232 qui
1828 4168 2153 4232 reverentia,

2265 4175 2562 4245 στήκεισαν
2610 4174 2890 4243 ἅπαντες,
2928 4157 2993 4249 τῇ
3036 4157 3358 4253 φρυκτωρία
3393 4157 3810 4255 λαμπομένῃτοῦ

576 4259 632 4305 et
667 4259 809 4303 metu
856 4261 911 4305 et
952 4250 1209 4305 immobili
1245 4266 1431 4307 amore
1471 4267 1662 4323 purum
1708 4258 1761 4311 in
1809 4271 1928 4317 eam
1962 4258 2158 4315 mentis

2262 4265 2604 4338 Πνεύματος,
2645 4268 2879 4331 καὶτοῖς
2915 4250 3809 4345 ἐκλάμπροιςμαρμαρυγαῖς-κα-

574 4343 794 4398 oculum
823 4343 1150 4414 deligebam.
1182 4343 1404 4416 [Nullus
1428 4347 1571 4401 enim
1608 4357 1694 4402 est
1729 4350 1967 4405 cmlitum
2000 4352 2153 4418 ordo,

2264 4357 2628 4429 ταλαμπούσῃ
2656 4359 2783 4423 τοὺς
2814 4360 2954 4413 αἰδοῖ
2978 4378 3060 4427 τε,
3088 4364 3185 4417 καὶ
3213 4343 3388 4435 φόϐῳ,
3410 4343 3513 4419 καὶὴ
3532 4366 3727 4419 ἀκλινεῖ
3749 4362 3811 4430 τῷ

581 4432 670 4501 qui
701 4446 807 4487 non
827 4434 1156 4487 unanimiter
1187 4434 1443 4501 adfuerit,
1475 4453 1575 4492 nec
1596 4440 1882 4509 quisquam
1908 4445 2156 4499 inventus

2262 4449 2413 4521 πόθῳ
2431 4449 2726 4520 εὶῇικρινὲς
2746 4450 2882 4523 αὐτῇ
2900 4452 3053 4523 ὄμμα
3069 4455 3255 4526 νοητὸν
3281 4432 3661 4529 ἐνερείδοντας.
3681 4458 3809 4509 Ἐστι

581 4531 683 4587 cst,
713 4522 804 4593 qui
838 4539 904 4578 eo
933 4525 1097 4595 873
1122 4524 1265 4593 quod
1290 4525 1345 4579 in
1376 4529 1630 4597 supernis
1664 4533 2006 4602 versabatur,
2038 4535 2155 4589 nul-

2211 4562 2231 4614 )
2262 4541 2369 4612 γὰρ
2410 4542 2521 4613 (59)
2547 4541 2658 4596 τῶν
2683 4541 2854 4598 ὄντων
2879 4522 3052 4612 οὐδὲν,
3074 4546 3103 4600 δ
3234 4522 3395 4603 τοῦτο
3416 4551 3676 4620 πέφυκεν,
3707 4550 3735 4618 ἢ
3762 4548 3809 4601 τὺ

575 4613 721 4683 lique
747 4613 1064 4670 inferiorum
1103 4620 1499 4686 comparandus
1522 4630 1688 4688 esset,
1724 4623 2071 4691 descendere,
2100 4640 2154 4685 et

2209 4613 2215 4614 ί
2260 4633 2418 4705 μόνον
2456 4634 2542 4687 ἓνο
2599 4634 2681 4687 ὅτι
2716 4634 2881 4705 μηδὲν
2926 4636 3034 4691 τῶν
3072 4613 3242 4693 ὄντων
3282 4639 3359 4711 τῷ
3393 4613 3688 4713 ὑπερεῖναι,
3725 4613 3807 4691 καὶ

574 4707 754 4764 omnia
788 4723 908 4779 quae
940 4709 1051 4764 dixi
1094 4725 1319 4765 munera
1348 4712 1501 4768 obire
1542 4716 1831 4772 recusavit.

2256 4725 2393 4795 πρὸς
2429 4724 2583 4779 οὐδὲν
2624 4727 3063 4799 παρατιθέμενον
3101 4707 3341 4797 κάτεισι,
3391 4707 3710 4789 καὶ-κατιόν
3754 4748 3806 4799 γε

2256 4816 2394 4886 πρὸς
2440 4817 2681 4882 ἅπαντα,
2724 4820 2817 4872 καὶ
2850 4818 3073 4887 ποιοῦν,
3111 4823 3207 4876 καὶ
3261 4822 3336 4895 μὴ
3384 4824 3447 4878 τδ
3471 4826 3692 4896 δρᾶσθαι
3714 4824 3804 4896 (40)

2254 4906 2567 4979 δεχόμενον.

646 4970 696 5024 7.
732 4969 829 5027 Hic
860 4971 1121 5030 divinitus
1145 4974 1393 5045 inspirati
1426 4977 1717 5051 divinaque
1742 4982 1999 5041 instinctu
2021 4986 2149 5044 editi

2444 4998 2710 5053 Ἐνταῦθα
2755 5000 2905 5069 λόγοι
2939 5001 3287 5060 θεόπνευστοι
3327 5009 3422 5061 καὶ
3457 5008 3799 5078 θεόφθεγκτοι.

573 5078 872 5121 sermones.
914 5065 1012 5123 Hic
1050 5068 1221 5123 divini
1256 5071 1480 5142 hymni,
1524 5082 1578 5129 et
1607 5078 1851 5134 oxnando
1889 5079 2146 5138 discessui

2266 5089 2529 5144 Ἐνταῦθα
2544 5093 2697 5157 τινες
2724 5065 2885 5164 ὕμνοι
2914 5093 3241 5167 θεοπρεπεῖς
3264 5099 3361 5153 καὶ
3389 5065 3602 5166 ὲξόδιοί.
3637 5065 3785 5171 ’Τμνῆ

576 5155 774 5211 idonei.
810 5155 1107 5227 Oportebat
1138 5162 1281 5217 enim
1314 5164 1417 5220 hoc
1459 5181 1675 5237 quoque
1713 5171 1929 5227 nomine
1966 5172 2148 5228 inlini-

2256 5196 2344 5232 σαι
2379 5180 2490 5251 γὰρ
2521 5155 2715 5251 ἐχρῆν,
2750 5155 2888 5238 κάπὶ
2910 5155 3086 5257 τούτῷ
3107 5155 3603 5262 τῆν’ῡπεράτὶειρον
3629 5155 3799 5259 ἀγξιθάῖ

576 5253 684 5298 tam
721 5245 814 5300 Dci
846 5246 1140 5303 bonitatem
1165 5291 1178 5316 ,
1207 5254 1781 5327 praecelsissimamque
1822 5263 2146 5331 magnitudi-

2255 5245 2429 5339 τητα,
2457 5245 3462 5349 καίττδὺπερμέγεθες’μέγεθοςίκαὶ
3482 5245 3583 5355 τὴν
3612 5245 3799 5349 ἀπειρο-

644 5394 689 5428 ³⁹
718 5397 910 5455 Matth.
943 5417 1093 5469 utv,
1121 5402 1217 5457 9.8.

591 5589 595 5592 .
784 5533 921 5628 ξι
940 5536 1090 5628 ColLb.
1123 5548 1178 5593 et
1209 5537 1394 5628 Germ;
1422 5540 1729 5628 ἐπιφανοῦς
1738 5541 2061 5628 Ιοςῖτρανόθεν.

2242 5547 2475 5628 ‘73“de
2512 5553 2675 5628 ,δυεῖν
2733 5574 2895 5628 quam
2950 5562 3090 5621 forte
3139 5583 3207 5623 ex
3262 5564 3460 5627 saniori
3535 5581 3673 5628 textu
3722 5586 3792 5624 ex-

654 5608 657 5611 -
1306 5609 1317 5619 .
1530 5602 1541 5609 “
1609 5611 1619 5621 .
1659 5613 1667 5622 .
1699 5602 1729 5621 ’.
1782 5615 1790 5622 .
1841 5613 1851 5623 .
2406 5602 2469 5630 _’"
2528 5602 2675 5619 """1
2735 5602 2895 5628 ‘1"qu
2950 5602 3090 5621 ιυιιυ
3139 5602 3207 5623 (ΞΛ
3262 5602 3459 5627 θΙΙΙΙυΙΊ
3536 5602 3673 5628 ιῦιιυ
3722 5602 3791 5624 τι·

779 5602 1168 5711 Ιὴηιξηξ
1193 5608 1493 5711 Ῥξιςξὲιιέμξξ
1515 5602 1942 5711 οκςιειιρῐξὲιῖευῆ
1973 5628 2134 5682 quam
2245 5630 2464 5711 Pfesstt.
2511 5621 2564 5676 In
2602 5624 2936 5711 §egtteriano
2985 5636 3184 5703 legitur
3222 5642 3503 5708 duntaxat,
3533 5646 3610 5696 ὅτι
3653 5641 3791 5711 μηδὲν

575 5684 750 5728 tamen
779 5676 992 5731 codices
1014 5676 1369 5748 liabent’qnos
1389 5679 1517 5733 vidi.
1543 5679 1939 5735 Obscurissinia
1977 5676 2139 5751 porro

575 5755 650 5785 nul
718 5760 816 5785 nnt-
846 5762 966 5785 mnn
1008 5748 1367 5785 nulurinrihnc
1413 5762 1780 5785 Dnnennlnlno-I
1844 5753 1982 5785 ιηηιο
2009 5755 2137 5785 Ihm,

2246 5676 2260 5688 .
2286 5688 2311 5700 ,,
2616 5676 2934 5714 μέν---.ηυγ
2985 5676 3172 5703 μνη..
3222 5676 3503 5708 “unum,
3533 5676 3610 5696 ω,
3653 5676 3789 5711 HW.

2660 5704 2943 5771 υπερεῖται
2988 5706 3083 5761 καὶ
3112 5710 3321 5779 ποιοῦν,
3366 5714 3457 5768 καὶ
3488 5712 3563 5785 μὴ
3610 5713 3664 5767 τὸ
3687 5711 3790 5781 δρᾶ·

572 5755 680 5824 cst,
718 5760 966 5832 nec-cum
1007 5748 1368 5829 anterioribus
1413 5762 1805 5832 consentanea,
1844 5748 2142 5832 undelibe-

2126 5784 2142 5795 '
2251 5759 2373 5812 σθαι
2403 5748 2943 5832 λεγόμενοξλῐνδγννηη
2990 5748 3083 5761 ””’
3118 5748 3321 5779 ”¹”ν·¹νρ
3366 5748 3457 5768 Iun
3488 5748 3563 5785 μαι
3619 5748 3664 5767 ,ν
3688 5748 3724 5781 νδ

573 5815 770 5871 rioretu
811 5817 1097 5887 Lipomnni
1134 5818 1632 5887 interpretationem
1678 5815 1833 5891 hujus
1877 5822 1977 5879 loci
2031 5840 2145 5881 scr-

1411 5820 1632 5875 ttiouem
1678 5815 1833 5891 hujus
1877 5822 1977 5879 loci
2031 5840 2145 5881 ser-
2322 5831 2434 5900 (ill)
2473 5815 2729 5909 ii'cb
2764 5840 3009 5911 δρᾶσθαι.
