4046 6422
204 421 312 485 733

1007 423 1334 486 HOMILIA
1373 424 1433 484 II
1473 423 1556 486 IN
1589 423 2136 486 DORMITIONEM
2174 426 2238 484 B.
2278 423 2342 485 V.
2385 425 2670 486 MARI.~"E.

3338 422 3440 489 734

196 539 438 607 δύναμον
465 534 713 606 δύναμιν,
748 534 841 588 καὶ
878 532 976 605 τὴν
1016 535 1218 597 παντὸς
1266 532 1434 604 ὕψους
1465 535 1560 587 καὶ
1610 535 1775 605 μεγέ-

1879 549 2036 599 nem,
2082 542 2136 588 et
2168 533 2434 588 inllnitam
2476 535 2768 604 potentiam
2789 577 2805 602 ,
2853 551 2952 593 nec
2975 553 3088 595 non
3119 540 3289 612 ipsius
3318 559 3446 616 erga

195 630 324 692 θους
371 628 628 681 ἐπέκεινα
668 626 803 696 πρὸς
850 627 996 696 ἡμᾶς
1045 624 1210 679 αὑτοῦ
1262 625 1628 698 μετριότητα,
1677 625 1768 679 τὸν

193 719 573 790 ὑπέρπλουτον
597 717 826 770 πλοῦτον
849 715 945 785 τῆς
966 715 1352 784 άκαταλήπτου
1379 716 1764 787 χρηστότητος,

194 811 295 881 τὴν
323 810 594 879 ἄπληστον
616 808 712 878 τῆς
737 808 954 876 ἀγάπης
984 806 1238 860 ἄϐυσσον·
1263 807 1410 868 ὄπως
1436 807 1537 876 τῆς
1562 807 1770 870 οἰκείας

191 904 296 956 οὐκ
339 902 671 971 ἐκφοιτήσας
717 898 1140 969 μεγαλειότητος
1165 939 1180 963 ,
1211 899 1350 969 πρὸς
1379 897 1476 968 τὴν
1511 898 1768 969 ὑψοποιδν

191 993 544 1060 καταδέὸηκε
595 991 847 1056 κένωσιν,
911 989 1124 1059 Πατρδς
1183 972 1625 1052 συνευδοκοῦντος
1677 989 1771 1043 καὶ

143 1067 152 1073 δ
191 1085 342 1140 Πνεύ
353 1102 517 1156 ματος
537 1103 551 1118 ο
583 1085 733 1148 ὅπως
749 1085 776 1138 ὁ
799 1083 1121 1154 ὑπερούσιος
1143 1084 1208 1136 ὲκ
1236 1081 1551 1152 γυναικείας
1579 1080 1770 1153 νηδύος

193 1179 540 1250 ὑπερουσίως
582 1177 860 1231 ούσίωται·
887 1177 1036 1240 ὅπως
1076 1175 1209 1240 Θεός
1236 1175 1294 1228 τέ
1334 1176 1504 1241 ἐστιν,
1542 1175 1639 1231 καὶ⁸
1677 1177 1770 1231 ἄν-

191 1270 420 1341 θρωπος
459 1269 676 1338 γέγονε,
727 1269 820 1321 καὶ
869 1267 1022 1338 μένει
1075 1266 1216 1320 κατὰ
1260 1266 1455 1320 ταύτὸν
1508 1266 1771 1337 ὑπάρχων

190 1361 505 1432 ἀμφότερα·
529 1362 677 1424 ὅπως
705 1358 830 1412 οὔτε
865 1359 967 1429 τῆς
999 1357 1188 1422 οὐσίας
1216 1357 1485 1428 ἐκϐέϐηκε
1522 1357 1621 1427 τῆς
1651 1357 1769 1410 θεό-

187 1469 384 1523 τητος,
419 1451 514 1504 καὶ
564 1450 963 1522 παραπλησίως
1001 1450 1134 1522 ἡμῖν
1179 1448 1542 1518 κεκοινώνηκε
1569 1447 1772 1518 σαρκός

187 1563 253 1599 τε
279 1547 382 1600 καὶ
401 1545 650 1616 αἳματος·
673 1547 820 1607 ὅπως
847 1546 876 1597 ὁ
899 1543 1076 1597 πάντα
1109 1541 1349 1612 πληρῶν,
1374 1541 1470 1593 καλ.
1493 1542 1676 1612 φέρων
1703 1541 1773 1595 τὰ

193 1634 501 1705 σύμπαντα
530 1635 608 1706 τῷ
641 1637 846 1706 ῥήματι
891 1632 985 1686 τοῦ
1015 1632 1220 1686 οίκείου
1251 1631 1546 1702 στόματος,
1589 1629 1774 1683 στενὸν

187 1727 399 1796 χωρίον
447 1726 804 1798 κατῴκησεν·
837 1729 989 1790 ὅπως
1019 1725 1080 1779 τδ
1124 1723 1312 1778 ὑλικδν
1360 1723 1453 1777 καὶ
1503 1722 1775 1794 χορτῶδες

192 1819 364 1889 σῶμα
401 1819 503 1888 τῆς
546 1817 792 1887 ἀοιδίμου
831 1817 1071 1887 ταύτης,
1114 1817 1175 1870 τὸ
1219 1815 1618 1869 καταναλίσκον
1663 1813 1773 1885 πῦρ

1877 640 1976 679 nos
2019 624 2438 680 moderationem
2482 626 2627 680 omni
2678 625 2960 684 altitudine
3009 639 3062 685 et
3119 633 3449 692 sublimitate

1877 717 2231 786 superiorem,
2261 725 2314 772 et
2343 715 2807 787 incomprehensa:
2833 719 3182 789 benignitatis
3221 725 3450 782 immen-

1877 823 1966 864 sas
1988 809 2226 873 divitias,
2244 809 2565 878 tandemque
2582 809 2956 880 inexplebilem
2983 813 3260 871 charitatis
3285 818 3448 889 abys-

1876 915 1992 954 sum
2038 901 2285 956 laudibus
2331 899 2558 956 ell‘erre:
2595 917 2701 972 quo
2739 913 2896 972 pacto
2937 905 3051 974 ipse
3089 923 3118 961 a
3148 923 3245 963 sua
3282 911 3450 979 maje-

1877 1001 2016 1048 state
2047 1007 2150 1048 non
2191 994 2494 1058 excedens,
2539 994 2606 1048 ad
2632 995 2978 1052 sublimitatis
3017 1007 3291 1068 parentem
3333 1003 3451 1056 exi-

1878 1085 2209 1140 nanitionem
2263 1084 2490 1156 benigna
2546 1085 2724 1142 Patris
2775 1097 2830 1143 et
2882 1087 3115 1158 Spiritus
3170 1091 3450 1147 voluntate
3508 1159 3510 1161 ς

1876 1173 2215 1230 descenderit
2248 1191 2262 1229 :
2303 1192 2411 1246 quo
2438 1185 2594 1248 pacto
2628 1177 2673 1232 is
2710 1179 2801 1248 qui
2824 1195 2987 1250 supra
3019 1183 3308 1238 essentiam
3344 1193 3449 1250 est,

1876 1279 1942 1321 ex
1975 1264 2188 1320 feminae
2212 1275 2365 1321 utero
2387 1268 2687 1323 sublimiori
2712 1285 2873 1340 supra
2901 1274 3190 1328 essentiam
3218 1276 3448 1344 ratione,

1875 1357 2109 1414 essentia
2138 1358 2347 1412 exstitit
2375 1358 2421 1390 “
2453 1376 2467 1413 :
2502 1374 2609 1428 quo
2642 1370 2799 1430 pacto
2832 1363 2970 1420 Deus
3001 1381 3122 1421 cum
3151 1377 3320 1435 esset,
3363 1369 3448 1424 fa-

1877 1455 1998 1504 ctus
2018 1457 2102 1504 est
2123 1449 2302 1514 homo,
2331 1449 2490 1504 simul
2515 1460 2804 1522 utrumque
2837 1469 3062 1510 manens
3093 1473 3107 1510 :
3137 1473 3242 1528 quo
3270 1468 3446 1530 pacto,

1879 1556 1979 1595 nec
2008 1555 2037 1594 a
2063 1541 2278 1597 deitatis
2315 1543 2612 1598 substantia
2639 1545 2890 1608 excessit,
2913 1554 2969 1600 et
2989 1547 3237 1604 similiter
3264 1566 3327 1606 ac
3349 1567 3449 1608 nos

1879 1646 2098 1686 carnem
2130 1643 2181 1686 et
2211 1634 2522 1703 sanguinem
2549 1636 2894 1706 participavit
2919 1638 2966 1669 "
2994 1652 3011 1693 :
3040 1655 3148 1710 quo
3173 1653 3332 1709 pacto
3359 1643 3448 1699 ille

1879 1724 1969 1792 qui
2022 1725 2199 1778 omnia
2249 1726 2472 1794 implet,
2507 1728 2868 1798 omnibusque
2915 1733 3164 1800 superior
3209 1735 3446 1802 exsistit,

1879 1825 2102 1884 portans
2133 1814 2315 1870 omnia
2352 1818 2516 1872 verbo
2544 1816 2759 1874 virtutis
2788 1834 2898 1874 suae
2919 1859 2935 1884 ,
2982 1832 3210 1892 angusto
3234 1824 3352 1878 loco
3393 1825 3446 1880 in

189 1910 418 1975 ἐδέξατο
442 1911 539 1981 τῆς
569 1909 843 1982 θεότητος,
878 1910 972 1964 καὶ
999 1909 1199 1980 χρυσὸς
1229 1907 1418 1978 ῶσπερ
1445 1905 1734 1976 ἀκίϐδηλος
1759 1944 1774 1970 ,

1879 1907 2209 1962 domicilium
2266 1907 2501 1963 habuit:
2547 1923 2653 1979 quo
2709 1912 2938 1981 denique
3009 1922 3168 1983 pacto
3234 1915 3449 1987 inclytae

188 2003 477 2056 ἀνάλωτον
524 2003 896 2074 ὲχρημάτισε.·
935 2001 1070 2055 Θεοῦ
1107 2000 1431 2073 βουλομένου
1466 1997 1638 2052 ταῦτα
1679 2015 1774 2066 γε-

189 2093 442 2164 γένηται·
492 2094 614 2146 ἐπεὶ
659 2092 793 2145 Θεοῦ
841 2091 1106 2155 θέλοντος,
1147 2091 1348 2145 δυνατά
1389 2091 1485 2160 μὲν
1518 2089 1768 2152 ἅπαντα,

189 2183 457 2252 ἀμήχανα
485 2182 542 2234 δὲ
574 2182 649 2254 μὴ
693 2181 962 2244 θέλοντος.
995 2182 1122 2234 Ἐπὶ
1163 2181 1219 2234 δὲ
1259 2179 1434 2249 τούτῳ
1464 2179 1558 2232 καλ⁸
1595 2178 1769 2246 λόγων

187 2273 454 2341 κεκίνητο
482 2273 595 2343 (ll)
629 2271 832 2343 ἅμιλλα
860 2315 876 2339 ,
927 2273 1024 2343 οὐχ
1055 2274 1203 2337 ὅπως
1231 2273 1579 2344 ὑπεραίροιεν
1609 2271 1771 2342 άλλήο

187 2364 319 2427 λους
369 2364 664 2434 ἑκάτερος·
713 2365 990 2428 κενοδόξου
1041 2365 1149 2436 γὰρ
1193 2364 1355 2420 τοῦτο
1398 2363 1630 2435 φρενὸς,
1675 2363 1772 2416 καὶ

187 2457 386 2528 περρω
414 2457 565 2520 θείας
593 2457 1002 2527 εύαρεστήσεως
1024 2457 1156 2524 (42)·
1193 2458 1308 2512 ἀλλ’
1341 2458 1417 2521 ὡς
1459 2457 1527 2510 ἂν
1566 2455 1771 2527 προθυ-

193 2549 326 2618 μίας
361 2549 528 2619 μηδὲν
557 2547 818 2602 ὲλλίπωσι
851 2550 944 2602 καὶ
971 2550 1274 2619 δυνάμεως,
1299 2549 1431 2602 Θεὸν
1454 2548 1769 2620 ὑμνοῦντες,

189 2640 288 2692 καὶ
312 2637 452 2692 Θεοῦ
495 2639 702 2710 μητέρα
725 2639 1097 2710 γεραίροντες.

1883 1997 2119 2069 Virginis
2157 2014 2375 2068 corpus,
2410 2003 2550 2068 quod
2586 2003 2863 2058 materiale
2889 2014 2994 2067 est,
3030 2016 3085 2061 et
3115 2007 3182 2060 ad
3214 2007 3319 2064 feni
3348 2027 3446 2065 na-

1880 2099 2054 2143 turam
2085 2091 2328 2155 accedit,
2369 2101 2774 2147 consumentem
2808 2093 3025 2163 deitatis
3063 2097 3240 2166 ignem
3289 2115 3448 2154 exce»

1875 2181 2038 2251 perit,
2082 2193 2136 2236 et
2167 2184 2337 2236 instar
2363 2183 2481 2237 auri
2532 2199 2630 2238 nec
2675 2196 3078 2256 consumptum,
3107 2204 3208 2244 nec
3261 2189 3446 2246 laesum

1875 2275 1962 2330 sit.
2009 2275 2100 2330 Dei
2152 2277 2405 2330 nimirum
2464 2276 2578 2332 haec
2623 2277 2761 2332 facta
2801 2287 2928 2334 sunt
2981 2281 3279 2338 voluntate.
3339 2285 3448 2340 Deo

1874 2382 2108 2429 namque
2143 2369 2392 2434 volente,
2429 2369 2562 2423 nihil
2615 2378 2698 2423 est
2747 2371 2888 2440 quod
2938 2371 3052 2427 lieri
3085 2388 3188 2428 non
3235 2375 3446 2446 possit;

1875 2458 2090 2514 nolente
2121 2471 2296 2513 autent
2322 2501 2338 2524 ,
2374 2461 2506 2514 nihil
2538 2461 2680 2530 quod
2717 2461 2832 2516 ﬁeri
2868 2463 3058 2532 possit.
3107 2463 3258 2520 Tunc
3287 2481 3449 2536 porro

1874 2565 2182 2606 sermonum
2235 2553 2526 2606 excitatum
2591 2561 2672 2608 est
2725 2564 3020 2621 certamen,
3079 2571 3184 2613 nou
3222 2567 3279 2614 ut
3313 2561 3450 2616 alter

1879 2637 2106 2691 alterum
2137 2650 2415 2708 superaret
2446 2640 2584 2710 (hoc
2629 2642 2772 2696 enim
2825 2644 2994 2698 animi
3052 2645 3230 2704 inanis
3263 2650 3450 2720 gloria:

190 2732 377 2800 ωρωί
420 2741 505 2787 εει
529 2774 543 2798 ,
593 2739 648 2786 et
676 2732 767 2800 qui
809 2731 995 2801 procul
1041 2730 1178 2785 absit
1209 2740 1339 2800 qutn
1376 2730 1484 2785 Deo
1522 2727 1778 2800 placeat),
1822 2728 1915 2784 sed
1956 2745 2053 2784 nec
2081 2730 2356 2800 quidpiam
2419 2733 2485 2786 de.
2519 2732 2687 2788 anitni
2720 2734 3000 2792 alacritate
3038 2747 3094 2793 et
3123 2740 3328 2798 viribus
3364 2759 3448 2800 re-

190 2823 498 2884 mittentes,
540 2821 706 2875 Deum
737 2821 1057 2887 laudarent,
1097 2821 1319 2891 ejusque
1347 2831 1572 2874 matrem
1604 2821 1956 2874 honorarent.

261 2942 337 3007 η’.
375 2935 511 2989 Τότε
548 2935 646 3006 δὴ,
675 2934 797 2989 τότε
849 2935 1018 3007 Ἀδὰμ
1049 2937 1142 2990 καὶ
1179 2934 1325 3000 Εὕα,
1357 2937 1408 2988 οί
1444 2937 1538 2990 τοῦ
1581 2937 1774 3004 γένους

191 3027 548 3100 προπάτορες
571 3069 585 3091 ,
613 3027 1004 3096 ἁγαλλομένοις
1036 3031 1148 3092 τοῖς
1192 3029 1394 3098 χείλεσι
1430 3028 1768 3098 διαπρυσίως

189 3119 631 3191 ἁνακεκράγασι.
673 3119 744 3171 Σὺ
774 3120 1039 3189 μακαρία,
1081 3119 1352 3192 θύγατερ,
1381 3120 1480 3189 τῆς
1519 3119 1771 3190 παραϐάσ

1949 2935 2004 2990 8.
2042 2935 2194 2990 Tunc
2227 2937 2466 3005 quidem,
2505 2947 2639 3004 tum,
2673 2940 2911 3011 inquam,
2941 2943 3108 3000 Adam
3136 2957 3188 3002 et
3209 2947 3314 3002 Eva
3351 2968 3449 3006 no.

1877 3028 1977 3081 stri
2006 3029 2220 3096 generis
2249 3040 2534 3094 auctores.
2581 3033 2976 3090 exsultantibus
3013 3037 3171 3092 labiis
3209 3041 3317 3095 alte
3355 3058 3447 3097 ex-

1875 3124 2178 3178 clamarunt
2207 3143 2220 3180 :
2251 3124 2413 3180 Beata
2444 3137 2521 3190 tu,
2547 3128 2676 3191 lilia,
2709 3145 2829 3199 qua:
2852 3132 3033 3188 violati
3066 3139 3298 3192 mandati
3333 3155 3434 3209 pa:-

192 3229 337 3275 σειυς
373 3213 500 3282 ἡμῖν
515 3212 582 3266 τά
604 3212 852 3282 ἐπιτίμια
882 3211 1130 3275 λέλυκας.
1162 3212 1234 3264 Σὺ
1259 3210 1498 3283 φθαρτὸν
1527 3210 1584 3276 ἐξ
1613 3209 1767 3280 ήμῶν

1877 3231 1974 3269 nas
2001 3217 2154 3269 nobis
2183 3217 2466 3294 sustulisti.
2502 3217 2579 3272 Tu
2605 3221 2831 3276 mortale
2862 3238 3061 3293 corpus
3089 3241 3118 3280 a
3153 3229 3306 3285 nobis
3337 3246 3440 3285 sor.

193 3303 362 3374 σῶμα
391 3304 869 3376 κληρονομήσασα,
898 3302 1204 3372 ἀφθαρσίας
1232 3303 1364 3372 ἡμῖν
1393 3301 1770 3370 ὲκυοφόρησας

191 3396 424 3467 ἔνδυμα.
461 3397 532 3450 Σὺ
557 3396 616 3450 τὸ
649 3395 786 3449 εῖναι
814 3394 874 3458 ἐξ
910 3394 1185 3465 ἡμετέρας
1213 3392 1411 3461 ὀσφύος
1437 3391 1733 3462 ἁρπάσασα
1753 3429 1768 3453 ,

190 3488 253 3540 τὸ
283 3484 350 3543 εὖ
387 3483 525 3542 εἶναι
552 3489 685 3558 ἡμῖν
725 3485 1143 3548 ἀνταπέδωκας·
1177 3485 1276 3547 τὰς
1318 3483 1510 3548 ὠδῖνας
1543 3483 1766 3545 ἔλυσας·

192 3581 262 3635 τά
301 3580 402 3634 τοῦ
448 3580 677 3635 θανάτου
727 3579 1021 3652 διέρρηξας
1074 3578 1394 3648 σπάργανα·
1438 3577 1500 3630 τὸ
1547 3577 1772 3646 ἀρχαῖον

194 3674 334 3744 ἡμῖν
360 3673 806 3741 ἀποκατέστησας
839 3671 1180 3740 ἐνδιαίτημα.
1229 3669 1422 3737 Ἡμεῖς
1448 3664 1772 3734 ὲκλείσαμεν

191 3763 286 3816 τὸν
325 3762 674 3834 παράδεισον,
710 3763 772 3815 σὺ
805 3761 900 3814 τοῦ
926 3759 1026 3828 τῆς
1065 3759 1211 3830 ζωῆς
1239 3757 1394 3822 ξύλου
1443 3756 1542 3828 τὴν
1569 3755 1772 3808 εἴσοδον

193 3853 562 3916 ὰνεπέτασας.
625 3851 721 3906 Ἐκ
759 3851 870 3906 τῶν
913 3850 1167 3923 χρηστῶν
1209 3850 1278 3903 δι’
1327 3848 1485 3921 ἡμῶν
1520 3844 1652 3920 ἦλθε
1702 3847 1773 3901 τὰ

193 3946 442 4016 λυπηρά·
466 3944 553 3999 διὰ
583 3943 676 3997 σοῦ
709 3946 772 3997 ἐκ
797 3944 905 3998 τῶν
929 3942 1186 4014 λυπηρῶν
1213 3940 1520 4011 ἐπανῆλθεν
1545 3942 1576 4011 ή
1586 3943 1676 4012 μίν
1703 3939 1774 3994 τὰ

195 4036 563 4108 χρηστότερα.
597 4037 708 4089 Καὶ
738 4035 854 4100 πῶς
889 4034 1122 4088 θανάτου
1157 4033 1327 4105 γεύσῃ
1351 4075 1366 4098 ,
1409 4035 1443 4104 ἡ
1474 4031 1770 4103 άχραντος;

198 4127 291 4181 Σοὶ
324 4127 464 4198 πρὸς
502 4125 647 4197 ζωὴν
683 4125 898 4197 γέφυρα
919 4167 934 4191 ,
967 4125 1065 4178 καὶ
1094 4123 1300 4194 κλίμαξ
1331 4123 1470 4193 πρὸς
1507 4123 1734 4192 οὐρανόν
1755 4137 1770 4153 ·

197 4222 294 4273 καὶ
329 4219 469 4290 πρὸς
489 4217 789 4272 ἀθανασίαν
815 4218 842 4269 ὁ
881 4216 1111 4279 θάνατος
1136 4215 1434 4286 πορθμεῖον
1462 4216 1770 4284 γενήσεται.

202 4315 417 4376 Ὄντως
468 4309 714 4381 μακαρία
762 4309 863 4373 σὺ,
903 4307 1358 4378 παμμακάριστε.
1394 4306 1488 4368 Τίς
1527 4306 1670 4376 γὰρ,
1724 4305 1773 4356 εί

202 4405 403 4476 μήτιγε
447 4404 475 4454 δ
503 4400 674 4469 Λόγος
715 4396 772 4473 ᾗ,
804 4399 1231 4471 προσενήνεκται
1271 4395 1427 4450 τοῦτο
1467 4396 1711 4467 πάσχων.
1745 4394 1774 4448 ὃ

199 4496 468 4566 πράττειν
499 4492 862 4562 ὑπείληπται;
915 4489 1230 4562 Ἐπεκρότει
1258 4488 1314 4541 δὲ
1347 4487 1440 4542 καὶ
1471 4489 1580 4550 πᾶς
1605 4489 1632 4540 ὀ
1662 4485 1772 4539 τῶν

1876 3307 1970 3358 lita
2002 3347 2016 3370 ,
2061 3307 2486 3362 immortalitatis
2533 3311 2900 3366 indumentum
2962 3317 3116 3372 nobis
3164 3322 3443 3389 peperisti.

1872 3396 1972 3460 Tu,
2010 3412 2132 3450 cum
2167 3414 2194 3450 a
2244 3397 2440 3453 lumbis
2471 3401 2671 3456 nostris
2705 3412 2880 3456 ortum
2913 3407 3218 3475 accepisses
3243 3451 3258 3475 ,
3291 3414 3445 3467 nobis

1872 3497 1931 3541 ut
1958 3489 2093 3541 bene
2117 3503 2360 3543 essemus
2388 3492 2700 3558 rependisti.
2734 3493 2957 3550 Dolores
2979 3497 3222 3568 solvisti;
3253 3504 3444 3557 mortis

1871 3579 2066 3634 lascias
2099 3581 2286 3648 rupiin
2314 3596 2330 3646 ;
2372 3582 2438 3634 ad
2471 3592 2709 3636 veterem
2740 3585 2923 3638 sedem
2957 3602 3054 3642 nos
3107 3592 3445 3658 postliminio

1872 3672 2158 3726 revocasti.
2203 3669 2310 3725 Nos
2352 3672 2660 3742 paradisum
2690 3674 3021 3744 clausimus,
3060 3688 3116 3734 tu
3156 3673 3288 3751 ligni"
3323 3686 3444 3740 vita:

1872 3761 1976 3816 iter
2023 3761 2342 3830 patefecisti.
2373 3761 2478 3817 Per
2504 3778 2600 3818 nos
2636 3779 2704 3818 ex
2735 3765 2872 3820 laetis
2919 3767 3094 3824 tristia
3133 3783 3441 3840 venerunt;

1872 3869 1938 3909 ex
1981 3853 2227 3908 tristibus
2273 3863 2460 3908 contra
2505 3854 2708 3908 laetiora
2757 3871 2854 3926 per
2895 3866 2946 3912 te
2997 3861 3289 3918 redierunt.
3326 3863 3446 3931 Quo

1872 3954 2049 3999 autem
2084 3948 2262 4008 modo,
2288 3960 2322 3998 ο
2351 3947 2714 4012 iutmaculata,
2736 3948 2892 4002 morti
2925 3950 3156 4005 obnoxia
3181 3952 3444 4012 enicet-is?

1873 4033 1952 4089 Tu
1979 4037 2102 4089 vitae
2134 4052 2286 4104 pons,
2310 4046 2363 4089 et
2387 4037 2531 4090 scala
2562 4039 2683 4092 coeli
2721 4055 2734 4092 :
2768 4055 2946 4106 mors,
2971 4043 3038 4095 ad
3065 4042 3444 4102 immortalita~

1875 4135 1981 4179 tem
2013 4134 2174 4193 ροιιιυ
2213 4125 2334 4179 erit.
2370 4123 2505 4179 Vere
2542 4135 2596 4179 tu
2641 4125 2793 4180 beata
2823 4141 2917 4190 es,
2967 4143 3089 4198 quae
3129 4129 3445 4188 beatissima

1873 4216 2216 4287 prmdicanda
2247 4216 2342 4270 sis.
2376 4215 2578 4286 Ecquis
2599 4217 2740 4272 enim
2765 4254 2780 4278 ,
2818 4217 2906 4285 qui
2933 4216 3170 4274 Verbum
3208 4237 3313 4275 non
3350 4223 3443 4285 sit,

1874 4309 1940 4362 ad
1980 4308 2083 4362 hoc
2114 4305 2447 4360 tolerandum
2482 4321 2543 4362 se
2569 4306 2841 4371 obtulerit,
2871 4309 3013 4378 quod
3045 4319 3286 4378 patrasse
3311 4327 3444 4368 cen-

1874 4401 2010 4454 sitns
2041 4396 2148 4452 sit?
2170 4395 2263 4452 llis
2291 4383 2573 4451 universus
2594 4406 2906 4452 sanctorum
2932 4398 3130 4454 chorus
3157 4399 3445 4470 applaude-

1874 4491 2000 4546 bat:
2025 4501 2078 4544 tu
2113 4489 2490 4561 praedictiones
2519 4496 2730 4542 nostras
2761 4487 3080 4557 implevisti:
3122 4497 3174 4544 tu
3209 4489 3443 4544 laetitiam

196 4590 375 4657 ἁγίων
408 4587 583 4658 χορός.
614 4585 686 4639 Σὺ
714 4583 868 4654 ἡμῶν
895 4581 990 4645 τὰς
1021 4581 1352 4654 προρρήσεις
1384 4580 1771 4650 πεπλήρωκας.

1879 4597 2037 4652 quam
2073 4579 2534 4650 praestolabamur,
2567 4577 2817 4633 attulisti.
2869 4577 2972 4633 Per
3001 4587 3052 4634 te
3077 4580 3219 4635 enim
3256 4583 3448 4639 mortis

198 4682 271 4734 Σὺ
297 4681 434 4750 ἡμῖν
459 4677 556 4749 τὴν
585 4674 1062 4745 καραδοκουμένην
1084 4671 1422 4742 εὐφροσύνην
1462 4672 1771 4742 προσήνεγο

199 4788 323 4834 κας.
361 4769 461 4822 Διὰ
496 4768 589 4821 σοῦ
619 4769 727 4838 γὰρ
780 4764 998 4834 δεσμῶν
1021 4764 1250 4817 θανάτου
1279 4762 1572 4833 λελύμεθα.
1602 4761 1773 4832 Δεῦρο

201 4863 340 4934 πρὸς
369 4861 540 4932 ἡμᾶς,
571 4853 616 4912 ὧ
644 4859 787 4912 θεῖον
825 4857 920 4910 καὶ
957 4855 1242 4926 ζωηφόρον
1273 4856 1578 4926 κειμήλιον.
1611 4854 1771 4908 Ἐλοε

201 4952 468 5006 ποθοῦσιν
499 4953 654 5022 ἡμῖν,
683 4953 716 5020 ἡ
739 4949 830 5001 τὸν
855 4947 1019 5000 πόθον
1047 4946 1206 5018 ἡμῶν
1237 4948 1612 5018 ἐκπεράνασα.
1630 4947 1771 5001 Ἀλλ’

201 5043 451 5098 ἁνθεῖλκε
472 5043 651 5112 λόγοις
676 5042 773 5111 οὐχ
790 5041 1009 5112 ἥττοσιν
1031 5040 1139 5093 τῶν
1162 5040 1218 5092 ὲν
1243 5039 1452 5110 σώματι
1482 5037 1772 5110 περιεστώ-

201 5154 308 5190 των
343 5135 512 5204 ἁγίων
547 5133 775 5204 πληθύς·
811 5134 1010 5187 Μεῖνον
1062 5132 1178 5203 μεθ’
1223 5131 1402 5203 ἡμῶν,
1447 5134 1478 5200 ἡ
1529 5130 1775 5203 ἡμετέρα

204 5226 583 5298 παράκλησις,
620 5223 880 5294 λέγουσα·
931 5221 993 5274 τὸ
1025 5223 1183 5292 μόνον
1217 5221 1308 5273 ἐπὶ
1344 5221 1448 5291 γῆς
1483 5221 1638 5292 ήμῶν
1671 5237 1774 5272 πα-

204 5317 490 5389 ραμύθιον.
530 5316 614 5387 Μὴ
656 5317 822 5388 ἐάσῃς
851 5317 1000 5386 ἡμᾶς
1027 5313 1328 5385 ὀρφανοὺς,
1353 5317 1388 5384 ή
1428 5312 1646 5383 Μήτηρ,
1681 5311 1774 5365 τοῦ

203 5411 522 5482 συμπαθοῦς
550 5411 644 5464 τοῦ
669 5410 795 5464 Υίοῦ
821 5427 914 5462 σου
945 5408 1477 5482 προκινδυνεύοντας.
1517 5408 1773 5478 Ἐχοιμέν

203 5519 262 5556 σε
292 5503 403 5556 τῶν
426 5503 604 5556 πόνων
639 5502 972 5568 ἀνάπαυλαν,
1004 5502 1097 5555 καὶ
1125 5501 1235 5554 τῶν
1267 5501 1504 5572 ἱδρώτων
1531 5500 1772 5553 ἀνάπτυ-

271 5680 316 5712 ³¹
366 5677 588 5750 Dlonys.
629 5679 808 5749 σομε
852 5679 930 5734 De
974 5679 1080 5736 diu.
1113 5695 1252 5735 nant.
1329 5677 1375 5710 ⁸¹
1417 5678 1580 5732 Hebr.
1636 5690 1717 5745 ιι,
1769 5674 1855 5730 Η.

275 5834 386 5910 (Η)
422 5837 486 5893 Il.
518 5836 816 5907 φιλονεικία
848 5838 958 5893 καί.

1880 4672 2108 4726 vinculis
2133 4670 2292 4726 soluti
2327 4685 2532 4724 sumus.
2571 4668 2702 4724 Veni
2731 4671 2797 4724 ad
2825 4684 2924 4724 nos
2943 4709 2958 4734 ,
2986 4685 3019 4724 ο
3053 4671 3232 4727 divina
3261 4675 3442 4729 vitamo

1878 4780 1984 4834 que
2038 4764 2218 4818 lercns
2247 4762 2510 4830 supellex.
2554 4760 2686 4816 Veni
2727 4764 2792 4815 ad
2818 4776 2916 4817 nos
2949 4763 3025 4818 tui
3058 4764 3304 4834 cupidos,
3329 4781 3448 4835 qute

1878 4869 2115 4912 nostram
2139 4856 2366 4926 explesti
2395 4854 2767 4924 cupiditatem.
2802 4854 2870 4907 At
2895 4869 3023 4909 vero
3053 4868 3158 4910 non
3187 4855 3449 4913 iulirmio-

1880 4950 2028 5003 ribus
2074 4963 2191 5002 eam
2235 4946 2578 5002 sermonibus
2609 4946 3077 5000 circumstantium
3110 4955 3447 5015 sanctorum,

1876 5042 1966 5109 qui
2005 5041 2177 5094 adhuc
2219 5040 2272 5095 in
2313 5054 2538 5108 corpore
2581 5039 2969 5106 versabantur,
3017 5036 3306 5092 multitudo
3360 5055 3448 5094 re-

1880 5130 2184 5195 trahehant,
2219 5130 2300 5184 his
2332 5128 2445 5184 fere
2472 5130 2650 5184 verbis
2683 5147 2697 5184 :
2743 5127 2899 5183 Mane
2928 5126 3233 5192 uobiscum,
3265 5135 3447 5181 nostra

1877 5222 2196 5289 consolatio,
2228 5222 2517 5292 unicuique
2564 5223 2616 5275 in
2655 5230 2798 5276 terra
2823 5221 3086 5277 solamen.
3114 5217 3192 5274 Ne
3219 5234 3317 5273 nos
3353 5235 3447 5272 or-

1879 5314 2086 5382 phanos
2119 5314 2365 5378 deseras,
2393 5313 2608 5383 benigni
2639 5313 2783 5368 illius
2809 5321 2865 5368 et
2895 5312 3259 5367 misericordis
3281 5310 3448 5384 874

1881 5401 2074 5468 Mater,
2103 5403 2190 5474 qui
2217 5403 2336 5456 Filii
2369 5403 2443 5456 tui
2471 5417 2634 5457 causa
2669 5402 3057 5471 periclitamur.
3095 5402 3170 5455 Te
3200 5401 3446 5455 laborum

1879 5497 2119 5568 requiem
2161 5497 2529 5565 sudorumque
2571 5493 2913 5565 refrigerium
2957 5494 3272 5550 habeamus.
3326 5490 3448 5546 Tibi

1953 5831 2062 5903 (42)
2098 5829 2193 5887 l-lic
2223 5829 2391 5886 codex
2433 5824 2632 5898 Regius
2674 5808 2942 5898 ingentem
2974 5823 3219 5884 lacunam
3261 5820 3444 5880 habet.
