4046 6412
654 352 759 414 735

638 561 878 632 cupienti
915 561 1050 618 nihil
1079 561 1464 634 impedimento
1513 572 1619 616 est.
1673 561 1769 616 Sin
1815 560 2019 625 abeas,
2069 578 2101 617 ο
2135 561 2230 615 Dei

639 652 1073 721 tabernaculum,
1101 670 1207 710 una
1239 669 1456 726 quoque
1491 653 1667 719 nobis,
1700 652 1791 723 qui
1832 663 1956 708 tuus
1979 652 2048 708 ob
2079 660 2230 708 tuum

636 745 832 806 Filium
879 748 1109 817 populus
1143 763 1367 815 sumus,
1413 747 1564 802 abire
1599 746 1782 802 liceat.
1815 744 1894 801 Tu
1933 746 2044 801 sola
2075 747 2232 802 nobis

637 839 692 893 in
737 849 881 894 terra
913 840 1213 895 consolatio
1242 840 1428 896 relicta
1467 854 1527 895 es
1560 857 1574 893 :
1606 849 1662 894 et
1703 849 1757 893 te
1786 838 2001 894 vivente
2023 877 2039 903 ,
2071 837 2230 892 simul

634 931 858 998 vivere;
900 941 954 987 et
991 933 1260 987 moriente
1286 971 1301 997 ,
1345 930 1484 987 mori
1508 930 1726 986 beatum
1766 938 1870 986 est.
1908 929 2046 997 Quid
2079 947 2225 995 vero.

599 1028 604 1032 ’
634 1024 931 1091 moriente,
967 1024 1242 1081 dicimus?
1277 1024 1371 1080 tibi
1404 1037 1639 1092 namque
1666 1037 1814 1077 mors
1839 1022 1947 1075 vita
1981 1032 2084 1086 est,
2121 1022 2229 1078 imo

633 1113 744 1166 vita
775 1115 1158 1183 praestantior,
1205 1114 1452 1182 hancque
1501 1113 1667 1168 vitam
1726 1111 2228 1182 incomparabiliter

633 1204 1002 1260 antecellens:
1035 1205 1191 1260 nobis
1243 1220 1370 1260 vero
1397 1203 1506 1258 vita
1534 1203 1713 1259 omnis
1745 1217 1940 1275 expers
1969 1203 2092 1260 vitae
2121 1213 2222 1274 est,

633 1296 1025 1350 consuetudine
1060 1306 1149 1352 tua
1175 1296 1469 1352 destitutis.

706 1481 760 1537 9.
797 1478 1080 1536 Similibus
1119 1477 1300 1534 verbis
1330 1475 1570 1549 Apostoli
1601 1475 1763 1532 simul
1804 1491 1925 1532 cum
1958 1462 2224 1535 universae

635 1574 894 1637 Ecclesiae
929 1572 1147 1645 agmine
1195 1570 1411 1626 beatam
1448 1568 1724 1640 Virginem
1760 1570 1892 1625 mihi
1941 1579 2052 1625 tum
2083 1572 2221 1626 allo-

633 1667 740 1722 cnti
783 1681 910 1722 esse
956 1663 1226 1719 videntur.
1269 1660 1370 1718 Ubi
1422 1676 1550 1717 vero
1599 1676 1720 1716 eum
1763 1659 1830 1714 ad
1877 1674 2158 1717 excessum
2190 1677 2222 1719 e

1787 363 1844 420 ει
1889 361 2214 422 JOANNIS
2259 361 2697 432 DAMASCENI
3785 373 3863 438 731i

640 483 928 525 remanere
955 470 1156 526 volenti
1189 478 1434 543 potestas
1486 471 1539 526 in
1572 477 1822 540 promptu
1863 480 1978 539 est,
2003 482 2059 526 et
2087 472 2217 527 abin

2344 475 2445 538 ξιν.
2483 476 2696 564 Σοικαὶ
2733 475 2924 547 μένειν
2974 478 3205 554 θελούσῃ
3241 483 3304 536 τὸ
3357 483 3616 541 δύνασθαι
3650 491 3868 564 πάρεστι,
3955 529 3958 534 -

2335 564 2427 617 καὶ
2453 563 2712 637 ἀπαίρειν
2740 567 3172 644 προθυμουμένῃ
3192 573 3345 626 οὐδὲν
3372 575 3648 644 ἐμπόδιον,
3671 563 3869 644 Elimi-

2334 671 2451 725 ρεις
2472 695 2486 721 ,
2531 657 2564 726 ἡ
2600 656 2696 711 τοῦ
2731 657 2867 714 Θεοῦ
2912 661 3125 734 σκηνὴ,
3154 665 3246 718 καλ⁵
3282 667 3445 738 ἡμεῖς
3474 674 3867 750 συναπαίροιμεν,

2331 746 2360 798 ὁ
2392 747 2484 812 σὸς
2508 747 2635 813 λαὸς
2666 749 2754 803 διὰ
2780 750 2871 804 τὸν
2904 752 2996 806 σδν
3022 753 3148 808 Υίὸν
3171 758 3634 826 χρηματίσαντες.
3738 746 3868 841 μένην

2335 842 2429 941 ἐπὶΣ
2462 844 2566 914 γῆς
2613 845 3125 921 καταλελειμμένην
3169 852 3304 922 ἡμῖν
3337 858 3681 928 παρηγορίαν
3714 869 3867 941 κεκτή.

2333 934 2496 1004 μεθα.
2530 939 2621 991 Σοὶ
2654 939 2748 993 καὶ
2779 939 2928 1014 ζώσῃ
2975 941 3166 1016 συζῇν,
3202 945 3302 1000 καὶ
3339 946 3651 1023 θνῃσκούσῃ
3685 934 3867 1030 συνθνη·

2332 1041 2484 1081 σκειν
2526 1031 2819 1102 μακάριον.
2865 1033 2932 1087 Τί
2968 1034 3026 1087 δὲ
3062 1034 3374 1113 θνησκούσῃ
3423 1043 3641 1112 φαμένς
3683 1047 3762 1102 Eo".
3792 1053 3865 1122 μὲν

2329 1117 2438 1190 γὰρ
2467 1119 2500 1191 ἡ
2535 1119 2650 1193 ζωὴ
2691 1123 2786 1178 καὶ
2814 1127 2842 1180 ὁ
2887 1125 3140 1196 θάνατος,
3173 1130 3269 1188 καὶ
3319 1131 3434 1206 ζωὴ
3469 1133 3581 1207 (45)
3621 1117 3864 1208 κρείττων,

2328 1211 2422 1262 καὶ
2470 1210 2679 1283 ταύτην
2723 1214 2821 1286 τὴν
2881 1214 3028 1288 ζωὴν
3083 1220 3506 1293 ἁπαραϐλήτοις
3569 1229 3866 1299 συγκρίσεσιν

2328 1301 2708 1399 ὑπεραίρουσα
2732 1323 2745 1337 ·
2799 1309 2933 1379 ἡμῖν
2968 1311 3026 1364 δὲ
3065 1311 3182 1378 πῶς
3227 1314 3256 1366 ὁ
3288 1314 3404 1388 βίος
3438 1316 3672 1388 ἀϐίωτος
3694 1362 3708 1387 ,
3733 1325 3782 1378 σὲ
3807 1329 3865 1399 μὴ

2325 1395 2686 1465 κεκτημένοις
2711 1400 2999 1471 συνόμιλον
3024 1419 3038 1469 ;

2397 1485 2461 1540 θ’.
2509 1488 2743 1546 Τοιαῦτα
2774 1487 2914 1549 ἆττά
2955 1513 3048 1566 μοι
3091 1497 3240 1553 δοκεῖ
3272 1500 3401 1566 τοὺς
3448 1502 3762 1572 ἀποστόλους
3791 1511 3864 1567 σὺν

2325 1585 2488 1638 παντὶ
2530 1585 2608 1658 τῷ
2655 1588 2754 1660 τῆς
2811 1591 3138 1666 Ἐκκλησίας
3169 1595 3506 1669 πληρώματι
3554 1602 3620 1674 τῇ
3665 1604 3865 1674 μακαρίᾳ

2323 1677 2586 1749 Παρθένῳ
2639 1683 3141 1755 προσφθέγγεσθαι.
3197 1688 3339 1743 Ἀλλι
3394 1691 3592 1761 ἐπειδὴ
3633 1693 3750 1764 πρὸς
3791 1696 3864 1766 τὴν

633 1760 739 1815 vita
773 1765 1178 1830 properantem,
1208 1755 1433 1826 ejusque
1460 1754 1754 1825 cupiditate
1775 1753 2091 1823 ﬂagrantem
2123 1754 2216 1810 Dei

2323 1769 2581 1826 ὲκὸίωσιν
2607 1753 2972 1842 σπεύδουσαν,
2996 1779 3254 1851 κάκείνης
3273 1753 3592 1855 ἐφιεμένην.
3605 1753 3771 1856 tepenti
3789 1753 3864 1858 τήν

633 1851 963 1908 Genitricem
987 1858 1419 1917 conspexerunt,
1455 1857 1566 1902 tum
1600 1846 1839 1917 denique
1879 1847 1946 1902 ad
1996 1848 2217 1919 hymnos

2329 1858 2642 1934 θεομήτορα
2664 1903 2680 1929 ,
2725 1866 2864 1936 πρὸς
2900 1838 3102 1939 ὕμνους
3148 1838 3446 1942 ἐκδημίούς
3481 1838 3756 1944 ἐτρέποντο

633 1945 697 1998 ad
751 1944 954 1998 exitum
998 1940 1335 2010 pertinentes
1368 1953 1489 1996 sese
1532 1949 1894 2005 convertere,
1935 1940 2226 2012 divinaque

632 2035 873 2106 pistincti
913 2034 1111 2101 gratia,
1137 2047 1201 2088 os
1224 2047 1379 2092 suum
1407 2030 1622 2102 spiritui
1646 2031 2015 2097 commodare,
2043 2041 2098 2088 et
2125 2050 2225 2088 ex-

631 2133 709 2184 Ira
737 2141 959 2183 carnem
989 2126 1218 2194 abrepti,
1243 2121 1305 2178 ac
1331 2137 1454 2179 cum
1485 2124 1780 2179 excedente
1801 2122 2031 2193 Deipara
2060 2124 2224 2182 simul

631 2219 926 2286 excedere;
961 2218 1034 2274 ita
1059 2225 1117 2271 ut
1142 2215 1436 2270 voluntatis
1467 2223 1667 2269 conatu
1695 2215 1838 2286 quod
1867 2215 1935 2270 ad
1958 2214 2074 2285 ejus
2105 2217 2223 2272 ﬁeri

630 2323 882 2388 poterat,
927 2321 1054 2367 ante
1093 2319 1325 2368 mortem
1373 2310 1472 2378 ipsi
1507 2309 1856 2367 excederent.
1919 2311 2222 2382 Postquam

630 2416 804 2464 autem
835 2404 1116 2475 cupiditati
1137 2402 1301 2460 simul
1335 2402 1622 2474 ollicioquc
1673 2417 1771 2458 suo
1807 2402 2220 2471 satisfecerunt,

630 2498 983 2565 lloridamque
1041 2505 1097 2554 et
1148 2493 1502 2564 multiplicem
1562 2507 1848 2550 sacrorum
1895 2495 2219 2565 hymnorum

629 2588 886 2646 corollam
919 2591 1243 2648 texuerunt,
1269 2583 1698 2638 benedictionem
1730 2583 1877 2639 velut
1907 2587 2219 2640 thesaurum

629 2680 915 2748 quemdam
944 2675 1205 2730 divinitus
1227 2674 1409 2730 datum
1435 2672 1760 2739 retulerunt,
1780 2685 2057 2744 postrema
2093 2692 2220 2732 ver-

629 2775 695 2824 ba
746 2765 1087 2837 proferentes
1135 2779 1255 2833 qua:
1301 2764 1565 2818 discessui
1612 2779 1644 2819 e
1688 2765 1797 2820 vita
1840 2769 2216 2823 convenirent.

630 2859 725 2914 llis
750 2873 951 2928 porro,
986 2863 1246 2925 quantum
1290 2854 1555 2922 conjicio,
1607 2867 1718 2911 tum
1777 2859 2056 2927 praesentis
2098 2860 2221 2914 vita:

630 2950 772 3003 ﬂuxa
812 2947 1076 3018 fragilitas
1102 2946 1512 3012 enuntiabatur,
1547 2958 1658 3000 tum
1682 2949 1891 3002 occulta
1918 2947 2218 3008 futurorum

629 3045 896 3097 bonorum
943 3038 1202 3109 mysteria
1233 3037 1286 3091 in
1331 3047 1576 3107 apertum
1625 3037 2011 3094 ell‘erebantur.
2057 3065 2064 3071 ο

700 3131 788 3188 10.
831 3129 953 3184 Mox
985 3138 1350 3182 consentanea
1376 3128 1622 3197 qumdam
1662 3129 1781 3183 istis
1816 3140 1872 3183 et
1907 3144 2216 3201 congruen-

629 3223 704 3278 tia
770 3219 1063 3289 contigisse
1117 3217 1330 3286 opinor.
1385 3215 1651 3271 Nimirum
1702 3217 1866 3287 Begis
1933 3219 2103 3290 ipsius
2149 3212 2288 3277 adC

626 3315 857 3370 Matrem
881 3325 1036 3365 suam
1076 3309 1372 3375 adventus,
1403 3320 1464 3364 ιιι
1507 3310 1705 3364 divinis
1739 3311 1852 3366 suis
1882 3326 1946 3366 ac
1988 3313 2213 3382 purissi-

627 3406 732 3460 mis
776 3402 1065 3466 manibus,
1130 3409 1374 3455 sanctam
1439 3401 1923 3472 intaminatamque
1979 3415 2032 3459 et
2085 3405 2218 3462 labis

627 3505 907 3564 expertem
940 3493 1056 3562 ejus
1087 3492 1323 3546 animam
1355 3495 1674 3562 susciperet.
1717 3497 1893 3565 Atque
1939 3496 2052 3565 ipsa
2099 3498 2218 3567 qni-

627 3587 747 3641 dem
772 3625 788 3651 ,
841 3591 901 3636 ut
941 3598 970 3636 a
1021 3597 1148 3637 vero
1193 3598 1298 3637 non
1328 3582 1623 3650 abhorret,
1655 3584 1790 3639 dixit
1827 3604 1840 3641 :
1877 3603 1897 3638 t
1935 3585 1993 3640 1n
2027 3604 2216 3644 manus

628 3686 774 3740 tuas,
807 3674 929 3741 Fili,
970 3674 1292 3729 commendo
1326 3674 1578 3744 spiritum
1615 3691 1814 3731 meum.
1855 3678 2052 3747 Accipe
2086 3695 2215 3749 ergo

626 3767 850 3821 charam
889 3764 984 3818 tibi
1011 3764 1272 3828 animam,
1306 3779 1466 3833 quam
1517 3766 1815 3822 immunem
1847 3783 1876 3821 a
1911 3769 2065 3838 culpa
2093 3784 2211 3824 ser-

547 3855 552 3860 ’
591 3857 788 3928 ;ναει1.
829 3855 996 3919 Tibi,
1050 3869 1114 3908 ac
1151 3871 1256 3910 non
1325 3864 1482 3910 terra:
1542 3871 1737 3926 corpus
1781 3873 1962 3912 meum
2015 3861 2209 3916 trado:

622 3947 831 4003 salvum
862 3945 964 4000 hoc
997 3945 1242 4010 custodi,
1277 3945 1330 3999 in
1361 3960 1468 4015 quo
1504 3946 1757 4017 dignatus
1797 3964 1856 4002 es
1887 3949 2208 4016 inhabitare,

621 4049 678 4095 et
704 4039 845 4109 quod
869 4037 1140 4093 nascendo
1167 4038 1540 4108 incorruptum
1571 4041 1929 4096 conservasti.
1952 4041 2213 4099 Transfer

622 4149 708 4190 me
733 4133 799 4188 ad
827 4143 900 4197 te,
958 4141 1017 4185 ut
1047 4131 1136 4187 ubi
1172 4147 1232 4188 es
1283 4142 1370 4200 tu,
1427 4133 1696 4188 viscerum
1727 4149 1968 4190 meorum
2003 4137 2207 4207 proles,

619 4226 731 4281 illic
759 4239 973 4296 quoque
1000 4223 1094 4278 tibi
1123 4225 1224 4277 sim
1257 4223 1682 4282 contubernalis.
1712 4225 1792 4282 Ad
1826 4237 1878 4284 te
1901 4231 2045 4284 enim
2079 4248 2209 4304 pro-

619 4331 775 4386 pero,
811 4318 902 4386 qui
946 4317 1010 4369 ad
1048 4331 1132 4371 me
1171 4315 1308 4370 citra
1345 4315 1507 4371 ullam
1541 4318 1704 4385 spatii
1740 4319 2049 4377 distantiam
2080 4340 2203 4380 ven-

623 4407 816 4463 titasti.
857 4405 936 4460 Tu
983 4407 1321 4462 charissimis
1362 4408 1495 4463 meis
1524 4409 1686 4475 ﬁliis,
1728 4425 1864 4479 quos
1913 4421 1968 4466 tu
2008 4413 2206 4470 fratres

619 4498 891 4568 appellare
927 4512 1031 4550 non
1064 4497 1358 4563 dubitasti,
1400 4499 1739 4566 migrationis
1780 4519 1912 4558 mea;
1950 4503 2202 4561 solatium

619 4588 880 4644 esto.Per
908 4604 1161 4642 manuum
1183 4603 1422 4643 mearum
1452 4592 1846 4660 extensionem,
1873 4597 2207 4652 benedictio—

621 4698 744 4745 nem
776 4696 966 4736 eorum
1002 4681 1156 4735 novis
1206 4681 1673 4740 benedictionibus
1720 4688 1956 4741 cumula.
1993 4708 2012 4741 ι
2067 4690 2203 4743 Tum

619 4763 848 4829 sublatis
876 4815 892 4841 ,
928 4781 985 4826 ut
1031 4771 1256 4827 credere
1295 4772 1454 4840 licet,
1508 4777 1788 4843 manibus,
1832 4781 2084 4835 onmihus
2113 4783 2205 4851 qui

619 4865 832 4924 collecti
858 4864 1104 4930 aderant,
1136 4865 1274 4918 bene
1305 4876 1520 4934 precata
1567 4878 1671 4922 est.
1713 4867 1838 4923 Haec
1875 4870 2052 4926 locuta
2082 4887 2204 4927 cum

617 4964 786 5023 esset,
805 4955 1152 5027 vicissimque
1165 4957 1449 5023 audiisset,
1477 4957 1642 5015 «Veni
1664 4961 1716 5016 in
1738 4963 1977 5032 requiem
2007 4981 2203 5033 meam,

616 5053 902 5114 benedicta
924 5049 1100 5107 Mater
1129 5067 1248 5108 mea
1274 5069 1288 5107 :
1319 5066 1500 5122 surge,
1534 5054 1678 5119 veni,
1705 5055 1880 5109 amica
1911 5071 2050 5122 mea,
2082 5058 2204 5129 pul-

616 5144 892 5201 cherrima
925 5143 1232 5202 mulierum.
1262 5144 1400 5200 Ecce
1426 5144 1568 5201 enim
1599 5145 1772 5202 hiems
1799 5150 2035 5218 transiit,
2065 5163 2199 5206 tem-

619 5252 720 5306 pus
750 5234 1046 5306 putationis
1079 5235 1300 5292 advenit
1327 5235 1376 5270 ⁸³
1414 5255 1428 5296 :
1474 5247 1581 5293 tata
1623 5237 1849 5307 pulchra
1890 5256 1984 5305 es,
2027 5244 2202 5296 amica

617 5344 772 5396 mea,
840 5338 897 5385 et
939 5329 1146 5387 macula
1188 5348 1293 5390 non
1329 5341 1415 5387 est
1442 5331 1497 5386 in
1531 5340 1582 5387 te
1605 5331 1650 5364 ⁸⁵
1684 5350 1698 5386 :
1735 5334 1870 5388 odor
1900 5348 2200 5404 unguento-

619 5436 740 5475 rum
783 5430 998 5476 tuorum
1039 5439 1199 5492 super
1226 5424 1406 5480 omnia
1447 5433 1688 5479 aromata
1710 5426 1755 5458 ⁸³
1787 5443 1801 5481 :
1841 5445 1860 5478 ν
1894 5427 1976 5483 his
2011 5440 2196 5485 sancta

592 5507 709 5586 illa
739 5510 954 5576 auditis,
987 5513 1234 5581 spiritum
1264 5529 1420 5570 suum
1448 5515 1499 5570 in
1527 5514 1645 5570 Filii
1675 5517 1922 5573 manibus
1957 5519 2196 5590 deponit.

692 5663 739 5697 ⁸³
782 5662 942 5718 Cant.
998 5680 1058 5730 ll,
1113 5665 1202 5732 lO,
1254 5667 1339 5722 Η.
1416 5668 1462 5701 ⁸⁸
1499 5668 1659 5725 Cant.
1694 5689 1767 5738 tv,
1803 5673 1856 5728 7.
1938 5675 1984 5708 ⁸³
2036 5675 2168 5732 ibid.
2207 5679 2290 5734 10.

690 5801 800 5870 (45)
836 5801 1016 5858 Gcrm.
1052 5803 1216 5876 ζωῆς.

2330 1950 2480 2016 θείας
2524 1955 2926 2028 ἐμφορούμενοι
2973 1959 3230 2032 χάριτος,
3280 1963 3378 2017 καὶ
3427 1963 3513 2034 τῷ
3561 1965 3770 2035 στόματι
3797 1985 3864 2020 κι-

2328 2042 2569 2115 χρῶντες
2594 2047 2674 2119 τῷ
2706 2049 2988 2121 Πνεύματι
3009 2091 3024 2117 ,
3053 2053 3148 2106 καὶ
3180 2053 3387 2125 σαρκὸς
3416 2053 3766 2124 ἐξιστάμενοι,
3791 2058 3863 2112 καὶ

2329 2137 2690 2209 συνεκδημεῖν
2729 2142 3042 2215 ὲκδημούσῃ
3072 2143 3167 2198 τοῦ
3202 2145 3338 2200 Θεοῦ
3366 2150 3433 2218 τῇ
3472 2145 3654 2220 Μητρὶ
3683 2149 3861 2219 ἐφιέμε-

2327 2247 2438 2296 νοι,
2477 2233 2570 2285 καὶ
2618 2234 3095 2306 προεκδτιμοῦντες
3137 2238 3215 2302 ὡς
3259 2233 3373 2292 οἷόν
3409 2257 3473 2294 τε
3530 2239 3608 2310 τῷ
3650 2240 3769 2311 τόνῳ
3789 2241 3862 2311 τῆς

2326 2327 2718 2398 προαιρέσεως.
2753 2329 2907 2382 Ἐπεὶ
2925 2328 2983 2382 δὲ
3018 2330 3216 2394 πάντες
3250 2331 3369 2400 ἅμα
3394 2331 3491 2384 τὸν
3517 2332 3698 2398 πόθον,
3725 2335 3799 2385 καὶ
3817 2331 3861 2384 τὸ

2324 2419 2484 2490 χρέος
2507 2421 2917 2488 ἀφωσιώσαντο,
2941 2422 3038 2478 καὶ
3053 2423 3325 2496 πολυανθῆ
3339 2441 3398 2478 τε
3422 2425 3523 2480 καὶ
3542 2425 3762 2480 ποικίλον
3781 2424 3860 2496 into

2324 2527 2431 2562 νων
2465 2511 2628 2580 ἱερῶν
2655 2512 2954 2578 ὲπλέξαντο
2983 2514 3269 2582 στέφανον,
3297 2515 3398 2586 τὴν
3431 2516 3685 2585 εὐλογίαν
3707 2517 3858 2588 ὥσπερ

2324 2603 2444 2660 τινὰ
2467 2602 2746 2659 θεόσδοτον
2770 2606 3044 2678 θησαυρὸν
3078 2606 3420 2680 ἐκομίζοντο,
3446 2610 3604 2682 ὲξιτή
3615 2611 3698 2680 ριά
3722 2627 3768 2664 τε
3790 2614 3858 2664 καὶ

2323 2695 2608 2750 τελευταῖα
2627 2698 3137 2770 προσφθεγγόμενοι
3165 2702 3412 2770 ῥήματα.
3436 2703 3581 2758 Τάδε
3608 2698 3690 2774 ἦν,
3711 2703 3858 2774 ὼςὲμλ

2323 2787 2645 2842 εἰδέναιταῦ
2689 2791 2956 2862 παρόντος
2998 2791 3114 2863 βίου
3155 2793 3217 2846 τὸ
3269 2793 3499 2866 ρενστὸν
3542 2795 3637 2853 καὶ
3662 2795 3758 2865 (44)
3789 2796 3857 2848 εὑ-

2326 2881 2619 2954 πάροιστον
2649 2883 3032 2953 διαγγέλλοντα
3051 2926 3066 2950 ,
3102 2886 3329 2942 καὶτῶν
3353 2887 3659 2960 μελλόντων
3681 2888 3857 2957 ἀγαθῶν

2321 2969 2391 3024 τὰ
2419 2973 2778 3042 κεκρυμμένα
2815 2975 3086 3047 μυστήρια
3127 2977 3208 3041 είς
3231 2978 3546 3048 τούμφανὲς
3577 2979 3776 3049 ἄγοντα.

2397 3149 2449 3196 ι’.
2500 3137 2637 3198 Εἶτα
2677 3141 2887 3208 τούτοις
2917 3145 3131 3220 συνῳδὰ
3162 3147 3258 3201 καὶ
3287 3146 3565 3205 ἀκόλουθά
3595 3166 3709 3207 τινα
3745 3149 3858 3202 δοκεῖ

2321 3236 2640 3306 πεπρᾶχθαι
2669 3237 2730 3292 τὸ
2757 3238 3011 3309 τηνικάδε
3030 3281 3044 3304 ,
3078 3237 3153 3303 ὥς
3183 3257 3274 3310 μοι
3302 3240 3469 3296 δοκεῖ.
3517 3241 3584 3295 Ἦ
3615 3241 3704 3297 τοῦ
3737 3241 3856 3314 βασι-

2320 3327 2459 3393 λέως
2507 3329 2643 3403 πρὸς
2686 3331 2784 3402 τὴν
2829 3331 3035 3385 οἰκείαν
3081 3330 3404 3404 λοχεύτριαν
3455 3334 3697 3401 ελευσις,
3736 3337 3856 3406 χερσὶ

2320 3418 2492 3485 θείαις
2531 3423 2625 3476 καὶ
2662 3423 2962 3496 ἀκηράτοις
3011 3424 3405 3497 ὐποδεξομένου
3451 3428 3556 3500 τὴν
3589 3429 3728 3500 ἱερὰν
3757 3427 3856 3481 tati-

2317 3527 2418 3580 της
2441 3512 2640 3582 ψυχὴν,
2681 3515 2775 3566 καὶ¹
2802 3514 3067 3588 εἰλικρινῆ
3107 3534 3166 3570 τε
3199 3517 3292 3570 καὶ
3327 3517 3582 3590 ἄμωμον.
3619 3503 3721 3572 Καὶ
3748 3519 3853 3588 αὐτη

2320 3601 2419 3672 μὲν
2446 3595 2535 3655 οἷα
2561 3604 2704 3666 εἰκὸς
2735 3603 2955 3675 ἔφησεν·
2997 3625 3014 3656 t
3047 3607 3140 3668 Εἰς
3164 3608 3354 3677 χεῖράς
3387 3625 3506 3674 σου,
3530 3609 3711 3662 τέκνον
3735 3607 3853 3678 ἐμίαν,

2316 3693 2377 3746 τὸ
2409 3693 2630 3765 πνεῦμά
2661 3714 2762 3767 μου
2789 3697 3156 3770 παρατίθημι.
3186 3699 3346 3767 Δέξαι
3372 3719 3474 3772 μου
3503 3702 3608 3774 τὴν
3630 3703 3706 3756 σοι
3729 3701 3854 3774 φίλην

2315 3785 2513 3858 ψυχὴν,
2553 3791 2617 3858 ἣν
2658 3790 2936 3862 ἐτήρησας
2967 3791 3281 3864 ἄμεμπτον.
3315 3793 3406 3847 Σοὶ
3433 3794 3495 3848 τὸ
3526 3795 3658 3866 ὲμὺν
3695 3795 3852 3866 σῶμα,

2315 3878 2415 3935 καὶ
2436 3878 2496 3932 οὐ
2525 3884 2591 3950 τῇ
2622 3884 2692 3953 γῇ
2726 3881 3089 3954 παραδίδωμι.
3120 3883 3358 3952 Φύλαξον
3387 3885 3548 3952 σῶον,
3576 3888 3604 3940 ὅ
3634 3887 3852 3956 κατοικῆ-

2316 3986 2408 4022 σαι
2451 3969 2758 4043 ηὐδόκησας
2780 4012 2798 4040 ,
2842 3972 2934 4028 καὶ
2978 3973 3260 4045 γεννηθεὶς
3293 3973 3576 4048 Παρθένον
3601 3978 3850 4049 ἐτήρησας.

2314 4061 2458 4130 Πρὸς
2491 4066 2592 4134 ἐμὲ
2631 4065 2992 4135 μετάστησον,
3044 4066 3111 4119 ἶν’
3166 4067 3298 4120 ὅπου
3344 4065 3396 4121 si
3438 4070 3541 4136 σὺ,
3582 4069 3686 4123 τῶν
3734 4069 3852 4139 ἐμῶν

2314 4150 2638 4223 σπλάγχνων
2680 4153 2741 4208 τὸ
2778 4153 2988 4226 κύημα,
3036 4155 3232 4228 ἔσομαι
3267 4159 3420 4231 κάγώ
3462 4177 3548 4215 σοι
3594 4161 3849 4222 συνέστιος.

2312 4244 2455 4315 Πρός
2487 4262 2545 4299 σε
2566 4245 2673 4316 γὰρ
2697 4248 2993 4318 ἐπείγομαι
3026 4249 3116 4303 τὸν
3144 4249 3279 4322 πρὸς
3303 4252 3404 4323 ἐμὲ
3429 4253 3754 4318 ἀδιαστάτως
3773 4271 3851 4308 κα-

2309 4339 2738 4409 ταφοιτήσαντα.
2777 4341 2850 4394 Σὺ
2888 4344 3001 4405 τοῖς
3041 4342 3165 4412 ἐμοὶ
3198 4342 3604 4411 ποθεινοτὰτοις
3641 4347 3847 4409 τέκνοις.

2307 4426 2400 4493 οὓς
2430 4428 2692 4500 ἀδελφοὺς
2718 4432 2948 4488 καλέσαι
2978 4433 3306 4504 ηὐδόκησας,
3335 4437 3435 4508 τῆς
3462 4439 3600 4510 ἐμῆς
3629 4439 3850 4509 ἐκδημίας

2243 4564 2284 4618 D
2309 4521 2470 4618 γε.νοῦ
2503 4523 2873 4618 ’τιςοιραμύθιονΣ
2916 4525 3160 4595 Πρόσθες
3188 4526 3439 4618 εὐλογίαν
3472 4531 3567 4584 ἐπὶ
3600 4531 3694 4602 τὴν
3725 4530 3847 4584 εὐλο-

2311 4609 2436 4677 γίαν
2475 4610 2654 4665 αὐτῶν
2683 4611 2770 4666 διὰ
2812 4612 2912 4683 τῆς
2939 4614 3046 4666 τῶν
3077 4615 3234 4685 ἡμῶν
3268 4617 3465 4688 χειρῶν
3516 4619 3843 4682 ἐπιθέσεως.»

2314 4698 2451 4754 Εἶτα
2489 4700 2589 4764 τὰς
2621 4704 2810 4772 χεῖρας
2837 4704 3126 4777 ἐπάρασα,
3162 4699 3252 4758 οἷα
3304 4705 3488 4773 εἰκὸς,
3545 4709 3666 4771 τοὺς
3704 4723 3848 4760 συνει·

2313 4792 2610 4862 λεγμένους
2641 4793 2926 4864 εὐλόγησε,
2955 4795 3184 4850 τοιαῦτα
3215 4799 3663 4871 προσομιλήσασα
3679 4799 3738 4852 τὰ
3763 4798 3845 4870 pti-

2316 4900 2482 4954 ματα,
2523 4883 2645 4938 καί·
2684 4909 2703 4938 ι
2740 4885 2943 4957 Δεῦρο,
2972 4887 3008 4958 ἡ
3038 4885 3381 4962 εὐλογημένη
3417 4907 3519 4960 μου
3552 4889 3758 4964 Μήτηρ,
3785 4889 3846 4950 εἰς

2312 4975 2409 5047 τὴν
2458 4975 2767 5036 ἀνάπαυσίν
2817 4995 2958 5048 μου,
3010 4979 3316 5038 ἀκούσασα.
3357 4982 3608 5046 ’Δνάστα,
3649 4980 3781 5043 ἔλυε,
3819 4979 3843 5046 ὴ

2309 5068 2538 5139 πλησίον
2581 5087 2706 5140 μου,
2738 5071 2936 5144 ἠκαλὴ
2964 5073 3020 5131 ὲν
3059 5073 3325 5142 γυναιξὶν,
3365 5073 3448 5129 ὅτι
3483 5075 3590 5129 ίδού
3625 5075 3652 5126 ὁ
3675 5069 3844 5144 χειμὼν

2309 5159 2612 5229 παρῆλθον,
2657 5163 2685 5214 ὁ
2736 5161 2928 5234 καιρὸς
2981 5162 3083 5233 τῆς
3131 5165 3306 5236 τομῆς
3359 5165 3581 5234 ἔφθασε.
3636 5163 3770 5232 Καλὴ
3817 5162 3841 5230 ἡ

2306 5252 2533 5322 πλησίον
2570 5271 2710 5323 μου,
2758 5257 2853 5308 καὶ
2889 5255 3081 5328 μῶμος
3120 5258 3221 5312 οὐκ
3265 5256 3411 5311 ἐστιν
3452 5259 3510 5312 ὲν
3551 5257 3646 5311 σοί.
3704 5252 3842 5324 Ὀσμή

2308 5341 2495 5413 μύρων
2538 5361 2631 5396 σου
2683 5345 2823 5418 ὑπὲρ
2871 5347 3050 5403 πάντα
3088 5347 3155 5402 τὰ
3198 5348 3488 5420 ἀρώματα.
3527 5368 3545 5400 ι
3594 5345 3838 5413 Τούτωνὴ

2304 5432 2436 5500 ἁγία
2461 5434 2746 5492 ἀκούσασα
2765 5476 2780 5502 ,
2813 5439 2872 5492 τὸ
2904 5439 3121 5511 πνεῦμα
3153 5445 3275 5506 ταῖς
3305 5441 3463 5514 χερσὶ
3490 5439 3579 5496 τοῦ
3623 5437 3732 5495 rimi
3753 5453 3836 5493 πα·

2309 5525 2613 5596 ρατίοεται.

2391 5823 2493 5892 (Η)
2530 5822 2592 5878 li.
2625 5825 2795 5884 dccsl.
2840 5830 3063 5895 {3503,th
3105 5833 3218 5890 καί.
