4046 6420
179 466 280 529 737

969 455 1298 520 HOMILIA
1334 453 1395 515 II
1430 451 1513 514 IN
1553 443 2090 513 DORMITIONEM
2129 451 2194 510 B.
2231 446 2299 512 V.
2347 451 2634 510 MARIE.

3323 431 3426 495 738

234 583 328 630 ια’.
370 573 480 628 Καὶ
506 571 560 626 τί
597 570 837 642 γίνεται;
873 569 1180 640 Στοιχείων,
1216 568 1292 631 ὥς
1325 568 1394 637 γέ
1437 584 1528 638 μοι
1574 565 1741 628 δοκεῖ,
1773 578 1788 625 Α

1919 563 2006 617 ll.
2047 542 2361 630 Quid'vern
2410 558 3112 630 accidit‘lElementornm,
3161 571 3220 618 ιιι
3273 574 3416 630 reor,

165 668 384 737 κίνησις
412 665 504 718 καὶ
523 661 826 727 ἀλλοίωσις,
858 659 1034 730 φωναί
1057 676 1116 712 τε
1146 658 1331 728 ψόφοι,
1353 658 1448 711 καὶ
1478 656 1743 724 πάταγοι,

165 761 259 815 καὶ
292 757 549 827 ἀγγέλων
599 753 760 825 ὕμνοι
802 752 1060 821 ἐπάξιοι,
1113 749 1547 822 προτρεχόντων,
1604 763 1744 818 συμ-

165 845 626 920 προπεμπόντων,
662 843 1082 915 παρεπομένωνο
1103 841 1213 896 τῶν
1241 841 1342 912 μὲν
1363 842 1430 912 τῇ
1458 838 1746 910 ἀμωμήτῳ

165 940 258 992 καί¹
297 937 546 1007 παναγίᾳ
577 934 724 1006 ψυχῇ
759 932 857 1004 τὴν
880 933 1216 1004 δορυφορίαν
1243 931 1616 1002 πληρούντων,
1651 927 1748 982 καὶ

165 1027 299 1099 πρὸς
362 1026 593 1098 οὐρανὸν
649 1024 874 1097 ἀνιούσῃ
937 1024 1321 1091 συνανιὸντων,
1373 1022 1478 1087 ⁹ἐως
1535 1023 1624 1076 ὅτε
1669 1019 1748 1092 τῷ

168 1121 341 1192 θρόνῳ
375 1119 454 1190 τῷ
506 1115 771 1190 βασιλικῷ
802 1117 903 1188 τὴν
953 1115 1200 1187 βασιλίδα
1233 1115 1607 1186 παρέστησαν,
1638 1111 1748 1166 τῶν

134 1267 139 1281 ί
166 1212 243 1277 δὲ,
274 1213 340 1265 τὸ
375 1211 518 1263 θεῖον
551 1209 648 1264 καὶ
679 1209 825 1281 ἱερὸν
853 1208 1197 1262 κυκλούντων
1234 1206 1414 1277 σῶμα,
1449 1205 1541 1259 καὶ
1584 1204 1752 1281 ᾠδαῖς

168 1303 637 1374 ἀγγελοπρεπέσιν
681 1277 997 1373 ὑμνούντων
1019 1301 1116 1370 τὴν
1147 1299 1488 1370 Θεομήτορα.
1517 1297 1582 1350 Τί
1613 1297 1669 1350 δὲ
1700 1277 1748 1349 οί

133 1366 522 1465 επαρεστιῖίδιιες
567 1393 644 1464 τῷ
703 1366 953 1464 παναγίῳ
999 1366 1094 1446 καί
1150 1366 1430 1464 ἱερωτάτω
1490 1389 1747 1459 σώματι;

169 1488 319 1557 Φόϐῳ
346 1503 410 1539 τε
434 1487 531 1540 καὶ
555 1485 724 1557 πόθῳ,
748 1486 844 1539 καὶ
870 1483 1238 1553 ἀγαλλίασεως
1259 1481 1491 1552 δάκρυσι
1519 1481 1580 1533 τὸ
1609 1479 1752 1532 θεῖον

170 1578 260 1630 καὶ
274 1576 568 1630 πανόλϐιον
590 1576 1087 1647 περιστοιχίσαντες
1105 1573 1390 1644 σκήνωμα,
1423 1590 1489 1624 πε
1498 1569 1754 1642 ριεπτύσ-

172 1685 320 1722 σοντο
345 1708 362 1733 ,
431 1667 845 1737 κατησπάζοντο
900 1665 1048 1720 ἅπαν
1107 1664 1291 1734 μέλος,
1348 1663 1626 1733 προσῆγον
1673 1661 1754 1732 τῷ

174 1757 405 1828 σώματι,
439 1760 503 1811 ὲκ
530 1758 628 1828 τῆς
651 1756 796 1828 ἁφῆς
821 1754 1094 1826 ἀγιασμοῦ
1123 1772 1183 1807 τε
1211 1754 1306 1807 καὶ
1342 1752 1590 1821 εὐλογίας
1617 1751 1755 1824 πλη-

177 1849 452 1920 ρούμενοι,
485 1849 617 1902 Τότε
639 1848 705 1918 δὴ
733 1847 879 1902 νόσοι
922 1847 1022 1918 μὲν
1062 1845 1456 1918 ὲδραπέτευον,
1481 1844 1755 1914 δαιμόνων

178 1941 332 2010 στίφη
362 1939 761 2008 έφυγαδεύοντο
786 1982 802 2006 ,
837 1937 1104 1991 πάντοθεν
1152 1935 1582 2004 συνελαυνόμενα
1617 1934 1756 2005 πρὸς

180 2032 309 2102 μόνα
346 2030 422 2083 τὰ
469 2031 840 2101 καταχθόνιαο
871 2029 1018 2100 ἀὴρ,
1065 2027 1233 2098 αίθήρ
1277 2043 1337 2079 τε
1385 2026 1481 2078 καὶ
1529 2025 1756 2095 οὐρανὸς

183 2122 475 2194 ήγιάζοντο
501 2122 619 2192 (45)
652 2124 718 2192 τῇ
768 2120 1034 2174 ἀναϐάσει
1071 2117 1166 2172 τοῦ
1221 2117 1552 2187 πνεύματος,
1583 2114 1656 2184 γῆ
1699 2109 1756 2167 δὲ

179 2218 241 2285 τῇ
281 2215 583 2268 καταθέσει
620 2212 714 2266 τοῦ
748 2212 1022 2282 σώματος.
1070 2208 1212 2262 Ἀλλ’
1237 2207 1412 2278 ούδὲὴ
1446 2205 1541 2259 τοῦ
1567 2204 1758 2267 ὓδατος

183 2306 334 2375 φύσις
370 2307 478 2376 τῆς
519 2304 771 2372 εὐλογίας
817 2303 1129 2374 ὴμοίρησεο
1177 2299 1398 2353 λούεται
1444 2296 1552 2367 γὰρ
1606 2294 1758 2348 ὕδατι

186 2395 432 2466 καθαρῷ,
471 2396 572 2449 οὐκ
603 2395 776 2466 αὐτὴν
814 2391 1158 2463 καθαίροντι,
1189 2387 1529 2458 ἁγνιζομένῳ
1559 2385 1672 2457 (46)
1701 2384 1760 2439 δὲ

189 2485 444 2557 μάλιστα.
487 2484 753 2539 Ἐνταῦθα
781 2485 986 2552 κωφοῖς
1021 2482 1121 2552 μὲν
1147 2483 1182 2553 ἡ
1233 2480 1372 2549 ἀκοὴ
1401 2479 1760 2550 ἀπηρτίζετο,

186 2580 370 2649 χωλοῖς
417 2581 476 2632 αἱ
509 2578 620 2633 τῶν
650 2577 826 2631 ποδῶν
857 2575 1250 2648 κατηρτίζοντο
1301 2573 1508 2644 βάσεις,
1542 2571 1764 2641 τυφλοῖς

190 2670 242 2724 δὲ
267 2671 640 2735 ἀνεκαινίζετο
673 2671 706 2740 ἡ
735 2672 946 2740 ὅρασις,
992 2667 1339 2738 ἁμαρτωλοῖς
1371 2664 1553 2718 πίστει
1596 2674 1767 2734 προσο

196 2759 324 2812 ιοῦσι
373 2759 720 2832 χειρόγραφα
757 2759 1170 2830 διερρήγνυντο.
1249 2751 1382 2809 Εἶτα
1426 2756 1518 2819 τί;
1554 2754 1768 2808 Σινδόσι

198 2849 460 2922 καθαραῖς
505 2851 566 2904 τὸ
601 2851 840 2921 καθαρὸν
878 2850 1230 2905 ὲνειλίττεται
1265 2845 1450 2919 σῶμα,
1487 2849 1582 2902 καὶ
1611 2848 1768 2918 κλίνῃ

196 2937 342 3005 αὖθις
367 2943 404 3013 ή
443 2941 649 3011 βασιλὶς
667 2941 991 2996 ἐπιτίθεται.
1020 2937 1155 2994 Elea
1170 2939 1456 3010 λαμπάδες
1483 2938 1581 2992 καὶ
1601 2937 1768 3008 μύρα,

205 3031 355 3101 ὕμνοι
384 3032 755 3103 προπόμπιοι,
787 3033 1036 3101 ἀγγέλων
1069 3031 1166 3102 μὲν
1197 3034 1318 3094 ταῖς
1346 3031 1576 3093 οίκείαις
1602 3027 1773 3097 γλώτ-

201 3140 312 3188 ταις
335 3124 720 3196 μελῳδούντων
751 3123 921 3195 ὕμνον
946 3124 1040 3176 τὸν
1071 3123 1254 3186 αὐτοῖς
1291 3120 1773 3194 προσφορώτατον,

202 3214 508 3268 ἀποστόλων
545 3214 603 3268 δὲ
630 3217 728 3267 καὶ⁹
767 3214 1040 3285 θεοφόρων
1080 3213 1336 3284 Πατέρων
1362 3211 1504 3283 ᾠδὰς
1543 3210 1774 3282 ᾀδόντων

206 3304 543 3376 θεοπρεπεῖς,
588 3307 686 3360 καὶ
725 3304 1097 3376 κρατουμένας
1135 3301 1212 3374 τῷ
1246 3301 1547 3374 Πνεύματι.

278 3561 358 3632 ιβ’.
385 3563 523 3615 Τότε
551 3561 636 3634 δὴ,
668 3563 791 3616 τότε
825 3565 858 3634 ἠ
891 3563 1119 3628 κιϐωτὸς
1145 3563 1241 3617 τοῦ
1281 3563 1489 3635 Κυρίου
1520 3561 1782 3632 ἀπάρασα

213 3651 268 3717 ἐξ
293 3653 455 3724 ὅρους
500 3653 640 3707 Σιὼν
672 3657 784 3717 τοῖς
827 3655 937 3708 τῶν
987 3656 1302 3709 ἀποστόλων
1337 3656 1570 3715 κλεινοῖς
1611 3653 1782 3722 ὤμοις

215 3745 546 3816 ἐποχουμένη
581 3746 715 3816 πρὸς
741 3745 802 3798 τὸ
834 3745 1083 3816 οὐράνιον
1114 3745 1339 3816 τέμενος
1371 3745 1461 3798 διὰ
1493 3744 1659 3815 μέσου
1685 3741 1782 3797 τοῦ

216 3836 374 3906 τάφου
418 3836 812 3901 διαϐιϐάζεται.
853 3837 964 3890 Καὶ
1006 3836 1271 3907 πρότερον
1326 3835 1426 3906 μὲν
1473 3833 1564 3888 διὰ
1615 3832 1783 3904 μέσου

221 3925 304 3978 τοῦ
354 3926 549 3990 ἄστεος
593 3925 786 3996 ἄγεται
809 3966 824 3993 ,
861 3921 951 3981 οἷά
987 3943 1074 3990 τις
1110 3925 1298 3996 νύμφη
1347 3924 1684 3996 περικαλλὴς
1716 3926 1784 3995 τῇ

221 4017 493 4090 ἀπροσίτῳ
504 4018 665 4092 αἴγλῃ
680 4019 1026 4090 ὡραῖζομένη
1037 4018 1131 4072 τοῦ
1151 4019 1290 4071 ιΙνεύ
1299 4034 1486 4088 ματος,
1508 4019 1602 4071 καὶ
1613 4015 1787 4079 οὕτως

223 4107 296 4171 είς
327 4109 384 4162 τὸ
417 4107 714 4178 ἱερώτατον
741 4109 840 4180 τῆς
872 4108 1200 4178 Γεθσημανὴ
1228 4107 1427 4178 χωρίον
1462 4107 1785 4177 κομίζεται,

223 4198 464 4268 ἀγγέλων
483 4198 908 4270 προτρεχόντων,
935 4201 1358 4272 παρεπομένων,
1383 4199 1790 4268 συγκαλυπτόν-

223 4305 322 4344 των
351 4288 477 4355 ταῖς
526 4291 754 4363 πτέρυξι
779 4331 795 4358 ,
828 4293 921 4344 καὶ
953 4291 1158 4356 παντὸς
1191 4291 1286 4346 τοῦ
1314 4294 1413 4364 τῆς
1455 4292 1788 4363 Ἐκκλησίας

225 4379 610 4451 πληρώματος.
637 4382 746 4435 Καὶ
778 4381 966 4454 ὥσπερ
988 4385 1016 4436 ὁ
1043 4382 1298 4454 βασιλεὺς
1319 4381 1573 4454 Σολομὼν
1599 4383 1692 4436 ἐπὶ
1721 4385 1788 4456 τῇ

225 4471 562 4526 καταπαύσει
594 4471 693 4542 τῆς
731 4473 964 4526 κιϐωτοῦ
1003 4475 1062 4526 έν
1095 4472 1210 4544 ναῷ
1259 4473 1468 4544 Κυρίου
1489 4512 1505 4537 ,
1536 4473 1595 4525 ὃν
1628 4471 1793 4536 αὐτὸς

1844 655 2137 710 commotio
2183 662 2238 708 et
2285 652 2610 719 immutatio,
2644 667 2912 724 vocesque
2963 664 3018 710 et
3067 654 3222 722 soni,
3259 656 3420 725 digna

1846 745 2160 816 angelorum
2188 743 2418 809 cantica,
2443 743 2532 813 qui
2561 743 2758 813 partim
2783 753 3196 814 przecurrerent,
3221 748 3419 815 partim

1847 838 2256 902 comitarentur,
2276 835 2916 906 partimassectarentur.
2945 837 3112 908 875
3127 835 3422 907 thnidem
3465 891 3503 913 ,κ

1847 929 1935 983 alii
1950 944 2012 984 ex
2034 928 2166 998 ipsis
2188 928 2549 984 immaculata:
2565 936 2618 983 et
2634 930 2990 986 sanctissimae
3008 931 3201 984 animat
3217 927 3426 983 satelli-
3449 912 3515 1002 ίςῖτ

1852 1020 1925 1074 tio
1957 1029 2135 1082 erant,
2159 1027 2215 1073 et
2245 1019 2297 1074 in
2326 1018 2521 1074 cmlum
2554 1021 2903 1075 scandentem
2937 1019 3255 1090 stipabant,
3289 1034 3426 1090 qno-

1850 1127 2022 1185 usque
2053 1114 2199 1182 regio
2227 1113 2364 1168 solio
2401 1114 2643 1186 reginam
2675 1114 2927 1170 sisterent
2952 1130 2970 1170 :
3000 1114 3087 1170 alii
3122 1129 3311 1170 rursus
3339 1115 3423 1168 di-

1849 1207 2031 1260 vinum
2092 1216 2146 1261 et
2211 1220 2425 1260 sacrum
2479 1219 2678 1277 corpus
2725 1205 3052 1278 cingebant,
3107 1207 3431 1278 hymnisqne

1850 1297 2161 1369 angelorum
2193 1298 2427 1368 propriis
2453 1298 2547 1352 Dei
2591 1307 2867 1368 parentem
2889 1298 3259 1354 celebrabant.
3291 1298 3428 1364 Quid

1852 1403 2031 1447 autem
2081 1392 2152 1458 ii,
2217 1392 2310 1462 qui
2364 1391 2708 1447 sanctisdimo
2764 1392 3167 1462 sacerrimoque
3216 1391 3433 1461 corpori

1852 1484 2105 1538 astabant
2132 1483 2156 1538 ί
2187 1497 2307 1537 cum
2338 1489 2609 1548 tremore,
2641 1481 2958 1551 ardentique
2997 1483 3183 1537 amore
3204 1522 3218 1546 ,
3251 1492 3303 1536 et
3337 1496 3435 1535 ex-

1853 1574 2160 1630 snltationis
2191 1572 2446 1644 lacrymis
2467 1613 2482 1638 ,
2519 1573 2757 1628 divinum
2800 1573 2926 1627 illud
2959 1572 3435 1642 felicissimumque

1858 1663 2264 1721 tabernaculum
2305 1663 2361 1719 in
2405 1665 2591 1718 orbem
2639 1662 2916 1733 cingentes
2961 1662 3432 1732 amplexabantur,

1855 1763 1910 1811 et
1945 1753 2402 1810 exosculabantur
2427 1795 2442 1818 ,
2475 1751 2791 1820 nullumque
2827 1765 2930 1806 non
2970 1751 3271 1806 membrum
3310 1765 3438 1803 cor-

1855 1847 1972 1917 pori
1993 1845 2364 1909 admoventes,
2389 1858 2451 1897 ex
2481 1844 2598 1912 ejus
2623 1849 2875 1899 contactu
2901 1842 3188 1897 sanctitate
3205 1851 3258 1896 et
3275 1843 3438 1896 bene-

1787 1911 2095 1990 Bdictione
2145 1911 2628 2004 perfundebantur.
2689 1933 2827 1987 Tum
2863 1945 2991 2002 ergo
3040 1931 3210 1986 morbi
3256 1930 3436 2000 fugam

1856 2024 2250 2098 capessebant,
2281 2024 2584 2078 daemonum
2614 2032 2846 2078 caterva:
2881 2021 3221 2091 pellebantur
3246 2063 3262 2088 ,
3289 2033 3340 2076 et
3371 2023 3437 2076 ad

1857 2117 2240 2170 snbterrancas
2290 2123 2446 2169 terra:
2505 2122 2686 2184 partes
2761 2113 2995 2182 undique
3066 2112 3438 2182 abigebantnr.

1858 2207 1989 2272 Aer,
2022 2205 2194 2260 aether
2247 2219 2311 2259 ac
2343 2202 2541 2258 coelum
2584 2202 2912 2258 ascendente
2947 2203 3137 2274 spiritu
3184 2205 3445 2258 sanctita-

1862 2305 1970 2351 tem
1998 2295 2392 2350 contrahebant
2417 2335 2431 2361 ,
2461 2295 2914 2364 quemadmodum
2943 2304 2999 2349 et
3029 2305 3170 2350 terra
3199 2296 3444 2366 corporis

1863 2388 2223 2456 depositione.
2265 2387 2403 2453 Quin
2436 2401 2504 2441 ne
2534 2399 2798 2457 aquarum
2850 2386 3070 2455 quidem
3120 2397 3313 2442 natura
3347 2389 3444 2443 be-

1865 2480 2172 2536 nediclione
2224 2493 2321 2534 sua
2380 2478 2576 2533 caruit.
2617 2476 2866 2532 Abluilur
2901 2479 3045 2532 enim
3097 2493 3237 2549 aqua
3288 2494 3442 2550 pura,

1867 2586 1972 2626 non
2001 2585 2118 2640 qua:
2140 2570 2310 2639 ipsam
2335 2553 2654 2633 'mundaret,
2685 2571 2777 2624 sed
2806 2583 2926 2638 qum
2953 2569 3130 2636 potius
3163 2569 3450 2624 mundare-

1870 2670 1978 2716 tur.
2019 2662 2195 2728 Atque
2221 2659 2348 2713 hinc
2387 2658 2569 2714 surdis
2601 2659 2848 2724 auditus,
2881 2657 3086 2714 claudis
3115 2659 3314 2729 planta:
3353 2659 3448 2714 llr-

1870 2751 2032 2805 mitas
2061 2748 2410 2812 reddebatur,
2443 2749 2600 2802 crccis
2626 2748 2775 2802 visus
2805 2748 3230 2814 instaurabatur,
3253 2764 3448 2818 peccao
3539 2756 3542 2765 '

1873 2842 2079 2896 toribns
2101 2855 2222 2894 cum
2253 2840 2358 2895 title
2387 2839 2768 2895 accedentibus
2790 2841 3113 2910 syngraphae
3134 2839 3451 2895 laceraban-

1875 2940 1981 2985 tur.
2017 2931 2219 2986 Deinde
2252 2929 2404 3000 puris
2445 2929 2622 2985 linteis
2655 2943 2851 2999 purmn
2898 2943 3095 2998 corpus
3140 2930 3448 2997 involvitur,

1874 3019 2121 3089 lectoque
2168 3035 2356 3075 rursus
2401 3020 2583 3090 regina
2627 3021 2968 3088 imponitur:
3015 3034 3136 3074 mox
3176 3020 3452 3090 lampades

1877 3111 2135 3167 adhibitae
2183 3120 2238 3166 et
2283 3120 2556 3182 unguenta
2601 3111 2896 3181 bymnique
2930 3110 3108 3165 funeri
3132 3110 3455 3166 deducendo

1881 3202 2106 3258 idonei:
2156 3203 2362 3273 angelis
2401 3203 2587 3271 utique
2639 3203 2836 3272 linguis
2879 3203 2992 3258 suis
3046 3204 3302 3273 hymnum
3352 3205 3456 3260 sibi

1881 3295 2426 3365 congcuentissimum
2463 3294 2871 3351 concinentibus
2903 3312 2918 3362 ;
2971 3295 3226 3367 apostolis
3251 3306 3456 3366 autem,

1879 3385 2099 3454 Daoque
2136 3385 2312 3455 plenis
2347 3386 2601 3441 Patribns
2629 3387 2838 3440 divinas
2875 3389 3134 3456 quasdam
3180 3389 3458 3444 cautiones

1881 3491 1910 3530 a
1940 3475 2142 3545 Spiritu
2172 3483 2364 3530 sancto
2389 3477 2692 3546 .inspiratas
2721 3476 3138 3531 modulantibus.

1953 3565 2041 3619 12.
2080 3565 2159 3620 Ac
2188 3573 2298 3618 tum
2330 3581 2481 3629 sane,
2512 3574 2622 3620 tum
2653 3580 2780 3624 arca
2811 3566 3022 3619 Domini
3052 3581 3083 3620 e
3113 3574 3293 3620 monte
3323 3566 3456 3622 Sion

1884 3655 2102 3720 abiens.
2119 3656 2553 3725 venerandisque
2574 3645 2941 3726 apostolorum
2968 3656 3207 3711 humeris
3227 3666 3459 3726 gestata,

1884 3743 1938 3798 in
1972 3743 2192 3800 creleste
2229 3745 2484 3817 templum
2521 3760 2618 3815 per
2653 3744 2996 3814 interiectum
3034 3749 3340 3815 sepulcrum
3375 3749 3461 3804 ef-

1887 3833 2080 3889 fertur.
2109 3833 2189 3891 Ac
2221 3835 2456 3906 primum
2489 3837 2706 3908 quidem
2742 3853 2842 3909 per
2870 3840 3099 3894 mediam
3135 3841 3324 3896 urbem
3357 3842 3458 3894 dn-

1885 3928 2049 3995 citur,
2085 3937 2337 3999 tanquam
2376 3931 2780 4000 speciosissima
2819 3933 3063 4002 quaedam
3105 3948 3333 4003 sponsa,
3371 3935 3461 3987 in-

1887 4021 2156 4090 eorporali
2188 4022 2426 4090 Spiritus
2453 4022 2740 4092 splendore
2769 4023 3024 4078 decorata
3054 4041 3068 4076 :
3094 4032 3256 4093 atque
3287 4025 3358 4078 ita
3393 4023 3459 4078 ad

1888 4114 2292 4168 sanctissimum
2327 4113 2719 4170 Gethsemanes
2753 4115 2931 4170 locum
2968 4116 3229 4182 defertur,
3261 4117 3465 4184 angelis

1891 4205 2368 4278 praecurrentibus,
2404 4215 2460 4260 et
2493 4207 2918 4268 assectantibus,
2952 4206 3161 4275 alisque
3194 4207 3307 4262 suis
3343 4222 3463 4262 eam
3545 4228 3554 4238 -

1891 4293 2288 4360 obvelantibus,
2321 4308 2386 4348 ac
2424 4293 2679 4348 universo
2719 4293 2974 4348 Ecclesia
3009 4301 3176 4347 coetu.
3209 4293 3288 4348 Ac
3325 4293 3468 4346 sicut

1893 4401 1988 4441 rex
2018 4384 2303 4450 Salomon,
2329 4387 2400 4440 ob
2428 4385 2803 4454 deponendam
2833 4400 3016 4440 arcam
3047 4385 3102 4439 in
3133 4385 3330 4454 templo
3361 4385 3468 4438 Do-

1896 4475 2050 4539 mini,
2081 4475 2222 4544 quod
2258 4475 2371 4544 ipse
2401 4482 2768 4538 exstruxerat,
2801 4474 3046 4530 seniores
3074 4487 3264 4528 omnes
3293 4471 3464 4528 Israel

226 4559 511 4630 ἐδείματο,
565 4561 776 4623 πάντας
825 4562 952 4625 τοὺς
999 4561 1412 4632 πρεσϐυτέρους
1468 4561 1686 4632 Ἰσραὴλ
1733 4563 1788 4614 ὲν

1896 4567 1951 4622 in
1985 4565 2113 4622 Sion
2147 4566 2342 4634 coegit,
2375 4574 2434 4619 ut
2466 4579 2650 4619 arcam
2687 4565 2899 4619 Domini
2931 4563 3208 4620 deferrent
3233 4563 3303 4618 de
3331 4564 3468 4618 civi-

228 4649 355 4703 Σιὼν
402 4650 743 4720 ἠκκλησίασε
767 4691 782 4717 ,
815 4649 911 4704 τοῦ
945 4651 1258 4719 ἀνενεγκεῖν
1284 4653 1386 4722 τὴν
1415 4651 1646 4704 κιϐωτὸν
1675 4651 1790 4705 δια-

230 4735 388 4809 θήκης
425 4723 637 4812 κυρίου
678 4741 744 4794 ἐκ
797 4740 1006 4804 πόλεως
1035 4741 1233 4795 Δαϐίδ·
1268 4740 1408 4814 αὕτη
1441 4744 1588 4796 ἐστὶν
1617 4741 1754 4796 Σιών
1775 4758 1789 4775 °

232 4833 316 4884 καὶ
349 4827 494 4903 ἦραν
520 4836 568 4887 oi
597 4835 762 4905 ἱερεῖς
785 4833 882 4904 τὴν
913 4835 1145 4889 κιϐωτὸν
1183 4835 1279 4889 καὶ
1310 4835 1411 4906 τὴν
1453 4837 1660 4906 σκηνὴν
1698 4836 1794 4891 τοῦ

237 4924 566 4996 μαρτυρίου,
617 4927 712 4980 καὶ
745 4925 1075 4980 ἀνεϐίϐασαν
1122 4927 1263 4980 αὐτὰ
1307 4927 1358 4980 οἱ
1405 4927 1570 4998 ίερεῖς
1619 4928 1712 4981 καὶ
1744 4926 1796 4980 oi.

237 5012 445 5069 Λευῖται
464 5032 478 5047 ·
509 5018 604 5070 καὶ
625 5018 654 5069 ό
681 5015 956 5086 βασιλεὺς,
989 5017 1084 5071 καὶ
1111 5020 1139 5071 ό
1161 5018 1286 5082 λαὸς
1311 5018 1456 5082 ἀπας
1484 5019 1796 5091 ἔμπροσθεν

237 5103 325 5172 τῆς
351 5105 588 5160 κιϐωτοῦ
619 5107 838 5171 θύοντες
865 5108 994 5179 βόας
1018 5109 1112 5162 καὶ
1142 5109 1392 5176 πρόϐατα
1422 5111 1795 5181 ἀναρίθμητοι·

241 5197 326 5248 καὶ
361 5198 741 5269 εἰσφέρουσιν*
789 5200 839 5252 οί
899 5201 1062 5270 ἱερεῖς
1105 5200 1205 5270 τὴν
1251 5200 1485 5252 κιϐωτὸν
1530 5200 1799 5273 διαθήκης

243 5284 434 5357 Κυρίου
465 5291 546 5352 είς
581 5289 673 5343 τὸν
705 5290 870 5343 τόπον
897 5290 1068 5358 αὐτῆς
1102 5291 1183 5353 είς
1210 5289 1272 5342 τὸ
1299 5289 1458 5359 δαϐῖρ
1481 5289 1574 5343 τοῦ
1605 5292 1756 5345 οῐκου
1780 5333 1796 5356 ,

244 5378 314 5440 εἰς
350 5380 415 5432 τὰ
459 5380 629 5449 Ἀγια
682 5381 791 5433 τῶν
836 5381 1030 5448 ἁγίων,
1089 5381 1192 5433 ὑπὸ
1241 5381 1340 5444 τὰς
1377 5383 1656 5451 πτέρυγας
1690 5383 1799 5437 τῶν

246 5467 543 5542 Χερουϐίμο
570 5471 712 5524 οὓτω
743 5471 808 5542 δὴ
841 5472 934 5523 καὶ
968 5470 1063 5523 νῦν
1090 5472 1198 5540 (i7)
1231 5471 1324 5522 ἐπὶ
1351 5472 1418 5542 τῇ
1453 5471 1798 5527 καταπαύσει

221 5705 223 5708 γ
314 5623 359 5656 u
387 5625 448 5681 ιιι
478 5626 617 5696 Reg.
649 5641 767 5692 vnt,
804 5627 828 5680 1
867 5641 1046 5696 seqq.;
1079 5626 1120 5680 ll
1158 5626 1332 5682 Paral.
1370 5641 1420 5692 ν,
1451 5626 1486 5680 Ξ)-
1517 5641 1670 5698 Se‘l‘l-

314 5779 422 5922 £45}
450 5782 632 5836 Germ.
663 5779 940 5915 ίέγιάζετο.

337 5850 400 5903 46
448 5852 512 5907 li.
545 5853 674 5920 ἀγια
713 5851 909 5922 ομένῳ.

337 5850 418 5921 46)
448 5852 512 5907 li.
545 5850 909 5923 ἁγιαζομένῳ.

1901 4663 2008 4709 tate
2043 4653 2235 4717 David,
2275 4654 2326 4708 id
2360 4663 2444 4709 est
2478 4658 2543 4706 de
2578 4652 2742 4720 Sion;
2781 4654 3128 4724 tuleruntque
3159 4653 3473 4710 sacerdOtes

1901 4760 2082 4800 arcam
2129 4753 2184 4800 et
2235 4745 2639 4805 tabernaculum
2692 4745 3024 4809 testimonii,
3072 4759 3136 4800 ac
3183 4744 3474 4815 portabant

1901 4851 2044 4901 eam,
2077 4849 2190 4892 tum
2224 4838 2562 4901 sacerdotes,
2597 4847 2709 4891 tum
2744 4835 2948 4890 Levita:
2980 4856 2995 4892 ς
3028 4850 3232 4904 rexque
3261 4844 3319 4890 .et
3351 4849 3473 4888 om-

1905 4927 1990 4982 nis
2026 4927 2258 4996 populus
2291 4937 2420 4983 ante
2454 4944 2636 4982 arcam
2670 4928 3080 4997 gradiebantur,
3115 4941 3180 4981 ac
3214 4927 3377 4980 boves
3419 4933 3474 4980 et

1904 5033 2033 5075 oves
2065 5019 2488 5076 innumerabiles
2523 5019 2871 5075 immolabant
2903 5043 2915 5076 :
2951 5035 3012 5075 ac
3047 5021 3260 5074 tandem
3293 5031 3477 5072 sacer-

1905 5112 2058 5166 dotes
2092 5126 2272 5166 arcam
2305 5111 2526 5166 foederis
2553 5111 2762 5166 Domini
2799 5111 2850 5165 in
2885 5111 3059 5166 locum
3092 5124 3247 5164 suum
3277 5106 3474 5162 intule-

1907 5209 2056 5264 runt,
2081 5201 2134 5253 in
2164 5201 2441 5254 oraculum
2467 5201 2682 5266 domus,
2707 5199 2761 5255 in
2791 5200 2989 5254 Sancta
3017 5207 3346 5260 sanctorum,
3376 5197 3479 5251 sub

1907 5292 2008 5348 alis
2039 5292 2332 5347 Cherubim
2349 5292 2396 5325 °°
2427 5313 2440 5348 :
2475 5294 2546 5347 ita
2574 5306 2789 5362 quoque
2816 5293 2882 5346 ad
2913 5290 3285 5360 deponendam
3312 5289 3478 5359 spiri-

1909 5384 2070 5440 talem
2099 5399 2280 5439 arcam
2301 5425 2314 5449 ,
2348 5401 2452 5439 non
2480 5383 2702 5440 foederis
2731 5383 2972 5451 Domini,
3003 5385 3096 5440 sed
3127 5396 3372 5452 personas
3397 5381 3479 5448 ip-

1907 5479 2022 5532 sius
2048 5475 2142 5531 Dei
2162 5474 2347 5541 Verbi,
2375 5492 2543 5533 novus
2566 5477 2683 5548 ipse
2707 5477 2982 5544 Salomon,
3007 5476 3097 5548 qui
3122 5483 3204 5532 est
3226 5474 3482 5546 princeps

1989 5779 2099 5849 (t7)
2133 5777 2283 5835 Colb.
2314 5779 2453 5845 τότε.
