4046 6408
591 405 698 470 739

1780 412 1838 470 S.
1877 407 2198 471 JOANNIS
2238 408 2669 468 DAMASCENI
3762 400 3850 463 7H

586 525 757 594 pacis,
781 521 1377 594 praestantissimusque
1401 522 1637 579 universi
1664 521 1882 588 artife'x,
1906 532 2019 576 tum
2044 535 2159 575 ca:-

2263 520 2365 590 τῆς
2387 522 2583 591 νοερᾶς
2608 518 2867 588 κιϐωτοῦ,
2890 520 2952 573 ού
2988 520 3256 591 διαθήκης
3279 522 3514 592 Κυρίου,
3543 522 3646 575 ἀλλ
3692 523 3842 594 αὐτῆς

584 615 803 670 lestium
841 617 1101 671 mentium
1139 617 1339 672 mundo
1372 617 1715 672 sublimiores
1754 616 2010 679 ordines,
2048 624 2161 668 tum

584 709 871 778 primarios
891 708 1023 764 Novi
1044 709 1377 766 Testamenti
1412 712 1578 773 viros,
1611 710 1713 763 hoc
1747 716 1830 764 est
1864 707 2163 777 apostolos,

585 816 691 854 una
724 816 847 855 cum
878 802 1126 856 universa
1155 811 1463 857 sanctorum
1490 801 1583 870 qui
1612 799 2003 871 Hierosolymis
2031 813 2162 868 age-

583 893 713 947 bant
739 893 914 963 plebe,
941 893 1201 949 hodierno
1224 894 1313 949 die
1337 894 1389 948 in
1416 908 1576 946 unum
1604 893 1800 961 coegit.
1824 892 1902 947 Ac
1925 893 2160 946 animam

585 986 803 1053 quidem
837 986 889 1040 in
916 986 1111 1041 Sancta
1143 996 1475 1053 sanctorum,
1509 988 1563 1039 in
1592 985 1921 1055 exemplaria
1949 1001 2076 1039 vera
2108 994 2165 1040 et

584 1074 825 1130 Ctelestia
866 1092 962 1145 per
995 1076 1213 1146 angelos
1252 1076 1570 1143 introducit,
1610 1091 1673 1131 ac
1707 1076 1805 1130 sub
1844 1076 2157 1130 animalium

584 1168 954 1238 quadruplicis
990 1168 1178 1224 formae
1218 1169 1317 1223 alis
1358 1185 1477 1224 eam
1520 1170 1816 1233 collocans,
1859 1184 1956 1222 suo
1994 1169 2162 1237 ipsius

586 1257 778 1312 throno
812 1260 863 1312 in
898 1260 1150 1315 interiore
1174 1258 1341 1330 876
1364 1258 1647 1313 velaminis
1680 1268 1834 1329 parte
1864 1259 2026 1323 sistit,
2052 1274 2160 1328 quo

583 1360 885 1412 praecursor
922 1348 1036 1416 ipse
1068 1347 1317 1402 Christus
1351 1347 1708 1414 corporaliter
1742 1347 2017 1416 ingressus
2050 1356 2155 1402 est.

583 1437 791 1506 Corpus
827 1448 1006 1493 autem
1041 1438 1406 1509 apostolorum
1445 1438 1694 1491 manibus
1727 1446 1993 1503 gestetur,
2015 1436 2177 1507 Rege.

582 1546 766 1601 regum
799 1531 1085 1585 invisibilis
1112 1546 1223 1585 suae
1254 1530 1470 1583 deitatis
1508 1529 1794 1597 splendore
1822 1544 1942 1583 eam
1971 1539 2159 1584 conte-

580 1633 760 1692 gente,
785 1632 837 1677 et
864 1624 1120 1677 universo
1147 1630 1459 1677 sanctorum
1489 1630 1629 1676 cmtu
1659 1629 1955 1691 praeeunte,
1983 1630 2037 1676 et
2064 1635 2159 1689 per

580 1727 859 1767 sacrarum
895 1727 1084 1767 vocum
1120 1712 1499 1777 emissionem,
1534 1711 1707 1766 laudis
1741 1710 2065 1766 sacrificium
2102 1710 2155 1764 in

584 1803 808 1869 tumulo,
850 1813 1102 1871 tanquam
1140 1803 1192 1855 in
1231 1802 1486 1865 thalamo,
1524 1801 1890 1863 sacrificante,
1926 1816 2022 1868 per
2058 1800 2153 1867 ip-

2270 611 2374 681 τῆς
2407 611 2501 664 τοῦ
2532 612 2667 664 Θεοῦ
2708 612 2884 680 Λόγου
2931 613 3313 677 ὑποστάσεως,
3347 614 3511 677 αὐτὸς
3546 615 3573 665 ό
3601 614 3718 672 νέος
3748 615 3836 666 Σο-

2269 698 2475 769 λομὼν,
2507 700 2536 751 ὁ
2566 700 2924 771 είρηνάρχης,
2969 701 3063 754 καὶ
3093 702 3188 754 τοῦ
3218 703 3418 765 παντὸς
3463 701 3841 771 ἁριστοτέχνης

2266 791 2375 843 τῶν
2418 793 2689 862 οὐρανίων
2725 794 2864 846 νόων
2908 794 2974 847 τὰ
3024 795 3372 866 ύπερκόσμια
3421 795 3712 864 τάγματα,
3759 814 3842 849 και

2268 882 2365 952 τῆς
2387 883 2532 945 Νέας
2546 882 2821 954 Διαθὴκης
2842 884 2968 948 τοὺς
2996 884 3355 955 προῦχοντας,
3381 887 3507 949 τοὺς
3529 886 3843 949 ἀποστόλους

2268 973 2415 1044 φημὶ⁵
2435 1012 2451 1038 ,
2485 975 2582 1027 σὺν
2618 974 2781 1026 παντὶ
2810 973 2886 1045 τῷ
2918 976 2974 1027 ὲν
3014 974 3369 1045 Ἰερουσαλὴμ
3396 976 3506 1029 τῶν
3539 975 3716 1043 ἁγίων
3743 974 3842 1044 λαῷ

2273 1065 2516 1136 σήμερον
2545 1065 2903 1135 ὴκκλησίασε,
2935 1066 3030 1118 καὶ
3051 1065 3148 1135 τὴν
3174 1066 3273 1135 μὲν
3301 1066 3482 1137 ψυχὴν
3510 1066 3580 1119 δι’
3609 1065 3844 1132 ἀγγέλων

2266 1158 2347 1220 εἰς
2376 1157 2446 1210 τὰ
2472 1158 2645 1225 ’Ἅγια
2673 1158 2779 1209 τῶν
2805 1157 2997 1225 ἁγίων,
3028 1157 3097 1209 τὰ
3122 1157 3405 1228 ἀρχέτυπα
3424 1158 3491 1210 τά
3508 1156 3742 1226 ἀληθινὰ
3763 1156 3844 1208 καὶ

2268 1248 2503 1318 οὐράνια
2554 1247 2931 1314 εἰσοικίζεται,
2981 1249 3069 1301 ἐπ’
3107 1250 3277 1311 αὑτὰς
3304 1250 3413 1301 τῶν
3454 1249 3845 1318 τετραμόρςων

2262 1338 2417 1403 ζώων
2452 1342 2551 1403 τὰς
2584 1340 2903 1409 πτέρυγας,
2955 1340 3049 1393 καὶ
3098 1339 3174 1409 τῷ
3224 1339 3420 1393 ἑαυτοῦ
3472 1341 3845 1409 παρεστήσατο

2263 1432 2435 1504 θρόνῳ
2459 1472 2472 1496 ,
2507 1434 2586 1496 είς
2618 1433 2676 1484 τὸ
2704 1431 2982 1501 ἐνδότερον
3014 1430 3107 1483 τοῦ
3143 1432 3681 1500 καταπετάσματος,
3714 1430 3835 1481 ὅπου

2261 1524 2566 1594 πρόδρομος
2618 1522 2779 1586 αὐτὸς
2822 1522 3055 1593 Χριστὸς
3104 1522 3433 1591 σωματικῶς
3485 1521 3841 1590 εἰσελήλυθε’

2265 1616 2327 1668 τὸ
2355 1616 2410 1667 δὲ
2436 1616 2594 1685 σῶμα
2623 1618 2744 1678 ταῖς
2774 1614 2880 1667 τῶν
2906 1614 3218 1667 ἀποστόλων
3248 1615 3407 1685 χερσὶ
3432 1615 3843 1683 προκομίζεται,

2258 1710 2353 1761 τοῦ
2387 1709 2660 1771 Βασιλέως
2706 1708 2813 1760 τῶν
2856 1707 3247 1777 βασιλευόντων
3287 1706 3844 1774 συγκαλύπτοντοςτῇ

2260 1801 2422 1870 αἴγλῃ
2468 1802 2568 1871 τῆς
2623 1801 2859 1871 ἀοράτου
2906 1799 3188 1869 θεότητος,
3243 1800 3336 1851 καὶ
3366 1798 3571 1861 παντὸς
3623 1798 3722 1851 τοῦ
3749 1798 3843 1850 τῶν

582 1907 697 1945 sum
728 1892 779 1945 in
811 1892 1013 1945 deliciis
1041 1888 1230 1957 Edem,
1256 1891 1417 1960 inque
1444 1890 1756 1945 coelestibus
1796 1888 2159 1943 tabernaculis

2264 1891 2434 1959 ἀγίων
2479 1892 2835 1960 συστήματος
2867 1890 3299 1961 προτρεχόντων,
3343 1890 3435 1944 καὶ
3477 1890 3639 1960 ἱεράς
3666 1888 3844 1957 ἀφίενο

583 1981 898 2035 collocatur.

2268 2001 2378 2036 των
2424 1982 2553 2053 βοὰς
2589 1982 2725 2051 (48),
2767 1983 2863 2036 καὶ
2909 1981 3146 2035 θύοντων
3177 1980 3370 2034 θυσίαν
3405 1981 3679 2044 αἰνέσεως
3705 2019 3721 2045 ,
3747 1980 3845 2043 ἕως

580 2076 655 2136 ώς
705 2071 1038 2144 παστάδιτῷ
1069 2072 1259 2143 τάφῳ,
1289 2072 1382 2127 καὶ
1425 2070 1491 2123 δι’
1538 2070 1703 2124 αὐτοῦ
1740 2072 1805 2141 τῇ
1848 2072 1949 2141 τῆς
1990 2070 2150 2141 Ἐδὲμ
2174 2078 2374 2145 τρυφῇ,
2416 2075 2510 2126 καὶ
2555 2073 2827 2143 οὐρανίοις
2862 2072 3162 2143 ἑναπετὲθη
3195 2071 3543 2143 σκηνώμασι.

655 2185 735 2239 l5.
778 2182 1014 2237 Aderant
1056 2182 1195 2237 forte
1233 2182 1399 2237 etiam
1446 2197 1513 2237 ex
1553 2180 1775 2246 Judaeis,
1822 2183 1869 2236 si
1912 2182 2003 2249 qui
2046 2196 2152 2235 non

581 2273 867 2330 admodum
901 2272 1130 2342 improbi
1159 2273 1517 2327 exsistebant.
1546 2272 1625 2326 Ab
1662 2286 1719 2325 re
1747 2285 1876 2326 vero
1907 2287 2010 2325 non
2040 2282 2154 2339 est,

581 2368 684 2422 hoc
718 2365 820 2420 loci
860 2364 1089 2435 aliquid,
1125 2364 1268 2433 quod
1307 2363 1599 2417 multorum
1634 2378 1886 2417 sermone
1921 2365 2157 2419 circnm-

580 2454 772 2517 fertur,
803 2453 929 2509 huic
960 2453 1258 2507 narrationi
1295 2461 1554 2521 tanquam
1588 2453 1994 2507 condimentum
2027 2454 2159 2507 edu-

581 2544 698 2610 liis,
732 2545 1051 2600 admiscere.
1084 2546 1251 2605 Aiunt
1283 2544 1461 2609 enim,
1494 2558 1616 2598 cum
1651 2545 1718 2598 ad
1756 2545 1954 2599 montis
1985 2545 2161 2614 crepi-

580 2634 758 2687 dinem
790 2634 1092 2700 venissent,
1123 2635 1213 2703 qui
1251 2635 1471 2689 heatum
1504 2633 1601 2688 Dei
1632 2634 1931 2690 Genitricis
1962 2651 2160 2705 corpus

581 2726 886 2793 gestabant,
913 2724 1198 2781 Hebraeum
1226 2728 1515 2795 quemdam
1544 2727 1748 2795 peccati
1776 2742 2017 2793 servum,
2042 2728 2161 2796 qui-

581 2830 687 2882 que
718 2814 892 2869 fmdus
922 2829 1042 2869 cum
1074 2830 1261 2869 errore
1290 2817 1589 2884 pepigerat,
1622 2815 1771 2869 illum
1804 2816 2023 2886 Caipha:
2056 2818 2159 2870 mi-

582 2905 835 2969 nistrum,
856 2907 945 2974 qui
981 2905 1315 2961 Dominicam
1349 2906 1697 2975 divinamque
1726 2906 1926 2961 Christi
1957 2906 2051 2961 Dei
2083 2912 2163 2961 fa-

584 2994 721 3049 ciem
754 2998 907 3065 alapa
936 2996 1228 3062 ceciderat,
1261 2998 1595 3063 imitantem,
1629 2998 1956 3053 diabolicum
1989 2999 2162 3054 factus

582 3094 730 3140 esset
757 3102 1043 3155 organum,
1073 3091 1364 3144 temerario
1395 3091 1765 3160 praecipitique
1792 3106 1857 3145 ac
1887 3091 2158 3145 diabolico

2335 2194 2423 2257 ιγ’.
2454 2188 2718 2259 Παρῆσαν
2752 2187 2807 2239 δὲ
2834 2187 2995 2256 τυχὸν
3034 2186 3132 2239 καλ⁵
3170 2186 3437 2248 Ἰουδαῖοι,
3469 2185 3589 2237 ὅσοι
3634 2183 3712 2254 μὴ
3739 2183 3845 2235 λίαν

2226 2348 2227 2351 η
2263 2274 2600 2347 ἀγνώμονες,
2631 2277 2744 2345 Οὐχ
2767 2270 2879 2328 οἷον
2908 2276 2965 2328 δὲ
2991 2314 3006 2340 ,
3047 2274 3233 2346 ὥσπερ
3259 2275 3375 2345 ὄψῳ
3404 2275 3769 2345 παράρτυμα,
3792 2273 3845 2326 τὸ

2256 2371 2373 2433 τοῖς
2429 2367 2642 2422 πολλῶν
2692 2367 3127 2439 περιφερόμενον
3174 2366 3378 2437 χείλεσι
3430 2362 3743 2437 προσμῖξαι
3775 2363 3843 2433 τῷ

2256 2460 2582 2531 διηγήματι.
2608 2459 2745 2512 Φασὶ
2764 2457 2893 2528 γὰρ,
2928 2459 3018 2511 ὅτε
3053 2458 3190 2529 πρὸς
3222 2460 3289 2528 τῇ
3314 2455 3625 2511 καταϐάσει
3659 2471 3845 2507 καταν-

2256 2552 2383 2614 τοῦς
2416 2552 2575 2623 ὅρους
2611 2551 2894 2620 γεγόνασιν
2925 2551 2973 2603 οί
3002 2551 3063 2605 τὸ
3101 2550 3374 2621 μακάριον
3406 2548 3570 2618 σῶμα
3602 2547 3710 2616 τῆς
3729 2547 3844 2598 Θεο-

2260 2646 2498 2715 μήτορος
2530 2644 2798 2714 αἴροντες.
2845 2642 3094 2714 Ἐὄραῖόν
3132 2659 3255 2694 τινα
3291 2642 3393 2711 τῆς
3424 2640 3709 2709 ἁμαρτίας
3736 2637 3843 2691 60-3-

2265 2738 2380 2804 λον,
2436 2737 2530 2790 καὶ
2567 2737 2665 2806 τῆς
2715 2735 2927 2805 πλάνης
2959 2734 3310 2798 ὑπόσπονδον,
3351 2734 3445 2786 τὸν
3498 2731 3593 2784 τοῦ
3631 2730 3842 2796 Καῖάφα

2264 2826 2484 2897 οἰκέτην
2518 2825 2877 2896 μιμούμενον,
2921 2825 2980 2887 ὃς
3009 2824 3070 2877 τὸ
3099 2822 3430 2876 Δεσποτικδν
3463 2822 3561 2873 καὶ
3587 2820 3734 2873 θεῖον
3763 2818 3842 2870 τοῦ

2266 2915 2506 2986 Χριστοῦ
2552 2915 2646 2968 τοῦ
2695 2914 2831 2968 Θεοῦ
2881 2914 3037 2986 ἡμῶν
3077 2915 3348 2986 sesama
3403 2913 3727 2981 πρόσωπον,
3757 2910 3840 2962 καὶ

2265 3008 2520 3061 διαϐόλου
2555 3007 2847 3077 γενόμενον
2875 3008 3128 3077 ὄργανον,
3161 3004 3393 3074 θρασείᾳ
3423 3003 3575 3073 ῥύμῃ
3602 3002 3703 3053 καὶ
3732 3000 3841 3053 ἀλο-

2265 3096 2436 3165 γίστῳ
2458 3095 2775 3166 φερόμενον,
2808 3096 2900 3148 καὶ
2928 3095 3069 3165 φορᾷ
3102 3093 3455 3162 κακοδαίμονι
3479 3092 3843 3161 αὐτομολῆσαι

584 3180 788 3248 impetu
824 3180 1183 3245 concitatum,
1216 3182 1270 3235 in
1304 3182 1703 3237 divinissimum
1740 3182 1865 3237 illud
1901 3185 2157 3239 taberna-

2263 3184 2399 3257 πρὸς
2429 3188 2607 3240 ἐκεῖνο
2637 3186 2698 3238 τὸ
2723 3185 3001 3238 θειότατον
3026 3185 3310 3255 σκήνωμα,
3346 3176 3390 3249 ᾧ
3413 3182 3655 3244 δεδίοτες
3683 3195 3842 3251 προσο

583 3272 786 3337 culum,
823 3272 890 3324 ad
924 3270 1066 3339 quod
1106 3272 1279 3342 angeli
1322 3286 1428 3326 non
1470 3272 1587 3327 sine
1624 3284 1769 3327 metu
1803 3275 2155 3340 accedebant,

585 3365 842 3429 irruisse,
878 3374 1262 3433 arreptumque
1299 3375 1529 3433 utraque
1565 3380 1728 3419 manu
1766 3366 2028 3419 lectulum
2066 3380 2158 3420 ve-

584 3470 715 3512 sane
744 3472 807 3510 ac
837 3455 1037 3510 furiose
1064 3456 1117 3509 in
1150 3464 1348 3510 terram
1380 3455 1685 3511 detraxisse
1716 3455 1958 3527 (invidia:
1988 3456 2159 3510 malo-

586 3562 704 3600 rum
729 3545 962 3599 auctoris
986 3545 1071 3600 hic
1092 3553 1317 3600 conatus
1336 3545 1694 3612 erat),verum
1718 3546 1927 3601 fructus
1948 3546 2159 3603 labores

584 3637 881 3707 praecessit,
916 3637 1277 3706 acerbamque
1312 3652 1467 3691 uvam
1504 3640 1783 3707 proposito
1816 3653 1914 3694 suo
1939 3639 2155 3709 dignam

586 3728 819 3797 collegit.
856 3726 1115 3782 Orbatum
1156 3728 1300 3781 enim
1342 3727 1514 3783 fuisse
1555 3729 1803 3784 manibus
1844 3729 2045 3784 ferunt.
2082 3732 2160 3783 Ac

586 3832 811 3877 cernere
839 3828 958 3873 erat
988 3817 1249 3873 facinoris
1280 3820 1527 3873 manibus
1558 3820 1793 3890 propriis
1824 3830 2155 3889 patratorem

587 3910 839 3965 manibus
868 3908 1153 3963 confestim
1179 3918 1451 3963 carentem
1482 3926 1497 3963 :
1524 3909 1703 3977 quoad
1737 3919 1969 3964 mentem
1998 3924 2153 3964 suam

508 4026 516 4039 -
586 4002 692 4055 Iide
720 4014 781 4054 ac
809 3999 1121 4069 paenitentia
1152 4008 1428 4055 mutasset.
1455 3999 1707 4056 Protinus
1738 4000 1810 4055 illi
1843 4002 1933 4071 qui
1965 4004 2160 4072 graba-

501 4093 503 4097 “
588 4102 699 4146 tum
736 4091 1058 4161 portabant,
1092 4100 1389 4159 steterunt,
1424 4103 1479 4147 et
1515 4095 1679 4148 miser
1714 4094 1802 4149 ille
1837 4096 1928 4165 qui
1968 4112 2159 4152 manus

500 4222 515 4238 .
585 4184 862 4249 amiserat,
891 4183 958 4239 iis
985 4184 1334 4239 tabernaculo
1359 4188 1613 4251 admotis,
1641 4188 1782 4257 quod
1808 4190 1931 4243 vitae
1960 4190 2160 4259 princi-

586 4279 733 4344 pium
760 4274 880 4341 l'uit,
909 4276 1385 4347 prodigiorumque
1414 4277 1533 4332 fons
1560 4288 1697 4345 erat,
1726 4281 2156 4335 incolumitatem

587 4380 777 4420 rursus
821 4378 1145 4423 consecutus
1186 4377 1291 4422 est.
1338 4368 1635 4425 Calamitas
1680 4372 1823 4425 enim
1874 4372 2157 4442 prudentia

588 4455 952 4525 salutariaque
974 4458 1197 4513 consilia
1214 4474 1423 4527 parere,
1452 4461 1829 4530 utplurimum,
1854 4464 2156 4519 consuevit.

590 4546 788 4603 Verum
818 4548 886 4602 ad
917 4549 1218 4603 institutam
1251 4552 1552 4605 orationem
1586 4562 1943 4607 revertamur.

660 4637 750 4691 ﬂ.
792 4636 929 4691 llinc
967 4638 1034 4691 ad
1073 4640 1501 4693 sacratissimam
1540 4640 1937 4697 Gethsemanen
1984 4642 2162 4697 defer-

593 4735 701 4792 tur,
731 4725 822 4780 ubi
857 4740 1043 4780 rursus
1073 4727 1254 4782 oscula
1287 4737 1342 4781 et
1377 4730 1711 4799 complexus,
1745 4734 2161 4801 rursuslaudes,

592 4817 885 4888 hymnique
924 4816 1091 4883 sacri,
1133 4826 1188 4872 et
1224 4818 1500 4890 lacrymze,
1536 4837 1600 4876 ex
1641 4838 1842 4893 angore
1876 4836 1929 4880 et
1964 4825 2159 4881 calenti

590 4921 774 4964 amore
803 4903 1058 4961 sudorum
1090 4907 1350 4963 scatebras
1378 4919 1659 4967 manantes
1687 4929 1701 4965 :
1731 4927 1795 4966 ac
1818 4913 2002 4967 videre
2032 4913 2162 4968 lice-

588 4999 681 5054 bat
716 4999 941 5053 sudores
981 5006 1037 5052 et
1072 4997 1339 5070 lacrymas
1376 5001 1593 5057 fluentis
1632 5004 1743 5060 suis
1779 5015 1964 5059 mutuo
1996 5005 2161 5060 veluti

590 5088 888 5143 certamine
911 5088 1306 5143 conflictantes.
1326 5089 1501 5156 Atque
1527 5090 1598 5143 ita
1622 5090 2019 5145 sanctissimum
2044 5106 2165 5145 cor-

591 5192 690 5247 pus
730 5178 1033 5233 clarissimo
1080 5180 1637 5249 prmslanﬁssimoque
1684 5181 1887 5236 tumulo
1933 5183 2164 5252 imponi-

591 5279 714 5334 tur;
750 5269 890 5323 unde
923 5269 1101 5323 triduo
1130 5280 1250 5339 post
1280 5270 1331 5325 in
1363 5270 1531 5325 CtBIOS
1560 5272 1848 5328 attollitur.
1883 5272 2158 5342 Siquidem

592 5359 827 5411 divinum
871 5359 999 5413 illud
1039 5360 1369 5416 domicilium
1395 5402 1409 5429 ,
1452 5363 1597 5417 illum
1643 5365 1863 5419 minime
1902 5363 2157 5421 effossum

590 5462 743 5518 aqum
787 5451 1117 5507 remissionis
1156 5452 1390 5520 fontem,
1433 5456 1701 5511 inaratum
1740 5457 1868 5512 illud
1914 5458 2155 5515 caelestis

574 5538 746 5606 .panis
773 5554 985 5608 arvum,
1014 5544 1157 5599 illam
1186 5561 1456 5617 nunquam
1488 5547 1766 5620 irrigatam
1796 5565 1909 5605 uvae
1936 5551 2161 5606 immor-

660 5720 770 5791 με)
803 5720 867 5792 β.
904 5725 1085 5792 φωνάς

654 5790 768 5862 (49)
799 5790 865 5846 Β.
906 5790 1101 5862 φθόνῳ.

2263 3278 2407 3329 ίεσαν
2446 3277 2688 3346 ἄγγελοι,
2715 3277 2808 3330 καὶ
2836 3277 3036 3346 ἀμφοῖν
3071 3274 3163 3328 τοῦ
3197 3273 3505 3343 κρα66άτου
3531 3277 3656 3324 ταῖν
3680 3273 3843 3342 χεῴν

2270 3368 2517 3437 μανικῶς
2562 3368 2659 3420 καὶ
2712 3367 2989 3437 ὲκφρόνως
3042 3364 3379 3434 δραξάμενον
3432 3362 3733 3415 καθέλκειν
3773 3361 3842 3423 είς

2258 3457 2554 3526 τοῦδαφος·
2612 3458 2807 3527 φθόνου
2856 3458 2969 3526 (49)
3035 3456 3128 3509 τοῦ
3176 3456 3486 3526 ἀρχεκάκου
3546 3454 3645 3507 καὶ
3700 3452 3843 3505 τοῦτο

2257 3548 2519 3619 ὅρμημα,
2550 3547 2662 3601 ἀλλ’
2689 3549 2716 3601 ό
2749 3549 2960 3618 καρπὸς
2991 3547 3097 3599 τῶν
3142 3547 3322 3599 πόνων
3364 3544 3687 3615 προέφθασε
3710 3584 3727 3608 ,
3759 3543 3844 3596 καὶ

2261 3638 2455 3708 βότρυν
2502 3639 2695 3709 πικρὸν
2745 3639 2838 3692 καὶ
2905 3638 3133 3701 ἐπάξιον
3178 3639 3277 3707 τῆς
3324 3637 3533 3701 οἰκείας
3585 3636 3842 3707 ἐτρύγησε

2267 3733 2666 3802 προαιρέσεως.
2724 3733 3127 3786 Ἐκλελοιπέναι
3173 3734 3284 3803 γὰρ
3317 3732 3480 3787 αὑτὸν
3522 3732 3626 3795 τὰς
3661 3736 3840 3803 χεῖρας

2260 3822 2666 3892 διαγορεύουσι.
2707 3824 2819 3876 Καὶ
2845 3819 2913 3893 ἦν
2954 3822 3083 3874 ἰδεῖν
3121 3820 3219 3873 τοῦ
3251 3820 3453 3873 ἀτόπου
3496 3820 3839 3889 τολμήματος

2262 3915 2353 3967 τὸν
2387 3915 2679 3985 αὐτόχειρα
2710 3915 2905 3985 ἀθρόον
2936 3914 3286 3985 δεικνύμενον
3316 3914 3534 3982 ἄχειρα.
3578 3914 3687 3974 ἕως
3713 3911 3838 3982 πρὸς

2261 4006 2442 4059 πίστιν
2470 4005 2567 4076 τὴν
2597 4006 2827 4078 γνώμην
2863 4006 3150 4077 μετέϐαλε,
3188 4007 3282 4059 καλ⁸
3315 4006 3643 4076 μετάμελον.
3689 4004 3837 4073 Ἀμε-

2261 4096 2386 4167 λητὶ
2423 4098 2531 4168 γὰρ
2581 4098 2749 4149 οἰτόν
2796 4092 3106 4166 κρά66ατον
3148 4097 3412 4166 φέροντες
3448 4096 3711 4166 ἔστησαν,
3748 4093 3835 4147 καὶ

2260 4190 2472 4253 ὲπιθεὶς
2503 4188 2586 4242 τὼ
2630 4192 2782 4259 χεῖρε
2812 4191 2840 4242 ό
2869 4189 3102 4251 δείλαιος
3140 4188 3219 4259 τῷ
3249 4188 3545 4259 ζωαρχικῷ
3572 4189 3668 4239 καὶ
3716 4186 3835 4238 θαυο

2263 4280 2582 4351 μαστοτόκῳ
2612 4280 2956 4350 σκηνώματι,
3002 4280 3141 4343 σῶος
3191 4274 3347 4342 αὖθις
3376 4280 3440 4331 ὲκ
3470 4279 3835 4348 κολοόόχειρος

2259 4372 2487 4440 γίνεται.
2508 4372 2830 4425 Ἐπίσταται
2860 4372 2971 4443 γάρ
2994 4371 3071 4435 ὡς
3095 4370 3162 4425 τὰ
3193 4371 3364 4425 πολλὰ
3394 4372 3489 4424 καὶ
3520 4372 3834 4442 περίστασις

2269 4464 2385 4517 σῶα
2426 4465 2518 4518 καὶ
2560 4467 2805 4535 σωτήρια
2858 4464 3011 4517 κύειν
3053 4463 3418 4535 βουλεύματα.
3490 4462 3630 4515 Ἀλλ’
3660 4462 3751 4514 ἐπὶ
3778 4460 3833 4513 τὸ

2266 4558 2623 4627 προκείμενον
2654 4559 3157 4629 παλινοστήσωμεν.

2336 4647 2418 4702 ιδ’.
2466 4648 2751 4702 Ἐντεῦθεν
2783 4650 2918 4720 πρὸς
2941 4649 3038 4720 τὴν
3061 4648 3387 4719 Γεθσημανὴ
3418 4648 3517 4719 τὴν
3542 4647 3831 4717 ἱερωτάτην

2262 4738 2598 4806 κατάγεται·
2634 4740 2795 4793 πάλιν
2818 4758 2875 4793 τε
2908 4742 3191 4810 ἀσπασμοί
3222 4742 3315 4794 καὶ
3350 4740 3695 4809 περιπλοκαί,
3731 4741 3821 4789 καὶ

2264 4828 2431 4881 πάλιν
2484 4827 2771 4898 ἐγκώμια,
2822 4829 2983 4899 ὕμνοι
3028 4832 3200 4900 ἱεροὶ,
3243 4830 3339 4884 καὶ
3372 4832 3695 4900 ἀνακλήσεις
3743 4828 3829 4881 καὶ

2260 4920 2493 4989 δάκρυα,
2520 4920 2576 4985 ἐξ
2612 4920 2851 4988 ἀγωνίας
2880 4921 2974 4973 καὶ
3004 4921 3167 4973 πόθου
3209 4924 3434 4993 κρουνοὶ
3470 4923 3699 4992 ἱδρώτων
3741 4936 3831 4971 πε-

2271 5012 2630 5083 ριρῤεόμενοι·
2691 5013 2784 5065 καὶ
2843 5012 2951 5082 (50)
3002 5008 3069 5083 ἦν
3120 5013 3244 5066 [δεῖν
3302 5014 3538 5085 ἱδρῶτας
3604 5012 3698 5065 καὶ
3749 5011 3829 5063 δά-

2265 5117 2409 5171 κρυα
2454 5105 2567 5163 τοῖς
2635 5101 2903 5171 χεύμασιν
2955 5102 3331 5173 ἁμιλλώμενα.
3396 5106 3508 5158 Καὶ
3556 5104 3720 5164 οὕτως
3769 5100 3825 5151 τὸ

2266 5192 2532 5258 πανάγιον
2588 5191 2748 5261 σῶμα
2799 5194 2880 5263 τῷ
2912 5195 3240 5247 πανευκλεεῖ
3287 5195 3381 5248 καὶ
3427 5196 3690 5266 ὑπερφυεῖ
3717 5191 3821 5261 (Si)

2263 5281 2560 5334 ἐπιτίθεται
2598 5285 2880 5354 μνήματι’
2929 5284 3231 5339 κάντεῦθεν
3278 5288 3519 5355 τριταῖον
3570 5282 3695 5353 πρὸς
3741 5280 3823 5335 οὗ·

2284 5373 2501 5443 ρανίους
2559 5372 2755 5443 δόμους
2826 5376 3240 5449 μετεωρίζεται.
3314 5377 3458 5429 Ἔδει
3520 5375 3620 5445 γὰρ
3672 5371 3822 5424 τοίτο

2260 5460 2652 5530 τὸθεοπρεπὲς
2696 5462 3017 5535 ἐνδιαίτημα
3058 5466 3157 5537 τὴν
3204 5465 3499 5537 ἀνόρυκτον
3530 5461 3699 5533 πηγὴν
3733 5459 3818 5511 τοῦ

2266 5552 2363 5624 τῆς
2396 5552 2644 5620 ἀφέσεως
2680 5552 2889 5621 ὓδατος,
2926 5555 3023 5627 τὴν
3057 5558 3321 5627 ἀνήροτον
3348 5557 3587 5628 ἄρουραν
3617 5550 3709 5605 τοῦ
3737 5551 3818 5604 ού-

2336 5731 2445 5800 (50)
2480 5730 2680 5786 Desunt
2708 5733 2821 5786 haec
2854 5731 2905 5787 in
2936 5730 3002 5785 li.

2346 5802 2455 5872 (5|)
2485 5800 2547 5857 Π.
2581 5800 2822 5871 ὑπερυεῐ.
