4046 6418
214 396 304 464 741

198 606 409 676 ϐροσίας
453 605 697 675 βότρυος,
751 606 850 676 τὴν
908 608 1165 679 ἁειθαλλῆ
1228 610 1327 663 καὶ
1378 610 1749 680 καλλίκαρπον

198 697 369 749 ἐλαίαν
404 696 500 748 τοῦ
530 696 797 767 πατρικοῦ
842 697 1021 751 ἐλαίου
1061 698 1207 769 (52),
1246 703 1361 764 τοῖς
1395 702 1623 754 κενεῶσι
1652 702 1750 771 τῆς

196 787 288 855 γῆς
321 786 392 854 μὴ
441 784 825 857 καθείργεσθαι
849 802 864 817 ο
916 786 1031 839 ἀλλ’
1064 787 1251 858 ὥσπερ
1293 789 1352 841 τὸ
1382 788 1441 852 ἐξ
1470 788 1639 858 αὐτῆς
1672 787 1751 859 τῷ

194 878 301 947 Θεῷ
329 875 489 946 Λόγῳ
520 878 819 930 ὲνυποσταν
865 878 1023 950 σῶμα
1051 880 1110 933 τὸ
1142 880 1297 949 ἅγιον
1323 881 1415 933 καὶ
1452 882 1747 951 ἀκήρατον,

194 972 251 1039 τῇ
286 968 441 1038 τρίτῃ
474 968 656 1039 ἡμέρᾳ
688 969 783 1022 τοῦ
818 970 1098 1042 μνήματος
1130 971 1480 1037 ἐξανίστατο,
1514 972 1656 1025 οὕτω
1683 971 1746 1042 δὴ

195 1061 277 1113 καὶ
302 1058 507 1129 ταύτην
537 1059 951 1131 ἐξαρπασθῆναι
982 1063 1075 1117 τοῦ
1103 1064 1302 1133 τάφου,
1346 1064 1442 1117 κα)⁸
1483 1062 1619 1134 πρὸς
1658 1062 1749 1116 τὸν

196 1152 309 1204 Υίδν
344 1150 443 1219 τὴν
481 1150 692 1219 μητέρα
727 1151 1177 1224 μεθαρμοσθῆναι
1204 1192 1219 1218 ,
1252 1153 1345 1206 καὶ
1367 1152 1554 1223 ὥσπερ
1587 1152 1750 1216 αὐτὸς

147 1250 154 1327 έ
195 1242 319 1314 πρὸς
346 1240 516 1311 αὐτὴν
546 1241 943 1314 καταϐέϐηκεν,
974 1242 1149 1307 οὕτως
1189 1245 1357 1316 αὐτὴν
1384 1243 1480 1315 τὴν
1510 1242 1747 1315 προφιλῆ

197 1335 316 1407 πρὸς
349 1334 521 1405 αὐτὴν
568 1335 937 1408 ἀναφέρεσθαι
963 1375 978 1401 ,
1017 1337 1117 1408 τὴν
1168 1337 1387 1408 μείζονα
1416 1339 1510 1390 κα).
1551 1337 1748 1390 τελεω-

194 1430 349 1497 τέραν
384 1428 494 1495 (55)
546 1427 771 1499 σκηνὴν,
834 1430 913 1491 εἰς
965 1429 1129 1482 αὐτὸν
1173 1429 1265 1482 τὸν
1306 1429 1554 1500 οὐρανόν.
1598 1428 1747 1481 ’Ἔδει

194 1520 281 1590 τὴν
326 1518 417 1571 τὸν
470 1518 602 1571 Θεὸν
656 1520 829 1588 Λόγον
885 1522 944 1573 ὲν
990 1523 1054 1591 τῇ
1112 1522 1282 1593 αὐτῆς
1329 1521 1482 1593 νηδύι
1537 1522 1747 1587 ξενοδο-

194 1611 437 1681 χήσασαν,
482 1611 540 1662 ὲν
586 1614 707 1674 ταῖς
757 1610 851 1663 τοῦ
900 1612 1103 1682 ἑαυτῆς
1160 1614 1291 1666 Υἱοῦ
1332 1616 1745 1686 κατοικισθῆναι

196 1704 436 1772 σκηναίς’
479 1703 574 1753 καὶ
602 1700 791 1773 ὥσπερ
836 1704 864 1756 ὁ
920 1703 1125 1773 Κύριος
1164 1704 1385 1774 ἔφησεν,
1427 1704 1500 1769 ὡς
1546 1708 1604 1759 ἐν
1634 1708 1745 1770 τοῖς

194 1792 273 1845 τοῦ
295 1793 488 1845 οἰκείου
518 1794 728 1863 Πατρός
757 1790 893 1847 εἶναι
921 1795 1221 1865 ὀφείλεται,
1258 1800 1351 1850 καὶ
1378 1798 1478 1869 τὴν
1513 1798 1744 1867 Μητέρα

196 1883 291 1937 ἔδει
321 1886 376 1937 ὲν
408 1886 520 1947 τοῖς
550 1884 645 1937 τοῦ
678 1884 809 1938 Υίοῦ
842 1884 1132 1955 βασιλείοις
1156 1885 1491 1950 αὐλίζεσθαι,
1526 1888 1582 1937 ὲν
1612 1887 1744 1956 οίκῳ

197 1975 405 2043 Κυρίου,
447 1976 545 2028 και)⁵
570 1976 627 2028 ὲν
668 1976 857 2039 αὐλαῖς
885 1977 1035 2029 οἴκου
1076 1976 1211 2030 Θεοῦ
1247 1977 1424 2047 ἡμῶν.
1459 1977 1651 2048 Είγὰρ
1685 1978 1743 2030 ἐν

196 2064 325 2135 αὐτῷ
374 2064 594 2118 πάντων
628 2066 735 2119 τῶν
772 2066 1216 2139 εὐφραινομένων
1251 2069 1283 2137 ἡ
1333 2066 1609 2129 κατοικία,
1638 2065 1741 2118 ποῦ

195 2156 278 2227 τῆς
307 2157 639 2228 εὐφροσύνης
667 2159 729 2211 τὸ
757 2159 960 2224 αίτιον;
1014 2159 1162 2212 Ἔδει
1181 2158 1280 2228 τῆς
1314 2160 1372 2211 ὲν
1424 2158 1502 2229 τῷ
1529 2160 1742 2211 τίκτειν

197 2246 487 2318 φυλαξάσης
542 2249 643 2320 τὴν
696 2249 997 2320 παρθενίαν
1045 2248 1349 2319 ἀλώϐητον,
1414 2248 1741 2320 ἀδιάφθορον

194 2339 475 2412 τηρηθῆναι
498 2339 563 2393 τὸ
621 2340 802 2411 σῶμα,
849 2342 942 2393 καὶ
980 2340 1120 2411 μετά
1154 2340 1401 2394 θάνατον.
1455 2340 1605 2392 Ἔδει
1644 2341 1742 2410 τὴν

198 2433 454 2503 ὲγκόλπιον
491 2431 567 2496 ὡς
603 2432 799 2502 βρέφος
828 2432 920 2486 τὸν
954 2433 1194 2504 κτίστην
1226 2432 1595 2503 βαστάσασαν,
1629 2435 1741 2495 τοῖς

198 2526 340 2586 θείοις
362 2524 715 2595 ἐνδιατρίϐειν
782 2524 1158 2595 σκηνώμασιν.
1195 2524 1341 2577 Ἔδει
1369 2524 1466 2595 τὴν
1498 2523 1737 2593 νύμφην,

196 2616 251 2687 ἢν
268 2618 293 2668 ὁ
318 2616 495 2686 Πατὴρ
518 2614 920 2686 ἐνυμφεύσατο,
938 2619 1051 2679 τοῖς
1072 2616 1345 2686 οὐρανίοις
1371 2615 1736 2669 ἐνδιαιτᾶσθαι

198 2706 431 2778 θαλάμοις
460 2708 601 2777 (54).
643 2707 790 2760 Ἐδει
817 2707 914 2779 τὴν
950 2709 1007 2760 ἑν
1031 2708 1250 2779 σταυρῷ
1276 2708 1367 2761 τὸν
1392 2707 1591 2777 ἑαυτῆς
1613 2708 1739 2760 Υίὸν

198 2797 644 2861 κατοπτεύσασαν,
679 2797 777 2849 καὶ
801 2798 900 2868 τῆς
919 2798 1123 2860 ὠδῖνος,
1151 2799 1219 2869 ἢν
1242 2797 1475 2851 τεκοῦσα
1496 2798 1737 2867 δίεφυγε,

199 2885 283 2954 τὴν
296 2885 559 2955 ῥομφαίαν
576 2885 871 2957 δεξαμένην
892 2887 1194 2956 ἐγκάρδιον,
1222 2886 1299 2957 τῷ
1316 2887 1489 2955 Πατρὶ
1504 2887 1739 2957 καθορᾷν

201 2977 606 3048 συγκαθήμενον.
643 2979 792 3031 Ἔδει
835 2978 937 3049 τὴν
971 2978 1062 3031 τοῦ
1093 2978 1227 3031 Θεοῦ
1284 2979 1515 3050 Μητέρα
1546 2978 1612 3031 τά
1642 2977 1736 3032 τοῦ

200 3069 313 3121 Υἱοῦ
360 3070 829 3140 κατακτήσασθαι,
875 3072 971 3126 καὶ
1018 3071 1124 3124 ὐπδ
1155 3071 1335 3141 πάσης
1382 3071 1459 3133 ὡς
1508 3070 1738 3141 Μητέρα

198 3158 314 3212 Θεοῦ
351 3161 437 3213 καὶ
456 3160 653 3231 δούλην
686 3161 1130 3233 προσκυνηθῆναι
1166 3162 1267 3231 τῆς
1310 3162 1560 3224 κτίσεως.
1624 3162 1733 3214 Ἀεὶ
1760 3195 1803 3254 c

204 3250 285 3318 μὲν
307 3249 406 3321 γὰρ
430 3252 491 3303 ὲκ
523 3251 635 3303 τῶν
661 3251 932 3304 τεκόντων
968 3253 995 3304 ό
1046 3251 1243 3322 κλῆρος
1285 3252 1364 3314 είς
1388 3252 1512 3315 τοὺς
1541 3251 1732 3315 παῖδας

200 3341 403 3397 κάτεισι.
435 3342 549 3395 Νῦν
600 3342 677 3409 δὲ,
711 3342 786 3406 ὥς
819 3361 903 3406 τις
950 3342 1054 3412 ἔφη
1088 3343 1271 3411 σοφὸς,
1332 3343 1444 3395 ἄνω
1474 3342 1737 3411 ποταμῶν

200 3428 290 3484 τῶν
334 3432 483 3501 ιερῶν
518 3432 759 3503 χωροῦσι
788 3432 982 3501 πηγαί.
1036 3432 1093 3485 '0
1122 3432 1230 3502 γὰρ
1286 3432 1415 3495 Υἱὸς
1450 3434 1516 3501 τῇ
1554 3432 1737 3502 Μητρὶ

200 3520 282 3590 τὴν
310 3520 590 3591 σύμπασαν
633 3523 812 3576 κτίσιν
841 3522 1304 3577 κατεδουλώσατο.

261 3618 332 3664 ιε’.
356 3613 513 3666 Δεῦτε
555 3615 871 3685 τοιγαροῦν,
918 3615 1012 3669 καὶ
1068 3616 1223 3685 ἡμεῖς
1277 3614 1518 3686 σήμερον
1543 3616 1737 3687 ἑορτὴν

202 3701 377 3763 ἐξόδιον
395 3708 456 3776 τῇ
481 3708 673 3777 Μητρὶ
695 3706 789 3760 τοῦ
839 3707 979 3759 Θεοῦ
1011 3706 1380 3778 ἐορτάσωμεν,
1415 3708 1515 3760 οὐκ
1541 3707 1737 3770 αὐλούς

201 3809 327 3857 τινας
354 3796 443 3849 κα)⁸
474 3798 816 3869 κορύϐαντας
862 3798 1141 3869 φέροντες,
1190 3800 1283 3851 καὶ
1308 3798 1374 3851 τὰ
1400 3799 1499 3867 τῆς
1528 3798 1735 3868 μητρὸς

202 3885 291 3938 τῶν
312 3888 671 3960 ψευδωνύμων
698 3888 857 3956 θεῶν,
887 3890 962 3953 ὡς
993 3889 1148 3943 αὐτοὶ
1180 3889 1420 3958 λέγουσι,
1456 3888 1736 3941 θιασεύον-

202 3996 277 4043 τες
295 3980 459 4052 ὄργια,
480 3982 548 4052 ἣν
580 3980 908 4034 πολύτεκνον
934 3978 1401 4051 μυθοπλαστοῦσιν
1412 3981 1459 4032 οἱ
1482 3978 1734 4051 ἄφρονες,

201 4073 290 4125 όδὲ
329 4074 422 4143 τῆς
460 4073 719 4143 ἀληθείας
768 4074 925 4141 λόγος
974 4073 1305 4143 παρίστησιν
1355 4072 1599 4126 ἄτεκνον.
1632 4065 1737 4126 Οἷα

202 4163 419 4234 δαίμονες
453 4165 630 4219 ταῦτα
668 4165 762 4219 καλ⁹
792 4164 996 4236 σκιώδη
1042 4164 1429 4235 φαντάσματα,
1459 4162 1487 4216 ὃ
1526 4162 1604 4233 μὴ
1634 4180 1736 4215 πε-

202 4254 405 4321 φύκασιν
423 4257 645 4320 είκαίως
662 4257 1095 4329 ὑποκρινόμενοι,
1115 4255 1225 4309 τῶν
1244 4255 1614 4325 πλανωμένων
1633 4255 1733 4324 τὴν

203 4346 359 4400 ἄνοιαν
383 4350 672 4420 ἐσχηκότες
700 4349 1010 4419 ἐπίκουρον.
1035 4348 1203 4420 Γεννᾷ
1230 4347 1339 4417 γὰρ
1368 4345 1483 4409 πῶς
1511 4346 1577 4398 ὲκ
1603 4361 1733 4397 συν·-

206 4437 415 4509 δυασμοῦ
447 4419 528 4494 ab
571 4438 898 4510 άσώματον;
940 4439 1033 4493 καὶ
1064 4419 1188 4492 ’τίνα
1223 4438 1422 4509 τρόπον
1467 4435 1729 4508 μιχθήσε-

987 401 1313 461 ΗΟΒΙΙΙᾸΑ
1352 403 1410 461 ΙΙ
1453 404 1534 463 ΙΝ
1576 404 2113 468 DORMITIONEM
2154 404 2323 477 BLV.
2363 412 2648 476 MARIEE.

204 514 370 588 ρανίου
397 514 560 585 ἄρτου
578 555 593 581 ,
620 513 719 584 τὴν
739 513 1067 586 ἀνάρδευτον
1100 518 1344 589 ἄμπελον
1370 520 1461 573 τοῦ
1501 520 1602 591 τῆς
1639 521 1745 591 ἀμ-

1853 522 1973 577 talis
2013 523 2258 589 vineam,
2300 524 2447 580 illam
2492 542 2735 596 paternae
2778 530 3144 590 miserationis
3182 534 3426 603 olivam,
3516 564 3519 567 ν

1850 615 2201 671 vernantibus
2236 625 2498 687 perpetuo
2534 619 2677 675 foliis
2710 622 3200 694 pulcherrimisque
3234 626 3423 681 fructiv

1849 705 1949 760 bus
1974 718 2245 774 onustam,
2274 718 2431 764 teme
2454 713 2819 779 penetralibus
2845 715 3023 770 claudi
3052 717 3271 771 minime
3294 734 3426 773 con-

1848 798 2116 854 veniebat.
2146 800 2283 867 Quin
2316 802 2517 871 potius,
2547 804 2706 859 sicuti
2737 815 2982 861 sanctum
3018 808 3423 878 incorruptum-

3300 398 3426 483 ’742

3449 871 3491 894 Γ,
3502 876 3505 879 ,

1849 902 1954 956 que
1995 889 2123 944 illud
2167 906 2386 961 corpus,
2432 893 2573 961 quod
2615 894 2755 950 Deus
2802 909 2868 951 ex
2913 911 2977 952 ea
3022 912 3266 968 personae
3314 889 3489 955 sua:

1849 978 2226 1046 copulaverat,
2265 981 2423 1035 tertia
2458 982 2543 1037 die
2577 996 2608 1037 e
2642 994 2991 1040 monumento
3032 988 3305 1052 surrexit;
3345 986 3426 1040 sic

1849 1066 2009 1123 etiam
2044 1069 2182 1126 banc
2216 1086 2247 1126 e
2282 1072 2490 1128 tumulo
2520 1074 2726 1144 abripi,
2760 1086 3099 1146 matremque
3129 1077 3195 1131 ad
3226 1076 3420 1130 Filium

1849 1159 2083 1229 migrare
2112 1176 2211 1232 par
2235 1172 2354 1218 erat
2383 1180 2397 1217 :
2428 1175 2514 1231 et,
2548 1174 2604 1219 ut
2634 1166 2751 1236 ipse
2780 1168 2844 1222 ad
2875 1183 2995 1223 eam
3027 1168 3419 1232 descenderat,

1848 1248 1927 1303 sic
1951 1264 2068 1303 eam
2096 1251 2163 1304 ad
2192 1253 2363 1321 majus
2387 1256 2842 1325 praestantiusque
2867 1258 3294 1321 tabernaculum,
3321 1259 3424 1311 hoc

1847 1344 1951 1403 est,
1975 1340 2041 1391 ad
2070 1339 2245 1406 ipsum
2277 1340 2471 1396 caelum
2500 1344 2719 1398 deferri.
2745 1345 3068 1415 Oportebat,
3096 1349 3336 1416 inquam,
3363 1356 3422 1401 ut

1848 1442 1967 1495 qua:
1999 1428 2166 1482 Deum
2196 1429 2429 1486 Verbum
2466 1436 2669 1489 ventris
2702 1435 2781 1489 sui
2823 1436 3056 1503 hospitio
3089 1445 3413 1506 exceperat,

1847 1516 1900 1570 in
1936 1519 2130 1573 divinis
2158 1521 2323 1590 877
2355 1521 2475 1576 Filii
2511 1523 2594 1577 sui
2632 1524 2995 1580 tabernaculis
3029 1526 3415 1594 collocaretur;

1845 1618 1899 1665 et
1928 1613 2381 1679 quemadmodum
2410 1613 2672 1669 Dominus
2700 1629 2759 1670 se
2787 1615 2842 1670 in
2876 1616 2960 1671 bis
2988 1632 3107 1686 qua:
3134 1616 3309 1673 Patris
3334 1618 3417 1674 sui

1846 1703 2108 1770 essent",
2135 1704 2338 1759 versari
2364 1705 2559 1761 debere
2584 1706 2828 1774 dixerat;
2853 1708 2935 1763 sic
2955 1724 3170 1778 quoque
3192 1708 3417 1764 Matrem

1847 1795 1900 1848 in
1922 1794 2045 1849 Filii
2070 1796 2218 1865 regia
2244 1798 2569 1852 commorari
2592 1800 2969 1865 conveniebat,
3006 1800 3056 1854 id
3077 1801 3233 1855 estin
3258 1803 3418 1856 domo

1774 1863 1816 1919 Β
1846 1884 2080 1951 Domini,
2111 1863 2167 1939 et
2197 1886 2250 1940 in
2283 1888 2435 1941 atriis
2466 1887 2658 1943 domus
2691 1888 2783 1943 Dei
2819 1863 2989 1943 nostri
3014 1889 3081 1943 ⁸⁸.
3112 1888 3244 1945 Nam
3280 1890 3323 1942 si
3360 1889 3415 1945 in

1844 1992 1905 2030 ea
1934 1976 2231 2031 laetantium
2266 1978 2511 2032 omnium
2538 1977 2801 2033 habitatio
2826 1988 2912 2033 est
2930 1977 2999 2047 ",
3027 1980 3243 2034 ubinam
3277 1979 3415 2034 fuis-

1840 2073 1923 2147 set
1955 2079 2116 2119 causa
2151 2065 2388 2120 lmtitim?
2418 2064 2737 2136 Oportebat,
2772 2076 2830 2121 ut
2859 2068 2979 2137 ejus
3011 2083 3131 2137 quae
3164 2068 3218 2121 in
3254 2077 3415 2138 partu

1840 2155 2207 2225 virginitatem
2254 2157 2372 2211 sine
2414 2157 2535 2212 labe
2572 2167 2907 2223 servaverat,
2946 2158 3213 2214 incolume
3249 2159 3414 2213 etiam

1842 2257 1962 2315 past
1987 2256 2214 2301 mortem
2238 2262 2436 2317 corpus
2457 2256 2785 2303 servaretur.
2808 2246 3108 2318 Oportebat
3130 2264 3272 2317 eam,
3296 2263 3415 2319 quae

1840 2338 2149 2393 Creatorem
2176 2338 2320 2393 velut
2349 2337 2607 2393 infantem
2635 2339 2755 2394 sinu
2784 2349 3111 2409 gestaverat,
3136 2340 3189 2394 in
3218 2340 3414 2396 divinis

1842 2429 2201 2484 tabernaculis
2256 2429 2474 2501 degere.
2538 2428 2835 2499 Oportebat
2876 2440 2935 2485 ut
2981 2446 3178 2500 sponsa
3252 2444 3411 2500 quam

1840 2518 2001 2573 Pater
2028 2521 2390 2590 spoponderat
2442 2522 2494 2576 in
2529 2523 2700 2578 lberis
2762 2523 3069 2579 coelestibus
3121 2523 3408 2578 habitaret.

1839 2608 2153 2679 Oportebat,
2210 2622 2269 2666 ut
2325 2627 2444 2682 quae
2503 2612 2696 2667 Filium
2749 2629 2903 2668 suum
2962 2615 3014 2668 in
3066 2629 3226 2670 cruce
3283 2629 3413 2669 cnn-

1840 2709 2112 2767 spexerat,
2177 2710 2231 2755 et
2284 2700 2520 2769 gladium
2579 2716 2739 2770 quem
2789 2702 3046 2772 pariemlo
3090 2702 3408 2771 effugisset,

1839 2798 2061 2858 pectore
2129 2798 2257 2845 tunc
2319 2802 2648 2860 exceperat,
2689 2794 2863 2863 ipsum
2917 2792 3062 2847 Patri
3128 2794 3408 2849 considen-

1840 2888 1946 2934 tem
1990 2891 2281 2951 spectaret.
2346 2880 2641 2952 Oportebat
2717 2884 2949 2952 denique
3028 2884 3120 2939 Dei
3181 2883 3408 2939 Matrem

1838 2987 1901 3027 ea
1927 2987 2047 3041 quae
2071 2972 2193 3026 Filii
2220 2984 2433 3037 essent,
2465 2973 2769 3041 possidere,
2799 2985 2853 3027 et
2883 2976 2949 3027 ab
2976 2974 3226 3029 omnibus
3256 2990 3409 3027 crea-

1840 3065 1974 3119 turis
2001 3065 2237 3119 adorari.
2266 3067 2582 3135 Quanquam
2614 3066 2757 3119 enim
2791 3066 3077 3120 haereditas
3109 3082 3137 3117 a
3166 3066 3405 3134 parenti-

1838 3158 1940 3213 bus
1967 3158 2031 3212 ad
2060 3157 2199 3212 filios
2224 3172 2436 3227 semper
2459 3158 2779 3223 devolvitur,
2803 3171 2942 3209 nunc
2971 3167 3171 3221 tamen,
3200 3166 3258 3210 ut
3283 3173 3406 3211 eru-

1841 3251 1935 3305 diti
1959 3250 2237 3320 cujusdam
2259 3250 2435 3303 verbis
2458 3258 2598 3314 utar,
2618 3261 2896 3301 sacrorum
2918 3245 3197 3299 ﬂuminum
3226 3244 3404 3300 fontes

1837 3358 2052 3397 sursum
2085 3355 2301 3396 cursum
2338 3339 2597 3407 relegunt.
2632 3339 2741 3393 Res
2769 3338 2965 3408 quippe
2994 3350 3183 3391 omnes
3212 3326 3406 3391 condi?

1840 3441 1920 3487 tas
1946 3430 2117 3487 Filius
2143 3430 2298 3484 Matri
2329 3428 2678 3497 mancipavit.

1910 3602 1996 3659 15.
2036 3605 2148 3673 Age
2177 3603 2359 3671 igitur,
2388 3616 2483 3655 nos
2506 3616 2718 3669 quoque
2747 3600 2837 3654 Dei
2866 3599 3017 3654 Matri
3042 3599 3180 3654 diem
3209 3598 3399 3654 festum

1838 3697 2097 3751 discessui
2134 3695 2299 3764 ipsius
2334 3702 2751 3747 consentaneum
2794 3690 3069 3755 obeamus,
3101 3706 3207 3744 non
3243 3691 3401 3745 tibias

1837 3787 2074 3843 ferentes
2104 3800 2165 3839 ac
2196 3782 2536 3853 corybantes,
2570 3797 2632 3837 ac
2660 3781 2800 3835 illius
2830 3782 3085 3835 falsorum
3118 3782 3395 3835 numinum

1836 3880 2050 3945 matris,
2070 3889 2125 3931 ut
2149 3879 2246 3947 ipsi
2270 3877 2476 3941 dicunt,
2496 3877 2674 3929 divina
2693 3878 2839 3944 orgia
2864 3874 3215 3939 celebrantes,
3236 3887 3396 3943 quam

1835 3968 1983 4023 stulti
2015 3968 2259 4021 homines
2288 3965 2576 4019 multorum
2610 3965 2896 4018 liberorum
2925 3962 3091 4018 fuisse
3118 3970 3396 4033 parentem

1836 4058 2164 4122 fabulantur,
2192 4056 2305 4125 ipsa
2329 4065 2507 4109 autem
2531 4056 2758 4119 veritas,
2789 4054 2959 4107 nullos
2983 4054 3217 4108 edidisse
3245 4068 3399 4105 mon-

1834 4160 1991 4206 strat.
2020 4150 2294 4204 Daemones
2320 4150 2463 4203 enim
2492 4149 2593 4203 ista
2621 4157 2766 4216 sunt,
2789 4157 2951 4217 atque
2973 4146 3221 4202 umbrosa
3249 4160 3399 4214 qua:-

1835 4246 1956 4300 dam
1995 4252 2232 4313 spectra,
2272 4244 2325 4299 id
2365 4244 2507 4313 quod
2549 4249 2744 4297 natura
2781 4255 2887 4295 non
2928 4247 3077 4303 sunt,
3111 4250 3399 4308 perperam

1836 4336 2124 4406 ﬁngentes,
2154 4336 2207 4390 in
2242 4336 2541 4390 subsidium
2572 4332 2864 4389 accedente
2892 4330 3261 4385 aberrantium
3293 4329 3397 4384 bo-

1836 4428 2038 4483 minum
2075 4428 2333 4482 amentia.
2365 4427 2608 4494 Quonam
2642 4424 2784 4479 enim
2819 4422 2978 4478 modo
3016 4421 3065 4475 id
3099 4420 3240 4490 quod
3272 4436 3397 4476 cor-

204 4543 306 4593 ται;
334 4530 419 4583 καὶ
447 4531 564 4594 πῶς
602 4530 735 4593 Θεὸς
779 4530 842 4582 τὸ
881 4530 957 4601 μὴ
1003 4528 1063 4582 ὃν
1117 4529 1216 4598 μὲν
1267 4527 1553 4599 πρότερον,
1590 4525 1728 4596 πρὸς
1760 4535 1762 4588 ξ

1839 4534 1963 4589 pore
1990 4526 2165 4582 vacat,
2194 4531 2261 4572 ex
2290 4517 2574 4572 concubitu
2606 4512 2823 4585 gignat?
2847 4511 3114 4581 quomodo
3146 4510 3393 4566 miscebi-

204 4618 250 4669 δὲ
291 4619 486 4686 γένεσιν
534 4620 954 4693 παραγόμενον;
1000 4621 1120 4673 Ὀτι
1167 4619 1277 4690 γὰρ
1331 4617 1623 4688 ἀσώματον
1668 4616 1729 4669 τὸ

205 4708 445 4778 δαιμόνιον
474 4712 659 4782 φῦλον,
684 4712 843 4766 παντί
870 4729 974 4764 που
990 4710 1163 4781 δῆλον,
1193 4712 1287 4764 καὶ
1309 4710 1492 4774 αὐτοῖς
1520 4710 1632 4771 τοῖς
1659 4706 1731 4761 τὰ

206 4800 343 4868 νοητὰ
391 4803 789 4872 τυφλώττουσιν
844 4803 1091 4873 ὄμματα.
1150 4803 1299 4871 Ἔφη
1336 4800 1447 4872 γάρ
1484 4816 1588 4853 που
1619 4798 1729 4853 τῶν

208 4889 369 4944 ἑαυτοῦ
394 4894 564 4963 λόγων
615 4896 644 4948 ὁ
685 4895 950 4966 Ὄμηρος,
994 4893 1104 4947 τῶν
1158 4892 1324 4959 ἀξίων
1380 4891 1545 4947 αὐτοῦ
1590 4891 1729 4946 θεῶν

208 4978 539 5055 ὑφηγούμενος
560 4985 657 5058 τὴν
692 4986 1040 5041 κατάστασινο

212 5182 278 5233 οὐ
301 5187 472 5252 πυρὸν
488 5187 819 5253 ἐσθίουσιν,
856 5189 927 5241 οὐ
955 5186 1242 5241 πίνουσιν
1284 5186 1503 5242 αῑθοπα
1537 5182 1725 5248 οἶνον,

214 5253 414 5307 Τοῠνεκ’
450 5257 764 5326 ἀναίμονές
826 5259 965 5323 εισι,
1008 5257 1107 5311 καὶ
1149 5256 1441 5395 ἀθάνατοι[

1448 5342 1477 5378 τ
1524 5343 1541 5377 ι
1690 5365 1705 5380 .

211 5410 269 5462 Οὐ
302 5415 431 5469 σῖτον
454 5416 709 5483 ἐσθίουσι,
740 5416 925 5489 φησὶν,
967 5418 1028 5470 οὐ
1060 5416 1151 5471 τὸν
1199 5414 1557 5486 θερμαντικὸν
1586 5414 1729 5471 οἶνον

1838 4611 1958 4666 tur?
1997 4613 2266 4680 quomodo
2310 4609 2361 4663 id
2406 4610 2546 4664 Deus
2585 4607 2726 4669 erit,
2769 4604 2910 4674 quod
2953 4618 3078 4658 cum
3125 4611 3250 4657 ante
3291 4615 3397 4655 non

1835 4711 1998 4769 esset,
2030 4703 2082 4757 in
2112 4712 2289 4757 ortum
2321 4711 2502 4771 postea
2532 4696 2745 4770 prodit?
2768 4695 2901 4750 Nam
2929 4695 3070 4766 quod
3100 4694 3399 4749 daemonum

1837 4796 1985 4850 natio
2027 4810 2254 4861 corpore
2293 4803 2498 4859 careat,
2540 4793 2682 4846 inter
2719 4803 2908 4845 omnes
2948 4795 3195 4852 constat;
3237 4787 3399 4840 etiam

1838 4885 1979 4941 inter
2008 4901 2099 4942 eos
2132 4887 2222 4957 qui
2262 4887 2456 4941 mentis
2488 4883 2660 4939 oculis
2692 4882 2833 4952 capti
2869 4888 3012 4934 sunt.
3046 4878 3135 4931 Ait
3165 4878 3308 4932 enim
3344 4878 3399 4931 in

1837 4978 2068 5049 quodam
2107 4992 2329 5047 operum
2370 4991 2592 5033 suorum
2632 4974 2751 5029 loco
2788 4972 3075 5036 Homerus,
3115 4969 3398 5037 dignorum

1837 5085 1897 5125 se
1921 5072 2144 5125 deorum
2171 5079 2368 5126 statum
2397 5082 2702 5139 exponens:

1840 5185 1961 5239 Non
1990 5202 2174 5254 panem
2203 5185 2497 5250 comedunt,
2531 5200 2622 5238 nec
2651 5183 2768 5254 vino
2798 5183 3014 5235 ardente
3042 5187 3290 5247 palantur
3320 5191 3342 5232 :

1839 5254 1985 5309 Unde
2012 5271 2196 5309 cruore
2228 5267 2429 5320 carent,
2459 5253 2881 5321 immortalesque
2913 5259 3162 5305 vocantur
3193 5263 3211 5301 :

1838 5416 1951 5474 Non
1988 5430 2179 5487 panem
2213 5414 2397 5484 edunt,
2433 5415 2628 5485 inquit,
2660 5429 2767 5470 non
2843 5414 3021 5471 vinum
3057 5412 3197 5483 quod
3251 5408 3398 5465 cale-

265 5525 301 5557 ⁸⁷
334 5529 453 5587 Luc.
482 5549 538 5600 ιι,
567 5534 653 5589 49.
728 5535 773 5567 ⁸⁸
814 5535 953 5589 Psal.
998 5548 1199 5597 cxxxu,
1227 5532 1281 5588 ἓ.
1357 5532 1401 5565 ⁸⁸
1429 5531 1569 5588 Psal.
1608 5550 1824 5600 Lxxxvi,
1864 5534 1915 5587 7.

269 5642 362 5720 (ἓξ)
387 5645 605 5720 Omnino
635 5651 915 5720 legendum
944 5651 1116 5714 ἐλέου,
1149 5659 1205 5703 ιιι
1237 5650 1589 5718 [.ipomanus.

268 5711 363 5781 (53)
391 5715 450 5771 Β.
484 5720 614 5791 πρὸς
664 5711 894 5777 αὐτὸν...
939 5722 1071 5795 πρὸς
1106 5711 1203 5791 τὴν
1238 5711 1458 5792 μείζονα
1504 5722 1598 5774 καὶ
1631 5739 1731 5777 κα-

211 5775 504 5855 θαρωτέραν.

1914 5650 2026 5723 (54)
2046 5650 2124 5723 _R.
2151 5650 2527 5723 ἐνδιατρίϐειν.

1910 5721 2020 5794 (55)
2046 5721 2193 5777 Iliad.
2235 5721 2296 5775 v.

3449 1166 3475 1195 ‘11
