4046 6416
634 409 739 471 743

1822 384 1880 441 S.
1923 377 2245 440 JOANNIS
2286 373 2719 435 DAMASCENI

3770 376 3848 443 74$

536 554 539 557 ν
626 520 811 585 faciat,
840 516 911 572 ob
935 524 1167 583 eamque
1211 517 1431 564 causam
1482 492 1760 565 sanguinis
1788 499 2037 558 expertes
2067 496 2213 548 sunt,

2327 488 2563 585 ττίνουσι.
2621 484 2828 539 Τούτου
2896 486 3059 557 χάριν
3118 483 3413 555 ἀναίμονές
3445 481 3573 547 εἰσι,
3609 484 3845 541 τουτέστιν

625 623 681 670 et
703 578 1037 668 immortales
1056 578 1412 674 appellantur.
1457 592 1533 646 Ae
1556 585 1773 659 proprie
1798 582 2013 651 quidem
2037 578 2206 642 dixit,

625 703 978 775 appellantur.
1002 691 1340 752 Immortales
1369 684 1514 740 enim
1540 686 1832 741 vocantur;
1862 681 1917 726 at
1947 685 2053 725 non
2084 677 2211 723 sunt

627 762 850 865 ἱὸήυοᾱ
874 798 1163 849 vocantur,
1187 782 1384 854 quippe
1412 775 1504 845 qui
1531 770 1647 825 vitii
1678 772 1908 823 mortem
1933 762 2207 817 obierunt.

624 887 737 943 Nos
773 899 905 939 vero
943 881 1034 951 qui
1080 880 1248 933 Deum
1290 871 1551 931 colimus;
1593 862 1783 923 Deum,
1821 858 2064 924 inquam,
2102 867 2207 907 non

628 996 694 1036 ex
737 978 904 1033 nihilo
946 973 1290 1045 productum,
1328 963 1420 1020 sed
1468 956 1858 1026 sempiternum
1902 964 1970 1005 ex
2012 944 2214 1014 sempi-

633 1083 809 1137 terno,
843 1043 1100 1135 omnique
1136 1075 1325 1123 causa,
1368 1053 1599 1115 ratione,
1645 1056 1700 1103 et
1738 1043 2063 1113 cogitatione
2104 1050 2212 1093 tum

632 1158 911 1229 temporis,
944 1163 1060 1210 tum
1090 1160 1296 1207 natum
1325 1142 1700 1214 superiorem;
1736 1134 1829 1189 Dei
1856 1132 2085 1186 Matrem
2120 1129 2215 1181 lio-

632 1264 889 1311 noramus
920 1262 985 1301 ac
1017 1250 1357 1301 veneramur.
1390 1233 1509 1289 Non
1544 1229 1687 1301 quod
1719 1224 2059 1280 divinitatem
2096 1219 2213 1287 ejus

631 1352 811 1397 ortum
847 1354 915 1394 ex
948 1352 1012 1391 ea
1051 1334 1285 1389 traxisse
1320 1335 1627 1383 statuamus
1664 1318 1781 1389 (Dei
1820 1314 2087 1386 siquidem
2127 1327 2218 1381 ge-

633 1434 841 1490 neratio
872 1442 1113 1498 tempore
1138 1431 1312 1483 caret,
1338 1418 1696 1483 eamdemque
1721 1425 1843 1465 cum
1871 1407 2032 1463 Patre
2062 1413 2217 1461 teter.

632 1531 857 1583 nitatem
877 1522 1089 1590 habet),
1122 1532 1308 1573 verum
1343 1511 1639 1569 secundum
1680 1504 2016 1559 nativitatem
2051 1498 2220 1554 conti-

637 1630 833 1683 temur,
865 1630 962 1685 per
986 1610 1348 1667 voluntariam
1376 1602 1559 1659 carnis
1587 1597 1989 1666 susceptionem
2010 1634 2025 1658 ,
2060 1592 2219 1659 cujus

635 1722 853 1765 causam
867 1683 938 1760 “et
969 1702 1247 1764 novimus,
1281 1706 1335 1751 et
1370 1691 1619 1748 laudibus
1652 1686 1952 1744 efferimus.
1986 1683 2220 1749 Pr0pter

637 1816 735 1857 nos
776 1800 920 1855 enim
965 1810 1029 1851 ac
1073 1803 1274 1849 nostrae
1315 1787 1508 1844 salutis
1547 1797 1709 1840 causa
1755 1781 2090 1839 ineat-natur,
2130 1773 2221 1843 qui

638 1895 754 1949 sine
784 1892 940 1947 initio
968 1890 1322 1956 incorporeus
1356 1890 1474 1944 est;
1507 1887 1566 1931 ut
1603 1874 1764 1929 simili
1806 1886 1902 1941 per
1932 1868 2108 1924 simile
2137 1881 2223 1923 sa-
2256 1847 2296 1901 Β

639 1986 805 2039 lutem
837 1983 1026 2036 all'erat
1060 1994 1075 2032 :
1106 1985 1270 2044 atque
1301 1978 1573 2035 assumpta
1610 1968 1728 2021 sine
1758 1963 1899 2018 virili
1934 1960 2221 2028 complexu

637 2091 824 2143 carne,
848 2090 915 2130 ex
945 2075 1048 2127 hac
1074 2082 1231 2124 saera
1252 2064 1471 2135 Virgine
1497 2062 1729 2132 paritur,
1757 2056 1874 2125 ipse
1901 2063 2050 2107 totus
2082 2051 2222 2105 Deus

640 2185 887 2235 manens,
914 2176 969 2223 et
997 2175 1141 2221 totus
1171 2165 1331 2217 homo
1362 2156 1537 2212 factus
1569 2171 1582 2207 :
1617 2154 1733 2222 ipse
1766 2158 1911 2204 totus
1941 2148 2085 2201 Deus
2116 2159 2221 2198 una

639 2279 761 2319 cum
794 2277 961 2317 carne
992 2274 1113 2323 sua,
1148 2264 1404 2322 tutusque
1438 2251 1601 2304 homo
1633 2259 1755 2300 eum
1791 2256 1885 2297 sua
1922 2239 2223 2294 divinitate.

641 2353 721 2409 Ad
755 2353 897 2407 hunc
930 2348 1145 2403 modum
1178 2343 1273 2399 Dei
1307 2349 1535 2395 matrem
1563 2334 1837 2404 Virginem
1868 2329 2038 2399 878
2067 2328 2225 2382 istam

643 2441 1011 2513 agnoscimus,
1054 2436 1278 2505 ejusque
1308 2425 1689 2485 dormitionem
1721 2421 2087 2483 celebramus;
2123 2432 2225 2469 non

643 2538 809 2594 Deam
839 2537 977 2589 hanc
1006 2546 1127 2588 esse
1158 2526 1515 2599 praedicantes
1545 2517 1892 2590 (Graecarum
1923 2509 2230 2582 praestigia-

646 2645 765 2683 rum
812 2634 940 2681 sunt
983 2620 1247 2693 ejusmodi
1297 2611 1627 2687 ﬁgmenta);
1658 2609 1856 2678 quippe
1891 2619 2013 2658 eum
2060 2602 2228 2671 ipsius

648 2730 875 2774 mortem
911 2714 1223 2771 nuntiemus
1256 2726 1270 2763 :
1302 2708 1395 2763 sed
1433 2704 1527 2757 Dei
1568 2697 1833 2756 incarnati
1870 2694 2096 2748 Matrem
2132 2706 2224 2760 ag-

650 2823 956 2868 noscentes.

720 2903 809 2959 16.
850 2901 1001 2955 Hanc
1026 2912 1128 2952 nos
1157 2894 1250 2964 qui
1278 2907 1342 2948 eo
1372 2883 1683 2956 locupletati
1712 2894 1920 2942 sumus,
1945 2886 2005 2932 ut
2029 2874 2230 2932 Christi

652 2996 896 3069 p0pulus,
925 3001 980 3046 et
1009 2992 1200 3052 simus,
1227 2995 1282 3041 et
1310 2984 1577 3045 dicamur,
1610 2978 1781 3032 sacris
1814 2975 1972 3029 hodie
2003 2970 2231 3027 canticis

652 3086 1006 3158 prmdiceums
1054 3098 1071 3136 :
1121 3080 1260 3134 hanc
1307 3073 1586 3129 nocturnis
1630 3065 1955 3123 stationibus
1997 3062 2231 3116 honore.-

655 3191 794 3230 mus.
826 3170 976 3226 llane
1007 3166 1173 3223 animi
1204 3176 1259 3220 et
1286 3162 1533 3233 corporis
1566 3158 1828 3212 munditia
1861 3153 2225 3214 oblectemus;

2311 576 2451 652 αἷμα
2478 582 2578 634 οὐκ
2604 579 2810 650 έχουσι,
2846 582 2941 634 καὶ
2967 580 3225 634 ἀθάνατοι
3244 577 3623 647 ὀνομάζονται.
3647 578 3847 646 Καιρξως

2311 675 2387 736 ὡς
2419 674 2635 745 ἀληθῶς
2666 672 2773 744 ἔφη
2820 673 2902 739 τὸ,
2945 672 3285 727 καλέονται.
3332 670 3615 724 Ἀθάνατοι
3645 670 3743 741 γὰρ
3775 690 3851 724 κα-

2313 765 2571 818 λοῦνται·
2608 766 2711 818 οὐκ
2738 766 2847 819 elei.
2877 765 2935 819 δὲ
2968 765 3114 819 τοῦθ’
3144 767 3279 836 ὅπερ
3308 763 3635 817 καλοῦνταιο
3664 765 3745 815 τὸν
3770 768 3850 834 γὰρ

2315 856 2414 926 τῆς
2447 855 2648 919 κακίας
2681 855 2981 927 τεθνήκασι
3012 855 3263 910 θάνατον.
3310 855 3503 923 Ἡμεῖς
3550 854 3607 906 δὲ
3652 849 3726 917 οἷς
3749 855 3852 919 8:4;

2316 950 2433 1001 ἐστι
2462 947 2524 1000 τὸ
2550 947 2974 1018 λατρευόμενον,
3009 946 3144 1011 Θεὸς
3186 946 3286 999 ούκ
3324 947 3389 999 ὲκ
3423 944 3501 1017 μὴ
3530 945 3675 1007 ὄντος
3702 946 3771 1008 ei;
3806 950 3850 999 τὸ

2315 1033 2459 1091 εῖναι
2489 1038 2960 1109 παραγενόμενος,
2998 1036 3114 1089 ἀλλ’
3153 1037 3243 1091 ἀεὶ
3275 1034 3354 1090 ὢν
3392 1037 3459 1088 ὲκ
3488 1034 3583 1088 τοῦ
3627 1034 3709 1088 ἀεὶ
3735 1034 3854 1097 ὄντος

2318 1130 2464 1201 ὑπὲρ
2502 1130 2705 1196 αἰτίαν,
2731 1129 2826 1182 καὶ
2859 1128 3033 1198 λόγον,
3061 1127 3156 1182 καὶ
3194 1127 3405 1181 ἔννοιαν
3444 1126 3540 1179 καὶ
3562 1125 3759 1196 χρόνον.
3784 1128 3854 1180 καί

2317 1221 2556 1290 φύσεως»
2584 1220 2814 1292 Μητέρα
2851 1218 2985 1273 Θεοῦ
3011 1218 3262 1289 τιμῶμεν
3288 1218 3384 1271 καὶ
3424 1216 3675 1285 σέϐομεν,
3706 1217 3758 1268 οὐ
3781 1218 3855 1285 τῆς

2317 1315 2488 1368 αὑτοῦ
2513 1313 2767 1383 θεότητος
2802 1312 2863 1375 ἐξ
2905 1312 3078 1381 αὐτῆς
3103 1311 3202 1381 τὴν
3234 1309 3466 1379 ἄχρονον
3492 1308 3855 1378 ὑπογράφοντες

2319 1407 2605 1474 γέννησινο
2636 1405 2669 1475 ἠ
2710 1403 2819 1474 γὰρ
2848 1400 2945 1453 τοῦ
2990 1399 3126 1453 Θεοῦ
3174 1400 3353 1467 Λόγου
3385 1398 3644 1467 γέννησις
3677 1398 3857 1467 ἆχρσδκ

2321 1516 2379 1552 τε
2406 1498 2501 1551 καὶ
2529 1496 2605 1567 τῷ
2634 1496 2810 1566 Πατρὶ
2855 1494 3125 1556 συναῖδιος
3144 1508 3157 1521 ·
3210 1492 3478 1562 δευτέραν
3509 1491 3567 1544 δὲ
3610 1489 3858 1559 καθομολο-

2322 1589 2527 1661 γοῦμεν
2557 1589 2836 1657 γέννησιν,
2863 1585 2986 1639 καθ’
3019 1584 3269 1637 ἑκούσιον
3298 1585 3604 1655 σάρκωσιν,
3642 1581 3730 1651 τὴν
3756 1581 3859 1633 ταύ-

2320 1700 2422 1750 της
2451 1680 2651 1745 αἰτίαν,
2686 1680 2779 1733 καὶ
2811 1678 3032 1742 ειδότες,
3074 1676 3171 1730 καὶ
3224 1675 3555 1745 φάσκοντες.
3599 1670 3859 1743 Σαρκοῦται

2325 1774 2432 1846 γὰρ
2454 1775 2481 1825 ὁ
2515 1773 2590 1825 ὢν
2616 1772 2867 1842 ἀνάρχως
2920 1769 3234 1839 ἀσώματος,
3271 1765 3341 1821 δι’
3369 1767 3545 1836 ἡμᾶς,
3574 1766 3665 1817 καὶ
3688 1763 3765 1815 διὰ
3789 1765 3863 1833 τὴν

2327 1866 2602 1936 ἡμετέραν
2628 1862 2925 1932 σωτηρίαν,
2958 1860 3045 1915 ἵνα
3073 1859 3152 1930 τῷ
3177 1858 3350 1929 ὁμοίῳ
3368 1858 3464 1910 τὸν
3496 1857 3681 1926 ὅμοιον
3708 1854 3861 1907 διασώσ

2326 1976 2489 2029 σηται
2508 1973 2520 1987 ·
2551 1955 2645 2009 καὶ
2672 1954 3049 2025 σαρκούμενος
3073 1954 3138 2006 ὲκ
3161 1950 3372 2020 ταύτης
3392 1949 3498 2019 τῆς
3525 1949 3671 2017 ἱερᾶς
3693 1946 3862 2017 Παρθέ-

2325 2069 2418 2105 νου
2454 2050 2839 2111 ἀσυνδυὰστως
2878 2046 3153 2110 τίκτεται,
3186 2042 3350 2106 αὐτὸς
3388 2042 3570 2113 μένων
3609 2040 3717 2101 ὅλος
3741 2038 3862 2101 Orig,

2326 2144 2424 2196 καὶ
2461 2143 2584 2205 ὅλος
2610 2141 2897 2210 γινόμενος
2929 2136 3236 2207 ἄνθρωπος,
3270 2134 3435 2196 αὐτὸς
3466 2132 3587 2195 ὅλος
3610 2130 3730 2193 Θεὸς
3758 2135 3863 2200 μετὰ

2325 2236 2425 2303 τῆς
2455 2232 2656 2304 σαρκὸς
2675 2228 2864 2292 αὑτοῦ,
2892 2228 2988 2281 καὶ
3023 2227 3142 2289 ὅλος
3177 2224 3470 2296 ἄνθρωπος
3512 2221 3651 2293 μετὰ
3668 2221 3757 2290 τῆς
3788 2221 3862 2274 αύ-

2326 2328 2423 2380 τοῦ
2468 2325 2739 2397 ύπερθέου
2794 2322 3071 2390 θεότητος.
3126 2317 3287 2373 Οῦτω
3340 2316 3482 2369 Θεοῦ
3542 2314 3753 2383 Μητέρα
3790 2314 3863 2383 τὴν

2329 2418 2605 2489 Παρθένον
2629 2415 2835 2485 ταύτην
2860 2410 3244 2481 γινώσκοντες,
3298 2408 3397 2479 τὴν
3427 2406 3633 2474 ταύτης
3668 2421 3864 2472 πανηγυ-

2332 2512 2561 2583 ρίζομεν
2626 2507 2915 2576 κοίμησιν,
2972 2504 3034 2556 οὐ
3089 2502 3224 2555 Θεὸν
3281 2499 3490 2569 ταύτην
3536 2497 3860 2569 φημίξοντι;’

2330 2605 2531 2668 ἄπαγε,
2564 2598 2665 2668 τῆς
2696 2596 3019 2665 Ἑλληνικῆς
3045 2590 3332 2663 τερθρείας
3352 2590 3423 2643 τὰ
3451 2588 3677 2643 τοιαῦτα
3702 2588 3863 2656 μυθεύ-

2335 2708 2483 2763 ματα
2501 2707 2514 2721 ⁶
2546 2689 2669 2743 ἐπεὶ
2694 2688 2788 2740 καὶ
2811 2687 3043 2740 θάνατον
3075 2683 3246 2751 αὐτῆς
3277 2680 3736 2750 καταγγέλλομεν·
3761 2677 3860 2730 ἀλλὰ

2334 2785 2707 2858 σαρκωθέντος
2745 2781 2881 2834 Θεοῦ
2917 2780 3147 2850 Μητέρα.
3184 2775 3574 2845 γινώσκοντες.

2405 2885 2498 2943 ις’.
2530 2878 2750 2948 Ταύτην
2780 2876 2990 2947 ᾄσμασι
3016 2876 3181 2945 ίεροῖς
3223 2872 3626 2942 εύφημίσωμεν
3650 2868 3859 2935 σήμερον,

2333 2974 2381 3025 οἱ
2424 2971 2667 3042 Χριστοῦ
2714 2970 2853 3033 λαὸς
2892 2970 2986 3021 καὶ
3018 2963 3161 3020 εῖναι
3194 2962 3655 3032 πεπλουτηκότες,
3681 2959 3764 3012 καὶ
3796 2956 3861 3008 λέ-

2334 3065 2549 3132 γεσθαι.
2630 3063 2849 3133 Ταύτην
2910 3059 3208 3130 παννύχοις
3259 3057 3595 3128 τιμήσωμεν
3666 3052 3859 3104 στὰσεσυ

2335 3155 2541 3224 ταύτην
2578 3154 2757 3225 ψυχῆς
2794 3171 2852 3207 τε
2897 3154 2991 3205 καλ⁸
3024 3150 3274 3221 σώματος
3318 3148 3579 3218 ἁγνότητι
3600 3143 3860 3214 τέρψωμεν.

656 3213 794 3230 ...μω
826 3213 976 3226 ........
1208 3213 1258 3220 --
1290 3213 1471 3233 --τη
1513 3213 1526 3215 -

656 3270 819 3332 hanc,
869 3265 1111 3332 inquam,
1158 3272 1286 3312 vere
1335 3268 1549 3324 puram,
1601 3260 1763 3318 atque
1811 3245 2060 3301 omnibus
2112 3249 2230 3311 post

2337 3249 2435 3319 τὴν
2470 3213 2845 3315 δ’ντωςίόιγννὴν
2880 3246 3019 3316 μετὰ
3047 3213 3180 3296 Θεὸν
3213 3213 3674 3310 ὑπὲρτᾶπανταςογ
3698 3234 3861 3301 πέφυκε

659 3361 823 3413 Deum
858 3355 1091 3427 puritate
1124 3356 1492 3420 praestantem.
1530 3342 1717 3397 Solent
1749 3342 1893 3393 enim
1931 3336 2127 3390 similia
2162 3333 2234 3387 si-

657 3450 875 3504 milibus
902 3444 1196 3501 exsultare.
1225 3440 1375 3492 llanc
1403 3433 1772 3490 misericordia
1802 3438 1855 3483 et
1881 3427 2236 3483 commisera-

658 3541 805 3594 tione
837 3551 966 3606 erga
1000 3548 1199 3605 egenos
1233 3530 1474 3585 colamus
1506 3536 1563 3581 et
1595 3525 1966 3578 observemus.
1998 3517 2054 3571 Si
2095 3516 2235 3569 nulla

658 3647 719 3687 re
759 3630 980 3702 perinde
1021 3637 1184 3695 atque
1226 3618 1601 3677 misericordia
1648 3615 1790 3669 Deus
1833 3615 2063 3677 colitur;
2107 3609 2236 3680 quin

661 3723 850 3777 iisdem
880 3732 1095 3789 quoque
1124 3714 1285 3769 rebus
1311 3712 1426 3781 ejus
1451 3716 1627 3764 mater
1650 3707 1973 3771 oblectetur,
2001 3705 2122 3773 quis
2149 3715 2239 3755 eat

665 3809 906 3868 inficias?
931 3809 1055 3862 llaec
1076 3802 1397 3860 inell'abilem
1418 3798 1614 3853 divina:
1637 3811 1734 3850 nos
1757 3793 2061 3848 dilectionis
2082 3792 2239 3859 abys-

663 3920 782 3962 sum
823 3901 1129 3973 eXplicavit.
1175 3898 1276 3951 Per
1318 3896 1459 3949 hanc
1500 3891 1813 3946 diuturnum
1852 3885 1980 3938 illud
2019 3882 2240 3946 bellum,

664 3996 807 4069 quod
838 4009 962 4050 cuin
990 3990 1252 4047 Creatore
1279 3984 1590 4056 gerebatur,
1623 3979 1962 4049 proﬂigatum
1994 3974 2113 4028 fuit.
2142 3973 2244 4026 Per

562 4084 599 4098 ”’
669 4093 810 4147 hanc
843 4087 997 4143 nobis
1028 4098 1150 4139 eum
1185 4095 1250 4135 eo
1284 4073 1656 4132 reconciliatio
1688 4070 1918 4133 saucita,
1953 4080 2163 4135 paxque
2192 4074 2245 4117 et

668 4181 844 4257 gratia
875 4181 1071 4233 donata
1102 4183 1185 4229 est
1219 4189 1233 4227 :
1265 4168 1407 4224 unde
1438 4165 1612 4236 angeli
1644 4179 1747 4216 una
1783 4177 1905 4215 cum
1940 4157 2247 4213 hominibus

671 4248 866 4329 choros
892 4270 1118 4341 agitant,
1144 4273 1198 4318 et
1227 4262 1313 4332 qui
1344 4261 1492 4331 prius
1519 4253 1852 4323 contemptui
1883 4265 2124 4313 eramus,
2154 4248 2245 4302 Dei

675 4364 769 4420 Mii
798 4363 973 4418 ell'eeti
1006 4371 1212 4414 sumus.
1242 4352 1319 4408 Ex
1352 4368 1415 4407 ea
1446 4352 1568 4403 vita:
1601 4364 1758 4400 uvam
1790 4344 2106 4413 eolleginms
2138 4359 2152 4396 :
2183 4354 2251 4395 ex

673 4472 737 4510 ea
779 4450 1203 4508 immortalitatis
1243 4460 1463 4517 germen
1504 4441 1895 4508 excerpsimus.
1934 4436 2059 4489 Ilico
2097 4434 2251 4489 nobis

675 4545 855 4601 omnia
895 4543 1037 4596 bona
1075 4536 1403 4594 conciliavit.
1447 4535 1502 4589 In
1545 4534 1647 4587 hac
1693 4530 1832 4584 Deus
1875 4529 2036 4583 homo
2078 4526 2252 4579 lactus

676 4644 781 4699 est,
807 4642 862 4688 et
890 4634 1051 4685 homo
1079 4630 1217 4682 Deus
1243 4644 1255 4680 :
1283 4639 1392 4695 quo
1419 4622 1546 4693 quid
1579 4619 1865 4674 miriﬁcum
1897 4615 2099 4685 magis?
2124 4614 2253 4683 quid

677 4722 928 4783 beatius?
961 4720 1218 4791 Equidem
1251 4728 1394 4774 metu
1428 4724 1616 4779 aestuo,
1650 4712 1701 4766 id
1733 4709 1876 4780 quod
1906 4710 2093 4778 loquor
2115 4707 2255 4761 extic

680 4831 951 4873 meseens.
978 4813 1112 4870 Cum
1141 4808 1309 4866 Maria
1339 4808 1676 4879 prophetissa
1696 4805 1766 4868 ",
1795 4822 1827 4856 υ
1855 4802 2049 4855 anima:
2075 4799 2255 4851 adole~

678 4908 957 4975 scentulae,
986 4903 1276 4974 assumptis
1296 4898 1563 4973 tympanis
1581 4898 1808 4950 choreas
1838 4894 2129 4963 agitemus;
2156 4891 2257 4943 hoc

674 5009 764 5057 est
786 5000 1023 5053 membra
1048 5009 1169 5066 quae
1190 5001 1313 5048 sunt
1336 5004 1498 5060 super
1520 4998 1740 5052 terram,
1766 4982 2149 5037 mortitieemus
2170 4981 2212 5011 ἰ
2238 4997 2251 5033 :

680 5099 784 5148 hoe
807 5091 953 5147 enim
977 5098 1083 5156 est,
1105 5085 1247 5157 quod
1272 5094 1581 5153 tympanum
1611 5077 1838 5148 mystice
1862 5072 2153 5144 signiﬁcat.
2174 5070 2255 5125 0b

676 5200 864 5240 aream
906 5181 1120 5238 Domini
1161 5176 1488 5249 jubilemus,
1526 5182 1580 5227 et
1619 5168 1756 5224 muri
1793 5166 2011 5223 Jericbo
2036 5165 2105 5230 θ’,
2140 5164 2257 5218 sive

680 5276 890 5331 infesta:
926 5272 1360 5328 adversariorum
1403 5271 1727 5336 potestatum
1768 5258 2094 5314 munitiones
2132 5269 2256 5308 cor-

683 5377 858 5422 ruent.
888 5366 1021 5421 Cum
1055 5364 1251 5418 Davide
1283 5359 1483 5428 Spiritu
1518 5354 1838 5410 saltemus”
1874 5370 1887 5406 :
1921 5351 2080 5405 hodie
2109 5350 2252 5405 enim

684 5474 808 5513 arca
857 5458 1068 5512 Domini
1113 5453 1425 5524 requiescit.
1466 5450 1600 5504 Cum
1649 5445 1900 5503 Gabriele
1940 5442 2250 5511 angelorum

584 5587 588 5591 ε
684 5550 1037 5616 antesignano
1068 5548 1363 5601 clamemus
1396 5562 1410 5597 :
1444 5543 1567 5603 Ave,
1594 5543 1766 5610 gratia
1800 5538 1972 5607 plena,
2002 5535 2256 5588 Dominus

682 5638 937 5693 tecum".
974 5638 1106 5700 Ave,
1131 5636 1281 5704 plena
1305 5633 1499 5704 gratia,
1537 5631 1915 5687 inexhaustum
1952 5627 2129 5696 gaudii
2169 5640 2258 5694 pe-

2335 3342 2442 3410 Ὑάρ
2460 3357 2576 3402 πως
2616 3342 2727 3401 τοῖς
2770 3338 2976 3408 ὁμοίοις
3010 3336 3077 3389 τὰ
3107 3336 3269 3405 ὃμοια
3303 3329 3721 3399 ὲπαγάλλεσθαι.
3762 3325 3862 3377 Ταῦ·

2334 3446 2433 3497 την
2462 3428 2599 3496 ἐλέῳ
2626 3427 2722 3479 καὶ
2744 3424 3061 3497 συμπαθείᾳ
3082 3425 3192 3477 τῶν
3223 3420 3425 3474 ὲνθεῶν
3460 3416 3859 3489 θεραπεύσωμεν.

2338 3520 2400 3571 Εἰ
2443 3518 2552 3587 γὰρ
2585 3516 2672 3571 ἐπ’
2703 3517 2881 3570 οὐδενὶ¹
2909 3514 2985 3579 ὼς
3038 3513 3175 3585 ἐλέῳ
3211 3513 3345 3572 Θεὸς
3401 3507 3770 3580 θεραπεύεται,
3802 3502 3862 3560 τὶς

2338 3611 2556 3681 ἀντερεῖ
2605 3609 2680 3681 μὴ
2736 3612 2849 3673 τοῖς
2915 3608 3054 3671 ἴσοις
3115 3606 3211 3660 καὶ
3259 3607 3359 3674 τὴν
3425 3601 3621 3654 τούτου
3682 3593 3862 3665 Μητέρα

2337 3702 2859 3772 ἐπιφαιδρύνεσθαι;
2914 3700 3065 3771 Αὕτη
3109 3700 3210 3770 τὴν
3242 3697 3449 3767 ἄφατον
3506 3694 3605 3763 τῆς
3649 3688 3732 3742 τοῦ
3763 3682 3863 3738 Θεοῦ

2339 3796 2478 3866 πρὸς
2516 3796 2665 3866 ἡμᾶς
2694 3793 2917 3865 ἀγάπης
2946 3792 3331 3863 ἐδημοσίευσεν
3364 3787 3623 3844 ἄϐυσσον.
3654 3785 3742 3834 Δια
3766 3775 3865 3830 eati-

2339 3905 2441 3959 της
2471 3889 2603 3959 ἡμῖν
2631 3889 2659 3938 ὁ
2687 3886 2824 3957 πρὸς
2849 3887 2940 3939 τὸν
2974 3885 3215 3953 Κτίστην
3241 3880 3593 3951 πολυχρόνιος
3623 3868 3865 3928 καταλέλνσ

2342 3996 2431 4033 ται
2463 3978 2722 4049 πόλεμος.
2764 3977 2866 4031 Διὰ
2911 3976 3116 4046 ταύτης
3143 3977 3279 4046 ἡμῖν
3311 3974 3369 4026 αἱ
3416 3971 3558 4043 πρὸς
3601 3965 3747 4021 αὐτὸν
3772 3975 3869 4013 κατ·

2344 4072 2576 4140 αλλαγαὶ
2605 4069 3007 4141 ὲκροτήθησαν,
3071 4068 3166 4120 καὶ
3207 4066 3423 4136 εἰρήνη,
3460 4062 3553 4116 καὶ⁵
3577 4061 3725 4130 χάρις
3745 4049 3867 4107 δεδώ-

2351 4183 2512 4237 ρηται
2533 4203 2549 4228 ,
2585 4165 2684 4217 καὶ
2716 4163 2971 4231 ἀγγέλοις
3009 4159 3435 4230 συγχορεύουσιν
3486 4154 3769 4223 ἄνθρωποι,
3795 4142 3865 4196 καὶ

2355 4235 2513 4310 τέκνα
2548 4254 2684 4319 Θεοῦ
2734 4254 2782 4305 οἱ
2832 4253 2961 4322 πρὶν
3005 4249 3332 4321 ητιμημένοι
3392 4245 3746 4314 κατέστημεν.
3799 4235 3869 4287 Ἐκ

2352 4350 2558 4419 ταύτης
2587 4347 2678 4399 τὸν
2706 4346 2899 4417 βότρυν
2924 4344 3026 4414 τῆς
3058 4343 3204 4413 ζωῆς
3244 4341 3659 4412 ὲτρυγήσαμεν·
3707 4336 3760 4386 ὲκ
3776 4327 3871 4381 ταύ-

2354 4459 2452 4511 της
2481 4418 2580 4510 τῆς
2609 4438 2922 4510 ἀφθαρσίας
2954 4438 3046 4489 τὸν
3096 4433 3323 4504 βλαστὸν
3373 4426 3730 4503 ὲδρεψάμεθα.
3755 4418 3867 4484 Αὕτη

2283 4553 2329 4612 ο
2356 4536 2574 4588 πάντων
2596 4533 2702 4585 τῶν
2736 4530 2958 4599 ἀγαθῶν
2982 4531 3114 4599 ἡμῖν
3151 4529 3540 4597 προμνήστρια
3561 4522 3775 4591 γέγονεν.
3809 4511 3871 4563 Ἐν

2352 4625 2527 4697 ταύτῃ
2550 4625 2577 4677 ὁ
2603 4623 2734 4686 Θεὸς
2791 4622 2888 4692 μὲν
2934 4619 3242 4691 ἄνθρωπος,
3294 4617 3390 4671 καὶ
3424 4615 3556 4677 Θεὸς
3593 4614 3620 4664 ὁ
3645 4606 3871 4675 ἄνθρωπθς

2356 4694 2569 4787 γέγονε.
2623 4716 2735 4769 Καὶ
2782 4716 2834 4769 τί
2889 4714 3081 4768 τούτου
3126 4710 3587 4783 παραδοξότερονς
3637 4702 3684 4754 τί
3727 4694 3871 4751 τούτου

2364 4785 2811 4882 μακαριώτερονς
2847 4806 3086 4876 ’ἰλιγγιῶ
3113 4804 3191 4875 τῷ
3223 4803 3396 4873 φόϐῳ,
3432 4800 3612 4861 δεδιὼς
3642 4797 3696 4849 τὸ
3724 4785 3873 4844 λαλού-

2365 4874 2546 4967 μενον..
2580 4874 2940 4965 Σὺν-Μαριὰμ
3054 4874 3373 4962 προφήτιδι,
3408 4883 3455 4942 ὦ
3478 4886 3700 4945 νεάνιδες
3725 4874 3870 4949 ψυχαὶ,

2368 4987 2505 5058 μετὰ
2539 4986 2842 5055 τυμπάνων
2899 4984 3271 5056 χορεύσωμεν,
3318 4980 3638 5051 νεκροῦντες
3682 4972 3741 5026 τὰ
3768 4967 3869 5039 μέλη

2362 5082 2430 5134 τὰ
2458 5079 2552 5133 ἐπὶ
2580 5079 2680 5148 τῆς
2712 5078 2815 5146 γῆς
2843 5092 2856 5106 ⁸
2894 5077 3054 5129 τοῦτο
3102 5076 3213 5147 γὰρ
3246 5074 3309 5127 τὸ
3342 5073 3599 5143 μυστικὸν
3622 5067 3869 5148 τύμπανῦνς

2363 5146 2723 5241 ἁλαλάξωμεν
2755 5168 2853 5222 ἐπὶ
2893 5169 2992 5237 τῆς
3016 5166 3251 5221 κιϐωτοῦ
3288 5167 3384 5220 τοῦ
3444 5164 3639 5236 Κυρίου
3667 5155 3747 5211 τοῦ
3771 5146 3869 5204 Θεῦῦ

2362 5262 2549 5333 ψυχῶν
2578 5260 2949 5329 ἀλαλάγμασι,
2972 5260 3064 5312 καὶ
3087 5259 3241 5330 τείχη
3263 5246 3867 5323 πεσοῦνταιΊεριχούντιαι

2360 5356 2469 5408 τῶν
2493 5355 2752 5407 ἐναντίων
2770 5352 2914 5421 λέγω
2932 5352 3216 5422 δυνάμεων
3236 5353 3302 5404 τὰ
3319 5349 3560 5419 δυσμενῆ
3582 5340 3867 5415 ὀχυρώματι

2362 5446 2517 5501 Μετὰ
2557 5444 2720 5498 Δαϐὶδ
2758 5446 3142 5515 σκιρτῄσωμεν
3169 5444 3447 5513 ΙΙνεύματι
3471 5458 3483 5470 ⁸
3526 5444 3557 5511 ἡ
3583 5433 3778 5493 κιϐωτὸς
3793 5428 3869 5493 γὰρ

2365 5539 2568 5611 Κυρίου
2598 5541 2840 5608 σήμερον
2875 5537 3319 5590 καταπέπαυται.
3374 5533 3530 5587 Μετὰ
3578 5523 3779 5597 Γαϐριὴλ
3802 5516 3867 5569 τοῦ

2365 5632 2471 5683 τῶν
2490 5630 2737 5699 ἀγγέλων
2766 5629 3155 5699 πρωτοστὰτου
3168 5629 3471 5699 βοήσωμεν
3496 5643 3509 5657 ο
3539 5620 3712 5691 Χαῖρε,
3737 5627 3865 5679 κεχα-

753 5815 983 5870 "ond.
1018 5829 1103 5880 xv,
1133 5812 1223 5866 20.
1298 5808 1569 5865 "Coloss.
1605 5823 1686 5875 ιιι,
1718 5806 1806 5860 15.
1878 5808 1921 5838 θ’
1953 5803 2116 5857 Josue
2145 5818 2215 5866 vi,
2246 5800 2337 5855 20.
2399 5801 2502 5855 "ll
2531 5800 2762 5872 Reg.vt,
2785 5802 2868 5855 14.
2938 5801 2979 5831 9"
3002 5798 3132 5854 Lur.
3157 5798 3299 5861 1,98.
