4046 6422
227 446 324 508 7i?)
1030 457 1360 519 IIOMILIA
1401 460 1460 518 II
1503 459 1582 520 IN
1627 457 2167 522 DORMITIONEM
2203 463 2269 523 B.
2309 465 2376 524 V.
2417 459 2713 525 MARIIE.
3369 460 3472 523 746

214 561 516 632 ριτωμένη,
547 566 579 617 ὁ
607 566 820 634 Κύριος
835 568 988 636 μετὰ
1013 570 1151 626 σοῦ.
1180 571 1371 642 Χαῖρε,
1397 570 1457 624 τὸ
1477 574 1576 642 τῆς
1607 573 1782 642 χαρᾶς

1908 587 2059 645 agus.
2093 577 2229 640 Ave,
2263 575 2424 630 unica
2457 579 2710 632 maeroris
2771 576 3100 634 obliteratio.
3128 581 3284 646 'Ave,
3318 583 3484 655 pltar-

219 655 546 726 ἀδαπάνητον
601 658 856 727 πέλαγος.
901 661 1110 733 Χαῖρε,
1151 663 1211 716 τὸ
1260 664 1422 734 μόνον
1473 664 1576 735 τῆς
1605 663 1782 734 λύπης

1906 683 2097 722 uacum
2149 667 2389 723 dolorem
2439 681 2506 722 ex
2559 669 2706 723 omni
2763 670 2925 725 corde
2973 671 3197 742 pellens.
3224 671 3357 742 Ave,
3383 681 3482 746 per

220 746 577 819 ἐξάλειπτρον.
632 751 881 822 Χαίροις,
940 754 1121 824 πάσης
1158 755 1387 826 καρδίας
1437 755 1786 811 ἀκεσὼδυνον

1906 776 2049 830 [nam
2077 773 2223 816 mors
2258 760 2478 844 expulsa
2513 769 2614 825 est,
2650 763 2756 817 vita
2792 772 2990 845 autent
3012 765 3341 835 importata.,

222 841 517 909 φάρμακον.
557 843 800 914 Χαίροις,
827 845 897 898 δι’
927 842 996 919 ἦς
1027 849 1365 919 παρωθεῖται
1390 851 1488 921 μὲν
1516 851 1769 918 θάνατος,

219 933 247 1002 ἠ
284 931 336 986 δὲ
363 932 476 1005 ζωὴ
510 936 944 1008 είσκεκόμισται.

284 1043 365 1110 ιζ’.
399 1047 501 1114 Σὺ,
558 1041 604 1102 ὦ
637 1050 824 1120 τάφων
874 1051 1037 1125 ίερῶν
1087 1053 1376 1127 ἱερώτατε,
1427 1058 1566 1128 μετά
1603 1075 1666 1127 γε
1696 1057 1787 1112 τὸν

220 1138 516 1209 ζωαρχικδν
548 1141 643 1195 :06
665 1143 936 1197 Δεσπότου
970 1145 1084 1217 (56)
1109 1149 1300 1218 τάφον,
1329 1149 1386 1213 ὃς
1405 1149 1558 1223 πηγὴ
1581 1151 1788 1224 ὑπῆρξε

219 1230 310 1300 τῆς
339 1232 690 1298 ἀναστάσεως
714 1250 728 1265 ·
768 1234 846 1300 ὡς
892 1236 1005 1308 γὰρ
1035 1238 1266 1310 ἐμψύχῳ
1294 1257 1377 1294 σοι
1416 1241 1732 1312 διαλέξομαι
1762 1259 1775 1274 ·

220 1325 314 1378 ποῦ
344 1326 544 1396 χρυσὸς
567 1328 594 1380 ὁ
615 1327 928 1400 ἀκίϐδηλος,
973 1330 1032 1383 ὃν
1059 1333 1373 1386 ἀποστόλων
1401 1337 1584 1408 χεῖρες
1615 1334 1674 1388 ἐν
1700 1337 1785 1390 σοὶ

220 1415 622 1488 ἑθησαύρισαν;
673 1419 777 1473 1:06
819 1421 1052 1486 πλοῦτος
1105 1423 1133 1476 ὁ
1165 1423 1548 1497 ἀδαπάνητος;
1578 1425 1680 1480 ποῦ
1729 1427 1792 1481 τὸ

225 1509 458 1580 Θεοδόχον
487 1512 808 1583 κειμήλιονς
846 1513 951 1567 ποῦ
978 1517 1010 1584 ἡ
1055 1515 1298 1586 ἔμψυχος
1328 1516 1603 1586 τράπεζα,
1634 1517 1737 1573 ποῦ
1765 1522 1794 1573 ό

223 1601 395 1664 καινὸς
427 1603 616 1672 τόμος,
650 1605 708 1656 ὲν
825 1605 1122 1676 ἀφράστως
1167 1609 1196 1658 ὁ
1229 1607 1365 1672 Θεὸς
1400 1609 1573 1677 Λόγος
1611 1611 1792 1682 χειρὸς

222 1694 341 1747 ἄνευ
363 1695 746 1766 ἐγγέγραπται
773 1714 787 1762 ;
812 1696 916 1750 1:06
941 1699 974 1768 ἠ
999 1698 1098 1763 τῆς
1133 1699 1358 1770 χάριτος
1376 1699 1616 1765 ἄϐυσσος
1640 1719 1656 1770 ;
1688 1701 1792 1755 1:06

223 1787 322 1839 τῶν
352 1789 598 1858 ἰαμάτων
637 1789 696 1842 τὸ
729 1789 1001 1859 πέλαγος;
1053 1791 1156 1845 1:06
1207 1793 1240 1864 ἠ
1301 1792 1571 1858 ζωοτόκος
1597 1795 1747 1865 πηγή
1777 1813 1790 1862 ;

225 1877 320 1932 ποῦ
358 1878 419 1931 τὸ
453 1879 832 1951 πολυπόθητον
873 1881 1034 1953 σῶμα
1066 1886 1165 1956 τῆς
1193 1883 1457 1939 Θεοτόκου
1494 1885 1591 1940 καὶ
1623 1886 1792 1940 πολυ-

1954 1044 2059 1112 ἿῚ.
2100 1054 2218 1110 Jam
2247 1069 2401 1122 vero,
2431 1069 2464 1111 ο
2493 1069 2778 1116 sacrorum
2808 1058 3052 1112 omnium
3081 1070 3480 1128 sepulcrorum,

1890 1148 2084 1203 saltem
2129 1159 2249 1218 post
2294 1147 2506 1204 Domini
2531 1147 2857 1217 sepulcrum,
2903 1148 3050 1219 quod
3099 1150 3220 1204 vitae
3268 1149 3479 1205 initium

1892 1241 2075 1306 dedit,
2125 1241 2652 1311 resurrectionisque
2700 1241 2821 1297 l'ons
2867 1240 3003 1306 fuit,
3050 1241 3480 1297 sacratissimum

1893 1333 2094 1403 (tecum
2127 1333 2273 1387 enim
2309 1343 2565 1403 tanquam
2596 1335 2894 1390 animatum
2926 1349 3104 1400 esses,
3135 1335 3269 1390 mihi
3301 1349 3482 1390 sermo

1893 1427 2042 1499 erit),
2069 1426 2158 1482 ubi
2203 1429 2417 1482 tandem
2463 1427 2591 1483 illud
2632 1428 2908 1484 sincerum
2954 1444 3144 1483 aurum
3191 1438 3294 1492 est,
3337 1428 3480 1498 quod

1895 1516 2261 1586 apostolorum
2304 1532 2496 1574 manus
2542 1518 2594 1572 in
2640 1528 2691 1573 te
2736 1519 3137 1574 condiderunt?
3185 1518 3276 1574 ubi
3323 1519 3480 1574 inex-

1893 1608 2104 1662 haustae
2129 1608 2294 1678 Opes?
2315 1608 2402 1662 ubi
2429 1608 2718 1678 pretiosum
2750 1609 2977 1674 monile,
3004 1610 3146 1678 quod
3169 1610 3336 1665 vitam
3361 1625 3483 1666 sus-

1895 1701 2081 1769 cepit?
2122 1702 2212 1756 ubi
2260 1701 2496 1756 animata
2544 1702 2768 1756 mensa?
2810 1701 2899 1756 ubi
2947 1718 3120 1758 novus
3169 1713 3380 1770 tomus,
3427 1705 3480 1759 iu

1896 1809 2003 1864 quo
2030 1792 2286 1849 ineﬂ‘abili
2315 1793 2526 1848 ratione
2551 1794 2690 1849 Deus
2711 1794 2944 1850 Verbum
2970 1796 3107 1851 citra
3134 1812 3325 1852 manus
3353 1811 3482 1866 ope-

1899 1901 2014 1939 ram
2059 1885 2352 1956 inscriptus
2389 1884 2507 1940 est?
2540 1885 2630 1941 ubi
2663 1887 2854 1957 gratiae
2888 1887 3157 1958 abyssus?
3190 1887 3279 1942 ubi
3319 1903 3483 1941 sana-

225 1971 441 2040 έραστον
469 1989 484 2038 ;
521 1971 586 2024 Τί
628 1971 842 2046 ζητεῖτε
881 1973 938 2026 ἐν
984 1974 1142 2046 τάφῳ
1174 1975 1272 2047 τὴν
1297 1976 1434 2048 πρὸς
1462 1976 1534 2030 τὰ
1565 1977 1794 2047 οὐράνια

1906 1975 2102 2030 lionum
2135 1975 2392 2045 pelagus?
2418 1975 2507 2030 ubi
2537 1975 2658 2030 fons
2684 1992 2748 2030 ex
2781 1991 2888 2048 quo
2916 1978 3022 2031 vita
3055 1985 3207 2047 parta
3232 1977 3357 2032 est?
3388 1977 3479 2032 ubi

229 2062 684 2134 μετεωρισθεῖσαν
714 2063 1051 2137 σκηνώματα
1080 2087 1093 2132 ς
1124 2067 1189 2120 Τί
1231 2086 1300 2136 με
1331 2069 1430 2140 τῆς
1458 2069 1662 2140 φθορᾶς
1682 2070 1793 2140 (57)

227 2154 444 2220 εὐθύνας
477 2157 832 2229 είσπράττεις
853 2176 868 2225 ;
891 2156 952 2212 ού
980 2175 1071 2228 μοι
1097 2158 1329 2230 δύναμις
1358 2163 1470 2224 τοῖς
1499 2159 1666 2225 Θείοις
1697 2161 1794 2214 ἀν-

227 2246 466 2302 τιτείνειν
522 2249 878 2321 κελεύσμασι.
941 2252 1054 2315 Τὰς
1103 2251 1348 2316 σινδόνας
1403 2253 1707 2306 καταλιπὸν
1734 2251 1798 2305 τὸ

229 2337 376 2409 σῶμα
398 2339 457 2393 τὸ
478 2341 623 2412 ἱερόν
641 2359 700 2394 τε
735 2341 830 2394 καλ⁸
859 2342 1145 2410 ἆγιον,καί
1169 2359 1260 2413 μοι
1283 2341 1377 2395 :06
1403 2341 1680 2414 ἀγιασμοῦ
1707 2360 1799 2415 με·

226 2431 540 2499 ταδεδωκδς,
557 2434 654 2488 καὶ
672 2434 868 2508 μύρου,
884 2435 980 2489 καὶ
993 2435 1219 2500 εὐωδίας
1239 2437 1472 2506 ποιῆσαν
1487 2437 1794 2502 ἀνάπλεων,

229 2523 314 2577 καὶ
333 2527 478 2579 θεῖον
504 2525 962 2597 ἀπεργασάμενον
993 2525 1243 2597 τέμενος,
1271 2527 1625 2597 ἀνάρπαστον
1655 2529 1799 2599 οίχε-

227 2633 330 2681 ται,
359 2618 806 2690 δορυφορούντων
836 2619 1106 2689 ἀγγέλων,
1142 2621 1239 2673 καὶ
1274 2619 1657 2692 ἀρχαγγέλων,
1703 2621 1799 2674 καί⁵

229 2708 406 2762 πασῶν
436 2707 550 2761 τῶν
571 2709 840 2779 ούρανίων
866 2709 1170 2780 δυνάμεων.
1185 2710 1300 2764 Νῦν
1323 2711 1423 2782 ἐμὲ
1442 2712 1798 2783 περίεπουσιν

229 2800 455 2870 ἄγγελοι.
487 2801 604 2855 Νῦν
641 2802 699 2855 ὲν
735 2800 860 2871 ἐμοὶ
883 2801 1002 2856 Θεία
1018 2802 1177 2874 χάρις
1194 2802 1494 2867 αὐλίζεται.
1543 2803 1684 2872 Ἐγὼ
1711 2822 1799 2857 νο-

229 2891 397 2947 σούσιν
424 2895 660 2964 ἰατρεῖον
686 2890 1002 2958 ἀλεξίπονον
1032 2894 1274 2965 πέφηνά.
1305 2893 1447 2964 Ἐγὼ
1464 2895 1616 2966 πηγὴ
1634 2895 1800 2965 ἰαμά-

227 3001 324 3038 των
339 2984 583 3048 ἀενναος.
617 2986 758 3056 Ἐγὼ
777 2986 1046 3058 δαιμόνων
1077 2985 1439 3059 ἀλεξιτήριον.
1473 2987 1616 3057 Ἐγὼ
1648 2988 1801 3052 πόλις

231 3076 654 3151 φυγαδευτηρίου
711 3080 820 3142 τοῖς
864 3077 1274 3149 προσφεύγουσι
1333 3079 1576 3150 πέφυκα.
1624 3081 1802 3152 Προσ-

231 3169 400 3224 ἔλθετε
420 3171 629 3236 πίστει,
648 3171 790 3236 λαοὶ,
813 3171 909 3225 καὶ
931 3170 1241 3242 ποταμηδδν
1256 3171 1536 3243 ἀρύσασθε
1557 3172 1625 3227 τά
1643 3173 1803 3246 χαρί-

1898 2068 2130 2137 denique
2173 2068 2604 2123 sacratissimum
2645 2067 2776 2122 illud
2818 2077 2983 2137 atque
3023 2066 3475 2123 amabilissimum

1896 2175 2094 2230 corpus
2137 2159 2227 2215 Dei
2264 2159 2592 2215 Genitricis?
2622 2158 2761 2226 Quid
2798 2174 2915 2213 eam
2957 2159 3009 2212 in
3049 2157 3297 2228 sepulcro
3332 2173 3483 2227 quaa-

1900 2253 2053 2320 ritis,
2088 2268 2209 2323 qua:
2248 2252 2314 2306 ad
2353 2251 2592 2306 caelestia
2631 2250 2978 2306 tabernacula
3015 2251 3152 2305 elata
3189 2250 3311 2305 est?
3345 2249 3482 2316 Quid

1899 2345 2160 2400 custodiae
2205 2343 2473 2397 rationem
2511 2357 2540 2397 a
2585 2357 2672 2398 me
2715 2342 3047 2413 exposcitis?
3085 2357 3189 2397 non
3230 2357 3308 2398 eae
3351 2356 3486 2396 mea:

1899 2437 2061 2500 vires,
2091 2446 2152 2490 ut
2178 2435 2376 2490 divinis
2399 2434 2567 2504 jussis
2597 2433 2852 2490 relucter.
2883 2433 3092 2489 Relicta
3119 2434 3367 2498 sindone,
3397 2447 3486 2488 sa-

1899 2544 2050 2586 crum
2079 2528 2209 2584 illud
2238 2537 2294 2584 et
2322 2538 2569 2583 sanctum
2599 2543 2797 2599 corpus
2819 2527 2962 2598 quod
2993 2527 3339 2584 sanctitatem
3373 2541 3486 2581 me-

1899 2637 2023 2678 cum
2055 2620 2500 2681 communicavit,
2537 2633 2729 2688 meque
2765 2628 3040 2689 unguento
3071 2629 3126 2675 et
3159 2619 3486 2675 suavissimo

1901 2713 2070 2768 odore
2099 2711 2359 2782 implevit,
2388 2727 2454 2767 ac
2484 2711 2722 2766 divinum
2757 2712 3039 2767 delubrum
3067 2712 3248 2768 effecit
3278 2730 3293 2767 :
3323 2712 3486 2768 abre-

1901 2813 2050 2873 ptum
2089 2802 2212 2858 hinc
2245 2817 2462 2857 sursum
2498 2802 2664 2869 abiit,
2700 2803 3028 2871 stipantibus
3063 2801 3270 2872 angelis
3300 2812 3357 2857 et
3391 2817 3485 2856 ar-

1901 2895 2214 2966 cbangelis,
2260 2895 2618 2964 omnibusque
2663 2894 2924 2950 caelorum
2971 2895 3286 2950 virtutibus.
3329 2893 3488 2949 Nunc

1903 3001 1989 3040 me
2015 2985 2191 3054 angeli
2212 2985 2382 3056 879
2401 2985 2713 3042 observant.
2737 2983 2890 3040 Nunc
2916 2987 2968 3039 in
2996 3002 3080 3040 me
3105 2985 3286 3040 divina
3313 2985 3487 3054 gratia

1904 3080 2135 3136 habitat.
2192 3079 2304 3150 Ego
2334 3077 2548 3134 oﬁicina
2584 3080 2868 3135 medicinae
2896 3079 3286 3149 aegrotantibus
3316 3081 3488 3134 evasi.

1903 3171 2018 3242 Ego
2058 3171 2182 3228 fons
2219 3173 2513 3227 sanitatum
2558 3173 2832 3242 perennis.
2875 3173 2983 3244 Ego
3020 3173 3324 3226 daemonum
3365 3186 3490 3242 pro-

232 3279 420 3333 σματα.
452 3263 800 3335 Ἀδιάκριτον
818 3263 918 3335 τὴν
933 3263 1118 3318 πίστιν
1134 3280 1302 3335 κεκτη
1310 3263 1462 3335 μένοι
1484 3265 1798 3334 προέλθετε.

1906 3266 2126 3337 ﬂigatio.
2152 3265 2263 3336 Ego
2287 3267 2353 3320 iis
2377 3267 2466 3337 qui
2494 3267 2559 3320 ad
2588 3283 2673 3321 me
2694 3265 3033 3336 confugiunt,
3057 3267 3249 3321 civitas
3272 3262 3484 3335 refugii.

236 3359 296 3408 Ol
323 3355 621 3425 διψῶντες
651 3357 746 3426 ἐφ’
768 3356 926 3425 ὕδωρ
942 3358 1295 3426 πορεύεσθε,
1338 3357 1572 3422 Ἡσαΐας
1619 3373 1801 3430 παρα-

235 3447 528 3513 κελεύεται,
560 3449 656 3502 καὶ
690 3449 859 3516 ὅσοις
890 3451 1003 3504 οὐκ
1046 3449 1218 3505 ἐστιν
1250 3449 1554 3520 ἀργύριον,
1586 3468 1805 3520 πορευ-

233 3538 424 3605 θέντες
456 3538 800 3609 ἀγοράσατε
855 3540 1002 3595 ἄνευ
1031 3541 1226 3610 τιμῆς.
1259 3542 1400 3611 Ἐγὼ
1434 3545 1602 3597 πᾶσιν
1641 3544 1806 3613 εύαγο

235 3631 455 3698 γελικῶς
499 3631 900 3703 ἀνακέκραγα·
939 3632 998 3686 Ὀ
1053 3633 1224 3704 διψῶν
1273 3635 1606 3707 νοσημάτων
1636 3635 1804 3701 ἴασιν,

235 3720 474 3790 ψυχικῶν
539 3719 730 3775 παθῶν
765 3720 1146 3794 ἀπολύτρωσιν
1178 3763 1194 3788 ,
1247 3723 1664 3796 ἁμαρτημάτων
1720 3723 1809 3790 ἐξ·

236 3813 454 3878 ἀλειψιν,
473 3813 746 3868 παντοίων
761 3813 1038 3884 ἐπιφορῶν
1059 3813 1434 3884 ἀλλοτρίωσιν,
1448 3815 1694 3887 οὐρανῶν
1713 3815 1808 3887 βα-

239 3905 432 3969 σιλείας
450 3905 788 3970 ἀνάπαυσιν,
813 3905 994 3960 πίστει
1020 3905 1409 3977 προσερχέσθω
1436 3907 1574 3978 πρός
1606 3924 1698 3977 με,
1716 3907 1809 3961 καὶ

239 3997 529 4067 ἀρυσάσθω
582 3996 798 4070 ῥεῖθρον
861 3995 963 4066 τῆς
1020 3995 1242 4067 χάριτος
1286 3997 1660 4070 πολυδύναμον
1714 3999 1810 4053 καὶ

238 4087 628 4158 πολύχρηστον.
683 4086 898 4156 ’Ὥσπερ
949 4086 1056 4158 γὰρ
1104 4085 1199 4139 :06
1244 4085 1437 4151 ὓδατος
1477 4087 1512 4159 ή
1561 4087 1810 4158 ἐνέργεια

238 4178 372 4247 ἁπλῆ
424 4179 525 4232 καὶ
571 4177 670 4248 μία
723 4177 1086 4247 τυγχάνουσα,
1129 4176 1206 4242 ὡς
1263 4177 1321 4231 δὲ
1349 4179 1453 4250 γῆς
1498 4179 1593 4233 καὶ
1626 4181 1808 4252 ἀέρος,

238 4271 434 4325 καὶτοῦ
478 4271 780 4342 παμφαοῦς
809 4269 984 4341 ἡλίου,
1033 4270 1250 4340 ἑκάστῳ
1274 4269 1384 4323 τῶν
1413 4270 1657 4340 μετόχων
1691 4271 1809 4325 δια-

241 4366 413 4436 φόρως
461 4366 604 4436 πρὸς
645 4365 708 4418 τὸ
761 4362 1130 4434 κατάλληλλον
1162 4360 1263 4432 τῆς
1292 4359 1508 4431 φύσεως
1541 4361 1813 4432 μεταϐάλ-

239 4456 400 4518 λεται.
434 4456 769 4526 καὶγίνεται
799 4458 857 4511 ἐν
887 4454 1120 4527 ἀμπέλῳ
1160 4455 1259 4525 μὲν
1287 4449 1452 4517 οἶνος,
1483 4455 1542 4505 ὲν
1573 4453 1732 4524 ἐλαίᾳ
1752 4453 1810 4506 δὲ

242 4549 408 4604 ἔλαιον
429 4567 444 4582 ·
474 4549 620 4603 οὕτω
648 4550 746 4602 καὶ
767 4551 800 4621 ἡ
823 4551 1005 4620 χάρις,
1025 4546 1172 4618 ἀπλῆ
1195 4546 1290 4600 καὶ
1323 4545 1419 4617 μία
1441 4544 1808 4616 τυγχάνουσα,

242 4639 496 4705 ποικίλως
539 4641 637 4694 καὶ
693 4617 972 4710 ἀναλόγως
1026 4640 1164 4712 πρὸς
1211 4638 1311 4710 τὴν
1341 4639 1574 4693 ἑκάστου
1621 4637 1813 4709 χρείαν
1846 4617 1890 4673 D

244 4733 520 4803 εὐεργετεῖ
550 4733 678 4796 τοὺς
701 4733 1046 4804 μετέχοντας.
1080 4733 1193 4787 Ούκ
1217 4732 1278 4797 ἐξ
1305 4731 1513 4795 οἰκείας
1534 4730 1631 4801 τὴν
1654 4731 1813 4803 χάριν

243 4819 514 4892 κέκτημαι
542 4822 777 4891 φύσεως.
803 4823 986 4892 Τάφος
1015 4823 1163 4888 ἅπας
1203 4822 1470 4887 δυσωδίας
1505 4812 1812 4887 ἀνάπλεως,

244 4916 544 4983 κατηφείας
579 4915 862 4986 πρόξενος,
902 4915 1244 4986 εὐφροσύνης
1271 4913 1588 4979 ἀντίπαλος.
1625 4913 1815 4984 Μύρον

245 5004 536 5075 πολύτιμον
561 5007 842 5077 δέδεγμαι,
865 5007 965 5060 καὶ
991 5008 1088 5078 τῆς
1111 5007 1340 5071 εὐωδίας
1361 5007 1686 5078 μετείληφα,
1722 5006 1818 5059 atat

153 5148 169 5172 ‘
246 5097 300 5149 τὸ
319 5098 491 5168 μύρον
517 5099 690 5163 οὕτως
721 5101 918 5163 εὐῶδες
942 5099 1037 5152 καὶ
1057 5098 1516 5170 δραστικώτατον,
1538 5099 1614 5163 ὡς
1644 5099 1816 5170 μικρᾷ

250 5191 542 5261 παραθέσει
573 5190 940 5262 ἀναφαίρετον
968 5189 1319 5263 δωρήσασθαι
1343 5191 1442 5260 τὴν
1473 5191 1776 5262 μετάληψιν
1797 5207 1812 5222 ν

248 5281 636 5354 ἀμεταμέλητα
660 5285 769 5355 γὰρ
788 5283 959 5347 ὅντως
1001 5283 1072 5338 τά
1104 5282 1221 5337 Θεῖα
1246 5273 1564 5353 χαρίσματα
1590 5298 1604 5313 °
1631 5284 1816 5355 πηγὴν

249 5371 580 5443 εὐφροσύνης
608 5371 842 5440 ἐξένισα,
881 5376 973 5428 καὶ
1001 5374 1209 5446 ταύτης
1239 5375 1464 5428 ἀένναον
1503 5373 1815 5445 ἐπλούτησα

250 5460 342 5532 τὴν
382 5462 583 5518 ἁνάϐλυ
591 5482 695 5518 σιν.

1904 3358 2181 3424 Accedite,
2210 3358 2412 3428 pOpuli,
2441 3375 2563 3413 cum
2586 3358 3083 3428 lide,etgratiarum
3111 3358 3247 3413 dona
3265 3354 3488 3411 aﬂluen-

1907 3448 2116 3503 tissime
2138 3449 2370 3504 haurite.
2405 3448 2682 3516 Accedite,
2719 3451 2808 3519 qui
2847 3450 2951 3504 [ide
2984 3448 3206 3504 minime
3239 3447 3488 3518 ambigua

1906 3542 2055 3600 estis.
2093 3539 2360 3608 Sitientes,
2398 3543 2565 3597 venite
2603 3541 2673 3594 ad
2703 3558 2891 3610 aquas,
2926 3540 3246 3596 exhortatur
3279 3539 3488 3606 Esaias,

1905 3641 1952 3686 et
1993 3633 2084 3702 qui
2126 3648 2225 3686 non
2273 3633 2474 3686 [rubetis
2520 3647 2818 3705 argentum,
2858 3634 3045 3698 venite,
3089 3641 3139 3686 et
3181 3633 3335 3686 emite
3373 3631 3488 3686 sine

1905 3723 2072 3786 pretio
2092 3724 2162 3777 ".
2194 3721 2307 3795 Ego
2339 3725 2609 3780 universis
2637 3725 2946 3796 evatigelice
2977 3724 3152 3780 clamo
3184 3743 3198 3780 :
3234 3723 3490 3792 Quisquis

1907 3813 2226 3869 morborum
2287 3814 2632 3869 sanationem
2691 3814 2824 3880 sitit,
2889 3815 3143 3872 vitiorum
3185 3815 3350 3869 animi
3394 3815 3491 3868 de-

1906 3906 2230 3978 pulsionem,
2249 3917 2593 3978 peccatorum
2611 3907 3024 3975 abstersionem,
3045 3922 3491 3978 quarumcunque

1909 4001 2283 4056 calamitatum
2315 4001 2742 4066 submotionem,
2775 4001 2924 4072 regni
2954 4001 3196 4056 calestis
3225 4000 3488 4070 requiem,

1909 4093 1977 4149 ad
2007 4109 2093 4149 me
2123 4109 2246 4149 cum
2279 4092 2385 4148 ﬁde
2413 4096 2632 4160 veniat,
2667 4093 2978 4163 donumque
3011 4094 3197 4162 gratiae
3227 4091 3490 4148 eﬂlcacis-

1911 4185 2106 4239 simum
2135 4194 2298 4254 atque
2323 4184 2670 4240 utilissimum
2699 4183 3005 4239 exhauriat.
3033 4184 3493 4250 Quemadmodum

1911 4276 2055 4330 enim
2086 4292 2238 4346 aquae
2271 4277 2441 4330 virtus
2473 4283 2526 4330 et
2554 4279 2715 4336 actio,
2748 4284 2806 4329 ut
2833 4283 2888 4328 et
2919 4283 3076 4329 teme
3133 4273 3402 4341 aerisque,
3431 4286 3496 4325 ac

1911 4367 2331 4437 splendidissimi
2360 4366 2511 4432 solis,
2541 4366 2771 4436 simplex
2802 4366 2931 4420 licet
2958 4375 3122 4434 atque
3150 4379 3252 4417 una
3285 4364 3374 4428 sit,
3406 4378 3496 4414 va-

1913 4461 1994 4517 rie
2019 4469 2200 4516 tamen
2229 4468 2284 4515 et
2307 4460 2604 4516 secundum
2627 4473 2814 4514 earum
2838 4472 3018 4513 rerum
3040 4454 3354 4527 quaeipslus
3375 4470 3497 4522 par-

1919 4553 2111 4622 ticipes
2160 4559 2322 4619 sunt,
2373 4560 2622 4606 naturam
2676 4550 3013 4616 immutatur,
3063 4549 3233 4620 mque
3282 4548 3335 4601 in
3387 4546 3498 4601 vita

1918 4644 2133 4712 quidem
2173 4644 2379 4704 vinum.
2419 4643 2472 4697 in
2511 4642 2650 4697 oliva
2692 4642 2903 4708 oleum;
2941 4642 3014 4696 ita
3053 4654 3266 4711 quoque
3301 4639 3495 4707 gratia,

1910 4736 2158 4807 quamvis
2181 4737 2408 4806 simplex
2435 4745 2489 4791 et
2513 4752 2614 4790 una
2633 4736 2726 4805 sit,
2750 4735 2898 4789 varie
2926 4743 3105 4790 tamen
3126 4743 3178 4788 et
3197 4747 3294 4802 pro
3316 4730 3500 4784 unius-

1913 4828 2175 4899 cujusque
2199 4828 2433 4884 utilitate
2453 4869 2467 4893 ,
2492 4842 2584 4883 eos
2610 4843 2638 4882 a
2664 4827 2864 4897 quibus
2891 4825 3208 4896 percipitur.
3235 4820 3498 4877 beneﬁcio

1915 4919 2097 4976 allicit.
2126 4919 2236 4976 Nec
2265 4935 2394 4975 vero
2427 4921 2656 4991 gratiam
2691 4920 2830 4974 hanc
2860 4933 2888 4971 a
2924 4931 3040 4971 mea
3073 4925 3266 4970 natura
3301 4911 3495 4967 habeo.

1914 5008 2234 5078 Sepulcrum
2262 5024 2424 5064 omne
2450 5008 2625 5064 fetore
2655 5007 2868 5079 plenum
2897 5013 3002 5066 est.
3033 5001 3284 5058 maeroris
3311 5015 3496 5064 causa,

1921 5107 1975 5153 et
2003 5098 2206 5154 laetitiae
2236 5099 2430 5154 hostis.
2454 5097 2654 5153 Verum
2688 5096 2984 5167 pretiosum
3015 5101 3346 5165 unguentum
3376 5104 3498 5147 sus-

1922 5191 2071 5262 cepi,
2101 5207 2166 5247 ex
2196 5208 2306 5262 quo
2335 5191 2515 5248 suavis
2544 5191 2677 5246 odor
2705 5189 2834 5243 mihi
2869 5187 3177 5258 impertitus
3205 5194 3286 5242 est
3320 5203 3334 5241 :
3364 5184 3496 5240 hoc-

1921 5298 2028 5351 que
2068 5294 2396 5354 unguentum
2435 5297 2496 5338 ea
2535 5281 2798 5337 suavitate
2839 5289 3095 5350 tantaque
3129 5278 3179 5333 vi
3217 5277 3498 5348 praditum

1922 5383 2028 5442 est,
2056 5384 2114 5428 ut
2145 5373 2224 5428 vel
2258 5374 2447 5429 leviter
2477 5373 2774 5436 admonitu,
2809 5368 3040 5426 fructum
3071 5366 3336 5438 ejusmodi
3366 5366 3499 5421 alre-

1922 5474 2028 5530 rat,
2059 5462 2204 5535 quod
2237 5461 2438 5517 auferri
2473 5477 2579 5516 non
2616 5462 2810 5531 possit.
2845 5457 2974 5514 Sine
3007 5457 3323 5530 ptenitentia
3355 5456 3499 5512 enim

253 5567 372 5609 sunt
402 5558 579 5613 divina
611 5560 748 5613 dona
773 5557 840 5612 ".
871 5556 1063 5614 Gaudii
1101 5557 1303 5613 fontem
1335 5557 1568 5626 hOSpitio
1597 5558 1816 5629 excepi,
1856 5558 2218 5630 perennisque
2253 5553 2411 5625 huius
2445 5553 2792 5625 scaturiginis
2827 5551 3030 5610 divitiis
3066 5548 3247 5609 alliuo.

322 5740 370 5770 "
412 5739 515 5795 lsa.
547 5757 629 5805 ιτ,
662 5742 713 5796 1.
788 5740 838 5774 ’⁸
866 5741 1023 5800 Rom.
1057 5757 1114 5807 tt,
1144 5741 1237 5797 29.

329 5890 442 5960 (56)
481 5891 539 5946 ll.
573 5892 809 5963 Κυρίου.

559 6007 832 6072 Panos.
882 6010 997 6072 Gn.
1047 6011 1264 6078 XCVI.

2025 5889 2144 5963 (57)
2165 5885 2230 5946 Β.
2256 5888 2480 5963 φθορᾶς,

3095 5991 3180 6055 ἓῖδ
