4046 6414
555 397 651 461 731

1739 399 1797 457 S.
1838 399 2156 459 JOANNIS
2190 398 2615 461 DAMASCENI
3668 381 3758 441 ’ῖῖιέ

546 514 617 563 ita
648 510 889 578 affectus,
926 520 981 562 ut
1017 526 1131 563 cum
1170 510 1247 565 Itis
1272 525 1387 578 qua?
1411 510 1646 567 canebat.
1682 518 1952 579 copulatus
1979 509 2117 565 vide-

2222 529 2370 580 τητα
2415 512 2526 581 τῆς
2588 511 2909 582 θειιρχικῆς
2962 511 3315 576 εὐσθενείας
3339 508 3472 578 (60).
3544 505 3768 560 Πάντων

548 616 710 668 retur,
742 615 787 657 et
830 606 893 657 ab
922 604 1163 671 omnibus
1209 605 1297 667 qui
1349 606 1514 671 ipsum
1569 604 1852 657 audiebant
1894 614 1942 657 et
1978 605 2117 658 vide-

551 699 691 760 bant,
732 707 780 750 et
804 697 1017 765 quibus,
1044 697 1149 751 sive
1172 697 1463 760 notus,sire
1490 697 1698 766 ignotus
1721 706 1855 761 erat,
1886 694 2116 749 Numine

545 798 813 856 correptus
840 790 1148 859 divitiusque
1189 788 1342 853 plane
1386 788 1699 858 hymnorum
1731 801 1919 842 auctor
1938 805 2116 842 cense-

549 890 711 934 retur.
736 880 874 945 Quid
905 892 1073 933 autem
1109 881 1173 933 de
1212 878 1290 933 his
1319 896 1435 948 qua:
1455 881 1630 934 divine
1662 880 1773 932 illic
1805 881 1941 933 dicta
1973 890 2115 945 sunt,

550 974 618 1023 ad
656 981 704 1024 te
731 986 1015 1024 sermonem
1052 969 1292 1033 habeam,
1313 986 1431 1023 cum
1464 970 1571 1037 ipse
1606 971 1707 1023 nisi
1732 972 1829 1023 mei
1857 971 1967 1037 ipse
1983 970 2118 1024 obli—

551 1074 635 1117 tus
659 1079 796 1125 sum,
821 1062 1099 1115 nonnullas
1125 1064 1280 1116 etiam
1311 1062 1607 1115 divinorum
1630 1062 1840 1115 illorum
1871 1073 2119 1116 cantuum

548 1162 721 1218 partes
764 1167 900 1219 serpe
944 1169 975 1205 a
1026 1160 1073 1205 te
1108 1168 1187 1204 me
1220 1151 1483 1205 audivisse
1524 1153 1769 1206 noverim.
1813 1151 1905 1207 llis
1947 1154 2121 1222 impe-

553 1254 760 1297 ratores
812 1242 1030 1307 auditis,
1088 1243 1156 1296 ab
1195 1244 1606 1312 archiepiscopo
1650 1242 1892 1298 Juvenali
1950 1245 2119 1313 petie-

556 1340 701 1395 runt,
740 1343 985 1385 sanctum
1022 1332 1169 1385 illum
1206 1331 1441 1387 loculum
1498 1349 1599 1387 una
1647 1350 1768 1389 cum
1797 1336 2043 1404 gloriosae
2064 1344 2119 1391 et

551 1419 911 1473 sanctissima:
935 1419 1027 1474 Dei
1056 1421 1349 1475 Genitricis
1401 1424 1662 1491 vestibus,
1711 1439 1828 1494 quae
1861 1426 1999 1480 ineo
2026 1441 2120 1494 po-

551 1514 667 1565 sitat
695 1522 873 1575 erant,
910 1515 976 1566 ad
1012 1528 1070 1567 se
1102 1513 1260 1575 tnitti,
1296 1513 1470 1583 sigillo
1498 1518 1913 1572 communitum.
1947 1517 2117 1585 Quem

551 1624 674 1661 rum
728 1609 1085 1679 accepissent,
1146 1611 1197 1663 in
1243 1611 1542 1663 veneranda
1598 1609 1712 1663 aede
1761 1608 1974 1664 Sanctae
2029 1609 2119 1665 Dei

551 1700 764 1764 Matris,
806 1716 925 1770 qua:
959 1702 1009 1754 in
1070 1701 1385 1755 Blachernis
1438 1701 1538 1755 sita
1585 1710 1688 1765 est,
1731 1702 2114 1771 deposuerunt.

552 1794 727 1862 Atque
751 1793 819 1846 ita
851 1794 1067 1864 quidem
1104 1794 1215 1847 hzec
1246 1804 1393 1861 gesta
1435 1803 1577 1847 sunt.
1604 1812 1622 1845 ι

550 1885 735 1948 αὐτοῖς
778 1884 1163 1955 ἀποσταλῆναιο
1206 1885 1298 1938 κα)⁸
1341 1883 1546 1955 ταύτην
1599 1884 1998 1940 ἀποσταλεῖσαν
2066 1886 2359 1941 κατέθεντο
2400 1889 2461 1941 ὲν
2503 1888 2581 1959 τῷ
2649 1890 2707 1943 ὲν
2761 1889 3089 1961 Βλαχέρναις
3146 1885 3437 1958 δομηθέντι

550 1977 682 2046 οἴκῳ
736 1979 832 2045 τῆς
887 1978 1045 2045 ἁγίας
1082 1976 1368 2030 Θεοτόκου.
1404 1977 1512 2030 Καὶ
1549 1976 1721 2029 ταῦτα
1758 1978 1854 2047 μὲν
1890 1975 2083 2041 οὕτως.
2128 1996 2147 2030 ι

2218 602 2453 672 ἐκράτει
2502 603 2653 674 μετὰ
2706 604 2849 670 τοὺς
2894 604 3252 672 θεολόγοισς,
3309 600 3387 663 ὡς
3437 591 3768 657 οἷσθα,τώγ

2220 694 2427 749 ἄλλων
2459 694 2848 765 ἱερομυο-τῶν,
2879 695 3023 758 ὅλος
3060 689 3356 761 ἐκδημῶν,
3385 688 3527 751 ὅλος
3553 682 3769 748 ἐξιστά-

2214 803 2402 855 μενος
2429 786 2671 851 ἑαυτοῦ,
2702 787 2797 840 καί
2841 786 2955 854 τὴν
2988 784 3139 853 πρὸς
3175 785 3245 837 τὰ
3284 781 3625 850 ὑμνούμενα
3668 793 3770 828 κοι-

2220 879 2449 932 νωνίαν
2478 878 2757 947 πάσχων,
2786 878 2884 932 καὶ
2920 878 3068 946 πρὸς
3100 876 3363 936 πάντων,
3402 866 3491 925 ὧν
3516 868 3768 935 ἠκούετο,

2220 972 2319 1026 καί
2362 970 2601 1042 ἑωρᾶτο,
2636 971 2733 1025 καὶ
2777 969 3154 1040 ἐγινώσκετο,
3193 966 3290 1019 καὶ
3331 966 3443 1019 οὐκ
3480 961 3770 1030 ἐγίνωσκε,

2220 1067 2554 1132 θεόληπτος
2575 1061 2727 1119 εἶναι
2752 1064 2849 1117 καί
2874 1064 3029 1128 θεῖος
3060 1061 3397 1131 ὑμνολόγος
3424 1056 3769 1123 κρινόμενος.

2219 1158 2329 1212 Kal
2364 1158 2418 1210 τί
2452 1157 2529 1209 ἄν
2554 1174 2656 1211 σοι
2691 1155 2825 1224 περὶ
2865 1154 2983 1208 τῶν
3026 1152 3155 1207 ἐκεῖ
3190 1146 3666 1218 θεολογηθέντων
3690 1144 3773 1198 λέ-

2221 1265 2414 1319 γοιμιε
2447 1248 2548 1303 καὶ
2598 1250 2708 1317 γὰρ
2746 1251 2797 1302 ει
2819 1247 2905 1317 μὴ
2955 1247 3054 1300 καί
3103 1243 3321 1299 ἑαυτοῦ
3364 1237 3772 1305 ἐπιλέλησμαι,

2220 1340 2519 1407 πολλάκις
2560 1336 2695 1394 οἶδα
2722 1338 2883 1409 παρὰ
2913 1338 3029 1392 σοῦ
3070 1339 3167 1390 καὶ
3204 1334 3356 1405 μέρη
3388 1330 3524 1386 τινὰ
3556 1328 3667 1382 τῶν
3693 1330 3773 1381 ὲν-

2221 1431 2559 1485 θεαστικῶν
2616 1432 2869 1485 ἐκείνων
2926 1426 3240 1499 ὑμνωδιών
3282 1423 3631 1485 ἐπακούσας
3658 1418 3771 1487 (61).

2222 1523 2330 1576 Καὶ
2365 1521 2539 1575 ταῦτα
2579 1524 2629 1576 oi
2664 1522 2903 1591 βασιλεῖς
2954 1519 3309 1580 ἀκούσαντες,
3366 1515 3578 1586 ᾔτησαν
3634 1510 3772 1564 αὑτὸν

2220 1615 2311 1668 τὸν
2356 1614 2786 1686 ἀρχιεπίσκοπον
2835 1613 3184 1668 ἰουόενάλιον
3231 1610 3331 1679 τὴν
3368 1606 3535 1675 ἁγίαν
3585 1603 3774 1671 ἐκείνην

2224 1704 2380 1775 σορὸν
2417 1707 2556 1775 μετά
2587 1707 2695 1759 τῶν
2734 1707 2792 1760 ὲν
2830 1705 2970 1776 αὐτῇ
2998 1704 3097 1773 τῆς
3146 1699 3356 1766 ἐνδόξου
3399 1698 3498 1751 καὶ
3534 1691 3773 1761 παναγίας

2222 1792 2474 1849 θεοτόκου
2519 1796 2734 1868 Μαρίας
2788 1796 3017 1866 ἱματίων
3066 1791 3512 1865 βεϐουλλωμένην
3543 1784 3775 1854 ἀσφαλῶς

3522 1879 3775 1951 σεδασμίῳ

623 2071 709 2125 l9.
744 2070 878 2137 Quid
908 2088 1071 2142 porro
1105 2090 1201 2130 nos
1227 2074 1463 2127 vicissim
1523 2075 1588 2127 ad
1630 2074 1934 2143 sepulcrum
1967 2072 2117 2127 diee-

2295 2076 2380 2133 ιθ’.
2424 2079 2489 2132 Τί
2536 2080 2593 2133 δὲ
2641 2079 2777 2151 πρὸς
2817 2078 2909 2131 τὸν
2950 2077 3120 2146 τάφον
3168 2076 3328 2145 ἡμεῖς
3365 2071 3773 2140 ἀντιφήσοιμενς

554 2166 716 2219 ntus?
761 2164 873 2218 'l'ua
936 2166 1183 2234 equidem
1240 2168 1411 2234 gratia
1477 2167 1729 2232 perennis
1776 2177 1939 2236 atque
1972 2166 2122 2219 inde-

556 2258 741 2312 ficiens
768 2266 851 2312 est
886 2276 897 2310 :
928 2269 1181 2312 caeterum
1224 2259 1404 2313 divina
1448 2259 1530 2316 vis
1582 2260 1805 2315 minime
1852 2260 1984 2314 locis
2010 2258 2121 2314 eir-

551 2351 959 2419 cumscribilur,
1009 2368 1107 2407 nec
1152 2352 1342 2408 Matris
1390 2352 1653 2407 beneficia
1705 2353 1755 2405 in
1786 2351 1901 2406 solo
1931 2366 2122 2403 monu-

553 2450 734 2497 mento
765 2454 1192 2498 commorantur.
1233 2443 1363 2497 Nam
1395 2445 1439 2497 si
1486 2442 1737 2512 sepulcro
1788 2440 1905 2495 solo
1932 2440 2123 2494 deﬁni-

555 2544 759 2599 rentttr,
798 2535 953 2605 pauci
982 2535 1271 2591 admodum
1326 2534 1631 2605 Itujttsmodi
1669 2534 1813 2587 dono
1865 2533 2124 2588 divinitus

554 2627 943 2682 itnbueretttur.
988 2628 1149 2697 Atqui
1177 2628 1229 2681 in
1262 2628 1517 2684 omnibus
1567 2626 1715 2681 orbis
1755 2624 1949 2679 liuibus
1996 2623 2123 2677 illud

551 2732 610 2769 se
638 2717 857 2785 copiose
886 2714 1157 2771 diffundit.
1194 2718 1269 2771 Ac
1296 2717 1522 2787 proinde
1571 2729 1842 2777 curemus,
1880 2723 1933 2767 ut
1974 2726 2125 2767 mens

552 2808 917 2876 memoriaque
940 2818 1120 2862 nostra
1144 2808 1233 2862 Dei
1249 2808 1542 2863 Genitricis
1563 2807 1988 2877 promptuariutn
2011 2806 2122 2860 ﬁat.

555 2902 675 2964 Quo
697 2910 877 2955 autem
905 2909 1063 2969 pacto
1090 2900 1140 2953 id
1172 2901 1560 2969 assequemur?
1598 2899 1759 2967 Virgo
1796 2900 1908 2968 ipsa
1940 2908 2043 2964 est,
2072 2908 2126 2951 et

556 2991 821 3061 virginum
879 3006 1109 3046 amans:
1155 3001 1302 3045 casta
1355 3000 1460 3055 cst,
1515 3000 1569 3044 et
1621 2991 1887 3046 castitatis
1916 3004 2121 3044 amans.

555 3081 841 3147 Quocirca,
883 3082 927 3136 si
976 3097 1097 3136 cum
1154 3082 1420 3152 corporis,
1459 3091 1567 3135 tum
1628 3083 1790 3136 etiam
1852 3081 2127 3136 memoriae

554 3174 864 3230 castitatem
915 3174 1185 3240 colamus,
1246 3176 1472 3245 gratiam
1528 3174 1699 3245 ipsius
1743 3174 2123 3242 adipiscentur.

556 3260 751 3320 Lutum
776 3267 1045 3336 siquidem
1072 3281 1231 3322 omne
1259 3266 1415 3338 fugit,
1449 3282 1511 3323 ac
1540 3280 1790 3322 emnosss
1814 3266 2126 3322 all'ectiones

556 3368 811 3429 tanquam
843 3360 1113 3428 genimina
1147 3361 1479 3431 viperarum.
1525 3360 1813 3431 lugluvicm
1865 3374 2123 3416 exsecra-

2234 2168 2296 2223 Ἡ
2321 2171 2420 2239 μὲν
2441 2171 2506 2239 σὴ
2529 2172 2686 2243 χάρις
2708 2169 3003 2239 ἀνελλιπὴς
3022 2170 3116 2221 καὶ
3140 2170 3385 2229 ἁένναος,
3403 2164 3522 2218 ἀλλ’
3545 2164 3603 2216 οὑ
3615 2163 3776 2241 τόποις

2220 2261 2395 2332 ἡθεία
2422 2279 2485 2315 πε
2497 2262 2789 2333 ριορίζεται
2814 2260 3059 2330 δυνάμις,
3092 2258 3213 2312 οὐδὲ
3242 2259 3296 2311 αί
3326 2258 3423 2326 τῆς
3458 2254 3775 2323 Θεομήτορος

2222 2355 2548 2425 ὲνεργεσίαι·
2586 2356 2634 2408 εἰ
2667 2354 2776 2425 γάρ
2823 2354 2969 2425 μόνῳ
3004 2351 3083 2422 τῷ
3109 2350 3302 2422 τύμὸῳ
3336 2347 3772 2419 περιεγράφοντο,

2220 2447 2421 2515 ὀλίγοις
2454 2446 2519 2500 ἂν
2546 2447 2579 2516 ἠ
2608 2444 2789 2515 δωρεά
2812 2444 3165 2508 ὲπεθειάζετο
3190 2442 3321 2513 (62).
3348 2438 3466 2492 Νῦν
3495 2439 3553 2492 δὲ
3576 2439 3630 2490 ὲν
3659 2438 3774 2489 πᾶσι

2221 2536 2314 2591 τοῦ
2343 2538 2547 2608 κόσμου
2576 2539 2687 2600 τοῖς
2713 2536 2941 2606 πέρασιν
2962 2535 3207 2605 ἀφθόνως
3234 2530 3649 2601 διανεμέμηται.
3678 2528 3774 2598 Τὴν

2226 2630 2444 2701 μνήμην
2489 2628 2670 2681 τοίνυν
2713 2627 2810 2699 τὴν
2844 2628 3117 2699 ἡμετέραν
3151 2627 3373 2695 ταμεῖον
3402 2624 3505 2693 τῆς
3535 2621 3774 2674 Θεοτόκου

2222 2720 2741 2788 κατασκευάσωμεν.
2786 2719 2955 2772 Τοῦτο
3001 2718 3058 2771 δὲ
3102 2717 3256 2770 ἔσται
3302 2714 3464 2779 πῶς;
3523 2711 3774 2783 Παρθένος

2224 2811 2385 2882 αὕτη,
2426 2813 2521 2864 καὶ
2563 2811 2974 2882 φιλοπάρθενος·
3017 2807 3155 2879 ἁγνὴ
3188 2806 3429 2876 πέφυκεν
3481 2804 3618 2875 αὕτη
3643 2843 3657 2866 ,
3694 2804 3775 2855 καὶ

2225 2902 2500 2972 φίλαγνος.
2549 2904 2646 2955 Ἂν
2680 2898 2774 2956 οὖν
2806 2902 2904 2956 σὺν
2931 2899 3009 2971 τῷ
3043 2900 3254 2969 σώματι
3300 2899 3395 2952 καὶ
3426 2897 3531 2966 τὴν
3578 2898 3774 2967 μνήμην

2224 2994 2555 3063 ἀγνίσωμεν,
2607 2992 3000 3064 ὲνηυλισμένην
3031 2992 3131 3063 τὴν
3177 2990 3345 3060 αὐτῆς
3394 2990 3561 3059 χάριν
3600 2986 3777 3056 κτησό·

2227 3086 2385 3157 μεθα.
2428 3084 2621 3153 Φεύγει
2649 3084 2758 3157 γάρ
2808 3084 2923 3138 ἰλὺν
2953 3086 3195 3145 ἀπασαν,
3240 3081 3337 3134 καὶ
3373 3080 3442 3135 τά
3488 3076 3776 3150 βορὸορὼδη

2224 3176 2371 3247 πάθη
2409 3176 2757 3247 ἐκτρέπεται.
2802 3171 3251 3246 Γαστριμαργίαν
3290 3168 3662 3240 βδελύσσεται.
3694 3167 3777 3236 τῆς

2224 3268 2511 3339 αἰσχίστης
2552 3264 2807 3338 πορνείας
2846 3265 3121 3337 ἐχθραίνει
3153 3265 3266 3327 τοῖς
3314 3262 3554 3316 πάθεσιο
3595 3259 3777 3330 ταύτης

2225 3360 2352 3423 τοὺς
2382 3360 2661 3431 μυσαροῦς
2697 3358 2989 3428 λογισμοὺς
3022 3358 3098 3421 ὡς
3126 3354 3348 3426 ἐχιδνῶν
3379 3352 3578 3423 φεύγει
3609 3352 3778 3421 γεννήο

556 3460 667 3515 tur,
729 3448 1049 3506 fmdissintae
1104 3451 1453 3505 scortationis
1512 3453 1660 3505 vitiis
1723 3452 1930 3506 ittl’ensa
1994 3457 2120 3505 est:

2230 3422 2397 3523 uasa:
2430 3422 2621 3519 λόγους
2641 3422 2909 3520 ⁷αἰσχροός
2943 3464 3003 3502 τε
3037 3448 3127 3502 καὶ
3156 3422 3536 3518 εὐτραπέλους
3564 3444 3778 3499 ἀπωθεῖ-

557 3548 743 3609 turpes
801 3553 1082 3595 sermones
1124 3548 1177 3595 et
1223 3551 1415 3596 cantus
1475 3542 1762 3612 prapellit;
1816 3541 2124 3598 meretricia

557 3642 828 3702 unguenta
860 3631 1077 3703 reiicit:
1114 3634 1208 3688 ira!
1250 3645 1515 3689 tumorem
1567 3636 1721 3690 odit:
1756 3636 2124 3690 inhumanita-

558 3734 687 3789 tem,
718 3722 1000 3791 invidiam,
1023 3734 1077 3778 et
1105 3725 1409 3782 simultates
1445 3740 1549 3779 non
1593 3726 1869 3781 admittit:
1909 3727 2123 3782 inanem

556 3812 782 3881 gloriam
819 3814 984 3869 variis
1013 3830 1073 3869 se
1105 3815 1377 3870 laboribus
1439 3815 1774 3887 frangentem
1805 3827 2121 3873 aversatur:

554 3905 819 3976 superbia:
852 3904 1013 3962 lastul
1055 3907 1237 3962 hostili
1280 3906 1462 3961 animo
1513 3907 1755 3963 resistit:
1803 3909 2123 3979 iujuriarum

555 3996 982 4052 recordationem
1031 4000 1287 4054 exhorret
1325 3999 1400 4052 uti
1472 3998 1663 4055 salutis
1713 4001 2118 4056 adversariam:

557 4086 745 4141 vitium
796 4087 1030 4158 denique
1086 4103 1247 4143 omne
1307 4099 1562 4157 tanquam
1608 4089 1804 4145 letltale
1861 4107 2121 4147 venenum

554 4186 812 4245 reputat:
840 4178 1032 4233 horum
1076 4191 1256 4236 autem
1292 4181 1583 4236 contrariis
1623 4181 1943 4237 delectatur.
1977 4184 2122 4238 Con-

554 4270 720 4323 traria
752 4271 893 4325 enint
923 4272 1322 4327 contrariorum
1366 4275 1759 4329 medicamenta
1803 4285 1947 4333 snnt.
1973 4274 2123 4346 Jeju-

555 4360 670 4423 nio,
708 4362 1068 4426 continentia,
1102 4362 1432 4432 psalmorum
1460 4365 1711 4419 cantibus
1731 4365 1927 4437 gaudet
1956 4384 1971 4420 :
1999 4381 2121 4421 cum

552 4450 808 4518 puritate,
838 4451 1169 4522 virginitate.
1195 4463 1250 4509 et
1280 4455 1536 4523 pudicitia
1560 4456 1635 4512 illi
1660 4457 1884 4527 pulchre
1921 4472 2122 4514 conve-

553 4543 655 4605 nit,
682 4557 1078 4614 perennemque
1099 4561 1224 4599 cum
1248 4545 1356 4600 illis
1385 4560 1575 4614 pacem
1608 4548 1761 4611 colit,
1806 4558 1859 4603 et
1886 4549 2122 4605 humane

551 4644 646 4685 eas
665 4639 715 4685 et
749 4632 977 4687 comiter
1009 4634 1376 4689 exosculatur.
1416 4635 1637 4699 Pacem,
1690 4647 1745 4693 et
1796 4639 1960 4693 animi
1988 4639 2123 4695 leni-

555 4732 718 4777 tatem
743 4721 1124 4792 complectitur
1150 4740 1166 4781 :
1198 4726 1545 4790 cbaritatem,
1584 4728 2036 4793 misericordiam,
2064 4739 2120 4785 et

550 4813 973 4880 humanitatem,
1006 4825 1262 4886 tanquam
1309 4817 1557 4874 alumnas
1598 4834 1749 4881 suas,
1775 4820 1920 4876 ulnis
1951 4820 2114 4877 fovet.

548 4905 747 4975 Atque,
783 4915 841 4961 ut
871 4922 981 4961 rem
1039 4910 1225 4977 paucis
1260 4910 1645 4981 perstringam.
1696 4912 1942 4981 quolibet
1986 4913 2120 4967 vitio

550 4998 769 5053 tristitia
802 4997 1035 5055 aﬂlcitur
1060 5011 1117 5055 et
1149 5000 1491 5071 indignatur;
1524 5003 1761 5073 qualibet
1782 5004 2006 5069 virtute,
2030 5006 2107 5060 uti

551 5091 769 5159 proprio
800 5106 899 5147 suo
931 5106 1178 5160 munere,
1202 5093 1461 5168 “letatur.
1492 5095 1859 5162 Quamobrem
1899 5097 1941 5150 si
1988 5099 2117 5153 vitia

545 5178 713 5234 alacri
738 5183 924 5236 animo
955 5184 1206 5248 vitemus,
1254 5195 1309 5241 et
1339 5186 1569 5241 virtutes
1606 5188 1752 5240 omni
1786 5189 1967 5241 studio
1997 5203 2117 5258 per-

542 5284 855 5336 sequamur,
889 5288 1090 5345 easque
1122 5277 1301 5333 socias
1332 5277 1705 5342 adltilteatttus,
1727 5276 1977 5348 frequens
2005 5279 2115 5348 ipsa

547 5352 612 5407 ad
645 5352 875 5413 famulos
905 5376 1034 5417 suos
1065 5365 1269 5431 veniet,
1325 5374 1382 5421 et
1434 5380 1619 5423 “cum
1654 5366 1919 5421 bonorum
1948 5368 2114 5438 882

546 5448 787 5502 omnium
821 5466 1013 5521 agmen
1049 5457 1247 5521 trahet,
1280 5456 1668 5528 Christumque
1708 5457 1904 5513 Filium
1932 5474 2112 5525 suum,

542 5551 595 5591 et
624 5542 867 5597 omnium
898 5542 1096 5615 Regem
1126 5562 1190 5602 ac
1230 5547 1539 5615 Dominum,
1575 5565 1680 5604 una
1725 5559 1988 5615 assumet.
2020 5551 2112 5622 qui

541 5677 857 5811 “30:81::
887 5678 1041 5734 Colb.
1078 5679 1262 5738 Germ.
1316 5685 1392 5742 sic
1435 5687 1563 5757 legit
1598 5685 1955 5759 Lipomanus,
2002 5702 2110 5743 non

612 5819 725 5883 (61)
766 5819 985 5888 Dionys.
1037 5824 1262 5893 Areop.,
1310 5823 1385 5880 De
1423 5826 1586 5881 dit-in.
1628 5843 1767 5885 nam.
1804 5844 1927 5897 esp.
1962 5825 2017 5895 5,
2059 5829 2111 5883 in

2222 3543 2449 3600 “Luat
2493 3540 2936 3615 ᾀσματαο.μῦρα
2972 3536 3207 3611 πορνικά
3254 3536 3606 3615 ἀποσείεται·
3650 3535 3779 3605 μισεῖ

2227 3636 2399 3708 θυμοῦ
2441 3634 2509 3690 τὰ
2542 3634 2843 3704 οἰδήματα,
2904 3628 3300 3701 ἀπανθρωπίαν
3356 3628 3451 3684 καὶ
3508 3626 3683 3699 ἐριδας
3723 3625 3775 3679 οὐ

2226 3728 2528 3798 προσίεται·
2574 3722 2884 3789 κενοδοξίαν
2920 3721 3019 3792 τὴν
3068 3720 3426 3792 ματαιόπονον
3461 3716 3778 3787 ἀποστρέφε-

2224 3836 2333 3872 ταιο
2354 3819 2502 3890 ὄγκῳ
2520 3816 2896 3890 ὑπερηφανίας
2917 3812 3202 3886 ἐχθρωδῶς
3228 3811 3630 3867 ἀντιτάσσεται·
3655 3824 3775 3877 μνη-

2226 3911 2481 3965 σικακίαν
2516 3911 2683 3982 μισεῖ,
2714 3908 2811 3979 τὴν
2841 3905 3115 3977 σωτηρίας
3141 3902 3456 3959 ἀντίπαλον·
3491 3903 3668 3955 πᾶσαν
3693 3914 3776 3951 κα·

2225 4004 2348 4057 κίαν
2371 4002 2446 4066 ὡς
2476 4004 2552 4055 ἰον
2575 4000 2949 4069 θανατηφόρον
2979 3994 3277 4065 λογίζεται,
3306 3993 3516 4047 τούτων
3537 3992 3593 4046 δὲ
3616 3989 3774 4060 χαίρει

2222 4097 2335 4159 τοῖς
2397 4093 2676 4154 ἐναντίοις,
2749 4092 2829 4146 Τά
2897 4090 3007 4161 γάρ
3082 4088 3299 4142 ἐναντία
3360 4084 3470 4139 τῶν
3540 4081 3773 4138 ἐναντίων

2226 4187 2448 4257 ίάματα.
2478 4185 2742 4256 Νηστεία,
2763 4184 2858 4238 καὶ
2885 4183 3202 4254 ἐγκρατείᾳ,
3231 4181 3327 4237 καὶ
3358 4179 3652 4250 ψαλμικοῖς
3672 4176 3775 4227 ἔπι-

2220 4277 2481 4348 τέρπεται
2504 4275 2741 4347 ᾅσμασιν
2760 4290 2774 4305 ο
2795 4272 3008 4343 ἁγνείᾳ,
3037 4271 3133 4325 καὶ
3158 4269 3449 4341 παρθενίᾳ,
3471 4267 3569 4321 καὶ
3591 4278 3775 4334 σωφρο⁹

2222 4367 2358 4439 σύνῃ
2406 4365 2762 4437 συγγήθεται.
2816 4362 2929 4419 Καὶ
2971 4362 3107 4434 πρὸς
3147 4360 3351 4425 ταύτας
3400 4362 3622 4430 εἰρήνην
3666 4356 3771 4422 sm

2222 4460 2468 4520 ἀένναον.
2493 4458 2586 4511 καὶ
2614 4455 2952 4527 φιλοφρόνως
2977 4454 3181 4516 ταύτας
3208 4451 3535 4515 ἀσπάζεται.
3558 4448 3771 4519 Εἰρήνην

2220 4552 2316 4606 καὶ
2364 4552 2539 4621 πρᾶον
2584 4547 3014 4620 περιπτύσσεται
3060 4546 3346 4616 φρόνημα,
3389 4542 3642 4611 ἀγάπην,
3691 4536 3771 4588 καὶ

2220 4645 2390 4706 ἔλεον,
2424 4642 2518 4696 κα)⁵
2543 4641 2871 4696 ταπείνωσιν
2896 4639 2968 4703 ὼς
3001 4638 3209 4702 οἰκείας
3241 4637 3473 4709 τροφοὺς
3503 4629 3770 4703 ἀγκαλίζεο

2147 4754 2331 4821 orat.
2381 4734 2490 4789 Καὶ
2541 4732 2825 4787 συνελόντα
2870 4732 3067 4800 φάναι,
3106 4729 3201 4783 ἐπὶ
3238 4730 3398 4821 ,πάσῃ
3450 4725 3549 4821 μὲν
3602 4721 3766 4821 κακίξν

2224 4825 2499 4897 κατηφείᾳ
2531 4823 2985 4894 δυσχεραίνουσα,
3029 4822 3179 4891 πάσῃ
3203 4820 3259 4873 δὲ
3297 4820 3465 4889 ἀρετῇ
3505 4816 3578 4879 ὡς
3607 4810 3767 4879 οἰκείῳ

2218 4916 2516 4987 χαρίσματι
2546 4911 2931 4981 ὲπαγάλλεται.
2964 4911 3026 4965 Ei
3066 4906 3159 4963 οὖν
3200 4909 3299 4973 τὰς
3334 4906 3599 4977 προτέρας
3627 4898 3766 4955 ἐκθύ-

2218 5026 2335 5078 μως
2364 5008 2563 5071 κακίας
2588 5005 2949 5075 ὲκκλίνωμεν,
2978 5004 3076 5066 τὰς
3095 5002 3151 5056 δὲ
3175 5002 3375 5072 ἀρετὰς
3404 4999 3553 5069 πάσῃ
3584 4991 3763 5060 σπουδῇ

2214 5099 2629 5169 ἀγαπήσωμεν,
2680 5098 2773 5151 καὶ
2808 5098 3014 5159 ταύτας
3066 5092 3384 5163 συνομίλους
3427 5082 3763 5158 κτησώμεθα.

2215 5189 2419 5259 θαμινά
2471 5189 2605 5261 πρὸς
2642 5188 2769 5251 τοὺς
2813 5188 3047 5249 οἰκείους
3086 5187 3302 5248 οἰκέτας
3348 5181 3649 5240 ἐλεύσεται,
3678 5173 3769 5243 τὴν

2223 5279 2483 5334 ἀπάντων
2522 5278 2631 5332 τῶν
2659 5275 2880 5347 ἀγαθῶν
2910 5278 3007 5331 σὺν
3036 5277 3175 5347 αὐτῇ
3209 5270 3545 5345 ἐφελκομένη
3577 5266 3763 5337 ὁμήγυ·

2226 5386 2329 5439 ριν,
2362 5370 2456 5423 καὶ
2488 5367 2722 5441 Χριστὸν
2748 5367 2839 5419 τὸν
2868 5365 3039 5435 αὐτῆς
3067 5365 3194 5418 Υίὺν
3216 5404 3231 5430 ,
3261 5364 3355 5418 καὶ
3385 5360 3493 5415 τῶν
3530 5354 3761 5412 ἁπάντων

2223 5460 2459 5515 Βασιλέα
2486 5460 2578 5513 καὶ
2607 5460 2810 5530 Κύριον
2841 5457 3150 5511 ἐνοικοῦντα
3180 5457 3298 5518 ταῖς
3320 5453 3612 5527 ἡμετέραις
3639 5460 3759 5515 καρ-

2220 5550 2359 5615 δίαις
2388 5550 2903 5622 συμπαραληψεται·
2930 5543 2975 5617 ᾧ
3003 5548 3148 5617 δόξα,
3182 5547 3338 5620 τιμὴ,
3367 5546 3580 5618 κράτος,
3608 5552 3759 5611 μεγα-

2214 5690 2459 5759 qquista
2478 5685 2827 5759 simpliciora.

2288 5756 2399 5829 (62)
2430 5757 2495 5814 R.
2525 5755 2941 5829 ὲπεχωριὰζετο.
