4046 6418
396 443 505 506 753

1194 451 1524 516 HOMILIA
1565 456 1658 517 ΙΙΙ
1700 458 1779 518 ΙΝ
1820 459 2360 526 DORMITIONEM
2397 469 2464 528 B.
2494 470 2560 529 V.
2594 469 2882 535 MARLE.

3542 440 3646 515 7st

383 552 586 626 λοσῦνη
620 571 679 608 τε
713 554 807 610 καὶ
836 557 1306 631 μεγαλοπρέπεια,
1348 565 1446 618 σὺν
1492 565 1572 634 τῷ
1604 565 1827 636 ἀνάρχῳ
1855 569 1954 622 Παι

2074 571 2130 626 in
2155 574 2419 629 cordibus
2454 577 2656 631 nostris
2685 575 2892 631 habitet
2918 593 2934 642 ;
2959 574 3044 631 cui
3095 588 3218 630 cum
3259 569 3420 626 Patre
3443 579 3496 623 ct
3523 583 3652 623 san-

382 648 499 717 τρὶ,
521 648 616 700 καὶ
637 646 715 717 τῷ
741 647 882 720 ἁγιῳ
913 650 1211 721 Πνεύματι,
1234 652 1330 706 νῦν
1359 654 1452 708 καὶ
1475 654 1583 721 ἀεὶ,
1615 659 1710 711 καὶ
1739 661 1816 723 εἰς
1839 665 1966 723 τοὺς

382 731 593 797 αιῶνας
627 733 735 788 τῶν
774 735 1005 791 αἰώνων.
1059 739 1254 811 Ἀμήν.

1145 945 1204 1000 I'.

388 1043 506 1100 Τοῦ
554 1047 745 1102 αὐτοῦ
775 1051 956 1138 λόγος
985 1055 1194 1138 ,τρίετες
1235 1059 1323 1138 sic
1365 1059 1809 1138 thr__xolpna'tr
1855 1067 1964 1138 τῆς

772 1124 1071 1191 arar-ariae
1109 1128 1402 1184 Θεοτόκου
1426 1124 1573 1203 ’(65).

455 1236 526 1284 α’.
558 1231 718 1296 Ἐθος
750 1234 867 1287 ἐστὶ
892 1237 1002 1298 τοῖς
1033 1237 1315 1307 ἐρωτικῶς
1342 1243 1480 1314 πρός
1498 1263 1550 1298 τι
1575 1245 1959 1318 διακειμένοις,

381 1319 480 1372 ἐπὶ
516 1321 769 1414 γλώσσης
812 1327 900 1378 ἀεὶ
929 1326 1086 1381 τοῦτο
1115 1330 1304 1400 φέρειν
1325 1372 1341 1397 ,
1375 1335 1469 1388 καὶ⁴
1498 1335 1577 1406 τῷ
1607 1338 1703 1410 νῷ,
1746 1341 1961 1414 νύκτωρ

381 1425 447 1499 τε
483 1410 578 1464 καὶ
607 1412 725 1483 μεθ’
751 1416 964 1486 ἡμέραν
989 1420 1377 1486 φαντάζεσθαι.
1408 1426 1497 1497 Μή
1536 1427 1605 1499 μέ
1641 1446 1726 1494 τις
1752 1427 1844 1485 οὖν
1872 1410 1962 1486 εὑλ

383 1498 610 1596 θυνέτω,
640 1507 688 1558 si
718 1508 901 1575 τρίτον
932 1511 1023 1564 ἐπὶ
1050 1513 1167 1576 τοῖς
1195 1498 1676 1586 προλαϐοῦσιδυσὶ
1699 1522 1760 1576 τὸ
1787 1525 1961 1596 παρὸν

384 1591 1017 1688 ἐποιηαάμηνέφύμνιον
1039 1605 1102 1674 τῇ
1133 1605 1320 1678 Μητρὶ
1341 1607 1436 1662 τοῦ
1459 1608 1594 1664 Θεοῦ
1621 1630 1745 1682 μου,
1771 1591 1960 1688 ὥσπερ

381 1699 437 1736 τι
484 1683 654 1753 δῶρον
701 1687 922 1751 ἐξόδιον·
968 1693 1028 1744 ού
1075 1695 1185 1766 γὰρ
1235 1697 1372 1770 αὐτῇ
1411 1702 1788 1774 χαριζόμενος,
1844 1683 1961 1763 ἀλλ’

383 1775 607 1871 ἐμαυτῷ
639 1778 871 1871 καὶτοῖς
923 1784 1191 1854 παροῦσιν
1223 1788 1374 1858 ὑμῖν,
1421 1785 1466 1845 ὦ
1496 1793 1636 1847 θεῖον
1677 1800 1774 1852 καὶ
1817 1799 1960 1871 ἱερὸν

383 1867 658 1964 σύστημα,
687 1869 816 1939 ὕψον
837 1871 1161 1945 ψυχωφελὲς
1183 1881 1276 1933 καὶ
1303 1885 1568 1954 σωτήριον
1595 1867 1958 1964 προτιθεὶς-τῇ

2064 663 2312 720 stissimo
2341 663 2568 733 Spiritu,
2599 666 2796 738 gloria,
2828 667 3024 732 honor,
3056 673 3319 736 potestas,
3357 661 3638 732 maiestas,

2065 763 2124 810 et
2161 756 2588 826 magniﬁcentia,
2622 773 2767 815 nunc
2797 768 2852 814 et
2881 772 3116 830 semper,
3149 767 3202 812 et
3233 757 3287 811 in
3317 755 3511 810 saecula
3541 768 3644 808 sae-

2066 848 2332 904 culorum.
2364 849 2560 905 Amen.

2829 965 2899 1021 Χ.

2067 1076 2320 1149 Ejusdem
2351 1081 2523 1136 oratio
2569 1080 2728 1135 tertia
2769 1081 2826 1149 in
2873 1080 3245 1134 dormitionem
3294 1075 3644 1132 sanctissime

2629 1149 2728 1205 Dei
2777 1148 3078 1206 Genitricis.
3102 1219 3107 1223 ι

2137 1261 2188 1316 i.
2221 1262 2421 1318 Eorum
2445 1263 2536 1333 qui
2568 1263 2646 1317 rei
2701 1261 2934 1333 alicujus
2990 1275 3177 1317 amore
3224 1260 3477 1332 ﬂagrant,
3526 1257 3654 1345 haec:

2066 1356 2398 1408 consuetudo
2427 1365 2534 1420 est,
2569 1364 2628 1408 ut
2651 1353 2783 1408 illud
2809 1354 2864 1408 in
2921 1367 3018 1407 ore
3076 1364 3132 1407 et
3175 1361 3354 1406 mente
3379 1359 3652 1420 perpetuo,

2067 1444 2262 1510 ferant,
2291 1447 2449 1515 idque
2476 1457 2634 1501 noctu
2661 1448 2860 1518 diuque
2882 1447 2982 1502 sibi
3011 1451 3423 1515 repraesentent.
3448 1440 3523 1497 Ne
3553 1440 3654 1508 me;

2066 1535 2232 1606 igitur
2267 1538 2532 1606 quispiam
2570 1539 2886 1610 redargnat,
2941 1539 2985 1593 si
3021 1546 3144 1608 post
3174 1535 3312 1591 duos
3343 1549 3477 1606 quos
3513 1529 3654 1603 pro-7

2066 1627 2308 1681 nnutiavi
2337 1627 2669 1683 laudatorios
2690 1645 2991 1695 sermones,
3015 1629 3233 1685 tertium
3259 1627 3404 1680 hunc
3424 1618 3653 1696 quoque

2073 1715 2324 1783 habeam,
2353 1731 2512 1786 quem
2543 1719 2634 1773 Dei
2665 1720 2768 1774 mei
2804 1717 2960 1774 Matri
3015 1730 3274 1788 tanquam
3326 1731 3523 1771 munus
3571 1716 3640 1769 ob

2064 1804 2182 1875 ejus
2209 1820 2492 1861 excessum
2527 1807 2802 1863 deferam:
2857 1825 2961 1864 non
2995 1820 3055 1864 ut
3105 1808 3181 1863 illi
3214 1805 3405 1878 gratim
3435 1804 3638 1873 aliquid

2066 1910 2130 1950 ex
2163 1913 2247 1952 me
2272 1899 2503 1963 accidat,
2529 1901 2622 1954 sed
2656 1901 2786 1955 mihi
2823 1901 3026 1970 potius,
3078 1899 3339 1969 vobisque
3379 1897 3470 1967 qui
3506 1897 3640 1950 ade-

379 1958 514 2057 ispg
538 1958 708 2057 ταύτῃ
739 1964 894 2057 νυκτὶ.
931 1968 1288 2040 κατάλληλον,
1321 1974 1418 2026 καὶ
1458 1955 1830 2051 πνευματικὴν
1871 1955 1954 2036 Ou:

2066 1989 2184 2055 stis,
2218 2003 2252 2044 ο
2287 1989 2472 2044 divine
2501 1999 2558 2044 et
2585 2006 2740 2046 sacer
2766 2003 2960 2057 ctetus,
3009 1991 3143 2046 utile
3180 1991 3377 2044 animis
3407 1994 3464 2043 et
3488 1986 3639 2042 salu-

379 2049 580 2119 μηδίαν
619 2052 1083 2127 ἐμπορευόμενος.
1125 2062 1312 2135 Σπάνη
1359 2065 1470 2136 (64)
1518 2068 1626 2140 γὰρ
1658 2049 1839 2142 ἡμᾶς,
1887 2075 1963 2140 ὡς

376 2142 568 2210 ὁρᾶτε,
606 2146 922 2217 κατειλήφει
961 2150 1070 2204 τῶν
1112 2151 1406 2224 ἐδωδίμων.
1452 2157 1542 2214 Διὸ
1588 2159 1651 2232 δὴ
1700 2165 1962 2234 σχεδιάζω

374 2234 479 2334 την
512 2236 858 2334 πανδαισίαν,
901 2241 949 2294 si
982 2243 1078 2296 καὶ
1126 2245 1204 2316 μὴ
1249 2247 1574 2318 πολυτελῶς,
1621 2255 1755 2324 μηδέ
1795 2257 1961 2324 ἀξίως

372 2413 682 2507 δυναμένην
705 2437 854 2492 παρα
863 2422 1233 2493 μυθήσασθαι.
1259 2429 1333 2482 Οὐ
1357 2429 1464 2502 γὰρ
1487 2433 1626 2502 αὓτη
1650 2434 1759 2489 τῶν
1785 2437 1962 2507 ἐγκωο

377 2505 521 2601 [situs
550 2510 816 2601 προσδεὴς
847 2513 955 2568 τῶν
986 2517 1116 2588 παρ’
1145 2519 1304 2588 ἡμῶν
1322 2561 1338 2586 ,
1369 2521 1483 2576 ἀλλ’
1511 2526 1675 2594 ἡμεῖς
1699 2527 1799 2598 τῆς
1827 2505 1960 2601 παρ’

373 2597 548 2688 αὐτῆς
581 2599 740 2672 δόξης
767 2603 1025 2670 ἐπιδεεῖς.
1052 2609 1125 2662 Τὸ
1156 2610 1266 2682 γὰρ
1294 2612 1684 2688 δεδοξασμένον
1722 2597 1839 2686 πῶς
1871 2597 1956 2677 δο-

374 2687 746 2785 ξασθήσεταις
782 2695 844 2748 Ἦ
868 2698 1020 2770 πηγή
1043 2701 1139 2754 τοῦ
1163 2703 1362 2772 φωτός,
1391 2706 1508 2771 πῶς
1531 2711 1954 2785 φωτισθήσεται;

387 2783 535 2876 Ἀλλ’
551 2786 688 2876 Ᾱημτν
711 2790 914 2856 αὐτοῖς,
935 2790 1003 2846 δι’
1022 2787 1097 2847 ὧν
1116 2795 1355 2868 δρῶμεν,
1378 2799 1648 2871 πλέκομεν
1673 2783 1956 2876 στέφανον.

372 2871 470 2927 Ζῶ
644 2877 776 2948 ἐγὼ,
805 2879 967 2951 λέγει
994 2885 1231 2954 Κύριος,
1275 2889 1376 2942 καὶ
1420 2891 1566 2958 τοὺς
1598 2871 1958 2966 δοξάζοντάς

367 2980 448 3033 με
479 2965 738 3030 δοξάσω.
787 2969 916 3025 Ἡδὺ
947 2973 1047 3042 μὲν
1091 2975 1202 3048 γὰρ
1237 2977 1426 3045 ὅντως,
1459 2981 1558 3052 ἡδὺ
1599 2984 1763 3038 ποτδν
1789 2965 1953 3053 οἶνος,

373 3058 470 3110 καὶ
499 3059 763 3148 τρόφιμον
794 3061 956 3134 ἄρτος
985 3067 1064 3130 εἰς
1095 3066 1296 3138 βρῶσιν
1323 3069 1456 3141 (65).
1503 3073 1562 3127 '0
1597 3073 1696 3144 μὲν
1725 3076 1832 3148 γὰρ
1866 3077 1956 3130 εὐ-

371 3145 623 3216 φραίνει,
659 3150 686 3202 ό
723 3149 779 3204 δέ
810 3151 1036 3224 καρδίαν
1063 3156 1352 3229 ἀνθρώπου
1382 3161 1648 3232 στηρίξει.
1703 3145 1862 3221 Ἀλλὰ
1901 3167 1954 3219 τί

2067 2088 2203 2143 tare,
2266 2093 2330 2134 ac
2377 2091 2739 2136 sacrosancta:
2783 2081 2974 2137 liuicce
3030 2081 3176 2136 nocti
3229 2077 3636 2134 accommodum

2061 2166 2350 2224 obsonium
2409 2184 2678 2241 apponam
2717 2209 2733 2237 ,
2783 2170 3191 2242 spirituaiisque
3257 2168 3640 2224 obieetationis

2061 2257 2269 2312 lucrum
2299 2258 2544 2314 aﬂ‘eram.
2578 2260 2992 2318 Esculenlorum
3018 2263 3220 2332 quippe
3249 2275 3368 2323 nos,
3399 2269 3458 2314 ut
3487 2259 3638 2313 vide-

2064 2349 2153 2413 tis,
2182 2349 2363 2419 inopia
2393 2352 2558 2421 cepit.
2611 2351 2978 2418 Quamobrem
3025 2351 3335 2407 convivium
3366 2347 3518 2405 vobis
3544 2364 3638 2405 ex-

2061 2446 2470 2512 temporaneum
2502 2454 2654 2511 paro,
2688 2441 2832 2512 quod
2865 2441 2992 2496 licet
3044 2455 3145 2496 nec
3193 2439 3637 2495 munificentissi-

2061 2547 2206 2585 nnnu
2238 2535 2331 2598 sit,
2363 2547 2462 2588 nec
2491 2547 2554 2588 ea
2579 2535 2798 2605 dignutn
2829 2549 2948 2604 qua:
2965 2547 3064 2589 nos
3096 2531 3368 2599 invitavit,
3394 2539 3637 2587 attamen

2061 2621 2257 2679 famem
2293 2624 2604 2680 necessario
2629 2639 2976 2695 compescere
3013 2625 3234 2695 poterit.
3275 2623 3462 2694 Neque
3487 2624 3635 2680 enim

2059 2712 2172 2784 ipsa
2220 2713 2468 2768 laudibus
2503 2715 2705 2770 nostris
2755 2714 3008 2786 indiget:
3063 2729 3255 2770 verum
3309 2728 3410 2770 nos
3461 2712 3636 2785 gloria

2056 2822 2177 2878 quas
2201 2822 2266 2863 ex
2291 2807 2380 2862 illa
2406 2806 2542 2876 fluit,
2569 2821 2812 2878 egemus.
2840 2806 2976 2862 Nam
3024 2807 3168 2878 quod
3198 2805 3309 2873 jam
3345 2815 3430 2862 est
3463 2805 3632 2876 gloria

2057 2899 2416 2965 cumulatum,
2454 2912 2690 2968 quanam
2724 2899 2893 2969 gloria
2921 2898 3249 2969 augebitur:
3295 2912 3362 2953 ac
3409 2897 3634 2953 iumin's

2057 2991 2199 3056 fons,
2231 3005 2466 3059 quonam
2502 3001 2662 3061 pacto
2691 2989 3133 3045 iilutninabitur?
3179 2987 3348 3045 Nobis
3383 3001 3514 3044 vero
3540 3001 3638 3055 per

2055 3096 2118 3137 ea
2149 3096 2269 3150 quae
2299 3083 2532 3152 agimus,
2568 3080 2807 3138 corollas
2839 3080 3108 3136 nectimus
3135 3097 3150 3135 :
3190 3077 3313 3134 Vivo
3354 3077 3489 3132 enim
3519 3092 3634 3147 ego,

2057 3174 2134 3227 ait
2163 3171 2443 3238 Dominus,
2493 3172 2620 3243 quia
2680 3170 3046 3242 gloriﬁcantes
3107 3185 3188 3224 me
3231 3168 3540 3240 gloriﬁcabo
3563 3169 3632 3221 ⁸⁷.

367 3234 472 3338 τῆς
510 3237 732 3349 ιξητρδς
763 3241 859 3295 τοῦ
902 3243 1038 3298 Θεοῦ
1088 3263 1191 3316 μου
1220 3249 1508 3323 ἡδύτερονς
1549 3256 1695 3327 Αὕτη
1734 3275 1836 3328 μου
1861 3258 1954 3312 τὸν

2058 3263 2199 3320 Vere
2223 3265 2442 3334 quidem
2471 3264 2678 3330 suavis,
2720 3263 2927 3328 suavis,
2962 3263 3208 3332 inquam,
3253 3271 3414 3332 potus
3438 3269 3524 3316 est
3552 3258 3636 3313 vi-

368 3327 495 3420 νούν
523 3322 668 3382 εἶλεν
696 3333 1064 3403 αἰχμάλωτον·
1089 3339 1190 3409 τὴν
1225 3322 1476 3409 γλῶσσαν
1507 3345 1643 3418 αὕτη
1676 3322 1949 3420 ἐλνηῖσατοο

365 3417 572 3490 ταύτην
603 3421 751 3495 ὕπαρ
777 3441 839 3478 τε
873 3429 968 3480 καὶ
997 3429 1130 3502 ὄναρ
1159 3434 1526 3506 φαντάζομαι.
1553 3417 1701 3510 Αὕτη
1729 3417 1822 3494 τοῦ
1850 3442 1952 3496 Λό-

364 3511 704 3608 γούΜήτηρ
727 3556 742 3579 ,
775 3518 870 3570 καὶ
899 3519 1056 3589 λόγου
1098 3523 1404 3596 καθέστηκε
1444 3531 1679 3601 χορηγός
1705 3547 1720 3563 ⁶
1760 3533 1820 3588 τὸ
1852 3537 1951 3608 τῆς

369 3601 591 3696 στείρας
626 3607 850 3679 κύημα,
891 3611 952 3664 τὸ
999 3616 1382 3689 καρποφόρους
1422 3621 1523 3687 τὰς
1568 3601 1951 3696 στειρευούσας

363 3695 546 3766 ψυχὰς
575 3699 964 3772 ἐργαζόμενον.
1000 3705 1218 3781 Ταύτης
1251 3711 1349 3782 τὴν
1386 3714 1543 3785 ἱεράν
1572 3733 1631 3770 τε
1671 3695 1768 3772 καὶ
1800 3718 1949 3772 Θείαν

369 3788 706 3856 μετάστασιν
737 3793 1069 3867 ἑορτάζομεν
1096 3800 1358 3873 σήμερον.
1391 3804 1556 3860 Δεῦτε
1591 3807 1791 3874 τοίνυν,
1825 3809 1950 3864 ἁνα-

365 3879 556 3951 6ῶμεν
599 3884 737 3954 πρὸς
791 3886 853 3939 τὸ
895 3890 1160 3958 μυστικὸν
1191 3893 1349 3966 ὅρος,
1397 3897 1630 3952 καὶτῶν
1676 3900 1948 3971 βιωτικῶν

364 3973 466 4025 καὶ
499 3975 699 4030 ὑλικῶν
736 3979 1031 4048 ἐμφάσεων
1057 3987 1346 4053 γεγονότες
1375 3987 1690 4060 ὑπέρτεροι,
1731 3993 1946 4049 καὶτὸν

362 4063 566 4152 γνόφον
592 4065 1005 4139 ὑπεισελθόντες
1030 4074 1122 4128 τὸν
1149 4075 1295 4130 θεῖον
1319 4077 1413 4132 καὶ
1439 4078 1704 4150 ἄληπτον,
1726 4081 1786 4134 ἐν
1808 4083 1948 4152 φωτὶ

489 4151 620 4225 θείῳ
650 4155 970 4227 γενόμενοι,
1002 4160 1101 4233 τὴν
1143 4149 1582 4236 άπειροδύναμον
1611 4149 1948 4242 ὑμνήσωμεν

361 4240 616 4334 δύναμιν.
643 4246 772 4312 Πῶς
789 4249 820 4302 ό
844 4250 912 4304 ἐκ
944 4251 1044 4322 τῆς
1068 4255 1386 4325 περιουσίου
1411 4255 1526 4329 (66)
1553 4261 1826 4332 περιοπῆς
1849 4240 1948 4334 τῆς

361 4332 534 4426 ᾁΰλου
566 4339 660 4391 καὶ
698 4340 918 4397 πάντων
948 4344 1245 4413 ἐπέπεινα,
1277 4348 1378 4420 τῆς
1405 4351 1679 4423 πατρικῆς
1711 4332 1948 4426 γαστρός

361 4425 774 4500 ἁνεκιροιτήτως
817 4432 900 4495 εις
944 4433 1043 4504 τὴν
1077 4433 1419 4510 παρθενικὴν
1463 4441 1637 4511 νηδὺν·
1677 4425 1944 4513 καταϐάς,

362 4515 691 4587 συλληφθείς
727 4537 790 4573 τε
815 4523 910 4575 καὶ
953 4525 1294 4594 σαρκωθεὶς,
1325 4529 1422 4583 καὶ
1453 4530 1543 4585 διὰ
1571 4533 1761 4588 παθῶν
1789 4536 1948 4592 ἐκου-

2055 3356 2627 3424 num,nutriendoque
2679 3354 2905 3409 idoneus
2957 3362 3042 3409 est
3101 3352 3256 3422 panis
3307 3349 3630 3421 quieditur.

2052 3441 2186 3500 illud
2219 3448 2367 3500 enim
2401 3445 2661 3509 laetiﬁcat,
2687 3444 2776 3499 hic
2814 3457 2911 3499 cor
2957 3442 3192 3499 hominis
3249 3439 3536 3495 conﬁrmat
3563 3437 3632 3493 ".

2052 3531 2163 3589 Sed
2199 3533 2327 3604 quid
2357 3533 2447 3588 Dei
2481 3531 2654 3589 Matre
2701 3531 2956 3588 dulcius?
3002 3530 3128 3587 Haec
3190 3538 3422 3586 mentem
3456 3543 3632 3584 meam

2050 3626 2316 3697 captivam
2357 3634 2504 3680 tenet
2537 3642 2551 3680 :
2590 3625 2705 3679 hac
2738 3623 2976 3694 linguam
3013 3622 3321 3694 depra-data
3343 3630 3465 3678 est:
3493 3621 3634 3675 hanc

2051 3719 2139 3772 diu
2176 3726 2446 3788 noctuque
2473 3716 2706 3772 meditor
2741 3732 2757 3770 :
2796 3716 2929 3780 haec,
2950 3729 3072 3771 cum
3120 3713 3280 3771 Verbi
3312 3713 3384 3770 sit
3413 3725 3632 3784 parens.

2051 3811 2216 3862 verba
2250 3823 2467 3880 quoque
2501 3805 3148 3879 suppeditatJnfecunda:
3187 3803 3328 3861 fetus
3380 3813 3485 3871 est,
3513 3819 3633 3874 quas

2051 3898 2370 3958 infecundos
2405 3901 2618 3958 animos
2653 3899 2964 3958 fruetiferos
2999 3899 3193 3955 reddit.
3220 3896 3390 3966 Hujus
3413 3910 3629 3952 sacrum

2049 3991 2398 4061 divinumque
2427 3992 2718 4047 transitum
2745 3990 2906 4047 hodie
2932 3989 3294 4046 celebramus.
3328 3986 3421 4040 Eia
3456 3983 3627 4054 agite,

2049 4079 2117 4135 ad
2161 4090 2400 4137 montem
2427 4095 2557 4154 ergo
2587 4081 2870 4152 mysticum
2905 4079 3280 4145 ascendamus,
3302 4085 3354 4132 et
3377 4077 3630 4141 terrenis,

2048 4185 2112 4226 ac
2174 4173 2426 4227 materiae
2478 4172 2730 4228 obnoxiis
2768 4170 3094 4243 imaginibus
3133 4169 3442 4239 superiores
3478 4165 3628 4235 facti,

2047 4269 2212 4329 atque
2263 4261 2315 4315 in
2369 4260 2582 4317 divinas
2635 4261 2890 4316 tenebras
2945 4273 3066 4328 quae
3113 4255 3500 4326 comprehendi
3535 4269 3632 4312 ne-

2047 4359 2274 4421 queunt,
2305 4351 2630 4418 intromissi,
2663 4351 2847 4406 divino
2879 4347 3083 4404 lumine
3135 4353 3469 4417 comparato,
3505 4343 3632 4399 inﬂ-

2048 4440 2215 4496 nitam
2245 4441 2504 4498 virtutem
2527 4441 2922 4498 collaudamus.
2964 4438 3067 4508 Qui
3102 4439 3302 4495 factum
3326 4448 3431 4504 est,
3465 4436 3630 4508 utqui

2049 4545 2115 4585 ex
2167 4532 2471 4590 celsissima
2521 4543 2578 4588 et
2637 4530 2961 4602 incorporali
3001 4529 3243 4602 specula,
3304 4543 3426 4602 qua:
3473 4537 3630 4586 extra

361 4605 498 4670 σίως
536 4607 762 4674 ὁδεύσας
805 4611 940 4682 πρὸς
973 4613 1238 4681 θάνατον,
1287 4619 1382 4672 καὶ
1415 4620 1555 4691 μετὰ
1589 4623 1842 4696 σώματος
1878 4630 1946 4684 ἐκ

2056 4635 2263 4676 omnem
2287 4622 2460 4679 aleam
2493 4631 2599 4692 est,
2633 4631 2863 4692 paterno
2892 4639 2956 4679 ex
2988 4622 3109 4680 sinu
3147 4637 3252 4678 non
3282 4636 3552 4692 egressus,
3572 4621 3640 4676 in‘

358 4697 471 4766 γῆς
504 4698 604 4771 τὴν
641 4703 899 4773 γέννησιν
920 4703 1158 4776 ἔχοντος,
1188 4709 1284 4761 καὶ
1302 4709 1479 4784 φθορᾷ
1513 4716 1858 4787 κτησάμενος
1888 4721 1951 4777 τὸ

357 4791 658 4883 ἄφθαρτον,
692 4795 833 4866 πρὸς
859 4796 951 4851 τὸν
977 4797 1198 4870 Πατέρα
1233 4800 1398 4856 πάλιν
1431 4804 1826 4879 ἀναιροιτήσας.
1849 4811 1949 4883 τὴν

358 4881 526 4934 αὐτοῦ
555 4884 696 4938 κατὰ
727 4887 907 4956 σάρκα
946 4889 1180 4962 Μητέρα
1215 4893 1357 4963 πρὸς
1391 4894 1482 4948 τὸν
1521 4897 1715 4953 ἐαυτοῦ
1753 4881 1949 4975 γεννηο

355 4987 501 5042 τορα
525 4975 910 5043 ἐπεσπάσατο,
938 4979 1166 5050 οὐρανὸν
1200 4983 1446 5053 ἐπίγειον
1481 4991 1911 5061 χρηματίσασαν
1930 5036 1944 5063 ,

357 5065 503 5134 πρὸς
526 5065 624 5137 τὴν
653 5069 977 5141 ἐπουράνιον
1005 5072 1112 5143 γῆν
1148 5077 1520 5148 μετεωρίσαςς

434 5322 505 5394 β’.
541 5326 793 5397 Σήμερον
843 5330 878 5401 ἡ
915 5330 1079 5402 νοητὴ
1130 5332 1337 5405 κλίμαξ
1373 5338 1407 5408 ἠ
1451 5336 1728 5410 ἔμψυχος,
1769 5342 1837 5396 δι’
1874 5339 1943 5417 ἧς

350 5419 610 5484 καταϐὰς
645 5422 954 5491 δ”Υψιστος
993 5427 1088 5483 ἐπὶ
1123 5428 1230 5500 γῆς
1245 5429 1425 5503 ὤφθη,
1457 5436 1550 5488 καὶ
1581 5438 1692 5500 τοῖς
1730 5439 1942 5512 ἀνθρώ-

429 5574 478 5606 ⁶⁴
505 5573 525 5628 l
557 5573 689 5647 Reg.
722 5593 781 5643 ιι,
809 5579 899 5637 50.
977 5581 1024 5614 ⁸⁸
1056 5580 1200 5639 Psal.
1235 5599 1350 5654 CIII,
1384 5587 1473 5643 15.

433 5710 546 5793 (ϐξ)
579 5713 654 5767 Et
701 5714 886 5772 codice
919 5717 1394 5790 Sangermanensi,
1435 5723 1629 5788 collat.,
1655 5739 1774 5778 cum
1830 5725 1930 5780 Sco

348 5797 638 5850 guertano.

432 5851 545 5922 (64)
585 5853 707 5927 Seg.
743 5859 955 5921 σπάνις.

2051 4711 2371 4784 virginalem
2407 4721 2621 4769 uterum
2645 4713 3007 4780 descendens,
3065 4721 3121 4768 et
3148 4720 3426 4780 assumpta
3464 4723 3630 4765 carne

2047 4814 2362 4876 conceptus,
2387 4805 2800 4878 voiontariaque
2824 4807 3079 4878 passione
3108 4806 3252 4860 adita
3283 4813 3478 4868 morte,
3502 4817 3626 4857 cum

2049 4911 2282 4967 corpore
2319 4912 2386 4954 ex
2411 4907 2561 4954 terra
2588 4907 2897 4969 procreato,
2930 4895 3339 4964 incorruptione
3371 4907 3467 4964 per
3501 4907 3626 4947 cor-

2048 4989 2353 5059 ruptionem
2381 4991 2668 5062 acquisita,
2721 4989 2790 5044 ad
2834 4987 3048 5042 Patrem
3110 4985 3305 5040 iterum
3354 4995 3626 5046 reversus,

2048 5081 2274 5138 Matrem
2309 5097 2464 5138 suam
2495 5083 2790 5138 secundum
2812 5089 3030 5135 carnem
3056 5077 3122 5131 ad
3145 5076 3438 5146 genitorem
3466 5083 3624 5125 suum

2050 5174 2358 5238 attraxerit,
2393 5184 2447 5229 et
2471 5173 2644 5243 ipsam
2668 5185 2788 5243 quae
2816 5168 3012 5225 caelum
3053 5174 3310 5222 terrestre
3337 5163 3533 5226 fuerat,
3558 5159 3625 5215 ad

2051 5262 2328 5318 ctelestem
2363 5271 2565 5318 terram
2599 5259 2931 5318 sustulerit?

2120 5353 2177 5408 2.
2216 5353 2388 5410 Hodie
2427 5353 2573 5410 scala
2617 5351 2914 5423 spiritualis
2943 5348 3187 5407 animata
3222 5386 3239 5415 ,
3301 5359 3394 5415 per
3460 5357 3624 5415 quam

2052 5445 2360 5502 Altissimus
2393 5445 2728 5502 descendens
2781 5443 2834 5498 in
2889 5443 3049 5499 terris
3094 5441 3244 5500 visus
3287 5447 3391 5506 est,
3423 5447 3623 5493 etcum

2113 5727 2224 5818 (Eii
2261 5726 2382 5818 ξένε·
2420 5728 2648 5818 βρξυῖάνε

2113 5798 2224 5870 (66)
2261 5798 2383 5869 Seg.
2413 5798 2758 5872 ὑπερουσίου.
