4046 6410
488 412 592 473 755

1680 429 1739 489 S.
1780 426 2098 492 J‘OANNIS
2139 429 2534 495 DAMASCEN
2542 434 2571 494 Ι

3645 420 3743 483 736

486 536 793 591 hominibus
858 553 938 592 est
996 535 1346 596 conversatus
1374 544 1444 612 θ’,
1496 559 1590 613 per
1646 557 1873 601 mortem
1903 550 2056 617 quasi

2179 570 2285 616 τοις
2312 557 2729 626 συνανεστράφη
2749 598 2762 620 ,
2791 555 2869 626 τῷ
2901 554 3115 625 θανάτῳ
3152 553 3475 625 χρησαμένη
3506 540 3759 622 κλίματι,’

485 640 580 692 per
613 626 816 680 scalam
845 641 909 681 ex
947 636 1090 683 terra
1118 635 1168 684 in
1190 632 1386 685 coalqu
1412 634 1668 702 perrexit.
1705 633 1874 692 Hodie
1890 647 2065 693 terre-

484 716 610 770 stris
650 732 875 785 mensa,
940 735 1059 788 qua:
1115 723 1391 777 cmlestem
1447 724 1569 779 vita:
1621 741 1812 795 panem
1862 730 2064 784 divini-

488 809 683 862 tatisve
708 809 876 880 883
910 812 1195 866 carbonem
1233 814 1351 867 sine
1393 817 1704 883 nuptiarum
1733 835 1835 872 usu
1870 832 2052 889 gesta-

485 910 661 965 verat,
689 916 719 953 e
751 912 892 956 terra
922 905 972 957 in
1004 906 1199 959 caelum
1230 907 1487 961 subvecta
1521 919 1624 973 est,
1657 911 1857 979 Deique
1888 925 2058 983 portre

488 994 552 1045 ad
596 994 857 1047 orientem
896 999 1108 1064 positm,
1145 1000 1409 1054 caelorum
1443 1012 1614 1072 porta:
1648 1004 1872 1058 elevatze
1917 1017 2065 1061 sunt.

491 1083 657 1138 llmlie
688 1101 752 1139 ex
790 1090 1034 1143 terrestri
1086 1088 1410 1155 Jerusalem,
1440 1094 1633 1147 civitas
1677 1094 1769 1150 Dei
1826 1098 2066 1152 animata

488 1179 554 1229 atl
608 1193 898 1245 supernam
947 1179 1247 1237 Jerusalem
1293 1185 1612 1241 reducitur:
1657 1198 1712 1241 et
1743 1205 1863 1257 quas
1905 1206 2066 1245 crea.

494 1283 624 1325 tura:
653 1274 832 1327 omnis
869 1276 1287 1346 primogenitum
1322 1281 1767 1353 unigenitmnqne
1792 1301 1854 1337 ex
1889 1284 2065 1349 Patre,

491 1362 911 1431 primogenitum
942 1381 1007 1420 ex
1036 1368 1215 1435 seipsa
1254 1380 1307 1423 et
1339 1373 1675 1443 unigenitum
1721 1385 2064 1444 conceperat,

492 1454 544 1506 in
590 1454 1070 1525 primogenitorum
1103 1459 1345 1515 Ecclesia
1379 1476 1761 1519 commoratur.
1794 1467 1933 1520 Area
1976 1466 2068 1522 Dei

491 1547 724 1604 animata
754 1560 805 1604 et
836 1552 1118 1608 rationalis
1144 1556 1207 1609 ad
1259 1555 1379 1610 Filii
1413 1558 1494 1611 sui
1533 1559 1769 1627 requiem
1813 1563 2071 1617 transfer-

494 1651 597 1695 tur.
652 1643 896 1701 Paratlisi
952 1649 1098 1702 fores
1158 1662 1516 1717 reserantur,
1593 1666 1647 1707 et
1704 1671 1892 1711 arvum
1929 1659 2070 1727 quod

500 1736 663 1791 Deum
708 1738 863 1803 tulit,
920 1741 1237 1810 excipiunt;
1283 1758 1345 1797 ex
1404 1760 1513 1813 quo
1563 1749 1907 1815 sempiternae
1946 1749 2071 1803 vita:

497 1830 697 1895 lignum
753 1830 1058 1898 pullulans,
1120 1833 1369 1889 Christus
1424 1838 1702 1903 nimirum,
1753 1852 2069 1896 cunctorum

2166 646 2335 717 γῆθεν
2387 650 2466 711 εἰς
2510 649 2774 719 οὐρανοὺς
2824 648 3206 719 άνεφοίτησεν.
3256 647 3505 716 Σήμερον
3555 647 3589 714 ἡ
3636 646 3750 697 επί-

2168 757 2313 809 γειος
2358 741 2646 811 τράπεζα,
2693 744 2725 813 ἡ
2776 741 2866 795 τὸν
2917 741 3171 813 οὐράνιον
3225 740 3327 809 τῆς
3386 739 3541 808 ζωῆς
3591 739 3748 807 ἄρτον

2166 832 2257 885 τὸν
2290 834 2388 903 τῆς
2420 834 2670 903 θεότητος
2700 834 2948 905 ἄνθρακα
2984 833 3377 905 άπειρογάμως
3406 831 3749 901 βαστάσασα.

2167 924 2276 977 ἀπὸ
2304 926 2407 993 γῆς
2432 925 2573 996 ᾔροη
2602 927 2739 998 πρὸς
2767 926 3051 997 οὐρανοὺς,
3100 927 3193 979 καὶ
3213 928 3303 995 ’τῇ
3333 923 3452 977 κατ’
3489 923 3751 986 ἀνατολὰς

2167 1014 2260 1069 τοῦ
2300 1015 2436 1069 Θεοῦ
2469 1016 2633 1089 πύλῃ,
2664 1017 2833 1070 πύλαι
2861 1017 3091 1088 ούρανοῦ
3128 1017 3471 1089 ὲπῄρθησαν.
3510 1016 3754 1085 Σήμερον

2169 1108 2233 1161 ὲκ
2278 1108 2373 1179 τῆς
2422 1108 2667 1176 ἐπιγείου
2730 1109 3092 1180 Ἰερουσαλὴμ
3142 1109 3175 1178 ἡ
3215 1107 3370 1170 πόλις
3411 1106 3511 1160 τοῦ
3551 1106 3688 1159 Θεοῦ
3722 1109 3752 1175 ἠ

2170 1199 2411 1270 ἔμψυχος
2468 1200 2603 1271 πρὸς
2645 1198 2744 1271 τὴν
2794 1201 2906 1254 ἄνω
2966 1200 3325 1271 Ἰερουσαλὴμ
3380 1197 3753 1269 μετατίθεται.

2172 1292 2264 1345 καὶ
2290 1293 2381 1346 τὸν
2420 1293 2762 1364 πρωτότοκον
2809 1293 2987 1363 πάσης
3024 1294 3290 1355 κτίσεως,
3322 1292 3414 1344 τὸν
3444 1294 3513 1343 ὲκ
3550 1291 3754 1359 Πατᾴς

2176 1383 2463 1451 μονογενῆ,
2497 1383 2842 1453 πρωτότοκον
2874 1383 2932 1449 ἐξ
2976 1382 3147 1452 αὐτῆς
3179 1383 3441 1453 μονογενῆ
3481 1382 3753 1450 κυήσασα,

2172 1475 2229 1527 ὲν
2263 1476 2327 1544 τῇ
2367 1474 2663 1546 Ἐκκλησία
2700 1475 2808 1527 τῶν
2836 1474 3197 1546 πρωτοτόκων
3246 1471 3557 1535 αὐλίζεται,
3607 1469 3750 1537 καὶὴ

2175 1566 2406 1630 κιϐωτὸς
2448 1567 2655 1639 Κυρίου
2696 1569 2728 1638 ἡ
2761 1567 3005 1638 ἔμψυχός
3027 1584 3087 1619 τε
3123 1566 3218 1619 καὶ
3254 1564 3453 1634 λογικὴ
3492 1562 3633 1632 πρὸς
3660 1565 3753 1626 τὴν

2173 1656 2265 1709 τοῦ
2332 1657 2460 1709 Υίοῦ
2517 1658 2822 1712 ἀνάπαυσιν
2874 1658 3281 1727 μετανίσταται.
3338 1654 3516 1708 Πύλαι
3586 1668 3755 1723 παρα-

2173 1746 2352 1800 δείσου
2401 1745 2743 1814 ἀνοίγονται,
2794 1748 2890 1799 καὶ
2934 1747 3033 1817 τὴν
3093 1744 3352 1815 θεοφόρον
3400 1742 3754 1811 ὑποδέχονται

2175 1840 2435 1909 ἄρουραν,
2458 1837 2514 1902 ἐξ
2535 1832 2602 1911 ἦς
2629 1839 2688 1891 τὸ
2718 1839 2816 1909 τῆς
2843 1839 3062 1892 αἰωνίου
3089 1837 3233 1906 ζωῆς
3263 1837 3423 1903 ξύλον
3444 1835 3757 1906 βλαστῆσαν

502 1921 623 1973 vita:
678 1931 909 1988 auctor,
968 1924 1092 1977 Eva:
1143 1925 1603 1993 inobedientiam,
1658 1947 1955 2001 necemque
2001 1935 2067 1986 ab

2179 1931 2271 2000 τὴν
2299 1909 2583 2002 παρακοὴν
2611 1929 2710 2000 τῆς
2730 1929 2876 1988 Elia;
2900 1930 2993 1982 καὶ
3024 1931 3122 1997 τῆν
3147 1928 3415 1998 νέκρωσιν
3448 1926 3549 1980 τοῦ
3592 1926 3757 1995 Ἀδάμ

495 2014 703 2068 Atlamo
748 2015 951 2068 illatam
1001 2018 1271 2072 enecavit.
1328 2019 1538 2088 Specus
1591 2024 1854 2086 excisum,
1913 2041 2070 2079 mons

499 2116 600 2155 non
632 2114 902 2167 exsuctus,
930 2121 992 2160 ex
1018 2122 1125 2175 quo
1152 2108 1290 2177 lapis
1319 2112 1459 2165 nulla
1501 2128 1756 2167 manuum
1789 2131 1890 2185 ope
1915 2118 2067 2170 avnl-

497 2206 607 2257 sus,
666 2203 835 2247 totum
882 2205 1146 2251 terrarum
1188 2202 1376 2255 orbem
1415 2203 1676 2270 implevit.
1717 2205 1932 2261 Thorus
1982 2210 2067 2261 di-

497 2283 634 2335 vin:e
658 2282 817 2340 Verbi
844 2288 1218 2357 immanitatis,
1274 2293 1325 2347 in
1366 2294 1765 2363 gloriosissimo
1823 2301 2071 2369 sepulcro

500 2374 642 2428 velut
680 2377 732 2431 in
765 2378 1004 2435 thalamo
1037 2384 1329 2452 requiescit
1364 2405 1376 2442 :
1407 2403 1471 2440 ex
1499 2403 1606 2456 quo
1646 2389 1712 2444 ad
1746 2392 1986 2459 nuptiale
2017 2394 2068 2447 in

498 2468 652 2523 roelis
679 2470 914 2537 positum
947 2472 1253 2528 cubiculum
1286 2478 1482 2547 migrat
1513 2498 1527 2545 ;
1572 2481 1658 2534 ubi
1694 2498 1815 2536 cum
1847 2482 1985 2538 Filio
2020 2494 2073 2540 et

504 2560 610 2614 Deo
636 2572 818 2631 aperte
848 2576 1135 2635 regnatura
1170 2578 1289 2623 est:
1325 2586 1387 2625 ac
1422 2572 1751 2642 sepulcrum,
1780 2585 1836 2629 ut
1876 2576 1943 2630 iis
1973 2577 2065 2647 qui

501 2653 554 2706 in
590 2655 746 2709 terris
775 2669 963 2726 agunt,
1004 2660 1226 2716 thalami
1265 2662 1383 2718 loco
1410 2676 1551 2720 esset
1577 2706 1592 2730 ,
1643 2668 1883 2737 reliquit.
1919 2668 2070 2726 Itane

500 2759 628 2797 vero
662 2747 966 2814 sepulcrum
1005 2750 1274 2807 thalamus
1311 2755 1429 2808 est?
1466 2756 1535 2808 ita
1570 2772 1813 2825 prorsus,
1845 2773 1909 2813 ac
1946 2761 2068 2814 tha-

501 2838 644 2891 lamo
675 2841 863 2906 quovis
895 2841 1157 2899 illustrius
1184 2858 1199 2899 :
1239 2861 1343 2900 non
1377 2848 1491 2901 auri
1522 2848 1923 2917 splendoribus,
1964 2867 2068 2906 non

501 2929 713 2996 argenti
757 2930 1026 2996 claritate,
1061 2949 1166 2989 non
1205 2935 1442 3003 lapidum
1492 2938 1793 3009 fulgoribus
1839 2942 2068 3010 micans,

502 3034 608 3072 non
641 3022 834 3077 sericis
866 3026 1077 3091 pannis,
1112 3036 1166 3080 et
1208 3031 1475 3085 contextis
1498 3046 1564 3085 ex
1589 3047 1722 3086 auro
1749 3042 1804 3087 et
1840 3049 2073 3104 purpura

500 3113 744 3166 vestibus
775 3126 1120 3183 exornatum,
1158 3120 1252 3173 sed
1305 3122 1552 3177 radiante
1577 3124 1838 3181 divinitus
1885 3126 2072 3194 splen-

502 3202 634 3256 dore
680 3206 1008 3262 sanctissimi
1053 3210 1287 3279 Spiritus
1326 3230 1341 3266 :
1392 3231 1495 3269 non
1533 3231 1820 3286 corporum
1868 3234 2072 3273 connu-

503 3294 649 3347 bium
690 3304 847 3350 terra:
888 3302 1244 3369 amatoribus,
1286 3304 1380 3359 sed
1417 3306 1483 3361 iis
1526 3309 1615 3375 qui
1668 3308 1872 3378 Spiritu
1900 3312 2068 3366 vincti

502 3397 645 3450 sunt,
681 3388 983 3443 animarum
1014 3403 1330 3449 sanctarum
1366 3397 1527 3451 vitam
1557 3401 1827 3468 przebens,
1872 3401 2079 3456 scilicet

504 3474 781 3529 meliorem
814 3480 1068 3535 omnibus
1100 3484 1513 3556 suavioremqne
1544 3493 1683 3557 apud
1736 3491 1903 3544 Deum
1960 3502 2073 3546 sta-

504 3575 636 3621 tum.
674 3568 989 3637 Sepulcrum
1040 3572 1144 3628 hoc
1184 3576 1299 3644 ipsa
1346 3577 1512 3633 Etlem
1568 3579 1859 3636 formosius
1889 3591 1995 3648 est,
2025 3594 2080 3638 et

504 3672 571 3711 ne
611 3657 900 3716 blanditias
932 3678 1067 3731 quas
1093 3665 1145 3719 in
1176 3666 1265 3721 illa
1312 3668 1486 3724 hostis
1520 3671 1787 3740 adhibuit,
1836 3688 2076 3729 comme-

507 3762 740 3812 tnorem,
787 3752 1085 3821 egregium,
1118 3764 1176 3807 ut
1209 3758 1289 3811 sic
1329 3758 1537 3827 loquar,
1579 3764 1892 3827 consilium,
1939 3766 2079 3820 invi-

505 3838 669 3903 diam,
713 3840 977 3909 framlem,
1031 3846 1316 3901 remissum
1364 3849 1486 3903 Eva:
1534 3852 1811 3918 animum,
1861 3856 2078 3911 suasio-

504 3946 649 3996 nem,
676 3930 884 3997 dulcem
910 3933 1071 3988 simul
1097 3944 1258 4006 atque
1280 3952 1519 3993 amaram
1552 3955 1751 4005 escam,
1776 3959 1872 4013 per
1892 3961 2078 4015 quam,

503 4020 702 4076 amissa
730 4034 931 4088 mente,
967 4026 1247 4097 conjugem
1277 4046 1492 4101 quoque
1525 4050 1587 4086 ea
1647 4036 1939 4105 spoliavit,
2000 4040 2083 4094 in-

508 4112 896 4181 obedientiam,
914 4118 1187 4185 exsilium,
1214 4135 1442 4179 mortem
1471 4126 1800 4195 edisserens,
1822 4131 2081 4186 solemni-

504 4215 670 4259 tatem
710 4208 942 4263 tristitiae
986 4224 1364 4282 argumentum
1423 4217 1693 4275 cHiciam:
1733 4224 1835 4279 hoc
1882 4226 2082 4296 sepul—

502 4313 681 4364 crum,
719 4300 960 4371 inquam,
995 4319 1062 4359 ex
1112 4315 1257 4362 terra
1297 4311 1525 4367 mortale
1553 4328 1753 4385 corpus
1798 4318 1866 4372 ad
1912 4320 2082 4375 ctelos

502 4391 843 4450 sublevavit:
902 4397 988 4450 illa
1023 4413 1150 4453 vero
1209 4415 1275 4455 ex
1345 4403 1453 4457 allo
1494 4405 1545 4459 in
1597 4415 1796 4463 terram
1861 4413 2079 4481 generis

503 4482 681 4535 nostri
712 4496 989 4549 parentem
1032 4488 1271 4545 deduxit.
1323 4492 1534 4548 Etenim
1572 4498 1623 4549 in
1662 4498 1776 4566 ipsa
1817 4500 1939 4565 ille,
1976 4504 2071 4572 qui

2173 2020 2473 2075 διαλέλυκε.
2504 2020 2741 2091 Χριστὸς
2774 2012 2950 2082 0610;,
2981 2021 3010 2071 ό
3040 2019 3141 2089 τῆς
3183 2019 3329 2088 ζωῆς
3359 2017 3474 2069 τῶν
3505 2016 3759 2073 ἁπάντων

2174 2113 2365 2177 αἴτιος,
2408 2114 2606 2184 ἄντρον
2653 2111 3074 2182 λελαξευμένον,
3124 2111 3247 2181 ὅρος
3297 2109 3360 2163 τὸ
3411 2109 3757 2178 ἁλατόμητον

2176 2204 2530 2273 ὑποδέχεται,
2591 2202 2652 2267 ἐξ
2697 2195 2758 2255 οῦ
2798 2202 2947 2265 λίθος
2993 2201 3195 2272 χειρῶν
3228 2201 3358 2254 ἄνευ
3388 2199 3627 2269 τμηθεὶς
3665 2198 3759 2265 τὴν

2173 2296 2500 2367 οἰκουμένην
2528 2294 2865 2367 ἐπλήρωσεν·
2893 2294 2926 2363 ὴ
2951 2292 3162 2357 παστὰς
3182 2293 3279 2363 τῆς
3301 2291 3454 2353 θείας
3473 2288 3571 2343 τοῦ
3587 2287 3758 2357 Λόγου

2178 2391 2530 2463 σαρκώσεως,
2576 2391 2651 2454 ὡς
2696 2392 2753 2443 ὲν
2800 2388 3031 2459 θαλάμῳ
3063 2386 3140 2457 τῷ
3188 2383 3519 2439 πανευκλεεῖ
3555 2382 3758 2435 ἀναπέ-

2177 2501 2379 2539 παυται
2423 2483 2603 2553 τάφῳ,
2642 2480 2765 2535 ὅθεν
2810 2480 2946 2551 πρὸς
2978 2478 3070 2532 τὸν
3101 2477 3354 2549 οὐράνιον
3382 2476 3588 2530 ἀνίεισι
3632 2490 3760 2542 νυμ-

2177 2577 2351 2648 φῶνα,
2401 2575 2480 2646 τῷ
2514 2574 2631 2645 Υἱῷ
2670 2573 2765 2627 καὶ⁵
2796 2572 2915 2643 Θεῷ
2948 2569 3217 2641 ἀριδὴλως
3257 2565 3759 2640 συμϐασιλεύουσα.

2176 2670 2270 2724 καὶ
2302 2668 2397 2722 τὸν
2443 2668 2614 2737 τάφον
2648 2665 2898 2719 παστάδα
2928 2666 3040 2726 τοῖς
3067 2663 3159 2715 ἐπὶ
3193 2663 3296 2732 γῆς
3342 2658 3756 2715 καταλέλοιπεν.

2177 2760 2438 2815 Παστάδα
2486 2759 2578 2813 τὸν
2640 2758 2849 2827 τάφον;
2902 2756 3011 2809 Ναὶ
3061 2754 3332 2816 παστάδος
3393 2752 3585 2822 πάσης
3626 2767 3757 2803 παν-

2176 2854 2564 2929 αγλαέστερον,
2597 2852 2656 2917 οὐ
2689 2846 2892 2922 χρυσοῦ
2926 2846 3348 2919 περιλάμψεσιν,
3383 2846 3487 2898 οὐκ
3518 2843 3756 2916 ἀργύρου

2179 2948 2462 3016 φανότητι,
2494 2945 2589 2997 καὶ
2618 2942 2784 2996 λίθων
2822 2940 3126 3009 διαυγεῐαις
3171 2936 3626 3009 άστράπτουσαν,
3670 2936 3759 2988 καὶ

2179 3037 2375 3107 σειρῶν
2405 3038 2634 3105 νήμασι,
2674 3035 2771 3086 καὶ
2803 3033 3158 3103 χρυσονήστῳ
3190 3027 3398 3095 ἐσθῆτι,
3435 3029 3535 3081 καὶ
3567 3027 3761 3097 ἁλουρ-

2176 3129 2285 3197 γίδι
2323 3126 2700 3197 κεκλωσμένῃ,
2735 3124 2871 3179 ἀλλὰ
2922 3123 3209 3192 θεοφεγγεῖ
3255 3120 3417 3191 αἴγλῃ
3484 3119 3586 3172 τοῦ
3634 3138 3762 3172 παν-

2180 3222 2338 3290 αγίου
2389 3220 2705 3290 Πνεύματος
2725 3237 2739 3251 ⁸
2772 3218 2833 3271 ού
2882 3217 3150 3286 σωμάτων
3191 3214 3487 3282 συνάφειαν
3514 3214 3635 3275 τοῖς
3662 3211 3761 3280 γῆς

2179 3315 2460 3385 ἐρασταῖς,
2498 3313 2611 3375 τοῖς
2659 3310 2716 3363 δὲ
2764 3306 3009 3379 δεσμίοις
3060 3305 3154 3359 τοῦ
3207 3304 3526 3375 Πνεύματος
3577 3303 3761 3373 ψυχῶν

2178 3408 2343 3462 ὁσίων
2374 3406 2518 3478 ζωὴν
2543 3399 2935 3476 προξενοῦσαν,
2982 3402 3119 3473 πρὸς
3159 3399 3292 3453 Θεὸν
3325 3398 3510 3467 πάσης
3556 3396 3763 3467 ἀμείνω

2180 3501 2275 3554 κα)⁸
2296 3496 2636 3568 γλυκυτέραν
2662 3496 3015 3550 κατάστασιν.
3039 3485 3205 3553 Οῦτος
3232 3491 3260 3543 ό
3282 3490 3451 3587 τάφος
3470 3486 3574 3556 τῆς
3587 3485 3763 3587 ἐξόὲμ

2179 3592 2510 3663 ὡραιότερος
2529 3606 2542 3619 ’
2573 3591 2665 3642 καὶ
2688 3588 2773 3641 ἵνα
2803 3586 2877 3658 μὴ
2908 3585 3051 3653 λέγω
3086 3583 3185 3651 τὴν
3215 3584 3271 3635 ὲν
3301 3580 3490 3650 ἐκείνῃ
3517 3577 3617 3631 τοῦ
3646 3576 3760 3628 δυσο

2185 3682 2379 3753 μενοῦς
2426 3679 2660 3741 εὔνοιαν,
2695 3678 2792 3747 τὴν
2822 3674 3087 3747 χρηστὴν,
3140 3673 3205 3725 ἵν’
3234 3672 3406 3734 οὕτως
3430 3671 3597 3736 εἴπω,
3629 3685 3761 3736 συμ-

2182 3772 2398 3844 ϐουλὴν,
2431 3771 2521 3825 τὸν
2553 3771 2763 3841 φθόνον,
2804 3768 2901 3839 τὴν
2936 3766 3174 3836 ἀπάτην,
3206 3763 3310 3833 τῆς
3344 3762 3489 3825 Εῦας
3520 3762 3625 3833 τὴν
3658 3776 3760 3829 μα-

2181 3864 2491 3934 λακότητα,
2548 3861 2647 3933 τὴν
2698 3860 3057 3929 πιθανότητα,
3104 3857 3166 3909 τὸ
3201 3856 3373 3924 γλυκὺ
3412 3854 3513 3907 καὶ
3570 3851 3761 3922 πικρὸν

2181 3958 2397 4026 δέλεαρ,
2432 3956 2499 4008 δι’
2520 3950 2587 4025 ἧς
2618 3953 2826 4022 ὲκλάπη
2852 3952 2944 4004 τὸν
2977 3948 3124 4011 νοῦν,
3156 3950 3249 4001 καὶ
3277 3947 3369 4000 τὸν
3395 3946 3646 4017 ὁμόζυγα
3673 3943 3760 3995 κέ·-

2184 4049 2373 4117 κλοφε,
2411 4048 2511 4119 τὴν
2559 4045 2872 4116 παρακοὴν,
2922 4042 3020 4114 τὴν
3079 4040 3314 4110 ὲξορίαν,
3366 4038 3457 4092 τὸν
3509 4036 3759 4096 θάνατον,

2185 4142 2274 4195 ἴνα
2312 4141 2387 4212 μὴ
2420 4138 2594 4192 ταῦτα
2626 4137 2802 4205 λέγων
2850 4135 2950 4207 τὴν
3004 4134 3199 4204 ἑορτὴν
3223 4129 3429 4183 ὲκτελῶ
3460 4127 3761 4197 κατηφείας

2186 4233 2447 4289 ὑπόθεσιν
2468 4249 2482 4263 ·
2519 4227 2673 4294 0610;
2702 4229 2808 4283 ἀπὸ
2854 4228 2957 4296 γῆς
2989 4226 3150 4296 σῶμα
3181 4223 3372 4293 θνητὸν
3421 4223 3504 4285 εἰς
3533 4222 3759 4292 οὐρανὸν

2189 4325 2549 4400 μετεώρισεν⁸
2582 4322 2765 4392 ἐκείνη
2797 4319 2852 4372 δὲ
2891 4318 3088 4414 ὑψόθεν
3118 4314 3228 4414 (67)
3267 4316 3354 4414 ,εἰς
3381 4312 3613 4414 vit—v-10:
3637 4328 3758 4414 12v:

2186 4419 2359 4487 άρχην
2386 4417 2721 4486 κατήγαγεν.
2752 4409 2831 4464 Ἦ
2862 4410 2971 4478 γὰρ
2999 4409 3099 4461 οὑκ
3127 4410 3183 4459 ἐν
3222 4406 3358 4507 αὐτῇ
3422 4407 3470 4457 Γ
3480 4403 3513 4471 ἦ
3550 4400 3627 4467 εἴ,
3662 4401 3755 4507 xta

2186 4513 2272 4575 εις
2298 4508 2416 4577 γῆν
2465 4506 2805 4572 ἀπελεύσῃ,
2840 4505 2869 4556 ό
2911 4500 3031 4555 κατ’
3078 4500 3264 4552 εἰκόνα
3317 4497 3468 4550 θείαν
3522 4497 3758 4564 γεγονὼς

504 4572 572 4623 ad
602 4570 890 4642 imaginem
918 4575 1009 4629 Dei
1042 4576 1217 4634 lactus
1246 4590 1349 4646 est,
1391 4583 1897 4644 condemnationem
1933 4570 2072 4647 hanc

2185 4570 2619 4668 κατακέκριταη
2657 4589 2828 4658 Οὗτος
2860 4597 2887 4648 ὁ
2919 4594 3090 4663 τάφος
3110 4592 3211 4660 τῆς
3240 4591 3409 4645 πάλαι
3447 4588 3653 4658 σκηνῆς
3680 4601 3759 4636 τι·

502 4662 715 4730 accepit
745 4680 758 4715 :
794 4662 955 4717 Terra
980 4682 1053 4732 es,
1087 4678 1133 4721 et
1176 4669 1232 4722 in
1260 4678 1453 4724 terram
1497 4678 1773 4730 reverteris
1808 4678 1847 4729 ⁸.
1887 4680 2081 4749 Sepul-

506 4768 658 4806 crum
688 4753 793 4809 hoc
823 4756 1047 4825 antiquo
1078 4769 1160 4814 est
1190 4762 1539 4817 tabernaculo
1562 4767 1877 4834 pretiosius,
1910 4772 2081 4825 ratio-

505 4845 646 4908 nale,
691 4855 741 4899 et
778 4847 1100 4914 animatum,
1141 4866 1204 4906 ac
1239 4853 1499 4910 divinitus
1549 4856 1909 4914 illuminatum
1952 4878 2083 4918 can-

505 4937 783 4992 delabrum
842 4940 1147 5008 includens,
1175 4954 1231 4999 et
1296 4961 1540 5001 mensam
1574 4949 1741 5003 vitam
1790 4951 2079 5021 ferentem,

503 5044 623 5096 quae
655 5046 759 5085 non
802 5048 993 5100 panem
1026 5038 1435 5105 prepositionis,
1469 5040 1565 5095 sed
1618 5041 1930 5112 ccelestem;
1974 5063 2079 5101 non

506 5120 683 5189 ignem
739 5125 966 5178 materia
1010 5137 1347 5184 constantem
1374 5169 1390 5196 ,
1435 5133 1527 5186 sed
1564 5147 1684 5189 eum
1709 5138 1801 5205 qui
1856 5139 2080 5194 materia

507 5214 651 5266 uinni
678 5218 927 5284 superior
956 5228 1060 5285 est,
1085 5218 1311 5276 Deitatis
1346 5224 1599 5279 nimirum
1628 5266 1643 5292 ,
1679 5231 1941 5300 suscepit.
1980 5231 2083 5287 Se-

508 5305 754 5372 pulcrum
785 5309 883 5364 hoc
908 5310 1105 5381 Moysis
1128 5328 1255 5367 arca
1290 5314 1637 5384 fortunatius,
1664 5323 1934 5390 quodnon
1965 5341 2084 5379 tun-

512 5398 638 5452 bras
670 5408 722 5451 et
756 5400 975 5469 figuras,
1004 5407 1098 5458 sed
1140 5408 1425 5464 veritatem
1470 5411 1641 5480 ipsam
1688 5417 1940 5471 sortitum
1976 5428 2080 5473 est.

512 5490 735 5561 liccepit
780 5494 924 5547 enim
972 5498 1241 5555 sinceram
1291 5518 1623 5573 aureamque
1675 5523 1909 5578 urnam,
1963 5526 2082 5581 quae

582 5676 626 5705 ’ν
664 5674 890 5731 Baruch.
938 5692 1013 5741 ιιι,
1046 5678 1131 5733 58.
1213 5681 1392 5738 ‘Gen.
1441 5704 1522 5753 ιιι,
1576 5687 1661 5743 l9.

583 5833 691 5904 (G7)
732 5836 1014 5905 Sangerm.
1050 5837 1344 5905 ύᾲωθεῖσα.

2185 4692 2474 4763 μιώτερος,
2523 4692 2621 4762 ’τῆν
2652 4690 2877 4759 λογικήν
2920 4704 2978 4740 τε
3026 4688 3119 4740 καὶ
3164 4685 3429 4754 ἔμψυχον,
3458 4774 3466 4783 Ι
3491 4680 3757 4783 θεοφεγγῆ

2180 4785 2404 4855 λυχνίαν
2437 4783 2753 4853 δεξάμενος,
2800 4780 2893 4834 καί⁵
2918 4779 3016 4850 τὴν
3050 4777 3353 4873 ζωηφόρον-
3374 4772 3756 4873 τράπεςαν,“οῠ

2182 4877 2431 4951 καρποὺς
2464 4874 2799 4947 προθέσεως,
2834 4872 2949 4926 ἀλλ’
2981 4870 3233 4941 οὐράνιον
3254 4908 3268 4932 ,
3300 4868 3361 4920 ού
3399 4865 3511 4935 πῦρ
3556 4864 3755 4951 ὑλικὸν.

2180 4949 2299 5022 ἀλλ’
2346 4966 2507 5022 ἄῦλον
2546 4965 2850 5034 δεξαμένην
2901 4963 3011 5033 πῦρ
3061 4962 3163 5031 τῆς
3205 4960 3479 5029 θεότητος.
3533 4949 3698 5016 υῦτος
3733 4953 3760 5003 ὀ

2186 5059 2355 5128 τάφος
2383 5060 2483 5127 τῆς
2521 5054 2822 5124 Μωσαῖκῆς
2851 5051 3083 5105 κιϐωτοῦ
3129 5049 3473 5117 ὀλϐιώτερος,
3506 5041 3761 5112 εὐμοιρὴ-

2192 5166 2289 5212 σας
2347 5148 2408 5201 ού
2447 5147 2603 5209 σκιὰς
2631 5146 2725 5199 καὶ
2754 5144 2980 5206 τύπους,
3016 5141 3129 5195 ἀλλ’
3155 5140 3325 5208 αὐτὴν
3352 5138 3451 5207 τὴν
3484 5132 3755 5205 ἀλήθειαν.

2206 5241 2479 5306 Ἑδείξατο
2512 5238 2620 5308 γὰρ
2640 5238 2739 5308 τὴν
2762 5234 3052 5305 ἀκίϐδηλον
3074 5232 3167 5286 ml.
3196 5228 3484 5301 χρυσοειδῆ
3510 5226 3755 5295 στάμνον.

2194 5334 2290 5403 τὴν
2322 5332 2383 5384 τὸ
2411 5331 2665 5403 οὐράνιον
2698 5329 2870 5397 μάννα
2904 5324 3424 5397 καρποφορὴσασαν,
3456 5318 3635 5419 πλάκα
3661 5314 3755 5419 ep-

2193 5423 2396 5492 ψυχον,
2451 5422 2627 5490 Λόγον
2690 5418 2826 5473 Θεοῦ
2879 5415 3131 5485 δακτύλῳ
3195 5412 3271 5482 τῷ
3340 5409 3757 5504 παναλκεστάτις)

2196 5513 2473 5585 Πνεύματι
2527 5512 2829 5585 δεξαμένην
2885 5504 3398 5582 σαρκωθησόμενον,
3452 5500 3619 5569 Λόγον
3672 5500 3758 5548 τον
