4046 6412
275 386 303 443 ’ῖ
313 381 373 441 '17

1083 392 1410 453 HOMILIA
1453 393 1541 452 lll
1582 393 1659 450 ΙΝ
1704 391 2243 452 DORMITIONEM
2276 392 2340 450 Β.
2375 393 2440 453 ν.
2483 372 2768 454 ΜᾹΒῙᾸΞ.

3409 374 3513 436 753

267 513 646 577 ἐνυπόστατον,
678 509 736 563 τὸ
764 508 998 580 χρυσοῦν
1028 508 1416 578 θυμιατήριον,
1448 509 1546 576 τὴν
1582 507 1670 560 τὸν
1697 507 1839 560 θεῖον

1956 507 2166 562 rmleste
2207 523 2402 561 manna
2440 509 2697 578 produxit
2733 525 2749 563 :
2781 507 3012 563 tabulam
3049 508 3367 570 animatam,
3396 518 3514 572 qum

267 607 522 674 κυήσασα
561 601 839 672 ἄνθρακα,
875 603 968 654 καὶ
1016 603 1196 654 πᾶσαν
1247 602 1344 670 τὴν
1384 600 1560 652 κτίσιν
1614 599 1837 655 εὑωδιά-

269 712 460 748 σασαν.

337 960 406 1034 γ’.
431 963 792 1033 Φευγέτωσαν
822 963 1096 1034 δαίμονες,
1117 961 1518 1024 όλολυζέτωσαν
1541 959 1841 1032 τρισάθλιοι

272 1055 591 1127 Νεστὼριοι.
623 1055 696 1118 ὡς
721 1054 996 1125 πρόπαλαι
1029 1054 1078 1106 οἱ
1111 1051 1422 1120 Αἰγύπτιοι,
1460 1053 1552 1104 καὶ
1579 1053 1607 1104 ό
1637 1050 1843 1102 τούτων

273 1147 499 1218 ἔξαρχος
532 1149 560 1199 ό
594 1147 714 1210 νέος
744 1146 961 1216 Φαραῶ,
1001 1145 1028 1196 ό
1070 1144 1265 1215 πικρὸς
1317 1144 1570 1212 ἀλάστωρ
1620 1143 1713 1195 καὶ
1749 1141 1843 1194 τύ⁴

277 1256 462 1310 ραννος
501 1239 635 1308 (68).
690 1239 780 1308 Τῷ
817 1237 963 1308 βυθῷ
999 1237 1107 1308 γὰρ
1153 1237 1252 1305 τῆς
1300 1234 1648 1305 βλασφημίας
1709 1249 1842 1288 κατ.

273 1334 607 1405 εχώσθησαν.
649 1334 841 1402 Ἡμεῖς
878 1330 934 1384 δὲ
985 1331 1033 1383 oi
1066 1328 1332 1391 σωθέντες
1362 1326 1614 1396 ἀϐρόχοις
1666 1325 1843 1390 ποσὶν,

273 1427 364 1478 καὶ
406 1424 506 1495 τὴν
549 1423 798 1496 ἁλμυρὰν
835 1423 934 1492 τῆς
972 1421 1229 1484 ἀσεϐείας
1277 1419 1613 1488 ὑπερϐάντες
1647 1417 1846 1471 θάλασ-

277 1536 390 1581 σαν,
425 1517 647 1588 ᾷσωμεν
678 1518 742 1586 τῇ
769 1515 954 1586 Μητρὶ
996 1513 1090 1566 τοῦ
1138 1511 1274 1565 Θεοῦ
1313 1513 1455 1583 ᾠδὴν
1493 1511 1589 1582 τὴν
1621 1510 1846 1575 ἐξόδιον.

275 1609 486 1679 Δίρέτω
515 1608 750 1679 Μαριὰμ
781 1609 812 1676 ἡ
863 1605 1160 1677 Ἐκκλησία
1189 1607 1311 1666 ταῖς
1345 1603 1502 1674 χερσὶ
1528 1604 1588 1655 τὸ
1621 1602 1845 1672 τύμπα-

277 1723 382 1763 νον.
432 1703 529 1754 καὶ
579 1699 854 1771 ὲξαρχέτω
905 1697 1049 1770 ᾠδὴν
1104 1698 1203 1762 τὴν
1253 1696 1480 1767 ὲόρτιον.
1553 1695 1848 1762 Ἐξίτωσαν

277 1796 365 1848 τοῦ
391 1793 764 1864 πνευματικοῦ
803 1791 1020 1862 Ἰσραὴλ
1046 1791 1101 1844 αἱ
1127 1790 1368 1852 νεάνιδες
1394 1787 1532 1858 μετά
1549 1788 1848 1857 τυμπάνων

1941 600 2174 655 Verbum
2205 600 2293 654 Dei
2322 599 2510 669 digito,
2535 601 2865 656 validissimo
2905 600 3090 668 utique
3119 598 3343 668 Spiritu,
3371 597 3474 651 Ver
3495 625 3514 636 -

1875 756 1879 760 η
1941 690 2072 746 bum
2136 691 2442 747 subsistens
2510 693 2899 748 incarnandum
2965 693 3224 759 excepit;
3293 703 3540 742 aureum.

1945 782 2304 847 thuribulum,
2339 784 2481 852 quod
2537 784 2775 838 divinum
2834 784 3125 840 carbonem
3174 781 3399 850 peperit,
3423 779 3518 834 bo-

1947 889 2126 942 noque
2158 875 2329 929 odore
2371 885 2618 929 naturam
2661 879 2968 930 universam
3003 873 3250 944 replevit.

2011 968 2064 1022 '5.
2093 965 2295 1036 Fugam
2321 968 2588 1037 arripiant
2615 968 2910 1034 dmmones,
2937 965 3391 1037 quemadmodum
3421 979 3520 1016 an-

1943 1063 2167 1130 tiquitus
2191 1061 2431 1134 Egyptii
2467 1080 2483 1116 :
2521 1061 2752 1132 ejulatus
2789 1063 2954 1116 edant
3005 1057 3296 1114 miserrimi
3343 1059 3518 1110 horni-

1944 1172 2071 1212 num
2100 1156 2430 1221 Nestoriani,
2458 1171 2752 1225 eorumque
2782 1151 3234 1224 princepsjunior
3273 1149 3516 1209 Pharao,

1943 1250 2277 1305 saevissimus
2299 1250 2444 1305 orbis
2470 1248 2830 1318 depopulatur
2849 1256 2903 1301 et
2927 1257 3210 1318 tyrannus.
3246 1241 3519 1296 Profunda

1946 1357 2186 1411 namque
2231 1341 2582 1412 blasphemia:
2627 1339 2894 1408 absorpta!
2934 1346 3077 1392 sunt.
3113 1336 3220 1390 Nos
3259 1348 3388 1388 vero
3428 1332 3519 1401 qui

1945 1435 2107 1489 siccis
2143 1434 2364 1504 pedibus
2393 1434 2580 1489 salvati
2606 1447 2812 1495 sumus,
2847 1431 3165 1499 salsumque
3217 1423 3386 1498 884
3417 1424 3519 1478 im-

1947 1525 2166 1595 pietatis
2196 1541 2345 1580 mare
2370 1526 2738 1588 transivimus,
2772 1523 2862 1578 Dei
2888 1522 3044 1576 matri
3076 1521 3358 1574 excedenti
3393 1530 3521 1570 cau-

1949 1618 2114 1673 ticum
2151 1619 2517 1676 decantemns.
2549 1617 2736 1676 Maria.
2761 1617 2874 1670 sive
2904 1613 3171 1675 Ecclesia,
3205 1621 3516 1682 tympanum

1949 1708 2202 1764 manibus
2250 1719 2448 1775 sumat,
2491 1710 2850 1778 festivnmque
2899 1707 3006 1760 diei
3057 1705 3328 1759 canticum
3359 1713 3520 1753 exor-

1949 1798 2175 1854 da'atur:
2221 1799 2480 1869 spiritalis
2530 1799 2746 1853 lsraelis
2785 1796 2973 1868 puellae
3021 1792 3236 1848 choreis
3280 1799 3522 1859 perstre-

279 1887 369 1941 καὶ
399 1885 581 1956 χορῶν
622 1883 1009 1946 ἀλαλάζουσαι.
1044 1880 1294 1942 Βασιλεῖς
1331 1879 1431 1947 τῆς
1461 1881 1563 1948 γῆς
1603 1879 1696 1930 καὶ
1727 1893 1846 1948 κρι-

1956 1901 2140 1960 pentes
2175 1902 2392 1946 exeant.
2445 1890 2814 1961 Reges'terrae
2864 1898 2918 1942 et
2958 1885 3202 1954 judices,
3249 1897 3351 1936 una
3396 1895 3519 1938 cum

277 1974 363 2029 ταὶ
391 1975 489 2027 σὺν
514 1973 762 2043 ἄρχουσι,
796 1970 1068 2023 νεανίσκοι
1101 1969 1194 2021 καὶ
1229 1967 1508 2036 παρθένοι,
1545 1965 1850 2036 πρεσϐῦται

283 2065 413 2136 μετὰ
442 2063 748 2132 νεωτέρων,
771 2060 870 2131 τὴν
893 2059 1154 2112 Θεοτόκον
1178 2058 1546 2127 ὑμνείτωσαν,
1580 2055 1850 2123 σύλλογοι,

280 2161 367 2213 καὶ
390 2157 543 2225 λόγοι
579 2153 944 2214 παντοδαποὶ,
974 2150 1068 2204 καὶ
1099 2149 1268 2204 ἐθνῶν
1293 2149 1385 2201 καὶ
1414 2147 1559 2200 λαῶν
1609 2147 1852 2215 γλῶσσαι

280 2251 544 2319 διάφοροι,
585 2243 736 2319 ᾆσμα
771 2245 954 2298 καινὸν
987 2240 1477 2313 μελουργείτωσαν.
1511 2237 1854 2308 Περιηχείτω

283 2343 384 2414 ἀὴρ
416 2341 810 2410 πνευματικοῖς
855 2335 1033 2400 δόναξί
1077 2351 1138 2386 τε
1169 2335 1263 2386 καὶ
1293 2331 1568 2401 σάλπιγξι,
1605 2332 1697 2385 καὶ
1743 2332 1854 2394 τοῖς

285 2438 343 2489 ὲκ
371 2434 543 2506 πυρὸς
571 2431 966 2502 ἀμαρύγμασιν
998 2428 1212 2498 ἡμέραν
1245 2424 1638 2496 καινουργείτω
1682 2423 1855 2494 σωτή-

288 2545 411 2599 ριον.
443 2524 824 2595 Εὐφράνθητε,
845 2520 1194 2592 οὑρανο“ι,καὶ
1211 2521 1266 2572 αί
1290 2518 1509 2586 νεφέλαι
1534 2517 1854 2588 ρανάτωσαν

287 2619 625 2689 ἀγαλλίασιν.
673 2616 1035 2687 Σκιρτήσατε,
1088 2614 1234 2684 κριοὶ
1285 2611 1388 2679 τῆς
1442 2608 1705 2678 ἐκλεκτῆς
1757 2605 1853 2660 τοῦ

285 2712 410 2766 Θεοῦ
443 2711 704 2782 ποίμνης,
735 2710 784 2762 oi
807 2707 940 2760 θεῖοι
963 2704 1270 2767 ἀπόστολοι,
1300 2703 1375 2766 ὼς
1403 2701 1504 2772 ὅρη
1540 2700 1728 2772 ὑψηλά
1757 2700 1856 2753 καὶ

292 2805 532 2875 μετέωρα
569 2804 686 2867 ταῖς
719 2799 1084 2871 ὑψηλοτάταις
1113 2797 1369 2867 θεωρίαις
1412 2791 1726 2862 ὑψούμενοι,
1762 2791 1856 2844 καὶ

288 2900 438 2968 ἄρνες
484 2895 646 2958 Θεοῦ,
695 2893 822 2956 λαὸς
874 2893 1052 2960 ἆγιος,
1093 2889 1194 2958 τῆς
1236 2885 1564 2956 Ἐκκλησίας
1589 2883 1655 2936 τὰ
1685 2882 1854 2953 θρέμ-

293 3007 448 3060 ματα,
502 2986 696 3057 ὥσπερ
729 2984 905 3056 βουνοὶ
931 2983 1070 3054 πρὸς
1097 2981 1168 3034 τὰ
1204 2977 1386 3050 ὑψηλὰ
1427 2977 1528 3049 ὅρη
1563 2977 1629 3046 τῇ
1664 2991 1856 3046 προαι-

294 3079 428 3150 ρέσει
448 3076 880 3147 ἀνατεινάμενοι.
909 3071 1116 3126 Βαϐαίι
1146 3069 1336 3141 βαδαίί
1360 3067 1620 3136 τέθνηκεν
1643 3065 1675 3135 ἡ
1703 3063 1854 3134 πηγὴ

289 3173 380 3242 τῆς
416 3170 587 3239 ζωῆς,
620 3170 654 3238 ἡ
683 3165 776 3220 τοῦ
822 3164 1029 3234 Κυρίου
1069 3178 1169 3233 μου
1205 3160 1435 3231 Μήτηρ;
1472 3158 1619 3210 Ἔδει
1644 3156 1753 3225 γὰρ
1797 3156 1856 3208 τὸ

1955 1983 2310 2053 principibus,
2340 1983 2587 2052 juvenes,
2613 1991 2668 2036 et
2699 1981 2958 2048 virgines,
2997 1990 3156 2032 senes
3193 1989 3316 2029 cum
3339 1973 3524 2043 junio-

1956 2076 2106 2130 ribus
2155 2075 2396 2144 Deiparae
2445 2077 2674 2147 hymnos
2708 2074 2894 2129 dicant
2936 2089 2954 2126 ι
2999 2079 3175 2124 coetus
3211 2067 3364 2129 item,
3409 2080 3525 2118 om-

1955 2167 2212 2235 niumque
2255 2182 2512 2237 generum
2551 2181 2856 2240 sermones,
2905 2174 2958 2218 et
3000 2161 3163 2217 variae.
3190 2159 3427 2230 gentium
3475 2165 3529 2211 et

1955 2260 2272 2330 populorum
2300 2261 2490 2330 lingua:
2523 2275 2718 2314 novum
2745 2257 3040 2314 concinant
3071 2253 3366 2309 canticum.
3402 2251 3526 2320 Spi-

1954 2349 2242 2404 ritualibus
2282 2349 2472 2404 ﬁstulis
2503 2366 2566 2404 ae
2600 2350 2745 2404 tubis
2776 2363 2871 2404 aer
2903 2347 3108 2402 circum
3142 2350 3398 2413 personet
3421 2385 3436 2403 ,
3471 2349 3526 2395 et

1957 2439 2132 2506 igneis
2167 2441 2570 2508 splendoribus,
2597 2440 2892 2495 salutarem
2922 2439 3064 2493 diem
3089 2433 3354 2491 innovet‘.’
3386 2431 3531 2488 Gan-

1955 2531 2096 2596 dete,
2124 2532 2269 2596 cmli,
2326 2541 2379 2585 et
2425 2533 2594 2587 nubes
2641 2531 2908 2599 justitiam
2965 2529 3154 2599 pluant
3186 2544 3200 2580 :
3234 2523 3524 2583 exsultate,

1955 2621 2107 2676 electi
2143 2621 2233 2675 Dei
2267 2623 2444 2692 gregis
2478 2624 2699 2688 arietes,
2751 2621 2919 2676 divini
2965 2618 3192 2690 apostoli
3217 2657 3234 2681 ,
3266 2616 3356 2687 qui
3387 2614 3532 2670 velut
3610 2644 3613 2646 -

1961 2715 2057 2767 alti
2110 2715 2477 2784 sublimesque
2535 2725 2752 2770 mentes
2797 2711 3112 2768 celsissimis
3156 2707 3533 2780 speculationi-

1963 2806 2061 2860 bus
2088 2805 2281 2860 sublati
2306 2808 2453 2866 estis;
2487 2821 2707 2874 vosque,
2739 2806 2861 2875 agni
2895 2805 3008 2867 Dei,
3044 2803 3270 2874 populus
3288 2809 3530 2858 sanctus.

1957 2897 2214 2952 Ecclesiae
2255 2913 2472 2965 pecora,
2525 2899 2740 2954 collium
2798 2898 2971 2952 instar
3006 2895 3318 2950 inductione
3363 2891 3528 2946 animi

1957 2990 2021 3043 ad
2052 2989 2296 3044 excelsos
2323 2998 2532 3043 montes
2579 2987 2855 3057 attigistis.
2911 2986 3100 3057 Papae!
3166 2984 3348 3056 papa)!
3417 2982 3537 3036 lous

1959 3082 2107 3143 vitae,
2147 3081 2353 3134 Domini
2413 3080 2584 3135 Mater
2625 3081 2894 3136 moritur?
2920 3079 3220 3151 Oportebat
3264 3077 3432 3140 ettint,
3477 3083 3537 3128 ut

1957 3175 2099 3244 quod
2150 3193 2179 3229 e
2225 3182 2366 3227 terra
2399 3172 2684 3228 conﬂatum
2720 3180 2838 3227 erat
2893 3171 2958 3226 ad
3004 3182 3202 3228 terram
3236 3176 3538 3224 revertere-

292 3263 350 3315 ἑκ
381 3264 480 3333 γῆς
520 3257 777 3312 συντεθὲν
808 3252 1206 3323 παλινοστῆσαι
1240 3250 1379 3321 πρὸς
1417 3250 1541 3318 γῆν,
1592 3247 1688 3300 καὶ
1712 3244 1854 3300 οὑτω

1961 3275 2063 3327 tur.
2095 3275 2256 3334 atque
2300 3266 2371 3318 ita
2416 3266 2467 3319 in
2499 3263 2694 3320 cmlum
2737 3263 3224 3326 transmitteretur,
3261 3265 3387 3330 post
3411 3273 3536 3312 eor-

296 3351 688 3422 μεταναστῆσαι
727 3349 862 3418 πρὸς
887 3345 1136 3418 οὑρανὸν,
1169 3346 1234 3397 ἐκ
1271 3341 1370 3411 τῆς
1401 3340 1504 3410 γῆς
1534 3338 1714 3393 λαϐὼν
1741 3335 1852 3406 (69)

293 3446 383 3517 τὴν
418 3441 806 3514 δεδωρημένην
835 3442 901 3511 τῇ
938 3440 1008 3508 γῇ
1043 3439 1110 3508 τῇ
1152 3434 1445 3490 καταθέσει
1479 3431 1576 3484 τοῦ
1609 3429 1858 3499 σώματος

295 3538 672 3608 πανακήρατον
721 3533 886 3603 ζωήν.
956 3530 1105 3584 Ἐδει
1167 3527 1278 3598 γὰρ
1337 3525 1593 3597 καθάπερ
1659 3520 1859 3594 χρυσὸν

296 3627 666 3683 ἀποϐαλοῦσαν
685 3626 748 3680 τὸ
775 3623 976 3694 γεῶδες
1006 3623 1102 3675 καὶ
1127 3619 1377 3691 ἀλαμπὲς
1408 3618 1506 3688 τῆς
1537 3617 1860 3688 θνητότητος

297 3723 478 3791 πάχος,
509 3720 588 3783 ὡς
630 3721 688 3772 έν
736 3716 1000 3788 χωνεύσει
1044 3713 1123 3784 τῷ
1161 3713 1376 3782 θανάτῳ
1416 3711 1516 3782 τὴν
1549 3712 1726 3778 σάρκα
1752 3708 1860 3777 ἄφ-

296 3813 478 3885 θαρτον
525 3813 624 3867 καλ⁹
671 3809 940 3880 καθαρὰν,
1011 3807 1086 3878 τῷ
1142 3807 1338 3876 φέγγει
1397 3805 1497 3875 τῆς
1553 3801 1860 3875 ἀφθαρσίας

296 3906 677 3976 ὲκλὰμπουσαν
707 3902 1070 3970 ἐξαναστῆναι
1091 3897 1187 3952 τοῦ
1221 3898 1522 3968 μνήματος.

359 3996 399 4049 δ’
403 4037 416 4050 .
457 3997 710 4066 Σήμερον
760 3994 936 4066 ἀρχὴν
964 3990 1233 4062 λαμϐάνει
1277 3985 1538 4059 δευτέρας
1573 3985 1860 4058 ὑπάρξεως

299 4083 394 4136 ὑπὸ
416 4084 511 4137 τοῦ
543 4083 726 4145 δόντος
753 4083 889 4153 αὑτῇ
919 4080 1020 4152 τὴν
1049 4080 1224 4151 ἀρχὴν
1250 4081 1351 4148 τῆς
1379 4077 1651 4148 προτέρας
1683 4076 1862 4146 ὑπάρ-

300 4173 444 4240 ξεως,
474 4176 509 4244 ἡ
537 4171 704 4226 δοῦσα
736 4171 994 4243 δευτέρας
1026 4169 1220 4239 ἀρχὴν,
1240 4169 1342 4236 τῆς
1376 4167 1698 4236 σωματικῆς
1720 4165 1861 4232 λέγω

301 4266 597 4337 ὑπάρξεως,
631 4263 709 4333 τῷ
743 4263 816 4336 μὴ
837 4263 1093 4333 ἐσχηκότι
1116 4262 1293 4333 ἀρχὴν
1323 4259 1578 4332 χρονικὴν
1606 4260 1708 4328 τῆς
1735 4276 1864 4330 προ-

296 4357 448 4428 τέρας
481 4358 579 4411 καλ⁸
624 4355 797 4408 ἀϊδίου
826 4352 1132 4424 ὑπάρξεως,
1165 4354 1215 4404 εἰ
1262 4351 1358 4405 καὶ
1385 4350 1477 4402 τὸν
1506 4351 1729 4420 Πατέρα
1762 4350 1862 4420 ἀρ-

298 4450 392 4518 χὴν
440 4447 586 4520 εἶχεν
629 4448 704 4510 ὡς
753 4446 931 4500 αἰτίαν
973 4444 1076 4513 τῆς
1123 4441 1290 4498 αὑτοῦ
1345 4442 1494 4504 θείας
1549 4440 1858 4524 ὑπάρξεως.

301 4540 537 4611 Χαίροις,
567 4537 726 4602 Σιὼν,
758 4537 820 4590 τὸ
849 4536 992 4591 θεῖον
1019 4536 1142 4607 όρος
1169 4533 1435 4603 τδ,ἆγιον,
1465 4535 1523 4586 ὲν
1549 4528 1594 4602 ᾧ
1619 4531 1858 4603 κατῴκει

1961 3354 2106 3422 poris
2132 3353 2183 3406 in
2224 3363 2363 3406 terra
2396 3353 2783 3423 depositionem
2814 3351 3162 3422 purissimam
3197 3349 3362 3403 vitam
3391 3345 3538 3400 acci-

1961 3446 2130 3512 piens.
2158 3444 2545 3498 Decebatenim
2570 3453 2648 3510 ut,
2678 3442 3130 3513 quemadmodum
3147 3454 3362 3503 aurum,
3395 3447 3537 3492 terra

1959 3534 2205 3602 deposita
2242 3543 2295 3588 et
2337 3533 2626 3603 caliginosa
2685 3532 3028 3588 mortalitatis
3073 3529 3232 3596 mole,
3286 3541 3448 3584 carne
3483 3527 3537 3580 in

1961 3633 2134 3680 morte
2178 3623 2322 3678 velut
2379 3624 2428 3678 in
2475 3624 2659 3680 fusura
2713 3625 3025 3693 incorrupta
3067 3637 3130 3678 ac
3167 3635 3323 3692 pura,
3377 3628 3540 3686 atque

1965 3719 2382 3786 incorruptionis
2445 3717 2650 3788 fulgore
2677 3716 2916 3774 rutilauti
2952 3731 2984 3771 ο
3033 3720 3382 3772 monumento
3441 3727 3533 3768 rc-

1961 3825 2187 3883 surgens
2210 3812 2547 3868 inducretur.

2030 3993 2085 4049 ι.
2148 3993 2336 4059 Hodie,
2401 4008 2522 4064 quae
2567 3992 2756 4064 prima
2801 3989 3166 4057 exsistentim,
3241 3987 3541 4058 corporalis

1962 4085 2188 4149 scilicet,
2209 4085 2530 4154 principium
2555 4084 2625 4138 ab
2655 4099 2721 4138 eo
2755 4082 3090 4154 accepit,qui
3117 4079 3413 4150 temporale
3440 4078 3543 4132 ini-

1965 4179 2095 4232 tium
2118 4194 2220 4231 non
2240 4177 2425 4230 habuit
2459 4175 2656 4246 prioris
2687 4175 3221 4244 etsempiternresua:
3236 4169 3541 4233 exstantia.

1963 4272 2062 4326 etsi
2079 4271 2290 4326 Patrem
2309 4270 2634 4340 principium
2657 4269 2911 4332 habebat,
2935 4275 3192 4335 tanquam
3215 4264 3413 4319 divinae
3433 4277 3544 4317 suae

1967 4364 2253 4418 exstantia
2287 4372 2561 4417 auctorem
2589 4401 2604 4423 .
2635 4363 2750 4417 haec
2776 4360 3030 4415 secunda:
3069 4356 3399 4413 exsistentize
3431 4355 3538 4409 ini-

1965 4455 2098 4509 tium
2122 4456 2188 4508 ab
2206 4469 2269 4509 eo
2284 4454 2606 4523 accipit,qui
2625 4453 2725 4523 ipsi
2747 4452 2893 4506 dedit
2911 4451 3208 4520 utprimum
3231 4447 3540 4504 exsisteret.
3641 4459 3664 4475 '

1966 4545 2180 4610 Gaude,
2220 4545 2374 4610 Sion,
2401 4544 2616 4599 divinus
2648 4559 2802 4599 mons
2835 4553 2888 4599 et
2916 4541 3227 4604 sanctus,in
3255 4553 3362 4609 quo
3393 4553 3547 4592 mons

298 4633 352 4683 τὸ
378 4631 518 4684 θεῖον
543 4631 668 4702 ὅρος
697 4630 757 4682 τὸ
781 4629 1020 4700 ἔμψυχον
1039 4645 1051 4658 ·
1085 4629 1119 4698 ὴ
1152 4627 1248 4680 νέα
1281 4626 1592 4698 autem.»
1687 4625 1854 4696 στήλη

1968 4637 2182 4690 divinus
2219 4647 2275 4692 et
2305 4636 2578 4690 animatus
2607 4634 2875 4689 habitavit
2904 4649 2919 4687 :
2951 4647 3087 4689 nova
3120 4630 3327 4696 Bethel,
3357 4629 3409 4684 in
3439 4643 3546 4698 qua

300 4722 563 4794 ηλειπται,
615 4723 932 4794 ἀνθρωπίνη
983 4723 1142 4790 φύσις
1177 4721 1439 4792 χριομένη
1471 4720 1705 4790 θεότητι.
1767 4719 1862 4772 Ἐκ

302 4815 388 4869 σοῦ
427 4817 539 4886 (70)
577 4815 712 4887 πρὸς
761 4815 1012 4886 οὑράνιον
1057 4813 1192 4882 ὕψος
1234 4812 1624 4883 μετεώρισται,
1671 4811 1746 4874 ὡς
1803 4810 1862 4874 ἐξ

302 4906 506 4972 ὲλαίων,
533 4909 562 4959 ό
589 4906 795 4976 ταύτης
824 4905 969 4968 Υἱός.
987 4903 1395 4975 Ἰέτοιμαζέσθω
1422 4904 1623 4974 νεφέλη
1648 4905 1862 4972 παγκό-

306 5000 450 5068 σμιός
489 5016 548 5052 τε
581 4999 676 5052 καὶ
706 4997 1089 5068 περικόσμιος,
1122 4996 1216 5048 καὶ
1245 4995 1466 5065 ἀνέμων
1497 4995 1766 5067 πτέρυγες
1799 4995 1866 5050 ὲκ

299 5091 398 5144 τῶν
440 5093 694 5164 περάτων
723 5093 820 5161 τῆς
851 5091 956 5159 γῆς
1000 5089 1134 5159 πρὸς
1165 5088 1302 5141 Σιὼν
1353 5089 1480 5149 τοὺς
1524 5088 1864 5152 ἀποστόλους

302 5184 720 5250 διαϐιϐάζουσαι.
767 5185 927 5246 Τίνες
976 5182 1086 5234 οἶδε
1132 5180 1264 5234 ὡσεὶ
1312 5180 1534 5246 νεφέλαι
1588 5181 1682 5235 καὶ
1715 5181 1863 5236 ἀετοὶ

303 5278 550 5335 πέτανται
587 5281 724 5352 πρὸς
748 5282 808 5333 τὸ
828 5280 1029 5351 πτῶμα
1049 5280 1110 5332 τὸ
1134 5279 1233 5348 τῆς
1263 5278 1482 5333 πάντων
1513 5277 1864 5340 ἀναστάσεως

305 5369 461 5424 αἴτιον
486 5374 550 5442 τῇ
610 5371 788 5442 Μητρὶ
843 5369 936 5422 τοῦ
996 5369 1133 5422 Θεοῦ
1183 5369 1696 5440 λειτουργήσοντες;
1765 5368 1858 5430 Τίς

305 5457 432 5528 αῦτη
457 5461 491 5530 η
517 5459 882 5512 ἀναϐαίνουσα
902 5457 1420 5529 λελευκανθισμένη,
1455 5459 1549 5529 ὅλη
1579 5457 1741 5528 καλὴ,
1772 5460 1862 5510 ἐκ-

305 5546 577 5618 λάμπουσα
624 5549 700 5615 ὡς
749 5550 932 5621 ἧλιος;
1001 5549 1302 5621 ’ᾼδέτωσαν
1366 5549 1422 5600 αί
1478 5548 1701 5618 κιθάραι
1760 5547 1855 5600 τοῦ

373 5754 470 5874 ἓϐὃ)
503 5755 626 5826 ch.
657 5757 746 5810 καὶ
766 5755 1040 5826 δυσμενὴς
1073 5754 1363 5824 Νεστόριος
1401 5755 1428 5806 ὁ
1467 5754 1746 5824 τύραννος,
1782 5753 1856 5825 τῷ

311 5819 369 5887 βυ
403 5824 443 5887 ᾦ
467 5825 561 5887 τῆς
596 5829 795 5887 μιαρᾶς
829 5825 990 5880 αὑτοῦ
1034 5825 1378 5887 βλασφημίας
1419 5823 1801 5887 κατεχωσθείς.

344 5841 369 5874 'J

403 5824 443 5893 ᾦ
467 5825 561 5896 τῆς
578 5823 795 5896 ’μιαρᾶς
829 5823 1006 5880 αὑτοῦ
1034 5823 1378 5894 βλασφημίας
1419 5823 1801 5893 κατεχωσθείς.

1968 4727 2219 4782 columna
2268 4735 2426 4781 uncta
2459 4735 2563 4790 est,
2605 4725 2841 4779 humana
2880 4724 3135 4778 nimirum
3180 4732 3373 4775 natura
3413 4718 3550 4773 divi-

1969 4821 2142 4874 nitate
2177 4831 2436 4891 peruncta
2467 4837 2482 4873 :
2514 4835 2578 4873 ex
2618 4827 2670 4872 te
2702 4817 2818 4888 ejus
2849 4817 3020 4872 Filius
3053 4815 3120 4868 ad
3154 4813 3429 4870 caelestem
3463 4826 3550 4864 su-

1969 4913 2324 4976 blimitatem,
2351 4913 2507 4982 quasi
2537 4927 2603 4965 ex
2628 4911 2792 4966 olivis
2821 4918 2904 4964 est
2934 4918 3174 4965 evectus.
3207 4905 3548 4976 Praeparetur

1971 5004 2144 5059 nubes
2179 5004 2421 5059 universi
2455 5003 2626 5066 orbis,
2659 5011 2712 5057 et
2740 5015 2902 5070 supra
2936 5000 3219 5061 mundum,
3265 5005 3319 5049 et
3349 5005 3548 5050 vento-

1969 5109 2087 5148 rum
2116 5094 2213 5148 alae
2245 5110 2367 5162 qum
2397 5093 2672 5160 apostolos
2699 5106 2766 5146 ex
2795 5101 2952 5144 terra:
2983 5088 3179 5142 ﬁnibus
3207 5088 3256 5140 in
3296 5085 3426 5140 Sion
3453 5085 3547 5138 ad-

1974 5186 2200 5241 vehant.
2236 5187 2336 5253 Qui
2371 5195 2495 5240 sunt
2527 5185 2640 5248 isti,
2669 5184 2758 5251 qui
2793 5191 3048 5252 tanquam
3070 5179 3238 5234 nuhes
3267 5185 3322 5232 et
3354 5175 3548 5246 aquila:

1965 5280 2032 5328 ad
2069 5291 2265 5344 corpus
2315 5273 2736 5329 resurrectionis
2781 5271 3026 5325 omnium
3075 5282 3295 5322 causam
3343 5267 3546 5332 volant,

1968 5366 2059 5422 Dei
2089 5365 2245 5422 Matri
2291 5365 2694 5420 ministraturi?
2749 5377 2868 5433 qua:
2896 5372 2978 5417 est
3021 5361 3120 5432 ista
3149 5375 3266 5430 qnze
3310 5360 3550 5414 ascendit

1970 5447 2256 5512 dealbata?
2287 5467 2396 5511 tota
2429 5457 2674 5526 pulchra,
2713 5451 3068 5524 resplendens
3127 5461 3184 5505 ut
3221 5452 3346 5507 sol?
3374 5441 3549 5520 Spiri4

1971 5559 2056 5602 tus
2090 5549 2314 5604 citharze
2365 5546 2678 5612 concinam,
2727 5543 3038 5614 apostolicae
3083 5543 3298 5614 linguae,
3337 5540 3550 5598 theolo-

2036 5751 2148 5819 (69)
2179 5751 2268 5804 Sic
2291 5766 2502 5818 quoque
2526 5751 2780 5819 §cguer.,
2809 5749 2944 5801 forte
2971 5745 3153 5801 λαϐόν.

2043 5813 2152 5890 (70)
2189 5813 2370 5876 Germ.
2415 5813 2472 5887 ἐξ
2498 5813 2578 5888 οῦ,
2609 5813 2692 5876 sic
2723 5822 2880 5873 Allat.
2913 5832 2978 5871 ex
3015 5831 3138 5886 qua.
