4046 6450
506 360 608 422 759

1691 370 1749 430 S.
1787 368 2105 430 JOANNIS
2136 370 2564 432 DAMASCENI

3642 361 3739 422 760

496 492 683 547 gorum
720 478 952 532 vertices
980 477 1242 547 cymbalis
1286 488 1649 548 perstrepant.
1696 479 1800 535 Vas
1838 482 2060 535 electio-

2170 482 2503 553 Πνεύματος,
2560 484 2914 537 ἀποστολικαὶ
2979 483 3239 552 γλῶσσαι.
3303 481 3741 546 Ἀλαλαζέτωσαν

495 566 583 620 nis
615 564 939 621 llierotheus
967 569 1011 632 ',
1036 567 1220 622 divino
1252 567 1455 639 Spiritu
1481 582 1850 637 consecratus,
1883 573 2064 628 divina

498 656 699 708 unione
735 669 823 708 res
860 654 1072 711 divinas
1099 658 1322 711 edoctus
1352 674 1669 730 passusque,
1706 673 1852 718 totus
1886 679 1916 717 e
1943 680 2068 719 cor-

500 762 632 814 pore
664 748 908 809 excedat,
944 756 1090 801 totus
1138 748 1361 803 liberam
1407 751 1572 805 animi
1615 752 1937 809 electionem
1984 771 2068 809 se-

498 853 670 907 quens
699 839 878 900 abeat,
914 840 1342 908 laudatoriisque
1374 844 1603 897 canticis
1637 846 1882 911 plaudat.
1923 846 2069 901 Gen-

502 942 581 985 tes
630 946 819 984 omnes
869 931 1120 986 manibus
1175 932 1435 1002 plaudant
1486 956 1499 990 :
1557 936 1840 1005 Deiparatn
1881 953 2069 993 omnes

506 1021 747 1075 laudent.
777 1021 967 1090 Angeli
993 1023 1229 1077 obnoxio
1254 1024 1415 1077 morti
1445 1029 1659 1095 corpori
1687 1027 1947 1084 serviant.
1976 1028 2069 1082 Fi-

506 1113 590 1165 lia:
619 1111 942 1177 Jerusalem,
967 1125 1297 1180 prmeuntem
1335 1115 1580 1185 reginam
1627 1119 1916 1185 sequimini
1943 1119 1984 1185 ³,
2018 1132 2071 1174 et

510 1205 652 1256 velut
684 1203 944 1269 proximae
974 1203 1047 1257 illi
1092 1204 1354 1274 virgines,
1387 1206 1594 1276 Spiritu
1633 1208 1957 1277 juvenantes
2003 1210 2070 1265 ad

510 1314 767 1368 sponsum
832 1300 989 1355 simul
1046 1300 1448 1368 convehamini,
1505 1317 1535 1355 a
1594 1301 1801 1356 dextris
1860 1302 2068 1357 Domini

514 1395 766 1449 astiturte.
811 1392 1110 1458 Descende,
1147 1394 1433 1458 descende,
1469 1396 1939 1461 Domine,_Matri,
1993 1397 2070 1451 uti

506 1498 603 1552 par
645 1494 749 1545 est,
795 1484 975 1538 debita
1022 1485 1404 1540 nutricationis
1447 1496 1552 1540 tua:
1593 1488 1811 1555 praemia
1864 1490 2072 1557 persol-

503 1576 636 1631 vito.
685 1575 901 1631 Divinas
931 1577 1166 1631 extende
1199 1591 1388 1630 manus
1421 1594 1435 1631 :
1478 1587 1777 1632 maternam
1814 1582 2068 1633 animam

504 1668 742 1736 suscipe,
794 1669 884 1736 qui
937 1668 1179 1738 paternis
1227 1670 1472 1723 manibus
1522 1670 1769 1739 spiritum
1814 1671 1866 1725 in
1912 1686 2073 1728 cruce

504 1761 800 1829 deposuisti
841 1779 854 1815 :
880 1760 1018 1814 dulci
1046 1775 1162 1814 eam
1193 1775 1413 1816 susurro
1440 1763 1725 1831 compella.
1756 1762 1915 1831 Veni,
1947 1766 2071 1836 pul-

2169 573 2449 645 κύμϐαλα,
2480 578 2537 629 ai.
2570 577 2674 630 τῶν
2699 576 2963 643 θεολόγων
2994 577 3315 646 ἀκρότητες,
3343 575 3401 628 τὸ
3430 573 3629 636 σκεῦος
3650 574 3742 644 τῆς

2169 666 2397 737 ἐκλογῆς
2462 666 2744 738 Ἱερόθεος,
2776 668 2804 720 ὁ
2849 668 2927 738 τῷ
2971 666 3099 737 θείῳ
3132 666 3542 736 καθιερωμένος
3578 665 3743 717 Πνεύ-

2173 775 2323 828 ματι,
2354 761 2381 811 ὁ
2414 762 2480 828 τῇ
2515 758 2633 830 Θείᾳ
2664 759 2855 812 ἐνώσει
2884 760 2953 812 τὰ
2998 759 3119 812 θεῖα
3172 757 3361 810 παθὼν
3403 759 3502 810 καὶ
3539 755 3739 826 μαθὼν,

2169 850 2290 913 ὅλος
2341 848 2643 913 ἐξιστάσθω
2686 849 2782 902 τοῦ
2838 848 3123 918 σώματος·
3172 848 3293 911 ὅλος
3340 846 3746 916 συνεκδημείτω

2169 942 2236 1010 τῇ
2273 939 2609 1010 προαιρέσει,
2640 939 2734 991 καὶ
2772 939 3035 1010 κροτείτω
3074 940 3185 999 τοῖς
3214 936 3517 1006 ὲφυμνίοις.
3566 934 3747 988 Πάντα

2170 1031 2237 1085 τὰ
2283 1030 2409 1102 ἔθνη
2454 1034 2641 1103 χεῖρας
2688 1031 3078 1101 κροτείτωσαν,
3110 1031 3309 1093 πάντες
3340 1031 3438 1097 τὴν
3487 1027 3746 1080 Θεοτόκον

2173 1123 2536 1193 ὑμνείτωσαν.
2574 1122 2828 1191 Ἄγγελοι
2872 1120 3051 1191 θνητῷ
3105 1118 3591 1191 >.ειτουργ;ίτωσαν
3643 1117 3744 1170 σώ·

2177 1232 2325 1284 ματι.
2358 1214 2671 1283 Θυγατέρες
2719 1211 3096 1283 Ἰερουσαλὴμ,
3136 1212 3315 1264 ὀπίσω
3344 1210 3442 1278 τῆς
3481 1208 3747 1278 βασιλίδος

2175 1304 2602 1377 ἀκολουθήσατε.
2647 1305 2741 1359 καὶ
2770 1304 2845 1368 ὼς
2875 1304 3103 1374 πλησίον
3132 1303 3301 1372 αὐτῆς
3332 1302 3597 1371 παρθένοι
3626 1318 3747 1353 νεαο

2174 1396 2490 1466 νιευόμεναιε
2524 1395 2803 1465 Πνεύματι
2858 1395 2996 1466 πρὸς
3040 1395 3130 1446 τὸν
3158 1392 3392 1464 νυμφίον
3447 1393 3747 1445 συναπενέ-

2174 1488 2364 1557 χθητε,
2418 1489 2481 1539 ὲκ
2526 1486 2714 1551 δεξιῶν
2764 1485 2858 1539 τοῦ
2913 1485 3185 1539 Δεσπότου
3233 1484 3745 1554 παραστησόμεναι.

2177 1576 2394 1641 Κάτιθι,
2465 1575 2670 1638 κάτιθι,
2734 1575 3001 1639 Δέσποτα,
3062 1578 3128 1646 τῇ
3186 1574 3367 1644 Μητρὶ
3426 1573 3748 1643 κατάχρεως

2176 1672 2465 1734 ἀποτιννὺς
2522 1672 2590 1724 τὰ
2628 1669 2951 1739 ὀφειλόμενα
3009 1669 3274 1739 θρέπτρα.
3329 1666 3495 1730 Θείας
3549 1668 3749 1719 ἀναπέ-

2177 1781 2340 1816 τασον
2368 1766 2554 1833 χεῖρας
2579 1780 2591 1792 ο
2622 1761 2771 1827 δέξαι
2816 1762 2994 1833 ψυχὴν
3044 1761 3337 1832 μητρικὴν,
3381 1762 3409 1812 ὁ
3450 1762 3750 1829 πατρικαῖς

505 1851 659 1914 clira,
688 1852 932 1921 proxima
975 1866 1092 1905 mea
1118 1889 1133 1917 ,
1166 1868 1285 1921 quae
1333 1853 1666 1923 virginitatis
1698 1855 1865 1926 885
1903 1858 2068 1911 forma

2176 1856 2332 1924 χερσὶ
2367 1855 2430 1907 τὸ
2455 1854 2669 1921 πνεῦμα
2716 1855 2809 1908 ἐπὶ
2842 1852 3077 1922 σταυροῦ
3130 1852 3535 1923 παραθέμενος,
3567 1852 3748 1921 φώνη-

504 1942 671 1995 solem
727 1944 897 2010 ipsum
953 1943 1329 2011 Splendoribus
1388 1960 1637 2014 superas.
1693 1946 1806 2001 Tua
1859 1964 2070 2004 mecum

504 2032 952 2097 communicasli;
988 2048 1132 2086 nunc
1186 2048 1428 2098 meorum
1476 2038 1746 2106 particeps
1775 2049 1912 2096 esto.
1964 2041 2071 2097 Ac-

504 2122 655 2186 cede,
682 2120 870 2185 Mater,
897 2124 960 2176 ad
988 2123 1182 2178 Filium
1212 2142 1225 2177 :
1262 2124 1372 2193 jam
1404 2142 1524 2181 cum
1549 2143 1613 2183 eo
1636 2129 1808 2197 qui‘ex
1836 2139 1887 2184 te
1918 2142 2073 2187 natus

503 2223 607 2279 est,
648 2222 702 2267 et
760 2226 936 2268 tecum
985 2226 1280 2285 egestatem
1342 2219 1528 2284 subiit,
1579 2236 1801 2289 regnum
1868 2233 2069 2279 teneto.

501 2306 626 2370 Abi,
657 2303 911 2371 Domina,
950 2308 1060 2375 abi,
1089 2326 1194 2364 non
1227 2313 1300 2366 uti
1334 2313 1528 2378 Moses,
1558 2316 1811 2380 ascende,
1849 2331 1913 2370 ac
1956 2332 2071 2371 mo-

504 2412 641 2454 rere.
687 2398 903 2455 Morere
943 2402 1120 2469 potius
1165 2404 1420 2472 primum,
1469 2408 1591 2461 dein
1638 2408 1892 2461 ascende.
1934 2409 2071 2463 Ani-

503 2507 643 2543 mam
694 2490 820 2545 Filii
852 2494 924 2546 tui
962 2495 1212 2551 manibus
1264 2512 1463 2565 repone
1494 2517 1507 2553 :
1549 2509 1707 2554 terra:
1734 2504 1877 2570 quod
1913 2510 2071 2557 terra:

499 2592 601 2645 est,
633 2584 841 2641 redde:
878 2600 1001 2639 nam
1044 2587 1143 2642 hoc
1195 2590 1358 2643 etiam
1404 2600 1576 2648 tecum
1620 2595 1780 2647 simul
1827 2595 2074 2651 subleva-

502 2673 615 2725 bitu
630 2692 672 2727 r.
695 2674 910 2743 Tollite,
944 2692 976 2731 ο
1002 2680 1197 2748 popule
1237 2683 1353 2748 Dei,
1378 2684 1563 2739 oculos
1596 2702 1610 2751 ;
1643 2686 1837 2751 tollite,
1869 2698 1923 2741 et
1945 2703 2071 2743 ecce

503 2766 553 2818 in
607 2765 737 2822 Sion
792 2786 976 2824 arcam
1019 2771 1228 2826 Domini
1281 2775 1374 2829 Dei
1430 2776 1711 2847 virtutum,
1749 2781 1834 2835 cui
1894 2782 2069 2851 reipsa

502 2857 731 2923 apostoli
762 2860 983 2929 quidem
1036 2871 1242 2930 astant,
1282 2881 1479 2935 corpus
1523 2869 1665 2937 quod
1703 2871 1824 2926 vita:
1858 2874 2064 2942 princi-

503 2948 649 3015 pium
679 2960 732 3002 et
763 2949 854 3004 Dei
914 2955 1307 3021 receptaculum
1365 2956 1463 3010 fuit.
1506 2957 1854 3015 funerantes:
1892 2964 2068 3034 angeli

503 3040 987 3110 veroincorporali
1035 3045 1400 3115 invisibilique
1455 3053 1662 3106 ratione
1700 3053 1921 3121 fovent,
1974 3058 2070 3112 Do-

503 3129 629 3182 mini
666 3131 745 3184 sui
776 3130 1036 3188 Genitrici
1063 3149 1166 3189 non
1196 3137 1315 3191 sine
1345 3137 1537 3193 timore
1568 3156 1844 3197 servorum
1898 3146 2067 3201 instar
2096 3172 2140 3229 ρ

500 3221 833 3277 assistentes.
868 3223 985 3294 Ipse
1024 3242 1238 3297 quoque
1290 3229 1547 3286 Dominus
1592 3234 1763 3300 adest,
1801 3238 1895 3306 qui
1945 3240 2065 3294 ubi-

500 3328 607 3382 que
638 3330 873 3383 premens
910 3328 1016 3385 est,
1042 3321 1523 3393 omniacomplens
1568 3334 1621 3379 et
1653 3329 1904 3384 universa
1933 3347 2065 3385 con-

502 3407 698 3472 tinens,
729 3408 880 3475 cujus
908 3411 1087 3466 uullus
1123 3422 1205 3467 est
1250 3414 1440 3471 locus:
1473 3417 1524 3469 in
1560 3416 1676 3487 ipso
1707 3421 1853 3475 enim
1888 3426 2067 3479 omnia

498 3507 645 3564 sunt,
675 3500 819 3555 velut
844 3502 894 3555 in
932 3501 1210 3570 Creatore,
1247 3509 1335 3575 qui
1384 3520 1574 3563 cuncta
1605 3514 1789 3567 condit
1832 3524 1887 3569 et
1916 3531 2067 3570 com-

492 3590 767 3665 plectitur.
817 3591 953 3648 Ecce
996 3595 1383 3663 virgo,Adami
1453 3600 1563 3655 ﬁlia
1628 3602 1831 3668 Deique
1874 3605 2063 3672 Mater,

496 3696 696 3750 corpus
746 3694 899 3737 terrae
953 3697 1171 3754 propter
1230 3687 1495 3743 Adamum
1552 3693 1772 3747 tradit:
1830 3696 2065 3752 animam

496 3787 627 3827 vero
657 3774 721 3825 ad
761 3775 1011 3830 cmlestes
1043 3780 1197 3832 sedes
1230 3790 1447 3849 propter
1493 3781 1685 3837 Filium
1724 3788 2064 3843 transmittit.

500 3864 643 3919 llrbs
665 3876 850 3921 sancta
882 3870 1277 3936 sanctilicetur,
1306 3886 1370 3925 ac
1398 3888 1519 3926 cum
1563 3875 1689 3929 aliis
1732 3876 2067 3932 benedictio-

503 3957 691 4022 nibus,
733 3960 1118 4029 sempiternam
1164 3963 1588 4019 benedictionem
1624 3967 1843 4022 referat.
1889 3969 2065 4026 Divini

500 4049 830 4106 tabernaculi
881 4069 1129 4123 pompam
1176 4055 1352 4126 angeli
1400 4060 1727 4124 praecedant,
1781 4071 1834 4116 et
1881 4064 2067 4133 sepul-

497 4156 647 4193 crum
698 4155 982 4211 apparent.
1034 4143 1090 4198 ld
1156 4145 1362 4217 fulgore
1426 4149 1659 4219 Spiritus
1701 4153 2063 4216 lionestetur;

495 4243 763 4301 unguenta
796 4248 1210 4303 componantur,
1243 4240 1444 4309 quibus
1478 4243 1823 4309 purissimum
1864 4249 2064 4304 odora-

495 4321 872 4390 tissimumque
895 4340 1093 4393 corpus
1110 4326 1452 4395 perfricetur.
1468 4329 1626 4386 Adsit
1652 4335 1793 4388 unda
1823 4336 2066 4407 limpida,

494 4426 615 4480 qua:
642 4413 1066 4471 benedictionem
1100 4419 1313 4475 hauriat
1355 4436 1422 4475 ex
1450 4422 1807 4480 mundissimo
1842 4427 2063 4483 benedi-

2176 1962 2266 1998 σον
2307 1946 2443 2016 πρὸς
2474 1944 2640 2015 αὐτὴν
2672 1944 2771 2015 ἡδύ
2819 1962 2870 1996 τι
2894 1943 3221 2014 ψιθύρισμα.
3271 1942 3457 2005 Ἐλθέ,
3513 1945 3547 2013 ἡ
3578 1941 3745 2009 καλὴ,

2172 2041 2204 2109 ὴ
2257 2038 2481 2109 πλησίον
2514 2056 2651 2109 μου,
2696 2041 2730 2109 ὴ
2777 2038 2855 2108 τῷ
2890 2038 3076 2091 κάλλει
3115 2038 3216 2109 τῆς
3256 2037 3559 2108 παρθενίας
3613 2038 3749 2107 ὑπὲρ

2171 2130 2323 2200 ἥλιον
2384 2129 2875 2201 μαρμαρύσσουσα.
2942 2127 3266 2189 Μετέδωκάς
3326 2146 3415 2198 μοι
3454 2128 3569 2179 τῶν
3620 2127 3747 2179 σῶνο

2172 2219 2349 2289 δεῦρο,
2382 2220 2489 2272 τῶν
2522 2219 2669 2288 ἐμῶν
2693 2220 3119 2273 συναπόλαυσον·
3148 2218 3327 2290 δεῦρο,
3357 2219 3556 2291 Μῆτερ
3575 2260 3587 2277 ,
3618 2220 3750 2290 πρὸς

2170 2312 2261 2363 τὸν
2292 2312 2436 2364 Υἱόνο
2465 2311 2657 2383 δεῦρο.
2706 2312 3137 2382 συμϐασίλευσον
3168 2311 3247 2381 τῷ
3287 2313 3350 2364 ἐκ
3385 2310 3475 2363 σοῦ
3536 2313 3637 2364 σὺν
3672 2312 3749 2365 σοι

2173 2403 2565 2473 πτωχεύσαντι.
2590 2402 2799 2466 Ἀπιθι,
2824 2403 3107 2466 Δέσποινα,
3132 2401 3307 2463 ἄπιθι,
3333 2402 3393 2454 οὐ
3418 2401 3749 2464 Μωσαῑλῶς,

2173 2496 2382 2560 ἀνάὅα,
2414 2496 2509 2548 καὶ
2532 2495 2775 2549 τελεύτα.
2816 2494 3054 2547 Τελεύτα
3091 2494 3147 2547 δὲ
3190 2493 3411 2563 μᾶλλον,
3448 2494 3545 2545 καὶ⁸
3579 2492 3750 2555 οὕτως

2172 2585 2451 2639 ἀναὸαἴνε.
2478 2584 2672 2656 Ψυχὴν
2692 2585 2941 2655 παράθου
2972 2588 3090 2649 ταῖς
3114 2584 3205 2638 τοῦ
3240 2584 3369 2637 Υἱοῦ
3402 2601 3494 2636 σου
3537 2584 3745 2655 χερσίν.

2185 2676 2405 2740 Ἀπόδος
2432 2677 2491 2729 τὸ
2519 2675 2615 2729 τοῦ
2654 2676 2775 2746 χοὸς
2800 2676 2878 2746 τῷ
2908 2674 2994 2746 χοῖ
3013 2716 3026 2740 ,
3056 2676 3131 2739 ὡς
3164 2677 3245 2728 ὅτι
3275 2674 3435 2728 τοῦτο
3473 2691 3749 2743 συνεπαρ-

2173 2770 2414 2841 θήσεται.
2441 2772 2667 2840 Ἀρατε,
2708 2769 2737 2820 ὁ
2784 2768 2877 2821 τοῦ
2909 2767 3043 2821 Θεοῦ
3086 2768 3234 2832 λαὸς,
3265 2770 3390 2832 τοὺς
3432 2767 3751 2836 ὀφθαλμοὺς

2174 2860 2203 2913 ὑ
2210 2861 2346 2931 μῶν,
2365 2861 2532 2930 ἄρατε
2551 2861 2603 2929 (⁸7
2616 2860 2685 2931 1).
2721 2857 2849 2913 Ἰδοὺ
2874 2858 2930 2909 ὲν
2946 2855 3083 2909 Σιὼν
3098 2859 3130 2927 ἡ
3145 2856 3375 2919 κιϐωτὸς
3391 2856 3599 2926 Κυρίου
3615 2852 3749 2907 Θεοῦ

2171 2951 2276 3005 τῶν
2305 2951 2604 3019 δυνάμεων,
2650 2950 2745 3002 καί
2788 2949 2960 3021 ταύτῃ
3014 2946 3341 3019 σωματικῶς
3371 2947 3420 3001 oi
3462 2944 3750 3000 ἀπόστολοι

2173 3044 2633 3112 παρειστήκεισαν
2655 3041 2714 3094 τὸ
2737 3040 3046 3112 ζωαρχικὸν
3070 3041 3162 3094 καὶ
3186 3040 3430 3110 θεοδόχον
3466 3038 3627 3109 σῶμα
3650 3055 3749 3105 κη-

2172 3133 2435 3197 δεύοντες.
2477 3134 2680 3199 Ἀΰλως
2713 3134 2768 3186 δέ
2799 3135 2891 3187 καὶ
2921 3134 3170 3204 ἀοράτως
3205 3132 3564 3204 περίεπουσιν
3587 3131 3753 3199 ἄγγε-

2172 3223 2253 3276 λοι
2280 3224 2447 3295 φόϐῳ,
2480 3228 2544 3296 τῇ
2568 3224 2744 3294 Μητρὶ
2769 3225 2860 3278 τοῦ
2891 3224 3039 3294 σφῶν
3061 3225 3330 3277 Δεσπὸτου
3362 3221 3750 3293 δουλοπρεπῶς

2170 3318 2586 3386 παριστάμενοι.
2620 3317 2790 3380 Αὐτὸς
2816 3320 2843 3370 ὁ
2870 3318 3074 3389 Κύριος
3096 3317 3381 3388 πάρεστιν,
3407 3319 3435 3369 ὁ
3470 3312 3749 3384 πανταχοῦ

2169 3408 2377 3480 παρὼν,
2409 3410 2501 3462 καὶ
2535 3410 2601 3463 τὰ
2628 3410 2807 3462 πάντα
2840 3408 3080 3480 πληρῶν,
3108 3408 3200 3461 καὶ
3223 3406 3502 3479 περιέπων
3526 3407 3587 3459 τὸ
3614 3408 3745 3470 πᾶν,

2168 3493 2228 3553 οὗ
2267 3501 2429 3564 τόπος
2464 3499 2657 3563 οὐδείς.
2704 3501 2789 3553 Ἑν
2832 3500 2979 3570 αὐτῷ
3010 3499 3119 3570 γὰρ
3146 3499 3215 3553 τὰ
3259 3500 3437 3553 πάντα
3475 3498 3551 3562 ὡς
3589 3515 3747 3567 ποιη-

2168 3593 2305 3663 cth
2335 3595 2427 3646 καὶ
2460 3592 2765 3662 συνεκτικῷ
2794 3593 2973 3663 αἰτίῳ.
3016 3592 3152 3646 Ἰδοὺ
3180 3593 3213 3662 ὴ
3254 3590 3553 3661 παρθένος,
3586 3591 3617 3658 ἡ
3654 3590 3746 3644 θυ-

2174 3684 2353 3755 γάτηρ
2400 3683 2572 3753 ’Λδὰμ
2601 3682 2697 3735 καὶ
2728 3681 2923 3755 Μητὴρ
2953 3680 3124 3745 Θεοῦ,
3159 3681 3229 3734 δι’
3278 3682 3449 3752 Ἀδὰμ
3484 3682 3543 3734 τὸ
3592 3680 3745 3751 σῶμα

2170 3777 2531 3846 παραπέμπει
2560 3778 2626 3846 τῇ
2654 3776 2744 3844 γῇ,
2779 3774 2876 3844 τὴν
2905 3774 2959 3825 δὲ
2999 3772 3176 3845 ψυχὴν
3209 3774 3486 3845 οὐρανίαις
3521 3775 3745 3843 σκηναῖς

2168 3870 2255 3924 διὰ
2296 3869 2389 3922 τὸν
2440 3868 2569 3922 Υίὸν
2616 3866 2952 3921 ἀναδίδωσιν.
3015 3865 3351 3935 Ἀγιαζέσθω
3400 3865 3462 3919 τὸ
3512 3867 3645 3921 ἄστυ
3687 3866 3744 3917 τὸ

2171 3963 2346 4029 ἅγιον,
2383 3960 2479 4013 καὶ
2514 3959 2602 4012 ἐπ’
2644 3958 2916 4025 εὐλογίαις
2950 3956 3283 4029 καρπούσθω
3324 3956 3577 4026 εὐλογίαν
3619 3957 3743 4011 αἰῶ·

2169 4069 2298 4106 νιον.
2349 4053 2429 4121 Τῇ
2486 4050 2733 4104 διαϐάσει
2786 4050 2878 4104 τοῦ
2930 4050 3074 4104 θείου
3125 4051 3482 4121 σκηνώματος
3537 4068 3740 4119 προπο-

2170 4142 2516 4216 ρευέσθωσαν
2556 4141 2819 4210 ἄγγελοι,
2854 4145 2950 4195 καὶ
3000 4142 3091 4195 τὸν
3129 4141 3301 4210 τάφον
3346 4140 3741 4213 εὐτρεπιζέτω-

2170 4252 2290 4289 σαν.
2334 4233 2624 4303 Κοσμείτω
2656 4231 2842 4286 τοῦτον
2874 4234 3035 4305 αἴγλη
3062 4234 3154 4287 τοῦ
3187 4232 3527 4303 Πνεύματος.
3572 4234 3738 4286 Ἐτοις

2170 4324 2425 4399 μαζέσθω
2472 4326 2656 4398 μύρα,
2705 4325 2800 4379 καὶ
2832 4325 2908 4396 τῷ
2947 4325 3276 4396 παναμώμῳ
3307 4326 3400 4379 καὶ
3442 4324 3737 4379 πανευώδει

2172 4416 2588 4487 μυριξέσθωσαν
2617 4416 2850 4486 σώματι.
2878 4418 3115 4488 Παρήτω
3140 4418 3287 4487 νᾶμα
3310 4416 3622 4487 εἰλικρινὲς,
3647 4417 3737 4469 καὶ

493 4503 687 4558 ctionis
719 4505 882 4561 fonte.
920 4507 1166 4564 Exsultet
1200 4522 1343 4566 terra
1393 4516 1731 4585 depositione
1779 4524 2061 4590 corporis:

2170 4507 2417 4579 ἀρυέσθω
2449 4507 2548 4578 τὴν
2572 4507 2820 4575 εὐλογίαν
2854 4510 2917 4560 ἐκ
2944 4508 3043 4577 τῆς
3063 4507 3339 4577 ἀκηράτου
3368 4508 3467 4576 τῆς
3496 4508 3733 4575 εὐλογίας

492 4596 711 4651 exsiliat
750 4614 843 4653 aer
876 4614 1105 4655 ascensu
1136 4602 1373 4671 Spiritus
1404 4623 1418 4660 :
1468 4607 1673 4675 spirent
1708 4624 1855 4663 aura:
1902 4626 2063 4665 roru»

493 4687 652 4741 lenne
698 4688 976 4759 plenaeque
1047 4695 1216 4761 gratia
1261 4713 1275 4747 τ
1327 4694 1422 4750 Dei
1462 4697 1648 4753 Matris
1707 4716 2061 4757 conscensum

490 4774 741 4830 ireatura
779 4779 954 4833 omnis
988 4783 1349 4848 concelebret,
1395 4784 1675 4853 juniorum
1716 4800 1894 4845 caelus
1918 4792 2065 4862 inhio

492 4866 625 4931 lent,
668 4878 943 4923 oratorum
987 4872 1180 4942 linguae
1214 4876 1445 4945 hymnos
1473 4877 1721 4946 fundant,
1758 4884 2060 4952 sapientum

490 4958 653 5011 corda
721 4962 1042 5017 miraculqu
1102 4964 1553 5037 pltilOSOplientur
1595 4989 1608 5025 :
1654 4987 1813 5028 senes
1864 4977 2061 5030 canitie

489 5052 782 5104 venerandi
829 5053 1033 5109 intenta
1081 5056 1196 5112 acie
1246 5060 1649 5128 Speculationes
1680 5064 1887 5120 edant:
1942 5068 2061 5121 uni-

488 5155 658 5195 versa
714 5145 931 5199 demum
980 5142 1213 5205 condita:
1268 5164 1354 5206 res
1399 5154 1698 5223 symbolam
1777 5155 2061 5213 conferant

487 5246 665 5287 suam.
696 5235 807 5291 Nec
842 5254 967 5295 vero
993 5241 1071 5296 sic
1106 5244 1387 5299 minimam
1431 5255 1594 5301 tantae
1624 5246 1900 5316 dignitatis
1936 5263 2059 5318 par-

488 5336 594 5378 tem
624 5328 910 5396 attingent.

560 5499 580 5528 ’
615 5500 836 5569 Dionys.
873 5499 944 5557 De
972 5504 1079 5560 div.
1120 5522 1259 5561 nam.
1296 5522 1415 5576 cap.
1444 5510 1496 5565 ’5.

559 5685 671 5753 (7|)
701 5683 803 5763 llic
839 5685 1003 5763 multa
1053 5686 1213 5741 liabet
1251 5688 1427 5763 Allatii
1468 5693 1764 5763 translatio,
1805 5708 1923 5763 qute
1949 5692 2058 5746 'ncc

490 5756 852 5824 Seguerianus
877 5756 1065 5822 codex,
1088 5772 1185 5811 nec
1208 5762 1606 5819 vetustissimus
1628 5756 2061 5831 Sangerritancrt-

1576 5510 1599 5541 ³
1628 5506 1769 5563 Psal.
1806 5526 1953 5578 κων,
1990 5511 2077 5566 l5.

2165 4598 2367 4669 πηγῆς.
2407 4598 2781 4667 Ἀγαλλιάσθω
2803 4600 2835 4669 ἡ
2859 4600 2929 4667 γῆ
2954 4602 3016 4668 τῇ
3038 4599 3326 4651 καταθέσει
3344 4599 3439 4652 τοῦ
3466 4600 3726 4669 σώματος.

2176 4689 2311 4761 Ἀὴρ
2343 4688 2616 4760 σκιρτάτω
2644 4694 2709 4762 τῇ
2749 4692 3009 4744 ἀναδάσει
3036 4690 3130 4743 τοῦ
3179 4691 3517 4759 Πνεύματος.
3572 4692 3728 4744 Πνεί-

2160 4798 2341 4835 τωσαν
2363 4777 2526 4851 αὖραι
2554 4782 2875 4853 δροσοειδεῖς
2893 4825 2907 4849 ,
2937 4785 3031 4837 καὶ
3054 4785 3277 4854 χάριτος
3303 4785 3550 4854 ἔμπλεοι.
3586 4786 3725 4837 Πᾶσα

2161 4874 2194 4945 ἠ
2230 4874 2407 4937 κτίσις
2451 4874 2875 4946 πανηγυριζέτω
2906 4876 3006 4947 τὴν
3033 4877 3131 4947 τῆς
3151 4877 3495 4949 Θεομήτορος
3537 4877 3725 4933 ἄνοδον.

2168 4963 2335 5034 Χοροὶ
2366 4963 2494 5017 νέων
2523 4964 2957 5031 ἀλαλαζέτωσαν.
3012 4967 3325 5038 Ῥυήτωσαν
3365 4969 3607 5036 γλῶσσαι
3634 4971 3725 5039 ῥη-

2165 5057 2340 5127 τόρων
2365 5057 2476 5118 τοῖς
2508 5057 2808 5126 ὲφυμνίοις’
2847 5060 3063 5130 καρδίαι
3093 5060 3270 5128 σοφῶν
3296 5063 3355 5113 τὸ
3380 5061 3563 5131 θαῦμα
3594 5060 3723 5128 00.0-

2168 5147 2521 5216 σοφείτωσαψ
2560 5149 2861 5219 πρεσϐῦται
2891 5153 2957 5220 τῇ
2990 5150 3154 5220 πολιᾷ
3191 5150 3251 5203 τὸ
3279 5151 3559 5221 αἰδέσιμον
3585 5151 3717 5220 ἔχον·
3755 5198 3761 5233 ᾖ

2166 5258 2290 5305 τες,
2321 5241 2533 5312 ἄτρεμα
2569 5242 2667 5305 τὰς
2718 5242 2949 5311 θεωρίας
2986 5244 3527 5314 καρποφορείτωσαν.
3582 5244 3719 5298 Πᾶσα

2166 5334 2198 5401 ἡ
2230 5332 2405 5394 κτίσις
2431 5334 2898 5400 συνεισενεγκάτω
2942 5333 3031 5385 τὸν
3053 5332 3272 5412 έρανον.
3314 5333 3435 5385 Οὐδ’
3463 5333 3602 5387 οὕτω
3622 5330 3717 5400 γὰρ

2167 5424 2233 5477 ἂν
2272 5425 2566 5479 πολλοστοῦ
2606 5426 2806 5497 μέρους
2838 5425 2937 5495 τῆς
2969 5424 3127 5489 ἀξίας
3158 5428 3452 5496 ὲφίκοιντο.

2166 5696 2243 5746 sis
2286 5705 2653 5762 reprazsentat,
2684 5708 3013 5764 acceptaque
3040 5703 3160 5747 sunt
3192 5711 3254 5748 cx
3283 5687 3426 5750 orat.
3450 5696 3483 5747 Ξ
3504 5693 3708 5746 Androm

2165 5764 2457 5827 Cretensis,
2499 5775 2549 5818 et
2581 5764 2667 5819 hic
2701 5780 2976 5834 perperam
3014 5767 3236 5819 iutrusa.
