4046 6418
193 407 280 474 ῖϋί
1116 400 1498 464 LAUDATIO
1537 401 1596 460 S.
1634 400 1844 461 JOAN.
1883 400 2434 462 CHRYSOSTOMI.
3303 394 3408 460 762

243 519 302 574 ε’.
339 517 536 580 Δεῦτε,
567 515 766 578 πάντες
792 512 994 584 νοερῶς
1018 511 1372 582 ὲκδημούσης
1397 509 1744 580 συνεκδημή-

1917 512 1972 567 5.
2006 511 2104 566 Eia
2137 512 2302 583 agite.
2339 523 2531 566 omnes
2555 525 2662 565 una
2701 524 2825 566 cum
2860 511 3095 568 abeunte
3121 511 3410 567 abeamus.

184 599 371 683 σωμὲν.
400 607 586 671 Δεῦτε,
622 606 822 668 πάντες
851 602 1079 675 καρδίας
1108 602 1260 673 πόθῳ
1291 601 1426 672 πρὸς
1455 601 1546 653 τὸν
1574 600 1744 668 τάφον

1850 605 2022 674 Agite,
2052 619 2244 658 omnes
2277 602 2548 658 desiderio
2578 605 2758 658 cordis
2778 619 2900 658 cum
2943 618 3007 659 ea
3055 619 3174 674 quae
3206 604 3261 659 in
3301 619 3416 659 mo-

182 700 429 771 κατιούσῃ
472 695 922 767 συγκαταεῶμεν.
971 695 1490 764 Περιστοιχήσωμεν
1536 691 1628 744 τὸν
1669 693 1746 744 ιε-

1850 708 2163 750 uumentum
2208 696 2509 760 descendit,
2538 696 2930 751 descendatnus
2961 714 2977 751 ε
3012 697 3416 752 sanctissimum

182 794 408 863 ρώτατον
433 786 759 858 κράῦθατον.
783 785 1024 856 Ὗμνους
1055 783 1234 855 ίεροὺς
1255 783 1498 854 ᾅσωμεν,
1523 782 1747 845 ὼδέπως

1850 787 2127 857 grabatum
2163 787 2663 856 circuntsepiatntts.
2727 787 2923 842 Sacros
2962 788 3193 857 hymnos
3253 803 3419 842 cana-

185 881 566 956 μελῳδοῦντες·
590 877 786 946 Χαῖρε,
811 874 1268 944 κεχαριτωμένη,
1297 877 1329 929 ὀ
1353 875 1570 942 Κύριος
1591 871 1746 944 μετὰ

1850 897 1989 946 mus,
2047 883 2150 936 hoc
2197 881 2358 935 modo
2402 880 2756 934 concinentes
2809 895 2824 933 :
2863 878 2990 944 Ave,
3023 879 3196 948 gratia
3238 877 3416 946 plena.

182 972 306 1028 σοῦ.
340 972 591 1040 Χαίροις,
619 970 654 1039 ἡ
679 966 1070 1039 προωρισμένη
1095 964 1291 1036 Μήτηρ
1312 963 1470 1020 Θεοῦ.
1497 963 1744 1034 Χαίροις,

181 1068 210 1135 ἡ
244 1059 721 1134 προεκλελεγμὲνη
753 1061 820 1128 τῇ
861 1057 970 1128 πρὸ
1007 1056 1222 1110 αίὼνων
1253 1055 1418 1126 βουλῇ
1445 1054 1541 1109 τοῦ
1570 1053 1707 1107 Θεοῦ
1729 1093 1745 1118 ,

183 1154 275 1223 γῆς
305 1152 578 1206 θειότατον
601 1149 910 1220 βλάστημα,
935 1148 1108 1218 πυρὸς
1133 1145 1280 1198 θείου
1303 1146 1746 1216 κατοικητήριον,

184 1249 492 1316 ιίνεύματος
521 1245 680 1313 ἀγίου
711 1241 1007 1314 ἱερώτατον
1044 1241 1291 1310 ἄγαλμα,
1325 1241 1512 1304 ὓδατος
1547 1239 1747 1304 ζῶντος

185 1342 340 1412 πηγὴ,
370 1337 701 1409 παράδεισος
723 1334 818 1387 τοῦ
845 1333 942 1404 τῆς
967 1333 1112 1402 ζωῆς
1134 1331 1293 1399 ξύλου
1313 1374 1325 1397 ,
1355 1333 1501 1385 θείου
1526 1331 1751 1403 βότρυος

181 1433 353 1502 κλῆμα
386 1429 636 1499 ἔμψυχον
670 1426 872 1497 νέκταρ
914 1424 1010 1477 καὶ
1039 1423 1346 1495 ἀμϐροσίαν
1388 1424 1749 1494 πηγάζοντος,

181 1521 413 1591 ποταμὸς
456 1519 675 1589 πλήρης
729 1517 838 1570 τῶν
890 1515 1202 1588 ἀρωμάτων
1244 1513 1342 1569 τοῦ
1397 1515 1750 1586 Πνεύματος,

1851 972 2106 1028 Dominus
2145 981 2312 1026 tecum
2335 972 2379 1026 ⁸.
2428 970 2542 1025 Ave
2568 1009 2582 1032 ,
2629 984 2751 1038 qua:
2797 969 3180 1038 prtedeslinata
3221 984 3282 1022 es
3323 966 3418 1022 Dci

1857 1063 2045 1120 Mater.
2075 1065 2210 1128 Ave,
2237 1077 2356 1132 qua:
2373 1060 2600 1116 consilio
2626 1057 2719 1113 Dei
2757 1070 2884 1114 ante
2907 1060 3106 1115 saecula
3140 1058 3418 1129 praelecta

1847 1171 1928 1222 es,
1953 1165 2012 1210 ut
2048 1155 2290 1210 divinum
2317 1167 2536 1226 germen
2569 1165 2719 1206 esses
2747 1151 2913 1206 divini
2960 1152 3103 1218 ignis
3142 1150 3422 1206 habitacu-

1851 1250 1984 1312 lum.
2029 1249 2268 1318 Spiritus
2341 1248 2515 1303 sancti
2563 1255 2776 1301 sacrata
2832 1252 3034 1308 statua,
3084 1258 3237 1312 aqua:
3285 1243 3422 1298 viva:

1853 1341 1998 1407 l‘ons,
2040 1341 2170 1412 ligni
2206 1340 2348 1394 vita!
2371 1339 2676 1409 paradisus,
2726 1335 2894 1392 divini
2943 1336 3145 1390 racemi
3190 1333 3416 1404 palmes,

1851 1446 1917 1486 ex
1948 1447 2056 1502 quo
2091 1440 2276 1486 nectar
2306 1432 2601 1485 animatum
2624 1439 2678 1482 ct
2706 1427 2978 1483 ambrosia
2998 1426 3375 1496 prulluxerunt
3404 1445 3418 1479 :

1852 1522 2052 1578 ﬂuvius
2077 1532 2384 1578 aromatum
2413 1521 2649 1593 Spiritus
2679 1522 2892 1591 plenus,
2920 1529 3059 1572 terra
3086 1518 3283 1572 divina:
3307 1517 3423 1586 spi«

181 1617 377 1686 ἄρουρα
429 1610 528 1664 τοῦ
584 1610 730 1663 θείου
791 1609 1092 1686 ἀστάχυο-ς,
1147 1608 1300 1680 ῥόδον
1353 1610 1420 1678 τῇ
1477 1607 1747 1679 παρθενίᾳ

1856 1630 1953 1680 ore,
1987 1629 2109 1669 rosa
2139 1615 2458 1686 virginitate
2485 1613 2812 1676 clarissima,
2855 1620 2909 1664 et
2941 1610 3129 1680 gratiae
3173 1608 3424 1678 fragran-

184 1684 511 1776 φανὼτατον,
570 1703 668 1756 καὶ
720 1699 897 1754 πνέων
949 1684 1034 1771 τῇ
1069 1699 1269 1770 εὐωδίᾳ.
1331 1701 1432 1770 τῆς
1490 1701 1750 1774 χάριτος,

184 1798 351 1866 κρῖνον
406 1792 502 1846 τοῦ
555 1790 836 1863 βασιλικοῦ
884 1790 1315 1862 ἀμφιάσματος,

1368 1790 1547 1861 ἀμνὰς
1586 1792 1620 1861 ἡ
1672 1807 1755 1842 τε·

1857 1704 1987 1758 tiam
2024 1704 2257 1774 spirans,
2298 1703 2430 1772 regii
2476 1703 2773 1758 indumenti
2811 1703 3005 1763 lilium,
3040 1714 3175 1769 agna
3210 1697 3421 1769 Agnum

1859 1793 1952 1850 Dei
1983 1795 2202 1864 pariens
2236 1793 2509 1848 tollentem
2545 1801 2823 1862 peccatum
2864 1791 3069 1856 mundi,
3105 1789 3294 1844 salutis
3323 1801 3422 1841 no.

185 1887 339 1941 κοῦσα
370 1883 461 1938 τὸν
506 1883 701 1955 Ἀμνδν
726 1883 819 1936 τοῦ
843 1883 1000 1948 Θεοῦ,
1043 1882 1134 1936 τὸν
1161 1881 1384 1954 αίροντα
1423 1883 1525 1954 τὴν
1571 1883 1747 1953 ἁμαρ-

1851 1897 1976 1942 stra:
2017 1885 2250 1951 olﬁcina,
2279 1885 2542 1954 angelicis
2593 1884 2952 1952 potestatibus
2989 1881 3295 1944 sublimior,
3325 1893 3422 1933 au-

183 1979 290 2032 τίαν
312 1976 402 2030 τοῦ
440 1976 672 2046 κόσμου,
704 1976 802 2046 τῆς
849 1974 1130 2047 σωτηρίας
1166 1973 1324 2044 ἡμῶν
1358 1975 1744 2045 ἐργαστήριον,

186 2067 474 2138 ἁγγελικῶν
526 2067 801 2138 ὑπερτέρα
841 2065 1152 2136 δυνάμεων,
1195 2063 1361 2132 δούλη
1395 2063 1491 2117 καὶ
1539 2063 1746 2134 μήτηρ.

186 2159 354 2223 Δεῦτε,
385 2158 481 2210 τὴν
523 2158 695 2225 τάφον
742 2155 1256 2227 περιστοιχήσωμεν
1297 2152 1391 2206 τδν
1442 2153 1746 2224 ἀκήρατον,

187 2250 268 2306 καὶ
312 2249 460 2312 θείας
519 2246 862 2319 ἀρυσώμαθα
909 2247 1154 2318 χάριτος.
1229 2245 1430 2310 Δεῦτε,
1486 2245 1749 2315 ψυχικαῖς

188 2342 434 2411 ἀγκάλαις
478 2341 542 2394 τὸ
587 2339 946 2412 ἀειπάρθενον
997 2339 1159 2412 σῶμα
1212 2339 1598 2410 βαστάσωμεν,
1655 2337 1750 2392 καὶ

191 2434 604 2504 συνεισᾶθωμεν
638 2432 783 2486 ἔνδον
819 2431 912 2485 τοῦ
945 2432 1227 2502 μνήματος
1248 2471 1262 2493 ,
1297 2431 1394 2485 καὶ
1437 2445 1751 2502 συννεκρω-

191 2525 372 2594 θῶμεν,
395 2525 513 2585 τοῖς
543 2522 642 2593 μὲν
667 2521 760 2575 τοῦ
792 2521 1046 2591 σώματος
1075 2523 1462 2591 ἁπογινόμενοι
1493 2519 1746 2584 πάθεσιν,

191 2616 438 2679 συζῶντες
469 2615 530 2668 δὲ
569 2615 716 2685 ζωὴν
747 2613 931 2686 ἀπαθῆ
960 2614 1056 2667 καὶ
1079 2615 1376 2685 ἀκήρατονο
1410 2609 1750 2665 ἀκουτισθῶ-

193 2725 280 2776 μεν
321 2709 443 2770 τοὺς
485 2706 664 2770 θείους
708 2705 913 2776 ὕμνους
956 2704 1038 2770 ἐξ
1065 2704 1246 2758 ἀῦλων
1296 2702 1408 2756 τῶν
1440 2700 1752 2772 άγγελικῶν

191 2798 390 2870 χείλεων
428 2797 813 2870 προϊεμένους.
857 2795 1204 2867 Είσέλθωμεν
1230 2797 1708 2868 προσκυνήσοντες
1731 2833 1747 2860 ,

191 2889 271 2942 καὶ
296 2888 514 2959 γνῶμεν
553 2886 649 2941 τοῦ
685 2887 986 2958 μυστηρίου
1033 2886 1094 2940 τὸ
1137 2886 1308 2952 ξένον,
1336 2885 1412 2948 ὡς
1439 2880 1643 2956 ἦρται,
1673 2885 1751 2948 ὠς

194 2979 651 3052 μεμετεωρισται,
694 2979 769 3044 ὡς
807 2979 944 3049 πρὸς
990 2979 1220 3051 οὐρανὸν
1255 2977 1531 3047 εἴληπται,
1569 2977 1646 3040 ὡς
1672 2975 1750 3046 τῷ

192 3072 292 3142 Υίῷ
320 3072 508 3125 πασῶν
536 3070 768 3143 ὕπερθεν
795 3070 906 3124 τῶν
937 3069 1246 3140 άγγελικῶν
1286 3069 1620 3139 παρίσταται
1651 3065 1752 3120 τά-

193 3159 327 3224 ξεων·
357 3159 514 3212 οὐδὲν
543 3159 652 3232 γάρ
681 3160 846 3230 μέσον
876 3158 1094 3231 Μητρὸς
1123 3159 1217 3212 καὶ
1248 3159 1401 3212 Υίοῦ.
1436 3157 1638 3212 Τοῦτόν
1667 3174 1752 3211 σοι

1849 1979 1971 2034 cilla
1996 1986 2053 2034 et
2091 1987 2287 2033 mater.
2313 1977 2494 2048 Agite,
2521 1976 2933 2032 mundissimum
2969 1973 3276 2043 sepulcrum
3311 1971 3424 2027 cir-

1850 2071 2192 2137 cumdemus,
2241 2069 2593 2139 divinumque
2641 2068 2767 2123 inde
2806 2065 3038 2136 gratiam
3079 2065 3415 2120 hauriantus.

1847 2164 2029 2232 Agite,
2055 2163 2201 2217 ulnis
2237 2161 2406 2216 animi
2452 2175 2653 2229 corpus
2683 2169 2954 2229 perpetua:
2979 2156 3276 2224 virginitati
3317 2156 3416 2210 ad-

1850 2256 2051 2311 dictum
2097 2262 2410 2324 gestemus,
2466 2252 2518 2305 in
2571 2260 2978 2305 monumentum
3039 2249 3416 2314 iutroeamus,

1850 2361 2064 2417 unaque
2099 2346 2413 2412 moriamur,
2464 2343 2726 2400 abdicatis
2773 2343 2992 2411 quidem
3042 2342 3290 2409 corporis
3337 2340 3424 2393 af-

1851 2438 2100 2501 fectibus,
2131 2436 2302 2507 886
2326 2434 2485 2490 simul
2517 2449 2648 2490 vero
2674 2449 2796 2490 cum
2842 2448 2906 2488 ea
2938 2432 3066 2487 nulli
3100 2431 3241 2496 labi,
3289 2431 3420 2485 nulli

1849 2530 1982 2586 vitio
2029 2528 2318 2583 obnoxiam
2357 2528 2620 2581 ducentes
2669 2526 2876 2590 vitam;
2929 2525 3138 2578 divinos
3179 2523 3423 2591 denique

1851 2623 2092 2678 canticos
2119 2633 2185 2675 ex
2230 2618 2490 2688 angelicis
2516 2616 2675 2673 labiis
2713 2616 2848 2670 nulli
2879 2616 3120 2670 materiae
3158 2613 3424 2683 subjectis

1850 2709 2050 2766 ellusos
2093 2709 2397 2764 audiamus.
2444 2707 2782 2762 lntroeamus
2807 2704 3104 2766 adoraturi,
3149 2703 3423 2773 mysterii-

1851 2817 1956 2871 que
1980 2802 2274 2854 novitatem
2310 2812 2730 2869 cognoscamus,
2761 2806 2820 2851 ttt
2867 2794 3032 2861 elata,
3076 2805 3136 2850 ut
3181 2795 3420 2859 sublata,

1851 2902 1911 2945 ut
1942 2892 1994 2945 in
2029 2890 2226 2945 ctelum
2254 2889 2431 2943 delata
2468 2893 2574 2951 est,
2605 2895 2664 2939 ut
2687 2885 2824 2940 Filio
2846 2897 3227 2954 super'omuca
3257 2898 3422 2951 ange-

1851 2976 2027 3038 lorum
2077 2982 2282 3037 classes
2327 2989 2512 3035 astat:
2566 2977 2702 3032 nihil
2751 2976 2894 3033 enim
2938 2976 3084 3031 inter
3118 2975 3316 3032 Filium
3361 2983 3420 3030 et

1850 3074 2077 3130 ﬂatrem
2114 3072 2279 3128 medii
2303 3079 2406 3127 est.
2448 3070 2604 3125 Hanc
2631 3069 2697 3122 ad
2732 3079 2785 3124 te
2814 3069 2880 3122 de
2907 3075 2999 3122 tuo
3024 3067 3172 3124 exitu
3203 3067 3421 3122 tertiam

1853 3169 2154 3223 orationem
2190 3175 2315 3236 post
2341 3163 2477 3219 duas
2510 3162 2651 3217 alias
2679 3161 2865 3226 habui,
2891 3175 3013 3216 cum
3056 3175 3264 3216 summa
3292 3174 3420 3229 erga

189 3252 269 3305 τὸν
292 3250 492 3316 ἐξόδιον
539 3251 696 3321 λόγον
723 3252 906 3324 τρίτον
961 3252 1055 3305 ἐπὶ
1081 3253 1195 3315 τοῖς
1238 3251 1361 3306 δυσ)⁸
1397 3251 1744 3322 πεποίημαι,

1853 3259 2172 3314 Trinitatem
2192 3232 2518 3310 ireverentia
2550 3263 2606 3308 et
2635 3252 2933 3315 desiderio,
2963 3250 3051 3305 cui
3077 3265 3144 3304 ex
3178 3250 3421 3320 compla-

190 3342 354 3414 Ηῆτερ
381 3343 524 3397 Θεοῦ
546 3383 562 3408 ,
589 3344 727 3397 αἰδοῖ
752 3343 845 3397 καὶ
867 3342 1018 3414 πόθῳ
1039 3342 1139 3410 τῆς
1167 3342 1396 3413 Τριάδος
1421 3337 1456 3415 ᾖ
1481 3341 1750 3412 ἐλειτούρ-

190 3451 344 3506 γησας
369 3439 433 3507 τῇ
459 3438 700 3506 πατρικῇ
722 3435 938 3507 εὐδοκία
957 3474 972 3497 ,
1003 3437 1096 3491 καὶ
1116 3440 1182 3508 τῇ
1201 3435 1431 3506 δυνάμει
1459 3433 1554 3487 τοῦ
1580 3433 1749 3488 Πνεύο

193 3543 362 3595 ματος,
399 3527 494 3579 τὸν
542 3528 778 3598 ἄναρχον
811 3527 1005 3596 Λόγον,
1047 3529 1149 3599 τὴν
1193 3524 1604 3595 παντοδύναμον
1651 3523 1748 3578 τοῦ

190 3617 306 3671 Θεοῦ
331 3617 599 3689 δεξαμένη
633 3619 826 3686 σοφίαν
851 3620 945 3672 καὶ
967 3619 1217 3690 δύναμιν.
1251 3619 1416 3688 Δέχου
1449 3616 1629 3670 τοίνυν
1648 3615 1748 3688 τὴν

191 3709 506 3779 προθυμίαν,
531 3710 632 3778 τὴν
660 3708 888 3780 δύναμιν
914 3710 1337 3781 ὑπεραίρουσαν,
1371 3708 1465 3762 καὶ
1482 3707 1634 3760 δίδου
1649 3706 1752 3778 τὴν

191 3800 465 3869 σωτηρίαν,
511 3799 700 3852 παθῶν
729 3798 977 3869 ψυχικῶν
1010 3799 1388 3870 ἀλλοτρίωσιν,
1429 3797 1601 3850 νόσων
1638 3813 1748 3849 σω·

192 3889 414 3959 ματικῶν
451 3889 713 3958 λόφωσιν,
763 3889 1138 3962 περιστάσεων
1183 3887 1375 3956 λύσιν,
1428 3886 1542 3958 βίου
1582 3885 1752 3956 γαλη-

189 3982 326 4035 ναίαν
369 3983 732 4047 κατάστασιν,
773 3981 1052 4052 φωτισμὸν
1107 3980 1446 4051 Πνεύματος⁹
1487 3980 1579 4034 τὸν
1611 3981 1750 4052 πρὸς

188 4072 268 4126 τὸν
306 4074 394 4127 σὺν
440 4073 572 4128 Υίὺν
608 4073 772 4126 πόθον
822 4072 1220 4145 ὲκπύρσευσον,
1268 4071 1560 4143 εὐάρεστον
1601 4069 1751 4142 αὐτῷ

188 4164 267 4218 τὸν
295 4165 402 4235 βίον
449 4166 610 4237 ἡμῶν
647 4166 1012 4236 κατάστησον,
1061 4165 1139 4228 ὡς
1175 4164 1241 4218 ἂν
1272 4165 1368 4218 καὶ
1403 4164 1501 4234 τῆς
1539 4163 1750 4217 ἐκεῖθεν

188 4256 420 4325 τυχόντες
467 4255 900 4326 μακαριότητος,
948 4257 1017 4326 τῇ
1063 4252 1198 4307 Υίοῦ
1236 4253 1362 4326 δόξῃ
1406 4251 1641 4323 ὁρῶντές
1691 4268 1750 4305 σε

188 4347 672 4419 ὲξαστράπτουσαν,
710 4346 913 4417 ’ύμνους
949 4347 1128 4416 ἱεροὺς
1157 4343 1590 4414 ἀναπέμψωμεν,
1618 4343 1752 4397 αίω-

187 4439 298 4502 νίως
321 4440 763 4512 εὐφραινόμενοι,
799 4439 858 4491 ὲν
889 4436 1156 4508 ἐκκλησίᾳ
1183 4433 1552 4507 ἑορταζόντων
1584 4433 1750 4498 ἀξίως

1849 3351 1959 3406 cito
1984 3348 2186 3411 Patris,
2208 3356 2264 3402 et
2285 3345 2519 3416 Spiritus
2556 3344 2757 3398 virtute
2805 3341 3149 3404 ministrasti,
3180 3339 3418 3397 Verbum

1851 3437 2107 3510 principii
2136 3451 2354 3505 expers,
2395 3435 2934 3503 omnipotentemque
2963 3431 3056 3486 Dei
3094 3431 3416 3500 sapientiam

1850 3539 1906 3584 et
1957 3527 2273 3582 facultatem
2318 3522 2657 3594 excipiendo.
2718 3521 2985 3576 Couatum
3042 3521 3226 3590 itaque
3270 3520 3420 3575 vires

1853 3634 2004 3676 meas
2045 3618 2399 3674 excedentem
2446 3615 2685 3685 suscipe,
2720 3613 2950 3668 salutem
2993 3613 3211 3683 praebe,
3250 3611 3420 3666 vitio-

1850 3727 1970 3766 rum
2022 3710 2188 3764 animi
2242 3707 2672 3774 alienationem,
2735 3703 3120 3775 aegritudinum
3175 3704 3422 3774 corporis

1849 3804 2115 3873 quietem,
2155 3799 2602 3854 adversariorum
2645 3811 2869 3850 casuum
2916 3794 3264 3858 solutionem,
3299 3792 3423 3847 vita

1851 3895 2202 3966 tranquillam
2234 3891 2626 3952 conditionem,
2670 3887 2912 3958 Spiritus
2941 3885 3423 3940 illuminationem.

1849 3986 2104 4040 Amorem
2149 3984 2202 4036 in
2242 3980 2438 4035 Filium
2466 3987 2613 4032 tuum
2652 3977 2914 4042 accende,
2968 3977 3132 4030 vitam
3178 3983 3420 4029 nostram

1849 4089 1969 4145 qua:
1997 4072 2073 4126 illi
2105 4080 2257 4140 grata
2286 4070 2379 4133 sit,
2419 4069 2664 4132 institue,
2715 4078 2774 4120 ut
2806 4069 3080 4122 beatitatis
3107 4083 3228 4137 qua:
3275 4071 3416 4140 apud

1851 4166 2030 4233 ipsum
2055 4173 2166 4226 est,
2194 4160 2488 4230 participes
2535 4158 2683 4221 facti,
2734 4168 2786 4212 te
2811 4158 2936 4212 Nati
2983 4160 3060 4212 tui
3118 4159 3288 4230 gloria
3328 4176 3420 4216 re-

1851 4255 2225 4326 splendentem
2255 4251 2549 4313 intuentes,
2587 4263 2774 4303 sacros
2822 4250 3052 4319 hymnos
3083 4250 3422 4317 emittamus,

1851 4357 2057 4402 aeterna
2093 4343 2479 4408 oblectatione,
2525 4343 2580 4396 in
2634 4355 2820 4397 eorum
2871 4355 3166 4410 conventu,
3195 4345 3286 4412 qui
3320 4359 3426 4413 pro

1853 4439 2118 4506 dignitate
2140 4436 2376 4506 Spiritus
2403 4434 2539 4490 festa
2566 4435 2864 4498 celebrant,
2899 4434 2951 4487 in
2986 4434 3131 4490 illius
3155 4435 3422 4490 honorem

185 4530 269 4584 τοῦ
299 4533 637 4604 Πνεύματος,
668 4531 748 4602 τῷ
776 4529 868 4584 διὰ
910 4529 1010 4583 σοῦ
1047 4530 1147 4601 τὴν
1184 4527 1456 4599 σωτηρίαν
1491 4526 1647 4598 ὴμῶν
1669 4527 1747 4580 ol-

1855 4532 1946 4603 qui
1977 4546 2073 4601 per
2127 4539 2178 4584 te
2228 4528 2458 4583 salutem
2505 4537 2746 4583 nostram
2782 4536 2865 4582 est
2904 4537 3180 4595 operatus,
3211 4527 3423 4583 Christi

186 4623 549 4696 κοδομήσαντι,
573 4623 795 4696 Χριστῷ
809 4621 888 4693 τῷ
905 4622 1019 4692 Υἱῷ
1039 4621 1133 4674 τοῦ
1150 4619 1284 4674 Θεοῦ
1310 4619 1405 4673 καὶ
1425 4618 1544 4690 Θεῷ
1564 4617 1738 4689 ἡμῶν·

184 4704 223 4778 ᾦ
262 4715 292 4784 ἡ
327 4714 454 4781 δόξα
485 4715 580 4768 καὶ
609 4714 672 4767 τὸ
709 4713 947 4785 κράτος,
992 4713 1089 4766 σὺν
1137 4713 1214 4782 τῷ
1252 4712 1474 4781 ἀνάρχῳ
1525 4709 1701 4781 Ila-cpi.
1725 4747 1742 4773 ,

188 4805 267 4857 καὶ
301 4807 377 4875 τῷ
427 4809 684 4879 παναγίῳ
725 4810 821 4862 καὶ
861 4806 1107 4878 ζωοποιῷ
1155 4807 1463 4878 Πνεύματι,
1497 4805 1614 4869 νῦν,
1647 4806 1742 4858 καὶ

186 4896 261 4949 ἀεὶ
280 4935 296 4960 ,
320 4899 414 4952 καὶ
442 4902 523 4964 εἰς
550 4903 676 4966 τοὺς
705 4901 1026 4971 σύμπαντας
1052 4901 1148 4958 καὶ
1179 4899 1572 4970 ἀτελευτήτους
1602 4897 1741 4954 ait?)-

186 5004 268 5052 νας
292 4990 394 5046 τῶν
419 4992 650 5048 αἰώνων.
697 4995 888 5065 Ἀμήν.

895 5107 996 5160 lA'.

193 5214 285 5268 Τοῦ
315 5217 384 5270 ἐν
409 5219 600 5287 ἁγίοις
629 5218 863 5286 Πατρός
894 5217 1064 5286 ἡμῶν
1106 5217 1387 5272 Ἰωάννου
1412 5215 1519 5270 τοῦ
1556 5216 1747 5287 Δαμα-

247 5286 466 5357 σκηνοῦ
500 5288 789 5356 ἐγκώμιον
812 5291 900 5354 είς
921 5288 1028 5342 τὸν
1061 5288 1232 5357 ἅγιον
1272 5287 1564 5352 Ἰωάννην
1590 5286 1742 5351 Χρυο

247 5355 543 5426 σόστομον
569 5355 705 5429 (72).

245 5464 307 5521 α’.
347 5470 490 5523 Ἔδει
522 5474 642 5542 μὲν,
663 5465 709 5526 ὧ
747 5470 963 5543 Ἰωάννη
995 5471 1304 5542 πάγχρυσε,
1335 5469 1460 5534 τοῦς
1495 5468 1604 5522 τῶν
1634 5465 1742 5521 σῶν

250 5621 269 5652 ⁸
298 5623 422 5680 Luc.
471 5643 510 5692 ι,
540 5627 635 5684 28.

248 5739 349 5820 ςἠ)
380 5739 452 5796 Ex
473 5739 847 5820 _ll_|ustrissiuﬁ
1023 5736 1257 5820 Mauritii
1286 5733 1611 5820 Leﬂellie‘r,
1634 5749 1731 5820 ἀι·-

192 5803 488 5882 chiepitcopi
514 5811 821 5878 Remensis,
856 5809 1040 5865 codice
1074 5809 1164 5877 qui
1195 5806 1413 5862 transiit
1443 5806 1498 5861 in
1531 5803 1730 5860 Biblio-

1854 4624 1949 4678 Dei
1981 4621 2130 4686 Filii,
2160 4621 2252 4675 cui
2278 4619 2454 4690 gloria
2484 4629 2540 4675 et
2574 4619 2862 4689 imperium
2904 4633 3026 4672 cum
3073 4617 3231 4673 Patre
3269 4620 3425 4689 prin-

1850 4715 1978 4792 cipii
2031 4712 2257 4778 nescio,
2313 4709 2778 4778 sanctissimeque
2820 4718 2875 4763 et
2915 4709 3130 4764 viviﬁco
3171 4709 3418 4778 Spiritu,

1851 4821 1995 4861 nunc
2033 4814 2088 4858 el.
2133 4818 2374 4872 semper,
2425 4812 2481 4858 et
2529 4805 2583 4856 in
2628 4803 2836 4869 omnia,
2868 4809 2924 4856 et
2955 4801 3168 4856 iuiiuila
3223 4803 3423 4858 saecula

1848 4899 2194 4957 saeculorum.
2229 4898 2426 4951 Amen.

2587 5094 2681 5150 XI.

1848 5211 2038 5270 Sancti
2069 5211 2251 5267 Patria
2290 5208 2458 5263 nostri
2506 5205 2733 5261 Joannis
2777 5203 3091 5259 Damasceni
3147 5202 3320 5257 oratio
3363 5202 3420 5256 in

2084 5283 2294 5336 tandem
2320 5279 2498 5334 sancti
2533 5277 2763 5332 Joannis
2787 5274 3174 5344 Cltryaoatomi.

1921 5465 1971 5518 l.
2006 5459 2244 5517 Necesse
2302 5457 2523 5526 quidem
2576 5463 2715 5519 erat,
2759 5469 2792 5508 ο
2820 5451 3094 5517 Joannes,
3139 5449 3232 5519 qui
3277 5460 3421 5505 totus

1841 5731 2052 5786 thecam
2080 5728 2325 5798 Regiam.
2356 5727 2663 5782 Orationem
2697 5727 2838 5781 hanc
2871 5723 3104 5780 Savilius
3137 5721 3340 5787 habuit,
3367 5727 3418 5776 et

1838 5801 2070 5857 Allatius
2097 5802 2162 5855 ad
2189 5798 2268 5854 Cl.
2301 5799 2596 5853 Auhcrtum
2623 5799 2866 5852 miserat.
