4046 6400
601 378 703 437 τω

1796 380 1856 438 S.
1900 378 2221 439 JOANNIS
2264 376 2693 437 DAMASCENI

3744 378 3833 442 TC!

596 504 796 546 aureus
827 502 907 553 es,
941 503 1041 545 eos
1070 489 1162 559 qui
1198 487 1401 549 laudes
1429 495 1549 540 tuas
1579 484 1760 540 dicere
1805 485 2169 554 aggrederen-

2287 483 2563 553 ιγκωμίων
2592 484 2967 555 πειρωμένους
3014 488 3350 556 ἐφάπτεσθαι
3376 530 3391 553 ,
3441 488 3687 559 γλώσσης
3726 509 3837 561 χρυ-

598 594 707 646 tur,
739 596 959 635 auream
987 582 1224 651 linguam
1261 589 1476 643 nactos,
1508 591 1814 631 sermonem
1843 591 1975 629 auro
2001 574 2170 630 liuen-

597 688 705 729 tem
765 673 1027 745 proferre.
1079 677 1193 726 lmo
1239 682 1325 724 tua
1392 671 1563 741 ipsius
1620 684 1753 723 voce
1816 683 1953 737 Opus
2007 666 2166 728 foret.
2218 688 2219 691 η

596 768 797 837 quippe
823 782 943 836 quae
973 766 1086 820 sola
1131 765 1212 818 sui
1259 764 1428 833 ipsius
1475 760 1807 830 prmconium
1848 761 2010 827 digne
2045 776 2171 826 pos-

598 867 682 911 set
736 857 985 927 exsequi.
1040 855 1365 923 Quanquam
1424 853 1476 906 id
1530 854 1749 921 quidem
1797 852 1975 905 hodie.
2031 850 2169 905 Olim

598 946 820 1015 quippe,
853 948 1166 1014 priusquam
1206 959 1269 997 ex
1305 944 1407 997 hac
1465 944 1572 996 vita
1608 944 1895 1005 transires,
1928 957 2047 995 cum
2093 944 2173 995 in-

601 1049 685 1092 ter
714 1039 961 1091 homines
990 1038 1200 1090 telluris
1228 1036 1439 1090 incolas
1487 1036 1652 1089 simul
1691 1036 1921 1099 viveres,
1957 1035 2063 1087 luis
2098 1050 2176 1087 re-

600 1142 689 1184 cte
719 1132 877 1184 factis
916 1116 1190 1183 oblivione
1223 1128 1555 1198 suppressis,
1609 1129 1659 1181 in
1694 1128 1882 1193 primis
1917 1126 2175 1195 alloquiis

600 1239 663 1276 ea
696 1224 877 1277 statim
910 1224 989 1277 sui
1023 1222 1195 1292 ipsius
1223 1222 1533 1275 accasatrix
1568 1230 1704 1271 erat.
1737 1220 1827 1273 Sic
1849 1219 1993 1272 enim
2028 1234 2174 1271 cmu-

611 1327 860 1387 paratum
889 1326 991 1375 est.
1037 1326 1093 1369 ut
1132 1314 1471 1384 sapientibus
1508 1314 1638 1365 viris
1677 1312 1843 1380 proba
1888 1328 1984 1364 sua
2039 1312 2172 1365 faci-

612 1423 747 1459 nora
780 1408 1006 1471 lateant,
1048 1422 1111 1459 ne
1150 1406 1200 1459 id
1249 1406 1390 1473 quod
1436 1412 1585 1465 sunt,
1618 1404 2024 1458 existimatione
2078 1405 2174 1457 de-

614 1497 766 1551 ﬂuat.
795 1496 928 1561 Quia
960 1511 1087 1550 vero
1118 1496 1246 1564 ipsa:
1280 1509 1493 1564 quoque
1527 1494 1941 1549 balbutientiutn
1984 1508 2178 1561 puero-

607 1604 726 1641 rum
786 1604 944 1642 vuces
1003 1598 1173 1658 grata:
1228 1588 1549 1657 parentibus
1598 1587 1840 1655 ipsorum
1900 1586 2173 1651 accidunt,

582 1677 830 1746 ‘Deoque
886 1682 1091 1731 minuta
1134 1678 1242 1731 duo
1296 1687 1415 1731 sunt
1469 1676 1771 1745 acceptiora
1803 1716 1817 1740 ,
1856 1691 2017 1745 quam
2058 1693 2178 1745 qua:

607 1769 846 1837 opulenti
881 1768 1265 1837 magniﬁcique
1310 1769 1557 1821 homines
1604 1777 1866 1834 praestant
1896 1767 2174 1837 (quoniam

2274 574 2401 642 σέης
2448 573 2872 643 εὐμοιρηκότας,
2929 576 3086 644 λόγον
3148 580 3445 649 προφέρειν
3505 581 3839 650 χρυσόρροον.

2285 664 2406 716 Ἑπὶ
2438 665 2495 716 δὲ
2528 665 2738 728 τούτοις
2772 666 2871 737 τὴν
2904 667 3002 738 σὴν
3036 667 3143 722 ἔδει
3192 674 3448 742 παρεῖναι
3478 676 3678 741 φωνήν·
3722 675 3841 743 μόνη

2271 756 2380 826 γὰρ
2410 757 2476 809 ἂν
2509 758 2705 827 ἑαυτῆς
2742 756 2904 821 ἀξίως
2937 760 3036 828 τῆς
3066 763 3340 831 εὐφημίας
3366 764 3841 831 καταστοχάσαιτο,

2273 849 2365 901 καὶ
2395 847 2571 900 ταῦτά
2607 865 2671 915 γε
2707 847 2822 900 νῦν.
2858 848 2945 900 Σοὶ
2971 851 3079 920 γὰρ
3105 852 3182 921 τῷ
3206 853 3296 903 ἐπὶ
3323 852 3427 921 γῆς
3461 852 3567 921 πρὸ
3599 851 3843 920 ἐκδημίας

2276 940 2726 1010 συμϐιοτεύσαντι
2750 981 2764 1005 ,
2800 942 2938 1013 λήθη
2980 943 3088 996 τῶν
3123 944 3585 1015 κατορθουμένων
3612 948 3667 997 ἐν
3703 963 3839 1016 πρωο

2273 1032 2545 1099 τολογίαις
2573 1033 2776 1103 ἑαυτῆς
2798 1035 3015 1106 ὑπῆρχε
3052 1037 3378 1107 κατήγορος.
3418 1037 3845 1107 Ἀποκρύπτετσι

2274 1126 2382 1196 γάρ
2435 1144 2555 1188 πως
2600 1129 2716 1189 τοῖς
2766 1130 2951 1195 σοφοῖς
2985 1128 3054 1180 τὰ
3100 1129 3249 1197 σφῶν
3291 1130 3753 1200 κατορθωμάτων,
3783 1131 3846 1194 ὡς

2275 1214 2339 1267 ἂν
2371 1213 2445 1284 μὴ
2484 1217 2776 1285 παραρρυῇ
2808 1216 2868 1267 τὸ
2905 1211 3048 1267 εἶναι
3081 1216 3158 1284 τῷ
3185 1216 3415 1269 οῖεσθαι’
3448 1216 3567 1269 ἀλλ’
3596 1219 3719 1269 ἐπεὶ
3751 1236 3844 1271 πα-

2274 1306 2433 1375 τράσι
2465 1305 2591 1372 φίλα
2630 1306 2722 1357 καὶ
2761 1307 2829 1358 τὰ
2858 1306 2968 1360 τῶν
2994 1307 3200 1359 παίδων
3228 1307 3607 1375 ψελλίσματα,
3643 1311 3731 1361 καὶ
3764 1310 3844 1367 δᾷο

2275 1394 2449 1448 λεπτά
2486 1394 2605 1465 Θεῷ
2635 1396 2744 1448 τῶν
2777 1398 3219 1467 κατορθωμάτων
3260 1398 3371 1450 τών
3408 1399 3594 1468 ἀὸρών
3628 1415 3844 1469 προσφιο

2276 1486 2541 1556 λέστερα’
2601 1486 2662 1539 ού
2710 1488 2938 1557 δυνάμει
2995 1490 3140 1559 γὰρ,
3192 1490 3510 1560 προαιρέσει
3557 1489 3617 1541 δὲ
3668 1491 3848 1558 μᾶλλον

2277 1579 2485 1649 κρίνειν
2523 1579 2699 1632 ταῦτα
2740 1580 2969 1647 πέφυκε·
3005 1582 3139 1651 πρὸς
3178 1580 3235 1633 δὲ
3268 1582 3361 1634 καὶ
3390 1579 3645 1649 φιλοθέου
3675 1583 3848 1651 ἀιδρδς

2279 1669 2596 1740 προτροπὴν
2630 1670 2738 1722 -ούκ
2789 1671 3103 1723 ἀπωστέον·
3154 1672 3353 1734 αἰδοῖος
3406 1672 3515 1741 γάρ
3553 1666 3710 1735 οὗτος
3764 1674 3850 1727 καὶ

2279 1762 2508 1831 χάριτας
2540 1761 2621 1813 ὅτι
2667 1761 2924 1824 πλείστας
2966 1764 3101 1831 πρὸς
3142 1764 3297 1833 ἡμῶν
3343 1764 3717 1833 ὀφειλόμενος·
3751 1766 3850 1817 τῶν

610 1878 714 1912 non
744 1876 808 1915 ex
843 1861 1108 1928 potentia,
1160 1862 1252 1913 sed
1300 1875 1366 1913 ex
1422 1861 1699 1915 voluntate
1746 1874 1806 1913 ea
1852 1862 1988 1914 solet
2031 1862 2172 1914 msti-

2287 1852 2382 1921 μὲν
2412 1852 2584 1919 λόγων
2615 1854 2949 1922 ἐφάπτομαι·
2992 1854 3107 1907 ἀλλ’
3136 1856 3235 1908 οὐκ
3270 1855 3489 1923 ἀνέδην,
3529 1855 3652 1908 οῦδὲ
3680 1873 3851 1910 συστο-

610 1965 803 2021 mare),
840 1954 935 2005 sed
965 1968 1063 2006 nec
1104 1952 1340 2021 religiosi
1375 1966 1502 2023 erga
1536 1954 1700 2006 Deum
1740 1952 1862 2016 viri,
1903 1952 1993 2020 qui
2023 1968 2178 2007 reve-

612 2043 784 2095 rentia
839 2045 1004 2095 multa
1052 2044 1249 2112 dignus
1288 2055 1395 2107 est,
1450 2044 1844 2113 multiplicique
1899 2044 2059 2097 titulo
2114 2044 2180 2098 de

609 2134 765 2189 nobis
820 2135 957 2187 bene
1011 2136 1258 2198 meritus,
1286 2134 1437 2201 jussa
1494 2134 1829 2204 repudianda
1880 2145 2049 2189 sunt:
2086 2152 2183 2190 ea-

609 2235 833 2296 pr0pter
866 2226 1081 2279 dicendi
1111 2226 1323 2279 initium
1360 2224 1577 2290 faciam,
1613 2241 1716 2279 non
1746 2236 1924 2280 tamen
1953 2237 2182 2292 temere,

611 2331 710 2372 nec
744 2326 855 2371 tota
902 2319 1171 2381 libertate,
1209 2317 1303 2372 sed
1334 2318 1618 2371 cohibente
1651 2328 1793 2372 metu
1824 2358 1839 2382 ,
1871 2318 2177 2373 divinorum

612 2418 847 2470 tuorum,
881 2423 1270 2476 sacrorumque
1306 2408 1751 2462 documentorum
1799 2408 2064 2476 primitias
2093 2407 2180 2461 of-

609 2495 744 2551 fero.
782 2495 910 2549 Mihi
941 2496 1208 2565 siquidem
1259 2507 1639 2565 argumentum
1688 2496 1829 2550 istud
1879 2497 2178 2562 evolventi,

610 2590 655 2642 si
695 2588 1010 2656 dignitatem
1043 2587 1160 2655 ejus
1190 2595 1470 2641 assecutus
1496 2601 1611 2651 ero,
1645 2586 1789 2640 haud
1825 2602 2013 2655 parum
2062 2588 2181 2642 lau-

612 2679 695 2731 dis
723 2680 981 2745 accedet;
1018 2680 1098 2733 sin
1148 2687 1325 2732 autem
1358 2678 1476 2746 ejus
1509 2678 1815 2733 obtinendae
1857 2680 2031 2749 impar
2062 2696 2180 2734 sum

614 2767 856 2838 (quando
888 2769 988 2822 hoc
1016 2784 1120 2823 non
1152 2770 1262 2837 pati
1290 2768 1545 2822 eximium
1579 2767 1737 2832 foret,
1767 2769 1894 2835 quin
1924 2785 2023 2824 nec
2053 2785 2180 2838 pos-

622 2860 825 2928 sibile),
850 2862 1063 2913 veniam
1119 2874 1249 2928 rogo
1302 2859 1580 2927 indulgeas
1618 2860 1769 2921 mihi,
1804 2861 1895 2927 qui
1944 2860 2183 2915 victoria:

2278 1944 2377 2013 λῆς
2416 1946 2549 2016 ἄτερ
2570 1985 2585 2010 ,
2619 1946 2754 1999 ἀλλὰ
2784 1948 2860 2018 τῷ
2887 1948 2995 2001 δέει
3034 1949 3133 2018 μὲν
3169 1949 3595 2018 συστελλόμενος
3616 1989 3631 2011 ,
3662 1952 3751 2002 καί
3780 1967 3852 2003 σοι

2278 2036 2387 2090 τῶν
2416 2036 2522 2089 σῶν
2570 2037 2728 2091 θείων
2771 2057 2830 2091 τε
2867 2041 2959 2092 καὶ
3010 2040 3170 2109 ίερών
3213 2040 3565 2109 διδαγμάτων
3613 2042 3855 2112 προφέρω

2280 2129 2347 2179 τὰ
2397 2129 2703 2197 ἀκροθίνια.
2750 2131 2943 2183 Ἔσται
2995 2132 3103 2201 γάρ
3157 2148 3247 2201 μοι
3301 2132 3564 2202 τοιαύτην
3614 2134 3853 2186 ὑπόθεσιν

2282 2219 2613 2273 ἀνελίττοντι
2636 2261 2647 2281 ,
2683 2222 2852 2288 ἐγγὺς
2894 2221 2993 2291 μὲν
3034 2222 3190 2285 ἀξίας
3229 2222 3552 2292 ἐληλυθότι,
3594 2224 3695 2292 οὐχ
3724 2226 3749 2275 ὁ
3775 2240 3855 2275 τυο

2285 2310 2396 2380 χὼν
2426 2312 2645 2375 ἔπαινος
2670 2352 2684 2373 ,
2731 2313 3114 2382 ἀπολειφθέντι
3157 2315 3212 2367 δὲ
3242 2313 3466 2382 ταύτης,
3508 2316 3537 2367 ὃ
3574 2315 3651 2385 μὴ
3682 2316 3854 2368 παθεῖν

2286 2402 2529 2473 ἄριστον,
2569 2404 2684 2457 ἀλλ’
2715 2406 3019 2475 ἀμήχανον,
3061 2406 3360 2475 συγγνώμη
3388 2407 3529 2477 ἥττῃ
3555 2408 3742 2479 δικαία
3768 2425 3855 2459 κα·

2285 2493 2681 2563 θυποκύψαντι,
2735 2497 2827 2549 καί
2876 2514 2966 2568 μοι
3025 2498 3167 2550 δίδου
3217 2498 3317 2567 τὴν
3370 2500 3673 2569 πυρίπνοον
3715 2499 3854 2569 χάριν

2282 2586 2376 2639 τοῦ
2412 2588 2747 2658 Πνεύματος.
2781 2588 3016 2659 Χριστοῦ
3048 2590 3156 2660 γάρ
3186 2592 3281 2642 καὶ
3308 2591 3468 2654 αὐτὸς
3492 2593 3855 2661 ὲχρημάτισας

2287 2678 2488 2749 στόμα,
2523 2680 2739 2749 ἐξάγων
2770 2683 2827 2749 ἐξ
2856 2682 3076 2747 ἀναξίου
3110 2683 3277 2747 ἄξιον⁶
3303 2682 3403 2754 οὐχ
3436 2684 3534 2737 ἕνα
3566 2701 3671 2736 που
3700 2684 3852 2753 ῆδύο·

2282 2771 2442 2825 τοῦτο
2458 2773 2565 2843 γὰρ
2586 2775 2650 2827 ἄν
2671 2791 2753 2837 τις
2778 2775 2937 2842 τυχὸν
2962 2774 3184 2828 καὶτῶν
3214 2775 3425 2829 πολλῶν
3449 2775 3725 2846 δράσειεν’
3751 2776 3857 2829 ἀλλ’

2286 2866 2471 2929 οῖκους
2503 2867 2682 2933 ὅλους,
2714 2866 2808 2920 καὶ
2842 2867 3069 2936 δήμους,
3097 2868 3191 2920 καὶ
3220 2866 3412 2921 ἄστεα.

611 2956 771 3024 iusta:
800 2956 994 3009 collum
1023 2954 1273 3023 subjicio,
1310 2953 1715 3021 ferventemque
1741 2955 1907 3024 887
1950 2955 2186 3026 Spiritus
2257 2961 2486 3030 gratiam
2537 2962 2843 3031 impertire.
2880 2962 3012 3016 Nam
3040 2963 3243 3016 Christi
3295 2978 3511 3033 quoque
3554 2978 3618 3019 os
3652 2964 3859 3018 effectus

616 3066 696 3117 es,
728 3051 817 3119 qui
848 3064 917 3102 ex
960 3050 1180 3117 indigno
1219 3048 1442 3117 dignum
1513 3050 1842 3113 extraxeris,
1884 3064 1993 3103 non
2042 3064 2207 3105 unum
2271 3054 2570 3110 alterumve
2618 3055 2888 3111 hominem
2937 3056 3103 3127 (quod
3154 3056 3237 3111 vel
3284 3072 3315 3111 e
3378 3058 3561 3111 multis
3594 3060 3853 3128 quispiam

618 3143 977 3215 praestiterit),
1010 3144 1104 3197 sed
1128 3153 1182 3196 et
1206 3142 1441 3197 familias
1483 3141 1740 3210 integras,
1771 3141 2081 3212 plebesque,
2115 3159 2180 3198 ac
2220 3146 2489 3203 civitates.

688 3239 744 3292 2.
788 3238 1075 3292 Enimvero
1103 3251 1129 3288 a
1172 3247 1222 3290 te
1288 3236 1401 3304 ipse
1448 3235 1629 3287 statim
1667 3248 1917 3300 exorsus,
1959 3238 2185 3306 leipsum

2367 3242 2434 3311 β’.
2486 3240 2821 3312 Ἀρξάμενος
2849 3242 2960 3313 γάρ
2992 3242 3052 3307 ἐξ
3080 3243 3307 3309 ἑαυτοῦ,
3347 3245 3443 3297 καὶ
3475 3244 3679 3297 σαυτὸν
3709 3244 3859 3306 ὅντως

620 3346 835 3401 quoque
892 3344 1073 3383 veram
1120 3326 1442 3387 Jerusalem,
1496 3327 1764 3379 civitatem
1821 3328 1913 3382 Dei
1967 3330 2199 3386 viventis

620 3424 818 3485 fecisﬁ.
874 3438 980 3491 qtto
1042 3420 1207 3475 divini
1260 3418 1496 3488 Spit-itus
1531 3419 1857 3473 domicilium
1902 3424 2197 3493 evaderes;

620 3526 841 3585 tumque
874 3515 1008 3568 adeo
1035 3514 1233 3581 ubique
1263 3521 1549 3577 terrarum,
1578 3510 1820 3567 Orientis
1853 3510 2186 3570 Occidentis-

620 3624 727 3678 que
772 3618 997 3669 tractus,
1044 3604 1229 3659 Austri
1286 3605 1436 3668 item,
1485 3615 1540 3658 et
1591 3602 1990 3674 Septentrionis
2038 3607 2195 3674 fines,

620 3701 788 3753 verbo
829 3707 1153 3767 pervagatus
1197 3711 1278 3759 es,
1329 3704 1390 3748 ut
1433 3697 1500 3749 de
1552 3706 1601 3748 te
1646 3710 1902 3765 perquam
1954 3699 2198 3766 apposite

623 3793 1044 3862 praenuntiatum
1076 3789 1145 3841 sit
1177 3789 1418 3841 divinum
1464 3787 1589 3840 illud
1625 3789 1950 3842 sanctissimi
1984 3789 2196 3845 Davidis

623 3879 881 3933 etiamm:
920 3878 981 3932 In
1024 3895 1225 3932 omnem
1270 3888 1464 3929 terram
1513 3878 1666 3930 exivit
1698 3893 1857 3930 sonus
1904 3894 2106 3944 eorum,
2145 3888 2195 3933 et

624 3974 679 4025 in
712 3974 839 4040 ﬁnes
870 3973 1006 4024 orbis
1042 3983 1193 4024 terra?
1235 3972 1387 4023 verba
1432 3986 1610 4024 eorum
1635 3970 1676 4023 ⁵.
1718 3970 1885 4023 Fuisti
1930 3973 2194 4040 siquidem

627 4064 879 4118 alumnus
908 4063 1131 4126 Christi,
1164 4062 1253 4130 qui
1312 4064 1423 4129 ipsa
1478 4077 1599 4115 vere
1633 4062 1891 4130 sapientia
1926 4072 2031 4129 est,
2070 4065 2196 4117 sub-

627 4167 776 4211 stans
810 4153 899 4207 Dei
950 4164 1003 4208 et
1039 4154 1211 4207 Patris
1255 4154 1427 4206 virtus
1446 4156 1486 4216 °,
1523 4152 1763 4221 ejusque,
1812 4164 2071 4221 quantum
2105 4169 2197 4223 pe-

627 4262 723 4300 nes
754 4257 804 4299 te
839 4255 979 4307 erat,
1016 4246 1236 4313 vestigia
1280 4244 1594 4313 premendo,
1636 4244 1873 4297 imitator
1916 4244 2091 4300 factus
2136 4260 2195 4301 es

629 4336 743 4398 Dei,
768 4335 919 4403 juxta
949 4348 1110 4404 atque
1142 4336 1344 4390 homini
1378 4335 1633 4404 possibile
1663 4347 1766 4389 est.
1802 4335 1879 4389 Tu
1912 4339 2057 4390 enim
2089 4347 2193 4390 ter-

628 4429 803 4481 minos
831 4428 1217 4496 columnasque
1260 4440 1486 4491 naturaa,
1534 4428 1712 4483 omnis
1749 4443 1937 4497 nempe
1982 4430 2196 4484 virtutis

629 4520 901 4586 specimen
968 4518 1209 4571 struxisti
1277 4518 1328 4570 in
1398 4519 1820 4587 profundissimo
1874 4519 2195 4574 humilitatis

2310 3331 2619 3404 Ἰερουσαλὴ
2628 3350 2665 3402 μ
2687 3332 3105 3396 κατασκευάσας
3129 3334 3283 3388 πόλιν
3300 3335 3435 3388 Θεοῦ
3459 3335 3667 3400 ζῶντος
3688 3338 3860 3396 είςκαο

2304 3426 2652 3491 τοικητήριον
2687 3421 2829 3475 θείου
2866 3423 3207 3493 Πνεύματος,
3230 3426 3533 3493 πανταχόσε
3559 3424 3863 3493 γῆς,⁹Εώας

2300 3526 2361 3560 τε
2404 3510 2496 3563 καὶ⁹
2551 3510 2838 3583 Ἐσπερίου
2877 3512 3099 3583 λήξεως,
3156 3516 3390 3586 Ἄρκτου
3425 3531 3484 3567 τε
3514 3518 3605 3567 καὶ
3644 3517 3861 3585 Μεσημ-

2298 3600 2456 3672 ϐρίας
2487 3603 2722 3673 ἐπῆλθες
2762 3604 2839 3675 τῷ
2867 3604 3012 3676 λόγῳ
3042 3606 3111 3659 τά
3141 3606 3377 3677 πέρατα,
3425 3607 3499 3669 ὡς
3531 3609 3622 3660 καὶ
3672 3609 3761 3660 ἐπὶ
3786 3608 3861 3659 σοι

2297 3692 2676 3763 εὐστοχώτατα
2709 3695 2967 3768 λεχθῆναι
2991 3698 3087 3750 τοῦ
3125 3697 3411 3751 θεσπεσίου
3446 3698 3612 3752 Δαϐὶδ
3637 3701 3701 3751 τὸ
3733 3700 3858 3751 θεῖον

2298 3787 2746 3857 προαναφώνημα
2772 3803 2787 3818 ⁶
2841 3792 2942 3855 Εις
2980 3790 3189 3845 πᾶσαν
3234 3792 3350 3859 τὴν
3388 3790 3507 3861 γῆν
3547 3790 3806 3859 ἐξῆλθεν
3830 3796 3857 3845 d

2296 3878 2555 3947 φθόγγος
2578 3878 2796 3944 αὐτῶν,
2818 3881 2917 3933 καὶ
2941 3884 3029 3947 εις
3055 3884 3127 3936 τὰ
3146 3882 3369 3951 πέρατα
3391 3882 3501 3950 τῆς
3520 3883 3859 3953 οἰκουμένης

2296 3972 2367 4022 τά
2394 3969 2633 4037 ῥήματα
2654 3971 2872 4026 αὐτῶν.
2907 3974 3171 4045 Φοιτητὴς
3197 3976 3305 4047 γὰρ
3326 3975 3558 4043 γέγονας
3578 3979 3677 4047 τῆς
3706 3976 3857 4035 ὅντως

2296 4063 2629 4131 αὑτοσοφίας
2661 4064 2759 4116 τοῦ
2790 4066 3028 4137 Χριστοῦ
3054 4109 3068 4132 ,
3098 4071 3198 4138 τῆς
3239 4068 3331 4121 τοῦ
3362 4068 3499 4121 Θεοῦ
3533 4070 3625 4121 καὶ
3661 4069 3857 4137 Πατρὶς

2298 4157 2667 4209 ὲνυποστάτου
2702 4156 3006 4227 δυνάμεως,
3038 4160 3132 4211 καὶ
3153 4159 3344 4211 τοῦτον
3380 4159 3743 4229 ίχνηλατήσας
3768 4160 3854 4229 ὅσῃ

2296 4246 2546 4317 δύναμις,
2594 4248 2691 4300 καὶ
2725 4250 2968 4318 μιμητὴς
2998 4249 3134 4302 Θεοῦ
3169 4251 3457 4319 γενόμενος
3496 4251 3572 4314 ὡς
3600 4250 3855 4321 ἀνθρώπῳ

2296 4334 2540 4388 δυνατόν.
2588 4337 2659 4387 Σὺ
2701 4338 2913 4408 πέρατα
2965 4340 3073 4410 γάρ
3120 4339 3187 4391 τὰ
3230 4340 3331 4410 τῆς
3376 4340 3595 4408 φύσεως
3642 4341 3857 4410 Γάδειρα

2298 4427 2480 4495 πάσης
2511 4428 2717 4497 ἀρετῆς
2750 4428 2896 4481 ίδέαν
2940 4432 3033 4483 ἐπὶ
3064 4431 3144 4503 τῷ
3180 4431 3466 4501 βαθυτάτῳ
3498 4432 3729 4503 θεμελίῳ
3764 4431 3855 4500 τῆς

2296 4520 2681 4579 ταπεινώσεως
2733 4522 3094 4595 ᾠκοδόμησας
3122 4564 3137 4588 ,
3169 4526 3236 4577 δι’
3287 4520 3355 4597 ἧς
3395 4526 3565 4595 μόνης
3606 4526 3696 4578 καὶ
3735 4525 3856 4586 Θεὸς

630 4608 1002 4669 ftttftlatnento,
1054 4623 1146 4675 per
1176 4622 1334 4675 quam
1362 4609 1554 4671 solam,
1584 4618 1638 4663 et
1681 4608 1891 4661 salvarc
1921 4608 2061 4662 Deus
2100 4624 2185 4663 vo-

2300 4612 2495 4675 σώζειν
2530 4613 2813 4683 εὐδόκησε,
2843 4618 2935 4669 καὶ
2967 4618 3254 4688 ἄνθρωπος
3285 4617 3539 4682 σώζεται.
3571 4617 3734 4671 Οὐδὲν
3757 4617 3857 4687 γάρ

632 4700 753 4763 luit,
782 4711 834 4753 et
871 4701 1049 4752 salvus
1093 4703 1149 4753 lit
1198 4700 1376 4755 homo.
1412 4700 1620 4753 Nullum
1654 4702 1850 4769 quippe
1878 4700 2104 4755 fulcrum
2130 4717 2193 4756 ea

637 4793 849 4846 firmius
879 4804 981 4846 est.
1029 4794 1125 4845 Ast
1156 4793 1512 4845 humilitatem
1545 4808 1611 4846 ex
1653 4794 1755 4846 lide
1785 4792 2047 4859 originem
2086 4804 2194 4848 tra—

628 4884 759 4939 here
814 4884 1013 4937 netnini
1075 4900 1179 4937 non
1232 4885 1572 4951 perspicumn
1621 4895 1725 4940 est.
1776 4884 2002 4950 Quinam
2047 4888 2192 4941 enim

624 4975 810 5030 divino
842 4976 1046 5029 nutnini
1083 4976 1255 5029 subsit
1296 4976 1513 5043 aliquis,
1547 4976 1598 5028 ni
1634 4985 1783 5030 certo
1822 4977 2004 5028 credat
2042 4976 2193 5033 altis-

624 5068 820 5121 simum
848 5082 969 5121 esse
999 5066 1238 5119 divinum
1267 5066 1503 5120 numen?

696 5158 751 5211 ὅ.
789 5159 951 5227 Atqui
996 5158 1274 5212 Sermonis
1304 5157 1481 5212 cultor
1510 5171 1631 5211 cum
1669 5174 1839 5227 esses,
1884 5178 2191 5218 sermonum

625 5266 841 5320 quoque
889 5252 1078 5319 plenus
1134 5250 1305 5315 luisti,
1358 5250 1553 5319 quibus
1604 5251 1841 5307 divinum
1894 5256 2195 5310 subsisten-

626 5348 845 5409 temque
882 5342 973 5395 Dei
1010 5353 1065 5395 et
1105 5341 1279 5395 Patris
1313 5342 1649 5405 Sermonem,
1686 5345 1955 5413 suppetias
1991 5344 2195 5401 ferente

626 5430 856 5498 Spiritu,
888 5432 1399 5487 coasubstantialem
1433 5448 1553 5487 esse
1579 5432 1725 5487 Patri
1758 5437 2096 5504 praedicasti;
2136 5448 2192 5491 ut

598 5524 806 5577 .tmitas
862 5526 1135 5578 adoranda
1186 5526 1238 5579 in
1286 5525 1551 5579 Triuitatc
1587 5526 1758 5593 palam
1808 5528 2189 5595 innotesceret,

626 5630 723 5669 nec
773 5630 876 5669 non
931 5615 1169 5671 Trinitas
1214 5616 1280 5671 ad
1331 5618 1550 5671 unitatis
1605 5633 1865 5671 sunnnam
1918 5632 2187 5685 revocata,

697 5771 718 5801 ⁸
764 5768 901 5825 Psal.
942 5787 1095 5837 xvtn,
1148 5776 1207 5839 5;
1249 5774 1402 5827 Rom.
1437 5790 1464 5827 κ
1495 5815 1508 5836 ,
1551 5777 1632 5829 18.
1712 5778 1729 5804 ⁸
1758 5777 1770 5828 l
1800 5777 1923 5829 Cor.
1966 5796 2000 5839 ι,
2036 5780 2116 5832 ~25.

2292 4702 2500 4773 ταύτης
2526 4704 2935 4774 ἀσφαλέστερον
2962 4707 3215 4779 ἔρεισμα.
3256 4709 3319 4762 Ἡ
3347 4709 3405 4763 δὲ
3439 4710 3761 4770 ταπείνωσις
3786 4708 3857 4768 ὡς

2292 4794 2357 4846 ἐκ
2385 4794 2620 4860 πίστεως
2664 4804 2826 4851 παντί
2873 4815 2978 4852 που
3012 4799 3192 4871 δῆλον.
3232 4800 3358 4875 Πῶς
3388 4802 3496 4869 γὰρ
3529 4801 3593 4854 ἀν
3622 4818 3697 4859 τις
3730 4798 3855 4852 καθ-

2293 4886 2531 4957 υποὸαίη
2547 4888 2624 4959 τῷ
2649 4891 2940 4962 κρείττονι,
2970 4892 3045 4964 μὴ
3068 4891 3364 4956 πιστεύσας
3379 4894 3459 4946 ὃτι
3489 4893 3746 4965 κρείττων
3768 4891 3858 4944 καὶ

2295 4975 2519 5045 ὕψιστος
2541 4994 2554 5043 ;

2372 5185 2439 5243 γ’.
2480 5182 2667 5249 Λόγων
2698 5182 2756 5234 δὲ
2794 5182 3008 5254 πλήρης
3038 5184 3113 5247 ώς
3152 5184 3328 5252 Λόγου
3378 5183 3711 5256 θεραπευτής
3737 5184 3849 5249 ἐγε-

2302 5269 2501 5335 γόνεις,
2526 5273 2593 5324 δι’
2615 5270 2689 5326 ὧν
2718 5274 2807 5327 τὸν
2838 5274 2977 5329 θεῖον
3010 5276 3205 5345 Λόγον,
3238 5277 3333 5330 καὶ
3377 5278 3730 5329 ὲνυπόστατον
3763 5272 3848 5325 τοῦ

2300 5358 2437 5413 Θεοῦ
2472 5362 2566 5415 καὶ
2598 5365 2833 5433 Πατρὸς,
2864 5366 2953 5419 διὰ
3000 5367 3318 5438 Πνεύματος
3361 5367 3437 5438 τῷ
3468 5368 3635 5438 Πατρὶ
3659 5365 3843 5435 ἑκήρυ·

2303 5448 2399 5513 ξας
2458 5450 2764 5520 ὀμοούσιον,
2830 5456 3035 5525 μονάδα
3089 5456 3277 5525 σαφῶς
3327 5457 3526 5509 εἰδέναι
3564 5458 3619 5508 ὲν
3669 5454 3843 5523 Τριά“ι

2300 5544 2808 5614 προσκυνουμένην,
2858 5546 2953 5598 καὶ
2993 5546 3197 5617 Τριάδα
3241 5550 3321 5610 εἰς
3360 5546 3559 5616 μονάδα
3588 5545 3845 5609 ἀνακεφα-

2299 5628 2453 5681 λαιον
2463 5630 2652 5701 μένην,
2678 5630 2979 5704 παράδοξόν
3016 5651 3131 5688 τινα
3163 5636 3435 5707 φέρουσαν
3459 5635 3553 5706 τὴν
3585 5631 3766 5685 ἕνωσίν
3792 5644 3838 5679 τι
