4046 6412
180 420 266 482 765
1116 424 1500 487 LAUDATIO
1543 426 1600 485 S.
1639 424 1849 484 JOAN.
1891 423 2442 484 CHRYSOSTOMI.

3312 415 3415 479 766

178 540 256 593 nl
275 534 554 605 διαίρεσιν.
591 530 722 587 Οὔτε
744 532 804 586 τδ
835 534 1035 585 ἑνιαῖον
1064 534 1492 603 συγκεχυμένον,
1522 530 1645 584 οὕτε
1673 532 1729 584 τὸ

1840 544 1958 598 quae
1994 532 2245 584 unionem
2288 530 2799 603 distinctionemque
2842 534 3079 591 humano
3122 546 3281 604 captu
3321 552 3417 591 sii-

176 622 369 696 τρισσὸν
397 619 466 673 δι’
500 620 693 690 ᾶμπαξ
718 619 1097 691 διαιρούμενον
1119 637 1135 653 ·
1175 622 1231 674 ὲν
1262 621 1476 692 θατέρῳ
1514 620 1571 674 δὲ
1603 637 1731 673 συν-

175 712 488 785 τηρούμενον
519 711 768 783 θάτερον,
807 714 865 765 ἐν
904 715 969 783 τῇ
1010 711 1204 765 ὲνώσει
1262 714 1359 783 μὲν
1394 714 1495 782 τῆς
1542 712 1732 776 οὐσίας

173 807 264 859 τῶν
291 804 645 858 ὑποστάσεων
672 807 732 856 τὸ
760 805 964 857 ἑνιαῖόν
981 821 1040 857 τε
1066 805 1159 857 καὶ
1182 805 1279 874 τῆς
1306 804 1522 874 φύσεως
1548 805 1731 874 ἀπαρ-

175 898 437 952 άλλακτον.
476 896 666 949 Ταῦτα
724 897 905 950 πᾶσαν
937 896 1034 966 τὴν
1074 896 1402 967 οἰκουμένην
1452 895 1716 962 ἐδίδαξας,

179 990 287 1060 μίαν
316 988 548 1058 θεότητα
578 990 1011 1059 τρισυπόστατον
1038 991 1094 1042 ὲν
1131 991 1229 1060 μιᾷ
1258 989 1367 1042 τῶν
1394 989 1566 1059 αὐτῆς
1596 991 1732 1042 ὑπο-

178 1084 398 1135 στάσεων
440 1080 642 1144 όλικῶς
684 1084 817 1152 ἡμῖν
849 1086 1253 1151 κοινωνήσασαν
1282 1096 1295 1111 ⁸
1344 1084 1377 1151 ἡ
1414 1082 1471 1134 δέ
1527 1085 1675 1135 ἐστιν
1703 1082 1732 1134 ὁ

177 1173 285 1234 Υἱὸς
309 1170 399 1223 τοῦ
433 1170 572 1223 Θεοῦ
605 1174 702 1224 καὶ
746 1172 939 1240 Λόγος,
975 1175 1003 1225 ὁ
1049 1172 1268 1244 ἀπαθὴς
1311 1174 1529 1244 παθητῇ
1572 1172 1732 1242 φύσει

176 1262 441 1331 ίνούμενος
462 1304 477 1327 ,
512 1264 608 1315 καὶ
647 1263 819 1318 ταῦτα
869 1265 1032 1318 οἱονεὶ
1062 1266 1463 1336 ὑφιστάμενος,
1512 1266 1607 1320 καὶ
1636 1267 1732 1320 τοῦ

174 1352 292 1407 εἶναι
327 1354 636 1425 ἀρχόμενος
660 1398 673 1419 ,
707 1358 1081 1428 σαρκούμενός
1120 1376 1179 1411 τε
1212 1358 1308 1411 κα)⁸
1336 1358 1730 1429 παχυνόμενος,

177 1442 255 1496 καὶ
278 1444 304 1495 ὁ
332 1443 540 1507 ἁπλοῦς
578 1447 642 1515 τῇ
680 1448 841 1514 φύσει
876 1446 1092 1516 φύσεως
1144 1448 1447 1519 προσλήψει
1484 1449 1733 1501 συντιθέ-

179 1551 337 1603 μενος,
380 1536 476 1587 καὶ
531 1537 725 1608 διφυὴς
772 1539 987 1610 ἀληθῶς
1039 1541 1442 1611 γνωριζόμενος
1468 1586 1483 1607 ,
1519 1541 1596 1604 ὡς
1637 1540 1733 1593 δύο

177 1624 343 1690 φύσεις
370 1624 555 1695 φέρων
589 1627 725 1697 μετὰ
757 1629 856 1698 τὴν
891 1629 1107 1693 ἕνωσιν,
1141 1630 1198 1695 ἐξ
1225 1624 1299 1682 ὧν
1332 1631 1389 1682 ἓν
1419 1632 1565 1683 ἐστιν
1590 1632 1733 1701 ἅπερ

177 1717 501 1786 κηρύττεται·
534 1719 756 1783 τελείως
787 1721 1016 1790 ἔχουσαν
1044 1723 1281 1791 ἑκάστην
1312 1725 1454 1775 κατὰ
1482 1722 1574 1774 τὸν
1608 1723 1735 1792 ὅρον

174 1825 222 1861 τε
248 1807 334 1860 καὶ
360 1807 518 1875 λόγον
539 1810 634 1863 τὸν
664 1811 886 1880 ἑαυτῆς,
924 1812 1022 1882 τὴν
1059 1813 1157 1881 μὲν
1184 1812 1421 1882 ἄναρχόν
1446 1830 1503 1864 τε
1541 1814 1637 1865 καὶ
1669 1814 1722 1867 ἄ·

176 1916 387 1961 κτιστον,
406 1899 503 1970 τὴν
526 1900 585 1953 δὲ
619 1903 902 1974 ⁴ίγργμένην
928 1921 986 1956 τε
1017 1906 1110 1957 καὶ
1134 1904 1483 1973 ἐκτισμένην·
1506 1904 1606 1974 τὴν
1634 1903 1733 1973 μὲν
1763 1886 1807 1940 Β

175 1988 357 2058 ἀπαθῆ,
382 1988 639 2059 ἀόρατον,
674 1993 855 2064 ἀναφῆ
881 2034 895 2056 ,
925 1994 1343 2067 ἀπερίγραπτον
1369 2034 1382 2056 ,
1412 1994 1510 2064 τὴν
1534 1994 1589 2046 δὲ
1620 2010 1729 2047 πα-

177 2081 321 2151 θητήν
342 2098 395 2133 τε
414 2082 509 2134 καὶ
532 2083 839 2155 ὁρωμένην,
866 2086 961 2137 καὶ
982 2085 1179 2155 ἁπτὴν,
1205 2088 1298 2139 καὶ
1320 2103 1385 2137 πε
1396 2086 1725 2156 ριγραπτήν·

177 2172 442 2243 θελητικὴν
472 2174 779 2244 ἑκατέραν,
817 2176 913 2228 καλ⁵
946 2176 1314 2241 αὐτεξούσιον,
1360 2178 1453 2229 καὶ
1493 2180 1726 2247 ἐνεργη-

176 2263 331 2334 τικὴν,
374 2264 539 2328 αὐτὸς
579 2266 734 2319 τοῦτο
774 2268 995 2321 κάκεῖνο
1040 2268 1231 2333 τελῶν,
1266 2270 1295 2321 ὁ
1341 2263 1421 2331 εἷς
1469 2268 1723 2339 Χριστὸς,

177 2357 255 2408 καὶ
278 2357 417 2421 Υίδς,
456 2358 557 2410 καὶ
589 2358 793 2429 Κύριος
815 2376 829 2391 ⁸
868 2361 965 2431 τῆς
1008 2360 1107 2431 μὲν
1138 2360 1447 2432 όργανικῶς
1475 2360 1727 2431 λειτουρν

178 2450 416 2520 γησάσης,
448 2452 548 2520 τῆς
577 2450 632 2503 δὲ
657 2450 988 2515 δεσποτικῶς
1016 2452 1394 2523 ὲνεργησάσης
1418 2469 1431 2482 ο
1461 2450 1730 2521 ἑκατέρας

178 2542 259 2609 τὴν
285 2543 479 2594 οίκείαν
533 2542 818 2612 ὲνέργειάν
851 2560 911 2596 τε
972 2545 1069 2597 καὶ
1113 2544 1462 2608 αὐτεξούσιον
1514 2542 1731 2613 κίνησιν

179 2632 411 2704 ὲχούσης’
436 2633 604 2687 αὑτοῦ
636 2635 691 2687 δὲ
722 2633 815 2686 τοῦ
844 2634 963 2697 ἐνὸς
983 2636 1142 2687 τοῦτο
1171 2635 1392 2687 κάκεῖνο
1411 2633 1690 2698 τελοῦντος
1710 2674 1727 2701 ,

177 2726 234 2776 δι’
261 2726 455 2795 ἀμφοῖν
489 2730 593 2795 τὴν
621 2728 776 2797 ἡμῶν
808 2727 1291 2798 κατεργασαμένου
1320 2728 1583 2799 σωτήριον
1605 2729 1730 2781 dva-

181 2811 407 2877 καίνισιν,
439 2815 528 2883 ἐφ’
552 2809 597 2883 ᾦ
621 2816 924 2886 συμπαθῶς
954 2816 1145 2869 ἑαυτὸν
1176 2818 1472 2871 κεκένωκε.

1834 620 2099 689 periorem
2160 619 2374 686 habeat,
2448 621 2655 675 unitate
2711 624 2927 692 quidem
2973 624 3327 694 confusionis,
3363 638 3417 682 et

1837 710 2077 764 ternario
2104 711 2385 766 divisionis
2413 724 2637 781 experte
2662 728 2888 783 prorsus
2919 718 3261 785 persistente.
3287 721 3408 786 Quo

1835 803 1894 856 lit
1926 812 1981 856 ut
2022 802 2252 857 alterum
2295 804 2346 857 in
2372 802 2543 858 altero
2569 804 2641 858 sit
2664 806 2907 874 salvum;
2941 808 2994 861 in
3023 810 3223 865 unione
3262 812 3414 865 scili-

1833 906 1917 950 cet
1963 896 2279 950 substantia:
2322 899 2499 952 unitas
2540 913 2917 967 personarum,
2946 909 3019 955 .et
3067 910 3274 956 natura:
3322 919 3413 971 per

1833 986 2011 1041 omnia
2054 987 2426 1044 conformitas.
2488 988 2613 1043 Haec
2667 991 2897 1045 docuisti
2952 992 3141 1046 orbem
3195 994 3413 1047 univer-

1846 1094 1991 1143 sum,
2037 1079 2293 1133 deitatem
2342 1096 2502 1134 unam
2544 1081 2596 1135 in
2648 1082 2821 1136 tribus
2850 1084 3259 1154 hypostasibus,
3295 1099 3414 1154 qui!

1834 1169 1889 1224 in
1926 1171 2290 1238 hypostasium
2340 1186 2560 1226 suarum
2603 1188 2708 1226 una
2751 1172 2909 1241 plene
2961 1175 3115 1229 nobis
3145 1176 3413 1244 perfecte-

1833 1277 1939 1331 que
1986 1265 2379 1319 communicata
2432 1266 2522 1318 sit.
2576 1263 2701 1320 HiEC
2760 1277 2940 1322 autem
2992 1268 3081 1321 Dei
3130 1268 3303 1323 Filius
3353 1280 3411 1323 et

1833 1356 2068 1411 Verbum
2099 1366 2201 1422 est,
2236 1357 2326 1426 qui
2364 1372 2485 1411 cum
2524 1358 2746 1412 minime
2783 1359 2896 1426 pati
2927 1368 3132 1427 posset,
3164 1376 3284 1413 cum
3318 1377 3400 1431 pa-

1835 1448 1971 1504 tibili
2015 1460 2207 1502 natura
2255 1448 2535 1517 cOpuIatus
2580 1448 2702 1514 fuit,
2750 1464 3026 1519 unumque
3069 1460 3126 1505 et
3171 1452 3311 1505 idem
3348 1468 3413 1509 ac

1835 1537 1949 1606 ipsa
1981 1536 2143 1591 veluti
2176 1538 2497 1601 subsistens,
2534 1547 2588 1591 et
2635 1552 2759 1591 esse
2798 1538 3084 1606 incipiens,
3130 1553 3410 1611 assumpta

1835 1643 2020 1690 carne,
2075 1629 2325 1682 crassitie
2389 1630 2612 1682 vestitus
2668 1627 2786 1681 fuit.
2841 1627 2994 1682 Unde
3032 1644 3156 1683 cum
3212 1642 3409 1685 natura

1838 1720 2065 1789 simplex
2102 1730 2263 1782 esset,
2296 1730 2501 1774 naturae
2541 1720 2883 1789 susceptione
2913 1721 3246 1788 compositus
3276 1737 3405 1777 eva-

1837 1814 1942 1876 sit,
2008 1812 2237 1881 duplicis
2279 1827 2466 1866 revera
2527 1822 2732 1865 natura:
2787 1810 3088 1875 exsisteus,
3140 1824 3411 1881 quatenus

1836 1914 2063 1958 naturas
2096 1904 2229 1957 duas
2256 1913 2377 1972 post
2405 1903 2704 1957 unitionem
2733 1901 2891 1971 gerit,
2922 1915 2989 1955 ex
3022 1901 3216 1969 quibus
3246 1920 3409 1957 unum

1837 1995 1953 2063 ipse
1989 2002 2093 2056 est,
2145 2009 2265 2061 qua:
2316 2007 2437 2046 esse
2486 1993 2818 2062 praedicatur
2849 2011 2863 2045 :
2897 1992 2969 2045 ita
3024 2003 3082 2043 ut
3130 1999 3414 2060 utramque

1838 2085 2035 2139 habeat
2082 2085 2377 2137 secundum
2424 2086 2707 2150 utriusque
2746 2082 3115 2137 deﬁnitionem
3156 2092 3211 2136 et
3250 2083 3415 2135 ratio.

1836 2194 1998 2239 nem;
2032 2194 2195 2230 unam
2225 2178 2441 2244 quidem
2487 2176 2736 2245 principii
2769 2185 3047 2244 expertem
3092 2189 3146 2229 et
3194 2176 3406 2229 increa-

1838 2279 1968 2333 tam,
2017 2272 2282 2336 inceptam
2316 2266 2541 2320 alteram
2586 2278 2641 2321 et
2665 2277 2901 2321 creatam
2933 2285 2945 2321 :
2977 2282 3139 2320 unam
3192 2266 3406 2335 impati-

1836 2360 2021 2423 bilem,
2045 2359 2394 2424 invisibilem,
2437 2358 2582 2429 tangi
2612 2358 2873 2423 nesciam,
2903 2371 2968 2412 ac
2991 2355 3365 2413 circumscribi
3390 2374 3408 2423 ;

1837 2450 2059 2504 alteram
2116 2449 2431 2519 patibilem,
2481 2449 2901 2518 aspectabilem,
2959 2448 3296 2503 tractabilem
3357 2457 3415 2503 et

1838 2544 2357 2613 circumscriptam:
2394 2553 2681 2610 utramque
2732 2541 3033 2604 voluntate,
3080 2540 3293 2594 arbitrii
3346 2541 3419 2595 li-

1836 2637 2072 2699 bertate,
2117 2644 2171 2690 et
2217 2634 2537 2704 operatione
2578 2634 2923 2696 instructam,
2961 2640 3019 2686 ut
3057 2632 3170 2701 ipse
3209 2631 3313 2685 huc
3356 2644 3413 2687 et

1838 2726 1964 2780 illud
2013 2728 2259 2789 exsistat,
2304 2724 2557 2779 Christus
2592 2739 2756 2790 unus,
2803 2722 3077 2791 Filiusque
3128 2732 3183 2776 et
3227 2722 3404 2776 Domi-

1835 2832 1974 2882 nus;
2017 2817 2104 2870 illa
2151 2815 2498 2870 instrumenti
2528 2830 2677 2871 more
2720 2816 3083 2881 ministrante,
3124 2816 3223 2868 hac
3254 2814 3407 2869 herili

181 2916 418 2974 potestate
464 2920 697 2980 agente;
731 2921 959 2980 utraque
992 2914 1207 2967 demum
1274 2914 1548 2983 prapriam
1628 2913 1900 2967 actionem
1954 2914 2291 2981 liberumque
2366 2920 2568 2966 motum
2648 2921 2967 2976 exserente;
3000 2920 3267 2981 quatenus
3295 2911 3409 2979 ipse

183 3017 300 3054 unus
334 3002 427 3056 hoc
465 3011 523 3056 et
568 3002 697 3057 illud
733 3004 965 3068 exsistit,
995 3013 1049 3057 et
1105 3020 1202 3075 per
1266 3016 1556 3076 utrumque
1613 3007 1909 3062 salutarem
1956 3006 2359 3061 renovationem
2438 3015 2680 3058 nostram
2724 3004 2979 3073 patravit,
3032 3004 3186 3074 cujus
3228 3002 3405 3072 gratia

182 3094 388 3159 seipsum
420 3096 900 3151 commiseratione
943 3105 1120 3152 motus
1151 3098 1449 3153 exinauivit
1472 3100 1515 3152 ".

238 3184 292 3241 δ’.
326 3185 508 3239 Ταῦτα
537 3186 725 3257 μαθὼν
760 3187 1006 3252 ἐδίδαξας
1036 3228 1050 3253 ,
1082 3188 1177 3242 καὶ
1206 3191 1417 3252 τούτοις
1451 3189 1729 3243 ἐποικοδο-

1902 3187 1955 3241 4.
2000 3184 2123 3239 llaec
2157 3199 2278 3238 cum
2310 3183 2617 3247 didicisses,
2660 3181 2909 3249 docuisti,
2951 3191 3010 3237 ut
3052 3182 3105 3237 in
3146 3182 3231 3237 his
3264 3197 3404 3253 quo-

185 3279 285 3345 μεῖν
318 3278 409 3349 τὴν
437 3278 549 3331 τῶν
579 3278 819 3349 ἀρίστων
863 3280 1042 3352 ἔργων
1080 3281 1368 3352 χρυσαυγῆ
1397 3298 1454 3333 τε
1499 3283 1594 3334 καὶ
1626 3282 1726 3352 ἁρ-

182 3372 471 3440 γυροφεγγῆ
507 3371 877 3441 εὐπρέπειαν·
907 3372 984 3437 ib;
1019 3372 1085 3427 ἂν
1114 3374 1188 3445 μὴ
1219 3374 1297 3445 τῷ
1330 3374 1564 3447 κριτικῷ
1592 3376 1727 3447 πυρὶ

186 3462 565 3531 πλησιάσαντες
633 3464 1007 3535 φρυγανώδεις
1067 3465 1219 3530 ὅντες
1278 3466 1724 3536 ἀναλωθείημεψ

183 3552 321 3606 πλέον
346 3554 398 3607 δὲ
431 3556 528 3609 καὶ
560 3555 721 3608 πλέον
754 3557 1186 3628 καθαρθείημεν,
1213 3558 1595 3628 δαπανώμενοι
1630 3559 1728 3627 μὲν

181 3645 285 3696 ὅσον
303 3644 578 3717 κίϐδηλον,
607 3647 701 3700 καὶ
724 3647 957 3720 καθαροὶ
985 3648 1213 3719 καθαρῷ
1239 3649 1319 3720 τῷ
1340 3650 1603 3721 πυροῦντι
1632 3652 1729 3704 καὶ

181 3732 360 3788 θεοῦντι
386 3738 853 3803 συναιωνίζοντες.
886 3739 984 3803 Τίς
1019 3757 1108 3810 μοι
1147 3740 1263 3809 δοίη
1289 3740 1542 3808 γλῶσσαν
1571 3740 1730 3805 ἀξίαν

178 3826 261 3895 τῆς
292 3828 598 3899 εύφημίαςς
634 3830 732 3892 Τίς
770 3848 836 3901 με
870 3830 990 3901 θείη
1022 3833 1126 3884 ἀνα
1151 3832 1369 3903 ἡμέραν
1403 3834 1501 3903 τὴν
1530 3833 1731 3905 ἔμπρο-

180 3915 305 3982 σθεν,
340 3920 424 3973 ὅτε
461 3920 626 3990 ηύγει
655 3922 767 3991 πῦρ
801 3922 941 3975 θεῖον
969 3924 1343 3991 γλωσσοειδῶς
1365 3924 1727 3995 τυπούμενον,

179 4010 249 4078 ἐφ’
279 4012 535 4084 ἑκάτερόν
577 4030 637 4066 τε
672 4014 782 4066 τῶν
814 4015 1127 4069 ἀποστόλων
1159 4015 1408 4079 ένοειδῶς
1436 4018 1532 4068 καὶ
1570 4016 1731 4069 πολυ-

182 4102 342 4173 μερῶς
383 4105 827 4175 ἀναπαυόμενον,
876 4106 951 4171 ib;
989 4106 1056 4161 ἂν
1099 4107 1160 4159 τὸ
1188 4108 1390 4160 ὲνιαίον
1417 4107 1593 4176 δόγμα
1631 4108 1730 4176 τῆς

179 4196 385 4261 πίστεως
416 4198 479 4250 ὲν
498 4198 842 4269 πολυσχεδέσι
868 4199 1140 4267 γλώσσαις
1168 4199 1566 4271 καταγγελθείη
1599 4216 1729 4253 συν-

180 4292 291 4360 άγον
326 4295 400 4357 είς
435 4294 495 4348 ἐν
547 4294 619 4348 τὰ
660 4295 958 4363 διεστῶτα,
996 4295 1401 4368 καταλυθείσης
1438 4296 1538 4365 τῆς
1563 4296 1730 4348 πολυ-

182 4384 363 4453 σιιδοῦς
396 4387 630 4459 πλάνης,
660 4389 796 4460 πρὸς
822 4390 889 4459 ἣν
922 4389 1109 4452 κακῶς
1134 4390 1460 4460 ὼμονόησαν
1480 4391 1528 4442 οί
1556 4388 1726 4442 πάλαι

180 4479 661 4548 πυργοποιήσαντες
687 4520 702 4543 ,
731 4480 824 4532 καὶ
870 4480 1060 4550 μισθὸν
1090 4480 1281 4534 ἔλαϐον
1332 4484 1432 4551 τῆς
1478 4480 1729 4543 ἀσεϐείας

1829 3292 1933 3347 que
1964 3275 2135 3346 888
2180 3288 2404 3327 aureum
2453 3284 2507 3327 et
2546 3283 2860 3339 argenteum
2907 3274 3230 3339 Optimorum
3274 3288 3404 3343 ope-

1831 3385 1948 3424 rum
1983 3369 2231 3422 decorem
2262 3374 2687 3428 exstrueremus,
2718 3379 2783 3418 ne
2811 3365 2855 3417 si
2890 3364 3100 3433 stipula:
3130 3380 3395 3428 essemus.

1830 3460 1896 3515 ad
1925 3458 2228 3528 iudicialem
2253 3457 2427 3527 ignem
2458 3470 2581 3509 cum
2607 3454 2951 3521 accedemus,
2974 3470 3395 3522 consumamur;

1831 3553 1960 3623 quin
2016 3551 2187 3617 magis
2251 3546 2531 3618 magisque
2582 3560 2909 3616 purgemur,
2974 3554 3064 3613 ut,
3116 3546 3400 3617 absumpto

1830 3643 2093 3715 quidquid
2141 3640 2331 3695 scoria:
2361 3637 2618 3709 supersit,
2665 3638 2995 3707 obtentaque
3032 3638 3314 3703 munditis,
3348 3641 3400 3692 in

1830 3748 2091 3793 aeternum
2152 3748 2272 3788 cum
2326 3745 2391 3785 eo
2446 3730 2733 3795 vivamus,
2782 3728 2939 3799 cujus
2983 3730 3105 3799 igne
3156 3733 3402 3785 succensi

1831 3830 2127 3887 elﬁciemur
2154 3826 2249 3881 ilii.
2276 3826 2408 3890 Quis
2433 3825 2561 3878 mihi
2597 3824 2834 3893 linguam
2866 3823 3087 3887 tribuat,
3118 3839 3240 3893 quae
3267 3840 3403 3894 prae-

1831 3923 2005 3978 coniis
2041 3920 2145 3974 tuis
2186 3917 2525 3973 celebrandis
2573 3916 2643 3971 sit
2692 3916 2887 3984 digna?
2921 3916 3052 3982 Quis
3087 3932 3171 3972 me
3221 3926 3402 3973 traus'

1833 4015 1977 4070 ferre
2005 4013 2183 4067 valeat
2231 4011 2283 4065 in
2327 4010 2610 4080 pristinam
2663 4009 2806 4062 illam
2846 4006 3013 4072 diem,
3046 4023 3151 4078 qua
3193 4010 3407 4063 divinus

1834 4107 1924 4161 ille
1954 4104 2091 4171 ignis
2127 4105 2179 4157 in
2234 4102 2430 4171 lingua:
2475 4101 2710 4169 speciem
2760 4100 3042 4169 ﬁguratus,
3079 4100 3132 4153 in
3181 4088 3407 4171 singulis

1833 4194 2091 4265 apostolis
2117 4208 2221 4245 una
2263 4190 2433 4244 forma
2476 4205 2540 4243 ac
2585 4188 2770 4243 multis
2804 4188 2979 4243 modis
3024 4188 3315 4258 requievit,
3346 4199 3406 4244 ut

1834 4303 1998 4342 unum
2036 4285 2157 4339 lidei
2185 4285 2377 4354 dogma
2413 4282 2695 4352 multiplici
2742 4281 2923 4351 lingua
2968 4282 3403 4345 annuutiaretur,

1837 4378 2043 4433 coactis
2096 4377 2148 4429 in
2193 4391 2356 4429 unum
2387 4390 2507 4444 qua:
2545 4374 2905 4439 dissidebant,
2938 4373 3222 4442 solutoque
3270 4372 3405 4426 inul-

1836 4469 1986 4525 titidn
2018 4484 2227 4533 errore,
2278 4468 2329 4520 in
2378 4482 2535 4534 quem
2582 4464 3026 4534 conspiraverant
3066 4464 3193 4519 olim
3242 4465 3408 4519 turris

180 4564 259 4636 τὴν
281 4570 605 4640 συγχυτικὴν
631 4570 732 4640 τῆς
760 4559 1033 4641 ⁸έλιιῖισσης,
1059 4572 1155 4625 καὶ
1176 4572 1243 4625 δι’
1270 4573 1439 4643 αὐτῆς
1464 4572 1565 4642 τῆς
1593 4571 1727 4640 γνῶ·

1834 4568 2218 4625 exstructores,
2251 4566 2467 4624 accepta
2489 4555 2779 4624 impietatis
2809 4554 3057 4609 mercede
3084 4554 3404 4610 confusione

183 4673 272 4727 μης
300 4659 598 4731 διαίρεσιν;
640 4662 736 4724 Τίς
772 4678 862 4732 μοι
894 4662 1097 4733 ταύτης
1136 4664 1392 4734 μεταδοίη
1423 4665 1518 4734 τῆς
1552 4663 1727 4729 γλώσ-

182 4762 263 4816 σης
292 4750 378 4802 τοῦ
413 4750 751 4821 Πνεύματος,
782 4751 856 4816 ὡς
904 4752 971 4806 ἂν
1007 4753 1078 4806 τὰ
1108 4752 1263 4807 τοῦδε
1292 4753 1387 4805 τοῦ
1419 4771 1727 4823 πνευματο-

180 4838 323 4909 φόρου
363 4842 557 4914 ἀνδρὸς
604 4842 675 4896 τὰ
708 4844 848 4916 ὑπὲρ
881 4844 1044 4913 φύσιν
1071 4845 1374 4913 ὲξαγγείλω
1405 4846 1727 4915 πλεονεκτήα

184 4946 333 4997 ματα;
371 4934 626 4998 Ὠκεανὸς
674 4935 910 4990 ἐνταῦθα
935 4938 1166 5007 παρήτω
1197 4936 1393 5003 λόγων,
1431 4936 1723 5006 νοημάτων

179 5038 228 5074 τε
263 5024 525 5091 ἄϐυσσος,
556 5027 675 5081 ἀλλ’
719 5028 815 5097 ούχ
861 5029 1077 5081 ὑπείκει
1115 5029 1293 5097 λόγοις
1339 5031 1372 5097 ὴ
1424 5029 1583 5098 χάρις
1629 5027 1720 5081 τοῦ

182 5110 488 5184 Πνεύματος.
537 5118 595 5171 '0
628 5116 738 5189 γὰρ
772 5117 900 5171 ἄνευ
929 5117 1023 5171 τοῦ
1054 5117 1369 5188 Πνεύματος
1402 5116 1723 5187 βουλόμενος

181 5200 338 5271 λέγειν
373 5208 441 5261 τὰ
468 5209 562 5261 τοῦ
607 5208 747 5262 Πνεύ
758 5227 945 5279 ματος,
979 5209 1155 5278 φωτὸς
1184 5211 1311 5264 ἄνευ
1342 5208 1559 5279 βλέπειν
1589 5226 1723 5279 προ⁹

180 5296 408 5363 αιρεῖται,
439 5297 535 5351 καὶ
564 5298 753 5352 σκότον
787 5298 902 5369 ἔχει
929 5299 1164 5370 ποδηγὺν
1195 5300 1294 5369 τῆς
1324 5300 1587 5370 ὁράσεως.
1635 5300 1725 5353 Διὸ

180 5385 319 5439 πάλιν
354 5390 487 5461 πρὸς
519 5390 678 5444 αὑτὸν
724 5392 982 5463 ἐπάνειμι
1018 5393 1112 5445 τὸν
1148 5391 1243 5445 νῦν
1276 5392 1721 5463 εύιρημούμενον,

178 5473 229 5539 ἐξ
254 5478 404 5533 αὐτοῦ
436 5482 512 5545 ib;
551 5482 695 5535 θείου
742 5482 1065 5554 λαμπτῆρος
1099 5484 1189 5535 τὸν
1236 5482 1427 5552 λύχνον
1466 5484 1722 5537 ἀνάπτων

178 5565 262 5636 τῆς
290 5571 553 5637 γνώσεως,
582 5572 657 5637 ib;
688 5573 753 5627 ἂν
780 5573 943 5637 αὐτὸς
977 5576 1061 5645 εἴη
1092 5576 1190 5645 τῆς
1220 5576 1357 5644 εύφη
1369 5574 1497 5647 μίας
1534 5574 1723 5628 ὑπόθε-

182 5673 268 5723 σις,
306 5664 391 5716 καὶ
414 5663 521 5716 τῶν
560 5663 795 5718 ἐπαίνων
836 5665 1089 5735 χορηγός.

237 5838 497 5915 ’Philipp.
544 5862 602 5911 ιι,
655 5846 709 5904 6.

1837 4651 2141 4719 linguarum
2168 4688 2184 4711 ,
2240 4646 2738 4713 sententiarumque
2770 4646 2905 4699 adeo
2950 4644 3213 4699 discidio?
3270 4643 3407 4710 Quis

1834 4742 2098 4810 ejusmodi
2133 4741 2366 4810 linguam
2396 4737 2629 4807 Spiritus
2656 4736 2919 4791 concedat
2961 4737 3117 4800 mihi,
3154 4753 3259 4806 qua
3301 4735 3404 4791 viri

1836 4836 1997 4905 hujus
2033 4834 2235 4903 Spiritu
2272 4839 2459 4886 sancto
2489 4830 2632 4899 pleni
2672 4830 3065 4899 praecellentias
3092 4839 3279 4882 natura
3315 4844 3406 4883 su-

1831 4927 2111 4981 blimiores
2144 4922 2400 4979 elferam?
2427 4938 2735 4976 sermonum
2778 4921 2909 4975 mihi
2940 4936 3174 4975 oceanus
3202 4921 3404 4974 utinam

1833 5018 2100 5081 alﬂueret,
2146 5017 2481 5086 abyssusque
2511 5015 2919 5069 sententiarum.
2952 5010 3151 5066 Verum
3197 5027 3403 5066 sermo-

1833 5117 1990 5170 nibus
2032 5112 2267 5168 obnoxia
2317 5125 2423 5164 non
2469 5118 2551 5163 est
2591 5108 2764 5178 gratia
2812 5106 3069 5176 Spiritus.
3117 5105 3217 5171 Qui
3259 5105 3403 5158 enim

1832 5208 2035 5278 Spiritu
2086 5220 2287 5259 vacuus
2319 5216 2440 5272 quae
2487 5202 2725 5269 Spiritus
2777 5208 2902 5253 sunt
2936 5198 3112 5266 eloqui
3152 5195 3403 5258 voluerit,

1836 5302 1973 5356 idem
2006 5298 2093 5352 ille
2123 5303 2360 5365 priestat,
2391 5308 2454 5346 ac
2481 5292 2525 5347 si
2559 5291 2679 5345 sine
2718 5289 2837 5343 luce
2866 5287 3060 5341 intueri
3091 5286 3403 5350 contendat,

1833 5406 1954 5445 cum
1983 5386 2197 5441 vivendi
2221 5385 2411 5438 ducem
2446 5382 2606 5435 alium
2638 5395 2743 5435 non
2772 5379 2969 5435 habeat
2998 5377 3103 5432 nisi
3136 5376 3401 5432 tenebras.

1831 5480 2095 5549 Quocirca
2119 5478 2183 5531 ad
2217 5491 2339 5531 eum
2369 5484 2632 5537 revertor,
2660 5487 2820 5541 quem
2856 5485 3000 5525 nunc
3032 5469 3251 5524 laudare
3275 5484 3405 5539 pro-

1831 5571 2002 5641 posui,
2039 5582 2262 5623 accensa
2290 5582 2357 5620 ex
2402 5578 2465 5618 eo
2495 5563 2735 5617 scientia:
2766 5561 3005 5624 lucerna,
3039 5560 3182 5615 velut
3221 5575 3285 5614 ex
3325 5560 3406 5614 di-

1832 5664 1951 5717 vina
1982 5659 2158 5715 facula
2191 5658 2447 5727 quadam,
2481 5665 2538 5710 ut
2568 5656 2707 5709 idem
2745 5654 2861 5724 ipse
2884 5661 2937 5708 et
2970 5651 3218 5709 laudandi
3248 5667 3404 5725 arguo

1830 5761 2067 5806 mentum
2102 5749 2191 5814 sit,
2224 5756 2275 5799 et
2301 5747 2514 5799 laudum
2550 5744 2906 5800 ministrator.
