4046 6404
644 412 747 475 767

1841 408 1902 466 S.
1941 406 2233 468 JOANNIE

2336 403 2731 465 DAMASCENI
3782 392 3859 453 7ιί

712 529 770 583 5.
827 524 1033 599 Ecquis
1091 526 1237 582 enim
1299 532 1409 579 tam
1464 521 1698 591 copiosa!
1727 519 2025 590 {facundiae
2070 516 2227 579 ‘fnit.

2402 525 2465 575 ε’.
2498 518 2596 581 Τίς
2622 518 2720 589 μὲν
2746 515 2892 569 οὕτω
2918 513 3086 578 πολὺς
3115 514 3174 568 ιν
3205 511 3349 582 λόγῳ
3376 511 3472 565 καὶ
3502 509 3669 581 μέγας
3692 510 3742 562 ιν
3763 529 3857 599 apo

637 631 801 676 tanta:
831 619 1131 691 prudentiae
1179 624 1236 672 et
1280 615 1634 687 sagacitatis;
1670 627 1898 682 quorum
1940 626 2226 680 compara-

640 717 719 769 tio
754 712 835 768 sic
878 712 997 767 sine
1030 708 1439 780 comparatione
1493 716 1598 771 est,
1634 715 1691 759 ut
1737 704 1961 774 perinde
2013 703 2082 758 sit
2126 706 2225 757 ob-

2330 612 2504 681 νήσει,
2539 606 2616 665 ὧν
2648 611 2681 680 ἡ
2714 607 3005 679 σύγκρισις
3034 606 3367 675 ἀσύγκριτος
3388 645 3403 669 ,
3433 602 3511 666 ὡς
3540 601 3721 669 άδηλον
3752 598 3859 655 εἶναι

2329 703 2548 774 ποτέρῳ
2606 700 2807 773 μᾶλλον
2852 692 3011 762 οὗτος
3074 696 3569 768 θαυμασιώτεροςς
3621 693 3709 756 Τίς
3751 693 3860 747 οὕτω

639 820 859 860 scurnm
907 814 1026 857 utra
1074 813 1228 871 parte
1277 799 1579 853 mirabilior
1632 797 1838 851 fuerit?
1875 795 2009 862 Quis
2052 795 2224 849 forma

2336 796 2499 859 τύπος
2531 794 2734 864 ἀρετῆς
2752 789 2822 864 ἦν
2850 793 2945 846 καὶ
2969 790 3271 863 ὁρώμενος,
3303 789 3380 853 ὠς
3408 789 3485 859 μὴ
3522 786 3722 840 δεῖσθαι
3740 788 3861 853 λόγου

642 895 903 948 virtutum
951 895 1031 949 sic
1062 891 1290 952 exstitit,
1325 898 1417 942 aut
1463 903 1699 956 ttnquam
1732 886 1987 947 innotuit,
2015 894 2074 939 ut
2102 899 2225 938 ver-

644 985 728 1038 bis
760 984 959 1053 quibus
1000 981 1378 1035 institueretur
1417 993 1521 1032 non
1573 974 1907 1045 iudigucrit?
1957 974 2082 1043 quis
2108 988 2229 1027 ver-

642 1075 834 1127 borum
892 1072 1095 1126 imbres
1169 1072 1250 1123 sic
1303 1081 1540 1137 unquam
1601 1065 1875 1135 profudit?
1932 1079 2053 1135 qua
2104 1080 2227 1119 cum

642 1166 919 1220 actionum
947 1162 1283 1218 consectaria
1309 1171 1510 1223 essent,
1545 1159 1801 1213 virtutem
1827 1171 1893 1210 ex
1927 1156 2035 1211 illis
2058 1169 2230 1210 acce-

644 1262 861 1321 perant,
896 1261 952 1305 ut
973 1263 1029 1306 et
1054 1250 1121 1305 de
1153 1265 1220 1305 eo
1247 1249 1601 1319 pronuntiare
1631 1247 1812 1307 liceat,
1841 1246 1983 1314 quod
2012 1246 2229 1299 divinus

643 1344 819 1398 Lucas
846 1344 912 1397 de
943 1342 1066 1397 Jesu
1099 1342 1205 1396 Deo
1236 1351 1421 1396 nostro
1456 1359 1469 1395 :
1501 1341 1631 1405 Qui:
1666 1340 1815 1407 cmpit
1853 1339 2022 1406 facere
2057 1350 2104 1389 ει
2132 1336 2230 1389 ἀοι

643 1434 794 1488 cere'
832 1451 846 1488 :
875 1434 1310 1503 quandoquidem
1344 1433 1412 1486 ab
1446 1432 1580 1500 ipso,
1620 1441 1735 1483 tum
1767 1445 1905 1494 esse,
1946 1439 2057 1482 tum
2095 1429 2231 1482 bene

644 1538 767 1578 esse
798 1536 987 1578 nactus
1013 1526 1169 1579 erat?
1198 1524 1319 1593 quis
1351 1525 1423 1576 ita
1456 1523 1653 1575 actioni
1678 1521 2233 1590 contemplationique

649 1617 800 1669 dedit
834 1631 1075 1685 operam,
1118 1627 1175 1669 ut
1213 1616 1438 1670 calcatis
1476 1615 1660 1670 carnis
1704 1614 2089 1684 voluptatibus,
2131 1628 2230 1667 ceu

646 1721 873 1776 corpore
908 1719 1146 1768 vacaret,
1180 1722 1283 1761 una
1323 1722 1447 1761 cum
1478 1708 1586 1761 Deo
1614 1707 1793 1761 divina
1819 1705 2232 1775 specularetur?

647 1800 770 1869 quis
796 1800 861 1854 ad
884 1801 1040 1855 fidem
1064 1816 1223 1869 opera
1252 1801 1325 1853 uti
1358 1802 1597 1853 membra
1627 1801 1873 1869 corporis
1897 1800 1961 1851 ad
1989 1800 2226 1879 animam

2329 884 2465 955 πρὸς
2496 884 2815 949 παίδευσιν;
2849 883 2945 946 Τίς
2975 883 3149 950 λόγων
3184 879 3412 948 νιφάδας
3462 877 3645 946 ἐξέχεε
3678 878 3773 939 τοῖς
3792 876 3861 946 ἔρ.

2330 992 2447 1043 γοις
2501 975 2881 1044 ὲφεπομένας,
2918 976 2981 1027 ὲκ
3026 972 3230 1026 τούτων
3270 988 3329 1024 τε
3382 966 3753 1038 λαμϐανούσας
3790 968 3863 1037 τὴν

2330 1067 2583 1135 δύναμιν,
2612 1067 2686 1127 ὼς
2718 1066 2813 1119 καὶ
2835 1066 2929 1118 ἐπὶ
2962 1064 3153 1118 τούτου
3184 1063 3389 1130 λέγειν,
3415 1055 3491 1115 ὧν
3514 1060 3709 1131 ἧρξατο
3731 1062 3863 1113 ποιεῖν

2330 1172 2391 1210 τε
2422 1156 2516 1208 καὶ
2540 1155 2838 1220 διδάσκειν,
2869 1155 2898 1207 ὃ
2940 1154 3071 1226 περὶ
3114 1152 3292 1223 Ἰησοῦ
3339 1151 3433 1205 τοῦ
3464 1149 3602 1203 Θεοῦ
3644 1168 3733 1219 μου
3767 1153 3867 1203 Λαυρ

2331 1250 2434 1312 κᾶς
2467 1264 2635 1318 φησιν
2668 1248 2697 1300 ὁ
2737 1246 3027 1309 θεσπέσιος
3054 1284 3069 1309 ,
3106 1244 3167 1309 ἐξ
3214 1239 3275 1299 οὗ
3321 1244 3383 1297 τὸ
3415 1238 3590 1303 εἶναι,
3641 1241 3724 1293 καὶ
3749 1240 3799 1293 τὸ
3822 1236 3866 1294 εὖ

2334 1338 2477 1394 εἶναι
2514 1339 2905 1411 κεκλήρωταις
2938 1338 3035 1401 Τίς
3069 1336 3269 1409 πρᾶξιν
3300 1334 3504 1405 ἐπῆλθε
3539 1332 3633 1386 καὶ
3660 1333 3867 1401 θεωρίαν,

2336 1432 2539 1502 σαρκός
2576 1449 2636 1485 τε
2664 1432 2859 1501 ἡδονὰς
2889 1431 3143 1501 πατήσας
3170 1468 3185 1495 ,
3238 1429 3314 1492 ὡς
3338 1428 3606 1497 ἄσαρκος,
3637 1424 3723 1476 καὶ
3763 1428 3871 1491 μετὰ

2332 1524 2469 1578 Θεοῦ
2498 1524 2567 1577 τὰ
2610 1524 2729 1578 θεῖα
2766 1523 3113 1592 σκεψάμενος
3140 1538 3155 1585 ;
3185 1522 3282 1583 Τίς
3326 1520 3515 1572 πίστει
3549 1518 3625 1580 ὡς
3666 1517 3791 1585 ψυχῇ
3819 1517 3869 1567 τὰ

2334 1614 2472 1686 ἔργα
2500 1608 2590 1669 οἷα
2639 1616 2774 1686 μέλη
2832 1614 3089 1686 σώματος
3136 1615 3420 1675 εὐτάκτως
3469 1609 3758 1678 περιέθηκε
3800 1608 3874 1660 καὶ

2333 1707 2602 1772 ὑπέταξε,
2662 1708 2759 1761 καὶ
2804 1708 2943 1779 ἔργα
2988 1708 3173 1761 πίστει
3217 1706 3467 1777 ὲψύχωσε
3514 1703 3612 1757 καὶ
3648 1700 3873 1765 ἑζώωσεν,

2334 1795 2409 1853 ὧν
2434 1800 2661 1873 θάτερον
2696 1801 2927 1871 θατέρου
2954 1800 3097 1871 δίχα,
3124 1800 3405 1871 ἄχρηστον
3436 1797 3540 1851 καὶ
3567 1794 3817 1863 ἀνόνητον,
3839 1795 3873 1843 εἰ

648 1892 723 1945 ita
752 1892 1054 1960 composuit
1100 1891 1485 1961 subjecitque']
1514 1891 1637 1961 quis
1669 1905 1832 1960 opera
1864 1892 1967 1943 fide
1996 1890 2075 1943 sic
2109 1890 2226 1943 ani-

2336 1893 2423 1945 καὶ
2466 1895 2531 1964 τῇ
2566 1895 2770 1957 πίστει.
2812 1894 2912 1946 οὐκ
2944 1895 3053 1948 ἀπὸ
3088 1892 3293 1947 σκοποῦ
3320 1892 3438 1960 δοίη
3470 1906 3563 1953 τις
3589 1887 3667 1953 ire
3712 1884 3873 1955 προτί-

648 1984 816 2037 mavit
842 1983 1127 2052 vividaque
1170 1983 1448 2038 reddidit?
1475 1997 1706 2051 quorum
1748 1982 1957 2037 scilicet
1996 1982 2228 2035 alterum

648 2075 767 2129 sine
810 2074 981 2128 altero
1016 2074 1205 2128 inutile
1259 2074 1565 2143 nulliusque
1609 2073 1957 2128 emolumenti
2009 2073 2101 2138 sit,
2147 2082 2228 2126 ta-

648 2164 806 2218 metsi
860 2163 1128 2232 quispiam
1190 2163 1513 2217 antecellere
1568 2164 1749 2227 fidem,
1806 2163 1945 2216 haud
1995 2164 2228 2218 absurde

648 2267 870 2322 prorsus
915 2255 1199 2309 concedat.
1231 2255 1366 2321 Quis
1411 2257 1488 2310 sic
1530 2256 1708 2325 gulam
1741 2254 1926 2323 procul
1970 2246 2227 2308 elimina-

2336 2001 2533 2057 ρημα;
2573 1987 2669 2051 Τίς
2698 1987 2842 2042 οὕτω
2879 1990 3325 2061 γαστριμαργίαν
3359 1987 3568 2054 ιξέωσε
3590 2025 3606 2049 ,
3643 1980 3875 2041 δουλώσας

2334 2079 2434 2149 τὴν
2475 2078 2784 2147 δέσποιναν,
2833 2082 2930 2134 καὶ
2965 2083 3219 2151 φιμώσας
3252 2080 3674 2151 μαιμάσσουσαν
3703 2070 3880 2127 εὐσεϐεῖ

2334 2168 2600 2241 λογισμῷ,
2634 2171 2978 2243 αὐτοκρατὴς
3002 2212 3018 2236 ,
3062 2172 3123 2224 οὐ
3157 2169 3499 2242 θεραπευτὴς
3542 2164 3736 2233 ταύτης
3764 2159 3877 2230 γενά

2340 2276 2502 2328 μενος
2528 2277 2543 2326 ;

649 2349 748 2410 vit,
779 2354 836 2399 nt
868 2346 967 2399 hac
1018 2346 1146 2400 hera
1194 2347 1440 2401 servituti
1481 2347 1808 2417 mancipata,
1845 2345 2266 2417 lascivienteque
2313 2350 2547 2423 frenata,
2599 2354 2849 2425 religioso
2901 2356 3083 2408 animo
3116 2353 3365 2409 dominus
3391 2352 3539 2421 ejus,
3572 2365 3676 2405 non
3706 2359 3876 2408 servus.

648 2434 873 2491 effertus
906 2437 1013 2491 sit?

723 2531 777 2586 6.
815 2528 999 2584 Tantm
1028 2545 1156 2586 vero
1185 2531 1516 2586 continentia
1574 2532 1720 2587 illius
1748 2533 2071 2602 priestantia:
2108 2532 2227 2599 fuit,

650 2630 709 2676 ut
746 2623 998 2689 nesciret,
1029 2638 1118 2689 an,
1157 2625 1373 2693 quidve,
1410 2635 1501 2679 aut
1527 2635 1792 2694 quantum
1821 2625 1929 2679 cibi
1961 2636 2229 2695 potustu

652 2714 984 2769 admitteret.
1018 2712 1219 2767 Natura
1255 2716 1453 2784 quippe
1484 2714 1594 2769 fato
1626 2715 1862 2769 obnoxia
1905 2726 2011 2777 est,
2042 2727 2096 2769 et
2138 2730 2229 2767 cn-

650 2806 873 2859 runcula
907 2804 1022 2860 haec
1052 2804 1214 2869 ﬂuxa,
1240 2806 1583 2876 mobilisque,
1613 2820 1678 2860 ac
1699 2805 1987 2873 spirituum
2020 2806 2225 2873 indiga.

652 2898 789 2962 Quia
828 2896 940 2950 fleri
993 2912 1099 2950 non
1147 2905 1346 2964 potest,
1399 2906 1456 2950 ut
1499 2897 1619 2951 sine
1666 2896 2026 2963 reSpiratioue
2057 2898 2227 2949 vitam

654 2987 957 3049 trabamns,
1008 2986 1332 3055 ueterisque
1380 2986 1605 3055 perinde
1650 3000 1786 3055 opus
1824 2993 1909 3039 est
1953 2986 2127 3052 nobis,
2176 2996 2233 3040 ut

654 3078 1007 3149 indigentiam
1044 3078 1411 3146 suppleamus.
1464 3078 1761 3133 Enimvero
1817 3078 1916 3131 tria
1958 3088 2084 3133 sunt
2114 3093 2234 3147 quae

653 3180 1009 3231 eraeuantur,
1040 3170 1267 3233 siccum,
1301 3170 1708 3237 Itumidntnque,
1741 3178 1793 3223 et
1822 3170 2066 3238 spiritus,
2098 3184 2233 3238 quo-

2411 2535 2485 2601 ς’.
2541 2537 2653 2591 Καὶ
2689 2536 2848 2589 τόσον
2899 2534 3051 2605 αὐτῷ
3092 2534 3192 2603 τῆς
3227 2532 3563 2603 ἐγκρατείας
3606 2531 3665 2583 τὸ
3700 2530 3875 2598 περιδνι

2334 2630 2411 2692 ὡς
2442 2628 2748 2693 λανθάνειν,
2794 2629 2905 2681 είτε
2949 2630 3044 2681 καὶ
3074 2628 3102 2680 ὅ
3144 2643 3219 2688 τι,
3254 2627 3349 2679 καὶ
3380 2625 3503 2678 ὅσον
3552 2624 3879 2695 προσεφέρετο

2338 2718 2597 2791 βρώσεως
2625 2736 2682 2772 τε
2708 2720 2802 2772 καὶ
2834 2718 3149 2781 πόσεως.Ἦ
3179 2716 3280 2786 μὲν
3303 2715 3411 2787 γάρ
3445 2715 3612 2783 φύσις
3637 2715 3877 2784 ἐπίκηροςν

2337 2813 2433 2865 καὶ
2462 2812 2522 2865 τὸ
2548 2810 2773 2879 σαρκίον
2806 2810 3036 2881 ρευστὸν
3078 2809 3173 2862 καὶ
3201 2806 3527 2876 κινούμενον
3559 2846 3574 2867 ,
3607 2808 3697 2858 καὶ
3726 2806 3879 2876 ὥσπερ

2340 2900 2654 2970 πνεύματος
2683 2899 2859 2962 ἐνδεές
2879 2915 2893 2927 ·
2927 2898 3205 2968 ἀναπνοῆς
3231 2898 3341 2968 γὰρ
3360 2899 3488 2952 ἄνευ
3510 2896 3616 2968 ζῇν
3643 2896 3743 2949 τῶν
3769 2897 3880 2965 ἁμη-

2340 2991 2540 3062 χάνων,
2571 2992 2668 3044 καὶ
2709 2990 2817 3044 τῶν
2845 2987 3048 3042 λοιπῶν
3085 2988 3230 3041 οὕτω
3270 2986 3448 3058 χρεὼν
3470 2985 3879 3057 ἀναπληροῦσθαι

2338 3084 2439 3156 τὴν
2464 3084 2693 3139 ἔνδειαν.
2708 3084 2847 3155 Τρία
2866 3082 2977 3152 γὰρ
2995 3080 3063 3135 τὰ
3090 3081 3412 3150 κενούμενα,
3433 3080 3623 3150 ξηρὸν,
3641 3080 3733 3130 καὶ
3753 3078 3881 3146 ὑγρὶν

2340 3178 2435 3232 καὶ
2480 3178 2735 3247 πνεῦμα·
2766 3170 2843 3231 ὧν
2871 3178 3106 3231 ἑκάστου
3145 3175 3179 3247 η
3223 3173 3560 3243 κατάλληλος
3601 3170 3880 3239 ἀναπλήρω-

656 3278 774 3316 rum
811 3262 1071 3332 cujusque
1106 3264 1295 3315 idonea
1331 3260 1608 3329 plenitudo
1640 3275 1669 3312 ιι
1711 3258 2005 3314 Conditore
2050 3276 2228 3314 rerum

2336 3286 2420 3333 σις
2459 3272 2717 3341 συνιστᾷν
2765 3269 2884 3322 τόδε
2925 3269 2986 3322 τὸ
3025 3269 3187 3339 σῶμα
3215 3266 3466 3336 φυσικῶς
3498 3265 3640 3334 πρὸς
3680 3261 3766 3317 τοῦ
3790 3262 3881 3314 xti-

655 3354 875 3407 delinita
916 3362 1021 3419 est,
1070 3368 1174 3422 qua
1219 3361 1409 3406 natura
1452 3353 1702 3421 corporis
1739 3354 2124 3406 constituatur.
2170 3352 2239 3405 At

656 3462 786 3501 vero
821 3447 991 3514 gratia
1042 3444 1280 3513 Spiritus
1322 3452 1529 3498 natura),
1576 3445 1823 3498 terminis
1853 3444 2094 3513 subjecta
2133 3460 2237 3500 non

655 3549 761 3593 est.
796 3539 914 3592 Non
940 3538 1085 3593 enim
1116 3538 1172 3591 in
1209 3536 1324 3591 solo
1353 3552 1487 3605 parte
1522 3538 1646 3590 vivit
1677 3536 1852 3603 homo,
1886 3538 1975 3590 sed
2008 3539 2062 3591 in
2097 3538 2237 3591 omni

656 3630 811 3685 verba
852 3631 990 3701 quod
1032 3629 1260 3696 procedit
1314 3645 1379 3683 ea:
1421 3629 1719 3699 889;ore
1768 3630 1862 3683 Dei
1884 3631 1925 3682 ⁸.
1979 3630 2112 3696 Quis
2160 3629 2241 3684 sic

660 3722 842 3775 animo
876 3720 1338 3791 cogitatioueqne,
1369 3722 1564 3773 nedum
1597 3734 1826 3789 corpore
1858 3736 2027 3789 purus
2057 3721 2149 3786 sit,
2184 3729 2241 3775 ut

660 3812 727 3865 de
755 3811 899 3865 illius
930 3826 1055 3880 erga
1097 3810 1373 3864 libidinem
1404 3811 1587 3864 carnis
1620 3812 1830 3864 obtusae
1859 3812 2055 3865 indolis
2084 3814 2237 3866 testi-

660 3904 901 3957 monium
927 3903 1058 3957 ferat
1086 3921 1101 3957 :
1130 3916 1438 3972 quanquam
1470 3916 1532 3956 ea
1554 3902 1746 3955 obtusa
1771 3901 1929 3970 plane
1953 3918 2058 3956 non
2084 3914 2235 3971 erat;

660 4010 780 4065 qua:
808 4010 911 4048 non
962 3994 1117 4048 bruta
1145 3996 1389 4063 quaedam
1437 4007 1538 4047 nec
1588 4003 1798 4046 natura:
1832 3993 2123 4049 infirmitas
2152 4010 2239 4050 es-

658 4096 765 4151 set,
795 4088 888 4141 sed
912 4088 1245 4141 continentia
1282 4086 1532 4147 rationis,
1555 4101 1659 4154 qua
1691 4101 1816 4154 pars
1838 4102 1942 4139 non
1963 4086 2239 4141 rationalis

657 4178 852 4233 anintte
887 4188 1187 4247 regeretur,
1226 4187 1287 4231 ut
1314 4177 1641 4232 desiderium
1669 4191 1833 4231 omne
1865 4176 2240 4231 intenderetur

657 4273 725 4325 ad
765 4271 932 4325 Deum
974 4282 1193 4339 propter
1229 4284 1388 4340 quem
1438 4280 1558 4324 erat
1598 4269 1849 4324 conditus
1882 4288 1896 4323 :
1929 4284 2048 4337 qua:
2086 4269 2237 4323 volu-

667 4366 829 4435 ptatis
868 4366 1187 4418 suavitatem
1233 4379 1329 4417 ceu
1385 4362 1625 4417 fomitem
1658 4362 1893 4417 incendii
1939 4361 2236 4433 refugeret,

672 4457 953 4527 plurisque
1012 4456 1217 4511 faceret
1278 4458 1493 4512 virtutis
1549 4458 1939 4525 asperitatem,
2002 4473 2109 4528 qua
2170 4458 2237 4512 ad

664 4548 1106 4617 tranquillitatem
1156 4557 1414 4602 aeternam
1468 4549 1877 4603 subveheretur.
1927 4547 2021 4603 llis
2051 4563 2237 4604 assue-

2342 3379 2535 3426 σαντος
2566 3362 2819 3433 ὥρισται.
2868 3361 3020 3414 Ἀλλ’
3057 3362 3090 3431 ἡ
3132 3360 3294 3431 χάρις
3318 3358 3413 3411 τοῦ
3463 3357 3775 3426 Πνεύματος
3806 3353 3879 3418 clx

2340 3448 2558 3500 ὑπείκει
2594 3447 2810 3516 φύσεως
2861 3448 3032 3516 ὅροις.
3080 3447 3164 3499 Οὐ
3198 3447 3309 3514 γὰρ
3341 3443 3409 3497 ἐν
3442 3440 3603 3509 ἄρτῳ
3619 3441 3776 3509 μόνῳ
3802 3437 3878 3500 ζὴ·

2340 3555 2512 3594 σεται
2558 3543 2591 3593 d
2630 3538 2967 3607 ἄνθρωπος,
3012 3537 3155 3591 ἀλλ’
3208 3536 3306 3589 ἐπί
3344 3532 3522 3588 παντί
3566 3533 3780 3601 ῥήματι
3808 3528 3883 3581 ait-

2340 3630 2718 3699 πορευομένῳ
2753 3628 2853 3682 διὰ
2872 3628 3168 3697 στόματος
3193 3624 3362 3679 Θεοῦ.
3390 3625 3485 3687 Τίς
3512 3623 3657 3675 οὕτω
3685 3616 3881 3686 καθαρὸς

2341 3724 2436 3777 καὶ
2463 3722 2641 3791 ψυχὴν
2676 3722 2769 3775 καὶ
2812 3720 3053 3774 διάνοιαν
3095 3718 3232 3789 πρὸς
3262 3716 3345 3788 τῷ
3382 3716 3632 3786 σώματι,
3665 3712 3737 3776 ὡς
3774 3726 3882 3779 μερ-

2338 3817 2619 3887 τυρεῖσθαι
2658 3814 2807 3885 αὑτῷ
2854 3815 2949 3867 καὶ
2996 3812 3058 3865 τὸ
3094 3810 3230 3883 πρὸς
3263 3810 3439 3882 μίξεις
3488 3809 3725 3878 ﬁrmam;
3769 3800 3880 3858 ’ΔΗ

2339 3910 2440 3963 οὐκ
2466 3909 2671 3980 ἠλίθιον
2711 3908 2916 3970 δνιως’
2943 3906 3006 3960 οὐ
3034 3905 3143 3975 γὰρ
3186 3905 3399 3972 ἄλογον,
3444 3902 3570 3957 οὐδὲ
3603 3900 3802 3970 φύσεως
3835 3895 3881 3948 si

2340 4005 2715 4078 ἀρρώστημα,
2770 4000 2932 4067 λόγου
2980 3999 3038 4052 δὲ
3085 3996 3413 4068 ἐπικράτεια
3466 3992 3797 4065 ἡνιοχοῦντος
3835 3988 3880 4040 τὺ

2341 4098 2563 4165 ἄλογον,
2595 4096 2693 4147 καὶ
2723 4094 2905 4146 πᾶσαν
2938 4091 3038 4162 τὴν
3068 4090 3255 4159 ἔφεσιν
3287 4088 3424 4158 πρὸς
3449 4085 3585 4139 Θεὸν
3619 4083 3882 4138 ἀνατείνον-

2338 4206 2450 4253 τος,
2492 4190 2578 4257 ἐφ’
2602 4180 2646 4254 ᾧ
2676 4186 2769 4239 καὶ
2795 4182 3258 4256 δεδημιούργητο,
3300 4177 3774 4250 ἀποστρεφομένου
3806 4172 3881 4244 μὲν

2338 4281 2400 4335 τὸ
2419 4281 2562 4334 λεῖον
2588 4278 2687 4349 τῆς
2715 4277 2906 4347 ἡδονῆς
2930 4277 3005 4339 ὡς
3033 4274 3202 4345 πυρὸς
3229 4272 3599 4339 ὑπέκκαυμα,
3627 4281 3882 4340 προαιρουο

2344 4372 2506 4443 μένου
2538 4371 2594 4425 δὲ
2626 4371 2687 4424 τὸ
2709 4370 2882 4441 τραχὺ
2908 4368 3007 4439 τῆς
3045 4366 3246 4437 ἀρετῆς
3277 4364 3442 4434 φέρον
3474 4362 3611 4431 πρὸς
3637 4356 3882 4430 ῥᾳστώνην

2339 4466 2528 4520 ἀΐδιον.
2562 4463 2749 4525 Οὕτως
2774 4460 2964 4514 ἑαυτὸν
2992 4455 3318 4521 συνεθίζων,
3352 4457 3419 4508 ὲκ
3450 4453 3649 4525 μικροῦ
3682 4448 3882 4521 προδαε-

2339 4576 2446 4613 νων
2470 4598 2487 4623 ,
2530 4556 2822 4628 ὼσημέραι
2858 4554 2944 4607 ἀεὶ
2976 4552 3187 4621 ἐγίνετο
3220 4550 3413 4603 ἑαυτοῦ
3450 4545 3882 4617 ἐγκρατέστερος.

664 4640 860 4701 factus,
904 4638 1165 4708 paulatim
1188 4639 1600 4708 progrediendo,
1635 4639 1813 4706 seipso
1842 4639 1895 4692 iu
1924 4639 2042 4694 dies
2066 4640 2233 4694 conti-

2343 4650 2447 4711 ἓως
2478 4648 2541 4701 τὸ
2578 4647 2751 4709 πάθος
2795 4645 3059 4716 ἐκοίμησε
3088 4644 3291 4705 τέλεον,
3322 4643 3600 4711 ἀσκητικῇ
3641 4638 3794 4706 τέχνη
3817 4650 3883 4685 τις

660 4730 879 4785 nentior
924 4732 1211 4794 evadebat,
1246 4731 1418 4784 donec
1449 4728 1643 4784 alfectu
1673 4730 2078 4785 exercitationis
2121 4740 2238 4786 arte

659 4822 922 4886 cicurato,
970 4820 1248 4890 frenisque
1285 4821 1533 4885 subacto,
1579 4830 1914 4875 contractam
1942 4832 2241 4876 consuetu—

658 4917 840 4971 dinem
877 4918 1202 4986 procedente
1227 4926 1469 4985 Iempore
1501 4916 1553 4968 in
1597 4924 1847 4968 naturam
1881 4915 2096 4970 tandem
2124 4931 2243 4969 mu-

662 5016 825 5061 taret.
862 5007 1046 5061 Labor
1077 5006 1368 5075 siqnidem,
1408 5006 1493 5060 cui
1539 5005 1781 5061 divinum
1812 5006 2068 5060 auxilium
2099 5008 2243 5077 aspi-

658 5100 884 5166 raverit,
919 5099 1143 5153 affectus
1169 5098 1364 5153 sedare
1402 5108 1559 5153 natus
1586 5108 1688 5153 est.

726 5190 780 5243 7.
816 5189 949 5256 Quis
993 5191 1073 5244 sic
1123 5190 1366 5243 avaritia:
1412 5190 1764 5255 renuntiavit,
1809 5205 2023 5259 unaque
2067 5204 2235 5262 pocu-

659 5280 788 5341 niis,
813 5292 872 5333 ut
896 5297 1001 5335 non
1028 5282 1231 5337 habere
1253 5283 1477 5352 perinde
1506 5296 1571 5335 ac
1599 5281 1736 5335 alter
1762 5283 1960 5336 habere
1985 5294 2236 5353 peropta-

2344 4739 2647 4803 θασσεύσας
2687 4739 2781 4792 καὶ
2817 4737 3021 4807 δράσας
3072 4736 3333 4806 ὑφήνιον,
3363 4734 3443 4795 είς
3480 4732 3599 4798 ἕξιν
3639 4731 3725 4783 τοῦ
3757 4727 3885 4785 ἔθους

2340 4830 2422 4901 τῷ
2449 4832 2627 4901 χρόνῳ
2655 4832 2749 4884 καὶ
2778 4828 3055 4899 προϐάδην
3087 4830 3166 4888 εἰς
3203 4825 3365 4896 φύσιν
3399 4826 3703 4885 ⁴ἐλάσαντος.
3744 4818 3883 4876 Ilde

2340 4923 2450 4994 γὰρ
2497 4923 2645 4986 θείας
2689 4921 3011 4992 ἐπικουρίας
3048 4919 3251 4990 τυχὼν,
3281 4918 3556 4972 ἀπάθειαν
3601 4910 3883 4989 χαρίζεσθαι

2340 5015 2573 5086 πέφυκε.

2412 5190 2480 5255 ζ’.
2516 5192 2614 5253 Τίς
2653 5191 3020 5263 φιλαργυρίαν
3068 5190 3175 5244 τῶν
3222 5190 3521 5259 κτημάτων
3567 5182 3873 5258 προαπεκτή·

2345 5302 2494 5348 σατο,
2527 5284 2643 5354 μεθ’
2676 5280 2745 5355 ἦς
2770 5284 2867 5336 καὶ
2897 5282 2966 5336 τὰ
2996 5284 3273 5352 κτήματα,
3303 5280 3448 5334 οὕτω
3472 5279 3708 5349 ποθήσας
3734 5274 3789 5326 τὸ
3818 5272 3878 5340 μὴ

660 5371 773 5425 ret?
810 5386 871 5424 ea
905 5373 1099 5440 quippe
1130 5386 1415 5441 pravorqu
1464 5374 1628 5427 animi
1664 5383 1905 5427 motuum
1940 5372 2233 5429 fulcimen-

2337 5374 2504 5443 ἔχειν.
2547 5374 2623 5438 ὡς
2665 5374 2854 5443 ἕτερος
2879 5373 2941 5427 τὸ
2975 5373 3121 5443 ἔχειν
3147 5392 3162 5441 ;
3202 5372 3322 5426 Τῶν
3350 5372 3544 5424 παθῶν
3574 5371 3631 5422 τὸ
3658 5368 3875 5437 ἔρεισμα.

660 5472 773 5513 ιιιιιι
828 5470 933 5522 est,
997 5464 1289 5516 exstinctio
1334 5464 1470 5533 spei,
1522 5464 1832 5518 adversaria
1882 5463 2027 5518 fidei.
2087 5464 2233 5520 Unde

2336 5468 2433 5537 τῆς
2463 5467 2680 5529 ὲλτ¹είδος
2714 5466 2773 5519 τὸ
2800 5466 3049 5538 στέρημα
3069 5507 3083 5531 ,
3117 5467 3215 5537 τῆς
3248 5466 3485 5529 πίστεως
3514 5464 3577 5517 τὸ
3600 5456 3874 5515 ἀντίπαλον.

621 5585 625 5588 ~
660 5549 861 5604 Paulus
889 5552 1197 5606 divinarum
1228 5552 1463 5621 Spiritus
1501 5558 1674 5611 sancti
1706 5572 1898 5611 vocum
1942 5558 2081 5627 lyra,
2134 5557 2233 5613 lin-

2336 5557 2428 5609 Διὸ
2457 5559 2549 5610 καὶ
2584 5557 2797 5620 Παῦλος
2824 5558 2857 5628 ἡ
2888 5556 3219 5626 θεόφθογγος
3251 5555 3392 5625 λύρα
3422 5553 3517 5609 τοῦ
3561 5550 3873 5619 “vetitum.

662 5658 887 5711 gnarum
916 5644 1329 5713 apostolicarum
1356 5660 1417 5700 os
1447 5646 1817 5716 multisonnm,
1848 5650 2089 5720 apposite
2116 5664 2233 5704 eam

2336 5649 2443 5701 τῶν
2476 5649 2851 5705 ἁποστολικῶν
2881 5648 3140 5717 γλωσσῶν
3170 5647 3231 5701 τὸ
3266 5646 3537 5718 πολύηχον
3567 5644 3745 5715 στόμα,
3776 5638 3872 5688 δευ-

731 5820 751 5849 “
776 5820 897 5873 Act.
928 5836 962 5886 ι,
1000 5820 1045 5877 i.
1121 5822 1140 5852 '
1171 5820 1322 5875 Dent.
1360 5835 1472 5885 \‘lll,
1523 5821 1595 5887 3;
1646 5823 1833 5878 Matth.
1868 5842 1937 5893 tv,
1974 5828 2024 5881 4.
