4046 6408
146 410 239 469 769

1070 410 1475 475 'LAUDATIO
1514 412 1573 472 S.
1614 410 1823 472 JOAN.
1859 410 2408 473 CHRYSOSTOMI.

3295 403 3399 466 770

147 525 300 594 τὲραν
336 520 801 591 ειδωλυλατρίαν
824 523 1031 593 ταύτην
1060 528 1290 599 καιρίως
1321 530 1710 601 κατονομάζει,

1823 526 2047 596 appellat
2066 527 2294 583 alteram
2307 528 2567 582 idolorum
2591 529 2890 583 servitutem
2912 530 2977 583 '°.
2997 529 3128 586 Nam
3145 536 3391 603 quisquis

158 616 330 683 Ἀςεὶς
352 614 466 684 γάρ
498 630 580 678 τις
607 613 704 685 τῆς
733 614 884 681 Θείας
916 617 1164 687 προνοίας
1189 620 1402 690 άφάψαι
1433 622 1535 693 τῆς
1563 623 1716 677 ὲλπί·

146 706 226 768 δας
264 702 361 775 τὴν
415 704 689 775 ἄγκυραν,
730 704 839 757 τῶν
881 709 1182 777 χρημάτων
1225 712 1291 781 τῇ
1328 710 1558 783 συλλογῇ
1591 715 1721 768 ἑπε-

149 795 394 869 ρείδεται.
429 793 618 847 Ταῦτα
648 794 817 858 τιθεὶς
847 795 956 864 πρὸ
989 796 1083 850 τοῦ
1118 799 1443 869 κρείττονος,
1483 801 1560 865 ὡς
1585 803 1721 857 ἀθά-

148 904 269 941 νατα
291 886 649 956 βιωσόμενος,
674 888 768 941 καὶ
787 887 863 951 ὡς
886 888 1133 945 Θάλασσα
1151 892 1251 946 οὐκ
1275 893 1718 965 ὲμπιπλώμενος,

149 978 241 1032 κᾶν
271 978 299 1031 ὃ
340 993 397 1030 τι
424 977 669 1032 πλεῖστοι
702 978 908 1050 χρυσοῦ
957 983 1193 1052 ποταμοὶ
1225 984 1480 1053 εἰσρέωσί
1523 1003 1583 1039 τε
1627 990 1722 1043 κα)⁸

150 1069 385 1140 μέγιστοι
408 1108 424 1133 ,
460 1070 559 1139 οὐχ
604 1069 784 1123 είλετο
831 1070 1053 1135 τούτους
1081 1075 1111 1127 ὀ
1146 1074 1242 1129 νῦν
1280 1076 1719 1149 εὐφημούμενος,

147 1162 249 1214 ἀλλ’
275 1161 644 1230 ἀπωσάμενος
667 1162 904 1227 ἅπαντα,
936 1166 1120 1236 αὐχεῖν
1145 1167 1378 1238 πατρίδα
1400 1169 1599 1224 εὐκλεᾶ
1628 1172 1721 1225 καὶ

148 1251 449 1323 περίοπτον·
483 1251 581 1322 τὴν
623 1253 895 1325 Ἀντιόχου
924 1255 1088 1325 λέγω,
1122 1257 1217 1313 καὶ
1240 1258 1337 1328 τῆς
1363 1259 1504 1325 ὲώας
1540 1261 1721 1332 δεδεγ-

152 1345 306 1414 μένην
348 1345 479 1407 τοὺς
526 1344 740 1410 οἴακαςο
790 1346 946 1416 γένος
990 1349 1085 1403 καὶ
1134 1344 1275 1420 αἷμα
1332 1353 1718 1423 περίϐλεπτον,

150 1436 366 1507 χρυσὸν,
397 1436 676 1509 ἄργυρον,
723 1438 903 1504 λίθους
943 1442 1277 1510 πολυτελεῖς,
1321 1445 1549 1516 ἐσθῆτος
1596 1449 1720 1503 ὅσον

152 1529 382 1600 μαλακὸν
411 1531 507 1585 καὶ
549 1532 830 1604 περίδοξον
871 1534 1052 1601 ἄλλοις
1097 1541 1545 1612 παραχωρήσας,
1581 1543 1720 1614 πρὸς

148 1624 198 1678 δὲ
228 1624 318 1677 καὶ
350 1623 513 1693 λόγου
543 1624 700 1690 κλέος
732 1628 827 1682 καὶ
854 1628 1194 1686 δυναστείαν.

216 1723 274 1787 η’.
306 1718 475 1790 Φοιτᾲ
509 1718 649 1789 πρὸς
675 1720 939 1775 Μελέτιον
976 1723 1077 1793 τῆς
1120 1725 1437 1796 Ἀντιοχέων
1484 1727 1719 1800 Ἐκκλη-

152 1808 259 1871 σίας
286 1807 377 1863 τὸν
420 1810 685 1881 πρόεδρον
704 1849 720 1875 ,
748 1811 917 1883 ἄνδρα
961 1814 1236 1879 πλείστοις
1265 1816 1433 1881 θείοις
1462 1818 1719 1890 κομῶντα

1825 619 2019 673 divina:
2045 621 2398 689 providentiae
2436 623 2843 691 apprehendere
2876 638 3134 678 ancoram
3174 643 3277 680 non
3304 643 3394 682 cn-

1822 718 1928 775 rat,
1965 710 2056 766 hic
2108 711 2385 781 congestis
2419 711 2622 767 divitiis
2674 712 2884 777 nititur,
2931 727 3066 781 quas
3116 716 3395 783 anteponit

1820 798 2064 869 Numini,
2101 816 2197 857 ceu
2227 815 2493 858 sternunt
2527 804 2767 858 victurus
2792 804 2864 859 sit
2890 822 2905 858 :
2928 806 3019 859 sed
3049 819 3116 859 ne
3146 805 3191 859 is
3224 788 3410 859 maris"

1824 890 2002 946 instar
2026 892 2302 961 impletur,
2341 893 2555 947 tametsi
2579 894 2855 963 complura
2890 895 3242 965 ingentiaque
3270 895 3391 949 auri

1820 980 2041 1036 ﬂumina
2086 981 2140 1035 in
2177 982 2350 1051 ipsum
2398 982 2689 1038 conﬂuant.
2739 982 2869 1038 Haec
2911 1000 3019 1038 non
3065 984 3229 1052 elegit
3282 984 3391 1049 ille,

1819 1076 1973 1140 cujus
1997 1090 2141 1129 nunc
2166 1075 2353 1130 laudes
2379 1075 2753 1144 celebramus;
2787 1076 2881 1132 sed
2914 1078 3111 1147 spretis
3140 1076 3394 1133 omnibus

1822 1166 2049 1234 patriam
2077 1176 2326 1233 exornat,
2354 1167 2620 1222 illustrem
2647 1178 2701 1222 et
2744 1168 2995 1238 inclytam
3028 1168 3393 1240 (Antiochiam

1820 1257 1962 1317 dico.
1992 1256 2146 1327 cujus
2175 1257 2420 1327 regimini
2455 1255 2652 1313 Oriens
2684 1256 2952 1327 parebat),
2981 1272 3152 1327 genus
3177 1258 3394 1328 sangui-

1822 1364 2055 1418 nemque
2088 1350 2463 1419 conspicuum,
2508 1365 2725 1415 aurum,
2776 1360 3081 1420 argentum,
3128 1350 3395 1419 pretiosos

1822 1440 2057 1509 lapides,
2105 1440 2320 1496 mollem
2351 1442 2608 1495 vestitum
2642 1441 3096 1512 splendidumque
3136 1441 3397 1512 relinquit

1822 1532 1967 1597 aliis,
2004 1532 2113 1588 imo
2143 1540 2198 1587 et
2231 1530 2552 1601 elegantiam
2582 1531 2799 1602 vimque
2824 1533 3119 1589 sermonis.

1892 1708 1947 1763 8.
1985 1707 2067 1763 Ad
2096 1706 2367 1763 Meletium
2397 1709 2571 1778 pergit
2617 1707 2972 1763 Antiochense
3002 1707 3260 1765 Ecclesiae
3298 1722 3399 1763 an-

1824 1800 2071 1864 tistitem,
2104 1799 2301 1855 divinis
2345 1799 2714 1869 compluribus
2763 1800 3020 1855 nitentem
3062 1800 3242 1866 donis,
3285 1799 3395 1854 vita

153 1900 461 1971 χαρίσμασι,
509 1900 610 1973 βίῳ
649 1904 746 1957 καὶ
781 1904 927 1973 λόγῳ
958 1907 1123 1961 παντὶ
1156 1910 1622 1981 περιηχούμενονο
1659 1912 1720 1978 ὃς

1824 1894 2181 1959 doctrinaque
2212 1891 2412 1961 ubique
2446 1893 2713 1947 celebrem
2747 1910 2762 1947 :
2791 1893 2881 1961 qui
2916 1889 3174 1947 Joannem
3208 1894 3395 1947 decem

153 1993 320 2047 τοῦτον
345 1994 645 2064 δεξάμενος
674 1995 795 2060 ἔτος
817 2014 919 2051 που
945 1997 1089 2052 ὀκτὼ
1118 2001 1213 2054 καὶ⁵
1244 2001 1471 2057 δέκατον
1495 2003 1719 2073 ἄγοντα,

155 2085 374 2157 ἐραστής
403 2103 465 2138 τε
502 2086 596 2140 τοῦ
626 2087 859 2152 κάλλους
889 2089 989 2159 τῆς
1026 2090 1193 2144 αὑτοῦ
1220 2074 1467 2163 καρδίας
1496 2095 1722 2165 γενόμε-

155 2194 262 2242 νος,
287 2178 359 2242 ὡς
388 2178 779 2252 προϐλεπτικῷ
805 2180 1012 2250 ὄμματι
1046 2182 1146 2254 τὴν
1176 2183 1269 2236 τοῦ
1296 2185 1417 2240 νέου
1449 2185 1722 2257 θεώμενος

156 2268 379 2335 ἔκϐασιν,
404 2272 522 2334 τοῖς
547 2288 605 2324 τε
625 2271 722 2341 τῆς
748 2271 1030 2337 εὐσεϐείας
1052 2274 1403 2344 στοιχειώσας
1431 2277 1720 2348 δόγμασιν,

154 2356 267 2429 ἦθός
295 2379 351 2415 τε
388 2364 489 2416 καὶ
517 2363 717 2433 τρόπον
751 2363 950 2427 ἱκανῶς
996 2365 1383 2437 ἀποσεμνύνας
1406 2409 1421 2433 ,
1456 2370 1549 2422 καὶ
1580 2387 1720 2440 προ-

156 2452 351 2523 γράψας
381 2454 442 2508 τὸ
488 2454 685 2519 κάλλος
715 2455 816 2526 τῆς
855 2455 1146 2525 ἀληθείας,
1188 2457 1333 2513 οὕτω
1367 2459 1454 2513 διὰ
1493 2460 1719 2532 λουτροῦ

158 2544 564 2614 παλιγγενεσίας
596 2550 798 2618 μορφοῖ
835 2548 894 2600 ἐν
923 2548 1072 2619 αὐτῷ
1104 2550 1361 2620 Χριστὸν,
1392 2550 1484 2604 τὸν
1520 2552 1721 2622 ὡραῖον

159 2636 290 2705 παρᾶ
315 2637 438 2698 τοὺς
480 2637 633 2700 υίοὺς
675 2636 781 2691 τῶν
819 2638 1143 2710 ἀνθρώπων,
1174 2640 1250 2703 ὼς
1291 2642 1476 2695 κάλλει
1515 2644 1723 2713 ἐκλάμο

159 2738 308 2779 ποντα
330 2728 424 2797 τῆς
450 2727 729 2797 θεότητος.
771 2729 940 2783 Ἐτῶν
977 2726 1045 2801 ἢν
1073 2730 1149 2793 ὠς
1177 2732 1469 2802 τριάκοντα
1503 2736 1598 2788 καὶ
1626 2734 1721 2788 οὔ·

157 2834 248 2882 τως
292 2819 403 2890 ἅμα
450 2822 514 2873 ὲν
553 2823 619 2891 τῇ
673 2822 975 2893 τελειότητι
1018 2823 1117 2894 τῆς
1159 2841 1219 2877 τε
1262 2829 1584 2897 σωματικῆς
1624 2828 1721 2881 καλ⁸

162 2912 515 2981 πνευματικῆς
555 2910 774 2980 ἡλικίας
806 2911 1130 2982 γενόμενος,
1177 2915 1273 2967 καὶ
1299 2916 1411 2968 τῶν
1437 2915 1601 2969 θείων
1632 2916 1721 2970 λό-

160 3015 255 3065 γων
298 3000 655 3071 ἀναγνώστης
691 3001 988 3073 προαχθεὶς
1040 3003 1178 3075 ὁμοῦ
1220 3005 1316 3059 καὶ
1359 3004 1677 3070 διδάσκαλος
1701 3047 1717 3074 ,

163 3089 292 3163 ῥύμῃ
320 3088 465 3145 θείου
502 3090 705 3162 ἔρωτος
735 3093 873 3163 πρὸς
914 3093 1013 3164 τὴν
1057 3092 1266 3165 ἔρημον
1300 3097 1716 3166 μετανίσταται,

162 3181 458 3252 σφριγῶσαν
498 3182 597 3253 τὴν
637 3182 815 3254 σάρκα
865 3184 960 3237 καὶ
993 3184 1311 3254 φλοιδοῦσαν
1365 3190 1480 3252 τοῖς
1521 3188 1718 3242 πάθεσι

164 3274 531 3345 καταμαράναι
563 3273 909 3345 βουλόμενος,
945 3275 1022 3340 ὡς
1054 3277 1120 3331 ἂν
1145 3278 1218 3349 μὴ
1244 3278 1308 3332 τὸ
1324 3283 1574 3351 κρεῖττον
1598 3281 1719 3335 δου-

162 3362 335 3435 λωθείη
366 3364 444 3435 τῷ
475 3365 702 3436 χείρονι.
742 3366 943 3435 ’Ἄμφω
972 3367 1082 3438 γάρ
1107 3368 1226 3421 κατ’
1258 3368 1504 3440 ἀλλήλων
1534 3371 1720 3423 ἐπιθυ-

167 3457 263 3523 psi,
294 3457 438 3528 καὶὴ
476 3456 654 3527 φθορὰ,
697 3456 791 3510 τοῦ
827 3457 1185 3527 σκηνώματος
1218 3460 1445 3524 εἰκότως
1482 3464 1547 3532 τῇ
1575 3461 1719 3533 ψυχῇ

164 3547 248 3615 τὴν
281 3549 632 3619 ἐπικράτειαν
664 3548 868 3602 δίδωσιο
905 3549 1001 3602 καὶ
1042 3553 1154 3613 τοῖς
1188 3552 1358 3614 πέλας
1386 3553 1723 3624 προσομιλή-

170 3653 251 3701 σας
284 3638 485 3709 ὄρεσιν,
544 3640 821 3710 ὸδηγεῖται
854 3642 993 3714 πρός
1022 3659 1144 3695 τινα
1174 3642 1508 3715 πρεσϐύτην,
1552 3644 1722 3716 Σύρον

170 3729 254 3795 μὲν
303 3730 399 3801 τὴν
443 3730 760 3795 διάλεκτον,
810 3732 911 3804 τὴν
954 3733 1014 3785 δὲ
1066 3733 1269 3802 γνῶσιν
1321 3735 1423 3788 οὐκ
1481 3735 1719 3808 ἰδιώτην,

168 3818 320 3889 ἄκραν
370 3821 771 3890 φιλοσοφοῦντα
821 3824 1170 3894 ἐγκράτειαν,
1228 3826 1324 3879 καὶ
1373 3826 1567 3880 τούτου
1621 3826 1721 3899 τὴν

171 3909 568 3982 σκληραγωγίαν
595 3914 851 3984 τέτρασιν
886 3915 1345 3986 ἀποσμηξάμενος
1371 3917 1551 3972 ἐτεσιν
1571 3961 1586 3985 ,
1626 3921 1718 3974 καὶ

170 4003 325 4074 πάσης
350 4005 682 4075 ἡδυπαθείας
720 4008 850 4078 ῥᾷον
898 4009 1341 4080 περιγενόμενος,
1380 4009 1536 4079 λόγον
1582 4012 1721 4082 ἔχων

171 4093 234 4162 τῷ
263 4096 397 4166 πόνῳ
431 4096 935 4168 συναμιλλώμενον,
968 4099 1067 4168 τῆς
1106 4098 1332 4169 άδηλίας
1363 4100 1683 4172 γλιχόμενος
1703 4142 1717 4166 ,

171 4186 398 4257 ἐσχατιᾶς
421 4206 568 4253 τινος
590 4190 807 4257 ἐγένετο
822 4190 1104 4262 πάροικος,
1127 4190 1322 4263 ἄντρον
1346 4192 1528 4262 αὐχῶν
1553 4209 1723 4247 κατα-

171 4278 345 4348 γώγιον
393 4282 471 4347 ὡς
532 4283 737 4353 ἀρετῆς
793 4283 1137 4354 παλαίστραν
1203 4285 1300 4338 καὶ
1355 4288 1718 4356 κονιστήριον.

175 4371 321 4425 Ἔνθα
354 4373 554 4436 πόσους
592 4374 690 4443 μὲν
730 4372 927 4437 ἄθλους
961 4374 1200 4434 ὑποστὰς
1239 4375 1383 4429 κατὰ
1424 4376 1484 4429 τὸ
1517 4375 1723 4446 πλῆθος

172 4461 263 4513 τῶν
285 4464 477 4518 ὀδυνῶν
498 4464 596 4535 τὴν
613 4464 709 4517 τοῦ
739 4464 879 4519 Πνεύ
888 4482 1056 4536 ματος
1076 4466 1422 4536 παράκλησιν
1448 4467 1718 4537 άντελάμ·

1824 1992 1881 2038 et
1924 1992 2047 2038 octo
2082 1980 2304 2038 circiter
2330 1996 2505 2037 annos
2546 1990 2734 2035 natum
2782 1982 3029 2048 suscipit,
3067 1982 3248 2036 cordis
3278 1982 3396 2051 ejus

1821 2090 2011 2132 amore
2038 2074 2344 2144 perculsus,
2388 2088 2483 2129 ceu
2511 2073 2727 2143 juvenis
2751 2074 2955 2129 exitum
2998 2076 3227 2142 praescio
3264 2089 3397 2130 coo-
3504 2072 3505 2075 “

1825 2168 1962 2222 tnitu
2008 2174 2278 2222 cerneret.
2333 2164 2487 2220 llunc
2538 2167 2766 2221 sincera:
2799 2166 3017 2234 pietatis
3057 2166 3398 2223 documentis

1823 2256 2133 2322 instituens,
2164 2256 2402 2311 moribus
2428 2256 2547 2326 ejus
2574 2257 2642 2311 ad
2677 2257 2976 2312 honestatis
3013 2258 3228 2327 regulas
3248 2273 3395 2314 com-

1829 2346 2043 2416 positis,
2092 2346 2333 2403 veritatis
2380 2348 2433 2400 in
2487 2359 2553 2400 eo
2595 2345 3048 2411 pulchritudinem
3083 2348 3393 2404 delineavit.

1823 2438 1936 2497 Hoc
1975 2441 2133 2496 modo
2173 2438 2447 2496 Christum
2482 2440 2535 2494 in
2567 2455 2631 2495 eo
2678 2453 2772 2508 per
2801 2439 3074 2494 lavacrum
3112 2456 3398 2511 regenera-

1826 2532 1988 2588 tionis
2022 2534 2257 2603 ligurat;
2301 2533 2630 2601 speciosum,
2668 2533 2914 2601 inquam,
2957 2532 3104 2586 illum
3134 2548 3243 2602 pra:
3272 2532 3397 2587 (iliis

1824 2624 2101 2679 hominum
2131 2626 2174 2656 “
2205 2635 2430 2695 propter
2467 2622 2809 2694 ellulgentem
2856 2624 3086 2680 Deitatis
3125 2625 3394 2680 decorem.

1822 2716 2063 2786 Triginta
2109 2716 2267 2772 annis
2320 2725 2499 2781 natus,
2543 2730 2662 2769 cum
2709 2715 3002 2784 perfectam
3058 2715 3401 2784 corporiset

1821 2808 1989 2863 animi
2025 2815 2240 2862 aetatem
2292 2817 2438 2862 esset
2485 2816 2787 2872 assecutus,
2834 2808 2900 2860 ad
2940 2807 3245 2861 divinorum
3286 2806 3401 2860 elo-

1821 2899 2070 2967 quiorum
2106 2897 2346 2958 lectoris.
2381 2897 2491 2950 imo
2531 2906 2585 2951 et
2628 2896 2921 2964 magisterii
2956 2904 3233 2963 promotus
3272 2910 3401 2964 gra-

1821 2989 1971 3052 dum,
2013 2988 2181 3043 divini
2227 2989 2430 3042 amoris
2470 2987 2700 3056 impulsu
2753 2988 2806 3040 in
2852 2988 3124 3041 desertum
3174 2987 3395 3057 migrat,

1821 3078 2148 3135 luxuriantis
2216 3078 2635 3148 ebullientisque
2687 3077 2869 3133 carnis
2928 3079 3396 3147 perturbationum

1820 3172 2331 3243 compescendarum
2374 3172 2572 3236 studio,
2618 3185 2685 3225 ne
2714 3185 2839 3240 pars
2882 3183 3060 3240 pOIIOI'
3097 3170 3396 3241 ignobiliori

1822 3265 2064 3335 subjecta
2097 3267 2271 3320 ﬁeret.
2318 3265 2505 3319 Ambaa
2544 3263 2808 3332 siquidem
2861 3264 3119 3317 adversus
3158 3275 3220 3317 se
3261 3261 3399 3316 invi-

1822 3373 1941 3413 cem
1991 3359 2403 3424 concupiscunt,
2459 3355 2865 3423 destructioque
2917 3352 3245 3408 tabernaculi
3297 3354 3399 3406 im-

1824 3456 2031 3525 perium
2085 3457 2138 3509 in
2193 3454 2430 3508 animam
2480 3451 2759 3505 transfert.
2814 3447 2982 3518 Igitur
3028 3449 3082 3502 in
3136 3447 3399 3516 proximis

1824 3545 2098 3601 montibus
2127 3558 2247 3600 cum
2281 3552 2615 3605 versaretur,
2664 3541 2730 3595 ad
2758 3540 3046 3610 quemdam
3076 3554 3260 3595 senem
3300 3541 3399 3595 du-

1823 3639 1985 3702 citur,
2018 3636 2108 3706 qui
2138 3635 2274 3706 Syra
2301 3635 2518 3703 quidem
2549 3633 2782 3688 dialecto
2809 3642 3072 3699 uteretur,
3104 3633 3198 3688 sed
3225 3634 3400 3688 scien-

1826 3729 1897 3783 tia
1946 3727 2233 3798 impcritus
2278 3741 2382 3781 non
2441 3734 2579 3789 erat,
2629 3738 3002 3794 supremmque
3044 3724 3397 3780 continentia:

1825 3823 2028 3893 apicem
2064 3819 2399 3876 excoluerat.
2436 3815 2606 3886 Hujus
2648 3818 3020 3873 austeritatem
3071 3830 3241 3870 annos
3261 3831 3396 3886 qua-

1826 3925 1948 3971 tuor
1975 3929 2096 3968 cum
2151 3912 2530 3982 expressisset,
2577 3910 2986 3978 omnigenzeque
3024 3906 3399 3962 delectationis

1824 4007 2070 4074 superior
2089 4005 2287 4067 evasit,
2321 4002 2528 4057 ratione
2554 4015 2678 4056 cum
2727 3999 3001 4053 laboribus
3027 3998 3142 4053 suis
3180 3999 3397 4067 conspi-

1828 4108 2005 4159 rante,
2048 4093 2401 4149 obscuritatis
2450 4092 2720 4147 desiderio
2746 4128 2762 4154 ,
2805 4097 3062 4144 extrema:
3120 4087 3396 4155 cujusdam

1824 4208 1933 4245 ora:
1961 4190 2188 4244 colonus
2211 4188 2380 4258 890
2409 4184 2662 4251 efﬁcitur,
2687 4192 2901 4238 antrum
2931 4184 3133 4237 habere
3161 4185 3398 4254 gestiens

1827 4283 1878 4336 in
1907 4281 2291 4344 diversorium,
2322 4279 2484 4333 veluti
2512 4276 2817 4346 palaestram
2841 4276 3193 4344 stadinmqne
3227 4275 3398 4329 virtu-

1828 4376 1914 4431 tis.
1952 4374 2094 4441 Quot
2136 4386 2264 4426 vero
2305 4370 2414 4426 illic
2442 4369 2741 4425 certamina
2778 4367 2930 4433 obiit,
2963 4376 3020 4421 ut
3059 4368 3395 4421 tantumdem

1825 4467 2120 4524 secundum
2179 4462 2574 4518 multitudinem
2625 4460 2911 4524 dolorum,
2966 4459 3394 4514 consolationum

174 4553 311 4621 Gavs;
341 4557 512 4620 πόσας
547 4557 604 4610 δὲ
644 4558 938 4621 ἀναϐάσεις
974 4560 1032 4611 ὲν
1060 4560 1126 4630 τῇ
1166 4559 1363 4631 καρδίᾳ.
1391 4560 1615 4630 θέμενος
1642 4559 1719 4630 τῷ

1824 4561 2061 4630 Spiritus
2085 4556 2425 4628 perciperet?
2452 4564 2583 4625 quot
2633 4554 2685 4610 in
2715 4555 2877 4609 corde
2919 4551 3263 4607 ascensioncs
3298 4566 3397 4621 po-

175 4645 425 4715 Πνεύματι
449 4648 881 4718 κατειργάξετο;
904 4649 971 4701 ὲκ
992 4648 1276 4719 δυνάμεως
1298 4650 1610 4720 προϐαίνων
1640 4652 1720 4714 είς

172 4735 401 4807 δύναμιν,
444 4739 538 4793 καὶ
569 4739 637 4794 δι’
675 4741 880 4812 ἀμφοῖν
919 4741 1171 4812 πράξεώς
1207 4759 1268 4795 τε
1324 4744 1421 4796 καὶ
1464 4742 1719 4815 θεωρίας,

175 4824 297 4879 ἅπαν
319 4829 609 4897 Αίγύπτιον
636 4831 813 4902 νόημα
842 4832 943 4904 τῆς
977 4832 1161 4904 ψυχῆς
1191 4832 1451 4904 ὲξορίζων
1485 4836 1577 4887 καὶ
1621 4834 1721 4886 σώ-

178 4932 341 4982 ματος.

231 5005 288 5059 θ’.
334 5009 570 5080 Μωῦσῆς
611 5027 693 5075 τις
719 5011 878 5074 ἄλλος
907 5012 984 5083 τῷ
1025 5012 1127 5083 βίῳ
1177 5013 1555 5086 δεδωρημένος
1578 5054 1593 5078 ,
1624 5014 1721 5085 τὴν

177 5091 421 5160 Αἰγύπτου
454 5100 835 5154 καταλελοίπει
876 5102 969 5155 τὸν
1006 5103 1136 5174 τῇδε
1190 5104 1326 5172 βίον,
1376 5104 1472 5157 καὶ
1511 5104 1579 5157 τὰ
1627 5098 1721 5157 τοῦ

180 5180 295 5247 βίον,
320 5188 409 5239 καὶ
437 5188 638 5258 τρόπον
673 5190 796 5243 τινὰ
825 5190 930 5255 ἔξω
956 5192 1050 5245 τοῦ
1084 5192 1200 5264 βίου
1234 5196 1523 5264 γενόμενος
1548 5234 1563 5257 ,
1614 5193 1723 5249 εἶδε

178 5272 287 5327 θίξιν
313 5279 383 5342 ὡς
417 5280 476 5333 ὲν
504 5279 652 5353 βάτῳ
692 5280 768 5352 τῷ
814 5286 1011 5355 τραχεῖ
1047 5287 1143 5337 τοῦ
1184 5283 1303 5356 βίου
1350 5284 1721 5355 ὲκλάμποντα·

179 5369 258 5422 καὶ
288 5369 466 5446 ὥσπερ
501 5373 560 5443 ἐξ
600 5376 843 5448 ἀκάνθης
884 5379 948 5433 τὸ
995 5380 1179 5451 ῥόδον,
1215 5378 1389 5444 οὕτως
1432 5382 1497 5434 ὲκ
1541 5380 1723 5435 πόνων

179 5458 349 5531 ἀρετῆς
390 5466 551 5533 φυτὸν
598 5467 797 5532 εὑῶδες
829 5470 910 5534 είς
954 5470 1131 5542 ὀσμὴν
1171 5471 1268 5525 τοῦ
1311 5470 1450 5525 Θεοῦ
1485 5472 1718 5542 φύεσθαι

180 5550 411 5621 πέφυκεν.
434 5558 590 5612 Οὕτω
618 5559 801 5624 λυθεὶς
830 5562 938 5615 τῶν
968 5562 1327 5635 χαμαιζήλων
1357 5564 1597 5629 ἐννοιῶν,
1627 5564 1723 5618 καὶ

181 5638 317 5706 ἀφεὶς
356 5644 504 5719 δίκην
544 5650 784 5720 πηδίλων
830 5650 901 5704 τὰ
936 5652 1101 5723 γήϊνα
1136 5652 1389 5723 ὲντόπῳ
1432 5654 1600 5721 Θεοῦ,
1647 5651 1725 5725 τῷ

247 5818 282 5848 ⁸⁸
326 5821 508 5893 Ephes.
559 5846 613 5891 v,
651 5828 704 5883 5.
782 5832 820 5861 “
872 5828 1013 5883 Psal.
1048 5845 1192 5896 των,
1243 5832 1296 5885 5.

1823 4667 1980 4717 nens,
2010 4651 2212 4722 Spiritu
2251 4646 2677 4719 perﬁciebatur?
2712 4645 2780 4701 de
2814 4646 3012 4699 virtute
3058 4644 3109 4696 in
3147 4643 3396 4697 virtutem

1821 4743 2290 4813 prOgrediebatur,
2328 4748 2384 4795 ut
2417 4755 2513 4809 per
2541 4750 2845 4808 utramque,
2888 4738 3154 4791 actionem
3191 4734 3312 4789 dico
3344 4744 3401 4788 et

1822 4835 2355 4904 contemplationem,
2405 4830 2781 4902 Egyptiacam
2813 4843 3027 4883 omnem
3072 4827 3236 4880 animi
3275 4840 3415 4909 cor--~

1823 4932 2079 5001 porisque
2109 4927 2359 4983 exsulare
2389 4927 2771 4996 cogitationem
2802 4931 3039 4991 c0geret.

1894 5022 1947 5076 9.
1994 5020 2127 5075 Cum
2172 5033 2321 5081 vero,
2379 5032 2475 5071 ceu
2529 5016 2737 5085 Moyses
2787 5013 2925 5066 alter
2975 5011 3162 5066 huicce
3200 5010 3400 5063 mundo

1824 5126 1921 5179 pro
1961 5110 2160 5166 eximio
2210 5122 2437 5164 munere
2488 5106 2667 5170 datus,
2718 5103 3009 5174 Egyptum
3062 5099 3395 5169 reliquisset,

1823 5203 1961 5256 banc
1990 5201 2174 5270 utique
2203 5202 2392 5260 vitam,
2437 5211 2664 5266 quaeque
2701 5194 2765 5248 ad
2797 5195 2967 5264 ipsam
3008 5190 3307 5260 pertinent,
3335 5205 3400 5244 ac

1824 5294 1981 5347 modo
2025 5292 2256 5359 quodam
2310 5292 2434 5343 vitae
2485 5288 2645 5356 hujus
2702 5300 2894 5342 exsors
2946 5282 3171 5339 eﬂ'ectus
3217 5292 3396 5349 esset,

1825 5383 1992 5438 Deum
2032 5382 2167 5437 vidit
2215 5382 2269 5436 in
2319 5381 2541 5449 hujusce
2582 5378 2764 5434 saeculi
2803 5376 3096 5447 asperitate
3147 5374 3287 5429 velut
3341 5376 3406 5430 in

1820 5474 1956 5528 rubo
1996 5471 2486 5543 splendescentcm.
2535 5468 2996 5537 Quemadmodum
3030 5466 3178 5522 enim
3219 5482 3397 5521 rosam

1822 5580 1888 5621 ex
1937 5564 2127 5633 spinis,
2181 5564 2259 5619 sic
2304 5578 2369 5619 ex
2419 5561 2696 5617 laboribus
2733 5558 3133 5615 suaveolentem
3176 5556 3400 5613 virtutis

1825 5656 2062 5728 plantam
2092 5657 2146 5711 in
2180 5655 2272 5712 Dei
2305 5654 2525 5710 odorem
2559 5652 2866 5724 germinare
2892 5660 3265 5721 comparatum
3291 5656 3395 5706 est.
