4046 6410
676 397 772 457 771
1875 406 1937 465 s.
1972 405 2290 465 JOANNIS
2325 406 2755 469 DAMASCENI
3800 398 3876 458 ’ῖῗὲ

684 524 926 598 Abjectis
972 523 1155 593 ltaque
1202 519 1622 591 cogitationibus
1662 528 1969 587 exemptus,
2006 518 2261 573 terrenis-

2375 522 2491 591 ἰδίῳ
2522 522 2598 593 νῷ
2630 523 2861 591 γίνεται,
2898 521 2995 576 καὶ
3023 520 3126 593 ὁρᾷ
3154 519 3288 574 Θεὸν
3316 521 3393 584 ὠς
3420 519 3547 573 ίδείν
3575 521 3793 585 δυνατὸν,
3815 532 3883 579 καί

682 635 790 690 que
821 618 983 673 rebus
1013 615 1504 671 calceamentorum
1540 613 1713 666 instar
1756 611 1964 679 positis,
2003 612 2057 664 itt
2093 612 2265 663 locum

683 710 781 764 Dei
819 706 1057 763 occurrit
1087 707 1292 776 (mente
1329 719 1425 757 sua
1456 702 1689 772 scilicet)
1715 703 1802 756 ubi
1834 702 1998 755 Deum
2030 702 2269 755 intuetur

678 810 942 872 quantum
969 796 1161 857 intueri
1192 795 1446 865 possibile
1476 804 1581 849 est.
1610 792 1846 849 Rursum
1873 808 2000 847 vero
2026 792 2078 845 in
2101 790 2273 862 AEgy-

683 899 832 959 ptum
869 897 1095 952 remeat,
1138 885 1391 955 populum
1423 884 1651 937 tnnltttm
1691 899 1789 937 nec
1827 881 2101 935 numerari
2136 880 2270 933 faci-

685 981 815 1046 lem,
845 996 911 1034 ex
951 980 1065 1043 illa,
1093 989 1148 1033 et
1177 994 1244 1033 ex
1273 995 1460 1032 amara
1494 978 1795 1031 Pharaonis
1826 974 2091 1044 principis
2120 974 2268 1027 orbis

685 1074 943 1129 servitute
986 1072 1347 1127 translaturus
1396 1071 1462 1123 ad
1495 1070 1763 1124 excelsam
1798 1077 1998 1121 terram
2042 1068 2268 1135 promis-

685 1168 877 1232 sionis,
908 1176 968 1218 ut
1014 1165 1260 1218 traducat
1293 1178 1388 1217 eos
1427 1178 1522 1232 per
1550 1178 1699 1216 mare
1733 1160 1973 1215 linbrum
2003 1173 2158 1228 aqua:
2191 1159 2268 1211 di-

685 1260 823 1313 vina:
860 1268 914 1311 et
956 1256 1259 1323 sanguinis,
1314 1256 1365 1308 in
1414 1255 1633 1308 deserto
1673 1252 2141 1323 perturbationum
2180 1266 2270 1303 va-

682 1367 787 1406 cuo
812 1359 1114 1410 versantes,
1147 1349 1233 1401 ubi
1264 1357 1457 1401 exacto
1496 1347 1739 1409 Amalec,
1764 1346 2019 1414 expansis
2053 1345 2105 1396 itt
2142 1358 2270 1397 cru-

683 1443 762 1499 cis
823 1442 1037 1496 modum
1074 1441 1343 1503 manibus,
1398 1440 1462 1492 ad
1510 1439 1680 1493 instar
1736 1437 1880 1491 illius
1939 1438 2031 1505 qui
2093 1436 2266 1490 nostri

683 1536 852 1607 gratia
892 1549 1084 1589 manus
1135 1533 1389 1602 expandit
1435 1533 1484 1585 in
1526 1546 1711 1598 cruce,
1749 1531 2030 1585 victricem
2066 1546 2130 1584 ex
2179 1530 2270 1583 illo

682 1627 937 1681 virtutem
982 1626 1282 1680 obtineant.
1333 1624 1547 1677 Duobus
1592 1624 1756 1693 igitur
1801 1622 1960 1676 annis
2007 1622 2059 1675 in
2105 1636 2268 1691 specu

686 1728 947 1781 moratus,
977 1717 1229 1771 coercitis
1254 1731 1345 1785 per
1373 1715 1582 1785 vigilias
1609 1714 1787 1767 anima
1816 1724 1870 1767 et
1891 1727 2141 1781 corpore,
2169 1728 2266 1767 ceu

675 1811 791 1880 jam
826 1824 989 1863 earne
1031 1810 1163 1862 liber
1208 1816 1371 1874 esset,
1419 1807 1723 1860 divinorum
1767 1807 2106 1876 eloquiornm
2148 1818 2265 1861 stu-

2371 618 2534 670 πάλιν
2583 617 2660 680 εἰς
2701 617 2974 683 Αἴγυπτον
3024 614 3424 686 παραγίνεται,
3467 612 3639 683 πλήθη
3676 614 3819 667 πολλά
3844 633 3883 667 τε

2336 738 2339 741 ι
2372 709 2466 762 καί⁸
2494 708 2697 777 ἄπειρα
2726 707 2787 773 ἐξ
2815 706 3115 775 Αἰγύπτου,
3148 708 3241 759 καὶ
3272 707 3372 774 τῆς
3403 707 3607 775 πικρᾶς
3636 707 3884 775 reparatio;

2334 830 2337 831 ν
2369 799 2571 870 Φαραὼ
2604 799 2699 853 τοῦ
2743 800 3211 870 κοσμοκράτορας,
3248 798 3345 850 καὶ
3388 796 3526 867 πρὸς
3553 796 3647 865 τὴν
3686 796 3783 848 ἂνω
3812 799 3886 868 τῆν

2338 936 2341 939 μ
2370 894 2468 961 τῆς
2490 891 2822 960 ἐπαγγελίας
2854 888 3327 962 μεταστησόμενός
3357 905 3439 953 τε,
3469 886 3567 939 καὶ
3590 890 3885 957 μεταστήσων

2371 981 2458 1035 διὰ
2507 981 2779 1052 θαλάττης
2856 979 3126 1051 Ἐρυθρᾶς
3173 978 3268 1031 τοῦ
3311 977 3457 1030 θείου
3512 976 3697 1039 ὕδατός
3734 995 3784 1029 τε
3819 981 3886 1031 καί

2371 1075 2625 1144 αἵματος,
2654 1075 2708 1127 ὲν
2738 1073 2931 1145 ἐρήμῳ
2951 1075 3061 1125 τῶν
3090 1070 3279 1123 παθῶν
3306 1069 3797 1138 πολιτευσαμένους,
3821 1073 3887 1124 tui

2386 1167 2636 1238 Ἀμαλὴκ
2675 1167 3032 1227 ὲκκλίναντας
3071 1164 3271 1235 χειρῶν
3304 1162 3530 1216 ἐκτάσει
3575 1162 3888 1231 ἐπαιρομένων

2376 1258 2736 1332 σταυροειδῶς
2789 1257 2925 1328 πρὸς
2982 1257 3074 1311 τὸν
3126 1258 3182 1309 ὲν
3239 1253 3461 1325 σταυρῷ
3507 1253 3607 1316 τὰς
3652 1254 3810 1322 χεῖρας
3842 1254 3889 1306 δι’

2371 1355 2520 1425 ἡμᾶς
2557 1352 2905 1415 ἐκτείναντα,
2951 1349 3010 1415 ἐξ
3045 1346 3211 1402 αὐτοῦ
3241 1364 3303 1400 τε
3334 1347 3435 1416 τὴν
3464 1343 3798 1415 τροπαιοῦχον
3830 1344 3890 1395 δε-

2370 1442 2664 1513 δεγμένους
2701 1439 2951 1509 δύναμιν.
3006 1440 3095 1491 Ἐν
3139 1437 3218 1508 τῷ
3271 1435 3526 1507 σπηλαίῳ
3559 1434 3723 1487 τοίνυν
3757 1434 3891 1486 διττὸν

2370 1536 2493 1598 ἔτος
2526 1534 2832 1604 διατρίψας,
2862 1533 2957 1586 καὶ
2984 1532 3262 1603 ἄγρυπνον
3286 1530 3383 1602 τὴν
3410 1528 3591 1598 ψυχὴν
3624 1527 3728 1597 ἃμα
3752 1526 3826 1578 καὶ
3848 1526 3891 1577 τὸ

2375 1628 2535 1700 σῶμα
2592 1627 2949 1696 διαφυλάξας,
3008 1620 3118 1679 οἷον
3177 1624 3423 1692 ἄσαρκος
3469 1624 3540 1691 τῇ
3600 1620 3775 1689 μελέτη
3812 1617 3892 1669 τῶν

2373 1722 2533 1776 θείων
2576 1722 2772 1790 λογίων
2806 1718 3286 1791 ἐνασχολούμενος,
3326 1718 3511 1770 πᾶσαν
3550 1715 3891 1784 ὲξωστρὰκιςεν

2372 1818 2596 1887 ἄγνοιαν
2620 1858 2634 1881 ,
2665 1817 2725 1869 τὸ
2763 1815 2881 1885 φῶς
2920 1816 3018 1885 τῆς
3056 1813 3292 1885 ἀληθοῦς
3329 1810 3753 1878 εἰσοικισάμενος
3786 1806 3891 1873 7w;-

684 1904 775 1957 dio
820 1912 875 1956 et
938 1902 1284 1956 meditatione
1347 1900 1704 1969 ignorantiam
1760 1914 1975 1954 omnem
2041 1899 2261 1968 pepulit,

2370 1928 2528 1974 σεως.
2564 1912 2625 1964 Et
2652 1910 2709 1963 δὲ
2743 1910 2838 1963 καὶ
2870 1908 3041 1962 ὕπνου
3077 1906 3400 1979 μεταλαχεῖν
3425 1904 3537 1957 ἔδει
3570 1903 3695 1972 πρὸς
3718 1902 3799 1970 τὴν
3820 1900 3890 1967 τῆς

684 2011 828 2049 verae
876 1994 1117 2049 scienti-.e
1161 1992 1364 2046 lumine
1409 1992 1460 2045 in
1495 2001 1667 2046 semet
1714 2001 1949 2059 recepto.
1995 1990 2090 2044 Sin
2137 2006 2265 2045 vero

684 2087 961 2155 indulgere
999 2098 1191 2139 somno
1223 2097 1361 2151 Opus
1407 2089 1545 2145 crat,
1595 2096 1701 2150 quo
1753 2092 1945 2136 natura
1991 2096 2266 2137 recreare—

686 2187 773 2229 tnr
804 2183 1332 2241 sustentareturque,
1375 2172 1477 2225 hoc
1515 2169 1744 2225 oﬂicium
1778 2184 1985 2226 naturte
2019 2173 2099 2227 sic
2131 2188 2267 2242 prte-

682 2270 883 2332 stabat,
920 2276 978 2320 ut
1017 2267 1108 2320 illo
1142 2267 1382 2329 biennio,
1418 2279 1516 2318 nec
1547 2275 1726 2331 nocte,
1775 2280 1876 2320 nec
1907 2266 1995 2320 die
2042 2268 2268 2321 recuba-

684 2370 790 2415 ret.
835 2359 947 2413 Hac
987 2360 1199 2412 ratione
1240 2356 1513 2411 inferioris
1561 2356 1733 2426 partis
1774 2357 2025 2413 libidines
2075 2372 2267 2412 eneca-

684 2452 900 2519 bantnr,
948 2451 1250 2508 lumborum
1301 2452 1528 2504 virtutes
1580 2449 1967 2513 solvebantur,
2027 2449 2265 2504 umbilici

683 2544 1128 2612 exstinguebatur
1180 2553 1381 2609 :cstns,
1439 2550 1497 2596 ut
1553 2541 1688 2596 nihil
1762 2542 1954 2596 virium
2014 2543 2265 2608 haberet,

683 2635 876 2702 quibus
895 2632 1070 2703 juvari
1100 2642 1297 2701 posset.

756 2789 844 2843 10.
894 2787 952 2841 In
990 2789 1218 2856 patriam
1269 2789 1451 2857 itaque
1498 2788 1735 2854 rediens,
1769 2790 2088 2861 presbyterii
2142 2805 2234 2857 gra

685 2882 815 2935 dum
856 2881 1071 2950 accipit.
1123 2880 1366 2949 Cumque
1414 2891 1666 2950 tanquam
1726 2884 1860 2950 grati
1908 2883 2070 2935 animi
2118 2882 2258 2934 illius

687 2971 885 3026 nutrici
912 2971 1074 3025 ntatri
1106 2971 1485 3026 nutricationis
1520 2972 1738 3040 praemia
1772 2973 2129 3040 rependisset,
2158 2971 2267 3025 Deo

688 3065 1005 3135 providente
1056 3064 1122 3118 ad
1169 3064 1381 3118 urbium
1414 3065 1727 3134 principem,
1760 3062 2110 3129 transfertur,
2152 3080 2267 3117 ma-

686 3157 885 3227 gnique
918 3156 1188 3225 pontilicis
1235 3155 1398 3209 ﬁliam
1439 3157 1586 3211 ducit
1623 3172 1869 3209 uxorem.
1913 3154 2151 3223 xEqnutn
2193 3156 2266 3210 si-

687 3249 907 3318 quidem
952 3263 1057 3302 non
1109 3258 1248 3312 erat,
1298 3260 1356 3301 ot
1406 3248 1634 3317 insignis
1680 3249 1815 3302 adeo
1870 3247 2144 3318 religionis
2186 3247 2261 3301 lu-

684 3356 869 3408 cerna,
919 3341 972 3395 in
1023 3356 1127 3410 qua
1171 3341 1347 3394 lumen
1394 3340 1619 3409 tempori
1669 3340 1815 3394 nullo
1866 3342 2159 3394 obnoxium
2207 3352 2261 3394 et

683 3448 943 3490 aeternum
979 3434 1372 3502 requiescehat,
1410 3432 1510 3486 sub
1547 3434 1727 3487 modio
1751 3432 2135 3497 occultaretur,
2164 3433 2258 3487 sed

682 3542 847 3596 super
894 3526 1274 3579 candelabrum
1315 3525 1586 3578 excelsum
1639 3526 1998 3593 omnibusque
2046 3526 2260 3591 conspi-

683 3635 841 3672 rnnm
875 3627 1223 3681 statueretur,
1261 3624 1321 3669 ut
1358 3631 1424 3669 ex
1454 3618 1561 3668 alta
1602 3620 1884 3685 positaque
1916 3616 1966 3668 in
2016 3616 2259 3670 meditul-

684 3712 757 3765 lio
782 3710 1020 3780 Specnla,
1061 3724 1159 3763 ceu
1206 3708 1333 3761 tuba
1367 3722 1434 3760 ex
1484 3724 1616 3762 auro
1663 3707 1871 3771 ductili,
1906 3708 1972 3757 ad
2022 3706 2255 3759 universi

682 3811 923 3855 extrema
970 3812 1195 3867 qumque
1244 3809 1581 3866 personaret.
1639 3797 1771 3862 Quis
1825 3798 2123 3851 Ecclesium
2175 3799 2257 3851 sic

668 3894 824 3948 rexit
852 3891 1250 3960 ordinavitque,
1286 3896 1340 3943 et
1376 3889 1628 3943 humilem
1653 3891 2004 3943 nihilominus
2036 3906 2255 3944 sensum

683 4002 793 4056 prae
822 4000 880 4040 se
910 3985 1067 4037 tulit?
1090 3983 1212 4052 quis
1250 3981 1385 4035 iram
1427 3983 1700 4050 animique
1734 3982 2133 4036 vehementiam
2180 3983 2257 4036 sic

682 4074 1037 4143 compescuit,
1093 4087 1152 4126 ut
1202 4071 1671 4125 mansuetudinem
1719 4072 1783 4123 ad
1832 4070 2054 4136 jttslititc
2113 4070 2256 4139 leges

678 4179 925 4223 exactam
969 4176 1296 4223 consecutus
1339 4173 1519 4231 esset;
1571 4180 1677 4233 qua
1710 4166 1966 4233 quidquid
2013 4167 2257 4218 obstaret

682 4262 892 4325 virtuti,
935 4262 1228 4329 refugeret,
1266 4255 1585 4325 jnsttttnque
1631 4256 1699 4309 ab
1753 4258 1962 4325 injustis
2022 4257 2257 4308 vindica-

683 4351 957 4418 reliquis
1003 4350 1271 4403 charitate
1323 4345 1435 4408 illa,
1471 4362 1536 4398 ex
1585 4360 1688 4414 qua
1732 4345 2106 4399 misericordia
2163 4362 2254 4397 na—

680 4443 871 4507 scitur,
923 4440 1152 4495 eximius
1204 4438 1337 4492 adeo
1387 4437 1526 4501 fuit;
1584 4436 1736 4504 cujus
1792 4437 2007 4490 virtutis
2068 4452 2255 4489 tnnnu-

681 4544 861 4587 tnenta
919 4532 1142 4584 animati
1202 4530 1344 4597 cippi
1414 4528 1678 4595 hodieque
1743 4527 2000 4597 gestant?
2066 4526 2254 4580 Omnis

678 4639 858 4678 sermo
923 4623 1067 4675 illius
1118 4620 1187 4675 de
1245 4620 1613 4673 misericordia
1669 4627 1818 4681 erat,
1880 4620 2079 4686 quique
2135 4632 2255 4670 eunt

680 4713 1121 4767 verbilacientetn
1151 4711 1413 4772 audisset,
1442 4711 1508 4762 ad
1554 4709 1794 4763 habitutn
1825 4710 2082 4762 continuo
2103 4724 2254 4761 com-

679 4805 1047 4859 miserationis
1093 4799 1542 4868 lilteralitatisque
1588 4799 2008 4868 provehebatur.
2049 4800 2257 4853 Suade-

677 4898 769 4952 bat
791 4894 951 4967 891
985 4910 1078 4947 sua
1112 4891 1221 4946 Deo
1248 4892 1528 4959 _fenerari,
1565 4893 1936 4961 corruptibilia
1973 4903 2025 4946 et
2050 4895 2251 4945 caduca

677 4990 957 5059 largiendo
990 4987 1086 5053 illi,
1118 4986 1211 5056 qui
1253 4984 1627 5052 permanentia
1666 4995 1720 5037 et
1753 4990 2061 5053 incorrupta
2100 4987 2255 5037 vicis-

676 5082 778 5135 sint
816 5084 990 5145 daret,
1025 5093 1090 5133 ac
1133 5077 1427 5131 recondere
1457 5077 1506 5129 in
1536 5076 1688 5131 caelis
1722 5076 2085 5129 miserationis
2115 5091 2253 5144 penu

674 5173 816 5242 quod
855 5188 959 5225 non
995 5180 1429 5233 consumeretur,
1460 5184 1561 5223 nec
1592 5169 1905 5237 praedationi
1938 5168 2117 5221 forum
2161 5185 2255 5237 pa-

679 5275 816 5318 teret
846 5281 859 5316 :
888 5274 947 5317 ot
995 5271 1217 5332 peccata
1259 5261 1619 5330 eleemosynis
1677 5270 1989 5328 purgarent,
2046 5272 2099 5313 et
2148 5262 2253 5312 ini-

674 5356 913 5425 quitates
932 5352 1305 5409 misericordia
1337 5367 1468 5421 erga
1503 5367 1704 5419 egenos
1734 5371 1747 5406 :
1785 5350 2095 5419 frangerent
2124 5366 2253 5419 pau-

674 5449 897 5519 peribus
938 5462 1129 5516 pauent
1187 5446 1485 5499 secundum
1533 5445 1905 5513 prtcscriptum
1954 5440 2251 5511 Evangelii,

602 5580 605 5583 -
672 5539 1090 5606 srtientibosqne
1116 5535 1365 5606 poculum
1390 5536 1619 5602 darent;
1652 5538 1917 5588 nodorum
1944 5534 2251 5605 nuditatem

674 5638 949 5704 tegerent,
1014 5629 1252 5684 vestibus
1296 5628 1581 5682 destitutos
1637 5628 1955 5689 induerent,
2009 5624 2109 5680 sub
2165 5625 2252 5679 dio

2369 2004 2583 2074 φύσεως
2631 2004 2931 2073 ἀνάκτησιν
2976 2003 3073 2056 καὶ⁸
3118 2001 3454 2071 ἀνάρρωσιν,
3513 1996 3651 2049 ἔστω
3688 1993 3773 2062 τὴν
3811 1992 3891 2043 λει·

2367 2097 2626 2168 τουργίαν
2658 2095 2830 2148 ἐτέλει
2862 2095 2964 2164 τῆς
3002 2093 3239 2162 φύσεως,
3272 2092 3348 2154 ὡς
3380 2090 3441 2143 τι
3471 2088 3649 2141 διττὸν
3680 2087 3780 2147 ἔτος
3811 2084 3889 2137 οὐδ’

2368 2189 2505 2252 ὅλως
2530 2187 2909 2252 ἀνακλιθῆναι,
2940 2186 2999 2238 ού
3024 2184 3256 2255 νύκτωρ,
3285 2183 3345 2235 οὐ
3374 2181 3495 2251 μεθ’
3527 2179 3746 2248 ἡμέραν.
3776 2175 3889 2229 Οὖτω

2369 2280 2659 2351 νεκροῦται
2716 2280 2785 2333 τὰ
2845 2279 3225 2348 ὑπογάστρια,
3279 2276 3374 2329 καὶ
3417 2274 3531 2327 τῶν
3587 2271 3779 2342 νεφρῶν
3818 2270 3889 2332 τὰς

2366 2372 2624 2441 δυνάμεις
2674 2369 2946 2433 ἐκλύεται,
3000 2368 3095 2421 καὶ
3142 2367 3253 2420 τῶν
3298 2365 3385 2419 ἐπ’
3425 2362 3673 2434 ὀμφαλοῦ
3708 2361 3887 2428 γαστρὸς

2368 2464 2465 2533 τὴν
2516 2461 2766 2532 πύρωσιν
2802 2459 3280 2532 παρασόέννυται,
3332 2458 3427 2510 καὶ
3468 2457 3657 2518 ἄτονος
3695 2453 3808 2523 πρὸς
3848 2453 3887 2503 τὸ

2369 2553 2547 2624 ἑαυτῴ
2578 2552 2937 2625 χρησιμεύειν
2977 2551 3205 2619 γίνεται.

2444 2800 2531 2857 ια’,
2560 2796 2723 2863 Αὖθίς
2753 2816 2811 2851 τε
2839 2798 2975 2869 πρὸς
3003 2797 3101 2869 τὴν
3131 2797 3365 2867 πατρίδα
3396 2795 3795 2864 παλινοστήσας,
3822 2794 3887 2844 καὶ

2368 2894 2467 2964 τῆς
2502 2890 2827 2959 Ἑκκλησίας
2862 2891 2919 2941 ὲν
2947 2888 3322 2959 πρεσϐυτέρου
3352 2888 3500 2950 τάξει
3525 2888 3804 2955 γινόμενος,
3824 2888 3888 2935 καὶ

2367 2984 2540 3055 ταύτῃ
2564 2982 2639 3045 ὡς
2670 2980 2970 3050 εὐγνώμων
3002 2984 3130 3044 παῖς
3162 2984 3230 3051 τῇ
3255 2979 3457 3049 τιθηνῷ
3486 2980 3656 3049 μητρὶ
3682 2977 3887 3035 ἀποτίσας

2369 3077 2435 3131 τὰ
2470 3076 2735 3147 θρέπτρα,
2770 3073 2891 3145 θείᾳ
2934 3072 3160 3144 προνοίᾳ
3197 3072 3332 3143 πρὸς
3365 3072 3465 3141 τὴν
3503 3070 3780 3139 ἁλουργίδα
3812 3068 3885 3119 τιῖλν

2371 3170 2576 3222 πόλεων
2603 3168 3019 3239 μετατάττεται,
3045 3167 3140 3218 καὶ
3160 3164 3256 3235 τὴν
3285 3164 3564 3234 θυγατέρα
3586 3163 3675 3216 τοῦ
3706 3162 3886 3233 μεγάλου

2367 3260 2668 3332 ἀρχιερέως
2696 3259 3053 3330 νυμφεύεται.
3089 3258 3162 3311 Οὐ
3196 3258 3303 3327 γάρ
3333 3256 3439 3309 ύπὸ
3466 3257 3646 3327 μόδιον
3672 3254 3886 3328 κρύπτεσ-

2368 3354 2457 3407 θαι
2495 3354 2641 3407 ὅσιον
2694 3353 2957 3422 φωττῆρα
2990 3351 3225 3416 τοιόνδε,
3259 3352 3345 3419 ἐφ’
3392 3343 3435 3417 ᾧ
3476 3350 3541 3403 τὸ
3586 3351 3788 3418 ἄχρονον
3824 3346 3886 3397 ui

2365 3448 2535 3501 ἀΐδιον
2563 3448 2678 3516 φῶς
2719 3446 3104 3498 ἀναπέπαυται
3128 3483 3141 3506 ,
3191 3444 3307 3497 ἀλλ’
3338 3445 3432 3498 ἐπὶ
3481 3444 3699 3513 λυχνίαν
3730 3440 3886 3509 ὑψηλὴν

2367 3540 2460 3591 καὶ
2506 3538 2799 3608 περίοπτον
2838 3536 3212 3597 ἀνατίθεσθαι,
3258 3537 3322 3589 ίν⁹
3351 3536 3427 3598 ὡς
3466 3535 3526 3602 ἐξ
3564 3534 3787 3587 ἀπόπτου
3822 3530 3887 3581 καὶ

2369 3631 2703 3699 μεσαιτάτης
2726 3631 3016 3701 περιωπῆς
3040 3630 3273 3699 σάλπιγξ
3299 3623 3384 3685 οἷα
3408 3626 3742 3698 χρυσήλατος
3757 3625 3887 3675 πάντα

2367 3725 2678 3795 περιηχήσῃ
2717 3724 2784 3775 τὰ
2815 3725 3051 3794 πέρατα.
3090 3722 3187 3785 Τίς
3213 3723 3385 3784 οὕτως
3436 3721 3753 3787 Ἐκκλησίαν
3782 3714 3885 3767 {frui

2364 3831 2423 3866 τε
2457 3817 2551 3867 καὶ
2584 3814 2764 3879 ἔταξε,
2800 3815 2894 3867 καὶ
2918 3814 3198 3884 χθαμαλὸν
3230 3810 3544 3877 ἐπεδείξατο
3578 3810 3819 3881 φρόνημα,
3847 3807 3885 3855 ἐν

2366 3906 2555 3977 ὑψηλῴ
2588 3906 2679 3959 τοῦ
2722 3906 3030 3977 ἀξιώματος
3066 3906 3489 3975 προτερήματι;
3529 3904 3613 3964 τίς
3646 3900 3796 3961 οὕτως
3823 3899 3885 3966 ὁρ-

2364 3999 2468 4067 γὴν
2524 3998 2617 4050 καὶ
2674 3998 2843 4067 θυμὸν
2896 3997 3218 4068 ἡνιόχησεν,
3271 3994 3345 4057 ὡς
3398 3994 3623 4063 ἔννομον
3664 3992 3885 4061 πραότητι

2365 4088 2691 4158 κτήσασθαι,
2739 4086 3157 4155 ἀποστνδγοῦσαν
3196 4086 3293 4156 μὲν
3323 4086 3429 4138 πᾶν
3467 4084 3495 4137 ὃ
3523 4101 3575 4136 τι
3612 4084 3706 4150 τῆς
3734 4081 3884 4148 ἀρετῆς

2363 4174 2660 4235 ἀντίθετον,
2688 4174 2782 4227 καὶ
2802 4174 3181 4227 διεκδικούσαν
3205 4174 3260 4225 δὲ
3286 4172 3345 4237 ἐξ
3364 4174 3567 4226 ἀδίκων
3591 4173 3675 4224 τὸν
3694 4171 3881 4227 δίκαιονς

2362 4265 2444 4327 τίς
2486 4265 2705 4334 ἀγάπην
2735 4264 3018 4329 τοσοῦτος,
3074 4267 3133 4330 ἐξ
3164 4262 3230 4338 ἦς
3268 4265 3415 4327 ἕλεος
3460 4264 3682 4333 quant;
3727 4255 3778 4312 οὗ
3814 4258 3883 4323 τῆς

2364 4357 2566 4426 ἀρετῆς
2635 4357 2794 4426 μέχρι
2859 4357 2955 4409 νῦν
3019 4357 3255 4427 ἔμψυχοι
3314 4359 3507 4425 στῆλαι
3572 4356 3638 4409 τὰ
3691 4348 3883 4420 σύμϐολα

2363 4448 2609 4516 φέρουσι,
2653 4448 2824 4514 Λόγος
2854 4448 2964 4517 γὰρ
3003 4450 3110 4511 πᾶς
3150 4446 3300 4517 αὐτῷ
3343 4447 3491 4498 ἐλέου
3526 4447 3753 4515 ὑπῆρχεν
3787 4440 3883 4492 ὑπὸ»

2363 4536 2510 4598 θεσις
2536 4579 2551 4599 ,
2570 4534 2643 4598 ὡς
2672 4538 2750 4598 είς
2779 4536 2891 4602 ἕξιν
2920 4537 3242 4607 ἐληλακέναι
3267 4535 3609 4607 συμπαθείας
3642 4536 3726 4586 καὶ
3756 4546 3881 4601 μετα-

2360 4626 2558 4688 δόσεως
2595 4627 2719 4688 τοὺς
2748 4627 2857 4679 τῶν
2900 4629 3112 4681 ἐκείνου
3146 4630 3437 4690 ὲπαίοντας
3468 4627 3655 4695 λόγων.
3706 4625 3881 4676 Ἐπεισι

2364 4717 2471 4786 γὰρ
2510 4716 2626 4787 Θεῴ
2668 4717 2735 4770 τὰ
2783 4719 2959 4771 οίκεῐα
3006 4721 3223 4790 κιχρᾷν,
3278 4718 3494 4789 φθαρτὰ
3554 4718 3774 4777 διδόντας
3815 4713 3883 4763 καὶ

2363 4809 2557 4877 ῥέοντα
2592 4809 2939 4879 ἁντιμετρείν
2982 4809 3048 4862 τὰ
3088 4810 3320 4871 ἑστῶτα,
3378 4811 3472 4863 καὶ
3531 4808 3778 4877 ἄφθαρτα,
3814 4803 3881 4853 “"-

2364 4898 2715 4970 θησαυρίζειν
2747 4904 2803 4953 ὲν
2825 4903 3080 4972 οὐρανοῖς
3106 4905 3206 4973 τῆς
3243 4901 3586 4971 συμπαθείας
3611 4900 3695 4953 τὸν
3714 4898 3878 4967 ἔρανον»

2361 4988 2422 5041 ού
2463 4987 2875 5058 δαπανώμενον.
2924 4991 3059 5044 Οὐδὲ
3093 4992 3301 5061 κλέπτῃ
3344 4991 3664 5061 συλώμενον,
3697 4989 3878 5052 €15qu-

2362 5080 2549 5145 σύναις
2580 5082 2681 5144 τὰς
2729 5083 3003 5155 ἁμαρτίας
3047 5083 3353 5156 καθαίρειν,
3394 5085 3485 5136 καὶ
3515 5083 3609 5145 τὰς
3639 5077 3819 5135 ἀδικίας
3836 5074 3878 5123 ἓν

2359 5173 2668 5243 οἱκτιρμοῖς
2696 5176 2945 5241 πενήτων
2969 5193 2981 5204 ·
3011 5174 3240 5227 πεινῶσι
3272 5174 3627 5244 διαθρύπτειν
3655 5170 3736 5222 τὸν
3754 5166 3877 5235 ἄρτον

2358 5266 2755 5334 εὐαγγελικῶς,
2792 5269 2884 5320 καὶ
2925 5266 3119 5336 διψῶσι
3149 5268 3351 5320 διδόναι
3383 5268 3666 5336 ποτήριον’
3702 5253 3877 5327 γυμνῶν

2359 5358 2734 5426 περιστέλλειν
2779 5359 2879 5427 τὴν
2904 5357 3204 5426 γύμνωσιν,
3247 5358 3343 5411 καὶ
3382 5355 3671 5425 ἀμφιάζειν
3705 5347 3876 5413 ἁνείρη-

2356 5466 2474 5513 νας,
2521 5450 2616 5502 καὶ
2674 5450 2939 5518 ἀστέγους
2983 5449 3303 5517 ὑπαιθρίους
3361 5449 3617 5501 σκέπειν·
3657 5434 3876 5495 ποιεῖσθαι

2359 5540 2659 5594 νοσούντων
2704 5541 3018 5611 ἐπίσκεψιν,
3073 5543 3166 5595 καί
3217 5541 3353 5611 πρὸς
3396 5538 3633 5611 φρουράν
3663 5534 3744 5586 τὸν
3778 5525 3874 5578 πίλα

2358 5632 2667 5703 προίεσθαι,
2692 5634 3035 5705 καρποῦσθαι
3066 5635 3145 5705 τῷ
3176 5634 3310 5704 ἐλέῳ
3336 5634 3429 5687 τὸν
3462 5632 3625 5683 ἔλεον.

672 5739 893 5798 agentes
914 5724 1245 5795 colligerent,
1270 5724 1550 5779 visitarent
1578 5723 1843 5788 infirmos,
1875 5722 1940 5777 ad
1962 5721 2236 5778 custodias
2289 5727 2600 5784 conferrent
2647 5730 2872 5798 pedem,
2925 5739 2979 5784 et
3056 5729 3481 5783 misericordiam
3564 5707 3873 5775 misericordia

672 5828 1029 5881 lucrarentur.
