4046 6416
924 356 1014 373 ,δ”

207 413 303 474 ἷ73
1130 413 1511 475 LAUDATIO
1553 417 1612 476 S.
1654 415 1861 476 JOAN.
1904 414 2449 476 CHRYSOSTOMI.

258 532 343 578 ια’.
386 524 561 593 Μῆνιν
613 524 666 578 δὲ
712 525 794 587 τίς
830 526 1121 594 ἀπώσατο,
1175 529 1268 581 καὶ
1316 528 1653 582 ἀπωθεῖσθαι
1693 530 1752 582 τὸ
1782 536 1827 590 Α

193 618 436 686 ποίμνιον
469 617 717 681 πέπεικε,
744 617 841 687 τὴν
870 618 938 670 τὰ
966 617 1085 671 θεῖα
1117 619 1402 689 σπλάγχνα
1418 620 1526 672 τῶν
1548 623 1756 691 οίκτιρ-

195 711 303 782 μῶν
338 712 453 772 τοῖς
486 710 666 779 ἔχουσι
696 710 1019 777 κλείουσαν;
1061 711 1149 773 Ὠς
1178 712 1285 783 γὰρ
1314 713 1578 783 ἐποίησας
1621 713 1755 783 (75),

192 805 323 856 ἔστω
355 820 459 862 σοι,
490 802 653 872 φησίν
683 819 696 832 ⁸
720 795 763 870 ᾧ
795 802 979 874 μέτρῳ
1003 807 1243 875 μετρεῖς,
1282 806 1759 877 ἀντιμετρηθησο-

197 894 351 963 μένῳ.
424 892 637 961 Ἀφέντι
678 894 790 963 γὰρ
821 894 1178 964 ἀφεθήσεται.
1218 896 1326 949 Kal.
1356 896 1591 966 ἔμπαλιν
1632 897 1760 951 ἀκο-

193 983 367 1037 λουθία
392 982 713 1054 πεφώνηκεν
733 1002 745 1015 ο
775 986 875 1037 οὑκ
905 986 1236 1057 ἀφεθήσεται
1270 989 1380 1060 γὰρ
1399 990 1498 1041 οὐκ
1521 990 1755 1058 ἀφιέντι.

192 1075 278 1137 Τίς
314 1072 530 1141 φθόνον,
566 1074 660 1126 καὶ
691 1073 990 1143 βασκανίαν
1021 1075 1335 1145 κατέκρινε,
1368 1077 1462 1129 καὶ
1490 1076 1756 1147 κατάκρι-

195 1182 271 1216 σιν
309 1163 554 1229 διδάξα;;
606 1165 667 1217 τὸ
719 1165 1038 1233 φθονεῖσθαι
1082 1168 1338 1238 ἀριστον;
1400 1170 1605 1238 ἀγαθὸν
1650 1170 1759 1243 γὰρ

197 1256 332 1309 ἅπαν
365 1256 681 1323 ἐπίφθονον.
713 1258 1186 1328 Αὑτοκατάκριτον
1214 1259 1269 1312 δὲ
1306 1259 1443 1330 πρὸς
1479 1260 1556 1329 τῷ
1588 1261 1759 1330 αἰσχί-

195 1367 293 1418 στῳ
322 1347 381 1400 τὸ
418 1346 688 1417 βάσκανον
717 1349 777 1403 τὸ
810 1348 1030 1402 πάντων
1062 1351 1171 1403 τῶν
1201 1350 1391 1405 παθῶν
1426 1350 1759 1405 ἀδικώτατον

194 1442 277 1493 καί
298 1441 636 1494 είκαιότατον
658 1442 720 1494 τὸ
752 1443 848 1494 τοῦ
870 1441 1051 1505 ἐλέους
1081 1441 1395 1495 ἁντίπιιιλον⁹
1427 1444 1584 1513 εἴπερ
1614 1442 1758 1505 ἔλεος

196 1533 286 1603 μὲν
315 1532 619 1604 ἀλλοτρίοις
664 1536 853 1597 κακοῖς
904 1533 1325 1602 ὲπαλγύνεσθαι,
1360 1534 1584 1602 ἀγαθοῖς
1616 1534 1672 1587 δὲ
1699 1534 1760 1588 τὸ

196 1627 454 1696 βάσκανον
473 1668 489 1692 ,
530 1626 629 1694 οὐχ
664 1626 860 1679 ἑαυτοῦ
888 1626 1074 1690 ἕνεκα,
1106 1626 1198 1679 τοῦ
1228 1626 1283 1679 δὲ
1312 1626 1641 1696 πάσχοντοςν
1668 1626 1761 1680 καὶ

195 1717 408 1788 αὔξησιν
432 1717 706 1771 ποιεῖσθαι
737 1718 836 1786 τῆς
864 1716 1150 1786 τηκεδόνος
1182 1721 1279 1787 τῆς
1312 1717 1507 1771 ἑαυτοῦ
1530 1718 1643 1771 τῶν
1663 1717 1760 1772 ἁλ-

194 1809 411 1880 λοτρίων
446 1808 629 1861 καλῶν
662 1808 760 1878 τὴν
790 1807 1113 1877 ἐπαύξησιν,
1143 1808 1234 1859 τὸν
1260 1808 1600 1877 κεκτημένον
1621 1808 1763 1877 ἀμυ-

198 1878 405 1969 νόμενον
444 1900 732 1971 πρότερον.
786 1900 896 1952 Καὶ
940 1900 1235 1962 παιδεύσας
1290 1900 1364 1970 μὴ
1418 1902 1623 1969 κρίνειν
1670 1900 1762 1953 τὸν
1796 1878 1836 1933 Β

199 1992 484 2054 σύνδουλόν,
531 1991 606 2053 ὼς
646 1991 713 2043 ἂν
752 1990 826 2061 μὴ
862 1990 1184 2061 κριθείημεν
1239 1991 1467 2052 δικαίοις
1502 1990 1763 2060 σταθμοῖς

199 2083 280 2140 τοῦ
324 2084 484 2156 μόνου
536 2084 723 2155 κριτοῦ
782 2085 880 2154 τὴν
915 2085 1071 2155 δίκην
1114 2086 1249 2155 ἡμῖν
1307 2084 1760 2147 ταλαντεύοντος⁹

204 2178 321 2249 μηδὲ
364 2178 635 2247 ἁρπάζειν
684 2177 745 2230 τὸ
799 2173 892 2230 τοῦ
926 2177 1188 2229 δεσπότου
1238 2176 1475 2246 ἀξίωμα.
1521 2172 1615 2241 Εἷς
1652 2177 1762 2250 γάρ

202 2270 393 2343 κριτὴς,
422 2270 482 2333 ὃς
509 2271 571 2323 οὐ
598 2268 883 2341 κρίνεσθαι
912 2268 1180 2338 πέφυκεν,
1202 2269 1279 2330 ὡς
1306 2269 1466 2339 μόνος
1488 2270 1763 2340 ἁμαρτίας

201 2360 485 2431 ἐλεύθερός,
508 2361 800 2425 δεσπόζων,
819 2361 878 2413 ού
908 2361 1319 2429 δεσποζόμενος.
1350 2362 1582 2429 Ἅφετε,
1606 2363 1765 2429 εὐαγ-

202 2451 415 2519 γελικῶς
439 2450 593 2516 ἐϐόα,
618 2451 715 2503 καί
747 2450 1149 2519 ἀφεθήσεσθε.
1174 2449 1269 2513 Τίς
1300 2451 1477 2520 λύπην
1507 2450 1763 2504 ἀπώσατο

203 2543 287 2615 τὴν
318 2543 448 2614 πρὸς
491 2543 721 2597 θάνατον
754 2543 995 2612 ἄγουσαν
1048 2543 1143 2596 καὶ
1202 2542 1379 2613 λύπην
1426 2544 1633 2609 ἐδίδαξε
1664 2543 1764 2613 τὴν

205 2636 450 2707 θυμηδίας
484 2636 782 2707 πρόξενον;
823 2629 977 2705 (iw-ﬂ
1034 2636 1133 2705 μὲν
1173 2634 1249 2698 ὡς
1305 2635 1502 2697 πένθος
1549 2635 1648 2700 τῆς
1700 2637 1763 2689 ὲκ

205 2726 321 2781 Θεοῦ
349 2728 647 2797 ἁμαρτίας,
682 2726 964 2795 σωτήριος·
996 2725 1155 2795 εἴπερ
1186 2726 1525 2795 ἁμαρτάνειν
1550 2725 1608 2777 τὸ
1630 2727 1764 2777 ἀπο-

202 2817 471 2885 τυγχάνειν
505 2817 555 2868 οἱ
592 2814 764 2868 ταῦτα
796 2816 959 2869 δεινοὶ
986 2814 1356 2884 διειλήφασιν’
1390 2817 1423 2885 ἡ
1457 2814 1512 2867 δὲ
1542 2817 1609 2885 τῇ
1644 2830 1765 2867 στε-

209 2911 345 2981 ρήσει
364 2910 467 2963 τῶν
494 2908 698 2978 ἡδονῶν
723 2907 1215 2977 ἐπισυμϐαίνουσα,
1239 2908 1578 2978 θυμόφθορος
1596 2907 1765 2969 ὅντως

208 3003 286 3055 καὶ
314 3002 477 3072 ἄρδην
508 3000 621 3070 (74)
668 2999 972 3069 εὐδόκιμος.
1012 3002 1086 3053 Ού
1136 2999 1244 3070 γάρ
1289 3002 1460 3066 ἐστιν,
1496 3000 1596 3051 οὐκ
1648 2998 1765 3050 ἐστι

208 3091 365 3161 λύπην
396 3094 700 3162 συμῧῆναι,
743 3092 775 3162 ἢ
816 3093 909 3143 ἐπὶ
941 3093 1196 3163 στερήσει
1228 3093 1485 3158 ἐφέσεως.
1526 3091 1629 3143 Οἴα
1654 3091 1763 3143 τοί-

210 3201 290 3237 νυν
338 3188 369 3257 ή
414 3186 625 3255 ἔφεσις,
674 3184 852 3238 τοιάδε
907 3187 1001 3237 κα).
1053 3185 1151 3252 τῆς
1196 3183 1454 3253 ἀστοχίας
1503 3185 1536 3251 ἡ
1581 3181 1832 3283 λύπη·(ἶ

209 3277 394 3346 ἀγαθῆς
421 3278 520 3347 μὲν
542 3278 759 3347 ἀρίστη,
783 3276 960 3340 ἄλλως
980 3276 1035 3329 δὲ
1056 3275 1309 3346 ἐχούσης,
1334 3274 1512 3338 ἄλλως
1538 3273 1758 3344 ἔχουσα.

223 3368 419 3438 ’Δρίστη
455 3368 513 3420 δὲ
547 3367 654 3420 τῶν
685 3367 927 3437 ἐφέσεων
962 3368 1058 3438 μία
1093 3368 1229 3437 πρὸς
1256 3367 1316 3419 τὸ
1350 3366 1509 3435 μόνον
1538 3366 1763 3433 ἄριστον

214 3460 436 3514 νεύουσα.
465 3460 589 3512 Τῶν
620 3461 875 3513 ἐναντίων
909 3460 965 3512 δὲ
1006 3462 1099 3512 καὶ
1129 3461 1184 3512 αἱ
1215 3459 1431 3529 ἐφέσεις
1470 3457 1760 3511 ἀντίθετοι.

224 3550 453 3623 Ἀκηδίας
482 3554 541 3607 δὲ
564 3554 623 3605 τὸ
654 3552 842 3605 ἄτονον
876 3553 974 3605 οὐκ
1004 3553 1233 3605 ὲτὸνωσε
1269 3552 1458 3621 μνήμῃ
1491 3549 1759 3614 θανάτου;

212 3644 402 3709 διδάξας
423 3646 597 3716 αὐτῆς
622 3644 720 3715 τῆς
746 3645 924 3715 ψυχῆς
948 3644 1383 3715 νευροτομοῦσαν
1411 3643 1509 3713 τὴν
1535 3641 1766 3712 δύναμιν

214 3736 563 3800 ἀποσείεσθαι,
602 3741 695 3791 καὶ
728 3738 930 3807 ταύτην
963 3737 1365 3798 ἀντεισοικίσας
1406 3736 1548 3788 θεῖον
1577 3734 1763 3805 φόϐον,

215 3829 293 3880 καὶ
324 3830 465 3901 πόθῳ
497 3831 589 3884 τὸν
620 3832 747 3883 λαὸν
776 3829 1121 3901 παροτρύνεις
1154 3829 1288 3899 πρὸς
1319 3827 1505 3899 εὐχὰς,
1539 3827 1633 3880 καὶ
1665 3830 1763 3897 ῥᾳ-

215 3918 392 3990 θυμίαν
424 3922 595 3993 ἄρδην
641 3922 749 3975 τῶν
785 3922 973 3992 ψυχῶν
1005 3919 1435 3979 ἐκτινόιττεσθαι,
1477 3918 1571 3970 καὶ
1603 3920 1767 3971 παντὶ

217 4011 370 4065 σθένει
394 4014 489 4077 τὰς
526 4014 735 4067 ἑαυτῶν
766 4014 992 4085 καρδίας
1022 4016 1230 4083 τηρεῖν,
1270 4010 1343 4073 ὠς
1380 4010 1443 4063 ἂν
1479 4009 1553 4081 μὴ
1577 4010 1651 4072 ὡς
1680 4010 1769 4063 διὰ

216 4101 423 4172 θυρίδων
472 4106 639 4161 τινῶν
684 4107 792 4160 τῶν
840 4105 1143 4161 αἰσθήσεων
1193 4103 1366 4157 ἀναδῆ
1417 4103 1645 4165 θάνατος
1680 4104 1767 4153 ἐπ’

217 4194 383 4260 αὑτάς.

3329 404 3430 466 ’ῑῖί

1930 530 2015 584 ll.
2053 529 2185 596 Quis
2245 540 2425 585 autem
2472 542 2801 583 iracundiam
2834 528 2913 583 sic
2946 529 3141 599 allegit,
3170 528 3428 601 gregique

1862 623 2078 693 abigere
2132 622 2421 691 persuasit,
2459 637 2563 691 qua
2594 620 2774 676 divina
2812 622 3193 677 misericordiae
3226 623 3434 679 viscera

1862 715 1925 768 iis
1956 715 2047 783 qui
2082 729 2143 768 ea
2175 722 2300 769 sunt
2340 714 2527 784 perciti
2550 755 2564 776 ,
2612 712 2979 767 clauduntur?
3015 711 3147 766 Nam
3177 718 3435 781 quemad-

1860 807 2076 860 modum
2126 804 2325 861 feceris
2384 805 2504 860 aliis
2535 845 2549 868 ,
2606 804 2815 859 accidet
2868 804 3000 868 tibi,
3049 805 3221 874 inquit
3244 807 3336 871 ¹¹;
3379 816 3435 861 et

1859 913 1963 968 qua
2001 912 2250 952 mensura
2306 910 2524 952 mensus
2556 896 2759 961 fueris,
2812 894 3164 949 remetientur
3216 896 3331 950 tibi.
3376 896 3436 951 Ei

1858 989 2058 1057 quippe
2080 989 2171 1057 qui
2205 987 2495 1052 dimiserit,
2527 989 2849 1042 dimittetur.
2892 986 2957 1041 Et
2989 1001 3056 1040 ex
3088 988 3437 1056 consequenti

1863 1080 2055 1133 iterum
2114 1078 2414 1133 clamavit:
2452 1094 2554 1133 non
2605 1078 2982 1132 dimittemlum
3045 1093 3167 1133 esse
3220 1079 3295 1132 illi
3347 1080 3438 1148 qni

1862 1186 1967 1225 non
1994 1171 2235 1225 dimittit.
2273 1171 2474 1239 Ecquis
2505 1171 2851 1224 invidentiam
2881 1170 3169 1239 odiumque
3203 1171 3280 1225 sic
3311 1186 3441 1225 con-

1863 1266 2103 1331 demnet,
2135 1272 2193 1317 ιιι
2238 1263 2328 1332 qui
2368 1263 2729 1317 condemnare
2755 1263 2982 1318 alterum
3025 1263 3252 1316 docuit?
3296 1261 3441 1317 Invi-

1860 1353 2055 1408 «lentia:
2082 1353 2349 1423 objectum
2389 1368 2510 1408 esse
2546 1369 2631 1408 res
2674 1354 2878 1423 optima
2924 1364 3037 1420 est,
3079 1355 3202 1421 quia
3240 1356 3437 1408 bonum

1862 1461 2023 1500 omne
2054 1446 2360 1501 invidentize
2399 1446 2687 1500 obnoxium
2721 1456 2824 1501 est.
2860 1446 2954 1501 Ast
2977 1446 3271 1501 invidentia
3300 1461 3440 1515 prte-

1864 1549 1945 1591 ter
1983 1537 2216 1593 dedecus
2266 1537 2444 1607 seipsa
2477 1537 2796 1592 damnaliilis
2823 1546 2926 1600 est,
2958 1538 3198 1591 omnium
3229 1548 3443 1607 pcrtnr-

1865 1628 2136 1683 Iiationum
2162 1628 2523 1698 iniquissima,
2549 1628 2934 1682 misericordia!
2953 1627 3124 1683 hostis
3146 1646 3161 1682 :
3183 1629 3226 1682 si
3248 1643 3441 1698 nempe

1863 1721 2230 1775 misericordia
2268 1721 2319 1773 in
2354 1722 2452 1774 hoc
2492 1720 2595 1773 sita
2626 1728 2727 1784 est,
2762 1729 2819 1773 ut
2847 1720 3146 1773 alienorum
3174 1720 3438 1773 malorum

1865 1811 2096 1880 aliquem
2129 1812 2327 1877 doleat,
2372 1811 2667 1865 invidentia
2698 1825 2825 1864 vero
2856 1811 3116 1864 bonorum
3142 1848 3158 1875 ,
3194 1825 3297 1863 non
3330 1810 3441 1865 sui-
3480 1846 3501 1863 ι

1866 1905 2032 1971 ipsius
2062 1919 2223 1958 causa
2248 1944 2262 1967 ,
2292 1904 2383 1957 sed
2412 1902 2527 1970 ejus
2571 1905 2660 1973 qui
2694 1905 2759 1956 iis
2804 1902 3073 1959 allicitur:
3119 1914 3279 1973 atque
3339 1903 3440 1958 hoc

1866 1994 2086 2062 insuper
2128 2001 2393 2062 praestat,
2463 2002 2520 2046 ut
2569 1993 2792 2049 alterius
2822 1995 3083 2048 bonorum
3132 1994 3441 2048 accrelione

1866 2085 2030 2138 invidi
2092 2084 2237 2139 labes
2289 2094 2343 2138 et
2390 2083 2615 2154 languor
2668 2095 2943 2155 angescat.
2986 2084 3139 2138 Adeo
3191 2094 3249 2137 ut
3295 2084 3443 2154 prior

1867 2176 1954 2229 ille
2005 2175 2349 2239 vindicetur,
2400 2175 2490 2244 qui
2540 2184 2729 2231 auctus
2775 2177 2929 2232 bonis
2982 2177 3162 2232 fuerit.
3204 2176 3283 2228 Ad
3330 2176 3445 2230 haec

1865 2282 2183 2321 conservum
2216 2284 2321 2321 non
2357 2267 2603 2337 judicare
2634 2269 2861 2335 monuit,
2896 2284 2962 2324 ne
2983 2269 3145 2338 justis
3172 2266 3445 2335 solinsju-

1866 2359 2002 2413 dicis
2046 2358 2187 2412 illius
2238 2360 2460 2413 calculis
2511 2360 2855 2430 judicemur,
2896 2375 2925 2413 a
2968 2375 3074 2429 quo
3112 2359 3442 2428 jndiciorum

1867 2450 2163 2503 redduntur
2226 2452 2412 2515 vices,
2479 2466 2577 2505 nec
2627 2451 2838 2506 Domini
2911 2451 3033 2519 jura
3097 2466 3441 2521 usurpemus.

1865 2540 2145 2606 Dimittite,
2175 2542 2487 2612 evangelico
2527 2557 2679 2598 more
2709 2542 2979 2597 clamabat
3004 2583 3019 2608 ,
3072 2552 3121 2597 et
3149 2543 3445 2598 dimittetur

1864 2634 2005 2687 vobis
2041 2634 2102 2686 ".
2146 2632 2434 2689 Mterorem
2492 2635 2581 2704 qni
2628 2636 2692 2689 ad
2742 2646 3019 2705 peccatum
3058 2635 3247 2700 ducit,
3294 2634 3445 2689 dolo-

1868 2740 2088 2793 remque
2140 2724 2351 2791 docuit,
2403 2742 2509 2795 quo
2560 2728 2744 2781 laetitia
2793 2727 3023 2798 paritur.
3075 2726 3315 2793 Quorum
3357 2726 3446 2780 hic

1866 2817 2081 2884 quidem
2115 2817 2365 2871 salutaris
2394 2818 2572 2872 luctus
2598 2830 2682 2873 est
2720 2819 2788 2873 ob
2816 2828 3093 2886 peccatum
3138 2832 3244 2886 quo
3284 2818 3445 2871 aber-

1870 2917 2041 2961 ratum
2083 2908 2181 2963 fuit
2207 2925 2235 2962 a
2264 2910 2392 2973 Deo,
2426 2911 2548 2980 quia
2584 2923 2809 2979 peccare
2832 2910 3085 2963 excidere
3119 2918 3223 2973 est,
3258 2923 3448 2979 quem.

1871 3002 2161 3055 admodum
2211 3004 2398 3055 harum
2440 3018 2617 3056 rerum
2666 3002 2826 3073 periti
2863 3002 3101 3071 produnt
3137 3018 3152 3055 :
3195 3000 3282 3054 ille
3320 3014 3448 3054 vero

1868 3113 1973 3151 una
2000 3113 2121 3152 cum
2150 3096 2574 3151 oblectationum
2606 3097 2931 3166 privatione,
2950 3093 3163 3149 conficit
3184 3093 3446 3154 animum,

1868 3200 2057 3258 estque
2130 3203 2350 3257 prorsus
2404 3187 2746 3242 illandalrilis.
2813 3185 2969 3240 Nullo
3024 3185 3221 3254 quippe
3289 3189 3449 3253 pacto

1864 3281 1979 3336 ﬂeri
2013 3283 2180 3352 possit
2220 3282 2465 3336 accidere
2494 3294 2779 3334 mmrorem
2801 3320 2816 3344 ,
2856 3278 2957 3332 nisi
2992 3275 3251 3329 frustrato
3300 3274 3447 3328 desi-

1862 3371 2035 3426 derio.
2067 3370 2375 3438 Cujusmodi
2408 3369 2589 3438 itaque
2637 3367 2963 3421 desiderium
3014 3373 3094 3416 est
3123 3404 3137 3427 ,
3184 3362 3447 3430 ejusmodi

1863 3477 2078 3529 quoque
2109 3474 2311 3514 mteror
2344 3474 2448 3513 non
2488 3459 2721 3511 obtenta:
2748 3455 2823 3509 rei
2854 3453 3171 3507 desiderata:
3200 3468 3214 3504 :
3248 3465 3365 3518 qua:
3400 3457 3450 3512 si

1864 3555 2003 3609 bona
2033 3562 2154 3616 est,
2212 3552 2255 3607 is
2294 3560 2377 3605 est
2424 3548 2662 3619 optimus
2701 3565 2713 3598 :
2753 3546 2834 3599 sin
2883 3544 3040 3597 aliter
3090 3543 3319 3605 habeat,
3379 3541 3448 3593 ad

1869 3661 2038 3717 genus
2091 3644 2319 3698 alterum
2364 3650 2592 3711 spectat.
2650 3638 3051 3693 Desideriornm
3096 3650 3259 3688 unum
3304 3634 3448 3702 opti-

1876 3754 2021 3793 mum
2068 3749 2171 3799 est,
2226 3736 2368 3806 quod
2406 3736 2470 3788 ad
2521 3733 2645 3787 illud
2678 3731 2853 3801 vergit
2904 3728 3046 3798 quod
3090 3728 3263 3781 solum
3311 3726 3452 3796 Opti-

1875 3842 2020 3879 mum
2056 3827 2147 3880 sit.
2197 3824 2603 3879 Contrariorum
2663 3835 2827 3891 porro
2890 3818 3154 3874 desideria
3206 3818 3449 3886 opposita

1874 3933 2090 3987 quoque
2125 3926 2270 3971 sunt.
2292 3916 2542 3986 Nunquid
2572 3929 2677 3967 non
2708 3915 2899 3967 mortis
2924 3912 3297 3967 recordatione
3323 3924 3452 3964 ace-

1875 4013 1976 4064 dize
2033 4026 2125 4065 seu
2180 4011 2412 4079 torporis
2459 4008 2882 4061 imbecillitatem
2933 4002 3240 4059 recreavit?
3287 4016 3451 4070 quam

1875 4102 2069 4171 pellere
2098 4102 2311 4163 docuit,
2344 4114 2441 4153 ceu
2494 4096 2702 4151 virtutis
2733 4097 2925 4148 anima:
2962 4107 3161 4147 nervos
3195 4090 3448 4145 exciden—

1877 4203 2007 4258 tem,
2043 4194 2091 4247 ei
2129 4191 2498 4247 substituendo
2526 4190 2614 4243 Dei
2651 4190 2922 4250 timorem,
2954 4183 3317 4254 populumque
3358 4195 3451 4233 ar-

217 4285 404 4344 dentius
428 4291 737 4355 excitando,
774 4299 883 4345 tum
905 4299 961 4343 ut
986 4288 1493 4343 rationibusdarent
1520 4302 1761 4357 operam,
1809 4300 1920 4342 tum
1985 4301 2044 4343 ut
2094 4303 2325 4342 excusso
2348 4302 2414 4342 ex
2476 4284 2674 4339 animis
2706 4291 2944 4351 torpore,
2971 4278 3223 4333 omnibus
3247 4276 3453 4331 viribus

218 4380 357 4434 corda
384 4384 771 4447 custodiamus,
799 4398 864 4435 ne
886 4396 980 4451 per
997 4396 1188 4435 sensus
1218 4380 1358 4434 velut
1387 4395 1480 4448 per
1499 4380 1767 4436 fenestras
1805 4382 1858 4435 in
1892 4398 1955 4436 ea
1988 4394 2263 4452 peccatum
2300 4380 2576 4436 ascendat.

1107 4490 1215 4517 =3)...
1230 4490 1279 4517 Ε..

219 4580 483 4651 παιδευτὴς
508 4581 715 4634 τούτων
748 4581 1059 4651 γενόμενος,
1098 4583 1192 4634 καὶ
1232 4581 1558 4651 προφητικῷ
1601 4582 1767 4635 πνεύ-

223 4684 335 4735 ματι
378 4671 443 4724 τὰ
489 4672 847 4743 κεκρυμμένα
889 4672 1028 4741 βάθη
1066 4672 1420 4744 διερευνήσας
1464 4674 1556 4725 τοῦ
1600 4673 1769 4725 Πνεύ-

224 4775 391 4825 ματος,
425 4762 520 4815 καὶ
540 4762 837 4833 διαρρήξας
871 4762 962 4816 τοῦ
988 4765 1312 4833 γράμματος
1337 4764 1397 4815 τὸ
1447 4764 1692 4834 προκάλυ
1705 4782 1772 4834 μ.-

227 4866 308 4916 μα,
356 4855 444 4906 καὶ
478 4852 541 4905 τὸ
568 4854 763 4917 κάλλος
798 4854 1163 4924 δημοσιεύσας
1197 4855 1258 4907 τὸ
1282 4854 1605 4908 ὲναπόθετον
1630 4872 1644 4887 ο
1678 4856 1773 4908 κα).

222 4939 375 4995 ταῦτα
411 4944 586 4998 πάντα
624 4944 835 5015 ἀτύφῳ,
870 4946 963 4999 καὶ
995 4946 1296 5016 ἀκενοδόξῳ
1327 4946 1403 5015 τῷ
1439 4949 1768 5017 φρονήματι.

228 5030 363 5101 ᾜδει
395 5035 526 5105 γὰρ,
578 5035 696 5105 ᾐδει
743 5043 1076 5091 καταπατεῖν
1105 5038 1164 5090 τὸ
1203 5039 1357 5091 κενὸν
1389 5039 1659 5111 δοξάριον,
1711 5041 1773 5092 τὸ

229 5125 360 5176 κενὸν
386 5128 491 5179 τῶν
520 5128 696 5181 πόνων
727 5129 1007 5199 ἀνάλωμα,
1040 5130 1100 5183 τὸ
1124 5129 1234 5183 τῶν
1272 5130 1481 5200 ἀρετῶν
1508 5130 1658 5202 λήϊον
1682 5132 1775 5183 λυ-

235 5218 545 5288 μαινόμενον.
573 5221 778 5292 Τιθρᾷν
812 5222 921 5292 γὰρ
944 5218 1101 5285 οἶδεν,
1141 5216 1227 5275 οἷα
1251 5222 1427 5286 πίθον,
1455 5222 1517 5275 τὸ
1542 5223 1770 5292 ψυχικὸν

231 5304 409 5375 δοχεῖον
434 5312 540 5364 τῶν
571 5314 666 5383 ἀρε
678 5314 803 5377 τῶν,
831 5316 923 5368 καὶ
947 5317 1010 5385 τῇ
1043 5316 1207 5386 ὲκροῇ
1236 5314 1453 5389 είσροὴν
1494 5315 1773 5385 ἐκλαμϐά-

231 5416 389 5465 νουσα,
437 5406 587 5460 οὐδὲν
634 5403 797 5479 ἦττον
850 5411 1005 5463 κενὸν
1062 5410 1124 5462 τὸ
1152 5410 1380 5480 ⁴δοχεῖον
1427 5410 1773 5481 καθίστησιν,

231 5492 453 5564 ἀκερδεῖς
476 5498 702 5569 ἱδρῶτας
725 5500 1081 5571 χαριζομένη,
1105 5502 1201 5554 καὶ
1233 5500 1394 5555 πόνον
1432 5501 1773 5572 προξενοῦσα

295 5673 332 5700 ’³
369 5672 547 5730 Matth.
609 5694 704 5743 vn,
744 5677 799 5732 2.
882 5678 921 5709 ¹³
972 5679 1104 5733 Luc.
1161 5694 1234 5743 τι,
1262 5678 1360 5733 57.

301 5830 399 5901 (⁷5)
426 5834 584 5905 Ῑιθεο.
622 5838 773 5894 ἔσταί
797 5882 810 5907 ,
836 5836 1349 5911 ἀναμετρηθὴσεταί
1384 5852 1482 5888 σοι.

1949 4492 2033 4544 19..
2067 4490 2307 4544 Scrutari
2336 4489 2647 4559 Scripturas
2676 4486 2880 4551 docuit,
2914 4497 3140 4554 quarum
3170 4489 3454 4536 enarrator

1877 4583 2169 4652 ductorque
2217 4582 2393 4637 factus
2447 4596 2569 4635 cum
2626 4580 2827 4642 fuerit,
2884 4575 3198 4646 prOphetico
3261 4572 3453 4641 spiritu

1878 4692 2102 4730 arcanas
2134 4675 2369 4744 Spiritus
2395 4675 2790 4744 proiunditates
2817 4671 3082 4734 rimando,
3118 4668 3287 4722 scisso
3315 4668 3458 4722 litte-

1880 4782 1951 4820 rre
1983 4767 2100 4820 velo
2122 4806 2135 4830 ,
2172 4767 2500 4819 reconditam
2543 4763 2863 4833 elegantiam
2897 4758 3262 4828 exprompsit,
3295 4769 3456 4824 atque

1881 4859 2067 4913 istlnec
2098 4861 2276 4913 omnia
2311 4858 2553 4912 modesto
2601 4856 2839 4921 nihilque
2866 4852 3099 4921 superbo
3127 4865 3311 4903 sensu.
3350 4846 3458 4900 No-

1883 4960 2033 5004 verat
2084 4950 2389 5018 siquidem,
2453 4954 2675 5001 noverat
2723 4945 2932 4998 inanem
2989 4937 3265 5010 gloriolam
3336 4950 3459 5004 prn-

1883 5043 2116 5103 enlcare,
2148 5041 2314 5111 892
2345 5055 2446 5108 qua
2474 5040 2718 5092 laborum
2749 5036 2976 5103 pretium
3004 5029 3375 5100 supprimitur,
3408 5035 3459 5080 et

1880 5136 2137 5189 virtutum
2178 5135 2462 5187 marcescit
2483 5132 2669 5185 decor.
2703 5127 2851 5181 Solet
2879 5124 3020 5179 enim
3049 5124 3304 5175 virtutum
3332 5133 3459 5173 con-

1882 5226 2216 5296 ceptaculum
2249 5225 2389 5278 haud
2423 5238 2581 5277 secus
2611 5232 2774 5290 atque
2809 5217 3006 5271 dolium
3044 5213 3350 5285 perforare,
3376 5212 3457 5263 in-

1882 5316 2190 5386 ﬂuxumquc
2223 5314 2417 5370 ellluxn
2436 5313 2731 5380 excipiens,
2752 5325 2849 5364 vas
2864 5305 3216 5362 nihilominus
3237 5316 3460 5356 vacmnn

1884 5410 2140 5477 relinquit
2164 5447 2179 5472 ,
2210 5407 2578 5461 infructuosos
2622 5403 2834 5457 labores
2871 5397 3175 5469 pra‘bentlo,
3226 5393 3458 5448 ellicicn-

1900 5504 2059 5557 'ouue
2089 5510 2145 5555 ut
2165 5501 2314 5554 labor
2338 5498 2467 5552 nihil
2489 5493 2837 5552 emolumenti
2867 5490 3146 5563 percipiat.
3182 5488 3237 5541 Ei
3270 5486 3459 5555 quippe

1955 5827 2063 5899 (74)
2105 5826 2265 5896 Lego,
2300 5823 2580 5893 ἀδόκιμος.
