4070 6444
590 416 686 447 *ινιτ

602 440 695 478 Διὶ)

1771 410 1833 469 S.
1870 405 2188 468 JOANNIS
2230 398 2661 463 DAMASCENI

3741 390 3826 449 ’ῖῗϐ

579 535 915 599 compertum
948 534 1098 589 erat,
1134 522 1361 596 gloriam
1408 535 1624 576 omnem
1672 519 2169 587 sublimitatemque

2289 510 2609 582 ιπικαρπίας
2660 510 2951 580 ἀμέτοχον.
3003 510 3243 579 ῐῐρέπειν
3285 506 3392 577 γὰρ
3423 505 3566 575 ᾔδει,
3595 504 3709 576 Θεῷ
3746 507 3829 577 μὲν

583 623 691 676 Deo
720 621 936 684 decere,
971 618 1174 673 homini
1207 631 1335 671 vero
1372 611 1732 669 humilitatem
1761 649 1777 674 ,
1824 624 1943 679 quae
1992 610 2074 662 via
2099 607 2171 663 sit

580 717 698 768 viro
727 712 933 781 optimo
963 720 1020 763 ut
1049 708 1340 771 exaltetur,
1373 720 1581 761 necnon
1612 702 1827 759 lsraelis
1864 701 2032 763 scala,
2064 716 2169 770 qua

584 807 743 859 homo
775 801 1053 858 attollatur
1080 800 1148 855 ad
1184 799 1386 866 Deum,
1428 807 1650 867 tumque
1685 796 1852 851 Deum
1901 794 1953 848 in
2006 793 2172 848 corde

580 892 1023 951 contubernalem
1059 891 1230 945 habea
1243 898 1282 946 ι.

657 986 745 1041 15.
789 984 1065 1039 Creaturae
1087 980 1238 1035 omni
1268 987 1485 1049 propter
1529 974 1816 1031 Dominum
1874 981 2171 1030 creatorem

586 1077 1012 1148 subjiciebatur,
1065 1074 1165 1129 nisi
1203 1071 1545 1129 solummodo
1592 1068 1683 1123 ubi
1734 1065 1924 1121 honori
1969 1064 2173 1121 Christi

589 1170 980 1241 derogabatnr,
1015 1182 1108 1223 seu
1139 1167 1319 1222 divina
1350 1164 1434 1218 let
1459 1164 1683 1232 spretim
1735 1162 2046 1224 haberetur,
2084 1170 2176 1214 aut

591 1266 1055 1334 pessmndaretur.
1085 1259 1387 1330 Superbum
1430 1271 1645 1311 omnem
1691 1265 1746 1309 et
1793 1265 2002 1307 torvum
2046 1250 2178 1306 affe-

590 1367 736 1411 ctum
757 1396 772 1419 ,
818 1367 1187 1425 arrogansque
1218 1349 1567 1421 supercilium
1605 1346 1794 1416 procul
1825 1361 1856 1399 a
1888 1360 1949 1399 se
1990 1359 2178 1397 aman-

590 1452 838 1510 daverat,
872 1444 1176 1513 blandoque
1205 1453 1423 1510 aspectu
1473 1455 1568 1495 eos
1609 1441 1698 1508 qui
1729 1454 1787 1493 se
1830 1438 2175 1505 alloqueren-

594 1552 701 1604 tur,
733 1550 1017 1601 contuens,
1068 1538 1298 1605 benigno
1344 1545 1398 1589 et
1436 1534 1618 1589 divino
1665 1533 1777 1593 sale
1802 1530 2034 1586 conditis
2058 1544 2176 1584 ser-

592 1632 846 1687 monibus
876 1630 1196 1699 excipiebat.
1244 1626 1510 1682 Gratiosis
1539 1625 1723 1694 itaque
1771 1624 2011 1678 moribus
2055 1636 2176 1675 cum

591 1732 778 1787 esset,
824 1720 972 1773 vultu
1023 1718 1253 1773 comiter
1286 1716 1607 1781 arridebat,
1661 1730 1762 1769 non
1814 1730 1878 1769 eo
1932 1714 2038 1767 risu
2090 1713 2177 1781 qui

514 1880 533 1895 ο
593 1813 851 1869 dissolute
883 1810 1271 1866 effunderetur.
1315 1810 1449 1864 Nam
1475 1809 1601 1878 quia
1633 1807 1975 1876 exploratum
2008 1805 2173 1860 habe-

2250 605 2384 659 νπᾶν
2414 602 2573 665 κλέος
2594 604 2688 655 καὶ
2714 600 2964 673 ἔπαρμα,
2994 601 3267 671 ἀνθρώπῳ
3294 599 3349 652 δὲ
3370 598 3471 667 τὴν
3499 599 3828 662 ταπείνωσιν,

2270 695 2391 750 ὁδὸν
2433 693 2642 767 ἀρίστῳ
2685 694 2980 764 γινομένην
3021 692 3305 762 ύψώσεως,
3340 689 3438 742 καὶ
3488 689 3699 760 Ἰσραὴλ
3737 691 3831 741 κλί-

2276 805 2451 858 ματα,
2498 786 2635 857 πρὸς
2663 786 2797 839 Θεὸν
2828 786 2929 857 μὲν
2953 783 3392 848 ἀναδιδάξουσαν
3424 780 3730 851 ἄνθρωπον,
3753 784 3833 835 καὶ

2270 880 2406 935 Θεὸν
2436 879 2663 950 καρδίας
2689 878 2950 933 τελοῦσαν
2984 878 3253 946 ἐφέστιον.

2348 970 2437 1041 ιγ’.
2480 968 2861 1025 Ἐταπεινοῦτο
2890 969 3041 1041 πάσῃ
3061 970 3127 1037 τῇ
3157 967 3332 1021 κτίσει
3353 965 3445 1019 διά
3474 964 3570 1017 τὸν
3598 964 3834 1016 κτίσαντα

2276 1065 2504 1136 Κύριον,
2619 1064 2780 1135 μόνον
2826 1063 2888 1116 ού
2934 1060 3170 1133 Χριστὸς
3208 1058 3534 1131 ὴτιμάζετο,
3569 1058 3663 1110 καὶ
3698 1058 3839 1126 νόμος

2277 1158 2420 1221 θεῖος
2450 1158 2778 1228 παρεωρᾶτο
2809 1157 2903 1209 καὶ
2933 1154 3282 1226 ἀνετρέπετο.
3330 1152 3679 1223 ’Δπηνῄνατο
3704 1151 3841 1203 m6:-

2280 1248 2373 1321 ρδν
2421 1248 2569 1301 ἅπαν
2618 1249 2715 1301 καὶ
2769 1246 3051 1317 βλοσυρὸν,
3110 1246 3206 1299 καὶ
3257 1242 3837 1315 ύπεροφρυϐλέφαρον·

2282 1339 2549 1411 μειλίχιον
2596 1342 2695 1412 μὲν
2728 1341 2789 1393 τὸ
2836 1340 2990 1411 δμμα
3023 1340 3137 1400 τοῖς
3182 1335 3433 1408 ὁμιλοῦσι
3472 1336 3672 1398 διδους,
3704 1334 3843 1401 λόγον

2277 1433 2336 1486 δὲ
2387 1435 2550 1505 ἤπιον
2599 1433 2695 1488 καὶ
2741 1432 2885 1486 θεῖον
2918 1432 3229 1504 ἠρτυμένον
3262 1428 3443 1484 ἂλατι.
3485 1427 3561 1480 Tb
3594 1422 3721 1498 ἦθος
3760 1426 3843 1497 μὲν

2278 1525 2492 1595 χαρίεν,
2529 1526 2746 1579 ἀστεῖον
2776 1524 2833 1577 δὲ
2879 1524 2943 1576 τὸ
2987 1522 3082 1577 τοῦ
3127 1522 3425 1595 προσώπου
3477 1519 3757 1590 μειδίαμα,
3790 1521 3843 1571 ού

2280 1616 2418 1685 πρὸς
2463 1614 2687 1668 ἔκλυτον
2732 1614 3080 1685 διαχεόμενον
3132 1613 3369 1683 γέλωτα.
3419 1610 3596 1673 Είδὼς
3635 1611 3738 1680 γὰρ
3782 1609 3845 1673 ὡς

2282 1711 2399 1771 ταῖς
2431 1708 2652 1778 ἀρεταῖς
2681 1708 2738 1759 αί
2767 1707 2954 1759 κακίαι
2985 1707 3447 1777 παραπεπήγασι,
3481 1702 3579 1757 καί
3606 1704 3712 1756 είσί
3743 1722 3847 1767 πως

2283 1800 2591 1871 ἀγχίθυροι,
2652 1799 2731 1870 τῷ
2787 1799 2987 1871 ἀριστα
3034 1798 3472 1867 διακελευομένῳ
3522 1794 3847 1865 πειθόμενος,

593 1906 704 1971 λιιι,
746 1904 873 1958 vitia
901 1918 1023 1957 cum
1056 1902 1349 1955 virtutibus
1379 1902 1623 1970 proxime
1651 1898 1934 1967 conjuncta
1968 1912 2089 1951 esse
2118 1906 2169 1951 et

2289 1894 2566 1963 προσεῖχεν
2609 1890 2812 1962 ἐαυτῷ,
2860 1888 3197 1962 τραπεζίτης
3252 1888 3511 1961 εὐκρινὴς
3541 1887 3846 1956 γινόμενοςο

594 1998 803 2061 vicina,
842 2008 1045 2051 morem
1077 2008 1271 2065 gerens
1318 1993 1367 2049 ei
1407 1993 1499 2061 qui
1546 1992 1751 2061 optima
1782 2004 2010 2060 quasque
2038 2002 2176 2059 prte-

594 2092 747 2163 cipit,
786 2105 914 2159 erga
962 2089 1196 2157 seipsum
1250 2094 1457 2140 attento
1491 2083 1674 2137 animo
1705 2092 1865 2148 erat,
1914 2078 2176 2147 trapezita

594 2196 758 2253 sagax
806 2179 985 2233 factus
1019 2218 1035 2243 ,
1112 2176 1202 2246 qui
1253 2174 1489 2244 spnriam
1544 2181 1817 2227 monetam
1872 2169 2175 2238 repelleret,

594 2273 1019 2339 drachmamque
1066 2268 1207 2337 regis
1236 2265 1472 2335 imagine
1497 2264 1815 2333 inscriptam
1845 2261 2173 2316 admitteret.

596 2361 823 2415 Omnem
877 2359 1077 2413 etenim
1145 2356 1363 2409 malitia:
1417 2355 1654 2424 speciem
1709 2368 1810 2409 suo
1847 2368 1915 2408 ex
1963 2362 2181 2421 pectore

597 2451 968 2521 ablegaverat,
996 2448 1161 2503 divini
1194 2447 1428 2517 Spiritus
1465 2456 1593 2501 nutu
1616 2486 1630 2512 ,
1677 2446 2183 2514 contrariarumque

600 2542 745 2596 vitiis
780 2542 1037 2594 virtutum
1074 2538 1388 2609 irrigatione
1415 2536 1809 2607 pinguescens,
1855 2535 1998 2591 velut
2039 2535 2181 2588 oliva

600 2632 874 2687 fructifera
925 2632 978 2685 in
1031 2632 1190 2685 domo
1225 2630 1355 2696 Dei,
1413 2629 1713 2684 virentibus
1770 2643 1986 2698 semper
2043 2626 2185 2683 foliis

599 2726 949 2795 conspicuus,
984 2722 1490 2793 praastantissimum
1526 2721 1757 2777 fructum
1807 2720 2005 2776 obtulit
2049 2721 2180 2788 Deo,

602 2817 998 2872 multitudinem
1028 2830 1215 2869 eorum
1250 2817 1342 2885 qui
1394 2814 1538 2868 illius
1586 2827 1750 2883 opera
1784 2824 2061 2882 compotes
2101 2828 2187 2868 sa-

602 2908 727 2963 lutis
760 2906 885 2961 facti
913 2916 1079 2961 sunt:
1117 2906 1200 2961 vel
1237 2907 1401 2962 etiam
1447 2914 1699 2969 tanquam
1732 2905 1934 2974 palma,
1957 2904 2189 2974 Optimo-

605 3016 724 3054 rum
764 2999 1093 3055 monitorum
1120 2998 1256 3068 palis
1280 2999 1511 3052 munita.
1547 2996 1784 3052 Fortiter
1815 2997 2069 3051 nimirum
2095 3011 2190 3051 eos

606 3090 957 3161 objurgabat,
1004 3091 1093 3160 qui
1135 3093 1323 3146 domos
1363 3090 1613 3145 domibus
1634 3090 1943 3158 jnngendo,
1976 3088 2187 3142 vineam

604 3182 813 3237 maboth
860 3198 1047 3251 rapere
1090 3183 1520 3247 contenderent,
1553 3196 1617 3235 ac
1647 3183 1690 3236 si
1723 3198 1827 3236 non
1870 3190 2016 3237 esset
2047 3179 2189 3237 Elius

2276 1983 2531 2055 κίϐδηλον
2565 1984 2663 2055 μὲν
2684 1983 2831 2037 ᾶπαν
2859 1983 3324 2054 ἀποπεμπόμενος
3358 1980 3654 2053 χάραγμα,
3684 1979 3777 2047 τῆς
3802 1977 3849 2030 δὲ

2280 2075 2567 2147 βασιλικῆς
2596 2076 2805 2140 εἰκόνος
2835 2076 2934 2145 τὴν
2963 2074 3210 2146 δραχμὴν
3238 2073 3629 2145 προσιέμενος,
3669 2071 3851 2132 κακίας

2282 2168 2379 2241 μὲν
2404 2167 2551 2222 ἅπαν
2592 2164 2751 2231 εἶδος,
2783 2168 2859 2231 ὡς
2893 2169 3023 2238 χοῦν
3053 2168 3329 2239 ἐκρίπτων
3363 2166 3464 2235 τῆς
3499 2163 3703 2218 ἑαυτοῦ
3734 2180 3853 2234 καρο

2278 2265 2397 2328 δίας
2426 2264 2576 2338 ῥύμῃ
2622 2263 2770 2317 θείου
2815 2263 3153 2335 Πνεύματος,
3186 2265 3307 2325 ταῖς
3335 2261 3644 2324 ἀντιθέτοις
3673 2261 3729 2314 δὲ
3759 2261 3853 2315 τῶν

2280 2355 2488 2411 κακιῶν
2512 2356 2737 2427 ἀρεταῖς
2762 2355 3122 2427 ἀρδευόμενός
3153 2371 3213 2407 τε
3238 2355 3335 2407 καὶ
3367 2354 3748 2423 πιαινόμενος,
3774 2356 3856 2406 καὶ

2282 2449 2415 2502 ὡσεὶ
2442 2448 2600 2502 ἐλαία
2642 2447 3001 2521 κατάκαρπος
3032 2450 3090 2501 ἐν
3121 2447 3256 2519 οἴκῳ
3285 2446 3421 2500 Θεοῦ
3456 2450 3524 2518 τῇ
3570 2446 3857 2516 Ἐκκλησῖα

2282 2541 2545 2612 ἀειθαλὴς
2596 2541 3036 2611 γινωσκόμενος,
3093 2538 3189 2593 καὶ
3230 2538 3351 2609 Θεῷ
3412 2539 3598 2609 φέρων
3663 2538 3855 2608 καρπὸν

2284 2632 2487 2704 ὡραῖον
2515 2632 2615 2705 τὴν
2640 2632 2750 2685 τῶν
2779 2632 2849 2685 δι’
2879 2632 3044 2686 αὐτοῦ
3088 2632 3416 2703 σωζομένων
3449 2630 3697 2701 πληθύνο
3731 2630 3763 2701 ἢ
3792 2629 3855 2693 ὡς

2287 2723 2463 2795 φοίνιξ
2490 2742 2573 2789 τις
2608 2725 2719 2778 τῶν
2762 2725 3000 2797 ἀρίστων
3039 2724 3277 2795 ἐλέγχων
3307 2725 3724 2795 σφραττόμενος
3752 2724 3858 2774 σκό-

2286 2820 2431 2891 λοψι.
2470 2819 2576 2874 Καὶ
2607 2819 2898 2889 διελέγχων
2927 2818 3126 2889 ἄριστα
3157 2818 3281 2880 τοὺς
3313 2816 3492 2870 οίκίαν
3524 2815 3668 2886 πρὸς
3698 2816 3859 2868 οἰκίαν

2288 2914 2687 2975 συνάπτοντας,
2736 2912 2830 2963 καὶ
2881 2909 3165 2963 Ναϐουθαὶ
3219 2908 3548 2979 διαρπάζειν
3580 2904 3859 2975 ἐπειγομέ-

2287 3022 2411 3068 νους
2450 3004 2544 3057 τὸν
2580 3001 2919 3074 ἀμπελῶνα,
2967 3002 3040 3064 ὡς
3085 3002 3187 3055 οὐκ
3227 3001 3378 3063 ὄντος
3417 2998 3603 3054 Ἦλιοῦ
3641 2998 3737 3051 τοῦ
3765 2998 3860 3050 διε-

2288 3098 2591 3166 λέγξοντος.
2635 3094 2778 3148 Ἀλλ’
2814 3096 3037 3167 ἤγειρεν
3084 3088 3240 3158 αὖθις
3301 3093 3489 3147 Ἠλίαν
3539 3091 3602 3145 τὺ
3649 3090 3859 3159 Πνεῦμα

2289 3189 2350 3243 rb
2390 3191 2571 3259 ἅγιον,
2620 3185 3031 3259 ὲμφιλοχωρούν
3079 3187 3138 3238 ὲν
3164 3185 3389 3240 δικαίων
3432 3184 3661 3255 ψυχαῖς.
3723 3183 3861 3236 Κατά

604 3275 671 3328 ad
715 3276 1143 3345 redargueudnm
1201 3284 1443 3344 paratus.
1486 3276 1554 3329 At
1597 3275 1741 3330 enim
1789 3274 1958 3328 Eliam
2009 3275 2187 3328 denuo

2291 3254 2487 3349 γενεάν
2514 3280 2609 3333 καὶ
2640 3254 2852 3347 fama;
2872 3254 3156 3349 προφήτας
3189 3254 3464 3347 ἀνίστησι,
3509 3274 3761 3345 ζηλωτὰς
3786 3274 3860 3344 ἔρ-

607 3366 842 3436 Spiritus
872 3378 1091 3422 sanctus
1116 3369 1426 3433 suscitarat,
1457 3367 1572 3436 qui,
1602 3382 1724 3422 cum
1750 3366 1981 3420 libenter
2017 3366 2070 3419 in
2090 3367 2180 3435 ju-

605 3471 814 3511 storuru
855 3458 1051 3513 animis
1094 3468 1346 3524 matteat,
1399 3473 1494 3526 per
1546 3457 1787 3525 singulas
1830 3465 2018 3509 tetates
2059 3471 2186 3525 pro-

606 3552 800 3618 phetas
850 3550 1144 3605 identidem
1181 3551 1381 3605 excitat
1404 3590 1419 3615 ,
1469 3552 1732 3606 bonorum
1761 3562 1985 3617 operum
2024 3563 2190 3602 amm-

2290 3389 2403 3440 γων
2457 3370 2697 3440 ἀγαθῶν,
2745 3370 3193 3439 ἀποστυγοῦντας
3236 3370 3332 3441 μὲν
3361 3371 3388 3424 ὅ
3417 3387 3471 3422 τι
3523 3368 3732 3438 φαῦλον
3780 3368 3860 3420 καί

2292 3466 2511 3529 ἄτοπον,
2545 3463 3014 3534 είσοικιζομὲνους
3056 3463 3113 3516 δὲ
3155 3463 3250 3515 καὶ
3287 3462 3719 3529 ἀντεισάγοντας
3767 3458 3860 3510 πᾶν

2293 3554 2518 3625 ἔννομόν
2546 3572 2607 3607 τε
2648 3555 2741 3608 καὶ
2767 3554 2999 3607 δίκαιον.

610 3648 851 3709 latores,
891 3643 983 3711 qni
1040 3643 1288 3698 odientes
1365 3643 1495 3698 illud
1551 3657 1712 3698 omne
1776 3642 1920 3711 quod
1965 3642 2161 3697 malum
2201 3660 2624 3718 perversumque
2674 3658 2797 3713 est,
2855 3649 3092 3704 vicissim
3148 3646 3435 3701 admittant
3497 3644 3759 3716 quidquid
3802 3656 3862 3700 ex

609 3740 921 3805 praescripto
952 3735 1125 3805 legum
1160 3744 1214 3789 et
1235 3734 1457 3804 jnstitim
1487 3744 1592 3790 est.

682 3829 769 3885 Η.
805 3828 918 3882 Hac
960 3828 1168 3882 ratione
1196 3828 1414 3882 divinus
1464 3826 1553 3881 ille
1583 3824 1668 3880 vir
1707 3824 1983 3895 iniustitiae
2009 3826 2189 3882 omnis

610 3920 1001 3988 cvasitjudex,
1046 3934 1149 3972 non
1188 3928 1246 3972 ut
1275 3919 1388 3988 ipsa
1415 3921 1643 3973 ducente
1669 3915 1979 3986 iudicaret;
2010 3916 2186 3971 absitl

612 4014 831 4082 quinam
886 4011 1031 4065 enim
1087 4010 1274 4064 istud?
1329 4010 1422 4064 sed
1486 4009 1629 4063 illam
1681 4009 1759 4063 uti
1817 4008 2187 4063 detestandam

615 4106 938 4173 damnando,
962 4104 1270 4171 divinisque
1290 4102 1526 4159 arcendo
1552 4102 1720 4172 septis
1747 4100 2005 4157 facientes
2027 4100 2188 4157 mala.

616 4198 788 4254 Vidua
819 4198 1088 4268 siquidem
1129 4212 1253 4253 cum
1303 4196 1521 4251 assidue
1557 4194 1842 4265 sugillabat
1869 4233 1886 4259 ,
1935 4208 2034 4249 nec
2078 4194 2197 4248 sine

618 4292 1057 4362 importunitate,
1087 4289 1286 4360 quippe
1334 4303 1454 4359 qua:
1485 4291 1553 4342 ob
1582 4288 1780 4343 illatam
1813 4287 1913 4343 sibi
1944 4287 2198 4356 injuriam

615 4384 779 4439 corde
806 4383 1231 4437 excruciaretur.
1275 4380 1426 4436 Hunc
1459 4396 1620 4450 porro
1645 4380 1917 4435 hominem
1948 4378 2041 4433 Dei
2077 4394 2199 4448 pre-

619 4474 805 4529 hendit
832 4488 931 4528 ceu
956 4472 1189 4527 validum
1220 4472 1523 4543 perfugium
1556 4472 1699 4539 quod
1727 4469 1977 4539 nequiret
2005 4468 2195 4523 everti.

2368 3825 2452 3882 ιδ’.
2486 3824 2673 3889 Οὕτως
2701 3817 2855 3890 οὗτος
2886 3827 2916 3879 ὁ
2946 3825 3091 3889 θεῖος
3120 3826 3259 3897 ἀνὴρ
3287 3823 3481 3896 κριτὴς
3528 3824 3631 3895 τῆς
3663 3825 3863 3888 ἀδικίας

2297 3919 2536 3987 ἐγίνετοο
2574 3918 2638 3971 ού
2686 3918 2862 3990 ταύτῃ
2910 3918 3133 3990 κρίνων,
3170 3919 3351 3987 ἀπαγε
3373 3934 3388 3948 ·
3420 3918 3540 3982 πῶς
3572 3920 3714 3990 γάρ;
3744 3918 3863 3974 ἀλλὰ

2300 4010 2671 4081 κατακρίνων,
2722 4012 2818 4064 καὶ
2867 4010 3081 4073 δεικνὺς
3136 4010 3343 4081 ταύτην
3399 4010 3730 4082 ἀπόϐλητον,
3783 4012 3863 4063 καὶ

2295 4102 2405 4155 τῶν
2436 4102 2599 4156 θείων
2627 4100 2934 4173 περιϐόλων
2965 4101 3268 4174 ἀπείργων,
3300 4101 3589 4165 ποιοῦντας
3611 4103 3678 4155 τὰ
3698 4103 3862 4157 ἄδικα.

2295 4195 2454 4266 Χήρα
2490 4194 2599 4265 γὰρ
2652 4194 2817 4249 αὑτὸν
2864 4194 3136 4258 ύπεπίαζε
3187 4195 3393 4265 θαμινά
3445 4194 3863 4265 παρενοχλοῖωα,

2294 4288 2606 4361 τρυχομένη
2652 4288 2751 4358 τὴν
2786 4287 3013 4357 καρδίαν
3056 4287 3136 4358 τῷ
3165 4286 3487 4357 ἀδικήματι.
3526 4288 3868 4357 Καταφύγιον

2297 4382 2487 4451 ὥσπερ
2510 4380 2707 4451 ὀχυρόν
2732 4397 2785 4432 τι
2823 4380 2917 4432 καὶ
2946 4378 3310 4449 ἀκαθαίρετον
3345 4379 3561 4431 τουτονὶ
3602 4378 3868 4447 καταλαμ-

2299 4474 2451 4528 ϐάνει
2481 4473 2572 4526 τὸν
2602 4472 2699 4526 τοῦ
2745 4471 2879 4525 Θεοῦ
2911 4470 3219 4543 ἄνθρωπον,
3256 4469 3517 4540 ἀσφαλῶς
3540 4471 3642 4541 οὐχ
3687 4472 3869 4541 ἥκιστα

618 4566 696 4619 Ac
724 4575 837 4619 tuto
860 4565 1015 4632 plane
1038 4573 1294 4631 certoque
1326 4562 1576 4616 consilio.
1608 4561 1841 4630 Ecquem
1875 4560 2019 4615 enim
2044 4568 2187 4614 nacta

2306 4564 2758 4635 βεϐουλευομένη.
2812 4563 2947 4617 Τίνα
3002 4564 3111 4633 γὰρ
3164 4563 3231 4617 ἃν
3284 4563 3473 4633 ἕτερον
3537 4561 3736 4634 εὕρατο
3784 4558 3871 4612 τοῦ

620 4655 847 4707 alterum
884 4652 1074 4708 fuisset
1102 4652 1424 4708 calamitatis
1459 4664 1512 4707 et
1542 4652 1752 4722 injuriae
1783 4651 2092 4705 vindicem?
2132 4665 2197 4706 ex

623 4744 959 4812 principibus
995 4742 1270 4812 aliquem?
1299 4753 1356 4796 at
1385 4742 1715 4812 principibus
1742 4741 1829 4795 illa
1875 4740 2196 4810 imperabat,

622 4852 742 4906 qua!
805 4834 1001 4905 injusta
1059 4835 1172 4901 haec
1213 4844 1573 4903 perpetraret.
1622 4831 2056 4904 Imperatorem?
2092 4848 2199 4903 quo

624 4942 750 4982 vero
779 4942 909 4995 erga
943 4926 1025 4981 sui
1059 4933 1268 4995 partem
1319 4924 1512 4981 affectu
1545 4925 1840 4990 ferebatur,
1887 4924 2198 4979 effeminato

624 5033 845 5088 prorsus
875 5018 1057 5071 animo
1083 5024 1220 5070 erat.
1251 5017 1380 5083 Quae
1418 5016 1560 5070 enim
1594 5015 1702 5069 vim
1742 5016 1885 5069 illam
1915 5012 2198 5081 afferebat,

621 5124 749 5164 caro
804 5123 977 5177 osque
1029 5116 1148 5161 erat
1198 5108 1409 5178 ipsius:
1442 5115 1495 5163 et
1538 5121 1658 5177 quae
1708 5106 1890 5175 iniqua
1928 5113 2204 5175 patrantes

622 5201 879 5256 cohibere
910 5199 1222 5263 debuisset,
1253 5200 1367 5269 ipsa
1398 5200 1526 5255 totis
1556 5198 1750 5254 studiis
1782 5199 1835 5253 in
1864 5198 2201 5268 iniquitatem

628 5293 953 5361 rapiebatur.
996 5291 1135 5359 Quid
1181 5293 1320 5363 agis,
1352 5292 1546 5362 injusta
1579 5290 1823 5346 femina?
1846 5305 2079 5359 purpura
2110 5302 2203 5343 ve-

625 5386 814 5450 stiris,
844 5386 991 5439 velut
1024 5386 1090 5439 ad
1142 5385 1286 5456 leges
1321 5386 1702 5441 custodiendas
1746 5399 1812 5440 eo
1866 5398 2034 5451 usque
2081 5396 2205 5453 pro-

629 5485 780 5530 vecta
812 5493 828 5541 ;
884 5485 939 5529 tu
969 5490 1096 5530 vero
1128 5477 1295 5547 legem
1327 5479 1550 5545 pedibus
1593 5479 1860 5547 proteris!
1894 5494 1928 5529 n
1974 5474 2205 5543 inexpli—

627 5566 854 5622 cabilem
899 5568 1220 5635 sapientiam
1268 5568 1433 5638 893
1478 5570 1618 5624 illius
1663 5571 1753 5639 qui
1795 5570 1931 5623 dixit
1968 5587 1981 5621 :
2027 5566 2205 5620 Nolite

626 5663 756 5713 dare
785 5669 969 5712 sancta
1009 5658 1228 5711 canibus
1255 5675 1274 5712 .'
1315 5675 1478 5729 neque
1534 5660 1831 5730 projiciatis
1883 5661 2204 5726 margaritas

624 5762 749 5807 ante
769 5767 953 5822 porcos
983 5749 1064 5804 “l
1115 5749 1237 5806 "me
1264 5754 1407 5808 enim
1434 5794 1448 5819 ,
1484 5763 1672 5809 sancta
1720 5752 1812 5807 Dei
1848 5753 1962 5820 lege
1990 5752 2206 5819 procuh

702 5846 747 5879 “
771 5843 965 5901 Matth.
996 5860 1088 5915 vn,
1118 5846 1172 5902 6.

2298 4654 2503 4716 πάθους
2553 4652 3014 4725 ἀντιληψόμενον;
3068 4653 3340 4722 ἄρχοντας
3401 4651 3520 4705 ἀλλ’
3572 4647 3711 4722 ἦρχε
3772 4647 3871 4701 τῶν

2297 4745 2575 4815 ἀρχόντων
2619 4746 2653 4816 ἡ
2689 4744 2861 4797 ταῦτα
2898 4745 3305 4813 ὲπηρεάζουσα.
3348 4743 3615 4809 Βασιλέας
3647 4743 3774 4797 ἀλλά
3810 4745 3869 4809 τῇ

2295 4835 2390 4889 τοῦ
2433 4834 2629 4904 μέλους
2674 4834 3022 4905 προσπαθεία
3062 4835 3162 4905 τὴν
3196 4834 3424 4905 γνώμην
3460 4835 3866 4904 κατεθηλύνετο.

2297 4925 2444 4998 Σάρξ
2495 4927 2594 4995 γάρ
2641 4920 2711 4997 ἦν
2761 4926 2826 4978 ὲκ
2878 4925 2981 4995 τῆς
3023 4925 3227 4996 σαρκὸς
3268 4924 3435 4979 αὐτοῦ
3482 4925 3677 4979 ὀστοῦν
3724 4922 3871 4977 αὐτοῦ

2310 5017 2716 5089 κεχριιμάτικεν
2765 5018 2799 5086 ἡ
2836 5016 3020 5086 δρῶσα
3058 5015 3119 5068 τὸ
3151 5015 3345 5085 βίαιον,
3380 5016 3491 5068 Καὶ
3515 5016 3584 5085 ἢν
3629 5015 3730 5067 ἔδει
3754 5014 3870 5073 τοὶς

2310 5107 2633 5171 ἀδικοῦντας
2675 5108 3073 5179 ἐπιστομίζειν,
3106 5109 3311 5160 ἀδικεῖν
3337 5108 3619 5178 ἠπείγετο.
3667 5106 3727 5157 Τί
3750 5104 3869 5173 δρᾷς

2310 5195 2356 5254 ὦ
2403 5199 2720 5271 παράνομον
2774 5198 3028 5267 γύναιον;
3066 5198 3363 5271 ἁλουργίδα
3412 5199 3750 5271 περίκεισαι,
3791 5188 3869 5244 οἷα

2313 5293 2479 5363 νόμου
2517 5290 2693 5359 φύλαξ
2726 5290 3166 5361 προϐεϐλημένη,
3192 5292 3287 5345 καὶ
3316 5291 3481 5359 νόμον
3514 5288 3867 5347 καταπατεῖςς

2312 5382 2357 5436 ὦ
2384 5382 2487 5453 τῆς
2514 5384 2759 5453 ἀρρήτου
2793 5382 2988 5450 σοφίας
3018 5380 3117 5434 τοῦ
3163 5385 3435 5451 φήσαντος
3462 5396 3476 5411 ·
3512 5379 3611 5447 Μὴ
3636 5379 3761 5432 δότε
3804 5374 3868 5427 τὰ

2302 5474 2441 5545 ἅγια
2492 5473 2616 5538 τοῖς
2667 5472 2844 5536 κυσὶ,
2890 5473 3046 5542 μηδὲ
3092 5474 3336 5542 ρίπτετε
3401 5472 3548 5539 τοὺς
3602 5468 3869 5541 μαργαρί-

2302 5585 2410 5635 τας
2452 5567 2797 5637 ἔμπροσθεν
2843 5566 2961 5621 τῶν
2990 5570 3248 5637 χοίρων]
3276 5569 3426 5641 Αὕτη
3457 5570 3568 5641 γὰρ
3610 5568 3696 5620 τὸν
3738 5566 3867 5618 θεῖον

2302 5662 2468 5732 νόμον
2530 5660 2973 5729 καταπατήσασα
3006 5661 3098 5715 τὸν
3146 5662 3327 5731 ἅγιον,
3380 5665 3473 5716 τὸν
3536 5656 3861 5733 μαργαρίτην

2301 5752 2502 5825 δηλαδὴ
2561 5751 2655 5805 τὸν
2718 5750 3052 5823 πολύτιμον,
3114 5758 3416 5826 στραφεῖσα
3474 5754 3571 5825 τὴν
3628 5746 3865 5821 πενιχρὰν
