4070 6450
212 439 289 506 777
1112 435 1493 500 LAUDATIO
1528 439 1586 497 S.
1626 434 1834 498 JOAN.
1877 439 2418 501 CHRYSOSTOMI.
3323 441 3425 504 778

212 550 353 620 xl?”
379 541 583 616 ἔρρηξε.
610 542 709 619 τὴν
739 541 943 615 ταύτης
969 543 1248 618 ἐφήμερον
1292 546 1474 618 βιοτὴν
1513 544 1743 616 διαρπά-

1871 559 1991 613 :ata,
2017 550 2406 617 pretiosissima
2431 546 2638 602 scilicet
2662 544 2749 601 illa
2778 545 3087 615 margarita,
3126 557 3421 616 pauperem

212 653 343 694 σασα.
373 634 432 689 Τί
473 633 749 704 πράττεις,
775 634 820 687 ὢ
852 634 1130 707 ἄπληστον
1176 635 1271 690 καὶ
1316 636 1611 708 ἀχάριστον
1644 634 1745 704 γύ-

1871 641 2062 695 τίὠιοηι
2091 655 2351 695 conversa
2390 637 2652 710 dilfregit,
2701 639 2754 693 in
2797 637 3172 707 quotidianum
3216 637 3422 693 victum

211 744 361 790 ναιον;
395 724 491 794 γῆν
532 741 590 777 τε
637 724 732 777 καὶ
766 724 1044 781 Θάλασσαν
1076 727 1493 799 δωροφοροῦσαν
1522 728 1745 798 ἔχουσα,

1871 730 1963 797 θῇηε
1990 732 2307 786 invadenda.
2347 729 2485 796 Quid
2519 728 2656 801 agis,
2693 744 2727 784 ο
2751 726 3073 784 insatiabilis
3104 727 3424 797 ingrataque

211 824 355 894 χήρας
381 818 580 890 ἀπόρου
610 820 969 892 κατατρέχεις
1014 820 1109 874 τοῦ
1149 819 1410 891 πενιχροῦ
1442 822 1746 891 κτήματος,

1871 824 2043 879 nulier
2071 824 2094 877 ?
2128 833 2181 877 tu
2212 824 2295 878 cui
2338 831 2480 877 terra
2522 832 2578 878 et
2611 836 2759 877 mare
2787 836 3012 876 munera
3042 817 3274 874 aﬂ‘erunt
3302 855 3320 883 ,
3369 819 3426 871 in

212 911 263 986 ἧς
301 930 351 966 σε
391 911 589 964 δίκαιον
631 906 699 983 ἦν
737 911 1173 979 ἀνταλλάξασθαι
1204 913 1353 983 βίον;
1394 914 1538 983 λόγῳ
1568 913 1624 966 δὲ
1655 914 1746 984 βε-

1871 915 2059 981 agentis
2089 915 2259 969 viduae
2283 915 2659 984 pauperculam
2688 912 3082 983 possessionem
3112 910 3297 974 irruis,
3330 922 3426 962 cu-

213 1002 406 1058 ϐαιοῦσα
435 1000 519 1053 τὸν
550 1001 731 1072 νόμον,
763 1002 911 1074 ἔργῳ
946 1003 1136 1058 τοῦτον
1160 1004 1294 1076 δρᾷς
1322 1004 1501 1074 ἀποκή
1513 1020 1707 1075 ρυκτον
1731 1020 1747 1069 ;

1875 1021 1934 1058 us
1972 1007 2138 1057 vitam
2174 1004 2287 1073 ipsa
2315 1005 2577 1060 redimere
2629 1001 2943 1059 debueras?
2986 1014 3106 1069 quae
3137 998 3316 1052 verbis
3345 1005 3427 1051 te-

212 1098 289 1151 οΰκ
315 1094 527 1167 ῂδέσθης
566 1094 657 1147 τὸν
702 1095 915 1167 πατέρα
960 1097 1070 1149 τῶν
1117 1096 1369 1169 ὀρφανῶν
1416 1096 1511 1149 καὶ
1556 1094 1750 1167 κριτὴν

1874 1112 1957 1150 IIIS
1983 1096 2152 1165 legem
2197 1095 2378 1149 ﬁrmas
2405 1134 2420 1160 ,
2448 1096 2588 1150 hanc
2611 1096 2823 1150 actione
2876 1101 2963 1147 tua
3000 1092 3208 1146 irritam
3252 1087 3429 1144 iacis?

213 1190 299 1242 τῶν
319 1187 520 1259 χηρῶν;
546 1186 660 1239 ἀλλ’
687 1189 920 1258 ἤκουσεν
942 1188 1113 1252 ὅντως
1155 1191 1185 1243 ὁ
1219 1190 1333 1252 τοῖς
1382 1187 1547 1251 θείοις
1573 1187 1752 1256 λόγοις

212 1282 607 1355 ἀεὶτρεφόμενος
652 1285 752 1355 τῆς
803 1283 1162 1337 θεοπνεύστου
1214 1284 1464 1355 ῥήσεως·
1500 1282 1754 1351 Κρίνατε

214 1374 463 1445 ὀρφανὸν,
494 1374 589 1427 καί
616 1374 974 1429 δικαιώσατε
1004 1376 1201 1445 χήραν
1224 1393 1237 1406 ·
1272 1376 1367 1429 καὶ
1407 1373 1594 1427 Ἠλίαν
1615 1373 1753 1445 ἔχων

214 1465 289 1521 τοῦ
315 1464 460 1538 ζήλου
489 1465 724 1534 ποδηγὸν
756 1467 847 1520 τὸν
878 1466 1198 1537 πυρίπνοον,
1227 1468 1474 1520 Ἰωάννου
1508 1468 1753 1536 μιμεῖται

212 1558 292 1628 τὴν
318 1556 637 1627 παρρησίαν,
666 1555 764 1609 οὐκ
795 1555 973 1620 ἔξεστί
1003 1574 1083 1609 σοι
1112 1555 1292 1623 λέγων
1336 1555 1483 1626 ἔχειν
1516 1556 1607 1608 τὸν
1646 1556 1755 1625 ἀμο

214 1644 400 1700 πελῶνα
437 1646 531 1716 τῆς
574 1645 812 1717 ἀδελφῆς
849 1664 963 1701 σου.
997 1646 1113 1700 Οἴει
1142 1645 1250 1718 γάρ
1278 1646 1378 1718 τὴν
1406 1645 1569 1715 φύσιν
1600 1645 1757 1699 ἐκσε-

213 1736 428 1808 6ηκέναι,
458 1740 506 1790 εί
549 1738 644 1791 καὶ
688 1736 787 1810 τὴν
825 1738 982 1804 ἀξίαν
1012 1738 1289 1809 ὑπερέϐης
1331 1738 1409 1809 τῷ
1448 1735 1756 1809 τυραννικῷ

213 1827 481 1898 ἀξιώματι;
539 1828 708 1900 Ἀρχὴ
776 1829 882 1901 γὰρ
943 1830 1095 1901 νόμῳ
1142 1830 1457 1900 τυπουμένη
1510 1828 1757 1900 βασιλεία

215 1920 525 1985 καθίσταται,
556 1922 879 1993 παρανομίᾳ
931 1922 990 1977 δὲ
1039 1923 1475 1994 στοιχειουμένη,
1503 1923 1758 1995 τυραννὶς

214 2014 295 2066 οὐκ
335 2011 525 2077 ἀδίκως
573 2015 1028 2086 κατονομάζεται.
1076 2017 1189 2071 Οὐκ
1237 2017 1479 2085 ἀνέγνως
1525 2015 1759 2082 Ἰεζαϐὲλ

212 2105 262 2157 τὸ
303 2104 798 2178 δραματούργημα;
852 2108 904 2161 τί
949 2110 1162 2163 τουτονὶ
1208 2110 1300 2164 τὸν
1350 2110 1494 2165 θεῖον
1538 2111 1765 2184 είσὲρΧῃ

216 2194 385 2264 σηκόνς
416 2195 593 2264 ἄπαγε
626 2198 815 2269 πόρρω
852 2199 961 2253 τῶν
990 2199 1149 2255 θείων
1178 2200 1519 2273 ἀνακτόρων.
1548 2202 1764 2275 Δουτὴρ

215 2286 417 2357 ὑπάρχει
457 2288 485 2341 ὀ
517 2288 661 2352 θεῖος
690 2288 839 2355 ναὸς,
869 2291 1225 2362 ἀπορρίπτων
1258 2293 1327 2347 τὰ
1367 2295 1761 2366 ἁμαρτήματα.

216 2375 275 2427 Οὐ
305 2374 525 2446 τελώνης
551 2377 646 2432 τὸν
674 2377 881 2451 Ἰησοῦν
907 2380 1159 2450 ἐφέστιον
1179 2382 1561 2454 είσδεξάμενος
1584 2384 1767 2449 καλῶς

213 2467 578 2539 διεσκόρπισεν.
616 2469 653 2524 ἃ
681 2470 870 2535 κακῶς
898 2470 1201 2543 ὲτελώνησε
1227 2492 1243 2542 ;
1277 2474 1375 2528 καὶ
1407 2475 1473 2529 σὺ
1529 2475 1768 2548 θύγατερ

216 2560 299 2627 (ἔτι
321 2560 418 2631 γάρ
448 2579 506 2616 σε
541 2562 705 2634 μέλος
728 2558 979 2631 οὗσαν,εί
998 2566 1093 2621 καὶ
1112 2567 1448 2639 δύσχρηστον
1475 2568 1587 2641 (75)
1611 2587 1769 2641 περι-

215 2652 300 2704 ίδω
321 2653 483 2708 ἐλπίδι
504 2655 608 2725 τῆς
632 2656 929 2728 σωτηρίας,
951 2659 1197 2732 σωτηρία
1223 2660 1280 2715 δὲ
1302 2662 1597 2731 μετανοίας
1622 2662 1767 2733 δίχα,

214 2743 304 2796 τῶν
329 2746 685 2818 ἀνυπάρκτων
714 2748 1082 2823 καθέστηκεν)
1102 2768 1117 2783 ο
1156 2753 1355 2819 ἀπόδος
1378 2755 1579 2821 καλῶς,
1604 2755 1641 2811 ἃ
1674 2773 1773 2810 κα-

215 2835 308 2899 κῶς
333 2837 653 2910 διήρπασας.

273 3010 343 3066 ιε’.
382 3013 563 3068 Ταῦτα
607 3014 820 3085 λέγων,
861 3018 963 3074 οὐκ
1006 3018 1243 3077 ἔπειθεν.
1273 3022 1476 3076 ’Έὸυσε
1522 3025 1632 3097 γὰρ
1675 3025 1775 3098 τὴν

214 3103 361 3173 ἀκοὴν
395 3104 531 3161 ὡσεὶ
586 3108 775 3174 ἀσπὶς,
802 3109 903 3165 οὐκ
951 3112 1223 3167 ὲπαίουσα
1251 3113 1346 3168 τοῦ
1384 3114 1649 3185 φιλοθέως
1683 3118 1777 3171 καὶ

1853 1201 2031 1240 annon
2068 1186 2333 1240 reveritus
2361 1201 2421 1241 es
2446 1196 2650 1255 patrem
2672 1187 3061 1255 orphauorum,
3082 1184 3429 1254 iudicemque

1855 1280 2138 1333 viduarum
2166 1279 2209 1311 ¹⁵
2239 1278 2263 1333 ?
2291 1278 2453 1334 Plane
2480 1279 2571 1349 qui
2609 1279 2771 1333 verbo
2801 1277 2893 1332 Dei
2935 1277 3117 1340 alitur,
3158 1275 3425 1344 prolatam

1854 1385 1889 1423 a
1919 1372 2025 1425 Deo
2050 1385 2236 1425 vocem
2285 1370 2425 1426 hanc
2462 1371 2665 1425 audivit
2698 1387 2712 1425 :
2755 1367 3000 1423 Iudicale
3034 1366 3296 1438 pupillum
3321 1404 3336 1430 ,
3377 1370 3430 1417 et

1854 1463 2068 1517 viduam
2097 1462 2397 1531 justiﬁcate
2419 1463 2482 1516 ¹⁸.
2517 1462 2616 1530 Qui
2649 1462 2771 1533 igne
2800 1462 3092 1532 spirantem
3132 1459 3301 1513 Eliam
3326 1455 3429 1510 zeli

1854 1555 2045 1608 ducem
2072 1554 2252 1617 habet.
2288 1555 2374 1609 hic
2395 1553 2617 1609 Joannis
2642 1553 2946 1609 libertatem
2978 1550 3286 1607 aemulatur.
3313 1543 3428 1601 Non

1858 1646 1981 1700 licet
1998 1644 2113 1709 tibi,
2129 1646 2318 1716 inquit,
2332 1646 2534 1701 sororis
2558 1655 2661 1701 tute
2682 1646 2892 1701 vineam
2910 1656 3195 1713 occupare.
3218 1639 3431 1695 Videris

1859 1737 1955 1793 tibi
2008 1745 2211 1793 naturae
2257 1739 2521 1794 terminos
2565 1738 2908 1804 excessisse,
2968 1736 3093 1806 quia
3145 1732 3430 1805 tyrannica

1859 1840 2114 1899 apparatu
2155 1832 2475 1900 dignitatem
2505 1832 2623 1902 ejus
2659 1829 3016 1898 exsuperasti.
3056 1826 3191 1883 Nam
3226 1824 3432 1896 princi-

1860 1931 2051 1990 patus,
2084 1920 2173 1990 qui
2203 1921 2320 1989 lege
2362 1920 2646 1986 formatur,
2679 1920 2965 1990 imperium
3008 1924 3092 1973 est
3121 1934 3136 1971 :
3183 1917 3273 1988 qui
3304 1929 3434 1971 vero

1864 2011 2120 2080 injustitia
2152 2014 2475 2081 instituitur,
2499 2015 2544 2070 is
2572 2029 2676 2070 non
2705 2013 2976 2069 immerito
3004 2010 3247 2083 tyrannis
3286 2006 3436 2079 apel-

1862 2103 2023 2159 letur.
2064 2104 2259 2160 Annon
2292 2120 2411 2175 qua:
2442 2106 2585 2161 circa
2632 2103 2936 2160 Jezabelem
2975 2110 3125 2174 gesta
3160 2109 3320 2165 sunt,
3359 2097 3439 2151 le-

1863 2196 2284 2266 gisti?Curnam
2313 2197 2556 2253 divinum
2588 2198 2729 2253 istud
2763 2196 3044 2252 delubrum
3088 2187 3436 2261 ingrederis?

1866 2290 1993 2346 Esto
2038 2292 2223 2359 procul
2274 2307 2305 2346 a
2359 2292 2528 2347 sacris
2573 2291 2694 2347 istis
2731 2289 2957 2345 aedibus.
3024 2284 3120 2340 Dei
3178 2283 3436 2353 templum

1865 2382 2036 2452 pelvis
2059 2398 2140 2451 es,
2168 2397 2275 2453 quo
2308 2390 2530 2453 peccata
2557 2383 2831 2439 eluuntur.
2875 2379 3065 2436 Nonne
3094 2375 3435 2449 publicanus,

1866 2476 1955 2544 qni
1980 2474 2161 2529 .lesum
2186 2475 2420 2545 hospitio
2446 2474 2707 2544 suscepit,
2738 2474 2842 2529 rite
2864 2470 3118 2541 dispersit
3147 2482 3267 2539 quae
3299 2464 3440 2521 telo-

1868 2567 1959 2621 nio
1986 2565 2127 2620 male
2153 2564 2389 2621 lucratus
2416 2566 2576 2621 erat?
2603 2566 2683 2620 Tu
2718 2579 2867 2630 vero,
2903 2562 3010 2617 lilia
3033 2563 3179 2633 (nam
3214 2567 3286 2622 te,
3313 2555 3443 2625 quia

1871 2660 2169 2714 membrum
2207 2672 2267 2713 es
2285 2697 2300 2722 ,
2347 2657 2642 2728 quamlibet
2670 2656 2863 2712 inutile
2892 2662 2950 2710 et
2976 2652 3194 2708 noxium
3223 2690 3238 2717 ,
3263 2647 3441 2708 foveo.

1869 2750 1998 2805 dum
2030 2764 2153 2817 spes
2204 2750 2358 2804 adest
2400 2748 2590 2805 salutis
2622 2766 2637 2803 :
2670 2747 2896 2804 salutem
2921 2757 3051 2799 vero
3084 2739 3289 2810 absque
3322 2748 3444 2807 pm-

1874 2840 2095 2895 nitentia
2127 2839 2358 2894 obtineri
2400 2838 2736 2909 impossibile
2769 2837 2913 2907 est),
2936 2833 3099 2892 redde
3131 2831 3293 2897 bene,
3323 2840 3446 2900 qum

1875 2930 2013 2983 male
2042 2929 2286 2997 rapuisti.
3114 2943 3117 2946 ‘

1947 3022 2035 3077 15.
2082 3021 2205 3077 llaec
2227 3032 2405 3077 autem
2450 3036 2569 3077 cum
2601 3021 2830 3087 diceret,
2860 3017 2998 3075 nihil
3034 3015 3312 3073 suadebat.
3352 3012 3447 3068 Illa

1876 3113 2141 3183 siquidem
2197 3124 2453 3185 tanquam
2523 3114 2669 3185 aspis
2717 3128 2877 3169 aures
2940 3112 3324 3173 obturavcrat,
3382 3120 3451 3160 ne

217 3194 375 3262 σοφῶς
397 3198 867 3269 φαρμακεύοντος.
888 3201 1042 3256 Ἐπεὶ
1071 3202 1128 3257 δὲ
1155 3203 1216 3257 τὸ
1241 3204 1415 3269 πάθος
1448 3205 1596 3278 ἐώρα
1621 3209 1772 3280 πάμ-

1879 3207 2115 3279 religiosi
2143 3208 2508 3278 sapientisque
2543 3204 2895 3262 incantatoris
2921 3218 3107 3259 vocem
3151 3199 3449 3257 exaudiret.

214 3300 308 3335 παν
334 3285 565 3351 ἀνίατον,
613 3287 807 3352 ἐξωθεί
849 3288 943 3342 τοῦ
975 3291 1123 3363 ίεροῦ
1157 3292 1405 3362 θαλάμου
1442 3296 1542 3366 τὴν
1572 3296 1772 3367 ἔνδυμα

1878 3299 2237 3368 Quamobrem
2266 3339 2281 3365 ,
2332 3314 2452 3353 cum
2503 3298 2682 3353 sanari
2720 3296 2967 3351 morbum
3008 3309 3113 3349 non
3143 3306 3303 3363 posse
3331 3304 3452 3361 pero

215 3374 373 3442 γάμου
422 3377 496 3448 μὴ
549 3377 805 3449 ἔχουσαν.
850 3377 987 3434 Εἶτα
1018 3381 1101 3447 τί;
1138 3384 1173 3453 ἠ
1216 3384 1455 3448 ’Ῑεζαϐὲλ
1494 3386 1654 3442 πάλιν
1679 3388 1776 3443 τοῦ

216 3465 470 3537 προφήτου
505 3467 987 3535 κατεξανίσταται,
1034 3469 1132 3524 καὶ
1173 3470 1365 3541 φεύγει
1397 3473 1495 3543 μὲν
1523 3474 1777 3546 οὐδαμῶς

216 3554 241 3605 ὁ
266 3555 423 3626 κήρυξ
454 3558 555 3628 τῆς
580 3559 863 3629 ἀληθείας,
892 3561 1014 3615 οὐδὲ
1043 3564 1258 3635 φρουρᾷ
1279 3563 1657 3634 παραδίδοται,
1689 3561 1780 3619 οἷα

217 3647 349 3718 φωνὴ
380 3647 634 3716 βοῶντος,
668 3651 782 3704 ἀλλ’
810 3652 1109 3725 ὑπερορίαν
1138 3654 1658 3719 καταδικάζεται.Ὢ
1684 3656 1777 3710 τοῦ

218 3739 397 3793 ἀτόπου
424 3743 810 3813 φρονήματοςί
848 3744 1012 3798 πάλιν
1054 3745 1116 3797 τὸ
1143 3745 1240 3799 τοῦ
1271 3746 1451 3815 ὄφεως
1481 3746 1779 3818 θέλγητρον

218 3831 304 3900 τῆς
342 3832 670 3905 Ἐκκλησίας
711 3836 805 3889 τὸν
844 3835 940 3889 τοῦ
984 3835 1121 3890 Θεοῦ
1177 3837 1465 3909 ἄνθρωπον
1518 3837 1782 3910 ἐξορίζειν

217 3922 494 3991 ἐπείγεται,
520 3926 742 3997 καὶτῆς
766 3928 1008 3997 ἐφέσεως
1028 3929 1088 3982 οὐ
1115 3929 1201 3999 διή
1213 3947 1404 4002 μαρτε.
1424 3932 1637 4003 Μικρὸν
1659 3932 1781 3985 ὅσον

216 4012 300 4066 τοῦ
346 4014 488 4069 θείου
544 4017 921 4088 μακροθύμως
960 4019 1413 4086 ὲπινυστάξαντος
1448 4018 1779 4090 βλέμματος,

217 4107 299 4158 τοῦ
328 4106 605 4177 βασιλικοῦ
634 4109 939 4180 ὲξορίζεται
977 4110 1192 4177 ἄστεος,
1223 4110 1423 4182 μᾶλλον
1463 4112 1521 4165 δὲ
1568 4128 1784 4184 προμη-

219 4195 326 4268 θείᾳ
344 4196 477 4251 Θεοῦ
502 4200 598 4253 τοῦ
625 4200 1096 4272 θριαμϐεύσαντος
1137 4202 1245 4257 τῶν
1288 4202 1454 4258 αὑτοῦ
1500 4203 1670 4272 φιλῶν
1699 4204 1785 4257 02-

218 4290 490 4355 ραπευτῶν
532 4292 598 4345 τὸ
639 4293 959 4365 ἀρρενωπὸν
998 4294 1278 4367 φρόνημα,
1308 4295 1405 4349 καὶ
1446 4297 1630 4350 πᾶσαν
1671 4295 1783 4367 (76)

219 4382 339 4438 Θεοῦ
367 4382 455 4441 οἷα
487 4387 628 4442 Θεοῦ
673 4389 748 4443 ὣν
775 4391 835 4444 ἓν
864 4391 1032 4463 αύτῷ,
1064 4392 1158 4446 καὶ
1206 4393 1305 4445 σὺν
1350 4391 1502 4464 αύτῷ
1548 4392 1783 4465 περιῄει,

219 4476 306 4528 σὺν
327 4478 579 4552 Ἀϐραὰμ
597 4481 734 4554 πρὸς
758 4482 1064 4555 ἀλλοδαπὴν
1086 4484 1441 4556 καλούμενος,
1459 4485 1557 4539 σὺν
1575 4487 1782 4555 Μωῦσῇ

1881 3394 2137 3463 spiceret,
2172 3406 2330 3446 sacro
2365 3406 2483 3445 eam
2515 3389 2752 3444 thalamo
2795 3388 2982 3458 pellit,
3013 3401 3133 3456 quae
3160 3381 3452 3453 nuptialem

1882 3496 2080 3540 vestem
2114 3500 2217 3539 non
2250 3483 2491 3538 haberet.
2526 3481 2729 3536 Deinde
2760 3494 2885 3535 vero
2907 3479 3034 3550 quid
3055 3478 3081 3531 ?
3108 3473 3329 3532 Jezabel
3355 3473 3452 3527 ite-

1882 3593 1999 3629 rnm
2049 3586 2238 3630 contra
2290 3577 2601 3645 prophetam
2649 3573 2895 3644 insurgit.
2956 3572 3056 3625 Ast
3116 3581 3455 3639 nequaquam

1884 3669 2018 3739 l‘ngit
2064 3666 2305 3721 veritatis
2344 3682 2560 3735 prmco,
2612 3679 2785 3735 neque
2816 3662 3077 3719 custodite
3121 3660 3454 3729 mancipatur

1883 3759 2044 3814 veluti
2080 3774 2182 3813 vox
2216 3757 2502 3813 clamantis
2531 3774 2545 3824 ;
2574 3756 2668 3812 sed
2697 3755 2953 3811 multatur
3000 3752 3212 3809 exsilio.
3253 3748 3298 3805 Ο
3323 3748 3457 3805 male

1882 3866 2072 3905 sanum
2104 3849 2424 3906 consilium!
2464 3848 2640 3903 denuo
2684 3846 2951 3918 serpentis
2983 3843 3230 3900 mulcedo
3268 3839 3457 3898 Eccle-

1884 3942 1961 3996 sia
1994 3941 2193 4011 pellere
2236 3941 2509 3995 hominem
2555 3939 2646 3994 Dei
2689 3948 2937 3994 conatur.
2978 3935 3089 3991 Nec
3124 3934 3325 4005 optatis
3358 3947 3459 3988 ex-

1884 4035 2032 4088 cidit.
2059 4033 2151 4088 Dei
2178 4033 2445 4087 tantillum
2476 4032 2618 4086 velut
2645 4031 2969 4085 dormitante
2996 4029 3263 4098 patienter
3279 4023 3458 4088 oculn,

1888 4127 2028 4194 regia
2063 4128 2281 4177 civitate
2314 4122 2563 4177 exsulare
2590 4122 2671 4173 vir
2693 4132 2912 4175 sanctus
2944 4121 3196 4190 cogitur;
3228 4118 3334 4171 imo
3361 4113 3460 4169 Dei

1887 4217 2199 4286 providente
2228 4216 2464 4277 numine,
2506 4221 2565 4267 ut
2595 4211 2763 4266 virilis
2791 4211 3112 4266 dilectarum
3143 4208 3243 4264 sibi
3275 4221 3457 4264 servo-

1888 4323 2007 4362 rum
2047 4305 2211 4359 animi
2249 4305 2579 4375 triumphum
2631 4303 2955 4367 exhiberet,
3015 4314 3337 4369 omnemque
3371 4298 3463 4356 Dei

1887 4407 1946 4454 ut
1979 4400 2070 4469 qui
2101 4397 2193 4454 Dei
2214 4407 2377 4463 esset,
2409 4413 2506 4454 ceu
2534 4398 2584 4452 in
2611 4412 2736 4469 quo,
2754 4398 3040 4466 etquicum
3060 4394 3274 4448 adesset
3302 4393 3463 4455 Deus,

1888 4508 2009 4547 cum
2036 4492 2303 4546 Abraham
2336 4491 2597 4546 circuibat
2624 4490 2690 4546 ad
2719 4499 3033 4546 extraneam
3064 4484 3347 4556 regionem
3379 4499 3466 4538 vo-

216 4567 315 4664 τῶν
361 4569 654 4641 βασιλείων
697 4575 1157 4647 φυγαδευόμενος,
1200 4578 1298 4631 σὺν
1334 4577 1494 4648 Ἠλίᾳ
1543 4576 1680 4648 πρὸς
1722 4576 1772 4630 τί

1892 4603 2047 4647 catus
2074 4611 2087 4647 :
2125 4594 2284 4662 regiis
2312 4594 2518 4649 aedibus
2539 4608 2659 4648 cum
2686 4591 2869 4664 Moyse
2890 4589 3175 4659 eXpnlsus,
3204 4603 3325 4643 cum
3351 4588 3468 4645 Elia

216 4658 397 4733 ἄντρον
417 4664 626 4737 Χωρὴὸ
646 4666 989 4740 ἀποτρέχων,
1021 4669 1121 4723 σὺν
1160 4669 1338 4740 Ἰησοῦ
1369 4668 1448 4741 τῷ
1491 4669 1612 4741 Θεῷ
1653 4669 1772 4737 φεύ-

1896 4686 1947 4739 in
1975 4695 2186 4740 antrum
2217 4684 2395 4741 Hureb
2419 4700 2731 4749 excurrens,
2768 4699 2888 4738 cum
2920 4681 3031 4737 Deo
3056 4678 3182 4735 Jesu
3211 4682 3265 4734 in
3304 4677 3470 4749 Egy-

222 4767 319 4819 Υων
354 4757 432 4821 εις
464 4758 769 4828 Αἴγυπτον,
812 4761 891 4825 ὡς
932 4762 1000 4818 ἂν
1041 4763 1101 4815 ἐν
1141 4766 1254 4827 τοῖς
1290 4763 1473 4830 ἄθλοις
1504 4765 1537 4836 ἠ
1568 4762 1772 4835 ἀνδρεία

1897 4783 2043 4845 ptum
2091 4774 2341 4843 fugiens,
2395 4783 2453 4828 ut
2502 4775 2554 4828 in
2605 4770 2995 4828 certaminibus
3047 4766 3306 4827 fortitudo
3343 4766 3472 4833 .ejus

215 4848 498 4921 γνωσθείη,
529 4853 630 4906 καὶ
650 4853 966 4927 κατάλληλα
987 4854 1297 4911 τάέπαθλα
1324 4856 1594 4927 δρέψοιτο.
1614 4857 1699 4920 Ὠς
1723 4854 1772 4910 ἂι

1894 4875 2171 4937 comperta
2219 4865 2405 4930 ﬁeret,
2449 4874 2801 4936 carperetque
2854 4860 3045 4915 merita
3096 4857 3356 4929 prannia:
3389 4865 3467 4919 ut,

217 4939 401 5008 τρόπον
426 4944 555 4996 τινὰ
594 4944 687 4998 τὸν
728 4944 848 5000 ἰὼὸ
887 4949 1292 5021 έκμιμήσηται,
1322 4950 1581 5021 καὶπρὸς
1623 4949 1772 5004 αὐτὸπ

1898 4959 2138 5029 inquam.
2167 4955 2359 5012 Jobum
2386 4958 2544 5012 modo
2577 4958 2808 5027 quodam
2842 4953 3168 5015 imitaretur,
3197 4965 3309 5011 ceu.
3333 4947 3472 5001 Deus

218 5031 322 5101 ἐρεῖ
342 5034 576 5099 Θεός.Ἡ
598 5037 711 5092 οἴει
738 5056 817 5108 με
850 5039 1051 5108 ἄλλως
1089 5045 1587 5110 κεχρηματικέναι
1608 5056 1729 5109 σοι,
1751 5043 1772 5095 i

1902 5049 1985 5104 his
2018 5050 2193 5119 ipsum
2217 5047 2394 5101 verbis
2415 5047 2759 5116 compellaret
2784 5061 2797 5096 :
2832 5040 2954 5097 Non
2983 5050 3135 5108 putas
3167 5054 3248 5092 me
3271 5037 3381 5117 alia
3408 5040 3472 5119 de

218 5123 308 5177 ira
332 5126 568 5198 δίκαιος
594 5131 932 5203 ἀναφανῇς,
958 5134 1037 5199 ὡς
1057 5135 1124 5189 ἂν
1153 5136 1247 5189 καὶ
1279 5135 1460 5199 ἄλλοις
1499 5134 1713 5208 κηρύξῃ
1733 5134 1772 5188 τε

1899 5156 2060 5193 causa
2112 5139 2207 5192 tibi
2256 5138 2618 5205 respondisse,
2668 5137 2769 5188 nisi
2815 5144 2871 5187 ut
2886 5133 3070 5204 justus
3098 5145 3352 5200 apparens
3386 5127 3473 5182 "i

218 5214 556 5287 Εὐαγγέλιον.

1900 5230 2172 5298 Qninimo,
2205 5240 2263 5285 ut
2300 5230 2420 5284 aliis
2452 5228 2613 5283 etiam
2643 5225 2963 5295 prmdicares
2992 5221 3361 5304 Evangelium.
3444 5217 3452 5226 '

283 5329 373 5395 ις’.
416 5333 480 5386 Εί
514 5334 578 5389 δὲ
603 5333 697 5388 καί
728 5353 874 5400 τινες
904 5336 1083 5408 ἕτεροι
1109 5340 1207 5409 τῆς
1239 5336 1558 5408 παρανόμου
1590 5337 1772 5409 ταύτῃ

1971 5344 2055 5399 l6.
2084 5342 2318 5400 Tametsi
2353 5359 2480 5400 vero
2505 5343 2720 5413 quidam
2747 5342 2911 5397 etiam
2935 5356 3001 5395 ex
3029 5337 3353 5409 prresulihus
3381 5336 3471 5393 alil

219 5420 506 5495 ὑπερορίας
541 5426 918 5501 συλλήπτορες
946 5430 1228 5499 γεγόνασι,
1260 5432 1385 5502 σιγῇ
1422 5430 1675 5501 τιμῶμεν
1704 5432 1772 5484 αί-

1894 5436 2097 5506 injusto
2144 5436 2332 5492 huicce
2387 5437 2582 5492 exsilio
2630 5433 3115 5504 sttﬂragati'sint:
3161 5439 3216 5484 at
3260 5428 3477 5491 silentio

218 5511 289 5564 δοῖ
310 5513 417 5567 τῶν
449 5516 740 5588 Πατέρων,
772 5519 847 5585 ὼς
880 5519 946 5575 ἂν
972 5521 1049 5593 μὴ
1073 5520 1169 5575 τοῦ
1200 5522 1332 5593 Χάμ
1355 5520 1772 5594 ἀπενεγκὼμεθι

1898 5543 2009 5583 rem
2041 5529 2340 5599 transigere
2373 5529 2523 5594 lihet,
2561 5538 2779 5598 propter
2808 5527 3070 5581 honorem
3106 5521 3327 5577 Patrum
3351 5559 3369 5585 .
3409 5534 3478 5574 ne

291 5690 334 5721 "
364 5690 506 5749 Psal.
544 5710 713 5765 um,
746 5696 803 5751 6.
878 5700 922 5731 “
951 5698 1093 5755 Psal.
1146 5716 1330 5764 um,
1365 5700 1418 5755 3.
1501 5699 1541 5731 "
1571 5698 1671 5754 Job
1702 5717 1788 5767 XL,
1819 5699 1872 5757 8.

288 5847 395 5918 (75)
423 5848 571 5920 Lege
601 5853 859 5924 περιέχω.

532 5949 806 6007 ιἈτιιοι..
859 5946 977 6008 Gn.
1027 5942 1244 6009 XCVI.

1974 5851 2084 5920 (76)
2116 5848 2209 5903 llis:
2242 5850 2389 5902 deest
2416 5846 2631 5916 aliquid.
3073 5926 3156 5991 25
