4070 6438
603 425 710 495 779

1776 424 1835 483 S.
1876 420 2192 483 JOANNIS
2229 418 2657 480 DAMASCENI
3733 410 3821 471 ’ἴω

597 542 787 599 Chami
821 540 1001 597 multa
1051 539 1246 595 ilamus
1290 540 1530 607 obnoxii,
1576 539 1848 595 illudendo
1894 538 2162 595 Patribus.

2273 538 2594 611 πρόστιμον,
2626 543 2740 604 τοῖς
2772 539 3049 611 Πατράσιν
3088 532 3539 599 ἑπιτωθάξοντες.
3576 531 3821 603 Πολύτρο-

599 627 891 686 Ilultifarie
934 629 1200 699 siquidem
1229 639 1519 684 narrantur
1544 628 1646 683 ista
1677 646 1691 694 ;
1750 639 1808 682 ut
1837 642 2027 698 nempe
2050 628 2164 697 epi-

597 739 889 795 scoporum
927 724 1144 793 quidem
1176 724 1268 777 alii
1297 720 1628 791 nequissimo
1656 720 1782 775 huic
1816 718 2043 774 facinori
2081 733 2171 772 as-

598 815 745 872 sensi
798 814 909 868 sint
942 828 967 867 τ
1003 813 1091 868 alii
1143 823 1320 868 autem
1370 811 1583 881 penitus
1611 811 1896 865 abnuerint
1932 828 1946 864 :
2004 808 2172 881 895.

601 904 950 974 itupcratrice
1009 905 1366 960 condemnata
1399 942 1415 966 ,
1481 902 1778 972 quamlibet
1834 902 2172 956 minitaretur

602 993 882 1065 gentilium
929 992 1196 1058 fanorum,
1239 1007 1360 1062 qua;
1409 991 1615 1060 pridem
1643 1005 1828 1046 eversa
1869 1000 2053 1057 erant,
2096 992 2172 1046 in-

603 1082 989 1137 staurationem
1014 1117 1032 1146 ,
1091 1081 1193 1135 nisi
1225 1080 1384 1136 simul
1414 1093 1603 1135 omnes
1632 1079 1928 1134 concordes
1983 1079 2173 1135 ﬁerent

608 1174 669 1228 ad
701 1175 876 1228 virum
911 1181 1156 1228 sanctum
1184 1172 1498 1241 episcOpatu
1534 1171 1936 1241 exagitandam.
1982 1169 2173 1225 Vincat

608 1272 806 1334 Itaque,
832 1263 1117 1333 potiusque
1144 1262 1273 1317 illud
1313 1262 1598 1324 habeatur,
1631 1278 1735 1330 quo
1774 1262 1980 1317 meliori
2017 1260 2174 1316 famae

607 1353 924 1410 consulitur.
967 1352 1397 1422 Haudquaquam
1449 1353 1593 1409 enim
1633 1367 1844 1422 aequum
1875 1352 2038 1407 fuerit
2069 1350 2172 1405 Pa-

608 1454 715 1499 tres
740 1444 879 1499 inter
905 1458 965 1500 se
991 1444 1353 1509 committere,
1385 1458 1453 1499 ne
1490 1457 1587 1499 nos
1614 1458 1643 1498 a
1672 1442 1959 1514 nobisipsis
1986 1456 2173 1499 eorum

606 1535 812 1603 Iudices
838 1537 1254 1590 constituamus.

674 1626 763 1679 17.
806 1625 931 1681 Sive
963 1627 1144 1697 itaque
1174 1629 1299 1694 hoc,
1332 1629 1445 1683 sive
1478 1626 1585 1683 alio
1611 1629 1772 1685 modo
1796 1643 1881 1684 res
1904 1636 2052 1698 gesta
2078 1627 2172 1694 sit,

606 1730 669 1771 ex
724 1717 963 1773 Ecclesia
1032 1720 1226 1788 praesul
1269 1719 1540 1786 avellitur,
1601 1733 1765 1791 caput
1821 1737 1886 1776 ex
1920 1735 2170 1790 corpore,

2271 649 2372 696 πος
2401 632 2509 702 γὰρ
2538 634 2571 703 ἡ
2605 633 2731 702 περὶ
2769 630 2959 685 τούτου
3006 630 3282 702 διήγησις,
3314 626 3423 680 τῶν
3474 624 3577 696 μὲν
3628 625 3822 677 ἐπισκό-

2272 743 2389 779 πων
2441 724 2773 795 ὲπιχεόντων
2819 723 2880 777 τὸ
2927 724 3167 788 ἄτοπον,
3203 722 3314 775 τῶν
3363 720 3422 773 δὲ
3468 720 3624 774 τουτὶ
3669 718 3823 789 πάντῃ

2271 818 2740 888 ἀπαναινομένων,
2796 818 2891 871 καί
2931 817 3031 887 τῆς
3077 815 3347 887 βασιλίδος
3395 812 3825 881 καταψηφιξομέ-

2273 926 2398 974 νων,
2439 908 2773 979 ἀπειλούσης
2818 910 2917 979 τὴν
2957 908 3067 960 τῶν
3097 905 3395 975 ἐλληνικῶν
3426 904 3680 974 τημένων
3710 903 3825 954 ἀνα.

2273 1003 2531 1066 καίνισιν,
2566 1001 2666 1072 ἤδη
2699 999 3136 1070 καθαιρεθέντων
3174 999 3319 1069 ἄρτι,
3352 996 3406 1050 εἴ
3426 1013 3493 1065 γε
3529 995 3605 1064 μὴ
3633 993 3827 1062 σύμψη-

2274 1111 2365 1162 φοι
2406 1094 2543 1165 πρὸς
2584 1093 2683 1165 τὴν
2728 1093 2872 1148 θείου
2903 1092 3096 1164 ἀνδρὸς
3124 1091 3368 1159 γένοιντο
3392 1088 3603 1152 δίωξιν.
3640 1087 3742 1139 Καὶ
3764 1103 3829 1137 νι-

2274 1189 2426 1243 κάτω
2456 1187 2518 1240 τὸ
2543 1186 2679 1257 εὔφη
2690 1204 2819 1257 μον·
2848 1186 2948 1240 οὒκ
2975 1184 3180 1255 ἀγαθὸν
3211 1183 3321 1253 γὰρ
3347 1180 3610 1251 Πατέρας
3638 1177 3831 1245 συγκρῐο

2274 1296 2406 1344 νειν,
2430 1279 2505 1344 ὡς
2526 1280 2590 1334 ἂν
2624 1279 2698 1351 μὴ
2719 1279 2924 1333 τούτων
2950 1278 3041 1348 ὑφ’
3068 1275 3278 1331 ἑαυτῶν
3307 1273 3501 1345 κριταὶ
3526 1267 3831 1338 κατασταίη-

2277 1390 2395 1444 μεν.

2351 1638 2433 1704 ιζ’.
2474 1640 2597 1693 Εἴτε
2631 1634 2723 1693 οὖν
2756 1636 2947 1702 οὕτως,
2984 1636 3094 1689 εἴτε
3124 1634 3368 1697 ἐκείνως,
3401 1632 3716 1700 ἀφαιρεῖται
3748 1629 3833 1699 τῆς

2290 1728 2615 1800 Ἐκκλησίας
2640 1731 2668 1782 ὁ
2697 1727 2977 1797 πρόεδρος,
3014 1726 3046 1794 ἠ
3082 1722 3291 1793 κεφαλή
3323 1738 3383 1774 τε
3426 1719 3527 1773 τοῦ
3584 1717 3831 1787 σώματος,

606 1822 844 1878 grexque
899 1809 1151 1864 viduatur
1195 1811 1399 1880 optimo
1446 1826 1708 1883 pastore,
1772 1815 1861 1883 qui
1896 1815 2171 1869 Christum

2278 1826 2371 1881 ml.
2394 1822 2617 1896 χηρεύει
2645 1820 2706 1874 τὸ
2731 1819 2982 1889 ποίμνιον
3009 1816 3103 1870 τοῦ
3129 1812 3297 1869 καλοῦ
3322 1812 3591 1883 ποιμένος
3617 1810 3706 1863 τοῦ
3729 1825 3832 1880 χρι-

605 1897 888 1952 aemulandi
920 1900 1123 1967 studio,
1153 1902 1388 1956 animam
1413 1917 1628 1972 semper
1656 1919 1808 1958 suam
1843 1919 1939 1974 pro
1976 1905 2168 1959 ovibus

2282 1889 2630 1987 crou't‘tiﬁ'tw;
2662 1913 2749 1966 ἀεὶ
2780 1910 2879 1981 τὴν
2902 1909 3080 1979 ψυχὴν
3107 1904 3345 1967 τιθέντος
3374 1903 3470 1973 τὴν
3500 1899 3693 1955 ἑαυτοῦ
3716 1898 3835 1969 ὑπὲρ

605 1988 803 2054 posuit.
836 1987 1081 2044 Ecclesia
1107 1992 1507 2048 concionatoris
1540 1994 1623 2049 sui
1648 1993 1921 2049 desiderio
1949 1994 2176 2063 angeba-

604 2083 729 2142 tur;
768 2091 896 2132 oves
924 2119 941 2145 ,
974 2079 1224 2148 opilionis
1276 2090 1332 2135 et
1360 2082 1600 2147 ﬁstulae;
1647 2082 1844 2138 Christi
1894 2085 2173 2149 satellites,

604 2169 841 2239 praiiecti
870 2169 1072 2225 militiae
1107 2182 1164 2227 ct
1192 2175 1331 2229 tubte
1370 2188 1473 2243 qua
1506 2175 1812 2245 spirituaies
1844 2176 2023 2232 hostes
2053 2194 2171 2247 per-

602 2258 968 2328 eellebantur;
994 2273 1353 2331 protectorem
1392 2267 1562 2322 viduae
1585 2273 1931 2337 exoptabant,
1967 2283 2173 2340 patrem

602 2351 807 2419 pupilli,
836 2354 962 2423 aegri
992 2355 1282 2411 sollicitum
1313 2368 1643 2425 curatorem,
1670 2362 1939 2432 peregrini
1995 2378 2175 2418 susce-

600 2451 853 2510 plorem,
902 2444 1180 2501 civitatum
1233 2451 1415 2520 regina
1468 2465 1658 2506 aurum
1721 2454 1995 2508 sincerum
2069 2470 2174 2522 quo

603 2534 995 2604 decorabatur;
1028 2553 1149 2593 eum
1184 2582 1200 2605 ,
1242 2541 1465 2611 inquam
1492 2583 1509 2608 ,
1581 2544 1671 2613 qui
1725 2543 2011 2614 imperium
2049 2560 2173 2600 cum

602 2624 905 2679 sacerdotio
930 2627 1260 2695 miscuerat,
1303 2641 1683 2702 sceptrumque
1707 2643 1761 2687 et
1790 2634 2033 2688 diadema
2078 2651 2173 2704 pa-

602 2723 769 2769 terna:
798 2717 1066 2773 venustati
1101 2718 1472 2790 largiebatur;
1518 2723 1780 2793 religiosa:
1820 2739 2010 2789 aures,
2058 2741 2175 2780 ser-

606 2819 818 2862 monem
865 2822 1036 2879 osque
1065 2824 1311 2866 aureum.
1342 2813 1630 2879 Quinimo,
1662 2814 1763 2869 nisi
1799 2814 2176 2870 audaciuscuie

602 2894 745 2964 loqui
794 2898 980 2953 videar
1011 2938 1029 2965 ,
1078 2916 1182 2955 una
1230 2917 1350 2956 cum
1384 2904 1474 2957 illo
1499 2903 1747 2960 Christus
1793 2921 2040 2974 egressus
2068 2916 2172 2973 est,

601 3000 760 3054 quem
791 2986 845 3043 in
874 3004 934 3044 se
964 3000 1271 3046 manentem
1298 3003 1553 3062 gestaret.
1582 2993 1626 3050 Ο
1653 3011 1754 3063 qua
1785 2996 1990 3051 ratione
2018 2996 2177 3054 siccis

601 3077 772 3134 oculis
808 3081 1217 3141 acerbissimam
1253 3083 1392 3140 hanc
1424 3084 1783 3141 calamitatem
1804 3091 2178 3146 enarravero?

601 3166 954 3242 Nequaquam
988 3174 1134 3229 enim
1167 3189 1297 3240 cor,
1345 3176 1641 3247 quamlibet
1668 3191 1891 3232 saxeum
1924 3180 2171 3250 ﬁngatur,

604 3270 906 3331 temperare
932 3279 961 3317 a
983 3263 1469 3335 .lacrymispossit.
1500 3264 1635 3321 Nam
1662 3278 1814 3338 petra
1838 3269 1987 3340 virga
2026 3269 2174 3343 Moy-

600 3350 675 3405 sis
701 3365 956 3420 percussa
985 3352 1175 3410 latices
1191 3353 1479 3422 ell'uderat,
1506 3367 1668 3427 atque
1688 3373 1754 3413 ex
1783 3359 1963 3419 corde.
1987 3375 2177 3430 quam-

598 3439 731 3497 libet
762 3441 995 3500 duorum
1024 3448 1135 3512 sit,
1182 3450 1227 3503 si
1270 3449 1480 3518 tragica
1507 3450 1609 3507 hac
1640 3451 1951 3507 narratione
1981 3455 2175 3508 verbe-

599 3542 774 3598 ratur.
812 3535 885 3591 .ob
942 3536 1619 3600 immanitatemfacinoris
1650 3541 1784 3611 largi
1814 3542 2175 3615 iacrymarum

600 3621 778 3678 fontes
802 3626 1149 3687 emittuntur.

670 3716 759 3770 18.
799 3720 869 3773 At
892 3734 1019 3774 vero
1068 3724 1347 3791 repentino
1382 3734 1526 3781 motu
1573 3728 1718 3799 regia
1750 3730 2008 3798 quatitur.
2039 3728 2172 3784 Nam

599 3802 815 3860 Pharao
867 3825 1056 3868 rursus
1100 3827 1221 3869 eum
1258 3816 1350 3885 qui
1392 3817 1574 3872 divino
1594 3833 1891 3890 conspectu
1920 3822 2172 3887 donatur,

598 3897 1202 3967 clamoribusaccersit.
1228 3915 1288 3959 ut
1314 3906 1566 3962 inﬂictam
1590 3910 1801 3981 plagam
1829 3924 2170 3983 compescat:

602 3985 657 4039 id
691 3990 831 4055 quod
861 3990 1042 4044 statim
1072 3994 1272 4048 evenit.
1306 3992 1403 4050 Vix
1437 3996 1578 4051 enim
1611 3997 1851 4056 Joannes
1883 4002 2177 4071 imperato-

598 4076 674 4131 ris
707 4077 860 4147 jussu
911 4081 1101 4151 pedem
1149 4084 1438 4152 retulerat,
1498 4103 1621 4143 cum
1676 4092 1913 4145 cessavit
1948 4102 2170 4151 tremor.

597 4167 689 4223 Sic
710 4184 899 4239 nempe
926 4173 1064 4229 Deus
1090 4175 1235 4230 novit
1259 4191 1355 4232 eos
1388 4179 1657 4235 honorare
1687 4182 1775 4250 qui
1802 4194 1936 4238 sunt
1968 4184 2169 4253 ipsius:

603 4257 729 4315 Vivo
757 4263 896 4316 enim
930 4280 1047 4330 ego,
1081 4267 1161 4320 ait
1193 4266 1473 4338 Dominus,
1508 4275 1633 4342 quia
1657 4273 1777 4328 illos
1809 4275 1897 4346 qui
1926 4291 2018 4331 me
2054 4275 2169 4345 glo-

594 4351 805 4419 riﬁcent
834 4355 1145 4427 gloriﬁeabo
1192 4358 1256 4414 “.
1298 4359 1533 4419 Rursum
1586 4366 1749 4436 igitur
1797 4381 1925 4436 grex
1962 4368 2169 4424 Christi

590 4441 984 4510 iucunditatem
1017 4447 1228 4518 recipit.
1262 4449 1523 4509 Omnibus
1546 4456 1815 4525 siquidem
1848 4458 2168 4524 restituitur,

2274 2010 2383 2063 τῶν
2409 2008 2719 2081 προϐάτων.
2751 2005 2863 2058 Καὶ
2886 2001 3073 2055 ἐπόθει
3098 2002 3130 2070 ή
3169 1996 3465 2067 Ἐκκλησία
3500 1994 3598 2047 τὸν
3617 1993 3833 2063 κήρυκα,

2272 2103 2366 2155 τὸν
2416 2099 2606 2168 νομέα,
2639 2098 2709 2151 τὰ
2760 2094 3030 2164 πρόϐατα,
3058 2093 3151 2145 καλ⁸
3198 2090 3299 2161 τὴν
3348 2087 3620 2157 σύριγγα’
3668 2085 3715 2137 oi
3756 2081 3833 2136 τοῦ

2274 2191 2511 2265 Χριστοῦ
2539 2187 2947 2261 ὑπερασπισταὶ
2982 2185 3074 2238 τὸν
3102 2182 3413 2251 ταξίαρχον,
3443 2178 3546 2232 καὶ
3580 2178 3679 2246 τὴν
3724 2175 3834 2227 aﬂ-

2273 2299 2449 2351 πιγγα
2502 2280 2619 2335 κατ’
2646 2277 2857 2348 ἐχθρῶν
2898 2275 3106 2345 νοητῶν
3148 2271 3552 2342 ταράττουσαν,
3584 2265 3677 2317 τὸν
3725 2278 3836 2333 προ·

2273 2370 2544 2442 ασπιστὴν
2573 2372 2629 2424 αἱ
2660 2369 2828 2440 χῆραι
2848 2385 2861 2398 ο
2899 2367 2950 2421 oi
2985 2364 3211 2437 ὀρφανοὶ
3239 2362 3332 2415 τὸν
3356 2358 3611 2428 πατέρα·
3664 2357 3711 2408 oi
3758 2372 3834 2406 νο-

2246 2464 2495 2529 σοῦντες
2540 2462 2632 2516 τὸν
2681 2458 2971 2531 κομιστὴν,
3019 2458 3069 2510 οἱ
3096 2455 3235 2521 ξένοι
3286 2448 3637 2520 ξεναγωγόψ
3687 2446 3836 2518 quin

2273 2556 2483 2609 πόλεων
2502 2552 2761 2626 ἁλουργὶς
2776 2551 2869 2605 τὸν
2891 2548 3095 2621 χρυσὸν
3114 2546 3205 2599 τὸν
3231 2540 3528 2612 ἀκίϐδηλον
3552 2534 3835 2607 κοσμοῦντα

2271 2649 2338 2702 δι’
2367 2644 2585 2712 ἑαυτοῦ,
2614 2645 2709 2699 καὶ
2752 2640 3122 2713 ὲπικιρνῶντα
3150 2639 3249 2710 τὴν
3292 2634 3580 2705 βασιλείαν
3610 2634 3673 2701 τῇ
3702 2631 3836 2698 ἱερω-

2276 2739 2432 2814 σύνῃ,
2459 2738 2554 2791 καὶ
2591 2738 2657 2807 τῇ
2704 2733 2801 2788 τοῦ
2845 2731 3051 2803 πατρὸς
3080 2729 3200 2801 ὥρᾳ⁸
3234 2723 3573 2798 χαριτοῖητα
3620 2720 3680 2814 τὸ
3721 2718 3833 2786 σκή-

2274 2813 2463 2904 πτρον,
2497 2828 2593 2883 καὶ
2626 2826 2688 2881 τὸ
2719 2825 2987 2896 διάδημα’
3019 2822 3087 2887 ξαὶ
3135 2819 3370 2891 φιλόθεοι
3401 2817 3573 2872 ἀκοαὶ
3603 2813 3694 2867 τὸν
3721 2829 3837 2883 xpo-

2276 2922 2496 2991 σολόγον
2515 2920 2610 2973 καὶ
2628 2916 3021 2989 χρυσόστομον.
3051 2914 3162 2967 Καὶ
3194 2914 3241 2965 εί
3266 2910 3342 2983 μὴ
3366 2907 3647 2979 τολμηρὸν
3671 2906 3834 2977 φάναι,

2276 3012 2524 3082 συνεξῄει
2545 3008 2780 3081 Χριστὸς
2799 3007 2857 3060 ὃν
2876 3007 3071 3076 ἔφερεν
3092 3002 3426 3057 ἐνοιστον.Ὢ
3447 2998 3575 3061 πῶς
3598 2996 3837 3067 ἀδακρυτὶ

2274 3103 2375 3175 τὴν
2394 3103 2695 3171 ἀνήκεστον
2711 3096 3195 3169 ὲκτραγῳδήσαιμι
3213 3111 3277 3147 συ
3286 3091 3499 3164 μφορὰν
3516 3108 3533 3157 ;
3553 3088 3671 3141 οὐδὲ
3683 3084 3835 3175 λιθίνη

2274 3197 2385 3265 γὰρ
2413 3193 2612 3264 καρδία
2646 3191 2721 3262 μὴ
2754 3189 3011 3258 δακρύειν
3050 3188 3141 3240 ἐπὶ
3182 3184 3355 3254 ταύτῃ
3387 3183 3702 3249 δυνήσεται,
3734 3174 3837 3229 ἐπὶ

2276 3288 2373 3341 καὶ
2417 3284 2563 3347 λίθος
2600 3282 2783 3354 ῥάϐδῳ
2817 3280 3091 3349 Μωσαῖκῇ
3143 3273 3483 3349 ῥαπιζομένη
3542 3268 3717 3339 ἐξέχεε
3760 3267 3836 3319 νά-

2281 3394 2447 3449 ματα,
2483 3376 2580 3429 καὶ
2604 3373 2802 3445 καρδία
2836 3370 3039 3443 στερρὰ
3078 3367 3156 3438 τῷ
3205 3364 3422 3438 μεγέθει
3455 3362 3726 3433 πληγεῖσα
3755 3357 3837 3426 τῆς

2276 3465 2606 3539 τραγῳδίας,
2640 3461 2948 3534 ποταμηδὸν
2982 3459 3135 3530 ὲκχεί
3159 3455 3409 3528 δακρύων
3440 3449 3728 3525 κρουνούς.

2350 3733 2441 3798 ιη’.
2483 3724 2621 3779 Ἀλλ’
2656 3723 2809 3794 ἄφνω
2846 3720 2914 3776 τὰ
2942 3718 3193 3792 βασίλεια
3224 3715 3503 3789 θραύεται,
3535 3713 3633 3767 καὶ
3662 3706 3835 3779 Φαραὼ

2277 3821 2440 3874 πάλιν
2469 3818 2563 3872 τὸν
2590 3818 2825 3887 θεόπτην
2846 3814 3042 3885 ὲπιὸοᾷ
3063 3812 3133 3866 τὰ
3163 3811 3298 3883 πρὸς
3328 3810 3425 3876 τὴν
3450 3806 3557 3875 τῆς
3596 3806 3835 3877 μάστιγος

2274 3911 2515 3982 ἄμυναν’
2552 3908 2580 3961 ὃ
2614 3906 2678 3978 δὴ
2712 3907 2807 3959 καὶ
2840 3903 3230 3973 γίνεται.⁸Ἀμα
3258 3898 3365 3970 γὰρ
3404 3897 3664 3964 Ἰωάννης
3704 3892 3835 3962 βασις

2275 4002 2412 4072 λικῷ
2474 4000 2786 4054 παλινοστεῖ
2835 3995 3262 4068 προστάγματι,
3329 3990 3423 4043 καὶ⁵
3484 3987 3751 4041 ἐκόπασεν
3787 3984 3832 4072 λη

2275 4093 2524 4166 θραῦσις.
2561 4090 2749 4155 Οὕτως
2780 4085 2886 4143 οἶδε
2911 4087 3043 4150 Θεὸς
3077 4087 3243 4155 τιμᾷν
3269 4084 3391 4145 τοὺς
3439 4080 3606 4142 ὄντας
3652 4068 3833 4130 αὐτοῦ’

2274 4187 2367 4242 Ζῶ
2393 4186 2505 4257 γὰρ
2532 4184 2666 4255 ἐγὼ,
2697 4181 2858 4250 λέγει
2888 4180 3121 4247 Κύριος,
3154 4174 3292 4231 ἀλλ’
3318 4172 3356 4241 ἢ
3394 4172 3538 4236 τοὺς
3582 4166 3835 4257 δυξὰζογς

2273 4256 2481 4349 τός’με
2504 4274 2763 4341 δοξάσω.
2786 4272 2953 4329 Πάλιν
2972 4270 3151 4324 τοίνυν
3183 4270 3240 4321 ὲν
3276 4263 3511 4336 εὐθυμία
3532 4263 3598 4316 τὸ
3620 4256 3832 4331 Χριστοῦ

2277 4371 2547 4441 ποίμνιον.
2583 4367 2727 4421 nam
2756 4363 2865 4435 γὰρ
2893 4359 3203 4417 ἀποδίδοται
3237 4359 3265 4411 ὁ
3292 4354 3360 4409 τὰ
3390 4356 3571 4409 πάντα
3608 4353 3735 4406 πᾶσι
3760 4365 3833 4419 γι-

2275 4463 2518 4533 νόμενος,
2562 4461 2659 4513 καὶ
2700 4456 2882 4529 χαίρει
2933 4453 3032 4524 μὲν
3065 4451 3211 4507 ἅπαν
3245 4446 3480 4521 Χριστοῦ
3504 4446 3568 4498 τὸ
3594 4446 3830 4515 ὑπήκοον,

596 4529 688 4597 qui
729 4529 906 4587 iactus
943 4536 1194 4591 omnibus
1229 4542 1409 4595 omnia
1446 4541 1665 4609 inerat,
1697 4546 2017 4617 laetaturque
2054 4549 2168 4601 tuti-

2275 4529 2373 4607 καὶ
2402 4550 2696 4614 πιαίνεται,
2729 4548 2823 4601 καὶ
2852 4544 3003 4611 αὔξει
3049 4546 3106 4598 ἐν
3150 4540 3329 4612 ἀγαθῇ
3369 4541 3440 4610 γῇ
3476 4534 3829 4631 τῆςκαρδίςς.

594 4634 751 4714 versa
772 4623 921 4692 plebs
936 4623 1166 4683 'Christo
1197 4631 1433 4698 subdita,
1462 4634 1784 4705 pinguescit.
1821 4641 2088 4707 augescit,
2111 4642 2169 4695 in

2273 4644 2346 4708 ὼς
2377 4642 2578 4714 σπόρον
2618 4638 2714 4693 τοῦ
2749 4636 3059 4706 πνεύματος
3091 4635 3216 4696 τοὺς
3251 4630 3498 4685 Ἰωάννου
3536 4629 3723 4697 λόγους
3758 4622 3831 4676 δε·-

593 4713 804 4783 optimo
838 4716 1072 4784 pectoris
1099 4719 1237 4785 solo,
1265 4720 1489 4779 Joannis
1514 4740 1792 4783 sermones
1826 4731 1899 4783 uti
1936 4729 2169 4786 fructum

527 4854 535 4863 ,
591 4802 818 4871 spiritus
864 4807 1221 4879 excipientes.
1258 4812 1329 4870 At
1376 4815 1638 4888 inﬂigitur
1696 4819 1909 4876 diabolo
1952 4821 2168 4890 vulnus,

591 4898 900 4975 iterumque
927 4914 1187 4960 consueto
1219 4921 1369 4964 more
1401 4916 1501 4966 suo
1531 4920 1716 4966 contra
1745 4928 2044 4982 praeconem
2076 4930 2171 4971 ex-

589 4989 766 5058 surgit
795 5007 809 5045 :
842 5001 899 5047 et
937 5006 1059 5049 cum
1102 4996 1239 5055 nihil
1272 5000 1470 5057 virium
1499 5003 1715 5069 habeat,
1745 5003 1883 5061 forte
1911 5006 2172 5062 validum-

590 5093 700 5149 que
732 5079 986 5140 Ecclesiae
1031 5087 1230 5147 vallum
1276 5096 1554 5163 exposcit,
1590 5107 1647 5150 ut
1676 5106 1919 5162 evertat,
1953 5108 2009 5153 et
2040 5113 2171 5169 opes

592 5174 905 5241 raptoribus
960 5177 1252 5249 impervius
1299 5184 1538 5256 diripiat.
1577 5185 1789 5257 Accipit
1842 5186 2059 5257 quidem
2113 5188 2167 5243 in

589 5275 791 5331 corpus
819 5265 963 5323 illius
1009 5282 1356 5341 potestatem,
1406 5285 1468 5331 ut
1497 5277 1766 5346 quondam
1817 5278 1869 5333 in
1901 5276 2046 5343 Job,
2085 5277 2171 5333 ille

588 5356 682 5424 qui
716 5358 865 5426 prius
897 5376 999 5417 nec
1029 5364 1415 5437 indignationis
1460 5369 1577 5441 ejus
1604 5384 1789 5426 nutum
1847 5372 1986 5426 ferre
2018 5382 2167 5442 pote-

588 5455 694 5506 rat.
730 5448 931 5508 iterum
964 5456 1413 5528 tolliturjustus:
1448 5475 1683 5534 sponsus
1720 5480 1751 5519 e
1802 5464 2037 5520 thalamo
2066 5481 2163 5520 ex-

590 5539 863 5596 truditur:
892 5548 1119 5617 nuptiali
1149 5564 1341 5608 ornatu
1372 5554 1615 5612 Ecclesia
1641 5556 1936 5627 spoliatur;
1988 5573 2164 5628 eoque

588 5631 692 5689 sibi
714 5633 914 5703 ablato,
946 5642 1179 5702 nudatur
1203 5648 1465 5720 capillitio
1493 5661 1675 5722 caput.
1703 5651 1986 5709 Enimvero
2021 5652 2161 5722 ignis

659 5810 703 5844 "
731 5809 752 5868 l
781 5809 918 5883 Reg.
951 5831 1007 5885 il,
1035 5818 1120 5874 50.

2274 4737 2521 4807 χόμενος.
2559 4733 2618 4785 '0
2661 4731 2721 4787 δὲ
2762 4728 3011 4793 διάϐολος
3057 4721 3509 4798 θραυματίζεται,
3549 4720 3645 4775 καὶ
3690 4714 3830 4770 πάλιν

2271 4826 2366 4880 τοῦ
2392 4828 2633 4897 κήρυκος
2666 4823 2913 4892 συνήθως
2938 4817 3411 4887 κατεξανίσταται,
3435 4815 3532 4868 καὶ
3560 4811 3829 4877 ὲξαιτείται

2271 4921 2301 4972 ό
2338 4918 2578 4989 ἀδρανὴς
2623 4916 2717 4971 τὸν
2768 4914 3016 4987 ἀνδρεῖον
3066 4912 3168 4981 τῆς
3193 4908 3520 4980 Ἐκκλησίας
3565 4901 3824 4976 πρόϐαλῦνι

2272 5013 2565 5070 καταλύειν
2594 5008 2959 5081 πειρώμενος,
2994 5006 3089 5060 καὶ
3125 5003 3218 5059 τὸν
3244 5001 3473 5057 πλοῦτον
3521 4999 3828 5068 λαφυραγω-

2271 5110 2389 5176 γεῑν
2427 5104 2527 5176 τὴν
2568 5101 2873 5173 ἀσύλητονο
2906 5100 3000 5154 καὶ
3030 5095 3299 5167 λαμὸἀνει
3343 5093 3443 5164 μὲν
3467 5090 3566 5163 τὴν
3599 5086 3824 5156 ἐξουσίαν

2269 5198 2366 5251 τοῦ
2405 5195 2680 5267 σώματος,
2705 5193 2781 5256 ὣς
2812 5206 2942 5245 ποτε
2970 5187 3065 5243 τοῦ
3098 5185 3221 5240 Ἰὼϐ
3264 5186 3295 5239 ό
3322 5183 3519 5239 τούτου
3562 5180 3636 5253 μὴ
3666 5179 3824 5249 φέρων

2270 5289 2536 5361 πρότερον
2566 5286 2628 5340 τὸ
2666 5281 3015 5355 ὲμσρίμημα.
3045 5278 3156 5333 Καὶ
3186 5277 3348 5333 πάλιν
3380 5278 3408 5330 ὁ
3436 5275 3643 5337 δίκαιος
3686 5269 3819 5361 cipe-

2273 5358 2382 5445 ται,
2409 5358 2693 5449 ὁννυμφίος
2725 5374 2831 5428 τῶν
2861 5371 3120 5442 θαλάμων
3147 5364 3610 5438 ὲξοστρακίζεται,
3634 5361 3724 5416 καὶ
3746 5358 3823 5414 τὸν

2274 5470 2546 5543 νυμφικὸν
2574 5470 2608 5539 ἡ
2642 5465 2936 5535 Ἐκκλησία
2968 5463 3336 5533 περιαιρεῖται
3366 5458 3588 5530 κόσμον,
3622 5454 3712 5543 καὶ
3738 5451 3821 5543 την

2274 5561 2513 5631 κεφαλὴν
2551 5556 2946 5629 περικείρεται,
2983 5551 3173 5606 τοῦτον
3200 5550 3299 5602 οὐκ
3327 5547 3545 5618 ἔχουσα.
3582 5542 3698 5612 Πῦρ
3728 5540 3820 5608 γὰρ

2270 5658 2334 5712 ἐκ
2353 5630 2453 5709 τοῦ
2485 5651 2699 5727 θρόνου,
2725 5643 2809 5703 οἷα
2838 5643 3079 5716 σκηπτὸς
3110 5641 3371 5712 θεήλατος
3399 5638 3497 5710 τὴν
3518 5630 3817 5703 Ἐκκλησίαν
