4070 6442
584 428 589 435 ’
629 466 732 527 753

1791 464 1849 523 s.
1886 463 2203 525 JOANNIS
2244 464 2674 526 DAMASCENI
2818 527 2825 533 .
3756 456 3839 519 τα

628 552 895 640 martyrio
927 568 1163 626 victores
1189 572 1534 636 exstiterunt,
1560 569 1806 640 gloriam,
1838 571 2197 641 gratiamque,

2308 570 2445 641 μίων
2481 571 2752 635 σύνθεσιν,
2788 569 2894 624 τῶν
2928 568 3123 638 ἀγίων,
3157 568 3251 623 καὶ
3285 568 3382 637 τῆς
3411 564 3686 630 εὐσεϐείας
3727 568 3835 623 καλ-

628 672 682 714 et
705 661 1035 729 claritatem,
1064 663 1215 716 omni
1243 663 1607 716 laudationum
1640 661 2011 728 compositioni
2054 677 2193 729 pne-

628 753 845 816 cellere,
876 753 1060 822 illique
1091 753 1234 817 fuco,
1268 754 1359 824 qui
1411 754 1569 807 cultis
1613 762 1911 815 oratorum,
1957 754 2198 823 artisque

628 844 941 911 sophistica;
970 845 1310 899 sermonibus
1358 844 1567 899 collatis
1610 844 1768 897 veluti
1812 844 2071 914 symbolis
2100 859 2194 911 pa-

630 945 802 999 ratur,
835 936 994 1001 longe
1021 935 1280 1003 eminere,
1321 934 1565 992 confessa
1620 950 1704 988 res
1738 944 1841 989 est.
1875 935 1951 987 Ac
1981 933 2197 1003 quidem

630 1025 743 1081 fore
777 1028 1048 1091 existimo,
1085 1039 1145 1081 ut
1174 1028 1321 1098 ipsos
1369 1041 1582 1097 quoque
1628 1027 1974 1081 scientiarum
2002 1027 2200 1081 callen-

631 1116 892 1181 tissimos,
920 1133 983 1183 ac
1014 1119 1103 1187 qui
1134 1118 1200 1172 iis
1227 1119 1540 1173 excolendis
1582 1120 2009 1188 exercendisque
2031 1118 2199 1172 otium

629 1226 789 1265 omne
820 1212 1092 1279 vitamque
1151 1211 1547 1281 impenderunt,
1602 1210 1897 1277 argumenti
1952 1209 2203 1275 majestas

630 1303 893 1356 attonitos
942 1302 1153 1366 reddat,
1207 1302 1531 1369 consiliique
1583 1301 1803 1364 anxios;
1839 1299 2005 1353 multo
2034 1298 2203 1367 magis

631 1392 733 1445 mei
800 1393 1026 1457 similes,
1088 1392 1332 1446 homines
1390 1393 1550 1447 rudes
1610 1402 1662 1445 et
1701 1393 1961 1457 indoctos,
1997 1391 2086 1460 qui
2137 1406 2204 1446 ne

631 1490 874 1536 extremo
926 1484 1164 1549 quidem,
1230 1492 1288 1535 ut
1338 1484 1506 1548 aiunt,
1541 1483 1725 1550 digito,
1779 1482 2022 1551 peritiam
2058 1481 2202 1536 illam

634 1572 875 1640 artisque
904 1572 1205 1637 solertiam,
1245 1581 1298 1627 et
1321 1574 1616 1627 condenda:
1641 1572 1902 1627 orationis
1936 1583 2201 1642 praecepta

632 1660 958 1716 delibarunt.
991 1663 1256 1719 Caeterum
1286 1664 1506 1717 minime
1531 1664 1735 1720 idcirco
1753 1663 2201 1717 committendum

634 1764 740 1816 est,
773 1762 830 1808 ut
899 1756 1199 1809 orationem
1259 1756 1643 1823 aggrediendo,
1708 1771 1845 1826 pene
1888 1755 2203 1822 stupefacti.

634 1852 1005 1913 conceptoque
1029 1856 1171 1900 metu
1212 1855 1266 1900 et
1300 1847 1511 1916 ignavia
1541 1855 1872 1907 cunctantes,
1903 1860 2002 1900 nos
2034 1844 2200 1913 ipsos,

2297 662 2515 715 λινίκων
2566 660 2860 735 μαρτύρων
2902 664 2936 733 ἠ
2975 661 3123 727 δόξα,
3157 660 3252 714 καὶ
3282 660 3465 731 χάρις.
3506 658 3599 711 καὶ
3633 658 3837 725 εὔκλεια,

2298 754 2391 807 καὶ
2422 754 2521 822 τῆς
2548 755 2611 807 ὲκ
2644 752 2949 824 ῥητορικῶν
2978 752 3175 821 λόγων,
3208 752 3303 805 καὶ⁵
3336 749 3655 819 σοφιστικῆς
3678 753 3840 823 τέχνης

2297 845 2762 915 λαρυγγισμάτων
2785 844 3180 915 ἐρανιζομένης
3212 842 3575 913 ὑπερίδρυται
3607 842 3839 907 πλάσεως.

2298 933 2411 987 Καὶ
2438 934 2941 1004 καταπλαγείησαν,
2964 930 3142 1003 οἶμαι,
3167 934 3262 986 καὶ
3285 931 3626 1003 άποροίησαν
3647 931 3707 984 ἂν
3730 935 3842 1002 πρὸς

2297 1025 2359 1076 τὸ
2406 1024 2505 1094 τῆς
2553 1023 2863 1086 ὑποθέσεως
2916 1022 3167 1092 μέγεθος,
3204 1021 3299 1074 καὶ
3347 1021 3397 1073 oi
3449 1020 3572 1072 λίαν
3622 1021 3739 1090 περὶ
3763 1026 3842 1084 τὰς

2298 1116 2553 1179 τοιαύτας
2592 1116 2905 1183 ἐπιστήμας
2931 1114 3117 1176 δεινοὶ,
3144 1114 3240 1165 καὶ
3263 1112 3355 1165 τὸν
3384 1112 3509 1165 ὅλον
3540 1112 3734 1164 ἑαυτῶν
3754 1114 3843 1181 βίον

2300 1206 2430 1275 περὶ
2475 1204 2573 1268 τὰς
2622 1204 2836 1257 τοιάσδε
2872 1204 3087 1275 τριϐὰς,
3119 1204 3214 1257 καὶ
3246 1203 3479 1273 μελέτας
3506 1203 3843 1271 ὲσχολακότες,

2299 1298 2395 1349 καὶ
2418 1294 2865 1365 κατανηλωκότες
2886 1310 2900 1324 ο
2929 1293 3003 1366 μὴ
3034 1296 3114 1347 ὅτι
3146 1310 3209 1362 γε
3242 1295 3291 1347 oi
3324 1292 3450 1346 καθ’
3482 1294 3629 1362 ἡμᾶς
3651 1293 3845 1362 ἀμαθεῖς

2300 1404 2358 1440 τε
2392 1387 2486 1439 καὶ
2518 1386 2756 1455 ἄπειροι,
2792 1386 2887 1439 καὶ
2922 1384 3042 1455 μηδ’
3070 1384 3227 1456 ἄκρῳ
3256 1382 3533 1453 δακτύλῳ,
3558 1382 3619 1436 τὸ
3643 1383 3702 1452 δὴ
3729 1383 3848 1449 λεγόο

2305 1496 2485 1549 μενον,
2519 1476 2724 1549 ταύτης
2748 1476 3105 1547 γεγευσμένοι
3127 1477 3226 1546 τῆς
3256 1474 3554 1546 ἐμπειρίας
3577 1491 3632 1527 τε
3663 1474 3745 1528 καὶ
3770 1476 3844 1527 eti-

2302 1570 2541 1640 τεχνίας,
2582 1571 2677 1621 καὶ
2726 1568 3136 1637 λογογραφικῆς
3177 1562 3605 1635 σκέψεωςὲᾹλΥ
3633 1565 3689 1617 οὔ
3724 1566 3847 1635 παρά

2302 1660 2461 1713 τοῦτο
2489 1660 2663 1731 πάντη
2711 1660 2847 1730 πρὸς
2886 1660 2985 1728 τὴν
3033 1657 3129 1711 τοῦ
3175 1656 3332 1725 λόγου
3375 1656 3687 1725 ἐγχείρησιν
3714 1654 3846 1709 olm!

2307 1769 2423 1812 πως
2457 1750 2877 1818 ἰλιγγιάσαντες,
2912 1749 3006 1801 καὶ
3035 1746 3206 1817 δειλίᾳ.
3235 1745 3615 1816 συσχεθέντες,
3641 1744 3725 1796 καὶ
3742 1761 3848 1797 κατι

2305 1838 2654 1906 οκνήσαντες,
2696 1838 2843 1907 ἡμᾶς
2874 1853 2936 1905 γε
2966 1837 3183 1899 αὐτοὺς,
3211 1835 3306 1888 καὶ¹
3334 1832 3397 1887 τὸ
3430 1833 3603 1902 παρὸν
3634 1832 3849 1901 φιλήκοον

633 1942 685 1986 et
709 1935 798 2009 qu}
825 1938 1016 1988 adsunt
1042 1936 1280 1991 discendi
1307 1937 1492 1991 avidos
1511 1938 1804 2000 auditores,
1829 1936 2198 1999 emolumenti,

2307 1928 2690 1998 ἀκροατήριον,
2722 1927 2981 1999 ἀμοίρους
3017 1926 3119 1995 τῆς
3169 1926 3233 1978 ὲκ
3285 1922 3629 1995 τηλικούτων
3656 1922 3847 1991 ἀγώνων

635 2026 773 2091 quot
799 2040 861 2079 ex
897 2034 1165 2079 tantorum
1195 2027 1575 2094 certaminum,
1608 2036 1665 2079 ut
1692 2040 1789 2095 par
1817 2034 1919 2087 est,
1958 2026 2094 2103 mira
2116 2041 2204 2077 va-

635 2113 826 2168 rietate
870 2118 1134 2184 provenit,
1172 2126 1424 2185 expertes
1460 2116 1845 2185 relinquamus.
1874 2116 1990 2184 Age
2017 2114 2202 2182 igitur,

635 2220 928 2274 supernum
961 2208 1118 2263 nobis
1140 2208 1457 2263 instinctum
1482 2219 1537 2263 et
1561 2209 1819 2262 auxilium
1856 2210 1923 2262 ab
1943 2207 2203 2274 ejusmodi

635 2297 992 2351 certaminum
1026 2296 1332 2368 inspectore
1367 2308 1422 2353 et
1460 2299 1664 2353 arbitro
1694 2297 1915 2352 Christo
1943 2298 2203 2350 invocan-

636 2395 736 2450 tes,
774 2402 933 2455 quam
970 2388 1021 2443 iu
1064 2389 1314 2458 praesenti
1359 2391 1555 2444 merito
1605 2388 1908 2452 laudamus,
1958 2401 2207 2441 sermone

636 2477 1028 2545 describamus,
1051 2488 1106 2533 et
1132 2479 1275 2534 velut
1292 2480 1359 2534 ob
1376 2480 1582 2546 oculos,
1602 2487 1801 2549 quanta
1833 2478 2060 2534 facultas
2078 2480 2205 2546 erit,

636 2582 721 2621 res
747 2565 892 2623 illius
930 2584 1286 2638 exponamus,
1322 2570 1492 2642 896
1520 2580 1681 2640 atque
1707 2570 1923 2642 inclyta:
1950 2570 2207 2642 martyris

635 2656 908 2725 Barbara},
940 2663 1094 2731 cujus
1135 2663 1401 2718 solemnia
1449 2672 1810 2718 concurrente
1863 2662 2055 2731 populo
2092 2663 2208 2732 agi-

639 2764 779 2816 mus,
815 2753 1131 2809 certaminis
1160 2754 1430 2824 specimen
1471 2754 1620 2808 velut
1664 2754 1983 2823 compendio
2013 2768 2210 2823 propo-

635 2854 830 2895 namus
858 2858 872 2894 :
905 2857 1011 2909 quo
1038 2858 1229 2913 nempe
1254 2844 1574 2914 potentiam,
1611 2859 1715 2913 qua
1769 2854 2039 2914 martyres
2069 2843 2206 2898 invi-

639 2930 783 2984 sibili
816 2932 1027 2987 ratione
1056 2934 1364 2988 conﬁrmati
1416 2935 1760 3003 roboratique
1787 2944 1938 2999 sunt,
1963 2933 2209 2990 conside-

641 3031 845 3087 rantes,
879 3038 982 3078 nou
1016 3026 1283 3081 modicam
1333 3026 1622 3081 utilitatem
1668 3036 1723 3081 et
1772 3025 2207 3080 emendationem

644 3111 767 3167 inde
794 3129 1235 3183 consequamur:
1290 3132 1397 3171 non
1453 3132 1518 3172 eo
1553 3126 1886 3188 spectantes,
1931 3127 1991 3171 ut
2016 3116 2211 3189 linguae

642 3201 862 3258 diserta:
891 3205 1104 3275 eloquio
1159 3216 1214 3261 et
1262 3207 1534 3273 facundia,
1588 3220 1751 3278 atque
1800 3207 2063 3277 elegantia
2096 3224 2210 3263 ser-

2304 2016 2689 2088 περιπετείας,
2751 2018 2826 2081 ὡς
2880 2017 3064 2081 εἰκὸς,
3122 2014 3570 2086 προσγενομένης
3625 2014 3849 2082 ὡφελείας

2303 2109 2587 2173 παντελῶς
2620 2109 3057 2179 καταλείψωμεν.
3091 2108 3229 2179 Φέρε
3263 2108 3327 2177 δὴ
3366 2102 3485 2171 οὖν,
3518 2106 3612 2176 τὴν
3677 2106 3847 2160 ἀνωθεν

2306 2204 2480 2273 ῥοπὴν
2511 2201 2663 2272 παρά
2692 2201 2787 2254 τοῦ
2808 2201 2916 2254 τῶν
2939 2200 3197 2253 τοιούτων
3222 2198 3624 2268 ἀγωνισμάτων
3648 2197 3848 2250 ὲπόπτου

2305 2294 2402 2348 καὶ
2432 2292 2722 2348 ἀθλοθέτου
2751 2292 3012 2363 Χριστοῦ,
3048 2291 3176 2344 ἵλεω
3216 2291 3311 2344 καὶ⁵
3359 2290 3653 2359 ἐπίκουρον
3685 2290 3844 2341 ἐπικα-

2305 2386 2617 2457 λεσάμενοι,
2638 2384 3028 2455 διαγράψωμεν
3053 2382 3131 2453 τῷ
3160 2381 3323 2451 λόγῳ,
3354 2381 3450 2434 καὶ
3476 2380 3551 2443 ὡς
3576 2374 3681 2433 οἶόν
3702 2396 3752 2432 τε
3769 2379 3849 2431 ὑπ’

2305 2476 2428 2547 δψιν
2454 2476 2917 2547 παραστήσωμεν,
2954 2472 3052 2544 τὴν
3083 2473 3214 2543 παρ’
3237 2471 3394 2542 ἡμῶν
3428 2470 3527 2524 νῦν
3553 2470 3757 2531 εἰκότως
3778 2469 3846 2520 εὐ-

2307 2566 2703 2639 φημουμένηνο
2742 2565 2837 2619 καὶ
2883 2559 2972 2635 ἧς,
3006 2563 3104 2635 τὴν
3140 2562 3451 2633 πανήγυριν
3486 2560 3747 2627 πάνδημον
3772 2558 3847 2625 σή-

2310 2674 2475 2731 μερον
2514 2657 2720 2727 ἄγομεν
2762 2654 3073 2710 καλλινίκου
3121 2653 3401 2723 μάρτυρος
3445 2650 3742 2722 Βαρϐάρας,
3773 2647 3848 2715 τῆς

2307 2750 2436 2819 ὅλης
2474 2748 2776 2819 ἀθλήσεως,
2806 2746 2885 2810 ὼς
2932 2746 2990 2798 ὲν
3043 2745 3236 2816 βραχεί
3268 2742 3367 2814 τὴν
3412 2741 3667 2794 ὑπόθεσιν
3694 2741 3848 2806 ἐνστη-

2309 2840 2552 2912 σώμεθα,
2582 2838 2671 2893 ἵνα
2699 2839 2799 2909 τὴν
2827 2836 3076 2909 ἀοράτως
3112 2832 3603 2903 συνεπισχύουσαν,
3632 2829 3715 2882 καὶ
3750 2844 3847 2880 vsa-

2310 2933 2512 3004 ροῦσαν
2557 2932 2684 2995 τοὺς
2732 2930 3017 3001 μάρτυρας
3065 2926 3214 2981 Θείαν
3261 2925 3696 2995 κατανοήσαντες
3723 2919 3849 2971 δύνα-

2312 3042 2425 3095 μιν,
2458 3025 2517 3078 οὐ
2543 3024 2644 3094 τὴν
2670 3021 2940 3093 τυχοῦσαν
2973 3022 3038 3092 τῇ
3068 3018 3211 3089 ψυχῇ
3243 3010 3733 3088 προσπορισιὶψεθα
3757 3010 3849 3079 ὄνη-

2312 3133 2415 3180 σιν,
2444 3116 2537 3169 καὶ
2568 3114 2879 3187 βελτίωσιν·
2912 3113 3012 3167 οὐκ
3064 3109 3399 3180 εὐγλωττίας
3448 3107 3625 3177 ἦχοις,
3654 3103 3735 3157 καὶ
3772 3102 3847 3173 ῥή-

2315 3225 2480 3277 μασιν
2509 3207 2635 3269 τοὺς
2672 3205 2890 3273 ἀγῶνας
2921 3203 3172 3276 ἐπαίρειν
3216 3200 3574 3271 πειρώμενοι.
3601 3195 3723 3249 Οὐδὲ
3759 3194 3848 3263 γὰρ

644 3295 817 3347 monis
848 3297 1144 3351 certamina
1171 3299 1496 3354 extollamus
1530 3307 1659 3367 (non
1695 3300 1837 3356 enim
1889 3300 2003 3356 haec
2026 3316 2088 3355 ea
2112 3314 2210 3372 ope

2313 3300 2411 3369 τῆς
2442 3300 2506 3351 ὲκ
2531 3298 2639 3352 τῶν
2669 3297 2842 3366 λόγων
2871 3289 3018 3349 οὗτοι
3051 3294 3303 3366 βοηθείας
3333 3289 3708 3363 προσδέονται·
3742 3286 3849 3341 αὐτὰ

598 3435 607 3443 .
643 3385 907 3455 indigent,
938 3403 1058 3457 qua:
1107 3388 1364 3446 facundia
1425 3393 1759 3464 praestetur),
1784 3394 1881 3449 sed
1910 3393 1985 3448 ita
2033 3402 2092 3449 ut
2125 3407 2211 3448 res

640 3480 872 3550 simplici
902 3482 1154 3553 nudaque
1184 3484 1418 3540 dictione
1440 3487 1748 3542 reciteutus.

708 3658 994 3717 2.Vcrum
1051 3666 1264 3722 animos
1316 3668 1449 3722 mihi
1500 3668 1614 3737 jam
1682 3669 1961 3738 erigite,o
1999 3668 2214 3725 Christo

644 3752 1079 3824 martyribusque
1109 3758 1300 3812 devote
1324 3770 1518 3825 cretus,
1553 3770 1921 3830 mentemque,
1978 3774 2044 3815 ne
2070 3762 2213 3816 circa

645 3858 709 3907 ea
739 3859 858 3912 quae
915 3844 1048 3899 foris
1083 3856 1209 3902 sunt
1260 3850 1495 3915 aberret,
1544 3850 1860 3920 colligentes
1894 3861 1947 3906 et
1996 3862 2215 3906 contra-

646 3931 860 3997 hentes,
889 3944 1094 3990 attente
1124 3952 1244 4005 qua:
1274 3938 1499 3993 dicenda
1553 3949 1700 4004 sunt,
1747 3940 2023 3998 obaudite.
2053 3940 2216 3997 Plane

646 4026 913 4090 siquidem
946 4027 1239 4083 absurdum
1263 4038 1365 4093 est,
1401 4039 1460 4083 ut
1490 4030 1557 4084 ad
1594 4030 1862 4085 mundana
1886 4030 2214 4099 spectacula,

645 4131 1017 4187 equorumque
1047 4134 1257 4183 cursus,
1290 4119 1375 4174 vel
1405 4121 1688 4189 palaastrar,
1715 4121 1797 4178 vel
1823 4122 2060 4193 cujusvis
2086 4122 2218 4178 alte-

647 4210 758 4263 rius
786 4225 849 4264 ex
875 4211 1143 4281 gymnicis
1164 4212 1428 4282 ejusmodi
1459 4212 1600 4270 ludis
1643 4216 1987 4286 propensiori
2018 4215 2217 4272 alacri-

646 4311 754 4356 tate
784 4318 1091 4369 currantus,
1124 4306 1424 4376 agonisque
1473 4317 1773 4372 certamen,
1834 4317 2000 4379 atque
2027 4307 2217 4364 adver-

644 4394 915 4450 sariorum
961 4411 1313 4467 congressum
1365 4413 1590 4456 cernere
1617 4402 1939 4472 gestiamus,
1976 4417 2095 4465 nec,
2138 4413 2217 4457 ta—

646 4487 803 4541 metsi
838 4489 1124 4544 innumera
1157 4489 1486 4560 distrahant,
1533 4502 1660 4549 ante
1694 4494 2013 4550 recedamus
2055 4508 2216 4563 quam

648 4575 809 4630 tinent
840 4586 895 4632 et
926 4578 1210 4646 victorem,
1251 4580 1629 4655 sublatamque
1667 4584 1928 4654 palmam,
1963 4595 2018 4640 et
2058 4600 2216 4640 coro-

2316 3389 2373 3441 δε
2399 3390 2461 3461 δή
2492 3406 2596 3443 που
2623 3388 2693 3441 τὰ
2722 3387 3023 3461 πράγματα
3060 3382 3191 3455 ψιλῇ
3221 3385 3288 3455 τῇ
3318 3380 3522 3452 φράσει
3554 3376 3850 3447 διεξερχόμεη

2317 3498 2418 3536 νοι.

2390 3667 2456 3738 β’.
2503 3664 2666 3720 ’Λλλά
2706 3660 3029 3733 διανάστητέ
3083 3676 3175 3729 μοι
3222 3654 3430 3720 λοιπὸν,
3464 3648 3512 3708 ὦ
3550 3652 3847 3738 φιλόχριστον

2318 3734 2412 3811 καλ
2445 3756 2783 3827 φιλόμαρτυς
2826 3753 3101 3823 σύστημα,
3130 3748 3227 3802 καὶ
3255 3746 3346 3800 τὸν
3377 3744 3505 3799 νοῦν
3541 3743 3637 3813 τῆς
3687 3739 3765 3793 ἐπὶ
3798 3734 3849 3787 τὰ

2321 3848 2425 3914 ἐξω
2472 3846 2927 3920 περιπλανήσεως
2972 3839 3405 3913 περιπτύξαντες
3452 3837 3550 3891 καὶ
3583 3829 3846 3887 συστείλαν-

2320 3957 2431 4006 τες,
2463 3919 2748 4011 προσεχῶς
2791 3936 2901 3989 τῶν
2946 3932 3257 4003 λεγομένων
3302 3928 3596 3983 ἀκούσατε.
3630 3921 3730 3976 Καὶ
3766 3919 3849 4011 γὰρ

2318 4010 2539 4098 ἄτοπον,
2570 4030 2666 4084 ἐπὶ
2696 4029 2795 4101 μὲν
2820 4026 2889 4082 τὰ
2922 4023 3164 4096 κοσμικά
3198 4022 3424 4094 θέατρα,
3465 4010 3845 4089 ἱπποδρομίαςῆ

2319 4123 2661 4195 παλαίστρας
2708 4118 2874 4191 φημὶ,
2922 4118 2958 4189 ἥ
3004 4133 3150 4179 τινος
3184 4113 3293 4169 τῶν
3321 4112 3585 4167 τοιούτων
3611 4104 3848 4178 γυμνικῶν

2319 4216 2546 4287 ἀγώνων
2574 4213 2873 4288 προθύμως
2908 4210 3258 4282 συνδραμεῖν,
3292 4207 3386 4261 καὶ
3410 4206 3510 4277 τὴν
3536 4202 3747 4275 ἅμιλλαν
3773 4197 3845 4266 τῆς

2320 4307 2579 4377 ἀγωνίας,
2627 4308 2722 4359 καὶ
2766 4304 2863 4377 τὴν
2911 4302 3019 4357 τῶν
3063 4299 3373 4357 ἀντιπάλων
3425 4294 3730 4368 συμπλοκὴν
3771 4290 3849 4342 ὑπ-

2320 4397 2575 4470 ηγμένως
2606 4395 2815 4451 ἐθέλειν
2848 4394 2997 4460 ίδεῖν,
3028 4394 3126 4449 καὶ
3158 4392 3234 4464 μὴ
3263 4390 3532 4462 πρόαρον
3574 4383 3844 4452 ἀποστῆναι.

2323 4491 2429 4546 κᾶν
2464 4493 2635 4561 μυρία
2666 4487 3070 4561 περισπῶνται,
3101 4486 3234 4558 πρὶν
3261 4484 3323 4538 τὸ
3353 4482 3528 4544 τέλος,
3559 4480 3648 4533 καὶ
3675 4477 3751 4530 τὸν
3786 4471 3846 4523 νί-

2323 4602 2426 4654 κην
2455 4580 2903 4651 ἀπενεγκάμενον
2933 4576 3289 4643 ἐποπτεῦσαι,
3309 4574 3371 4629 τὸ
3398 4572 3645 4646 βραϐεῖον
3672 4585 3721 4622 τε
3740 4563 3846 4635 ἀρά·

648 4683 773 4721 nam
803 4669 968 4738 capiti
1000 4670 1305 4740 impositam
1339 4646 1620 4732 videamus
1650 4646 1683 4730 ι’
1702 4677 1863 4747 idque
1904 4693 2058 4743 vero,
2094 4694 2210 4733 cum

2327 4646 2511 4746 μενον,
2539 4646 2650 4727 καὶ-
2683 4646 2756 4725 τὸ⁷
2795 4669 2991 4740 στέφος
3039 4667 3467 4738 ἀναδησάμενον,
3502 4662 3671 4718 καίτοι
3715 4654 3845 4729 μηδὲν

648 4757 783 4815 nihil
835 4759 961 4816 inde
1007 4764 1275 4819 commodi
1339 4764 1661 4823 referamus.
1719 4768 1819 4825 llic
1871 4779 2079 4834 autem,
2131 4769 2220 4825 ubi

649 4849 846 4904 animis
884 4851 1016 4906 utile
1045 4862 1101 4908 et
1154 4854 1439 4925 spirituale
1496 4859 1865 4926 spectaculum
1919 4871 2024 4927 est,
2069 4858 2223 4930 cujus

648 4953 851 5008 praeses
875 4950 928 4995 et
949 4942 1173 5009 arbiter,
1199 4958 1304 4999 non
1332 4962 1470 5000 unus
1495 4947 1617 5016 quis
1647 4960 1982 5004 terrenorum
2009 4966 2218 5022 regum,

651 5032 742 5083 sed
785 5033 875 5100 qui
907 5035 1119 5089 cunctis
1142 5050 1263 5105 qua:
1292 5037 1468 5095 oculis
1499 5048 1553 5094 et
1609 5040 1792 5096 animo
1821 5043 2219 5112 percipiuntur,

649 5121 976 5192 dominatur,
1010 5126 1390 5183 universorum
1421 5144 1515 5185 rex
1551 5129 1800 5185 Christus
1840 5131 1983 5186 Deus
2012 5140 2219 5197 noster;

653 5213 1030 5283 inspectores,
1078 5218 1296 5273 millena
1347 5220 1597 5291 denaque
1644 5222 1861 5277 millena
1916 5223 2220 5279 caalestium

651 5304 987 5360 exercituum
1015 5315 1069 5362 et
1102 5318 1468 5379 potestatum;
1494 5311 1660 5382 pugil,
1687 5311 1889 5384 inclyta
1916 5314 2225 5382 Christique

656 5396 1033 5451 amantissima
1068 5400 1450 5471 triumphatrix
1496 5412 1551 5456 et
1586 5413 1794 5474 martyr
1826 5404 2101 5472 Barbara;
2132 5408 2227 5461 ad-

651 5486 905 5563 versarii,
938 5502 1044 5542 non
1072 5505 1214 5547 unus
1248 5495 1371 5563 quis
1414 5505 1507 5549 aut
1563 5496 1723 5563 alter,
1776 5498 1871 5552 sed
1903 5498 2213 5567 primarius,

654 5574 794 5629 sicut
824 5577 901 5630 ait
934 5575 1256 5645 Apostolus:
1319 5584 1441 5640 Non
1474 5597 1549 5641 est
1597 5586 1745 5641 nobis
1781 5588 2086 5642 colluctatio
2112 5590 2179 5642 ad
2200 5619 2220 5628 —

654 5682 832 5737 versus
864 5670 1171 5739 sanguinem
1192 5683 1238 5727 et
1261 5690 1492 5741 carnem,
1538 5680 1631 5734 sed
1672 5681 1922 5734 adversus
1945 5682 2223 5747 principa-

653 5766 761 5843 tus,
792 5759 1039 5815 adversus
1094 5771 1413 5830 potestates,
1469 5772 1718 5825 adversus
1764 5773 1948 5825 mundi
2002 5782 2222 5826 rectores

658 5847 1015 5920 tenebrarum,
1042 5853 1289 5909 adversus
1318 5858 1616 5925 spiritualia
1649 5862 1895 5929 nequitiae
1926 5862 1977 5913 in
2004 5861 2223 5913 cwluti-

2322 4769 2534 4832 ἑαυτοῖς
2581 4764 2792 4820 ἐκεῖθεν
2839 4761 3276 4835 ἐπιφερομένους
3318 4759 3381 4812 τὸ
3409 4748 3846 4827 ὅφελος.Ἑνταῦθα

2320 4859 2378 4913 δὲ
2414 4857 2543 4912 ἔνθα
2568 4854 2913 4928 ψυχωφελὲς,
2937 4855 3032 4909 καὶ
3058 4849 3428 4924 πνευματικὸν
3458 4851 3590 4919 ἡμῖν
3614 4847 3844 4914 πρόκειται

2321 4952 2575 5023 θέατρον,
2611 4948 2960 5019 ἀγωνοθέτην
2994 4948 3093 5019 μὲν
3122 4944 3484 5016 κεκτημένον,
3512 4942 3609 5010 οὐχ
3644 4940 3727 4993 ἕνα
3761 4932 3845 4985 τῶν

2320 5044 2414 5097 ἐπὶ
2465 5043 2571 5113 γῆς
2618 5040 2903 5112 βασιλέων,
2932 5038 3071 5093 ἀλλά
3098 5038 3210 5091 τῶν
3240 5035 3499 5092 ἁπάντων
3540 5029 3732 5102 ὁρατῶν
3773 5023 3843 5076 καὶ

2322 5134 2567 5205 ἀοράτων
2590 5134 2688 5204 ήγε
2698 5131 2993 5203 μονεύοντα
3015 5129 3366 5183 παντάνακτα
3391 5123 3625 5196 Χριστὸν
3646 5119 3726 5172 τδν
3745 5113 3843 5205 Θεὸν

2322 5226 2501 5297 ἡμῶν,
2538 5224 2734 5286 θεατὰς
2771 5222 2849 5288 δὲ,
2879 5222 2979 5284 τὰς
3029 5219 3295 5291 χιλιάδας,
3328 5217 3424 5271 καὶ
3480 5212 3725 5286 μυριάδας
3762 5204 3841 5257 τῶν

2323 5315 2663 5386 ἐπουρανίων
2709 5313 2981 5384 στρατιῶν
3020 5312 3118 5365 καὶ
3148 5311 3456 5381 δυνάμεων,
3491 5297 3841 5391 ἀγωνιουμένηξ

2324 5411 2401 5473 δὲ.
2452 5407 2750 5478 Βαρϐάραν
2798 5404 2897 5475 τὴν
2945 5404 3212 5475 ἀοίδιμον,
3264 5401 3361 5456 καὶ
3402 5396 3739 5468 παμτιπόθητον

2327 5475 2561 5573 Χριστοῦ
2611 5475 2923 5566 στεφανίτιν
2968 5498 3064 5548 καὶ
3116 5494 3391 5565 μάρτυρα,
3444 5486 3745 5544 ἀντιπάλους
3765 5475 3840 5581 Δόξ.

2327 5568 2424 5663 οῦχ
2462 5591 2560 5645 ἕνα
2603 5588 2792 5661 που,ἢ
2826 5587 3100 5659 δεύτερον,
3145 5584 3284 5640 ἀλλά
3322 5583 3541 5653 πρῶτον
3575 5581 3681 5650 μὲν,
3705 5568 3841 5663 καθώς

2330 5660 2496 5753 φησιν
2537 5682 2566 5733 ὁ
2594 5660 2957 5743 Ἀπόστολος;
2998 5677 3081 5730 Οὐ
3126 5673 3239 5743 γὰρ
3279 5674 3500 5742 ἔχομεν
3549 5668 3654 5736 τὴν
3686 5660 3839 5753 πάλιν

2329 5748 2477 5839 πρὸς
2522 5765 2685 5838 alga,
2728 5768 2828 5822 καί
2874 5766 3093 5836 σάρκα,
3134 5764 3295 5822 duo
3338 5764 3484 5833 πρὸς
3537 5761 3632 5825 τὰς
3680 5748 3839 5821 ἀρχὰς.

2329 5860 2478 5930 πρὸς
2537 5861 2643 5925 τὰς
2690 5859 3001 5923 ἐξουσίας,
3033 5855 3182 5924 πρὸς
3226 5855 3369 5920 τοὺς
3422 5845 3836 5923 κοσμοκράτσιας
