4070 6436
236 483 341 547 785

1262 486 1643 549 LAUDATIO
1681 488 1743 548 S.
1783 488 2153 551 ΒΑΒΒΑΗΑΞ
2194 492 2425 553 MART.

3384 492 3499 555 786

233 591 343 649 τοῦ
373 590 657 657 σκότους,
697 586 848 660 πρὸς
877 589 950 645 τὰ
976 593 1347 660 πνευματικὰ
1377 591 1488 662 τῆς
1524 592 1817 661 πονηρίας

1927 594 2011 651 bus
2042 597 2086 630 "
2113 637 2128 664 ,
2161 599 2214 654 id
2244 606 2330 653 est
2358 595 2661 653 caelestium
2690 593 2887 651 'causa.
2944 593 3212 652 Praeterea
3237 596 3491 667 prOprius

234 684 287 739 ἐν
332 681 455 750 τοῖς
484 680 882 750 ἐπουρανίοις,
913 676 1224 745 τουτέστιν,
1261 680 1350 735 διὰ
1384 681 1451 735 τά
1487 683 1809 753 ἐπουράνια.

235 775 379 845 Πρὸς
404 774 617 837 τούτοις
646 774 723 837 δὲ,
754 772 848 827 καὶ
878 772 969 826 τὸν
1014 773 1144 826 ἴδιον
1178 772 1320 827 κατὰ
1352 774 1530 846 σάρκα
1572 774 1812 844 πνεῦμα.

234 867 324 918 καὶ
356 867 486 928 τοὺς
519 864 817 934 κοσμικοὺς
860 862 1158 934 ἡγεμόνας,
1192 864 1284 915 καὶ
1323 863 1611 934 ἄρχοντας,
1653 863 1746 927 οὒς
1779 865 1812 933 ή

233 957 511 1025 παναγνος
540 954 635 1009 τοῦ
670 953 907 1025 Χριστοῦ
932 953 1110 1023 ἀμνὰς
1135 954 1395 1026 Βαρϐἀρα
1418 954 1813 1026 παλαιστρίτας

235 1046 517 1118 ἐκέκτητο,
549 1046 609 1112 ἐξ
644 1045 857 1117 ὁρατῶν
908 1048 1004 1100 καὶ
1053 1044 1301 1117 ἀοράτων
1354 1046 1631 1116 πολεμίων
1679 1063 1811 1115 συγ-

237 1137 525 1208 κειμένων.
1466 1172 1467 1175 η

300 1232 371 1293 γ’.
416 1225 684 1297 Τοιαύτης
712 1222 807 1280 οῦν
840 1227 873 1298 ή
884 1228 976 1296 μίν
1010 1226 1191 1282 ἄθλων
1220 1225 1455 1298 θεωρίας
1483 1229 1809 1301 προτιθεμέ-

235 1335 349 1389 νης,
373 1317 475 1371 οὐκ
511 1318 920 1390 ὲπισπεύσομεν
948 1320 1085 1391 πρὸς
1112 1318 1210 1391 τὴν
1232 1321 1436 1374 τούτων
1461 1322 1809 1391 ὲπόπτευσιν,
1850 1314 1865 1327 ’

236 1409 325 1461 καί
357 1408 459 1472 τὰς
493 1410 786 1481 συμϐολὰς,
815 1410 909 1465 καὶ
954 1411 1179 1478 πλοκὰς,
1226 1411 1321 1465 καὶ
1365 1411 1537 1476 λαϐὰς
1570 1415 1813 1485 ἀμφοτέ-

238 1515 342 1568 ρων
369 1496 481 1569 (79)
513 1499 892 1570 κατάρδωμεν,
915 1499 1011 1553 καὶ
1041 1499 1140 1570 τὴν
1187 1501 1344 1572 νίκην
1389 1501 1491 1570 τῆς
1539 1503 1811 1574 ήμετέρας

238 1593 527 1664 ἱερονίκου,
559 1595 654 1648 καὶ
689 1595 1059 1663 στεφανίτιδος
1089 1592 1514 1666 ἐπαθρήσομεν;
1562 1597 1657 1649 καὶ
1686 1596 1813 1662 τοὺς

239 1685 333 1755 μὲν
364 1685 664 1756 στυγεροὺς
712 1685 969 1757 δαίμονας
1012 1686 1358 1757 ἡττωμένους
1390 1687 1483 1739 καὶ
1512 1703 1810 1757 καταισχυ-

237 1776 493 1847 νομένους
522 1778 616 1830 καὶ
646 1776 973 1843 πίπτοντας,
1007 1779 1134 1843 τοὺς
1167 1778 1495 1848 ἀγγελικοὺς
1524 1781 1581 1835 δὲ
1606 1781 1812 1853 δήμους

238 1867 585 1936 ἀλαλαγμοὺς
635 1868 1066 1939 ἑπιφωνοῦντας,
1111 1870 1208 1925 καὶ
1253 1873 1541 1936 ἐπινικίοις
1594 1864 1810 1945 κρότοις

238 1959 330 2031 τὴν
377 1961 690 2014 καλλίνικον
736 1963 1119 2034 εὐφημοῦντας
1172 1964 1269 2018 καὶ
1309 1964 1685 2037 γεραίροντας,
1718 1969 1811 2022 καί

238 2052 473 2124 Χριστὸν
498 2055 661 2109 αὐτὸν
681 2055 756 2120 ὡς
782 2056 1148 2129 ἀγωνοθέτην,
1174 2058 1265 2113 τοῦ
1292 2060 1570 2131 βασιλικοῦ
1599 2062 1811 2134 θρόνου,

240 2151 493 2222 καθάπερ
522 2153 615 2205 ἐπὶ
657 2153 929 2222 Στεφάνου
980 2154 1075 2208 τοῦ
1127 2158 1614 2229 πρωτομάρτυρος,
1645 2161 1814 2213 ἐπαν-

245 2246 570 2314 ιστάμενον,
620 2247 714 2300 καὶ
761 2246 890 2310 τοὺς
936 2247 1236 2316 στεφάνους
1286 2249 1675 2321 προτείνοντα,
1724 2251 1818 2304 καὶ⁵

245 2337 427 2408 ἱδρῶσι
478 2338 912 2411 περιρρεομένην
957 2339 1055 2411 τὴν
1102 2340 1420 2414 νικηφόρον,
1446 2342 1538 2395 ὑπ’
1569 2342 1818 2411 ἀγγέλων

242 2428 713 2501 δορυφορουμένην
766 2430 1198 2500 ὑποδεχόμενον,
1239 2432 1333 2485 καὶ
1378 2434 1820 2504 περιπτυσσόμε-

246 2538 349 2587 νον,
380 2521 482 2575 καλ⁸
527 2524 638 2586 τοῖς
671 2522 1018 2592 ἐπουρανίοις
1064 2521 1349 2593 θαλάμοις,
1391 2525 1487 2577 καὶ⁹
1534 2525 1819 2595 νυμφῶσιν

247 2612 627 2681 ὲνευναίοντα;
657 2613 722 2667 Τί
768 2616 880 2679 τοῖς
912 2613 1266 2685 φιλοθεάμοσι
1316 2615 1410 2670 τοῦ
1458 2617 1664 2671 τοιοῦδε
1694 2618 1816 2673 θεάο

252 2723 412 2778 ματος
451 2706 831 2777 τερπνότερον,
869 2705 901 2777 ἢ
938 2706 1218 2777 ήδύτερον,
1256 2707 1289 2778 ἢ
1324 2708 1817 2781 ὲπικερδὲστερονς

255 2816 273 2851 ι
301 2798 624 2871 Μακάρισον
659 2798 792 2869 γάρ,
839 2798 1004 2870 φησὶν
1039 2798 1319 2863 Βασίλειος
1344 2802 1372 2853 ὁ
1405 2801 1547 2872 ἱερὸς
1576 2803 1676 2873 τῆς
1704 2804 1821 2857 Ἐκ-

251 2890 478 2960 κλησίας
524 2889 860 2954 διδάσκαλος,
911 2890 1151 2962 γνησίως
1196 2892 1685 2961 μαρτυρήσαντας,
1733 2892 1822 2947 ἵνα

252 2981 379 3054 γένῃ
433 2982 649 3053 μάρτυς
696 2984 761 3053 τῇ
809 2981 1152 3053 προαιρέσει,
1180 2982 1276 3035 καὶ
1314 2982 1482 3053 ὲκϐῇς
1512 2981 1623 3053 (80)
1653 2984 1822 3054 χωρὶς

253 3072 503 3144 αἵματος,
548 3073 645 3127 καὶ
680 3073 980 3143 μαστίγων,
1016 3072 1111 3127 καὶ
1142 3071 1421 3142 αἰκισμῶν
1458 3073 1591 3144 (8i).
1621 3092 1640 3124 ι
1676 3069 1824 3145 τΔρά

253 3167 391 3220 ἐστιν
449 3166 536 3229 τίς
588 3165 754 3238 ἑτέρα
787 3165 887 3236 τῆς
920 3164 1178 3237 τοιαύτης
1205 3165 1438 3235 ὲποψίας
1479 3166 1511 3237 ἢ
1564 3183 1823 3237 πραγμα-

254 3259 392 3324 τείας
423 3256 859 3332 κερδαλεωτέρα,
898 3257 996 3312 καὶ
1038 3257 1132 3312 τὸν
1174 3257 1403 3312 πλοῦτον
1436 3258 1823 3329 προσφέρουσα
1849 3262 1891 3320 C

253 3351 505 3417 πλείονα;
541 3348 603 3404 οὗ
643 3367 734 3420 μοι
763 3350 932 3407 δοκεῖ.

332 3442 494 3496 ’Δλλά
521 3443 574 3495 τί
618 3441 892 3507 πέπονθα,
933 3434 978 3496 ὧ
1026 3441 1203 3510 φίλοις
1252 3442 1382 3513 πρὶν
1414 3445 1481 3513 τῇ
1527 3444 1669 3514 ἀρχῇ
1716 3442 1825 3496 τῶν

255 3533 476 3603 ἀγώνων
510 3534 931 3606 προσϐάλωμεν,
963 3534 1102 3604 πρὸς
1148 3534 1210 3588 τὸ
1240 3534 1395 3599 τέλος
1440 3536 1582 3606 ἡμᾶς
1617 3536 1645 3588 ό
1671 3535 1827 3604 λόγος

257 3623 644 3696 παρώρμησεν.
680 3624 816 3692 "Ara
863 3621 927 3695 δὴ
961 3618 1075 3687 οὖν,
1118 3622 1281 3676 αὐτὸν
1326 3624 1823 3694 ἀνακαλεσάμενοι,

255 3716 356 3770 τῶν
394 3714 690 3786 προθύρων
738 3714 832 3768 τοῦ
880 3713 1184 3785 μαρτυρίου
1236 3714 1517 3785 ὲπιὸὦμεν
1559 3715 1693 3787 ήδη,
1736 3715 1829 3769 καὶ

254 3810 347 3882 τῆς
368 3809 514 3864 κατά
546 3809 710 3881 μέρος
741 3808 1047 3879 διηγήσεως
1078 3807 1507 3879 καταρξώμεθα.

318 3904 381 3958 δ’.
417 3902 528 3957 Τοῦ
568 3901 917 3972 παναγάθου,
950 3900 1046 3955 καὶ
1076 3899 1519 3973 φιλοικτίρμονος
1556 3899 1690 3954 Θεοῦ
1727 3901 1830 3955 A6-

257 4011 348 4064 γου
388 3993 453 4050 τδ
491 3994 620 4048 ίδιον
668 3989 1130 4065 πλαστούργημα,
1177 3992 1316 4066 ὅπερ
1364 3994 1486 4047 κατ’
1514 3993 1698 4047 εἰκόνα
1730 3994 1831 4066 τὴν

258 4088 445 4143 ἑαυτοῦ
480 4087 718 4158 ἀρχῆθεν
761 4085 1091 4157 πεποίηκεν,
1141 4084 1237 4138 καὶ
1280 4085 1391 4139 τῶν
1439 4084 1700 4154 ἐπιγείων
1732 4087 1831 4157 τὴν

260 4180 554 4251 ἠγεμονίαν
582 4179 980 4251 ἐγκεχείρικεν,
1028 4177 1137 4232 ὑπὸ
1166 4177 1270 4247 τῆς
1297 4178 1392 4231 τοῦ
1427 4179 1618 4252 νοητοῦ
1651 4179 1708 4233 δὲ
1744 4179 1833 4233 διὰ

260 4273 347 4327 τοῦ
384 4271 647 4343 αἰσθητοῦ
679 4271 860 4342 ὄφεως
886 4271 1105 4342 ἀπάτης
1136 4271 1202 4325 ἐκ
1239 4270 1341 4341 τῆς
1371 4270 1465 4325 τοῦ
1499 4272 1832 4344 παραδείσου

260 4364 469 4434 τρυφῆς
502 4361 921 4453 ἐξενηξγμένον
950 4360 1281 4430 ἑωρακότος,
1311 4361 1407 4415 καὶ
1435 4359 1622 4414 λοιπὸν
1653 4361 1836 4414 δεδου-

261 4454 519 4527 λωμένον,
545 4456 644 4509 καὶ
671 4454 934 4524 παγγενεὶ
959 4453 1020 4507 οὐ
1051 4453 1212 4524 μόνον
1236 4456 1302 4525 τῇ
1336 4453 1511 4525 φθορᾷ
1536 4453 1838 4527 ὑποϐεϐλη-

265 4550 441 4620 μένον,
493 4549 631 4603 ἀλλά
677 4548 773 4601 καὶ
810 4548 890 4612 εἰς
928 4545 1281 4616 πολυσχεδεῖς
1324 4544 1533 4611 πλάνας
1559 4546 1656 4599 καὶ
1686 4545 1835 4617 πάθη

264 4640 482 4711 ἀτιμίας
516 4637 855 4711 ὑπηγμένον,
888 4636 985 4692 καὶ
1016 4635 1271 4691 τοσοῦτον
1298 4634 1374 4707 τῷ
1402 4635 1551 4707 ζόφῳ
1575 4636 1674 4706 τῆς
1711 4638 1840 4691 ἀσε-

266 4732 410 4796 (ista;
457 4734 579 4796 τοὺς
625 4731 895 4802 ψυχικοὺς
930 4729 1244 4801 ὀφθαλμοὺς
1292 4728 1711 4800 ὲσκοτισμένον,
1763 4729 1840 4792 ὡς

266 4826 355 4880 καὶ
388 4826 479 4879 τὸν
506 4826 677 4889 ὅντως
717 4824 848 4878 ὄντα
883 4822 1016 4876 Θεὸν
1044 4820 1497 4877 καταλελοιπέναι
1522 4864 1537 4887 ,
1573 4821 1753 4886 ξύλοις
1778 4820 1839 4874 δὲ

270 4918 357 4972 καὶ
404 4918 610 4980 λίθοις,
667 4916 762 4971 καὶ
802 4915 1116 4985 ἀναισθήτῳ
1177 4912 1281 4987 ὕλῃ
1327 4914 1428 4982 τὴν
1468 4913 1840 4984 προσκύνησιν

270 5006 722 5080 προσενηνοχέναι
738 5047 758 5077 ,
790 5006 886 5059 καὶ
912 5005 1017 5059 ὑπὸ
1041 5004 1136 5058 τοῦ
1170 5002 1410 5074 πονηροῦ
1435 5043 1451 5070 ,
1478 5004 1574 5058 καὶ
1600 5005 1841 5057 ἀποστα-

269 5102 413 5156 τικοῦ
460 5102 715 5172 δαίμονος
745 5102 825 5165 εἰς
863 5098 1093 5171 ἔσχατον
1122 5098 1249 5169 ᾅδου
1289 5098 1384 5151 καὶ
1423 5097 1677 5162 ἀσεϐείας
1706 5098 1841 5163 ἐξω-

274 5192 462 5263 σμένον
513 5194 606 5248 καὶ
650 5191 1114 5265 κατεῤῥιμμένον,
1164 5190 1266 5243 οὐκ
1318 5188 1551 5257 ἤνεγκεν
1596 5188 1696 5258 τὴν
1745 5188 1842 5243 τοῦ

272 5284 560 5355 ἀλάστορος
606 5283 871 5356 τυράννου
924 5281 1105 5354 ὓϐριν,
1149 5279 1371 5335 καὶτοῦ
1415 5278 1838 5349 πεπλανημένου

273 5374 550 5447 ἀνθρώπου
580 5373 1005 5447 ἀπηλπισμένην
1029 5371 1326 5427 ἀπώλειαν.
1349 5370 1529 5441 υίκτῳ
1552 5371 1608 5424 δὲ
1638 5370 1839 5441 μᾶλλον

275 5466 362 5523 τοῦ
392 5469 521 5524 ἰδίου
544 5466 831 5523 ἀναλαϐὼν
858 5467 1182 5539 ποιήματος,
1214 5464 1275 5531 ἐξ
1307 5462 1688 5535 ἀπειρογάμου
1715 5461 1839 5515 νεά-

346 5624 390 5657 ¹¹
428 5623 625 5693 Ephes.
662 5638 737 5687 vt,
783 5622 869 5676 1‘2.

347 5762 455 5896 ΨΩ)
484 5761 710 5834 Legem,
737 5758 1183 5841 κατανοήσωμεν.
1372 5825 1397 5836 _

375 5833 461 5896 80)
490 5833 640 5896 Apud
670 5831 943 5886 Bastltum.
970 5826 1136 5896 χωρὶς
1160 5825 1397 5896 διωγμου

375 5822 461 5902 80)
490 5822 643 5902 Apud
670 5822 943 5902 Basiliam.
964 5822 1136 5902 ’χωρὶς
1160 5825 1423 5902 διωγμρῦ,
1454 5822 1621 5902 χωρὶς
1648 5824 1837 5902 πυρὸς,

284 5893 455 5974 χωρὶς
483 5893 782 5975 μαστίγων,
814 5897 920 5953 τῶν
953 5893 1151 5961 αὐτῶν,
1203 5894 1383 5958 αὐτοῖς
1430 5893 1637 5964 μισθῶν
1678 5893 1814 5963 terra

1915 689 2080 743 etiam
2108 690 2345 745 carnalis
2375 690 2622 761 spiritus,
2654 688 2952 758 mundique
2986 688 3245 758 praesides
3273 698 3329 743 et
3380 705 3491 744 ma-

1900 781 2176 847 gistratus
2205 794 2269 836 ac
2309 782 2599 851 principes,
2626 781 2729 835 hos
2778 779 3086 836 castissima
3126 779 3327 835 Christi
3371 782 3489 835 ovis

1916 870 2155 926 Barbara
2184 873 2480 928 luctatores
2512 882 2671 928 nacta
2701 884 2807 939 est,
2843 871 3079 929 conﬂato
3118 871 3220 941 ipsi
3254 871 3487 926 hostium

1918 974 2025 1020 tam
2057 965 2351 1021 visibilium
2386 979 2546 1036 quam
2595 964 2945 1023 invisibilium
2976 977 3170 1019 cuneo.

1985 1229 2038 1284 5.
2071 1227 2293 1283 Talibus
2323 1227 2505 1297 itaque
2537 1222 2932 1282 certaminibus
2958 1222 3114 1277 nobis
3164 1221 3230 1276 ad
3279 1228 3490 1291 specta-

1915 1322 2095 1379 culum
2129 1319 2440 1390 propositis,
2470 1331 2650 1371 annon
2703 1315 3081 1371 festinabimus
3136 1312 3203 1367 ad
3234 1312 3349 1366 haec
3369 1327 3490 1367 cer-

1915 1416 2110 1475 nenda,
2149 1423 2204 1465 ut
2245 1420 2600 1479 utrorumque
2648 1407 3091 1477 congressiones,
3142 1404 3486 1468 inﬂexiones,

1913 1514 1968 1560 et
1996 1502 2383 1574 prehensiones
2426 1499 2885 1568 contemplemur,
2946 1506 2999 1550 et
3047 1511 3216 1551 sacra:
3250 1496 3489 1550 victricis

1914 1609 2112 1647 corona
2145 1591 2405 1647 redimitm
2431 1589 2761 1658 triumphum
2797 1587 3137 1642 cernemus?
3169 1601 3233 1641 ac
3272 1586 3487 1654 quidem

1914 1685 2142 1738 infestos
2179 1685 2450 1737 daemones
2510 1690 2830 1749 superatos,
2887 1693 3087 1746 magno
3137 1692 3235 1732 sno
3288 1678 3492 1746 pudore

1914 1777 2170 1831 cadentes
2198 1790 2210 1827 :
2238 1773 2552 1842 angelorum
2613 1779 2794 1825 autem
2849 1768 3076 1838 pepnlos
3109 1768 3231 1824 laeto
3262 1768 3489 1836 strepitu

1915 1870 2301 1934 acclamantes,
2343 1875 2397 1920 et
2427 1865 2668 1919 victoria:
2691 1862 2972 1933 plausibus
3017 1862 3298 1916 victricem
3337 1874 3494 1930 egre-

1915 1959 2056 2031 giam
2105 1968 2482 2013 exornantes:
2543 1958 2718 2025 ipsum
2781 1955 3015 2022 denique
3071 1952 3370 2016 Christum,
3417 1952 3493 2004 uti

1917 2051 2272 2108 certaminum
2306 2048 2587 2117 praesidem
2615 2061 2645 2102 e
2669 2045 2814 2116 regia
2861 2044 3010 2110 sede,
3045 2043 3189 2098 haud
3223 2056 3380 2097 secus
3415 2050 3495 2094 at-

1917 2160 2021 2214 que
2051 2142 2326 2212 Stephano
2348 2138 2756 2209 protomartyri,
2794 2142 3170 2204 assurgentem
3193 2146 3496 2188 etcoronas

1918 2236 2305 2306 porrigentem,
2368 2232 2531 2300 inque
2583 2228 2895 2284 coelestibus
2950 2226 3203 2282 thalamis
3256 2233 3312 2281 et
3362 2224 3496 2279 toris

1919 2322 2303 2379 circumfusam
2378 2318 2670 2375 sudoribus
2717 2318 3038 2384 victricem,
3097 2324 3153 2371 et
3210 2314 3497 2370 ambitioso

1922 2414 2236 2484 angelorum
2282 2411 2538 2467 satellitio
2588 2412 2896 2475 deductam,
2940 2406 3331 2471 collocantem?
3360 2406 3498 2473 Quid

1922 2506 2366 2578 Spectaculorum
2398 2503 2737 2557 amatoribus
2759 2501 3024 2569 ejusmodi
3066 2500 3377 2570 spectaculo
3407 2498 3499 2568 ju-

1921 2598 2152 2655 cundius
2177 2605 2269 2651 aut
2338 2593 2789 2650 tlelectabilius‘lr
2826 2592 3017 2647 Beatos
3076 2591 3197 2646 illos
3244 2591 3496 2660 praedicat,

1925 2689 2101 2759 inquit
2133 2701 2289 2740 sacer
2317 2684 2576 2739 Ecclesiae
2610 2687 2796 2739 tloctor
2834 2683 3088 2748 Basilius,
3116 2684 3205 2752 qui
3240 2682 3500 2756 martyrio

1924 2794 2050 2833 vere
2079 2776 2251 2832 sancti
2300 2785 2450 2840 sunt,
2485 2785 2543 2829 ut
2606 2775 2772 2828 animi
2837 2774 3112 2844 proposito
3145 2782 3346 2844 martyr
3390 2776 3503 2843 ipse

1922 2868 2195 2931 elﬁciaris,
2229 2876 2283 2922 et
2313 2867 2514 2923 evadas
2560 2864 2724 2937 897
2756 2864 2873 2919 sine
2922 2879 3140 2930 cruore,
3185 2865 3501 2920 verberibus

1923 2971 1978 3017 et
2009 2960 2317 3031 suppliciis.
2349 2978 2367 3011 ι
2410 2957 2658 3027 Nunquid
2709 2957 2814 3011 ulla
2868 2956 3040 3010 altera
3104 2957 3369 3026 inspectio
3412 2967 3505 3010 aut

1930 3052 2229 3124 negotiatio
2255 3062 2362 3113 est,
2401 3067 2521 3120 quae
2557 3048 2816 3118 majorem
2869 3056 3156 3117 quaestum,
3193 3062 3257 3101 ac
3288 3046 3504 3102 divitias

1927 3146 2217 3216 atnpliores
2243 3141 2655 3211 alicrat?plane
2695 3155 2802 3194 non
2839 3149 2990 3210 puto.

1999 3445 2202 3502 Verum
2234 3444 2363 3515 quid
2395 3443 2612 3506 accidit,
2665 3437 3044 3496 dilectissimi?
3090 3452 3213 3492 cum
3255 3436 3506 3491 certami-

1929 3555 2058 3595 num
2083 3537 2378 3609 primordia
2408 3535 2636 3591 necdum
2688 3531 3053 3601 attigerimus,
3110 3528 3162 3581 in
3222 3527 3382 3581 linem
3410 3542 3509 3581 nos

1929 3631 2106 3687 oratio
2134 3629 2361 3699 pepulit.
2394 3627 2511 3697 Age
2556 3625 2742 3696 igitur,
2777 3638 2840 3678 ea
2894 3621 2961 3675 ad
3001 3619 3210 3675 initium
3236 3628 3507 3682 revocata,

1931 3726 1987 3780 in
2017 3722 2263 3793 martyrii
2317 3718 2456 3775 atria
2513 3717 2704 3788 pedem
2746 3724 2876 3769 ante
2930 3712 3253 3779 inferamus,
3290 3719 3511 3780 tumque

1931 3813 2209 3886 sigillatim
2241 3819 2440 3868 cuncta
2470 3823 2695 3865 narrare
2717 3805 3064 3876 incipiamus.

2000 3906 2056 3963 4.
2126 3904 2258 3959 Cum
2333 3899 2761 3973 benignissimus
2862 3893 3513 3962 misericordissimusque

1932 3996 2077 4052 Deus
2101 3996 2365 4060 Verbum,
2401 3994 2719 4064 figmentum
2753 4003 2937 4053 suum,
2977 3989 3122 4055 quod
3158 3986 3226 4039 ab
3260 3985 3418 4039 initio
3445 3984 3514 4038 ad

1934 4089 2225 4159 imaginem
2282 4102 2435 4142 suatn
2491 4082 2868 4150 condiderat,
2925 4084 3125 4149 cuique
3175 4070 3514 4134 terrenorunt

1934 4182 2296 4252 principatum
2388 4176 2781 4237 commiserat,
2857 4172 3161 4241 spiritualis
3248 4172 3515 4239 serpentis

1935 4269 2147 4333 fraude,
2176 4265 2520 4336 aspectabilis
2545 4261 2817 4332 serpentis
2858 4274 3047 4329 opera,
3082 4258 3334 4328 paradiso
3368 4257 3516 4311 volu-

1936 4359 2106 4431 ptatis
2131 4355 2365 4425 ejectum
2401 4351 2801 4424 conspexisset,
2855 4350 3079 4419 jamque
3132 4348 3271 4404 adeo
3305 4349 3517 4402 manci-

1940 4460 2122 4523 patum
2149 4464 2251 4504 nec
2275 4448 2470 4503 mortis
2504 4446 2767 4501 duntaxat
2800 4442 3096 4498 interitioni
3123 4456 3243 4497 cum
3264 4441 3518 4495 universa

1945 4540 2211 4613 progenie
2243 4536 2543 4602 addictum,
2574 4534 2668 4590 sed
2694 4542 2748 4589 et
2780 4533 2834 4588 in
2862 4530 3264 4587 diversissimos
3303 4544 3519 4585 errores

1945 4632 2511 4704 probrosissimosque
2568 4626 2797 4681 allectus
2853 4624 3364 4693 devectum,eaque
3423 4622 3521 4677 im-

1940 4723 2156 4795 pietatis
2188 4722 2425 4792 caligine
2478 4718 2676 4774 mentis
2730 4715 2918 4771 oculos
2963 4716 3321 4778 obcaecatum,
3362 4723 3421 4767 ut
3457 4728 3521 4769 co

1940 4818 2031 4886 qui
2066 4830 2196 4870 vere
2226 4814 2368 4869 Deus
2393 4821 2476 4867 est
2508 4809 2792 4873 derelicto,
2817 4807 2924 4861 diis
2965 4820 3033 4860 ex
3086 4804 3232 4875 ligno
3272 4813 3325 4858 et
3348 4804 3523 4873 lapide

1942 4906 2227 4963 fabricatis
2272 4904 2593 4973 expertique
2618 4914 2813 4956 sensus
2869 4898 3113 4953 materiae
3154 4896 3523 4951 cultumadhi-

1942 5002 2114 5067 heret,
2149 5008 2316 5067 atque
2344 5011 2373 5049 a
2414 4994 2750 5065 nequissimo
2782 5000 2837 5044 et
2888 4978 3166 5042 desertore
3199 4987 3439 5041 daemone
3471 4986 3522 5040 in

1943 5103 2247 5147 extremam
2278 5086 2505 5150 inferni,
2534 5093 2590 5139 et
2643 5080 2941 5152 impietatis
2990 5076 3206 5132 foveam
3245 5078 3525 5130 detrusum

1943 5195 1998 5241 et
2047 5181 2385 5254 projectum;
2433 5177 2626 5233 nefarii
2683 5173 2895 5251 tyranni
2948 5170 3203 5242 injuriam
3241 5184 3346 5222 non
3381 5169 3525 5231 tulit,

1947 5292 2046 5332 nec
2062 5276 2404 5344 desperatam
2424 5268 2636 5338 decepti
2665 5265 2899 5322 hominis
2920 5260 3305 5333 perditionem.
3333 5258 3528 5326 Quam-

1945 5370 2131 5424 obrem
2173 5376 2232 5420 ut
2259 5372 2523 5420 creaturae
2570 5374 2682 5418 sua:
2712 5356 3086 5429 opitularetur,
3112 5368 3176 5408 ex
3225 5350 3404 5423 puella
3428 5366 3529 5405 nu.

1946 5460 2126 5532 ptialis
2155 5470 2479 5529 congressus
2506 5451 2690 5510 nescia
2738 5456 3073 5521 assumptum
3138 5443 3308 5501 vellus
3353 5443 3529 5498 bonus

1950 5754 2131 5821 μένος.

2020 5823 2130 5893 (81)
2165 5823 2353 5891 Basil.,
2393 5823 2551 5879 llam.
2591 5826 2642 5879 in
2678 5820 2745 5877 ιο
2778 5827 2992 5888 martyr.
