4070 6492
578 522 682 586 787
1661 507 1665 510 '
1744 480 1803 576 ε.
1845 515 2163 578 JOANNIS

2280 512 2599 573 LMASCEN
2607 511 2631 570 Ι
3734 503 3817 569 788

583 631 702 702 Ipse
728 629 922 685 Pastor
959 629 1155 695 lndult,
1212 628 1610 698 «ductumque
1669 625 1813 683 illius
1858 632 2038 700 specie
2063 631 2158 685 ad-

2280 627 2401 690 νιδος
2429 627 2489 679 τὸ
2527 625 2720 678 κώδιον
2749 626 2777 677 ὀ
2811 622 3025 694 Ποιμὴν
3058 623 3087 676 δ
3121 619 3286 684 καλδς
3331 617 3650 691 περιέθετο,
3686 618 3743 672 δι’
3767 617 3817 676 οῦ

581 720 914 787 versarium,
953 729 1010 774 et
1065 731 1230 775 cruce
1279 727 1686 788 expugnatum,
1740 720 2046 789 tyrannide,
2101 727 2158 773 ut

2280 718 2352 772 τὸν
2381 717 2653 771 ἀντίδικον
2677 715 2958 777 δελεάσας,
2988 712 3081 768 καὶ
3110 710 3188 782 τῷ
3216 709 3435 781 σταυρῷ
3471 710 3819 777 καταγωνισά-

576 813 784 883 justum
808 821 946 879 erat,
980 809 1174 882 eiecit;
1211 819 1404 878 utpote
1444 811 1538 880 qui
1584 825 1679 879 per
1713 826 1978 865 summam
2012 810 2157 882 inju-

583 905 747 968 riam,
787 912 1020 958 mortem
1060 905 1128 959 ad
1170 904 1432 959 ultionem
1469 905 1675 973 peccati
1713 906 2010 967 decretam,
2059 901 2160 956 ad-

585 1007 777 1048 versus
807 993 956 1046 illum
991 993 1352 1058 instruxerat,
1418 994 1508 1062 qui
1561 1010 1591 1047 a
1647 1004 1868 1062 peccato
1897 993 2161 1048 immunis

585 1091 748 1136 esset.
774 1079 891 1136 Non
922 1083 1066 1136 enim
1114 1083 1307 1138 mt-rtis
1359 1096 1531 1152 poena-
1553 1093 1606 1137 et
1636 1084 1888 1139 vindicta:
1916 1091 2034 1139 erat
2061 1082 2162 1137 ob-

587 1171 804 1232 noxius,
834 1170 926 1238 qui
969 1180 1250 1238 peccatum
1281 1173 1501 1226 minime
1531 1183 1867 1242 gustaverat.

657 1260 710 1316 5.
753 1259 1116 1328 Quamobrem
1146 1260 1236 1316 ille
1264 1263 1355 1333 qui
1383 1261 1580 1329 injuste
1601 1264 1876 1319 hominem
1912 1265 2163 1334 peremit,
2205 1321 2220 1330 _

586 1352 828 1408 vicissim
857 1353 970 1420 ipse
999 1353 1123 1423 jure
1153 1354 1497 1424 perimendns
1521 1356 1650 1419 erit,
1676 1366 1730 1411 et
1761 1371 1898 1425 quas
1939 1358 2168 1427 conquio

589 1445 758 1500 sierat
782 1459 914 1514 opes
945 1446 1243 1501 amissurus
1277 1458 1378 1501 est.
1405 1446 1552 1503 Illius
1575 1450 1776 1503 ctenim
1803 1451 2166 1518 i'ntercmptio,

589 1535 876 1606 potestatis
904 1537 1128 1591 amissio
1155 1546 1210 1592 et
1240 1536 1435 1606 ejectio
1461 1549 1543 1594 est
1572 1556 1588 1594 :
1624 1541 1931 1595 daemonum
1972 1543 2171 1612 quippe

592 1641 762 1695 genus
793 1626 1097 1700 immortale
1145 1629 1424 1684 conditum
1469 1646 1498 1683 a
1531 1628 1639 1684 Deo
1671 1630 1794 1686 fuit.
1838 1632 1945 1686 Sed
1975 1643 2029 1688 et
2073 1632 2172 1688 Do-

596 1718 774 1772 minus
807 1733 914 1788 quo
941 1734 1131 1788 passus
1169 1728 1252 1773 est
1286 1727 1547 1791 tempore,
1589 1723 1808 1777 aiebat:
1850 1722 1998 1778 Venit
2026 1727 2173 1793 priu-

594 1826 711 1875 cepr
735 1810 916 1864 mundi
932 1811 1088 1881 hujus
1122 1854 1138 1879 ,
1166 1813 1284 1867 etin
1303 1829 1382 1867 me
1415 1813 1755 1868 noninveniel
1774 1815 2062 1886 quidquam
2086 1819 2131 1848 "
2155 1823 2195 1871 ι’

596 1903 700 1956 ιιοο
732 1912 815 1958 est
845 1904 1047 1958 nullum
1075 1921 1295 1976 germen
1328 1921 1516 1962 eorum
1565 1922 1686 1978 quae
1729 1909 2040 1970 seminavit.
2081 1923 2170 1965 aut

594 1995 803 2060 peccati
830 1997 1138 2066 vestigium,
1161 2009 1255 2053 aut
1289 1999 1642 2064 odorem,aut
1664 2000 1867 2057 umbra:
1891 2002 2169 2060 indicium.

595 2083 756 2152 Nam,
785 2097 844 2142 ut
874 2083 1004 2144 cum
1026 2091 1288 2161 propheta
1322 2095 1557 2162 loquar:
1589 2091 1872 2147 Peccatum
1907 2111 2008 2148 non
2033 2095 2174 2164 fecit,

596 2196 688 2233 nec
719 2179 872 2234 dolus
898 2181 1137 2237 inventus
1164 2193 1242 2238 est
1268 2185 1323 2238 in
1341 2200 1428 2238 ore
1450 2183 1564 2254 ejus
1591 2185 1661 2240 ".
1684 2184 1950 2252 Quocirca
1980 2188 2176 2243 iterum

597 2270 812 2326 dicebat
847 2289 861 2325 :
902 2273 1348 2345 Nnncjudicium
1399 2284 1478 2330 est
1526 2277 1730 2344 mundi,
1763 2294 1902 2332 nunc
1936 2279 2178 2348 princeps

599 2361 760 2432 hujus
815 2366 1001 2422 mundi
1053 2366 1300 2436 cjicietur
1343 2366 1493 2434 foras
1535 2367 1621 2433 ²⁸;
1672 2369 1786 2425 sive
1836 2370 2177 2440 tyrannidem

601 2456 840 2519 amittet,
863 2467 918 2511 et
944 2459 1345 2515 amandabitur.
1382 2459 1490 2516 Sua
1536 2461 1705 2530 igitur
1755 2461 2178 2529 resurrectione,

601 2548 840 2603 humana
874 2565 1052 2604 massa
1086 2560 1362 2620 reparata,
1409 2561 1630 2608 sanctos
1684 2553 1937 2623 deinceps
1965 2561 2182 2623 aposto-

602 2641 683 2694 los
711 2639 763 2694 in
795 2641 1034 2696 universi
1065 2649 1332 2698 terrarum
1365 2642 1514 2698 orbis
1549 2642 1682 2698 lines
1707 2643 1929 2709 emittit,
1961 2642 2184 2698 utsalu—

604 2740 775 2787 tarem
808 2732 1248 2802 prazdicationem
1301 2734 1614 2790 hominibus
1661 2736 2007 2800 annuntient,
2036 2735 2183 2790 et'ad

603 2839 763 2879 suum
825 2826 1088 2881 reducant
1141 2835 1441 2894 auctorem,
1489 2826 1836 2898 Spiritusque
1887 2825 2186 2899 fulgoribus

605 2915 902 2985 impietatis
963 2919 1217 2976 tenebras
1270 2919 1594 2986 dissolvant,
1641 2934 1882 2976 errorem
1930 2919 2188 2974 extermi-

606 3017 758 3072 nent,
788 3007 1072 3064 veritatem
1105 3009 1357 3066 doceant.
1396 3009 1546 3075 lude,
1571 3009 2020 3080 quemadmodum
2048 3009 2189 3081 ignis

605 3097 982 3166 copiosissima
1043 3099 1488 3170 amplissimaque
1547 3099 1812 3170 lignorum
1879 3108 2031 3154 strue
2062 3113 2186 3153 cor-

606 3195 781 3255 repta,
841 3189 1126 3246 celerrime
1169 3189 1448 3246 elatiorem
1493 3191 1547 3245 in
1597 3190 1868 3245 ﬂammam
1917 3193 2186 3263 exsurgit,

609 3279 822 3351 aliaque
850 3295 915 3336 ex
949 3281 1069 3336 aliis
1099 3282 1276 3337 vicina
1331 3282 1666 3350 depascitur,
1706 3297 1880 3354 neque
1907 3283 2043 3339 lucis
2077 3299 2188 3338 sua:

607 3371 716 3428 vim
764 3371 816 3425 in
871 3370 1042 3441 898
1079 3372 1275 3441 angulo
1322 3380 1504 3442 potest
1557 3373 1783 3442 abdere,
1846 3374 1940 3430 sed
1981 3375 2191 3430 cunctis

606 3461 771 3516 etiam
810 3462 1194 3518 remotissimis
1234 3464 1588 3534 conspicuam
1621 3465 1795 3520 reddit
1829 3481 1843 3519 :
1875 3465 1955 3522 sic
1976 3465 2192 3522 divinus

607 3555 702 3609 ille
749 3553 910 3624 ignis,
940 3569 1102 3625 quem
1157 3562 1217 3610 ut
1271 3557 1515 3612 mitteret
1574 3556 1628 3612 in
1659 3568 1880 3624 terram,
1934 3557 2192 3613 Dominus

609 3662 770 3717 supra
803 3655 1008 3704 terram
1036 3647 1391 3714 ascendit",
1426 3647 1537 3712 ille,
1583 3647 1826 3720 inquam,
1884 3647 1978 3718 qui
2033 3662 2194 3703 omne

608 3748 911 3807 peccatum,
941 3755 1266 3811 omnemque
1291 3755 1518 3811 pravum
1547 3749 1604 3795 et
1647 3749 1920 3795 terrenum
1951 3740 2191 3795 habitum

609 3841 664 3887 et
693 3831 1034 3889 aﬂ‘ectionem
1074 3833 1314 3889 absumit
1340 3841 1396 3889 et
1442 3833 1646 3898 abolet,
1674 3847 1772 3904 per
1804 3833 2079 3904 apostolos
2102 3848 2194 3888 eo-

609 3937 841 3992 rumque
891 3936 1264 3991 successores,
1301 3923 1354 3979 in
1411 3922 1692 3980 hominum
1735 3925 1945 3980 animos
1971 3923 2194 3979 commi-

611 4029 809 4084 grans;
842 4029 938 4071 eos
959 4015 1177 4086 quidem
1205 4025 1472 4088 quotquot
1523 4016 1674 4074 lenes
1701 4025 1858 4072 erant
1901 4016 2197 4085 mollesque

614 4115 671 4160 et
701 4105 1076 4161 reformationi
1133 4106 1334 4172 idonei,
1383 4121 1654 4178 suumque
1703 4116 2001 4172 auctorem,
2034 4118 2197 4176 atque

614 4211 644 4248 ιι
687 4197 1002 4264 captivitate
1044 4197 1131 4253 cui
1175 4197 1378 4254 addicti
1413 4207 1593 4265 erant,
1647 4199 2044 4269 redemptorem
2097 4214 2194 4253 ex-

614 4288 950 4356 spectabant,
991 4289 1280 4347 conl‘estim
1329 4291 1591 4348 abstersis
1636 4301 1980 4362 peccaturum
2013 4291 2194 4346 sordi-

613 4381 714 4436 bus
739 4391 795 4435 et
825 4382 1154 4449 emundatis,
1185 4384 1419 4452 divinos,
1471 4384 1684 4440 lucidos
1733 4392 1790 4440 et
1825 4383 2002 4438 claros
2033 4383 2195 4437 ador-

615 4467 800 4534 navit;
835 4468 954 4524 illos
979 4480 1158 4526 autem
1188 4472 1279 4540 qui
1332 4472 1628 4543 impietatis
1658 4471 1836 4526 labem
1876 4473 1982 4527 alte
2012 4473 2200 4526 hause-

616 4567 763 4623 rant,
793 4573 859 4614 ac
907 4561 1350 4629 vespertilionum
1401 4578 1573 4630 more,
1614 4578 1684 4618 ne
1737 4564 1952 4619 lucente
1979 4563 2194 4632 quidem

2265 826 2446 880 μενος,
2487 806 2712 869 δικαίως
2749 805 2852 874 τῆς
2881 801 3199 875 τυραννίδος
3229 799 3592 871 ἐκϐέϐληκεν,
3624 799 3696 859 ὡς
3728 800 3820 854 ἀδί-

2262 920 2374 968 κως
2396 901 2475 972 τῷ
2501 899 2775 970 ἁμαρτίας
2796 895 3011 967 ἀπείρῳ
3027 935 3040 962 ,
3066 895 3195 949 καθ’
3219 893 3287 965 ἣν
3310 895 3339 945 ὁ
3368 891 3604 954 θάνατος
3630 889 3819 960 ὥριστο,

2262 996 2353 1050 τὸν
2380 994 2609 1049 θάνατον
2645 990 3039 1060 ἐφοπλίσαντα.
3071 987 3144 1041 Ού
3178 985 3290 1057 γάρ
3334 984 3572 1038 θανάτου
3605 983 3822 1049 εὐθύναις

2264 1088 2358 1143 καὶ
2404 1085 2700 1156 ἐπιτιμίοις
2757 1082 3052 1145 ὑπέκειτο,
3095 1080 3125 1132 δ
3178 1076 3461 1150 ἁμαρτίας
3516 1075 3824 1128 παντάπασιν

2267 1181 2554 1249 ἄγευστος.

2337 1278 2399 1326 ε’.
2450 1270 2509 1323 'U
2541 1269 2725 1322 τοίνυν
2759 1264 2950 1320 τοῦτον
3001 1262 3205 1325 ἀδίκως
3248 1258 3590 1333 ἀνῃρηκὼς,
3637 1256 3827 1322 ἐνδίκως

2267 1360 2792 1433 ἀνταναιρεθήσεται
2813 1398 2828 1421 ,
2855 1357 2950 1411 καὶ
2978 1348 3039 1408 οῦ
3070 1353 3334 1423 ἐκέκτητο
3363 1351 3623 1409 πλούτου.
3653 1367 3822 1432 στερη.

2270 1457 2515 1528 θήσεται.
2580 1451 2818 1506 Ἐκείνου
2870 1449 2982 1520 γὰρ
3021 1447 3324 1518 ἀναίρεσις,
3374 1446 3408 1514 ἡ
3461 1443 3566 1512 τῆς
3616 1440 3828 1506 ἐξουσίας

2270 1550 2418 1602 ἐστὶν
2448 1546 2645 1620 ἐκϐολὴ
2683 1546 2775 1599 καὶ
2803 1543 3102 1605 ἔκπτωσις·
3134 1539 3408 1594 ἀθάνατον
3431 1536 3546 1606 γὰρ
3575 1532 3635 1588 τὸ
3665 1535 3825 1603 δαιμδο

2272 1659 2383 1694 νιον
2415 1639 2580 1709 φύλον
2610 1637 2716 1691 ὑπὸ
2741 1635 2836 1690 τοῦ
2876 1633 3116 1689 Κτίστου
3149 1629 3639 1701 δεδημιούργηται.
3691 1626 3785 1678 Καὶ
3807 1629 3832 1678 ὁ

2272 1733 2476 1804 Κύριος
2513 1730 2619 1801 γὰρ
2663 1727 2817 1800 παρᾶ
2860 1727 2953 1781 τὸν
2997 1725 3092 1778 τοῦ
3122 1721 3331 1784 πάθους
3363 1717 3562 1791 καιρὸν
3604 1716 3826 1784 ἔφασκεν·

2277 1826 2556 1893 Ἔρχεται
2581 1820 2783 1892 ἄρχων
2812 1817 2920 1874 τοῦ
2951 1818 3186 1887 κόσμου
3221 1815 3466 1878 τούτου,
3507 1809 3605 1864 καί
3635 1810 3698 1862 ἐν
3723 1808 3831 1878 ἐμοὶ

2275 1916 2522 1986 εὑρήσει
2555 1914 2758 1969 οὐδέν·
2810 1910 3082 1974 τουτέστι,
3117 1908 3226 1961 τῶν
3265 1906 3484 1960 ἐκείνου
3541 1903 3832 1972 σπερμάτων

2275 2008 2564 2080 γεώργιον,
2589 2007 2622 2076 ἢ
2645 2004 2922 2078 ἁμαρτίας
2952 2003 3118 2073 ἴχνος,
3146 2001 3180 2073 ἢ
3205 1999 3407 2070 ὀσμὴν,
3433 1997 3469 2068 ἢ
3493 1993 3832 2062 ἀποσκίασμα.

2285 2101 2598 2172 Ἀμαρτίαν
2641 2099 2753 2170 γὰρ
2775 2099 2888 2152 οὐκ
2919 2095 3233 2162 ἐποίησεν,
3279 2087 3639 2162 προφητικῶς
3663 2087 3828 2149 εἰπεῖν,

2276 2193 2420 2248 οὐδὲ
2446 2194 2631 2260 δόλος
2659 2189 2871 2260 εὑρέθη
2900 2190 2969 2243 ἐν
3001 2186 3082 2254 τῷ
3109 2185 3362 2254 στόματι
3390 2180 3608 2236 αὑτοῦ.
3640 2179 3723 2230 Διὸ
3751 2179 3828 2230 καὶ

2278 2281 2440 2334 πάλιν
2457 2279 2665 2348 ἔλεγεν,
2684 2279 2815 2333 Νῦν
2833 2278 3033 2346 κρίσις
3048 2274 3155 2329 τοῦ
3181 2274 3420 2342 κόσμου
3441 2271 3654 2325 τούτου
3669 2267 3830 2321 ἐστίν·

2278 2371 2396 2426 νῦν
2407 2375 2440 2425 ὀ
2457 2370 2657 2440 ἅρχων
2677 2369 2783 2425 τοῦ
2798 2370 3032 2438 κόσμου
3050 2367 3267 2421 τούτου
3278 2361 3710 2431 ἐκϐληθήσεται
3721 2357 3831 2422 ἔξω,

2251 2463 2432 2535 ἢτοι,
2462 2463 2560 2534 τῆς
2589 2461 2903 2534 τυραννίδος
2936 2460 3274 2521 ἐκπεσεῖται,
3310 2455 3406 2510 καὶ
3437 2453 3826 2526 μεταστήσεται.

2281 2557 2381 2610 Διά
2407 2555 2508 2626 τῆς
2553 2555 2752 2610 ἐαυτοῦ
2783 2551 3080 2624 τοιγαροῦν
3120 2549 3474 2611 ἀναστάσεως
3513 2545 3574 2598 τὸ
3609 2543 3836 2614 ἡμέτερον

2281 2649 2664 2711 ἁνασκευάσας
2691 2647 2784 2701 καὶ
2799 2645 3251 2715 ἀνανεωσάμενος
3271 2641 3529 2713 φύραμα,
3549 2636 3671 2698 τοὺς
3692 2632 3837 2702 ίεροὺς

2283 2741 2469 2798 λοιπὸν
2498 2739 2831 2803 ἀποστόλους
2861 2736 3003 2791 κατὰ
3035 2735 3214 2802 πάσης
3260 2730 3542 2799 ἐκπέμπει
3571 2726 3664 2794 τῆς
3693 2726 3834 2776 οἰκου-

2289 2831 2456 2903 μένης
2483 2830 2550 2883 τὰ
2583 2828 2817 2901 πέρατα,
2850 2826 2915 2880 τὸ
2946 2825 3212 2895 σωτήριον
3247 2823 3360 2884 τοῖς
3391 2818 3606 2890 βροτοῖς
3630 2811 3814 2882 διαγγέλ

2285 2923 2479 2986 λοντας
2509 2925 2792 2991 κήρυγμα,
2822 2919 2918 2972 καὶ
2950 2917 3088 2988 πρὸς
3112 2915 3204 2969 τὸν
3237 2914 3370 2967 ίδιον
3402 2908 3636 2982 ποιητὴν
3661 2903 3833 2960 ἐπανά-

2285 3027 2504 3086 γοντας,
2539 3008 2631 3062 καὶ
2655 3007 2755 3079 τῆς
2784 3005 2976 3068 ἁθεϊας
3008 3003 3100 3057 τὸν
3128 3002 3317 3056 σκότον
3351 3002 3468 3063 τοῖς
3500 2995 3595 3050 τοῦ
3623 2993 3832 3062 πνεύμα-

2287 3084 2379 3166 τος
2408 3097 2810 3172 ἀμαρύγμασιν
2854 3094 3192 3159 διαλύοντας,
3233 3093 3330 3147 καὶ
3369 3093 3472 3161 τὴν
3520 3087 3716 3156 πλάνην
3741 3084 3834 3150 ἐξα·

2290 3192 2616 3264 φανίζοντας
2636 3232 2651 3256 ,
2684 3191 2778 3244 καὶ
2811 3187 3146 3259 θεογνωσίαν
3177 3183 3556 3245 διδάσκοντας.
3602 3175 3837 3234 Ἐντεῦθεν

2215 3312 2258 3371 C
2292 3283 2480 3357 ὥσπερ
2511 3281 2814 3348 πολυξύλου
2833 3321 2850 3347 ,
2884 3281 2981 3334 καὶ
3027 3276 3526 3371 ἀμφιλαφεστάτης
3550 3271 3723 3371 ᾳῖτλης.
3748 3268 3835 3371 πῦρ

2295 3372 2750 3445 ἐπιδραξάμενον,
2779 3371 3013 3441 τάχιστα
3043 3371 3125 3433 είς
3150 3366 3475 3439 ἐπηρμένην
3511 3363 3680 3434 φλόγα
3708 3359 3836 3413 ἐπαί-

2295 3483 2452 3538 ρεται
2472 3505 2488 3530 ,
2524 3464 2619 3518 καὶ
2649 3465 2730 3526 είς
2761 3460 2832 3515 τὰ
2869 3461 3116 3532 προσεχῆ
3152 3455 3540 3531 μεταϐατικῶς
3564 3452 3831 3509 διαδίδοται·

2293 3559 2387 3612 καὶ
2413 3557 2512 3628 τὴν
2540 3553 2866 3626 λαμπηδόνα
2885 3593 2900 3619 ,
2930 3553 3026 3608 καὶ
3057 3552 3340 3623 ἐνέργειαν
3368 3550 3471 3604 ούκ
3497 3550 3556 3603 ἐν
3585 3546 3660 3617 τῷ
3692 3560 3834 3614 παρα-

2293 3649 2476 3722 ϐύστῳ
2506 3650 2763 3720 κατέχειν
2795 3646 3019 3702 δύναται
3041 3687 3056 3712 ,
3104 3646 3224 3700 ἀλλ’
3256 3643 3483 3715 ἔκδηλον
3535 3641 3726 3704 ἅπασι,
3761 3637 3835 3691 καὶ

2291 3743 2404 3804 τοῖς
2463 3737 2680 3812 μακρὰν
2723 3735 3132 3809 ἀπῳκισμένοις
3191 3733 3542 3804 καθίστησιν.
3587 3730 3752 3791 Οὕτως
3785 3725 3834 3796 δὴ

2292 3830 2482 3888 λοιπὸν
2511 3829 2693 3884 καὶτὸ
2718 3826 2862 3882 θεῖον
2891 3826 3024 3896 πῦρ,
3055 3826 3084 3880 ὃ
3108 3824 3294 3896 βαλεῖν
3323 3823 3418 3878 ἐπὶ
3443 3825 3550 3894 τῆς
3575 3821 3688 3893 γῆς,
3711 3821 3736 3873 ό
3759 3816 3835 3884 τῆς

2294 3925 2398 3993 γῆς
2443 3920 2654 3977 ἀνωθεν
2684 3918 3131 3990 καταπεφοίτηκε
3174 3916 3398 3989 Κύριος,
3451 3916 3518 3970 τδ
3547 3908 3834 3968 ἀναλωτικδν

2294 4015 2513 4084 ἀπάσης
2530 4011 2806 4084 ἁμαρτίας
2824 4052 2838 4076 ,
2868 4010 2962 4064 καὶ
2996 4009 3300 4081 μογθηρᾶς,
3335 4007 3430 4061 καὶ
3461 4005 3685 4066 ὑλώδους
3703 3997 3834 4067 ἐξεὼς

2295 4125 2354 4162 τε
2374 4148 2390 4174 ,
2423 4107 2518 4159 καὶ
2543 4103 2838 4166 διαθέσεως
2864 4102 2956 4156 διά
2987 4100 3097 4154 τῶν
3126 4099 3465 4162 ἀποστόλων,
3499 4097 3593 4151 καὶ
3618 4093 3716 4147 τῶν
3738 4088 3833 4143 τού-

2294 4216 2404 4252 των
2429 4196 2715 4267 διαδόχων,
2747 4197 2827 4258 είς
2857 4194 2957 4258 τὰς
2992 4192 3343 4264 ἀνθρωπίνας
3370 4189 3642 4245 διαϐαῖνον
3668 4183 3829 4256 ψυχάς.

2296 4291 2410 4346 Καὶ
2433 4289 2532 4352 τὰς
2568 4288 2664 4360 μὲν
2684 4329 2699 4354 ,
2733 4287 2856 4341 ὅσαι
2884 4286 3026 4340 λεῖαί
3071 4301 3132 4338 τε
3164 4273 3329 4356 ἦσαν,
3372 4283 3470 4336 καὶ
3519 4278 3729 4337 άπαλαὶ,
3758 4271 3831 4327 καὶ

2298 4381 2436 4454 πρὸς
2470 4379 2777 4435 ἀνάπλασιν
2807 4378 3133 4449 ἐπιτήδειαι,
3165 4377 3263 4430 καὶ
3287 4375 3616 4442 τὸνδαυτῶν
3643 4364 3830 4439 ποιητὴν

2298 4475 2392 4528 καὶ
2409 4471 2690 4545 λυτρωτὴν
2731 4473 2795 4525 ἐκ
2825 4471 2924 4542 τῆς
2956 4468 3290 4539 συνεχούσης
3337 4465 3704 4539 αἰχμαλωσίας
3738 4462 3831 4512 ἐπι·

2299 4565 2562 4619 ποθοῦσαι
2585 4603 2602 4630 ,
2635 4563 2731 4618 καὶ
2755 4562 3130 4634 ἀναμένουσαι
3149 4599 3165 4624 ,
3199 4560 3400 4614 αὐτίκα
3430 4561 3535 4630 τῆς
3560 4557 3660 4612 τῶν
3688 4554 3832 4622 dtu?-

619 4649 734 4706 sole
800 4651 916 4708 suis
971 4652 1212 4723 ipsorum
1245 4655 1418 4710 oculis
1475 4658 1766 4713 micantem
1800 4656 1974 4711 lucem
2005 4655 2185 4710 inferri

2301 4659 2565 4731 τημάτων
2617 4657 2835 4729 κηλίδος
2889 4657 3247 4732 ἀποσμῆχον,
3314 4653 3410 4707 καὶ
3471 4648 3828 4714 ἀνακαθαῖρονι

617 4742 984 4809 sustinebant,
1012 4745 1106 4801 sed
1142 4745 1198 4801 in
1259 4747 1497 4803 tenebris
1539 4758 1802 4819 perpetuo
1851 4763 2012 4819 agere
2062 4757 2114 4803 et
2142 4748 2194 4803 iu

620 4849 780 4890 coeno
840 4835 1072 4895 volutari
1124 4839 1471 4908 maluerant,
1509 4850 1755 4898 extremo
1789 4842 2050 4912 gehennae
2089 4840 2197 4912 igni

622 4927 853 4996 addixit,
884 4944 984 4987 ceu
1017 4933 1110 5004 qui
1137 4941 1331 5004 sponte
1364 4933 1744 4991 insanabiliter
1769 4933 2016 4991 laborare
2043 4933 2196 5004 cupi-

621 5022 823 5079 rerint.

2277 4755 2280 4758 ’
2305 4746 2581 4812 θεοειδεῖς,
2614 4746 2711 4800 κοιλ¹
2741 4745 3033 4813 φωτεινὰς,
3062 4743 3158 4797 καὶ
3177 4743 3440 4814 λαμπράς
3463 4739 3828 4809 ἀπετόρνευσεν·

2301 4839 2426 4903 τοὺς
2460 4837 2518 4892 δέ
2541 4854 2606 4908 γε
2633 4837 2777 4892 κατά
2806 4836 2970 4909 βάθος
2997 4833 3356 4906 δεδεγμένους
3383 4835 3483 4902 τὴν
3511 4835 3606 4905 τῆς
3624 4825 3829 4925 ἀσεϐείας

2302 4932 2563 4995 ἑκουσίως
2601 4931 2892 5000 ποιότητα,
2928 4929 3024 4983 καὶ
3055 4927 3390 4999 νυκτερίδων
3437 4927 3592 4998 δίκην
3619 4923 3735 4995 μήτε
3756 4923 3827 4968 τοῦ

2302 5024 2453 5095 ἡλίου
2497 5022 2810 5094 λάμψαντος
2843 5020 2905 5075 τὸ
2941 5021 3146 5090 φέγγος
3182 5021 3297 5083 τοῖς
3341 5019 3555 5074 ἑαυτῶν
3584 5007 3826 5085 ὀφθαλμοῖς

625 5113 985 5187 βουλομένους
1031 5115 1405 5187 εἰσδέχεσθαι,
1452 5117 1568 5172 ἀλλ’
1617 5117 1676 5173 ἐν
1732 5121 1915 5174 σκότει
1964 5118 2192 5186 διάγειν,
2233 5117 2330 5172 καὶ
2384 5115 2464 5187 τῷ
2529 5113 2776 5186 βορϐόρῳ
2817 5112 3255 5182 ἐγκαλινδεῖσθαι
3283 5109 3547 5182 διηνεκῶς
3587 5113 3825 5177 1:904:90"-

624 5209 848 5280 μένους,
877 5208 958 5282 τῷ
991 5210 1288 5283 τελευταίῳ
1321 5213 1422 5284 τῆς
1467 5213 1691 5286 γεέννης
1727 5217 1864 5286 πυρὶ
1898 5213 2283 5286 παρέπεμπεν,
2317 5210 2394 5274 ὡς
2455 5209 2653 5264 ἀνίατα
2716 5209 2892 5261 νοσεῖν
2923 5204 3247 5268 ἐθελουσίως
3281 5203 3640 5274 ποθήσαντας.

691 5300 748 5357 6.
775 5302 977 5358 Verum
1012 5304 1278 5374 ejusmodi
1307 5320 1414 5361 non
1450 5304 1550 5361 fuit
1583 5307 1951 5362 celeberriuue
1987 5304 2184 5360 Barba-

621 5407 697 5448 ται
729 5394 1133 5452 sacratissimus
1156 5412 1221 5453 ac
1248 5398 1576 5468 purissimus
1605 5400 1841 5456 animus.
1862 5397 2001 5466 Quin
2019 5397 2197 5468 potius

624 5484 748 5538 tidei
789 5483 1080 5554 splendore
1109 5500 1382 5560 suscepto,
1401 5501 1456 5546 et
1483 5491 1719 5546 tenebris
1752 5506 1876 5547 cum
1923 5491 2044 5544 luce
2083 5489 2196 5546 colo

2368 5308 2421 5367 ς’
2437 5341 2451 5356 .
2506 5300 2644 5355 Ἀλλ’
2676 5302 2736 5355 ού
2773 5299 2999 5371 τοιαύτη
3054 5297 3156 5368 τῆς
3189 5296 3554 5366 πανευφήμου
3603 5289 3823 5361 μάρτυρος

2299 5393 2593 5465 Βαρϐάρας
2632 5393 2666 5464 ἡ
2702 5395 2959 5464 πανίερος
2995 5390 3090 5444 καὶ
3134 5388 3502 5460 καθαρωτάτη
3533 5371 3820 5474 (immisis-

2300 5486 2474 5558 γμένη
2495 5485 2555 5540 δέ
2586 5485 2788 5556 μᾶλλον
2808 5484 2906 5555 τὴν
2926 5481 3121 5552 αἴγλην
3142 5479 3246 5549 τῆς
3273 5479 3536 5542 πίστεως,
3559 5474 3643 5530 καὶ
3664 5467 3716 5523 τὸ
3735 5467 3821 5534 φῶς

624 5578 775 5644 latis,
798 5577 1120 5635 immensum
1153 5581 1298 5638 inter
1318 5597 1412 5638 eas
1441 5582 1732 5639 discrimen
1761 5583 2123 5654 comperiens,
2146 5593 2185 5636 el

2297 5574 2378 5647 τῷ
2411 5575 2560 5647 ζόφῳ
2594 5575 2954 5646 συγκρίνασα,
2983 5571 3080 5628 καὶ
3105 5570 3166 5624 τὸ
3195 5569 3528 5640 ἀσύγκριτον
3558 5568 3670 5654 ὅσον
3695 5559 3821 5623 ὕπερ·

627 5676 888 5738 quantum
918 5667 1016 5724 Dei
1075 5670 1272 5728 notitia
1333 5671 1596 5727 idolorum
1645 5674 1816 5729 errori
1877 5653 1932 5729 et
1983 5671 2185 5740 caligiu‘

2298 5666 2502 5738 οχικῶς
2585 5666 2808 5731 ἰδοῦσα,
2861 5666 3178 5738 κεκτημένη
3231 5662 3331 5734 τὴν
3382 5661 3536 5716 θείαν
3585 5653 3817 5722 ἐπίγνωσιν

629 5757 1000 5826 antecelleret,
1019 5760 1226 5827 statim,
1253 5775 1349 5818 ceu
1383 5771 1527 5818 terra
1561 5763 1698 5818 bona
1733 5775 1789 5819 et
1819 5763 2055 5834 pinguis,
2086 5776 2200 5816 era-

2301 5760 2440 5831 πρδς
2485 5761 2583 5833 τὴν
2621 5759 2700 5831 τῷ
2757 5758 3145 5830 βδελυγμάτων
3199 5756 3411 5827 πλάνην
3461 5754 3555 5810 καὶ
3598 5745 3812 5804 Murri.

704 5937 750 5974 ”
774 5933 936 5995 .Joan.
973 5952 1081 6005 11v,
1105 5937 1194 5994 30.
1271 5939 1314 5972 ”
1340 5936 1442 5995 Isa.
1465 5955 1513 6006 v,
1541 5939 1592 6009 ὃ,
1621 5939 1672 5996 9.
1751 5937 1971 5996 "10m.
2009 5955 2105 6007 χιι,
2133 5941 2220 5997 31.
2301 5941 2344 5974 ³³
2371 5939 2501 6000 Luc.
2536 5949 2633 6005 In,
2673 5936 2758 5993 49.
