4070 6418
229 490 338 558 789

1267 499 1648 562 LAUDATIO
1686 501 1744 561 s.
1776 500 2148 562 malum
2182 477 2395 566 Mam:

3393 518 3498 580 790

235 605 403 669 εὐθὺς
435 600 712 676 ὥσπιργῆ
735 601 875 673 καλή
902 617 962 656 τε
993 601 1087 655 καὶ
1109 599 1270 667 πίων,
1301 603 1392 658 τὸν
1415 604 1666 674 οὐράνιον
1698 603 1824 657 σπό-

1935 605 2052 662 lesti
2089 609 2296 665 semine
2315 622 2596 682 suscepto,
2632 621 3005 668 mandatorum
3034 613 3298 669 exsecutit
3319 631 3384 668 ne
3416 615 3494 669 .Ιί-

237 714 330 772 ρον
354 695 673 768 ἁρπάσασα,
691 692 786 748 καλ⁵
801 690 1078 763 ἐπιμελῶς
1103 693 1168 764 τῇ
1193 691 1424 763 ἐργασία
1449 691 1562 747 τῶν
1591 694 1818 748 ἐντολῶν

1935 700 2156 769 ligenter
2200 702 2440 770 exculta,
2507 703 2842 760 tricesimum
2896 705 3172 771 fructum,
3225 707 3494 776 sexagesi-

243 789 630 862 (εωργήσασα,
664 786 1122 858 ἐκαρποφόρησεν
1147 787 1229 848 εἰς
1255 786 1554 858 τριάκοντα
1575 825 1591 850 ,
1615 786 1712 839 καὶ
1738 786 1820 850 είς

236 883 534 954 ἐξήκοντα,
567 881 662 936 καὶ
702 881 783 944 είς
813 879 1029 944 ἐκατδν,
1082 879 1376 944 ἀναϐάσεις
1422 880 1477 934 ὲν
1510 884 1576 952 τῇ
1621 880 1820 953 καρδίᾳ

237 977 516 1049 τιθεμένη,
553 977 651 1030 καὶ
682 975 818 1048 πρὸς
843 973 1056 1046 ἀρετῶν
1083 974 1452 1046 προϐαίνουσα
1479 976 1816 1048 τελειότητα.

238 1069 422 1140 Πέρας
456 1067 518 1139 δὴ
546 1061 661 1132 οῦν,
693 1066 755 1120 τὸ
803 1065 1142 1136 προφητικὸν
1193 1064 1413 1132 ἐδέξατο
1457 1066 1660 1136 λόγιον,
1709 1065 1821 1122 Καὶ

239 1159 685 1228 πλησθήσεται,
710 1158 940 1228 φάσκον,
964 1155 1132 1212 πᾶσα
1153 1156 1192 1223 ἠ
1230 1155 1303 1225 γῆ
1331 1156 1438 1211 τοῦ
1465 1155 1684 1226 γνῶναι
1715 1157 1822 1211 τὸν

240 1251 482 1320 Κύριον,
505 1251 586 1316 ὡς
629 1248 785 1315 ὕδωρ
807 1247 967 1302 πολὺ
993 1247 1105 1319 (82)
1137 1248 1450 1302 καλύπτον
1477 1248 1816 1314 θαλάσσας·

239 1343 346 1396 τῶν
371 1341 546 1394 ἐθνῶν
572 1339 774 1411 δηλαδὴ
801 1339 875 1393 τὰ
915 1340 1239 1411 συστήματα
1263 1378 1279 1402 ,
1321 1337 1601 1403 θαλάσσας
1629 1357 1823 1410 τροπι-

240 1433 348 1494 κῶς
370 1434 474 1504 τῆς
499 1430 856 1503 προφητικῶς
876 1430 1285 1502 προσαγορευού
1295 1446 1394 1500 σης
1411 1430 1660 1501 χάριτος.
1679 1431 1822 1484 Ἀλλ’

241 1529 337 1580 ούκ
367 1527 602 1598 ἧνεγκεν
638 1526 666 1578 ὁ
699 1522 998 1595 μισάγαθος
1047 1522 1143 1576 καὶ
1193 1521 1560 1593 φιλοπόνηρος
1611 1521 1822 1594 δαίμων

241 1617 346 1672 τῶν
381 1615 710 1686 σωζομένων
749 1615 850 1686 τὴν
889 1613 1100 1684 πληθὺν
1129 1614 1262 1684 ὁρᾷν
1307 1614 1580 1686 ὁσημέραι
1621 1614 1824 1684 προκό-

241 1726 506 1763 πτουσαν.
544 1709 605 1761 Ὀ
628 1709 736 1778 γάρ
764 1706 822 1759 ἐν
855 1706 997 1777 ἀρχῇ
1026 1705 1116 1758 τὸν
1154 1705 1327 1776 Ἀδὰμ
1353 1706 1492 1776 μετὰ
1526 1707 1622 1778 τῆς
1655 1705 1822 1770 συζύ-

241 1819 337 1869 γου
364 1799 644 1871 βασκήνας
668 1797 768 1866 τῆς
791 1798 847 1851 ἐν
876 1797 1191 1868 παραδείσῳ
1225 1795 1506 1866 διαγωγῆς
1526 1839 1541 1864 ,
1567 1797 1728 1870 σχολῇ
1758 1814 1822 1866 γε

243 1895 308 1950 ἀν
341 1892 634 1965 ἐκαρτέρει
672 1890 771 1954 τὰς
800 1888 1208 1960 ἀναριθμήτους
1253 1888 1524 1960 μυριάδας
1546 1929 1560 1951 ,
1610 1890 1710 1943 οὐκ
1743 1892 1824 1955 είς

244 1987 573 2059 παράδεισον
607 1984 864 2056 αἰσθητὸν
887 1983 983 2037 καὶ
1008 1981 1270 2050 ἐπίγειον,
1302 1981 1418 2034 ἀλλ’
1457 1983 1537 2045 είς
1569 1982 1820 2054 οὐρανὸν,

245 2081 334 2150 ἀφ’
363 2075 542 2149 οῦπερ
583 2077 744 2141 αὐτὸς
775 2076 850 2140 ὼς
881 2074 1130 2146 σιδήρεος
1165 2071 1318 2142 βόλος
1348 2070 1705 2144 ἐξέρριττται,
1737 2074 1827 2128 διὰ

247 2172 488 2236 πίστεως
535 2171 632 2241 τῆς
679 2170 760 2232 είς
807 2167 1044 2239 Χριστὸν
1098 2163 1371 2236 θεώμενος
1414 2165 1823 2230 ἀναϐαίνοντας.

258 2265 587 2332 Ἑξαιτεῖται
613 2261 792 2315 τοίνυν
833 2260 932 2331 τὴν
964 2262 1160 2330 πεῖραν
1190 2260 1218 2312 ό
1247 2259 1554 2330 πειραστὴς
1577 2273 1590 2288 ⁸
1629 2259 1690 2312 οὐ
1719 2258 1826 2330 γὰρ

249 2357 358 2428 ἔχει
393 2355 474 2427 μὴ
501 2353 792 2425 λαμϐάνων
834 2351 954 2405 κατ’
999 2349 1215 2414 οὐδενὸς
1259 2350 1359 2420 τὴν
1391 2349 1643 2417 ἐξουσίαν
1664 2367 1677 2381 ·
1710 2349 1826 2404 ἀλλ’

251 2449 441 2519 ῶσπερ
469 2447 636 2501 πάλαι
671 2443 924 2516 ἀκηκοὼς
969 2441 1062 2497 τοῦ
1101 2440 1239 2496 Θεοῦ
1280 2440 1358 2513 τῷ
1391 2441 1504 2510 ίδίῳ
1544 2443 1829 2513 ἐγκαυχωο

255 2543 411 2613 μένου
459 2540 778 2611 θεράποντι,
825 2537 920 2590 καὶ
963 2536 1264 2606 φάσκοντος
1289 2575 1306 2598 ,
1352 2533 1700 2604 Προσέσχες
1753 2533 1828 2604 τῇ

253 2633 484 2700 διανοίᾳ
507 2648 622 2686 σου
648 2629 727 2696 τῷ
749 2627 1068 2698 θεράποντί
1084 2644 1203 2697 μου
1239 2625 1387 2690 Ἰὼϐ,
1411 2625 1499 2679 ὅτι
1527 2627 1637 2680 οὐκ
1655 2625 1830 2680 ἐστιν

253 2725 376 2781 κατ’
412 2725 606 2779 αὐτὸν
635 2722 947 2791 ἅνθρωπος
983 2719 1085 2772 ἐπὶ
1128 2717 1240 2786 τῆς
1284 2717 1416 2787 γῆς,
1455 2717 1702 2783 ἄκακος,
1738 2717 1828 2772 δί-

255 2832 442 2882 καιος,
471 2813 778 2884 ἀληθινὸς,
810 2810 1118 2878 θεοσεϐὴς,
1150 2809 1520 2878 ἀπεχόμενος
1543 2809 1660 2864 ἀπὸ
1681 2822 1832 2863 παν-

255 2908 352 2974 τὸς
375 2905 651 2973 πονηροῦ
669 2904 1051 2973 πράγματοςε
1093 2901 1267 2964 Εὐθὺς
1307 2903 1515 2963 ἐκεῖνος
1543 2900 1622 2972 τῷ
1651 2901 1830 2972 φθόνῳ

254 3001 507 3072 πληγεὶς,
535 2996 870 3069 ἀπεκρίνατο
889 3036 903 3062 ,
934 2999 1029 3063 Μὴ
1052 2993 1278 3063 δωρεὰν
1323 2993 1446 3048 ἰὼϐ
1470 2991 1578 3045 τὸν
1607 2993 1832 3061 Κύριον

255 3093 514 3156 σέϐεται,
542 3108 595 3144 κ.
619 3107 670 3145 τ.
702 3105 747 3141 ε;
785 3088 948 3144 Ἀλλ’
970 3087 1341 3142 ἁπόστειλόν
1361 3103 1451 3153 με,
1471 3086 1573 3139 ἵνα
1595 3085 1832 3155 ἅψωμαι

258 3181 370 3238 τῶν
392 3178 641 3250 σαρκῶν
673 3178 883 3243 αὐτοῦ,
919 3179 969 3232 εί
991 3175 1080 3248 μὴ
1116 3179 1202 3242 είς
1231 3178 1556 3244 πρόσωπον
1573 3175 1829 3244 εὐλογεῖ.

1923 807 2219 860 mumque,
2259 807 2325 847 ac
2371 795 2725 850 centesimum
2791 796 2998 862 attulit,
3055 797 3399 852 ascensiones
3441 797 3494 851 in

1923 885 2087 939 corde
2136 898 2235 939 suo
2284 885 2351 940 ad
2404 885 2668 940 virtutum
2730 887 3116 958 perfectionem
3173 887 3493 956 provehens.

1923 975 2286 1042 Quamobrem
2313 977 2593 1047 impletum
2623 979 2840 1033 tandem
2863 987 2946 1034 est
2973 980 3344 1049 propheticum
3366 979 3497 1036 illud

1921 1067 2220 1130 oraculum,
2243 1083 2349 1138 quo
2385 1070 2625 1124 dicitur:
2660 1067 2871 1144 Repleta
2906 1079 2984 1124 est
3026 1079 3169 1124 terra
3191 1069 3495 1140 cognitione

1924 1159 2185 1226 Domini,
2234 1161 2386 1230 quasi
2429 1176 2568 1227 aqua
2627 1161 2795 1215 multa
2851 1161 3152 1229 cooperiens
3202 1159 3374 1215 maria
3406 1159 3496 1230 ";

1925 1251 2240 1320 prophetica
2293 1251 2500 1307 scilicet
2560 1253 2733 1324 gratia
2791 1252 3021 1323 ﬁgurato
3052 1267 3219 1307 sensu
3253 1252 3496 1321 gentium

1924 1349 2099 1394 caatus
2124 1339 2203 1394 sic
2239 1340 2562 1410 appellante.
2615 1340 2684 1396 At
2725 1355 2830 1394 non
2892 1339 3010 1395 tulit
3057 1339 3146 1394 ille
3189 1338 3346 1394 bonis
3371 1337 3500 1394 infe-

1925 1442 2042 1487 stus
2074 1440 2129 1486 et
2158 1433 2522 1501 nequissimus
2565 1433 2796 1497 daemon,
2858 1441 2919 1487 ut
2971 1447 3158 1486 eorum
3192 1430 3286 1500 qui
3319 1430 3498 1487 salute

1925 1527 2158 1584 donandi
2191 1539 2416 1594 essent,
2479 1530 2632 1586 novis
2671 1528 2912 1599 quotidie
2964 1526 3373 1582 accessionibus
3403 1541 3500 1579 an-
3543 1551 3546 1554 ~

1928 1632 2238 1692 gescentetn
2289 1637 2511 1676 censum
2575 1620 2806 1676 videret.
2867 1620 2970 1687 Qui
3025 1621 3170 1675 enim
3229 1620 3297 1675 ab
3338 1619 3498 1674 initio

1925 1713 2137 1768 felicem
2196 1713 2340 1767 illam
2365 1713 2418 1767 in
2484 1711 2734 1783 paradiso
2791 1711 2914 1769 vitat:
2969 1713 3234 1767 rationem
3287 1709 3498 1766 Adatno

1927 1804 2250 1875 coniugique
2280 1803 2572 1871 inviderat,
2625 1802 2794 1862 multo
2835 1804 3039 1868 minus,
3090 1818 3214 1858 eum
3241 1803 3321 1859 sic
3343 1802 3502 1856 innu-

1930 1900 2216 1955 merahiles
2241 1899 2533 1969 myriadas,
2568 1913 2674 1952 non
2700 1899 2752 1952 in
2779 1896 3161 1968 aspectabilem
3195 1906 3501 1952 terrenum-

1927 2007 2034 2063 que
2075 1993 2407 2062 paradisum,
2461 1991 2553 2046 sed
2613 1990 2666 2046 in
2713 1990 2936 2057 coelum,
2983 1989 3123 2044 unde
3171 1989 3287 2058 ipse
3336 1986 3499 2041 veluti

1928 2085 2104 2140 ferrea
2165 2083 2332 2139 moles
2383 2082 2656 2152 proiectus
2685 2081 2885 2147 fuerat,
2928 2097 3024 2152 per
3075 2080 3234 2136 fidem
3259 2079 3314 2134 in
3342 2077 3503 2134 Chri-

1929 2189 2071 2234 stum
2099 2180 2462 2233 ascendentes
2483 2185 2752 2242 cerneret,
2782 2191 2893 2229 rem
2921 2190 3024 2229 non
3043 2173 3322 2229 sustinuit.
3351 2172 3502 2238 Quo-

1929 2271 2072 2325 circa
2125 2268 2366 2325 tentandi
2413 2267 2687 2323 licentiam
2742 2275 2982 2322 tentator
3033 2265 3250 2334 poscit..
3287 2261 3500 2318 Nullam

1927 2364 2126 2433 quippe
2173 2362 2436 2416 adversus
2483 2360 2721 2430 aliquem
2773 2367 3119 2428 potestatem.
3153 2356 3337 2422 habet,
3371 2355 3500 2426 quin

1928 2456 2218 2527 acceperit.
2252 2456 2358 2511 Sed
2392 2455 2533 2510 sicut
2562 2453 2712 2520 olim,
2737 2469 2860 2508 cum
2893 2451 3058 2508 Deum
3089 2449 3156 2506 de
3179 2447 3382 2503 famulo
3405 2463 3502 2504 suo

1930 2547 2252 2617 gloriantem
2284 2543 2603 2609 audivisset,
2652 2552 2816 2612 atque
2850 2543 3120 2600 dicentem
3151 2564 3166 2601 :
3217 2543 3504 2599 Attendisti

1928 2651 2097 2696 mente
2132 2650 2224 2693 tua
2259 2653 2406 2692 serra
2434 2653 2546 2690 meo
2576 2634 2699 2702 Job,
2731 2635 2869 2708 quod
2892 2651 2997 2688 non
3052 2636 3119 2690 sit
3147 2636 3305 2689 homo
3333 2633 3504 2704 qualis

1929 2733 2018 2786 ille
2049 2747 2206 2800 super
2254 2740 2470 2791 terram,
2514 2727 2786 2793 innocens,
2835 2726 3039 2795 justus,
3105 2739 3288 2789 verax,
3331 2724 3504 2778 colens

1931 2821 2124 2883 Deum,
2153 2820 2418 2873 abstinens
2445 2817 2511 2875 ab
2549 2819 2692 2872 omni
2731 2833 2786 2870 re
2821 2817 2962 2870 mala
2989 2816 3074 2870 ¹⁷ἳ
3105 2831 3226 2870 mox
3252 2815 3340 2870 ille
3362 2815 3505 2870 invi-

1932 2913 2019 2968 dia
2051 2913 2310 2982 percitus,
2337 2908 2656 2980 respondit:
2695 2905 2840 2960 Num
2875 2907 3042 2977 gratis
3092 2905 3193 2960 Job
3225 2905 3506 2960 Dominum

1931 3007 2057 3060 colit
2086 3005 2131 3037 ’⁸
2152 3007 2176 3058 ‘t
2199 3012 2388 3073 etquzn
2403 3011 2716 3072 sequuntur
2737 3017 2753 3064 ;
2795 3000 2887 3055 sed
2910 3001 3056 3054 mitte
3078 3014 3180 3063 me,
3212 3007 3268 3051 ut
3293 3006 3506 3067 tangant

1931 3098 2045 3168 ejus
2075 3113 2282 3159 carnes,
2314 3096 2415 3150 nisi
2442 3095 2496 3150 in
2537 3095 2731 3164 [aciem
2773 3091 3132 3146 benedicat".
3173 3089 3310 3144 Tutu
3342 3089 3506 3153 Deus,

1934 3199 1995 3242 ut
2022 3187 2210 3242 famuli
2240 3187 2324 3241 sui
2359 3185 2412 3240 in
2444 3184 2705 3240 extremis
2739 3196 2958 3252 quoque
3006 3179 3262 3252 periculis
3295 3178 3508 3233 firmam
3579 3209 3582 3213 -

259 3271 386 3328 Είτα
416 3270 742 3342 βουλόμενος
765 3271 932 3323 πᾶσιν
956 3268 1238 3334 ἀποδεῖξαι
1261 3267 1351 3320 τὸν
1375 3266 1505 3319 [διον
1526 3264 1832 3337 θεράποντα

1939 3292 1991 3334 et
2019 3279 2272 3339 invictam
2306 3276 2469 3331 animi
2490 3273 2864 3330 fortitudinem
2891 3271 3246 3340 conspicuam
3277 3269 3508 3336 faceret,

256 3367 285 3418 ό
311 3364 444 3426 Θεὸς
469 3402 484 3428 ,
523 3361 619 3414 καὶ
646 3363 703 3414 ἐν
744 3361 860 3422 τοῖς
897 3357 1148 3429 ἐσχάτοις
1189 3355 1458 3420 κινδύνοις
1493 3355 1719 3427 στερρὸν
1742 3354 1837 3409 καὶ

259 3454 554 3520 ἀνάλωτον,
577 3458 751 3523 τούτῳ
771 3450 869 3522 τὴν
893 3451 1110 3520 αἴτησιν
1132 3448 1368 3512 δίδωσιν,
1389 3447 1478 3502 ἵνα
1507 3446 1581 3517 μὴ
1604 3446 1731 3518 δόξῃ
1755 3445 1830 3509 ὡς

261 3550 450 3620 ἔτυχεν
468 3546 721 3619 εἰρῆσθαι
749 3548 783 3616 ἡ
806 3544 1095 3615 καύχησις.
1123 3541 1280 3595 Οῦτω
1305 3541 1398 3592 καὶ
1418 3540 1561 3604 τότε,
1586 3539 1841 3608 ἀκηκοὼς

259 3645 288 3697 δ
311 3639 672 3712 παμπόνηρος
716 3635 808 3690 τοῦ
847 3635 1053 3705 Κυρίου
1073 3633 1314 3704 περὶτῆς
1329 3631 1656 3702 Ἐκκλησίας
1677 3633 1841 3699 ἐγκω-

265 3733 568 3805 μιαστικῶς
595 3729 1060 3801 ἀποφαινομένου,
1085 3729 1191 3783 Καὶ
1214 3729 1402 3782 πύλαι
1441 3727 1594 3795 ᾅδου
1628 3729 1701 3782 οὐ
1737 3744 1841 3782 κα-

265 3828 668 3897 τισχύσουσιν
703 3821 896 3890 αὐτῆς
928 3861 944 3886 ,
966 3819 1144 3883 πύλας
1168 3819 1296 3891 ᾅδου
1320 3819 1420 3882 τὰς
1448 3819 1709 3882 παντοίας
1733 3819 1840 3874 τῶν

265 3920 540 3973 κολάσεων
573 3915 714 3994 ἰδέας
760 3915 838 3976 είς
871 3912 1004 3983 ᾅδην
1040 3912 1135 3966 καὶ
1171 3913 1399 3965 θάνατον
1447 3910 1717 3975 ὼθούσας,
1749 3912 1844 3966 καὶ

267 4007 611 4080 καταγούσας
649 4007 1039 4078 ὀνομάζοντος,
1083 4004 1379 4070 ἐξαιτεῖται
1407 4003 1568 4058 πάλιν
1611 4001 1843 4067 ἀναιδῶς

267 4105 359 4176 τὴν
381 4106 583 4174 πεῖραν
636 4100 746 4154 Καὶ
771 4099 836 4170 δὴ
866 4096 1049 4151 λαϐὼν
1071 4095 1170 4167 τὴν
1198 4095 1468 4160 ἐξουσίαν,
1498 4095 1710 4166 ὄργανα
1737 4093 1846 4147 λοι-

268 4195 364 4248 nov
398 4195 503 4264 τῆς
535 4191 791 4256 ἀσεϐείας
839 4189 1032 4262 μεστά,
1071 4187 1166 4241 καὶ
1216 4186 1366 4259 αὐτῷ
1399 4189 1469 4260 τῇ
1507 4186 1601 4240 τοῦ
1641 4186 1845 4257 τρόπου

269 4285 707 4358 παρισουμένους
737 4281 990 4353 ὠμότητι
1015 4277 1406 4350 ἐκλεξάμενος,
1434 4276 1660 4344 τούτους,
1688 4274 1846 4330 καθί-

270 4395 463 4448 στησιν
501 4374 779 4446 ἡγεμόνας
810 4373 906 4426 καὶ
936 4371 1240 4443 ἄρχοντας·
1277 4367 1374 4421 καὶ
1411 4365 1591 4437 δόγμα
1633 4366 1849 4421 καθολιο

272 4466 376 4532 κῶς
400 4467 472 4522 δι’
497 4465 720 4520 ἐκείνων
743 4462 1042 4534 ἐκτίθησιν,
1076 4458 1172 4514 τοῦ
1199 4459 1298 4529 μέν
1319 4457 1557 4530 Χριστοῦ
1577 4456 1846 4512 παύεσθαι

272 4559 366 4631 τὴν
399 4556 778 4630 προσκύνησιν
801 4595 816 4621 ,
853 4552 1094 4616 εἰδώλοις
1135 4551 1193 4605 δὲ
1240 4549 1340 4614 τὰς
1375 4549 1566 4613 θυσίας
1605 4549 1847 4622 προσφέ-

277 4647 499 4718 ρεσθαι,
560 4647 658 4699 καὶ
709 4643 951 4714 ἀφειδῶς
1005 4640 1287 4703 παντοίαις
1347 4638 1635 4701 κολάσεσιν
1694 4638 1847 4691 ἀναι-
1879 4635 1923 4690 D

279 4740 486 4810 ρεῑσθαι
519 4739 646 4802 τοὺς
687 4735 1091 4804 ἀντιλέγοντας.
1135 4729 1419 4786 Ἐντεῦθεν
1451 4729 1640 4799 ἡλικία
1677 4733 1850 4797 πᾶσα,

275 4833 365 4885 καὶ
386 4829 540 4896 ἀξία,
559 4829 804 4902 ἀρρένων
819 4844 880 4880 τε
907 4825 1002 4879 καὶ
1017 4822 1250 4894 θηλύων,
1276 4823 1470 4894 χόρτου
1492 4822 1650 4893 δίκην
1678 4823 1851 4894 ἀσυμυ

279 4924 464 4988 ταθῶς
493 4921 874 4992 κατεθερίζετο
906 4920 1016 4974 τῶν
1061 4916 1302 4988 Χριστοῦ
1336 4916 1434 4986 τὴν
1464 4915 1648 4969 πίστιν
1693 4915 1854 4986 μέχρι

281 5014 505 5072 θανάτου
539 5017 726 5088 τηρεῖν
769 5004 1220 5086 προαιρουμένων
1263 5007 1539 5080 ἄτρωτον,
1579 5008 1677 5062 καὶ
1705 5008 1854 5062 ἀπα-

281 5108 650 5179 ρεγχείρητον.

347 5217 412 5283 ζ’.
459 5218 587 5274 Κατ’
618 5219 831 5274 ἐκείνου
866 5217 933 5290 δὴ
971 5213 1063 5273 οῦν
1097 5216 1315 5289 καιροῦ,
1365 5211 1715 5286 Μαξιμιανοῦ
1753 5212 1848 5267 τοῦ

283 5310 504 5373 ἀσεϐοῦς
537 5311 935 5382 βασιλεύοντος,
969 5309 1392 5382 ἡγεμονεύοντος
1420 5307 1478 5361 δὲ
1505 5305 1851 5380 Μαρκιανοῦ,

1940 3371 2141 3441 petenti
2195 3368 2412 3424 diabolo
2466 3366 2680 3433 annuit,
2719 3377 2790 3420 ne
2840 3362 3040 3418 frustra
3071 3361 3335 3431 gloriatus
3361 3359 3511 3414 vide.

1940 3470 2118 3515 retur.
2154 3457 2245 3513 Sic
2278 3467 2406 3511 tunc
2437 3455 2604 3510 etiam
2651 3449 3096 3512 scelestissimus,
3149 3446 3334 3502 audito
3363 3442 3511 3515 quod

1942 3551 2203 3606 Dominus
2233 3549 2297 3603 de
2322 3545 2561 3602 Ecclesia
2610 3558 2714 3599 non
2746 3543 2863 3598 sine
2897 3538 3195 3610 magnifica:
3241 3535 3414 3590 laudis
3441 3533 3512 3588 ti-

1945 3638 2057 3697 tulo
2083 3637 2296 3693 dixerat
2323 3654 2338 3694 :
2373 3633 2438 3688 Et
2483 3644 2648 3703 portte
2691 3631 2848 3700 inferi
2879 3647 2980 3684 non
3011 3625 3366 3698 pravalebunt
3414 3625 3514 3676 ad-

1941 3745 2122 3793 versus
2141 3745 2256 3783 eam
2285 3729 2330 3760 ⁸ο
2361 3726 2474 3798 (ubi
2502 3737 2688 3794 portas
2718 3721 2887 3795 899
2920 3719 3081 3775 inferi
3124 3717 3263 3773 varii
3291 3714 3501 3771 omnis-

1943 3839 2046 3894 que
2092 3821 2304 3892 generis
2348 3819 2650 3883 cruciatus,
2697 3816 2791 3885 qui
2832 3814 2899 3870 ad
2948 3811 3156 3867 inferos
3183 3818 3236 3863 et
3282 3816 3513 3862 mortem

1945 3916 2171 3972 trudunt
2197 3923 2252 3969 et
2274 3911 2634 3984 prazcipitant,
2653 3902 2990 3978 appellavit),
3015 3917 3207 3959 rursus
3231 3898 3519 3970 impuden-

1947 4019 2027 4064 ter
2055 4005 2298 4062 tentandi
2328 4003 2570 4075 postulat
2614 3999 2955 4056 facultatem.
2992 3996 3112 4062 Qua
3143 4000 3389 4063 accepta,
3421 3990 3518 4046 de-

1946 4100 2103 4155 lectis
2133 4098 2390 4166 deinceps
2417 4095 2566 4150 omni
2610 4092 2892 4161 impietate
2941 4086 3135 4156 plenis,
3168 4085 3385 4154 sibique
3407 4095 3518 4137 sa~

1949 4187 2075 4240 vitia
2105 4186 2326 4256 paribus
2357 4182 2758 4244 instrumentis,
2799 4178 2898 4232 hos
2948 4173 3238 4246 praefectos
3278 4182 3329 4228 et
3361 4173 3518 4242 prino

1949 4279 2096 4348 cipes
2127 4276 2429 4340 constituit,
2458 4288 2666 4346 perque
2691 4286 2784 4327 eos
2820 4267 3126 4325 universale
3155 4267 3260 4322 hoc
3281 4265 3521 4320 edictum

1949 4371 2166 4426 sancit:
2225 4366 2453 4423 Desinat
2518 4365 2740 4420 Christo
2795 4362 2972 4418 cultus
3029 4357 3275 4414 adhiberi
3318 4353 3525 4411 :idolis

1950 4463 2181 4518 victima:
2214 4460 2384 4527 fiant;
2417 4473 2481 4513 ac
2529 4455 2965 4513 contradicentes
3020 4450 3166 4504 nulla
3195 4447 3526 4518 indulgentia

1949 4555 2097 4611 onmi
2124 4551 2510 4622 suppliciorum
2543 4561 2738 4619 genere
2758 4550 2998 4616 pereant.
3031 4540 3168 4602 Hinc
3193 4539 3372 4595 omnis
3391 4548 3527 4593 tetas

1951 4657 2006 4704 et
2035 4646 2291 4718 dignitas,
2347 4640 2580 4697 masculi
2637 4646 2692 4695 et
2738 4637 2974 4701 femina,
3011 4632 3104 4702 qui
3130 4631 3334 4688 Christi
3366 4629 3526 4684 fidem

1951 4739 2018 4795 ad
2056 4747 2287 4793 mortem
2348 4748 2522 4804 usque
2571 4728 2940 4790 inviolabilem
2999 4726 3384 4792 sinceramque
3413 4735 3530 4775 ser-

1952 4845 2081 4885 vare
2132 4827 2568 4899 proposuissent,
2625 4824 2771 4888 haud
2819 4835 2982 4878 secus
3051 4832 3118 4875 ac
3166 4814 3350 4872 fenum
3382 4810 3531 4868 nulla

1953 4921 2331 4981 misericordia
2367 4919 2806 4978 demetebantur.

2025 5219 2076 5276 7.
2119 5217 2220 5272 Per
2253 5217 2302 5270 id
2341 5215 2523 5286 itaque
2558 5222 2791 5283 tempus,
2827 5208 3129 5278 imperante
3162 5202 3331 5271 impio
3362 5199 3541 5256 Masi-

1955 5310 2156 5375 miano,
2186 5317 2239 5362 et
2270 5303 2544 5359 Marciano
2572 5299 2820 5372 praeside,
2848 5305 2965 5351 erat
2993 5294 3115 5364 quis
3144 5290 3380 5363 regionis
3403 5304 3541 5359 pra:-

284 5399 348 5474 ἦν
369 5422 450 5469 τις
472 5381 774 5476 τοπάρχης,
801 5381 998 5476 φησὶν,
1015 5403 1243 5474 ὀνόματι
1266 5401 1580 5473 Διόσκορος,
1601 5399 1835 5462 πλούσιοι

1957 5401 2185 5472 positus,
2238 5399 2526 5452 Dioscorus
2574 5393 2811 5459 nomine,
2856 5388 3014 5444 valde
3060 5387 3228 5451 dives,
3279 5397 3406 5452 erga
3458 5381 3542 5436 in-

289 5473 518 5566 σιρόδρα,
548 5473 801 5568 ἐμμανὴς
830 5473 896 5552 δέ,
926 5493 1060 5566 περὶ
1097 5473 1195 5564 τὴν
1220 5493 1330 5548 τῶν
1365 5493 1588 5563 ἀψύχων
1618 5491 1835 5545 etes)»:

1959 5493 2191 5546 animata
2243 5489 2382 5545 idola
2437 5487 2504 5541 ad
2560 5484 2823 5541 insaniam
2877 5481 3123 5536 devotus.
3173 5475 3272 5530 liic
3325 5473 3542 5528 unicam

290 5563 676 5658 προσκύνησιν.
702 5563 870 5652 οῦτος
901 5563 1188 5658 μονογενὲς
1218 5587 1347 5658 ἐσχε
1368 5586 1683 5656 θυγάτριον,
1716 5585 1835 5656 Bap

1960 5593 2276 5655 susceperat
2314 5581 2512 5645 filiam,
2551 5578 2767 5634 nomine
2799 5574 3133 5640 Barbaram,
3167 5566 3385 5640 egregia
3423 5563 3544 5636 pui-

357 5763 528 5822 "lsa.
563 5781 640 5831 χι,
685 5763 738 5820 9.
815 5766 858 5798 ⁸⁷
893 5761 994 5820 Job
1044 5782 1080 5830 ι,
1127 5763 1181 5818 8.

369 5919 478 5997 (82)
504 5923 657 5995 Syxt.
687 5922 722 5980 ἀ
750 5920 1150 5992 κατακαλύψαι,
1177 5935 1290 5992 ᾳιιιε
1324 5917 1485 5988 possit
1512 5917 1734 5986 operire.

1286 5761 1332 5794 “
1384 5760 1514 5816 ibid.
1545 5760 1598 5816 9.
1677 5762 1726 5794 ”
1758 5759 1888 5816 ibid.
1925 5759 2010 5814 Η.
2088 5758 2131 5790 ⁸⁸
2167 5756 2358 5812 Matth.
2388 5769 2498 5821 xv1,
2537 5752 2646 5808 lS.‘
