4070 6470
556 492 655 560 791

1717 488 1779 547 S.
1820 486 2135 547 JOANNIS
2173 486 2597 547 DAMASCENI

3718 488 3815 551 792

563 594 866 653 rlnitudine
892 595 1202 661 formosam,
1228 605 1276 651 et
1306 610 1512 650 morum
1543 605 1824 652 honestate
1850 597 2134 666 insignem.

2242 595 2418 666 ϐάραν
2439 595 2687 665 ὀνόματι,
2708 591 2937 655 κάλλους
2960 591 3251 663 ὡραιότητι
3269 590 3702 663 διαπρὲτοουσαν,
3728 592 3812 645 καὶ

561 684 922 753 Quamobrem
952 696 1224 741 exstructa
1260 686 1392 739 turri
1427 685 1554 751 alta,
1586 687 1636 738 in
1670 701 1732 740 ea
1759 687 2037 756 virginem,
2071 702 2137 741 ne

564 777 845 832 hominum
881 779 1185 847 aspectibus
1222 786 1464 847 pateret,
1501 779 1570 831 ob
1605 777 1879 832 florentem
1917 778 2134 846 praetul-

564 878 883 939 gentemque
910 870 1207 925 venustatis
1232 869 1531 926 claritatem
1559 881 1612 925 et
1641 872 1979 940 splendorem
2008 886 2137 925 con-

565 962 742 1015 clusit.
784 963 912 1029 Qua:
958 978 1077 1016 cum
1126 962 1237 1016 illic
1278 972 1485 1033 ageret,
1526 978 1554 1017 a
1601 962 1779 1017 saeculi
1824 978 2005 1017 rerum
2055 973 2136 1016 tu-

567 1052 823 1108 multibus
856 1066 1085 1120 vacans,
1120 1054 1317 1123 pietate
1352 1054 1538 1123 plenas
1573 1054 1924 1123 cogitationes
1957 1054 2136 1108 animo

566 1143 838 1207 versabat,
869 1158 1069 1213 easque
1103 1143 1314 1199 colebat
1352 1154 1406 1199 et
1444 1146 1637 1200 alebat.
1676 1144 1765 1200 Sic
1806 1145 1947 1200 enim
1988 1161 2137 1200 com-

564 1243 812 1301 paratum
845 1244 947 1300 est,
981 1243 1038 1288 ut
1066 1236 1298 1290 solitudo
1327 1237 1603 1291 subtilium
1635 1247 1686 1290 et
1714 1237 2135 1306 prremagniiiro-

560 1338 682 1401 rrum
712 1325 1040 1395 cogitatuunt
1071 1342 1265 1395 parens
1291 1328 1380 1381 sit.
1410 1330 1486 1382 Ac
1511 1329 1724 1399 quidem
1759 1328 2020 1383 idolorum
2051 1344 2137 1382 er-

564 1431 743 1472 rorem
769 1428 823 1473 et
847 1419 1071 1485 cultum,
1094 1420 1261 1489 utqui
1289 1421 1352 1473 ad
1376 1420 1573 1475 inferni
1601 1422 1845 1489 laqueum
1872 1420 2132 1483 truderet,

561 1510 948 1563 exsecrabatur
982 1528 995 1564 :
1032 1526 1213 1564 veram
1251 1521 1426 1563 autem
1466 1512 1900 1564 Christianorum
1940 1510 2133 1576 ﬁdem,

562 1607 873 1668 sancteque
899 1610 950 1654 et
974 1600 1446 1655 consubstantialis
1471 1600 1750 1656 Trinitatis
1775 1600 2133 1655 venerandam

563 1687 984 1753 confessionem,
1016 1705 1112 1744 ceu
1146 1705 1263 1760 qua:
1294 1690 1345 1743 in
1377 1691 1543 1745 caelos
1571 1692 1914 1757 subveheret,
1946 1690 2135 1745 confo-
2158 1679 2182 1705 ⁸

562 1779 721 1833 vehat
752 1789 806 1835 et
839 1782 1274 1851 amplexabatur;
1305 1799 1367 1838 ac
1400 1783 1698 1838 doctrinam
1733 1785 1799 1839 de
1832 1784 1996 1839 animi
2033 1786 2136 1840 im-

563 1870 911 1937 mortalitate,
935 1873 1000 1927 de
1027 1888 1190 1942 regno
1215 1873 1493 1941 ccelorum,
1519 1876 1584 1929 de
1611 1878 1828 1945 perenni
1856 1876 2132 1943 beatitate,

2236 691 2438 756 τρόπου
2465 686 2755 756 σεμνότητι
2777 682 3212 753 διαλάμπουσαν.
3250 681 3464 754 Πύργον
3495 676 3595 733 οὖν
3625 680 3814 752 suam

2235 778 2583 848 δειμάμενος,
2622 779 2800 830 ἐκεῖσε
2833 774 2931 845 τὴν
2962 774 3229 845 παρθένον
3260 775 3649 836 κατέκλεισεν,
3686 773 3814 828 ὥστε

2239 868 2315 937 μὴ
2340 868 2569 939 ὁρᾶσθαι
2596 867 2764 938 αὐτὴν
2795 866 2900 920 ὑπὸ
2926 866 3035 919 τῶν
3062 867 3159 920 ἀνθ
3172 866 3387 937 ρώπων,
3413 867 3509 920 διὰ
3537 866 3639 936 τὴν
3663 867 3817 920 ἐπανο

2238 957 2438 1013 θοῦσαν
2470 961 2565 1013 καὶ⁸
2604 959 3108 1029 ἀπαστράπτουσαν
3150 958 3242 1012 τοῦ
3279 959 3516 1022 κάλλους
3550 960 3816 1029 φανότητα

2237 1050 2331 1104 καὶ
2360 1050 2739 1120 λαμπρότητα.
2782 1050 2980 1104 Αὐτόθι
3011 1046 3105 1103 οὖν
3132 1050 3465 1121 διαιτωμένῃ
3495 1092 3511 1113 ,
3550 1050 3687 1120 ἄτερ
3719 1054 3817 1104 τῶν

2236 1143 2433 1207 ἔξωθεν
2465 1142 2709 1213 θορύϐων
2742 1141 3183 1212 ἀιρησυχάσασα,
3224 1140 3530 1210 λογισμοὺς
3586 1142 3814 1194 ἀνεκίνει

2238 1233 2510 1297 θεοσεϐεῖς
2529 1275 2544 1297 ,
2571 1233 2664 1287 καὶ
2692 1232 2916 1296 τούτους
2942 1232 3229 1304 ἐγεώργει,
3261 1232 3357 1285 καὶ
3382 1232 3649 1300 ἔτρεφεν·
3684 1228 3815 1283 οἶδεν

2235 1324 2342 1394 γὰρ
2375 1324 2602 1395 ἐρημία,
2635 1324 2853 1377 ἐννοιῶν
2890 1324 3108 1393 ἰσχνῶν,
3151 1325 3245 1377 καὶ
3289 1324 3815 1394 μεγαλοφυεστάτων

2239 1418 2425 1487 μήτηρ
2454 1416 2834 1470 καθίστασθαι.
2868 1416 2980 1469 Καὶ
3003 1415 3103 1486 τὴν
3134 1416 3232 1486 μὲν
3264 1416 3375 1468 τῶν
3408 1415 3658 1468 εἰδώλων
3688 1415 3813 1467 πλάο

2236 1527 2331 1580 νην
2361 1509 2453 1562 καὶ
2495 1509 2779 1580 λατρείαν,
2816 1507 2892 1571 ὡς
2928 1508 3006 1571 εἰς
3050 1508 3176 1579 ᾇδου
3218 1508 3495 1578 πέταυρον
3558 1505 3815 1573 κατάγουο

2238 1617 2337 1653 σαν
2368 1599 2736 1665 ἐϐδελύττετο,
2771 1599 2868 1671 τὴν
2908 1600 2950 1652 δ’
2973 1599 3148 1670 ἀληθῆ
3179 1599 3286 1651 τῶν
3310 1597 3669 1669 Χριστιανῶν
3704 1599 3816 1649 πίσο

2238 1707 2340 1756 τιν,
2370 1692 2464 1745 καὶ
2493 1692 2590 1762 τὴν
2609 1694 2709 1762 τῆς
2735 1691 2896 1760 ἁγίας
2920 1690 3013 1744 καλ⁵
3041 1688 3329 1760 όμοουσίου
3360 1688 3602 1760 Τριάδος
3625 1688 3816 1757 σεπτην

2236 1780 2552 1851 ὁμολογίαν,
2588 1782 2664 1845 ὼς
2694 1783 2773 1845 είς
2802 1781 3065 1853 οὐρανοὺς
3098 1779 3409 1848 ἀνάγουσαν
3428 1818 3443 1841 ,
3482 1794 3555 1830 πε
3568 1778 3814 1847 ριέθαλπε

2237 1875 2330 1927 καὶ
2357 1873 2634 1946 προσίετο·
2666 1871 2791 1937 τούς
2819 1890 2879 1925 τε
2911 1873 3039 1941 περὶ
3066 1870 3364 1934 ἀθανασίας
3389 1868 3583 1939 ψυχῆς
3612 1867 3811 1933 λόγους,

564 1954 775 2018 necnon
816 1964 882 2018 de
921 1963 1188 2034 gehenna,
1224 1976 1535 2035 aeternoque
1578 1967 1685 2021 illic
1725 1969 2016 2038 supplicio;
2052 1969 2133 2023 in-

2239 1966 2365 2037 περί
2403 1983 2460 2018 τε
2494 1964 2773 2037 βασιλείας
2811 1963 3059 2034 οὐρανῶν
3080 2003 3094 2030 ,
3131 1963 3225 2017 καὶ
3257 1966 3356 2032 τῆς
3384 1962 3498 2015 τῶν
3532 1962 3816 2032 ἀκηράτων

564 2066 730 2119 super
753 2065 881 2106 vero
910 2062 1373 2121 temporanearum
1405 2056 1586 2111 saeculi
1618 2071 1795 2110 rermn
1830 2059 2132 2113 instabilem

564 2141 890 2214 labilemque
915 2146 1260 2214 vertiginem,
1288 2146 1469 2201 animo
1497 2148 1749 2218 pingebat
1777 2165 1839 2203 ac
1865 2150 2131 2215 volvebat,

564 2231 861 2289 inStructas
901 2233 1029 2290 item
1072 2236 1404 2305 lampadibus
1438 2239 1703 2308 virgines,
1740 2239 2132 2311 incorruptibili

560 2314 762 2393 Sponso
790 2326 1004 2382 Christo
1035 2327 1087 2382 in
1119 2328 1325 2383 ctelesti
1358 2330 1595 2385 thalamo
1626 2332 1935 2400 copulatas,
1965 2344 2019 2388 et
2051 2337 2132 2388 in-

560 2419 780 2474 terioris
810 2429 861 2474 et
896 2436 1108 2477 arcana:
1143 2422 1416 2479 felicitatis
1451 2425 1658 2483 deliciis
1690 2429 1976 2498 potientes,
2008 2447 2127 2501 per-

563 2519 726 2575 petuo
769 2508 871 2563 sibi
914 2513 1357 2579 repraesentabat,
1398 2526 1463 2569 ac
1508 2514 1816 2571 beatissima
1862 2516 1949 2571 illa
1989 2529 2134 2573 sorte

562 2596 1033 2670 inexplicabilique
1071 2601 1294 2674 gaudio,
1338 2614 1393 2659 et
1438 2620 1501 2659 ea
1545 2605 1712 2674 gloria
1753 2622 1911 2677 quam
1956 2622 2134 2664 sermo

560 2688 740 2742 nullus
768 2689 1073 2760 eloquetur,
1105 2694 1263 2765 digna
1298 2694 1411 2750 ﬁeri
1444 2696 1725 2764 gliscebat,
1756 2697 2129 2767 desiderabat,

561 2796 611 2834 et
649 2782 931 2837 exorabat.

630 3040 685 3096 8.
724 3042 859 3096 Dum
890 3043 1125 3114 prudens
1155 3054 1210 3101 et
1240 3057 1388 3101 casta
1416 3049 1568 3120 virgo
1597 3052 1855 3121 ejusmodi
1886 3055 2133 3110 conside-

561 3132 861 3189 rationibus
906 3135 1145 3191 animum
1193 3138 1561 3208 constiparet,
1605 3142 1775 3197 adfuit
1824 3156 1979 3214 pater
2021 3167 2035 3202 :
2080 3160 2133 3203 et

2237 2056 2611 2121 ἀπολαύσεως,
2637 2056 2765 2127 περί
2787 2074 2843 2109 τε
2864 2055 3112 2126 γεέννης,
3140 2055 3235 2108 καὶ¹
3262 2058 3361 2126 τῆς
3389 2055 3581 2108 ἐκεῖσε
3605 2052 3814 2105 ἀτελευ-

2232 2150 2398 2217 τήτου
2426 2147 2720 2210 κολάσεως,
2752 2147 2888 2217 πρὸς
2921 2146 3131 2209 τούτοις
3161 2145 3238 2209 δὲ,
3266 2146 3360 2198 καὶ
3388 2145 3491 2216 τὴν
3519 2144 3633 2196 τῶν
3663 2159 3815 2210 προσ-

2234 2238 2439 2307 καίρων
2466 2236 2561 2290 τοῦ
2589 2238 2796 2306 κόσμου
2821 2237 3013 2290 τούτου
3042 2236 3385 2308 πραγμάτων
3412 2236 3659 2290 ἄστατον
3682 2250 3815 2304 περιο

2234 2329 2406 2400 φορὰν
2464 2328 2557 2381 καὶ
2608 2328 2861 2382 ἀϐέϐαιον
2918 2327 3060 2381 κατά
3117 2328 3242 2381 νοῦν
3304 2326 3667 2397 ἐζωγράφει,
3728 2327 3812 2379 καὶ

2232 2422 2530 2476 ἀνείλιττεν
2555 2437 2568 2451 ⁸
2610 2421 2705 2474 καὶ
2738 2421 2838 2484 τὰς
2867 2421 3329 2492 λαμπαδηφόρους
3361 2419 3695 2490 παρθένους,
3725 2418 3814 2480 τὰς

2232 2514 2309 2584 τῷ
2337 2514 2602 2585 ἀφθάρτῳ
2631 2514 2849 2585 νυμφίῳ
2882 2512 3102 2583 Χριστῷ
3126 2514 3185 2566 ὲν
3212 2515 3278 2583 τῇ
3314 2512 3651 2583 ἐπουρανίου
3687 2528 3811 2562 πασ-

2232 2605 2348 2659 τάδι
2385 2605 2815 2674 συναπτομένας,
2854 2604 2947 2658 καὶ
2975 2605 3073 2676 τῆς
3104 2603 3251 2657 ἔνδον
3282 2604 3615 2675 ἀπορρήτου
3655 2618 3811 2654 κατα-

2232 2697 2526 2770 τρυφώσας
2559 2696 2997 2769 μακαριότητος,
3033 2695 3120 2749 ἀεὶ
3159 2694 3521 2764 ἐφαντάζετο.
3568 2694 3679 2746 Καὶ
3722 2692 3810 2761 τῆς

2233 2790 2522 2845 πανολϐίου
2544 2789 2756 2860 ἐκείνης
2783 2789 2979 2861 μοίρας
3000 2788 3095 2842 καὶ
3116 2789 3396 2858 χαρμονῆς
3409 2786 3811 2856 ἀνεκφράστου,

2234 2882 2326 2935 καὶ
2356 2880 2720 2952 ἀνεκλαλήτου
2748 2879 2929 2949 δόξης,
2962 2878 3369 2948 καταξιωθῆναι
3402 2876 3663 2946 ἐγλίχετο
3684 2915 3697 2938 ,
3730 2875 3811 2927 καὶ

2232 2973 2517 3042 ἐπεθύμει.
2557 2974 2651 3027 καὶ
2689 2971 2909 3043 ηὔχετο.

2301 3072 2372 3135 η’.
2414 3066 2500 3117 Ἐν
2535 3067 2647 3126 τοῖς
2678 3066 2937 3125 τοιούτοις
2980 3055 3074 3115 οῦν
3113 3060 3438 3133 θεωρήμασι
3478 3059 3585 3129 τῆς
3620 3056 3815 3127 σώφρο-

2234 3172 2323 3217 νος
2364 3154 2458 3206 καὶ
2491 3152 2661 3223 ἁγνῆς
2701 3150 2973 3221 παρθένου
3023 3149 3121 3221 τὴν
3166 3148 3345 3220 ψυχὴν
3390 3148 3813 3216 πυκναζούσης,

562 3223 746 3280 multis
770 3227 1083 3294 proceribus
1109 3227 1483 3297 proﬁtentibus
1510 3232 1680 3301 pluris
1704 3248 1762 3288 se
1790 3234 1969 3293 facere
1993 3237 2132 3292 illius

2239 3246 2522 3313 ἐφίσταται
2551 3245 2579 3296 ὁ
2616 3244 2819 3314 πατὴρ.
2874 3240 3362 3296 Ἀναδιδασκόντων
3399 3241 3457 3293 δὲ
3490 3241 3665 3295 αὐτὸν
3699 3240 3813 3293 πολ-

563 3316 780 3387 nnptias
804 3326 858 3374 et
883 3320 1234 3386 connubinm,
1257 3318 1409 3389 jubet
1435 3322 1602 3392 ipsam
1622 3326 1763 3381 votis
1784 3341 2040 3383 annuere.
2064 3332 2133 3385 At

560 3405 654 3463 illa
679 3421 960 3465 sermones
984 3410 1247 3479 ejusmodi
1278 3420 1532 3483 tanquam
1560 3430 1733 3485 nugas
1759 3426 1814 3472 et
1836 3417 1938 3473 sibi
1966 3420 2134 3475 mole-

562 3509 677 3555 stos
704 3513 987 3570 spernens,
1022 3501 1163 3558 irato
1190 3502 1338 3557 vultu
1367 3514 1575 3574 patrem
1606 3506 1919 3579 inspiciens,
1952 3514 2134 3583 perni-

564 3591 765 3645 ciosam
807 3591 945 3647 hanc
979 3593 1158 3651 animo
1194 3593 1621 3675 cobortationem
1654 3614 1878 3669 prorsus
1918 3602 2137 3658 submo-

563 3688 673 3746 vet,
699 3680 1087 3755 denuntiatque
1119 3700 1233 3742 rem
1263 3687 1527 3758 ejusmodi
1560 3705 1833 3761 nunquam
1864 3704 2132 3764 suggerat.

566 3769 870 3826 Ridiculum
902 3775 1045 3828 enim
1080 3790 1408 3849 prorsusque
1439 3778 1730 3837 absurdum
1761 3783 1912 3852 virgo
1946 3798 2133 3840 cense-

563 3860 688 3929 bat,
715 3878 835 3932 quaz
866 3878 923 3919 se
950 3866 1119 3920 semel
1153 3868 1361 3923 ctelesti
1392 3876 1448 3924 et
1475 3869 1767 3926 immortali
1798 3872 2013 3929 Christo
2042 3876 2141 3929 ad-

562 3951 788 4007 dixisset
830 3969 892 4009 ac
932 3956 1257 4024 copulasset,
1303 3959 1371 4014 iis
1418 3960 1510 4029 qui
1553 3962 1818 4017 vermium
1868 3965 2042 4019 instar
2088 3966 2140 4020 in

561 4044 776 4099 cenosis
813 4059 872 4101 se
912 4046 1266 4103 volutantium
1311 4050 1533 4107 lacubus
1571 4052 1625 4106 in
1667 4054 1983 4123 gentilitatis
2023 4056 2137 4111 luto

561 4137 941 4203 versabantur,
986 4139 1376 4197 obsecundare.
1435 4142 1601 4216 900
1646 4144 1909 4213 Quocirca
1960 4148 2144 4219 puellae

563 4240 775 4296 parens,
797 4231 943 4285 omni
961 4230 1236 4302 diligentia
1253 4233 1500 4288 balneum
1520 4246 1858 4303 construens,
1877 4253 1998 4293 cum
2014 4240 2145 4295 duas

560 4322 831 4380 fenestras
857 4327 923 4379 ad
952 4335 1221 4393 austrum,
1242 4328 1436 4398 quibus
1466 4328 1643 4385 lumen
1666 4332 2029 4399 induceretur,
2061 4334 2142 4388 fa-

559 4412 673 4468 bris
694 4416 1033 4484 imperassel,
1057 4418 1109 4472 in
1129 4419 1303 4475 locum
1324 4422 1606 4490 quemdam
1628 4423 1899 4493 profectus
1928 4435 2034 4480 est.
2074 4426 2145 4481 At

561 4504 847 4562 Trinitatis
874 4507 1068 4562 ancilla
1099 4524 1405 4579 sponsaque
1434 4509 1706 4578 Barbara,
1739 4515 1977 4584 dispecto
2003 4519 2134 4571 aedi-

2236 3336 2342 3389 λῶν
2370 3333 2734 3405 μεγιστάνων.
2761 3337 2858 3386 καὶ¹
2885 3332 3012 3403 περὶ
3043 3331 3241 3385 πολλοῦ
3266 3331 3545 3386 ποιεῖσθαι
3575 3332 3675 3402 τὴν
3697 3330 3817 3384 ταύ-

2236 3443 2333 3496 της
2367 3423 2629 3493 συζυγίαν
2664 3441 2753 3489 τε,
2790 3424 2886 3475 καὶ
2938 3423 3075 3493 πρδς
3112 3421 3358 3493 γαμικὴν
3400 3422 3630 3493 ὁμιλίαν
3674 3422 3817 3474 συνά-

2239 3533 2431 3583 φειαν,
2466 3518 2546 3579 εἰς
2577 3514 2736 3568 τοῦτο
2769 3512 2939 3585 αὐτὴν
2975 3514 3258 3567 ἐπινεῦσαι
3297 3513 3697 3584 προυτρέπετο.
3758 3512 3813 3562 Ίί

2237 3608 2294 3660 δὲ
2330 3607 2456 3669 τοὺς
2499 3605 2772 3669 τοιούτους
2810 3605 3004 3672 λόγους
3032 3604 3108 3669 ὡς
3149 3604 3351 3676 λήρους
3374 3646 3388 3668 ,
3426 3603 3524 3657 καὶ
3561 3602 3815 3673 ὀχληροὺς

2238 3697 2584 3752 διαπτύσασα
2609 3737 2625 3761 ,
2665 3696 2784 3767 μετ’
2822 3695 2993 3766 ὀργῆς
3026 3695 3103 3767 τῷ
3141 3694 3499 3766 γεγεννηκότι
3551 3694 3815 3766 ἐμϐρίθως

2242 3788 2552 3851 ἀτενίσασα,
2587 3788 2685 3858 τὴν
2718 3786 3034 3858 ψυχοϐλαϐῆ
3068 3787 3274 3857 ταύτην
3314 3785 3652 3855 παραίνεσιν
3691 3801 3816 3836 παν-

2242 3879 2411 3943 τελῶς
2438 3879 2774 3943 ἀποσείεται,
2810 3876 3007 3948 μηκέτι
3043 3877 3260 3948 μνήμην
3291 3873 3534 3929 τοιούτου
3567 3874 3817 3945 πράγμαο

2241 3988 2333 4034 τος
2364 3970 2500 4041 αὐτῇ
2528 3969 2827 4040 προσάγειν
2858 3969 3316 4039 παρεγγυήσασα.
3347 3966 3566 4019 Γελοῖον
3597 3967 3705 4035 γάρ
3734 3965 3817 4016 καὶ

2244 4057 2426 4126 πάσης
2478 4057 2707 4118 ἀτοπίας
2761 4056 3071 4125 ἀνάμεστον
3133 4057 3166 4127 ὴ
3225 4053 3497 4125 παρθένος
3552 4056 3813 4126 ἡγήσατο,

2244 4146 2500 4212 καθάπαξ
2537 4146 2736 4217 ἑαυτὴν
2776 4147 2855 4217 τῷ
2906 4146 3144 4218 οὐρανίῳ
3183 4147 3277 4200 καὶ
3315 4144 3574 4216 ἀθανάτῳ
3610 4144 3817 4215 νυμφίῳ

2244 4240 2505 4294 ἀναθεῖσά
2566 4257 2627 4292 τε
2663 4240 2757 4292 xal.
2787 4239 3092 4309 συνάψασα,
3124 4238 3172 4291 εἱ
3200 4241 3312 4301 τοῖς
3345 4236 3650 4307 σκωλήκων
3674 4235 3818 4305 δίκην

2248 4330 2491 4385 ἰλυὼδεσι
2522 4329 2783 4399 τέλμασιν
2827 4328 3215 4398 ίλυσπωμένων
3250 4326 3519 4397 ελληνικῷ
3579 4325 3815 4396 βορϐόρῳ

2246 4423 2537 4487 ὑπείξειεν.
2582 4423 2639 4476 'O
2669 4422 2849 4477 τοίνυν
2870 4421 3077 4491 ταύτης
3102 4420 3287 4491 πατὴρ
3312 4419 3594 4489 βαλανεῖον
3624 4416 3812 4484 σπουδῇ

2247 4517 2416 4588 πολλῇ
2445 4517 2505 4569 τὸ
2538 4514 2843 4585 τηνικαῦτα
2870 4512 3187 4583 οἰκοδομῶν,
3220 4511 3479 4577 ἐπιτάξας
3508 4513 3624 4573 τοῖς
3652 4509 3815 4579 τεχνί-

556 4595 708 4661 licio,
750 4598 1049 4666 operarios,
1094 4610 1154 4654 ut
1196 4609 1307 4656 tres
1351 4602 1620 4657 fenestras
1664 4614 1951 4662 structura:
1992 4618 2138 4677 apta-

2252 4627 2369 4672 ταις
2400 4606 2540 4661 κατά
2573 4607 2723 4660 νότον
2751 4605 2844 4658 δύο
2872 4604 3096 4675 θυρίδας
3123 4602 3495 4673 φωταγωγοὺς
3519 4617 3815 4655 κατασκευ-

561 4695 705 4751 rent,
740 4687 1020 4757 compulit.
1064 4689 1202 4744 Tum
1246 4705 1484 4759 reversa,
1523 4709 1644 4749 cum
1690 4709 1748 4749 se
1788 4696 1984 4751 iterum
2030 4714 2147 4769 Spe-

563 4776 710 4830 ciosa
754 4776 907 4848 virgo
951 4777 1005 4832 in
1051 4780 1246 4834 turrim
1293 4795 1444 4836 suam
1490 4783 1818 4853 recepisset,
1858 4786 2145 4843 simulacra

559 4866 709 4921 videt
736 4882 854 4937 qua:
886 4876 1041 4939 pater
1066 4870 1298 4936 colebat,
1328 4874 1493 4930 animi
1524 4890 1825 4947 sensusque
1853 4880 2096 4949 expertia
2129 4898 2143 4935 :

562 4974 688 5014 mox
723 4960 927 5031 Spiritu
963 4972 1155 5020 sancto
1186 4965 1411 5035 repleta,
1450 4967 1793 5040 divinamque
1826 4986 1890 5026 ac
1921 4974 2147 5043 praefer-

561 5052 739 5107 vidam
783 5052 1185 5113 aemulationem
1220 5073 1536 5126 assumens,
1572 5063 1626 5116 in
1662 5077 1850 5119 eorum
1892 5066 2143 5136 despica-

562 5145 699 5201 biles
744 5146 924 5203 vultus
974 5150 1246 5221 conspuit,
1294 5163 1594 5222 opportune
1644 5155 1959 5210 Davidicum
2010 5158 2139 5212 illud

546 5236 731 5293 melos
760 5253 1028 5309 usurpans
1059 5260 1072 5297 :
1104 5240 1317 5297 Similes
1344 5244 1495 5299 vobis
1519 5244 1647 5314 ﬁant
1670 5247 1759 5315 qui
1787 5246 1992 5317 faciunt
2021 5263 2136 5311 vos,

548 5337 611 5384 et
641 5344 822 5386 omnes
850 5336 940 5403 qui
970 5334 1243 5402 conﬁdunt
1271 5334 1326 5388 in
1348 5337 1501 5391 vobis
1524 5337 1589 5391 ³¹.
1618 5338 1661 5393 Ο
1692 5338 1902 5393 beatam
1932 5352 2059 5394 vere
2084 5349 2140 5393 et

561 5419 867 5492 religiosam
901 5426 1170 5483 animam!
1203 5426 1248 5484 Ο
1281 5429 1385 5483 fide
1419 5428 1712 5485 ferventem
1750 5431 2005 5500 puellam,
2038 5431 2141 5486 lide

564 5514 847 5567 nrnalam!
874 5513 920 5571 Ο
946 5517 1402 5576 adolescentulam
1428 5521 1609 5577 divino
1633 5536 1794 5577 sensu
1823 5537 1887 5577 ac
1912 5523 2142 5590 pruden-

567 5605 656 5658 tia'
669 5607 842 5675 patris
873 5608 1140 5665 insaniam
1171 5612 1606 5686 dementiamqne
1636 5614 1982 5670 irridentem!
2012 5612 2055 5668 Ο
2085 5613 2143 5667 fi-

568 5696 694 5752 liam
732 5700 974 5769 parentis
1008 5700 1131 5758 Eva;
1165 5702 1324 5759 ﬁrmo
1355 5719 1514 5762 sensu
1552 5716 1890 5762 revocantem
1933 5704 2145 5758 fatuita-

646 5886 688 5920 "
718 5886 859 5942 Psal.
894 5902 1043 5956 cxm,
1077 5889 1128 5945 8.

2244 4698 2396 4761 άσαι,
2426 4695 2777 4765 ἀπεδήμησεν
2803 4695 2882 4756 είς
2904 4691 3090 4763 χώραν
3119 4691 3264 4745 τινά.
3301 4691 3364 4744 Ἦ
3389 4690 3445 4742 δὲ
3467 4690 3569 4759 τῆς
3599 4688 3814 4759 Τριάδος

2242 4786 2401 4857 δούλη
2438 4785 2533 4837 καὶ
2570 4785 2755 4854 νύμιρη
2804 4781 3089 4855 Βαρϐάρα,
3121 4780 3181 4835 τὸ
3214 4780 3373 4852 ἔργον
3404 4781 3503 4852 τῆς
3535 4777 3814 4849 οἰκοδομῆς

2243 4874 2685 4946 ἐπισκεψαμένη,
2723 4876 2873 4943 τρεῖς
2913 4873 3135 4944 θυρίδας
3163 4873 3473 4944 ἐφαρμόσαι
3507 4872 3585 4943 τῷ
3624 4869 3813 4923 οίκοδο-

2246 4969 2458 5038 μήματι
2482 4967 2608 5029 τοὺς
2634 4965 2871 5037 ἐργάτας
2898 4963 3232 5033 ⁴Ιῑνάγκασεν.
3268 4962 3597 5017 Ἐπανιοῦσα
3624 4960 3700 5023 δὲ,
3727 4957 3812 5011 καὶ

2242 5056 2681 5129 παλινδρομοῦσα
2700 5055 2792 5108 ἐπὶ
2814 5055 2904 5109 τὸν
2924 5054 3055 5108 ἴδιον
3080 5054 3291 5126 πύργον
3314 5056 3347 5123 ῆ
3373 5052 3515 5121 καλὴ
3536 5050 3807 5121 παρθένος.

2240 5154 2341 5223 ὁρᾷ
2380 5151 2448 5203 τὰ
2479 5148 2660 5219 ἄψυχα
2696 5148 2791 5201 καὶ
2827 5145 3130 5215 ἀναίσθητα
3157 5146 3374 5208 εἴδωλα,
3404 5140 3483 5207 οἷς
3519 5144 3579 5195 τὸ
3608 5140 3762 5201 σέϐας
3786 5138 3811 5189 ό

2240 5243 2421 5313 πατὴρ
2451 5238 2871 5311 προσεκόμιζεν,
2900 5238 2993 5292 καὶ
3018 5237 3082 5308 δὴ
3116 5236 3446 5307 Πνεύματος
3473 5234 3629 5303 ἁγίου
3659 5232 3808 5299 πλησ·

2244 5336 2398 5387 θεῖσα
2420 5374 2433 5394 ,
2466 5332 2560 5384 καὶ
2589 5328 2749 5400 ζῆλον
2780 5326 3129 5383 ἀναλαϐοῦσα
3157 5326 3341 5381 ἔνθεον
3385 5326 3477 5379 καὶ
3520 5325 3801 5391 ἀνάπυρον.

2242 5429 2321 5490 είς
2348 5425 2414 5478 ea
2435 5425 2604 5493 ἄτιμα
2632 5421 2814 5475 αὐτῶν
2840 5420 3134 5474 ἐνέπτυσεν
3161 5418 3452 5491 πρόσωπα,
3482 5415 3544 5469 τὸ
3570 5414 3662 5467 τοῦ
3686 5426 3801 5478 προ-

2242 5521 2416 5589 φήτου
2456 5514 2621 5569 Δαϐὶδ
2657 5511 2931 5583 εὐκαίρως
2968 5510 3199 5566 εἰποῦσα
3232 5508 3558 5581 μελῲδημα,
3595 5506 3803 5573 Ὅμοιοι

2247 5609 2413 5679 ὑμῶν
2438 5607 2709 5675 γένοιντο
2735 5606 2790 5658 οι
2825 5604 3143 5669 ποιοῦντες
3185 5603 3353 5672 ὑμᾶς,
3390 5599 3487 5653 καὶ
3524 5592 3801 5659 adﬁxo!

2251 5702 2600 5764 πεποιθότες
2622 5696 2713 5767 ἐρ’
2741 5696 2908 5765 ὑμᾶς.
2940 5697 3003 5749 Ὢ
3034 5694 3312 5767 μακαρίας
3342 5693 3530 5759 ὄντως,
3557 5689 3645 5744 καὶ
3672 5684 3800 5756 φιλο-
