  <div class='ocr_page' id='page_1' title='image "/cluster/home/n/w/nwhite01/storage/ocr_20150623/96/hvd.32044019208065/403.png"; bbox 0 0 4070 6444; ppageno 0'>
   <div class='ocr_carea' id='block_1_1' title="bbox 627 505 734 571">
    <p class='ocr_par' dir='ltr' id='par_1_1' title="bbox 627 505 734 571">
     <span class='ocr_line' id='line_1_1' title="bbox 627 505 734 571; baseline -0.037 -1"><span class='ocrx_word' id='word_1_1' title='bbox 627 505 734 571; x_wconf 86' lang='lat'><strong>795</strong></span> 
     </span>
    </p>
   </div>
   <div class='ocr_carea' id='block_1_2' title="bbox 1759 497 3833 564">
    <p class='ocr_par' dir='ltr' id='par_1_2' title="bbox 1759 497 3833 564">
     <span class='ocr_line' id='line_1_2' title="bbox 1759 497 3833 564; baseline -0.006 -3"><span class='ocrx_word' id='word_1_2' title='bbox 1759 501 1818 561; x_wconf 92' lang='lat' dir='ltr'><strong>S.</strong></span> <span class='ocrx_word' id='word_1_3' title='bbox 1856 499 2176 562; x_wconf 80' lang='lat' dir='ltr'><strong>JOANNIS</strong></span> <span class='ocrx_word' id='word_1_4' title='bbox 2215 497 2650 560; x_wconf 76' lang='lat' dir='ltr'><strong>DAMASCENI</strong></span> <span class='ocrx_word' id='word_1_5' title='bbox 3753 502 3833 564; x_wconf 71' lang='lat'><strong>796</strong></span> 
     </span>
    </p>
   </div>
   <div class='ocr_carea' id='block_1_3' title="bbox 627 608 2199 683">
    <p class='ocr_par' dir='ltr' id='par_1_3' title="bbox 627 608 2199 683">
     <span class='ocr_line' id='line_1_3' title="bbox 627 608 2199 683; baseline 0.001 -18"><span class='ocrx_word' id='word_1_6' title='bbox 627 608 918 680; x_wconf 83' lang='lat' dir='ltr'><strong>arripiens,</strong></span> <span class='ocrx_word' id='word_1_7' title='bbox 948 621 999 663; x_wconf 82' lang='lat' dir='ltr'><strong>et</strong></span> <span class='ocrx_word' id='word_1_8' title='bbox 1033 621 1064 664; x_wconf 92' lang='lat' dir='ltr'><strong>e</strong></span> <span class='ocrx_word' id='word_1_9' title='bbox 1096 617 1281 665; x_wconf 90' lang='lat' dir='ltr'><strong>monte</strong></span> <span class='ocrx_word' id='word_1_10' title='bbox 1318 612 1558 674; x_wconf 82' lang='lat' dir='ltr'><strong>trahens,</strong></span> <span class='ocrx_word' id='word_1_11' title='bbox 1589 613 1810 665; x_wconf 87' lang='lat' dir='ltr'><strong>domum</strong></span> <span class='ocrx_word' id='word_1_12' title='bbox 1844 612 2008 679; x_wconf 85' lang='lat' dir='ltr'><strong>redit,</strong></span> <span class='ocrx_word' id='word_1_13' title='bbox 2041 623 2199 683; x_wconf 91' lang='lat' dir='ltr'><strong>atque</strong></span> 
     </span>
    </p>
   </div>
   <div class='ocr_carea' id='block_1_4' title="bbox 2302 608 3836 683">
    <p class='ocr_par' dir='ltr' id='par_1_4' title="bbox 2304 610 3836 683">
     <span class='ocr_line' id='line_1_4' title="bbox 2304 610 3836 683; baseline 0.003 -17"><span class='ocrx_word' id='word_1_14' title='bbox 2304 612 2480 683; x_wconf 82' lang='grc' dir='ltr'>εὑρὼν</span> <span class='ocrx_word' id='word_1_15' title='bbox 2509 614 2602 666; x_wconf 69' lang='grc' dir='ltr'><strong>καὶ</strong></span> <span class='ocrx_word' id='word_1_16' title='bbox 2655 611 2921 683; x_wconf 77' lang='grc' dir='ltr'>μαστίξας</span> <span class='ocrx_word' id='word_1_17' title='bbox 2952 653 2966 678; x_wconf 95' lang='grc'><strong>,</strong></span> <span class='ocrx_word' id='word_1_18' title='bbox 2997 615 3094 683; x_wconf 83' lang='grc' dir='ltr'><strong>τῆς</strong></span> <span class='ocrx_word' id='word_1_19' title='bbox 3126 612 3305 681; x_wconf 85' lang='grc' dir='ltr'>κόμης</span> <span class='ocrx_word' id='word_1_20' title='bbox 3338 610 3510 681; x_wconf 74' lang='grc' dir='ltr'>αὐτὴν</span> <span class='ocrx_word' id='word_1_21' title='bbox 3546 611 3728 679; x_wconf 65' lang='grc' dir='ltr'>ἕλκων,</span> <span class='ocrx_word' id='word_1_22' title='bbox 3761 620 3836 671; x_wconf 69' lang='grc' dir='ltr'>καὶ</span> 
     </span>
    </p>
   </div>
   <div class='ocr_carea' id='block_1_5' title="bbox 624 699 2201 772">
    <p class='ocr_par' dir='ltr' id='par_1_5' title="bbox 624 699 2201 772">
     <span class='ocr_line' id='line_1_5' title="bbox 624 699 2201 772; baseline 0.003 -17"><span class='ocrx_word' id='word_1_23' title='bbox 624 709 851 772; x_wconf 78' lang='lat' dir='ltr'><strong>angusta</strong></span> <span class='ocrx_word' id='word_1_24' title='bbox 890 699 1100 755; x_wconf 88' lang='lat' dir='ltr'><strong>beatam</strong></span> <span class='ocrx_word' id='word_1_25' title='bbox 1137 701 1361 756; x_wconf 64' lang='lat' dir='ltr'><strong>aedicula</strong></span> <span class='ocrx_word' id='word_1_26' title='bbox 1400 703 1620 758; x_wconf 85' lang='lat' dir='ltr'><strong>claudit.</strong></span> <span class='ocrx_word' id='word_1_27' title='bbox 1656 702 1792 757; x_wconf 79' lang='lat' dir='ltr'><strong>Tum</strong></span> <span class='ocrx_word' id='word_1_28' title='bbox 1830 703 1946 771; x_wconf 86' lang='lat' dir='ltr'><strong>ejus</strong></span> <span class='ocrx_word' id='word_1_29' title='bbox 1981 722 2201 759; x_wconf 79' lang='lat' dir='ltr'><strong>causam</strong></span> 
     </span>
    </p>
   </div>
   <div class='ocr_carea' id='block_1_6' title="bbox 625 790 2203 866">
    <p class='ocr_par' dir='ltr' id='par_1_6' title="bbox 625 790 2203 866">
     <span class='ocr_line' id='line_1_6' title="bbox 625 790 2203 866; baseline 0.003 -21"><span class='ocrx_word' id='word_1_30' title='bbox 625 790 841 861; x_wconf 63' lang='lat' dir='ltr'><strong>prasidi</strong></span> <span class='ocrx_word' id='word_1_31' title='bbox 889 790 1098 857; x_wconf 81' lang='lat' dir='ltr'><strong>defert,</strong></span> <span class='ocrx_word' id='word_1_32' title='bbox 1144 795 1487 849; x_wconf 88' lang='lat' dir='ltr'><strong>cruciandam</strong></span> <span class='ocrx_word' id='word_1_33' title='bbox 1540 797 1787 862; x_wconf 89' lang='lat' dir='ltr'><strong>tradens,</strong></span> <span class='ocrx_word' id='word_1_34' title='bbox 1836 796 2203 866; x_wconf 86' lang='lat' dir='ltr'><strong>adjuratisque</strong></span> 
     </span>
    </p>
   </div>
   <div class='ocr_carea' id='block_1_7' title="bbox 624 883 2200 951">
    <p class='ocr_par' dir='ltr' id='par_1_7' title="bbox 624 883 2200 951">
     <span class='ocr_line' id='line_1_7' title="bbox 624 883 2200 951; baseline 0.003 -14"><span class='ocrx_word' id='word_1_35' title='bbox 624 883 939 939; x_wconf 75' lang='lat' dir='ltr'><strong>numinibus</strong></span> <span class='ocrx_word' id='word_1_36' title='bbox 962 885 1274 951; x_wconf 84' lang='lat' dir='ltr'><strong>obsecrans,</strong></span> <span class='ocrx_word' id='word_1_37' title='bbox 1300 894 1357 941; x_wconf 90' lang='lat' dir='ltr'><strong>ut</strong></span> <span class='ocrx_word' id='word_1_38' title='bbox 1378 888 1590 943; x_wconf 83' lang='lat' dir='ltr'><strong>acerbis</strong></span> <span class='ocrx_word' id='word_1_39' title='bbox 1615 889 1899 943; x_wconf 81' lang='lat' dir='ltr'><strong>tormentis</strong></span> <span class='ocrx_word' id='word_1_40' title='bbox 1921 891 2200 943; x_wconf 85' lang='lat' dir='ltr'><strong>subactam</strong></span> 
     </span>
    </p>
   </div>
   <div class='ocr_carea' id='block_1_8' title="bbox 627 978 2200 1052">
    <p class='ocr_par' dir='ltr' id='par_1_8' title="bbox 627 978 2200 1052">
     <span class='ocr_line' id='line_1_8' title="bbox 627 978 2200 1052; baseline 0.004 -24"><span class='ocrx_word' id='word_1_41' title='bbox 627 986 836 1032; x_wconf 84' lang='lat' dir='ltr'><strong>enecet.</strong></span> <span class='ocrx_word' id='word_1_42' title='bbox 887 978 1248 1044; x_wconf 90' lang='lat' dir='ltr'><strong>Quamobrem</strong></span> <span class='ocrx_word' id='word_1_43' title='bbox 1290 995 1491 1049; x_wconf 66' lang='lat' dir='ltr'><strong>praeses</strong></span> <span class='ocrx_word' id='word_1_44' title='bbox 1532 997 1630 1052; x_wconf 93' lang='lat' dir='ltr'><strong>pro</strong></span> <span class='ocrx_word' id='word_1_45' title='bbox 1682 982 1938 1038; x_wconf 87' lang='lat' dir='ltr'><strong>tribunali</strong></span> <span class='ocrx_word' id='word_1_46' title='bbox 1975 982 2200 1045; x_wconf 80' lang='lat' dir='ltr'><strong>sedens,</strong></span> 
     </span>
    </p>
   </div>
   <div class='ocr_carea' id='block_1_9' title="bbox 627 1067 2202 1144">
    <p class='ocr_par' dir='ltr' id='par_1_9' title="bbox 627 1067 2202 1144">
     <span class='ocr_line' id='line_1_9' title="bbox 627 1067 2202 1144; baseline 0.005 -22"><span class='ocrx_word' id='word_1_47' title='bbox 627 1067 732 1123; x_wconf 86' lang='lat' dir='ltr'><strong>sibi</strong></span> <span class='ocrx_word' id='word_1_48' title='bbox 772 1081 1062 1143; x_wconf 82' lang='lat' dir='ltr'><strong>martyrem</strong></span> <span class='ocrx_word' id='word_1_49' title='bbox 1104 1073 1221 1127; x_wconf 86' lang='lat' dir='ltr'><strong>sisti</strong></span> <span class='ocrx_word' id='word_1_50' title='bbox 1256 1074 1426 1143; x_wconf 80' lang='lat' dir='ltr'><strong>jubet.</strong></span> <span class='ocrx_word' id='word_1_51' title='bbox 1467 1074 1768 1144; x_wconf 80' lang='lat' dir='ltr'><strong>Conspecta</strong></span> <span class='ocrx_word' id='word_1_52' title='bbox 1806 1090 1938 1129; x_wconf 86' lang='lat' dir='ltr'><strong>vero</strong></span> <span class='ocrx_word' id='word_1_53' title='bbox 1979 1074 2202 1130; x_wconf 85' lang='lat' dir='ltr'><strong>ﬂorente</strong></span> 
     </span>
    </p>
   </div>
   <div class='ocr_carea' id='block_1_10' title="bbox 626 1161 2202 1231">
    <p class='ocr_par' dir='ltr' id='par_1_10' title="bbox 626 1161 2202 1231">
     <span class='ocr_line' id='line_1_10' title="bbox 626 1161 2202 1231; baseline 0.006 -20"><span class='ocrx_word' id='word_1_54' title='bbox 626 1161 810 1216; x_wconf 87' lang='lat' dir='ltr'><strong>vultus</strong></span> <span class='ocrx_word' id='word_1_55' title='bbox 841 1162 1052 1231; x_wconf 84' lang='lat' dir='ltr'><strong>specie,</strong></span> <span class='ocrx_word' id='word_1_56' title='bbox 1087 1162 1346 1218; x_wconf 85' lang='lat' dir='ltr'><strong>luminum</strong></span> <span class='ocrx_word' id='word_1_57' title='bbox 1381 1164 1679 1221; x_wconf 81' lang='lat' dir='ltr'><strong>claritatem</strong></span> <span class='ocrx_word' id='word_1_58' title='bbox 1713 1181 1778 1220; x_wconf 90' lang='lat' dir='ltr'><strong>ac</strong></span> <span class='ocrx_word' id='word_1_59' title='bbox 1812 1180 2062 1221; x_wconf 90' lang='lat' dir='ltr'><strong>serenum</strong></span> <span class='ocrx_word' id='word_1_60' title='bbox 2098 1166 2202 1220; x_wconf 88' lang='lat' dir='ltr'><strong>mi-</strong></span> 
     </span>
    </p>
   </div>
   <div class='ocr_carea' id='block_1_11' title="bbox 630 1254 2196 1327">
    <p class='ocr_par' dir='ltr' id='par_1_11' title="bbox 630 1254 2196 1327">
     <span class='ocr_line' id='line_1_11' title="bbox 630 1254 2196 1327; baseline 0.005 -23"><span class='ocrx_word' id='word_1_61' title='bbox 630 1261 798 1314; x_wconf 80' lang='lat' dir='ltr'><strong>ratus,</strong></span> <span class='ocrx_word' id='word_1_62' title='bbox 831 1260 1044 1307; x_wconf 88' lang='lat' dir='ltr'><strong>tentare</strong></span> <span class='ocrx_word' id='word_1_63' title='bbox 1072 1268 1191 1308; x_wconf 88' lang='lat' dir='ltr'><strong>eam</strong></span> <span class='ocrx_word' id='word_1_64' title='bbox 1228 1254 1502 1312; x_wconf 84' lang='lat' dir='ltr'><strong>blanditiis</strong></span> <span class='ocrx_word' id='word_1_65' title='bbox 1532 1257 1717 1327; x_wconf 74' lang='lat' dir='ltr'><strong>C(Bpil,</strong></span> <span class='ocrx_word' id='word_1_66' title='bbox 1744 1259 1971 1313; x_wconf 83' lang='lat' dir='ltr'><strong>suadere</strong></span> <span class='ocrx_word' id='word_1_67' title='bbox 1998 1258 2196 1323; x_wconf 89' lang='lat' dir='ltr'><strong>nitens,</strong></span> 
     </span>
    </p>
   </div>
   <div class='ocr_carea' id='block_1_12' title="bbox 629 1343 2199 1418">
    <p class='ocr_par' dir='ltr' id='par_1_12' title="bbox 629 1343 2199 1418">
     <span class='ocr_line' id='line_1_12' title="bbox 629 1343 2199 1418; baseline 0.006 -24"><span class='ocrx_word' id='word_1_68' title='bbox 629 1351 683 1396; x_wconf 76' lang='lat' dir='ltr'><strong>et</strong></span> <span class='ocrx_word' id='word_1_69' title='bbox 710 1343 979 1400; x_wconf 82' lang='lat' dir='ltr'><strong>adulando</strong></span> <span class='ocrx_word' id='word_1_70' title='bbox 1009 1346 1287 1400; x_wconf 82' lang='lat' dir='ltr'><strong>seducere.</strong></span> <span class='ocrx_word' id='word_1_71' title='bbox 1322 1345 1448 1401; x_wconf 65' lang='lat' dir='ltr'><strong>Haac</strong></span> <span class='ocrx_word' id='word_1_72' title='bbox 1472 1348 1615 1403; x_wconf 87' lang='lat' dir='ltr'><strong>enim</strong></span> <span class='ocrx_word' id='word_1_73' title='bbox 1648 1349 1817 1418; x_wconf 88' lang='lat' dir='ltr'><strong>prima</strong></span> <span class='ocrx_word' id='word_1_74' title='bbox 1850 1348 2050 1403; x_wconf 88' lang='lat' dir='ltr'><strong>diaboli</strong></span> <span class='ocrx_word' id='word_1_75' title='bbox 2084 1349 2199 1404; x_wconf 90' lang='lat' dir='ltr'><strong>iue-</strong></span> 
     </span>
    </p>
   </div>
   <div class='ocr_carea' id='block_1_13' title="bbox 629 1436 2200 1512">
    <p class='ocr_par' dir='ltr' id='par_1_13' title="bbox 629 1436 2200 1512">
     <span class='ocr_line' id='line_1_13' title="bbox 629 1436 2200 1512; baseline 0.008 -26"><span class='ocrx_word' id='word_1_76' title='bbox 629 1436 799 1488; x_wconf 82' lang='lat' dir='ltr'><strong>seatio</strong></span> <span class='ocrx_word' id='word_1_77' title='bbox 828 1445 931 1490; x_wconf 91' lang='lat' dir='ltr'><strong>est.</strong></span> <span class='ocrx_word' id='word_1_78' title='bbox 960 1438 1069 1491; x_wconf 82' lang='lat' dir='ltr'><strong>Aut</strong></span> <span class='ocrx_word' id='word_1_79' title='bbox 1098 1442 1241 1492; x_wconf 91' lang='lat' dir='ltr'><strong>enim</strong></span> <span class='ocrx_word' id='word_1_80' title='bbox 1273 1440 1597 1511; x_wconf 88' lang='lat' dir='ltr'><strong>voluptatem</strong></span> <span class='ocrx_word' id='word_1_81' title='bbox 1633 1441 1959 1512; x_wconf 85' lang='lat' dir='ltr'><strong>laudumque</strong></span> <span class='ocrx_word' id='word_1_82' title='bbox 1993 1442 2200 1498; x_wconf 86' lang='lat' dir='ltr'><strong>lenoci-</strong></span> 
     </span>
    </p>
   </div>
   <div class='ocr_carea' id='block_1_14' title="bbox 630 1525 2200 1602">
    <p class='ocr_par' dir='ltr' id='par_1_14' title="bbox 630 1525 2200 1602">
     <span class='ocr_line' id='line_1_14' title="bbox 630 1525 2200 1602; baseline 0.005 -24"><span class='ocrx_word' id='word_1_83' title='bbox 630 1525 719 1578; x_wconf 91' lang='lat' dir='ltr'><strong>nio</strong></span> <span class='ocrx_word' id='word_1_84' title='bbox 747 1526 1056 1580; x_wconf 77' lang='lat' dir='ltr'><strong>demulcere</strong></span> <span class='ocrx_word' id='word_1_85' title='bbox 1083 1536 1135 1581; x_wconf 88' lang='lat' dir='ltr'><strong>et</strong></span> <span class='ocrx_word' id='word_1_86' title='bbox 1166 1528 1408 1583; x_wconf 86' lang='lat' dir='ltr'><strong>emollire</strong></span> <span class='ocrx_word' id='word_1_87' title='bbox 1435 1531 1708 1585; x_wconf 80' lang='lat' dir='ltr'><strong>hominem</strong></span> <span class='ocrx_word' id='word_1_88' title='bbox 1737 1532 1951 1602; x_wconf 79' lang='lat' dir='ltr'><strong>satagit,</strong></span> <span class='ocrx_word' id='word_1_89' title='bbox 1979 1542 2072 1585; x_wconf 93' lang='lat' dir='ltr'><strong>aut</strong></span> <span class='ocrx_word' id='word_1_90' title='bbox 2101 1532 2200 1587; x_wconf 88' lang='lat' dir='ltr'><strong>tui-</strong></span> 
     </span>
    </p>
   </div>
   <div class='ocr_carea' id='block_1_15' title="bbox 627 1615 2201 1692">
    <p class='ocr_par' dir='ltr' id='par_1_15' title="bbox 627 1615 2201 1692">
     <span class='ocr_line' id='line_1_15' title="bbox 627 1615 2201 1692; baseline 0.006 -23"><span class='ocrx_word' id='word_1_91' title='bbox 627 1615 716 1670; x_wconf 87' lang='lat' dir='ltr'><strong>nis</strong></span> <span class='ocrx_word' id='word_1_92' title='bbox 761 1625 815 1669; x_wconf 90' lang='lat' dir='ltr'><strong>et</strong></span> <span class='ocrx_word' id='word_1_93' title='bbox 866 1618 1150 1672; x_wconf 77' lang='lat' dir='ltr'><strong>tormentis</strong></span> <span class='ocrx_word' id='word_1_94' title='bbox 1201 1628 1404 1673; x_wconf 89' lang='lat' dir='ltr'><strong>terrere</strong></span> <span class='ocrx_word' id='word_1_95' title='bbox 1452 1631 1507 1674; x_wconf 90' lang='lat' dir='ltr'><strong>et</strong></span> <span class='ocrx_word' id='word_1_96' title='bbox 1556 1621 1868 1689; x_wconf 86' lang='lat' dir='ltr'><strong>percellere.</strong></span> <span class='ocrx_word' id='word_1_97' title='bbox 1920 1622 2019 1678; x_wconf 91' lang='lat' dir='ltr'><strong>Ubi</strong></span> <span class='ocrx_word' id='word_1_98' title='bbox 2071 1638 2201 1692; x_wconf 84' lang='lat' dir='ltr'><strong>ergo</strong></span> 
     </span>
    </p>
   </div>
   <div class='ocr_carea' id='block_1_16' title="bbox 626 1707 2201 1781">
    <p class='ocr_par' dir='ltr' id='par_1_16' title="bbox 626 1707 2201 1781">
     <span class='ocr_line' id='line_1_16' title="bbox 626 1707 2201 1781; baseline 0.005 -22"><span class='ocrx_word' id='word_1_99' title='bbox 626 1707 863 1775; x_wconf 85' lang='lat' dir='ltr'><strong>priorem</strong></span> <span class='ocrx_word' id='word_1_100' title='bbox 898 1722 1110 1762; x_wconf 90' lang='lat' dir='ltr'><strong>onmem</strong></span> <span class='ocrx_word' id='word_1_101' title='bbox 1147 1711 1468 1764; x_wconf 82' lang='lat' dir='ltr'><strong>exhaustam</strong></span> <span class='ocrx_word' id='word_1_102' title='bbox 1504 1712 1816 1781; x_wconf 80' lang='lat' dir='ltr'><strong>pharetram</strong></span> <span class='ocrx_word' id='word_1_103' title='bbox 1854 1714 2015 1780; x_wconf 80' lang='lat' dir='ltr'><strong>vidit,</strong></span> <span class='ocrx_word' id='word_1_104' title='bbox 2048 1724 2103 1767; x_wconf 87' lang='lat' dir='ltr'><strong>et</strong></span> <span class='ocrx_word' id='word_1_105' title='bbox 2137 1714 2201 1767; x_wconf 82' lang='lat' dir='ltr'><strong>il-</strong></span> 
     </span>
    </p>
   </div>
   <div class='ocr_carea' id='block_1_17' title="bbox 627 1797 2200 1871">
    <p class='ocr_par' dir='ltr' id='par_1_17' title="bbox 627 1797 2200 1871">
     <span class='ocr_line' id='line_1_17' title="bbox 627 1797 2200 1871; baseline 0.006 -22"><span class='ocrx_word' id='word_1_106' title='bbox 627 1797 852 1851; x_wconf 89' lang='lat' dir='ltr'><strong>lustrem</strong></span> <span class='ocrx_word' id='word_1_107' title='bbox 885 1798 1116 1869; x_wconf 75' lang='lat' dir='ltr'><strong>pugilem</strong></span> <span class='ocrx_word' id='word_1_108' title='bbox 1148 1801 1327 1854; x_wconf 69' lang='lat' dir='ltr'><strong>saeculi</strong></span> <span class='ocrx_word' id='word_1_109' title='bbox 1361 1804 1709 1871; x_wconf 86' lang='lat' dir='ltr'><strong>despuentem</strong></span> <span class='ocrx_word' id='word_1_110' title='bbox 1743 1804 2059 1867; x_wconf 84' lang='lat' dir='ltr'><strong>illecebras,</strong></span> <span class='ocrx_word' id='word_1_111' title='bbox 2092 1813 2200 1859; x_wconf 84' lang='lat' dir='ltr'><strong>ter-</strong></span> 
     </span>
    </p>
   </div>
   <div class='ocr_carea' id='block_1_18' title="bbox 629 1891 2198 1973">
    <p class='ocr_par' dir='ltr' id='par_1_18' title="bbox 629 1891 2198 1973">
     <span class='ocr_line' id='line_1_18' title="bbox 629 1891 2198 1973; baseline 0.008 -30"><span class='ocrx_word' id='word_1_112' title='bbox 629 1904 923 1960; x_wconf 88' lang='lat' dir='ltr'><strong>renamque</strong></span> <span class='ocrx_word' id='word_1_113' title='bbox 961 1891 1184 1961; x_wconf 75' lang='lat' dir='ltr'><strong>gloriam</strong></span> <span class='ocrx_word' id='word_1_114' title='bbox 1222 1909 1438 1949; x_wconf 91' lang='lat' dir='ltr'><strong>omnem</strong></span> <span class='ocrx_word' id='word_1_115' title='bbox 1482 1911 1546 1952; x_wconf 91' lang='lat' dir='ltr'><strong>ac</strong></span> <span class='ocrx_word' id='word_1_116' title='bbox 1584 1897 1909 1968; x_wconf 86' lang='lat' dir='ltr'><strong>voluptatem</strong></span> <span class='ocrx_word' id='word_1_117' title='bbox 1954 1915 2051 1954; x_wconf 85' lang='lat' dir='ltr'><strong>cett</strong></span> <span class='ocrx_word' id='word_1_118' title='bbox 2090 1899 2198 1973; x_wconf 77' lang='lat' dir='ltr'><strong>feni</strong></span> 
     </span>
    </p>
   </div>
   <div class='ocr_carea' id='block_1_19' title="bbox 2307 700 3837 781">
    <p class='ocr_par' dir='ltr' id='par_1_19' title="bbox 2307 700 3837 781">
     <span class='ocr_line' id='line_1_19' title="bbox 2307 700 3837 781; baseline 0.002 -23"><span class='ocrx_word' id='word_1_119' title='bbox 2307 704 2489 776; x_wconf 82' lang='grc' dir='ltr'><strong>σύρων</strong></span> <span class='ocrx_word' id='word_1_120' title='bbox 2520 703 2630 757; x_wconf 76' lang='grc' dir='ltr'><strong>ἀπὸ</strong></span> <span class='ocrx_word' id='word_1_121' title='bbox 2654 703 2749 757; x_wconf 88' lang='grc' dir='ltr'><strong>τοῦ</strong></span> <span class='ocrx_word' id='word_1_122' title='bbox 2785 704 2965 774; x_wconf 70' lang='grc' dir='ltr'>ὅρους,</span> <span class='ocrx_word' id='word_1_123' title='bbox 2998 700 3156 767; x_wconf 73' lang='grc' dir='ltr'>αὖθις</span> <span class='ocrx_word' id='word_1_124' title='bbox 3187 704 3454 767; x_wconf 77' lang='grc' dir='ltr'>ἐπάνεισι,</span> <span class='ocrx_word' id='word_1_125' title='bbox 3487 705 3579 759; x_wconf 72' lang='grc' dir='ltr'><strong>καὶ</strong></span> <span class='ocrx_word' id='word_1_126' title='bbox 3608 707 3662 758; x_wconf 78' lang='grc' dir='ltr'>ὲν</span> <span class='ocrx_word' id='word_1_127' title='bbox 3691 711 3837 781; x_wconf 68' lang='grc' dir='ltr'>μικρῷ</span> 
     </span>
    </p>
   </div>
   <div class='ocr_carea' id='block_1_20' title="bbox 2303 795 3838 869">
    <p class='ocr_par' dir='ltr' id='par_1_20' title="bbox 2303 795 3838 869">
     <span class='ocr_line' id='line_1_20' title="bbox 2303 795 3838 869; baseline 0.002 -20"><span class='ocrx_word' id='word_1_128' title='bbox 2303 797 2404 868; x_wconf 76' lang='grc' dir='ltr'>τὴν</span> <span class='ocrx_word' id='word_1_129' title='bbox 2439 796 2714 867; x_wconf 84' lang='grc' dir='ltr'>μακαρίαν</span> <span class='ocrx_word' id='word_1_130' title='bbox 2747 796 2981 867; x_wconf 71' lang='grc' dir='ltr'>οἰκίσκῳ</span> <span class='ocrx_word' id='word_1_131' title='bbox 3005 795 3381 851; x_wconf 85' lang='grc' dir='ltr'>κατέκλεισεν.</span> <span class='ocrx_word' id='word_1_132' title='bbox 3410 797 3523 849; x_wconf 74' lang='grc' dir='ltr'><strong>Καὶ</strong></span> <span class='ocrx_word' id='word_1_133' title='bbox 3550 796 3627 867; x_wconf 86' lang='grc' dir='ltr'>τῷ</span> <span class='ocrx_word' id='word_1_134' title='bbox 3647 800 3838 869; x_wconf 73' lang='grc' dir='ltr'>ἡγεμόνι</span> 
     </span>
    </p>
   </div>
   <div class='ocr_carea' id='block_1_21' title="bbox 2301 887 3835 959">
    <p class='ocr_par' dir='ltr' id='par_1_21' title="bbox 2301 887 3835 959">
     <span class='ocr_line' id='line_1_21' title="bbox 2301 887 3835 959; baseline 0.002 -18"><span class='ocrx_word' id='word_1_135' title='bbox 2301 890 2371 941; x_wconf 85' lang='grc' dir='ltr'>τὰ</span> <span class='ocrx_word' id='word_1_136' title='bbox 2399 890 2519 942; x_wconf 84' lang='grc' dir='ltr'>κατ’</span> <span class='ocrx_word' id='word_1_137' title='bbox 2551 888 2720 959; x_wconf 78' lang='grc' dir='ltr'>αὐτὴν</span> <span class='ocrx_word' id='word_1_138' title='bbox 2756 887 3025 959; x_wconf 78' lang='grc' dir='ltr'><strong>μηνύσας,</strong></span> <span class='ocrx_word' id='word_1_139' title='bbox 3059 887 3451 958; x_wconf 75' lang='grc' dir='ltr'><strong>βασανίζεσθαι</strong></span> <span class='ocrx_word' id='word_1_140' title='bbox 3487 889 3835 959; x_wconf 83' lang='grc' dir='ltr'>παραδίδωσιν,</span> 
     </span>
    </p>
   </div>
   <div class='ocr_carea' id='block_1_22' title="bbox 2301 978 3837 1051">
    <p class='ocr_par' dir='ltr' id='par_1_22' title="bbox 2301 978 3837 1051">
     <span class='ocr_line' id='line_1_22' title="bbox 2301 978 3837 1051; baseline 0 -18"><span class='ocrx_word' id='word_1_141' title='bbox 2301 979 2552 1051; x_wconf 81' lang='grc' dir='ltr'>ὁρκώσας</span> <span class='ocrx_word' id='word_1_142' title='bbox 2580 981 2741 1033; x_wconf 73' lang='grc' dir='ltr'>αὑτὸν</span> <span class='ocrx_word' id='word_1_143' title='bbox 2781 980 2924 1033; x_wconf 86' lang='grc' dir='ltr'><strong>κατά</strong></span> <span class='ocrx_word' id='word_1_144' title='bbox 2956 978 3063 1033; x_wconf 85' lang='grc' dir='ltr'>τῶν</span> <span class='ocrx_word' id='word_1_145' title='bbox 3093 978 3253 1045; x_wconf 84' lang='grc' dir='ltr'>θεῶν,</span> <span class='ocrx_word' id='word_1_146' title='bbox 3298 981 3530 1050; x_wconf 81' lang='grc' dir='ltr'><strong>πικραῖς</strong></span> <span class='ocrx_word' id='word_1_147' title='bbox 3561 980 3717 1046; x_wconf 78' lang='grc' dir='ltr'>αὐτὴν</span> <span class='ocrx_word' id='word_1_148' title='bbox 3759 1000 3837 1033; x_wconf 84' lang='grc' dir='ltr'>κα-</span> 
     </span>
    </p>
   </div>
   <div class='ocr_carea' id='block_1_23' title="bbox 2300 1068 3839 1144">
    <p class='ocr_par' dir='ltr' id='par_1_23' title="bbox 2300 1068 3839 1144">
     <span class='ocr_line' id='line_1_23' title="bbox 2300 1068 3839 1144; baseline 0.003 -19"><span class='ocrx_word' id='word_1_149' title='bbox 2300 1072 2959 1129; x_wconf 80' lang='grc' dir='ltr'>ταναλῶσαι·κολάσεσιν.</span> <span class='ocrx_word' id='word_1_150' title='bbox 2996 1072 3345 1143; x_wconf 86' lang='grc' dir='ltr'>Προκαθίσας</span> <span class='ocrx_word' id='word_1_151' title='bbox 3371 1068 3466 1126; x_wconf 74' lang='grc' dir='ltr'><strong>οὖν</strong></span> <span class='ocrx_word' id='word_1_152' title='bbox 3495 1075 3523 1126; x_wconf 87' lang='grc' dir='ltr'><strong>ό</strong></span> <span class='ocrx_word' id='word_1_153' title='bbox 3544 1072 3746 1144; x_wconf 79' lang='grc' dir='ltr'>ἡγεμὼν</span> <span class='ocrx_word' id='word_1_154' title='bbox 3768 1078 3839 1129; x_wconf 76' lang='grc' dir='ltr'>ἐπὶ</span> 
     </span>
    </p>
   </div>
   <div class='ocr_carea' id='block_1_24' title="bbox 2300 1163 3836 1236">
    <p class='ocr_par' dir='ltr' id='par_1_24' title="bbox 2300 1163 3836 1236">
     <span class='ocr_line' id='line_1_24' title="bbox 2300 1163 3836 1236; baseline 0.004 -21"><span class='ocrx_word' id='word_1_155' title='bbox 2300 1163 2397 1216; x_wconf 88' lang='grc' dir='ltr'><strong>τοῦ</strong></span> <span class='ocrx_word' id='word_1_156' title='bbox 2451 1163 2716 1235; x_wconf 83' lang='grc' dir='ltr'>βήματος,</span> <span class='ocrx_word' id='word_1_157' title='bbox 2754 1164 3040 1218; x_wconf 82' lang='grc' dir='ltr'>ἐκέλευσεν</span> <span class='ocrx_word' id='word_1_158' title='bbox 3087 1164 3433 1235; x_wconf 81' lang='grc' dir='ltr'>παραστῆναι</span> <span class='ocrx_word' id='word_1_159' title='bbox 3475 1164 3573 1232; x_wconf 71' lang='grc' dir='ltr'><strong>τὴν</strong></span> <span class='ocrx_word' id='word_1_160' title='bbox 3603 1166 3836 1236; x_wconf 73' lang='grc' dir='ltr'>μάρτυρα.</span> 
     </span>
    </p>
   </div>
   <div class='ocr_carea' id='block_1_25' title="bbox 2300 1257 3836 1329">
    <p class='ocr_par' dir='ltr' id='par_1_25' title="bbox 2300 1257 3836 1329">
     <span class='ocr_line' id='line_1_25' title="bbox 2300 1257 3836 1329; baseline 0.001 -18"><span class='ocrx_word' id='word_1_161' title='bbox 2300 1257 2651 1327; x_wconf 84' lang='grc' dir='ltr'>Θεασάμενος</span> <span class='ocrx_word' id='word_1_162' title='bbox 2682 1258 2739 1311; x_wconf 80' lang='grc' dir='ltr'>δὲ</span> <span class='ocrx_word' id='word_1_163' title='bbox 2763 1258 2862 1328; x_wconf 82' lang='grc' dir='ltr'><strong>τὴν</strong></span> <span class='ocrx_word' id='word_1_164' title='bbox 2887 1257 3228 1312; x_wconf 78' lang='grc' dir='ltr'>ἐπανθοῦσαν</span> <span class='ocrx_word' id='word_1_165' title='bbox 3258 1259 3429 1329; x_wconf 75' lang='grc' dir='ltr'>αὐτῆς</span> <span class='ocrx_word' id='word_1_166' title='bbox 3455 1258 3552 1311; x_wconf 87' lang='grc' dir='ltr'><strong>τοῦ</strong></span> <span class='ocrx_word' id='word_1_167' title='bbox 3586 1260 3836 1329; x_wconf 70' lang='grc' dir='ltr'>προσώπου</span> 
     </span>
    </p>
   </div>
   <div class='ocr_carea' id='block_1_26' title="bbox 2301 1348 3838 1422">
    <p class='ocr_par' dir='ltr' id='par_1_26' title="bbox 2301 1348 3838 1422">
     <span class='ocr_line' id='line_1_26' title="bbox 2301 1348 3838 1422; baseline 0.001 -21"><span class='ocrx_word' id='word_1_168' title='bbox 2301 1348 2661 1420; x_wconf 81' lang='grc' dir='ltr'>εὐπρέπειαν,</span> <span class='ocrx_word' id='word_1_169' title='bbox 2720 1348 2951 1419; x_wconf 77' lang='grc' dir='ltr'>ἐξέστη,</span> <span class='ocrx_word' id='word_1_170' title='bbox 2988 1348 3083 1401; x_wconf 71' lang='grc' dir='ltr'><strong>καὶ</strong></span> <span class='ocrx_word' id='word_1_171' title='bbox 3114 1350 3175 1401; x_wconf 76' lang='grc' dir='ltr'>τὸ</span> <span class='ocrx_word' id='word_1_172' title='bbox 3220 1348 3447 1419; x_wconf 72' lang='grc' dir='ltr'>φαιδρὸν</span> <span class='ocrx_word' id='word_1_173' title='bbox 3487 1348 3589 1419; x_wconf 83' lang='grc' dir='ltr'><strong>τῆς</strong></span> <span class='ocrx_word' id='word_1_174' title='bbox 3635 1352 3838 1422; x_wconf 73' lang='grc' dir='ltr'>ὁράσεως</span> 
     </span>
    </p>
   </div>
   <div class='ocr_carea' id='block_1_27' title="bbox 2302 1439 3834 1512">
    <p class='ocr_par' dir='ltr' id='par_1_27' title="bbox 2302 1439 3834 1512">
     <span class='ocr_line' id='line_1_27' title="bbox 2302 1439 3834 1512; baseline 0.001 -20"><span class='ocrx_word' id='word_1_175' title='bbox 2302 1439 2655 1511; x_wconf 69' lang='grc' dir='ltr'>ἐθαύμασεν*</span> <span class='ocrx_word' id='word_1_176' title='bbox 2706 1440 2802 1493; x_wconf 73' lang='grc' dir='ltr'><strong>καὶ</strong></span> <span class='ocrx_word' id='word_1_177' title='bbox 2850 1439 3054 1511; x_wconf 75' lang='grc' dir='ltr'>ἤρξατο</span> <span class='ocrx_word' id='word_1_178' title='bbox 3111 1439 3377 1503; x_wconf 77' lang='grc' dir='ltr'><strong>θωπείαις</strong></span> <span class='ocrx_word' id='word_1_179' title='bbox 3430 1440 3602 1509; x_wconf 77' lang='grc' dir='ltr'>αὐτὴν</span> <span class='ocrx_word' id='word_1_180' title='bbox 3651 1446 3834 1512; x_wconf 73' lang='grc' dir='ltr'>πειρᾷν,</span> 
     </span>
    </p>
   </div>
   <div class='ocr_carea' id='block_1_28' title="bbox 2301 1530 3838 1603">
    <p class='ocr_par' dir='ltr' id='par_1_28' title="bbox 2301 1530 3838 1603">
     <span class='ocr_line' id='line_1_28' title="bbox 2301 1530 3838 1603; baseline 0.005 -20"><span class='ocrx_word' id='word_1_181' title='bbox 2301 1530 2514 1584; x_wconf 82' lang='grc' dir='ltr'>πείθειν</span> <span class='ocrx_word' id='word_1_182' title='bbox 2556 1531 2919 1603; x_wconf 74' lang='grc' dir='ltr'>βιαζόμενος,</span> <span class='ocrx_word' id='word_1_183' title='bbox 2972 1532 3071 1585; x_wconf 72' lang='grc' dir='ltr'><strong>καὶ</strong></span> <span class='ocrx_word' id='word_1_184' title='bbox 3113 1531 3434 1595; x_wconf 73' lang='grc' dir='ltr'>κολακείαις</span> <span class='ocrx_word' id='word_1_185' title='bbox 3488 1533 3838 1603; x_wconf 76' lang='grc' dir='ltr'>προσάγεσθαι.</span> 
     </span>
    </p>
   </div>
   <div class='ocr_carea' id='block_1_29' title="bbox 2301 1623 3841 1698">
    <p class='ocr_par' dir='ltr' id='par_1_29' title="bbox 2301 1623 3841 1698">
     <span class='ocr_line' id='line_1_29' title="bbox 2301 1623 3841 1698; baseline 0.001 -21"><span class='ocrx_word' id='word_1_186' title='bbox 2301 1624 2475 1678; x_wconf 89' lang='grc' dir='ltr'>Τοῦτο</span> <span class='ocrx_word' id='word_1_187' title='bbox 2504 1624 2615 1695; x_wconf 81' lang='grc' dir='ltr'><strong>γὰρ</strong></span> <span class='ocrx_word' id='word_1_188' title='bbox 2642 1624 2708 1677; x_wconf 80' lang='grc' dir='ltr'>τὸ</span> <span class='ocrx_word' id='word_1_189' title='bbox 2741 1623 2965 1696; x_wconf 84' lang='grc' dir='ltr'>πρῶτον</span> <span class='ocrx_word' id='word_1_190' title='bbox 2997 1625 3091 1678; x_wconf 88' lang='grc' dir='ltr'><strong>τοῦ</strong></span> <span class='ocrx_word' id='word_1_191' title='bbox 3121 1624 3369 1678; x_wconf 86' lang='grc' dir='ltr'>διαϐόλου</span> <span class='ocrx_word' id='word_1_192' title='bbox 3421 1624 3634 1693; x_wconf 80' lang='grc' dir='ltr'>δέλεαρ.</span> <span class='ocrx_word' id='word_1_193' title='bbox 3669 1626 3730 1678; x_wconf 83' lang='grc' dir='ltr'><strong>Ἢ</strong></span> <span class='ocrx_word' id='word_1_194' title='bbox 3754 1627 3841 1698; x_wconf 73' lang='grc' dir='ltr'><strong>γὶρ</strong></span> 
     </span>
    </p>
   </div>
   <div class='ocr_carea' id='block_1_30' title="bbox 2301 1716 3839 1788">
    <p class='ocr_par' dir='ltr' id='par_1_30' title="bbox 2301 1716 3839 1788">
     <span class='ocr_line' id='line_1_30' title="bbox 2301 1716 3839 1788; baseline 0.001 -18"><span class='ocrx_word' id='word_1_195' title='bbox 2301 1718 2517 1788; x_wconf 81' lang='grc' dir='ltr'>ἡδοναῖς</span> <span class='ocrx_word' id='word_1_196' title='bbox 2545 1718 2639 1771; x_wconf 71' lang='grc' dir='ltr'><strong>καὶ</strong></span> <span class='ocrx_word' id='word_1_197' title='bbox 2664 1718 2912 1781; x_wconf 78' lang='grc' dir='ltr'>ἐπαίνοις</span> <span class='ocrx_word' id='word_1_198' title='bbox 2942 1716 3178 1783; x_wconf 80' lang='grc' dir='ltr'>θέλγειν,</span> <span class='ocrx_word' id='word_1_199' title='bbox 3215 1717 3309 1769; x_wconf 72' lang='grc' dir='ltr'><strong>καὶ</strong></span> <span class='ocrx_word' id='word_1_200' title='bbox 3341 1717 3839 1787; x_wconf 76' lang='grc' dir='ltr'>καταμαλακίζεσθαι</span> 
     </span>
    </p>
   </div>
   <div class='ocr_carea' id='block_1_31' title="bbox 2299 1808 3839 1881">
    <p class='ocr_par' dir='ltr' id='par_1_31' title="bbox 2299 1808 3839 1881">
     <span class='ocr_line' id='line_1_31' title="bbox 2299 1808 3839 1881; baseline -0.001 -19"><span class='ocrx_word' id='word_1_201' title='bbox 2299 1808 2585 1880; x_wconf 80' lang='grc' dir='ltr'>δοκιμάζει</span> <span class='ocrx_word' id='word_1_202' title='bbox 2615 1809 2707 1862; x_wconf 71' lang='grc' dir='ltr'>τὸν</span> <span class='ocrx_word' id='word_1_203' title='bbox 2740 1809 3045 1880; x_wconf 80' lang='grc' dir='ltr'>ἄνθρωπον,</span> <span class='ocrx_word' id='word_1_204' title='bbox 3080 1809 3113 1881; x_wconf 75' lang='grc' dir='ltr'>ἦ</span> <span class='ocrx_word' id='word_1_205' title='bbox 3148 1809 3403 1878; x_wconf 87' lang='grc' dir='ltr'>ἐκφοϐεῖν</span> <span class='ocrx_word' id='word_1_206' title='bbox 3425 1808 3523 1861; x_wconf 73' lang='grc' dir='ltr'>καὶ</span> <span class='ocrx_word' id='word_1_207' title='bbox 3553 1812 3839 1862; x_wconf 73' lang='grc' dir='ltr'>καταπεσεῖν</span> 
     </span>
    </p>
   </div>
   <div class='ocr_carea' id='block_1_32' title="bbox 2302 1897 3841 1971">
    <p class='ocr_par' dir='ltr' id='par_1_32' title="bbox 2302 1897 3841 1971">
     <span class='ocr_line' id='line_1_32' title="bbox 2302 1897 3841 1971; baseline -0.001 -17"><span class='ocrx_word' id='word_1_208' title='bbox 2302 1900 2554 1964; x_wconf 85' lang='grc' dir='ltr'>ἀπειλαῖς</span> <span class='ocrx_word' id='word_1_209' title='bbox 2596 1901 2690 1954; x_wconf 77' lang='grc' dir='ltr'>καὶ</span> <span class='ocrx_word' id='word_1_210' title='bbox 2733 1901 3042 1956; x_wconf 84' lang='grc' dir='ltr'>κολάσεσιν.</span> <span class='ocrx_word' id='word_1_211' title='bbox 3084 1901 3174 1964; x_wconf 84' lang='grc' dir='ltr'>Ὠς</span> <span class='ocrx_word' id='word_1_212' title='bbox 3215 1897 3308 1954; x_wconf 78' lang='grc' dir='ltr'><strong>οὖν</strong></span> <span class='ocrx_word' id='word_1_213' title='bbox 3355 1902 3539 1954; x_wconf 79' lang='grc' dir='ltr'>πᾶσαν</span> <span class='ocrx_word' id='word_1_214' title='bbox 3580 1900 3729 1953; x_wconf 71' lang='grc' dir='ltr'>αὐτοῦ</span> <span class='ocrx_word' id='word_1_215' title='bbox 3765 1901 3841 1971; x_wconf 75' lang='grc' dir='ltr'>τὴν</span> 
     </span>
    </p>
   </div>
   <div class='ocr_carea' id='block_1_33' title="bbox 626 1982 2199 2074">
    <p class='ocr_par' dir='ltr' id='par_1_33' title="bbox 626 1982 2195 2055">
     <span class='ocr_line' id='line_1_33' title="bbox 626 1982 2195 2055; baseline 0.009 -21"><span class='ocrx_word' id='word_1_216' title='bbox 626 1982 811 2036; x_wconf 80' lang='lat' dir='ltr'><strong>liorem</strong></span> <span class='ocrx_word' id='word_1_217' title='bbox 841 1983 929 2052; x_wconf 92' lang='lat' dir='ltr'><strong>qui</strong></span> <span class='ocrx_word' id='word_1_218' title='bbox 963 1983 1121 2039; x_wconf 79' lang='lat' dir='ltr'><strong>facile</strong></span> <span class='ocrx_word' id='word_1_219' title='bbox 1148 1986 1374 2040; x_wconf 88' lang='lat' dir='ltr'><strong>intereat</strong></span> <span class='ocrx_word' id='word_1_220' title='bbox 1403 1996 1458 2041; x_wconf 90' lang='lat' dir='ltr'><strong>et</strong></span> <span class='ocrx_word' id='word_1_221' title='bbox 1486 2002 1809 2055; x_wconf 86' lang='lat' dir='ltr'><strong>marcescat,</strong></span> <span class='ocrx_word' id='word_1_222' title='bbox 1838 1992 2195 2048; x_wconf 69' lang='lat' dir='ltr'><strong>mstimantem</strong></span> 
     </span>
    </p>
   </div>
   <div class='ocr_carea' id='block_1_34' title="bbox 2302 1982 3838 2074">
    <p class='ocr_par' dir='ltr' id='par_1_34' title="bbox 2303 2000 3838 2074">
     <span class='ocr_line' id='line_1_34' title="bbox 2303 2000 3838 2074; baseline 0 -20"><span class='ocrx_word' id='word_1_223' title='bbox 2303 2000 2578 2072; x_wconf 78' lang='grc' dir='ltr'>προτέραν</span> <span class='ocrx_word' id='word_1_224' title='bbox 2624 2001 2901 2074; x_wconf 81' lang='grc' dir='ltr'>φαρέτραν</span> <span class='ocrx_word' id='word_1_225' title='bbox 2938 2002 3230 2065; x_wconf 75' lang='grc' dir='ltr'>ἐκένωσεν,</span> <span class='ocrx_word' id='word_1_226' title='bbox 3279 2002 3374 2055; x_wconf 69' lang='grc' dir='ltr'>καὶ</span> <span class='ocrx_word' id='word_1_227' title='bbox 3425 2002 3525 2072; x_wconf 73' lang='grc' dir='ltr'>τὴν</span> <span class='ocrx_word' id='word_1_228' title='bbox 3567 2000 3838 2072; x_wconf 78' lang='grc' dir='ltr'>ἁθληφόρον</span> 
     </span>
    </p>
   </div>
   <div class='ocr_carea' id='block_1_35' title="bbox 625 2074 2199 2152">
    <p class='ocr_par' dir='ltr' id='par_1_35' title="bbox 625 2074 2199 2152">
     <span class='ocr_line' id='line_1_35' title="bbox 625 2074 2199 2152; baseline 0.008 -26"><span class='ocrx_word' id='word_1_229' title='bbox 625 2074 815 2139; x_wconf 87' lang='lat' dir='ltr'><strong>sensit,</strong></span> <span class='ocrx_word' id='word_1_230' title='bbox 842 2089 1045 2145; x_wconf 86' lang='lat' dir='ltr'><strong>suaque</strong></span> <span class='ocrx_word' id='word_1_231' title='bbox 1077 2076 1418 2132; x_wconf 90' lang='lat' dir='ltr'><strong>hortamenta</strong></span> <span class='ocrx_word' id='word_1_232' title='bbox 1450 2089 1505 2133; x_wconf 92' lang='lat' dir='ltr'><strong>et</strong></span> <span class='ocrx_word' id='word_1_233' title='bbox 1535 2081 1838 2152; x_wconf 59' lang='lat' dir='ltr'><strong>praestigias</strong></span> <span class='ocrx_word' id='word_1_234' title='bbox 1869 2082 2008 2136; x_wconf 90' lang='lat' dir='ltr'><strong>haud</strong></span> <span class='ocrx_word' id='word_1_235' title='bbox 2039 2099 2199 2139; x_wconf 85' lang='lat' dir='ltr'><strong>secus</strong></span> 
     </span>
    </p>
   </div>
   <div class='ocr_carea' id='block_1_36' title="bbox 625 2168 2196 2244">
    <p class='ocr_par' dir='ltr' id='par_1_36' title="bbox 625 2168 2196 2244">
     <span class='ocr_line' id='line_1_36' title="bbox 625 2168 2196 2244; baseline 0.008 -27"><span class='ocrx_word' id='word_1_236' title='bbox 625 2178 687 2218; x_wconf 89' lang='lat' dir='ltr'><strong>ac</strong></span> <span class='ocrx_word' id='word_1_237' title='bbox 713 2168 984 2234; x_wconf 84' lang='lat' dir='ltr'><strong>serpentis</strong></span> <span class='ocrx_word' id='word_1_238' title='bbox 1002 2169 1149 2222; x_wconf 89' lang='lat' dir='ltr'><strong>virus</strong></span> <span class='ocrx_word' id='word_1_239' title='bbox 1176 2170 1557 2241; x_wconf 90' lang='lat' dir='ltr'><strong>horrendaque</strong></span> <span class='ocrx_word' id='word_1_240' title='bbox 1577 2187 1783 2227; x_wconf 87' lang='lat' dir='ltr'><strong>venena</strong></span> <span class='ocrx_word' id='word_1_241' title='bbox 1813 2177 2196 2244; x_wconf 89' lang='lat' dir='ltr'><strong>detestantem,</strong></span> 
     </span>
    </p>
   </div>
   <div class='ocr_carea' id='block_1_37' title="bbox 623 2254 2200 2333">
    <p class='ocr_par' dir='ltr' id='par_1_37' title="bbox 623 2254 2200 2333">
     <span class='ocr_line' id='line_1_37' title="bbox 623 2254 2200 2333; baseline 0.009 -26"><span class='ocrx_word' id='word_1_242' title='bbox 623 2254 689 2308; x_wconf 78' lang='lat' dir='ltr'><strong>ad</strong></span> <span class='ocrx_word' id='word_1_243' title='bbox 718 2256 861 2309; x_wconf 89' lang='lat' dir='ltr'><strong>aliud</strong></span> <span class='ocrx_word' id='word_1_244' title='bbox 895 2259 1180 2314; x_wconf 82' lang='lat' dir='ltr'><strong>confestim</strong></span> <span class='ocrx_word' id='word_1_245' title='bbox 1214 2261 1573 2315; x_wconf 90' lang='lat' dir='ltr'><strong>tentationum</strong></span> <span class='ocrx_word' id='word_1_246' title='bbox 1604 2278 1771 2333; x_wconf 86' lang='lat' dir='ltr'><strong>genus</strong></span> <span class='ocrx_word' id='word_1_247' title='bbox 1800 2266 2042 2320; x_wconf 89' lang='lat' dir='ltr'><strong>animum</strong></span> <span class='ocrx_word' id='word_1_248' title='bbox 2072 2284 2200 2321; x_wconf 90' lang='lat' dir='ltr'><strong>con-</strong></span> 
     </span>
    </p>
   </div>
   <div class='ocr_carea' id='block_1_38' title="bbox 623 2346 2200 2421">
    <p class='ocr_par' dir='ltr' id='par_1_38' title="bbox 623 2346 2200 2421">
     <span class='ocr_line' id='line_1_38' title="bbox 623 2346 2200 2421; baseline 0.01 -22"><span class='ocrx_word' id='word_1_249' title='bbox 623 2349 800 2401; x_wconf 80' lang='lat' dir='ltr'><strong>vertit.</strong></span> <span class='ocrx_word' id='word_1_250' title='bbox 832 2346 965 2407; x_wconf 89' lang='lat' dir='ltr'><strong>Cum</strong></span> <span class='ocrx_word' id='word_1_251' title='bbox 996 2360 1175 2404; x_wconf 90' lang='lat' dir='ltr'><strong>autem</strong></span> <span class='ocrx_word' id='word_1_252' title='bbox 1208 2350 1383 2406; x_wconf 89' lang='lat' dir='ltr'><strong>minas</strong></span> <span class='ocrx_word' id='word_1_253' title='bbox 1412 2355 1615 2421; x_wconf 90' lang='lat' dir='ltr'><strong>pariter</strong></span> <span class='ocrx_word' id='word_1_254' title='bbox 1644 2355 1979 2410; x_wconf 89' lang='lat' dir='ltr'><strong>deridentem</strong></span> <span class='ocrx_word' id='word_1_255' title='bbox 2012 2374 2200 2414; x_wconf 85' lang='lat' dir='ltr'><strong>cerne-</strong></span> 
     </span>
    </p>
   </div>
   <div class='ocr_carea' id='block_1_39' title="bbox 624 2438 2201 2513">
    <p class='ocr_par' dir='ltr' id='par_1_39' title="bbox 624 2438 2201 2513">
     <span class='ocr_line' id='line_1_39' title="bbox 624 2438 2201 2513; baseline 0.006 -21"><span class='ocrx_word' id='word_1_256' title='bbox 624 2448 705 2492; x_wconf 85' lang='lat' dir='ltr'><strong>ret</strong></span> <span class='ocrx_word' id='word_1_257' title='bbox 739 2438 925 2494; x_wconf 79' lang='lat' dir='ltr'><strong>l‘urore</strong></span> <span class='ocrx_word' id='word_1_258' title='bbox 960 2440 1172 2509; x_wconf 90' lang='lat' dir='ltr'><strong>plenus,</strong></span> <span class='ocrx_word' id='word_1_259' title='bbox 1205 2442 1351 2496; x_wconf 88' lang='lat' dir='ltr'><strong>velut</strong></span> <span class='ocrx_word' id='word_1_260' title='bbox 1386 2446 1597 2513; x_wconf 89' lang='lat' dir='ltr'><strong>perdito</strong></span> <span class='ocrx_word' id='word_1_261' title='bbox 1631 2445 1771 2509; x_wconf 90' lang='lat' dir='ltr'><strong>oleo,</strong></span> <span class='ocrx_word' id='word_1_262' title='bbox 1808 2447 1881 2500; x_wconf 89' lang='lat' dir='ltr'><strong>ita</strong></span> <span class='ocrx_word' id='word_1_263' title='bbox 1918 2464 2036 2502; x_wconf 91' lang='lat' dir='ltr'><strong>eam</strong></span> <span class='ocrx_word' id='word_1_264' title='bbox 2070 2450 2201 2501; x_wconf 84' lang='lat' dir='ltr'><strong>allo-</strong></span> 
     </span>
    </p>
   </div>
   <div class='ocr_carea' id='block_1_40' title="bbox 622 2531 2197 2608">
    <p class='ocr_par' dir='ltr' id='par_1_40' title="bbox 622 2531 2197 2608">
     <span class='ocr_line' id='line_1_40' title="bbox 622 2531 2197 2608; baseline 0.009 -27"><span class='ocrx_word' id='word_1_265' title='bbox 622 2531 807 2599; x_wconf 87' lang='lat' dir='ltr'><strong>quitur</strong></span> <span class='ocrx_word' id='word_1_266' title='bbox 835 2548 849 2584; x_wconf 91' lang='lat'><strong>:</strong></span> <span class='ocrx_word' id='word_1_267' title='bbox 883 2547 902 2582; x_wconf 75' lang='grc' dir='ltr'><strong>ε</strong></span> <span class='ocrx_word' id='word_1_268' title='bbox 938 2532 1075 2599; x_wconf 83' lang='lat' dir='ltr'><strong>Quid</strong></span> <span class='ocrx_word' id='word_1_269' title='bbox 1106 2548 1236 2604; x_wconf 80' lang='lat' dir='ltr'><strong>ergo</strong></span> <span class='ocrx_word' id='word_1_270' title='bbox 1263 2536 1364 2601; x_wconf 88' lang='lat' dir='ltr'><strong>vis,</strong></span> <span class='ocrx_word' id='word_1_271' title='bbox 1397 2538 1610 2606; x_wconf 77' lang='lat' dir='ltr'><strong>puella?</strong></span> <span class='ocrx_word' id='word_1_272' title='bbox 1635 2551 1727 2592; x_wconf 90' lang='lat' dir='ltr'><strong>aut</strong></span> <span class='ocrx_word' id='word_1_273' title='bbox 1757 2540 1862 2594; x_wconf 89' lang='lat' dir='ltr'><strong>diis</strong></span> <span class='ocrx_word' id='word_1_274' title='bbox 1896 2542 2197 2608; x_wconf 85' lang='lat' dir='ltr'><strong>immolare,</strong></span> 
     </span>
    </p>
   </div>
   <div class='ocr_carea' id='block_1_41' title="bbox 622 2625 2199 2697">
    <p class='ocr_par' dir='ltr' id='par_1_41' title="bbox 622 2625 2199 2697">
     <span class='ocr_line' id='line_1_41' title="bbox 622 2625 2199 2697; baseline 0.01 -24"><span class='ocrx_word' id='word_1_275' title='bbox 622 2631 715 2674; x_wconf 82' lang='lat' dir='ltr'><strong>aut</strong></span> <span class='ocrx_word' id='word_1_276' title='bbox 754 2625 966 2679; x_wconf 87' lang='lat' dir='ltr'><strong>acerbis</strong></span> <span class='ocrx_word' id='word_1_277' title='bbox 1007 2638 1380 2697; x_wconf 88' lang='lat' dir='ltr'><strong>consumptam</strong></span> <span class='ocrx_word' id='word_1_278' title='bbox 1425 2632 1711 2685; x_wconf 86' lang='lat' dir='ltr'><strong>tormentis</strong></span> <span class='ocrx_word' id='word_1_279' title='bbox 1754 2633 2018 2688; x_wconf 88' lang='lat' dir='ltr'><strong>interire?</strong></span> <span class='ocrx_word' id='word_1_280' title='bbox 2058 2654 2075 2687; x_wconf 74' lang='grc' dir='ltr'><strong>ι</strong></span> <span class='ocrx_word' id='word_1_281' title='bbox 2120 2636 2199 2689; x_wconf 82' lang='lat' dir='ltr'><strong>Ad</strong></span> 
     </span>
    </p>
   </div>
   <div class='ocr_carea' id='block_1_42' title="bbox 580 2720 2198 2793">
    <p class='ocr_par' dir='ltr' id='par_1_42' title="bbox 580 2720 2198 2793">
     <span class='ocr_line' id='line_1_42' title="bbox 580 2720 2198 2793; baseline 0.011 -29"><span class='ocrx_word' id='word_1_282' title='bbox 580 2760 587 2765; x_wconf 87' lang='lat'><strong>.</strong></span> <span class='ocrx_word' id='word_1_283' title='bbox 622 2728 783 2781; x_wconf 88' lang='lat' dir='ltr'><strong>quem</strong></span> <span class='ocrx_word' id='word_1_284' title='bbox 830 2724 1055 2787; x_wconf 82' lang='lat' dir='ltr'><strong>martyr,</strong></span> <span class='ocrx_word' id='word_1_285' title='bbox 1099 2720 1368 2777; x_wconf 80' lang='lat' dir='ltr'><strong>constanti</strong></span> <span class='ocrx_word' id='word_1_286' title='bbox 1416 2721 1595 2777; x_wconf 80' lang='lat' dir='ltr'><strong>animo</strong></span> <span class='ocrx_word' id='word_1_287' title='bbox 1639 2725 1933 2793; x_wconf 88' lang='lat' dir='ltr'><strong>lldentique</strong></span> <span class='ocrx_word' id='word_1_288' title='bbox 1975 2728 2198 2781; x_wconf 83' lang='lat' dir='ltr'><strong>audacia</strong></span> 
     </span>
    </p>
   </div>
   <div class='ocr_carea' id='block_1_43' title="bbox 623 2805 2197 2883">
    <p class='ocr_par' dir='ltr' id='par_1_43' title="bbox 623 2805 2197 2883">
     <span class='ocr_line' id='line_1_43' title="bbox 623 2805 2197 2883; baseline 0.011 -29"><span class='ocrx_word' id='word_1_289' title='bbox 623 2805 812 2872; x_wconf 79' lang='lat' dir='ltr'><strong>paucis</strong></span> <span class='ocrx_word' id='word_1_290' title='bbox 849 2807 1051 2871; x_wconf 78' lang='lat' dir='ltr'><strong>verbis,</strong></span> <span class='ocrx_word' id='word_1_291' title='bbox 1092 2817 1201 2862; x_wconf 89' lang='lat' dir='ltr'><strong>tum</strong></span> <span class='ocrx_word' id='word_1_292' title='bbox 1244 2811 1383 2877; x_wconf 86' lang='lat' dir='ltr'><strong>piam</strong></span> <span class='ocrx_word' id='word_1_293' title='bbox 1426 2812 1573 2866; x_wconf 88' lang='lat' dir='ltr'><strong>clare</strong></span> <span class='ocrx_word' id='word_1_294' title='bbox 1613 2814 1855 2882; x_wconf 76' lang='lat' dir='ltr'><strong>professa</strong></span> <span class='ocrx_word' id='word_1_295' title='bbox 1897 2816 2053 2871; x_wconf 82' lang='lat' dir='ltr'><strong>ﬁdem</strong></span> <span class='ocrx_word' id='word_1_296' title='bbox 2095 2830 2197 2883; x_wconf 88' lang='lat' dir='ltr'><strong>est,</strong></span> 
     </span>
    </p>
   </div>
   <div class='ocr_carea' id='block_1_44' title="bbox 622 2894 2199 2975">
    <p class='ocr_par' dir='ltr' id='par_1_44' title="bbox 622 2894 2199 2975">
     <span class='ocr_line' id='line_1_44' title="bbox 622 2894 2199 2975; baseline 0.011 -30"><span class='ocrx_word' id='word_1_297' title='bbox 622 2902 784 2964; x_wconf 89' lang='lat' dir='ltr'><strong>atque</strong></span> <span class='ocrx_word' id='word_1_298' title='bbox 806 2894 1139 2952; x_wconf 77' lang='lat' dir='ltr'><strong>infensorum</strong></span> <span class='ocrx_word' id='word_1_299' title='bbox 1167 2898 1274 2953; x_wconf 91' lang='lat' dir='ltr'><strong>Deo</strong></span> <span class='ocrx_word' id='word_1_300' title='bbox 1298 2910 1643 2970; x_wconf 86' lang='lat' dir='ltr'><strong>tyrannorum</strong></span> <span class='ocrx_word' id='word_1_301' title='bbox 1667 2906 1957 2961; x_wconf 87' lang='lat' dir='ltr'><strong>amentiam</strong></span> <span class='ocrx_word' id='word_1_302' title='bbox 2009 2908 2199 2975; x_wconf 88' lang='lat' dir='ltr'><strong>impie-</strong></span> 
     </span>
    </p>
   </div>
   <div class='ocr_carea' id='block_1_45' title="bbox 625 2989 2201 3056">
    <p class='ocr_par' dir='ltr' id='par_1_45' title="bbox 625 2989 2201 3056">
     <span class='ocr_line' id='line_1_45' title="bbox 625 2989 2201 3056; baseline 0.01 -19"><span class='ocrx_word' id='word_1_303' title='bbox 625 2993 901 3055; x_wconf 85' lang='lat' dir='ltr'><strong>tatemque</strong></span> <span class='ocrx_word' id='word_1_304' title='bbox 936 2989 1193 3043; x_wconf 77' lang='lat' dir='ltr'><strong>traduxit.</strong></span> <span class='ocrx_word' id='word_1_305' title='bbox 1228 2990 1434 3056; x_wconf 87' lang='lat' dir='ltr'><strong>Quibus</strong></span> <span class='ocrx_word' id='word_1_306' title='bbox 1471 3009 1602 3049; x_wconf 90' lang='lat' dir='ltr'><strong>vero</strong></span> <span class='ocrx_word' id='word_1_307' title='bbox 1639 2995 1780 3051; x_wconf 87' lang='lat' dir='ltr'><strong>istud</strong></span> <span class='ocrx_word' id='word_1_308' title='bbox 1817 3001 2201 3053; x_wconf 82' lang='lat' dir='ltr'><strong>sermonibus?</strong></span> 
     </span>
    </p>
   </div>
   <div class='ocr_carea' id='block_1_46' title="bbox 632 3080 2200 3154">
    <p class='ocr_par' dir='ltr' id='par_1_46' title="bbox 632 3080 2200 3154">
     <span class='ocr_line' id='line_1_46' title="bbox 632 3080 2200 3154; baseline 0.008 -20"><span class='ocrx_word' id='word_1_309' title='bbox 632 3099 652 3134; x_wconf 75' lang='grc' dir='ltr'><strong>ε</strong></span> <span class='ocrx_word' id='word_1_310' title='bbox 690 3080 800 3152; x_wconf 82' lang='lat' dir='ltr'><strong>Ego</strong></span> <span class='ocrx_word' id='word_1_311' title='bbox 836 3092 1020 3151; x_wconf 91' lang='lat' dir='ltr'><strong>parata</strong></span> <span class='ocrx_word' id='word_1_312' title='bbox 1059 3099 1199 3149; x_wconf 83' lang='lat' dir='ltr'><strong>sum,</strong></span> <span class='ocrx_word' id='word_1_313' title='bbox 1237 3085 1427 3154; x_wconf 87' lang='lat' dir='ltr'><strong>inquit,</strong></span> <span class='ocrx_word' id='word_1_314' title='bbox 1464 3097 1522 3141; x_wconf 92' lang='lat' dir='ltr'><strong>ut</strong></span> <span class='ocrx_word' id='word_1_315' title='bbox 1558 3086 1785 3143; x_wconf 86' lang='lat' dir='ltr'><strong>Domino</strong></span> <span class='ocrx_word' id='word_1_316' title='bbox 1818 3090 1942 3145; x_wconf 82' lang='lat' dir='ltr'><strong>Jesu</strong></span> <span class='ocrx_word' id='word_1_317' title='bbox 1979 3090 2200 3147; x_wconf 81' lang='lat' dir='ltr'><strong>Christo</strong></span> 
     </span>
    </p>
   </div>
   <div class='ocr_carea' id='block_1_47' title="bbox 626 3176 2199 3255">
    <p class='ocr_par' dir='ltr' id='par_1_47' title="bbox 626 3176 2199 3255">
     <span class='ocr_line' id='line_1_47' title="bbox 626 3176 2199 3255; baseline 0.009 -24"><span class='ocrx_word' id='word_1_318' title='bbox 626 3176 930 3239; x_wconf 89' lang='lat' dir='ltr'><strong>immolem.</strong></span> <span class='ocrx_word' id='word_1_319' title='bbox 964 3180 1055 3248; x_wconf 90' lang='lat' dir='ltr'><strong>qui</strong></span> <span class='ocrx_word' id='word_1_320' title='bbox 1094 3179 1223 3235; x_wconf 84' lang='lat' dir='ltr'><strong>iecit</strong></span> <span class='ocrx_word' id='word_1_321' title='bbox 1254 3182 1539 3247; x_wconf 10' lang='lat' dir='ltr'><strong>cmlumret</strong></span> <span class='ocrx_word' id='word_1_322' title='bbox 1575 3195 1807 3253; x_wconf 89' lang='lat' dir='ltr'><strong>terram,</strong></span> <span class='ocrx_word' id='word_1_323' title='bbox 1840 3199 1895 3242; x_wconf 90' lang='lat' dir='ltr'><strong>et</strong></span> <span class='ocrx_word' id='word_1_324' title='bbox 1928 3204 2108 3255; x_wconf 88' lang='lat' dir='ltr'><strong>mare,</strong></span> <span class='ocrx_word' id='word_1_325' title='bbox 2146 3200 2199 3245; x_wconf 92' lang='lat' dir='ltr'><strong>et</strong></span> 
     </span>
    </p>
   </div>
   <div class='ocr_carea' id='block_1_48' title="bbox 623 3269 2198 3339">
    <p class='ocr_par' dir='ltr' id='par_1_48' title="bbox 623 3269 2198 3339">
     <span class='ocr_line' id='line_1_48' title="bbox 623 3269 2198 3339; baseline 0.01 -17"><span class='ocrx_word' id='word_1_326' title='bbox 623 3269 875 3324; x_wconf 84' lang='lat' dir='ltr'><strong>universa</strong></span> <span class='ocrx_word' id='word_1_327' title='bbox 911 3286 1030 3339; x_wconf 70' lang='lat' dir='ltr'><strong>qua:</strong></span> <span class='ocrx_word' id='word_1_328' title='bbox 1070 3271 1123 3325; x_wconf 92' lang='lat' dir='ltr'><strong>in</strong></span> <span class='ocrx_word' id='word_1_329' title='bbox 1162 3273 1242 3328; x_wconf 84' lang='lat' dir='ltr'><strong>eis</strong></span> <span class='ocrx_word' id='word_1_330' title='bbox 1278 3276 1814 3335; x_wconf 79' lang='lat' dir='ltr'><strong>exsistunt.Vestros</strong></span> <span class='ocrx_word' id='word_1_331' title='bbox 1852 3292 2030 3337; x_wconf 86' lang='lat' dir='ltr'><strong>autent</strong></span> <span class='ocrx_word' id='word_1_332' title='bbox 2070 3286 2198 3339; x_wconf 89' lang='lat' dir='ltr'><strong>deos</strong></span> 
     </span>
    </p>
   </div>
   <div class='ocr_carea' id='block_1_49' title="bbox 623 3361 2195 3441">
    <p class='ocr_par' dir='ltr' id='par_1_49' title="bbox 623 3361 2195 3441">
     <span class='ocr_line' id='line_1_49' title="bbox 623 3361 2195 3441; baseline 0.008 -26"><span class='ocrx_word' id='word_1_333' title='bbox 623 3361 843 3431; x_wconf 80' lang='lat' dir='ltr'><strong>pulchre</strong></span> <span class='ocrx_word' id='word_1_334' title='bbox 874 3362 1140 3434; x_wconf 82' lang='lat' dir='ltr'><strong>Propheta</strong></span> <span class='ocrx_word' id='word_1_335' title='bbox 1167 3365 1251 3420; x_wconf 89' lang='lat' dir='ltr'><strong>his</strong></span> <span class='ocrx_word' id='word_1_336' title='bbox 1278 3367 1455 3422; x_wconf 80' lang='lat' dir='ltr'><strong>verbis</strong></span> <span class='ocrx_word' id='word_1_337' title='bbox 1470 3370 1860 3429; x_wconf 89' lang='lat' dir='ltr'><strong>subsannavit:</strong></span> <span class='ocrx_word' id='word_1_338' title='bbox 1884 3372 1955 3429; x_wconf 70' lang='grc' dir='ltr'><strong>οο</strong></span> <span class='ocrx_word' id='word_1_339' title='bbox 1983 3376 2195 3441; x_wconf 87' lang='lat' dir='ltr'><strong>habent,</strong></span> 
     </span>
    </p>
   </div>
   <div class='ocr_carea' id='block_1_50' title="bbox 620 3455 2196 3533">
    <p class='ocr_par' dir='ltr' id='par_1_50' title="bbox 620 3455 2196 3533">
     <span class='ocr_line' id='line_1_50' title="bbox 620 3455 2196 3533; baseline 0.009 -26"><span class='ocrx_word' id='word_1_340' title='bbox 620 3462 671 3507; x_wconf 84' lang='lat' dir='ltr'><strong>et</strong></span> <span class='ocrx_word' id='word_1_341' title='bbox 712 3470 817 3506; x_wconf 86' lang='lat' dir='ltr'><strong>non</strong></span> <span class='ocrx_word' id='word_1_342' title='bbox 858 3455 1172 3525; x_wconf 82' lang='lat' dir='ltr'><strong>loquentur;</strong></span> <span class='ocrx_word' id='word_1_343' title='bbox 1212 3458 1388 3513; x_wconf 76' lang='lat' dir='ltr'><strong>oculos</strong></span> <span class='ocrx_word' id='word_1_344' title='bbox 1430 3460 1641 3525; x_wconf 77' lang='lat' dir='ltr'><strong>habent,</strong></span> <span class='ocrx_word' id='word_1_345' title='bbox 1683 3474 1729 3517; x_wconf 87' lang='lat' dir='ltr'><strong>et</strong></span> <span class='ocrx_word' id='word_1_346' title='bbox 1772 3482 1875 3519; x_wconf 88' lang='lat' dir='ltr'><strong>non</strong></span> <span class='ocrx_word' id='word_1_347' title='bbox 1914 3466 2196 3533; x_wconf 78' lang='lat' dir='ltr'><strong>videbunt;</strong></span> 
     </span>
    </p>
   </div>
   <div class='ocr_carea' id='block_1_51' title="bbox 622 3544 2199 3625">
    <p class='ocr_par' dir='ltr' id='par_1_51' title="bbox 622 3544 2199 3625">
     <span class='ocr_line' id='line_1_51' title="bbox 622 3544 2199 3625; baseline 0.011 -30"><span class='ocrx_word' id='word_1_348' title='bbox 622 3559 776 3596; x_wconf 73' lang='lat' dir='ltr'><strong>aures</strong></span> <span class='ocrx_word' id='word_1_349' title='bbox 803 3544 1030 3612; x_wconf 84' lang='lat' dir='ltr'><strong>habent,</strong></span> <span class='ocrx_word' id='word_1_350' title='bbox 1066 3556 1116 3600; x_wconf 86' lang='lat' dir='ltr'><strong>et</strong></span> <span class='ocrx_word' id='word_1_351' title='bbox 1145 3564 1249 3601; x_wconf 88' lang='lat' dir='ltr'><strong>non</strong></span> <span class='ocrx_word' id='word_1_352' title='bbox 1274 3551 1528 3613; x_wconf 86' lang='lat' dir='ltr'><strong>audient;</strong></span> <span class='ocrx_word' id='word_1_353' title='bbox 1569 3569 1721 3608; x_wconf 76' lang='lat' dir='ltr'><strong>nares</strong></span> <span class='ocrx_word' id='word_1_354' title='bbox 1765 3555 1977 3625; x_wconf 87' lang='lat' dir='ltr'><strong>habent,</strong></span> <span class='ocrx_word' id='word_1_355' title='bbox 2014 3567 2061 3611; x_wconf 88' lang='lat' dir='ltr'><strong>et</strong></span> <span class='ocrx_word' id='word_1_356' title='bbox 2095 3575 2199 3613; x_wconf 88' lang='lat' dir='ltr'><strong>non</strong></span> 
     </span>
    </p>
   </div>
   <div class='ocr_carea' id='block_1_52' title="bbox 623 3637 2199 3718">
    <p class='ocr_par' dir='ltr' id='par_1_52' title="bbox 623 3637 2199 3718">
     <span class='ocr_line' id='line_1_52' title="bbox 623 3637 2199 3718; baseline 0.011 -31"><span class='ocrx_word' id='word_1_357' title='bbox 623 3637 957 3700; x_wconf 85' lang='lat' dir='ltr'><strong>odorabunt;</strong></span> <span class='ocrx_word' id='word_1_358' title='bbox 993 3654 1179 3691; x_wconf 81' lang='lat' dir='ltr'><strong>manus</strong></span> <span class='ocrx_word' id='word_1_359' title='bbox 1214 3640 1420 3708; x_wconf 87' lang='lat' dir='ltr'><strong>habent,</strong></span> <span class='ocrx_word' id='word_1_360' title='bbox 1456 3653 1505 3697; x_wconf 84' lang='lat' dir='ltr'><strong>et</strong></span> <span class='ocrx_word' id='word_1_361' title='bbox 1542 3661 1644 3698; x_wconf 90' lang='lat' dir='ltr'><strong>non</strong></span> <span class='ocrx_word' id='word_1_362' title='bbox 1679 3646 2009 3716; x_wconf 81' lang='lat' dir='ltr'><strong>palpabunt;</strong></span> <span class='ocrx_word' id='word_1_363' title='bbox 2044 3650 2199 3718; x_wconf 72' lang='lat' dir='ltr'><strong>pedes</strong></span> 
     </span>
    </p>
   </div>
   <div class='ocr_carea' id='block_1_53' title="bbox 623 3729 2200 3815">
    <p class='ocr_par' dir='ltr' id='par_1_53' title="bbox 623 3729 2200 3815">
     <span class='ocr_line' id='line_1_53' title="bbox 623 3729 2200 3815; baseline 0.01 -35"><span class='ocrx_word' id='word_1_364' title='bbox 623 3729 835 3791; x_wconf 82' lang='lat' dir='ltr'><strong>habent,</strong></span> <span class='ocrx_word' id='word_1_365' title='bbox 869 3742 916 3784; x_wconf 80' lang='lat' dir='ltr'><strong>et</strong></span> <span class='ocrx_word' id='word_1_366' title='bbox 953 3749 1055 3785; x_wconf 85' lang='lat' dir='ltr'><strong>non</strong></span> <span class='ocrx_word' id='word_1_367' title='bbox 1091 3734 1470 3801; x_wconf 80' lang='lat' dir='ltr'><strong>ambulabunt;</strong></span> <span class='ocrx_word' id='word_1_368' title='bbox 1503 3754 1606 3792; x_wconf 87' lang='lat' dir='ltr'><strong>non</strong></span> <span class='ocrx_word' id='word_1_369' title='bbox 1643 3741 1947 3798; x_wconf 86' lang='lat' dir='ltr'><strong>clamabunt</strong></span> <span class='ocrx_word' id='word_1_370' title='bbox 1984 3745 2040 3799; x_wconf 80' lang='lat' dir='ltr'><strong>in</strong></span> <span class='ocrx_word' id='word_1_371' title='bbox 2079 3754 2200 3815; x_wconf 86' lang='lat' dir='ltr'><strong>gut-</strong></span> 
     </span>
    </p>
   </div>
   <div class='ocr_carea' id='block_1_54' title="bbox 626 3821 2203 3902">
    <p class='ocr_par' dir='ltr' id='par_1_54' title="bbox 626 3821 2203 3902">
     <span class='ocr_line' id='line_1_54' title="bbox 626 3821 2203 3902; baseline 0.013 -30"><span class='ocrx_word' id='word_1_372' title='bbox 626 3832 742 3874; x_wconf 88' lang='lat' dir='ltr'><strong>ture</strong></span> <span class='ocrx_word' id='word_1_373' title='bbox 774 3838 891 3877; x_wconf 77' lang='lat' dir='ltr'><strong>auo.</strong></span> <span class='ocrx_word' id='word_1_374' title='bbox 920 3821 1135 3879; x_wconf 74' lang='lat' dir='ltr'><strong>Similes</strong></span> <span class='ocrx_word' id='word_1_375' title='bbox 1170 3826 1273 3880; x_wconf 76' lang='lat' dir='ltr'><strong>illis</strong></span> <span class='ocrx_word' id='word_1_376' title='bbox 1306 3828 1436 3895; x_wconf 79' lang='lat' dir='ltr'><strong>ﬁant</strong></span> <span class='ocrx_word' id='word_1_377' title='bbox 1472 3832 1562 3899; x_wconf 85' lang='lat' dir='ltr'><strong>qui</strong></span> <span class='ocrx_word' id='word_1_378' title='bbox 1599 3831 1799 3899; x_wconf 78' lang='lat' dir='ltr'><strong>faciunt</strong></span> <span class='ocrx_word' id='word_1_379' title='bbox 1836 3851 1916 3902; x_wconf 89' lang='lat' dir='ltr'><strong>ea,</strong></span> <span class='ocrx_word' id='word_1_380' title='bbox 1945 3846 1994 3889; x_wconf 87' lang='lat' dir='ltr'><strong>et</strong></span> <span class='ocrx_word' id='word_1_381' title='bbox 2028 3853 2203 3893; x_wconf 62' lang='lat' dir='ltr'><strong>omnes</strong></span> 
     </span>
    </p>
   </div>
   <div class='ocr_carea' id='block_1_55' title="bbox 623 3915 2203 3998">
    <p class='ocr_par' dir='ltr' id='par_1_55' title="bbox 623 3915 2203 3998">
     <span class='ocr_line' id='line_1_55' title="bbox 623 3915 2203 3998; baseline 0.013 -35"><span class='ocrx_word' id='word_1_382' title='bbox 623 3915 714 3982; x_wconf 81' lang='lat' dir='ltr'><strong>qui</strong></span> <span class='ocrx_word' id='word_1_383' title='bbox 754 3916 1021 3983; x_wconf 79' lang='lat' dir='ltr'><strong>conﬁdunt</strong></span> <span class='ocrx_word' id='word_1_384' title='bbox 1062 3919 1116 3970; x_wconf 82' lang='lat' dir='ltr'><strong>in</strong></span> <span class='ocrx_word' id='word_1_385' title='bbox 1155 3919 1317 3972; x_wconf 73' lang='lat' dir='ltr'><strong>eis&quot;.</strong></span> <span class='ocrx_word' id='word_1_386' title='bbox 1355 3920 1811 3985; x_wconf 85' lang='lat' dir='ltr'><strong>Quemadmodum</strong></span> <span class='ocrx_word' id='word_1_387' title='bbox 1852 3927 1993 3981; x_wconf 92' lang='lat' dir='ltr'><strong>enim</strong></span> <span class='ocrx_word' id='word_1_388' title='bbox 2035 3944 2203 3998; x_wconf 78' lang='lat' dir='ltr'><strong>augu-</strong></span> 
     </span>
    </p>
   </div>
   <div class='ocr_carea' id='block_1_56' title="bbox 625 4008 2202 4078">
    <p class='ocr_par' dir='ltr' id='par_1_56' title="bbox 625 4008 2202 4078">
     <span class='ocr_line' id='line_1_56' title="bbox 625 4008 2202 4078; baseline 0.012 -21"><span class='ocrx_word' id='word_1_389' title='bbox 625 4014 766 4058; x_wconf 87' lang='lat' dir='ltr'><strong>stum</strong></span> <span class='ocrx_word' id='word_1_390' title='bbox 811 4008 1275 4078; x_wconf 78' lang='lat' dir='ltr'><strong>reverendumqtte</strong></span> <span class='ocrx_word' id='word_1_391' title='bbox 1313 4011 1403 4065; x_wconf 84' lang='lat' dir='ltr'><strong>Dei</strong></span> <span class='ocrx_word' id='word_1_392' title='bbox 1440 4029 1634 4068; x_wconf 90' lang='lat' dir='ltr'><strong>nomen</strong></span> <span class='ocrx_word' id='word_1_393' title='bbox 1674 4014 1808 4070; x_wconf 85' lang='lat' dir='ltr'><strong>l&#39;also</strong></span> <span class='ocrx_word' id='word_1_394' title='bbox 1846 4018 1952 4072; x_wconf 92' lang='lat' dir='ltr'><strong>illis</strong></span> <span class='ocrx_word' id='word_1_395' title='bbox 1987 4034 2016 4072; x_wconf 90' lang='lat' dir='ltr'><strong>a</strong></span> <span class='ocrx_word' id='word_1_396' title='bbox 2051 4021 2202 4076; x_wconf 86' lang='lat' dir='ltr'><strong>vobis</strong></span> 
     </span>
    </p>
   </div>
   <div class='ocr_carea' id='block_1_57' title="bbox 626 4095 2197 4169">
    <p class='ocr_par' dir='ltr' id='par_1_57' title="bbox 626 4095 2197 4169">
     <span class='ocr_line' id='line_1_57' title="bbox 626 4095 2197 4169; baseline 0.01 -19"><span class='ocrx_word' id='word_1_397' title='bbox 626 4095 853 4151; x_wconf 88' lang='lat' dir='ltr'><strong>imlitum</strong></span> <span class='ocrx_word' id='word_1_398' title='bbox 881 4106 983 4165; x_wconf 88' lang='lat' dir='ltr'><strong>est,</strong></span> <span class='ocrx_word' id='word_1_399' title='bbox 1011 4101 1157 4154; x_wconf 89' lang='lat' dir='ltr'><strong>omni</strong></span> <span class='ocrx_word' id='word_1_400' title='bbox 1189 4115 1412 4169; x_wconf 86' lang='lat' dir='ltr'><strong>prorsus</strong></span> <span class='ocrx_word' id='word_1_401' title='bbox 1435 4106 1557 4160; x_wconf 71' lang='lat' dir='ltr'><strong>vita:</strong></span> <span class='ocrx_word' id='word_1_402' title='bbox 1585 4117 1706 4161; x_wconf 84' lang='lat' dir='ltr'><strong>actu</strong></span> <span class='ocrx_word' id='word_1_403' title='bbox 1733 4120 1921 4165; x_wconf 90' lang='lat' dir='ltr'><strong>carent</strong></span> <span class='ocrx_word' id='word_1_404' title='bbox 1946 4121 2001 4165; x_wconf 89' lang='lat' dir='ltr'><strong>et</strong></span> <span class='ocrx_word' id='word_1_405' title='bbox 2029 4113 2197 4166; x_wconf 87' lang='lat' dir='ltr'><strong>desti-</strong></span> 
     </span>
    </p>
   </div>
   <div class='ocr_carea' id='block_1_58' title="bbox 629 4194 1673 4244">
    <p class='ocr_par' dir='ltr' id='par_1_58' title="bbox 629 4194 1673 4244">
     <span class='ocr_line' id='line_1_58' title="bbox 629 4194 1673 4244; baseline 0.007 -4"><span class='ocrx_word' id='word_1_406' title='bbox 629 4194 870 4244; x_wconf 84' lang='lat' dir='ltr'><strong>tuuntur.</strong></span> <span class='ocrx_word' id='word_1_407' title='bbox 912 4207 931 4241; x_wconf 75' lang='grc' dir='ltr'><strong>ι</strong></span> <span class='ocrx_word' id='word_1_408' title='bbox 1672 4214 1673 4217; x_wconf 43' lang='grc' dir='ltr'><strong>η</strong></span> 
     </span>
    </p>
   </div>
   <div class='ocr_carea' id='block_1_59' title="bbox 2300 2093 3841 2165">
    <p class='ocr_par' dir='ltr' id='par_1_59' title="bbox 2300 2093 3841 2165">
     <span class='ocr_line' id='line_1_59' title="bbox 2300 2093 3841 2165; baseline 0 -18"><span class='ocrx_word' id='word_1_409' title='bbox 2300 2093 2449 2163; x_wconf 84' lang='grc' dir='ltr'>ἐώρα</span> <span class='ocrx_word' id='word_1_410' title='bbox 2468 2094 2537 2148; x_wconf 77' lang='grc' dir='ltr'>τὰ</span> <span class='ocrx_word' id='word_1_411' title='bbox 2564 2095 2804 2165; x_wconf 76' lang='grc' dir='ltr'>κοσμικὰ</span> <span class='ocrx_word' id='word_1_412' title='bbox 2834 2093 3222 2160; x_wconf 85' lang='grc' dir='ltr'>διαπτύουσαν,</span> <span class='ocrx_word' id='word_1_413' title='bbox 3246 2094 3553 2164; x_wconf 79' lang='grc' dir='ltr'>θέλγητρα,</span> <span class='ocrx_word' id='word_1_414' title='bbox 3582 2094 3669 2147; x_wconf 70' lang='grc' dir='ltr'><strong>καὶ</strong></span> <span class='ocrx_word' id='word_1_415' title='bbox 3696 2098 3841 2147; x_wconf 72' lang='grc' dir='ltr'>πᾶσαν</span> 
     </span>
    </p>
   </div>
   <div class='ocr_carea' id='block_1_60' title="bbox 2299 2182 3842 2256">
    <p class='ocr_par' dir='ltr' id='par_1_60' title="bbox 2299 2182 3842 2256">
     <span class='ocr_line' id='line_1_60' title="bbox 2299 2182 3842 2256; baseline -0.002 -20"><span class='ocrx_word' id='word_1_416' title='bbox 2299 2182 2481 2250; x_wconf 80' lang='grc' dir='ltr'>δόξαν,</span> <span class='ocrx_word' id='word_1_417' title='bbox 2523 2184 2617 2236; x_wconf 72' lang='grc' dir='ltr'><strong>καὶ</strong></span> <span class='ocrx_word' id='word_1_418' title='bbox 2637 2184 2848 2255; x_wconf 81' lang='grc' dir='ltr'>τρυφὴν</span> <span class='ocrx_word' id='word_1_419' title='bbox 2883 2185 3126 2249; x_wconf 84' lang='grc' dir='ltr'>ἐπίγειον</span> <span class='ocrx_word' id='word_1_420' title='bbox 3150 2185 3224 2248; x_wconf 86' lang='grc' dir='ltr'>ὡς</span> <span class='ocrx_word' id='word_1_421' title='bbox 3250 2185 3410 2247; x_wconf 83' lang='grc' dir='ltr'>ἄνθος</span> <span class='ocrx_word' id='word_1_422' title='bbox 3444 2185 3635 2256; x_wconf 81' lang='grc' dir='ltr'>χόρτου</span> <span class='ocrx_word' id='word_1_423' title='bbox 3665 2185 3842 2253; x_wconf 69' lang='grc' dir='ltr'>λογιζο-</span> 
     </span>
    </p>
   </div>
   <div class='ocr_carea' id='block_1_61' title="bbox 2304 2273 3838 2348">
    <p class='ocr_par' dir='ltr' id='par_1_61' title="bbox 2304 2273 3838 2348">
     <span class='ocr_line' id='line_1_61' title="bbox 2304 2273 3838 2348; baseline 0.004 -23"><span class='ocrx_word' id='word_1_424' title='bbox 2304 2274 2471 2344; x_wconf 80' lang='grc' dir='ltr'>μένην</span> <span class='ocrx_word' id='word_1_425' title='bbox 2522 2273 2830 2347; x_wconf 77' lang='grc' dir='ltr'>εὕφθαρτον</span> <span class='ocrx_word' id='word_1_426' title='bbox 2880 2277 2974 2330; x_wconf 80' lang='grc' dir='ltr'>καὶ</span> <span class='ocrx_word' id='word_1_427' title='bbox 3008 2278 3372 2348; x_wconf 81' lang='grc' dir='ltr'>εύμάραντον,</span> <span class='ocrx_word' id='word_1_428' title='bbox 3424 2276 3647 2340; x_wconf 73' lang='grc' dir='ltr'>καὶτὰς</span> <span class='ocrx_word' id='word_1_429' title='bbox 3684 2277 3838 2331; x_wconf 84' lang='grc' dir='ltr'>τούτου</span> 
     </span>
    </p>
   </div>
   <div class='ocr_carea' id='block_1_62' title="bbox 2301 2366 3841 2438">
    <p class='ocr_par' dir='ltr' id='par_1_62' title="bbox 2301 2366 3841 2438">
     <span class='ocr_line' id='line_1_62' title="bbox 2301 2366 3841 2438; baseline 0.001 -20"><span class='ocrx_word' id='word_1_430' title='bbox 2301 2366 2635 2437; x_wconf 78' lang='grc' dir='ltr'>προτροπὰς,</span> <span class='ocrx_word' id='word_1_431' title='bbox 2661 2367 2756 2419; x_wconf 75' lang='grc' dir='ltr'>καὶ</span> <span class='ocrx_word' id='word_1_432' title='bbox 2778 2368 3241 2438; x_wconf 83' lang='grc' dir='ltr'>καταγοητεύσεις</span> <span class='ocrx_word' id='word_1_433' title='bbox 3262 2368 3339 2432; x_wconf 81' lang='grc' dir='ltr'>ὡς</span> <span class='ocrx_word' id='word_1_434' title='bbox 3368 2369 3445 2421; x_wconf 80' lang='grc' dir='ltr'><strong>ίδν</strong></span> <span class='ocrx_word' id='word_1_435' title='bbox 3468 2368 3643 2436; x_wconf 74' lang='grc' dir='ltr'>ὄφεως</span> <span class='ocrx_word' id='word_1_436' title='bbox 3666 2368 3841 2437; x_wconf 78' lang='grc' dir='ltr'>βδελυτ-</span> 
     </span>
    </p>
   </div>
   <div class='ocr_carea' id='block_1_63' title="bbox 2299 2457 3840 2529">
    <p class='ocr_par' dir='ltr' id='par_1_63' title="bbox 2299 2457 3840 2529">
     <span class='ocr_line' id='line_1_63' title="bbox 2299 2457 3840 2529; baseline -0.001 -20"><span class='ocrx_word' id='word_1_437' title='bbox 2299 2457 2554 2526; x_wconf 84' lang='grc' dir='ltr'>τομένην,</span> <span class='ocrx_word' id='word_1_438' title='bbox 2586 2458 2679 2511; x_wconf 73' lang='grc' dir='ltr'>καὶ</span> <span class='ocrx_word' id='word_1_439' title='bbox 2705 2457 2915 2527; x_wconf 87' lang='grc' dir='ltr'>φευκτὰ</span> <span class='ocrx_word' id='word_1_440' title='bbox 2939 2457 3261 2529; x_wconf 83' lang='grc' dir='ltr'>δηλητήρια,</span> <span class='ocrx_word' id='word_1_441' title='bbox 3289 2457 3458 2521; x_wconf 77' lang='grc' dir='ltr'>εὐθὺς</span> <span class='ocrx_word' id='word_1_442' title='bbox 3490 2458 3581 2510; x_wconf 72' lang='grc' dir='ltr'><strong>ἐπὶ</strong></span> <span class='ocrx_word' id='word_1_443' title='bbox 3610 2457 3664 2510; x_wconf 83' lang='grc' dir='ltr'><strong>τὸ</strong></span> <span class='ocrx_word' id='word_1_444' title='bbox 3688 2457 3840 2526; x_wconf 79' lang='grc' dir='ltr'>ἕτερον</span> 
     </span>
    </p>
   </div>
   <div class='ocr_carea' id='block_1_64' title="bbox 2300 2542 3839 2620">
    <p class='ocr_par' dir='ltr' id='par_1_64' title="bbox 2300 2542 3839 2620">
     <span class='ocr_line' id='line_1_64' title="bbox 2300 2542 3839 2620; baseline -0.001 -20"><span class='ocrx_word' id='word_1_445' title='bbox 2300 2542 2440 2611; x_wconf 79' lang='grc' dir='ltr'>εἶδος</span> <span class='ocrx_word' id='word_1_446' title='bbox 2472 2547 2580 2600; x_wconf 80' lang='grc' dir='ltr'><strong>τῶν</strong></span> <span class='ocrx_word' id='word_1_447' title='bbox 2608 2548 2935 2620; x_wconf 78' lang='grc' dir='ltr'>πειρασμῶν</span> <span class='ocrx_word' id='word_1_448' title='bbox 2961 2548 3352 2620; x_wconf 80' lang='grc' dir='ltr'>μετετρὲπετο.</span> <span class='ocrx_word' id='word_1_449' title='bbox 3394 2549 3509 2601; x_wconf 70' lang='grc' dir='ltr'><strong>Καὶ</strong></span> <span class='ocrx_word' id='word_1_450' title='bbox 3534 2548 3628 2611; x_wconf 75' lang='grc' dir='ltr'>τὰς</span> <span class='ocrx_word' id='word_1_451' title='bbox 3653 2546 3839 2610; x_wconf 78' lang='grc' dir='ltr'>ἀπειλὰς</span> 
     </span>
    </p>
   </div>
   <div class='ocr_carea' id='block_1_65' title="bbox 2301 2646 3839 2719">
    <p class='ocr_par' dir='ltr' id='par_1_65' title="bbox 2301 2646 3839 2719">
     <span class='ocr_line' id='line_1_65' title="bbox 2301 2646 3839 2719; baseline 0 -18"><span class='ocrx_word' id='word_1_452' title='bbox 2301 2646 2562 2711; x_wconf 77' lang='grc' dir='ltr'>ὡσαύτως</span> <span class='ocrx_word' id='word_1_453' title='bbox 2595 2647 2716 2701; x_wconf 85' lang='grc' dir='ltr'>ίδὼν</span> <span class='ocrx_word' id='word_1_454' title='bbox 2736 2647 3202 2719; x_wconf 80' lang='grc' dir='ltr'>μυκτηρίζουσαν,</span> <span class='ocrx_word' id='word_1_455' title='bbox 3222 2647 3397 2718; x_wconf 88' lang='grc' dir='ltr'>θυμοῦ</span> <span class='ocrx_word' id='word_1_456' title='bbox 3431 2647 3839 2719; x_wconf 83' lang='grc' dir='ltr'>μεμεστωμένος,</span> 
     </span>
    </p>
   </div>
   <div class='ocr_carea' id='block_1_66' title="bbox 2299 2738 3841 2811">
    <p class='ocr_par' dir='ltr' id='par_1_66' title="bbox 2299 2738 3841 2811">
     <span class='ocr_line' id='line_1_66' title="bbox 2299 2738 3841 2811; baseline 0.001 -20"><span class='ocrx_word' id='word_1_457' title='bbox 2299 2738 2375 2802; x_wconf 84' lang='grc' dir='ltr'>ὡς</span> <span class='ocrx_word' id='word_1_458' title='bbox 2404 2739 2495 2793; x_wconf 77' lang='grc' dir='ltr'><strong>τοῦ</strong></span> <span class='ocrx_word' id='word_1_459' title='bbox 2524 2738 2727 2792; x_wconf 78' lang='grc' dir='ltr'>σκοποῦ</span> <span class='ocrx_word' id='word_1_460' title='bbox 2747 2739 3086 2811; x_wconf 86' lang='grc' dir='ltr'>διαμαρτὼν,</span> <span class='ocrx_word' id='word_1_461' title='bbox 3117 2739 3253 2811; x_wconf 82' lang='grc' dir='ltr'>πρὸς</span> <span class='ocrx_word' id='word_1_462' title='bbox 3273 2738 3447 2810; x_wconf 77' lang='grc' dir='ltr'>αὐτὴν</span> <span class='ocrx_word' id='word_1_463' title='bbox 3480 2738 3841 2807; x_wconf 77' lang='grc' dir='ltr'>ἁπεφθέτγετο.</span> 
     </span>
    </p>
   </div>
   <div class='ocr_carea' id='block_1_67' title="bbox 2304 2828 3843 2903">
    <p class='ocr_par' dir='ltr' id='par_1_67' title="bbox 2304 2828 3843 2903">
     <span class='ocr_line' id='line_1_67' title="bbox 2304 2828 3843 2903; baseline -0.001 -20"><span class='ocrx_word' id='word_1_464' title='bbox 2304 2832 2369 2884; x_wconf 90' lang='grc' dir='ltr'>Τί</span> <span class='ocrx_word' id='word_1_465' title='bbox 2400 2828 2494 2885; x_wconf 84' lang='grc' dir='ltr'><strong>οῦν</strong></span> <span class='ocrx_word' id='word_1_466' title='bbox 2541 2832 2740 2896; x_wconf 80' lang='grc' dir='ltr'>θέλεις,</span> <span class='ocrx_word' id='word_1_467' title='bbox 2775 2831 3000 2903; x_wconf 82' lang='grc' dir='ltr'>κορίον;</span> <span class='ocrx_word' id='word_1_468' title='bbox 3040 2830 3199 2885; x_wconf 87' lang='grc' dir='ltr'>θύσαι</span> <span class='ocrx_word' id='word_1_469' title='bbox 3219 2833 3333 2896; x_wconf 89' lang='grc' dir='ltr'>τοῖς</span> <span class='ocrx_word' id='word_1_470' title='bbox 3369 2831 3519 2894; x_wconf 82' lang='grc' dir='ltr'>θεοῖς</span> <span class='ocrx_word' id='word_1_471' title='bbox 3546 2868 3562 2895; x_wconf 93' lang='grc'><strong>,</strong></span> <span class='ocrx_word' id='word_1_472' title='bbox 3590 2831 3621 2902; x_wconf 75' lang='grc' dir='ltr'>ἢ</span> <span class='ocrx_word' id='word_1_473' title='bbox 3655 2832 3843 2900; x_wconf 82' lang='grc' dir='ltr'>πικραῖς</span> 
     </span>
    </p>
   </div>
   <div class='ocr_carea' id='block_1_68' title="bbox 2303 2919 3842 2992">
    <p class='ocr_par' dir='ltr' id='par_1_68' title="bbox 2303 2919 3842 2992">
     <span class='ocr_line' id='line_1_68' title="bbox 2303 2919 3842 2992; baseline -0.001 -19"><span class='ocrx_word' id='word_1_474' title='bbox 2303 2920 2599 2990; x_wconf 82' lang='grc' dir='ltr'>τιμωρίαις</span> <span class='ocrx_word' id='word_1_475' title='bbox 2628 2920 3013 2991; x_wconf 83' lang='grc' dir='ltr'>ἀναλωθῆναι;</span> <span class='ocrx_word' id='word_1_476' title='bbox 3041 2921 3184 2992; x_wconf 75' lang='grc' dir='ltr'>Πρὸς</span> <span class='ocrx_word' id='word_1_477' title='bbox 3210 2920 3269 2973; x_wconf 86' lang='grc' dir='ltr'><strong>δν</strong></span> <span class='ocrx_word' id='word_1_478' title='bbox 3292 2923 3325 2992; x_wconf 80' lang='grc' dir='ltr'><strong>ἡ</strong></span> <span class='ocrx_word' id='word_1_479' title='bbox 3363 2919 3599 2991; x_wconf 79' lang='grc' dir='ltr'>μάρτυς,</span> <span class='ocrx_word' id='word_1_480' title='bbox 3627 2919 3842 2973; x_wconf 81' lang='grc' dir='ltr'>εύσταθιῐ</span> 
     </span>
    </p>
   </div>
   <div class='ocr_carea' id='block_1_69' title="bbox 2301 3010 3841 3083">
    <p class='ocr_par' dir='ltr' id='par_1_69' title="bbox 2301 3010 3841 3083">
     <span class='ocr_line' id='line_1_69' title="bbox 2301 3010 3841 3083; baseline -0.001 -19"><span class='ocrx_word' id='word_1_481' title='bbox 2301 3010 2380 3081; x_wconf 84' lang='grc' dir='ltr'>τῷ</span> <span class='ocrx_word' id='word_1_482' title='bbox 2429 3011 2572 3082; x_wconf 72' lang='grc' dir='ltr'>ῆθει,</span> <span class='ocrx_word' id='word_1_483' title='bbox 2625 3012 2720 3065; x_wconf 76' lang='grc' dir='ltr'><strong>καὶ</strong></span> <span class='ocrx_word' id='word_1_484' title='bbox 2755 3011 3302 3083; x_wconf 76' lang='grc' dir='ltr'>πεπαρῤησιασμένῳ</span> <span class='ocrx_word' id='word_1_485' title='bbox 3336 3010 3413 3082; x_wconf 84' lang='grc' dir='ltr'>τῷ</span> <span class='ocrx_word' id='word_1_486' title='bbox 3447 3011 3841 3083; x_wconf 80' lang='grc' dir='ltr'>παραστήματι,</span> 
     </span>
    </p>
   </div>
   <div class='ocr_carea' id='block_1_70' title="bbox 2302 3100 3842 3172">
    <p class='ocr_par' dir='ltr' id='par_1_70' title="bbox 2302 3100 3842 3172">
     <span class='ocr_line' id='line_1_70' title="bbox 2302 3100 3842 3172; baseline -0.001 -20"><span class='ocrx_word' id='word_1_487' title='bbox 2302 3101 2506 3169; x_wconf 80' lang='grc' dir='ltr'>ὀλίγοις</span> <span class='ocrx_word' id='word_1_488' title='bbox 2537 3103 2744 3172; x_wconf 78' lang='grc' dir='ltr'>ῥήμασι</span> <span class='ocrx_word' id='word_1_489' title='bbox 2793 3100 2899 3170; x_wconf 85' lang='grc' dir='ltr'>τήν</span> <span class='ocrx_word' id='word_1_490' title='bbox 2933 3100 2983 3153; x_wconf 81' lang='grc' dir='ltr'>τ’</span> <span class='ocrx_word' id='word_1_491' title='bbox 3035 3100 3237 3170; x_wconf 87' lang='grc' dir='ltr'>εὐσεϐῆ</span> <span class='ocrx_word' id='word_1_492' title='bbox 3286 3100 3475 3153; x_wconf 87' lang='grc' dir='ltr'>πίστιν</span> <span class='ocrx_word' id='word_1_493' title='bbox 3529 3100 3842 3169; x_wconf 74' lang='grc' dir='ltr'>ὡμολόγησεν</span> 
     </span>
    </p>
   </div>
   <div class='ocr_carea' id='block_1_71' title="bbox 2302 3190 3841 3264">
    <p class='ocr_par' dir='ltr' id='par_1_71' title="bbox 2302 3190 3841 3264">
     <span class='ocr_line' id='line_1_71' title="bbox 2302 3190 3841 3264; baseline -0.002 -19"><span class='ocrx_word' id='word_1_494' title='bbox 2302 3192 2645 3263; x_wconf 84' lang='grc' dir='ltr'>διαπρύσιον,</span> <span class='ocrx_word' id='word_1_495' title='bbox 2675 3193 2771 3246; x_wconf 75' lang='lat' dir='ltr'><strong>atati.</strong></span> <span class='ocrx_word' id='word_1_496' title='bbox 2792 3192 2889 3264; x_wconf 79' lang='grc' dir='ltr'>τὴν</span> <span class='ocrx_word' id='word_1_497' title='bbox 2918 3191 3026 3246; x_wconf 85' lang='grc' dir='ltr'><strong>τῶν</strong></span> <span class='ocrx_word' id='word_1_498' title='bbox 3050 3192 3226 3246; x_wconf 83' lang='grc' dir='ltr'>ἀθέων</span> <span class='ocrx_word' id='word_1_499' title='bbox 3247 3191 3531 3263; x_wconf 84' lang='grc' dir='ltr'>τυράννων</span> <span class='ocrx_word' id='word_1_500' title='bbox 3555 3193 3748 3256; x_wconf 84' lang='grc' dir='ltr'>ἄνοιαν,</span> <span class='ocrx_word' id='word_1_501' title='bbox 3768 3190 3841 3243; x_wconf 80' lang='grc' dir='ltr'>καὶ</span> 
     </span>
    </p>
   </div>
   <div class='ocr_carea' id='block_1_72' title="bbox 2305 3284 3842 3356">
    <p class='ocr_par' dir='ltr' id='par_1_72' title="bbox 2305 3284 3842 3356">
     <span class='ocr_line' id='line_1_72' title="bbox 2305 3284 3842 3356; baseline -0.004 -16"><span class='ocrx_word' id='word_1_502' title='bbox 2305 3286 2561 3341; x_wconf 82' lang='grc' dir='ltr'>ἀσέϐειαν</span> <span class='ocrx_word' id='word_1_503' title='bbox 2618 3284 3019 3355; x_wconf 85' lang='grc' dir='ltr'>ἐστηλίτευσεν.</span> <span class='ocrx_word' id='word_1_504' title='bbox 3073 3284 3138 3337; x_wconf 86' lang='grc' dir='ltr'>Τί</span> <span class='ocrx_word' id='word_1_505' title='bbox 3170 3285 3465 3356; x_wconf 83' lang='grc' dir='ltr'>φράσασα;</span> <span class='ocrx_word' id='word_1_506' title='bbox 3499 3284 3645 3354; x_wconf 79' lang='grc' dir='ltr'>ἐγὼ,</span> <span class='ocrx_word' id='word_1_507' title='bbox 3687 3284 3842 3355; x_wconf 75' lang='grc' dir='ltr'>φησὶν,</span> 
     </span>
    </p>
   </div>
   <div class='ocr_carea' id='block_1_73' title="bbox 2302 3373 3840 3448">
    <p class='ocr_par' dir='ltr' id='par_1_73' title="bbox 2302 3373 3840 3448">
     <span class='ocr_line' id='line_1_73' title="bbox 2302 3373 3840 3448; baseline -0.003 -16"><span class='ocrx_word' id='word_1_508' title='bbox 2302 3378 2535 3448; x_wconf 76' lang='grc' dir='ltr'>ἑτοίμως</span> <span class='ocrx_word' id='word_1_509' title='bbox 2564 3377 2672 3447; x_wconf 84' lang='grc' dir='ltr'>ἕχω</span> <span class='ocrx_word' id='word_1_510' title='bbox 2704 3375 2865 3430; x_wconf 86' lang='grc' dir='ltr'>θύσαι</span> <span class='ocrx_word' id='word_1_511' title='bbox 2914 3375 2993 3447; x_wconf 84' lang='grc' dir='ltr'>τῷ</span> <span class='ocrx_word' id='word_1_512' title='bbox 3024 3376 3212 3447; x_wconf 83' lang='grc' dir='ltr'>Κυρίῳ</span> <span class='ocrx_word' id='word_1_513' title='bbox 3248 3393 3351 3447; x_wconf 90' lang='grc' dir='ltr'><strong>μου</strong></span> <span class='ocrx_word' id='word_1_514' title='bbox 3414 3376 3594 3446; x_wconf 81' lang='grc' dir='ltr'>Ἰησοῦ</span> <span class='ocrx_word' id='word_1_515' title='bbox 3638 3373 3840 3446; x_wconf 75' lang='grc' dir='ltr'>Χριστῷ,</span> 
     </span>
    </p>
   </div>
   <div class='ocr_carea' id='block_1_74' title="bbox 2302 3468 3840 3541">
    <p class='ocr_par' dir='ltr' id='par_1_74' title="bbox 2302 3468 3840 3541">
     <span class='ocr_line' id='line_1_74' title="bbox 2302 3468 3840 3541; baseline -0.002 -17"><span class='ocrx_word' id='word_1_516' title='bbox 2302 3469 2381 3541; x_wconf 84' lang='grc' dir='ltr'>τῷ</span> <span class='ocrx_word' id='word_1_517' title='bbox 2409 3471 2697 3541; x_wconf 76' lang='grc' dir='ltr'>ποιήσαντι</span> <span class='ocrx_word' id='word_1_518' title='bbox 2722 3470 2813 3523; x_wconf 83' lang='grc' dir='ltr'><strong>τὸν</strong></span> <span class='ocrx_word' id='word_1_519' title='bbox 2838 3468 3067 3541; x_wconf 76' lang='grc' dir='ltr'>οὐρανὸν</span> <span class='ocrx_word' id='word_1_520' title='bbox 3110 3470 3205 3522; x_wconf 80' lang='grc' dir='ltr'><strong>καὶ</strong></span> <span class='ocrx_word' id='word_1_521' title='bbox 3228 3469 3330 3540; x_wconf 81' lang='grc' dir='ltr'><strong>τὴν</strong></span> <span class='ocrx_word' id='word_1_522' title='bbox 3357 3470 3464 3540; x_wconf 79' lang='grc' dir='ltr'>γῆν</span> <span class='ocrx_word' id='word_1_523' title='bbox 3489 3510 3506 3536; x_wconf 90' lang='grc'><strong>,</strong></span> <span class='ocrx_word' id='word_1_524' title='bbox 3543 3470 3633 3522; x_wconf 68' lang='grc' dir='ltr'><strong>καλ⁵</strong></span> <span class='ocrx_word' id='word_1_525' title='bbox 3654 3469 3743 3539; x_wconf 75' lang='grc' dir='ltr'>τὴν</span> <span class='ocrx_word' id='word_1_526' title='bbox 3764 3468 3840 3522; x_wconf 76' lang='grc' dir='ltr'>θά-</span> 
     </span>
    </p>
   </div>
   <div class='ocr_carea' id='block_1_75' title="bbox 2302 3558 3841 3632">
    <p class='ocr_par' dir='ltr' id='par_1_75' title="bbox 2302 3558 3841 3632">
     <span class='ocr_line' id='line_1_75' title="bbox 2302 3558 3841 3632; baseline 0 -21"><span class='ocrx_word' id='word_1_527' title='bbox 2302 3559 2535 3623; x_wconf 87' lang='grc' dir='ltr'>λασσαν,</span> <span class='ocrx_word' id='word_1_528' title='bbox 2568 3559 2662 3613; x_wconf 69' lang='grc' dir='ltr'><strong>καλ⁸</strong></span> <span class='ocrx_word' id='word_1_529' title='bbox 2691 3559 2870 3612; x_wconf 82' lang='grc' dir='ltr'>πάντα</span> <span class='ocrx_word' id='word_1_530' title='bbox 2904 3558 2971 3611; x_wconf 75' lang='grc' dir='ltr'><strong>τά</strong></span> <span class='ocrx_word' id='word_1_531' title='bbox 2999 3560 3057 3613; x_wconf 85' lang='grc' dir='ltr'><strong>ἐν</strong></span> <span class='ocrx_word' id='word_1_532' title='bbox 3091 3558 3297 3623; x_wconf 84' lang='grc' dir='ltr'>αὐτοῖς.</span> <span class='ocrx_word' id='word_1_533' title='bbox 3330 3559 3475 3624; x_wconf 80' lang='grc' dir='ltr'>Τοὺς</span> <span class='ocrx_word' id='word_1_534' title='bbox 3498 3560 3558 3614; x_wconf 84' lang='grc' dir='ltr'>δὲ</span> <span class='ocrx_word' id='word_1_535' title='bbox 3581 3561 3841 3632; x_wconf 84' lang='grc' dir='ltr'>ὑμετέρους</span> 
     </span>
    </p>
   </div>
   <div class='ocr_carea' id='block_1_76' title="bbox 2305 3651 3842 3724">
    <p class='ocr_par' dir='ltr' id='par_1_76' title="bbox 2305 3651 3842 3724">
     <span class='ocr_line' id='line_1_76' title="bbox 2305 3651 3842 3724; baseline -0.002 -18"><span class='ocrx_word' id='word_1_536' title='bbox 2305 3652 2461 3717; x_wconf 74' lang='grc' dir='ltr'>θεοὺς</span> <span class='ocrx_word' id='word_1_537' title='bbox 2481 3693 2495 3715; x_wconf 87' lang='grc'><strong>,</strong></span> <span class='ocrx_word' id='word_1_538' title='bbox 2528 3651 2707 3716; x_wconf 84' lang='grc' dir='ltr'>καλῶς</span> <span class='ocrx_word' id='word_1_539' title='bbox 2735 3654 2763 3706; x_wconf 91' lang='grc' dir='ltr'><strong>ό</strong></span> <span class='ocrx_word' id='word_1_540' title='bbox 2813 3652 3102 3724; x_wconf 81' lang='grc' dir='ltr'>προφήτης</span> <span class='ocrx_word' id='word_1_541' title='bbox 3141 3652 3626 3723; x_wconf 86' lang='grc' dir='ltr'>κατεκερτόμησεν</span> <span class='ocrx_word' id='word_1_542' title='bbox 3645 3668 3659 3681; x_wconf 78' lang='grc'><strong>⁸</strong></span> <span class='ocrx_word' id='word_1_543' title='bbox 3682 3652 3842 3719; x_wconf 82' lang='grc' dir='ltr'>Στόμσ</span> 
     </span>
    </p>
   </div>
   <div class='ocr_carea' id='block_1_77' title="bbox 2305 3743 3839 3816">
    <p class='ocr_par' dir='ltr' id='par_1_77' title="bbox 2305 3743 3839 3816">
     <span class='ocr_line' id='line_1_77' title="bbox 2305 3743 3839 3816; baseline -0.005 -16"><span class='ocrx_word' id='word_1_544' title='bbox 2305 3746 2518 3816; x_wconf 79' lang='grc' dir='ltr'>ἔχουσι</span> <span class='ocrx_word' id='word_1_545' title='bbox 2540 3785 2553 3809; x_wconf 94' lang='grc'><strong>,</strong></span> <span class='ocrx_word' id='word_1_546' title='bbox 2585 3745 2682 3799; x_wconf 76' lang='grc' dir='ltr'>καὶ</span> <span class='ocrx_word' id='word_1_547' title='bbox 2713 3746 2784 3798; x_wconf 90' lang='grc' dir='ltr'>οὐ</span> <span class='ocrx_word' id='word_1_548' title='bbox 2817 3743 3236 3811; x_wconf 72' lang='grc' dir='ltr'>λαλήσουσιν*</span> <span class='ocrx_word' id='word_1_549' title='bbox 3264 3743 3621 3814; x_wconf 70' lang='grc' dir='ltr'>ὀφθαλμοὺς</span> <span class='ocrx_word' id='word_1_550' title='bbox 3643 3744 3839 3813; x_wconf 75' lang='grc' dir='ltr'>ἔχουσι,</span> 
     </span>
    </p>
   </div>
   <div class='ocr_carea' id='block_1_78' title="bbox 2304 3829 3838 3905">
    <p class='ocr_par' dir='ltr' id='par_1_78' title="bbox 2304 3829 3838 3905">
     <span class='ocr_line' id='line_1_78' title="bbox 2304 3829 3838 3905; baseline -0.003 -14"><span class='ocrx_word' id='word_1_551' title='bbox 2304 3838 2400 3891; x_wconf 74' lang='grc' dir='ltr'><strong>καί</strong></span> <span class='ocrx_word' id='word_1_552' title='bbox 2425 3839 2535 3891; x_wconf 80' lang='grc' dir='ltr'>οὐκ</span> <span class='ocrx_word' id='word_1_553' title='bbox 2568 3837 2821 3905; x_wconf 68' lang='grc' dir='ltr'>ὄψονται</span> <span class='ocrx_word' id='word_1_554' title='bbox 2846 3852 2859 3865; x_wconf 86' lang='grc'><strong>·</strong></span> <span class='ocrx_word' id='word_1_555' title='bbox 2890 3829 3009 3890; x_wconf 85' lang='grc' dir='ltr'>ὦτα</span> <span class='ocrx_word' id='word_1_556' title='bbox 3041 3834 3280 3903; x_wconf 77' lang='grc' dir='ltr'>ἔχουσι,</span> <span class='ocrx_word' id='word_1_557' title='bbox 3304 3836 3405 3889; x_wconf 75' lang='grc' dir='ltr'>καὶ</span> <span class='ocrx_word' id='word_1_558' title='bbox 3443 3838 3559 3890; x_wconf 83' lang='grc' dir='ltr'>οὐκ</span> <span class='ocrx_word' id='word_1_559' title='bbox 3580 3836 3838 3889; x_wconf 76' lang='grc' dir='ltr'>ἀκούσον-</span> 
     </span>
    </p>
   </div>
   <div class='ocr_carea' id='block_1_79' title="bbox 2302 3927 3840 3996">
    <p class='ocr_par' dir='ltr' id='par_1_79' title="bbox 2302 3927 3840 3996">
     <span class='ocr_line' id='line_1_79' title="bbox 2302 3927 3840 3996; baseline -0.003 -15"><span class='ocrx_word' id='word_1_560' title='bbox 2302 3945 2426 3981; x_wconf 85' lang='grc' dir='ltr'>ται·</span> <span class='ocrx_word' id='word_1_561' title='bbox 2463 3943 2641 3996; x_wconf 80' lang='grc' dir='ltr'>ρινας</span> <span class='ocrx_word' id='word_1_562' title='bbox 2683 3927 2937 3996; x_wconf 76' lang='grc' dir='ltr'>ἔχουσι,</span> <span class='ocrx_word' id='word_1_563' title='bbox 2989 3943 3090 3980; x_wconf 85' lang='grc' dir='ltr'><strong>και</strong></span> <span class='ocrx_word' id='word_1_564' title='bbox 3143 3943 3256 3980; x_wconf 85' lang='grc' dir='ltr'><strong>ουκ</strong></span> <span class='ocrx_word' id='word_1_565' title='bbox 3298 3931 3840 3996; x_wconf 60' lang='grc' dir='ltr'>οσφρανθησογταν</span> 
     </span>
    </p>
   </div>
   <div class='ocr_carea' id='block_1_80' title="bbox 2302 4017 3841 4088">
    <p class='ocr_par' dir='ltr' id='par_1_80' title="bbox 2302 4017 3841 4088">
     <span class='ocr_line' id='line_1_80' title="bbox 2302 4017 3841 4088; baseline -0.002 -16"><span class='ocrx_word' id='word_1_566' title='bbox 2302 4018 2507 4088; x_wconf 79' lang='grc' dir='ltr'>χεῖρας</span> <span class='ocrx_word' id='word_1_567' title='bbox 2566 4019 2823 4086; x_wconf 78' lang='grc' dir='ltr'>ἔχουσι’,</span> <span class='ocrx_word' id='word_1_568' title='bbox 2883 4017 2983 4071; x_wconf 74' lang='grc' dir='ltr'>καὶ</span> <span class='ocrx_word' id='word_1_569' title='bbox 3035 4017 3107 4069; x_wconf 86' lang='grc' dir='ltr'>οὐ</span> <span class='ocrx_word' id='word_1_570' title='bbox 3155 4017 3636 4087; x_wconf 65' lang='grc' dir='ltr'>ψηλαφήσουσιε</span> <span class='ocrx_word' id='word_1_571' title='bbox 3686 4018 3841 4081; x_wconf 73' lang='grc' dir='ltr'>πόδας</span> 
     </span>
    </p>
   </div>
   <div class='ocr_carea' id='block_1_81' title="bbox 2298 4110 3842 4181">
    <p class='ocr_par' dir='ltr' id='par_1_81' title="bbox 2298 4110 3842 4181">
     <span class='ocr_line' id='line_1_81' title="bbox 2298 4110 3842 4181; baseline -0.005 -16"><span class='ocrx_word' id='word_1_572' title='bbox 2298 4112 2534 4175; x_wconf 82' lang='grc' dir='ltr'>ἕξουσι,</span> <span class='ocrx_word' id='word_1_573' title='bbox 2566 4112 2664 4165; x_wconf 81' lang='grc' dir='ltr'>καὶ</span> <span class='ocrx_word' id='word_1_574' title='bbox 2687 4112 2759 4164; x_wconf 90' lang='grc' dir='ltr'>οὐ</span> <span class='ocrx_word' id='word_1_575' title='bbox 2790 4110 3343 4179; x_wconf 80' lang='grc' dir='ltr'>περιπατήσουσιν·</span> <span class='ocrx_word' id='word_1_576' title='bbox 3378 4113 3451 4164; x_wconf 90' lang='grc' dir='ltr'>οῠ</span> <span class='ocrx_word' id='word_1_577' title='bbox 3484 4111 3842 4181; x_wconf 71' lang='grc' dir='ltr'>φωνήσουσιγ</span> 
     </span>
    </p>
   </div>
   <div class='ocr_carea' id='block_1_82' title="bbox 2299 4201 3841 4273">
    <p class='ocr_par' dir='ltr' id='par_1_82' title="bbox 2299 4201 3841 4273">
     <span class='ocr_line' id='line_1_82' title="bbox 2299 4201 3841 4273; baseline -0.003 -17"><span class='ocrx_word' id='word_1_578' title='bbox 2299 4203 2369 4256; x_wconf 79' lang='grc' dir='ltr'><strong>ἐν</strong></span> <span class='ocrx_word' id='word_1_579' title='bbox 2406 4202 2486 4267; x_wconf 86' lang='grc' dir='ltr'>τῷ</span> <span class='ocrx_word' id='word_1_580' title='bbox 2514 4201 2768 4271; x_wconf 75' lang='grc' dir='ltr'>λάρυγγι</span> <span class='ocrx_word' id='word_1_581' title='bbox 2793 4201 3010 4256; x_wconf 80' lang='grc' dir='ltr'>αὐτῶν.</span> <span class='ocrx_word' id='word_1_582' title='bbox 3038 4202 3267 4271; x_wconf 82' lang='grc' dir='ltr'>Ὅμοιοι</span> <span class='ocrx_word' id='word_1_583' title='bbox 3287 4203 3495 4268; x_wconf 84' lang='grc' dir='ltr'>αὐτοῖς</span> <span class='ocrx_word' id='word_1_584' title='bbox 3536 4202 3779 4273; x_wconf 72' lang='grc' dir='ltr'>γένοιντο</span> <span class='ocrx_word' id='word_1_585' title='bbox 3800 4201 3841 4251; x_wconf 81' lang='lat' dir='ltr'><strong>cl</strong></span> 
     </span>
    </p>
   </div>
   <div class='ocr_carea' id='block_1_83' title="bbox 625 4277 3841 4365">
    <p class='ocr_par' dir='ltr' id='par_1_83' title="bbox 625 4277 3841 4365">
     <span class='ocr_line' id='line_1_83' title="bbox 625 4277 3841 4365; baseline 0.004 -35"><span class='ocrx_word' id='word_1_586' title='bbox 625 4277 937 4345; x_wconf 79' lang='grc' dir='ltr'>ποιοῦντες</span> <span class='ocrx_word' id='word_1_587' title='bbox 982 4281 1169 4347; x_wconf 83' lang='grc' dir='ltr'>αὐτὰ,</span> <span class='ocrx_word' id='word_1_588' title='bbox 1221 4283 1319 4336; x_wconf 82' lang='grc' dir='ltr'>καὶ</span> <span class='ocrx_word' id='word_1_589' title='bbox 1370 4284 1593 4353; x_wconf 79' lang='grc' dir='ltr'>πάντες</span> <span class='ocrx_word' id='word_1_590' title='bbox 1637 4290 1692 4342; x_wconf 77' lang='grc' dir='ltr'>οἱ</span> <span class='ocrx_word' id='word_1_591' title='bbox 1732 4292 2080 4358; x_wconf 82' lang='grc' dir='ltr'>πεποιθότες</span> <span class='ocrx_word' id='word_1_592' title='bbox 2134 4294 2227 4346; x_wconf 80' lang='grc' dir='ltr'>ἐπ’</span> <span class='ocrx_word' id='word_1_593' title='bbox 2284 4292 2509 4357; x_wconf 82' lang='grc' dir='ltr'>αὐτοῖς.</span> <span class='ocrx_word' id='word_1_594' title='bbox 2547 4293 2758 4363; x_wconf 82' lang='grc' dir='ltr'>Ὠσπερ</span> <span class='ocrx_word' id='word_1_595' title='bbox 2788 4292 2896 4362; x_wconf 77' lang='grc' dir='ltr'><strong>γὰρ</strong></span> <span class='ocrx_word' id='word_1_596' title='bbox 2941 4292 3002 4345; x_wconf 83' lang='grc' dir='ltr'><strong>τὸ</strong></span> <span class='ocrx_word' id='word_1_597' title='bbox 3039 4290 3134 4345; x_wconf 87' lang='grc' dir='ltr'><strong>τοῦ</strong></span> <span class='ocrx_word' id='word_1_598' title='bbox 3193 4291 3331 4346; x_wconf 87' lang='grc' dir='ltr'>Θεοῦ</span> <span class='ocrx_word' id='word_1_599' title='bbox 3363 4292 3663 4365; x_wconf 86' lang='grc' dir='ltr'>σεϐάσμιον</span> <span class='ocrx_word' id='word_1_600' title='bbox 3702 4292 3841 4362; x_wconf 79' lang='grc' dir='ltr'>δνομα</span> 
     </span>
    </p>
   </div>
   <div class='ocr_carea' id='block_1_84' title="bbox 630 4371 3738 4459">
    <p class='ocr_par' dir='ltr' id='par_1_84' title="bbox 630 4371 3738 4459">
     <span class='ocr_line' id='line_1_84' title="bbox 630 4371 3738 4459; baseline 0.003 -25"><span class='ocrx_word' id='word_1_601' title='bbox 630 4371 719 4423; x_wconf 58' lang='grc' dir='ltr'><strong>ἔπ’</strong></span> <span class='ocrx_word' id='word_1_602' title='bbox 752 4371 951 4435; x_wconf 70' lang='grc' dir='ltr'>αὐτοὺς</span> <span class='ocrx_word' id='word_1_603' title='bbox 978 4371 1348 4446; x_wconf 70' lang='grc' dir='ltr'>ψευδωνύμως</span> <span class='ocrx_word' id='word_1_604' title='bbox 1393 4380 1484 4447; x_wconf 72' lang='grc' dir='ltr'>ὑφ’</span> <span class='ocrx_word' id='word_1_605' title='bbox 1518 4380 1670 4451; x_wconf 81' lang='grc' dir='ltr'>ὑμῶν</span> <span class='ocrx_word' id='word_1_606' title='bbox 1699 4384 2066 4450; x_wconf 80' lang='grc' dir='ltr'>ἐπιτέθειται,</span> <span class='ocrx_word' id='word_1_607' title='bbox 2095 4387 2197 4457; x_wconf 85' lang='grc' dir='ltr'><strong>τῆς</strong></span> <span class='ocrx_word' id='word_1_608' title='bbox 2223 4387 2460 4457; x_wconf 80' lang='grc' dir='ltr'>ζωτικῆς</span> <span class='ocrx_word' id='word_1_609' title='bbox 2491 4386 2772 4457; x_wconf 77' lang='grc' dir='ltr'>ἐνεργείας</span> <span class='ocrx_word' id='word_1_610' title='bbox 2829 4385 3121 4457; x_wconf 80' lang='grc' dir='ltr'>ἀμοιροῦσι</span> <span class='ocrx_word' id='word_1_611' title='bbox 3168 4403 3230 4439; x_wconf 85' lang='grc' dir='ltr'><strong>τε</strong></span> <span class='ocrx_word' id='word_1_612' title='bbox 3274 4386 3366 4441; x_wconf 81' lang='grc' dir='ltr'>καὶ</span> <span class='ocrx_word' id='word_1_613' title='bbox 3398 4387 3738 4459; x_wconf 84' lang='grc' dir='ltr'>χηρεύονται.</span> 
     </span>
    </p>
   </div>
   <div class='ocr_carea' id='block_1_85' title="bbox 702 4461 2209 4549">
    <p class='ocr_par' dir='ltr' id='par_1_85' title="bbox 702 4461 2209 4549">
     <span class='ocr_line' id='line_1_85' title="bbox 702 4461 2209 4549; baseline 0.016 -36"><span class='ocrx_word' id='word_1_614' title='bbox 702 4461 789 4515; x_wconf 72' lang='lat' dir='ltr'><strong>‘ll.</strong></span> <span class='ocrx_word' id='word_1_615' title='bbox 833 4463 914 4517; x_wconf 79' lang='lat' dir='ltr'><strong>Ad</strong></span> <span class='ocrx_word' id='word_1_616' title='bbox 948 4465 1081 4530; x_wconf 70' lang='lat' dir='ltr'><strong>hazc,</strong></span> <span class='ocrx_word' id='word_1_617' title='bbox 1112 4468 1529 4527; x_wconf 85' lang='lat' dir='ltr'><strong>scelestissimus</strong></span> <span class='ocrx_word' id='word_1_618' title='bbox 1557 4489 1620 4528; x_wconf 90' lang='lat' dir='ltr'><strong>ac</strong></span> <span class='ocrx_word' id='word_1_619' title='bbox 1650 4478 1979 4534; x_wconf 60' lang='lat' dir='ltr'><strong>sanissimus</strong></span> <span class='ocrx_word' id='word_1_620' title='bbox 2009 4496 2209 4549; x_wconf 62' lang='lat' dir='ltr'><strong>przeses</strong></span> 
     </span>
    </p>
   </div>
   <div class='ocr_carea' id='block_1_86' title="bbox 2389 4473 3841 4552">
    <p class='ocr_par' dir='ltr' id='par_1_86' title="bbox 2389 4473 3841 4552">
     <span class='ocr_line' id='line_1_86' title="bbox 2389 4473 3841 4552; baseline -0.006 -17"><span class='ocrx_word' id='word_1_621' title='bbox 2389 4478 2475 4535; x_wconf 84' lang='grc' dir='ltr'>ια’.</span> <span class='ocrx_word' id='word_1_622' title='bbox 2526 4480 2671 4552; x_wconf 75' lang='grc' dir='ltr'>Πρὸς</span> <span class='ocrx_word' id='word_1_623' title='bbox 2705 4480 2877 4534; x_wconf 80' lang='grc' dir='ltr'>ταῦτα</span> <span class='ocrx_word' id='word_1_624' title='bbox 2919 4481 3291 4550; x_wconf 76' lang='grc' dir='ltr'>καταπλαγεὶς</span> <span class='ocrx_word' id='word_1_625' title='bbox 3323 4483 3352 4534; x_wconf 88' lang='grc' dir='ltr'><strong>ό</strong></span> <span class='ocrx_word' id='word_1_626' title='bbox 3394 4481 3744 4551; x_wconf 85' lang='grc' dir='ltr'>παμμίαρος,</span> <span class='ocrx_word' id='word_1_627' title='bbox 3768 4473 3841 4527; x_wconf 77' lang='grc' dir='ltr'>καὶ</span> 
     </span>
    </p>
   </div>
   <div class='ocr_carea' id='block_1_87' title="bbox 626 4550 2199 4645">
    <p class='ocr_par' dir='ltr' id='par_1_87' title="bbox 626 4550 2199 4640">
     <span class='ocr_line' id='line_1_87' title="bbox 626 4550 2199 4640; baseline 0.013 -33"><span class='ocrx_word' id='word_1_628' title='bbox 626 4550 1063 4621; x_wconf 82' lang='lat' dir='ltr'><strong>obstupefactus,</strong></span> <span class='ocrx_word' id='word_1_629' title='bbox 1095 4559 1355 4614; x_wconf 88' lang='lat' dir='ltr'><strong>stridente</strong></span> <span class='ocrx_word' id='word_1_630' title='bbox 1384 4562 1492 4627; x_wconf 90' lang='lat' dir='ltr'><strong>ira,</strong></span> <span class='ocrx_word' id='word_1_631' title='bbox 1522 4566 1733 4621; x_wconf 65' lang='lat' dir='ltr'><strong>nudatae</strong></span> <span class='ocrx_word' id='word_1_632' title='bbox 1757 4568 1981 4640; x_wconf 74' lang='lat' dir='ltr'><strong>virginis</strong></span> <span class='ocrx_word' id='word_1_633' title='bbox 2008 4588 2199 4629; x_wconf 85' lang='lat' dir='ltr'><strong>carnes</strong></span> 
     </span>
    </p>
   </div>
   <div class='ocr_carea' id='block_1_88' title="bbox 2302 4550 3840 4645">
    <p class='ocr_par' dir='ltr' id='par_1_88' title="bbox 2308 4550 3840 4645">
     <span class='ocr_line' id='line_1_88' title="bbox 2308 4550 3840 4645; baseline -0.005 -19"><span class='ocrx_word' id='word_1_634' title='bbox 2308 4550 2628 4643; x_wconf 86' lang='grc' dir='ltr'>ίταμότατος</span> <span class='ocrx_word' id='word_1_635' title='bbox 2666 4571 2911 4642; x_wconf 80' lang='grc' dir='ltr'>ἡγεμὼν,</span> <span class='ocrx_word' id='word_1_636' title='bbox 2959 4573 3297 4640; x_wconf 80' lang='grc' dir='ltr'>παφλάζοντι</span> <span class='ocrx_word' id='word_1_637' title='bbox 3338 4573 3417 4645; x_wconf 86' lang='grc' dir='ltr'>τῷ</span> <span class='ocrx_word' id='word_1_638' title='bbox 3668 4567 3840 4624; x_wconf 76' lang='grc' dir='ltr'>κελεύει</span> 
     </span>
    </p>
   </div>
   <div class='ocr_carea' id='block_1_89' title="bbox 630 4645 2201 4735">
    <p class='ocr_par' dir='ltr' id='par_1_89' title="bbox 630 4645 2201 4735">
     <span class='ocr_line' id='line_1_89' title="bbox 630 4645 2201 4735; baseline 0.015 -38"><span class='ocrx_word' id='word_1_639' title='bbox 630 4645 812 4698; x_wconf 85' lang='lat' dir='ltr'><strong>nervis</strong></span> <span class='ocrx_word' id='word_1_640' title='bbox 839 4646 1049 4701; x_wconf 92' lang='lat' dir='ltr'><strong>bubulis</strong></span> <span class='ocrx_word' id='word_1_641' title='bbox 1074 4647 1189 4705; x_wconf 92' lang='lat' dir='ltr'><strong>dire</strong></span> <span class='ocrx_word' id='word_1_642' title='bbox 1215 4654 1423 4707; x_wconf 86' lang='lat' dir='ltr'><strong>concidi</strong></span> <span class='ocrx_word' id='word_1_643' title='bbox 1448 4656 1621 4724; x_wconf 85' lang='lat' dir='ltr'><strong>jubet,</strong></span> <span class='ocrx_word' id='word_1_644' title='bbox 1655 4652 1988 4731; x_wconf 79' lang='lat' dir='ltr'><strong>inmotasque</strong></span> <span class='ocrx_word' id='word_1_645' title='bbox 2017 4664 2201 4735; x_wconf 80' lang='lat' dir='ltr'><strong>hlagas</strong></span> 
     </span>
    </p>
   </div>
   <div class='ocr_carea' id='block_1_90' title="bbox 630 4734 2202 4823">
    <p class='ocr_par' dir='ltr' id='par_1_90' title="bbox 630 4734 2202 4823">
     <span class='ocr_line' id='line_1_90' title="bbox 630 4734 2202 4823; baseline 0.015 -34"><span class='ocrx_word' id='word_1_646' title='bbox 630 4734 860 4793; x_wconf 89' lang='lat' dir='ltr'><strong>cilicinis</strong></span> <span class='ocrx_word' id='word_1_647' title='bbox 880 4739 1071 4806; x_wconf 88' lang='lat' dir='ltr'><strong>pannis</strong></span> <span class='ocrx_word' id='word_1_648' title='bbox 1095 4740 1166 4794; x_wconf 87' lang='lat' dir='ltr'><strong>ita</strong></span> <span class='ocrx_word' id='word_1_649' title='bbox 1190 4741 1492 4811; x_wconf 82' lang='lat' dir='ltr'><strong>perfricari,</strong></span> <span class='ocrx_word' id='word_1_650' title='bbox 1519 4758 1577 4802; x_wconf 92' lang='lat' dir='ltr'><strong>ut</strong></span> <span class='ocrx_word' id='word_1_651' title='bbox 1600 4760 1766 4805; x_wconf 90' lang='lat' dir='ltr'><strong>totum</strong></span> <span class='ocrx_word' id='word_1_652' title='bbox 1790 4768 1989 4823; x_wconf 86' lang='lat' dir='ltr'><strong>corpus</strong></span> <span class='ocrx_word' id='word_1_653' title='bbox 2012 4734 2202 4814; x_wconf 83' lang='lat' dir='ltr'><strong>cruore</strong></span> 
     </span>
    </p>
   </div>
   <div class='ocr_carea' id='block_1_91' title="bbox 633 4827 2203 4916">
    <p class='ocr_par' dir='ltr' id='par_1_91' title="bbox 633 4827 2203 4916">
     <span class='ocr_line' id='line_1_91' title="bbox 633 4827 2203 4916; baseline 0.016 -38"><span class='ocrx_word' id='word_1_654' title='bbox 633 4827 950 4895; x_wconf 77' lang='lat' dir='ltr'><strong>tingeretur.</strong></span> <span class='ocrx_word' id='word_1_655' title='bbox 972 4827 1148 4900; x_wconf 64' lang='lat' dir='ltr'><strong>Papae,</strong></span> <span class='ocrx_word' id='word_1_656' title='bbox 1170 4836 1531 4891; x_wconf 88' lang='lat' dir='ltr'><strong>venerandam</strong></span> <span class='ocrx_word' id='word_1_657' title='bbox 1553 4854 1869 4911; x_wconf 88' lang='lat' dir='ltr'><strong>sacramque</strong></span> <span class='ocrx_word' id='word_1_658' title='bbox 1887 4844 2049 4916; x_wconf 77' lang='lat'><strong>902</strong></span> <span class='ocrx_word' id='word_1_659' title='bbox 2071 4862 2203 4902; x_wconf 83' lang='lat' dir='ltr'><strong>con-</strong></span> 
     </span>
    </p>
   </div>
   <div class='ocr_carea' id='block_1_92' title="bbox 630 4916 2203 5010">
    <p class='ocr_par' dir='ltr' id='par_1_92' title="bbox 630 4916 2203 5010">
     <span class='ocr_line' id='line_1_92' title="bbox 630 4916 2203 5010; baseline 0.014 -38"><span class='ocrx_word' id='word_1_660' title='bbox 630 4916 920 4975; x_wconf 80' lang='lat' dir='ltr'><strong>fessionem</strong></span> <span class='ocrx_word' id='word_1_661' title='bbox 968 4931 1141 4986; x_wconf 90' lang='lat' dir='ltr'><strong>tuam,</strong></span> <span class='ocrx_word' id='word_1_662' title='bbox 1188 4925 1444 4993; x_wconf 67' lang='lat' dir='ltr'><strong>praeclara</strong></span> <span class='ocrx_word' id='word_1_663' title='bbox 1490 4930 1711 4997; x_wconf 77' lang='lat' dir='ltr'><strong>victrix,</strong></span> <span class='ocrx_word' id='word_1_664' title='bbox 1756 4933 1955 4990; x_wconf 84' lang='lat' dir='ltr'><strong>Christi</strong></span> <span class='ocrx_word' id='word_1_665' title='bbox 2000 4946 2203 5010; x_wconf 84' lang='lat' dir='ltr'><strong>martyr</strong></span> 
     </span>
    </p>
   </div>
   <div class='ocr_carea' id='block_1_93' title="bbox 628 5011 2198 5091">
    <p class='ocr_par' dir='ltr' id='par_1_93' title="bbox 628 5011 2198 5091">
     <span class='ocr_line' id='line_1_93' title="bbox 628 5011 2198 5091; baseline 0.011 -24"><span class='ocrx_word' id='word_1_666' title='bbox 628 5011 890 5080; x_wconf 85' lang='lat' dir='ltr'><strong>Barbara,</strong></span> <span class='ocrx_word' id='word_1_667' title='bbox 920 5030 1078 5084; x_wconf 88' lang='lat' dir='ltr'><strong>quam</strong></span> <span class='ocrx_word' id='word_1_668' title='bbox 1111 5017 1314 5087; x_wconf 91' lang='lat' dir='ltr'><strong>Spiritu</strong></span> <span class='ocrx_word' id='word_1_669' title='bbox 1345 5031 1535 5077; x_wconf 88' lang='lat' dir='ltr'><strong>sancto</strong></span> <span class='ocrx_word' id='word_1_670' title='bbox 1563 5037 1804 5091; x_wconf 87' lang='lat' dir='ltr'><strong>auctore,</strong></span> <span class='ocrx_word' id='word_1_671' title='bbox 1833 5028 1932 5083; x_wconf 92' lang='lat' dir='ltr'><strong>sub</strong></span> <span class='ocrx_word' id='word_1_672' title='bbox 1958 5030 2198 5085; x_wconf 90' lang='lat' dir='ltr'><strong>omnimn</strong></span> 
     </span>
    </p>
   </div>
   <div class='ocr_carea' id='block_1_94' title="bbox 630 5106 2199 5184">
    <p class='ocr_par' dir='ltr' id='par_1_94' title="bbox 630 5106 2199 5184">
     <span class='ocr_line' id='line_1_94' title="bbox 630 5106 2199 5184; baseline 0.014 -28"><span class='ocrx_word' id='word_1_673' title='bbox 630 5115 920 5173; x_wconf 87' lang='lat' dir='ltr'><strong>conspectu</strong></span> <span class='ocrx_word' id='word_1_674' title='bbox 950 5106 1217 5177; x_wconf 87' lang='lat' dir='ltr'><strong>intrepide</strong></span> <span class='ocrx_word' id='word_1_675' title='bbox 1244 5120 1299 5166; x_wconf 91' lang='lat' dir='ltr'><strong>et</strong></span> <span class='ocrx_word' id='word_1_676' title='bbox 1328 5127 1521 5168; x_wconf 89' lang='lat' dir='ltr'><strong>secure</strong></span> <span class='ocrx_word' id='word_1_677' title='bbox 1550 5116 1791 5184; x_wconf 81' lang='lat' dir='ltr'><strong>professa</strong></span> <span class='ocrx_word' id='word_1_678' title='bbox 1821 5133 1900 5183; x_wconf 83' lang='lat' dir='ltr'><strong>es,</strong></span> <span class='ocrx_word' id='word_1_679' title='bbox 1932 5122 2199 5177; x_wconf 87' lang='lat' dir='ltr'><strong>divinam-</strong></span> 
     </span>
    </p>
   </div>
   <div class='ocr_carea' id='block_1_95' title="bbox 627 5192 2201 5284">
    <p class='ocr_par' dir='ltr' id='par_1_95' title="bbox 627 5192 2201 5284">
     <span class='ocr_line' id='line_1_95' title="bbox 627 5192 2201 5284; baseline 0.018 -43"><span class='ocrx_word' id='word_1_680' title='bbox 627 5206 735 5259; x_wconf 86' lang='lat' dir='ltr'><strong>que</strong></span> <span class='ocrx_word' id='word_1_681' title='bbox 764 5192 1013 5248; x_wconf 76' lang='lat' dir='ltr'><strong>naturam</strong></span> <span class='ocrx_word' id='word_1_682' title='bbox 1046 5197 1332 5255; x_wconf 81' lang='lat' dir='ltr'><strong>deelarasti</strong></span> <span class='ocrx_word' id='word_1_683' title='bbox 1364 5201 1417 5256; x_wconf 91' lang='lat' dir='ltr'><strong>iu</strong></span> <span class='ocrx_word' id='word_1_684' title='bbox 1448 5206 1716 5260; x_wconf 89' lang='lat' dir='ltr'><strong>audientia</strong></span> <span class='ocrx_word' id='word_1_685' title='bbox 1748 5209 2049 5277; x_wconf 89' lang='lat' dir='ltr'><strong>hominum;</strong></span> <span class='ocrx_word' id='word_1_686' title='bbox 2080 5229 2201 5284; x_wconf 88' lang='lat' dir='ltr'><strong>spe-</strong></span> 
     </span>
    </p>
   </div>
   <div class='ocr_carea' id='block_1_96' title="bbox 629 5282 2201 5367">
    <p class='ocr_par' dir='ltr' id='par_1_96' title="bbox 629 5282 2201 5367">
     <span class='ocr_line' id='line_1_96' title="bbox 629 5282 2201 5367; baseline 0.017 -35"><span class='ocrx_word' id='word_1_687' title='bbox 629 5282 898 5337; x_wconf 89' lang='lat' dir='ltr'><strong>ctantibus</strong></span> <span class='ocrx_word' id='word_1_688' title='bbox 928 5288 1143 5354; x_wconf 87' lang='lat' dir='ltr'><strong>quidem</strong></span> <span class='ocrx_word' id='word_1_689' title='bbox 1179 5301 1453 5348; x_wconf 88' lang='lat' dir='ltr'><strong>certamen</strong></span> <span class='ocrx_word' id='word_1_690' title='bbox 1486 5304 1634 5350; x_wconf 89' lang='lat' dir='ltr'><strong>tuum</strong></span> <span class='ocrx_word' id='word_1_691' title='bbox 1669 5300 1903 5367; x_wconf 75' lang='lat' dir='ltr'><strong>angelis,</strong></span> <span class='ocrx_word' id='word_1_692' title='bbox 1940 5282 2201 5358; x_wconf 78' lang='lat' dir='ltr'><strong>dannoni-</strong></span> 
     </span>
    </p>
   </div>
   <div class='ocr_carea' id='block_1_97' title="bbox 628 5373 2196 5451">
    <p class='ocr_par' dir='ltr' id='par_1_97' title="bbox 628 5373 2196 5451">
     <span class='ocr_line' id='line_1_97' title="bbox 628 5373 2196 5451; baseline 0.017 -26"><span class='ocrx_word' id='word_1_693' title='bbox 628 5373 730 5425; x_wconf 89' lang='lat' dir='ltr'><strong>bus</strong></span> <span class='ocrx_word' id='word_1_694' title='bbox 763 5386 891 5427; x_wconf 84' lang='lat' dir='ltr'><strong>vero</strong></span> <span class='ocrx_word' id='word_1_695' title='bbox 924 5377 1176 5435; x_wconf 79' lang='lat' dir='ltr'><strong>invisibili</strong></span> <span class='ocrx_word' id='word_1_696' title='bbox 1212 5399 1383 5439; x_wconf 91' lang='lat' dir='ltr'><strong>cuneo</strong></span> <span class='ocrx_word' id='word_1_697' title='bbox 1416 5402 1536 5441; x_wconf 93' lang='lat' dir='ltr'><strong>cum</strong></span> <span class='ocrx_word' id='word_1_698' title='bbox 1571 5389 1765 5445; x_wconf 81' lang='lat' dir='ltr'><strong>visibili</strong></span> <span class='ocrx_word' id='word_1_699' title='bbox 1800 5394 2196 5451; x_wconf 88' lang='lat' dir='ltr'><strong>adversantium</strong></span> 
     </span>
    </p>
   </div>
   <div class='ocr_carea' id='block_1_98' title="bbox 629 5459 2197 5549">
    <p class='ocr_par' dir='ltr' id='par_1_98' title="bbox 629 5459 2197 5549">
     <span class='ocr_line' id='line_1_98' title="bbox 629 5459 2197 5549; baseline 0.015 -34"><span class='ocrx_word' id='word_1_700' title='bbox 629 5459 853 5517; x_wconf 87' lang='lat' dir='ltr'><strong>cohorte</strong></span> <span class='ocrx_word' id='word_1_701' title='bbox 885 5475 1069 5520; x_wconf 77' lang='lat' dir='ltr'><strong>contra</strong></span> <span class='ocrx_word' id='word_1_702' title='bbox 1107 5479 1157 5523; x_wconf 91' lang='lat' dir='ltr'><strong>te</strong></span> <span class='ocrx_word' id='word_1_703' title='bbox 1194 5474 1562 5539; x_wconf 67' lang='lat' dir='ltr'><strong>prmliautibus</strong></span> <span class='ocrx_word' id='word_1_704' title='bbox 1599 5496 1611 5533; x_wconf 94' lang='lat'>:</span> <span class='ocrx_word' id='word_1_705' title='bbox 1651 5495 1811 5549; x_wconf 91' lang='lat' dir='ltr'><strong>quam</strong></span> <span class='ocrx_word' id='word_1_706' title='bbox 1851 5480 2106 5538; x_wconf 89' lang='lat' dir='ltr'><strong>Dominus</strong></span> <span class='ocrx_word' id='word_1_707' title='bbox 2144 5484 2197 5539; x_wconf 94' lang='lat' dir='ltr'><strong>in</strong></span> 
     </span>
    </p>
   </div>
   <div class='ocr_carea' id='block_1_99' title="bbox 628 5552 2201 5633">
    <p class='ocr_par' dir='ltr' id='par_1_99' title="bbox 628 5552 2201 5633">
     <span class='ocr_line' id='line_1_99' title="bbox 628 5552 2201 5633; baseline 0.013 -26"><span class='ocrx_word' id='word_1_708' title='bbox 628 5552 785 5607; x_wconf 81' lang='lat' dir='ltr'><strong>cteiis</strong></span> <span class='ocrx_word' id='word_1_709' title='bbox 826 5555 1143 5627; x_wconf 84' lang='lat' dir='ltr'><strong>descripsit.</strong></span> <span class='ocrx_word' id='word_1_710' title='bbox 1182 5574 1235 5615; x_wconf 83' lang='lat' dir='ltr'><strong>et</strong></span> <span class='ocrx_word' id='word_1_711' title='bbox 1279 5580 1461 5620; x_wconf 89' lang='lat' dir='ltr'><strong>coram</strong></span> <span class='ocrx_word' id='word_1_712' title='bbox 1504 5564 1696 5633; x_wconf 89' lang='lat' dir='ltr'><strong>Patre,</strong></span> <span class='ocrx_word' id='word_1_713' title='bbox 1739 5570 1921 5624; x_wconf 89' lang='lat' dir='ltr'><strong>divino</strong></span> <span class='ocrx_word' id='word_1_714' title='bbox 1961 5572 2095 5627; x_wconf 89' lang='lat' dir='ltr'><strong>lueis</strong></span> <span class='ocrx_word' id='word_1_715' title='bbox 2136 5587 2201 5627; x_wconf 88' lang='lat' dir='ltr'><strong>ac</strong></span> 
     </span>
    </p>
   </div>
   <div class='ocr_carea' id='block_1_100' title="bbox 627 5644 2197 5728">
    <p class='ocr_par' dir='ltr' id='par_1_100' title="bbox 627 5644 2197 5728">
     <span class='ocr_line' id='line_1_100' title="bbox 627 5644 2197 5728; baseline 0.013 -32"><span class='ocrx_word' id='word_1_716' title='bbox 627 5652 751 5697; x_wconf 71' lang='lat' dir='ltr'><strong>Vitae</strong></span> <span class='ocrx_word' id='word_1_717' title='bbox 782 5644 945 5711; x_wconf 78' lang='lat' dir='ltr'><strong>fonte,</strong></span> <span class='ocrx_word' id='word_1_718' title='bbox 974 5647 1253 5705; x_wconf 80' lang='lat' dir='ltr'><strong>confessus</strong></span> <span class='ocrx_word' id='word_1_719' title='bbox 1281 5664 1380 5721; x_wconf 87' lang='lat' dir='ltr'><strong>est,</strong></span> <span class='ocrx_word' id='word_1_720' title='bbox 1409 5671 1730 5728; x_wconf 89' lang='lat' dir='ltr'><strong>rursumque</strong></span> <span class='ocrx_word' id='word_1_721' title='bbox 1760 5675 1824 5714; x_wconf 79' lang='lat' dir='ltr'><strong>ex</strong></span> <span class='ocrx_word' id='word_1_722' title='bbox 1857 5662 2038 5717; x_wconf 92' lang='lat' dir='ltr'><strong>animo</strong></span> <span class='ocrx_word' id='word_1_723' title='bbox 2064 5678 2197 5718; x_wconf 90' lang='lat' dir='ltr'><strong>cou-</strong></span> 
     </span>
    </p>
   </div>
   <div class='ocr_carea' id='block_1_101' title="bbox 628 5734 2197 5825">
    <p class='ocr_par' dir='ltr' id='par_1_101' title="bbox 628 5734 2197 5825">
     <span class='ocr_line' id='line_1_101' title="bbox 628 5734 2197 5825; baseline 0.014 -36"><span class='ocrx_word' id='word_1_724' title='bbox 628 5734 865 5791; x_wconf 78' lang='lat' dir='ltr'><strong>litebitur</strong></span> <span class='ocrx_word' id='word_1_725' title='bbox 894 5745 949 5791; x_wconf 88' lang='lat' dir='ltr'><strong>et</strong></span> <span class='ocrx_word' id='word_1_726' title='bbox 989 5741 1331 5809; x_wconf 68' lang='lat' dir='ltr'><strong>praedicabit!</strong></span> <span class='ocrx_word' id='word_1_727' title='bbox 1370 5744 1559 5819; x_wconf 68' lang='lat' dir='ltr'><strong>Papae,</strong></span> <span class='ocrx_word' id='word_1_728' title='bbox 1599 5759 1743 5805; x_wconf 91' lang='lat' dir='ltr'><strong>lnam</strong></span> <span class='ocrx_word' id='word_1_729' title='bbox 1787 5752 1929 5808; x_wconf 87' lang='lat' dir='ltr'><strong>illam</strong></span> <span class='ocrx_word' id='word_1_730' title='bbox 1969 5770 2197 5825; x_wconf 78' lang='lat' dir='ltr'><strong>genero-</strong></span> 
     </span>
    </p>
   </div>
   <div class='ocr_carea' id='block_1_102' title="bbox 695 5886 1254 5961">
    <p class='ocr_par' dir='ltr' id='par_1_102' title="bbox 695 5886 1254 5961">
     <span class='ocr_line' id='line_1_102' title="bbox 695 5886 1254 5961; baseline 0.013 -16"><span class='ocrx_word' id='word_1_731' title='bbox 695 5886 745 5922; x_wconf 75' lang='grc'><strong>⁸⁵</strong></span> <span class='ocrx_word' id='word_1_732' title='bbox 769 5887 913 5947; x_wconf 80' lang='lat' dir='ltr'><strong>Psal.</strong></span> <span class='ocrx_word' id='word_1_733' title='bbox 942 5909 1096 5961; x_wconf 80' lang='lat' dir='ltr'><strong>cxnt,</strong></span> <span class='ocrx_word' id='word_1_734' title='bbox 1136 5897 1254 5953; x_wconf 76' lang='lat'><strong>5—8.</strong></span> 
     </span>
    </p>
   </div>
   <div class='ocr_carea' id='block_1_103' title="bbox 2306 4661 3840 4735">
    <p class='ocr_par' dir='ltr' id='par_1_103' title="bbox 2306 4661 3840 4735">
     <span class='ocr_line' id='line_1_103' title="bbox 2306 4661 3840 4735; baseline 0.005 -21"><span class='ocrx_word' id='word_1_735' title='bbox 2306 4661 2684 4733; x_wconf 84' lang='grc' dir='ltr'>γυμνωθεῖσαν</span> <span class='ocrx_word' id='word_1_736' title='bbox 2726 4663 2825 4735; x_wconf 82' lang='grc' dir='ltr'>τὴν</span> <span class='ocrx_word' id='word_1_737' title='bbox 2874 4662 3162 4735; x_wconf 86' lang='grc' dir='ltr'>μάρτυρα,</span> <span class='ocrx_word' id='word_1_738' title='bbox 3196 4663 3508 4735; x_wconf 83' lang='grc' dir='ltr'>βουνεύροις</span> <span class='ocrx_word' id='word_1_739' title='bbox 3534 4664 3631 4727; x_wconf 86' lang='grc' dir='ltr'><strong>τάς</strong></span> <span class='ocrx_word' id='word_1_740' title='bbox 3666 4663 3840 4730; x_wconf 73' lang='grc' dir='ltr'>σάρκις</span> 
     </span>
    </p>
   </div>
   <div class='ocr_carea' id='block_1_104' title="bbox 2308 4753 3839 4827">
    <p class='ocr_par' dir='ltr' id='par_1_104' title="bbox 2308 4753 3839 4827">
     <span class='ocr_line' id='line_1_104' title="bbox 2308 4753 3839 4827; baseline -0.003 -20"><span class='ocrx_word' id='word_1_741' title='bbox 2308 4754 2478 4823; x_wconf 76' lang='grc' dir='ltr'>αὐτῆς</span> <span class='ocrx_word' id='word_1_742' title='bbox 2510 4754 2738 4821; x_wconf 81' lang='grc' dir='ltr'>ἀφειδῶς</span> <span class='ocrx_word' id='word_1_743' title='bbox 2788 4754 3149 4819; x_wconf 78' lang='grc' dir='ltr'>καταξέεσθαι</span> <span class='ocrx_word' id='word_1_744' title='bbox 3178 4794 3195 4822; x_wconf 92' lang='grc'><strong>,</strong></span> <span class='ocrx_word' id='word_1_745' title='bbox 3234 4756 3330 4810; x_wconf 72' lang='grc' dir='ltr'>καὶ</span> <span class='ocrx_word' id='word_1_746' title='bbox 3368 4756 3631 4827; x_wconf 85' lang='grc' dir='ltr'>τριχίνοις</span> <span class='ocrx_word' id='word_1_747' title='bbox 3679 4753 3839 4825; x_wconf 71' lang='grc' dir='ltr'>ῥάκεσι</span> 
     </span>
    </p>
   </div>
   <div class='ocr_carea' id='block_1_105' title="bbox 2307 4846 3839 4920">
    <p class='ocr_par' dir='ltr' id='par_1_105' title="bbox 2307 4846 3839 4920">
     <span class='ocr_line' id='line_1_105' title="bbox 2307 4846 3839 4920; baseline -0.001 -21"><span class='ocrx_word' id='word_1_748' title='bbox 2307 4846 2403 4899; x_wconf 77' lang='grc' dir='ltr'>καὶ</span> <span class='ocrx_word' id='word_1_749' title='bbox 2442 4846 2729 4916; x_wconf 83' lang='grc' dir='ltr'>ὑφάσμασι</span> <span class='ocrx_word' id='word_1_750' title='bbox 2774 4847 2874 4910; x_wconf 77' lang='grc' dir='ltr'>τὰς</span> <span class='ocrx_word' id='word_1_751' title='bbox 2918 4846 3262 4912; x_wconf 86' lang='grc' dir='ltr'>ἐπιτεθείσας</span> <span class='ocrx_word' id='word_1_752' title='bbox 3312 4848 3452 4920; x_wconf 84' lang='grc' dir='ltr'><strong>αὑτῇ</strong></span> <span class='ocrx_word' id='word_1_753' title='bbox 3499 4848 3701 4919; x_wconf 74' lang='grc' dir='ltr'>πληγάς</span> <span class='ocrx_word' id='word_1_754' title='bbox 3731 4848 3839 4899; x_wconf 82' lang='grc' dir='ltr'>ἀπο-</span> 
     </span>
    </p>
   </div>
   <div class='ocr_carea' id='block_1_106' title="bbox 2316 4936 3839 5010">
    <p class='ocr_par' dir='ltr' id='par_1_106' title="bbox 2316 4936 3839 5010">
     <span class='ocr_line' id='line_1_106' title="bbox 2316 4936 3839 5010; baseline -0.012 -6"><span class='ocrx_word' id='word_1_755' title='bbox 2316 4936 2662 5006; x_wconf 54' lang='lat' dir='ltr'><strong>animum}</strong></span> <span class='ocrx_word' id='word_1_756' title='bbox 2696 4936 2835 4989; x_wconf 80' lang='grc' dir='ltr'>ὥστε</span> <span class='ocrx_word' id='word_1_757' title='bbox 2858 4938 3024 5007; x_wconf 80' lang='grc' dir='ltr'>αὐτῆς</span> <span class='ocrx_word' id='word_1_758' title='bbox 3071 4938 3192 4992; x_wconf 83' lang='grc' dir='ltr'>ὅλον</span> <span class='ocrx_word' id='word_1_759' title='bbox 3227 4938 3289 4992; x_wconf 87' lang='grc' dir='ltr'>τὺ</span> <span class='ocrx_word' id='word_1_760' title='bbox 3320 4938 3479 5010; x_wconf 85' lang='grc' dir='ltr'>σῶμα</span> <span class='ocrx_word' id='word_1_761' title='bbox 3504 4937 3839 5005; x_wconf 73' lang='grc' dir='ltr'>καταϐαφῆναι</span> 
     </span>
    </p>
   </div>
   <div class='ocr_carea' id='block_1_107' title="bbox 2307 5024 3838 5102">
    <p class='ocr_par' dir='ltr' id='par_1_107' title="bbox 2307 5024 3838 5102">
     <span class='ocr_line' id='line_1_107' title="bbox 2307 5024 3838 5102; baseline 0.002 -24"><span class='ocrx_word' id='word_1_762' title='bbox 2307 5030 2421 5090; x_wconf 88' lang='grc' dir='ltr'>τοῖς</span> <span class='ocrx_word' id='word_1_763' title='bbox 2451 5027 2704 5098; x_wconf 82' lang='grc' dir='ltr'>αἴμασιν.</span> <span class='ocrx_word' id='word_1_764' title='bbox 2744 5028 2918 5083; x_wconf 61' lang='grc' dir='ltr'>Βαϐαῖ</span> <span class='ocrx_word' id='word_1_765' title='bbox 2942 5030 3041 5100; x_wconf 85' lang='grc' dir='ltr'><strong>τῆς</strong></span> <span class='ocrx_word' id='word_1_766' title='bbox 3082 5032 3290 5101; x_wconf 85' lang='grc' dir='ltr'>σεπτῆς</span> <span class='ocrx_word' id='word_1_767' title='bbox 3319 5071 3335 5096; x_wconf 92' lang='grc'><strong>,</strong></span> <span class='ocrx_word' id='word_1_768' title='bbox 3366 5033 3463 5085; x_wconf 67' lang='grc' dir='ltr'><strong>καλ⁸</strong></span> <span class='ocrx_word' id='word_1_769' title='bbox 3495 5032 3642 5102; x_wconf 70' lang='grc' dir='ltr'>ἱερᾶς</span> <span class='ocrx_word' id='word_1_770' title='bbox 3670 5047 3777 5092; x_wconf 86' lang='grc' dir='ltr'>σου,</span> <span class='ocrx_word' id='word_1_771' title='bbox 3804 5024 3838 5077; x_wconf 78' lang='grc' dir='ltr'>ὦ</span> 
     </span>
    </p>
   </div>
   <div class='ocr_carea' id='block_1_108' title="bbox 2310 5120 3836 5196">
    <p class='ocr_par' dir='ltr' id='par_1_108' title="bbox 2310 5120 3836 5196">
     <span class='ocr_line' id='line_1_108' title="bbox 2310 5120 3836 5196; baseline 0.004 -25"><span class='ocrx_word' id='word_1_772' title='bbox 2310 5120 2589 5173; x_wconf 83' lang='grc' dir='ltr'>καλλίνικε</span> <span class='ocrx_word' id='word_1_773' title='bbox 2622 5121 2717 5173; x_wconf 86' lang='grc' dir='ltr'><strong>τοῦ</strong></span> <span class='ocrx_word' id='word_1_774' title='bbox 2746 5122 2984 5192; x_wconf 85' lang='grc' dir='ltr'>Χριστοῦ</span> <span class='ocrx_word' id='word_1_775' title='bbox 3017 5124 3231 5195; x_wconf 81' lang='grc' dir='ltr'>μάρτυς</span> <span class='ocrx_word' id='word_1_776' title='bbox 3268 5123 3530 5196; x_wconf 87' lang='grc' dir='ltr'>Βαρϐάρα</span> <span class='ocrx_word' id='word_1_777' title='bbox 3563 5120 3836 5193; x_wconf 77' lang='grc' dir='ltr'>ὁμολογίας,</span> 
     </span>
    </p>
   </div>
   <div class='ocr_carea' id='block_1_109' title="bbox 2308 5208 3837 5284">
    <p class='ocr_par' dir='ltr' id='par_1_109' title="bbox 2308 5208 3837 5284">
     <span class='ocr_line' id='line_1_109' title="bbox 2308 5208 3837 5284; baseline -0.003 -21"><span class='ocrx_word' id='word_1_778' title='bbox 2308 5211 2376 5282; x_wconf 69' lang='grc' dir='ltr'>ἣν</span> <span class='ocrx_word' id='word_1_779' title='bbox 2404 5210 2493 5264; x_wconf 82' lang='grc' dir='ltr'><strong>διὰ</strong></span> <span class='ocrx_word' id='word_1_780' title='bbox 2520 5211 2836 5284; x_wconf 84' lang='grc' dir='ltr'>Πνεύματος</span> <span class='ocrx_word' id='word_1_781' title='bbox 2874 5214 3029 5278; x_wconf 82' lang='grc' dir='ltr'>ἁγίου</span> <span class='ocrx_word' id='word_1_782' title='bbox 3076 5215 3174 5267; x_wconf 72' lang='grc' dir='ltr'>ἐπὶ</span> <span class='ocrx_word' id='word_1_783' title='bbox 3225 5214 3445 5269; x_wconf 86' lang='grc' dir='ltr'>πάντων</span> <span class='ocrx_word' id='word_1_784' title='bbox 3477 5214 3718 5283; x_wconf 73' lang='grc' dir='ltr'>ἀφόϐως,</span> <span class='ocrx_word' id='word_1_785' title='bbox 3764 5208 3837 5261; x_wconf 69' lang='grc' dir='ltr'><strong>καὶ</strong></span> 
     </span>
    </p>
   </div>
   <div class='ocr_carea' id='block_1_110' title="bbox 2309 5301 3837 5376">
    <p class='ocr_par' dir='ltr' id='par_1_110' title="bbox 2309 5301 3837 5376">
     <span class='ocr_line' id='line_1_110' title="bbox 2309 5301 3837 5376; baseline 0.003 -21"><span class='ocrx_word' id='word_1_786' title='bbox 2309 5302 2696 5366; x_wconf 82' lang='grc' dir='ltr'>ἀνυποστόλως</span> <span class='ocrx_word' id='word_1_787' title='bbox 2751 5304 3151 5376; x_wconf 84' lang='grc' dir='ltr'>ὡμολόγησας,</span> <span class='ocrx_word' id='word_1_788' title='bbox 3217 5308 3311 5360; x_wconf 71' lang='grc' dir='ltr'><strong>καὶ</strong></span> <span class='ocrx_word' id='word_1_789' title='bbox 3387 5306 3727 5374; x_wconf 81' lang='grc' dir='ltr'>ἐθεολόγησας</span> <span class='ocrx_word' id='word_1_790' title='bbox 3775 5301 3837 5359; x_wconf 78' lang='grc' dir='ltr'><strong>εις</strong></span> 
     </span>
    </p>
   </div>
   <div class='ocr_carea' id='block_1_111' title="bbox 2307 5392 3833 5467">
    <p class='ocr_par' dir='ltr' id='par_1_111' title="bbox 2307 5392 3833 5467">
     <span class='ocr_line' id='line_1_111' title="bbox 2307 5392 3833 5467; baseline -0.001 -22"><span class='ocrx_word' id='word_1_791' title='bbox 2307 5394 2540 5462; x_wconf 83' lang='grc' dir='ltr'>ἐπήκοον</span> <span class='ocrx_word' id='word_1_792' title='bbox 2566 5393 2887 5467; x_wconf 84' lang='grc' dir='ltr'>ἀνθρώπων,</span> <span class='ocrx_word' id='word_1_793' title='bbox 2914 5396 3160 5464; x_wconf 83' lang='grc' dir='ltr'>ἀγγέλων</span> <span class='ocrx_word' id='word_1_794' title='bbox 3194 5414 3251 5449; x_wconf 85' lang='grc' dir='ltr'><strong>τε</strong></span> <span class='ocrx_word' id='word_1_795' title='bbox 3278 5397 3387 5449; x_wconf 84' lang='grc' dir='ltr'><strong>τῶν</strong></span> <span class='ocrx_word' id='word_1_796' title='bbox 3420 5397 3519 5465; x_wconf 83' lang='grc' dir='ltr'><strong>τὴν</strong></span> <span class='ocrx_word' id='word_1_797' title='bbox 3538 5396 3631 5466; x_wconf 84' lang='grc' dir='ltr'><strong>σὴν</strong></span> <span class='ocrx_word' id='word_1_798' title='bbox 3650 5392 3833 5456; x_wconf 74' lang='grc' dir='ltr'>ἄθλησιν</span> 
     </span>
    </p>
   </div>
   <div class='ocr_carea' id='block_1_112' title="bbox 2306 5476 3833 5558">
    <p class='ocr_par' dir='ltr' id='par_1_112' title="bbox 2306 5476 3833 5558">
     <span class='ocr_line' id='line_1_112' title="bbox 2306 5476 3833 5558; baseline -0.009 -19"><span class='ocrx_word' id='word_1_799' title='bbox 2306 5483 2627 5555; x_wconf 75' lang='grc' dir='ltr'>ἐφορώντων</span> <span class='ocrx_word' id='word_1_800' title='bbox 2651 5528 2666 5553; x_wconf 97' lang='grc'><strong>,</strong></span> <span class='ocrx_word' id='word_1_801' title='bbox 2703 5486 2797 5539; x_wconf 73' lang='grc' dir='ltr'>καὶ</span> <span class='ocrx_word' id='word_1_802' title='bbox 2834 5486 3106 5557; x_wconf 87' lang='grc' dir='ltr'>δαιμόνων</span> <span class='ocrx_word' id='word_1_803' title='bbox 3149 5486 3260 5540; x_wconf 85' lang='grc' dir='ltr'><strong>τῶν</strong></span> <span class='ocrx_word' id='word_1_804' title='bbox 3293 5486 3541 5558; x_wconf 81' lang='grc' dir='ltr'>ἀοράτως</span> <span class='ocrx_word' id='word_1_805' title='bbox 3586 5480 3714 5554; x_wconf 83' lang='grc' dir='ltr'><strong>μετά</strong></span> <span class='ocrx_word' id='word_1_806' title='bbox 3750 5476 3833 5530; x_wconf 81' lang='grc' dir='ltr'>τῶν</span> 
     </span>
    </p>
   </div>
   <div class='ocr_carea' id='block_1_113' title="bbox 2305 5567 3831 5648">
    <p class='ocr_par' dir='ltr' id='par_1_113' title="bbox 2305 5567 3831 5648">
     <span class='ocr_line' id='line_1_113' title="bbox 2305 5567 3831 5648; baseline -0.002 -20"><span class='ocrx_word' id='word_1_807' title='bbox 2305 5576 2520 5647; x_wconf 85' lang='grc' dir='ltr'>ὁρατῶν</span> <span class='ocrx_word' id='word_1_808' title='bbox 2574 5576 2886 5631; x_wconf 80' lang='grc' dir='ltr'>ἀντιπάλων</span> <span class='ocrx_word' id='word_1_809' title='bbox 2928 5576 3502 5648; x_wconf 81' lang='grc' dir='ltr'>ἀντιστρατευομένων</span> <span class='ocrx_word' id='word_1_810' title='bbox 3551 5590 3663 5627; x_wconf 84' lang='grc' dir='ltr'>σοι’</span> <span class='ocrx_word' id='word_1_811' title='bbox 3693 5570 3749 5642; x_wconf 78' lang='grc' dir='ltr'>ἦν</span> <span class='ocrx_word' id='word_1_812' title='bbox 3787 5567 3831 5617; x_wconf 73' lang='grc' dir='ltr'>ἐν</span> 
     </span>
    </p>
   </div>
   <div class='ocr_carea' id='block_1_114' title="bbox 2305 5658 3824 5739">
    <p class='ocr_par' dir='ltr' id='par_1_114' title="bbox 2305 5658 3824 5739">
     <span class='ocr_line' id='line_1_114' title="bbox 2305 5658 3824 5739; baseline 0 -23"><span class='ocrx_word' id='word_1_813' title='bbox 2305 5665 2557 5735; x_wconf 79' lang='grc' dir='ltr'>οὐρανοῖς</span> <span class='ocrx_word' id='word_1_814' title='bbox 2592 5667 2952 5739; x_wconf 73' lang='grc' dir='ltr'>ἀπεγράψατο</span> <span class='ocrx_word' id='word_1_815' title='bbox 2984 5669 3211 5729; x_wconf 82' lang='grc' dir='ltr'>Κύοιος,</span> <span class='ocrx_word' id='word_1_816' title='bbox 3245 5668 3341 5722; x_wconf 75' lang='grc' dir='ltr'><strong>καὶ</strong></span> <span class='ocrx_word' id='word_1_817' title='bbox 3372 5668 3467 5720; x_wconf 82' lang='grc' dir='ltr'>ἐπὶ</span> <span class='ocrx_word' id='word_1_818' title='bbox 3493 5665 3581 5719; x_wconf 86' lang='grc' dir='ltr'><strong>τοῦ</strong></span> <span class='ocrx_word' id='word_1_819' title='bbox 3610 5663 3728 5718; x_wconf 71' lang='grc' dir='ltr'>δδὲου</span> <span class='ocrx_word' id='word_1_820' title='bbox 3752 5658 3824 5716; x_wconf 76' lang='grc' dir='ltr'><strong>ἄρ’</strong></span> 
     </span>
    </p>
   </div>
   <div class='ocr_carea' id='block_1_115' title="bbox 2304 5747 3823 5833">
    <p class='ocr_par' dir='ltr' id='par_1_115' title="bbox 2304 5747 3823 5833">
     <span class='ocr_line' id='line_1_115' title="bbox 2304 5747 3823 5833; baseline 0.004 -24"><span class='ocrx_word' id='word_1_821' title='bbox 2304 5774 2548 5828; x_wconf 82' lang='grc' dir='ltr'>χεφωτου</span> <span class='ocrx_word' id='word_1_822' title='bbox 2606 5777 2702 5815; x_wconf 84' lang='grc' dir='ltr'><strong>και</strong></span> <span class='ocrx_word' id='word_1_823' title='bbox 2756 5761 3047 5833; x_wconf 67' lang='grc' dir='ltr'>θεαρχικοῦ</span> <span class='ocrx_word' id='word_1_824' title='bbox 3105 5762 3317 5833; x_wconf 70' lang='grc' dir='ltr'>Πατρδς</span> <span class='ocrx_word' id='word_1_825' title='bbox 3372 5759 3705 5832; x_wconf 74' lang='grc' dir='ltr'>ὡμολόγησε,</span> <span class='ocrx_word' id='word_1_826' title='bbox 3756 5747 3823 5802; x_wconf 67' lang='grc' dir='ltr'><strong>καὶ</strong></span> 
     </span>
    </p>
   </div>
  </div>
