4070 6456
233 520 337 583 797

1262 512 1643 575 LAUDATIO
1678 514 1736 575 S.
1778 515 2145 576 BARBARE
2186 519 2412 579 MART.

3379 529 3485 591 798

233 625 397 693 αὖθις
430 625 630 695 σπουδῇ
658 620 978 695 ὁμολογήσει
1012 638 1071 674 τε
1103 623 1199 676 καὶ
1229 622 1596 692 ἀνακηρύξειί
1642 622 1804 676 Βαϐαί

1914 626 2183 680 sissimam
2203 626 2514 697 patientiam
2532 628 2750 699 vimque
2772 626 3055 697 tolerandi,
3072 649 3175 703 qua
3193 634 3486 703 diabolum,

237 736 333 774 σου
373 720 476 790 τῆς
502 713 891 788 γενναιοτάτης
924 714 1202 785 ὑπομονῆς
1239 714 1333 767 καὶ
1376 714 1678 784 καρτερίας
1698 729 1714 746 ·
1741 714 1811 768 δι’

234 813 321 881 ην,
356 811 454 863 τὸν
487 810 587 879 μὲν
617 807 861 862 διάϐολον
888 806 981 860 καὶ
1012 807 1139 868 τοὺς
1168 806 1479 870 ἀποστάτας
1519 806 1685 860 αὐτοῦ
1711 823 1810 860 κα-

232 900 511 969 τέπληξας
549 898 809 969 δαίμονας
834 938 850 964 ,
891 898 1018 961 τούς
1058 897 1247 966 ἀγίους
1273 897 1331 951 δὲ
1359 896 1627 967 ἀγγέλους
1674 900 1810 969 πρὸς

234 994 429 1063 θαῦμα
458 994 551 1045 καὶ
578 991 858 1061 εὐφημίαν
891 990 1149 1059 ἑκίνησας
1168 1005 1184 1021 ’
1214 990 1280 1043 δι’
1321 989 1409 1061 ἢν,
1436 991 1532 1059 τὴν
1568 991 1667 1061 μὲν
1700 992 1809 1046 τῶν

234 1084 473 1138 εἰδώλων
510 1082 719 1151 πλάνην
752 1081 826 1144 ὼς
852 1081 1099 1152 ἀράχνην
1124 1080 1394 1145 διέλυσας,
1429 1082 1525 1152 τὴν
1557 1081 1733 1153 ἀληθῆ
1753 1082 1810 1135 δὲ

236 1175 427 1227 πίστιν
457 1170 763 1244 ὲκράτυνάς
786 1187 846 1223 τε
870 1171 964 1224 καὶ
981 1169 1350 1231 ἑϐεϐαίωσαςί

306 1263 403 1336 ιβ’.
454 1264 748 1335 Ἐωρακὼς
778 1257 871 1316 οὖν
904 1261 967 1315 τὸ
993 1262 1328 1332 ἀμετάθετον
1358 1262 1454 1315 καὶ
1482 1263 1808 1334 καρτερικδν

231 1358 331 1427 τῆς
366 1356 535 1425 ἀγίας
558 1357 587 1409 ό
611 1355 866 1421 δικάζων,
888 1353 1097 1407 κελεύει
1123 1353 1261 1417 τέως
1294 1354 1349 1406 ὲν
1372 1354 1587 1425 φρουρᾷ
1607 1355 1808 1423 ταύτην

233 1448 598 1519 ἐμϐληθῆναι,
630 1447 736 1509 ἕως
765 1446 831 1499 ἂν
854 1445 1122 1516 σκέψηται
1149 1443 1331 1505 ποίαις
1359 1445 1530 1516 αὐτῆς
1557 1443 1808 1513 βασάνοις

234 1534 591 1604 πικροτέραις
630 1532 924 1601 ἐφάψηται.
955 1531 1118 1584 Ἐνδὲ
1149 1533 1215 1602 τῇ
1249 1534 1403 1585 νυκτὶ
1428 1534 1611 1605 ἐκείνῃ
1643 1534 1805 1605 μέσῃ.

233 1625 349 1692 φῶς
383 1624 557 1692 αὐτὴν
593 1623 988 1693 ὑπέρλαμπρον
1028 1622 1458 1694 περιήστραψεν,
1504 1626 1561 1677 ὲν
1595 1618 1745 1695 ᾧπερ
1778 1626 1808 1678 ὁ

230 1716 329 1784 τῆς
365 1714 528 1781 δόξης
553 1713 911 1781 κατεφαίνετο
949 1711 1149 1783 Κύριος
1167 1754 1182 1779 ,
1210 1714 1271 1767 τὸ
1297 1714 1603 1767 κατώδυνον
1637 1716 1807 1787 αὐτῆς

232 1808 324 1859 καὶ
360 1806 665 1875 περίλυπον
692 1809 758 1876 τῇ
807 1806 1101 1877 ἐπιφανείᾳ
1142 1807 1670 1878 παραμυθούμενος,
1712 1810 1806 1862 καὶ

229 1898 409 1965 λόγοις
446 1900 867 1968 προτρεπτικοῖς
893 1897 1240 1969 θαρσοποιῶν
1262 1896 1398 1969 πρὸς
1428 1898 1647 1965 ἀγῶνας
1680 1901 1805 1963 τοὺς

1911 716 2323 788 desertoresque
2362 720 2630 776 daemones
2663 722 2780 789 ejus
2820 721 3126 790 perculisti,
3165 740 3229 778 ac
3269 738 3486 783 sanctos

1911 804 2130 873 angelos
2164 808 2228 859 ad
2266 807 2583 861 miraculum
2619 817 2673 861 et
2706 809 3030 877 praeconium
3065 813 3347 880 excitasti,
3380 830 3483 885 qua

1910 896 2317 951 simulacrorum
2353 912 2538 953 errore
2567 914 2766 953 aranea
2798 898 2960 953 veluti
2996 900 3102 957 tela
3132 916 3325 957 everso
3346 943 3360 967 ,
3392 919 3486 958 ve-

1912 1001 2024 1040 ram
2052 985 2211 1041 lidem
2242 989 2574 1043 conﬁrmasti
2604 997 2658 1043 et
2687 988 2995 1045 stabilivisti
3022 990 3036 1043 i

1981 1258 2069 1315 12.
2108 1258 2273 1314 Iudex
2318 1260 2498 1329 itaque
2535 1260 2849 1316 indomitam
2890 1273 3091 1318 sanctre
3127 1264 3483 1321 constantiam

1908 1363 2156 1411 cernens,
2191 1348 2242 1402 in
2277 1363 2549 1403 carcerem
2582 1363 2699 1402 eam
2731 1349 2925 1419 conjici
2960 1351 3210 1418 imperat,
3244 1350 3367 1403 dum
3402 1350 3484 1403 tli-

1908 1440 2172 1505 spexisset
2197 1440 2396 1507 quibus
2424 1438 2568 1493 illam
2596 1442 2877 1495 tormentis
2905 1440 3260 1496 atrocioribus
3287 1456 3482 1512 aggre-

1907 1530 2143 1585 deretur.
2168 1531 2245 1583 Ad
2271 1531 2444 1585 noctis
2462 1546 2591 1586 vero
2614 1532 2847 1585 medium
2873 1532 2961 1586 lux
2982 1546 3100 1588 eam
3125 1533 3482 1589 rircnml‘nlsit

1906 1620 2364 1688 Splendidissima,
2396 1621 2447 1675 in
2483 1636 2588 1691 qua
2623 1636 2680 1677 se
2714 1622 2973 1678 Dominus
3006 1623 3189 1695 glorire
3222 1616 3478 1693 spectan-

1907 1710 2033 1762 dum
2067 1709 2343 1775 praebens,
2377 1711 2656 1779 praesentia
2694 1712 2930 1767 dolorem
2967 1713 3275 1784 mitigabat,
3309 1714 3479 1769 lenie-

1906 1801 2107 1871 batque
2137 1802 2430 1866 tristitiam,
2457 1812 2509 1857 et
2541 1802 2606 1857 ad
2634 1801 2811 1857 futura
2839 1805 3128 1860 certamina
3162 1805 3479 1861 adhortato-

1906 1892 2003 1947 riis
2038 1894 2218 1949 verbis
2258 1895 2551 1949 animabat.
2596 1913 2614 1946 ι
2663 1894 2915 1959 Contide,
2956 1896 3058 1963 ait,
3102 1895 3369 1963 Barbara,
3412 1913 3478 1954 ex

234 1958 528 2061 μέλλοντας
555 1958 627 2041 ’ἰ
664 1958 888 2059 Θάρσει,
917 1958 1114 2056 λέγων,
1147 1958 1426 2061 Βαρϐάρα,
1465 1958 1546 2043 ότι
1576 1958 1802 2061 μεγίστη

1909 1984 2062 2051 cuius
2092 1985 2231 2038 lucta
2264 1986 2554 2040 maximum
2585 1987 2637 2041 in
2665 1987 2801 2042 caelo
2829 1987 3082 2056 gaudium
3114 1989 3185 2042 sit
3216 1988 3478 2056 futurum,

229 2082 370 2153 χαρά
398 2083 461 2133 ὲν
495 2081 709 2151 οὐρανῷ
736 2081 829 2133 καὶ
860 2081 952 2133 ἐπὶ
988 2082 1091 2150 γῆς
1122 2083 1213 2133 ἐπὶ
1247 2085 1313 2153 τῇ
1352 2084 1416 2153 σῇ
1448 2082 1677 2153 ἀθλήσει
1713 2100 1804 2150 γε·

230 2173 477 2243 νήσεται.
510 2173 623 2234 Τάς
666 2171 724 2224 δὲ
768 2171 861 2224 τοῦ
908 2173 1174 2240 τυράννου
1204 2172 1436 2237 ἀπειλὰς
1479 2174 1554 2245 μὴ
1590 2174 1757 2243 φοϐοῦ
1787 2212 1803 2239 ,

234 2265 361 2335 μήτε
386 2263 577 2317 δέδιθι.
609 2262 751 2332 Ἑγώ
779 2263 888 2333 γάρ
913 2266 1029 2333 εἰμι
1065 2264 1202 2334 μετά
1238 2264 1354 2327 σοῦ,
1387 2268 1480 2319 καὶ
1502 2267 1694 2319 πασῶν
1718 2284 1802 2320 σοι

232 2355 335 2406 τῶν
392 2354 809 2425 ἐπιφερομένων
857 2352 1083 2423 πληγῶν
1131 2355 1567 2426 ὲκλυτρώσομαι.
1632 2375 1649 2407 r
1693 2359 1805 2411 Καὶ

231 2444 431 2506 εὐθέως
466 2445 691 2513 ἀφανεῖς
740 2443 797 2495 αἱ
846 2442 1056 2513 πληγαὶ
1082 2444 1191 2496 ἀπὸ
1230 2444 1323 2497 τοῦ
1356 2447 1525 2516 αὐτῆς
1554 2448 1804 2515 ἐγένοντο

235 2535 506 2605 σώματος.
556 2535 665 2588 Καὶ
704 2533 878 2588 ταῦτα
922 2533 1129 2593 εἰπὼν.
1162 2537 1241 2598 είς
1273 2536 1535 2606 οὐρανοὺς
1577 2532 1734 2600 αὖθις
1775 2538 1804 2590 ὁ

233 2625 335 2678 τῶν
388 2626 637 2696 οὐρανῶν
685 2625 1093 2696 ἀναπεφοίτηκε
1144 2625 1367 2697 Κύριος.
1422 2628 1707 2698 Ἐγεγήθει
1747 2627 1804 2681 δὲ

238 2719 507 2789 μεγάλως,
541 2720 636 2771 καὶ
666 2719 884 2790 πλήρης
912 2720 1135 2788 γέγονεν
1158 2719 1444 2790 εὐθυμίας,
1481 2721 1574 2773 καὶ
1602 2722 1799 2792 χαρᾶς,

234 2811 322 2862 καί
361 2809 742 2876 ἀγαλλιάσεως
774 2811 867 2863 ἐπὶ
895 2814 960 2882 τῇ
999 2810 1093 2864 τοῦ
1122 2811 1360 2883 Χριστοῦ
1414 2815 1697 2883 προτροπῇ
1724 2853 1739 2875 ,
1768 2814 1801 2883 ἠ

237 2900 321 2954 τοῦ
350 2902 590 2973 Χριστοῦ
626 2902 825 2973 γνησία
870 2903 1080 2973 μάρτυς
1110 2920 1167 2954 τε
1200 2904 1293 2955 καὶ
1333 2902 1660 2974 θεράπαινα.
1693 2904 1804 2958 Καὶ

234 2993 455 3055 εἰκότως
491 2992 657 3055 ὅντως
682 2992 726 3047 ὣ
756 2995 891 3064 κόρη
949 2994 1239 3063 τρισόλϐιε,
1278 2995 1575 3064 ὲγέγηθαςί
1622 2996 1655 3065 ἡ
1694 2995 1803 3068 γάρ

236 3085 325 3153 τῆς
352 3084 708 3156 χαρμοσύνης
736 3084 1013 3147 ὑπόθεσις,
1042 3085 1177 3155 μόνη
1208 3087 1356 3137 ἐστὶν
1376 3086 1579 3157 ἀληθὴς
1608 3088 1805 3156 εὐφρο-

238 3175 362 3243 σύνη
381 3215 395 3239 ,
427 3174 525 3227 καὶ
554 3173 791 3244 θυμηδία
821 3174 1181 3236 ἀναλλοίωτος
1209 3191 1267 3227 τε
1295 3175 1387 3227 καὶ
1414 3175 1798 3248 ἀναφαίρετος.

1903 2092 1969 2132 ac
2010 2078 2173 2146 super
2210 2086 2429 2132 terram.
2469 2076 2707 2148 Tyranni
2750 2080 2925 2134 minas
2965 2094 3033 2135 ne
3074 2078 3479 2149 forntitlaveris,

1905 2185 2004 2226 nec
2036 2172 2299 2225 timueris.
2323 2170 2523 2227 Tecum
2552 2170 2696 2225 enim
2725 2188 2826 2243 ego
2852 2188 2993 2239 sum,
3026 2184 3181 2244 teque
3210 2176 3279 2230 ab
3309 2174 3485 2230 omni-

1905 2266 2005 2319 bus
2042 2279 2161 2333 qua:
2201 2264 2296 2319 tibi
2339 2263 2638 2317 inferuntur
2692 2262 2863 2335 plagis
2899 2263 3159 2319 liberabo.
3197 2282 3218 2317 ι
3258 2264 3377 2320 Mox
3415 2279 3479 2319 ex

1903 2356 2020 2425 ejus
2055 2368 2282 2424 corpore
2316 2354 2542 2409 vulnera
2578 2365 2911 2409 evanuerunt
2947 2372 2961 2409 :
2999 2355 3188 2424 bistpte
3224 2356 3383 2411 dictis
3423 2357 3477 2409 in

1905 2446 2100 2500 caelum
2136 2460 2322 2499 rursus
2348 2443 2603 2498 Dominus
2628 2446 2889 2499 calorum
2916 2444 3093 2499 rediit.
3118 2444 3276 2514 Atqui
3305 2444 3476 2500 lanata

1904 2535 2195 2603 plurimum
2222 2545 2305 2589 est
2329 2550 2453 2589 vera
2481 2534 2680 2590 Christi
2710 2546 2916 2606 martyr
2939 2545 2992 2588 et
3018 2535 3299 2597 ancillaea
3326 2536 3482 2591 Chri-

1903 2629 1972 2680 sli
2016 2627 2423 2694 cohortatione,
2469 2642 2532 2681 ac
2568 2626 2907 2697 jucunditate
2949 2625 3149 2691 animi,
3194 2626 3388 2695 gaudio
3429 2636 3484 2681 et

1903 2718 2264 2773 exsultatione
2292 2719 2511 2787 repleta.
2536 2717 2613 2773 Ac
2639 2718 2835 2773 merito
2861 2717 3025 2786 plane
3050 2718 3232 2787 gavisa
3259 2733 3339 2781 es,
3365 2717 3485 2772 bea-

1905 2812 2111 2866 tissima
2154 2812 2350 2879 puella.
2386 2810 2579 2865 Gandii
2618 2812 2816 2880 quippe
2852 2810 3017 2875 ratio,
3055 2825 3181 2864 vera
3224 2812 3483 2863 duntaxat

1903 2901 2193 2955 oblectatio
2222 2911 2327 2964 est,
2359 2900 2631 2968 animique
2655 2897 2968 2967 jucunditas
2999 2896 3397 2951 indemutabilis
3428 2906 3485 2951 et

1906 2991 2251 3047 inviolabilis.
2275 2992 2319 3045 0
2344 3005 2466 3045 vere
2494 2992 2677 3044 beatos
2699 2988 2882 3055 oculos
2909 2996 3046 3050 tuos,
3074 2987 3165 3056 qui
3196 2986 3483 3041 Dominum

1904 3083 2087 3153 gloria:
2126 3084 2309 3138 videre
2350 3089 2685 3146 meruerunt,
2732 3081 2784 3133 in
2827 3094 2987 3150 quem
3030 3078 3318 3133 Cberubitn
3359 3092 3485 3132 ecu-

1904 3176 2077 3244 lisque
2100 3175 2237 3245 pleni
2264 3174 2483 3229 ordines
2508 3173 2676 3230 aciem
2710 3171 2871 3241 [igere
2899 3185 3004 3225 non
3033 3169 3266 3224 audent!
3298 3182 3331 3222 ο
3359 3182 3486 3223 vere

241 3265 300 3317 Ὠ
329 3264 617 3334 μακαρίων
676 3281 769 3317 σου
803 3265 880 3328 ὡς
909 3264 1123 3334 ἀληθῶς
1148 3264 1434 3351 ἀμμάτων,
1466 3266 1559 3319 τὸν
1586 3268 1685 3338 τῆς
1718 3268 1803 3322 δό-

1906 3267 2089 3321 beatas
2117 3282 2304 3331 aures,
2329 3281 2449 3335 qua:
2472 3266 2759 3320 verborum
2784 3261 2878 3317 Dei
2904 3264 3095 3317 sonitm
3121 3257 3480 3328 exceperunt!

238 3354 326 3422 ξης
354 3354 561 3423 Κύριον
594 3355 721 3406 ίδείν
757 3351 1098 3423 ἠξιωμένων,
1214 3352 1458 3406 ἀτενίσαι
1494 3355 1555 3408 οὐ
1590 3356 1801 3420 τολμῶ-

1905 3374 1934 3413 ο
1957 3359 2311 3412 admiratione
2334 3358 2548 3425 dignam
2572 3357 2831 3419 animam,
2853 3363 3041 3423 terque
3062 3352 3301 3415 felicem,
3321 3365 3483 3419 quam

240 3462 317 3496 σιν
357 3446 414 3498 ὲν
457 3442 670 3515 οὐρανῷ
707 3444 775 3497 τά
817 3443 1136 3515 Χερουϐὶμ,
1178 3443 1274 3495 καὶ
1320 3443 1389 3496 τά
1438 3445 1801 3515 πολυόμματα

1905 3454 2013 3506 oris
2032 3450 2114 3505 sui
2137 3450 2562 3505 atlltortamentis
2584 3447 2673 3501 ille
2693 3448 2895 3501 solatus
2915 3452 3020 3507 est,
3039 3442 3129 3514 qui
3152 3442 3481 3507 cmlestium,

237 3536 519 3605 τάγματαί
584 3536 647 3587 Ὦ
682 3534 984 3588 πανολϐίων
1017 3533 1173 3587 ὤτων
1195 3575 1209 3599 ,
1240 3534 1351 3587 τῶν
1397 3536 1539 3605 ἠχὴν
1566 3537 1675 3589 τῶν
1704 3537 1799 3590 τοῦ

238 3629 360 3681 Θεοῦ
399 3628 665 3698 ῥημάτων
688 3626 1140 3697 είσδεδεγμένωνί
1172 3625 1218 3679 ῶ
1260 3627 1439 3697 ψυχῆς
1461 3628 1799 3696 ἀξιαγάστου

243 3720 328 3772 καὶ
348 3719 817 3791 τρισευδαίμονος,
850 3718 919 3789 ἢν
958 3721 1296 3791 προτροπαῖς
1328 3720 1531 3772 οἰκείου
1556 3737 1804 3790 παρεμυο

241 3809 435 3880 θήσατο
466 3809 736 3879 στόματος
764 3848 778 3872 ,
808 3811 836 3862 ὁ
857 3808 1127 3879 οὐρανίων
1154 3809 1249 3863 καὶ
1276 3809 1556 3878 ἐπιγείων,
1583 3810 1677 3863 καὶ
1700 3827 1802 3863 κα-

240 3902 530 3973 ταχθονίων
553 3901 854 3967 δεσπόζων,
880 3902 975 3954 καὶ¹
997 3900 1129 3963 Θεὸς
1156 3901 1339 3969 πάσης
1367 3901 1799 3972 παρακλήσεωςί

244 3996 309 4049 Συ
339 3996 432 4049 καὶ
464 3996 522 4047 ἐν
550 3994 715 4064 σαρκὶ
746 3990 901 4056 οὖσα,
952 3992 1046 4045 τὸν
1080 3992 1377 4064 ἀρραϐῶνα
1402 3994 1501 4061 τῆς
1527 3994 1805 4063 βασιλείας

243 4088 338 4139 τῶν
358 4086 629 4158 οὐρανῶν,
655 4087 687 4140 ἠ
717 4085 810 4138 τοῦ
832 4082 1065 4155 Χριστοῦ
1093 4082 1304 4154 νύμφη,
1336 4084 1411 4147 ὡς
1443 4086 1540 4154 τῆς
1568 4085 1693 4155 ὅλης
1711 4103 1804 4139 σου

245 4178 458 4247 προικὸς
500 4177 801 4247 ἐμφάνειαν
825 4175 1057 4239 δέδεξαι.
1101 4175 1203 4227 Διά
1242 4175 1400 4228 τοῦτο
1427 4175 1537 4229 τῶν
1584 4176 1681 4245 μὲν
1709 4178 1806 4230 ἀλ-

244 4270 428 4336 γεινῶν
454 4269 557 4337 τὴν
579 4269 802 4338 πεῖραν,
831 4266 905 4330 ὠς
939 4267 1149 4337 νηπίων
1185 4266 1337 4336 βέλη,
1367 4266 1401 4337 ἢ
1425 4267 1644 4337 ψύλλων
1674 4268 1804 4338 δηγ·

248 4362 368 4429 μους
409 4360 622 4429 ἥγησαι
660 4358 755 4411 καὶ
807 4356 1083 4426 λελόγισαι
1110 4373 1124 4388 ⁸
1167 4356 1246 4426 τῷ
1295 4356 1351 4410 δὲ
1390 4356 1483 4409 τοῦ
1538 4357 1807 4425 ,φανέντος

246 4450 394 4520 ἔρωτι
426 4450 753 4521 θελχθεῖσα,
801 4450 899 4503 κοιλ⁸
944 4449 1043 4519 τὴν
1067 4448 1248 4518 ψυχὴν
1287 4446 1675 4519 περρωθεῖσα,
1714 4449 1808 4513 Τίς

244 4559 327 4608 με.
343 4542 552 4610 ἔλεγες,
578 4542 819 4611 χωρίσει
844 4541 961 4595 ἀπὸ
980 4540 1091 4608 τῆς
1116 4542 1353 4608 ἀγάπης
1375 4540 1482 4593 τοῦ
1509 4540 1807 4609 Χριστοῦ;

1904 3540 2236 3596 terrestrium
2266 3550 2315 3595 et
2347 3539 2681 3594 infernorum
2710 3548 2792 3591 est
2823 3535 3101 3598 Dominus,
3132 3548 3195 3588 ac
3232 3533 3373 3588 Deus
3406 3542 3489 3589 to-

1905 3635 2009 3687 tius
2041 3631 2429 3687 consolationis
2453 3630 2532 3684 "l
2572 3628 2649 3682 Tu
2684 3628 2852 3691 enim,
2888 3640 3009 3680 cum
3046 3623 3219 3679 adhuc
3251 3637 3472 3678 carnem

1902 3736 2163 3794 gestares,
2184 3724 2329 3793 regni
2348 3723 2606 3777 ccelorum
2630 3719 3011 3782 arrhabonem,
3036 3716 3240 3773 Christi
3264 3729 3485 3784 sponsa,

1906 3825 2164 3883 tanquam
2199 3816 2363 3869 totius
2394 3815 2536 3868 dotis
2567 3812 2842 3882 specimen
2876 3810 3156 3879 accepisti.
3187 3807 3343 3864 Unde
3371 3807 3487 3862 illa-

1907 3916 1988 3963 tos
2032 3907 2124 3962 tibi
2170 3907 2458 3970 cruciatus,
2514 3904 2858 3971 parvulorum
2921 3900 3080 3955 veluti
3126 3902 3352 3971 sagittas
3394 3906 3489 3954 aut

1905 3994 2138 4065 pulicum
2164 4007 2372 4046 morsus
2393 3991 2785 4061 contempsisti,
2813 3998 2975 4057 atque
3001 3989 3144 4043 illius
3163 4004 3321 4057 quem
3350 4002 3485 4041 con-

1910 4084 2155 4153 Spexisti,
2187 4098 2371 4137 amore
2402 4094 2579 4152 Capta,
2609 4082 2864 4135 etaninto
2888 4082 3141 4134 roborata
3174 4097 3188 4133 :
3219 4079 3348 4143 Quis
3380 4093 3481 4141 me,

1905 4177 2089 4231 aiebas
2108 4214 2121 4238 ,
2155 4174 2417 4241 separabit
2445 4191 2476 4226 a
2504 4172 2765 4226 cltaritate
2791 4170 3033 4227 Christi?
3065 4168 3337 4222 tribulatio
3358 4170 3383 4221 2
3413 4184 3482 4221 an

1908 4266 2193 4333 angustia?
2220 4266 2380 4319 Certa
2417 4265 2552 4317 enim
2597 4278 2743 4325 sum,
2776 4261 2916 4323 quod
2952 4274 3113 4329 neque
3147 4258 3288 4321 rita,
3324 4272 3485 4325 neque

1906 4376 2070 4422 mors,
2103 4373 2263 4427 neque
2297 4355 2532 4425 angelus,
2567 4368 2730 4423 neque
2763 4352 3040 4417 instantia,
3073 4365 3237 4418 neque
3269 4348 3480 4415 futura.

1908 4464 2071 4521 neque
2094 4450 2199 4500 alia
2225 4455 2469 4501 creatura
2517 4442 2705 4513 poterit
2756 4456 2836 4495 me
2874 4455 3119 4508 separare
3161 4455 3193 4491 a
3234 4438 3485 4491 charitats

1908 4539 2109 4594 Christi
2130 4539 2193 4593 ³⁸.

247 4634 483 4702 White;
516 4635 555 4701 ἢ
589 4633 997 4702 στενοχωρία;
1054 4631 1090 4699 ἦ
1117 4632 1330 4699 laude;
1358 4632 1397 4698 ἢ
1434 4631 1733 4700 διωγμός;
1780 4630 1819 4699 ἢ
1877 4631 2205 4701 μάστιγες;
2243 4630 2282 4697 ἢ
2340 4628 2645 4693 κίνδυνοι;
2694 4625 3016 4695 πέπεισμαι
3097 4622 3207 4694 γὰρ
3229 4663 3244 4687 ,
3282 4621 3361 4685 ὡς
3413 4619 3485 4672 οὐ

247 4725 371 4794 ζωὴ,
392 4730 466 4783 οὺ
492 4727 769 4791 θάνατος,
798 4728 910 4780 οὐκ
935 4726 1208 4793 ἅγγελος.
1246 4727 1358 4779 οὐκ
1380 4725 1701 4793 ἐνεστῶτα,
1733 4728 1806 4780 οὐ
1832 4728 2159 4797 μέλλοντα,
2191 4725 2325 4778 οὔτε
2374 4740 2463 4788 τις
2513 4721 2709 4785 κτίσις
2724 4716 2916 4786 ἑτέρα,
2972 4714 3083 4783 τῆς
3102 4714 3205 4767 τοῦ
3229 4710 3485 4780 Χριστοῦ

242 4835 311 4887 με
342 4818 578 4888 ἀγάπης
596 4819 843 4887 χωρίσαι
873 4816 1221 4884 δυνήσεται.

314 4918 398 4981 ιγ’.
433 4912 655 4982 Πρωῒας
685 4906 780 4963 οὖν
802 4909 1103 4978 γενομένης
1128 4946 1144 4972 ,
1172 4907 1311 4978 ἤχθη
1340 4907 1476 4978 πρὸς
1502 4908 1564 4960 τὸ
1591 4908 1743 4979 βῆμα
1768 4910 1802 4980 ή

1983 4902 2069 4955 l5.
2114 4898 2269 4953 Mane
2312 4898 2476 4966 igitur
2522 4897 2685 4957 facto,
2722 4894 2947 4963 jubente
2988 4892 3235 4962 praeside,
3281 4906 3487 4964 martyr

253 5001 469 5073 μάρτυς,
497 4999 593 5053 τοῦ
628 5000 885 5070 ἄρχοντος
913 4997 1072 5050 τοῦτο
1100 4996 1523 5068 προστάξαντος.
1546 4999 1656 5051 Καὶ
1683 4996 1805 5051 ίδὼν

250 5093 405 5160 αὐτῆς
436 5093 566 5154 τοὺς
608 5090 885 5161 μώλωπας
913 5091 1160 5159 ἀφανεῖς,
1188 5087 1282 5141 καὶ
1312 5087 1375 5140 τὸ
1406 5087 1563 5157 σῶμα
1583 5088 1808 5159 ὁλόκλη-

256 5201 333 5255 ρον
364 5186 456 5238 καὶ
485 5184 765 5255 ἀκέραιον,
795 5183 931 5253 μήτε
960 5182 1021 5234 τὸ
1057 5180 1220 5250 τυχὸν
1248 5180 1370 5251 ἕχον
1410 5180 1715 5250 σπάραγμα
1736 5220 1750 5244 ,
1777 5181 1805 5233 ὀ

254 5277 631 5349 φρενοϐλαϐὴς,
664 5277 819 5347 φησὶ,
876 5274 971 5327 καὶ
1002 5274 1392 5344 φρενόληπτος,
1430 5290 1449 5324 ι
1494 5272 1630 5335 Ἰδες
1686 5272 1804 5336 πῶς

252 5370 295 5419 οἱ
320 5369 424 5423 θεοὶ
454 5367 876 5427 ἀντιποιοῦνται,
910 5366 1003 5419 καὶ
1028 5363 1315 5429 ἀγαπῶσίν
1346 5381 1427 5428 σε,
1461 5365 1543 5418 ὅτι
1578 5366 1669 5418 καὶ
1701 5366 1802 5430 τάς

254 5459 451 5528 πληγάς
488 5475 582 5511 σου
624 5457 864 5511 ίάσαντο.
914 5472 934 5506 ι
992 5454 1059 5505 Ἡ
1094 5452 1152 5505 δὲ
1200 5452 1410 5523 μάρτυς
1459 5457 1557 5522 τῆς
1592 5454 1803 5509 ἐκείνου

254 5546 656 5615 καταγελάσασα
679 5541 1101 5614 παραφροσύνης
1132 5541 1226 5594 καὶ
1252 5542 1676 5613 ἐμϐροντησίας,
1712 5546 1807 5598 καὶ

256 5637 619 5708 παραπληξίας
665 5631 1133 5703 ἀνταπεκρίνατο·
1198 5649 1218 5683 ι
1280 5632 1344 5684 Οί
1409 5632 1506 5703 μὲν
1566 5636 1650 5687 σοὶ
1697 5634 1809 5689 θεοὶ

255 5728 410 5797 ὅμοιοί
448 5731 539 5784 σού
578 5731 706 5795 alat,
741 5728 916 5796 κωφοὶ
961 5725 1057 5780 καὶ
1094 5726 1304 5796 τυφλοὶ,
1336 5726 1430 5781 καὶ
1463 5727 1803 5794 ἀναίσθητοι,

320 5909 359 5941 ⁸⁸
392 5912 428 5965 Il
474 5912 594 5967 Cor.
647 5923 681 5973 t,
729 5908 781 5962 ὅ.
856 5907 901 5938 ⁸⁴
956 5903 1113 5958 Rom.
1163 5919 1277 5970 vm,
1316 5904 1402 5969 55,
1433 5907 1499 5959 58

1908 4992 1975 5046 ad
2015 4988 2249 5044 tribunal
2288 4989 2447 5042 ducta
2487 4996 2588 5041 est.
2625 4984 2792 5053 Cujus
2835 4984 2887 5038 iu
2928 4996 3185 5050 corpore,
3227 4996 3347 5035 cum
3388 4998 3486 5037 nec

1906 5083 2187 5153 plagarum
2220 5090 2437 5133 exstare
2464 5076 2712 5142 vestigia,
2740 5074 2834 5128 sed
2864 5074 3133 5141 integrum
3167 5069 3295 5123 illud
3323 5070 3485 5141 903

1905 5181 1958 5227 et
1990 5173 2244 5233 illaesum,
2279 5169 2367 5222 ille
2398 5166 2596 5221 mentis
2630 5165 2817 5233 inops,
2850 5178 2943 5217 seu
2979 5169 3159 5215 mente
3192 5172 3378 5227 captus
3406 5165 3488 5213 vi-

1906 5264 2095 5325 disset,
2126 5280 2144 5312 ι
2174 5260 2369 5323 Vides,
2427 5258 2525 5322 ait,
2559 5255 2828 5325 quomodo
2858 5254 2955 5307 tibi
2987 5253 3060 5307 dii
3090 5266 3245 5319 opem
3276 5252 3483 5317 ferant,

1903 5373 1967 5412 ac
2000 5368 2049 5412 te
2080 5357 2336 5425 diligant;
2366 5354 2566 5423 quippe
2594 5350 2685 5421 qui
2715 5349 2937 5404 vulnera
2972 5357 3060 5402 tua
3092 5345 3424 5401 sanaverint.
3460 5362 3481 5397 ι

1902 5452 1981 5506 Ad
2024 5464 2183 5521 quem
2226 5459 2453 5518 martyr,
2490 5445 2588 5498 viri
2628 5443 2954 5498 dementiam
2998 5439 3332 5506 nitniumque
3370 5447 3487 5491 stu-

1904 5559 2089 5614 porem
2124 5542 2398 5607 deridcus,
2437 5559 2456 5593 ι
2497 5540 2576 5595 Dii
2617 5539 2715 5606 tui,
2749 5537 2942 5607 inquit,
2980 5534 3054 5588 tui
3092 5534 3298 5588 similes
3333 5542 3483 5595 sunt,

1902 5638 2050 5693 surdi
2084 5652 2147 5691 ac
2180 5636 2308 5692 caeci
2343 5653 2358 5688 :
2392 5633 2678 5703 omnisque
2710 5644 2902 5686 sensus
2932 5636 2988 5683 et
3022 5634 3203 5679 motus
3235 5634 3486 5693 expertes

1902 5745 2023 5785 cum
2054 5730 2191 5794 sint,
2222 5729 2324 5785 sibi
2356 5728 2454 5799 ipsi
2483 5723 2734 5783 auxiliari
2766 5737 2872 5778 non
2901 5719 3101 5775 valent.
3132 5716 3364 5784 Quinam
3401 5727 3487 5771 me
