4070 6432
634 459 739 525 799

1760 456 1822 518 s.
1860 456 2180 518 JOANNIS
2218 458 2650 521 DAMASCENI
3763 484 3841 544 δω

636 589 830 629 curare
860 578 1171 642 potuerunt,
1204 581 1322 639 quae
1346 567 1642 623 vanitatem
1676 568 1938 640 ipsorum,
1964 585 2069 641 qua
2102 571 2217 639 ple—

2322 572 2416 626 καὶ
2463 572 2747 645 ἀκίνητοι,
2782 572 2996 638 ἑαυτοῖς
3040 574 3312 647 βοηθῆσαι
3349 578 3407 633 οὑ
3451 582 3743 654 δυνάμενοι,
3772 597 3839 646 καὶ

636 669 757 722 bem
787 664 1080 727 seducunt,
1110 662 1471 731 pessundem?
1513 660 1615 728 Qui
1648 672 1826 716 autem
1859 678 1942 715 me
1972 664 2212 728 curavit,

634 754 792 811 Jesus
827 754 1077 809 Christus
1107 762 1227 816 est,
1266 752 1434 808 Filius
1467 753 1561 808 Dei
1599 753 1741 817 vivi,
1777 767 1937 823 quem
1975 753 2217 821 profanis

634 846 811 902 oculis
847 845 954 898 tuis
985 845 1367 913 obcmcatoque
1401 844 1584 898 animo
1619 858 1845 898 cernere
1876 844 2071 913 dignus
2108 861 2213 900 non

638 954 717 992 es.
754 957 772 990 ι
810 937 904 992 His
932 936 1113 991 verbis
1142 935 1559 990 scelestissimus
1588 937 1749 991 veluti
1783 937 1957 991 bellua
1991 953 2220 992 Succen-

638 1046 730 1083 sns
755 1030 852 1095 ira,
889 1026 1119 1097 virginis
1142 1030 1309 1083 latera
1333 1029 1681 1082 vehementer
1703 1030 1869 1099 scalpi
1889 1030 2060 1097 jubet,
2087 1030 2220 1096 igni-

640 1129 830 1184 tzisnue
851 1121 998 1174 faces
1020 1119 1175 1173 lateri
1198 1119 1494 1186 admoveri,
1518 1128 1571 1173 ct
1596 1120 1789 1174 malleo
1812 1121 2023 1174 incudis
2049 1122 2219 1174 insuar

641 1220 804 1277 Caput
842 1210 1015 1266 tuntli.
1050 1209 1120 1264 At
1158 1210 1246 1265 illa
1284 1210 1506 1265 intentis
1543 1210 1594 1264 in
1634 1210 1831 1265 cazlnm
1876 1210 2162 1265 luminibus
2201 1230 2214 1264 :

644 1318 665 1353 ι
692 1299 770 1354 Tu
798 1300 924 1367 scis,
947 1301 1192 1365 Domine,
1214 1302 1309 1366 ait,
1330 1303 1418 1371 qui
1445 1302 1681 1356 omnium
1705 1302 1867 1356 corda
1892 1302 2051 1363 nosti,
2076 1304 2217 1371 quod

642 1393 719 1447 tui
757 1393 1023 1447 desiderio
1060 1394 1126 1447 ad
1166 1404 1219 1447 te
1256 1394 1612 1458 accesserim,
1648 1409 1714 1448 ne
1752 1409 1837 1448 tne
1876 1395 2218 1463 derelinquas

643 1496 812 1552 usque
847 1482 897 1534 in
940 1483 1121 1536 linem.
1161 1499 1179 1533 ι
1222 1480 1373 1535 Hunc
1404 1496 1533 1551 ergo
1566 1481 1728 1535 etiam
1762 1491 1982 1536 strenua
2016 1482 2215 1537 Christi

642 1580 848 1641 niantyr
886 1581 1108 1624 strenue
1156 1569 1274 1631 tulit
1319 1570 1649 1636 cruciatum;
1694 1586 1817 1624 cum
1874 1587 2065 1640 nempe
2112 1589 2216 1626 non

639 1662 889 1717 muliebri
916 1662 1087 1715 solum
1116 1662 1452 1726 inlirmitate,
1478 1662 1572 1714 sed
1602 1663 1835 1716 humana
1864 1678 2075 1733 quoque
2104 1664 2214 1732 ipsa

639 1765 829 1809 natura
866 1754 1208 1808 excessisset.
1248 1752 1364 1819 Quo
1403 1754 1602 1808 etenim
1646 1763 1799 1824 pacto
1838 1763 1914 1809 tot
1961 1765 2217 1826 tantaque

639 1846 886 1905 verbera,
911 1851 1126 1912 tamque
1148 1852 1360 1898 atroces
1381 1856 1431 1897 et
1458 1859 1611 1898 acres
1636 1858 1825 1913 poenas
1848 1846 2211 1911 sustinuisset,

2322 665 2438 729 πῶς
2472 664 2573 736 ἐμὲ
2595 664 2922 736 θεραπεύειν
2954 666 3240 737 ἠδύναντο,
3274 668 3370 741 τὴν
3393 673 3569 726 αὑτῶν
3604 677 3843 746 ἀφανίζου.

2322 772 2423 808 σαν
2472 753 2751 825 λαοπλανῆ
2786 756 3158 826 ματαιότητα;
3219 759 3277 811 Ὀ
3307 759 3361 812 δὲ
3397 762 3494 829 ἐμὲ
3529 763 3841 835 θεραπεύσας,

2334 845 2541 917 Ἰησοῦς
2572 848 2720 899 ἐστιν
2749 848 2778 899 6
2824 848 3081 920 Χριστὸς,
3117 851 3146 903 6
3186 850 3303 915 υίὸς
3342 851 3435 904 τοῦ
3464 853 3596 908 Θεοῦ
3626 858 3708 910 τοῦ
3738 861 3843 926 ζῶν.

2320 954 2432 1001 τος,
2476 937 2536 990 ὃν
2588 939 2653 991 σὺ
2695 937 2947 1011 βεϐήλοις
2990 941 3311 1013 ὀφθαλμοῖς,
3361 945 3457 997 καὶ
3514 956 3843 1025 πεπωρωμένη

2319 1026 2466 1097 ψυχῇ
2502 1026 2629 1081 ίδεῖν
2667 1029 2728 1081 οὑ
2761 1028 3012 1098 πέφυκας
3040 1030 3210 1095 ἄξιος.
3256 1030 3346 1095 Ὠς
3389 1032 3445 1084 δὲ
3472 1032 3654 1103 θηρίον
3678 1039 3844 1105 τούτοις

2320 1114 2578 1183 ἐξαφθεὶς
2616 1116 2698 1187 τῷ
2741 1117 2899 1190 θυμῷ
2931 1121 3044 1182 τοῖς
3081 1122 3320 1191 ῥήμασιν
3350 1124 3378 1175 6
3407 1124 3729 1197 παμμίαρος,
3775 1148 3844 1185 κε-

2320 1206 2464 1260 λεύει
2489 1207 2588 1271 τὰς
2620 1209 2859 1280 πλευρὰς
2893 1210 3065 1281 αὐτῆς
3102 1213 3336 1276 εὐτόνως
3366 1212 3603 1280 ξὲεσθαι,
3633 1220 3717 1271 καὶ
3738 1219 3845 1290 λαμ-

2322 1298 2493 1361 πάδας
2518 1299 2689 1370 πυρὸς
2722 1303 2845 1364 ταῖς
2870 1302 3105 1373 πληγαῖς
3134 1306 3565 1377 προσφέρεσθαι,
3592 1311 3679 1362 καὶ
3702 1314 3844 1384 σφύρᾳ

2320 1389 2461 1442 κατὰ
2487 1390 2587 1462 τῆς
2615 1390 2861 1460 κεφαλῆς
2889 1393 2965 1456 ὡς
2989 1396 3081 1447 ἐπὶ
3110 1394 3347 1466 ἄκμονος
3383 1397 3692 1454 τύπτεσθαι.
3725 1403 3775 1455 Ἦ
3802 1405 3845 1459 δὲ

2317 1481 2613 1533 ἀτενίσασα
2640 1484 2719 1547 είς
2766 1483 2862 1536 τὸν
2906 1484 3157 1556 οὐρανὸν,
3190 1481 3371 1541 εἶπεν·
3415 1508 3434 1541 ι
3483 1491 3555 1542 Σὺ
3586 1491 3841 1561 γινώσκεξ,

2319 1572 2726 1642 καρδιογνῶστα
2760 1574 2952 1647 Κύριε,
2997 1579 3080 1630 ὅτι
3120 1577 3366 1632 ποθοῦσά
3413 1580 3475 1632 σέ
3515 1599 3596 1634 σοι
3623 1588 3845 1657 προσελή-

2318 1663 2474 1728 λυθα,
2510 1665 2583 1735 μή
2608 1682 2675 1735 με
2701 1666 3103 1739 ὲγκαταλείπῃς
3126 1669 3231 1733 ἕως
3258 1670 3469 1734 τέλους.
3509 1692 3528 1724 ι
3558 1674 3659 1727 Καὶ
3684 1676 3845 1748 ταύτην

2318 1751 2412 1806 οὖν
2455 1755 2555 1825 τὴν
2607 1755 2838 1827 βάσανον
2891 1759 2923 1829 ἡ
2978 1760 3202 1828 γενναία
3250 1760 3345 1815 τοῦ
3398 1764 3632 1833 Χριστοῦ
3678 1768 3846 1836 μάρτυς

2320 1848 2584 1913 γενναίως
2623 1848 2953 1921 ὑπήνεγκεν,
2990 1851 3050 1905 οὑ
3084 1852 3183 1923 τῆς
3220 1852 3463 1925 θηλυκῆς
3496 1854 3755 1922 ἀσθενείας
3776 1862 3846 1914 καὶ

640 1936 743 1990 nisi
777 1935 1096 1989 humilitatis
1121 1951 1318 2003 corpus
1345 1952 1693 2007 supergressa
1725 1948 1902 2003 esset;
1932 1939 2097 1993 divini
2131 1941 2216 2009 ip-

2319 1938 2609 2008 ἀνανδρίας
2639 1940 2819 2009 μόνον,
2863 1941 2999 1997 ἀλλά
3035 1944 3131 1997 καὶ
3168 1945 3269 2016 τῆς
3296 1945 3645 2018 ἀνθρωπίνης
3675 1949 3845 2019 φύσεως

638 2040 752 2079 sam
783 2025 1017 2094 Spiritus
1048 2026 1303 2081 invisibili
1338 2028 1629 2083 robor-ante
1657 2036 1711 2082 et
1739 2033 2101 2085 conlirtnante
2127 2044 2223 2100 po-

642 2117 830 2171 lettlia.

710 2376 798 2432 14.
839 2378 909 2433 At
946 2392 1068 2433 cum
1122 2379 1235 2435 haec
1277 2378 1351 2434 ita
1403 2380 1704 2446 cederent,
1747 2392 1831 2437 sat
1880 2382 2052 2437 visum
2114 2398 2219 2439 sae-

638 2471 801 2525 viisse
829 2469 1025 2525 diaboli
1066 2470 1313 2526 ministro
1356 2480 1412 2526 et
1439 2483 1667 2542 patrono
1694 2513 1710 2530 .
1762 2475 1891 2544 quin
1948 2474 2015 2530 ad
2069 2476 2216 2530 aliud

640 2558 897 2613 tormenti
942 2573 1112 2629 genus
1148 2560 1386 2615 animum
1437 2563 1688 2630 nequitiae
1734 2563 1934 2619 fontem
1989 2580 2219 2620 conver-

641 2651 739 2716 tit,
770 2666 892 2705 cum
932 2650 984 2706 in
1014 2664 1074 2707 se
1116 2650 1440 2707 insidentem
1478 2655 1704 2711 haberet
1737 2656 2029 2711 draconem
2066 2658 2217 2713 illum

640 2743 819 2799 omnis
852 2742 1072 2797 malitiae
1097 2754 1374 2800 auctorem
1398 2784 1415 2811 ,
1446 2757 1729 2817 parentem
1772 2758 1827 2804 et
1857 2750 2217 2817 inventorem,

639 2834 788 2890 illum
816 2835 1140 2891 homicidam
1167 2836 1235 2891 ab
1263 2836 1440 2905 initio,
1470 2841 1801 2910 humanique
1840 2843 2056 2912 generis
2098 2858 2221 2912 per-

639 2944 880 2984 osorem.
953 2929 1121 2985 Jussit
1191 2946 1392 3001 praeses
1454 2949 1583 2990 ense
1651 2938 1915 3003 amputari
1969 2939 2219 3011 martyris

640 3022 829 3076 ubera.
870 3021 1076 3089 Quibus
1107 3026 1341 3080 exsectis
1366 3066 1382 3091 ,
1414 3025 1621 3082 Christi
1672 3028 1884 3083 oricula
1926 3033 1978 3084 in
2023 3031 2217 3085 cmlom

639 3114 934 3185 suscipiens
960 3131 976 3170 :
1014 3115 1098 3170 Ne
1121 3117 1372 3187 projicias
1401 3135 1501 3185 me,
1524 3119 1765 3187 Domine,
1797 3122 1997 3187 aiebat,
2027 3142 2057 3177 a
2081 3123 2221 3192 facie

638 3215 752 3270 tua,
787 3216 834 3260 et
859 3205 1120 3276 Spiritum
1157 3221 1397 3264 sanctum
1426 3228 1490 3267 ne
1514 3213 1727 3282 auferas
1763 3233 1795 3270 a
1829 3233 1909 3271 me
1933 3218 2000 3272 ³⁷.
2042 3219 2219 3289 Atque

640 3298 780 3354 hanc
817 3314 1032 3371 quoque
1081 3302 1293 3374 plagam
1351 3314 1557 3378 martyr
1608 3321 1874 3379 generoso
1942 3318 2105 3381 atque
2165 3313 2217 3366 in

638 3392 931 3461 gratiarum
963 3394 1177 3450 actione
1209 3395 1381 3451 eduso
1428 3398 1611 3455 animo
1652 3402 1879 3471 accepit.
1912 3401 2049 3457 Num
2099 3406 2216 3473 tibi,

639 3486 974 3556 nequissime
998 3487 1231 3553 daemon,
1252 3489 1523 3547 crudelius
1554 3491 1696 3547 aliud
1727 3497 2002 3551 cruciandi
2032 3499 2221 3553 inven-

642 3588 754 3633 tum
796 3580 905 3635 alto
938 3591 1161 3652 pectore
1186 3584 1519 3640 reconditum
1557 3588 1683 3641 est?
1713 3589 1929 3644 aliudue
1979 3600 2219 3647 tormen-

643 3681 820 3726 torum
846 3688 1027 3743 genus
1057 3675 1304 3731 muliebri
1360 3677 1514 3733 sexui
1550 3679 1821 3744 acerbius,
1871 3692 1964 3736 aut
2001 3685 2216 3755 excogi-

642 3774 813 3818 tatmn
841 3806 859 3834 ,
890 3777 978 3822 aut
1012 3768 1254 3823 relictum
1284 3769 1413 3826 est?
1445 3769 1689 3827 Nondqu
1738 3774 2023 3845 fatigatum
2077 3778 2223 3846 inge-

642 3855 791 3908 nium
825 3863 908 3909 est
940 3854 993 3910 in
1026 3856 1357 3924 reperiendis
1385 3859 1453 3914 ad
1475 3861 1801 3917 saeviendum
1841 3864 1892 3918 in
1925 3874 2218 3935 martyrem

641 3945 921 4016 suppliciis
949 3947 973 4002 ?
1004 3946 1175 4013 Adde,
1209 3949 1253 4003 si
1298 3949 1450 4016 libet,
1481 3953 1642 4007 etiam
1692 3955 1795 4009 alia
1824 3972 1837 4009 :
1874 3958 2219 4013 adamantem

642 4035 915 4104 oﬂendes,
946 4038 1185 4107 quinimo
1214 4038 1499 4095 infractam
1535 4043 1699 4097 animi
1747 4045 1885 4112 vim,
1935 4048 2223 4104 adamante

644 4126 760 4194 ipso
786 4124 1104 4192 ﬁrmiorem,
1130 4128 1434 4184 induratam
1463 4129 1734 4197 incudem,
1758 4149 1877 4202 qua:
1905 4136 2218 4192 malleorum

645 4222 856 4267 tuorum
894 4213 1032 4270 ictus
1060 4214 1199 4269 ferat
1231 4234 1245 4271 :
1282 4215 1487 4272 Durum
1511 4229 1586 4274 est
1622 4222 1717 4275 tibi
1741 4234 1923 4278 contra
1947 4227 2221 4281 stimulum

643 4306 922 4360 calcitrare
948 4305 1015 4360 ³⁸.
1058 4306 1329 4374 Quantum
1359 4309 1502 4364 enim
1534 4312 1796 4383 supplicia
1824 4329 2067 4388 aggeras,
2102 4331 2223 4373 tan-

646 4408 756 4450 tum
791 4397 1041 4467 martyri,
1075 4406 1131 4453 et
1157 4399 1474 4457 clarissima:
1500 4404 1912 4463 adolescentulus
1952 4410 2035 4465 vel
2083 4411 2222 4466 invi-

646 4500 730 4539 tos
772 4502 1004 4542 coronas
1049 4491 1290 4555 auxeris,
1344 4493 1701 4564 victricesque
1732 4497 1938 4565 palmas
1965 4500 2099 4555 velis
2126 4517 2223 4557 no-

2323 2028 2427 2092 Εξω
2455 2034 2732 2097 γεγονυῖα.
2765 2033 2888 2098 Πῶς
2921 2034 3032 2106 γὰρ
3074 2034 3141 2090 ἂν
3166 2036 3437 2103 τοσαύτας
3462 2040 3659 2103 αἰκίας,
3679 2042 3758 2096 καὶ
3776 2059 3845 2095 πι-

2323 2120 2481 2191 κράς,
2508 2123 2603 2174 καὶ⁵
2623 2122 2887 2194 ὀδυνηρὲς
2912 2126 3185 2196 τιμωρίας
3204 2128 3599 2200 ἐκαρτέρησεν,
3630 2132 3696 2203 μὴ
3717 2134 3847 2203 ὑπερ-

2323 2211 2463 2264 ϐᾶσα
2493 2213 2554 2266 τὸ
2583 2212 2743 2284 σῶμα
2776 2216 2874 2285 τῆς
2904 2216 3317 2285 ταπεινώσεως,
3350 2223 3419 2291 τῇ
3457 2222 3693 2292 ἀοράτως
3718 2223 3846 2295 αὐτὴν

2322 2302 2610 2374 νευρούσῃ,
2642 2304 2736 2357 καὶ
2765 2306 3089 2380 ἐνισχυούσῃ
3112 2306 3341 2379 δυνάμει
3366 2309 3465 2363 τοῦ
3496 2311 3795 2382 Πνεύματος.

2393 2390 2475 2445 ιδ’.
2509 2392 2649 2445 Ἀλλ’
2685 2394 2807 2447 οὑδὲ
2837 2394 3042 2449 τούτων
3070 2398 3435 2467 γιγνομένων,
3468 2402 3627 2471 κόρον
3658 2401 3746 2471 τῆς
3770 2420 3846 2473 μα-

2321 2484 2438 2550 νίας
2472 2484 2665 2540 ἔλαϐεν
2692 2489 2720 2540 ό
2749 2487 2844 2540 τοῦ
2876 2487 3125 2542 διαϐόλου
3156 2491 3437 2563 ὑπηρέτης
3469 2509 3529 2545 τε
3551 2495 3639 2547 καὶ
3661 2496 3843 2565 συνήγο-

2327 2595 2417 2649 ρος
2436 2594 2449 2608 °
2480 2578 2565 2647 ἐφ’
2589 2579 2775 2649 ἕτερον
2796 2579 2854 2631 δὲ
2888 2578 3326 2651 βασανιστηρίων
3364 2579 3507 2649 εῐδος
3536 2587 3631 2657 τὴν
3658 2587 3743 2654 τῆς
3776 2605 3846 2640 m-

2327 2668 2521 2740 νηρίας
2556 2669 2801 2741 πηγαίαν
2842 2670 3084 2725 διάνοιαν
3134 2671 3419 2743 ἕτρεπτεν,
3474 2674 3616 2731 ἔνδον
3656 2678 3843 2749 ἐγκαθὴ-

2327 2778 2488 2832 μενον
2532 2760 2673 2831 ἔχων
2714 2762 2807 2815 τὸν
2847 2764 2954 2834 τῆς
2999 2763 3181 2834 πάσης
3240 2766 3445 2832 κακίας
3489 2768 3735 2839 ἀρχηγὸν,
3773 2770 3844 2823 καὶ

2320 2857 2642 2926 γεννήτορά,
2690 2857 2783 2909 καί
2836 2855 3118 2928 εὑρήμονα
3169 2857 3465 2931 δράκοντα,
3497 2862 3585 2914 τὸν
3614 2862 3667 2929 ἐξ
3708 2864 3845 2933 ἀρχῆς

2319 2945 2769 3018 ἀνθρωποκτόνον
2807 2950 2901 3001 καὶ
2959 2949 3363 3021 μισάνθρωπον.
3424 2953 3723 3007 Ἐκέλευσεν
3758 2952 3843 3017 οὖν,

2321 3040 2506 3109 φησὶν,
2542 3040 2571 3091 6
2602 3038 2825 3109 ἡγεμὼν
2857 3039 3000 3109 ξίφει
3030 3042 3333 3113 ἐκκοπῆναι
3364 3047 3496 3109 τοὺς
3531 3047 3746 3117 μαστοὺς
3772 3047 3844 3117 τῆς

2323 3132 2623 3201 μάρτυρος.
2678 3132 3129 3203 Ἐκκοπτομένων
3177 3134 3235 3187 δὲ
3290 3138 3521 3204 τούτων,
3570 3139 3715 3210 ήτοῦ
3742 3140 3844 3209 Χρι-

2324 3223 2450 3276 στοῦ
2499 3222 2679 3293 ἀμνὰς
2722 3224 2804 3286 είς
2853 3225 3083 3295 οὐρανὸν
3132 3226 3320 3296 ἔλεγεν
3358 3216 3718 3298 ἀναϐλέψασα.
3768 3230 3842 3297 Μὴ

2320 3312 2664 3382 ἀποῤῥίψῃς
2701 3331 2775 3383 με
2814 3315 2934 3370 ἀπὸ
2977 3317 3306 3384 προσώπου
3355 3334 3509 3383 σου,
3556 3320 3744 3386 Κύριε,
3771 3321 3843 3371 καὶ

2320 3406 2386 3461 τὸ
2408 3405 2654 3477 Πνεῦμά
2680 3422 2799 3462 σου
2833 3408 2899 3461 τὸ
2927 3407 3099 3478 ἅγιον
3118 3410 3204 3479 μὴ
3229 3411 3574 3481 arearum-
3602 3413 3695 3466 ἀπ’
3714 3410 3843 3480 ἐμοῦ.

2320 3498 2431 3553 Καὶ
2472 3498 2679 3570 ταύτην
2707 3495 2801 3553 οὖν
2841 3499 2943 3571 τὴν
2977 3500 3194 3580 πληγὴν
3230 3504 3263 3573 ἡ
3302 3504 3517 3574 μάρτυς
3557 3504 3845 3575 καρτερικῶς

2321 3592 2417 3645 καὶ
2458 3590 2795 3662 εὐχαρίστως
2837 3591 3073 3657 ἐδέξατο.
3121 3588 3271 3665 Ἀρά
3302 3609 3384 3647 σοι
3414 3596 3727 3665 παμπόνηρε
3762 3593 3847 3647 δαί·

2325 3701 2447 3755 μον,
2476 3686 2642 3756 ἑτέρα
2678 3684 2984 3756 μοχθηρίας
3031 3685 3244 3739 ἐπίνοια
3289 3686 3497 3757 ταύτης
3545 3686 3844 3757 χαλεπωτέρα

2321 3776 2381 3829 ὲν
2405 3775 2483 3846 τῷ
2515 3774 2668 3846 βάθει
2695 3776 2799 3846 τῆς
2819 3776 3003 3847 ψυχῆς
3028 3777 3384 3849 τεταμίευται
3407 3796 3421 3843 ;
3455 3776 3570 3850 ἆρά
3600 3795 3676 3831 σοι
3699 3779 3845 3849 ἕτερον

2322 3867 2600 3939 αἰκισμῶν
2645 3864 2784 3933 εἶδος
2832 3870 3223 3942 ὀδυνηρότερον
3273 3875 3339 3943 τῇ
3392 3874 3676 3943 γυναικείᾳ
3725 3870 3845 3940 φύσει

2323 3961 2677 4031 ὑπείληπται,
2712 3962 2746 4032 ἢ
2780 3962 3201 4029 ὑπολέλειπταις
3250 3965 3353 4018 οὑκ
3400 3964 3681 4034 ἀπέκαμεν
3717 3980 3791 4016 σου
3824 3960 3846 4011 ὁ

2321 4052 2446 4117 νοῦς
2467 4053 2537 4106 τά
2566 4052 2707 4106 κατὰ
2737 4054 2834 4122 τῆς
2877 4055 3157 4126 μάρτυρος
3200 4055 3543 4126 ἐξευρίσκων
3576 4052 3846 4126 βασανιστὴ-

2325 4159 2449 4214 ρια;
2478 4142 2745 4214 Πρόσθες,
2766 4144 2815 4195 εί
2848 4143 2997 4196 δοκεῖ
3024 4161 3131 4207 σοι,
3165 4144 3261 4198 καὶ
3282 4144 3474 4213 ἕτεραο
3508 4144 3742 4214 εὑρήσεις
3766 4142 3846 4206 γὰρ

2323 4234 2642 4305 ἀδάμαντα,
2696 4234 2898 4305 μᾶλλον
2953 4235 3011 4289 δὲ
3055 4235 3237 4305 ψυχὴν
3285 4234 3535 4306 ἀρραγῆ,
3584 4232 3674 4286 καὶ
3718 4224 3845 4283 αὑτοῦ

2326 4325 2689 4397 περῤοτέραν
2742 4326 3086 4395 ἀδάμαντος,
3136 4326 3482 4396 ἐπανήλατον
3537 4323 3735 4393 ἄκμονα
3767 4318 3848 4370 τῶν

2324 4416 2435 4469 σῶν
2484 4417 2709 4488 σφυρῶν
2758 4417 3048 4487 ἐπιφέρειν
3087 4418 3161 4471 τὰ
3216 4417 3580 4489 κρούσματα·
3624 4414 3849 4479 Σκληριίν

2323 4524 2423 4563 σοι
2449 4508 2600 4577 πρὸς
2634 4508 2851 4577 κέντρα
2889 4508 3210 4570 λακτίζειν.
3255 4511 3407 4582 Ὀσῳ
3458 4511 3568 4582 γάρ
3608 4506 3850 4577 πληθύνεις

644 4577 710 4631 lis
755 4580 1151 4647 procuraveris.
1194 4580 1316 4637 Tibi
1346 4594 1526 4639 autem
1575 4589 1665 4656 qui
1710 4603 2035 4661 unaquaque
2078 4594 2218 4649 lucta

2324 4599 2421 4663 τάς
2450 4600 2746 4671 τιμωρίας,
2776 4600 3033 4655 τοσοῦτον
3062 4605 3130 4673 τῇ
3166 4602 3265 4672 μὲν
3296 4577 3551 4673 μάρτυριῂ
3570 4602 3658 4656 καὶ
3686 4612 3847 4650 πανευ-

643 4679 695 4722 et
726 4672 1108 4739 congressione
1140 4672 1371 4730 vinceris
1410 4688 1465 4732 et
1515 4680 1684 4743 cadis,
1712 4681 2039 4753 supinusque
2061 4701 2219 4740 ever-

648 4762 797 4827 teris,
825 4762 1103 4833 multiplex
1137 4767 1231 4821 tibi
1275 4768 1533 4836 probrum
1564 4773 1837 4839 accersis;
1878 4774 2059 4844 plures
2092 4793 2220 4835 vero

643 4864 698 4908 et
761 4853 1097 4911 immortales
1154 4871 1386 4928 pinnas,
1449 4859 1696 4932 ignisque
1747 4865 2013 4922 carbones
2071 4869 2223 4925 inex-

642 4944 974 5015 stinguibilis
1014 4946 1068 5001 iu
1097 4949 1489 5019 nequissimum
1522 4964 1683 5023 caput
1711 4966 1857 5012 tuum
1888 4961 2219 5018 aceumulas.

2326 4693 2496 4763 φήμῳ
2528 4691 2728 4746 νεάνιδι
2757 4694 2885 4757 τοὺς
2912 4694 3233 4763 στεφάνους,
3282 4695 3378 4748 καὶ
3405 4695 3557 4748 ἄκων
3584 4692 3847 4761 αὐξήσεως.

2330 4784 2427 4837 καὶ
2479 4784 2839 4857 λαμπρότερα
2894 4784 2966 4838 τά
3025 4788 3320 4859 νικητήρια
3376 4785 3621 4857 βραδεῖα,
3668 4782 3750 4835 καὶ
3793 4777 3849 4847 μὴ

2328 4873 2657 4946 βουλόμενος
2700 4875 3119 4947 προξενήσειας.
3169 4877 3359 4948 Σαυτῷ
3392 4879 3451 4931 δὲ
3498 4878 3595 4941 τάς
3636 4871 3849 4942 αἰσχύνας

2327 4965 2646 5037 πληθύνεις,
2683 4968 2804 5021 καθ’
2836 4969 3077 5038 ἑκάστην
3122 4968 3301 5039 πάλην
3331 4970 3428 5022 καὶ
3466 4964 3751 5041 προσϐολὴν
3778 4961 3847 5029 ἠτ-

641 5036 907 5108 τὼμενος,
943 5040 1041 5093 καὶ
1088 5041 1329 5108 πίπτων,
1382 5046 1476 5099 καὶ
1512 5046 1703 5113 ὕπτιος
1756 5051 2219 5127 ἀνατρεπόμενος,
2250 5058 2503 5125 πλείονας
2530 5061 2589 5115 δὲ
2614 5064 2707 5116 καὶ
2758 5061 2857 5127 τὰς
2920 5064 3312 5135 ἀτελευτήτους
3373 5065 3640 5127 κολάσεις,
3658 5058 3739 5113 καὶ
3755 5054 3849 5112 τοὺς

644 5130 1362 5224 φλογιστικοὺςάσὸέστους
1412 5136 1696 5210 ἄνθρακας
1741 5145 1807 5214 τῇ
1855 5147 2220 5221 παγκακίστῳ
2252 5151 2318 5221 σῇ
2351 5151 2712 5223 ἐπισωρεύεις
2748 5154 2983 5224 κεφαλῇ.

715 5222 803 5276 15.
847 5223 954 5278 Sed
994 5223 1113 5294 ejus
1143 5240 1359 5295 quoque
1396 5228 1488 5298 qui
1547 5229 1756 5286 beatam
1797 5250 1960 5290 carne
2006 5239 2222 5305 quidem

644 5323 959 5383 susceperat
988 5356 1005 5381 ,
1036 5318 1264 5373 alienam
1302 5335 1362 5375 se
1377 5326 1601 5377 :uudum
1657 5326 1907 5395 Spiritum
1941 5345 1970 5382 a
2008 5331 2222 5398 pietatis

642 5418 803 5456 sensu
837 5405 1222 5461 immanitatem
1246 5408 1607 5483 eﬂ‘eratosque
1627 5429 1825 5480 mores,
1857 5427 1912 5471 et
1943 5434 1973 5472 a
2003 5433 2225 5486 paterna

645 5492 925 5548 alie-ctione
958 5498 1371 5567 rentotissimos,
1406 5504 1594 5559 mirari
1632 5506 1797 5563 subit.
1846 5508 2012 5583 904
2052 5511 2224 5571 Plane

646 5582 792 5652 ipsas
823 5601 1036 5655 quoque
1062 5592 1290 5649 rationis
1322 5604 1572 5664 expertes
1598 5595 1760 5665 feras,
1792 5599 2015 5657 immitis
2046 5616 2218 5675 pater,

645 5678 963 5733 crudelitate
998 5690 1053 5734 et
1102 5682 1495 5743 inhumanitate
1547 5692 1834 5757 superasti.
1874 5692 2004 5750 Nam
2031 5737 2045 5760 ,
2097 5714 2218 5754 cum

717 5857 760 5889 "
798 5856 941 5914 Plat.
981 5875 1010 5914 ι.
1082 5859 1169 5916 3|.
1248 5862 1290 5892 "
1322 5872 1438 5920 Act.
1470 5881 1545 5930 ix,
1577 5873 1625 5925 δ,

2406 5248 2487 5296 ιε’.
2541 5242 2703 5298 ’Δλλά
2756 5260 2847 5314 μοι
2896 5244 3112 5299 καὶτοῦ
3161 5245 3260 5316 τῆς
3297 5245 3573 5317 μακαρίας
3620 5238 3741 5296 κατὰ
3775 5236 3847 5307 μὲν

2327 5333 2508 5404 σάρκα
2562 5337 2885 5408 γεννήτορος
2956 5338 3237 5411 ἀλλότριον
3296 5339 3390 5393 τοῦ
3448 5335 3690 5399 εὐσεϐοῦς
3733 5327 3840 5385 κατὰ

2325 5426 2544 5498 πνεῦμα
2604 5430 2955 5501 φρονήματος
3007 5432 3069 5484 τὸ
3125 5432 3499 5504 ἀπάνθρωπον
3546 5430 3634 5485 καὶ
3669 5422 3843 5487 ἐκτεθη-

2325 5523 2581 5592 ριομένον
2639 5522 2735 5575 τοῦ
2788 5524 3018 5595 τρόπου,
3080 5526 3176 5577 καὶ
3230 5528 3421 5598 πόρρω
3472 5525 3572 5595 τῆς
3620 5517 3839 5589 πατρικῆς

2320 5611 2613 5677 διαθέσεως
2634 5652 2649 5675 ,
2697 5614 3003 5687 θαυμάζειν
3037 5616 3355 5687 ἐπέρχεται.
3394 5618 3598 5678 Ὄντως
3631 5612 3713 5665 καὶ
3740 5601 3840 5659 αὑτά

2319 5708 2388 5759 τά
2416 5708 2587 5776 ἄλογα
2618 5707 2783 5780 θηρία
2837 5708 3151 5779 ἀσπλαγχνε
3192 5708 3390 5778 πάτερ,
3442 5710 3509 5778 τῇ
3539 5702 3749 5775 ὠμῦτητι
3772 5690 3840 5744 ω
