4070 6454
204 455 317 519 $01

1237 445 1618 507 LAUDATIO
1660 446 1717 505 S.
1756 444 2130 506 BARBARJE
2168 445 2396 505 MART.

3367 449 3472 513 802

204 567 268 636 τῇ
324 562 701 634 άπανθρωπίᾳ
757 561 1129 635 ὑπερήλασας.
1191 563 1408 619 Ἐκεῖνα
1436 566 1546 635 γὰρ
1590 565 1658 618 τὰ
1706 564 1795 631 εγ-

1900 566 2003 621 illa:
2050 566 2226 635 prules
2260 582 2387 621 suas
2446 567 2549 621 ulla
2610 566 2801 635 injuria
2840 569 3026 622 violari
3072 568 3326 634 viderim,
3368 582 3466 638 pro

202 673 333 720 γονα
364 654 546 709 αὑτῶν
578 653 670 723 ὑφ’
701 654 824 707 ὅτου
856 653 1190 725 θεωροῦνται
1224 653 1593 725 βλαπτόμενα,
1627 657 1789 726 μέχρι

206 747 438 800 θανάτου
477 745 658 799 αὑτῶν
698 746 1145 817 ὑπερμάχονται’
1199 748 1264 799 σὺ
1310 746 1367 800 δὲ
1412 748 1472 801 τὸ
1512 747 1637 800 ἴδιον
1696 748 1792 800 καὶ

206 839 498 907 μονογενὲς
550 839 845 910 θυγάτριον
892 838 968 902 ὼς
1021 841 1079 892 ἐν
1132 838 1387 910 μακέλλῳ
1442 840 1684 909 ἀφειδῶς
1727 840 1791 894 τὰ

204 932 492 997 γυναικεῖα
535 930 920 1000 γαλακτοφόρα
971 929 1107 1000 μέλη
1141 930 1353 999 ξίφεσιν
1380 928 1650 1001 θεώμενος
1695 930 1790 982 ἐκ·

206 1022 546 1091 κοπτόμενα,
593 1022 716 1075 οὑδέ
768 1021 874 1076 κᾶν
925 1020 1025 1091 τὴν
1080 1020 1239 1093 ὕϐριν
1281 1021 1513 1094 ήδέσθης
1555 1039 1653 1093 της
1687 1021 1789 1092 φύ-

206 1128 360 1176 σεως,
417 1113 539 1166 οὑδὲ
591 1114 730 1184 πρὸς
781 1111 877 1176 τὰς
907 1111 1178 1177 τοσαύτας
1226 1112 1440 1185 πληγὰς
1472 1113 1786 1185 ἐκάμφθης,

202 1204 274 1267 ὡς
320 1206 427 1273 τὴν
472 1206 702 1277 καρδίαν
731 1206 963 1279 λιθώδης
1001 1225 1061 1261 τε
1106 1209 1200 1263 καὶ
1230 1209 1583 1281 ἀναίσθητος.
1629 1210 1792 1265 Ἀλλά

203 1298 251 1351 τί
281 1297 666 1370 θαυμάζομεν,
693 1301 933 1371 ἀδελφοὶ,
961 1305 1085 1366 τοὺς
1112 1306 1179 1375 τῇ
1210 1304 1391 1376 πλάνῃ
1413 1303 1512 1374 τῆς
1533 1304 1790 1369 ἀσεϐείας

206 1388 533 1458 μεθύοντας,
579 1396 674 1445 καί
703 1396 769 1464 τῇ
818 1394 915 1447 τοῦ
954 1395 1172 1467 Σατανᾷ
1215 1397 1381 1468 μανίᾳ
1422 1396 1792 1469 ἐκϐεϐακχευ-

207 1482 435 1551 μένους;
498 1484 712 1556 ’Ὠσπερ
757 1486 867 1558 γὰρ
904 1488 955 1540 οἱ
1019 1489 1319 1543 καλλίνικοι
1376 1491 1651 1563 μάρτυρες
1711 1492 1790 1562 τῷ

203 1572 330 1642 περὶ
377 1573 618 1643 Χριστὸν
667 1576 878 1648 φίλτρῳ
922 1576 1000 1648 τῷ
1053 1576 1184 1649 θείῳ
1235 1578 1520 1649 γενόμενοι
1567 1578 1789 1649 κάτοχοι

206 1662 510 1734 Πνεύματι,
540 1664 638 1736 τὴν
664 1665 825 1735 φύσιν
849 1670 1173 1739 νικήσαντες
1200 1670 1295 1724 καὶ
1312 1670 1785 1743 ύπεραναϐάντες,

204 1755 259 1806 ἐν
301 1757 415 1817 τοῖς
464 1755 603 1828 ὑπὲρ
644 1757 810 1825 φύσιν
842 1760 1154 1827 γεγόνασιν,
1201 1760 1345 1815 οὑτω
1378 1762 1442 1833 δὴ
1481 1764 1575 1815 καὶ
1604 1764 1653 1815 οἰ
1690 1761 1786 1816 τοῦ

204 1844 444 1914 Χριστοῦ
478 1848 571 1900 καὶ
616 1850 821 1903 τούτων
858 1850 1113 1918 διῶκται,
1151 1853 1246 1907 τοῦ
1287 1856 1523 1925 πονηροῦ
1562 1855 1788 1925 πλήρεις

1896 660 2001 712 illis
2036 661 2101 711 ad
2139 670 2365 713 mortem
2412 674 2581 730 usque
2617 669 2899 730 pugnant:
2947 669 3000 714 tu
3032 675 3157 714 vero
3187 669 3366 724 tuam,
3410 671 3467 715 et

1892 765 2052 818 quam
2111 750 2324 802 unicam
2371 749 2653 819 suscepisti
2710 749 2911 814 filiam,
2969 758 3219 820 tauquam
3266 749 3319 804 itt
3352 765 3468 803 ma-

1892 840 2067 901 cello.
2107 839 2263 894 lactis
2314 840 2547 895 vasculis
2601 841 2897 896 crudeliter
2953 841 3096 895 ferro
3149 841 3463 909 amputatis,

1893 930 2300 984 dehOuestatam
2342 932 2569 995 videns,
2626 946 2693 986 ne
2750 941 2956 986 natum
2990 931 3205 1002 quidem
3258 930 3464 985 illatam

1892 1024 2142 1093 iniuriam
2174 1039 2232 1079 es
2252 1025 2517 1079 reveritus
2551 1042 2565 1079 :
2601 1038 2701 1079 nec
2728 1024 2792 1079 ad
2822 1034 2997 1079 tantas
3030 1024 3215 1095 plagas
3240 1022 3467 1078 inﬂexus

1891 1131 1969 1183 es,
2007 1126 2263 1185 tauquam
2297 1131 2494 1171 saxeus
2523 1130 2671 1172 esses
2693 1156 2709 1182 ,
2749 1117 3005 1186 onmique
3033 1132 3193 1171 sensu
3234 1116 3466 1170 destitu-

1893 1217 1999 1263 tus.
2041 1207 2241 1263 Verum
2271 1209 2398 1278 quid
2443 1209 2723 1275 miramur,
2754 1209 2975 1273 fratres,
3027 1224 3121 1264 eos
3154 1210 3244 1279 qui
3272 1208 3466 1279 impie-

1892 1303 2016 1357 tatis
2050 1316 2235 1356 errore
2274 1301 2410 1357 ebrii
2452 1311 2576 1357 sunt
2612 1342 2627 1368 ,
2664 1305 2880 1357 Satanae
2922 1317 3135 1372 quoque
3168 1302 3351 1357 furore
3375 1303 3467 1358 de-

1891 1393 2186 1446 hacchari?
2216 1392 2676 1458 Quemadmodum
2707 1394 2847 1449 enim
2888 1393 3127 1464 praeclari
3172 1405 3465 1463 martyres,

1889 1484 2071 1537 divino
2101 1483 2263 1537 afﬂati
2302 1483 2504 1555 Spiritu
2529 1523 2544 1549 ,
2612 1482 2822 1538 devicta
2858 1493 3050 1536 natura
3103 1492 3158 1536 et
3190 1493 3464 1553 superata,

1886 1593 2047 1647 supra
2082 1586 2328 1631 naturam
2362 1586 2650 1631 evaserunt
2676 1594 2691 1632 :
2721 1577 2801 1631 sic
2826 1591 3040 1646 quoque
3068 1576 3159 1646 qui
3187 1576 3461 1630 Christum

1886 1678 1941 1722 et
1969 1668 2089 1722 illos
2120 1676 2538 1737 persequuntur,
2571 1666 2900 1735 nequissimo
2926 1666 3116 1736 spiritu
3150 1664 3317 1734 pl’eui,
3339 1678 3463 1718 cunt

1886 1774 1945 1814 se
1974 1759 2256 1814 desertrici
2312 1758 2493 1814 virtuti
2533 1758 2924 1828 tuanciparint,
2972 1759 3071 1828 ipsi
3118 1758 3278 1812 etiam
3309 1768 3464 1811 extra

1891 1861 2095 1906 natum:
2142 1852 2405 1906 rationem
2456 1850 2801 1915 excedcnles,
2830 1864 2936 1904 nou
2971 1849 3037 1903 ad
3066 1848 3117 1903 id
3150 1848 3294 1919 quod
3326 1863 3465 1917 pne-

206 1935 637 2005 χρηματίζοντες
669 1940 1005 2010 πνεύματος,
1043 1942 1140 1996 καὶ
1166 1946 1232 2013 τῇ
1275 1945 1616 2015 ἀποστατικῇ
1654 1946 1777 1998 ἐαυ-

1895 1941 2120 1995 stamius
2153 1940 2267 2005 sit,
2317 1939 2411 1994 sed
2456 1940 2509 1994 in
2554 1938 2605 1992 id
2639 1940 2781 2007 quod
2829 1937 3067 1993 deterius
3096 1944 3463 2005 proruerunt:

204 2026 325 2089 τοὺς
359 2025 593 2099 δυνάμει
637 2030 1171 2098 καταδουλώσαντες,
1204 2033 1310 2099 ἔξω
1352 2036 1447 2090 καὶ
1490 2037 1648 2089 αὑτοὶ
1686 2036 1785 2106 τῆς

208 2118 441 2186 φύσεως,
476 2121 574 2174 οὑκ
605 2123 686 2186 εἰς
717 2125 989 2195 κρεῖττον,
1022 2126 1139 2179 ἀλλ’
1168 2128 1248 2191 είς
1276 2128 1338 2181 τὸ
1367 2131 1550 2200 χεῖρον
1575 2128 1786 2185 ἀπώλι-

209 2207 345 2273 σοον,
382 2212 483 2263 καί⁸
512 2212 789 2278 ἐξέπεσον.
822 2216 934 2268 Καὶ
973 2215 1163 2289 ὥσπερ
1194 2220 1394 2273 ἐκείνοι
1429 2222 1543 2275 ἄνω
1563 2221 1661 2292 τῆς
1692 2221 1791 2274 ἀν-

209 2301 482 2374 θρωπίνης
506 2304 950 2379 ὑπερυψώθησαν
976 2311 1387 2377 καταστάσεως,
1416 2314 1664 2367 τοσοῦτοι
1691 2315 1790 2368 καὶ

208 2387 341 2447 οὗτοι
387 2396 695 2468 κατωτέρω
747 2398 954 2470 ταύτης
994 2400 1471 2472 κατεκλύσθησαν,
1524 2403 1619 2457 καί⁵
1646 2406 1781 2467 ,τοῖς

209 2483 671 2553 ἀνθρωποκτόνοις
695 2488 986 2557 γεγόνασιν
1009 2490 1261 2562 δαίμοσιν
1284 2494 1460 2562 ὅμοιοι
1478 2508 1491 2523 ο
1514 2494 1607 2547 καὶ
1638 2494 1783 2565 μάλα

209 2577 447 2640 εἰκότως.
510 2580 572 2631 Οί
602 2580 713 2652 γὰρ
757 2581 981 2653 Χριστῷ
1032 2584 1493 2655 προσερχόμενοι,
1547 2585 1785 2657 Χριστοῦ

215 2668 442 2737 μιμηταὶ
473 2669 560 2721 διὰ
586 2670 687 2740 τῆς
710 2671 878 2739 αὑτῆς
906 2673 1108 2744 ἀρετῆς
1133 2675 1511 2730 καθίστανταιο
1546 2676 1595 2729 oi.
1628 2675 1684 2728 δὲ
1713 2674 1790 2745 τῷ

211 2756 297 2809 τοὺ
341 2758 599 2815 διαϐόλου
646 2763 795 2835 ζυγῷ
841 2766 1071 2829 ἑαυτοὺς
1121 2766 1539 2834 ὑποζεύξαντες,
1593 2767 1791 2839 ἐκείνῳ

1887 2046 1950 2086 ac
2008 2032 2149 2085 sicut
2194 2030 2270 2085 illi
2326 2044 2487 2100 supra
2537 2030 2828 2083 humanam
2868 2027 3235 2083 conditionem
3291 2025 3466 2081 evecti

1886 2131 2029 2187 Sunt,
2071 2124 2142 2176 ita
2168 2132 2221 2177 et
2255 2122 2340 2176 isti
2371 2120 2509 2175 infra
2536 2135 2654 2175 eam
2687 2120 2917 2176 demersi
2949 2118 3122 2183 fuere,
3153 2117 3468 2173 homicidis-

1884 2230 1988 2285 que
2013 2216 2319 2269 hominibus
2349 2211 2557 2268 similes
2599 2211 2726 2266 facti
2760 2226 2775 2264 :
2813 2212 2972 2281 idque
3002 2210 3197 2265 merito
3222 2224 3463 2280 prorsus.

1885 2306 1985 2373 Qui
2018 2307 2161 2360 enim
2195 2322 2252 2360 se
2288 2305 2506 2360 Christo
2538 2304 2856 2375 adiungunt,
2890 2304 3085 2357 virtute
3130 2317 3225 2356 sua
3262 2300 3466 2355 Christi

1886 2399 2188 2454 imitatores
2218 2397 2523 2452 emciuutur
2553 2413 2567 2451 :
2596 2395 2686 2465 qui
2723 2410 2850 2449 vero
2875 2392 3074 2449 diaboli
3106 2408 3164 2448 se
3185 2392 3314 2464 jugo
3345 2392 3468 2447 sub-

1885 2494 2158 2556 diderunt,
2196 2489 2271 2544 illi
2329 2488 2553 2559 perinde
2580 2487 2841 2544 simillimi
2868 2498 2922 2542 et
2961 2502 3121 2557 pares
3146 2488 3463 2541 redduntur.

1887 2583 2089 2639 Verum
2140 2583 2423 2652 videamus
2486 2581 2615 2652 quid
2685 2580 2940 2649 deinceps
3014 2578 3355 2633 adversarius
3413 2587 3469 2632 et

1890 2673 2118 2730 annulus
2150 2689 2247 2744 per
2276 2673 2539 2729 satellites
2578 2688 2707 2727 suos
2753 2673 3012 2726 adversus
3060 2666 3342 2725 honestam
3372 2685 3467 2725 ca-

1895 2776 2143 2836 stamque
2183 2765 2446 2834 virginem
2478 2765 2748 2835 excogitet
2773 2774 2827 2819 et
2861 2761 3223 2818 macitinetur.

212 2844 475 2917 δήπουθεν
496 2851 740 2920 γίνονται
772 2860 1151 2927 παρεμφερεῖς
1180 2858 1275 2911 καὶ
1298 2858 1609 2928 ἐφάμιλλοι.
1646 2857 1787 2912 Ἀλλ’
1825 2857 2026 2927 ἴδωμεν
2059 2857 2113 2911 τί
2149 2856 2312 2911 πάλιν
2360 2858 2389 2910 ὀ
2453 2857 2725 2920 ἀντίδικος
2763 2855 2857 2910 καί⁴
2925 2853 3219 2918 ἀντίπαλος
3247 2853 3336 2906 διὰ
3361 2850 3471 2906 τῶν

216 2940 347 2995 ἰδίων
393 2944 758 2999 ὑπασπιστῶν
793 2949 935 3002 κατὰ
980 2952 1079 3021 τῆς
1121 2953 1328 3023 σεμνῆς
1368 2954 1461 3007 καὶ
1494 2954 1773 3026 σώφρονος
1809 2952 2089 3025 Παρθένου
2128 2953 2357 3019 ἐπινοεῖ,
2388 2952 2485 3006 καὶ
2550 2936 2914 3005 τεκταίνεται.

280 3042 369 3101 ις’.
426 3036 573 3092 ’ἰδὼν
616 3037 727 3110 γὰρ
764 3042 847 3094 ὅτι
898 3042 1002 3106 τὰς
1051 3042 1145 3097 τοῦ
1185 3044 1441 3116 σώματος
1484 3047 1667 3110 αἰκίας
1696 3046 1789 3100 ἀν-

213 3125 389 3196 δρείως
418 3127 690 3200 ὑποφέρει
726 3147 785 3182 τε
818 3131 913 3184 καὶ
944 3134 1256 3201 ὑφίσταται,
1284 3138 1351 3206 τῇ
1379 3134 1525 3207 ψυχῇ
1558 3135 1787 3205 βάσανον

1966 3043 2052 3099 16.
2093 3043 2226 3100 Cum
2257 3058 2490 3114 namque
2518 3044 2847 3114 perspiceret
2878 3079 2895 3107 ,
2941 3041 3154 3097 fortiter
3190 3056 3310 3097 eam
3338 3042 3476 3097 tole-

1893 3150 2019 3191 rare
2062 3146 2117 3191 et
2170 3138 2439 3191 sustinere
2487 3134 2731 3205 corporis
2774 3134 3091 3201 cruciatus,
3145 3142 3473 3189 tormentum

214 3221 516 3292 ἐπιτηδεύει
545 3223 841 3297 ἀφόρητον,
876 3228 969 3279 καὶ
1001 3228 1265 3301 αἰσχύνης
1292 3228 1462 3295 ἄξιον,
1493 3230 1567 3296 ὡς
1596 3231 1788 3285 οἰεται.

1897 3229 2116 3283 molitur
2175 3226 2513 3283 intolerabile
2539 3266 2553 3291 ,
2594 3235 2692 3290 et,
2743 3234 2802 3279 ut
2829 3225 3147 3292 existimat,
3180 3227 3473 3297 ignominia

218 3314 316 3367 Καὶ
357 3314 512 3367 ἐστιν
552 3314 629 3379 ὡς
679 3317 893 3389 άληθῶς
934 3319 1181 3391 τοιαύτη,
1228 3322 1323 3375 καὶ
1358 3323 1470 3375 τῶν
1505 3324 1791 3395 προτέρων

216 3403 589 3477 χαλεπωτέρα.
653 3406 815 3461 ’Δλλὰ
860 3410 948 3464 διὰ
1010 3411 1245 3482 Χριστὸν
1302 3413 1558 3482 πάσχειν,
1594 3414 1696 3467 κᾶν
1738 3432 1792 3468 τι

217 3494 352 3547 δοκεῖ
390 3496 764 3550 ἐπονείδιστον
820 3500 965 3569 ἔχειν
1016 3500 1110 3554 καὶ
1156 3502 1426 3573 ἄσχημον,
1467 3502 1609 3574 πλὴν
1657 3504 1794 3558 ἀλλὰ

220 3587 407 3653 παντὸς
456 3588 917 3661 καλλωπίσματός
947 3592 1097 3645 ἐστιν
1124 3594 1453 3666 σεμνότερόν
1482 3612 1539 3648 τε
1576 3596 1670 3649 καὶ
1700 3597 1794 3649 εὑ-

221 3680 670 3752 σχημονέστερον,
703 3683 797 3736 καί
826 3683 1217 3756 κοσμιώτερον.
1264 3686 1491 3740 Κελεύει
1526 3687 1655 3758 γὰρ,
1688 3704 1795 3758 φη-

223 3772 318 3837 civ,
355 3774 381 3826 ό
415 3771 647 3844 ήγεμὼν
685 3776 903 3846 γυμνὴν
944 3777 1329 3848 πομπευθῆναι
1380 3780 1554 3851 αὑτὴν
1614 3780 1795 3833 πᾶσαν

220 3863 311 3934 τὴν
342 3865 659 3935 περίχωρον
691 3867 930 3937 ἐκείνην,
971 3870 1067 3922 καὶ
1096 3869 1332 3941 πληγαῖς
1364 3872 1658 3943 άφορήτοις
1686 3889 1796 3943 μαι

220 3956 511 4020 στίζεσθαι.
552 3958 698 4012 Ἵστε
723 3959 779 4012 δέ
808 3961 1045 4027 πάντως,
1074 3964 1370 4033 ἀγαπητοὶ,
1414 3964 1544 4034 ὅσην
1565 3964 1627 4016 τὸ
1656 3966 1793 4037 πρᾶο

221 4060 325 4115 γμα
370 4048 530 4118 φέρει
575 4050 697 4113 ταῖς
739 4049 1034 4121 παρθένοις
1083 4051 1348 4121 αἰσχύνην
1390 4052 1484 4105 καὶ
1518 4050 1674 4117 αἰδὼ,
1701 4053 1799 4107 καὶ

225 4138 450 4206 μάλιστα
492 4143 613 4205 ταῖς
645 4142 788 4197 κατὰ
812 4144 909 4213 τὴν
933 4144 1084 4196 ὁσίαν
1117 4144 1325 4213 ταύτην
1358 4144 1547 4215 κόρην,
1578 4142 1647 4217 ἧς
1675 4145 1799 4199 οὑδὲ

222 4230 360 4301 ήλιος
402 4234 487 4297 είς
534 4233 718 4306 κόρον,
769 4234 844 4299 ὡς
910 4237 1105 4301 εἰπεῖν,
1156 4235 1461 4290 ἀπολαῦσαι
1514 4237 1797 4309 δεδύνηται

224 4323 501 4395 πρότερον.
523 4326 637 4380 Καὶ
679 4325 740 4379 οὑ
770 4327 933 4397 μόνον
964 4327 1095 4399 μίαν
1132 4329 1339 4398 ἀγοράν
1372 4328 1467 4382 καὶ
1506 4328 1794 4395 πλατεῖαν,

223 4412 544 4487 ἢδευτέραν
582 4419 869 4489 περιάγειν
905 4419 1252 4488 ἠνάγκαζεν,
1282 4419 1417 4474 αλλὰ
1458 4423 1554 4475 καὶ
1594 4421 1795 4492 χωρία,

227 4507 311 4559 καὶ
353 4508 555 4575 ἄστεα,
620 4511 716 4563 καὶ
770 4511 974 4583 δήμους
1022 4511 1381 4583 ἀμείϐουσαν.
1421 4514 1614 4565 Πᾶσαν
1662 4511 1794 4583 γὰρ,

227 4600 401 4668 φησὶν,
444 4600 545 4669 τὴν
590 4601 899 4673 περίχωρον
930 4602 1166 4673 ἐκείνην.
1214 4603 1423 4665 Ὄντως
1453 4602 1636 4670 πάσης
1657 4600 1795 4654 καύ-

230 4688 353 4752 σεως
382 4690 481 4743 καὶ
511 4692 794 4761 μαστίγων
828 4691 1042 4763 ὀδύνης,
1088 4687 1244 4756 οὗτος
1272 4694 1300 4745 ὁ
1327 4692 1635 4763 πειρασμὸς
1675 4693 1797 4754 ταῖς

232 4780 609 4853 αἰσχυντηλαίς
651 4782 745 4836 καὶ
788 4787 1017 4854 σεμναῖς
1056 4785 1271 4857 κόραις,
1328 4785 1709 4857 χαλεπώτερός
1737 4803 1797 4837 τε

233 4873 317 4925 καὶ
339 4872 760 4947 ἐπαχθέστερος.
798 4877 937 4930 Ἀλλ’
959 4879 1108 4949 ὅμως
1136 4880 1229 4935 καὶ
1250 4878 1453 4949 ταύτην
1478 4877 1578 4951 τὴν
1604 4878 1799 4950 αἰσχύ-

232 4980 322 5034 νην
368 4967 663 5041 ὑπέμεινεν
710 4968 801 5023 διὰ
845 4970 906 5023 τὸ
954 4969 1091 5041 πρὸς
1141 4970 1380 5042 Χριστὸν
1430 4970 1655 5041 φίλτρον
1703 4971 1799 5025 καὶ

234 5054 423 5127 ἔρωτα,
451 5058 509 5124 ὃς
535 5059 602 5114 δι’
627 5063 778 5131 ἡμᾶς
806 5062 1040 5134 σταυρὸν
1069 5062 1381 5133 ὑπέμεινεν,
1412 5064 1676 5136 αἰσχύνης
1703 5082 1801 5118 κα-

232 5154 589 5223 ταφρονήσας.
630 5152 734 5206 Τὸν
766 5154 876 5225 γὰρ
927 5154 1157 5209 παλαιὸν
1204 5154 1490 5226 ἄνθρωπον
1541 5156 1638 5209 σὺν
1688 5158 1803 5220 τοῖς

236 5241 565 5315 παθήμασιν,
612 5239 691 5300 ὧν
727 5245 823 5299 καί
871 5247 907 5318 η
951 5246 1178 5319 τοιαύτη
1221 5246 1450 5318 αἰσχύνη
1498 5248 1803 5319 ἐνυπάρχει

234 5328 324 5400 τῆς
346 5332 590 5405 ἐσθῆτος,
619 5337 653 5407 ή
670 5336 938 5408 παρθένος
960 5337 1365 5408 προεκδύσασα,
1385 5338 1485 5391 διὰ»
1500 5337 1661 5392 τοῦτο
1682 5338 1804 5392 οὑδὲ

239 5425 555 5497 ἀσχημονεῖν
585 5428 862 5500 ἐλογίζετο
880 5445 897 5461 ο
946 5430 1062 5484 ἀλλ’
1087 5429 1277 5500 ὥσπερ
1306 5430 1355 5483 oi
1392 5429 1804 5502 πρωτόπλαστοι

241 5518 292 5567 ἐν
322 5518 395 5589 τῷ
426 5520 743 5592 παραδείσῳ
772 5521 879 5592 πρὸ
894 5520 1003 5574 τῶν
1032 5519 1222 5574 παθῶν
1258 5522 1356 5591 τῆς
1379 5519 1659 5591 ἁμαρτίας
1701 5536 1803 5586 γυ-

244 5609 357 5674 μνοὶ
378 5605 539 5683 ἦσαν,
572 5612 669 5666 καὶ⁴
688 5613 786 5665 οὑκ
814 5610 1131 5684 ᾐσχύνοντο,
1160 5612 1326 5681 ἡνίκα
1351 5611 1408 5665 δὲ
1449 5611 1538 5665 διὰ
1570 5610 1673 5681 ,τῆς
1706 5628 1806 5665 πα·

246 5700 435 5771 ςακοῆς
477 5703 547 5758 τὰ
596 5703 744 5775 πάθη
765 5704 823 5756 ἐν
857 5704 1041 5768 αὑτοῖς
1076 5703 1429 5773 ἐκινήθησαν,
1471 5704 1805 5773 ἀσχημονεῖν

1894 3321 2139 3390 dignum.
2175 3321 2253 3373 Ae
2289 3319 2449 3387 plane
2473 3317 2736 3387 ejusmodi
2766 3326 2878 3381 est,
2915 3324 2976 3371 ut
3020 3318 3289 3372 anteriora
3352 3333 3475 3388 gra-

1894 3412 2061 3464 vitate
2086 3410 2333 3465 excedat.
2377 3408 2571 3464 Verum
2604 3407 2807 3462 Christi
2842 3407 3016 3477 gratia
3045 3407 3177 3477 pati,
3211 3408 3474 3478 quidquid

1896 3503 2076 3573 probri
2127 3510 2184 3557 et
2218 3500 2500 3557 dedecoris
2534 3499 2735 3554 habere
2780 3500 3067 3564 videatur,
3109 3500 3211 3554 hoc
3254 3514 3479 3569 prorsus

1893 3604 2143 3646 ornatum
2173 3606 2388 3646 omnem
2418 3588 2716 3646 honestatis
2745 3589 2940 3645 decore
2974 3600 3027 3646 et
3065 3591 3317 3645 castitate
3356 3592 3474 3644 viu-

1894 3682 1988 3737 cit.
2027 3680 2210 3746 Jubet,
2242 3681 2435 3751 inquit,
2468 3696 2668 3751 praeses
2727 3695 2848 3737 eam
2902 3682 3099 3736 nudam
3131 3697 3226 3752 per
3260 3698 3475 3737 omnem

1894 3773 2151 3827 viciniam
2190 3774 2550 3843 ignominioso
2584 3773 2838 3841 traduci,
2878 3782 2933 3830 et
2962 3772 3148 3845 ﬂagris
3177 3775 3476 3831 intoleran-

1896 3865 1979 3920 dis
2018 3865 2175 3920 c:edi.
2218 3866 2385 3922 Scitis
2427 3868 2685 3934 omnino,
2728 3867 3034 3923 charissimi
3067 3907 3081 3933 ,
3113 3880 3371 3940 quantum
3416 3884 3479 3923 ea

1899 3971 1985 4011 res
2016 3957 2316 4028 virginibus
2348 3959 2608 4028 pudorem
2640 3974 2704 4014 ac
2727 3960 3108 4016 verecundiam
3138 3960 3334 4015 inferat
3362 3999 3377 4023 ,
3416 3960 3480 4012 il-

1898 4048 2069 4117 lisque
2108 4050 2341 4103 maxime
2368 4064 2487 4118 qute
2529 4060 2771 4105 sanctam
2823 4052 2964 4107 hanc
3009 4051 3238 4121 puellam
3265 4053 3480 4106 imitan-

1900 4151 2024 4208 tur,
2071 4139 2224 4209 cujus
2285 4156 2352 4196 ne
2396 4142 2479 4196 sol
2527 4143 2745 4212 quidem
2802 4143 2899 4214 (ut
2942 4144 3014 4198 ita
3072 4143 3304 4216 loquar)
3345 4144 3480 4199 satis

1898 4241 2118 4302 aspectu
2160 4232 2264 4287 frui
2301 4233 2586 4301 potuisset.
2632 4233 2742 4288 Nec
2785 4247 2913 4290 vero
2953 4234 3098 4289 illatu
3136 4251 3299 4290 unum
3345 4238 3481 4290 duu-

1901 4334 2084 4388 taxat,
2124 4334 2219 4377 aut
2272 4323 2502 4379 alterum
2547 4324 2840 4396 compitum
2877 4335 2931 4381 et
2972 4325 3206 4395 plateam
3262 4327 3479 4383 funesto

1900 4416 2207 4486 spectaculo
2232 4415 2466 4471 circuire
2498 4417 2761 4487 cogehat;
2793 4418 2888 4472 sed
2914 4426 2969 4472 et
3003 4419 3199 4489 oppida
3228 4429 3282 4475 et
3307 4420 3475 4485 vicos,

1903 4509 2173 4578 urbesque
2204 4548 2220 4573 .
2277 4519 2333 4562 et
2379 4508 2515 4564 alios
2569 4516 2732 4578 atque
2772 4510 2905 4564 alios
2943 4512 3189 4580 populos.
3250 4509 3476 4567 Omnem

1900 4602 2066 4667 enim,
2097 4601 2290 4670 inquit,
2322 4601 2578 4656 viciniam
2613 4601 2778 4656 illam.
2811 4604 2966 4658 Omni
3011 4619 3197 4659 revera
3232 4607 3479 4661 incendio

1898 4702 1954 4747 et
1981 4695 2267 4749 verberum
2298 4695 2541 4751 cruciatu
2573 4737 2588 4762 ,
2642 4698 2867 4750 teutatio
2896 4698 3010 4753 haec
3039 4700 3355 4752 verecundis
3389 4714 3480 4750 ra-

1899 4788 2106 4857 stisque
2167 4788 2363 4858 puellis
2405 4788 2621 4858 gravior
2665 4803 2730 4844 ac
2779 4790 2965 4844 durior
2994 4800 3098 4845 est.
3136 4789 3332 4845 Verum
3378 4792 3479 4845 hoc

1898 4888 2115 4948 quoque
2143 4879 2400 4949 probrum
2428 4878 2681 4947 pertulit,
2712 4890 2935 4948 prepter
2967 4881 3339 4934 vehementem
3373 4896 3480 4947 quo

1899 4969 2126 5025 ardebat
2156 4983 2286 5039 erga
2326 4968 2604 5025 Christum
2664 4985 2939 5035 amorem,
2973 4971 3063 5040 Qui
3112 4971 3283 5025 nostri
3315 4985 3476 5025 causa

1901 5061 2162 5117 sustinuit
2207 5074 2422 5115 crucem
2450 5098 2465 5124 ,
2528 5061 2844 5116 confusione
2893 5068 3204 5130 contempta
3243 5061 3307 5119 ³⁸.
3345 5061 3477 5116 Cum

1901 5156 2046 5208 enim
2095 5153 2249 5224 virgo
2289 5162 2525 5207 veterem
2562 5153 2832 5207 hominem
2883 5168 3003 5207 cum
3041 5152 3324 5207 affectibus
3370 5154 3481 5206 suis

1907 5245 2010 5314 (ex
2045 5242 2245 5313 quibus
2273 5251 2355 5297 est
2383 5241 2473 5297 ille
2519 5241 2748 5297 vestiunt
2788 5241 2997 5314 pudor)
3043 5242 3248 5313 pridem
3302 5243 3480 5298 exuis-

1906 5335 2103 5391 Sct“:
2146 5336 2352 5391 idcirco
2396 5334 2531 5390 nihil
2569 5348 2681 5389 rem
2722 5335 2821 5390 sibi
2865 5336 3173 5391 indecoram
3203 5338 3479 5391 censebat.

1909 5425 2015 5481 Sed
2061 5428 2202 5482 sicut
2240 5427 2401 5497 primi
2435 5438 2690 5498 parentes
2724 5427 2775 5481 iu
2808 5429 3063 5497 paradiso
3105 5438 3237 5482 aute
3274 5428 3481 5497 peccati

1907 5518 2219 5575 affectiones
2268 5520 2397 5574 nudi
2429 5530 2620 5585 erant,
2671 5536 2769 5575 uec
2813 5521 3211 5574 cruhuscehaut
3255 5519 3321 5585 “,
3380 5520 3485 5574 illis

1909 5622 2091 5669 autem
2143 5630 2239 5684 per
2277 5614 2697 5669 inobedientiam
2736 5616 2788 5668 in
2829 5631 2889 5669 se
2930 5615 3145 5678 excitis,
3190 5614 3295 5669 hoc
3329 5617 3486 5683 turpe

1908 5704 2216 5773 duxerunt,
2260 5703 2363 5759 nisi
2417 5703 2500 5759 fici
2548 5703 2690 5760 foliis
2738 5708 3031 5759 nuditatem
3061 5721 3215 5759 suam
3255 5704 3483 5761 obtexit

309 5879 355 5915 ³³
390 5882 548 5945 Hebr.
593 5904 691 5951 ιιι,
726 5887 784 5944 2.
864 5888 908 5918 δ’
944 5886 1151 5946 Coloss.
1188 5904 1269 5955 ιιι,
1310 5887 1366 5943 9.
1445 5887 1487 5918 ⁸⁸
1520 5886 1659 5944 Gen.
1710 5902 1770 5951 Il,
1811 5884 1901 5943 25.
