4070 6436
596 423 709 484 803'

1730 423 1791 484 ε.
1831 424 2071 487 JOANN
2083 427 2153 487 IS
2187 428 2621 491 DAMASCENI

3700 412 3705 417 ’
3748 456 3834 517 tu

596 535 720 580 sent
746 524 831 582 “z
870 525 950 582 sie
981 541 1195 599 quoque
1248 530 1400 601 virgo
1454 530 1568 587 haec
1600 572 1616 600 ,
1668 533 1734 586 ad
1777 536 2064 604 pristinum
2098 554 2160 608 qu

2262 540 2718 613 ﬁxelép6avov,
2750 546 2797 598 εί
2849 544 2926 621 μὴ
2975 548 3147 618 φύλλα
3188 552 3358 623 συκῆς
3395 554 3591 630 ἑαυτὴν
3632 563 3724 635 τὴν
3752 569 3835 635 γύ-

598 620 1085 688 transgressionem
1136 632 1188 676 et
1238 633 1518 691 peccatum
1553 638 1949 696 praecesserat,
1978 638 2179 685 statum

595 711 845 764 restituta
874 708 1038 782 905
1066 700 1187 768 cum
1223 714 1450 785 reliquis
1480 716 1784 783 all‘ectibus,
1834 721 2017 789 probri
2053 738 2181 777 sen-

593 818 711 856 sum
755 816 1004 859 exuerat.
1048 806 1242 863 Verum
1284 824 1352 865 ne
1390 809 1587 880 impuri
1634 812 1881 870 homines
1925 816 2183 871 sacratis-

594 893 792 948 simum
827 910 1026 966 corpus
1054 898 1161 952 alio
1183 908 1345 970 atque
1373 902 1478 958 alio
1508 903 1835 961 circumiens
1864 915 2181 964 contuentes

597 982 827 1040 irridere
856 988 1186 1056 viderentur,
1224 992 1275 1045 in
1316 993 1511 1048 cmlnm
1543 996 1844 1063 intendens,
1875 999 1952 1053 ait
1978 1016 1994 1054 :
2030 1017 2051 1051 ι
2072 999 2180 1055 Do-

594 1076 743 1127 mine
775 1075 949 1143 Deus,
998 1079 1089 1146 qui
1126 1080 1358 1137 nubibus
1386 1082 1582 1138 caelum
1627 1086 1845 1154 operis,
1891 1103 2069 1145 meum
2094 1100 2177 1146 te-

595 1180 661 1234 ge
700 1181 901 1237 corpus
961 1169 1035 1224 tui
1091 1186 1254 1228 causa
1314 1176 1613 1244 nudatum,
1657 1193 1725 1232 ne
1767 1179 1957 1235 horum
1986 1182 2178 1252 impio-

596 1266 718 1307 rum
744 1257 1052 1324 aspectibus
1086 1269 1291 1328 pateat.
1322 1279 1344 1313 ι
1380 1261 1509 1318 llaec
1537 1264 1622 1318 illa
1644 1265 1873 1334 dixerat,
1901 1269 2177 1341 missoque

594 1340 856 1401 Dominus
909 1350 1138 1419 angelo,
1184 1352 1318 1407 stola
1370 1356 1597 1410 candida
1624 1372 1743 1412 eam
1785 1359 2172 1421 circumtesit:

594 1448 658 1491 ac
686 1436 1012 1493 circumibat
1043 1441 1202 1496 veluti
1228 1458 1427 1513 sponsa
1470 1457 1660 1502 ornata
1708 1458 1763 1505 et
1816 1452 2065 1508 decorata
2092 1497 2108 1521 ,
2143 1472 2175 1511 e

592 1535 816 1592 paterna
852 1526 1012 1581 domo
1048 1529 1128 1603 ad
1181 1531 1314 1586 bene
1363 1545 1606 1601 paratum
1659 1539 1947 1606 nuptialem
1992 1544 2165 1599 thala-

592 1628 739 1668 mum
786 1630 1107 1687 properans.
1164 1619 1687 1681 Circumducebatur
1736 1629 1921 1701 itaque
1950 1634 2169 1705 stipata,

588 1716 646 1763 et
674 1723 796 1763 cum
824 1726 1015 1783 pompa
1039 1716 1356 1783 procedens,
1377 1721 1619 1791 martyrii
1641 1722 1814 1779 cincta
1842 1727 2168 1796 diademate,

590 1809 645 1854 et
674 1801 947 1859 athleticis
980 1817 1204 1877 propter
1236 1810 1514 1866 Christum
1547 1814 1651 1869 sibi
1688 1816 1966 1887 impressis
2004 1824 2166 1889 notis,

588 1894 977 1966 sanguinisque
1016 1914 1250 1969 purpura
1284 1902 1605 1970 hunestata,
1651 1922 1714 1962 ac
1753 1925 1917 1979 supra
1955 1928 2172 1970 omnem

591 1985 851 2042 nnionum
876 2028 893 2054 ,
925 1994 1328 2063 smaragdorutn
1350 2032 1367 2058 ,
1406 1996 1822 2067 hyacinthorum
1842 2043 1857 2067 ,
1911 2007 2173 2074 pretioso-

589 2092 818 2147 rumque
856 2079 1162 2151 lapillorum
1188 2126 1203 2150 ,
1237 2096 1291 2139 et
1322 2102 1609 2143 aureorum
1644 2093 1919 2160 torqnium
1955 2097 2172 2152 clarita-

587 2176 694 2221 tem
730 2170 1078 2241 prmfulgens.
1122 2174 1165 2230 0
1199 2176 1518 2233 miraculum
1548 2181 1561 2233 ί
1603 2180 1933 2254 Libidinosi,
1962 2190 2172 2256 spurci-

585 2272 712 2325 que,
739 2269 795 2315 et
825 2261 1167 2332 impudentes
1190 2307 1205 2332 ,
1239 2282 1304 2323 ac
1350 2274 1718 2339 procacissimi
1753 2279 2026 2348 homines,
2060 2292 2169 2339 toto

582 2361 814 2416 corpore
843 2352 1075 2409 nudatas
1103 2366 1371 2427 martyres
1404 2364 1780 2432 exponebant,
1834 2380 1891 2424 ut
1943 2388 2074 2440 eas,
2110 2384 2167 2429 ut

582 2438 1004 2509 existimabant,
1040 2445 1186 2502 velut
1223 2450 1500 2522 triumpho
1532 2460 1879 2517 traducerent
1907 2476 2002 2532 ;ut
2039 2438 2165 2524 vero

581 2531 745 2586 etiam
792 2534 1093 2605 impudicos
1139 2541 1326 2599 oculos
1370 2544 1655 2626 libidinose
1692 2567 1789 2608 ceu
1821 2554 1968 2612 lauto
2006 2560 2165 2628 epulo

582 2635 871 2691 pascerent
898 2645 913 2682 :
939 2637 995 2683 at
1017 2630 1264 2690 Christus
1294 2638 1483 2706 gratiae
1505 2643 1702 2698 amictu
1738 2654 1903 2701 totam
1928 2652 2159 2721 pugilem

488 2736 497 2744 -
580 2729 734 2770 suam
769 2726 974 2787 tegens,
1009 2720 1257 2790 lubricis,
1297 2728 1589 2799 salacibus,
1624 2735 1923 2806 sceleratis,
1951 2720 2163 2813 specta-

580 2806 759 2863 culum
788 2811 986 2869 clausit
1014 2830 1031 2883 ;
1065 2828 1227 2888 atque
1256 2821 1533 2880 inventum
1570 2827 1699 2884 illud
1723 2829 1881 2889 inane
1911 2837 2158 2906 reddens,

577 2904 985 2968 exspectatione
1011 2907 1129 2963 illos
1154 2909 1457 2972 frustravit.

2291 648 2495 701 μνωσιν
2529 633 2937 706 περιέστειλαν·
2971 639 3145 706 οὕτως
3194 646 3287 698 καὶ
3319 647 3352 717 ή
3392 648 3656 720 παρθένος
3686 633 3834 730 αὕτη,

2287 724 2367 787 είς
2402 725 2618 798 ἐκείνην
2653 728 3026 786 ἐπανελθοῦσα
3056 733 3156 806 τὴν
3201 738 3307 807 πρὸ
3350 739 3448 809 τῆς
3477 724 3832 818 παραϐάσεως,

2289 815 2574 887 ἁμαρτίας
2629 820 2985 889 κατάστασιν,
3034 826 3134 897 τὴν
3180 829 3446 900 αίσχύνην
3493 836 3618 897 τοῖς
3657 815 3836 905 λοιποῖς

2288 913 2787 981 συναπημφιάσατο
2844 916 3097 973 πάθεσιν.
3169 922 3310 975 Ἀλλ’
3360 925 3511 994 ὅμως
3538 927 3624 979 ἵνα
3676 931 3743 999 μὴ
3794 936 3834 987 οξ

2290 1001 2478 1072 μιαροὶ
2513 1003 2574 1056 τὸ
2610 1006 2870 1078 πανίερον
2920 1011 3093 1081 αὐτῆς
3134 1014 3584 1084 ἀπερικάλυπτον
3635 1038 3830 1091 περιτο.

2283 1092 2440 1148 λεῦον
2469 1097 2631 1168 σῶμα
2656 1099 2943 1172 θεώμενοι,
2970 1105 3273 1179 καταγελᾷν
3299 1108 3547 1175 δόξωσιν,
3575 1112 3834 1169 ἀτενίσασα

2282 1188 2363 1250 είς
2390 1188 2481 1241 τὸν
2503 1191 2735 1262 οὐρανὸν
2765 1190 2918 1248 εἶπεν
2944 1212 2960 1227 ο
3003 1218 3021 1250 ‹
3070 1200 3245 1271 Κύριε
3301 1204 3330 1255 6
3362 1202 3518 1266 Θεὸς,
3550 1204 3579 1255 6
3602 1206 3833 1276 περιϐἀλο

2281 1278 2391 1333 λων
2428 1281 2519 1335 τὸν
2552 1285 2781 1356 οὐρανὸν
2831 1288 2891 1341 ἐν
2936 1291 3209 1359 νεφέλαις,
3250 1293 3528 1347 σκέπασόν
3555 1313 3655 1365 μου
3690 1298 3747 1349 τὸ
3762 1299 3835 1353 διὰ

2283 1372 2343 1425 σὲ
2381 1379 2809 1448 γεγυμνωμένον
2872 1383 3051 1453 σῶμα,
3103 1385 3191 1438 ἵνα
3252 1386 3327 1458 μὴ
3384 1390 3582 1458 δρᾶται
3624 1391 3720 1443 ὐπδ
3743 1393 3834 1445 τῶν

2280 1464 2498 1519 ἀσεϐῶν
2541 1471 2764 1525 τούτων.
2803 1473 2915 1526 Καὶ
2964 1475 3139 1529 ταῦτα
3188 1478 3451 1549 εἰπούσης
3504 1481 3831 1552 ausimaus-

2281 1557 2497 1623 στείλας
2533 1563 2561 1614 6
2606 1562 2813 1635 Κύριος
2840 1566 3094 1635 ἄγγελον,
3145 1570 3315 1642 στολῇ·
3360 1572 3532 1644 λεύκῇ
3566 1575 3727 1645 αὐτὴν
3751 1593 3827 1629 πε-

2280 1651 2637 1723 ριεκάλυψεν·
2672 1657 2767 1711 καὶ
2819 1661 3039 1731 περιείη
3079 1663 3331 1736 καθάπερ
3363 1665 3553 1736 νύμφη
3584 1683 3827 1739 κεκοσμηο

2278 1741 2415 1814 μένη
2452 1747 2547 1799 καὶ
2580 1748 3098 1826 κεκαλλωπισμένη.
3154 1756 3219 1809 ἐκ
3249 1757 3345 1810 τοῦ
3382 1758 3653 1828 πατρικοῦ
3690 1760 3827 1829 δόμου

2276 1832 2371 1887 ἐπὶ
2396 1836 2497 1907 τὴν
2558 1838 2995 1915 εύτρεπισμένην
3051 1849 3332 1921 νυμφικὴν
3373 1851 3646 1911 παστάδα,
3695 1867 3827 1923 mpi-

2209 1915 2248 1969 Β
2277 1928 2522 2001 αγομένη
2550 1948 2609 1984 τε
2634 1934 2729 1985 καὶ
2750 1915 3194 2010 δορυφορουμένη
3233 1915 3328 1994 καὶ
3360 1944 3735 2013 πομπεύουσα,

2282 2021 2610 2093 μαρτυρικῷ
2663 2028 3084 2099 κατεστεμμένη
3129 2046 3188 2081 τε
3248 2031 3573 2102 διαδήματι,
3622 2034 3831 2096 καὶτοῖς

2278 2109 2421 2183 ὑπὲρ
2442 2114 2682 2184 Χριστοῦ
2712 2116 3026 2188 ἀθλητικοῖς
3055 2121 3336 2191 στίγμασι,
3357 2124 3450 2177 καὶ
3482 2126 3550 2195 τῇ
3575 2123 3668 2177 τοῦ
3698 2125 3830 2193 αἷμα·

2272 2221 2367 2267 τος
2395 2206 2693 2278 πορφυρίδι
2726 2211 3130 2283 σεμνυνομένη,
3175 2215 3273 2266 καὶ
3305 2214 3690 2286 διαπρέπουσα
3714 2216 3829 2287 ὑπὲρ

2275 2298 2460 2351 πᾶσαν
2502 2300 2880 2370 μαργαριτῶν,
2930 2304 3264 2375 σμαράγδων
3305 2322 3367 2359 τε
3416 2308 3515 2360 καὶ
3563 2307 3825 2373 ὑακίνθων,

2275 2387 2370 2441 καὶ
2410 2387 2726 2460 πολυτίμων
2756 2390 2942 2457 λίθων,
2990 2395 3212 2462 χρυσῶν
3250 2412 3309 2450 τε
3341 2397 3829 2469 ἀποπεπλεγμένων

2272 2472 2569 2549 φανότητα.
2600 2482 2664 2534 Ὢ
2694 2478 2788 2534 τοῦ
2838 2480 3149 2552 θαύματοςί
3182 2486 3231 2538 οἱ
3275 2486 3575 2556 ἐμπαθεῖς,
3608 2488 3699 2541 καὶ
3725 2487 3825 2558 φιλ-

2271 2566 2473 2636 ήδονοι,
2496 2568 2737 2633 ἀναιδεῖς
2763 2588 2825 2624 τε
2847 2572 2942 2625 κοιί
2968 2571 3085 2626 λίαν
3114 2574 3486 2646 ἀναίσχυντοι,
3522 2578 3827 2649 όλογύμνους

2267 2661 2370 2725 τὰς
2400 2661 2489 2716 διὰ
2538 2663 2777 2735 Χριστὸν
2829 2665 3101 2730 ἀθλούσας
3140 2668 3493 2739 περιΐστανον
3549 2671 3824 2744 μάρτυρας,

2268 2751 2356 2806 ἵνα
2387 2753 2612 2818 ταύτας,
2652 2755 2731 2819 ὡς
2770 2755 2958 2827 ᾤοντο,
2990 2756 3456 2829 θριαμϐεύσωσιν,
3488 2762 3610 2833 ἅμα
3654 2764 3727 2831 δέ,
3749 2765 3825 2817 καὶ

2268 2846 2365 2918 τὴν
2401 2848 2702 2905 ἀκόλαστον
2729 2850 2910 2905 αὐτῶν
2962 2852 3155 2923 ὅρασιν
3191 2855 3460 2925 ἐμπαθῶς
3503 2856 3823 2909 ἑστιάσωσιν.

2278 2940 2337 2993 '0
2358 2939 2415 2993 δέ
2436 2941 2674 3012 Χριστὸς
2691 2942 2915 3014 χάριτος
2938 2959 3007 2997 πε
3016 2944 3203 3017 ριϐολῇ
3225 2946 3355 3017 ὅλην
3381 2948 3729 3018 περιστείλας
3746 2948 3825 3017 τὴν

578 2990 789 3046 θίκείαν
810 2993 1130 3069 ἀθλῆτριανο
1159 3001 1258 3073 τὴν
1299 3004 1427 3062 θέαν
1450 3010 1564 3075 τοῖς
1587 3013 1855 3086 αίσχροῖς,
1900 3020 1995 3075 καὶ
2052 2990 2331 3097 ἀσελγέσι,
2360 2990 2794 3107 ᾆιᾎιι-Γέιοξοῖρζῖξ
2839 2990 3322 3109 διετείχισενξικαὶ⁸
3358 2990 3649 3111 ἄπρακτον
3672 2990 3825 3093 αὐτῶν

578 3079 676 3111 ιλ..
710 3085 954 3111 ι..ι..-.....
986 3089 1113 3111 $19-,
1168 3110 1177 3111 κ
1212 3110 1215 3111 ,
1341 3099 1353 3111 ι
1419 3099 1444 3111 -
1664 3105 1684 3111 _
1768 3108 1777 3111 _

575 3079 676 3153 τὴν
709 3085 954 3141 ἐπίνοιαν
982 3089 1241 3165 δέδειχεν,
1268 3099 1484 3170 καὶτῆς
1514 3079 1850 3175 προσδοκίας⁷
1870 3079 2244 3187 παρέσφηλεν.

646 3174 739 3232 l7.
777 3176 912 3233 Dum
951 3189 1130 3237 autem
1163 3198 1259 3255 per
1312 3196 1477 3245 totam
1533 3174 1677 3249 illam
1728 3174 2001 3268 regionem
2040 3174 2159 3261 eam

646 3269 1039 3292 ......~..l..--_-_..
1093 3273 1138 3292 9,_
1180 3291 1199 3292 η
1257 3291 1260 3292 ,
1294 3277 1311 3292 I
1334 3279 1346 3292 ι
1566 3282 1578 3292 ι
1606 3284 1616 3292 .
1869 3291 1873 3292 ,

2336 3206 2421 3276 ιζ’.
2454 3210 2899 3283 Περιαγαγόντες
2948 3216 3006 3271 δέ
3033 3217 3206 3291 αὐτὴν
3246 3219 3428 3273 πᾶσαν
3485 3221 3703 3292 ἐκείνην
3743 3222 3824 3292 τὴν

567 3265 1063 3340 λοίτοιιηιιίιιοοεεηι,
1093 3273 1145 3329 in
1169 3277 1436 3347 quoddam
1455 3282 1711 3353 oppidum
1741 3265 1943 3361 tragica
1962 3309 2157 3367 pompa

579 3352 810 3412 deducta
838 3368 961 3427 est,
1001 3362 1092 3419 ubi
1136 3367 1300 3423 etiam
1351 3352 1634 3441 przesidem
1682 3352 2019 3447 repet-verunt.
2055 3352 2157 3455 Qui

576 3445 771 3502 dubius
798 3451 928 3519 quid
970 3468 1183 3513 rursum
1217 3459 1422 3517 faceret
1467 3467 1627 3535 (cum
1677 3445 1938 3542 quidquid
1983 3445 2161 3536 fuerat

577 3539 943 3611 machinatus,
977 3544 1343 3607 frustraneum
1382 3565 1437 3610 et
1484 3556 1671 3617 inutile
1703 3539 1969 3623 redditum
1992 3581 2155 3639 esset,

577 3643 645 3685 ac
685 3641 875 3687 contra
903 3649 1053 3705 spem
1085 3643 1391 3715 evenisset)
1423 3647 1533 3703 lata
1579 3657 1850 3711 sententia
1882 3661 2066 3727 edicit,
2101 3673 2160 3719 ut

580 3722 867 3793 multiplici
894 3733 1194 3790 certamine
1222 3735 1420 3807 inclyta
1471 3753 1680 3817 martyr
1724 3750 1945 3819 capitali
1997 3769 2155 3823 paena

577 3812 746 3867 vitam
782 3818 953 3875 iiniat.
990 3820 1126 3876 Tum
1161 3835 1313 3896 pater
1343 3832 1547 3900 ingenti
1584 3812 1765 3893 furore
1794 3812 1867 3895 ὀι
1913 3812 2152 3901 satanica

584 3907 933 3966 cmulatione
956 3912 1167 3982 plenus,
1200 3917 1457 3991 illumque
1483 3925 1551 3979 ah
1584 3927 1741 3984 initio
1770 3932 2092 3992 homicidam
2111 3938 2156 3972 “

584 3995 857 4055 diabolum
874 4003 1039 4059 animi
1061 4014 1212 4062 utero
1232 4019 1467 4082 gestans,
1496 4024 1553 4071 ιιι
1576 4017 1881 4079 simulacris
1905 4027 2153 4097 (quorum

574 4089 822 4146 addictus
856 4094 1116 4166 obsequio
1158 4103 1309 4174 erat)
1352 4116 1407 4161 et
1439 4089 2152 4191 nominationibus—perfe-

582 4189 730 4236 ctum
755 4184 961 4241 cultum
984 4189 1242 4248 adhibere
1256 4193 1553 4268 videretur,
1581 4203 1823 4272 quinimo
1849 4184 2154 4271 aﬂlantihus

582 4286 680 4342 per
710 4289 772 4328 ea
803 4278 1154 4350 nequissimis
1184 4286 1464 4354 spiritibus
1488 4306 1555 4346 ac
1580 4293 1932 4365 damonihus,
1964 4302 2154 4360 stricto

570 4360 771 4432 gladio,
793 4382 951 4424 manu
983 4370 1099 4442 ipse
1126 4387 1246 4443 sua,
1267 4377 1431 4435 caedis
1458 4380 1572 4449 ipse
1594 4395 1785 4442 auctor
1811 4360 1934 4447 esse
1963 4407 2154 4463 percu-

570 4453 747 4525 pieus,
784 4457 836 4513 in
866 4472 1102 4519 montem
1130 4480 1250 4522 eam
1288 4471 1448 4539 rapit.
1476 4471 1711 4532 Pulchra
1742 4493 1871 4536 vero
1901 4453 2150 4542 columba

568 4552 730 4615 atque
760 4548 995 4614 perfecta
1021 4590 1038 4617 ,
1098 4568 1281 4611 necem
1328 4574 1451 4616 cum
1496 4568 1692 4633 gaudio
1730 4568 1933 4628 Christi
1984 4590 2145 4633 causa

568 4636 890 4707 suscipiens,
918 4644 986 4696 ad
1016 4658 1202 4713 preces
1216 4650 1769 4729 supplicationemque
1784 4667 2139 4724 convertitur.

567 4723 885 4786 Festinabat
910 4733 1057 4789 enim
1082 4735 1151 4790 ad
1186 4737 1434 4797 brevium
1465 4723 1714 4816 supernae
1744 4756 2045 4815 vocationis
2072 4760 2138 4829 “,

566 4826 625 4874 et
674 4816 744 4875 ad
794 4822 1079 4882 sublimem
1123 4827 1179 4883 in
1222 4832 1420 4888 calum
1457 4850 1741 4896 ascensum
1790 4816 2136 4918 properabat:

562 4912 728 4984 Atqui
775 4915 911 4971 nihil
952 4927 1131 4989 vetat,
1180 4925 1309 4995 quin
1359 4926 1473 4997 ipsa
1503 4945 1724 5001 precum
1752 4912 1913 4995 verba
1946 4945 2136 5001 audia-

564 5020 710 5073 mus,
746 5022 816 5065 ει
855 5012 1049 5083 quibus
1086 5018 1429 5076 sanctitatem
1475 5025 1677 5081 auditui
1707 5032 2085 5093 condiscamus
2118 5057 2131 5095 :

568 5114 589 5147 ι
619 5096 845 5156 Eterua
877 5143 893 5169 ,
927 5106 1073 5161 nulla
1118 5108 1394 5167 hominum
1444 5132 1606 5173 manu
1649 5128 1794 5177 texta
1834 5138 2133 5201 martyrum

559 5203 785 5259 enrona,
811 5192 1041 5253 Domine
1066 5196 1192 5255 Iesu
1220 5201 1568 5281 Christe,,qui
1604 5212 1797 5269 calum
1821 5192 2131 5290 exten'disti,

560 5295 625 5335 ac
661 5292 856 5339 terram
885 5285 1125 5345 fundasti
1149 5290 1195 5326 "
1228 5310 1245 5360 ;
1306 5297 1398 5366 qui
1459 5304 1771 5361 conclusisti
1819 5310 2046 5381 abyssos
2079 5324 2134 5370 et

558 5386 711 5427 mare
748 5371 913 5433 veluti
941 5394 1098 5436 muro
1127 5382 1443 5457 obsepivisti
1472 5389 1520 5423 “
1544 5407 1562 5459 ;
1590 5395 1682 5465 qui
1714 5371 2042 5471 praecepisti,
2077 5416 2136 5463 ut

559 5462 729 5519 nubes
769 5463 1036 5525 imbribus
1077 5470 1201 5528 fetae
1240 5475 1486 5544 pluerent
1515 5462 1683 5555 super
1713 5462 1979 5549 bonos'et
2016 5462 2134 5552 ma;

556 5549 736 5622 los";
773 5557 863 5626 qui
892 5573 1056 5631 super
1092 5579 1243 5622 mare
1271 5570 1437 5627 veluti
1469 5589 1631 5646 super
1674 5580 1849 5638 solum
1904 5572 2130 5648 minim}

2264 3300 2597 3375 περίχωρον,
2651 3305 2860 3377 ἤγαγον
2893 3309 2986 3362 ἐπί
3034 3327 3157 3363 τινα
3202 3309 3418 3382 κώμην,
3460 3311 3599 3367 ἔνθα
3631 3313 3822 3366 καὶτὸν

2269 3386 2513 3458 ἡγεμόνα
2546 3391 2873 3450 κατέλαϐον.
2910 3396 3222 3469 Ἀπορήσας
3251 3394 3346 3453 οῦν
3374 3401 3403 3453 6
3453 3401 3680 3472 ἡγεμὼν
3697 3402 3752 3455 τὸ
3777 3401 3820 3454 τί

2260 3479 2423 3534 πάλιν
2445 3483 2754 3553 ποιήσειεν·
2791 3489 2942 3542 πᾶσα
2982 3490 3089 3562 γὰρ
3129 3490 3349 3564 αὐτοῦὴ
3400 3494 3619 3549 ἐπίνοια
3647 3496 3819 3566 ἀνήνυ-

2257 3588 2349 3635 τος
2372 3575 2466 3627 καὶ
2509 3575 2770 3648 ἀνόνητος
2795 3580 3173 3648 ἀπεδείκνυτο,
3207 3586 3435 3639 καὶτῶν
3475 3587 3706 3641 ἐλπίδων
3744 3587 3817 3654 ἐξ·

2261 3664 2493 3720 έπιπτεν
2533 3684 2549 3699 ·
2592 3669 2867 3740 ἀπόφασιν
2908 3676 3051 3729 κατά
3081 3676 3184 3746 τῆς
3207 3677 3513 3732 πλυάθλου
3565 3680 3817 3751 μάρτυρος

2257 3756 2592 3831 ἐξενήνοχεν,
2629 3764 2936 3837 κεφαλικῆς
2964 3769 3236 3842 τιμωρίας
3271 3771 3565 3842 ὑπομεῖναι
3604 3774 3812 3845 περαίω-

2258 3865 2361 3904 σιν.
2390 3852 2522 3905 Τότε
2552 3856 2580 3907 6
2622 3855 2831 3928 ταύτης
2864 3862 3048 3931 πατὴρ
3088 3861 3264 3934 θυμοῦ
3294 3864 3491 3918 πολλοῦ
3549 3865 3811 3936 πλησθεὶς,

2257 3942 2351 3995 καὶ
2376 3939 2537 4014 ζήλου
2564 3948 2879 4014 σατανικοῦ,
2909 3952 3005 4004 καὶ
3028 3954 3194 4007 αὐτὸν
3216 3956 3607 4028 ἐγκυμονήσας
3631 3958 3716 4012 τὸν
3736 3958 3814 4010 ἀπ’

2255 4033 2428 4106 ἀρχῆς
2474 4038 2927 4110 ἀνθρωποκτόνον
2976 4046 3248 4112 διάϐολον,
3306 4050 3398 4104 ἵνα
3446 4050 3659 4107 τελείαν
3704 4050 3810 4122 δόξϊί

2253 4122 2511 4196 λατρείαν
2544 4133 2911 4202 προσενέγκαι
2945 4138 3060 4201 τοῖς
3098 4138 3189 4193 ὑπ’
3244 4141 3411 4196 αὑτοῦ
3445 4143 3807 4216 θεραπευομέ-

2254 4232 2363 4279 νοις
2419 4219 2664 4285 είδὼλοις
2722 4226 2818 4279 καὶ
2854 4226 3251 4301 βδελύγμασιν,
3303 4234 3505 4304 μᾶλλον
3534 4237 3592 4291 δὲ
3625 4242 3729 4303 τοῖς
3753 4237 3811 4292 δι’

2253 4306 2480 4361 ἐκείνων
2515 4310 2803 4381 ἐνεργοῦσι
2860 4317 2961 4387 τῆς
2998 4322 3268 4393 πονηρίας
3319 4326 3599 4397 πνεύμασι
3646 4346 3701 4384 τε
3730 4329 3809 4382 καὶ

2249 4397 2492 4468 δαίμοσι,
2522 4400 2676 4470 ξίφος
2722 4407 3096 4480 σπασάμενος,
3138 4413 3402 4471 ἀνέλαϐεν
3428 4418 3605 4491 αὐτὴν
3636 4420 3722 4475 ἐπὶ
3756 4418 3809 4475 τδ

2250 4488 2396 4561 ὅρος,
2438 4490 2695 4566 αὐτόχειρ
2726 4500 2824 4551 καὶ
2852 4499 3161 4573 αὐτουργὸς
3190 4505 3292 4575 τῆς
3322 4488 3643 4579 μιαιφονίας
3681 4511 3806 4580 γενέο

2182 4611 2221 4666 η
2253 4582 2377 4637 σθαι
2410 4586 2697 4659 ἐπιθυμῶν
2731 4592 2829 4645 καὶ
2858 4593 3165 4665 ἐφιέμενος.
3192 4599 3517 4674 Περιχαρῶς
3538 4604 3597 4659 δὲ
3627 4606 3658 4677 ὴ
3686 4603 3804 4674 καλὴ

2249 4672 2346 4728 καὶ
2384 4676 2567 4733 τελεία
2601 4683 2904 4753 περιστερὰ
2941 4685 3045 4757 τὴν
3097 4687 3241 4761 ὑπὲρ
3287 4672 3531 4762 Χριστοῦ
3562 4672 3801 4767 δεχομένη

2249 4765 2487 4836 σφαγὴν,
2516 4770 2599 4834 είς
2612 4774 2924 4845 προσευχὴν
2942 4776 3038 4830 καὶ
3055 4777 3268 4835 ίκεσίαν
3282 4782 3566 4854 ἐτρέπετο.
3588 4765 3802 4841 Tonsor

2243 4855 2334 4909 δεν
2356 4857 2466 4931 γὰρ
2490 4860 2587 4916 ἐπὶ
2616 4862 2680 4917 τὸ
2710 4863 2966 4938 βραϐεῖον
2991 4869 3096 4941 τῆς
3122 4872 3237 4927 ἄνω
3266 4875 3536 4946 κλήσεως,
3570 4879 3802 4949 καὶπρὸς

2248 4946 2349 5019 τὴν
2378 4950 2463 5015 είς
2507 4953 2741 5025 οὐρανὸν
2774 4959 3034 5029 ἠπείγετο
3064 4964 3368 5035 μεταρσίαν
3392 4969 3679 5026 ἀνάϐασιν,
3712 4946 3800 5025 ὸῠ.

2243 5039 2332 5094 δέν
2356 5041 2415 5097 δὲ
2465 5044 2669 5102 κωλύει
2706 5049 2893 5106 αὐτῶν
2922 5054 3021 5124 τῆς
3054 5055 3222 5128 εὐχῆς
3259 5057 3371 5114 τῶν
3425 5063 3686 5133 ῥημάτων
3713 5064 3797 5118 ἐπα

2243 5133 2474 5190 ακοῦσαι
2493 5139 2592 5212 τῆς
2621 5142 2922 5215 μάρτυρος,
2950 5146 3037 5201 ἵνα
3063 5148 3331 5204 διἀύτῶν
3346 5150 3446 5224 τὴν
3477 5154 3648 5228 ἀκοὴν
3670 5154 3800 5225 ἀγιόν

2245 5243 2447 5300 σωμεν.
2482 5251 2501 5285 t
2538 5235 2799 5310 ’Δναρχε,
2832 5242 3221 5316 ἀχειροποίητε
3242 5248 3543 5322 μαρτύρων
3562 5252 3792 5322 στέφανε,

2242 5318 2415 5391 Κύριε
2458 5323 2631 5396 Ἰησοῦ
2682 5331 2908 5403 Χριστέ,
2942 5336 2971 5388 6
3021 5335 3115 5390 τὸν
3153 5318 3385 5410 οὐρανδν
3418 5318 3683 5407 ἐκτείνας,
3712 5339 3791 5395 καί

2239 5408 2339 5482 τὴν
2387 5416 2493 5487 γῆν
2544 5417 2888 5489 θεμελιώσας
2915 5439 2943 5484 ο,
2968 5427 2998 5480 6
3025 5427 3127 5493 τὰς
3153 5408 3428 5496 ἀϐύσσους
3466 5432 3788 5503 συγκλείσας,

2240 5505 2334 5557 καὶ
2354 5505 2453 5579 τὴν
2474 5507 2753 5568 θάλασσαν
2774 5516 3020 5588 τειχίσας
3048 5535 3064 5552 ’
3092 5521 3122 5575 6
3141 5522 3459 5594 προστάξας
3478 5525 3580 5591 τὰς
3610 5523 3791 5595 όμϐιοθσ⁸

2235 5594 2431 5663 τόκους
2454 5601 2683 5673 νεφέλας
2711 5604 2931 5679 βρέχειν
2955 5610 3049 5665 ἐπὶ
3068 5614 3346 5686 πονηροὺς
3368 5617 3467 5671 καὶ
3501 5594 3744 5688 ἀγαθούς*
3766 5614 3791 5668 δ

624 5760 670 5791 οι
703 5758 839 5814 Gen,
871 5774 953 5823 ιιι,
977 5761 1029 5816 7.
1106 5765 1153 5797 ⁸⁸
1179 5763 1335 5824 Jnatt.
1366 5784 1481 5835 Vm.
1512 5776 1601 5831 ﬂ.
1681 5780 1726 5813 “
1759 5781 1994 5858 Philipp.
2051 5807 2132 5858 ιιι,

636 5826 727 5887 22,
804 5829 850 5861 ιτ
889 5829 1082 5887 Matth.
1111 5849 1161 5887 v.
1202 5836 1294 5887 45-

2330 5800 2373 5831 ³⁸
2402 5798 2546 5856 Psal.
2575 5818 2692 5873 cut,
2726 5806 2781 5873 3,
2814 5809 2866 5863 5.
2951 5810 2996 5860 9⁸
3020 5808 3337 5887 Ρινονηγιιι,
3365 5812 3569 5886 27-29;
3607 5813 3783 5873 Jerom.

552 5840 609 5891 ν.
636 5800 850 5887 εἰἻὲ
871 5800 1082 5888 suis.
1111 5849 1161 5901 ν,
