4070 6454
232 400 337 463 805

1254 416 1637 482 LAUDATIO
1674 426 1733 485 S.
1776 426 2147 492 BARBAIUE
2181 436 2407 500 MART.

3388 464 3493 534 806

230 517 329 573 hct
380 514 658 586 Θαλάσσης
722 518 1112 589 περιπατήσας
1160 521 1235 584 ὼς
1299 526 1385 578 ἐπ’
1416 528 1667 595 ἐδάφους,
1719 550 1781 586 κα

230 606 358 639 ,Αὲιο
381 604 547 639 ρλληρ
578 605 653 639 ..ιιι
689 604 916 639 ρηέε-..
945 608 974 639 Α
1004 609 1334 639 ὶφ.-....ι.-..,
1365 614 1437 639 _:'.
1485 617 1660 639 L..1_._,

1883 585 1886 596 ,
1915 538 2100 595 tinctis
2119 543 2343 609 pedibus
2368 549 2653 609 ambulasti
2679 554 2753 588 δ”
2782 577 2795 613 :
2821 563 2911 630 qui
2945 563 3236 639 increpain
3266 587 3479 633 vcututn

226 606 358 669 τοὺς
381 604 547 668 πόδας
576 605 654 675 μὴ
686 604 916 676 βρέξας·
944 608 974 658 6
1003 609 1334 681 ἐπιτιμήσας
1365 614 1441 684 τῷ
1480 617 1666 689 ἀνέμῳ
1718 619 1811 674 καὶ

222 699 295 767 τῇ
324 695 590 767 θαλάσσῃ,
614 698 709 749 καὶ
730 697 809 761 εἰς
837 697 1079 771 γαλήνην
1105 703 1431 770 μεταϐαλών
1451 723 1464 736 ο
1494 708 1672 763 πάντα
1700 711 1810 783 γὰρ

224 788 515 851 ὑπακούει,
548 786 719 857 Κύριέ
751 804 851 857 μου
888 789 1060 860 Ἰησοῦ
1087 792 1311 862 Χριστὲ,
1339 793 1417 865 τῷ
1449 796 1528 866 σῷ
1566 803 1807 867 προστά-

219 893 423 947 γματι,
477 877 559 929 ὃτι
617 876 899 948 ποιήματά
953 879 1048 931 σού
1077 881 1265 934 ἐστιν·
1316 884 1611 955 Παράσχου
1690 905 1804 958 μοι,

218 969 425 1039 Κύριε,
462 968 560 1039 τὴν
589 966 806 1040 αἴτησιν
854 970 1083 1041 ταύτην,
1129 973 1223 1025 καὶ
1274 973 1363 1037 δὺς
1383 978 1449 1047 τῇ
1514 977 1676 1052 δούλῃ
1710 998 1804 1034 σου

218 1059 409 1130 χάριν,
439 1060 527 1113 ῖνα
554 1061 701 1122 ὅστις
734 1061 1049 1133 μνημονεύῃ
1103 1080 1204 1133 μου
1247 1065 1306 1118 ἐν
1341 1066 1418 1137 τῷ
1444 1068 1672 1139 ὀνόματί
1708 1089 1803 1126 σου

216 1148 301 1218 τῷ
326 1148 494 1219 ἁγίῳ,
555 1148 649 1200 καὶ
710 1150 837 1219 ποιῇ
898 1149 997 1219 τὴν
1021 1151 1268 1257 ,μνήμην
1281 1154 1659 1257 ,ὠὴ-ἡμερῶν
1702 1162 1807 1257 τῆς

219 1239 540 1310 μαρτυρίας
570 1253 697 1306 μου,
726 1235 919 1305 Κύριε,
973 1236 1049 1308 μὴ
1095 1240 1342 1310 μνησθῇς
1371 1241 1479 1294 τῶν
1508 1245 1796 1317 ἁμαρτιῶν

214 1327 407 1379 αὐτῶν
444 1328 500 1379 ὲν
535 1326 724 1397 ἡμέρᾳ
776 1327 1036 1397 κρίσεως,
1069 1327 1184 1380 ἀλλ’
1215 1330 1373 1393 ἵλεως
1404 1331 1562 1401 γενοῦ
1594 1336 1797 1399 αὐτοῖς.

214 1418 521 1482 ιἰνώσκεις
556 1418 687 1489 γὰρ,
740 1417 935 1488 Κύριε,
988 1419 1071 1472 ὅτι
1125 1418 1265 1492 σάρξ
1296 1425 1391 1476 καὶ
1440 1419 1581 1495 αἷμά
1609 1427 1799 1497 ἐσμεν,

213 1512 438 1581 ποίημα
456 1511 563 1563 τῶν
588 1509 878 1581 ἀχράντων
907 1510 1108 1580 χειρῶν
1131 1529 1247 1567 σου.
1283 1532 1303 1565 ›
1336 1516 1443 1568 Καὶ
1474 1518 1802 1588 ἀναπεμψά-

211 1618 319 1671 σης
351 1602 522 1670 αὐτῆς
555 1601 634 1665 τὸ,
686 1601 894 1670 ’Δμὴν,
925 1601 1087 1656 πάλιν
1123 1604 1489 1676 προσηύξατο,
1525 1608 1757 1678 λέγουσα
1781 1627 1795 1642 ο

214 1710 235 1743 ι
277 1691 457 1764 Κύριε
482 1696 509 1745 6
537 1692 671 1755 Θεὸς
693 1691 997 1763 δυνάμεων,
1022 1696 1050 1746 6
1082 1696 1262 1765 πάσης
1287 1700 1455 1769 πνοῆς
1483 1702 1579 1754 καὶ
1598 1704 1798 1774 σαρκὸς

205 1784 571 1855 δημιουργὸς,
616 1785 645 1837 ό
680 1784 972 1855 ἰασάμενος
1026 1788 1209 1842 πᾶσαν
1252 1791 1426 1859 νόσον,
1480 1793 1573 1848 καὶ
1616 1797 1797 1850 πᾶσαν

209 1875 518 1943 μαλακίαν,
571 1875 856 1948 παράσχου
886 1882 953 1949 τῇ
990 1879 1150 1951 δούλῃ
1186 1898 1281 1934 σου
1328 1884 1512 1954 χάριν,
1565 1887 1653 1941 ἵνα
1684 1889 1777 1943 ὅσο

1908 1908 2011 1967 tttr,
2043 1875 2277 1977 suntque
2303 1916 2517 1970 sanctit:

202 1967 277 2021 ἂν
340 1966 717 2040 προσέλθωσιν
769 1969 846 2039 τῷ
891 1971 1047 2042 τόπῳ
1086 1972 1214 2026 ἔνθα
1264 1975 1326 2028 τὸ
1384 1976 1632 2047 λείψανόν
1689 1999 1792 2052 μου

202 2060 527 2126 ἀπόκειται,
563 2062 657 2115 καὶ
693 2062 801 2113 elei.
831 2061 899 2115 τά
948 2065 1262 2135 ἡγιασμένα
1313 2067 1504 2135 ὕδατα,
1548 2071 1792 2145 eam”:

201 2154 397 2215 αὐτοῖς
429 2154 573 2207 ῖασιν
595 2151 774 2223 ψυχῆς
805 2155 899 2206 καὶ
930 2154 1203 2226 σώματος,
1254 2159 1341 2213 ἵνα
1370 2162 1464 2215 καὶ
1496 2164 1554 2216 ὲν
1581 2163 1792 2231 τούτοις

200 2241 502 2314 δοξάζηται
540 2243 599 2296 τὸ
638 2244 907 2313 πανάγιον
958 2244 1132 2317 ὄνομά
1178 2266 1294 2316 σου,
1329 2251 1445 2321 ἅμα
1478 2251 1557 2322 τῷ
1616 2256 1793 2327 Πατρὶ
1895 2270 1913 2327 j

201 2337 301 2389 καὶ
332 2335 413 2407 τῷ
458 2337 599 2408 άγίῳ
647 2337 948 2408 Πνεύμστι.
984 2357 1003 2390 ι
1042 2341 1152 2393 Καὶ
1187 2342 1591 2418 ἁναπεμψάσης
1619 2349 1793 2419 αὐτῆς

196 2425 283 2489 τὸ,
321 2424 535 2493 Ἀμὴν,
570 2427 787 2495 ἐγένετο
820 2427 977 2501 φωνὴ
1012 2430 1075 2482 ἐκ
1124 2430 1218 2483 τοῦ
1241 2434 1498 2503 ούρανοῦ,
1532 2436 1791 2506 λέγουσα·

206 2533 225 2564 ι
270 2516 469 2586 Δεῦρο,
507 2517 817 2589 ἡγιασμένη
883 2537 987 2590 μου
1025 2520 1357 2593 άθληφόρος,
1395 2524 1679 2582 ἀναπαύου
1710 2531 1792 2595 εἰς

198 2607 272 2658 τὰ
300 2612 529 2678 ταμιεῖα
558 2610 652 2663 τοῦ
680 2611 896 2682 Πατρός
928 2629 1033 2683 μου
1070 2613 1165 2667 τοῦ
1206 2614 1264 2668 ἐν
1287 2618 1561 2688 σύρανοῖς.
1601 2621 1790 2677 Πάντα

196 2698 257 2753 δὲ
292 2700 400 2753 ὅσα
430 2699 497 2755 ἂν
514 2703 719 2773 ᾐτήσω,
772 2703 1079 2776 δεδώρηται
1127 2723 1213 2761 σοι
1252 2711 1384 2783 παρ’
1417 2712 1575 2782 ἐμοῦ.
1614 2733 1634 2766 ι
1677 2717 1788 2771 Καὶ

148 2765 154 2769 1
197 2789 385 2846 ταῦτα
435 2765 719 2848 ἀκούσασα
756 2796 789 2867 ἡ
825 2765 1073 2867 μακαρία
1110 2800 1325 2870 μάρτυς
1377 2804 1473 2857 τοῦ
1524 2806 1787 2878 Χριστοῦ,

198 2880 372 2953 ἦλθεν
407 2888 501 2941 ἐπὶ
546 2888 638 2941 τὸν
676 2888 860 2955 τόπον,
901 2892 995 2944 κα)⁸
1048 2893 1344 2967 ἀπετμήθη
1382 2895 1484 2968 τὴν
1539 2902 1787 2974 κεφαλὴν

199 2977 309 3029 ὑπὸ
339 2979 435 3033 τοῦ
472 2980 659 3051 ξίφους
685 2980 779 3036 τοῦ
809 2984 1014 3055 πατρὸς
1037 2985 1227 3058 αὐτῆς,
1262 2989 1359 3041 σὺν
1389 2993 1454 3058 τῇ
1496 2992 1626 3065 ἁγίᾳ
1650 2994 1787 3049 ’lou-

196 3069 359 3142 λιανῇ
389 3073 448 3125 ἐν
479 3072 557 3144 τῷ
579 3073 729 3145 αὐτῷ
758 3073 927 3145 τόπῳ.
962 3076 1381 3151 Κατερχομένου
1412 3081 1468 3135 δὲ
1484 3085 1778 3156 Διοσκόρου
1818 3092 1910 3146 τοῦ
1925 3069 2141 3170 *πατρῦς
2165 3069 2334 3177 αὐτῆς

191 3161 457 3232 ούρανοῦ,
486 3164 581 3217 καὶ
611 3164 924 3235 κατέφαγεν
950 3167 1135 3235 αὐτὸν,
1186 3169 1328 3223 ὥστε
1362 3173 1501 3243 μήτε
1535 3175 1625 3230 τὸν
1647 3178 1776 3247 χοῦν
1817 3161 2187 3267 φαίνεσθάιξῆ
2214 3161 2525 3274 εὑρεθῆναι,

265 3262 363 3327 ιη’.
399 3258 578 3313 Καλὸν
608 3260 686 3322 ὡς
705 3261 921 3332 ἀληθῶς
1046 3264 1269 3338 ἀθλήσει
1299 3267 1361 3323 τὸ
1392 3269 1545 3335 τέλος
1571 3275 1602 3343 ἡ
1637 3277 1778 3351 μάρ-

189 3370 289 3417 τυς
324 3354 635 3410 ὲπέθεικεν.
672 3355 852 3429 Εύχὴν
890 3358 1003 3432 γὰρ
1031 3360 1143 3415 τῶν
1172 3362 1351 3417 ἄθλων
1397 3366 1455 3419 ὲν
1484 3368 1561 3439 τῷ
1586 3369 1782 3441 πύργῳ

190 3447 541 3519 προστάξασα,
574 3449 741 3520 εὐχὴν
769 3450 986 3515 τούτοις
1012 3454 1106 3506 καὶ
1130 3454 1229 3525 τὴν
1258 3458 1525 3529 κορωνίδα
1552 3460 1781 3534 ἐνέστη-

189 3555 308 3593 σεν.
354 3539 457 3603 Τίς
492 3540 549 3593 δὲ
580 3545 679 3610 τῆς
709 3543 1024 3614 προσευχῆς
1053 3546 1086 3615 ἠ
1120 3544 1351 3618 δύναμις
1376 3563 1392 3613 ;
1419 3550 1662 3622 ᾐτήσατο
1691 3555 1782 3608 τδν

188 3627 325 3683 ἴδιον
360 3632 595 3700 νυμφίον
628 3632 881 3705 Χριστὸν,
933 3634 1094 3689 ἵλεων
1137 3640 1250 3703 τοῖς
1303 3640 1474 3713 αὐτῆς
1505 3661 1606 3716 την
1644 3648 1779 3718 μνή-

188 3739 302 3792 μην
333 3723 678 3777 ἐπιτελοῦσιν
694 3725 969 3794 γενέσθαι,
995 3729 1107 3781 τῶν
1150 3731 1253 3801 μὲν
1282 3732 1779 3808 πλημμελημάτων

183 3814 285 3887 τὴν
312 3815 539 3884 ἄφεσιν,
577 3816 686 3870 τῶν
717 3818 774 3871 δὲ
818 3821 1142 3892 νοσημάτων
1166 3822 1263 3894 τὴν
1308 3825 1475 3881 ἴασιν.
1515 3828 1575 3882 '0
1601 3829 1657 3883 δὲ
1679 3832 1777 3902 τὴν

187 3908 411 3961 ἱκεσίαν
443 3908 761 3980 δεξάμενος,
797 3912 875 3975 εἰς
918 3913 1093 3983 πέρας
1124 3913 1278 3983 ἀγειν
1308 3918 1648 3990 ὑπισχνεῖται
1674 3924 1775 3994 τὴν

182 3997 403 4067 ἔφεσιν,
426 4002 519 4053 καὶ
537 4000 605 4053 δι’
632 4002 839 4066 οἰκείας
867 4006 1051 4075 φωνῆς
1067 4005 1273 4078 ταύτην
1300 4008 1655 4082 πληροφορεῖ,
1680 4015 1775 4067 καὶ

180 4097 422 4165 παρέχει
445 4094 542 4166 τὴν
561 4096 839 4149 πίστωσιν.
857 4098 967 4150 Καὶ
992 4099 1025 4169 ἡ
1051 4100 1152 4169 μὲν
1167 4100 1259 4153 τὸν
1287 4102 1491 4172 αύχενα
1515 4106 1594 4177 τῷ
1618 4106 1762 4176 ξίφει

178 4185 475 4257 ὀλοψύχως
502 4190 813 4258 προέτεινεν
832 4204 847 4220 ο
883 4191 912 4242 6
952 4189 1008 4243 δὲ
1054 4193 1407 4259 τεκνοκτόνος
1435 4197 1642 4270 πατὴρ,
1671 4198 1770 4270 τὴν

179 4275 405 4348 πληγὴν
426 4279 787 4349 ἀσπλάγχνως
804 4282 1104 4353 ἐπήγαγεν.
1125 4284 1233 4337 Καὶ
1263 4286 1295 4356 η
1331 4286 1432 4356 μὲν
1453 4288 1589 4360 πρὸς
1611 4290 1773 4363 ούρα-

178 4370 334 4434 νίους
383 4370 607 4440 δόμους,
631 4373 725 4425 καὶ
754 4372 1203 4446 ηὑτρεπισμὲνην
1224 4376 1607 4452 ἐδορυφορεῖτο
1633 4382 1768 4438 ἀνά-

176 4482 409 4532 παυσιν,
438 4467 467 4520 δ
492 4465 571 4534 δὲ,
590 4467 670 4530 είς
687 4466 815 4537 ᾅδου
840 4470 1149 4541 ταρτάρους
1182 4474 1414 4542 μυχοὺς,
1442 4475 1539 4528 καὶ
1560 4474 1769 4547 ζοφερά

176 4559 430 4627 ταμιεῖα,
449 4556 545 4612 καὶ
564 4559 643 4621 είς
661 4559 1072 4633 ἡτοιμασμένην
1095 4564 1370 4635 κατήγετο
1390 4566 1632 4622 κόλασιν.
1653 4570 1765 4623 Καὶ

175 4650 209 4716 ἡ
236 4648 343 4719 μὲν
372 4647 645 4717 ἀγγέλους
668 4644 815 4719 εἶχεν
831 4651 1095 4723 φαιδροὺς
1119 4653 1492 4725 ποδηγοῦντας
1510 4658 1648 4730 πρὸς
1662 4657 1761 4732 τὴν
1794 4652 1837 4707 D

173 4738 472 4805 ἀνάϐασιν,
514 4741 545 4793 6
567 4739 647 4804 δὲ,
674 4741 938 4811 δαίμονας
964 4744 1208 4814 άμειδεῖς
1238 4764 1302 4799 τε
1348 4748 1446 4801 καὶ
1469 4748 1755 4822 φοϐεροὺς,

173 4830 438 4895 ἕλκοντας
451 4832 722 4896 ἀκουσίως
742 4833 878 4905 πρὸς
899 4834 998 4905 τὴν
1013 4836 1340 4893 κατάϐασιν.
1364 4841 1428 4893 Ὢ
1450 4840 1567 4905 πῶς
1588 4841 1654 4896 ἄν
1675 4860 1759 4907 τις

172 4920 345 4986 ἀξίως
370 4921 718 4995 θρηνήσειεν,
739 4923 1002 4979 πανάθλιε
1024 4929 1114 4981 καὶ
1141 4928 1494 5003 ταλαίπωρει
1522 4930 1640 4997 πῶς
1659 4936 1767 4989 οὐκ

172 5012 407 5085 Ιφριξας
419 5013 519 5086 τὴν
534 5015 698 5085 ἀγίαν
724 5016 1021 5089 ἀποτεμεῖν
1046 5020 1144 5092 τῆς
1176 5022 1454 5094 μάρτυρος
1473 5026 1750 5098 κεφαλήνί

171 5103 292 5168 πῶς
338 5120 440 5158 σου
488 5105 524 5177 ἡ
575 5105 700 5178 χεὶρ
738 5107 840 5162 οὐκ
889 5109 1222 5182 ἐνάρκησεν,
1268 5115 1334 5184 τῇ
1374 5114 1482 5186 ίδία
1518 5114 1752 5189 θυγατρὶ

170 5194 531 5265 ἀναιρετικὴν
558 5196 865 5266 ἀπενέγκαι
890 5200 1070 5272 τομήν
1096 5217 1119 5268 ;-
1148 5202 1289 5256 Ἀλλ’
1318 5203 1487 5269 ὅντως
1514 5208 1751 5279 ταχυτά-

167 5299 270 5354 την
307 5284 577 5355 ἀνηλεοῦς
613 5286 1017 5359 ἀπανθρωπίας
1060 5290 1309 5365 ἐκομίσω
1348 5294 1418 5350 τά
1467 5296 1748 5368 ἐπίχειρα,

169 5373 265 5427 καὶ
313 5375 429 5429 τῶν
482 5377 743 5449 πονηρῶν
793 5381 1131 5454 σπερμάτων
1180 5385 1520 5458 πονηρότερα
1539 5387 1751 5461 ἐθρέψω

165 5463 234 5518 τά
255 5464 571 5536 δράγματα,
623 5469 720 5523 καὶ
756 5471 789 5543 ῆ
832 5471 928 5525 τοῦ
970 5472 1236 5543 προδότου
1291 5490 1351 5527 σε
1419 5475 1589 5532 Ἰούδα
1619 5477 1748 5545 ἀξία

169 5556 441 5626 μετῆλθεν
462 5558 765 5630 ἐκδίκησις.
781 5563 1035 5635 Σκηπτδς
1060 5564 1170 5637 γὰρ
1194 5566 1486 5637 οὐρανόθεν
1508 5571 1746 5641 ἱνεχθεὶς

165 5648 457 5718 κεραυνὸς,
497 5648 659 5720 σῶμά
700 5667 792 5704 σου
830 5653 893 5706 τὸ
927 5655 1122 5726 μικρὸν
1159 5655 1536 5731 έξετέφρωσεν
1567 5661 1750 5715 καὶτὸ

1913 639 1969 683 et
1997 646 2164 699 mare,
2189 645 2242 689 et
2266 636 2320 691 in
2353 644 2698 711 tranquillum
2730 656 2947 709 mutasti
2976 656 3021 689 “
3043 636 3239 731 (omnia
3263 670 3479 739 quippe,

1916 718 2002 739 ,μ
2032 723 2063 739 ν.
2122 738 2127 739 ν
2220 726 2231 738 .
2272 726 2287 739 .
2424 731 2478 739 η-
2533 734 2545 739 -

1912 718 2137 777 Domine
2161 726 2231 779 mi
2262 726 2388 784 Jesu
2418 731 2653 804 Christe,
2677 739 2945 815 prﬁcepto
2969 718 3338 819 oblemperaut
3368 718 3478 825 uin,

1910 812 2034 879 quia
2070 824 2119 869 te
2138 829 2359 875 auctore
2379 826 2593 882 condita
2611 834 2781 902 sunt),
2804 812 2981 903 priebe
3011 812 3478 913 mihi-petitionem

1911 898 2071 966 hanc,
2106 905 2344 974 Domine,
2382 921 2436 967 et
2467 915 2532 969 da
2562 898 2768 977 ancillae
2799 898 2903 979 tua:
2940 898 3201 1000 gratiam',
3235 949 3292 990 ut
3332 944 3479 1009 quis-

1908 992 2028 1058 quis
2059 997 2159 1049 mei
2195 997 2245 1051 in
2274 1012 2463 1059 sancto
2486 1008 2701 1065 nomine
2747 1023 2839 1070 tuo
2883 1023 3222 1093 meminerit,
3269 1033 3480 1102 meique

1908 1085 2154 1151 martyrii
2186 1087 2394 1145 dierum
2421 1099 2735 1155 memoriam
2758 1107 2945 1173 egerit,
2972 1118 3047 1175 tu,
3081 1113 3321 1183 Domine,
3349 1138 3478 1192 pec-

1906 1179 2148 1229 catorum
2196 1179 2313 1246 ejus
2353 1198 2460 1238 non
2495 1191 2863 1251 reminiscaris
2897 1200 2952 1254 in
2984 1203 3071 1258 die
3095 1206 3285 1272 judicii
3310 1249 3328 1279 ,
3379 1215 3476 1269 sed

1903 1260 1952 1314 ei
1978 1267 2244 1334 propitius
2270 1269 2385 1327 ﬁas.
2417 1272 2536 1332 Scis
2552 1281 2900 1360 enim,906
2935 1260 3177 1364 Domine,
3345 1260 3475 1361 οἷιῦ

1902 1360 1959 1407 et
2002 1359 2223 1427 sanguis
2271 1378 2491 1433 sumus,
2544 1385 2678 1440 opus
2720 1359 3173 1443 itttatttittalarttm'
3216 1359 3473 1453 inanuum

1904 1451 2139 1503 tuarum.
2166 1467 2185 1501 ›
2224 1451 2648 1530 Submissoque,
2688 1466 2886 1538 Amen,
2940 1474 3133 1534 iterum
3178 1487 3356 1540 oravit
3387 1487 3475 1543 di-

1902 1553 2078 1594 cens:
2137 1559 2155 1593 ι
2196 1543 2419 1604 Domine
2470 1551 2613 1610 Deus
2662 1559 2919 1620 virtutum
2952 1606 2969 1632 ,
3002 1568 3159 1628 flatus
3197 1581 3375 1635 omnis
3422 1591 3476 1637 et

1900 1629 2081 1684 carnis
2107 1636 2389 1703 conditor,
2441 1645 2532 1711 qui
2580 1649 2830 1706 morbum
2877 1669 3092 1715 onmem
3153 1678 3479 1739 omnemque

3166 1718 3173 1719 ,

1900 1718 2212 1791 languorem
2237 1732 2439 1786 sanasti
2459 1734 2525 1800 “,
2546 1742 2946 1807 prabeancillze
2965 1762 3067 1807 tuae
3086 1757 3311 1823 gratiam
3336 1762 3478 1818 hanc

1902 1818 1962 1863 ut
1995 1815 2176 1869 cuncti
2197 1855 2212 1880 ,
2239 1820 2331 1887 qui
2362 1820 2465 1879 huc
2500 1826 2605 1882 loci
2641 1832 2728 1887 ubi
2758 1836 2997 1907 reliquiae
3024 1859 3155 1900 mea
3194 1850 3474 1919 deponen-

2520 1929 2592 1975 tte
2619 1923 2886 1982 salutares
2916 1946 3088 2001 aqum,
3124 1942 3389 2007 venerint,
3424 1955 3477 1998 te

1907 1993 2215 2066 indulgente
2239 2041 2255 2067 ,
2285 2005 2449 2063 animi
2494 2021 2549 2067 et
2593 2019 2838 2086 corporis
2864 2024 3153 2083 sanitatem
3188 2034 3472 2103 recipiant,

1905 2096 1963 2142 ut
1998 2088 2050 2142 in
2088 2092 2172 2146 his
2204 2109 2417 2167 quoque
2453 2101 2785 2171 glorificatur
2826 2116 3226 2176 sanctissimum
3278 2088 3473 2182 nomen

1898 2375 2083 2419 sancta
2116 2384 2233 2423 mea
2269 2374 2487 2443 victrix,
2517 2384 2797 2452 requiesce
2826 2388 2879 2442 in
2903 2388 3079 2449 Patris
3104 2399 3206 2453 mei
3236 2403 3472 2460 caelestis

1899 2454 2172 2514 thalamis.
2214 2461 2344 2530 Quae
2392 2473 2717 2542 postulasti,
2776 2482 2955 2535 omnia
3010 2499 3040 2540 a
3078 2503 3163 2543 me
3213 2507 3470 2550 concessa

1898 2558 2045 2606 sunt.
2077 2569 2099 2604 ι
2137 2554 2341 2621 Quibus
2377 2563 2578 2620 auditis
2621 2568 2777 2625 beata
2802 2571 3004 2632 Christi
3056 2592 3259 2654 martyr
3297 2588 3363 2640 ad
3392 2588 3461 2644 lo.

1897 2654 2019 2696 cum
2051 2647 2239 2714 venit,
2282 2651 2645 2728 abscissisque
2693 2674 2917 2732 paterno
2968 2684 3098 2725 ettse
3147 2679 3467 2748 cervicibus,

1895 2745 2018 2788 cum
2062 2749 2248 2794 sancta
2301 2741 2511 2801 Juliana
2566 2755 2753 2809 eodem
2797 2757 2915 2812 luco
2958 2764 3169 2821 cecidit.
3214 2768 3467 2829 Dioscoro

1893 2833 2073 2878 autem
2103 2839 2254 2895 patre
2282 2831 2399 2901 ejus
2428 2852 2458 2890 e
2486 2844 2667 2897 mente
2694 2845 3073 2918 descendente,
3101 2857 3240 2923 ignis
3265 2874 3296 2913 e
3330 2864 3466 2918 cado

1891 2915 2087 2971 cecidit
2118 2920 2305 2991 sicque
2328 2924 2500 2996 ipsum
2532 2931 2912 3004 devoravit,ut
2942 2955 3010 2996 ne
3038 2915 3221 3001 favilla
3250 2915 3464 3020 quidem

1890 3019 2194 3077 appareret,
2236 3025 2330 3069 θυι
2366 3033 2699 3079 occurreret.

2527 3112 2623 3168 τοῦ
2660 3116 2842 3187 ὅρους,
2913 3122 3023 3197 πῦρ
3052 3125 3249 3185 ἔπεσεν
3280 3134 3345 3189 ἐκ
3368 3136 3463 3191 τοῦ

1809 3290 1854 3354 c
1957 3287 2043 3346 l8.
2085 3289 2369 3369 Egregium
2406 3300 2566 3371 plane
2600 3304 2757 3362 linem
2797 3313 3076 3367 certamini
3128 3330 3332 3390 martyr
3362 3322 3434 3377 im

1883 3383 2081 3448 posuit.
2125 3387 2259 3443 Cum
2305 3395 2448 3446 enim
2502 3396 2553 3449 in
2609 3402 2743 3454 turri
2803 3418 3016 3472 posvta,
3061 3408 3218 3466 luctte
3271 3428 3459 3483 preces

1882 3478 2255 3543 praemisisset.
2306 3484 2355 3539 ei
2387 3502 2601 3558 quoque
2652 3507 2842 3560 preces
2885 3501 3194 3557 coronidetn
3244 3511 3454 3564 statuit.

1881 3565 2136 3633 Quzeuam
2174 3589 2304 3631 vero
2351 3580 2434 3635 vis
2480 3585 2807 3651 precationis
2842 3589 2985 3644 fuit?
3036 3593 3305 3664 Sponsum
3365 3617 3471 3675 ro-.

1879 3666 2044 3729 gavit,
2082 3677 2139 3719 ut
2172 3671 2488 3727 memoriam
2528 3674 2695 3744 ipsius
2735 3679 3139 3743 celebrantibus
3186 3692 3454 3761 propitius

1880 3753 2040 3818 foret,
2068 3757 2261 3813 delicta
2293 3764 2624 3834 remitteret,
2659 3771 2875 3828 morbos
2907 3790 3146 3835 sanaret.
3187 3753 3280 3837 ille
3301 3826 3316 3849 ,
3352 3789 3451 3841 ad~

1878 3843 2038 3897 tuissa
2075 3848 2481 3920 supplicatione,
2516 3868 2761 3915 votorum
2791 3877 3096 3937 compotem
3130 3872 3300 3940 ipsam
3331 3874 3449 3932 fore

1876 3935 2177 4005 pollicetur,
2213 3958 2417 4011 suaque
2449 3949 2614 4017 ipsius
2645 3967 2776 4010 voce
2809 3935 3097 4016 certiorem
3136 3962 3298 4032 facit,
3330 3968 3450 4023 dal-

1874 4041 1980 4094 que
2009 4032 2381 4091 securitatem.
2424 4038 2503 4094 Ac
2548 4044 2762 4111 quidem
2810 4058 2921 4103 toto
2955 4053 3135 4108 animo
3181 4061 3447 4115 cervicem

1872 4115 2053 4183 gladio
2094 4122 2243 4190 virgo
2288 4131 2607 4197 protendit,
2655 4137 2894 4192 carnifex
2943 4156 3072 4196 vero
3126 4161 3237 4201 sum
3282 4154 3449 4218 prolis

1871 4217 2027 4276 pater
2052 4210 2271 4269 immani
2316 4215 2536 4275 feritate
2567 4222 2732 4279 ictum
2762 4227 2959 4297 adegit.
3000 4231 3174 4302 Atque
3205 4210 3296 4291 illa
3322 4242 3447 4310 qui-

1870 4298 1993 4353 dem
2023 4302 2091 4357 ad
2113 4304 2361 4364 caelestes
2400 4309 2588 4367 domos
2623 4324 2677 4367 et
2706 4315 3020 4374 adornatam
3050 4298 3292 4395 requiem
3320 4298 3444 4386 eum

1870 4405 2060 4462 pompa
2084 4396 2453 4455 deducebatur
2480 4419 2495 4469 ;
2527 4404 2617 4459 hic
2646 4419 2827 4462 autem
2856 4411 2922 4464 ad
2955 4420 3218 4474 tartareus
3248 4419 3441 4476 inferni

1867 4482 2019 4540 sinus
2047 4488 2385 4561 obscuraque
2424 4492 2542 4550 loca
2583 4507 2636 4552 ct
2680 4508 2928 4567 paratum
2972 4507 3289 4576 supplicium
3322 4523 3441 4567 truc

1869 4575 2107 4632 debatur.
2138 4579 2230 4634 Illa
2256 4584 2474 4656 angelos
2494 4587 2729 4645 habebat
2759 4592 2906 4650 latos
2937 4598 3002 4651 ad
3032 4575 3315 4657 ascensum
3342 4607 3441 4660 du-

1866 4681 1984 4722 ces:
2001 4668 2089 4724 hic
2105 4672 2390 4732 tetricosos
2410 4682 2822 4752 tremendosque
2839 4684 3110 4744 dtemones
3128 4692 3195 4745 ad
3213 4693 3409 4750 deseen
3421 4725 3439 4737 -

1864 4771 1982 4811 sum
2007 4759 2172 4817 invite
2204 4765 2500 4824 trahentes.
2522 4767 2569 4825 0
2596 4776 2863 4839 quomodo
2888 4778 3010 4844 quis
3037 4780 3198 4850 digne
3218 4783 3431 4847 deﬂeat,

1868 4847 2238 4911 iufelicissime
2258 4871 2326 4913 ae
2347 4860 2704 4918 miserabilis!
2729 4866 3007 4932 Quomodo
3032 4886 3135 4926 non
3158 4873 3434 4941 horruisti,

1866 4950 1924 4994 ut
1945 4951 2192 4999 sanctam
2220 4951 2478 5019 martyris
2496 4954 2763 5009 cervicem
2790 4956 3137 5016 abscinderes
3162 4963 3175 5016 !
3200 4961 3434 5030 Quomo-

1862 5032 1933 5087 do
1966 5048 2076 5089 uon
2113 5037 2389 5109 obtorpuit
2416 5045 2657 5108 dextera.
2712 5061 2781 5102 ne
2849 5047 2971 5104 filia:
3000 5078 3003 5081 -
3028 5055 3257 5122 proprize
3295 5054 3435 5111 leta-

1858 5123 1965 5179 lem
2018 5127 2186 5184 ictum
2228 5130 2467 5191 inferres
2492 5135 2518 5189 ἲ
2583 5136 2781 5193 Verum
2856 5140 3189 5199 celerrimam
3259 5150 3431 5227 rei'psa

1857 5217 2165 5275 mercedem
2222 5220 2448 5280 immitis
2492 5226 2908 5285 inbumanitatis
2953 5236 3237 5301 reportasti
3268 5274 3286 5300 ,
3326 5222 3429 5293 ini-

1858 5321 2199 5383 quorumque
2235 5317 2501 5373 seminum
2546 5320 2835 5390 nequiores
2884 5323 3185 5394 manipulos
3223 5334 3428 5401 carpsi-

1858 5399 1961 5465 sti,
2012 5409 2176 5473 teque
2209 5402 2365 5462 Iuda:
2393 5409 2687 5478 proditoris
2716 5412 2880 5481 digna
2905 5413 3141 5470 vindicta
3174 5399 3418 5477 insecuta

1856 5498 1958 5543 est.
2002 5489 2043 5545 Ε
2079 5493 2220 5549 cmlo
2251 5495 2396 5552 enim
2425 5498 2690 5554 demissus
2716 5498 2957 5559 fulminis
2991 5518 3217 5570 cuneus,
3249 5507 3425 5576 impu-
3474 5536 3479 5537 ί

1857 5593 1976 5633 rum
2023 5597 2223 5655 corpus
2264 5595 2414 5643 tuum
2466 5589 2519 5645 in
2571 5591 2785 5649 favillas
2842 5597 3093 5667 redegit:
3126 5610 3284 5670 atque
3339 5604 3426 5658 hic

1856 5671 2075 5738 quidem
2116 5684 2169 5731 te
2191 5676 2559 5739 Sodomiticus
2598 5680 2736 5751 ignis
2770 5684 2915 5742 feriit
2942 5728 2957 5755 ,
2990 5688 3098 5744 illie
3123 5701 3303 5746 autem
3332 5708 3426 5764 ge-

238 5831 307 5862 “'
333 5828 522 5887 Matth.
549 5845 668 5895 vut.
698 5832 881 5889 23-27.
951 5835 999 5868 “
1030 5834 1164 5891 Luc.
1188 5838 1531 5910 mugit-25.
1608 5842 1654 5876 δ’
1693 5842 1776 5899 Ma

1883 5893 1885 5900 ,
1922 5862 1999 5921 tv,
2028 5854 2115 5910 23.
