4070 6430
616 415 717 478 807

1753 403 1809 461 5.
1850 396 2169 460 JOANNIS
2204 397 2213 457 1

2317 393 2604 456 MASCEN
2614 393 2637 452 Ι
3769 394 3852 455 8’8

622 533 814 581 Ineunte
870 532 920 576 te
977 520 1192 574 ﬂamma
1252 517 1490 588 excipiet
1546 513 2027 583 lnexstinguibilis.
2083 512 2197 564 Non

2317 510 2407 580 μὲν
2429 505 2779 578 Σοδομιτικὸν
2810 503 3046 559 ἐνταῦθά
3081 520 3139 556 σε
3171 501 3284 577 πῦρ
3333 501 3723 571 ἐκεραύνωσεν,
3750 507 3774 575 ἡ
3800 507 3846 560 δι

619 615 765 671 enim
818 616 1012 684 dignus
1064 611 1211 665 luisti
1270 608 1361 678 qui
1419 609 1471 661 in
1534 606 1670 659 vivis
1725 612 1999 673 superstes
2029 616 2199 664 esses,

624 724 691 763 ne
744 707 915 778 digito
956 708 1367 759 demonstratue
1410 698 1665 768 martyris
1716 704 1870 764 pater
1918 693 2203 747 dicereris.

626 798 743 854 Non
780 809 831 852 te
872 796 1101 866 amplius
1149 794 1293 849 ardes
1341 800 1444 844 tnze
1491 789 1734 858 recipere
1777 785 2082 850 sustinent,
2137 798 2203 837 ex

626 892 824 962 quibus
871 888 1156 959 virginem,
1192 897 1422 951 eamque
1472 880 1832 935 clarissimam
1878 876 2202 932 exturbasti.

702 1088 787 1142 19.
831 1086 910 1140 Tu
945 1099 1070 1139 vero
1100 1083 1254 1148 mihi,
1293 1078 1499 1135 Christi
1550 1075 1758 1132 ovicula
1785 1115 1800 1140 ,
1834 1072 2118 1135 columba,
2152 1078 2208 1126 et

630 1196 852 1250 sponsa,
882 1194 945 1232 ac
973 1178 1017 1232 si
1050 1180 1192 1245 quod
1211 1176 1408 1228 bonum
1434 1186 1629 1227 nomen
1653 1181 1756 1233 est,
1778 1169 2207 1239 gratiosumqne,

630 1284 681 1326 et
715 1281 1000 1342 praestans,
1024 1268 1190 1334 salve,
1221 1282 1339 1337 quae
1367 1267 1599 1321 stadium
1628 1276 1850 1317 strenue
1879 1274 2096 1314 emensa
2125 1273 2204 1312 cs.

633 1366 813 1429 Salve,
851 1378 969 1431 qua:
1000 1363 1159 1432 digna
1184 1359 1467 1415 certamini
1493 1357 1708 1428 praemia
1739 1352 1989 1408 retulisti.
2027 1351 2205 1414 Salve,

633 1459 741 1521 cui,
780 1454 1057 1524 multiplici
1091 1468 1262 1521 agone
1292 1450 1572 1513 desudata,
1604 1447 1878 1516 multiplex
1904 1445 2083 1516 palma
2109 1445 2203 1497 de-

631 1548 812 1602 betur.
852 1544 1033 1609 Salve,
1065 1558 1183 1612 qua:
1209 1541 1453 1608 corporis
1477 1554 1667 1594 sensus
1702 1539 1752 1590 in
1777 1535 1999 1606 juvenili
2030 1543 2207 1596 aetate,

633 1639 787 1693 senili
842 1635 1201 1707 prudentique
1256 1631 1420 1702 907
1476 1644 1628 1684 more
1682 1628 1983 1699 castigasti.
2027 1626 2209 1688 Salve,

633 1749 753 1800 qua:
786 1730 1150 1797 virginitatem
1183 1725 1399 1780 Christo
1422 1764 1437 1789 ,
1478 1724 1640 1777 etiam
1696 1729 1819 1775 ante
1864 1719 2208 1790 martyrium,

637 1826 1011 1878 intemeratam
1059 1829 1220 1886 atque
1260 1815 1595 1885 impollutam
1633 1812 1844 1867 vovisti.
1888 1811 2068 1874 Salve,
2094 1824 2213 1879 quze

2304 605 2404 668 τῆς
2438 601 2664 670 γεέννης
2722 616 2782 652 σε
2820 597 2953 668 φλὸξ
2987 596 3251 661 ἄσϐεστος
3285 599 3402 650 ἐκεῖ
3445 595 3767 658 ὑποδέξεται.
3788 602 3847 651 Ού

2306 696 2414 765 γὰρ
2443 694 2524 747 ἔτι
2564 692 2852 746 ἐπιϐιῶναι
2889 689 3184 760 ἐτύγχανες
3234 688 3405 756 ἄξιος,
3453 689 3541 741 ἵνα
3584 688 3656 758 μὴ
3684 688 3849 742 δακτυ-

2310 784 2761 856 λοδεικτούμενος
2815 783 2999 853 πατὴρ
3073 782 3341 851 κληθῆναι
3418 784 3519 849 τῆς
3575 780 3842 851 μάρτυρος.

2307 874 2507 928 Οὐκέτι
2540 891 2600 927 σε
2646 876 2675 926 ό
2715 874 2805 936 σὸς
2858 869 3008 935 οἶκος
3058 872 3313 941 ἀνέχεται
3368 869 3644 935 δέξασθαι,
3690 872 3771 938 ἀφ’
3803 865 3851 925 οῦ

2306 983 2450 1031 τινος
2488 965 2588 1038 τὴν
2618 965 2911 1037 παρθένον,
2949 963 3046 1016 καὶ
3076 963 3330 1032 πανεύφη
3340 979 3439 1033 μον
3471 960 3747 1030 sagum“.

2382 1079 2469 1134 nr.
2516 1080 2588 1132 Σὺ
2627 1078 2689 1130 δέ
2732 1094 2823 1147 μοι
2858 1076 2892 1145 ἡ
2928 1072 3169 1147 Χριστοῦ
3203 1072 3400 1141 ἀμνὰς,
3436 1070 3534 1123 καὶ
3566 1073 3851 1143 περιστερὶ,

2308 1175 2405 1228 καὶ
2432 1172 2641 1243 νύμφη,
2672 1171 2768 1222 καὶ
2798 1170 2905 1221 πᾶν
2937 1168 3042 1221 εἴτι
3078 1161 3171 1219 οῦν
3220 1165 3393 1234 ὄνομα
3439 1162 3627 1227 καλὸν,
3661 1165 3746 1216 καὶ
3774 1183 3853 1233 χα-

2313 1265 2453 1338 ρίεν,
2493 1263 2589 1316 καὶ
2620 1261 2828 1331 τίμιον,
2856 1262 3039 1329 χαῖρε,
3072 1257 3337 1326 γεννικῶς
3369 1254 3481 1309 τῶν
3529 1254 3745 1323 ἀγώνων
3769 1257 3856 1309 8::-

2309 1356 2592 1429 δραμοῦσα
2606 1355 2697 1407 τὸν
2715 1352 2952 1406 δίαυλον.
2974 1350 3151 1421 Χαῖρε
3164 1390 3180 1412 ,
3199 1349 3306 1401 τῶν
3322 1349 3502 1401 ἄθλων
3527 1348 3716 1413 ἐπάξια
3737 1367 3856 1418 κομι-

2314 1451 2526 1521 σαμένη
2541 1450 2610 1501 τὰ
2622 1446 2853 1501 ἔπαθλα.
2869 1446 3063 1515 Χαῖρε,
3077 1438 3221 1516 ᾗπερ
3236 1442 3405 1495 πολλὰ
3419 1442 3490 1494 τὰ
3511 1440 3728 1511 βραδεῖα
3746 1443 3855 1514 ὑπὲρ

2315 1541 2530 1598 πολλῶν
2558 1540 2666 1594 τῶν
2699 1538 3104 1608 ἀγωνισμάτων
3149 1534 3448 1605 όφείλεται.
3485 1534 3678 1602 Χαῖρε,
3715 1535 3856 1604 ἡτῶν

2318 1634 2590 1709 ὲμπαθῶν
2614 1628 2717 1704 τῆς
2752 1631 2956 1703 σαρκὸς
2991 1626 3645 1700 σκιρτημάτωνλ.ογισμῷ
3661 1627 3855 1697 ἐπικρα.

2313 1730 2526 1800 τήσασα
2559 1725 2821 1796 σώφρονι.
2853 1724 3051 1793 Χαῖρε,
3088 1722 3121 1790 ἡ
3145 1719 3246 1783 τάς
3278 1718 3372 1773 τοῦ
3430 1718 3683 1787 σώματος
3708 1720 3859 1789 αίσθήο

2318 1838 2431 1883 σεις
2461 1821 2518 1872 ἐν
2541 1818 2759 1889 ἡλικίας
2788 1817 3002 1887 νεότητι
3037 1812 3422 1886 πρεσϐυτικῶς
3470 1813 3567 1865 καὶ
3608 1812 3857 1881 ἐμφρόνως

635 1913 879 1983 corporis
926 1881 1155 1965 formam
1186 1881 1744 1962 nullisaﬂ'ectionibus
1774 1903 2085 1974 inquinasti,
2116 1901 2210 1956 sed

2317 1881 2805 1981 παιδαγωγήσασα.
2820 1881 3014 1979 Χαῖρε,
3032 1908 3066 1977 ἡ
3084 1881 3188 1977 τὴν
3208 1924 3281 1958 πα
3291 1904 3531 1975 ροενίαν.
3549 1904 3643 1957 καὶ
3670 1906 3763 1973 πρὸ
3786 1905 3858 1957 τοῦ

636 2007 895 2057 intactam
912 1998 1193 2055 Couditori
1227 1996 1558 2051 consecrain
1588 2005 1641 2049 et
1672 1993 1990 2048 exhibuisti.
2026 1991 2208 2057 Salve,

632 2110 751 2162 qua:
782 2094 835 2146 in
871 2091 1007 2145 turri
1036 2088 1181 2144 velut
1216 2088 1269 2142 in
1319 2086 1572 2157 praesidio
1594 2126 1609 2153 ,
1642 2094 1693 2140 et
1726 2084 1995 2155 virginum
2027 2093 2210 2136 orato-

635 2186 714 2239 ria
766 2183 969 2246 domo,
1018 2180 1239 2235 crebras
1290 2189 1345 2234 et
1394 2179 1639 2234 sinceras
1690 2190 1879 2245 preces
1922 2172 2209 2235 oﬂ‘erebas,

634 2286 889 2344 certaque
921 2289 1101 2328 rerum
1146 2270 1599 2339 contemplatione
1628 2268 1693 2321 ad
1726 2277 1996 2321 auctorem
2029 2280 2215 2320 assur-

633 2383 791 2438 gens.
823 2365 991 2422 solius
1024 2380 1147 2418 vere
1176 2364 1301 2418 bnni
1328 2372 1383 2417 et
1426 2361 1673 2415 amabilis
1703 2360 1914 2413 deliciis
1963 2357 2082 2413 sine
2126 2373 2213 2409 sn-

637 2462 820 2514 tietate
847 2457 1133 2511 lruebaris.
1174 2454 1353 2519 Salve,
1393 2468 1513 2523 quae
1544 2453 1595 2506 in
1627 2452 1819 2506 balneo
1866 2449 2213 2519 detergendis

634 2566 926 2622 corporum
957 2549 1209 2603 sordibus
1239 2556 1575 2617 cumparato,
1618 2555 1859 2599 sanctam
1890 2541 2210 2596 Trinitatem

637 2646 775 2698 trina
809 2657 903 2711 per
937 2640 1200 2694 fenestras
1229 2639 1589 2693 illustratiune
1618 2636 2015 2708 reprzesentasti
2045 2676 2060 2701 ,
2116 2634 2214 2689 tri-

637 2734 868 2805 pliciqtte
899 2731 1204 2784 animorum
1237 2729 1634 2783 illuminatione
1668 2728 1954 2797 mysticum
1988 2735 2043 2780 et
2069 2726 2214 2781 salu-

638 2839 753 2879 tare
802 2823 1065 2893 baptisma
1114 2821 1419 2877 delineasti.
1461 2821 1621 2874 Salve
1650 2861 1665 2887 ,
1731 2835 1851 2889 quin
1905 2818 2024 2873 sine
2062 2834 2211 2873 mora

637 2912 1117 2970 consubstantialis
1151 2910 1440 2965 Trinitatis
1502 2911 1658 2963 [idem
1713 2908 2010 2978 tltCOlOgicn
2064 2922 2215 2962 more

637 3006 883 3059 confessa
913 3017 994 3057 es.
1044 3002 1225 3064 Salve,
1266 3018 1386 3071 qua:
1425 3017 1589 3055 uumn
1644 3017 1675 3054 e
1713 3012 1898 3055 sancta
1951 2999 2215 3054 Trinitate

639 3102 855 3163 propter
886 3101 1126 3146 nostram
1182 3093 1409 3144 salutem
1464 3092 1733 3145 hominem
1783 3091 1981 3144 factum
2015 3089 2211 3159 praedi-

637 3185 796 3238 casti.
840 3183 1041 3247 Salve,
1068 3196 1187 3250 quzc
1237 3182 1482 3247 divitias,
1532 3181 1895 3250 deliciasque,
1929 3195 1994 3234 ac
2038 3188 2215 3233 vestes

637 3273 876 3341 sericas,
917 3286 1039 3326 cum
1071 3271 1217 3326 omni
1250 3271 1493 3341 corporis
1526 3284 1583 3326 et
1621 3272 1959 3327 formositate
1980 3312 1995 3336 ,
2024 3282 2078 3326 et
2106 3281 2215 3325 ter-

639 3380 893 3420 renorum
940 3363 1459 3419 oblectamentorum
1532 3362 1868 3433 iucunditate
1927 3364 2211 3433 despuisti,

639 3458 828 3525 hisque
854 3464 1055 3510 interna
1083 3466 1137 3509 et
1163 3455 1488 3509 immortalia
1521 3455 1657 3510 bona
1692 3458 2032 3511 commutasti
2054 3498 2069 3521 ,
2096 3472 2215 3526 quae

638 3546 920 3602 oculorum
959 3546 1141 3600 lumen
1166 3587 1181 3611 ,
1212 3548 1428 3601 auditus
1458 3547 1565 3602 vim
1590 3588 1605 3612 ,
1636 3564 1964 3619 omnemque
1991 3563 2214 3605 sensum

637 3640 693 3692 et
720 3639 960 3693 auditum
991 3647 1269 3709 superant.
1310 3639 1488 3704 Salve,
1522 3657 1645 3709 quae
1675 3642 1959 3695 delicatam
2000 3652 2215 3696 aetatem

640 3740 695 3785 et
739 3732 1057 3785 muliebrem
1115 3732 1538 3787 imbecillitatem
1602 3743 1823 3787 strenue
1876 3744 1935 3788 et
1988 3734 2219 3789 viriliter

642 3832 896 3876 contento
925 3822 1091 3877 animi
1116 3838 1276 3878 sensu
1312 3824 1599 3879 rohorasti.
1642 3824 1822 3891 Salve,
1852 3841 1972 3897 quae
2006 3828 2215 3881 crucia-

644 3924 794 3967 tuum
834 3915 1316 3970 dehonestamenta
1366 3933 1470 3971 non
1524 3920 1822 3987 expavisti,
1860 3921 1990 3989 quin
2041 3922 2218 3992 potius

642 4005 902 4059 audacter
933 4014 984 4060 te
1017 4008 1195 4061 omnis
1241 4007 1456 4077 generis
1497 4010 1777 4078 suppliciis
1829 4020 1885 4065 et
1938 4013 2220 4066 tormentis

643 4096 918 4150 dedidisti.
946 4096 1127 4161 Salve,
1158 4113 1279 4166 qua:
1308 4099 1359 4152 in
1386 4114 1551 4154 carne
1590 4115 1776 4170 agens,
1809 4102 2009 4157 Christi
2038 4103 2219 4157 videre

641 4189 941 4243 claritatem
976 4189 1261 4255 meruisti,
1322 4190 1465 4245 haud
1508 4206 1665 4247 secus
1718 4201 1882 4263 atque
1933 4195 1985 4249 in
2039 4203 2221 4250 monte

642 4278 888 4347 primarii
917 4276 1198 4348 discipuli;
1225 4279 1351 4351 quia
1384 4295 1502 4335 eam
1526 4298 1647 4336 cum
1667 4282 1778 4337 Elia
1806 4293 1862 4339 et
1881 4283 2063 4355 Moyse
2090 4300 2219 4339 con-

642 4382 893 4436 rpexere,
917 4366 1043 4438 jure
1076 4370 1218 4425 beati
1262 4372 1391 4426 dicti
1443 4383 1570 4427 sunt
1593 4373 1663 4428 ‘°.
1715 4374 1895 4441 Salve,
1928 4391 2047 4444 qua:
2095 4390 2220 4430 ver-

644 4462 832 4513 ln-rum
861 4462 1137 4515 cruciatus
1160 4502 1175 4525 ,
1224 4461 1355 4516 ferri
1385 4504 1401 4529 ,
1457 4466 1877 4534 asperrimorum
1919 4467 2219 4522 ciliciorum

2316 2003 2643 2076 μαρτυρίου,
2659 2000 2890 2071 φυλάξαι
2903 1999 2980 2069 τῷ
2993 1999 3038 2052 Χ
3048 1997 3214 2069 ριστῷ
3231 1995 3689 2067 καθυποσχομένη
3701 1995 3861 2064 ἄχραν-

2313 2115 2404 2152 τον
2441 2097 2538 2150 καὶ
2586 2095 2874 2166 ἀμίαντον.
2921 2094 3132 2163 Χαῖρε,
3174 2093 3208 2161 ἠ
3252 2090 3313 2143 τὸ
3359 2088 3672 2159 σωματικὸν
3702 2085 3860 2151 κάλλος

2311 2190 2424 2252 τοῖς
2450 2186 2649 2241 πάθεσι
2681 2184 2758 2257 μὴ
2786 2182 3089 2256 ρυπῶσασα
3109 2222 3125 2246 ,
3153 2180 3271 2237 ἀλλ’
3298 2181 3582 2249 ἀνέπαφον
3603 2178 3676 2249 τῷ
3698 2182 3860 2249 ποιητῇ

2310 2279 2573 2334 ἀναθεῖσα
2602 2279 2699 2332 καὶ
2736 2276 3066 2348 παραθεῖσα.
3100 2276 3274 2347 Χαῖρε
3295 2314 3310 2337 ,
3336 2277 3370 2345 ὴ
3402 2275 3460 2327 ὲν
3490 2274 3569 2345 τῷ
3602 2273 3778 2345 πύργῳ
3804 2276 3861 2338 ὡς

2312 2373 2370 2424 ὲν
2417 2370 2652 2441 ἀσφαλεῖ
2682 2369 2949 2442 φρουρίῳ,
2986 2368 3081 2423 καὶ
3115 2367 3403 2438 παρθένων
3438 2367 3741 2438 εύκτηρίῳ,
3780 2385 3860 2419 πυ·

2312 2463 2447 2527 κνάς
2470 2505 2485 2529 ,
2513 2463 2611 2517 καὶ
2648 2464 2975 2534 ἀκραιφνεῖς
3022 2460 3098 2531 τῷ
3132 2460 3251 2531 Θεῷ
3295 2460 3613 2532 προσευχὰς
3654 2460 3860 2529 ἀναπέμ-

2312 2574 2490 2610 πουσα
2512 2598 2529 2623 ,
2574 2557 2669 2609 καὶ
2698 2558 2762 2626 τῇ
2806 2553 3039 2609 ἀπλανεῖ
3063 2553 3171 2606 τῶν
3192 2552 3363 2606 όντων
3399 2552 3610 2624 θεωρίᾳ
3642 2551 3765 2623 πρὸς
3792 2552 3860 2605 τόν

2314 2646 2547 2717 ποιητὴν
2583 2645 2878 2714 ἀναχθεῖσα
2899 2682 2916 2709 ,
2957 2642 3055 2697 καὶ⁵
3086 2642 3182 2696 τοῦ
3214 2642 3377 2715 μόνου
3426 2642 3600 2707 ὅντως
3641 2642 3786 2696 καλοῦ
3814 2659 3859 2695 τι

2313 2737 2407 2791 καὶ
2436 2734 2665 2805 ἐραστοῦ
2697 2734 2991 2806 ἀπλήστως
3025 2735 3518 2806 κατατρυφήσασα.
3556 2735 3739 2805 Χαῖρε,
3762 2737 3790 2803 ἡ
3817 2737 3860 2787 ἐν

2310 2827 2388 2897 τῷ
2423 2826 2515 2879 τοῦ
2550 2823 2865 2897 σωματικοῦ
2902 2823 3073 2895 ῥύπου
3114 2824 3465 2897 καθαρτηρίῳ
3519 2824 3721 2897 λουτρῷ
3754 2842 3863 2895 stip-

2313 2917 2544 2981 ϐολικῶς
2575 2918 2674 2988 τὴν
2720 2916 2927 2988 Τριάδα
2969 2916 3058 2971 διὰ
3095 2918 3195 2988 τῆς
3236 2917 3345 2971 τῶν
3390 2917 3628 2990 θυρίδων
3668 2919 3861 2989 τριπὶῆς

2313 3010 2679 3082 φωταγωγίας
2708 3009 3107 3075 ὲξεικονίσασα,
3156 3012 3251 3065 καὶ
3291 3011 3351 3065 τὸ
3391 3013 3459 3082 τῇ
3498 3013 3687 3083 τριττῇ
3720 3028 3861 3079 φωτο⁴

2312 3102 2466 3174 δοσία
2506 3102 2697 3173 ψυχῶν
2751 3100 3018 3174 μυστικὸν
3053 3102 3147 3156 καὶ
3185 3103 3454 3173 σωτήριον
3504 3102 3742 3166 τυπικῶς
3770 3103 3861 3155 δισ-

2320 3192 2581 3264 γρὰψασα
2622 3190 2927 3262 βάπτισμα.
2982 3192 3174 3261 Χαῖρε,
3206 3193 3240 3263 ἡ
3271 3192 3433 3254 εὐθὺς
3468 3194 3760 3264 τρανότατα
3788 3192 3861 3262 τὴν

2318 3282 2417 3353 τῆς
2447 3282 2733 3353 όμοουσίου
2768 3280 2998 3351 Τριάδος
3032 3281 3215 3334 πίστιν
3247 3280 3548 3351 θεολογικῷ
3586 3282 3862 3352 διομολογήο

2322 3390 2466 3428 σασα
2495 3374 2745 3444 στόματι.
2791 3374 2963 3440 Χαῖρε
2982 3411 2998 3437 ,
3025 3374 3058 3444 ἠ
3090 3373 3182 3426 τὸν
3220 3372 3317 3426 ἕνα
3356 3374 3455 3444 τῆς
3484 3374 3649 3442 ἁγίας
3673 3374 3861 3444 Τριάδος

2319 3464 2409 3517 διὰ
2460 3464 2558 3533 τὴν
2607 3462 2886 3534 ἡμετέραν
2940 3462 3443 3535 ὲνανθρωπήσαντα
3498 3466 3783 3536 σωτηρίαν,
3818 3465 3861 3516 ἐν

2324 3555 2609 3627 παρρησίᾳ
2649 3555 2956 3625 κηρύξασα.
2989 3557 3181 3629 Χαῖρε,
3214 3558 3246 3627 ἡ
3278 3556 3507 3609 πλοῦτον
3548 3558 3643 3610 καὶ
3670 3557 3859 3627 τρυφὴν,

2322 3649 2419 3701 καὶ
2449 3650 2631 3719 σηρῶν
2656 3649 2915 3719 νημάτων
2950 3649 3265 3718 ὑφάσματα,
3296 3650 3390 3703 καὶ
3410 3648 3575 3702 λίθων
3604 3649 3863 3716 πολυτιμή-

2321 3757 2454 3803 των,
2494 3740 2589 3793 κα“ι
2637 3740 2993 3811 μαργαρίτων
3044 3739 3530 3811 χρυσοκολλήτων,
3581 3739 3673 3793 καὶ
3718 3741 3861 3791 πᾶσιν

2326 3832 2647 3903 σωματικὴν
2680 3832 2981 3903 εὐκοσμίαν
3012 3833 3108 3885 καὶ
3135 3832 3476 3904 ὡραιότητα,
3524 3834 3621 3887 καλ⁸
3648 3832 3747 3885 τῶν
3770 3832 3864 3883 ὲπιο

2324 3925 2489 3993 γείων
2550 3927 2936 3996 τερπνοτήτων
2998 3926 3299 3980 ἀπόλαυσιν
3356 3926 3732 3987 διαπτύσασα,
3794 3924 3864 3977 καὶ

2323 4016 2527 4071 τούτων
2552 4016 2997 4090 ἀνταλλαξαμένη
3032 4018 3225 4072 αἰώνια
3270 4019 3451 4087 ἀγαθά
3482 4020 3580 4073 καὶ
3626 4020 3861 4090 ἀκήρατα,

2323 4108 2391 4161 τὰ
2437 4109 2704 4179 ὀμμάτων
2746 4110 2961 4180 ὅρασιν,
3008 4109 3101 4163 καὶ
3154 4109 3306 4164 ὤτων
3363 4109 3555 4181 ἀκοὴν,
3601 4111 3692 4163 καὶ
3722 4109 3863 4160 πᾶσαν

2326 4199 2578 4270 αἴσθησίν
2608 4216 2667 4253 τε
2701 4202 2795 4253 καὶ
2836 4201 3023 4271 νόησιν
3058 4200 3446 4271 ὑπεραίροντα.
3499 4202 3667 4271 Χαῖρε
3697 4240 3711 4263 ,
3746 4199 3773 4268 ἡ
3820 4192 3865 4247 τδ

2326 4289 2425 4359 τῆς
2466 4289 2680 4359 ἡλικίας
2724 4291 3019 4362 τρυφερὸν,
3056 4293 3150 4344 καὶ
3193 4292 3251 4344 τὺ
3295 4291 3389 4345 τοῦ
3426 4292 3632 4364 θήλεως
3681 4289 3863 4349 ἀσθενὲς

2328 4383 2593 4451 γεννικῶς
2623 4384 2715 4436 καὶ
2752 4383 3025 4455 ἀνδρικῶς
3056 4383 3411 4457 στερεώσασα
3440 4385 3676 4455 συντόνῳ
3700 4381 3865 4453 φρονή-

2332 4492 2481 4545 ματι.
2532 4476 2727 4545 Χαῖρε,
2764 4478 2798 4546 ὴ
2838 4477 2974 4548 πρὸς
3004 4477 3132 4541 τοὺς
3163 4477 3271 4531 τῶν
3315 4478 3589 4532 κολάσεων
3617 4473 3865 4544 αἰκισμοὺς

647 4546 1060 4616 perlricatioues
1085 4588 1103 4614 ,
1137 4551 1418 4620 sanguinis
1448 4552 1778 4623 proﬂuentes
1830 4557 1977 4611 rivos
2002 4596 2018 4623 ,
2085 4558 2213 4629 ignis

2332 4570 2407 4639 μὴ
2451 4546 2922 4640 δειλανδρήσασα,
2973 4568 3292 4641 θαρσαλέως
3346 4570 3402 4623 δὲ
3455 4570 3652 4641 μᾶλλον
3704 4565 3865 4635 ἑαυτὴν

644 4650 895 4693 rorantes
938 4639 1222 4706 ﬂammas,
1271 4655 1488 4700 exsecta
1536 4647 1810 4713 membra,
1855 4649 2011 4704 nudae
2040 4653 2225 4706 tradu-

642 4729 912 4793 ctionem,
944 4731 1136 4800 capitis
1167 4742 1221 4786 et
1244 4732 1366 4787 vita:
1392 4735 1792 4803 ademptionem
1822 4738 2024 4795 Christi
2056 4758 2220 4797 causa

643 4818 973 4885 sustinuisti,
1006 4833 1064 4873 ut
1095 4822 1350 4893 deinceps
1375 4825 1681 4881 immortale
1704 4844 1900 4899 corpus
1930 4832 2219 4902 reciperes,

644 4920 760 4964 tum
784 4912 1221 4983 .incorruptionis
1276 4916 1446 4972 radiis
1494 4917 1791 4989 eﬂ‘ulgens,
1848 4932 1904 4979 et
1953 4923 2220 4982 claritatis

641 5000 921 5057 inductum
951 5003 1087 5058 stola
1115 5046 1131 5071 ,
1163 5022 1325 5077 quam
1356 5008 1504 5065 nulla
1554 5014 1636 5068 vis
1682 5016 1951 5072 sermonis
1974 5018 2223 5089 eXplica-

638 5096 780 5149 verit
807 5105 898 5149 aut
926 5101 1253 5156 narraverit.

2330 4660 2590 4715 ἐπιδοῦσα
2625 4664 2902 4722 παντοίοις
2939 4660 3374 4731 βασανιστηρίων
3418 4661 3582 4713 εἴδεσι
3616 4658 3705 4712 καὶ
3742 4671 3866 4726 στρεο

2331 4752 2586 4807 σλώσεσι.
2643 4754 2838 4825 Χαῖρε,
2874 4754 2908 4823 ἡ
2960 4752 3019 4805 ὲν
3059 4753 3225 4823 σαρκὶ
3252 4751 3601 4823 διατρίϐουσα
3624 4790 3638 4813 ,
3669 4743 3864 4819 Χριστοῦ

2327 4845 2427 4916 τὴν
2458 4844 2617 4909 δόξαν
2656 4845 2783 4898 ίδεῖν
2812 4844 3092 4916 ὴξιωμένη
3118 4884 3133 4909 ,
3181 4844 3257 4907 ὡς
3306 4844 3473 4915 ἐντῷ
3508 4844 3620 4915 ὄρει
3656 4841 3753 4893 τῶν
3781 4855 3865 4908 μα·

2328 4936 2510 5006 θητῶν
2543 4938 2594 4991 οἱ
2636 4937 2943 5011 πρόκριτοι,
2975 4938 3073 4991 σὺν
3114 4938 3273 5010 Ἠλίᾳ
3302 4938 3398 4989 καὶ
3438 4938 3611 5008 Μωσῇ
3649 4928 3865 5000 τεθεαμέ-

2331 5044 2437 5092 νοι,
2502 5028 2893 5099 προσηκόντως
2950 5027 3423 5101 ὲμακαρίσθησαν.
3462 5029 3664 5095 Χαῖρε,
3711 5025 3740 5094 ή
3783 5020 3864 5073 τῶν

2338 5118 2618 5190 μαστίγων
2646 5119 2746 5183 τὰς
2774 5119 3074 5191 ἀλγηδόνας
3093 5159 3109 5189 ,
3150 5120 3245 5174 καὶ
3296 5120 3534 5191 σιδήρων
3563 5116 3860 5181 καταξέσεις.

639 5188 735 5286 καὶ
781 5191 1145 5261 τραχυτάτων
1198 5195 1457 5267 τριχίνων
1512 5198 1852 5271 ὑφασμάτων
1909 5205 2220 5279 ἑκτρίψεις,
2261 5188 2359 5265 καῖ
2389 5213 2638 5284 αἱμάτων
2681 5188 2973 5285 ῥοὰς,καὶ
3042 5214 3212 5286 πυρὸς
3284 5188 3642 5285 φλοῇσμοις,
3680 5210 3761 5263 καὶ
3787 5221 3861 5275 με·

638 5281 747 5389 λῶν
768 5286 1029 5389 Exsulta-6.
1161 5292 1388 5389 γυμνὴν
1417 5296 1813 5369 ίκπόμπευσιν,
1849 5303 1945 5356 καὶ
1975 5304 2219 5376 κεφαλῆς
2255 5308 2349 5361 καὶ
2380 5281 2527 5379 ζωίῆς
2593 5281 2883 5381 ὑφαίρεσιν
2913 5308 3001 5363 διὰ
3030 5281 3265 5381 Χριστὸν
3295 5281 3304 5282 7
3333 5281 3695 5381 ὑπομείνασα,
3722 5305 3794 5357 ἵνα
3820 5302 3863 5351 τί

642 5378 801 5475 σῶμα
834 5378 1029 5475 λοιπον.
1079 5382 1251 5456 λάὸῃς
1281 5386 1572 5456 ἀθάνατον,
1628 5392 1939 5464 ἀφθαρσίας
1986 5400 2359 5470 μαρμαρυγὰς
2445 5378 2862 5475 ἀπαστράπτον,
2916 5403 3006 5457 καὶ
3052 5378 3213 5475 δόξης
3257 5378 3629 5475 ἡμφιεᾷμένον
3707 5398 3861 5465 auxi};

640 5469 920 5538 ἄφραστον
949 5473 1045 5526 καὶ
1081 5474 1466 5550 ἀνεκλάλητον.

638 5585 643 5589 ο
708 5558 799 5614 20.
836 5557 913 5615 Te
941 5561 1066 5631 jure
1093 5564 1271 5620 mirati
1322 5579 1448 5625 sunt
1492 5572 1738 5629 homines
1777 5579 1847 5633 ob
1902 5589 2047 5635 tuam
2081 5596 2211 5637 con-

642 5652 898 5707 stantiam
924 5670 940 5709 :
965 5655 1140 5726 angeli
1172 5667 1447 5715 certamen
1478 5673 1655 5730 tuum,
1685 5668 1761 5722 uti
1785 5684 1882 5739 par
1904 5680 2007 5737 est,
2027 5673 2217 5743 plausu

710 5827 759 5860 ³⁸
792 5825 980 5884 Matth.
1007 5845 1136 5899 xvii,
1169 5834 1194 5888 1
1227 5847 1377 5905 seqq.

2384 5582 2455 5637 κ’.
2488 5583 2554 5637 Σὲ
2603 5584 2827 5649 δικαίως
2867 5585 2966 5656 τῆς
2995 5584 3293 5656 καρτερίας
3338 5583 3648 5656 ἐθαύμασαν
3688 5583 3857 5653 ἀνέρω-

2329 5692 2442 5741 ποι,
2474 5674 2699 5744 ἄγγελοι
2745 5674 2800 5727 δὲ
2834 5676 3058 5740 εἰκότως
3108 5675 3206 5747 τὴν
3247 5675 3473 5747 ἄθλησιν
3522 5677 3790 5750 ἐκρότησαν
3815 5689 3857 5723 τι
