4070 6422
187 410 298 471 809

1180 419 1564 483 LAUDATIO
1601 423 1660 483 S.
1703 420 2075 484 BARBARAE
2114 421 2345 481 MART.

183 520 277 576 ul.
313 519 582 592 ὕμνησαν,
615 523 665 576 οἱ
705 523 761 578 δέ
788 524 1041 598 δαίμονες
1067 568 1082 594 ,
1113 530 1214 600 τὴν
1247 531 1348 601 σὴν
1385 531 1656 602 ὑμνῳδίαν
1697 549 1757 586 τε

1874 539 1916 587 at
1945 529 2164 602 hymnis
2192 527 2549 584 celebrarunt
2577 543 2591 580 ε
2624 527 2896 584 daemones
2937 537 3029 583 tua
3059 528 3278 586 laudum
3309 547 3438 588 can-

186 613 279 665 καὶ
312 611 566 665 ἔνστασιν
617 612 882 686 ἐφριξαν,
933 618 1027 672 καὶ
1074 618 1357 691 αἰσχύνην,
1413 621 1507 674 καὶ
1555 620 1760 686 ὄνειδος

182 702 400 757 αἰώνιον
429 705 795 774 ὴμφιάσαντο.
838 707 927 772 Ὠς
960 710 1022 763 τὺ
1050 708 1282 782 θηλυκὸν
1312 711 1407 765 καὶ
1449 713 1759 780 γυναικεῖον

181 795 347 864 φύλον
385 796 882 866 ἐγκαλλωπίζεται,
928 799 1024 854 καὶ
1069 801 1434 872 σεμνύνεται,
1481 803 1578 857 καὶ
1621 801 1759 876 πρὸς

179 888 466 960 εὐανδρίαν
500 891 614 954 τοῖς
647 893 759 954 σοῖς
795 891 979 958 ἄθλοις
1023 894 1465 964 θαρσοποιεῖται,
1521 895 1618 952 καὶ
1655 896 1758 948 ἐπ-

181 979 498 1048 αλέίφεταιι
540 982 628 1035 Ἐν
657 981 742 1035 σοὶ
785 984 1113 1056 προσφόρως
1155 987 1188 1057 ἡ
1225 987 1527 1059 προμήτωρ
1557 988 1760 1057 ἐγκαυ-

179 1072 363 1141 χᾶται,
404 1073 500 1126 καὶ
527 1073 787 1145 γέγηθεν,
817 1077 892 1138 ὡς
928 1075 1221 1149 θυγάτριον
1247 1061 1612 1149 κτησαμένη,
1651 1078 1761 1132 τὸν

180 1162 399 1233 ἐκείνην
438 1166 926 1220 καταπαλαίσαντα
955 1168 1254 1223 ἀντίπαλον
1283 1169 1555 1241 δράκοντα
1604 1166 1764 1236 αὖθις

179 1252 584 1322 ἀναπαλαῖσαν,
612 1255 706 1310 καὶ
740 1257 1074 1327 ἀνατρέψαν,
1116 1259 1210 1312 καὶ
1248 1258 1347 1330 τὴν
1371 1259 1530 1330 νίκην
1557 1261 1764 1316 ἀνακα-

177 1342 504 1414 λεσάμενον,
552 1347 646 1400 καὶ
684 1347 916 1418 λαμπρά
960 1349 1081 1404 κατ’
1110 1350 1276 1404 αὐτοῦ
1311 1351 1589 1423 ἀράμενον
1633 1352 1764 1424 τρό-

178 1449 340 1487 παια.
358 1434 424 1487 Σὲ
450 1438 481 1506 η
504 1435 613 1488 τῶν
665 1437 836 1505 ἁγίων
867 1439 998 1507 ἁγία
1020 1439 1283 1504 Θεοτόκος
1305 1441 1400 1495 καὶ
1435 1441 1764 1514 προμήτωρ,

178 1524 453 1596 παρθένος
482 1528 579 1580 καὶ
601 1527 924 1601 Θεομητωρ,
955 1531 988 1601 ἡ
1021 1530 1080 1584 τὸ
1102 1529 1238 1602 θῆλυ
1269 1529 1542 1603 μὲνγένος
1569 1533 1763 1606 πρώτη

176 1615 272 1670 καὶ
298 1615 443 1688 μόνη
467 1617 738 1684 δοξάσασα
759 1661 774 1686 ,
804 1621 1023 1676 πάντων
1044 1622 1101 1677 δὲ
1127 1623 1376 1695 ἀρρένων
1403 1625 1498 1680 καὶ
1528 1624 1764 1695 θηλύων,

176 1708 451 1777 οὐρανίων
478 1727 536 1764 τε
569 1710 664 1763 καὶ
707 1712 972 1781 ἐπιγείων
1001 1714 1313 1770 ἀνάσσουσα
1337 1755 1352 1782 ,
1399 1716 1476 1781 ὡς
1503 1716 1600 1770 τοῦ
1629 1718 1768 1772 πάν-

175 1815 282 1852 των
314 1799 678 1865 δεσπόζοντος
708 1803 892 1876 μήτηρ
926 1804 1320 1876 χρηματίσασα
1339 1846 1354 1871 ,
1381 1807 1440 1860 ἐν
1467 1805 1766 1877 γυναικείῳ

176 1888 271 1942 καὶ
303 1890 582 1963 μειρακίῳ
613 1893 851 1964 σαρκίῳ,
885 1896 977 1948 τὸν
1018 1897 1100 1960 είς
1124 1897 1192 1952 τὰ
1220 1899 1440 1970 ἄμετρα
1458 1899 1767 1972 ’καυχώμε-
1795 1878 1838 1934 Β

178 1997 284 2045 νσν,
314 1983 417 2036 καὶ
445 1983 544 2054 τὴν
573 1984 848 2040 θάλασσαν
877 1987 1206 2060 ἐξαλείφειν,
1239 1993 1335 2045 καὶ
1363 1995 1463 2063 τὴν
1508 1991 1766 2063 οἰκουμέ-

178 2093 274 2147 νην
304 2076 391 2140 rb;
423 2078 606 2132 νοσιάν
637 2081 1096 2152 περιδράττεσθαι
1134 2085 1558 2156 φρυαττόμενον,
1599 2103 1770 2140 κατα-

180 2165 457 2222 6αλοῦσαν
489 2168 674 2224 ἰδοῦσα
693 2211 708 2236 ,
741 2176 837 2226 καὶ
884 2176 1230 2245 κατακράτος
1275 2178 1763 2247 καταπατήσασαν.

180 2256 287 2308 Καὶ
315 2260 446 2322 ταῖς
497 2260 718 2328 ἀρεταῖς
765 2262 1096 2332 τερφθεῖσα,
1127 2264 1358 2330 ὠλέναις
1391 2267 1765 2339 προλαϐοῦσα,

182 2346 414 2418 πλησίον
443 2351 665 2406 ἐκάθισε
710 2354 806 2408 καὶ
833 2356 1181 2426 καθίδρυσεν,
1228 2359 1325 2412 καὶ
1364 2359 1464 2430 τῆς
1505 2359 1770 2414 ἀνωτάτω

178 2439 350 2509 τιμῆς
383 2441 478 2495 καὶ
507 2443 822 2516 παρρησίας
868 2447 1202 2516 μετέδωκεν,
1232 2449 1328 2504 καὶ
1375 2450 1454 2522 τῷ
1500 2449 1769 2521 βασιλικῷ

181 2528 360 2602 θρόνῳ
386 2532 702 2601 ἐνεφάνισεν
738 2537 834 2590 καὶ
861 2537 1235 2609 παρέστησεν.

245 2716 362 2764 κα’.
398 2711 578 2776 Ἅπας
618 2709 712 2767 οὖν
755 2715 848 2767 ἐπὶ
878 2714 960 2768 σοὶ
982 2715 1138 2784 λόγος
1159 2717 1602 2786 ὲγκωμιαστικὸς
1640 2735 1771 2772 κατε

180 2803 654 2875 ευγλωττισμὲνος
687 2805 782 2859 καὶ
805 2806 1064 2878 περιττὸς
1119 2808 1326 2880 ίλιγγιᾷ
1345 2849 1360 2874 ,
1389 2810 1485 2863 καὶ
1516 2811 1769 2875 δεδοικὼς

181 2893 508 2961 προσιέναι,
561 2891 928 2950 συστέλλεται.
1008 2895 1231 2967 Ὑμνεῖν
1290 2898 1400 2969 γὰρ
1473 2899 1770 2970 προσφυῶς

181 2982 460 3055 ἀδρανὴς,
510 2984 858 3057 πανύμνητε,
913 2989 1008 3042 καὶ
1061 2987 1372 3057 ἀξιέπαινε,
1421 2988 1488 3044 ἂν
1533 2991 1620 3062 εἴη
1663 2991 1771 3044 τῶν

181 3075 534 3146 ἀξιαγάστων
573 3094 668 3130 σου
704 3078 916 3150 ἀρετῶν
948 3077 1018 3132 τὰ
1044 3079 1305 3150 ὑπερφυῆ
1355 3082 1767 3153 προτερήματα.

1863 624 1971 678 tica
2022 631 2078 677 et
2131 619 2497 676 resistentiam
2550 619 3002 686 exhorruerunt,
3054 635 3119 676 ac
3174 625 3436 692 pudorem

1861 715 2233 786 probrumque
2280 712 2676 782 sempiternum
2726 711 3043 769 induerunt.
3075 715 3246 780 Quam
3277 717 3438 771 deco-

1861 819 2016 863 ratur
2042 813 2096 860 et
2125 804 2448 860 honestatur
2484 803 2753 859 femineus
2815 819 2878 859 ac
2935 803 3215 859 muliebris
3249 821 3434 872 sexus,

1862 899 2078 967 tuisque
2107 893 2501 950 certaminibus
2547 894 2612 948 ad
2671 894 2882 950 virilem
2931 893 3308 952 fortitudinem
3339 914 3438 953 au-

1865 987 2032 1043 daces
2061 985 2275 1040 animos
2328 983 2584 1048 assumit,
2633 992 2688 1038 et
2736 985 3011 1039 animatur
3043 986 3058 1039 ι
3093 985 3146 1038 In
3186 995 3236 1040 te
3263 989 3438 1057 prima

1867 1076 2081 1148 generis
2105 1089 2302 1145 parens
2363 1088 2604 1144 congrue
2655 1073 2920 1143 gloriatur
2981 1088 3044 1130 ac
3075 1075 3259 1145 gestit.
3318 1091 3440 1132 cum

1863 1168 2034 1224 tiliam
2065 1165 2258 1234 adepta
2280 1165 2376 1229 sit,
2407 1179 2530 1235 quae
2587 1163 2987 1230 adversarium,
3021 1179 3050 1218 a
3090 1179 3198 1234 quo
3226 1164 3318 1219 illa
3351 1167 3446 1222 de-

1864 1262 2010 1316 victa
2073 1267 2439 1331 superataque
2491 1265 2634 1320 erat,
2680 1255 2825 1310 lucta
2878 1272 3094 1312 rursum
3129 1258 3344 1326 vicerit,
3391 1267 3445 1314 et

1863 1351 2149 1416 everterit,
2227 1351 2640 1417 instaurataque
2694 1347 2946 1411 victoria.
3004 1348 3152 1402 clara
3206 1349 3273 1405 de
3324 1350 3445 1418 ipso

1865 1452 2068 1514 tropea
2092 1443 2294 1500 tulerit.
2327 1441 2403 1499 Te
2441 1450 2630 1498 sancta
2657 1449 2969 1496 sanctorum
2997 1439 3250 1511 Deipara,
3270 1442 3444 1512 prima

1868 1535 2033 1606 Virgo
2063 1550 2285 1606 parens,
2314 1542 2370 1590 et
2397 1534 2490 1590 Dei
2524 1543 2723 1597 mater,
2751 1547 2874 1602 quae
2903 1532 3224 1588 muliebrem
3254 1547 3443 1588 sexum

1867 1629 2043 1698 prima
2102 1627 2328 1695 solaque
2373 1625 2716 1689 clariticavit,
2757 1632 3192 1693 cunctarumque
3225 1638 3444 1678 mascu—

1869 1717 2045 1772 lorum
2096 1731 2164 1771 ac
2223 1715 2574 1779 feminarum,
2643 1711 2950 1768 caelestium
2984 1727 3049 1768 ac
3100 1712 3445 1770 terrestrium

1867 1808 2078 1878 Regina
2103 1817 2209 1873 est,
2244 1815 2502 1877 tanquam
2551 1803 2667 1872 ejus
2717 1811 2892 1858 mater
2941 1803 3035 1872 qui
3069 1805 3325 1860 omnibus
3351 1803 3449 1858 do-

1871 1901 2140 1968 minatur;
2174 1900 2231 1954 in
2261 1897 2512 1954 muliebri
2542 1906 2598 1952 et
2639 1897 2871 1968 puellari
2921 1895 3269 1965 corpusculo,
3321 1909 3446 1950 eum

1870 2008 1900 2046 a
1934 2002 1990 2048 te
2015 2006 2266 2048 eversum
2302 2005 2368 2046 ac
2399 1997 2651 2059 pcteuter
2696 1987 3073 2056 proculcatum
3103 1987 3316 2052 videns,
3353 1989 3446 2057 qui

1869 2083 1924 2138 in
1947 2084 2272 2139 immensum
2324 2081 2682 2151 gloriabatur,
2735 2081 2902 2150 908
2943 2079 3309 2151 superbiaque
3347 2091 3448 2132 sua

1868 2175 2109 2246 iactabat
2134 2175 2272 2242 fore,
2303 2183 2364 2228 ut
2387 2181 2444 2228 et
2494 2187 2645 2227 mare
2676 2173 2970 2236 desolaret,
3023 2182 3078 2226 et
3113 2173 3302 2227 orbem
3327 2169 3449 2225 uni-

1869 2281 2091 2321 versum
2143 2264 2315 2322 veluti
2379 2263 2568 2318 nidum
2625 2262 3113 2332 comprehenderet
3157 2279 3170 2316 :
3224 2270 3448 2330 tumque

1871 2359 2010 2412 adeo
2027 2358 2288 2414 virtutum
2319 2364 2539 2410 tuarum
2573 2353 2695 2408 luce
2719 2352 3009 2418 delectata,
3047 2351 3190 2406 ulnis
3225 2360 3278 2406 te
3299 2365 3449 2405 com-

1872 2451 2114 2518 plectens
2170 2449 2273 2502 sibi
2331 2446 2638 2516 proximam
2699 2444 3029 2510 collocavit,
3087 2457 3448 2512 supremoque

1874 2541 2080 2595 honore
2117 2548 2172 2593 et
2203 2536 2389 2592 favore
2415 2537 2694 2599 donatam,
2723 2536 2869 2606 regio
2918 2535 3116 2589 throno
3149 2547 3447 2602 repraesen—

1874 2631 2007 2686 tavit
2037 2639 2094 2686 et
2125 2629 2390 2683 exhibuit.

1938 2721 2029 2776 21.
2055 2720 2113 2775 1η
2145 2729 2196 2776 te
2227 2720 2532 2775 laudaturia
2563 2719 2741 2775 omnis
2770 2718 2944 2773 oratio
2977 2716 3201 2781 diserta,
3233 2723 3447 2778 ornata,

1869 2824 1926 2869 et
1965 2812 2188 2870 aﬂuens
2219 2812 2408 2877 haeret,
2441 2819 2607 2881 atque
2659 2811 2921 2867 accedere
2955 2816 3203 2865 metuens
3229 2821 3449 2875 compe-

1867 2909 2060 2973 scitur,
2091 2923 2190 2963 ceu
2211 2921 2336 2976 quae
2365 2908 2438 2962 sit
2477 2904 2824 2968 imbecillior,
2854 2919 3016 2973 quam
3045 2912 3105 2956 ut
3136 2901 3435 2972 stupenda-

1869 3014 1998 3054 rum
2034 2999 2294 3053 virtutum
2331 3007 2547 3052 tuarum
2600 2996 2831 3051 eximias
2883 2993 3275 3063 praacellentias
3313 3007 3448 3048 cou—

1867 3088 2174 3151 -venienter,
2204 3101 2238 3142 o
2263 3083 2688 3141 celebratissima
2729 3097 2793 3136 ac
2827 3080 3218 3141 laudatissima,
3254 3091 3452 3132 canere

182 3167 364 3265 Τέχνη
396 3168 496 3238 μὲν
517 3167 626 3265 γὰρ
655 3169 953 3239 ῥητορικῆς
981 3169 1317 3238 εὐγλωττίας
1337 3213 1352 3236 ,
1375 3170 1444 3223 δι’
1471 3172 1772 3242 εὐστρόφου

1874 3176 2123 3232 sulliciat.
2155 3173 2422 3230 Oratoriae
2449 3173 2668 3243 quidem
2725 3169 2994 3226 facundia:
3056 3185 3170 3234 ars,
3212 3166 3448 3222 versatili

183 3257 454 3329 ῥημάτων
492 3257 803 3329 συνθήκης,
836 3259 932 3312 καὶ
960 3259 1421 3331 κεκομψευμένης
1452 3260 1545 3314 καὶ
1572 3277 1772 3332 τροχας

181 3349 279 3420 λῆς
323 3351 718 3422 πειθανότητος
765 3351 962 3416 κάλλος
1007 3354 1320 3424 σωματικὸν
1363 3356 1629 3419 ἐπαινεῖν,
1678 3357 1776 3410 καὶ

185 3439 464 3512 σαρκικὴν
520 3439 869 3512 ὡραιότητα,
921 3442 1044 3512 ἥτις
1085 3444 1151 3496 ὲκ
1205 3441 1385 3512 μελῶν
1435 3443 1777 3515 συμμετρίας

185 3531 301 3599 μετ’
335 3530 596 3602 εὐχροίας
631 3531 978 3603 συνέστησεν.
1020 3532 1164 3605 Πρὸς
1202 3535 1260 3588 δέ
1299 3534 1392 3588 καὶ
1423 3533 1614 3606 ῥώμην
1645 3534 1776 3588 πολ-

183 3620 374 3686 λάκις,
422 3622 723 3677 εὐπάθειάν
769 3640 830 3676 τε
873 3625 971 3678 καὶ
1010 3624 1212 3696 θνητῆς
1243 3625 1527 3694 εὐγενείας
1578 3625 1776 3696 σεμνό-

184 3730 355 3785 τητα,
389 3715 691 3786 περιφανές
719 3732 810 3782 τε,
843 3718 892 3769 εί
930 3717 1083 3785 τύχοι
1110 3757 1124 3783 ,
1165 3717 1414 3787 ἀξίωμα,
1464 3717 1558 3772 καὶ
1585 3716 1649 3770 τὸ
1680 3717 1776 3787 τῆς

185 3805 457 3876 πατρίδος
493 3807 786 3878 ἐπίσημον,
829 3809 922 3862 καὶ
961 3807 1197 3868 πλούτου
1227 3807 1514 3876 δαψίλειαν
1547 3808 1777 3878 ῥέουσαν

183 3911 242 3949 τε
273 3897 378 3950 καὶ
409 3896 842 3963 ὀλισθαίνουσαν,
895 3899 991 3952 καὶ
1023 3899 1270 3970 εὐχερῶς
1308 3901 1775 3969 μεταπίπτουσαν.

186 3985 374 4060 ’Δπερ
423 3988 540 4059 ἅμα
603 3991 1090 4061 συνδεδραμηκότα
1136 3990 1216 4062 τῷ
1258 3990 1404 4061 λόγῳ
1457 3989 1779 4044 ὑποκεῖσθαι

188 4077 323 4150 πρὸς
372 4080 678 4151 εὐφημίαν,
716 4081 1078 4152 δυσπόριστόν
1121 4097 1182 4134 τε
1213 4080 1308 4134 καὶ
1349 4081 1778 4152 ἐργωδέστατονο

186 4171 327 4244 πλὴν
363 4171 589 4228 ἅπαντα
615 4173 716 4227 ὅσα
739 4174 860 4228 κατ’
885 4171 1026 4238 εἶδος
1051 4175 1080 4227 ό
1111 4173 1267 4244 λόγος
1295 4173 1653 4239 διεστείλατο,
1687 4173 1782 4226 καὶ

186 4263 508 4328 κατέλεξεν,
543 4265 621 4329 ὡς
651 4265 811 4330 ἄνθος
843 4267 1037 4337 χόρτου
1073 4265 1475 4336 μαραινόμενον
1502 4264 1600 4317 καὶ
1631 4261 1784 4334 φθει-

189 4356 448 4427 ρόμενον,
485 4356 580 4410 καὶ
612 4357 687 4422 ὡς
720 4357 974 4428 χρηστῶν
1005 4357 1234 4429 ὀνείρων
1274 4355 1528 4430 ἀπατηλὴ
1557 4356 1651 4411 καὶ
1677 4373 1782 4424 φα-

189 4444 493 4516 σματώδης
523 4444 668 4516 δψις,
699 4445 817 4514 ἅμα
854 4447 1158 4516 φαινομένη
1191 4448 1286 4501 καὶ
1315 4446 1780 4516 παρατρέχουσα’,

1873 3271 2164 3325 verborum
2192 3267 2604 3336 compositione,
2638 3274 2958 3333 comptaque
2982 3271 3037 3318 et
3065 3262 3292 3317 rotunda
3320 3274 3451 3330 pro-

1871 3361 2071 3417 babilis
2098 3360 2368 3416 sermonis
2384 3358 2709 3422 elocutione,
2729 3357 2974 3426 corporis
2994 3352 3448 3422 pulchritudinem

1875 3464 1930 3508 et
1954 3452 2138 3509 carnis
2185 3457 2555 3514 venustatem,
2607 3453 2756 3502 certa
2819 3445 3184 3500 membrorum
3225 3455 3451 3510 propor—

1866 3546 2024 3601 tione
2084 3559 2206 3599 cum
2267 3541 2470 3598 coloris
2517 3539 2788 3596 suavitate
2843 3545 3210 3600 constantem,
3243 3533 3446 3588 laudat.

1871 3637 2018 3703 .Quin
2041 3637 2205 3690 etiam
2244 3648 2349 3688 non
2371 3647 2496 3688 raro
2523 3631 2714 3698 robur,
2737 3630 3042 3696 bonamque
3067 3625 3450 3686 valetudinem,

1871 3742 1944 3786 .ae
1999 3725 2242 3784 mortalis
2299 3722 2651 3794 ingenuitatis
2717 3718 3059 3787 maiestatem
3111 3735 3129 3785 ;
3189 3716 3452 3770 illustrem

1877 3818 2042 3874 etiam
2078 3816 2406 3885 quandoque
2431 3812 2755 3883 dignitatem
2787 3825 2852 3864 ac
2879 3807 3071 3876 patriae
3101 3805 3406 3862 claritatem
3439 3820 3454 3868 ;

1873 3908 2125 3976 copiosas
2150 3921 2280 3975 opes
2309 3919 2430 3974 quae
2487 3905 2661 3958 tluunt
2722 3916 2787 3956 ac
2841 3899 3171 3962 dilabuntur,
3206 3895 3458 3964 facilique

1871 3998 2096 4067 negotio
2127 3997 2438 4059 concidunt.
2469 3995 2600 4062 Quae
2644 4001 2702 4048 ut
2732 3991 2894 4047 simul
2935 3987 3264 4045 laudationis
3297 4001 3461 4055 argit-

1873 4103 2066 4152 ,mento
2103 4097 2454 4155 concurrant,
2481 4085 2696 4143 dilIicile
2721 4097 3120 4154 operosumque
3157 4091 3262 4136 est.
3295 4079 3462 4136 Caete-

1882 4201 2024 4251 rum,
2065 4199 2407 4255 qumcunque
2462 4182 2644 4237 omnia
2703 4181 2818 4235 haec
2855 4177 3170 4250 singulatim
3214 4173 3462 4234 distinxit

1883 4290 1950 4331 ac
1983 4275 2300 4345 percensuit
2330 4271 2528 4336 oratio,
2577 4280 2836 4338 tanquam
2894 4267 3006 4324 feni
3052 4265 3152 4322 llos
3180 4275 3328 4329 sunt,
3369 4264 3461 4332 qui

1887 4367 2175 4423 marcescit
2203 4376 2259 4421 et
2287 4364 2498 4432 interit,
2525 4371 2620 4419 aut
2674 4363 2822 4418 velut
2879 4361 3218 4431 egregiorum
3254 4360 3463 4414 insom-

1888 4467 2102 4517 nierum
2140 4459 2370 4515 mendax
2403 4467 2458 4514 et
2483 4466 2698 4528 spectro
2756 4455 2950 4512 ludens
3001 4465 3346 4520 conspectus,
3372 4451 3464 4521 qui

191 4536 394 4591 θᾶττον
420 4537 515 4590 καὶ
553 4539 611 4591 ἐν
643 4537 838 4608 βραχεῖ
879 4537 990 4592 ἐσθ’
1021 4539 1110 4592 ὅτε
1147 4539 1242 4593 καὶ
1281 4539 1360 4610 τῷ
1392 4539 1569 4610 χρόνῳ
1611 4555 1775 4591 κατα-

1887 4569 2010 4609 mox
2047 4561 2107 4607 ut
2131 4550 2402 4622 apparuit,
2438 4549 2650 4620 diﬂ'ugit
2681 4568 2694 4603 :
2746 4548 2872 4619 quia
2921 4546 3085 4603 citius
3116 4561 3180 4600 ac
3225 4542 3463 4600 breviori

189 4627 435 4700 λυόμενά
455 4644 528 4683 τε
555 4630 649 4684 καὶ
671 4628 1062 4700 ἀλλοιούμενα,
1099 4630 1467 4699 συγκαταλύει
1503 4629 1779 4701 καταλλή-

189 4719 297 4784 λως
336 4720 442 4775 καὶ
467 4720 778 4786 ἀκολούθως
805 4721 918 4776 τῶν
950 4723 1243 4793 ἐγκωμίων
1267 4722 1364 4793 τὴν
1395 4722 1782 4793 ἐκπεπονημέ-

191 4830 290 4885 νην
340 4814 616 4885 ἁρμονίαν
669 4816 763 4869 καὶ
803 4814 1132 4886 σύμπλεξιν.
1177 4816 1266 4868 Σοὶ
1313 4815 1411 4880 δὲ,
1447 4809 1493 4868 ὦ
1541 4814 1782 4886 παρθένε

193 4911 372 4982 σεμνὴ
405 4912 504 4964 καὶ
538 4911 795 4983 σώφρων,
821 4913 916 4966 καὶ
951 4915 1164 4984 μάρτυς
1194 4915 1563 4984 τροπαιοφόρε
1591 4931 1650 4968 τε
1689 4913 1783 4968 καὶ

192 5005 477 5076 ἀήττητε,
536 5004 760 5077 εὑρήσει
826 5006 925 5076 μὲν
979 5008 1008 5059 ὁ
1059 5005 1219 5075 λόγος
1271 5005 1632 5077 εὐπορώτατα
1690 5005 1784 5059 καὶ

194 5096 412 5166 ἁκμητὶ
448 5096 622 5167 ἄρδην
665 5099 1090 5167 σεσωρευμένα,
1126 5098 1222 5152 καὶ
1269 5097 1744 5170 συμπεφορημένα
1767 5136 1781 5160 ,

196 5188 232 5242 ἀ
256 5188 354 5241 νῦν
392 5188 838 5260 κατωνόμασται,
875 5189 970 5243 καὶ
1008 5188 1388 5259 θαυμάζουσι,
1417 5190 1512 5242 καὶ
1547 5187 1783 5260 μακαρί-

198 5281 387 5344 ζουσιν
415 5280 729 5354 ἄνθρωποι,
763 5283 860 5336 καὶ
895 5281 1156 5353 ἀξιόδηλα
1196 5282 1457 5335 τίθενται’
1487 5281 1548 5336 οὐ
1596 5279 1702 5352 μὴν
1727 5278 1788 5333 δὲ

198 5369 556 5441 ἀπολλύμενα
607 5373 702 5426 καὶ
731 5373 1003 5443 λυόμενα,
1055 5374 1150 5427 καὶ
1196 5374 1323 5436 τοὺς
1360 5372 1615 5435 ἐπαίνους
1661 5371 1786 5441 είκῆ

199 5466 404 5535 χωρεῖν
448 5464 530 5527 είς
556 5464 696 5535 ἀέρα
729 5465 1246 5536 παρασκευάζοντα.
1302 5466 1366 5518 Ἢ
1397 5465 1506 5534 γὰρ
1539 5464 1644 5532 τῆς
1687 5463 1788 5533 σῆς

202 5553 463 5619 θειώδους
489 5553 673 5624 ψυχῆς
717 5555 911 5625 ἀρετὴ,
938 5555 1033 5608 καὶ
1067 5556 1100 5626 ἡ
1147 5554 1284 5625 πρὸς
1317 5553 1409 5607 τὸν
1441 5551 1682 5623 Κτίστην
1709 5552 1790 5604 oi-

201 5643 469 5710 κείωσις,
520 5644 850 5713 συνέσφιγξέ
901 5662 984 5698 σοι
1032 5645 1124 5699 καὶ
1167 5644 1541 5715 συνετήρησε,
1589 5642 1684 5696 καὶ
1719 5642 1790 5695 τὰ

205 5734 480 5803 προσόντα
507 5735 648 5788 καλὰ
683 5737 778 5788 καῖ⁵
804 5736 1077 5807 ὲγκόσμια
1101 5777 1114 5801 ,
1145 5737 1241 5790 καὶ
1274 5739 1340 5807 τῇ
1379 5737 1567 5807 μνήμῃ
1599 5734 1790 5788 ἀνεπί-
1832 5722 1840 5730 ’

205 5825 401 5896 ληστα,
435 5828 542 5882 καὶ
562 5826 642 5898 τῷ
673 5828 835 5882 παντὶ
863 5829 1019 5883 αἰῶνι
1053 5829 1448 5900 συνδολιχεύειν
1491 5828 1783 5899 πεποίηκε·

563 5935 831 5994 ιἰιτιιοι..
878 5933 994 6000 Gn.
1044 5934 1261 5997 XCVI.

1885 4645 2175 4715 aliquando
2201 4651 2750 4714 mora.pessumeunt
2805 4649 2862 4696 et
2897 4647 3198 4700 mutantur,
3251 4651 3466 4703 unaque

1887 4742 2022 4795 adeo
2052 4754 2235 4795 secum
2307 4747 2671 4792 consentanea
2717 4745 2773 4788 et
2828 4734 3072 4803 apposite
3128 4730 3465 4786 elaboratum

1889 4830 2260 4886 laudationum
2294 4835 2620 4882 concentum
2649 4834 2702 4879 et
2735 4824 3166 4894 complexionem
3192 4828 3463 4875 evertunt.

1888 4920 1944 4975 lu
1979 4930 2028 4975 te
2057 4927 2238 4973 autem
2262 4957 2278 4980 ,
2308 4933 2342 4972 ο
2375 4919 2527 4987 virgo
2561 4924 2712 4970 casta
2771 4923 2828 4969 et
2860 4915 3118 4983 prudens,
3147 4920 3463 4979 martyrque

1890 5020 2092 5079 tropaeo
2127 5009 2328 5079 inclyta
2362 5019 2418 5063 et
2475 5007 2698 5072 invicta,
2761 5014 2954 5062 cuncta
3014 5005 3132 5058 haec
3193 5001 3465 5068 facillime,

1877 5102 2144 5171 nulloque
2197 5100 2407 5163 labore,
2453 5105 2708 5166 congesta
2764 5106 2820 5151 et
2863 5095 3288 5162 conglomerata,
3347 5106 3471 5160 qua!

1891 5206 2034 5246 nunc
2065 5191 2332 5246 recensita
2377 5197 2528 5252 sunt,
2579 5187 2936 5254 hominesque
2987 5184 3276 5246 mirantur,
3311 5179 3469 5234 beata

1883 5283 2159 5350 iactitant,
2217 5282 2489 5351 dignaque
2543 5278 2662 5332 luce
2719 5284 2978 5340 censent,
3036 5275 3200 5330 verba
3257 5271 3470 5326 facturo

1881 5383 2214 5438 occurrent;
2252 5388 2352 5428 nec
2383 5383 2561 5426 tamen
2583 5369 2870 5440 ejusmodi,
2909 5377 2966 5421 ut
3001 5376 3226 5437 pereant
3263 5380 3327 5418 ac
3355 5363 3472 5418 dis-

1891 5466 2190 5533 solvantur,
2232 5464 2544 5534 frustraque
2566 5463 2753 5518 laudes
2774 5463 2824 5516 in
2857 5477 3037 5517 aerem
3058 5461 3212 5516 abire
3245 5459 3467 5514 faciant.

1893 5555 2069 5612 Divini
2097 5558 2238 5612 enim
2276 5555 2441 5610 animi
2495 5554 2570 5608 tui
2603 5554 2792 5620 virtus,
2825 5561 2880 5608 et
2931 5566 3052 5605 cum
3085 5550 3344 5605 Creatore
3374 5562 3471 5601 ne-

1892 5648 2186 5712 cessitudo,
2212 5648 2352 5703 bona
2382 5646 2578 5716 quibus
2593 5655 2786 5700 ornata
2805 5659 2886 5708 es,
2914 5645 3139 5714 ipsaque
3175 5640 3469 5703 mundana,

1894 5735 1988 5790 tibi
2021 5735 2275 5791 astrinxit
2326 5744 2381 5790 et
2424 5735 2789 5800 conservavit,
2822 5733 3132 5804 elTecitque,
3160 5740 3222 5786 ut
3244 5743 3342 5785 nec
3375 5742 3469 5782 eo-

1893 5842 2012 5884 rum
2069 5826 2334 5884 memoria
2393 5826 2687 5891 deleretur,
2747 5834 2912 5895 atque
2964 5826 3015 5879 in
3075 5838 3237 5876 omne
3292 5834 3465 5874 :evum

3103 5928 3183 5990 26

3340 417 3440 477 810
3537 435 3546 450 λ
