4070 6428
694 387 791 448 811

1810 392 1869 453 S.
1907 395 2224 457 JOANNIS
2262 400 2689 465 DAMASCENI
3779 414 3855 474 812

680 505 889 599 pariter
918 513 1314 563 excurrerent:
1340 505 1584 576 quinimo
1616 505 1772 578 longe
1805 508 1971 565 etiam
2000 512 2259 582 multipli-
2286 568 2287 571 η

2256 543 2259 553 ν
2286 518 2333 573 Α
2362 518 2562 588 μᾶλλον
2589 519 2646 572 δὲ
2671 519 2767 573 καὶ⁸
2785 520 2887 574 ὑπε
2898 522 3231 592 ρεπλασίασε
3262 524 3354 578 καὶ
3376 523 3743 599 ὑπερηύξησεν·
3784 538 3863 589 τοῦ

682 580 930 653 οσνὶίθῑ
981 598 1298 668 aggeravit:
1353 596 1553 653 Fidelis
1611 599 1811 668 quippe
1862 615 1972 655 esse
2001 580 2255 657 mundum

682 697 851 744 totum
885 688 1211 753 divitiarum,
1240 688 1469 757 inﬁdelis
1521 704 1664 756 vero,
1713 705 1777 744 ne
1805 706 1968 745 unum
2015 693 2250 761 obolum,

683 773 980 845 Scriptum
1006 776 1377 846 pronuntiavit
1396 777 1673 833 oraculum
1695 778 1761 832 ιι.
1785 776 1920 834 Nam
1948 784 2254 850 praesentia,

683 876 738 923 et
768 866 968 933 futura,
998 876 1054 923 et
1083 878 1301 935 cuncta,
1336 884 1566 938 quorum
1597 879 1719 926 tuus
1744 886 1975 943 sponsus
1998 873 2257 931 Dominus

683 969 787 1029 est,
820 962 874 1016 in
908 961 1050 1018 dotis
1076 970 1285 1033 partem
1327 962 1583 1020 muniﬁce
1607 962 1705 1020 tibi
1735 978 1996 1021 concessa
2036 978 2162 1023 sunt
2194 978 2248 1024 et

682 1055 902 1111 donata.

749 1150 844 1205 2‘2.
877 1149 1011 1205 Cum
1040 1149 1203 1219 igitur
1232 1150 1499 1205 adversus
1519 1151 1785 1205 humanas
1813 1151 1999 1205 laudes
2021 1149 2254 1221 palmam

681 1241 937 1312 utrinque
969 1240 1196 1307 referas,
1247 1251 1358 1297 tum
1389 1242 1600 1297 scilicet
1625 1242 1904 1297 saecularis
1933 1243 2057 1297 vita:
2091 1244 2255 1298 clari-

684 1342 815 1398 tate,
850 1344 960 1388 tum
994 1334 1192 1404 insigni
1214 1334 1382 1388 animi
1415 1335 1598 1389 dolum
1620 1336 1927 1405 splendore,
1956 1350 2077 1395 quae
2098 1337 2256 1390 ambo

686 1425 929 1496 martyrii
967 1425 1222 1479 ﬁrmitate
1271 1424 1596 1493 robustaque
1640 1425 1948 1479 constantia
1975 1424 2254 1480 illustrasti

685 1527 740 1572 et
776 1518 974 1573 eximie
1000 1517 1294 1583 decorasti,
1317 1517 1404 1571 abi
1457 1517 1568 1585 jam
1619 1517 1860 1588 gaudens
1914 1517 1982 1571 ad
2010 1517 2254 1572 cwlestia

686 1624 806 1679 quae
837 1609 1042 1664 crebris
1070 1609 1298 1664 canticis
1326 1617 1636 1677 personant,
1664 1609 2033 1674 tabernacula,
2053 1610 2257 1665 relictis

688 1700 780 1771 qui
809 1700 1012 1755 carnali
1044 1716 1111 1755 ex
1150 1715 1246 1755 ore
1287 1700 1556 1769 prodeunt
1584 1700 1849 1770 politioris
1878 1701 2012 1755 artis
2047 1716 2258 1757 sermo-

687 1790 867 1855 nibus,
898 1790 1097 1859 quique
1126 1803 1184 1843 se
1240 1788 1414 1845 victos
1468 1790 1672 1844 diserta
1725 1804 1860 1845 voce
1908 1788 2253 1845 conﬁtentur.

687 1881 823 1937 Cum
856 1883 1000 1936 enim
1032 1881 1290 1952 praeclare
1319 1892 1594 1951 gestorum
1653 1881 1823 1952 gloria
1864 1890 1919 1936 et
1941 1882 2257 1951 approbatio
2289 1859 2331 1914 Β

686 1989 845 2045 supra
873 1975 1144 2029 hominem
1172 1975 1419 2037 exsistat,
1449 1974 1722 2043 quomodo
1769 1988 2008 2043 congrua
2040 1988 2257 2029 eorum-

687 2066 809 2121 dem
835 2065 1074 2121 laudatio
1112 2066 1410 2120 humanam
1443 2075 1677 2120 mentem
1723 2081 1829 2119 non
1862 2065 2124 2121 excedat?
2153 2064 2255 2120 Abi

684 2173 841 2229 ergo,
865 2170 1039 2225 casta,
1070 2159 1414 2221 venerabilis,
1447 2167 1500 2213 et
1523 2158 1780 2228 praeclara
1800 2160 1972 2226 virgo,
2005 2168 2061 2213 ut
2094 2174 2256 2229 supe-

688 2251 923 2307 rioribus
979 2252 1183 2305 mundo
1238 2252 1476 2327 praemiis
1528 2251 1778 2321 potiaris.
1839 2250 1965 2315 Abi,
2001 2252 2093 2305 ubi
2129 2253 2258 2306 silet

685 2344 884 2408 oratio,
911 2358 1098 2398 eorum
1128 2359 1247 2413 qua:
1274 2344 1538 2400 orationis
1570 2346 1676 2399 vim
1708 2344 1999 2409 excedunt,
2028 2344 2257 2414 gloriam

674 2436 853 2507 909
874 2436 1070 2492 diﬁ‘use
1095 2438 1273 2506 eloqui
1319 2453 1424 2493 non
1464 2438 1671 2493 valens.
1722 2437 1847 2504 Abi,
1890 2438 2133 2493 sinceras
2164 2438 2258 2491 bo-

678 2542 878 2583 norum
908 2543 1031 2596 quae
1061 2528 1443 2597 cogitationem
1487 2536 1767 2598 superant,
1827 2526 2047 2583 delicias
2073 2541 2258 2596 perce-

687 2628 867 2689 ptura,
898 2619 983 2673 ubi
1006 2619 1305 2674 intellectio
1329 2619 1509 2674 omnis
1556 2634 1620 2674 ex
1678 2618 2100 2690 particularibus
2126 2617 2257 2672 visis

682 2712 1047 2783 cognitionem
1072 2711 1352 2782 colligens,
1378 2712 1582 2767 otiatur
1611 2721 1666 2765 et
1690 2720 1847 2765 vacat
1870 2712 2072 2766 intenta
2100 2718 2259 2764 teter-

686 2818 817 2858 num
851 2813 1029 2857 mente
1060 2803 1113 2856 in
1144 2803 1343 2857 eximia
1382 2802 1475 2857 illa
1508 2817 1669 2871 supra
1701 2810 1951 2857 naturam
1977 2809 2032 2857 et
2054 2801 2257 2857 intelli-

685 2895 887 2965 gibilia.
919 2894 1041 2959 Abi,
1092 2894 1181 2949 ubi
1216 2909 1395 2949 rerum
1454 2894 1793 2949 sensibilium
1818 2935 1835 2961 ,
1890 2908 2257 2964 sensuumque

686 2985 928 3055 ipsorum
974 2984 1241 3039 multiﬁda
1272 2985 1519 3052 deceptio
1571 2992 1627 3037 et
1670 2984 1884 3055 vertigo
1911 2984 2091 3049 desiit,
2124 2986 2255 3040 abo-

687 3076 896 3147 litaque
924 3084 1026 3131 est.
1086 3075 1289 3145 Recipe
1311 3075 1564 3130 victrices
1615 3074 1824 3143 palmas
1879 3085 1999 3130 tuas
2032 3085 2085 3129 et
2120 3090 2256 3144 prae-

676 3168 1247 3238 magniﬁca-praemia.
1281 3166 1588 3236 Recipe'tua
1617 3167 1836 3236 praemia
1869 3175 1923 3219 et
1944 3174 2251 3231 stemmata,

678 3277 805 3332 quae
828 3261 957 3325 illis,
990 3261 1309 3331 qui‘Christi
1352 3275 1515 3315 causa
1547 3259 1944 3314 decertaverint
1973 3274 2037 3313 ac
2068 3258 2255 3312 decer-

684 3362 826 3419 tant,
857 3354 1207 3423 oppignerata
1236 3359 1382 3407 sunt.
1414 3350 1721 3406 Laetissima
1765 3350 1960 3418 Sponsi
1991 3350 2173 3419 specie
2201 3358 2258 3403 et

685 3456 970 3502 venustate
1000 3445 1200 3511 fruere,
1226 3461 1344 3513 quae
1372 3460 1473 3500 nec
1508 3444 1688 3500 verbis
1711 3443 1915 3510 ellerri,
1955 3457 2056 3498 nec
2076 3452 2256 3497 mente

683 3538 899 3608 concipi
931 3546 1128 3607 potest.
1160 3536 1363 3590 Fruere
1397 3551 1595 3590 arcana
1627 3545 1680 3590 et
1713 3536 1936 3605 mystica
1965 3536 2031 3588 in
2062 3548 2256 3603 super-

678 3628 900 3685 caelesti
955 3629 1191 3683 thalamo
1252 3627 1694 3683 confabulatione
1729 3636 1784 3681 et
1844 3626 2254 3690 consuetudine,

687 3735 796 3789 qua
823 3720 1151 3790 plane-nihil
1204 3718 1416 3774 felicius
1464 3718 1787 3787 beatiusque
1817 3726 1920 3774 est.
1961 3715 2104 3771 Nihil
2134 3717 2253 3783 tibi,

684 3824 883 3879 sponsa
912 3810 1136 3874 Christi,
1186 3824 1249 3864 ex
1300 3809 1574 3880 prtcclaris
1615 3808 1948 3863 facinoribus
1984 3808 2256 3877 virginum

685 3901 961 3973 lampades
995 3902 1344 3972 gestandum,
1380 3904 1447 3955 ad
1483 3900 1827 3971 splendorem
1885 3901 2252 3968 desideratur;

684 4000 746 4047 ut
777 4008 896 4063 qua:
912 3993 1202 4049 "Christum
1235 4006 1492 4062 sponsum
1521 4004 1684 4060 supra
1736 3990 1953 4045 modum
1983 3991 2253 4057 dilexeris,

682 4082 935 4156 illiusque
968 4086 1172 4141 amoris
1200 4084 1468 4140 illecebris
1496 4092 1650 4153 capta
1677 4083 1761 4138 sis
1784 4099 1797 4136 :
1822 4093 2041 4152 propter
2070 4097 2252 4150 quem,

2356 609 2466 681 γάρ
2512 611 2751 677 πιστοῦ,
2793 611 2937 677 ὅλος
2986 615 3019 666 ό
3055 614 3284 683 κόσμος
3312 614 3430 668 τῶν
3460 619 3766 687 χρημάτων,
3788 628 3865 680 τοῦ

2356 701 2425 755 δὲ
2450 702 2733 765 ἀπίστου,
2767 704 2909 758 οὐδὲ
2934 701 3021 771 εἷς
3046 706 3259 772 ὀϐολὸς
3280 746 3294 770 ,
3326 706 3388 759 τὸ
3413 710 3670 779 γραφικόν
3704 713 3865 784 ἀπειθῆ.

2358 812 2486 850 νατο
2507 796 2707 866 λόγιον.
2738 797 2821 851 Τά
2844 798 3117 851 ἐνεστῶτα
3140 799 3272 871 γὰρ,
3307 801 3400 853 καὶ
3425 800 3493 853 τά
3521 802 3771 871 μέλλοντα,
3800 811 3867 860 καὶ

2358 888 2578 944 πάντων
2611 882 2685 944 ὧν
2712 892 2741 943 ὁ
2772 890 2864 953 σδς
2900 888 3154 954 δεσπόζει
3185 892 3419 962 νυμφίος
3438 932 3453 957 ,
3497 893 3576 946 σοὶ
3602 896 3674 958 είς
3702 902 3862 967 προίκα

2356 980 2680 1051 κεχάρισται
2709 982 2803 1036 καὶ
2826 980 3152 1053 δεδώρηται.

2425 1161 2528 1232 κβ¹.
2547 1160 2698 1215 Ἐπεὶ
2714 1161 2769 1214 δὲ
2791 1161 2967 1215 τοίνυν
2982 1161 3367 1233 ἀμφοτέρωθεν
3384 1161 3525 1215 κατά
3544 1162 3647 1215 τῶν
3659 1164 3739 1218 ἀνθ
3747 1169 3870 1235 ρωπί-

2356 1269 2461 1306 νων
2476 1252 2711 1305 ἐπαίνων
2724 1251 2792 1304 τὰ
2807 1253 3097 1324 νικητήρια
3108 1251 3395 1323 κέκτησαι,
3409 1256 3474 1322 τῇ
3492 1271 3550 1306 τε
3563 1253 3649 1307 τοῦ
3667 1259 3869 1325 κοσμικοῦ

2359 1344 2473 1414 βίου
2490 1344 2767 1414 φανότητι,
2781 1345 2875 1397 καὶ
2888 1346 2953 1414 τῇ
2975 1344 3083 1397 τῶν
3107 1344 3247 1399 κατά
3265 1344 3443 1415 ψυχὴν
3459 1345 3872 1415 πλεονεκτημάτων

2356 1434 2733 1506 λαμπρότητι,
2763 1435 2906 1504 ἅπερ
2922 1435 3085 1505 ἄμφω
3099 1437 3162 1505 τῇ
3188 1434 3282 1487 τοῦ
3319 1435 3611 1504 μαρτυρίου
3631 1438 3864 1505 κατήστριη

2355 1524 2462 1595 φας
2512 1525 2605 1578 καὶ
2658 1524 3027 1594 κατηγλάῖσας
3076 1524 3436 1596 στερρότητι,
3483 1524 3631 1577 ἄπιθι
3668 1526 3871 1593 χαίρουσι

2357 1616 2494 1687 πρὸς
2513 1615 2795 1687 οὐρανίους
2835 1615 3169 1685 ὑμνοπόλους
3207 1617 3442 1685 σκηνὰς,
3481 1616 3809 1685 καταλείψασα
3830 1620 3874 1671 ἐγ

2360 1708 2622 1779 σαρκίνης
2672 1706 3111 1777 προφερομένους
3141 1706 3387 1774 γλώττης
3428 1707 3872 1775 ὲκτετορνευμένονς

2358 1795 2590 1865 λόγους,
2638 1796 2733 1850 καὶ
2757 1795 2855 1866 τὴν
2887 1791 3056 1867 ἧτταν
3096 1799 3246 1866 φωνῇ
3300 1794 3791 1865 καθομολογοῦντας.
3832 1799 3875 1849 El

2358 1888 2469 1959 γὰρ
2502 1888 2641 1957 ὑπὲρ
2673 1888 2960 1959 ἄνθρωπον
3008 1887 3117 1941 τῶν
3171 1888 3592 1960 ἀριστευμάτων
3641 1888 3671 1955 ἡ
3714 1888 3867 1941 εὐδοκε-

2361 1996 2546 2050 μησις,
2586 1978 2706 2042 πῶς
2730 1978 2827 2049 οὐχ
2871 1978 3011 2049 ὑπὲρ
3050 1978 3257 2033 ἔννοιαν
3309 1978 3653 2050 ἀνθρωπίνην
3695 1981 3720 2032 ὁ
3747 1980 3873 2049 πρίσ-

2358 2088 2521 2142 φορος
2573 2070 2827 2136 ἐπαινος;
2873 2069 3065 2124 Ἀπιθι
3132 2071 3359 2135 τοίνυν’,
3415 2069 3590 2141 σεμνὴ
3632 2070 3855 2139 καλλιπαρ

2359 2164 2507 2227 θένε,
2540 2162 2649 2216 τῶν
2675 2163 3065 2234 ὑπερκοσμίων
3089 2163 3270 2232 γερῶν
3295 2161 3662 2216 ἀπολαύουσα.
3689 2162 3873 2223 Ἄπιθι,

2358 2254 2484 2307 ἔνθα
2528 2254 2686 2323 λόγος
2719 2256 2846 2326 σιγᾷ
2870 2295 2885 2319 ,
2915 2254 3022 2309 τῶν
3048 2253 3189 2325 ὑπὲρ
3223 2253 3382 2322 λόγον
3437 2253 3540 2324 τὴν
3566 2254 3708 2319 δόξαν
3746 2253 3872 2317 διεξο-

2356 2346 2521 2410 δικῶς
2571 2348 2745 2401 εἰπεῖν
2789 2348 2850 2400 ού
2899 2347 3217 2417 δυνάμενος.
3260 2345 3455 2399 Ἀπιθι
3501 2347 3606 2398 τῶν
3657 2346 3777 2415 ὑπὲρ
3801 2347 3866 2397 ἑν-

2358 2438 2595 2509 θύμησιν
2637 2437 2860 2508 ἀγαθῶν
2911 2439 3108 2509 ἡδονῆς
3158 2439 3257 2506 τῆς
3311 2437 3559 2508 ἀκράτου
3606 2436 3865 2506 μεθέξουσι,

2357 2529 2485 2584 ἔνθα
2527 2530 2713 2600 νόησις
2746 2530 2933 2585 ἀπασα
2976 2530 3040 2582 ὲκ
3084 2526 3192 2583 τῶν
3246 2527 3497 2597 μερικῶν
3534 2527 3869 2595 φαντασμάτων

2354 2622 2453 2692 τὴν
2500 2622 2707 2691 γνῶσιν
2760 2621 3091 2693 ἀθροίζουσα
3121 2621 3283 2692 ἀργεῖ
3312 2620 3407 2673 καὶ
3446 2618 3689 2690 σχολάζει
3715 2618 3867 2681 ἁπλῶς,

2355 2713 2451 2767 τοῦ
2479 2715 2571 2768 νοῦ
2596 2714 2834 2777 αἰωνίως
2857 2716 2969 2777 τοῖς
3000 2712 3302 2783 ὑπερφυέσι
3328 2712 3425 2767 καὶ
3455 2714 3659 2779 νοητοῖς
3696 2710 3868 2764 ἐπιϐάλ-

2354 2804 2779 2868 λοντος.¹’Λπιθι,
2815 2804 2944 2857 ἔνθα
2987 2804 3096 2857 τῶν
3135 2803 3412 2871 αἰσθητῶν
3445 2803 3540 2856 καὶ
3567 2801 3868 2872 αἰσθήσεωνὴ

2355 2892 2679 2965 πολυσχιδὴς
2713 2892 2919 2962 ἀπάτη,
2953 2894 3047 2946 καὶ
3075 2893 3353 2964 περιφορά
3399 2893 3670 2947 πέπαυταί
3713 2910 3762 2945 τε
3804 2893 3867 2945 καὶ

2354 2987 2720 3056 κατήργηται.
2746 2984 3014 3037 Ἀπόλαϐἐ
3043 3002 3137 3037 σου
3169 2985 3237 3037 τὰ
3266 2986 3529 3056 νικητικά
3557 2984 3779 3056 βραδεῖα,
3804 2983 3869 3037 καὶ

2358 3075 2735 3146 ὑπέρλαμπρα
2767 3075 2907 3145 γέρα
2940 3076 3035 3128 καὶ
3069 3074 3299 3128 ἔπαθλα.
3318 3074 3586 3127 Ἀπόλαΰέ
3611 3092 3694 3127 σου
3722 3074 3810 3126 τῶν
3831 3074 3869 3125 ὲν

2353 3169 2467 3231 τοῖς
2496 3168 2815 3238 σκάμμασιν
2850 3166 3090 3237 ἱδρώτων
3114 3168 3209 3219 καὶ
3239 3166 3418 3219 πόνων
3454 3167 3554 3236 τὴν
3584 3166 3869 3237 καθήκουσαν

2359 3256 2679 3311 ἀνάπαυλαν
2703 3257 2796 3310 καὶ
2821 3256 3101 3326 ἀνάψυξιν.
3122 3256 3387 3310 Ἀπόλαόἐ
3416 3274 3513 3310 σου
3544 3258 3610 3311 τὰ
3650 3258 3870 3326 ὲποφειλό-

2356 3363 2498 3417 μενα
2540 3350 2652 3411 τοῖς
2694 3346 2780 3400 διὰ
2821 3346 3054 3417 Χριστὸν
3080 3346 3347 3417 ἀθλήσασι
3382 3349 3478 3402 καὶ
3502 3347 3736 3402 ἀθλοῦσιν
3758 3363 3871 3413 νικη-

2360 3438 2501 3510 φόρα
2538 3439 2848 3509 στέμματα,
2873 3439 2968 3492 καὶ
2992 3439 3309 3511 μαρτυρικά
3335 3439 3488 3511 διαδή
3499 3436 3870 3509 ματα.Ἀπὸλσυε

2357 3532 2457 3602 τῆς
2519 3531 2613 3585 τοῦ
2665 3531 2920 3601 Νυμφίου
2986 3532 3369 3601 άνεκφράστου
3440 3532 3540 3585 καὶ
3613 3530 3871 3598 ἀνεννοήτον

2358 3621 2593 3688 ἀγλαΐας
2621 3621 2715 3674 καὶ
2754 3620 3104 3691 ὡραιότητος.
3126 3622 3389 3674 Ἀπόλαυε
3416 3622 3521 3692 τῆς
3549 3624 3605 3674 ὲν
3642 3619 3712 3690 τῷ
3748 3621 3874 3687 ὑπερ·

2352 3713 2594 3783 ουρανίῳ
2626 3712 2876 3781 νυμφῶνι
2920 3712 3234 3783 ἀπορρήτου
3282 3713 3376 3766 καὶ
3428 3711 3691 3781 μυστικῆς
3711 3710 3874 3780 ὁμιλίας

2357 3803 2454 3856 καὶ
2482 3801 2802 3871 συναφείας,
2829 3797 2898 3871 ἧς
2928 3800 3100 3862 ὅντως
3136 3800 3292 3853 οὐδὲν
3336 3799 3658 3869 ὀλϐιώτερον
3688 3797 3766 3850 καὶ
3802 3814 3874 3864 μι-

2358 3894 2699 3967 καριώτερον
2740 3894 3004 3962 πέφυκεν.
3032 3892 3201 3948 Οὑδέν
3234 3911 3315 3947 σοι
3344 3894 3458 3945 τῶν
3497 3892 3740 3962 ὑπερλίαν
3766 3888 3875 3941 εὐδο-

2354 3986 2673 4056 κιμηκότων
2736 3983 3244 4055 ἀνδραγαθημάτων
3269 4023 3284 4049 ,
3336 3984 3445 4037 τῶν
3493 3979 3875 4051 λαμπαδηφόρων

2357 4076 2669 4147 παρθένων,
2700 4069 2746 4128 ὦ
2766 4074 2958 4145 νύμφη
2996 4072 3255 4144 Χριστοῦ,
3287 4072 3423 4142 πρὸς
3454 4072 3700 4125 εὔκλειαν
3727 4065 3875 4121 ἀπολέ-

682 4188 790 4230 non
814 4175 987 4232 solum
1025 4176 1206 4231 omnia
1256 4176 1519 4230 arbitrata
1570 4189 1637 4229 es
1673 4174 1747 4228 uti
1787 4183 2026 4229 stercora
2050 4175 2129 4240 υ,
2160 4173 2257 4230 sed

2357 4169 2599 4235 λειπται,
2630 4168 2705 4231 ὼς
2736 4168 3017 4237 ὑπεράγαν
3050 4166 3143 4219 τὸν
3174 4165 3407 4234 νυμφίον
3449 4164 3681 4234 Χριστὸν
3710 4158 3874 4227 ἀγαπή-

683 4276 739 4320 et
773 4267 1005 4337 propriae
1035 4268 1157 4321 vitae
1187 4276 1243 4321 et
1269 4266 1462 4320 animae
1491 4265 1664 4335 ipsum
1691 4265 1846 4335 cujus
1873 4265 2142 4321 desiderio
2165 4280 2255 4319 ar-

2359 4276 2519 4322 σασα,
2554 4259 2648 4311 καὶ
2673 4256 2866 4309 τούτου
2897 4254 3329 4323 καταθελχθεῖσα
3356 4254 3543 4323 ἔρωτι.
3569 4253 3644 4303 Δι’
3666 4244 3719 4303 οὗ
3741 4248 3791 4301 οὐ
3812 4245 3876 4314 μό·

684 4354 868 4419 debas,
911 4355 1227 4409 antetulisti.
1260 4353 1430 4420 Quam
1479 4355 1717 4424 legitime
1738 4356 2025 4410 admodum
2057 4355 2254 4411 bonum

2357 4371 2447 4408 νον
2492 4353 2707 4406 ἅπαντα
2754 4349 3023 4418 λελόγισαι
3061 4346 3324 4411 σκύϐαλα,
3357 4345 3498 4399 ἀλλὰ
3540 4344 3631 4397 καὶ
3659 4342 3745 4411 τῆς
3776 4338 3875 4398 ἰδέσς

683 4458 956 4503 certamen
988 4448 1235 4513 certasti,
1282 4457 1445 4516 atque
1492 4448 1769 4503 immotam
1806 4449 1963 4503 ﬁdem
2021 4447 2254 4503 mutabi-

2358 4443 2503 4513 ζωῆς
2549 4442 2641 4495 καὶ
2687 4440 2864 4511 ψυχῆς
2908 4439 2997 4492 τὸν
3034 4437 3368 4502 ποθούμενον
3401 4428 3876 4504 προτετίμηκας.”ας

679 4537 825 4592 libus
872 4538 1302 4607 periculosisque
1358 4540 1689 4609 temporibus
1735 4541 1967 4595 servasti
2008 4540 2021 4593 !
2081 4539 2286 4618 Quami

2284 4560 2331 4619 υ
2358 4534 2478 4588 λίαν
2522 4532 2763 4603 ἐννόμως
2809 4532 2898 4584 τὸν
2949 4530 3114 4583 καλὸν
3144 4529 3331 4596 ἀγῶνα
3361 4528 3651 4597 ἠγώνισαι,
3685 4522 3768 4575 καὶ
3806 4519 3876 4587 τὴν

682 4627 839 4683 valde
874 4627 1155 4693 inoﬁ‘ensc,
1194 4644 1256 4683 ac
1286 4629 1404 4685 sine
1435 4631 1737 4697 obstaculo,
1788 4632 2004 4701 pietatis
2030 4647 2246 4686 cursum
2284 4616 2289 4619 “

2284 4616 2311 4619 ”
2357 4626 2539 4679 πίστιν
2575 4625 2886 4695 τετήρηκας
2921 4623 3209 4692 ἄτρεπτον,
3241 4622 3298 4673 ὲν
3341 4622 3556 4690 καιροῖς
3593 4616 3813 4684 τρεπτοῖς
3834 4626 3874 4661 τε

678 4721 1099 4774 consummastil
1141 4719 1312 4787 Quam
1367 4722 1591 4776 multum
1620 4723 1839 4786 acerba,
1890 4724 2151 4789 duraque,
2187 4738 2250 4777 ac

2353 4718 2447 4771 καὶ
2472 4716 2851 4770 κινδυνώδεσιῐ
2895 4716 2982 4778 Ὦς
3014 4714 3137 4768 λίαν
3167 4712 3570 4784 ἀπροσκόπτως
3618 4708 3704 4761 καὶ
3742 4706 3874 4769 ἀνεμ-

682 4827 842 4880 supra
873 4811 1182 4866 mortalium
1216 4811 1525 4869 facultatem
1564 4813 1765 4869 inflicta
1825 4814 1919 4868 tibi
1948 4815 2017 4868 ob
2041 4814 2248 4868 Christi

2352 4808 2622 4871 ποδίστως
2664 4808 2756 4861 τὸν
2801 4808 2999 4878 δρόμον
3024 4807 3123 4874 τῆς
3154 4806 3441 4867 εὐσεϐείας
3465 4800 3769 4860 τετέλεκαςί
3812 4793 3875 4853 Ὠς

681 4903 1027 4960 dilectionem
1074 4916 1343 4961 tormenta
1396 4917 1508 4962 toto
1559 4910 1762 4974 animo,
1786 4921 2108 4975 summaque
2135 4904 2250 4959 ala-'

2350 4901 2472 4955 λίαν
2502 4900 2730 4969 ἀλγεινά
2776 4902 2872 4953 καὶ
2911 4898 3167 4970 ὀδυνηρά,
3204 4897 3300 4951 καὶ
3347 4896 3486 4966 ὑπὲρ
3530 4894 3740 4960 δύναμιν
3780 4885 3874 4955 βρο·

682 4998 874 5053 eritate
904 4999 1242 5055 sustinuisti!
1277 4999 1640 5067 Quamobrem
1677 4999 1902 5066 iustitiae
1933 4998 2026 5052 tibi
2050 5011 2249 5054 corona

2350 4993 2505 5047 τείαν
2536 4993 2774 5062 ὑπέστης
2805 4992 2874 5044 τά
2899 4990 3262 5060 ἐπενεχθέντα
3289 5006 3371 5041 σοι
3402 4988 3490 5040 διὰ
3535 4986 3629 5055 τὴν
3668 4984 3737 5044 εἰς
3770 4978 3871 5046 Χρι-

681 5090 918 5157 reposita
951 5099 1054 5157 est,
1100 5107 1262 5161 quam
1298 5108 1421 5147 cum
1468 5092 1628 5162 digne
1660 5090 2025 5151 contexueris.
2055 5090 2107 5142 in
2141 5103 2253 5143 cte-

2361 5087 2486 5140 στὸν
2508 5088 2729 5155 ἀγάπην
2763 5084 3161 5155 βασανιστήρια
3186 5081 3465 5151 ὀλοψύχως
3510 5079 3604 5131 καὶ
3647 5068 3869 5144 προθυμό-

679 5181 907 5237 lestibus
937 5195 1192 5239 coronata
1220 5200 1280 5240 es
1314 5186 1405 5240 δ”.
1435 5185 1504 5238 At
1538 5198 1606 5238 ne
1632 5184 1720 5237 hic
1751 5183 1967 5251 quidem
1998 5181 2253 5237 Christus

2355 5195 2517 5232 τατα.
2542 5178 2833 5247 Τοιγάρτοι
2862 5176 2956 5230 καὶ
2980 5177 3008 5229 ό
3032 5175 3129 5242 τῆς
3156 5173 3504 5242 δικαιοσύνης
3535 5187 3614 5222 σοι
3637 5164 3867 5219 ἀπόκειται

677 5274 898 5343 praemio
923 5286 975 5330 te
1000 5291 1223 5331 vacuam
1244 5277 1497 5345 reliquit:
1531 5276 1828 5343 quippequi
1857 5274 2074 5327 dixerit:
2122 5272 2250 5327 Vivo

2357 5271 2639 5339 στέφανος,
2678 5270 2845 5339 ὅνπερ
2877 5268 3043 5332 ἀξίως
3076 5265 3485 5335 ἀναδησαμένη,
3520 5265 3576 5315 ὲν
3603 5262 3703 5318 τοῖς
3744 5258 3868 5306 ἐπου-

678 5382 791 5436 ego,
822 5368 914 5422 sed
948 5368 1301 5439 gloriﬁcantes
1330 5386 1410 5422 me
1433 5369 1738 5438 gloriﬁcabo
1767 5368 1835 5421 ⁸³.
1865 5366 2250 5433 Quamobrem,

2360 5363 2560 5433 ρανίοις
2588 5361 2941 5430 κατέστεψαι.
2960 5360 3100 5412 Ἀλλ’
3135 5359 3244 5412 οὐδ’
3273 5356 3521 5418 ἐνταῦθα,
3554 5345 3807 5406 κατέλιπέν
3823 5357 3864 5394 σε

679 5458 820 5512 sicut
847 5461 1172 5527 promissum
1205 5469 1309 5523 est,
1344 5461 1395 5513 in
1450 5470 1539 5513 tuo
1580 5460 1818 5522 lavacro,
1858 5457 1945 5512 ubi
1974 5457 2137 5511 etiam
2170 5472 2255 5511 re-

2354 5455 2587 5523 Χριστὸς
2616 5454 2939 5526 ἀγέραστον.
2970 5453 3061 5506 Ζῶ
3090 5452 3198 5522 γὰρ
3227 5449 3360 5519 ἐγὼ,
3394 5448 3576 5518 φησὶν,
3601 5441 3743 5497 ἀλλὰ
3759 5435 3865 5497 τοὺς

656 5550 862 5620 'liquiae
890 5561 997 5608 tute
1020 5563 1170 5619 sunt,
1216 5554 1269 5608 in
1303 5554 1486 5609 fideles
1539 5555 1629 5623 qui
1664 5556 1730 5608 ad
1774 5554 1917 5623 ipsas
1967 5552 2250 5614 accedunt,

2354 5545 2710 5613 δοξάζοντάς
2738 5562 2814 5614 με
2841 5543 3099 5609 δοξάσω.
3146 5543 3311 5605 Διότι,
3348 5539 3524 5602 καθὼς
3570 5530 3862 5623 ἐπήγγελται,

679 5642 930 5700 laticibus
954 5645 1311 5714 copiosiores,
1367 5647 1543 5702 omnis
1591 5646 1806 5715 generis
1837 5643 2251 5715 aegrotationum

2354 5638 2413 5690 ἐν
2442 5637 2519 5707 τῷ
2548 5636 2625 5707 σῷ
2656 5636 2936 5707 κολύμϐῳ,
2967 5635 3094 5689 ἔνθα
3140 5634 3235 5688 καὶ
3284 5633 3354 5687 τὰ
3396 5631 3547 5703 τίμιά
3575 5645 3659 5681 σου
3686 5621 3861 5683 lsth

757 5822 796 5858 ι’
834 5818 992 5874 Prov.
1033 5836 1161 5885 xvu,
1192 5820 1246 5884 ϐ,
1276 5835 1386 5876 sec.
1419 5820 1582 5876 LXX.
1664 5822 1709 5853 “
1739 5820 1971 5891 Philipp.
2002 5834 2085 5885 tu,
2116 5817 2169 5874 8.
2247 5819 2311 5851 ⁸⁸·
2346 5816 2364 5871 l

1785 5820 1971 5891 ltilipp.
2002 5834 2085 5885 ιιι,
2116 5817 2169 5874 8.
2247 5819 2311 5851 ⁸⁸⁸
2346 5816 2390 5871 ll
2427 5803 2567 5870 Tiin.
2600 5832 2672 5882 tv,
2703 5819 2754 5883 7,
2782 5818 2836 5870 8.
2911 5816 2955 5847 ⁵³
2988 5817 3004 5868 1
3039 5814 3168 5884 Reg.
3205 5830 3268 5881 ιι,
3295 5813 3384 5868 50.
