4070 6424
218 387 324 448 813

1216 393 1599 455 LAUDATIO
1639 393 1679 454 S
1740 393 2115 456 ΒΑΒΒΑΗίΕ
2157 395 2386 454 MART.

3372 371 3477 438 814

216 498 330 560 τοῖς
353 495 567 558 πιστοῖς
599 495 1096 566 προσπελάζουσιν,
1129 500 1270 571 ὑπὲρ
1301 503 1522 574 νάματα
1557 503 1713 576 βρύει
1735 508 1806 559 τὰ

1914 503 2174 559 sanitates
2211 501 2543 571 scaturiunt,
2610 498 2882 570 pestisque
2947 495 3240 561 ulceribus,
3309 495 3488 549 aliove

215 588 323 644 τῶν
375 587 738 643 παντοδαπῶν
781 590 1237 663 ἀρρωστημάτων
1276 596 1506 666 ἰάματα,
1550 597 1648 652 καὶ
1694 598 1804 652 τῶν

213 682 399 737 ἕλκεσι
431 683 715 753 λοιμικοῖς,
744 682 778 754 ἢ
809 683 972 755 ἑτέρα
998 683 1140 754 νόσῳ
1180 687 1522 758 καμνόντων,
1559 690 1655 744 καὶ
1681 691 1804 744 ἑτέ-

217 791 331 845 ροις
361 774 590 846 μώλωψι
625 775 1112 847 κατοτρυχομένων
1144 779 1216 833 τὰ
1237 779 1490 851 σώματα,
1523 764 1645 837 ’τῶν
1694 801 1802 838 σω-

213 865 424 937 τηρίων
453 867 661 921 ὑδάτων
685 866 962 939 ἁψάμενα,
987 867 1181 923 θᾶττον
1210 869 1496 942 θανασίμῳ
1522 872 1805 926 ἀπονίπτε-

212 976 301 1012 ται
343 961 636 1031 νοσήματι.
667 963 780 1016 Καὶ⁷
831 961 981 1016 ἔστιν
1023 965 1136 1022 τοῖς
1190 965 1519 1035 περιοίκοις,
1544 967 1639 1020 καὶ
1689 969 1804 1032 τοῖς

217 1049 438 1120 μακράν
465 1067 566 1102 που
597 1052 1012 1123 ἀπῳκισμένοις
1051 1055 1079 1106 ὁ
1117 1052 1283 1117 τόπος
1307 1055 1579 1126 ἐπίσημός
1609 1074 1670 1110 τε
1710 1059 1804 1112 καὶ
1846 1083 1854 1093 ·

215 1141 526 1213 διαὸόητος,
560 1143 655 1198 καὶ
684 1143 820 1216 πρὸς
846 1143 1148 1216 θεραπείαν
1186 1149 1300 1212 τοῖς
1341 1147 1603 1220 χρῄζουσι
1648 1168 1804 1222 περι-

216 1233 572 1298 σπούδαστος.
601 1235 712 1289 Καὶ
765 1236 866 1290 οὐκ
913 1238 972 1290 ἐν
1025 1237 1218 1307 ἐκείνῳ
1263 1238 1423 1309 μόνον
1451 1239 1528 1310 τῷ
1557 1241 1722 1312 χώρῳ
1770 1241 1805 1312 ἦ

215 1344 294 1380 σοι
326 1327 688 1399 δεδωρημένη
735 1329 991 1401 καλλονὴ,
1024 1331 1120 1385 καὶ
1148 1332 1308 1402 χάρις
1340 1333 1606 1403 ίαματικὴ
1638 1351 1801 1403 περι-

213 1417 550 1490 γέγραπται,
577 1420 716 1475 ἀλλὰ
757 1423 852 1476 καὶ
895 1425 1009 1486 τοῖς
1045 1424 1300 1495 πανταχῆ
1333 1425 1436 1495 τῆς
1475 1426 1802 1497 οἰκουμένης

216 1511 354 1581 μετά
389 1512 604 1582 θερμῆς
643 1531 722 1567 σοι
748 1515 1030 1587 προσιοῦσι
1051 1516 1150 1586 τῆς
1180 1517 1442 1584 πίστεως,
1478 1519 1575 1572 καὶ
1619 1519 1678 1572 τὸ
1710 1520 1802 1572 σὺν

213 1603 432 1673 ἐτήσιον
473 1606 753 1660 ὲκτελοῦσι
805 1608 1189 1679 μνημόσυνον,
1236 1609 1306 1664 τά
1350 1609 1590 1683 λοιμώδη
1637 1611 1802 1682 θερα-

215 1693 447 1750 πεύεται
481 1697 789 1769 τραύματα,
821 1702 918 1754 καὶ
958 1702 1142 1772 πάσης
1181 1703 1398 1774 ἡλικίας
1429 1707 1462 1775 ή
1499 1704 1671 1776 ἀηδὴς
1702 1721 1804 1772 φυ-

1914 595 2103 651 morbo
2128 593 2454 660 laborantia,
2497 591 2724 661 aliisque
2748 589 2918 662 plagis
2942 589 3184 645 confecta
3244 597 3300 644 et
3342 587 3492 642 tabe-

1915 685 2120 742 scentia
2149 699 2402 760 corpora,
2461 681 2780 738 salutarium
2813 695 3080 753 aquarum
3109 687 3341 744 attactu,
3371 681 3493 732 exi-

1918 779 2031 835 tiali
2057 779 2384 855 quantocius
2411 777 2600 833 morbo
2650 775 3058 844 absterguntur.
3090 770 3293 842 Estque
3323 770 3492 832 locus,

1915 880 2026 926 tum
2062 869 2282 934 vicinis,
2318 880 2433 924 tttm
2474 869 2698 924 remotis
2739 866 2998 931 illustris,
3033 879 3098 921 ac
3130 863 3494 920 celebratissi-

1913 977 2032 1019 mus
2061 963 2165 1019 illis
2194 971 2277 1018 est
2305 962 2398 1033 qui
2447 959 2734 1017 curatione
2789 959 3054 1031 indigent.
3093 956 3203 1013 Nec
3238 955 3329 1011 illo
3361 956 3492 1009 dun-

1913 1063 2064 1109 taxat
2092 1055 2212 1110 loco
2245 1069 2504 1110 concessa
2539 1053 2633 1110 tibi
2663 1052 2884 1107 claritas
2907 1061 2961 1108 et
2995 1051 3288 1108 sanitatum
3317 1049 3493 1119 gratia

1911 1145 2130 1200 deﬁnita
2164 1153 2281 1212 est;
2315 1145 2409 1201 sed
2444 1153 2500 1200 et
2526 1145 2592 1200 iis
2624 1144 2788 1200 etiam
2826 1142 2917 1213 qui
2948 1144 3081 1198 orbe
3112 1149 3223 1196 toto
3253 1139 3480 1194 ferventi

1916 1237 2020 1292 lide
2061 1244 2115 1292 te
2163 1237 2403 1302 adeunt,
2472 1236 2656 1306 tuique
2719 1235 3037 1290 memoriam
3083 1232 3360 1287 annuatim
3399 1246 3494 1286 co-

1908 1329 2048 1394 lunt,
2098 1329 2332 1400 benigne
2371 1339 2632 1384 curantur
2669 1329 2835 1398 pestis
2878 1328 3141 1392 vulnera;
3194 1325 3486 1394 omnisque

1910 1424 2086 1479 aetatis
2112 1423 2293 1492 gravis
2319 1423 2598 1478 calamitas
2627 1431 2684 1478 et
2733 1421 2982 1478 molestia
3013 1419 3242 1490 aufugit,
3288 1433 3350 1472 ac
3378 1419 3488 1471 dte-

1911 1531 2132 1571 monum
2193 1515 2430 1571 assultus
2483 1514 2996 1570 comminationibus
3045 1512 3152 1566 tuis
3204 1509 3492 1578 fugantur;

1909 1609 2055 1664 omni
2082 1608 2314 1677 denique
2342 1607 2581 1677 periculo
2607 1616 2663 1661 et
2711 1605 2942 1660 adverso
2991 1618 3121 1659 casu
3161 1600 3486 1662 liberantur,

1910 1702 2002 1771 qui
2038 1710 2183 1756 tuam
2213 1701 2482 1754 vindicem
2519 1714 2679 1768 opem
2711 1697 2987 1752 invocant.

212 1791 506 1859 γαδεύεται
551 1794 751 1865 σκῆψις
819 1798 912 1850 καὶ
977 1797 1222 1868 δχλησις,
1253 1800 1526 1870 ὲνέργειαί
1584 1817 1646 1854 τε
1696 1797 2071 1869 δαιμονιώδεις
2123 1797 2235 1861 τοῖς
2291 1798 2403 1860 σοῖς
2453 1794 2872 1866 ὲμϐριμήμασιν
2946 1789 3379 1845 ἀπελαύνονται·
3429 1786 3490 1839 οὐ

217 1882 321 1954 μὴν
369 1883 514 1938 ἀλλά
557 1887 652 1940 καὶ
692 1887 910 1942 πάντων
958 1889 1346 1961 ὲκλυτροῦνται
1391 1892 1653 1947 κινδύνων
1696 1892 1792 1946 καὶ
1831 1891 2224 1963 περιστάσεων,
2258 1889 2313 1944 οῖ
2381 1905 2441 1942 σε
2471 1889 2608 1958 πρὸς
2639 1887 2853 1959 ἄμυναν
2920 1885 3212 1958 ἐπίκουρον
3242 1898 3493 1955 προσκα-

218 1972 497 2045 λούμενοι.

283 2073 392 2137 ar.
439 2070 533 2141 Μὴ
582 2069 762 2124 τοίνυν
807 2070 1036 2146 λείπῃς,
1091 2072 1228 2144 ἁγνὴ
1272 2073 1641 2146 ἀειπάροενε,
1681 2075 1808 2138 τοὺς

1981 2070 2072 2126 23.
2103 2069 2179 2125 Ne
2211 2083 2396 2125 cesses
2447 2067 2629 2138 igitur,
2660 2074 2808 2122 casta
2857 2064 2911 2120 in
2956 2071 3280 2133 perpetuum
3316 2061 3484 2134 virgo,

223 2157 346 2220 σοὺς
385 2159 774 2216 ἐποπτεύουσα
820 2163 1099 2232 συμπαθεῖ
1140 2165 1219 2235 τῷ
1251 2166 1527 2237 βλέμματι
1556 2167 1804 2238 πρόσφυ-

219 2265 339 2316 γας,
365 2249 514 2304 ἀλλά
545 2253 640 2305 καὶ
672 2253 763 2307 τὸν
789 2255 940 2308 τουτί
985 2272 1070 2309 σοι
1118 2259 1630 2329 προσπεφωνηκότα
1662 2259 1809 2312 εύτε-

220 2339 324 2404 λὲς,
353 2341 457 2395 καὶ
488 2341 732 2416 ἐξίτηλον
759 2348 861 2418 τῆς
885 2347 1159 2418 εὐφημίας
1193 2349 1484 2421 λογίδριον,
1516 2349 1807 2422 παραπολὺ

226 2432 320 2501 μὲν
350 2433 461 2502 τῆς
495 2435 594 2505 σῆς
623 2437 968 2508 ὑπερφεροῦς
1001 2438 1159 2504 ἀξίας
1181 2440 1633 2512 ἀπολειπόμενον,
1660 2441 1811 2494 εὐτε-

223 2523 342 2587 λοῦς
365 2523 428 2577 δὲ
459 2527 762 2597 προθυμίας
795 2529 896 2583 οὐκ
920 2529 1139 2585 ἔλαττον
1166 2531 1316 2601 αὐτῷ
1345 2534 1809 2605 πεφροντισμένον

224 2613 354 2684 πρὸς
383 2615 642 2688 δύναμιν,
675 2619 931 2690 ἀσμενῶς
962 2621 1064 2692 τῆς
1101 2624 1480 2694 προαιρέσεως
1534 2625 1806 2690 ἀποδέξω,

225 2707 313 2759 καὶ
357 2708 668 2778 συμπαθῶς
715 2712 1180 2784 ὲπικαμπτομένη
1231 2715 1326 2769 καὶ
1373 2715 1722 2781 ὲπινεύουσα,
1750 2717 1812 2770 τὺ

227 2796 565 2869 βραχύτατον
609 2801 782 2874 δῶρον
818 2804 1098 2876 προσίεσο,
1136 2806 1212 2870 ῶς
1239 2808 1268 2860 ὁ
1293 2806 1387 2871 σὸς
1415 2807 1648 2879 νυμφίος
1677 2809 1811 2878 Χρι-

228 2884 344 2950 στδς
385 2888 464 2942 τὰ
507 2889 602 2944 δύο
628 2890 801 2946 λεπτά
835 2892 990 2964 παρά
1020 2894 1120 2966 τῆς
1143 2897 1412 2966 ⁸πενιχρᾶς
1441 2897 1615 2967 χήρας
1645 2915 1813 2969 προσ-

225 2975 414 3046 ήκατο,
453 2979 515 3032 οὐ
557 2982 624 3052 τῇ
657 2981 752 3036 τοῦ
781 2982 1061 3054 διδομένου
1098 2985 1379 3057 ποσότητι,
1425 2986 1525 3056 τῆς
1576 3003 1811 3057 προσφεο

225 3067 425 3141 ρούσης
477 3071 535 3125 δὲ
575 3071 804 3144 γνώμης
853 3076 1251 3147 προσεσχηκὼς
1296 3080 1364 3149 τῇ
1411 3077 1678 3148 ποιότητι.
1709 3077 1812 3131 Εὖ-

229 3169 369 3224 ροιμι
402 3155 466 3209 δέ
503 3174 562 3210 σε
588 3159 685 3212 καὶ
719 3160 826 3214 τῶν
854 3162 1004 3234 ἐμῶν
1046 3163 1294 3236 ψυχικῶν
1337 3168 1431 3220 καὶ
1480 3167 1810 3237 σωματικῶν

230 3245 511 3312 μωλὼπων
542 3253 794 3322 προσηκῆ
830 3254 1256 3327 θεραπεύτριαν,
1290 3259 1386 3313 καὶ
1435 3259 1638 3324 πάσαις
1691 3263 1812 3324 ταῖς

227 3345 641 3409 περιστατικαῖς
673 3343 885 3414 θλίψεσι
916 3349 1274 3422 ἑτοιμοτάτην
1301 3352 1636 3422 προστάτιδα
1658 3368 1672 3384 ⁶
1718 3353 1813 3407 καί

228 3445 325 3498 μου
374 3431 490 3486 τῶν
524 3433 714 3489 παθῶν
752 3438 972 3508 στήσοις
1020 3419 1271 3511 γαληνῶς
1315 3419 1416 3506 τάς
1462 3443 1662 3515 ὁρμὰς,
1712 3443 1807 3498 καὶ
1840 3419 1883 3478 c

229 3523 600 3592 σκιρτήματα,
633 3525 720 3580 ἵνα
763 3528 860 3581 καὶ
900 3528 991 3582 τὸν
1021 3529 1146 3601 ,βίον
1176 3531 1312 3604 πρὸς
1340 3532 1376 3587 ἃ
1400 3533 1481 3587 δεῖ
1511 3534 1803 3606 ρυθμίσας,

226 3611 314 3662 καὶ
342 3610 438 3663 τὸν
463 3614 724 3683 κοσμικὸν
747 3617 1168 3688 ἀναχειμάστως
1191 3622 1508 3694 περαιώσας
1537 3623 1804 3690 κλύδωνα,

226 3697 356 3768 πρὸς
396 3699 549 3772 ζωὴν
582 3702 678 3773 τὴν
706 3706 916 3776 ἀγήρω,
961 3708 1056 3762 καὶ
1104 3709 1300 3781 λιμένα
1331 3716 1595 3783 σωτήριον
1645 3731 1808 3784 προσ-

226 3788 482 3858 ορμίσας,
499 3791 718 3863 τύχοιμι
755 3794 843 3848 διὰ
874 3796 967 3849 σοῦ
1000 3797 1093 3850 ἐπὶ
1122 3802 1233 3864 τοῖς
1271 3799 1533 3872 ἀμέτροις
1558 3802 1807 3874 πλημμε-

224 3878 452 3951 λήμασι,
482 3883 578 3965 τού
615 3887 798 3941 κοινοῦ
833 3890 927 3944 καὶ
959 3891 1334 3964 εύσπλάγχνου
1367 3895 1554 3967 κριτοῦ
1577 3936 1591 3959 ,
1618 3897 1806 3966 ἀφιέν-

226 3987 311 4035 τος
334 3973 541 4044 μᾶλλον
569 3978 664 4030 καὶ
685 3979 1096 4052 συγχωροῦντος
1128 3983 1218 4038 διὰ
1250 3984 1347 4056 τὴν
1378 3985 1673 4057 πρεσϐείαν
1711 3988 1807 4041 καλ⁸

229 4062 489 4135 ἔντευξιν,
509 4068 609 4140 ήδη
636 4071 738 4141 τὴν
764 4073 902 4145 ἐμὴν
933 4075 1210 4147 ρᾳθυμίαν
1238 4078 1465 4142 ἐνδίκως
1499 4078 1809 4150 καταψηφι·

231 4155 469 4224 σαμένου
516 4161 610 4212 καὶ
638 4163 1081 4233 κατακρίνοντος,
1114 4168 1248 4220 πᾶσι
1281 4167 1337 4220 δὲ
1365 4170 1476 4231 τοῖς
1503 4167 1685 4221 πίστει
1715 4185 1808 4220 σου

229 4244 323 4314 τὴν
351 4250 731 4321 προσηγορίαν
783 4254 1064 4323 ἀγαπῶσι,
1096 4258 1194 4310 καὶ
1234 4256 1460 4328 τιμῶσι,
1493 4259 1588 4312 καὶ
1632 4258 1700 4311 δι’
1727 4260 1811 4312 atl-

229 4332 348 4399 δοῦς
376 4337 598 4405 ἄγουσι,
625 4342 721 4394 καὶ
763 4346 828 4413 τῇ
875 4345 1236 4418 ἁντιληπτικῇ
1274 4365 1368 4400 σου
1405 4348 1809 4419 προσφεύγουσι

231 4429 517 4501 πρεσϐείᾳ,
549 4431 746 4501 γένοιο,
779 4429 824 4490 ὦ
849 4436 1116 4507 ἀθλοφόρε
1163 4438 1447 4512 Βαρϐάρα,
1480 4441 1576 4494 καὶ
1623 4439 1810 4494 καλλία

232 4534 344 4571 νικε
373 4520 617 4592 ἀοίδιμε,
653 4524 746 4578 καὶ
780 4527 1110 4598 ἀείμνηστε,
1147 4530 1241 4584 καὶ
1289 4530 1616 4603 πανεύφημε
1667 4529 1809 4601 μάρ-

232 4624 344 4675 τυς,
371 4611 472 4665 καὶ
494 4615 826 4688 ὲννομοτάτη
851 4618 1140 4692 ἀθλήτρια,
1169 4623 1265 4693 τῆς
1287 4622 1394 4676 τῶν
1433 4622 1678 4694 οὐρανῶν
1713 4622 1811 4692 βα-

235 4701 434 4766 σιλείας
485 4706 775 4776 πρόξενος,
831 4712 926 4764 καὶ
969 4713 1026 4765 ὲν
1076 4712 1222 4786 πάσῃ
1274 4713 1494 4786 λυπηρᾷ
1543 4713 1811 4784 συμϐάσει

235 4793 573 4866 ύπέρμαχος,
614 4800 709 4852 καὶ
757 4801 1000 4872 πρέσϐυς
1051 4781 1486 4876 ἀκαταίσχυντος
1538 4781 1675 4878 πρδς
1719 4806 1810 4859 τὸν
1840 4781 1886 4838 D

236 4885 550 4952 πανάγαθον
594 4889 828 4959 Χριστὸν
865 4893 958 4947 τὸν
986 4894 1117 4948 Θεὸν
1141 4896 1320 4966 ἡμῶν,
1357 4896 1477 4968 μεθ’
1507 4893 1568 4952 οὗ
1598 4897 1676 4968 τῷ
1714 4899 1811 4951 ἀν-

236 4971 407 5073 ἀξχιρ,
442 4976 884 5073 καὶᾼάγεννήτῳ,
919 4985 1013 5038 καὶ
1062 4987 1424 5058 προσκυνητῷ
1471 4989 1667 5060 Πατρὶ,
1697 4988 1812 5059 ἅμα

237 5065 309 5132 τῷ
337 5065 630 5136 ὀμοουσίῳ,
663 5072 756 5124 καὶ
788 5071 1083 5146 ζωαρχικῷ
1125 5077 1426 5148 ΙΙνεύματι,
1467 5078 1614 5143 δόξα,
1654 5079 1810 5151 τιμὴν

239 5155 629 5227 προσκύνησις,
659 5160 774 5228 νῦν,
808 5163 898 5218 καὶ
947 5165 1055 5230 ἀεὶ,
1087 5166 1181 5221 καὶ
1211 5167 1290 5232 εἰς
1322 5168 1447 5233 τοὺς
1475 5169 1674 5234 αἰῶνας
1705 5169 1813 5224 τῶν

238 5244 464 5302 αἰώνων.
483 5250 674 5325 Ἀμήν.

309 5406 355 5439 ⁵⁸
383 5405 511 5463 Luc.
551 5424 660 5472 xxt,
695 5410 815 5464 ιιι.

1908 2164 2190 2218 miseranti
2227 2170 2448 2234 aspectu
2476 2176 2569 2216 eos
2593 2160 2685 2230 qui
2714 2159 2782 2214 ad
2814 2168 2864 2214 te
2897 2157 3234 2227 confugiunt,
3267 2156 3488 2221 intueri,

1909 2257 2003 2314 sed
2060 2265 2116 2311 et
2161 2270 2283 2311 eum
2323 2255 2416 2326 qui
2449 2252 2615 2308 intui
2670 2249 2886 2306 laudem
2917 2289 2933 2315 ,
2997 2262 3222 2320 egenam
3273 2249 3413 2302 hanc
3439 2258 3493 2303 et

1907 2347 2105 2404 exilem
2133 2342 2678 2402 declamatiunculam
2710 2340 3104 2410 pronuntiavit,
3142 2351 3245 2393 tuae
3269 2339 3488 2407 quidem

1908 2440 2124 2494 eximite
2157 2436 2408 2507 dignitati
2434 2435 2592 2506 longe
2620 2433 2910 2502 imparem,
2950 2431 3053 2488 etsi
3100 2431 3300 2501 exiguo
3325 2431 3489 2484 animi

1911 2534 2104 2586 ardore
2145 2528 2312 2585 nihilo
2350 2525 2528 2582 secius
2581 2537 2680 2593 pro
2712 2520 2854 2577 virili
2902 2529 3238 2583 accuratam,
3273 2534 3370 2588 pro
3397 2534 3491 2576 vo-

1910 2622 2139 2677 luntatis
2187 2618 2379 2674 merito
2413 2615 2644 2685 benigne
2671 2611 2837 2683 910
2880 2611 3030 2676 audi,
3059 2610 3492 2680 clementiusque

1911 2711 2104 2766 iullexa
2129 2717 2186 2763 et
2212 2721 2476 2772 annuens,
2507 2704 2858 2775 perexiguum
2885 2699 3259 2756 munusculum
3284 2700 3488 2768 accipe;

1911 2797 2364 2871 quemadmodum
2402 2811 2630 2866 sponsus
2666 2802 2791 2849 tuus
2837 2792 3095 2848 Christus
3138 2791 3349 2845 minuta
3386 2791 3492 2846 duo

1917 2890 2262 2964 approbavit,
2291 2903 2412 2960 qua:
2460 2885 2793 2958 paupercula
2819 2884 2979 2939 vidua
3012 2882 3066 2938 in
3111 2882 3204 2937 Dei
3262 2897 3488 2937 munera

1913 2984 2159 3048 miserat,
2189 2996 2313 3038 cum
2339 2994 2446 3035 non
2480 2977 2592 3033 dati
2620 2975 2978 3046 quantitatem
3004 3015 3021 3042 ,
3062 2974 3154 3029 sed
3211 2970 3490 3028 oﬂerentis

1910 3073 2078 3128 animi
2107 3071 2357 3126 allectum
2387 3067 2695 3124 attenderet
2718 3065 2786 3118 ⁸⁸.
2805 3063 3080 3120 Inveniam
3109 3077 3236 3118 vero
3255 3073 3306 3118 te
3326 3063 3487 3118 etiam

1912 3165 2108 3219 anima:
2141 3171 2196 3218 et
2229 3160 2474 3232 corporis
2507 3159 2790 3215 vulnerum
2828 3156 3116 3227 benignam
3134 3156 3482 3220 curatricem,

1915 3258 2076 3328 inque
2101 3256 2247 3310 omni
2282 3255 2516 3310 adverso
2545 3267 2676 3308 casu
2713 3259 2766 3306 et
2809 3250 3098 3304 alllietione
3146 3249 3488 3320 promptissi-

1919 3362 2064 3401 matn
2094 3355 2404 3416 patronam.
2432 3343 2737 3398 All'ectuum
2792 3355 3007 3411 quoque
3060 3340 3295 3410 impetus
3326 3350 3380 3395 et
3409 3339 3489 3394 la-

1916 3439 2206 3495 scivientes
2233 3447 2412 3492 motus
2438 3434 2730 3506 tranquille
2759 3433 2944 3501 sistas,
2981 3447 3091 3503 quo
3124 3432 3290 3486 vitam
3325 3432 3392 3487 ad
3422 3447 3483 3487 ea

1915 3548 2035 3603 qua:
2057 3539 2271 3602 oportet
2305 3542 2653 3599 componens,
2702 3535 2758 3582 et
2789 3525 2978 3581 mundi
3021 3523 3254 3594 procella
3290 3539 3483 3580 secure

1919 3624 2257 3688 transmissa,
2278 3623 2344 3677 ad
2374 3621 2543 3677 vitam
2575 3619 2712 3675 senii
2740 3627 3042 3689 expertem,
3071 3627 3126 3673 et
3152 3617 3344 3673 salutis
3367 3632 3488 3688 por-

1916 3725 2029 3771 tum
2065 3715 2359 3786 appellens,
2397 3728 2494 3784 per
2521 3720 2593 3778 te,
2625 3725 2724 3782 ego
2749 3710 3140 3766 immensorum
3168 3707 3486 3764 delictorum

1917 3825 2062 3874 reus,
2114 3820 2460 3864 communem
2521 3811 2577 3860 et
2630 3802 3037 3858 misericordem
3086 3800 3322 3870 judicent
3357 3816 3491 3855 nan-

1915 3904 2112 3967 ciscar,
2141 3901 2232 3971 qui
2261 3899 2498 3955 dimittat
2542 3897 2722 3969 potius
2755 3903 2810 3950 et
2851 3893 3148 3966 indulgeat,
3188 3893 3294 3949 tuis
3324 3893 3491 3948 inter-

1915 3993 2252 4049 cessionibus
2276 3999 2439 4060 atque
2476 3986 2963 4059 supplicationibus
3009 3993 3323 4055 permotus;
3359 3997 3482 4038 cum

1916 4085 2103 4155 utique
2141 4083 2429 4155 segnitiem
2455 4095 2630 4136 meam
2655 4079 2777 4151 jure
2803 4079 2915 4149 jam
2940 4077 3404 4140 condemnaverit,
3426 4091 3490 4130 ac

1914 4178 2079 4233 modo
2113 4178 2459 4231 condemnet.
2498 4171 2608 4228 Sed
2651 4180 2707 4226 et
2736 4170 2952 4226 cunctis
2984 4169 3074 4237 qui
3103 4183 3224 4222 cum
3255 4167 3360 4222 ﬁde
3395 4180 3491 4220 no-

1917 4280 2042 4321 men
2075 4273 2226 4319 tuum
2261 4263 2510 4332 diligunt,
2553 4259 2759 4324 colunt,
2795 4266 2851 4314 et
2888 4256 3222 4312 venerationi
3265 4255 3486 4320 habent,

1919 4358 2121 4428 quique
2139 4356 2204 4410 ad
2235 4351 2645 4409 intercessionis
2674 4361 2778 4406 tuae
2816 4348 3118 4406 subsidium
3149 4347 3485 4416 confugiunt,

1917 4458 2060 4514 esto,
2085 4463 2118 4502 ο
2148 4444 2531 4515 triumphatrix
2596 4457 2662 4498 ac
2693 4441 2951 4513 praeclara
3003 4439 3220 4505 victrix,
3265 4438 3487 4508 inclyta,

1919 4539 2190 4609 dignaque
2235 4545 2437 4590 aeterna
2485 4533 2768 4597 memoria,
2823 4529 3129 4586 clarissima
3167 4539 3392 4599 martyr,
3426 4542 3490 4581 ac

1918 4630 2436 4700 legitimaprorsus
2493 4624 2641 4696 pugil
2695 4623 2958 4685 Barbara,
3013 4621 3164 4692 regni
3224 4619 3485 4676 ctelorutn

1920 4721 2287 4788 conciliatrix,
2325 4719 2379 4773 in
2433 4717 2580 4774 omni
2623 4726 2824 4772 eventu
2875 4714 3016 4769 tristi
3071 4712 3402 4777 auxiliatrix,
3437 4723 3492 4765 et

1919 4810 2200 4868 inconfusa
2229 4816 2508 4880 sequestra
2543 4808 2684 4877 apud
2729 4805 3176 4876 benignissimum
3213 4802 3488 4856 Christum

1920 4901 2216 4960 Dominum
2236 4909 2506 4962 nostrum,
2539 4897 2756 4968 quicum
2792 4895 2863 4950 sit
2910 4901 3136 4956 aeterno,
3169 4892 3406 4960 ingenito
3436 4900 3491 4944 et

1920 4993 2199 5048 adorando
2238 4989 2408 5054 Patri,
2461 5003 2566 5042 una
2613 5001 2736 5042 cum
2775 4982 3320 5041 consubstantialiac
3351 4980 3486 5034 vivi-

1922 5087 2024 5142 lico
2085 5083 2317 5155 Spiritu,
2355 5081 2548 5153 gloria,
2605 5078 2780 5133 honor
2831 5083 2887 5130 et
2920 5073 3186 5139 adoratio,
3242 5087 3385 5127 nunc
3436 5081 3490 5125 et

1921 5192 2157 5248 semper,
2187 5184 2241 5233 et
2268 5177 2318 5231 in
2341 5171 2536 5231 saecula
2569 5169 2912 5228 saeculorum.
2940 5169 3130 5222 Amen.
