4070 6438
643 357 746 439 eis

1776 391 1836 450 S.
1869 388 2187 450 JOANNIS
2219 390 2650 451 DAMASCENI
2911 414 2917 419 ·
3765 397 3843 461 816

2677 559 3023 574 ——-_—-

3046 564 3846 595 ._...__.___________

717 699 1048 798 ingentem:
1080 699 1275 798 Iiegia
1322 698 1644 798 infra-am
1692 698 2045 798 00d..2'&.40,
2085 701 2168 793 ad
2205 712 2389 798 caput
2421 705 2478 777 1,
2513 723 2587 797 υ..
2611 703 2709 798 3.5,
2751 707 3175 798 fragmentum
3219 710 3333 798 hoc
3385 715 3552 794 quod
3591 722 3828 798 sequitur

635 778 867 877 reperi,
909 779 1232 858 cujusdam
1285 777 1522 871 scilicet
1575 781 1878 877 senmonis
1919 777 2709 877 ζΙοαηέῑείιι,Πξιπιίιεοεηὶἠίιξ
2743 777 2819 848 Β.
2859 777 3176 866 Virginem
3201 838 3215 864 ,
3267 793 3335 853 in
3361 777 3480 873 q‘uo
3513 777 3846 877 (adria—viii;

639 856 1065 954 {eguntuniac
1104 877 1236 938 qua:
1281 859 1357 949 in
1381 860 1590 954 prima
1639 858 1711 919 de
1760 860 2032 950 ejusdem
2068 860 2434 954 Nativitate,
2456 860 2737 954 17.0843,
2768 867 2932 928 unde
2969 856 3411 954 nuliuni_mfﬁi
3455 888 3716 954 superest

639 935 830 1012 bium,
876 938 1026 1017 quin
1065 935 1141 999 ea:
1168 935 1437 1017 genuino
1472 937 1682 1016 aliqua
1733 935 1865 1018 ejus
1915 956 2098 1016 opere
2131 939 2296 1019 quod
2325 935 2615 1018 perierit,
2658 935 3043 1026 assumptum
3081 949 3241 1011 illud
3289 951 3512 1030 fuerit.

1197 1101 1655 1159 DAMASCENI.

709 1215 810 1284 Qui
841 1215 1009 1273 ctelos
1032 1216 1277 1273 condidit
1301 1225 1354 1271 et
1377 1225 1687 1281 conservat,
1713 1217 2084 1286 omniumque,
2104 1225 2212 1270 tam

642 1307 843 1376 quaein
877 1308 1111 1371 mundo,
1172 1323 1334 1376 quam
1389 1321 1508 1376 quae
1542 1322 1703 1376 supra
1757 1307 2011 1360 mundum
2063 1315 2212 1369 sunt,

637 1401 869 1466 Artifex,
901 1401 1058 1469 cujus
1086 1402 1219 1456 nihil
1248 1418 1313 1458 ex
1347 1402 1614 1458 universis
1653 1405 1812 1458 rebus
1839 1402 1988 1456 locus
2015 1413 2120 1470 est,
2169 1401 2214 1457 si

638 1495 798 1550 modo
861 1495 1012 1550 locus
1049 1494 1303 1549 delinitur
1349 1493 1424 1566 (id
1458 1494 1600 1565 quod
1633 1476 1693 1549 ea
1730 1509 1850 1564 qua:
1903 1495 1953 1548 in
1977 1509 2036 1550 se
2065 1505 2212 1558 sunt,

636 1587 1013 1656 complectitur
1039 1596 1092 1642 et
1126 1587 1314 1660 ambit)
1345 1607 1358 1642 :
1401 1587 1454 1642 in
1506 1597 1557 1641 te
1587 1603 1616 1642 a
1667 1588 1846 1658 seipso
1888 1587 2066 1643 infans
2099 1588 2215 1642 sine

635 1684 841 1738 semine
871 1683 1152 1749 condetur,
1202 1693 1358 1753 teque
1382 1683 1702 1738 latissimum
1738 1682 1997 1739 conclave
2027 1692 2213 1738 osten-

638 1777 728 1831 det
771 1775 989 1832 deitatis
1019 1791 1151 1840 suae,
1204 1791 1322 1846 quae
1371 1765 1552 1831 omnia
1607 1775 1805 1845 replet,
1841 1789 2066 1846 quaeque
2101 1775 2213 1830 sola

637 1869 1163 1938 circumscriptionis
1191 1877 1277 1924 est
1300 1883 1497 1938 expers
1523 1888 1536 1922 :
1576 1877 1720 1924 totus
1753 1869 1804 1922 in
1863 1879 1915 1924 te
1945 1869 2060 1923 sine
2091 1883 2215 1938 pas-

637 1963 791 2018 sione
824 1963 1172 2030 constrictus,
1235 1971 1381 2018 totus
1421 1963 1606 2017 itidem
1659 1972 1812 2017 extra
1866 1976 2112 2027 manens,
2150 1977 2215 2018 ac

635 2055 983 2122 semetipsum
1037 2055 1211 2109 locum
1251 2054 1456 2110 habens
1514 2055 1604 2125 qui
1651 2056 1769 2124 capi
1805 2055 2010 2126 nequit.
2047 2051 2126 2109 Ex
2163 2064 2215 2110 te

632 2147 858 2216 iustitia:
901 2147 980 2204 sol
1035 2148 1277 2212 orietur;
1327 2156 1535 2202 natura:
1588 2147 1748 2214 duae,
1804 2147 1932 2204 licet
1959 2147 2212 2217 Acephali

635 2239 820 2294 furore
851 2241 1170 2294 insaniant:
1225 2254 1331 2294 una
1383 2239 1714 2310 hypostasis,
1759 2251 2042 2310 rumpatur
2087 2239 2215 2294 licet

636 2331 942 2388 Nestorins.
996 2330 1157 2387 Pater
1201 2333 1490 2404 siquidem,
1533 2333 1776 2388 divinum
1821 2333 1986 2390 veluti
2027 2348 2212 2404 semen

2241 1107 2291 1163 Α

2760 1109 2845 1162 T0
2858 1109 2904 1162 Υ
2934 1111 3382 1168 ΔΑΜΑΣΚΗΝΟ
3396 1116 3458 1170 Υ.

2397 1216 2457 1270 '0
2487 1217 2595 1274 τῶν
2624 1219 2870 1292 οὐρανῶν
2893 1221 3227 1296 δημιουργός
3265 1245 3324 1281 τε
3372 1229 3468 1283 καὶ
3499 1235 3754 1303 συνοχεὺς,
3777 1240 3848 1291 καὶ

2318 1308 2521 1373 παντὸς
2569 1310 2866 1398 ἐγκοσμίου
2928 1315 3023 1368 καὶ
3072 1317 3448 1390 ὑπερκοσμίου
3481 1322 3725 1396 Τεχνίτης
3766 1329 3848 1398 δη-

2319 1401 2752 1473 μιουργήματος,
2786 1397 2846 1459 οὗ
2895 1407 3063 1472 τόπος
3100 1410 3275 1477 οὐδεὶς
3302 1411 3414 1466 τῶν
3449 1416 3658 1470 πάντων
3700 1397 3846 1473 ἐστίν·

2316 1493 2478 1565 εἴπερ
2511 1495 2574 1549 τὸ
2615 1498 2871 1569 περιέχον
2915 1501 3028 1554 τῶν
3058 1501 3287 1557 ἐνόντων
3323 1505 3490 1570 τόπος
3533 1506 3779 1580 ὁρίζεται·
3802 1517 3848 1567 ὲν

2318 1589 2402 1642 σοὶ
2434 1590 2570 1661 πρὸς
2597 1591 2793 1646 ἑαυτοῦ
2816 1592 3077 1664 ἀσπόρως
3101 1593 3304 1665 βρέφος
3333 1596 3846 1673 δημιουργηθήσεται,

2317 1680 2410 1735 καί
2446 1699 2506 1736 σε
2535 1686 2761 1754 ταμεῖον
2790 1684 3104 1756 εὐρύχωρον
3132 1687 3298 1754 δείξει
3331 1691 3433 1761 τῆς
3461 1692 3532 1746 τά
3561 1693 3720 1749 πάντα
3747 1698 3848 1770 πλη.

2319 1770 2520 1842 ρούσης
2542 1771 2709 1826 αὐτοῦ
2739 1773 2832 1828 καὶ
2856 1775 3027 1846 μόνης
3051 1777 3437 1848 ἀπεριγράφου
3463 1781 3848 1853 θεότητος.’ολος

2316 1863 2540 1928 ἀπαθῶς
2570 1865 2629 1918 ἐν
2656 1865 2740 1919 σοὶ
2762 1867 3322 1939 συστελλόμενος.⁹καὶ
3352 1873 3536 1942 μένων
3560 1874 3673 1939 ὅλος
3693 1877 3844 1944 ἐκτός;

2317 1956 2409 2008 καὶ
2437 1955 2602 2010 τόπον
2633 1956 2773 2027 ἔχων
2802 1958 2995 2012 ἐαυτὸν
3028 1960 3442 2032 ἀπερίληπτονι
3481 1965 3547 2020 ἐκ
3598 1967 3684 2020 σοῦ
3716 1970 3742 2020 6
3773 1970 3851 2039 τῆς

2314 2049 2662 2122 δικαιοσύνης
2689 2051 2946 2106 ἀνατελεῖ
2964 2052 3137 2125 ἥλιος,
3172 2054 3268 2108 δύο
3307 2056 3505 2125 φύσεις
3535 2057 3636 2112 κάν
3659 2059 3848 2130 ’Δκέφα-

2314 2144 2397 2197 λοι
2431 2143 2732 2215 μαίνωνται
2756 2158 2770 2173 ⁸
2811 2144 2913 2215 μία
2940 2145 3264 2214 ὑπόστασις,
3289 2149 3396 2202 κᾶν
3421 2149 3706 2221 Νεστόριος
3728 2152 3846 2224 διαρ-

2317 2238 2642 2310 ρηγνύηται.
2691 2238 2870 2294 Οίονεὶ
2919 2241 3029 2311 γάρ
3078 2239 3222 2296 θεῖον
3271 2243 3480 2313 σπόρον
3534 2246 3848 2315 πνευματικὸν

2315 2331 2410 2384 τὸν
2445 2329 2644 2384 ἐαυτοῦ
2686 2331 2816 2385 Υίὸν
2849 2331 3207 2398 ἐξαποστελεῖ
3240 2335 3269 2388 6
3302 2335 3521 2408 Πατὴρ,
3557 2338 3647 2390 καὶ
3683 2336 3798 2407 σὰρξ
3828 2338 3850 2389 6

634 2426 939 2495 spirituale,
970 2427 1153 2482 lumen
1181 2428 1392 2482 emittet
1446 2443 1626 2494 suum,
1680 2424 2030 2498 Verbumque
2066 2442 2132 2484 ex
2163 2439 2216 2483 te

2317 2423 2488 2493 Λόγος
2537 2425 2602 2478 ἐκ
2656 2422 2753 2478 σοῦ
2796 2425 3084 2496 ἀτρέπτως
3121 2427 3468 2499 γεννήσεται.
3511 2426 3622 2482 Καὶ
3668 2427 3849 2491 ἀπαθῶς

635 2519 772 2574 citra
811 2519 1227 2576 conversionem
1263 2519 1355 2575 [iet
1386 2535 1536 2575 caro.
1572 2519 1636 2575 Et
1681 2518 1860 2587 Pater,
1891 2520 1980 2589 qui
2010 2520 2214 2590 impas-

635 2612 776 2668 sihili
832 2613 1045 2669 ratione
1071 2613 1264 2668 Filium
1323 2614 1555 2668 naturali
1629 2615 1792 2670 modo
1815 2615 1965 2684 prius
2006 2615 2214 2686 genuit,

633 2706 811 2772 ipsum
853 2720 1068 2777 quoque
1097 2719 1164 2759 ex
1200 2717 1252 2763 te
1275 2706 1466 2761 iterum
1489 2721 1587 2776 per
1611 2707 2073 2777 dispensationem
2099 2706 2218 2762 sine

636 2799 892 2869 passione
950 2799 1256 2871 generabit.
1315 2798 1451 2854 Nam
1511 2800 1589 2854 uti
1646 2801 1855 2855 concha
1905 2799 2122 2855 ctelitus
2149 2813 2215 2855 ex

639 2889 868 2948 Deitatis
892 2890 1100 2962 fulgore
1139 2892 1190 2946 in
1225 2901 1380 2946 utero
1437 2892 1735 2962 concipies,
1769 2890 2055 2962 pariesque
2093 2906 2216 2962 pre-

637 2985 938 3040 tiossitnam
969 2987 1323 3056 margaritam
1364 2985 1664 3053 Christum,
1693 2988 1984 3058 nnigenam
2019 2987 2213 3052 lucem,

639 3092 761 3148 quae
795 3093 898 3133 non
929 3078 1118 3150 gignit,
1165 3090 1218 3133 et
1247 3093 1463 3150 semper
1495 3088 1816 3150 generatur;
1843 3081 1995 3148 cujus
2027 3095 2215 3150 perso-

639 3171 780 3226 nalis
826 3172 1129 3242 proprietas
1171 3181 1290 3238 est,
1348 3174 1490 3243 quod
1527 3184 1836 3243 generetur.
1879 3173 2040 3244 911
2073 3172 2130 3228 ln
2165 3183 2217 3228 te

639 3265 786 3330 leges
810 3278 1023 3334 quoque
1073 3273 1281 3320 naturae
1333 3265 1754 3335 inpovabuntur,
1788 3275 1844 3320 et
1887 3281 1990 3320 una
2019 3281 2216 3322 conve-

641 3357 816 3423 nient,
856 3373 976 3427 qua:
1003 3358 1217 3413 misceri
1240 3365 1534 3427 nequeunt.
1589 3357 1708 3412 Erit
1755 3359 1898 3413 enim
1934 3359 2216 3428 virginitas

640 3450 858 3519 pariens
876 3491 892 3516 ,
926 3449 1144 3506 deitatis
1169 3459 1330 3520 atque
1363 3451 1716 3506 humanitatis
1740 3451 1923 3506 mistio
1947 3492 1963 3517 ,
1994 3465 2215 3521 perpes—

641 3541 812 3596 sionis
834 3541 1382 3612 etimpassibilitatis,
1413 3542 1540 3598 vitae
1601 3552 1656 3597 et
1719 3544 1930 3610 mortis,
1981 3543 2214 3614 utquod

640 3635 882 3691 deterius
904 3645 1014 3702 est,
1054 3636 1112 3691 in
1142 3637 1393 3692 omnibus
1452 3651 1482 3690 a
1517 3636 1715 3708 potiori
1763 3647 2071 3706 superetur.
2099 3636 2216 3691 Non

640 3731 786 3783 enim
817 3728 1148 3799 operationis
1185 3727 1278 3783 Dei
1316 3729 1765 3798 conceptaculum
1802 3731 1934 3794 eris,
1965 3729 2057 3784 sed
2090 3731 2218 3783 suh-

2319 2518 2588 2589 γεννήσας
2611 2516 2706 2570 τὸν
2740 2517 2870 2571 Υίδν
2917 2519 2947 2572 6
2983 2517 3175 2590 Πατὴρ
3220 2519 3282 2572 τὸ
3327 2519 3598 2591 πρότερον
3626 2521 3846 2589 φυσικῶς,

2319 2609 2546 2674 ἀπαθῶς
2573 2609 2665 2664 τὸν
2691 2609 2857 2665 αὑτὸν
2886 2611 3160 2680 γεννήσει,
3193 2611 3289 2664 καὶ
3317 2611 3380 2664 τὸ
3405 2611 3660 2682 δεύτερον
3686 2615 3849 2667 οἰκονο-

2323 2703 2520 2776 μικῶς.
2553 2703 2766 2775 Ὠσπερ
2812 2703 2924 2774 γάρ
2973 2720 3058 2767 τις
3105 2703 3304 2774 κόγχος
3347 2703 3642 2775 οὐρανόθεν
3678 2706 3734 2758 ἐκ
3774 2705 3849 2773 τῆς

2317 2796 2608 2868 ἀστραπῆς
2645 2797 2745 2867 τῆς
2787 2795 3042 2866 θεότητος
3075 2797 3133 2850 ἐν
3167 2796 3367 2868 γαστρὶ
3398 2796 3564 2864 ἕξεις,
3600 2797 3686 2849 καὶ
3717 2797 3850 2863 τέξεις

2315 2889 2410 2944 τὸν
2453 2887 2751 2958 πολύτιμον
2801 2888 3151 2960 μαργαρίτην
3201 2888 3440 2961 Χριστὸν
3465 2929 3481 2954 ,
3525 2887 3588 2942 τὸ
3620 2891 3850 2960 μονογενὲς

2318 2981 2457 3054 φῶς,
2487 2983 2551 3036 τὸ
2590 2980 2666 3054 μὴ
2701 2983 2925 3050 γεννῶν,
2956 2982 3046 3036 ἀεὶ
3079 2982 3138 3036 δὲ
3180 2981 3546 3052 γεννώμενον,
3582 2973 3641 3037 οὑ
3671 2983 3724 3034 τὸ
3759 2998 3852 3050 γεν-

2317 3076 2517 3131 νᾶσθαι
2550 3075 2914 3130 ὑποστατικδν
2948 3075 3110 3146 μόνον
3143 3075 3358 3147 ίόίωμα.
3377 3076 3472 3130 Ἐν
3513 3077 3596 3130 σοὶ
3624 3077 3708 3130 καὶ
3733 3075 3849 3144 νόμοι

2317 3172 2536 3244 φύσεως
2584 3169 3168 3241 καινοτομηθήσονται,
3203 3170 3300 3223 καὶ⁵
3337 3169 3406 3223 τά
3452 3169 3658 3240 ἄμικτα
3684 3167 3851 3237 sup“,-

2319 3261 2698 3318 σεται.Ἔσται
2725 3260 2837 3331 γὰρ
2864 3259 3136 3331 παρθενία
3161 3259 3448 3314 τίκτουσα.
3470 3258 3628 3324 Μίξις
3649 3259 3851 3326 θεότητος

2318 3359 2417 3411 καί
2458 3355 2904 3428 ἀνθρωπότητος,
2937 3354 3143 3419 πάθους
3187 3353 3285 3407 καὶ
3315 3353 3605 3416 ἀπαθείας,
3633 3351 3761 3420 ζωῆς
3784 3349 3853 3403 καὶ

2321 3452 2573 3518 θανάτου,
2605 3449 2682 3514 ὡς
2711 3450 2780 3504 ἂν
2821 3448 2882 3501 ἐν
2929 3449 3096 3502 πᾶσιν
3125 3445 3444 3517 ἐκνικηθείη
3483 3445 3545 3499 τὸ
3585 3447 3749 3516 χεῖρον
3773 3441 3853 3495 ὑπὸ

2315 3543 2412 3600 τοῦ
2463 3543 2790 3618 κρείττονος.
2836 3543 2910 3596 Οὐ
2959 3541 3068 3612 γὰρ
3117 3539 3403 3612 ἐνεργείας
3451 3537 3590 3592 Θεοῦ
3641 3537 3853 3606 ὑπάρξεις

2316 3641 2540 3710 δοχεῖον,
2588 3636 2706 3691 ἀλλ’
2735 3633 3008 3698 οὐσιωδῶς
3039 3633 3141 3704 τῆς
3184 3631 3280 3686 τοῦ
3326 3631 3464 3686 Θεοῦ
3515 3630 3851 3689 ὑποστάσεως·

2319 3734 2414 3788 καὶ
2451 3734 2646 3803 μοῖραν
2691 3731 2756 3784 ἐκ
2809 3727 2902 3782 σοῦ
2932 3725 3306 3798 προσλήψεται
3339 3727 3367 3779 6
3403 3722 3752 3796 Δημιουργδς,
3779 3718 3853 3788 τήν

639 3819 883 3876 stantiali
929 3820 1118 3886 modo,
1160 3820 1252 3877 Dei
1303 3823 1612 3892 hypostasis
1655 3835 1719 3875 ac
1760 3836 2027 3890 personze.
2081 3819 2216 3875 Por-

2320 3826 2574 3898 ἀπαρχὴν
2618 3825 2711 3879 τοῦ
2745 3821 3086 3894 ἀνθρωπίνου
3125 3819 3441 3891 φυράματος
3488 3819 3554 3870 ἐκ
3592 3814 3854 3884 Πνεύματος

643 3913 842 3968 tionem
886 3929 954 3970 ex
986 3924 1038 3969 te
1083 3912 1346 3970 Conditor
1401 3929 1584 3970 rerum
1649 3924 1912 3977 assumet,
1965 3914 2216 3969 humana:

641 4019 833 4061 massa;
862 4007 1151 4076 primitias,
1184 4023 1250 4064 ex
1286 4005 1494 4078 Spiritu
1531 4017 1760 4077 _saucto,
1815 4006 2031 4078 tuisque
2086 4014 2215 4063 san-

638 4100 892 4169 guinibus
924 4097 1094 4156 factus
1120 4114 1269 4156 caro.

2324 3921 2498 3989 ἀγίου,
2533 3916 2762 3974 καὶτῶν
2794 3915 2904 3968 σῶν
2933 3913 3185 3982 αἱμάτων
3219 3907 3551 3980 σαρκωθείς.

2307 4261 3790 4306 ___________________________.

712 4433 840 4490 Tres
887 4439 1212 4504 precationes
1245 4438 1374 4492 istas
1413 4445 1536 4491 ante
1585 4437 1932 4504 sumptionem
1971 4435 2162 4489 divina’
2197 4427 2883 4504 Eucharistireprecitandas
2909 4463 2926 4489 ,
2974 4421 3151 4504 reperi
3173 4410 3852 4504 iri-Iloroioaiapttfgﬂm

640 4517 689 4558 et
731 4512 782 4558 in
812 4491 990 4559 codice
1023 4524 1118 4559 ms.
1158 4491 1466 4560 monasterii
1504 4507 1566 4562 S.
1606 4491 1828 4559 Taurini
1868 4504 2229 4567 Ebroiceusis,
2259 4504 2412 4573 cujus
2447 4502 2575 4555 mihi
2608 4500 2815 4568 copiam
2847 4498 2911 4550 de
2951 4509 3093 4547 more
3124 4491 3243 4559 [erit
3284 4491 3591 4540 reverendus

642 4576 1079 4647 doctissimusque
1108 4573 1175 4630 Ρ.
1208 4575 1274 4630 D.
1307 4576 1613 4631 Bernardus
1641 4577 1704 4629 de
1729 4575 2160 4645 Montefalcont's.

995 4733 1238 4788 Precatio
1274 4731 1499 4793 Joannis
1546 4732 1875 4788 Damasceni.

712 4848 854 4905 llere
888 4847 1117 4904 Domine
1148 4845 1275 4903 Jesu
1310 4846 1550 4914 Christe,
1579 4846 1721 4903 Deus
1753 4846 1960 4914 noSter,
1999 4849 2090 4917 qui
2130 4864 2217 4904 so-

645 4942 727 4996 lns
765 4950 1033 5008 potestate
1066 4941 1234 5010 polles
1280 4941 1590 4996 hominibus
1638 4951 1857 5011 peccata
1890 4940 2220 5006 remittendi,

644 5034 825 5105 utqui
865 5036 1042 5090 bonus
1084 5048 1148 5088 ac
1197 5031 1622 5102 benignissimus
1667 5033 1763 5101 sis,
1794 5034 2042 5088 condona
2091 5033 2216 5087 mihi

2327 5027 2531 5097 ἀγαθὸς
2573 5025 2668 5080 καὶ
2697 5022 3113 5093 φιλάνθρωπος,
3149 5013 3344 5088 πάριδέ
3392 5029 3495 5105 μου
3526 5009 3600 5105 πά

643 5127 827 5196 lapsus
859 5140 1032 5193 meos,
1059 5137 1428 5195 quoscunque,
1457 5122 1539 5178 vel
1567 5123 1824 5190 scienter,
1858 5123 1940 5177 vel
1972 5123 2224 5194 ignoran-

646 5226 728 5271 ter
762 5215 995 5282 admisi;
1042 5229 1238 5283 meque
1288 5215 1504 5284 dignum
1537 5213 1719 5280 facito,
1755 5214 1847 5284 qui
1893 5215 2220 5276 divinorum,

647 5307 1029 5376 gloriosorum,
1086 5306 1574 5367 immaculatorum,
1622 5319 1686 5357 ac
1730 5301 2064 5356 viviﬁcorum
2107 5316 2222 5370 my-

646 5399 935 5454 steriorum
969 5410 1183 5453 tuorum
1229 5399 1371 5453 nulla
1405 5413 1522 5453 mea
1555 5397 1905 5451 damnatione
1946 5393 2220 5463 particeps

645 5491 868 5553 alliciar,
905 5506 1013 5545 tton
1051 5493 1118 5545 ad
1157 5505 1372 5561 pmnam
1411 5505 1475 5545 ac
1504 5488 1848 5558 supplicium,
1880 5500 1985 5540 non
2028 5484 2094 5538 ad
2127 5500 2224 5540 au-

646 5584 880 5639 ctionem
915 5582 1216 5651 culparum,
1250 5582 1342 5638 sed
1387 5582 1453 5635 ad
1493 5579 1948 5643 emendationem,
1980 5577 2222 5631 sanctiﬁ-

649 5678 1051 5747 cationemque,
1091 5685 1145 5733 et
1193 5679 1386 5747 pignus
1423 5673 1615 5728 futuras
1659 5673 1782 5725 vita:
1825 5682 1880 5726 et
1923 5670 2112 5740 regni;
2168 5680 2226 5724 ut

649 5772 781 5828 mihi
815 5788 1023 5838 murus,
1053 5768 1628 5843 propugnaculumque
1670 5766 1761 5830 sit,
1805 5773 1860 5820 et
1890 5764 2227 5819 adversario-

652 5882 772 5923 rqu
801 5866 1034 5932 eversio,
1064 5873 1227 5934 atque
1274 5867 1326 5919 in
1364 5860 1759 5919 abstersionem
1803 5859 2096 5914 multorum
2131 5857 2224 5911 de-

3619 4473 3853 4533 admodum

2578 4724 2748 4797 Εὐχὴ
2785 4723 3069 4780 Ἰωάννου
3101 4717 3209 4772 τοῦ
3234 4706 3650 4785 Δαμασκηνοῦ.

2397 4841 2642 4896 Δέσποτα
2673 4838 2847 4909 Κύριε
2887 4833 3059 4904 Ἰησοῦ
3083 4829 3308 4903 Χριστέ,
3337 4830 3364 4882 6
3387 4826 3520 4889 Θεὸς
3543 4819 3704 4894 ili“th
3727 4815 3752 4866 δ
3777 4809 3852 4909 Pis-

2327 4953 2420 4998 vo;
2448 4935 2588 5006 ἔχων
2617 4932 2869 4999 ἐξουσίαν
2900 4925 3208 4998 ἀνθρώποις
3241 4920 3459 4990 ἀφιέναι
3489 4910 3742 4987 ἁμαρτιας
3759 4946 3772 4968 9
3796 4901 3852 4962 ὡς

2328 5027 2531 5060 Lua-ﬂ}..-
2573 5025 2662 5060 νηὶ
2697 5022 3080 5060 ρηιὶᾶυηηιηη-ῆρ·
3149 5013 3344 5060 πάτηδέ
3392 5029 3492 5060 μου
3526 5009 3690 5060 πάντα
3717 4999 3774 5054 τὰ
3808 4997 3851 5047 ἐν

2330 5092 2529 5190 γνώσει
2558 5118 2652 5172 καὶ
2684 5092 2878 5185 ἀγνοίᾳ
2909 5112 3247 5180 πταίσματα,
3283 5106 3378 5159 καὶ
3405 5100 3630 5170 ἀξίωσόν
3644 5111 3721 5190 -με
3747 5092 3851 5190 rixa:

2329 5176 2605 5280 τακρίτως
2656 5176 2981 5279 μεταλαϐεῖν
3022 5176 3132 5255 τῶν
3165 5200 3351 5261 θείων,
3397 5195 3492 5249 καὶ
3526 5187 3755 5280 ἐνῶξων,
3779 5176 3849 5280 κξὶ

2329 5270 2783 5372 ἀχράντων,’καὶ
2836 5293 3118 5360 ζωοποιῶν
3167 5308 3260 5345 σου
3317 5273 3753 5374 μυστηρίων
3789 5270 3849 5374 είς

2331 5366 2590 5457 κόλασιν,
2643 5389 2717 5461 μὴ
2769 5389 2848 5451 είς
2899 5384 3223 5457 προσθήκην
3279 5375 3602 5450 ἁμαρτιῶν,
3649 5366 3750 5422 ἀλλ’
3787 5366 3848 5461 ειξς

2329 5452 2823 5556 καθαρισμὸνίκαὶ
2850 5452 3144 5547 ἁγιασμὸν,
3179 5452 3278 5527 καὶ
3315 5466 3606 5540 ἀρραϐῶνα
3631 5452 3845 5556 firmi-

2328 5548 2527 5644 KOWTi;
2548 5548 2693 5641 ζιυῆς
2717 5572 2811 5624 καὶ
2843 5569 3140 5640 βασιλείας,
3169 5567 3249 5628 είς
3277 5565 3479 5632 τεῖχος,
3505 5557 3595 5610 καὶ
3624 5548 3842 5645 βοήθειαν.

2330 5667 2424 5722 καὶ
2467 5662 2780 5736 ἀνατροπὴν
2825 5661 2933 5714 τῶν
2983 5658 3282 5722 ἐναντίων,
3340 5655 3422 5717 είς
3474 5645 3843 5736 ἐξάλειψινΔτων

2336 5759 2547 5815 πολλῶν
2573 5729 2673 5827 μου
2703 5729 3211 5825 πλημμελημάτων.
3243 5748 3315 5801 Σὺ
3337 5746 3448 5816 γὰρ
3473 5737 3521 5794 εἷ
3542 5737 3663 5832 θεὸς

2335 5850 2427 5904 καὶ
2456 5845 2780 5908 οἰκτιρμῶν,
2818 5843 2909 5896 καὶ
2933 5837 3361 5906 φιλανθρωπίας·
3394 5833 3486 5888 καὶ
3511 5828 3588 5883 σοὶ
3613 5825 3701 5895 τὴν
3723 5820 3839 5878 δυξαν
