4070 6430
249 476 352 540 8Π

1699 481 2058 543 CARMINA.

3369 476 3472 542 818

239 587 638 660 ἀναπέμπομεν
665 589 762 644 σὺν
782 590 862 662 τῷ
885 591 1083 662 Πατρί,
1119 593 1213 646 καὶ
1239 590 1317 664 τῷ
1345 593 1482 664 ἁγίῳ
1505 593 1803 664 Πνεύματι,

1913 592 2157 644 lictorum
2197 604 2461 644 meorum.
2497 589 2575 644 Tu
2617 591 2884 662 siquidem
2915 604 2973 646 cs
3002 590 3143 645 Deus
3173 587 3480 644 misericor-

240 677 360 744 νῦν,
403 681 500 734 καὶ
547 680 672 747 ἀεὶ,
718 681 812 736 καὶ
858 684 939 747 εἰς
983 684 1112 747 τοὺς
1159 684 1362 748 αἰῶνας
1412 684 1520 739 τῶν
1571 683 1808 740 αἰώνων.

252 771 451 844 Ἀμήν.
1799 767 1808 773 ’

233 970 406 1041 Εὐχὴ
431 971 601 1040 ἑτέρα
620 970 728 1026 τοῦ
746 970 934 1026 αὐτοῦ
971 971 1242 1027 Ἰωάννου
1263 971 1368 1028 τοῦ
1387 971 1805 1043 Δαμασκηνοῦ.

309 1083 429 1155 Πρὸ
455 1083 566 1136 τῶν
594 1082 774 1154 θυρῶν
797 1083 891 1138 τοῦ
915 1083 1046 1138 ναοῦ
1072 1101 1164 1138 σου
1194 1085 1551 1156 παρέστηκα,
1571 1083 1674 1136 καὶ
1699 1082 1808 1134 τῶν

235 1175 435 1228 δεινῶν
466 1175 744 1246 λογισμῶν
769 1177 870 1230 οὐκ
902 1177 1229 1246 ἀφίσταμαι.
1273 1162 1435 1229 Ἀλλὰ
1469 1175 1534 1228 σὺ
1559 1216 1574 1238 ,
1606 1174 1808 1246 Χριστὲ

235 1269 266 1320 6
291 1267 492 1331 8564.6
511 1266 750 1337 τελώνην
769 1266 1085 1332 δικαιώσας,
1107 1268 1203 1320 καί⁸
1220 1267 1531 1321 Χαναναίαν
1555 1266 1806 1337 ἐλεήσας,

235 1357 340 1411 καί⁸
385 1357 464 1428 τῷ
505 1357 674 1430 λῃστῇ
710 1359 1040 1430 παραδείσου
1090 1358 1266 1422 πύλας
1312 1357 1552 1424 ἀνοίξας,
1600 1356 1810 1424 ἄνοιξόν

238 1465 352 1518 μου
385 1447 453 1500 τὰ
479 1448 762 1518 σπλάγχνα
791 1449 891 1520 τῆς
923 1448 1331 1519 φιλανθρωπίας
1364 1464 1459 1500 σου
1479 1488 1494 1511 ,
1531 1447 1626 1501 καὶ
1661 1445 1809 1510 δέξαι

239 1554 352 1608 μου
405 1541 876 1610 προσερχόμενον,
925 1541 1020 1595 καὶ
1068 1540 1373 1612 ἁπτόμενόν
1402 1555 1537 1603 .σου,
1591 1537 1669 1602 ώς
1712 1537 1810 1608 τὴν

237 1628 453 1698 πόρνην
481 1629 572 1681 καὶ
601 1628 700 1700 τὴν
732 1630 1128 1702 αἰμόρῤουν.Ἡ
1169 1631 1269 1700 μὲν
1299 1627 1408 1700 γὰρ
1439 1629 1534 1682 τοῦ
1568 1627 1811 1698 κρασπέ-

233 1718 334 1772 δου
381 1737 472 1774 σου
509 1720 762 1791 ἁψαμένη
781 1761 796 1786 ,
827 1721 1066 1791 εὐχερῶς
1098 1719 1198 1788 τὴν
1245 1719 1388 1774 ἴασιν
1417 1719 1606 1774 ἔλαϐεν
1625 1737 1641 1754 ο
1684 1720 1719 1789 ἡ
1752 1718 1810 1772 δὲ

233 1813 374 1875 τοὺς
411 1813 536 1875 σοὺς
582 1814 884 1883 ἁχρόιντους
926 1813 1093 1876 πόδας
1126 1814 1485 1884 κρατήσασα,
1517 1812 1617 1882 τὴν
1653 1810 1811 1865 λύσιν

1912 682 2032 748 dim,
2065 682 2470 738 rniset‘ationum
2512 690 2566 737 et
2594 681 2987 749 immanitatis;
3020 681 3223 752 tibique
3257 680 3482 751 gloriam

1913 787 2285 842 personamus,
2315 789 2435 828 cum
2478 773 2635 830 Patre
2662 783 2718 830 et
2760 784 2948 829 sancto
2979 772 3204 842 Spiritu,
3239 788 3379 828 nunc
3429 779 3483 825 et

1909 877 2141 932 semper,
2177 846 2234 918 et
2259 864 2313 918 in
2338 864 2534 920 saecula
2561 866 2904 922 saeculorum.
2939 863 3131 920 Amen.

2016 969 2254 1025 Precatio
2301 971 2466 1026 altera
2507 974 2740 1044 ejusdem
2777 974 3002 1030 Joannis
3041 972 3376 1030 Damasceni.

1978 1086 2118 1140 Ante
2155 1086 2337 1158 templi
2383 1088 2456 1142 tui
2498 1087 2658 1157 fores
2695 1099 2833 1155 asto,
2875 1105 2976 1145 nec
3015 1105 3042 1144 a
3077 1087 3351 1159 perversis
3390 1103 3484 1142 co~

1907 1176 2258 1246 gitationibus
2301 1178 2524 1234 absisto.
2572 1178 2652 1234 Tu
2709 1195 2858 1244 vero,
2906 1179 3122 1236 Christe
3171 1179 3339 1245 Deus,
3386 1178 3482 1248 qui

1909 1266 2250 1336 publicanum
2274 1267 2482 1336 iustitia
2527 1269 2761 1333 donasti,
2793 1281 2848 1326 et
2876 1270 3196 1326 Chananeus
3225 1271 3482 1325 misertus

1907 1372 1986 1424 es,
2027 1358 2226 1429 quique
2258 1359 2490 1429 paradisi
2528 1360 2722 1430 januas
2761 1361 2957 1417 latroni
3002 1361 3281 1430 aperuisti,
3335 1361 3484 1415 beni-

1907 1448 2126 1517 gnitatis
2146 1457 2251 1504 tua:
2274 1451 2476 1506 viscera
2511 1452 2640 1506 mihi
2678 1453 2872 1523 pande,
2906 1466 3101 1522 meque
3135 1452 3202 1506 ad
3235 1461 3286 1507 te
3323 1467 3482 1507 acce-

1909 1538 2143 1607 dentem,
2171 1553 2237 1594 ac
2262 1547 2314 1596 te
2340 1549 2646 1612 tangentem
2679 1544 2916 1612 suscipe,
2943 1543 3108 1599 veluti
3140 1544 3480 1599 meretricem

1909 1630 2072 1694 illam,
2107 1639 2163 1687 et
2193 1631 2467 1702 sanguinis
2495 1632 2640 1688 ﬂuxu
2677 1633 3050 1691 laborantem.
3085 1634 3178 1689 llla
3213 1634 3480 1704 siquidem

1910 1719 2175 1776 ﬁmbriam
2207 1721 2526 1792 contingens
2575 1733 2744 1790 tuam,
2786 1724 2934 1779 brevi
2985 1725 3202 1797 negotio
3241 1725 3478 1780 salutem

1911 1811 2098 1881 adepta
2143 1820 2266 1867 est:
2299 1812 2434 1878 haac,
2473 1814 2562 1870 ubi
2607 1815 2987 1872 immaculatos
3025 1817 3188 1886 pedes
3234 1824 3352 1871 tuos
3384 1831 3480 1884 ap-

231 1901 356 1956 τῶν
387 1903 799 1974 ἁμαρτημάτων
838 1903 1154 1972 ἐκομίσατο.
1200 1901 1341 1970 Ἐγὼ
1380 1902 1438 1956 δὲ
1480 1904 1509 1956 6
1545 1900 1808 1963 ἐλεεινὸς,

1914 1907 2232 1976 prehendit,
2278 1917 2620 1976 peccatorum
2664 1909 3055 1978 indulgentiam
3110 1907 3313 1962 retulit.
3368 1907 3480 1976 Ego

231 1993 365 2046 ὅλον
393 2009 487 2047 σου
518 1994 580 2047 τὸ
615 1994 772 2065 σῶμα
806 1994 1017 2048 πολλῶν
1060 1993 1353 2061 δέξασθαι,
1410 1993 1485 2065 μὴ
1538 1992 1812 2061 καταφλε-

233 2083 436 2154 χθείην
457 2127 472 2151 ,
508 2086 642 2140 ἀλλὰ
672 2085 822 2153 δέξαι
856 2103 923 2156 με
948 2085 1138 2156 ὥσπερ
1175 2085 1420 2150 ὲκείνας,
1453 2085 1548 2138 καὶ
1578 2083 1812 2153 φώτισόν

236 2192 351 2244 μου
381 2176 448 2231 τὰ
477 2176 577 2246 τῆς
604 2177 782 2248 ψυχῆς
809 2176 1138 2248 αἰσθητήρια
1157 2215 1172 2240 ,
1204 2175 1562 2244 καταφλέγων
1609 2191 1712 2246 μου
1743 2175 1812 2228 τὰ

232 2267 344 2336 τῆς
381 2268 652 2339 ἁμαρτιας
693 2269 1034 2339 ἐγκλήματα.
1067 2267 1397 2338 Πρεσϐείαις
1417 2267 1517 2337 τῆς
1555 2265 1813 2338 ἀσπόρως

232 2354 507 2426 τεκούσης
535 2373 617 2422 σε,
647 2356 872 2411 καὶτῶν
905 2356 1245 2427 ἐπουρανίων
1271 2356 1574 2426 δυνάμεωνο
1609 2356 1695 2410 ὅτι
1720 2353 1812 2407 εὑ-

234 2445 469 2518 λογητὸς
499 2441 552 2500 εἴ
579 2448 658 2510 εἰς
678 2447 805 2510 τοὺς
827 2444 1032 2511 αἰῶνας
1056 2445 1165 2500 τῶν
1194 2443 1425 2500 αἰώνων.
1469 2443 1664 2516 Ἀμήν.

659 2645 827 2716 Εὺχὴ
851 2644 1028 2715 ἑτέρα
1041 2645 1152 2701 τοῦ
1177 2647 1385 2701 αὐτου.

307 2754 662 2826 Τετρωμένος
692 2755 919 2826 καρδίαν
950 2756 1066 2827 εἰμί
1096 2755 1225 2824 ἐγώο
1256 2756 1476 2828 ὲξέτηξέ
1508 2773 1576 2829 με
1599 2757 1627 2810 6
1649 2757 1810 2830 ζῆλός

234 2864 360 2912 σου,
391 2846 654 2915 ἡλλοίωσέ
697 2863 764 2918 με
811 2848 845 2918 ἡ
884 2847 1071 2918 ἀγάπη
1112 2865 1240 2913 σου,
1277 2848 1558 2904 Δέσποτα·
1590 2850 1809 2922 δέσμιός

229 2941 356 3007 εἰμι
387 2937 469 3009 τῷ
507 2937 670 3010 ἔρωξτί
699 2955 814 2992 σου.
857 2937 1260 3010 Ἐμπλησθείην
1297 2955 1390 2993 σου
1427 2939 1538 2993 τῶν
1563 2940 1804 3011 σαρκῶνο

229 3027 559 3099 κορεσθείην
603 3027 699 3081 τοῦ
728 3027 936 3099 ζωεροῢ
993 3029 1086 3082 καὶ
1128 3028 1375 3084 θεοποιοῦ
1421 3030 1650 3101 αἵματός
1679 3048 1804 3084 σου·

1911 2009 2042 2051 vero
2069 1996 2233 2050 miser
2274 2011 2516 2067 prorsus,
2552 1995 2645 2067 qui
2693 2007 2862 2052 totum
2908 2011 3105 2066 corpus
3144 2006 3292 2051 tuum
3343 1996 3480 2050 reci-

1908 2099 2036 2154 pere
2075 2086 2268 2152 audeo,
2296 2086 2499 2141 utinam
2529 2087 2600 2142 ab
2635 2087 2888 2143 incendio
2914 2087 3165 2142 immunis
3207 2095 3263 2141 et
3297 2087 3479 2142 salvus

1908 2175 2130 2230 evadam
2160 2194 2173 2230 :
2206 2177 2300 2231 sed
2333 2191 2417 2232 me
2463 2185 2522 2232 ut
2567 2176 2686 2234 illas
2719 2178 2846 2234 olim
2879 2177 3166 2243 suscipias,
3205 2176 3478 2244 animique

1909 2279 2100 2321 sensus
2143 2265 2436 2334 illumiues,
2477 2269 2688 2325 cunctis
2725 2268 2931 2339 peccati
2969 2267 3210 2323 reatibus
3251 2267 3476 2322 combu-

1908 2357 2028 2421 stis,
2077 2355 2219 2412 illius
2259 2357 2766 2426 interventionibus,
2799 2374 2922 2430 quae
2965 2360 3085 2415 sine
3123 2358 3329 2415 semine
3380 2371 3474 2428 ge-

1908 2448 2026 2502 nuit
2051 2465 2067 2502 :
2098 2449 2349 2518 quoniam
2373 2449 2695 2507 benedictus
2721 2465 2781 2508 es
2814 2451 2870 2506 in
2901 2448 3096 2508 saecula
3127 2447 3472 2506 saeculorum.

1910 2541 2105 2594 Amen.

2327 2650 2579 2721 Ejusdem
2609 2654 2840 2720 precatio
2863 2652 3052 2708 altera.

1976 2760 2150 2816 Corde
2190 2761 2502 2816 vulneratus
2541 2777 2642 2830 ego
2695 2777 2812 2816 sum
2842 2781 2857 2818 :
2886 2762 3167 2817 tabescere
3212 2775 3300 2816 me
3346 2758 3477 2816 fecit

1907 2851 2053 2907 zelus
2081 2859 2204 2908 tuus
2231 2861 2287 2907 et
2317 2853 2593 2907 mmulatio
2619 2871 2634 2907 :
2661 2853 2971 2907 immutavit-
2999 2868 3085 2908 me
3114 2852 3331 2908 dilectio
3361 2860 3473 2916 tua,

1907 2944 2129 2999 Domine
2162 2961 2176 2997 :
2209 2943 2420 2998 vinctus
2449 2959 2567 2999 sum
2609 2957 2710 3015 ego
2748 2958 2932 2998 amore
2957 2943 3122 3013 912
3154 2945 3252 2998 tui.
3284 2943 3475 2998 Carni-

1906 3035 2006 3090 bus
2037 3033 2143 3090 tuis
2186 3034 2432 3104 implear,
2462 3049 2646 3105 quaso
2671 3052 2687 3090 :
2721 3033 2933 3089 vivitlco
2956 3036 3256 3104 deiticoque
3283 3046 3477 3090 cruore

224 3117 610 3188 ἀπολαύσαιμι
643 3117 752 3172 τῶν
779 3117 1019 3188 ἀγαθῶν·
1049 3121 1534 3192 κατατρυφήσαιμι
1577 3124 1677 3192 τῆς
1709 3122 1806 3194 σῆς

1909 3136 1998 3181 tuo
2036 3135 2250 3182 saturer
2276 3143 2290 3180 :
2317 3127 2471 3182 bonis
2518 3125 2768 3196 perfruar
2805 3127 2932 3182 tuis.
2973 3123 3184 3180 Deitate
3215 3134 3305 3179 tua
3343 3123 3479 3178 deli-

225 3211 510 3282 θεότητος·
527 3209 682 3275 ἄξιος.
701 3209 961 3280 γενοίμην
988 3209 1268 3281 ἐρχομένῳ
1293 3211 1432 3281 μετὰ
1453 3211 1612 3284 δόξης
1635 3214 1806 3267 ὑπαν-

1908 3217 2017 3272 cier
2048 3234 2063 3269 :
2094 3216 2286 3287 dignus
2319 3216 2544 3282 eﬂiciar,
2576 3217 2668 3286 qui
2705 3216 2798 3272 tibi
2825 3222 2946 3272 eam
2977 3215 3144 3287 gloria
3169 3214 3474 3270 advenienti

223 3303 398 3373 τῆσαί
433 3318 537 3368 σοι,
571 3301 815 3373 ὲναέριος
846 3301 1121 3374 ἁρπαγείς
1156 3302 1213 3354 ὲν
1245 3301 1496 3370 νεφέλαις
1533 3304 1630 3356 σὺν
1664 3305 1798 3357 πᾶσι

1908 3304 2092 3359 obvius
2121 3318 2360 3373 pergam,
2391 3303 2449 3358 in
2499 3319 2681 3361 aerem
2732 3315 2917 3373 raptus
2950 3306 3004 3360 in
3053 3303 3305 3369 nubibus,
3351 3317 3474 3358 cum

223 3396 343 3456 τοῖς
373 3393 649 3457 ἐκλεκτοῖς
677 3410 794 3460 σου,
823 3393 899 3457 ὡς
927 3393 993 3448 ἂν
1023 3393 1209 3464 ὑμνῶν,
1238 3395 1334 3448 καὶ
1355 3394 1642 3466 προσκυνῶ
1659 3436 1674 3461 ,
1703 3398 1798 3450 καὶ

1908 3396 2152 3452 omnibus
2184 3395 2371 3450 electis
2400 3396 2529 3462 tuis,
2560 3405 2622 3450 ut
2671 3406 2723 3453 te
2767 3396 3004 3462 laudem,
3035 3395 3386 3462 adoremque,
3419 3401 3478 3448 et

221 3484 452 3549 δοξάζω.
497 3501 555 3537 σε
590 3484 924 3555 εὐχαρίστως
969 3486 1030 3538 ἐν
1080 3483 1504 3556 ἐξομολογήσει,
1565 3488 1663 3542 σὺν
1721 3487 1798 3558 τῷ

1908 3483 2211 3549 clariﬁcem,
2253 3483 2462 3553 gratias
2510 3497 2676 3554 agens
2724 3484 2778 3540 in
2824 3483 3186 3546 confessione,
3233 3497 3354 3537 cum
3385 3490 3478 3535 tuo

221 3576 453 3646 ἁνάρχῳ
481 3593 573 3628 σου
607 3577 784 3646 Ilath
805 3576 898 3628 καί
930 3575 1010 3647 τῷ
1049 3576 1320 3646 παναγίῳ,
1347 3577 1441 3630 καὶ⁵
1467 3577 1678 3647 ἀγαθῷ,
1707 3579 1800 3632 καὶ

1908 3577 2061 3632 Patre
2103 3584 2160 3632 et
2197 3575 2566 3641 sanctissimo,
2613 3574 2944 3645 optimoque,
2987 3583 3046 3630 et
3099 3573 3224 3627 vita:
3257 3580 3480 3626 auctore

223 3664 488 3736 ζωοποιῷ
526 3683 616 3719 σου
662 3664 961 3736 Πνεύματι,
995 3665 1111 3732 νῦν,
1153 3667 1248 3722 καὶ
1272 3667 1386 3732 ἀεὶ,
1420 3667 1514 3721 καί.
1558 3669 1642 3731 εἰς
1669 3669 1795 3732 τοὺς

1908 3667 2107 3740 Spiritu
2153 3677 2264 3734 tuo,
2289 3681 2433 3724 nunc
2464 3677 2519 3723 et
2551 3680 2786 3737 semper,
2830 3674 2886 3722 et
2924 3667 2978 3722 in
3008 3663 3205 3722 saecula
3247 3661 3474 3719 smculo~

221 3753 439 3820 αἰῶνας
465 3754 574 3809 τῶν
599 3754 831 3810 αἰώνων.
871 3756 1064 3828 Ἀμήν.
1367 3812 1372 3815 ,

1908 3773 2038 3812 rum.
2072 3756 2263 3812 Amen.

3411 3896 3474 3908 ο..

315 3899 3452 3933 ww

1484 4026 2223 4121 ADMONITIO.

312 4177 678 4258 Damasceni
706 4179 986 4258 carmina
1023 4187 1079 4238 et
1117 4179 1369 4258 cantica
1404 4179 1542 4258 jam
1591 4177 1740 4238 olim
1796 4186 1936 4238 ante
1980 4177 2188 4239 surculi
2231 4179 2452 4258 decimi
2504 4181 2669 4240 sexti
2703 4180 2970 4240 medium
3005 4179 3209 4258 Romae
3256 4194 3480 4258 excusa

222 4257 488 4336 fuerant
515 4256 727 4336 Grtece
773 4257 1106 4336 Latineque
1135 4257 1210 4316 ab
1253 4254 1767 4336 Aldo'Manutio.
1803 4258 2105 4336 Romano,
2140 4256 2487 4336 earumdem
2515 4259 2875 4336 interprete,
2907 4274 3042 4336 cum
3069 4254 3213 4314 aliis
3245 4256 3480 4336 Cosmi;

223 4329 815 4426 Hiero-solngitaoni,
845 4329 1058 4426 Marci
1077 4336 1494 4426 Hydruntini,
1534 4334 1950 4426 Theophanis,
1993 4344 2049 4394 et
2079 4335 2394 4426 genolarii
2418 4357 2450 4426 ;.
2471 4355 2542 4396 ac
2581 4329 2840 4426 subinde
2869 4334 3087 4395 Latine
3127 4341 3366 4426 tantum
3399 4329 3477 4391 ab

225 4413 508 4472 Henrico
538 4413 802 4485 Gravia,
847 4413 1088 4474 ordinis
1117 4413 1642 4488 Prcedicatorum,
1682 4411 1750 4475 in
1790 4413 2056 4473 editione
2093 4412 2450 4475 Coloniensi
2478 4415 2630 4473 anni
2672 4412 2843 4486 1546,
2875 4429 3237 4490 rursumque
3269 4411 3476 4490 θῖαζρσ

224 4500 284 4549 τι
323 4491 540 4550 Latine
572 4491 637 4550 in
672 4490 1019 4551 Basileensi
1047 4510 1210 4552 anno
1250 4491 1431 4566 1575,
1473 4511 1544 4553 ac
1596 4485 1843 4553 tandem
1875 4491 1943 4549 in
1970 4490 2433 4552 Parisiensibus
2475 4491 2853 4552 cditionibus
2907 4509 2982 4550 ea:
3015 4485 3237 4550 Jacobi
3299 4485 3479 4548 Billii

225 4569 1102 4651 interpretatione._Manutii
1132 4573 1476 4651 versionem
1503 4619 1518 4645 ,
1560 4572 1707 4651 quia
1751 4567 2003 4651 verbum
2050 4590 2079 4630 e
2130 4569 2763 4651 verbo_reddid_it__,_~_e
2825 4571 3077 4651 regione
3147 4575 3475 4651 contentus

227 4645 899 4727 Gracinpponendum
947 4649 1125 4719 dumi,
1155 4649 1370 4727 paucis
1409 4645 1738 4711 hinc-inde
1775 4648 2079 4715 mutatis‘;
2130 4657 2260 4708 tum
2307 4647 2526 4710 deinde
2559 4645 3156 4727 Billianam'stricta
3194 4645 3478 4727 oratione

223 4717 676 4818 m'ctapﬂfésim
716 4725 978 4818 δειρῆς)ξο
1006 4774 1022 4800 ,
1087 4717 1299 4818 ut'pote
1331 4727 1818 4818 liberioremtac
1857 4743 1997 4818 qua:
2041 4745 2286 4818 sensum
2312 4728 2588 4787 auctoris
2631 4744 2707 4786 ca:
2746 4735 2873 4786 toto
2903 4743 3029 4818 non
3067 4725 3333 4818 e/I‘crat..
3362 4717 3478 4782 llis

226 4801 405 4884 idem
425 4802 657 4884 Bittius
674 4801 928 4884 addidit
957 4823 1132 4864 suam
1155 4801 1375 4884 prima:
1399 4807 1604 4882 partis
1627 4801 1914 4884 Octocclii
1945 4805 2442 4876 translationem,
2476 4825 2515 4864 a
2555 4823 2676 4884 qua
2703 4823 2866 4864 nunc
2898 4801 3133 4884 edenda
3170 4801 3475 4884 abstineo.

227 4882 574 4964 dum_cert_o
616 4881 975 4964 dignoscere
999 4879 1216 4963 potero
1247 4879 1499 4964 quinam
1540 4903 1752 4944 versus
1793 4883 2058 4943 Joannis
2107 4885 2473 4945 Damasceni
2502 4879 2651 4956 sint,
2709 4884 2962 4963 quinam
2994 4879 3301 4950 Anatolii,
3338 4879 3474 4937 Me-

227 4958 563 5038 trophanis
595 4969 651 5019 et
688 4958 978 5022 aliorum.

333 5189 640 5242 lQANNOl'
673 5190 811 5243 ΤΟΥ
848 5191 1355 5255 ΔᾹΜΑΣΚΗΝΟΥ,
1396 5192 1502 5245 ΕΙΣ
1549 5194 1691 5248 ΤΗΝ

809 5261 1220 5314 ΘΕΟΓΟΝΙΑΝ.

745 5347 828 5408 Οὗ
863 5353 900 5420 ἡ
925 5353 1292 5422 ἀκροστιχίς.

222 5445 466 5517 Εὐεπίης
502 5442 784 5514 μελέεσσιν
818 5443 1056 5514 ὲφύμνια
1085 5444 1256 5497 ταῦτα
1284 5444 1512 5513 λιγαίνει
1538 5486 1554 5510 ,

2023 5193 2306 5250 JOANNIS
2345 5194 2731 5250 DAMASCENI
2775 5193 2839 5247 IN
2881 5187 3357 5248 TIIEOGUNIAM.

2377 5351 2696 5419 Principium
2724 5369 2991 5406 versuum.

1970 5440 2228 5498 Jucundis
2253 5443 2499 5498 cantibus
2534 5443 2714 5513 hymni
2752 5443 2843 5498 isti
2877 5453 3084 5498 canunt

1408 5551 1458 5607 J.
1495 5553 1690 5610 BlLLll
1729 5553 2301 5612 INTERPRETATIO.

224 5675 293 5729 ι).
326 5675 552 5731 Joannis
579 5675 890 5730 Damasceui
911 5674 975 5728 de
1032 5675 1229 5728 Christi
1287 5676 1580 5740 nativitate,
1626 5679 1786 5734 iambi

1963 5679 2237 5743 Christus,
2265 5678 2354 5749 qui
2388 5678 2504 5734 ﬁeri
2532 5694 2636 5733 non
2667 5677 2929 5733 dubitavit
2955 5678 3121 5733 homo
3159 5703 3171 5732 -.

299 5746 608 5828 ".‘m‘f‘ml'é
636 5761 654 5798 ³
676 5747 1117 5828 (ἶὲἒνβηηἮτίηηε
1155 5744 1345 5797 (mem
1379 5747 1431 5800 in
1466 5746 1648 5802 arma
1681 5752 1791 5804 ha"
1899 5771 2144 5828 Solveret
2175 5782 2232 5825 ut
2259 5771 2441 5826 miseri
2471 5771 2707 5826 moriens
2739 5770 3078 5828 incommoda
3115 5769 3323 5824 mundi.

301 5817 406 5868 duo
421 5817 659 5886 dysticha
679 5815 936 5886 efficiunt.

232 5881 494 5942 Versibus
529 5887 612 5942 his
643 5881 1092 5942 canitur'soboles
1135 5893 1335 5941 aztcrna
1368 5885 1665 5952 Tonantis,

1974 5863 2068 5918 llis
2107 5864 2248 5920 hunc
2277 5863 2421 5920 solve
2451 5863 2628 5930 malis,
2670 5864 2761 5934 qui
2789 5864 2936 5920 canit
2971 5864 3093 5928 ista,
3125 5862 3290 5919 Deus.
