4070 6444
636 491 737 553 819
1768 495 1827 554 s.
1868 490 2187 554 JOANNIS
2223 469 2659 554 DAMASCENI
3740 482 3815 541 δι.»

632 610 831 665 Filium
867 608 981 674 Dei,
1010 605 1496 678 hominum'gratia
1534 616 1719 663 natum

2244 609 2289 664 A
2320 604 2425 662 Υἷα
2451 607 2610 673 Θεοῦ,
2644 605 2900 678 μερόπων
2928 606 3114 659 εἵνεκα
3148 602 3481 673 τικτόμενον.

634 704 687 757 In
747 712 928 767 terra,
978 708 1033 756 et
1082 699 1383 756 solventem
1433 698 1830 756 luctuosissima
1883 704 2211 754 nocumenta

2160 704 2211 751 ta
2331 701 2418 755 Ἐν
2439 700 2609 771 χθονὶ,
2634 692 2728 754 καὶ
2762 697 2958 753 λύοντα
2992 696 3293 751 πολύστονα
3335 696 3550 765 πήματα
3581 695 3767 766 κόσμου,

1905 789 2140 862 DnundL

633 884 737 940 Sed
768 900 801 938 o
832 884 969 952 Rex,
999 884 1266 940 locutores
1290 883 1459 939 libera
1488 884 1556 939 ab
1590 884 1676 939 his
1707 883 2007 939 laboribus.

1875 883 2007 939 ibus.
2332 881 2471 937 Ἀλλ’
2502 883 2626 939 ἄνα.
2658 880 2899 953 ρητῆρας
2933 878 3060 951 ῥύεο
3084 877 3252 931 τῶνδε
3287 876 3482 930 πόνων.

702 998 940 1053 Salvavit
966 997 1217 1069 p0pnlum
1253 999 1389 1054 mira
1413 1007 1631 1068 patrans
1666 1000 1853 1064 herus,

2392 998 2603 1050 Ἔσωσε
2640 994 2767 1048 λαὸν
2804 990 3235 1064 θαυματουργῶν
3262 989 3541 1056 δεσπότης,

631 1087 914 1158 Liquidam
955 1088 1117 1144 maris
1153 1090 1353 1144 undam
1376 1090 1656 1145 exsiccans
1684 1090 1810 1144 olim
1846 1106 1861 1143 :
1934 1108 1937 1111 δ

2329 1090 2527 1161 ’Υγρδν
2561 1088 2836 1156 θαλάσσης
2881 1086 3033 1157 κύμα
3069 1081 3353 1153 χερσώσας
3388 1079 3571 1135 πάλαι.

634 1178 746 1231 Non
774 1178 975 1233 invitus
1003 1188 1183 1233 autem
1222 1188 1379 1235 natus
1419 1195 1481 1236 ex
1510 1179 1708 1252 puella,
1755 1179 1942 1235 callem
1977 1180 2213 1235 accessi-

1940 1202 1942 1233 |
1977 1180 2213 1235 accessi-
2333 1182 2504 1237 Ἐκὼν
2532 1182 2587 1236 δὲ
2612 1179 2825 1251 τεχθεὶς
2846 1182 2910 1233 ὲκ
2938 1178 3129 1249 κόρης,
3160 1174 3348 1245 τρίϐον
3385 1173 3547 1244 βατὴν

1952 1271 2139 1345 [bilem

634 1359 743 1413 Pnli
781 1370 928 1429 pomt
961 1363 1134 1426 nobis,
1167 1378 1326 1434 quem
1362 1364 1657 1419 secundum
1703 1366 2059 1419 substantiam

630 1449 917 1519 xEqualetu
946 1451 1091 1508 Patri
1119 1464 1173 1510 et
1210 1455 1526 1509 mortalibus
1562 1455 1955 1524 glorificamus.

700 1543 942 1597 I’orluvit
975 1555 1165 1600 venter
1199 1555 1443 1601 sacratus
1476 1545 1733 1611 Verbum,

635 1634 916 1689 Manifeste
944 1636 1283 1691 incombusto
1314 1639 1575 1706 figuratus
1614 1638 1769 1705 rubo,

633 1727 986 1781 (toxttmistum
1020 1727 1202 1782 formre
1232 1729 1464 1794 mortali,
1503 1730 1619 1794 Dei,

637 1817 760 1872 Eva:
797 1820 1049 1874 miserum
1084 1829 1324 1875 ventrem
1371 1821 1752 1877 maledictione
1785 1832 1995 1877 vetusta

638 1910 863 1965 Solvens
903 1926 1110 1977 amara,
1147 1914 1288 1983 quod
1320 1914 1576 1969 mortales
1612 1913 2000 1981 glorificamus.

705 2002 955 2057 Ostendit
992 2003 1147 2058 stella
1179 2004 1319 2073 quod
1346 2004 1460 2058 sole
1493 2013 1576 2058 est
1606 2005 1774 2072 prius,
1807 2002 2065 2070 Verbum,

636 2092 937 2147 Proiectum
966 2097 1032 2147 ad
1065 2094 1363 2150 sedandum
1400 2104 1704 2163 peccatum,
1734 2093 1923 2163 Magis,

641 2184 822 2237 Palam
856 2200 1146 2255 pauperem
1171 2184 1225 2240 in
1254 2186 1588 2257 speluncam,
1626 2185 2057 2248 misericordem.

639 2273 715 2328 Te
744 2275 928 2330 fasciis
960 2274 1257 2330 involutum
1289 2294 1303 2329 :
1334 2275 1477 2345 quod
1504 2274 1675 2330 laetati

638 2364 895 2418 Viderunt
929 2363 1101 2435 idem,
1125 2372 1179 2418 et
1207 2364 1448 2427 mortale,
1484 2374 1538 2419 ct
1571 2362 1883 2421 Dominum.

704 2458 895 2509 Annue
919 2457 984 2510 ad
1010 2456 1239 2528 hymnos
1268 2471 1566 2521 servorum,
1598 2457 1934 2521 benefactor,

636 2547 838 2603 Inimici
866 2548 1155 2605 humilians
1182 2548 1382 2604 elatum
1413 2548 1785 2618 supercilium,

636 2638 965 2707 Fcrensque,
1001 2640 1093 2709 qui
1131 2650 1325 2695 cuncta
1356 2641 1557 2705 cernis,
1587 2650 1806 2710 peccato

580 2722 583 2725 ⁷
641 2731 880 2801 Desuper
910 2732 1254 2788 immobiliter
1287 2734 1551 2802 firmatos,

636 2823 682 2879 0
714 2825 890 2889 beate,
922 2835 1174 2880 cantores
1201 2826 1540 2883 firmamento
1571 2827 1714 2882 ﬁdei.

710 2914 933 2985 Sponsae
962 2930 1209 2986 perpurae
1238 2918 1393 2973 valde
1426 2919 1647 2975 divitem
1679 2931 1891 2990 partum

636 3003 837 3063 Videre
867 3022 1032 3078 supra
1055 3022 1271 3063 sensum
1299 3011 1493 3082 dignus
1521 3011 1693 3067 factus
1728 3014 1951 3079 chorus,

637 3101 764 3172 Agri
788 3099 963 3155 incola
996 3098 1313 3155 movebatur
1347 3102 1578 3157 mirabili
1607 3104 1791 3171 modo,

635 3193 915 3257 Ordinem,
947 3203 1359 3263 canentemque,
1392 3194 1833 3265 incorporeorum

638 3283 838 3354 Regem
865 3283 1137 3339 Christum
1163 3284 1280 3339 sine
1310 3286 1516 3342 semine
1548 3290 1913 3345 incarnatnm.

705 3374 1021 3430 Celsitudini
1054 3375 1323 3445 imperans
1357 3378 1639 3443 caelorum,
1690 3380 1758 3435 ob
1790 3381 2212 3438 misericordiam

638 3463 831 3518 Exstat
869 3465 1165 3519 secundum
1198 3478 1298 3519 nos
1319 3479 1383 3519 ex
1416 3465 1636 3537 innupta
1673 3467 1910 3540 Virgine,

638 3554 875 3610 llaterize
901 3568 1095 3624 expers
1122 3555 1393 3610 exsistens
1420 3565 1566 3621 ante,
1604 3557 1699 3612 sed
1731 3559 1783 3613 in
1817 3562 2076 3616 extremis

641 3643 879 3698 Verbum
904 3642 1293 3713 impinguatum
1314 3659 1498 3711 carne,
1527 3646 1858 3717 prolapsum,

637 3734 711 3793 Ut
735 3738 800 3790 ad
830 3749 888 3791 se
925 3735 1162 3790 traheret
1185 3751 1344 3805 quem
1370 3737 1546 3806 primo
1578 3739 1924 3797 formaverat.

716 3826 942 3884 Generis
973 3829 1217 3884 mortalis
1246 3830 1687 3888 reformationem
1715 3834 1841 3888 olim

636 3921 850 3975 Canens
884 3921 1143 3991 propheta
1170 3920 1503 3988 Habbacum,
1534 3926 1876 3993 praenuntiat,

641 4014 836 4069 Videre
868 4012 1118 4068 ineffabili
1155 4014 1314 4069 modo
1347 4016 1539 4087 dignus
1570 4016 1742 4072 factus
1775 4018 2024 4088 ﬁguram.

2319 1361 2487 1415 Πόλον
2517 1358 2730 1429 τίθησιν
2762 1357 2913 1427 ἡμῖν,
2950 1354 3009 1408 ὃν
3038 1355 3159 1408 κατ’
3185 1352 3399 1415 οὐσίαν,

2318 1448 2463 1505 Ἶσόν
2485 1469 2542 1504 τε
2574 1450 2748 1521 Πατρὶ
2776 1449 2869 1502 καὶ
2901 1448 3108 1518 βροτοῖς
3135 1445 3453 1514 δοξάζομεν.

2390 1540 2626 1607 Ἤνεγκε
2660 1535 2875 1607 γαστὴρ
2902 1534 3232 1606 ἡγιασμένη,
3263 1535 3468 1601 Λόγον,

2320 1630 2510 1699 Σαφῶς
2549 1628 2831 1699 ἀφλέκτως
2864 1623 3299 1695 ζωγραφουμένη
3329 1624 3507 1693 βάτῳ,

2319 1723 2568 1792 Μιγέντα
2601 1724 2782 1793 μορφῇ
2821 1723 2887 1792 τῇ
2919 1718 3205 1791 βροτησίᾳ,
3240 1717 3375 1769 Θεοῦ
3399 1753 3417 1779 ,

2320 1813 2463 1877 Εὔας
2483 1814 2743 1867 τάλαιναν
2773 1811 2935 1881 νηδὺν
2965 1811 3108 1882 ἀρᾶς
3124 1810 3226 1879 τῆς
3248 1807 3417 1862 πάλαι
3441 1847 3456 1871 ,

2321 1905 2529 1959 Λύοντα
2558 1904 2779 1975 πικράς,
2808 1903 2866 1958 ὃν
2900 1902 3083 1975 βροτοὶ
3113 1898 3439 1968 δοξάζομεν.

2255 1966 2295 2020 Β
2395 1996 2637 2063 Ἔδειεεν
2662 1966 2841 2067 άστῆρ
2988 1995 3092 2066 πρὸ
3120 1994 3271 2062 ἡλίου
3302 1966 3477 2058 Λόγον
3500 2031 3516 2057 ,

2334 2086 2581 2141 Ἐλθόντα
2610 2085 2812 2140 παῦσαι
2842 2084 2939 2156 τὴν
2972 2083 3246 2155 ἁμαρτίαν
3269 2120 3285 2147 ,
3314 2081 3561 2149 Μάγοις,

2321 2181 2513 2250 Σαφῶς
2543 2180 2796 2251 πενιχρὸν
2826 2180 2905 2243 εἰς
2939 2177 3103 2241 σπέος
3127 2177 3220 2230 τὸν
3252 2173 3515 2246 συμπαθῆ
3535 2212 3549 2239 τ

2320 2274 2387 2325 Σὲ
2414 2272 2749 2344 σπαργάνοις
2773 2270 3006 2332 ὲλικτδν,
3026 2269 3086 2322 ὃν
3117 2265 3439 2338 γεγηθότες,

2321 2363 2476 2420 Είδον
2501 2365 2593 2418 τὸν
2621 2364 2804 2430 αὐτὸν,
2840 2364 2933 2416 καὶ⁸
2960 2361 3172 2433 βροτὸν,
3204 2358 3300 2413 καὶ
3325 2358 3534 2429 Κύριον

2389 2455 2601 2510 Νεῦσον
2634 2454 2770 2525 πρὸς
2804 2453 3010 2525 ὕμνους
3038 2451 3285 2515 οἰκετῶν,
3324 2448 3610 2518 εύεργέτα,

2334 2544 2558 2618 Ἐχθροΰ
2601 2543 2872 2599 ταπεινῶν
2906 2543 3003 2614 τὴν
3034 2540 3353 2611 ἐπηρμένην
3386 2537 3581 2608 ὀφρύν.

2320 2639 2504 2711 Φέρων
2529 2656 2609 2705 τε,
2644 2636 2999 2691 παντεπόπτκ
3018 2674 3033 2699 ,
3061 2634 3162 2703 τῆς
3186 2631 3470 2703 ἁμαρτίας

2325 2732 2600 2805 ’Υπερθεν
2635 2730 2929 2801 άκλόνητον
2961 2724 3391 2797 ἐστηριγμένους

2321 2825 2543 2896 Μάκαρ,
2574 2821 2844 2894 μελῳδοὺς
2872 2823 2939 2891 τῇ
2974 2819 3131 2889 βάσει
3156 2817 3258 2885 τῆς
3284 2817 3547 2879 πίστεως.

2392 2915 2630 2987 Νύμφης
2662 2913 2934 2982 πανάγνου
2971 2911 3064 2964 τὸν
3086 2908 3373 2964 πανόλϐιον
3412 2908 3562 2962 τόκοι
3595 2942 3610 2971 ,

2334 3008 2482 3061 Ἰδεῖν
2509 3006 2649 3076 ὑπὲρ
2677 3004 2803 3059 νοῦν
2832 3003 3133 3075 ἠξιωμένος
3162 3001 3353 3073 χορὸς,

2325 3097 2629 3170 Ἄγραυλος
2660 3097 2927 3151 ὲκλονεῖτο
2950 3094 3027 3166 τῷ
3058 3094 3197 3165 ξένῳ
3224 3094 3414 3164 τρόπῳ
3435 3134 3452 3158 ,

2322 3193 2487 3260 Τάξιν
2518 3189 2862 3264 μελῳδοῦσάν
2886 3206 2946 3242 τε
2978 3187 3089 3242 τῶν
3124 3186 3436 3256 ἀσωμάτων
3460 3223 3478 3250 ,

2243 3320 2284 3377 C
2326 3288 2566 3341 ’Ἄνακτα
2592 3282 2848 3356 Χριστὸν,
2880 3281 3136 3350 ἀσπόρως
3160 3277 3557 3377 σαρκούμενον.

2385 3378 2597 3448 ’Υψους
2626 3375 2875 3430 ἀνάσσων
2912 3371 3178 3443 οὐρανῶν,
3205 3365 3582 3438 εὐσπλαγχνίᾳ

2318 3470 2477 3523 Τελεί
2499 3467 2617 3522 καθ’
2648 3468 2800 3538 ἡμᾶς
2831 3461 2892 3529 ἐξ
2919 3460 3265 3533 άνυμφεύτου
3293 3460 3465 3530 κόρης
3488 3495 3503 3521 ,

2326 3560 2523 3621 Ἀὖλος
2549 3557 2625 3612 ὢν
2651 3556 2971 3628 τοπρόσθεν,
3008 3553 3125 3609 ἀλλ’
3152 3552 3238 3607 ἐπ’
3267 3550 3515 3621 ἐσχάτων

2324 3653 2493 3721 Λόγος
2523 3648 2823 3721 παχυνθεὶς
2846 3646 3032 3719 σαρκὶ,
3066 3645 3157 3700 τὸν
3201 3642 3533 3698 πεπτωκότα
3557 3682 3574 3708 ,

2324 3747 2443 3799 Ἵνα
2464 3745 2601 3816 πρὸς
2630 3742 2792 3796 αὐτὸν
2821 3739 3025 3813 ἑλκύσῃ
3058 3738 3483 3810 πρωτόκτιστον.

2392 3837 2590 3899 Γένους
2621 3832 2865 3906 βροτείου
2901 3831 2998 3901 τὴν
3024 3829 3329 3886 ἀνάπλασιν
3361 3828 3554 3891 πάλαι,

2327 3931 2499 4003 ’ᾼδων
2533 3928 2819 3999 προφήτης
2855 3923 3193 4003 Ἀ66ακοὺμ,
3224 3921 3551 3992 προμηνύει,

2337 4024 2487 4076 Ἰδεῖν
2514 4020 2806 4092 ἀφράστως
2843 4002 3096 4081 ἀξιωθεὶς
3119 4015 3211 4067 τὸν
3230 4013 3420 4067 τύπον.

640 4104 819 4159 Nurus
855 4104 1031 4160 infans
1069 4106 1212 4161 enim
1248 4122 1313 4161 ex
1341 4116 1521 4163 monte
1556 4123 1649 4163 seu
1690 4107 1905 4179 Virgine

638 4198 840 4263 Exivit,
871 4201 936 4254 ad
963 4200 1281 4271 papulorum
1320 4198 1781 4265 reformationem,
1816 4200 2069 4258 Verbum.

712 4288 817 4346 Par
848 4292 1157 4361 processisti
1189 4292 1508 4349 mortalibus
1542 4304 1752 4363 sponte,

2326 4115 2461 4169 Νέον
2499 4113 2697 4185 βρέφος
2726 4108 2923 4180 γὰρζὲξ
2955 4107 3116 4179 ὅρους
3143 4106 3242 4176 τῆς
3271 4103 3543 4175 παρθένου

2334 4208 2557 4276 Ἐξῆλθε
2585 4204 2728 4259 λαῶν
2759 4204 2838 4266 είς
2864 4199 3190 4263 ἀνάπλασιν,
3227 4198 3416 4267 Λόγος.

2391 4298 2539 4363 Ἶσος
2572 4296 2839 4370 προῆλθες
2877 4297 2989 4359 τοῖς
3020 4292 3230 4365 βροτοῖς
3255 4292 3535 4357 ἑκουσίως,

1802 4433 1851 4489 ι.
1894 4436 2093 4494 BlLLll
2137 4404 2718 4498 tnrénpnsrarto.

642 4572 789 4625 Plebi
822 4571 1050 4626 salutem
1087 4574 1335 4639 contulit,
1360 4574 1556 4630 mirum
1590 4576 1643 4631 in
1686 4580 1903 4634 modum

644 4640 814 4696 Verso
845 4652 1063 4710 repente
1091 4642 1339 4701 Christus
1367 4648 1419 4701 in
1458 4648 1660 4701 siccum
1688 4652 1849 4704 mari.

640 4716 711 4765 At
743 4726 808 4766 ex
844 4711 1016 4781 puella
1050 4723 1229 4775 natus,
1254 4718 1304 4769 in
1340 4717 1533 4771 omium
1576 4718 1718 4771 viam

642 4781 807 4856 lfiobis
843 4781 1279 4856 recludit_,4quem
1311 4785 1415 4841 Deo
1437 4785 1585 4840 Patri
1616 4803 1826 4856 parem,

644 4853 961 4925 Rursusque
988 4854 1146 4908 nobis
1177 4856 1450 4911 credimus
1473 4871 1599 4912 vere
1618 4853 1828 4925 parem.

715 4921 913 4995 Venter
941 4932 1211 4995 sacratus,
1236 4924 1356 4994 igne
1397 4941 1555 4995 quem
1583 4921 1688 4982 non
1727 4931 1929 4986 torrida

642 4991 899 5065 Signabat
929 4993 1055 5065 olim
1082 4991 1523 5065 spiuafgestavit
1548 4997 1742 5065 Λόγον,

639 5049 773 5115 Οιῆη
803 5078 967 5117 carne
986 5049 1174 5130 junc'to
1194 5049 1616 5121 Stt'h‘t’litammor—ti'
1638 5049 1781 5124 bed:

640 5132 788 5209 Diris
819 5139 876 5184 ut
909 5132 1033 5209 Evae
1070 5134 1305 5209 solveret
1332 5147 1598 5209 ventrem,
1627 5140 1823 5209 quibus

640 5202 1061 5275 Addictusolim
1100 5212 1205 5275 est,
1238 5204 1487 5262 laudibus
1517 5202 1674 5275 quem
1704 5210 1958 5265 tollimus.

712 5270 1082 5349 Antiqn_i_orem
1116 5274 1231 5328 sole
1268 5270 1590 5349 monstravit
1624 5278 1790 5349 Magis

643 5339 797 5415 llnnc
822 5339 995 5415 stella,
1014 5357 1196 5415 noxas
1224 5357 1445 5399 venerat
1477 5347 1567 5415 qui
1610 5358 1669 5402 ut
1698 5339 1929 5403 solveret

640 5410 850 5489 lfiostrte
884 5411 1215 5489 indolentern
1252 5410 1629 5489 iniserize,‘7vili
1657 5419 1708 5489 in
1745 5433 1928 5489 specu,

641 5485 818 5550 Atque
849 5481 1159 5536 obvolutum
1191 5482 1393 5548 fasciis,
1426 5485 1688 5541 lzetissimi

643 5550 927 5623 Hominem
960 5551 1236 5623 Deumque
1269 5569 1427 5623 quem
1460 5557 1644 5611 vident
1674 5558 1747 5612 illi
1785 5559 1964 5614 simul.

714 5620 1121 5702 Servornm‘ad
1145 5620 1375 5702 hymnos
1415 5640 1661 5702 annuas_,
1696 5628 1857 5697 Deus,
1887 5645 2098 5702 precor,

641 5690 823 5765 llostis
854 5690 1061 5745 cruenti
1089 5690 1397 5765 deprimens
1425 5690 1752 5765 superbiam,

640 5760 972 5841 ljostrasque
1000 5770 1209 5818 mentes
1242 5760 1701 5841 eﬁ‘erens_'nosatn
1740 5760 1929 5841 supra,

642 5831 686 5884 Ο
716 5840 907 5883 cuneta
936 5844 1165 5886 cernens
1187 5840 1242 5887 et
1264 5834 1438 5895 beate,
1468 5834 1694 5891 firtnitcr

646 5899 792 5954 Fidei
831 5913 924 5969 per
956 5914 1113 5958 omne
1140 5910 1349 5973 tempus
1375 5904 1585 5961 iazixas
1610 5906 1749 5964 basi.

2393 4585 2605 4640 Sancta
2641 4581 2887 4638 Parentis
2919 4578 3138 4633 divitem
3168 4579 3412 4644 partum,
3430 4569 3542 4623 Deo

2243 4649 2286 4703 ῐ)
2318 4654 2430 4710 Hoc
2465 4663 2800 4714 munerunte,
2840 4650 3077 4704 rusticus
3109 4641 3285 4700 cauus
3327 4641 3542 4703 videns,

2324 4724 2460 4779 Sese
2495 4724 2743 4778 movebat
2773 4721 2838 4775 ad
2874 4720 2950 4773 rei
2986 4715 3330 4790 miraculum,
3451 4779 3485 4790 η

2326 4794 2392 4848 Ει
2420 4794 2772 4850 concinentes
2808 4791 3026 4859 angelos
3054 4785 3335 4859 Christum
3362 4779 3605 4859 audiens.

2320 4863 2549 4920 Carnem
2579 4862 2834 4917 induebat
2853 4854 2945 4932 q'ui
2980 4872 3154 4932 meam
3189 4854 3391 4932 absque
3419 4854 3643 4932 semine.

2396 4932 2529 4988 Coeli
2563 4919 3376 5002 imperator;indolensAnostris
3409 4919 3584 4983 malis,

2319 5002 2395 5056 Ex
2422 4994 2662 5072 injugata
2698 5000 2917 5071 Virgine
2951 4998 3125 5051 instar
3154 4994 3213 5048 fit
3248 4994 3373 5072 mei.

2320 5067 2570 5142 Namque
2591 5080 2716 5126 ante
2746 5067 2911 5143 carne
2941 5082 3062 5143 cum
3094 5071 3335 5143 vacaret,
3365 5067 3552 5143 postea

2322 5143 2434 5212 llac
2465 5136 2523 5212 se
2554 5144 2669 5212 ipse
2695 5140 2851 5212 texit,
2884 5136 3162 5193 conditum
3189 5136 3373 5212 primo
3403 5140 3606 5212 patrem

2319 5211 2388 5266 Ut
2423 5203 2662 5265 traheret
2687 5210 2752 5263 ad
2788 5203 2867 5272 se,
2902 5203 3272 5279 quemscelus
3322 5204 3698 5279 prostraverat.

2388 5268 3164 5349 Redintegrandnm_j)ra:cinit
3200 5268 3507 5349 mortalium

2331 5350 2599 5425 Propheta
2624 5346 2846 5404 sanctus
2874 5346 3340 5425 l'labacuc‘genus,
3374 5346 3450 5392 rei

2320 5413 2488 5489 Ilujtis
2516 5421 2744 5489 figuram
2770 5418 3093 5489 conspicans
3120 5413 3399 5489 divinitus.

2324 5477 2618 5546 [dx-monte
2642 5477 3169 5557 namqtte,'Virgine,
3202 5482 3441 5550 inquam,
3476 5477 3671 5547 prodiit

2322 5560 2525 5631 |nf_ans,
2562 5572 2888 5631 cruoregnos
2912 5572 3010 5611 suo
3038 5568 3253 5631 rursum
3288 5564 3499 5631 creatis.

2393 5619 2781 5701 Pur’prodiisti
2809 5636 3003 5694 sponte
3029 5633 3089 5701 _tn
3122 5619 3455 5701 mortalibus,

2321 5699 2365 5754 0
2385 5688 2621 5762 Chris'te,
2658 5688 2853 5766 corpus
2884 5695 3161 5751 attrahens
3192 5707 3261 5746 ex
3292 5688 3523 5812 Virgine,

2325 5769 2600 5812 Venenum
2629 5779 2685 5812 nl
2725 5768 2915 5812 anguis
2946 5763 3200 5812 nestilens
3232 5758 3383 5812 denel
3406 5774 3523 5812 eres

2325 5758 2685 5824 Venenum'ut
2725 5758 2915 5835 anguis
2946 5758 3548 5836 pestilensdepellercs,

2322 5845 2630 5909 Omnesque
2658 5840 2724 5895 ab
2750 5830 2883 5909 atris
2906 5830 3104 5906 jannis,
3126 5832 3280 5909 _velnt
3314 5830 3466 5897 Dens,

2324 5908 2447 5965 divi
2480 5904 2736 5979 perennis
2765 5909 2829 5963 ad
2856 5904 3019 5978 jubar
3045 5904 3349 5960 reduceres.
