4070 6430
617 392 722 453 823
1737 403 1796 462 S.
1834 402 2152 465 JOANNIS
2191 404 2625 468 DAMASCENI

600 512 807 582 Quibus
832 512 1017 586 paruit
1038 514 1182 584 ignis
1216 512 1418 571 mullus
1438 554 1452 580 ,
1483 513 1713 571 Domino

2208 523 2254 578 Α
2282 514 2377 583 Οἷς
2407 518 2595 574 εἴκαθε
2627 516 2740 593 πῦρ
2770 519 3028 585 ἄσπετον,
3057 520 3135 593 τῷ
3164 521 3406 594 Δεσπότῃ

605 609 838 663 Dicunt:
879 605 938 662 ln
989 608 1185 663 saecula
1225 606 1542 665 benedictus
1570 622 1653 665 es.

2279 613 2544 681 Λέγουσιν
2566 630 2579 645 ”
2612 615 2708 678 El;
2734 612 2939 679 αἰῶνας
2964 613 3258 685 εὐλογητὸς
3283 610 3353 668 εἴ.

2364 706 2674 776 Ὑπηρέτας
2703 707 2803 777 μὲν
2829 706 3111 778 ὲμμανῶς,
3143 704 3474 775 καταφλέγει
3494 743 3513 768 ,

2280 798 2451 863 Σώζει
2479 798 2535 851 δὲ
2565 799 2923 868 παφλάςουσα
2958 799 3203 872 ῥοιζηδὸν
3226 799 3382 863 νέους
3404 838 3419 863 ,

2280 892 2413 955 Ταῖς
2437 891 2804 964 ἑπαμέτροις
2830 892 3059 946 καύσεσι
3093 890 3467 963 πυργουμένη,

2280 982 2387 1048 Οὓς
2413 982 2608 1054 ἔστεφε
2639 985 2772 1054 φλὸξ
2793 984 3046 1054 ἄφθονος,
3077 985 3172 1039 τοῦ
3195 986 3401 1059 Κυρίου

2279 1075 2557 1146 Νέμοντος
2588 1075 2868 1142 εὐσεϐείας
2896 1076 3083 1130 εἵνεκα
3119 1078 3329 1149 δρόσον.

2364 1164 2570 1241 Ἀρωγε
2596 1164 2819 1236 Χριστὲ,
2852 1164 2945 1220 τόν
2974 1165 3185 1237 βροτοῖς
3212 1168 3459 1222 ἐναντίον

2280 1256 2601 1328 Πρόὸλημα,
2631 1258 2731 1329 τὴν
2760 1257 3039 1329 σάρκωσιν
3064 1259 3322 1332 ἀρρήτως
3352 1260 3491 1330 ἔχων
3511 1301 3531 1327 ,

2283 1352 2583 1422 ’ῌσχυνας,
2608 1348 2766 1403 όλόον
2794 1350 2897 1420 τῆς
2925 1348 3183 1413 θεώσεως
3208 1351 3389 1422 φέρων
3410 1393 3424 1416 ,

2278 1440 2673 1514 Μορφούμενος
2702 1442 2816 1509 νῦν,
2851 1437 3072 1514 ἧστινος
3098 1443 3166 1496 δι’
3200 1443 3391 1497 ἐλπίδα

2283 1533 2525 1587 Ἀνωθεν
2543 1534 2626 1597 είς
2652 1532 2974 1604 κευθμῶνας
2995 1534 3232 1607 ἤλθομεν
3256 1535 3445 1605 ζόφου.

2351 1625 2463 1697 Τὴν
2488 1624 2771 1697 ἀγριωπὸν
2798 1625 3053 1696 ἀκρατῶς
3091 1643 3301 1699 γαυρυυ
3311 1628 3479 1698 μένην
3502 1668 3519 1693 ,

668 699 943 757 Ministros
971 701 1185 772 quidem
1227 701 1485 757 iracunde
1508 701 1801 766 comburit,

602 793 789 846 Salvat
819 803 1000 849 autem
1050 794 1267 850 fervens
1310 794 1609 864 impetuose
1643 793 1896 862 juvenes,

602 884 1002 954 Septuplicibus
1028 887 1312 942 ardoribus
1346 888 1593 954 audacta,

601 975 749 1043 Quos
775 979 1071 1033 coronabat
1101 978 1318 1034 ﬂamma
1349 979 1540 1045 multa,
1598 977 1826 1035 Domino

600 1069 881 1127 Praebente
922 1072 1139 1141 pietatis
1173 1073 1344 1142 gratia
1388 1086 1589 1128 rorem.

671 1163 974 1217 Auxiliator
999 1163 1237 1230 Christe,
1269 1165 1576 1220 mortalium
1605 1164 1997 1230 adversarium,

605 1251 851 1321 Scutum,
886 1253 1313 1311 incarnationem
1359 1255 1611 1314 ineffabili
1648 1256 1808 1312 modo
1833 1257 2057 1321 habens.

591 1343 927 1414 Conludisti,
964 1346 1181 1403 divitias
1207 1349 1504 1403 divinitatis
1542 1348 1742 1413 ferens,

599 1437 894 1493 Formatus
928 1453 1070 1494 nunc
1100 1458 1115 1493 :
1152 1450 1372 1511 propter
1406 1442 1559 1509 cujus
1603 1456 1755 1510 spem

604 1531 846 1602 Desuper
876 1533 927 1587 in
962 1534 1199 1588 latebras
1223 1534 1469 1589 venimus
1502 1534 1869 1589 obscuritatis.

672 1624 962 1692 Asperum,
994 1623 1393 1679 incontinenter
1422 1624 1761 1694 superbiens.

605 1713 837 1770 Sordide
862 1715 1223 1781 debacchans,
1260 1714 1446 1770 furens

603 1806 785 1862 Mundi
813 1807 1149 1864 submersisti
1184 1809 1583 1877 omnipotenter
1610 1818 1909 1879 peccatum.

602 1899 748 1966 Quos
784 1901 947 1955 traxit
972 1886 1119 1965 ante,
1162 1901 1324 1956 hodie
1349 1911 1528 1956 autem
1562 1917 1629 1957 ex
1662 1902 1867 1956 retibus

606 1993 815 2059 Salvas,
847 1993 1159 2047 incarnatus
1190 2002 1403 2063 sponte,
1441 2009 1474 2048 ο
1504 1994 1837 2049 benefactor.

2286 1719 2532 1790 Ἀσεμνα
2573 1718 2952 1790 βακχεύσασαν
2986 1718 3433 1792 ἔξοιστρουμένην
3459 1763 3477 1787 ,

2284 1811 2506 1882 Κόσμου
2528 1813 2778 1866 καθεῖλεν
2810 1811 3128 1876 πανσθενῶς
3162 1812 3436 1881 ἁμαρτίαν
3456 1853 3471 1876 ,
3492 1813 3505 1826 ⁸

2212 1877 2254 1931 Β
2284 1904 2389 1968 Οὓς
2406 1877 2669 1959 ἐἵλκυσεν
2696 1903 2848 1975 πρὶν,
2877 1904 3117 1976 σήμερον
3139 1877 3248 1957 τῶν
3278 1877 3500 1976 αρκύων
3521 1946 3539 1972 ,

2284 1998 2484 2064 Σώζεις
2506 1999 2562 2052 δὲ
2598 1998 2902 2069 σαρκωθεὶς
2923 1996 3066 2052 ἑκὼν
3094 1997 3378 2070 εὐεργέτα.

2353 2091 2583 2161 Μήτραν
2616 2089 2900 2159 ἀφλέκτως
2927 2088 3251 2154 είκονίζουσι
3282 2090 3473 2162 κόρης,

2284 2184 2345 2236 Οἱ
2377 2183 2479 2253 τῆς
2508 2182 2745 2245 παλαιᾶς
2775 2179 3209 2252 πυρπολούμενοι
3243 2181 3374 2236 νέοι.

2295 2274 2620 2344 Ὑπερφυῶς
2645 2274 2881 2327 κύουσαν
2910 2273 3375 2345 ὲσφραγισμένην.

2286 2370 2487 2438 ’Ἄμφω
2518 2366 2572 2419 δὲ
2602 2366 2784 2436 δρῶσα
2820 2364 3234 2437 θαυματουργία
3268 2366 3365 2437 μίᾳ
3386 2407 3402 2430 ,

2282 2461 2460 2523 Λαοὺς
2488 2458 2625 2529 πρὸς
2652 2457 2821 2528 ὒμνον
2856 2458 3169 2528 ἐξανίστησι
3200 2459 3383 2528 χάρις.

2351 2551 2543 2622 Δύμην
2578 2548 2824 2619 φυγοῦσα
2849 2549 2942 2603 τοῦ
2969 2548 3221 2603 θεοῦσθαι
3242 2548 3340 2620 τὴν
3371 2548 3610 2619 πλάνην,

675 2085 953 2141 Matricem
986 2100 1093 2141 non
1127 2086 1397 2141 combuSti
1442 2087 1671 2157 tignrant
1710 2085 1948 2157 Virginis

602 2178 853 2249 Antiquze
884 2178 1006 2249 igne
1051 2177 1277 2233 involuti
1315 2178 1563 2249 juvenes,

603 2268 1108 2337 Supernaturaliter
1138 2270 1439 2341 parientem
1479 2270 1791 2342 sigillatam.

603 2361 907 2432 Utrumque
937 2370 1117 2417 autem
1157 2362 1365 2417 faciens
1405 2364 1670 2417 miraculo
1706 2377 1814 2417 uno

603 2454 833 2522 Populos
863 2454 929 2508 ad
961 2453 1215 2523 hymnum
1248 2453 1451 2508 excitat
1483 2455 1675 2524 gratia.

669 2543 1006 2599 Nocnmenta
1041 2554 1161 2599 cum
1194 2544 1331 2613 fugit
1366 2559 1432 2599 ne
1453 2543 1595 2599 Deus
1628 2545 1779 2599 ﬂeret
1807 2560 1979 2609 error,

603 2638 974 2693 mdesinenter
1002 2635 1185 2691 laudat
1215 2636 1548 2691 exinanitum
1579 2636 1838 2701 Verbum,

600 2730 922 2787 Juveniliter
946 2731 1123 2787 omnis
1156 2745 1278 2785 cum
1316 2740 1553 2785 tremore
1597 2739 1869 2785 creatura.

603 2826 890 2889 lngloriam
929 2826 1155 2897 gloriam
1202 2825 1398 2880 timens
1432 2824 1594 2888 ferre,

603 2916 771 2972 Fluxa
809 2915 1130 2984 lacta,‘etsi
1167 2915 1442 2985 sapienter
1475 2914 1841 2983 exspectabat.

675 3010 879 3066 Venisti
908 3010 1269 3065 errabundam
1299 3008 1365 3063 ad
1395 3023 1651 3078 pascuum
1685 3013 2007 3061 convertens

604 3104 930 3160 Floriferum
959 3116 1025 3156 ex
1056 3100 1286 3156 desertis
1315 3100 1565 3164 collibus,

605 3198 649 3253 Ο
686 3196 922 3268 gentium
970 3193 1255 3259 snrrectio,
1306 3193 1578 3247 hominum
1614 3201 1862 3245 naturam

605 3290 685 3343 Ad
720 3289 887 3344 robur
932 3285 1223 3341 violentum
1252 3284 1536 3340 homicida:
1568 3282 2037 3354 exstinguendum,

613 3380 808 3451 Virque
842 3380 991 3435 visus
1023 3388 1074 3434 et
1116 3376 1258 3433 Deus
1298 3376 1656 3448 providentia.

676 3475 875 3528 Amare
929 3470 1147 3542 quidem
1200 3482 1300 3525 nos
1356 3477 1611 3538 tanquam
1662 3481 1765 3522 non
1823 3467 2183 3536 periculosum

1072 3576 1077 3579 '
1724 3559 1740 3631 ι
1763 3575 1868 3627 pra:
1903 3559 2111 3621 timore,

608 3658 789 3714 Facile
834 3666 917 3712 est
966 3655 1262 3717 silentium,
1308 3652 1579 3708 desiderio
1617 3659 1817 3716 autem,
1865 3666 1897 3704 ο
1928 3649 2111 3719 Virgo,

611 3750 825 3804 Laudes
862 3758 1043 3802 texere
1093 3745 1347 3800 intensim
1380 3742 1584 3814 positas

614 3839 836 3896 Dillicile
864 3846 991 3893 est:
1022 3837 1115 3892 sed
1148 3837 1332 3902 etiam,
1366 3851 1396 3888 ο
1446 3843 1643 3897 mater,
1685 3831 1867 3896 robur,

613 3936 825 4002 Quanta
877 3940 960 3987 est
1009 3929 1240 3995 affectio,
1288 3929 1485 3997 prtebc.

681 4026 907 4081 Formas
936 4025 1219 4083 obscuras.
1254 4031 1309 4075 et
1355 4019 1572 4074 umbras
1624 4018 1866 4082 eductas,

611 4120 655 4176 Ο
693 4126 869 4173 mater
911 4130 1042 4185 pura
1082 4112 1262 4175 Verbi,
1301 4111 1621 4182 conspicati,

611 4213 818 4269 Infante
854 4210 974 4267 viso
1014 4223 1079 4265 ex
1111 4206 1279 4277 janua
1312 4204 1515 4272 clausa,

2286 2642 2555 2713 ⁸Ἀληκτον
2585 2642 2744 2711 ὑμνεῖ
2766 2639 2854 2693 τὸν
2882 2639 3205 2711 κενούμενον
3239 2641 3441 2708 Λόγον,

2282 2736 2564 2801 Νεανικῶς
2600 2736 2786 2791 ἅπασα
2813 2737 2909 2790 σὺν
2932 2737 3120 2809 τρόμῳ
3155 2737 3332 2801 κτίσις
3354 2778 3371 2804 ,

2287 2830 2508 2895 Ἀδοξον
2536 2825 2693 2899 εὖχος
2715 2828 2967 2892 δειματου
2978 2828 3111 2899 μένη
3145 2829 3354 2900 φέρειν.

2295 2923 2521 2993 Ῥευστὴ
2550 2921 2794 2991 γεγῶσα,
2825 2920 2930 2975 κᾶν
2958 2921 3138 2991 σοφῶς
3164 2920 3473 2992 ἐκαρτέρει.

2353 3014 2548 3076 ’Ἥκεις
2582 3012 2845 3082 πλανῆτιν
2869 3012 3006 3084 πρὸς
3031 3012 3201 3083 νομὴν
3228 3012 3599 3084 ἐπιστρέφων,

2282 3107 2395 3176 Τὴν
2424 3105 2709 3161 ἀνθοποιδν
2739 3106 2799 3171 ἐξ
2826 3104 3110 3177 ὲρημαίων
3140 3104 3342 3173 λόφων,

2209 3221 2252 3279 C
2295 3201 2359 3252 Ἦ
2386 3199 2492 3253 τῶν
2520 3197 2689 3251 ἐθνῶν
2720 3197 2958 3268 ἕγερσις,
2990 3196 3294 3266 ἀνθρώπων
3327 3195 3487 3266 φύσις
3512 3239 3530 3262 ,

2298 3290 2516 3361 Ῥώμην
2549 3288 2729 3359 βιαίαν
2751 3288 2843 3342 τοῦ
2878 3287 3230 3358 βροτοκτόνου
3259 3286 3450 3340 σϐέσαι
3478 3328 3494 3352 ,

2300 3375 2462 3449 Ἀνὴρ
2493 3374 2680 3445 φανείς
2716 3391 2775 3427 τε
2802 3374 2895 3427 καὶ
2927 3374 3077 3441 Θεὸς,
3113 3374 3444 3446 προμηθείᾳ.

2359 3466 2616 3540 Στέργειν
2641 3466 2740 3537 μὲν
2774 3467 2922 3538 ἡμᾶς
2945 3465 3020 3531 ὡς
3060 3466 3341 3521 ἀκίνδυνον
3371 3466 3543 3538 φόϐῳ,

2300 3646 2459 3718 Ῥᾷον
2480 3643 2713 3715 σιωπὴν,
2739 3642 2818 3715 τῷ
2844 3642 2995 3713 πόθῲ
3022 3642 3099 3712 δὲ,
3124 3642 3371 3714 Παρθένε
3389 3683 3406 3709 ,

2291 3740 2535 3805 ’Υμνους
2563 3737 2811 3806 ὑφαίνειν
2849 3737 3117 3801 συντόνως
3147 3735 3517 3807 τεθειμένους,

2302 3832 2570 3904 Ἐργῶδές
2600 3813 2768 3897 ἐστιν,
2793 3830 2929 3885 ἀλλὰ
2951 3830 3047 3885 καὶ
3086 3830 3261 3901 μῆτερ
3294 3828 3479 3893 σθένος
3500 3868 3517 3895 ,

2292 3926 2433 3993 Ὀση
2465 3923 2765 3993 πέφυκενή
2800 3921 3117 3993 προαίρεσις
3137 3962 3152 3987 ,
3184 3920 3349 3975 δίδου.

2361 4015 2576 4077 Τύπους
2602 4015 2882 4083 ἁφεγγεϊς.
2910 4013 3004 4067 καὶ
3030 4011 3190 4076 σκιὰς
3221 4011 3582 4083 παρηγμένας
3603 4051 3617 4072 .

2288 4100 2359 4159 Ὦ
2388 4108 2580 4178 Μῆτερ
2606 4105 2745 4177 ἁγνὴ
2773 4103 2869 4158 τοῦ
2899 4104 3098 4174 Λόγου,
3129 4104 3443 4173 δεδορκότες
3466 4145 3481 4165 ,

2288 4199 2431 4252 Νέου
2461 4197 2718 4267 φανέντος
2749 4199 2814 4252 ὲκ
2839 4198 3015 4265 πύλης
3047 4195 3440 4267 κεκλεισμένης
3467 4236 3481 4259 ,

1781 4378 1831 4435 J.
1882 4376 2081 4434 BILLII
2120 4372 2704 4431 INTERPRETATIO.

2220 4545 2266 4600 D
2296 4553 2391 4609 His
2414 4554 2579 4608 cessit
2606 4552 2783 4623 ignis:
2811 4552 2862 4607 hi
2893 4551 3024 4615 Deo,
3047 4551 3153 4608 Per
3183 4550 3378 4605 saecula

2286 4624 2605 4679 Benedictus
2631 4638 2691 4678 es
2719 4634 2772 4677 tu
2804 4632 3107 4691 praepotens
3140 4636 3360 4681 numen.
3385 4628 3595 4691 canunt.

2363 4693 2480 4749 Urit
2510 4694 2789 4747 ministros
2808 4689 3157 4758 Vltic‘quidem
3190 4709 3204 4745 :
3241 4701 3429 4744 contra
3461 4689 3561 4755 piis

2288 4762 2473 4817 Parcit
2506 4762 2818 4830 juvenibus,
2857 4763 3151 4815 admodum
3190 4761 3405 4813 fervens
3432 4759 3576 4821 licet,

2289 4835 2605 4900 Anctnsque
2634 4842 2838 4900 septem
2875 4831 3117 4900 partibus
3145 4830 3307 4883 solito
3331 4830 3514 4892 altius,

2289 4903 2463 4956 lnstar
2490 4917 2704 4956 coronas
2734 4903 2889 4971 queis
2920 4904 3108 4971 ingens
3129 4909 3247 4954 erat
3280 4913 3465 4971 rogus.

2290 4973 2518 5027 Virtutis
2551 4988 2681 5041 ergo
2716 4968 3042 5041 namgdab’at
3069 4986 3245 5023 rorem
3286 4968 3444 5041 Deus.

2361 5038 2799 5108 Adjutor,'hosti,
2828 5039 3063 5105 Christe,
3099 5048 3151 5093 tu
3183 5038 3488 5093 mortalium

2291 5112 2509 5167 Grande
2535 5112 2765 5165 intulisti
2801 5110 3034 5164 dedecus
3064 5123 3283 5164 carnem
3314 5122 3527 5178 gerens.

2296 5182 2525 5237 Deitatis
2557 5183 2671 5248 ipse
2700 5196 2822 5234 nam
2848 5180 3003 5233 vehis
3040 5192 3272 5233 nascens
3292 5192 3463 5247 opes:

2293 5251 2460 5320 Cujus
2491 5252 2705 5320 quidem
2730 5266 2825 5321 spe
2860 5250 3079 5321 coalitus
3103 5258 3350 5321 nostrum
3384 5260 3547 5317 genus

2295 5318 2557 5385 lllectum,
2591 5323 2641 5374 in
2673 5318 2835 5375 imam
2862 5319 3065 5375 decidit
3094 5318 3401 5389 caliginem.

614 4566 717 4621 Ubi
746 4565 963 4634 vigebat
988 4564 1223 4616 maxime
1247 4559 1440 4634 scelus
1466 4560 1636 4627 prius.

685 4629 922 4703 Supplex
955 4634 1173 4703 petebat
1206 4631 1371 4703 ellero
1398 4629 1568 4685 Jonas
1601 4629 1758 4692 mari,

614 4702 834 4760 Fluctus
873 4712 931 4757 ut
963 4702 1101 4756 altos
1128 4702 1373 4770 protinus
1409 4713 1802 4767 compesceres.

613 4773 851 4843 Tyranni
884 4784 937 4828 at
966 4773 1080 4840 ipse
1106 4773 1317 4843 saucius
1344 4770 1466 4833 telo,
1498 4784 1689 4843 precor

613 4840 839 4909 Venias,
868 4843 1154 4907 malorum,
1183 4840 1418 4907 Christe,
1456 4840 1637 4908 pulsor
1667 4840 1930 4901 omnium,

614 4914 805 4982 illeque
839 4914 1121 4969 obsidente
1151 4913 1347 4965 liberes
1376 4911 1643 4982 socordia.

684 4978 741 5037 Id
778 4984 1036 5047 Verbum,
1066 4984 1118 5036 in
1147 4990 1267 5036 ortu
1320 4982 1461 5048 quod
1503 4980 1643 5035 Deus
1666 4989 1783 5034 erat
1812 4978 1952 5046 apud
1997 4979 2185 5043 Deum,

617 5053 985 5109 Substantiam
1022 5067 1162 5106 nunc
1193 5053 1690 5113 roboratnostram,
1722 5049 1909 5104 videns

618 5124 854 5179 Priscam
890 5123 1025 5178 tueri
1058 5122 1202 5192 quod
1232 5120 1363 5192 satis
1397 5120 1774 5192 nequivimus:

618 5195 859 5263 Seseque
891 5189 1165 5256 sternens,
1200 5191 1426 5263 alterum
1452 5189 1836 5263 commercium

618 5257 901 5325 Monstrat,
932 5271 1083 5317 vacet
1106 5262 1246 5329 quod
1277 5260 1508 5314 motibus
1537 5257 1898 5329 prmturbidis.

688 5331 771 5387 Ob
804 5347 900 5387 nos
922 5328 1169 5400 jacentes
1201 5331 1253 5383 in
1291 5331 1445 5398 nigro
1471 5328 1732 5383 scelerum
1775 5328 1908 5391 luto,

620 5401 695 5455 lix
736 5399 1028 5457 Abrahami
1062 5400 1263 5469 prodiit
1295 5400 1516 5471 lumbis,
1549 5399 1696 5471 humi

618 5471 699 5524 Ex
729 5472 1031 5539 provolutis
1064 5468 1267 5524 liberos
1292 5468 1591 5539 utexcitet.

619 5541 677 5610 in
709 5537 829 5596 luce
855 5542 1057 5610 quique
1095 5540 1261 5607 degit,
1295 5538 1362 5593 ad
1401 5537 1744 5610 przesepium,

618 5608 828 5666 Nostrae
854 5608 1043 5666 salutis
1076 5624 1225 5677 ergo,
1262 5622 1405 5662 nunc
1438 5608 1723 5677 delabitur.

691 5681 892 5736 Amore
928 5679 1126 5734 summi
1146 5676 1406 5733 Numinis
1427 5676 1650 5746 juvenes
1680 5678 1750 5747 pii

622 5749 1017 5815 Exaestuantcs,
1049 5748 1240 5818 impias
1269 5748 1410 5818 regis
1429 5747 1601 5803 minas

628 5818 911 5889 Spreverc,
940 5835 1112 5877 saevus
1144 5835 1304 5888 quem
1330 5818 1478 5876 furor
1502 5818 1875 5876 succcndcrat.

2299 5462 2675 5530 Superbiehat,
2713 5462 2761 5514 vi
2796 5471 2881 5513 tua
2916 5459 3341 5530 summa,_Dens,

2299 5528 2535 5586 Ab’orbe
2564 5531 2721 5601 longe
2748 5530 3028 5601 depulisti.
3049 5528 3277 5601 Retibus

2302 5602 2368 5655 Et
2398 5616 2531 5670 quos
2563 5598 2782 5655 tenebat
2808 5602 2921 5653 hzec
2952 5600 3063 5654 suis
3090 5599 3261 5670 prius,
3288 5598 3465 5670 modo,

2302 5667 2437 5727 Dum
2468 5682 2660 5738 sponte
2699 5686 2915 5724 carnem
2946 5669 3201 5738 suscipis,
3236 5677 3290 5722 tu
3332 5667 3540 5738 liberas.

2374 5734 2653 5795 Matricem
2685 5740 3007 5795 adnmbrant
3036 5734 3268 5808 Virginis
3289 5734 3571 5807 juveneuli,

2304 5812 2449 5879 Quos
2480 5810 2573 5879 nil,
2600 5810 2814 5867 volutos
2850 5810 2904 5866 in
2931 5825 3083 5880 rogo,
3130 5810 3269 5865 laesit
3297 5822 3472 5879 rogus.

2365 5382 2575 5446 Noxam
2605 5392 2864 5454 ferocem,
2903 5404 3022 5459 qua:
3050 5382 3232 5451 nimis:
3272 5388 3393 5457 plus
3417 5393 3469 5442 et
3502 5382 3668 5447 nimis,

3751 411 3839 489 825
