4070 6426
221 404 334 465 833

293 517 440 588 Θείῳ
463 513 760 585 καλυφθεὶς
784 513 813 566 ό
841 509 1254 583 βραδύγλωσσος
1273 504 1493 576 γνόφῳ,

235 609 638 682 Ἐρῤητόρευσε
667 606 758 659 τὸν
789 603 1092 673 θεόγραφον
1119 601 1304 671 νόμον.

232 701 374 754 ’ἰλὺν
397 701 506 769 γὰρ
531 695 817 762 ὲκτινάξας
837 695 1086 765 ὄμματος
1111 691 1255 754 νόου,

231 793 372 864 Ὀρᾷ
394 792 484 845 τὸν
509 791 659 854 ὄντα,
686 789 779 842 καὶ
813 788 1030 858 μυεῖται
1055 781 1373 851 Πνεύματος

214 861 434 946 Γνῶσις
464 880 738 953 γεραίρων
761 877 964 940 ἐνθέοις
983 875 1096 938 τοῖς
1127 873 1390 945 ᾄσμασιν.
1435 861 1440 864 ’

295 977 447 1046 Ἔφη
475 974 536 1028 τὸ
570 972 766 1026 σεπτδν
789 971 883 1024 καὶ
917 967 1212 1038 διεδάσμιον
1249 962 1448 1033 στόμα,

209 1067 543 1138 Νοσφισμδς
571 1067 700 1136 ὑμῖν
727 1065 790 1117 οὐ
813 1063 1126 1132 γενήσεται,
1155 1058 1319 1128 φίλοι.

225 1160 380 1230 Ἐγὼ
413 1161 522 1231 γάρ
549 1160 628 1222 είς
651 1155 901 1228 πατρῷον
925 1154 1150 1221 ὕψιστον
1177 1147 1366 1221 θρόνον

215 1252 622 1323 Συνεδριάζων,
647 1248 825 1320 ἐκχεῶ
857 1246 953 1301 τοῦ
988 1244 1306 1315 Πνεύματος

207 1345 454 1416 Λάμψαι
482 1343 705 1396 ποθοῦσι
730 1340 829 1412 τὴν
857 1340 1018 1410 χάριν
1046 1338 1144 1409 τὴν
1177 1335 1429 1404 ἄφθονον.

293 1437 364 1490 'U
374 1454 465 1508 ρος
488 1433 734 1507 βεϐηκὼς
758 1431 1154 1502 ἀτρεκέστατος
1184 1427 1377 1495 Λόγος,

212 1531 648 1600 Γαληνόμορφον
671 1524 883 1580 ἐκτελεῖ
910 1523 1009 1593 τὴν
1038 1519 1266 1590 καρδίαν

212 1624 434 1694 Ἔργον
461 1620 569 1691 γὰρ
597 1619 904 1689 ὲκπεράνας
933 1615 1169 1684 εὔφραινε
1203 1610 1411 1680 φίλους,

210 1717 371 1786 ῐινοῇ
400 1714 570 1784 βιαίᾳ,
602 1712 695 1766 καὶ
723 1711 894 1780 πυρὸς
924 1706 1302 1776 γλωττήμασι,

207 1806 442 1876 Νείμας
466 1805 526 1858 τὸ
556 1802 780 1874 Πνεῦμα
809 1799 1063 1871 Χριστὸς,
1096 1798 1174 1860 ὡς
1203 1795 1491 1862 ὑπέσχετο.

291 1895 537 1969 Ἕῤῥηξε
567 1894 806 1965 γαστρὸς
832 1890 1219 1963 ὴτεκνωμένης
1254 1885 1445 1950 πέδας,

207 1989 426 2060 ’Υϐριν
454 2006 510 2042 τε
533 1986 898 2041 δυσκάθεκτον
929 1981 1360 2049 εὑτεκνουμένης
1379 2015 1396 2040 ,

205 2083 378 2152 Μόνη
405 2079 683 2150 προσευχὴ
705 2077 808 2149 τῆς
835 2075 1165 2148 προφήτιδος
1187 2071 1357 2125 πάλαι
1376 2109 1392 2135 ,

127 2200 140 2214 ο
210 2177 428 2247 ’Δννης
457 2174 728 2245 φερούσης
750 2171 970 2242 πνεῦμα
997 2165 1457 2237 συντετριμμένον
1480 2203 1496 2229 ,

207 2267 369 2338 Πρὸς
388 2267 481 2320 τὸν
511 2265 800 2334 δυνάστην,
827 2263 920 2315 καὶ
945 2257 1080 2312 Θεὸν
1111 2257 1220 2310 τῶν
1240 2255 1514 2325 γνὼσεων.

293 2357 580 2428 ’Λληπτός
605 2357 753 2408 ἐστιν
782 2355 816 2425 ἡ
841 2349 1280 2423 θεαρχικωτάτη.

220 2446 499 2517 Ῥήτορας
525 2443 632 2514 γὰρ
658 2441 886 2511 ἐξέφηνε
909 2441 1037 2502 τοὺς
1065 2435 1466 2507 ἀγραμμάτους
1485 2474 1500 2498 ,

209 2536 382 2599 Ἀλις
410 2533 670 2604 σοφιστὰς
708 2529 1130 2600 συστομίξοντας
1159 2527 1301 2596 λόγῳ
1320 2567 1336 2591 ,

208 2626 336 2678 Καὶ
361 2624 459 2693 τῆς
494 2622 713 2693 βαθείας
747 2620 940 2682 νυκτὸς
961 2617 1382 2688 ὲξαιρουμένους
1403 2655 1420 2678 ,

207 2716 404 2777 Λαοῦς
425 2713 685 2785 ἀπείρους
709 2709 967 2782 ἀστραπὴ
987 2710 1078 2763 τοῦ
1103 2708 1442 2778 Πνεύματος.

283 2803 403 2860 Ἦν
433 2806 758 2877 ἐκπορευτδν
784 2805 842 2871 ὲξ
871 2803 1169 2873 ἀγεννήτου
1199 2801 1369 2867 φάους
1390 2837 1406 2863 ,

207 2899 288 2953 Τὸ
329 2898 914 2968 πανσθενουργόφωτον
951 2893 1176 2962 ἄφθιτον
1209 2891 1370 2954 σέλας
1393 2928 1409 2953 ,

209 2987 289 3047 υῦ
331 2991 434 3060 τὴν
461 2992 528 3044 δι’
560 2987 690 3044 Υίοῦ
722 2986 1006 3058 Πατρικῆς
1037 2982 1304 3049 ἐξουσίας,

208 3081 337 3136 Νῦν
360 3078 646 3151 ἐμφανίζει
672 3080 893 3150 συμφυῆ
925 3074 1275 3147 φρυκτωρίαν
1295 3113 1310 3139 ,

209 3177 296 3230 Πυ
306 3174 487 3247 ρὼδης
511 3169 645 3245 ἦχος
669 3175 728 3226 ὲν
755 3170 893 3224 Σιὼν
921 3171 1032 3232 τοῖς
1053 3167 1283 3220 ἔθνεσιν.

288 3267 473 3333 Ἀναξ
494 3267 742 3321 ἀνάκτων
767 3259 876 3327 οἷος
898 3263 958 3329 ἐξ
988 3262 1098 3314 οἵου
1133 3261 1314 3330 μόνος,

210 3359 398 3428 Λόγος
420 3356 699 3430 προελθὼν
728 3356 941 3425 [ἰατρὸς
963 3353 1023 3420 ἐξ
1057 3351 1298 3407 ἀναιτίου
1325 3389 1342 3417 ,

224 3448 532 3510 ’ἰσοσθενές
556 3463 649 3500 σου
684 3444 910 3516 Πνεῦμα
933 3446 1046 3506 τοῖς
1074 3441 1415 3502 ἀποστόλοις.

211 3540 516 3612 Νημερτὲς
548 3537 857 3608 ἐξέλαμψας
885 3537 960 3600 ὼς
991 3536 1312 3608 εὐεργέτης,

216 3633 452 3704 ’ᾼδουσι
481 3631 638 3698 δόξαν
661 3628 739 3700 τῷ
771 3629 962 3699 κράτει
1003 3642 1097 3680 σου
1117 3666 1133 3692 ,
1167 3626 1358 3698 Κύριε.

282 3723 535 3794 Λουτρὸν
559 3723 619 3775 τὸ
644 3722 784 3774 θεῖον
820 3721 920 3790 τῆς
946 3717 1364 3788 παλιγγενεσίας
1389 3755 1406 3783 ,

213 3815 384 3883 Λόγῳ
413 3814 675 3884 κεραννὺς
704 3809 1087 3880 συντεθειμένῃ
1111 3808 1310 3877 φύσει,

227 3905 659 3976 Ὀμϐροϐλυτεῖς
684 3921 773 3975 μοι
801 3903 1014 3975 ῥεῖθρον
1044 3901 1104 3966 ἐξ
1145 3899 1424 3970 ἀκηράτου
1447 3936 1463 3961 ,

215 3997 583 4068 Νενυγμένης
617 4013 708 4049 σου
739 3996 1000 4066 πλευρᾶς,
1033 3987 1078 4046 ὦ
1109 3990 1244 4044 Θεοῦ
1266 3990 1404 4060 Λόγε
1423 4027 1441 4055 ,

231 4089 689 4160 Ἐπισφραγίζων
719 4090 784 4159 τῇ
809 4086 954 4152 ζέσει
976 4083 1068 4138 τοῦ
1105 4081 1442 4151 Πνεύματος.

1661 391 1866 452 CARM
1877 391 2025 451 INA.

1821 509 1867 564 Α
1970 501 2163 555 Divina
2202 510 2375 558 tectus
2421 502 2760 573 tardilingnis
2786 501 3004 566 nebula,

1900 593 2159 649 Elocutus
2181 603 2265 650 est
2291 611 2319 649 a
2347 595 2458 649 Deo
2481 595 2738 664 scriptam
2772 593 2943 661 legem
2974 611 2990 649 :

1900 683 2126 739 Materia
2167 685 2310 740 enim
2343 684 2574 752 abiecta,
2599 684 2772 739 oculis
2800 682 2996 737 mentis

1903 775 2103 832 Videre
2130 792 2252 832 eum
2286 776 2380 846 qui
2428 785 2513 832 est
2541 776 2721 838 discit,
2757 775 2993 844 Spiritus

1896 867 2282 938 Cognitionem
2314 867 2540 922 laudans
2573 865 2771 921 divinis
2797 864 3066 920 cantibus.

1977 959 2121 1014 Dixit
2153 974 2396 1015 severum
2429 969 2482 1013 et
2509 958 2876 1013 venerandum
2909 971 2990 1019 os.

1902 1049 2107 1106 Divisio
2132 1051 2284 1105 vobis
2311 1065 2416 1104 non
2451 1050 2562 1115 flet,
2600 1063 2633 1104 ο
2674 1048 2874 1102 amici:

1903 1142 2014 1212 ligo
2053 1143 2197 1196 enim
2233 1142 2298 1196 ad
2338 1151 2621 1212 paternum
2659 1139 2932 1194 excelsum
2976 1136 3222 1190 thronum

1897 1231 2190 1287 Confidens
2217 1229 2484 1284 effundam
2515 1229 2750 1299 Spiritus

1905 1309 2200 1388 Splendere
2229 1318 2664 1374 desiderantibus
2700 1316 2928 1384 gratiam
2968 1314 3255 1368 inﬁnitam.

1975 1409 2260 1465 Terminus
2287 1410 2558 1479 perfectus
2591 1408 2930 1463 verissimum
2958 1403 3193 1459 Verbum

1905 1499 2231 1569 Tranquillm
2263 1499 2449 1554 formae
2473 1499 2659 1567 implet
2685 1513 2780 1552 cor
2804 1515 2819 1552 :

1903 1592 2078 1661 Opere
2110 1593 2251 1646 enim
2283 1591 2497 1660 expleto
2529 1589 2817 1646 lcetifieavit
2859 1589 3066 1645 amicos

1905 1684 2054 1738 Flatu
2089 1684 2344 1748 violento,
2377 1693 2426 1736 et
2458 1683 2597 1750 ignis
2625 1685 2962 1754 glossematis

1907 1777 2037 1830 Dato
2063 1774 2286 1845 Spiritu,
2318 1775 2562 1830 Christus
2598 1784 2657 1828 ut
2677 1775 2944 1845 pollicitus
2965 1782 3067 1828 est.

1832 1849 1874 1902 Β
1973 1867 2198 1938 Effregit
2227 1869 2430 1922 ventris
2464 1867 2669 1922 sterilis
2702 1867 2940 1932 vincula,

1905 1962 2268 2032 lujuriamque
2299 1960 2688 2016 intolerabilem
2724 1961 2966 2016 fecundae

1905 2053 2028 2107 Sola
2056 2056 2230 2107 oratio
2260 2052 2611 2122 prophetissa:
2637 2052 2765 2107 olim

1902 2145 2091 2207 Annae,
2119 2143 2340 2198 ferentis
2376 2143 2623 2212 spiritum
2653 2143 2942 2198 contritum

1901 2236 1981 2290 Ad
2012 2246 2282 2304 potentem
2306 2245 2360 2289 et
2389 2236 2556 2289 Deum
2578 2234 2953 2288 scientiarum.

3359 380 3464 441 83i

1973 2325 2536 2396 lncomprehensibilis
2561 2335 2642 2380 est
2689 2325 3062 2379 divinissi-mus
3112 2322 3465 2394 principatus.

1902 2418 2168 2472 thetores
2194 2418 2336 2472 enim
2367 2417 2757 2471 demonstravit
2783 2415 3113 2478 illitteratos,

1904 2512 2047 2566 Satis
2075 2511 2344 2580 sepltistas
2379 2509 2576 2563 mutire
2607 2508 2853 2562 faciendo
2883 2522 3157 2572 sermone,

1902 2604 1962 2656 Et
2005 2619 2034 2656 a
2071 2600 2330 2671 profunda
2366 2609 2523 2654 nocte
2572 2597 2908 2654 extrahendo

1901 2697 2131 2765 Pupulus
2153 2695 2389 2748 infinitos
2415 2692 2593 2763 fulgur
2619 2691 2854 2760 Spiritus

1973 2789 2099 2844 Erat
2129 2786 2426 2856 procedens
2456 2799 2520 2838 ex
2552 2784 2786 2852 ingenita
2815 2782 2932 2836 luce

1900 2880 2310 2948 Oumipotentcr
2338 2877 2582 2930 lncilicus
2605 2875 3054 2942 incorruptusque
3082 2873 3358 2942 splendor,

1900 2975 2062 3042 Cujus
2091 2986 2185 3040 per
2218 2969 2334 3024 Filii
2361 2977 2638 3038 paternam
2667 2964 3023 3020 substantiam

1902 3066 2054 3120 Nunc
2092 3062 2401 3118 manifestat
2426 3069 2712 3129 cognatam
2747 3057 2918 3113 facem

1826 3184 1869 3242 ρ
1905 3158 2068 3227 lgnita
2095 3172 2196 3209 vox
2238 3156 2288 3209 in
2319 3152 2446 3208 Sion
2475 3151 2745 3220 gentibus.

1974 3249 2088 3302 Rex
2123 3260 2328 3315 regum,
2361 3243 2509 3298 solus
2533 3257 2599 3297 ex
2629 3241 2762 3305 solo,
2788 3240 2966 3295 solum

1907 3339 2137 3393 Verbmn
2169 3337 2466 3404 procedens
2488 3351 2516 3388 a
2546 3334 2707 3389 Patre
2735 3346 2914 3388 causa;
2939 3339 3185 3400 experte,

1902 3432 2338 3501 Equipotentem
2363 3437 2512 3482 tuum
2539 3425 2801 3495 Spiritum
2822 3423 3080 3494 apostolis

1902 3525 2040 3579 Vere
2075 3522 2388 3576 illustrando
2427 3517 2643 3580 misisti,
2682 3525 2742 3570 ut
2773 3515 3085 3570 benef-actor

1905 3603 2263 3671 cantantibus
2290 3612 2539 3682 potentiae
2565 3620 2669 3665 tua:
2693 3607 2941 3678 gloriam,
2967 3622 3002 3659 ο
3031 3603 3278 3660 Domine.

1976 3707 2232 3761 Balneum
2263 3704 2500 3758 divinum
2541 3698 2962 3769 regenerationis

1907 3801 2081 3856 Verbo
2113 3800 2342 3854 miscens
2383 3793 2690 3863 composita:
2719 3797 2943 3854 naturae,

1907 3887 2229 3958 Snppeditas
2261 3886 2389 3940 tnibi
2414 3897 2608 3954 aquam
2641 3897 2707 3937 ex
2734 3881 3046 3948 incorrupto

1905 3980 2201 4035 Vulnerato
2224 3987 2315 4032 tuo
2339 3977 2532 4040 latere,
2565 3990 2598 4029 ο
2625 3973 2719 4030 Dei
2746 3971 3003 4038 Verbum,

1908 4075 2161 4145 Sigillans
2190 4070 2398 4124 fervore
2417 4067 2670 4137 Spiritus.

1403 4237 1452 4293 «Ι.
1495 4236 1696 4293 BlLLll
1737 4225 2324 4290 INTERPRETATIO.

220 4429 486 4484 Numinis
515 4426 774 4483 indicium
804 4425 1004 4494 linguis
1033 4418 1439 4478 ﬂammantibus
1473 4417 1560 4474 edi

222 4501 350 4569 Ipse
384 4499 492 4565 sui,
521 4497 725 4555 sanctis
749 4497 963 4569 vatibus
985 4505 1145 4569 atque
1176 4494 1339 4569 favet.

297 4563 497 4638 Divina
533 4576 755 4638 opertus
796 4563 1184 4638 nub_e,_lingua
1219 4563 1444 4638 tardior,

223 4639 412 4694 Moses
439 4635 700 4694 Tonantis
723 4635 942 4700 protulit
972 4636 1143 4702 legem
1167 4635 1302 4688 suis.

224 4709 329 4763 Hic
360 4723 595 4776 namque
618 4706 816 4761 mentis
838 4705 1016 4776 lumen
1048 4717 1353 4776 egpurgans
1381 4718 1512 4766 suae,

227 4779 430 4832 Entem
471 4773 733 4840 intuetur,
772 4775 1043 4829 notionem
1073 4773 1307 4841 Spiritus

226 4847 534 4916 Discitque,
569 4847 840 4916 honoratis
871 4843 1127 4916 cantibus
1148 4843 1253 4916 piis
1287 4841 1476 4896 Deum.

302 4914 456 4972 Dixit
489 4917 766 4970 cohortem
798 4914 1045 4969 Christus
1065 4914 1131 4966 ad
1154 4915 1373 4967 cbaram
1406 4925 1583 4975 suam,

227 4985 353 5041 Non
382 5001 500 5051 vos,
519 4986 702 5050 amici,
725 4985 991 5043 deseram,
1020 4983 1147 5036 mihi
1171 4983 1373 5036 credite
1399 4999 1412 5034 :

231 5055 482 5127 ljamque
505 5056 558 5127 in
594 5064 819 5127 paterno
852 5051 1144 5127 conlidens
1170 5066 1271 5127 ego
1303 5052 1517 5116 throno,

231 5122 434 5181 Paucis
467 5122 662 5179 adhiitc
688 5124 875 5177 diebus
904 5123 954 5176 in
993 5137 1084 5176 vos
1112 5122 1349 5190 Spiritus

233 5194 508 5250 lmmensa
541 5196 682 5249 dona
710 5194 928 5262 prodiga
958 5191 1182 5262 fundam
1212 5205 1397 5244 manu.

305 5265 613 5319 Subvectus
643 5256 808 5317 altum
839 5256 1089 5316 Christus
1121 5262 1172 5314 in
1204 5271 1435 5314 montem
1467 5256 1617 5324 Sion,

236 5334 662 5404 Tranquillitate
698 5333 858 5387 corda
896 5330 1309 5404 perfunditpia.

237 5400 563 5459 Perfunctus
587 5418 748 5470 opera
781 5417 903 5455 nam
939 5416 1056 5466 sua,
1089 5400 1322 5470 oblectat
1352 5412 1478 5454 suos

239 5473 574 5529 Vehemente
602 5469 754 5535 flatu,
785 5482 840 5525 et
869 5473 1036 5540 igneis
1067 5469 1451 5541 linguisritem,

240 5544 563 5612 lmpertiens
595 5544 677 5597 his
709 5542 990 5612 Spiritum,
1025 5552 1082 5597 ut
1111 5540 1452 5612 promiserat.

313 5613 462 5668 Uteri
492 5612 745 5682 inferacis
776 5611 935 5682 fregit
959 5614 1083 5665 olim
1112 5611 1399 5680 compedes
1434 5623 1448 5660 :

239 5681 442 5752 Contra
472 5683 670 5737 feracis
699 5681 860 5752 fregit
893 5683 1233 5740 insolentiam

244 5750 360 5807 Vox
397 5753 510 5809 sola
541 5747 966 5824 supplexIAnna
996 5747 1512 5827 quamprofuderat,

1826 4415 1872 4472 D
1906 4409 2101 4464 Pectus
2132 4405 2318 4460 dolore
2345 4401 2601 4457 deferens
2635 4399 2863 4472 fractum
2894 4394 3045 4472 gravi

1899 4479 1978 4533 Ad
2023 4479 2436 4544 l’rwpotentem,
2460 4485 2677 4544 numen
2690 4476 2762 4544 _et
2776 4466 3044 4544 scientias.

1969 4535 2198 4616 Captu'm
2225 4542 2499 4616 antecedit
2537 4539 2734 4593 mentis
2776 4536 3030 4616 humana:
3057 4535 3220 4589 Dens.

1908 4605 2219 4672 lllittératos
2249 4615 2497 4667 rhetoras
2537 4625 2658 4662 nam
2701 4605 2973 4662 reddidit:

1903 4689 2190 4742 Doctorum
2208 4693 2264 4737 at
2285 4697 2378 4737 ora
2411 4679 2637 4747 perculit
2657 4675 2932 4747 loquacia.

1898 4760 1976 4812 Ac
2002 4766 2162 4812 nocte
2195 4755 2357 4808 densa
2385 4743 2619 4820 Spiritus
2649 4743 2824 4820 fulgur
2845 4743 3009 4820 sacri,

1807 4819 1817 4828 ’
1900 4829 2046 4894 Quas
2075 4839 2234 4880 nemo
2263 4812 2838 4894 gentes‘supputarit,
2863 4812 3079 4868 liberat.

1973 4897 2052 4951 Ex
2082 4895 2202 4948 luce
2233 4882 2338 4946 non
2362 4889 2542 4960 genita
2562 4882 2764 4960 petens
2788 4899 2965 4960 rerum
2988 4882 3252 4947 omnium,

1901 4965 2214 5033 Parensque
2243 4951 2601 5033 lucisprgdiit
2631 4951 3042 5033 micansjubar,

1901 5035 2066 5101 Cujus
2098 5023 2333 5104 paternae
2353 5023 2418 5083 ac
2441 5027 2562 5104 Ij‘ilii
2589 5023 2907 5104 substantia

1906 5089 2113 5158 Pa'rem'
2133 5115 2294 5171 atque
2317 5099 2561 5171 eamdem
2603 5092 2952 5171 nune__facem
2976 5104 3145 5171 sonus
3174 5089 3361 5160 igneus

1906 5173 2056 5227 llaud
2089 5159 2348 5227 monstrat
2377 5169 2608 5222 obscure
2637 5166 2688 5217 in
2722 5162 2884 5216 Sione
2913 5159 3183 5229 gentibus.

1978 5244 2198 5296 Summe
2226 5239 2547 5300 dominator,
2570 5235 2716 5290 solus
2740 5247 2806 5287 ex
2831 5228 2965 5300 solo,
2993 5228 3187 5297 Λόγος,

1906 5311 2230 5381 Progressus
2259 5325 2289 5364 a
2325 5299 2758 5381 parentecausae
2779 5299 2987 5363 nescio,

1906 5368 2132 5452 annos
2163 5368 2398 5452 Paeonia
2428 5377 2570 5452 Quod
2607 5374 2698 5452 tibi
2727 5383 2811 5452 est
2831 5368 3102 5452 potentia,

1909 5443 2049 5506 Vere
2085 5449 2279 5506 dedisti
2310 5443 2586 5514 discipulis
2615 5443 2797 5497 charis
2826 5443 2954 5505 tuis,

1909 5522 2103 5586 'l‘uam,
2135 5530 2327 5589 potens
2352 5507 2484 5589 rex,
2502 5514 2730 5589 gloriam
2768 5507 3112 5566 canentibus.

1979 5590 2058 5644 Tu
2091 5583 2519 5659 regenerationis
2551 5583 2804 5659 balneum
2834 5593 3046 5659 sacrum

1909 5649 2186 5726 Sermone“
2204 5660 2453 5726 miscens,
2466 5669 2561 5724 per
2589 5654 2722 5708 duas
2745 5666 2832 5706 res
2861 5649 3130 5719 dispares,

1909 5729 1986 5784 Ex
2017 5730 2297 5786 vulnerato
2338 5727 2506 5784 latere
2537 5735 2618 5781 ter
2639 5731 2836 5794 sancto.
2859 5729 2970 5786 tuo,
