4070 6424
211 360 308 422 Sil

203 563 289 615 ὅτι
316 561 516 632 ἀνέστη
549 564 800 630 Χριστὸς.
834 564 908 627 ῶς
935 566 1360 638 παντοδύναμος.

284 651 486 722 Ἀρσεν
521 653 620 722 μὲν
645 696 657 711 .
684 655 759 718 ὡς
791 655 1065 721 διανοίξας
1097 657 1198 728 τὴν
1227 657 1667 729 παρθενεύουσαν
1689 678 1781 728 νη-

202 741 322 807 δύν,
350 743 557 813 πέφηνε
589 747 845 816 Χριστὸς,
881 747 956 812 ῶς
998 748 1188 819 βροτὸς
1218 749 1275 803 δὲ
1305 751 1474 821 ἀμνὸς
1510 751 1783 822 προσηγό-

203 849 420 903 ρευται.
455 836 514 887 Ἀ
529 853 719 906 μωμος
746 837 822 904 δὲ,
856 837 928 902 ὡς
966 840 1230 908 ἄγευστος
1265 842 1480 911 κηλίδος
1505 881 1520 904 ,
1553 843 1615 896 τὸ
1644 844 1782 916 ἡμέ-

199 939 364 994 τερον
392 925 595 996 πάσχαο
630 928 723 981 καὶ
750 928 824 992 ὡς
847 928 977 994 Θεὸς
1006 929 1213 1002 ἀληθὴς
1232 970 1247 996 ,
1273 932 1476 998 τέλειος
1509 932 1782 989 λέλεκται.

284 1105 378 1168 Ὠς
411 1106 683 1170 ἐνιαύσιος
703 1108 874 1178 ἀμνὸς
901 1111 929 1165 6
955 1110 1344 1183 εὐλογοῦμενος
1363 1114 1498 1184 ἡμῖν
1522 1113 1786 1184 στέφανος

200 1191 446 1263 Χριστὸς
485 1197 744 1261 ἑκουσίως
782 1199 925 1269 ὐπὲρ
970 1200 1186 1254 πάντων
1215 1201 1472 1267 τέθυται,
1503 1203 1690 1273 πάσχα
1725 1201 1786 1256 τὸ

201 1284 599 1356 καθαρτήριον.
645 1288 755 1341 Καὶ
790 1284 946 1353 αὖθις
995 1290 1060 1343 ὲκ
1109 1290 1203 1343 τοῦ
1249 1291 1420 1360 τάφου
1462 1291 1662 1364 ὡραῖος
1705 1291 1786 1346 δι-

203 1376 511 1447 καιοσύνης
544 1380 675 1447 ἡμῖν
704 1379 946 1450 ἔλαμψεν
971 1382 1144 1452 ἥλιος.

294 1465 361 1519 Ὀ
390 1467 688 1539 Θεοπὰτωρ
718 1470 818 1538 μὲν
843 1471 1008 1525 Δαὸὶδ
1041 1473 1148 1543 πρὸ
1181 1472 1281 1543 τῆς
1311 1473 1573 1538 σκιώδους
1609 1475 1780 1530 κιϐω-

199 1555 330 1617 τοῦ,
365 1558 536 1628 ἥλατο
570 1561 830 1630 σκιρτῶνο
861 1563 889 1614 6
910 1562 1038 1627 λαὸς
1066 1564 1124 1618 δὲ
1152 1563 1246 1617 τοῦ
1272 1553 1407 1618 Θεοῦ
1433 1567 1460 1619 6
1482 1565 1658 1636 ἅγιος,
1689 1567 1788 1640 τὴν

199 1648 322 1699 τῶν
344 1665 408 1701 συ
418 1649 627 1719 μὸόλων
644 1651 868 1707 ἐκόασιν
882 1653 1133 1724 ὁρῶντες,
1158 1656 1549 1729 εὐφρανθῶμεν
1565 1659 1786 1726 ἑνθὲως,

200 1739 292 1792 ὅτι
335 1741 533 1811 ἀνέστη
565 1744 800 1814 Χριστὸς
826 1745 901 1809 ὡς
933 1747 1356 1819 παντοδύναμος.

1655 370 2021 436 CARMINA.

206 466 546 536 διαπρυσίως
578 471 804 538 λεγοντα
827 486 840 500 ·
890 471 1134 542 Σήμερον
1169 473 1410 544 σωτηρία
1445 474 1522 545 τῷ
1561 476 1773 548 κόσμῳ,
1808 495 1854 545 Α
1883 495 2092 541 centem

3354 384 3460 449 842

2147 506 2159 542 :
2213 487 2385 545 Hodie
2432 489 2581 546 salus
2632 489 2864 555 mundo,
2915 487 3169 559 quoniam
3224 491 3460 544 surrexit

1882 577 2132 636 Christus
2161 589 2223 636 ut
2249 583 2616 651 omnipotens.

1955 668 2026 724 Ut
2055 670 2327 727 masculus
2353 673 2591 742 quidem,
2619 673 2867 742 aperiens
2891 673 3189 743 virgineum
3221 682 3457 734 uterum,

1887 762 2136 830 apparuit
2161 762 2413 820 Christus
2443 782 2458 820 :
2488 773 2549 819 ut
2580 764 2824 820 mortalis
2851 775 3051 829 autem,
3081 778 3251 834 agnus
3277 765 3457 834 appel-

1887 851 2030 908 latus
2057 864 2140 908 est
2169 873 2183 910 :
2217 855 2594 912 immaculatus
2625 864 2824 921 autem,
2855 866 2912 910 ut
2943 855 3078 911 labis
3106 869 3323 924 expers,
3357 869 3458 909 no-

1883 951 2054 998 strum
2105 945 2306 1002 Pascha
2353 963 2368 1004 :
2415 956 2471 1003 et
2519 956 2592 1003 ut
2629 949 2771 1004 Deus
2818 963 3014 1014 verus,
3059 946 3331 1010 perfectus
3377 947 3461 1002 di-

1885 1044 2003 1090 ειυς
2030 1044 2135 1092 881..

1956 1127 2000 1182 1]
2009 1137 2027 1182 ι
2047 1129 2328 1185 anniculus
2349 1145 2542 1198 agnus,
2566 1145 2684 1199 quat
2706 1130 3040 1186 benedicitur
3061 1129 3220 1186 nobis
3239 1143 3460 1191 corona.

1884 1215 2133 1272 Christus
2157 1225 2347 1286 sponte
2371 1232 2467 1287 pro
2487 1219 2746 1274 omnibus
2769 1218 3104 1274 sacriﬁcatus
3125 1227 3227 1284 est,
3254 1217 3459 1274 Pascha

1885 1305 2264 1374 expiatorium,
2296 1315 2350 1361 et
2384 1321 2574 1362 rursus
2605 1322 2670 1362 ex
2705 1307 2955 1378 sepulcro
2991 1308 3273 1378 speciosus
3300 1308 3459 1378 justi—

1889 1393 1976 1449 tiae
2005 1394 2160 1450 nobis
2187 1396 2456 1466 splenduit
2485 1399 2581 1454 sol.

1959 1482 2052 1538 Dei
2100 1483 2260 1540 Pater
2294 1487 2508 1554 quidem
2554 1489 2718 1544 David
2763 1501 2888 1546 ante
2928 1490 3234 1546 umbrosam
3277 1507 3456 1546 arcam

1891 1573 2108 1630 saltavit
2141 1577 2450 1646 exsultans;
2487 1580 2714 1649 populus
2748 1590 2925 1636 autem
2964 1581 3055 1636 Dei
3093 1585 3311 1636 sanctus
3333 1625 3346 1648 ,
3381 1585 3458 1636 si-

1889 1683 2119 1738 gnorum
2145 1680 2396 1726 eventum
2422 1672 2686 1739 videntes,
2715 1671 2961 1728 laetemur
2982 1673 3180 1737 divine,
3208 1673 3461 1743 quoniam

1889 1761 2126 1826 surrexit
2153 1761 2403 1818 Christus
2432 1771 2493 1818 ut
2520 1764 2886 1833 omnipotens.

295 1831 678 1904 Ὀρθρίσωμεν
709 1835 906 1906 ὄρθρου
939 1836 1168 1906 βαθέως,
1195 1839 1291 1892 καὶ
1324 1840 1446 1893 ἀντὶ
1481 1840 1658 1911 μύρου
1693 1840 1784 1895 τὸν

1962 1850 2258 1921 Vigilemus
2286 1865 2442 1906 mane
2470 1826 2754 1918 profunde,
2784 1860 2839 1907 et
2871 1866 2968 1921 pro
3000 1860 3274 1919 unguento
3312 1852 3465 1921 Itym-

205 1921 390 1992 ὕμνον
430 1925 807 1995 προσοίσωμεν
832 1927 910 1998 τῷ
942 1929 1215 2002 Δεσπότῃ,
1256 1931 1352 1984 καὶ
1383 1931 1618 2003 Χριστὸν
1643 1930 1789 2002 ὀψώ-

208 2015 384 2082 μεθα,
412 2017 757 2089 δικαιοσύνης
788 2020 1124 2090 ἥλιον,’πᾶσι
1151 2021 1298 2095 ζωὴν
1326 2023 1710 2077 ἀνατέλλοντα.

283 2105 403 2173 Τὴν
444 2105 680 2178 ἄμετρόν
723 2125 816 2160 σου
858 2110 1262 2180 εὐσπλαγχνίαν
1291 2113 1341 2165 oi
1378 2116 1501 2176 ταῖς
1535 2112 1630 2166 τοῦ
1664 2112 1791 2184 ᾅδου

211 2198 439 2264 σειραῖς
503 2199 888 2270 συνεχόμενοι,
955 2200 1303 2273 δεδορκότες,
1365 2203 1504 2274 πρὸς
1565 2203 1626 2256 τὸ
1679 2203 1794 2270 φῶς

209 2287 516 2356 ἠπείγοντο
536 2328 551 2353 ,
581 2291 783 2361 Χριστὲ
811 2331 826 2357 ,
873 2293 1228 2365 ἀγαλλομένῳ
1262 2294 1406 2358 ποδὶ,
1441 2294 1633 2366 Πάσχα
1665 2312 1792 2365 κρο-

211 2379 447 2443 τοῦντες
469 2381 707 2438 αἰώνιον.

287 2471 689 2541 Προσέλθωμεν
728 2474 1148 2546 λαμπαδηφόροι
1175 2476 1252 2548 τῷ
1283 2478 1529 2549 προιόντι
1570 2477 1792 2549 Χριστῷ

211 2561 284 2612 ἑκ
341 2560 438 2613 τοῦ
483 2562 762 2632 μνήματος
790 2603 806 2626 ,
849 2563 925 2628 ὡς
981 2565 1234 2636 νυμφίῳ,
1289 2567 1385 2620 καὶ
1435 2567 1801 2638 συνεορτάσω-

217 2667 328 2720 μεν
382 2653 503 2714 ταῖς
571 2652 877 2724 φιλεόρτοις
928 2654 1158 2722 τάξεσι,
1219 2657 1410 2727 Πάσχα
1467 2656 1796 2727 κροτοῦντες

213 2757 476 2795 αιωνιον.

291 2834 585 2905 Κατῆλθες
612 2837 670 2889 ἑν
700 2837 812 2900 τοῖς
840 2837 1174 2902 κατωτάτοις
1220 2839 1318 2909 τῆς
1367 2840 1472 2910 γῆς
1518 2842 1613 2895 καὶ
1643 2838 1800 2892 συνέ-

214 2923 429 2992 τριψας
462 2923 690 2993 μοχλοὺς
719 2926 993 2993 αἰωνίους,
1025 2927 1291 2996 κατόχους
1313 2967 1328 2990 ,
1365 2928 1802 2999 πεπεδημένους,

213 3013 437 3081 Χριστὲ
461 3054 474 3076 ,
508 3014 602 3067 καὶ
634 3017 932 3086 τριήμερος
957 3054 974 3080 ,
1004 3015 1080 3080 ὡς
1109 3017 1174 3070 ἑκ
1203 3019 1402 3089 κήτους
1443 3019 1649 3084 Ἰωνᾶς,
1683 3018 1807 3087 ἑξα-

215 3106 430 3173 νέστης
457 3104 549 3156 τοῦ
575 3105 772 3174 τάφου.

1890 1957 2016 1996 num
2051 1941 2340 2002 alieramus
2375 1943 2633 2008 Domino,
2667 1951 2722 1999 et
2751 1942 3028 1998 Christum
3063 1943 3340 1997 videamus
3369 1940 3461 2010 jn-

1897 2030 2059 2085 stitize
2088 2031 2278 2096 solem,
2307 2031 2556 2086 omnibus
2580 2031 2746 2085 vitam
2773 2034 3128 2087 exorientem.

1964 2122 2096 2178 Cum
2136 2123 2455 2177 immensam
2496 2131 2640 2176 tuam
2676 2122 3099 2176 misericordiam
3137 2121 3229 2190 qui
3265 2121 3460 2176 inferni

1893 2215 2098 2268 catenis
2127 2213 2404 2268 constricti
2431 2221 2607 2278 erant,
2637 2213 3066 2281 conspexissent,
3097 2212 3148 2266 in
3181 2212 3354 2267 lucem
3385 2211 3463 2265 fe-

1896 2301 2186 2366 stinabant,
2207 2301 2443 2366 Christe,
2467 2302 2758 2357 exsultanti
2783 2302 2937 2369 pede,
2962 2300 3164 2357 Pascha
3207 2302 3466 2371 plauden-

1897 2403 1978 2450 tes
2004 2404 2285 2449 aeternum.

1967 2485 2305 2540 Accedamus
2346 2484 2493 2540 fares
2530 2484 2762 2541 ferentes
2801 2484 3106 2539 advenienti
3147 2483 3366 2539 Christo
3401 2495 3468 2535 ex

1901 2587 2272 2638 munumento,
2301 2586 2360 2630 ut
2389 2593 2588 2646 sponso
2617 2595 2629 2631 :
2659 2587 2712 2632 et
2744 2593 2844 2630 nna
2876 2578 3068 2632 festum
3099 2589 3320 2646 agamus
3347 2588 3472 2630 cum

1904 2667 2111 2723 festivis
2136 2669 2436 2736 ordinibus,
2464 2668 2668 2724 Pascha
2702 2669 3018 2739 plaudentes
3047 2680 3332 2723 aeternum.

1979 2845 2308 2902 Descendisti
2345 2846 2398 2900 in
2435 2845 2616 2900 infima
2651 2853 2839 2909 teme,
2870 2855 2924 2900 et
2959 2841 3260 2896 contrivisti
3294 2849 3476 2896 vectes

1905 2951 2097 3003 aereos,
2123 2938 2310 3008 eisque
2336 2938 2584 2994 detentus
2611 2937 2898 3006 expedisti,
2925 2935 3162 2998 Christe,
3189 2943 3243 2989 et
3270 2933 3476 2988 tridua-

1907 3044 2031 3096 nus,
2061 3039 2118 3084 ut
2145 3047 2209 3086 ex
2241 3041 2357 3087 cete
2385 3031 2572 3097 Jonas,
2603 3029 2962 3086 exsurrexisti
2994 3043 3024 3082 e
3059 3027 3342 3095 sepulcro.

291 3166 551 3259 Φυλάξας
575 3196 642 3250 τὰ
660 3166 957 3269 ’σήμαντρα
984 3197 1118 3264 σῶα,
1137 3198 1362 3271 Χριστὲ.
1387 3198 1690 3272 ἑξηγέρθης
1705 3199 1800 3256 τοῦ

1980 3205 2223 3262 Servatis
2251 3206 2418 3276 signis
2443 3206 2757 3274 sospitibus,
2783 3204 3021 3268 Christe,
3044 3203 3339 3259 suscitatus
3364 3214 3424 3256 es
3449 3215 3481 3255 e

217 3289 430 3358 τάφου·
471 3285 528 3340 '0
554 3287 651 3350 τὰς
676 3287 821 3352 κλεῖς
849 3289 949 3358 τῆς
990 3290 1267 3360 Παρθένου
1318 3291 1391 3360 μὴ
1423 3291 1806 3362 λυμηνάμενος

143 3390 146 3394 ’
219 3379 282 3431 ἑν
311 3376 397 3447 τῷ
439 3376 582 3448 τόκῳ
616 3395 710 3432 σου
739 3421 754 3445 ,
787 3379 881 3434 καὶ
909 3379 1152 3450 ὴνέῳξας
1187 3381 1320 3449 ἡμῖν
1348 3381 1678 3452 παραδείσου
1707 3381 1806 3445 τὰς

220 3466 438 3530 πύλας.

297 3559 497 3631 Σῶτέρ
528 3577 631 3630 μου
656 3598 672 3624 ,
714 3558 777 3612 τὸ
820 3557 928 3623 ζῶν
957 3575 1038 3624 τε,
1081 3560 1176 3613 καὶ
1220 3559 1418 3616 ἄθυτον
1451 3563 1652 3633 ἱερεῖον
1677 3603 1692 3628 ,
1733 3561 1809 3626 ὡς

222 3652 374 3715 Θεὸς
404 3651 596 3704 ἑαυτὸν
640 3650 903 3714 ἑκουσίως
945 3650 1313 3723 προσαγαγὼν
1337 3652 1414 3723 τῷ
1447 3655 1644 3725 Πατρὶ,
1683 3670 1810 3707 συν-

224 3745 552 3812 ανέστησας
598 3745 844 3812 παγγενῆ
907 3741 1000 3796 τὸν
1066 3742 1277 3814 Ἀδάμ,
1315 3746 1558 3811 ἀναστὰς
1603 3747 1668 3800 ἑκ
1716 3745 1811 3799 τοῦ

223 3835 441 3904 τάφου.

316 3928 386 3980 Ὃ
419 3925 614 3988 παῖδας
655 3926 719 3978 ἑκ
760 3925 990 3996 καμίνου
1044 3926 1347 3998 ῥυσάμενος
1383 3929 1674 4000 γενόμενος
1717 3930 1814 3984 ἀν-

229 4015 491 4086 θρωπος,
524 4014 720 4086 πάσχει
747 4015 822 4078 ὡς
850 4016 1063 4086 θνητὸς,
1098 4017 1194 4070 καὶ
1225 4018 1312 4071 διὰ
1344 4018 1570 4084 πάθους,
1603 4021 1665 4073 τὸ
1685 4020 1815 4092 θνη-

229 4109 333 4158 τὸν
363 4103 675 4174 ἀφθαρσίας
702 4104 876 4158 ἐνδύει
903 4105 1258 4176 εὐπρέπειαν,
1289 4107 1318 4158 6
1349 4108 1506 4177 μόνος
1531 4109 1818 4179 εὐλογητὸς

230 4196 356 4250 τῶν
385 4196 640 4266 πατέρων
673 4196 824 4260 Θεὸς,
853 4199 946 4250 καὶ
979 4198 1353 4270 ὐπερὲνδοξος.

312 4309 586 4370 Γυναῖκες
615 4307 753 4378 μετὰ
784 4309 968 4380 μύρων
998 4309 1305 4380 θεόφρονες,
1337 4310 1513 4364 ὀπίσω
1543 4328 1634 4364 σου
1661 4311 1822 4381 ἔδρα·

239 4415 377 4471 μονο
409 4398 471 4452 ὃν
495 4399 553 4451 δὲ
577 4399 650 4462 ὡς
679 4398 869 4470 θνητὸν
911 4400 1048 4469 μετὰ
1090 4401 1344 4472 δακρύων
1379 4401 1604 4472 ἐζήτουν
1641 4419 1819 4474 προσ-

1910 3299 2178 3368 sepulcro.
2207 3298 2306 3365 Qui
2343 3298 2523 3353 claves
2550 3295 2782 3366 Virginis
2817 3311 2923 3352 non
2957 3294 3228 3350 oﬂ‘endisti
3264 3293 3391 3348 dum
3428 3298 3482 3347 te

1911 3390 2139 3462 peperit,
2169 3398 2225 3444 et
2253 3389 2508 3445 reserasti
2542 3389 2699 3444 nobis
2731 3388 2965 3458 paradisi
3000 3398 3208 3456 portas.

1987 3566 2235 3627 Salvator
2263 3581 2440 3632 meus,
2473 3565 2797 3635 viveusqne,
2829 3579 2931 3620 nec
2966 3571 3198 3619 mactata
3227 3563 3479 3629 victima,

1915 3668 1974 3714 ut
2006 3658 2169 3724 Deus,
2205 3660 2440 3728 seipsum
2475 3669 2665 3726 sponte
2696 3657 2929 3713 oﬂ'erens
2960 3655 3129 3720 Patri,
3162 3672 3266 3710 una
3302 3657 3479 3713 susci-

1919 3751 2041 3806 tasti
2071 3751 2414 3820 omnigenum
2447 3748 2637 3812 Adam,
2669 3762 2897 3816 surgens
2927 3761 2958 3802 e
2987 3747 3262 3816 sepulcro.

1989 3927 2091 3993 Qui
2122 3939 2317 3995 pueros
2344 3939 2374 3977 e
2406 3921 2622 3977 fornace
2650 3920 2926 3985 liberavit,
2959 3919 3142 3976 factus
3170 3919 3363 3982 homo,
3395 3933 3491 3987 pa-

1925 4019 2054 4073 titur
2085 4027 2142 4071 ut
2176 4014 2419 4070 mortalis
2453 4031 2466 4068 :
2503 4023 2556 4069 et
2592 4028 2690 4082 per
2724 4013 3051 4082 passionem,
3083 4011 3227 4081 quod
3260 4009 3490 4066 mortale

1923 4118 2058 4172 erat,
2083 4106 2502 4176 incorruptiouis
2528 4105 2716 4160 vestiit
2741 4105 2935 4160 decore
2962 4121 2976 4158 :
3002 4102 3151 4158 solus
3176 4101 3491 4158 benedictus

1925 4209 2134 4272 patrum
2170 4198 2330 4262 Deus,
2358 4209 2413 4252 et
2440 4195 2882 4267 gloriosissimus.

1995 4311 2163 4384 686
2197 4309 2446 4365 Mulieres
2475 4309 2577 4377 piae
2604 4322 2726 4362 cum
2760 4306 3048 4375 unguentis
3074 4315 3194 4376 post
3226 4317 3278 4362 te
3307 4321 3497 4361 accur-

1931 4411 2119 4458 rerunt
2162 4419 2176 4455 :
2221 4415 2381 4470 quem
2425 4405 2603 4452 autem
2651 4409 2712 4451 ut
2755 4395 3036 4451 mortalem
3077 4409 3198 4451 cum
3242 4394 3498 4467 lacrymis

238 4489 532 4558 εκύνησαν
601 4489 886 4560 χαίρουσαι
951 4489 1131 4555 ζῶντα
1174 4491 1329 4548 Θεόν.
1379 4493 1492 4547 Καὶ
1539 4495 1733 4564 Πάσχα
1763 4493 1807 4548 τί

1932 4493 2272 4563 quaerebant,
2305 4491 2606 4559 adorarunt,
2628 4487 2958 4558 gaudentes,
2988 4485 3259 4541 viventem
3289 4484 3497 4544 Deum,

244 4584 522 4654 μυστικὸν
557 4588 670 4647 τοῖς
700 4583 937 4655 Χριστοῦ
971 4585 1243 4655 μαθηταῖς
1273 4587 1718 4656 εὐηγγελίσαντο.

321 4759 577 4814 Θανάτου
605 4762 950 4832 ἑορτάσωμεν
975 4761 1263 4831 νέκρωσιν,
1292 4760 1418 4831 ᾅδου
1447 4760 1544 4831 τὴν
1575 4760 1834 4830 καθαίρε-

246 4869 372 4916 σιν,
412 4852 579 4922 ἄλλης
621 4852 804 4922 βιοτῆς
833 4853 931 4923 τῆς
966 4853 1186 4907 αἰωνίου
1222 4852 1476 4922 ἀπαρχῆς
1498 4892 1514 4913 ,
1557 4852 1650 4905 καὶ
1680 4868 1836 4921 σκιρ-

244 4944 468 5005 τῶντες
494 4942 752 5012 ὑμνῶμεν
780 4943 870 4995 τὸν
893 4943 1089 5006 αἴτιον,
1117 4944 1208 4995 τὸν
1230 4944 1387 5012 μόνον
1409 4941 1699 5012 εὐλογητὸν
1726 4941 1836 4995 τῶν

249 5035 521 5106 πατέρων
551 5035 684 5087 Θεὸν
718 5036 811 5087 καὶ
849 5035 1219 5104 ὐπερένδοξον.

347 5127 439 5189 Ὠς
467 5127 634 5189 ὅντως
656 5126 776 5198 ἱερά
802 5128 895 5180 καὶ
917 5128 1210 5197 πανὲορτος
1227 5127 1363 5195 αὐτη
1387 5126 1414 5177 6
1436 5125 1700 5195 σωτήριος
1721 5123 1837 5190 νὺξ,

253 5219 367 5272 καὶ
396 5218 716 5286 φωταυγὴς,
752 5218 850 5286 τῆς
879 5216 1273 5286 λαμπροφόρου
1304 5215 1515 5285 ἡμέρας
1542 5215 1638 5284 τῆς
1683 5216 1842 5286 ἐγέρ-

258 5324 412 5368 σεως
439 5302 576 5358 οὖσα
599 5305 959 5374 προάγγελος,
999 5305 1058 5356 ὲν
1104 5298 1137 5377 ᾗ
1170 5304 1229 5357 τὸ
1261 5303 1487 5373 ἄχρονον
1520 5302 1635 5370 φῶς
1660 5305 1724 5356 ἑκ
1749 5305 1844 5358 τά·

258 5414 378 5467 φου
411 5396 741 5466 σωματικῶς
777 5398 939 5449 πᾶσιν
971 5393 1305 5464 ἐπέλαμψεν.

342 5486 498 5557 Αὐτη
521 5489 553 5556 ὴ
590 5486 761 5556 κλητὴ
792 5487 884 5539 καὶ
906 5487 1035 5553 ἁγία
1061 5486 1263 5556 ἡμέρα,
1291 5487 1324 5556 ἡ
1367 5486 1466 5555 μία
1490 5486 1601 5539 τῶν
1629 5485 1844 5539 Σαϐϐά-

263 5595 413 5642 των,
452 5579 486 5648 ὴ
527 5577 739 5648 βασιλὶς
771 5578 865 5630 καὶ
896 5577 1062 5648 κυρία
1083 5617 1098 5642 ,
1150 5575 1352 5646 ἑορτῶν
1381 5577 1543 5647 ἑορτὴ
1564 5617 1578 5642 ,
1611 5579 1706 5631 καὶ
1744 5595 1848 5631 παο

263 5668 510 5740 νὴγυρίς
539 5669 658 5721 ἐστὶ
689 5667 1072 5740 πανηγύρεων,
1104 5669 1163 5722 ὲν
1260 5667 1589 5738 εὐλογοῦμεν
1613 5669 1848 5740 Χριστὸν

265 5763 362 5824 εἰς
397 5760 519 5824 τούς
539 5761 760 5821 αἰῶνας.
811 5807 820 5812 .

583 5849 859 5908 ΡΑτιιοι..
907 5845 1025 5909 Cn.
1068 5841 1286 5906 XCVI.

1929 4595 1984 4640 et
2018 4583 2228 4638 Pascha
2265 4595 2523 4636 arcanum
2559 4577 2760 4634 Christi
2797 4577 3075 4647 discipulis
3111 4577 3250 4633 bene
3283 4575 3500 4630 nuntia-

1927 4684 2073 4731 l'llltl.

2000 4765 2188 4820 Mortis
2235 4763 2566 4819 celebremus
2617 4760 3118 4822 mortificationem,
3163 4757 3360 4811 inferni
3411 4755 3504 4810 de-

1934 4859 2316 4918 structionem,
2349 4854 2572 4907 alterius
2597 4854 2720 4907 vita:
2750 4852 3094 4920 sempiterna:
3121 4849 3422 4917 primitias;
3451 4855 3506 4900 et

1935 4941 2189 4996 salientes
2229 4951 2508 4995 cantemus
2552 4949 2830 4994 auctorem
2881 4955 2895 4992 :
2945 4939 3116 4991 solum
3161 4935 3503 4989 benedictum

1937 5031 2150 5086 Patrem
2187 5032 2374 5092 Deum,
2408 5039 2464 5085 et
2494 5029 2974 5100 snpergloriosum.

2007 5124 2176 5190 Quam
2205 5137 2329 5176 vere
2356 5136 2512 5177 sacra
2537 5131 2592 5175 et
2617 5127 2724 5175 tota
2755 5121 2945 5174 festiva
2976 5120 3090 5173 haec
3120 5116 3376 5173 salutaris
3403 5131 3504 5168 nox

1940 5224 1996 5269 et
2017 5214 2216 5278 lucida,
2239 5213 2658 5284 splendiscentis
2680 5211 2784 5266 diei
2809 5209 3221 5266 resurrectionis
3240 5206 3508 5273 exsistens

1944 5307 2264 5376 praenuntia,
2295 5306 2349 5360 in
2377 5320 2482 5375 qua
2513 5304 2768 5372 temporis
2789 5302 3180 5372 exsorslumen
3206 5315 3237 5354 e
3262 5299 3508 5369 sepulcro

1944 5397 2293 5465 corporaliter
2319 5397 2569 5451 omnibus
2597 5393 2813 5450 eiiulsit.

1989 5473 2142 5543 'iluac
2167 5499 2354 5543 vocata
2384 5497 2468 5542 est
2499 5496 2684 5542 sancta
2715 5487 2852 5552 dies,
2880 5499 2984 5539 una
3014 5483 3396 5545 Sabbatorum,
3426 5495 3509 5533 re-

1947 5579 2070 5650 gina
2099 5587 2152 5633 et
2181 5579 2396 5633 domina
2431 5593 2444 5631 :
2479 5577 2883 5633 solemnitatum
2915 5574 3249 5638 solemnitas,
3280 5581 3334 5627 et
3364 5569 3509 5626 cele-

1949 5671 2119 5725 britas
2153 5678 2236 5724 est
2271 5668 2674 5735 celebritatum,
2713 5667 2765 5723 in
2802 5683 2907 5738 qua
2945 5665 3314 5723 benedicimus
3349 5661 3510 5717 Chri-

1950 5770 2092 5816 stum
2128 5775 2224 5816 ner
2255 5758 2470 5816 saecula.

3133 5849 3216 5914 27
