4070 6448
626 377 730 439 813

629 585 750 621 nem
795 571 846 623 in
890 570 1084 638 insigni
1126 571 1214 624 die
1259 572 1691 634 resurrectionis,
1733 589 1952 642 regnum
1992 575 2192 628 Christi

625 661 1030 730 participemus,
1060 662 1340 718 laudantes
1370 663 1542 732 ipsum
1572 675 1646 717 uti
1660 663 1822 718 Deum
1851 681 1948 734 per
1973 666 2192 720 saacula.

695 865 831 918 Leva
863 866 1212 920 circumcirca
1241 867 1423 920 oculos
1453 875 1594 931 tuos,
1622 867 1773 932 Sion,
1797 879 1851 922 et
1878 870 1999 923 vide
2027 889 2040 924 :
2070 885 2195 924 ecce

624 959 768 1008 enim
801 967 1062 1010 venerunt
1097 957 1188 1010 lihi
1226 958 1404 1012 divina
1443 959 1558 1014 luce
1597 962 1835 1029 przediti,
1869 962 2011 1015 velut
2048 962 2195 1017 faces

628 1050 693 1100 ah
721 1063 940 1111 occasu,
969 1059 1022 1102 et
1050 1049 1318 1117 aquilone,
1347 1059 1401 1103 et
1433 1051 1590 1114 mari,
1624 1061 1678 1104 et
1706 1055 1936 1117 oriente,
1967 1053 2058 1107 lilii
2093 1055 2190 1117 tui,

629 1139 680 1190 in
717 1149 767 1191 te
799 1139 1172 1194 henediceutes
1200 1141 1471 1194 Christum
1506 1157 1600 1210 per
1628 1145 1846 1196 smcula.

698 1226 855 1280 Pater
878 1227 1241 1296 omnipotens,
1273 1240 1327 1282 et
1351 1227 1608 1291 Verbum,
1636 1240 1688 1282 et
1718 1229 1974 1298 Spiritus,
2005 1247 2108 1284 una
2143 1232 2192 1284 in

632 1318 804 1372 tribus
834 1319 1079 1386 personis
1111 1320 1417 1374 consistens
1454 1331 1668 1381 natura,
1703 1320 1936 1372 essentia
1971 1329 2026 1374 et
2060 1320 2196 1373 divi-

633 1410 800 1463 nitate
832 1410 1029 1480 major;
1063 1410 1116 1464 in
1152 1419 1203 1464 te
1233 1412 1487 1479 Imptizati
1520 1425 1729 1475 sumus,
1759 1421 1810 1464 ct
1845 1420 1895 1465 te
1927 1412 2197 1466 benedici-

633 1513 753 1552 mus
782 1513 995 1568 semper
1021 1499 1073 1552 in
1104 1499 1343 1553 saecula;

701 1587 1037 1651 llluminare,
1080 1589 1414 1652 illuminare,
1455 1603 1590 1642 nova
1628 1587 1928 1643 Jerusalem
1974 1608 1987 1643 :
2029 1590 2194 1660 gloria

633 1680 776 1731 enim
814 1679 1022 1732 Domini
1061 1679 1113 1732 in
1153 1689 1203 1732 te
1237 1687 1353 1732 orta
1389 1688 1490 1732 est.
1529 1679 1677 1733 Salta
1711 1696 1852 1735 nunc
1884 1691 1935 1734 et
1966 1681 2196 1743 exsulta,

636 1768 764 1822 Sion
798 1787 811 1823 :
845 1779 898 1823 tu
933 1785 1058 1824 vero
1075 1779 1260 1824 sancta
1283 1769 1573 1835 delectare,
1599 1771 1846 1841 Deipara,
1884 1773 1935 1826 in
1967 1775 2197 1827 suscita-

637 1865 779 1916 tionc
807 1863 880 1915 tui
916 1862 1076 1916 fetus.

703 1955 748 2009 0
785 1955 1044 2021 divinant,
1082 1971 1114 2009 ο
1155 1957 1408 2022 amicam,
1445 1972 1478 2012 ο
1517 1959 1882 2013 dulcissimam
1925 1969 2068 2012 tuam
2113 1972 2200 2010 vo-

635 2062 750 2100 cem
783 2063 796 2100 :
828 2047 1102 2102 nobiscum
1134 2049 1281 2102 enim
1311 2049 1428 2102 sine
1456 2049 1736 2102 mendacio
1767 2049 2056 2116 promisisti
2093 2047 2207 2102 fore

636 2151 805 2204 usque
835 2138 901 2190 ad
935 2136 1070 2191 ﬁnes
1099 2137 1304 2202 saeculi,
1333 2139 1566 2202 Christe,
1593 2153 1752 2208 quam
1789 2139 1971 2193 ﬁdeles
2002 2142 2204 2192 ancho-

636 2241 752 2278 ram
785 2227 900 2295 spei
933 2236 1178 2280 tenentes
1207 2226 1563 2281 exsultamus.

705 2315 750 2368 Ο
790 2315 993 2369 Pascha
1039 2331 1291 2385 maguum
1337 2327 1392 2369 et
1439 2317 1866 2372 sacratissimum
1894 2317 2129 2381 Christe,
2175 2332 2208 2370 ο

637 2401 905 2469 sapientia
928 2442 942 2465 ,
975 2412 1028 2455 et
1059 2402 1287 2456 Verhum
1323 2403 1445 2466 Dei,
1481 2413 1534 2456 et
1563 2407 1798 2472 putentia
1831 2423 1842 2458 :
1875 2407 1938 2456 da
1971 2407 2125 2459 nobis
2153 2415 2209 2457 ut

636 2491 945 2558 expressius
993 2500 1044 2546 te
1088 2493 1505 2561 participcmus,
1553 2497 1602 2548 in
1654 2512 1756 2549 non
1807 2497 2206 2562 vesperasceuti

639 2581 787 2650 regni
826 2583 898 2636 tui
935 2584 1041 2638 die.

1253 2713 1595 2774 EIUSDEM

734 2827 798 2882 In
839 2830 1256 2900 Assumplionem
1298 2833 1510 2887 Domini
1548 2835 1713 2888 nostri
1746 2835 1872 2890 Jesu
1908 2835 2117 2890 Christi.

713 3033 980 3112 Salvatori
1029 3035 1155 3096 Deo.
1196 3037 1285 3105 qui
1334 3037 1387 3092 in
1435 3039 1568 3092 mari
1615 3040 1865 3108 populum
1916 3042 2074 3096 siccis
2122 3058 2212 3112 pe-

643 3126 800 3181 dibus
843 3111 1018 3192 duxit,
1065 3137 1121 3181 et
1163 3127 1498 3186 Pharaonem
1529 3146 1649 3186 cum
1681 3133 1931 3187 universo
1971 3111 2209 3188 exercitu

643 3215 900 3271 demersit

644 3318 730 3362 tus
760 3317 865 3364 est.

712 3399 1002 3465 Canamus,
1031 3414 1224 3454 omnes
1269 3400 1486 3470 populi,
1533 3401 1584 3454 in
1636 3401 1874 3457 humeris
1922 3402 2209 3458 Cherubim

644 3492 956 3547 ascendenti
993 3507 1114 3547 cum
1150 3491 1316 3562 gloria
1349 3492 1588 3559 Christo,
1623 3503 1677 3549 et
1709 3495 1991 3549 collocanti
2028 3511 2125 3549 nos
2161 3497 2210 3549 iu

644 3585 865 3638 dextera
893 3583 1092 3652 Patris,
1118 3584 1361 3640 victoriae
1389 3597 1632 3652 cantum,
1663 3587 1913 3655 quoniam
1944 3586 2232 3656 glorilica-.

648 3685 734 3729 tus
759 3685 863 3730 est.

718 3767 1069 3822 Mediatorem
1103 3769 1275 3822 Dei‘et
1303 3770 1584 3822 hominum
1607 3769 1907 3833 Christum,
1938 3769 2088 3822 chori
2121 3784 2217 3819 au-

648 3858 888 3924 gelorutn
927 3867 1236 3928 spectantes
1276 3874 1396 3913 cum
1438 3874 1602 3914 carne
1643 3861 1693 3912 in
1739 3861 1989 3922 excelsis,
2033 3860 2215 3913 obstu-

649 3948 960 4015 pescebant.
999 3947 1375 4003 Cotisonanter
1407 3960 1587 4003 autem
1627 3951 1937 4005 recinebant
1975 3951 2216 4006 victoria:

648 4047 889 4104 cantum,
920 4040 1176 4108 quoniam
1208 4039 1541 4114 gloriﬁcatus
1569 4050 1671 4095 est.

722 4127 966 4185 Potentia
1000 4129 1178 4185 crucis
1212 4129 1604 4196 tum,.Christe,
1643 4131 1813 4186 solida
1848 4146 2021 4186 meam
2061 4145 2216 4185 men-

653 4232 781 4285 tem,
807 4223 874 4274 ad
903 4221 1199 4276 canendum
1228 4232 1284 4277 et
1309 4222 1717 4291 gloriﬁcandum
1754 4235 1894 4277 tuam
1925 4223 2215 4278 salutarem

641 4315 1044 4368 ascensionem.

718 4405 884 4476 687
922 4404 1152 4462 Ordines
1181 4405 1515 4475 angelorum,
1543 4406 1774 4472 Christe,
1807 4407 2085 4460 mortalem
2120 4421 2218 4459 na-

1753 380 1811 437 S.
1854 378 2170 435 JOANN’IS
2213 379 2636 438 DAMASCENI

696 480 872 550 Agite,
906 493 1104 534 novum
1141 478 1268 534 vilis
1308 479 1565 542 fructum,
1601 482 1837 534 divinam
1875 485 2194 537 delectatio-
2225 495 2267 544 Α

3761 384 3847 444 \‘ii

2374 487 2536 538 Δεῦτε
2559 527 2572 550 ,
2609 487 2702 540 τοῦ
2745 488 2930 542 καινοῦ
2974 490 3068 560 τῆς
3099 491 3346 560 ἀμπέλου
3378 496 3731 564 γεννήματος,
3766 502 3849 568 τῆς

2301 578 2452 640 θείας
2486 579 2826 650 εὐφροσύνης
2853 619 2868 640 .
2904 582 2963 632 ἐν
3012 585 3076 652 τῇ
3120 583 3346 653 εῦσήμῳ
3375 586 3560 656 ἡμέρᾳ
3587 588 3684 656 τῆς
3715 591 3850 658 ὲῖέρ-

2303 687 2458 732 σεως.
2486 670 2761 738 βασιλείας
2787 671 2881 723 τοῦ
2909 671 3146 742 Χριστοῦ
3178 677 3620 746 κοινωνήσωμεν,
3645 678 3852 747 ὑμνοῦν-

2299 779 2390 824 τες
2419 762 2579 814 αὑτὸν
2602 762 2676 819 ὡς
2705 763 2837 815 Θεὸν
2870 765 2949 826 εἰς
2980 767 3106 827 τοὺς
3137 767 3358 830 αἰῶνας.

2369 847 2539 919 τΑρον
2572 850 2756 920 κύκλῳ
2788 852 2914 914 τοὺς
2946 853 3256 924 ὀφθαλμούς
3296 871 3392 906 σου
3424 855 3588 918 Σιὼν,
3623 857 3714 906 καὶ
3747 857 3812 908 ίδε
3840 875 3850 883 ·

2304 941 2410 993 ἰδοὺ
2445 941 2552 1010 γάρ
2596 941 2766 1010 ἥκασί
2799 958 2893 994 σου
2931 942 3281 1010 θεοφεγγεῖς.
3327 943 3404 1006 ὡς
3444 943 3763 1011 φωστῆρες,
3802 948 3854 996 ἐκ

2299 1031 2540 1102 δυσμῶν,
2602 1034 2694 1086 καὶ
2739 1033 2946 1104 βορρᾶ,
2992 1035 3086 1086 καὶ
3125 1035 3436 1103 θαλάσσης,
3487 1036 3583 1088 καὶ
3619 1036 3753 1098 trba;
3800 1042 3854 1089 τά

2300 1125 2466 1176 τέκνα
2497 1140 2616 1185 σου,
2646 1125 2704 1176 ἐν
2736 1123 2821 1176 σοὶ
2850 1124 3173 1191 εὐλογοῦντα
3207 1126 3438 1194 Χριστὸν
3476 1128 3555 1187 εἷς
3583 1126 3795 1187 αἰῶνας.

2377 1216 2557 1285 Πάτερ
2591 1216 2992 1286 παντοκράτορ,
3033 1218 3123 1268 καὶ
3153 1217 3314 1283 Λόγε,
3342 1219 3436 1269 καὶ
3467 1217 3714 1285 Πνεῦμα,
3753 1235 3853 1286 τρι-

2304 1306 2388 1358 σὶν
2420 1306 2706 1375 ἐνιζομένη
2748 1307 2807 1358 ὲν
2837 1307 3168 1359 ὑποστάσεσι
3200 1307 3358 1374 φύσις
3385 1347 3400 1369 ,
3436 1305 3730 1376 ὑπερούσιε
3777 1309 3859 1359 καὶ

2304 1397 2572 1468 ὑπέρθεε,
2610 1398 2690 1460 είς
2723 1397 2778 1450 σὲ
2815 1397 3229 1467 βεϐαπτίσμεθα
3253 1439 3266 1462 ,
3304 1401 3396 1450 καὶ
3436 1400 3495 1449 σὲ
3542 1398 3858 1467 εὐλογοῦμεν

2303 1490 2389 1542 ἀεὶ
2421 1491 2499 1552 είς
2524 1491 2646 1552 τοὺς
2676 1490 2895 1552 αἰῶνας.

2373 1577 2638 1641 Φωτίζου,
2677 1577 2911 1647 φωτίζον.)
2936 1581 2968 1648 ἡ
2998 1579 3093 1631 νέα
3132 1579 3510 1649 Ἰερουσαλὴμ’
3543 1581 3576 1649 ἡ
3610 1582 3713 1649 γὰρ
3743 1581 3855 1643 6631

2305 1669 2513 1740 Κυρίου
2545 1671 2636 1721 ἐπὶ
2691 1671 2748 1721 σὲ
2785 1670 3049 1722 ἀνέτειλε.
3098 1671 3302 1742 Χόρευε
3350 1671 3464 1734 νῦν,
3510 1673 3607 1723 καὶ
3645 1673 3857 1738 mam

2305 1759 2443 1812 Σιών
2465 1777 2478 1790 ο
2513 1761 2576 1812 σὺ
2605 1761 2658 1813 δὲ
2685 1761 2822 1832 ἁγνὴ
2847 1762 3048 1832 τέρπου
3077 1762 3326 1826 Θεοτόκε,
3353 1763 3412 1813 ἐν
3440 1765 3506 1832 τῇ
3537 1763 3753 1832 ὲγέρσει
3780 1763 3858 1815 τοῦ

2235 1849 2276 1903 Β
2304 1853 2462 1906 τόκου
2490 1871 2582 1906 σου
2594 1897 2606 1909 .

2373 1943 2437 1994 Ὢ
2464 1943 2635 2006 θείας,
2661 1943 2705 1995 ὣ
2736 1943 2918 2014 φίλης,
2948 1942 2993 1995 ὣ
3023 1943 3364 2016 γλυκυτάτης
3396 1964 3491 1999 σου
3526 1946 3732 2016 φωνῆς·
3758 1948 3861 2015 μεθ’

2304 2035 2460 2105 ἡμῶν
2486 2034 2729 2103 ἀψευδῶς
2753 2035 2862 2106 γάρ
2887 2036 3200 2106 ὲπηγγείλω
3229 2037 3450 2090 ἔσεσθαι
3481 2039 3647 2109 μέχρι
3673 2041 3862 2107 τερμά-

2303 2145 2411 2180 των
2445 2127 2666 2191 αἰῶνας,
2711 2127 2916 2198 Χριστὲ
2945 2167 2958 2191 ,
2995 2129 3062 2199 ἣν
3090 2131 3140 2181 οἱ
3173 2131 3354 2183 πιστοὶ
3384 2132 3637 2201 ἄγκυραν
3668 2132 3860 2193 ἐλπίδος

2305 2221 2644 2288 κατέχοντες,
2688 2219 3060 2290 ἀγαλλόμεθα.

2379 2312 2442 2362 Ὢ
2475 2312 2658 2381 πάσχα
2687 2313 2748 2363 τὸ
2785 2311 2928 2382 μέγα
2952 2354 2965 2374 ,
2997 2314 3094 2366 καὶ
3124 2313 3416 2384 ἱερώτατον
3451 2316 3493 2367 Χ
3506 2315 3679 2385 ριστὲ,
3705 2310 3750 2367 ὦ
3785 2332 3858 2366 σο-

2307 2401 2428 2470 φία,
2472 2402 2564 2454 καὶ
2610 2402 2749 2468 Λόγε
2781 2402 2875 2454 τοῦ
2907 2402 3044 2455 Θεοῦ
3075 2445 3089 2466 ,
3124 2405 3216 2458 καὶ
3244 2405 3505 2474 δύναμιςε
3542 2407 3696 2458 Δίδου
3745 2409 3854 2475 ἡμῖν

2306 2491 2681 2561 ὲκτυπώτερόν
2716 2509 2806 2544 σου
2841 2499 3148 2564 μετασχεῖν,
3182 2497 3239 2547 ὲν
3272 2499 3336 2565 τῇ
3369 2496 3662 2566 ἀνεσπέρῳ
3698 2499 3860 2564 ἡμέρα

2310 2585 2404 2652 τῆς
2437 2583 2711 2651 βασιλείας
2744 2600 2858 2636 σου.

2889 2723 3032 2776 ΤΟΥ
3058 2723 3304 2776 ΑΥΤΟΥ

2385 2838 2482 2899 ΕΙς
2511 2834 2624 2903 τὴν
2657 2833 2982 2956 ἀνάληψιὲ
2999 2833 3106 2887 τοῦ
3138 2833 3358 2914 [ςυρίου
3390 2831 3559 2902 ἡμῶν
3601 2831 3803 2898 Ἰησοῦ

2983 2920 3214 2956 οιστου.

2976 2920 3214 2972 ριστου.

2383 3039 2473 3109 Τῷ
2497 3041 2710 3110 Σωτῆρι
2741 3039 2878 3109 Θεῷ,
2912 3039 2990 3109 τῷ
3017 3041 3073 3093 ὲν
3102 3039 3346 3110 θαλάσσῃ
3375 3038 3504 3090 λαὸν
3529 3038 3691 3088 ποσὶν
3719 3036 3863 3106 ἁϐρὸς

2313 3148 2428 3200 χοις
2454 3132 2796 3201 ὁδηγήσαντι,
2824 3131 2917 3183 καὶ
2945 3131 3144 3200 Φαραὼ
3177 3130 3522 3200 πανστρατιᾷ
3551 3129 3863 3180 καταποντί-

947 3217 1109 3286 :-ipsi
1155 3217 1254 3272 soli
1303 3233 1594 3287 canamus,
1639 3222 1894 3290 quoniam
1942 3223 2209 3292 gloriﬁca-

2315 3240 2488 3286 σαντι,
2519 3222 2668 3292 αὑτῷ
2701 3222 2846 3292 μόνῳ
2872 3222 3114 3292 ᾷσωμεν,
3141 3221 3222 3274 ὃτι
3251 3219 3591 3284 δεδόξασται.

2385 3403 2637 3474 ’ᾼσωμεν
2693 3403 2895 3467 πάντες
2953 3402 3072 3456 λαοὶ
3121 3402 3198 3472 τῷ
3251 3403 3342 3456 ὲίτιλ⁵
3388 3402 3556 3472 ὤμων
3601 3401 3867 3473 Χερουϐὶμ.

2313 3493 2674 3562 ἀναληφθέντι
2717 3494 2854 3562 μετὰ
2898 3493 3056 3562 δόξης
3085 3492 3324 3563 Χριστῷ,
3356 3494 3451 3545 καὶ
3485 3493 3863 3558 συγκαθίσαντι

2314 3587 2460 3655 ἡμᾶς
2491 3587 2548 3638 ἐν
2585 3586 2737 3656 δεξιᾷ
2762 3585 2856 3639 τοῦ
2892 3585 3106 3656 Πατρὸς
3128 3628 3142 3650 ,
3172 3585 3315 3656 ᾠδὴν
3352 3584 3640 3650 ἐπινίκιον,
3683 3586 3767 3637 ὅτι
3797 3585 3866 3636 65-

2315 3674 2590 3738 δόξασται.

2386 3765 2488 3816 Τὸν
2526 3763 2750 3834 μεσίτην
2782 3760 2919 3814 Θεοῦ
2963 3762 3054 3815 καὶ
3093 3760 3398 3830 ἀνθρώπιον
3441 3763 3698 3832 Χριστὸν,
3738 3766 3868 3835 χοροὶ

2314 3856 2556 3923 ἀγγέλων
2597 3854 2923 3924 θεασάμενοι
2961 3854 3102 3924 μετὰ
3135 3853 3334 3923 σαρκὸς
3361 3854 3421 3904 ὲν
3465 3853 3743 3922 ὑψίστοις,
3772 3848 3870 3917 ἑξε-

2315 3947 2630 4016 πλήττοντο·
2667 3943 2973 4016 συμφώνως
3001 3945 3057 3997 δὲ
3077 3943 3381 4015 ἁνέμελπον
3407 3942 3574 4013 ὕμνον
3597 3945 3866 4002 ἐπινίκιον.

2315 4037 2396 4090 ὅτι
2423 4033 2753 4098 δεδόξασται.

2385 4127 2625 4194 Δυνάμει
2672 4125 2770 4178 τοῦ
2828 4123 3064 4197 σταυροῦ
3113 4142 3240 4189 σου,
3287 4126 3533 4196 Χριστὲ,
3586 4125 3868 4196 στερὲωσόν

2319 4237 2418 4290 μου
2449 4219 2546 4290 τὴν
2577 4219 2841 4283 διάνοιαν,
2866 4220 2946 4282 εἰς
2963 4216 3024 4270 τὸ
3053 4217 3243 4288 ὑμνεῖν
3275 4219 3370 4272 καὶ
3393 4218 3643 4282 δοξάζειν
3675 4235 3764 4270 σου
3785 4217 3868 4274 τὴν

2317 4312 2584 4383 σωτήριον
2621 4309 2910 4380 ἀνάληψιν.

2385 4404 2450 4455 Ai
2491 4403 2672 4468 τάξεις
2715 4402 2825 4454 τῶν
2861 4400 3130 4470 ἀγγέλων,
3173 4402 3398 4472 Χριστὲ,
3436 4403 3684 4473 βροτείαν
3727 4399 3867 4469 φύσιν

655 4505 827 4548 turatn
851 4495 1174 4564 spectantes,
1198 4512 1300 4550 una
1323 4498 1701 4552 ascendentem
1727 4507 1922 4562 tecum,
1945 4498 2209 4551 incessan-

2319 4495 2648 4565 θεασάμεναι
2703 4492 3056 4548 συνανιοῦσάν
3105 4510 3186 4548 σοι
3235 4493 3532 4557 ἀπαύστως
3587 4491 3867 4564 ἐκπληττό-

630 4595 738 4638 -ter
761 4585 1078 4640 adutirando
1106 4581 1498 4654 gloriﬁcabant.

723 4675 1008 4740 Exaudivi,
1056 4677 1303 4740 Domine,
1345 4677 1674 4731 auditionem
1723 4679 1972 4746 potentia:
2017 4679 2214 4740 crucis,

645 4765 794 4833 quod
835 4765 1112 4833 paradisus
1147 4775 1366 4834 apertus
1403 4767 1474 4821 sit
1502 4781 1598 4835 per
1633 4766 1826 4836 ipsam,
1856 4777 1909 4820 et
1937 4766 2160 4820 clamavi
2201 4786 2214 4819 :

651 4855 836 4909 Gloria
869 4856 1122 4925 potentia:
1153 4866 1279 4920 tuae,
1313 4857 1556 4913 Domine.

723 4949 1047 5016 Assumptus
1072 4963 1132 5003 es
1162 4949 1214 5002 in
1247 4949 1438 5018 gloria,
1471 4949 1781 5020 angelorum
1815 4967 1929 5016 rex,
1962 4951 2026 5004 ad
2060 4949 2218 5003 Para-

650 5040 848 5092 cleturn
875 5038 1033 5092 nobis
1059 5053 1088 5091 a
1116 5037 1272 5093 Patre
1299 5039 1639 5104 mittendum,
1665 5049 1722 5094 ut
1743 5045 2034 5096 clatnemus
2060 5059 2073 5094 :
2095 5040 2221 5094 Glo-

655 5133 731 5184 ria
767 5131 1018 5199 potentiae
1053 5140 1180 5195 tute,
1216 5130 1461 5186 Domine.

726 5224 796 5279 Ut
819 5227 1060 5281 ascendit
1086 5223 1337 5280 Salvator
1358 5226 1425 5280 ad
1453 5225 1666 5281 Patrem
1691 5241 1812 5280 cum
1841 5240 2024 5290 carne,
2051 5225 2219 5278 adrni-

656 5315 755 5367 rati
786 5326 910 5368 sunt
939 5315 1111 5384 ipsum
1134 5316 1445 5386 angelorum
1469 5317 1760 5380 exercitus,
1789 5324 1842 5370 et
1871 5315 2173 5369 elamarunt
2201 5335 2214 5370 :

656 5405 836 5459 Cloria
883 5408 1132 5474 potentia:
1169 5419 1291 5473 tuze,
1329 5409 1572 5462 Domine.

729 5498 988 5566 Supernae
1051 5509 1348 5568 potestates
1411 5501 1782 5570 superioribus
1846 5499 2215 5555 clamabant:

643 5589 847 5644 ‘Portas
879 5591 1110 5644 attollite
1140 5592 1356 5646 Christo
1390 5599 1574 5645 nostro
1610 5593 1749 5662 regi,
1785 5607 1944 5661 quem
1979 5592 2220 5646 concini-

658 5699 778 5738 nnts
807 5683 1250 5739 una-ctthalre
1275 5694 1329 5738 et
1356 5683 1580 5754 Spiritu.

733 5775 1024 5845 \‘igilantes
1063 5777 1131 5832 de
1151 5777 1287 5841 lucc,
1309 5778 1606 5833 clamamus
1635 5776 1752 5842 tibi,
1788 5775 2029 5843 Domine,
2063 5773 2220 5829 Salva

2321 4603 2497 4657 μεναι,
2533 4585 2794 4653 ἐδόξαζον.

2388 4680 2719 4750 Εἰσακήκοα,
2753 4680 2946 4748 Κύριε,
2973 4679 3073 4749 τὴν
3103 4677 3269 4747 ἀκοὴν
3295 4679 3395 4747 τῆς
3435 4676 3746 4738 δυναστείας
3779 4675 3865 4727 τοῦ

2319 4771 2586 4841 σταυροῦ,
2647 4771 2723 4832 ὡς
2781 4771 3107 4841 παράδεισος
3163 4770 3372 4838 ὴνοίγει
3427 4767 3497 4820 δι’
3540 4767 3726 4832 αὑτοῦ,
3782 4770 3866 4818 καὶ

2317 4860 2540 4928 ὲσόησαο
2563 4859 2696 4923 Δόξα
2717 4862 2783 4930 τῇ
2813 4860 3036 4930 δυνάμει
3067 4877 3184 4923 σου,
3221 4859 3415 4930 Κύριε.

2401 4951 2732 5022 Ἀνελήφθης
2769 4952 2826 5002 ὲν
2852 4951 2975 5020 δόξῃ
3004 4953 3033 5002 ὁ
3057 4950 3163 5003 τῶν
3207 4951 3460 5018 ἀγγέλων
3495 4949 3755 5019 βασιλεὺς,
3783 4946 3864 4997 τὶν

2322 5041 2672 5112 Παράκλητον
2718 5043 2846 5111 ἡμῖν
2888 5043 2951 5093 ὲκ
3004 5039 3096 5094 τοῦ
3144 5041 3359 5108 Πατρὸς
3407 5039 3738 5098 ἀποστεῖλαι,
3788 5035 3861 5086 ἵνα

2321 5133 2552 5206 βοῶμεν·
2582 5133 2717 5196 Δόξα
2746 5135 2811 5203 τῇ
2845 5132 3070 5202 δυνάμει
3105 5148 3221 5192 σου,
3251 5131 3448 5201 Κύριε.

2401 5224 2487 5287 Ὠς
2509 5223 2737 5294 ἀνῆλθεν
2766 5225 2793 5276 ό
2819 5223 3008 5293 Σωτὴρ
3035 5223 3170 5293 πρὸς
3202 5223 3292 5275 τὸν
3323 5222 3543 5293 Πατέρα
3573 5221 3663 5274 σὺν
3694 5219 3857 5288 σαρκὶ.

2320 5315 2743 5384 κατεπλάγησαν
2770 5313 2932 5367 αὑτὸν
2975 5315 3030 5367 αἱ
3063 5315 3170 5366 τῶν
3217 5312 3468 5382 ἀγγέλων
3497 5310 3750 5384 στρατιαὶ,
3778 5307 3860 5359 καὶ

2319 5409 2572 5478 ἐϐόησαν,
2601 5407 2738 5472 Δόξα
2763 5409 2829 5476 τῇ
2862 5405 3088 5475 δυνάμει
3113 5421 3229 5467 σου,
3257 5404 3449 5474 Κύριε.

2387 5501 2454 5552 Αἱ
2485 5498 2592 5552 τῶν
2622 5498 2734 5552 ἄνω
2767 5497 3043 5566 δυνάμεις,
3073 5499 3195 5558 ταῖς
3233 5495 3535 5565 άνωτέραις
3565 5494 3736 5546 ἐϐόων·
3759 5489 3851 5541 115-

2320 5589 2417 5652 λας
2449 5589 2615 5660 ἄρατε
2641 5586 2859 5656 Χριστῷ
2887 5586 2964 5655 τῷ
2990 5587 3240 5657 ἡμετέρῳ
3274 5585 3508 5655 βασιλεῖ,
3535 5586 3592 5639 δν
3621 5578 3857 5653 ἀνυμνοῦ-

2326 5699 2422 5752 μεν
2451 5681 2565 5749 ἅμα
2589 5680 2664 5748 τῷ
2700 5678 2890 5748 Haupt,
2916 5678 3009 5731 καὶ
3031 5675 3106 5747 τῷ
3133 5676 3429 5745 Πνεύματι.

2393 5773 2762 5842 ὀρθρίζοντες
2826 5769 3035 5838 βοῶμὲν
3085 5786 3165 5821 σοι
3215 5767 3385 5838 Κύριε
3414 5786 3429 5800 ο
3482 5769 3658 5820 Σῶσον
3699 5762 3850 5833 ἡμᾶς’
