4070 6454
165 387 277 448 845

1626 374 1829 435 CARM
1839 373 1990 433 INA.

3327 369 3430 432 846

171 501 240 550 σὺ
284 497 394 566 γὰρ
422 488 486 560 ,εἷ
531 491 660 554 Θεὸς
703 489 876 560 ἡμῶν,
920 487 1073 550 ἐκτός
1129 503 1222 539 σου
1269 485 1426 540 ἄλλον
1471 485 1570 538 οὐκ
1611 485 1754 538 οῖδα⁴

1875 498 1956 537 tos
1994 501 2008 536 :
2049 493 2100 533 ιιι
2138 482 2283 535 enim
2324 496 2379 534 es
2421 479 2558 534 Deus
2599 491 2812 544 noster;
2848 487 3000 532 extra
3035 486 3086 533 te
3122 476 3283 531 alium
3323 491 3426 530 non

173 603 294 655 μεν.

247 721 556 792 Πληρὼσας
610 715 948 789 εὐφροσύνης
1006 714 1076 768 τὰ
1135 713 1425 784 σύμπαντα
1480 712 1750 782 ἐλεήμων,

167 817 295 876 ταῖς
323 816 437 867 ἀνω
459 810 719 881 δυνάμεσι
759 807 898 881 μετὰ
918 807 1119 877 σαρκὸς
1147 805 1520 876 ἐπεδήμησας.

257 927 538 996 Ἀγγέλων
577 926 633 978 αἰ
665 924 923 994 δυνάμεις
967 921 1256 995 αἰρόμενόν
1300 937 1357 972 σε
1388 919 1622 983 ἰδοῦσαι,
1657 919 1753 982 τὰς

171 1018 758 1092 πύλας.ξέκραύγαζον.
787 1018 878 1088 Τῷ
905 1016 1114 1086 βασιλεῖ
1137 1014 1291 1085 ἡμῶν
1317 1014 1506 1084 ἄρατε.

257 1134 570 1189 Ἐκύκλωσέ
624 1150 689 1204 με
721 1132 977 1194 ἄϐυσσος,
1017 1130 1162 1200 ταφή
1200 1146 1289 1199 μοι
1336 1129 1396 1181 τὸ
1434 1129 1599 1199 κῆτος
1629 1126 1754 1196 ἐγέ-

171 1245 318 1292 νετο,
353 1227 464 1295 ἐγὼ
493 1225 550 1279 δὲ
588 1225 790 1295 ἐϐόησα
836 1222 974 1293 πρὸς
1012 1238 1072 1274 σε
1108 1220 1198 1273 τὸν
1229 1218 1632 1290 φιλάνθρωπον,
1662 1217 1756 1272 καὶ

171 1319 352 1372 ἔσωσέ
382 1335 452 1388 με
482 1319 513 1387 ἡ
546 1314 694 1380 δεξιά
723 1330 837 1379 σου,
872 1312 1065 1382 Κύριε.

257 1431 622 1503 Ἐσκίρτησαν
661 1427 971 1492 ἀπόστολοι,
1029 1426 1264 1496 ὁρῶντες
1318 1423 1609 1496 μετάρσιον
1655 1423 1754 1495 σή-

174 1543 352 1596 μερον
386 1525 475 1578 τὸν
505 1523 724 1592 κτίστην
757 1521 1074 1592 φερόμενον,
1109 1519 1285 1571 ἐλπίδι
1325 1516 1418 1570 τοῦ
1449 1516 1758 1587 πνεύματος

169 1620 273 1674 καὶ
312 1619 466 1690 φόϐῳ
501 1615 756 1689 ἔκραζονο
793 1613 931 1679 Δόξα
952 1614 1016 1683 τῇ
1046 1611 1217 1680 ἀνόδῳ
1253 1627 1368 1664 σου.

261 1733 606 1798 Ἐπέστησαν
633 1729 682 1781 οἱ
713 1726 936 1795 ἄγγελοι
967 1725 1221 1796 βοῶντες,
1253 1723 1481 1796 Χριστέ,
1514 1725 1626 1786 τοῖς
1656 1740 1757 1794 μα-

1855 576 2123 629 novimus.

1925 710 2156 778 Implens
2187 711 2366 763 laetitia
2403 712 2647 762 universa
2683 709 3019 769 misericors,
3048 707 3296 774 supernis
3329 721 3426 774 po~

1857 804 2037 856 tentiis
2073 818 2192 856 cttm
2229 818 2390 855 carne
2424 801 2796 871 peregrinatus
2827 815 2904 852 es.

1924 917 2248 985 Augelorum
2274 917 2524 984 potentia:
2554 915 2818 969 sublatum
2857 924 2905 965 te
2932 914 3173 967 videntes
3193 954 3205 977 ,
3242 913 3430 967 Pot-tas

1857 1007 2204 1079 (clamabant)
2238 1008 2364 1077 Regi
2397 1015 2579 1060 nostro
2609 1005 2859 1058 attollite.

1925 1121 2184 1176 Circuivit
2223 1135 2307 1174 me
2343 1119 2598 1189 abyssus,
2637 1117 2905 1186 sepultura
2946 1118 3074 1170 mibi
3108 1127 3226 1172 cete
3259 1118 3430 1172 exsti-

1858 1213 1957 1268 tit:
1983 1227 2080 1281 ego
2111 1223 2288 1267 autem
2318 1211 2541 1266 clamavi
2571 1211 2636 1263 ad
2669 1221 2716 1262 te
2744 1210 3213 1278 benignissimum,
3239 1220 3291 1264 et.
3318 1225 3434 1265 ser-

1859 1303 2003 1356 vavit
2035 1317 2119 1355 me
2148 1303 2369 1356 dextera
2407 1310 2517 1364 tua,
2551 1298 2794 1352 Domine.

1929 1415 2207 1472 Saltarunt
2233 1415 2482 1485 apostoli,
2509 1415 2755 1468 videntes
2782 1413 3066 1468 sublimem
3095 1415 3253 1469 hodie
3275 1429 3429 1469 crea-

1860 1515 2028 1559 torem
2076 1505 2242 1558 latum
2292 1523 2303 1558 :
2354 1519 2450 1573 spe
2493 1503 2714 1572 spiritus
2759 1513 2814 1556 et
2856 1503 3050 1558 timore
3089 1504 3426 1568 clamabant,

1857 1597 2039 1653 Gloria
2071 1597 2379 1654 ascensioni
2413 1607 2538 1652 tuae.

1927 1711 2233 1764 Astiterunt
2273 1709 2468 1778 angeli,
2514 1708 2835 1775 clamantes,
2877 1710 3117 1774 Christe,
3157 1709 3436 1780 discipulis

170 1827 374 1896 θηταῖς
398 1842 512 1878 σου·
527 1825 621 1876 Ὃν
640 1822 839 1891 τρόπον
861 1819 1105 1873 κατίδετε
1117 1817 1566 1888 Χριστὸνμέωυψού
1575 1834 1754 1887 μενον,

1875 1800 1966 1855 ,uis
1999 1814 2014 1854 :
2049 1800 2508 1866 Quemadmodum
2533 1799 2821 1868 spectastis
2839 1800 3114 1855 Christum
3147 1800 3431 1866 elevaluni,

169 1919 324 1990 οὕτω
359 1917 522 1988 σαρκί
548 1914 822 1967 ἐλεύσεται
846 1912 1054 1975 δίκαιος
1086 1913 1114 1964 ὁ
1143 1914 1362 1964 πάντων
1396 1911 1613 1982 κριτής.

261 2033 354 2093 Ὧς
381 2026 521 2082 εἶδόν
537 2045 620 2093 σε,
647 2026 837 2095 Σωτὴρ
858 2025 1036 2095 ἡμῶν,
1068 2024 1126 2077 αἰ
1151 2023 1537 2094 ἀνωδυνάμεις
1559 2023 1615 2075 ἐν
1637 2021 1758 2092 ὑψί-

176 2139 328 2184 στοις
374 2119 659 2190 αἰρόμενον
721 2117 1030 2186 σύσσωμον,
1077 2116 1136 2168 ἐν
1187 2114 1339 2186 φόϐῳ
1389 2111 1754 2185 ἐκραύγαζον·

175 2213 432 2282 Μεγάλη,
459 2212 722 2270 Δέσποτα,
749 2211 782 2279 ἡ
808 2207 1189 2276 φιλανθρωπία
1222 2224 1337 2260 σου.

263 2328 321 2379 '0
351 2327 408 2379 ἐν
441 2323 656 2394 καμίνῳ
687 2322 860 2393 πυρὸς
886 2322 1011 2384 τοὺς
1042 2321 1374 2390 ὑμνολόγους
1411 2319 1593 2383 σώσας
1627 2321 1756 2372 παῖ-

175 2419 296 2482 δας·
333 2416 635 2488 Εὐλογητὸς
661 2417 689 2468 ὁ
713 2414 843 2476 Θεὸς
865 2415 892 2466 ὁ
917 2413 1026 2464 τῶν
1057 2412 1307 2482 πατέρων
1330 2411 1510 2482 ἡμῶν.

265 2530 391 2584 Ἐπὶ
419 2528 528 2582 τῶν
579 2528 764 2597 ὤμων,
815 2523 1037 2595 Χριστέ,
1069 2523 1168 2594 τὴν
1201 2523 1570 2594 πλανηθεῖσαν
1621 2522 1758 2592 ἄρας

179 2620 370 2688 φύσιν,
393 2616 726 2688 ἀναληφθεὶς
751 2612 827 2684 τῷ
848 2611 968 2682 Θεῷ
995 2612 1088 2665 καὶ
1112 2612 1288 2684 Πατρί
1315 2613 1686 2682 προσήγαγες.

264 2736 326 2790 'O
381 2737 438 2788 ἐν
467 2733 666 2803 νεφέλῃ
700 2730 874 2801 φωτὸς
908 2728 1259 2800 ἀναληφθεὶς,
1309 2728 1405 2780 καὶ
1454 2725 1632 2790 σώσας
1662 2727 1755 2779 κόο

180 2842 347 2898 σμον·
376 2824 679 2894 Εὐλογητὸς
704 2825 730 2875 ὁ
756 2821 887 2883 Θεὸς
912 2820 940 2872 ὁ
970 2818 1078 2874 τῶν
1103 2817 1353 2888 πατέρων
1382 2816 1564 2887 ἡμῶν.

268 2942 328 2994 '0
370 2936 608 2994 ἀνελθὼν
647 2935 756 2990 ἀπὸ
780 2935 884 3005 γῆς
913 2933 1051 3005 πρὸς
1081 2931 1170 2985 τὸν
1204 2930 1492 3000 ἀσώματον
1517 2928 1756 2998 Πατέραο

176 3030 494 3100 Εὐλογητὸς
522 3032 550 3084 ὁ
577 3029 706 3115 βεὸς
727 3028 755 3080 ὁ
781 3027 891 3080 τῶν
919 3025 1170 3097 πατέρων
1196 3023 1376 3094 ἡμῶν.

259 3148 369 3200 Τὸν
414 3148 479 3199 ἐκ
512 3143 727 3212 Πατρὸς
755 3141 862 3212 πρὸ
903 3138 1116 3193 αἰώνων
1154 3135 1484 3207 γεννηθέντα
1513 3133 1641 3187 Υἰὸν
1669 3133 1762 3186 καὶ

180 3242 348 3305 Θεὸν,
383 3241 477 3294 καὶ
506 3239 592 3290 ἐπ’
638 3237 882 3307 ἐσχάτων
907 3234 1016 3287 τῶν
1042 3234 1250 3304 χρόνων
1277 3229 1655 3302 σαρκωθέντα,
1697 3231 1760 3281 ἐκ

181 3333 473 3405 Παρθένου
524 3330 728 3400 μητρὸς
757 3329 918 3398 ἱερεῖς
951 3327 1191 3396 ὑμνεῖτεο
1225 3322 1391 3388 Λαὸς,
1419 3321 1760 3393 ὑπερυψοῦτε

181 3429 270 3490 εἰς
302 3426 514 3486 πάντας
547 3423 673 3484 τοὺς
704 3419 925 3483 αἰῶνας.

260 3539 370 3593 Τὸν
391 3539 449 3590 ἐν
475 3534 590 3589 δυσί
618 3537 737 3598 ταῖς
763 3533 968 3596 οὐσίαις
989 3529 1303 3584 ἀναπτάντα
1339 3529 1608 3600 ζωοδότην
1631 3529 1764 3599 Χρι-

188 3633 319 3686 στὸν
352 3631 433 3693 εἰς
471 3627 733 3699 οὐρανοὺς
770 3623 906 3696 μετά
940 3622 1118 3694 δόξης,
1159 3621 1252 3676 καὶ
1288 3621 1462 3692 Πατρὶ
1503 3620 1767 3689 συγκαθε-

186 3723 446 3792 ζόμενον,
469 3718 886 3791 ἰερεῖςὺμνεῖτε·
905 3715 1069 3780 Λαὸς,
1095 3713 1436 3784 ὑπερυψοῦτε
1458 3715 1538 3778 εἰς
1561 3713 1768 3776 πάντας

184 3814 324 3876 τοὺς
354 3811 578 3873 αἰῶνας.

263 3929 375 3982 Τὸν
400 3927 466 3981 ἐκ
487 3926 729 3989 δουλείας
761 3925 858 3996 τὴν
889 3924 1065 3978 κτίσιν
1099 3922 1208 3977 τῶν
1235 3921 1468 3976 εἰδώλων
1493 3919 1781 3992 λυτρωσάο·

194 4039 387 4094 μενον,
415 4021 508 4074 καί⁵
548 4019 978 4091 παραστήσαντα
1005 4015 1210 4086 ταύτην
1235 4014 1526 4085 ἐλευθέραν
1548 4013 1625 4083 τῷ
1659 4013 1772 4082 ἰδίῳ

189 4113 410 4185 Πατρὶ,
445 4114 610 4184 ἱερεῖς
634 4112 874 4183 ὑμνεῖτεο
904 4109 1068 4173 Λαὸς,
1097 4107 1436 4178 ὑπερυψοῦτε
1467 4107 1546 4170 εἰς
1568 4104 1772 4168 πάντας

188 4205 326 4268 τοὺς
354 4202 579 4266 αἰῶνας.

268 4319 379 4370 Τὸν
396 4319 465 4388 τῇ
503 4313 669 4371 αὑτοῦ
701 4313 1003 4368 καταϐάσει
1034 4309 1332 4379 καθελόντα
1356 4307 1446 4361 τὸν
1483 4305 1774 4361 ἀντίπαλον

192 4409 296 4463 καὶ
322 4411 392 4478 τῇ
435 4405 601 4460 αὑτοῦ
636 4404 898 4460 ἀναϐάσει
938 4401 1296 4472 ἀνυψώσαντα
1333 4399 1427 4452 τὸν
1463 4396 1773 4470 ἄνθρωπον,

197 4501 393 4571 ἱερεῖς,
421 4498 663 4570 ὑμνεῖτε·
686 4496 851 4561 Λαὸς,
906 4491 1248 4564 ὑπερυψοῦτε
1292 4493 1372 4554 εἰς
1416 4488 1625 4552 πάντας
1647 4489 1775 4554 τοὺς

191 4587 428 4650 αἰῶνας.

273 4701 343 4753 Σὲ
369 4700 472 4770 τὴν
513 4697 654 4769 ὑπὲρ
678 4695 802 4751 νοῦν
827 4696 921 4750 καὶ
948 4693 1104 4764 λόγον
1128 4692 1359 4765 Μητέρα
1387 4693 1546 4760 Θεοῦ,
1580 4693 1681 4764 τὴν
1719 4692 1779 4744 ἐν

193 4793 384 4864 χρόνῳ
414 4791 507 4844 τὸν
554 4790 780 4860 ἄχρονον
819 4785 1117 4858 ἀφράστως
1162 4785 1469 4854 κυήσασαν,
1507 4784 1556 4838 οἰ
1597 4781 1780 4836 πιστοὶ

193 4903 524 4977 ὁμοφρόνως
554 4898 826 4972 μεγαλύνο
834 4916 952 4970 μεν.

272 5017 343 5069 Σὲ
373 5016 465 5069 τὸν
489 5014 768 5085 λυτρωτὴν
805 5011 900 5065 τοῦ
931 5012 1137 5082 κόσμου
1165 5010 1399 5083 Χριστὸν
1438 5009 1532 5062 τὸν
1555 5008 1686 5062 Θεὸν
1725 5010 1775 5062 οἰ

196 5104 492 5159 ἀπόστολοι
533 5103 821 5173 βλέποντες
849 5101 1048 5164 ἐνθέως
1077 5097 1401 5172 ὑψούμενον,
1440 5097 1578 5168 μετὰ
1626 5096 1779 5160 δέους

201 5197 558 5269 σκιρτῶντες,
590 5193 984 5266 μεγαλύνομεν.

274 5311 345 5363 Σέ
379 5309 473 5362 τὸν
510 5309 823 5362 καταϐάντα
850 5307 955 5371 ἕως
989 5306 1218 5377 ἐσχάτου
1251 5304 1350 5374 τῆς
1383 5303 1507 5374 γῆς,
1549 5302 1645 5356 καὶ
1685 5302 1782 5356 τὸν

202 5403 496 5472 ἄνθρωπον
545 5399 816 5463 σώσαντα,
869 5399 965 5452 καὶ
1001 5401 1068 5470 τῇ
1111 5396 1374 5451 ἀναϐάσει
1424 5411 1518 5448 σου
1563 5392 1781 5464 ἀνυψώ-

202 5509 380 5548 σαντα
405 5491 595 5544 τοῦτον
618 5489 1013 5561 μεγαλύνομεν.

275 5608 476 5676 Χαῖρε,
505 5605 756 5668 Θεοτόκε,
788 5604 960 5674 μῆτερ
991 5600 1228 5674 Χριστοῦ
1261 5599 1355 5654 τοῦ
1377 5599 1542 5653 Θεοῦ·
1585 5598 1644 5652 ὃν
1672 5597 1780 5668 γὰρ

200 5698 451 5767 ἑκῦησας
490 5697 728 5767 σήμερον
756 5698 819 5750 ἐκ
849 5696 948 5767 γῆς
977 5693 1364 5764 ἁνιπτάμενον,
1399 5692 1496 5745 σὺν
1521 5688 1776 5758 ἀγγέλοις

200 5789 392 5857 ὁρῶσα
422 5789 784 5857 ἐμεγάλυνας.

1856 1894 1934 1964 sic
1964 1906 2126 1947 carne
2155 1892 2331 1946 veniet
2360 1887 2542 1963 juStus
2571 1893 2812 1947 oumium
2838 1892 3024 1962 judex.

1928 2006 1999 2061 Ut
2033 2007 2288 2061 viderunt
2323 2015 2408 2072 te,
2442 2005 2692 2061 Salvator
2723 2018 2928 2074 noster,
2963 2024 3211 2078 superna:
3246 2019 3436 2078 poten-

1857 2097 1944 2150 tia’:
1986 2097 2036 2150 in
2083 2096 2310 2150 excelsis
2366 2096 2633 2151 sublatum
2663 2112 2782 2151 cum
2826 2113 3088 2165 corpore,
3153 2100 3204 2153 in
3246 2101 3440 2154 timete

1854 2187 2161 2242 clamabant
2192 2204 2204 2240 :
2237 2186 2458 2257 Magna,
2499 2186 2744 2254 Domine,
2782 2189 3084 2257 benignitas
3119 2199 3227 2242 tua.

1925 2297 2025 2365 Qui
2062 2298 2113 2352 in
2151 2295 2368 2354 fornace
2402 2297 2541 2368 ignis
2575 2306 2884 2352 cantatores
2918 2299 3151 2355 servavit
3182 2314 3378 2369 pueros
3407 2319 3419 2352 :

1857 2392 2178 2446 Benedictus
2208 2391 2350 2445 Deus
2381 2399 2591 2460 patrum
2626 2401 2954 2446 nostrorum.

1929 2507 1984 2560 In
2021 2505 2294 2568 humeris,
2329 2504 2576 2568 Christe,
2609 2515 2882 2559 errantem
2919 2506 3112 2561 tollens
3156 2517 3434 2573 naturam,

1857 2605 2168 2666 assumptus
2214 2610 2451 2659 sursum,
2485 2597 2591 2650 Deo
2622 2604 2676 2650 et
2707 2596 2850 2650 Patri
2887 2597 3179 2652 adduxisti.

1927 2710 2028 2777 Qui
2065 2712 2119 2765 in
2157 2709 2349 2764 nebula
2392 2710 2610 2764 luminis
2648 2725 2707 2764 es
2757 2720 3098 2780 assumptus,
3137 2721 3191 2766 et
3224 2712 3442 2769 salvasti

1861 2803 2125 2856 mundum
2159 2821 2171 2856 :
2207 2800 2530 2857 Benedictus
2561 2801 2700 2856 Deus
2730 2810 2939 2870 patrum
2972 2811 3299 2859 nostrorum.

1932 2919 2030 2984 Qui
2080 2915 2372 2972 ascendisti
2410 2930 2440 2970 e
2473 2924 2615 2969 terra
2648 2915 2712 2968 ad
2759 2914 3134 2984 incorporeum
3177 2917 3390 2975 Patrem
3423 2935 3438 2973 :

1864 3009 2187 3064 Benedictus
2223 3008 2365 3063 Deus
2403 3016 2615 3076 patrum
2652 3015 2990 3062 nostrorum.

1935 3125 2013 3178 Ex
2047 3123 2207 3178 Patre
2240 3131 2364 3178 ante
2395 3121 2590 3178 saecula
2622 3129 2808 3176 natum
2843 3119 3037 3175 Filiqu
3069 3132 3124 3175 et
3160 3123 3355 3188 Deum,
3389 3133 3446 3182 et

1868 3215 1922 3271 in
1948 3214 2154 3270 ultimis
2180 3215 2516 3283 temporibus
2546 3214 2890 3268 incarnatum
2919 3225 2983 3264 ex
3007 3211 3223 3282 Virgine
3250 3225 3442 3280 matre,

1867 3305 2195 3370 sacerdotes,
2234 3306 2415 3361 canite
2452 3323 2466 3360 :
2504 3306 2676 3375 plebs,
2701 3303 3104 3373 superexaltate
3139 3321 3235 3374 per
3267 3309 3444 3361 omnia

1869 3396 2087 3451 smcula.

1942 3510 1998 3567 ln
2023 3513 2228 3568 duabus
2247 3512 2566 3568 substantiis
2587 3512 2850 3569 volantem
2879 3513 3001 3568 vitae
3025 3512 3265 3565 datorem
3289 3509 3447 3564 Chri-

1875 3611 2016 3658 stum
2051 3603 2102 3658 in
2137 3603 2304 3659 caelos
2335 3619 2458 3659 cum
2493 3604 2662 3674 gloria
2698 3614 2755 3660 et
2791 3621 2910 3660 cum
2948 3603 3107 3658 Patre
3141 3603 3443 3667 sedentem,

1874 3693 2202 3760 sacerdotes,
2236 3693 2474 3761 laudate;
2507 3693 2677 3764 plebs,
2721 3692 3114 3762 superexaltate
3145 3706 3238 3760 per
3263 3689 3446 3745 omnia

1875 3784 2087 3841 saecula.

1945 3898 2048 3966 Qui
2077 3913 2109 3957 a
2137 3901 2398 3955 servitute
2429 3899 2690 3956 idolorum
2718 3907 3021 3955 creaturam
3048 3897 3241 3964 salvat,
3271 3905 3326 3951 et
3354 3911 3448 3966 po—

1877 3989 1957 4045 nit
1984 3989 2156 4058 ipsam
2184 3989 2408 4046 liberam
2440 3990 2578 4059 apud
2609 3991 2882 4060 proprium
2913 3989 3159 4052 Patrem,
3194 3989 3335 4043 hunc
3363 3985 3442 4041 sa-

1878 4082 2123 4137 cerdotes
2145 4081 2375 4147 laudate,
2406 4081 2990 4152 plebs,superexaltate
3019 4094 3115 4150 per
3138 4079 3318 4134 omnia
3350 4093 3448 4132 sa:-

1880 4175 2020 4231 cula.

1953 4290 2061 4344 Sua
2105 4291 2272 4360 ipsius
2310 4289 2658 4344 descensione
2700 4288 2791 4356 qui
2833 4285 3012 4340 obruit
3049 4284 3361 4347 inimicum,
3398 4292 3452 4336 et

1881 4383 2050 4456 688
2081 4399 2176 4437 sua
2205 4382 2370 4452 ipsius
2400 4382 2715 4435 ascensione
2743 4380 2834 4448 qui
2866 4377 3123 4433 exaltavit
3152 4377 3451 4440 hominem,

1885 4477 2046 4541 hunc,
2077 4475 2387 4531 sacerdotes
2407 4515 2422 4540 ,
2449 4472 2694 4535 laudate;
2730 4471 2901 4540 plebs,
2936 4469 3330 4538 superexaltate
3359 4482 3454 4536 per

1882 4569 2065 4622 omnia
2100 4566 2314 4621 saecula.

1953 4704 2030 4759 Te
2060 4717 2223 4773 supra
2257 4709 2493 4756 mentem
2527 4708 2584 4755 et
2621 4698 2883 4753 rationem
2920 4696 3140 4750 Matrem
3179 4696 3300 4757 Dei,
3335 4710 3456 4764 qua:

1884 4797 1937 4852 in
1969 4805 2210 4866 tempore
2242 4794 2494 4862 temporis
2522 4801 2790 4847 exsortem
2822 4787 3164 4844 ineli‘abiliter
3183 4787 3342 4842 enixa
3372 4803 3452 4851 es,

1883 4888 2069 4944 ﬁdeles
2095 4886 2414 4942 unanimiter
2439 4884 2863 4955 magniﬁcamus.

1954 5002 2031 5056 'l'e
2059 5001 2382 5056 salvatorem
2415 4997 2598 5052 mundi
2624 4995 2898 5050 Christum
2926 4993 3094 5047 Deum
3126 4991 3351 5060 apostoli
3377 5008 3456 5045 vn-

1885 5093 2072 5149 dentes
2099 5091 2357 5146 divinitus
2383 5089 2697 5151 exaltatum,
2725 5100 2846 5140 cum
2879 5085 3072 5139 timore
3097 5082 3454 5144 exsultantes,

1886 5184 2319 5255 magniﬁcamus.

1959 5300 2035 5356 Te
2065 5297 2476 5356 descendentem
2506 5306 2674 5361 usque
2704 5289 2769 5344 ad
2796 5296 3036 5344 extrema
3071 5295 3248 5349 terrae,
3278 5293 3331 5339 et
3367 5285 3460 5339 ho-

1888 5393 2086 5448 minem
2123 5389 2416 5446 salvantem
2440 5426 2454 5452 ,
2486 5392 2540 5438 et
2571 5381 2890 5439 ascensione
2923 5389 3010 5432 tua
3044 5375 3456 5445 superexaltan-

1888 5493 1994 5540 tem
2029 5484 2170 5538 hunc
2190 5520 2205 5546 ,
2236 5475 2659 5546 magniﬁcamus.

1956 5595 2329 5665 Ave,l)eipara
2359 5601 2527 5646 mater
2547 5587 2746 5644 Christi
2777 5585 2870 5640 Dei
2898 5603 2911 5640 :
2941 5599 3096 5654 quem
3125 5584 3268 5638 enim
3299 5593 3461 5651 pepe-

1891 5691 2006 5745 risti
2027 5733 2040 5754 ,
2074 5687 2232 5743 hodie
2260 5699 2323 5739 ex
2361 5692 2501 5737 terra
2531 5676 2964 5750 supravolantem
2997 5691 3115 5730 cum
3149 5669 3353 5744 angelis
3379 5670 3460 5726 vi-

1890 5782 2044 5840 dens.
2078 5773 2454 5838 tnagnilicasti.
