4070 6436
676 365 778 426 847

1305 473 1632 528 EIUSDEM

719 640 803 694 »Ινκ
836 635 1351 705 transﬁgurnlionem
1388 634 1596 686 Domini
1629 631 1793 684 nostri
1829 630 1950 682 lem
1972 626 2200 682 .C/trisu'.

1304 858 1642 914 Acroatichis.

753 1020 963 1090 Moyses
995 1017 1087 1071 Dei
1123 1017 1315 1071 faciem
1352 1018 1404 1070 in
1434 1016 1654 1071 Tltabor
1687 1017 1834 1069 vitlil.

757 1110 964 1180 Moyses
991 1110 1042 1162 in
1077 1109 1208 1162 mari
1245 1109 1556 1177 prophetiae
1585 1109 1928 1175 conspicatus
1954 1106 2007 1159 in
2045 1105 2258 1168 nebula,

685 1213 739 1255 et
771 1204 820 1255 in
852 1202 1099 1256 columna
1127 1201 1254 1254 olim
1289 1201 1428 1267 ignis
1458 1200 1680 1268 gloriam
1717 1197 1949 1260 Domini,
1981 1197 2258 1250 exclama-

689 1297 778 1350 bat
804 1314 817 1348 :
847 1295 1192 1362 Redemptori
1221 1303 1274 1348 et
1302 1293 1411 1347 Deo
1439 1303 1626 1346 nostro
1651 1307 1932 1345 canamus.

760 1385 828 1442 Ut
864 1395 1013 1455 petra
1051 1399 1280 1455 corpore
1313 1394 1585 1454 protecuts
1621 1382 1890 1447 deilicato,
1929 1381 2256 1435 iuvisibilem

687 1479 903 1533 intuens
931 1479 1144 1549 Moyses
1173 1478 1263 1532 Dei
1293 1485 1586 1546 spectator,
1617 1475 1954 1529 exclamabat
1987 1492 2000 1528 :
2034 1474 2264 1529 Redem-

686 1573 828 1642 ptori
858 1581 912 1626 et
945 1574 1052 1626 Deo
1084 1581 1270 1625 nostro
1301 1584 1583 1624 canamus.

756 1665 836 1718 Tu
870 1665 920 1718 in
953 1673 1134 1718 monte
1162 1661 1317 1730 legali
1349 1670 1404 1716 ct
1433 1662 1485 1715 in
1519 1659 1805 1715 Thaboreo
1833 1659 1979 1712 visus
2006 1674 2065 1713 es
2093 1658 2259 1728 Moysi

689 1757 743 1811 in
778 1756 1018 1811 tenebris
1047 1755 1172 1810 olim
1203 1771 1218 1808 :
1254 1754 1306 1809 in
1339 1754 1512 1808 lucem
1542 1764 1723 1807 autem
1755 1767 1899 1806 nunc
1931 1752 2259 1805 inaceessatn

688 1849 1006 1904 divinitatis.

756 1939 1098 1996 Obumbrans
1127 1939 1293 2009 gloria
1323 1940 1374 1993 in
1406 1938 1636 1994 tentorio
1665 1938 1832 2008 prius,
1855 1948 1909 1993 et
1933 1937 2100 2009 Moysi
2130 1937 2261 1991 allo-

686 2046 859 2103 quens
884 2041 973 2085 tuo
998 2046 1176 2095 servo,
1205 2033 1373 2100 ﬁgura
1401 2030 1540 2086 facta
1567 2038 1647 2084 est
1671 2032 1894 2085 illustris
1919 2031 2261 2086 incll‘ahililer

687 2124 742 2177 in
766 2119 986 2176 Tbabor
1013 2130 1136 2184 tum,
1172 2121 1415 2187 Domine,
1447 2120 1958 2191 transl‘tguratiouis.

756 2308 1138 2364 Convenerunt
1174 2318 1346 2362 tecum
1367 2349 1381 2373 ,
1410 2322 1443 2361 o
1470 2308 1732 2368 Verbum,
1764 2305 2128 2376 unigenitum,
2163 2319 2258 2357 cx-

685 2400 912 2464 cclsum,
943 2398 1308 2466 apostolorum
1340 2399 1622 2452 summitas
1656 2399 1705 2450 iu
1741 2409 1922 2450 monte
1943 2397 2178 2460 Tltabor,
2206 2405 2262 2450 et

685 2489 846 2544 simul
876 2491 1164 2545 astiterunt
1197 2489 1408 2558 Moyses
1435 2499 1488 2543 et
1518 2489 1679 2554 Elias,
1711 2497 1767 2540 ut
1797 2488 1886 2541 Dei
1917 2488 2081 2552 servi,
2108 2503 2140 2541 o
2167 2487 2259 2555 qui

685 2583 834 2636 solus
865 2583 1136 2636 humanus
1166 2595 1248 2634 es.

759 2671 900 2727 Deus
929 2682 1073 2726 totus
1098 2672 1385 2734 exsistens,
1414 2680 1555 2723 totus
1579 2670 1819 2724 mortalis
1844 2670 2018 2722 factus
2043 2684 2122 2730 es,
2150 2677 2259 2722 tota

685 2763 966 2816 divinitate
1001 2765 1234 2816 miscens
1275 2761 1662 2814 humanitatem
1705 2761 1756 2813 in
1795 2760 2098 2816 substantia
2135 2769 2254 2822 tua,

686 2870 848 2924 quam
885 2853 936 2907 iu
971 2854 1180 2906 duabus
1215 2853 1538 2906 substantiis
1573 2851 1786 2922 Moyses
1827 2852 2075 2920 Eliasque
2107 2851 2257 2905 vide-

686 2955 814 3002 runt
845 2947 897 3000 in
933 2953 1114 2998 monte
1139 2943 1377 2999 Tltabor.

758 3040 837 3094 Ex
863 3053 1026 3094 carne
1053 3046 1142 3091 tua
1174 3036 1307 3090 radii
1336 3033 1637 3090 divinitatis
1663 3033 2103 3102 egrediebantur,
2131 3047 2257 3101 pro-

684 3131 967 3201 phetarum
1003 3136 1057 3182 ct
1092 3126 1478 3196 apostolorum,
1513 3125 1653 3179 unde
1686 3125 1838 3178 electi
1873 3133 2130 3178 canentes
2161 3139 2259 3177 ex-

686 3220 990 3277 clamabant
1020 3236 1034 3272 :
1065 3217 1245 3273 Gloria
1279 3215 1529 3284 potentiae
1561 3223 1684 3278 tuae,
1718 3213 1960 3269 Domine.
2014 3220 2024 3228 '

759 3311 971 3365 Rubqu
993 3323 1218 3364 servans
1240 3307 1462 3361 illaesum
1483 3305 1919 3374 congredientem
1944 3305 2074 3376 igni,
2094 3305 2259 3377 Moysi

687 3402 867 3458 divina
892 3401 1010 3456 lure
1032 3400 1309 3469 praeditam
1334 3411 1549 3452 carnem
1574 3396 1877 3461 ostendisti,
1902 3397 2146 3462 Domine,
2170 3412 2262 3452 ca-

690 3494 838 3548 nenti
868 3508 883 3548 :
911 3491 1094 3546 Gloria
1126 3489 1379 3560 potentiae
1413 3499 1537 3552 tuae,
1569 3487 1810 3543 Domine.

760 3587 1074 3640 Absconsus
1106 3593 1191 3638 est
1224 3582 1522 3637 divinitatis
1555 3581 1719 3634 radiis
1752 3578 2024 3634 sensibilis
2057 3579 2169 3641 sol,
2205 3587 2264 3631 ut

690 3679 744 3732 iu
769 3688 948 3732 monte
969 3675 1251 3730 Thaboreo
1274 3673 1408 3726 vidit
1432 3682 1484 3726 te
1510 3670 1973 3740 transﬁguratum,
1998 3667 2122 3723 Jesu
2145 3668 2217 3722 mi
2245 3685 2260 3722 :

690 3769 872 3823 Gloria
909 3767 1163 3837 potestati
1201 3775 1323 3828 tuae,
1357 3763 1600 3817 Domine.

762 3860 906 3928 Ignis
937 3874 1040 3912 non
1073 3873 1234 3912 urens
1266 3854 1543 3909 materiem
1573 3854 1834 3922 corporis,
1863 3852 2011 3906 visus
2035 3861 2119 3906 est
2149 3867 2263 3906 ma-

692 3954 842 4008 teria:
875 3964 1087 4020 expers,
1121 3955 1178 4001 ut
1211 3945 1420 4017 Moyses
1451 3953 1503 3997 et
1538 3943 1681 3998 Elias
1715 3941 1974 4010 apostolis
2004 3941 2150 3995 visus
2183 3958 2260 4004 es,

688 4043 937 4108 Domine,
984 4055 1121 4095 unus
1162 4055 1230 4094 ex
1271 4037 1480 4093 duobus
1524 4036 1578 4090 in
1621 4035 1829 4089 duabus
1874 4032 2124 4104 perfectis
2165 4047 2264 4088 na.

692 4136 848 4191 tttris.

761 4225 1050 4282 Facundus
1081 4223 1282 4292 lingua,
1317 4231 1405 4274 tua
1438 4217 1699 4289 magnalia
1733 4231 1839 4270 non
1872 4225 2046 4288 potest
2074 4218 2214 4288 loqui
2245 4238 2258 4274 :

691 4333 750 4376 ut
779 4323 920 4376 enim
956 4320 1226 4387 imperans
1257 4315 1379 4368 vita:
1398 4353 1414 4379 ,
1442 4322 1496 4366 et
1525 4311 1680 4364 morti
1712 4311 1994 4365 dominans
2013 4352 2028 4378 ,
2057 4313 2260 4366 consti—

692 4415 839 4471 tuisti
866 4413 1033 4484 689
1065 4413 1115 4465 in
1150 4408 1367 4463 Tbabor
1399 4415 1580 4461 monte
1615 4402 1831 4473 Moysen
1862 4413 1917 4458 et
1949 4404 2150 4471 Eliam,
2187 4414 2263 4459 te-

689 4515 894 4561 stantes
924 4517 1067 4557 tuam
1097 4501 1450 4555 divinitatem.

759 4682 862 4748 Qui
922 4679 1169 4733 manibus
1229 4678 1586 4732 invisibilibus
1659 4677 1901 4732 formasti
1957 4680 2250 4732 secundum

692 4775 978 4842 imaginem
1033 4782 1200 4837 tuam,
1254 4770 1494 4835 Christe,
1551 4771 1845 4835 hominem,
1903 4772 2256 4841 arclietypam

695 4881 838 4922 luant
898 4869 947 4920 in
1006 4865 1258 4933 ligtncnto
1317 4863 1772 4932 pulchritudinem
1818 4864 2097 4918 ostendisti
2155 4879 2258 4916 non

682 4973 750 5016 ut
782 4963 834 5018 io
866 4959 1121 5028 imagine,
1157 4957 1249 5010 sed
1293 4967 1351 5009 ut
1385 4958 1485 5009 hoc
1536 4956 1651 5023 ipse
1696 4955 1968 5010 exsistens
2007 4971 2104 5024 per
2132 4955 2260 5009 sub-

691 5053 971 5112 stantiam,
1000 5051 1138 5104 Deus
1167 5047 1325 5102 simul
1359 5057 1413 5102 et
1446 5049 1625 5102 homo.

760 5142 1095 5196 Couunistus
1128 5137 1407 5192 inconfuse
1437 5139 1726 5192 carbonem
1771 5137 2050 5191 ostendisti
2104 5135 2259 5190 nobis
2294 5185 2312 5205 ο

691 5234 1010 5296 divinitatis,
1041 5232 1444 5287 comburentem
1499 5230 1713 5299 quidem
1766 5237 1982 5300 peccata
2008 5272 2022 5293 ,
2054 5229 2262 5282 animas

689 5335 866 5377 autent
904 5323 1290 5376 illnntinantem
1342 5323 1393 5375 in
1431 5320 1649 5376 Tbabor
1685 5332 1900 5385 monte,
1963 5321 2177 5392 Moysen
2208 5329 2264 5374 et

694 5414 886 5478 Eliam,
918 5412 1409 5482 discipulorumque
1444 5413 1718 5482 principes
1752 5415 2166 5482 obstupuerunt.

760 5502 932 5568 Quam
972 5517 1224 5570 maguum
1263 5512 1317 5555 et
1361 5502 1600 5557 terribile
1645 5503 1816 5555 visum
1852 5513 1936 5556 est
1980 5512 2263 5571 spectacu-

627 5587 631 5592 ’
693 5594 800 5646 lum
836 5591 1024 5648 hodie!
1060 5607 1089 5646 e
1121 5594 1261 5648 coelo
1295 5592 1586 5657 sensibilis,
1618 5607 1648 5646 e
1693 5601 1837 5647 terra
1882 5608 2008 5645 vero
2057 5594 2261 5646 incom-

693 5681 946 5751 parabilis
969 5681 1164 5738 eﬂ'ulsit
1198 5683 1277 5738 sol
1305 5682 1552 5752 justitiaz,
1585 5683 1958 5752 intelligibilis,
1991 5683 2045 5736 in
2081 5692 2260 5736 monte

693 5776 926 5829 Tltabor.

1814 361 1881 422 Β.
1924 359 2242 425 JOANNIS
2283 361 2714 423 DAMASCENI
3835 364 3920 422 Siti

2934 477 3062 528 ΤΟΥ
3097 481 3137 530 Α
3156 478 3286 530 ΥΤΟ
3299 478 3341 528 Υ

2365 630 2470 693 Εἰς
2517 629 2630 697 τὴν
2659 633 3118 702 μεταμόρφωσιν
3150 631 3255 712 τοῦ
3303 633 3528 700 Κυρίου
3574 632 3777 698 Ἰησοῦ
3809 638 3916 701 xu.

3071 719 3239 756 στου.

2923 838 2982 891 Ἡ
3008 839 3378 908 ἀκροστιχίς.

2433 1001 2642 1072 Μωσῆς
2671 1000 2806 1055 Θεοῦ
2840 1001 3132 1072 πρόσωπον
3157 1001 3213 1052 ἐν
3241 1001 3438 1073 Θαϐὼρ
3469 1003 3569 1054 ἴδε.

2433 1095 2641 1164 Μωσῆς
2682 1095 2739 1147 ὲν
2787 1093 3028 1164 θαλάσσῃ
3064 1095 3418 1164 προφητικῶς
3459 1094 3588 1147 ίδὼν
3627 1097 3687 1146 ἐν
3725 1097 3914 1166 νεφέλῃ,

2363 1187 2460 1240 καὶ
2490 1189 2547 1240 ὲν
2573 1187 2740 1258 στήλῃ
2774 1186 2939 1241 πάλαι
2968 1186 3136 1255 πυρὸς
3155 1185 3254 1255 τὴν
3281 1185 3438 1248 δόξαν
3465 1185 3702 1247 Κυδίου,
3725 1187 3913 1239 άνεὸόςιο

2367 1279 2458 1350 Τῷ
2485 1280 2734 1350 λυτρωτῇ
2766 1278 2860 1331 καλ⁸
2885 1277 3004 1347 Θεῷ
3035 1281 3192 1347 ἡμῶν
3223 1278 3459 1349 ᾅσωμεν.

2446 1374 2534 1436 Ὡς
2574 1373 2746 1444 πέτρα
2771 1371 2849 1441 τῷ
2881 1369 3091 1442 σώματι
3135 1371 3460 1432 σκεπασθε“ις
3483 1369 3565 1438 τῷ
3596 1370 3917 1438 τεθεωμὲνιη,

2365 1465 2458 1519 τὸν
2483 1465 2714 1534 ἀόρατον
2760 1462 3004 1532 καθορῶν
3030 1463 3237 1530 Μωσῆς
3262 1462 3290 1513 ό
3315 1461 3573 1530 θεόπτης.
3603 1460 3814 1512 ἀνεεόϊ
3845 1461 3918 1531 Τῷ

2364 1559 2614 1628 λυτρωτῇ
2649 1557 2742 1609 καὶ
2771 1553 2889 1624 Θεῴ
2912 1553 3068 1624 ἡμῶν
3097 1552 3340 1624 ᾅσωμεν.

2437 1651 2510 1703 Σὺ
2555 1649 2646 1702 ἐπὶ
2699 1647 2794 1700 τοῦ
2829 1645 2990 1716 ὅρους
3039 1645 3131 1698 τοῦ
3180 1643 3408 1714 νομικοῦ
3440 1642 3536 1696 καὶ
3584 1645 3645 1696 ἐν
3689 1642 3918 1712 Θαδιρεῳ

2364 1741 2689 1812 καθωράθης
2726 1739 2802 1809 τῷ
2841 1741 3048 1810 Μωῦσῇ
3082 1741 3138 1791 ὲν
3175 1738 3357 1808 γνόφῳ
3401 1736 3463 1789 τὸ
3495 1736 3688 1796 πάλαι,
3720 1737 3773 1786 ὲν
3805 1753 3917 1801 τινα

2294 1823 2334 1877 Β
2363 1837 2421 1890 δὲ
2456 1835 2551 1888 νῦν
2581 1833 2861 1906 άπροσίτῳ
2889 1832 2989 1902 τῆς
3019 1830 3294 1900 θεότητος.

2448 1925 2510 1978 Ἦ
2544 1923 2842 1988 σκιάζουσα
2864 1921 2992 1986 δόξα
3021 1923 3076 1973 ὲν
3110 1923 3176 1990 τῇ
3210 1921 3384 1990 σκηνῇ
3420 1917 3712 1987 πρότερον,
3750 1917 3831 1968 καὶ
3853 1915 3918 1984 τῷ

2364 2019 2571 2088 Μωῦσῇ
2604 2015 2866 2086 ὁμιλοῦσα
2891 2014 2971 2084 τῷ
3001 2013 3078 2083 σῷ
3104 2011 3414 2082 θεράποντι,
3441 2009 3616 2068 τύπος
3651 2009 3918 2074 γεγένηται

2365 2111 2463 2179 τῆς
2495 2106 2854 2177 ἀστραψάσης
2887 2103 3141 2178 ἀρρήτως
3167 2103 3226 2154 ὲν
3259 2099 3459 2170 Θαϐώρ
3499 2116 3630 2161 σου,
3663 2099 3915 2165 Δέσποτα,

2369 2220 2504 2273 μετα
2512 2201 2865 2275 μορφώσεως.

2434 2291 2772 2362 Συνανῆλθόν
2810 2306 2930 2355 σοι,
2960 2288 3136 2356 Λόγε,
3172 2283 3488 2356 μονογενὲς,
3521 2281 3741 2350 ὖψιστε,
3773 2279 3916 2350 ἡτῶν

2366 2384 2679 2440 ἀποστόλων
2711 2383 2951 2454 ἀκρότης
2985 2380 3078 2432 ἐπὶ
3105 2377 3198 2430 τοῦ
3227 2377 3386 2446 ὅρους
3420 2373 3644 2444 Θαὸωρ.
3677 2374 3769 2424 καὶ
3798 2388 3915 2438 συμ-

2366 2480 2744 2548 παρέστησαν,
2777 2477 2805 2528 ὅ
2845 2492 2905 2528 τε
2937 2473 3166 2542 Μωσῆς,
3201 2473 3296 2524 καὶ
3334 2469 3542 2532 Ἠλίας,
3581 2467 3662 2529 ὡς
3692 2463 3822 2517 Θεόῦ
3845 2464 3914 2514 θε-

2366 2571 2656 2644 ράποντες,
2692 2567 2821 2638 μόνε
2859 2564 3231 2634 φιλάνθρωπε.

2433 2661 2565 2724 Θεὸς
2609 2660 2729 2721 ὅλος
2759 2659 3042 2728 ὑπάρχων,
3081 2655 3201 2717 ὅλος
3231 2652 3420 2723 βροτὸς
3454 2650 3710 2718 γέγονας,
3747 2648 3836 2719 ὅλῃ
3861 2649 3912 2715 τῇ

2365 2754 2580 2824 θεότητι
2625 2750 2784 2824 μίξας
2816 2736 2916 2821 τὴν
2945 2747 3342 2819 άνθρωπότητα
3381 2745 3440 2796 ὲν
3489 2742 3784 2795 ὑποστάσει
3814 2754 3913 2798 σου,

2363 2846 2429 2916 ἣν
2463 2845 2522 2897 ὲν
2557 2843 2678 2896 δυσὶ
2714 2842 2833 2903 ταῖς
2864 2838 3075 2900 οὐσίαις
3114 2835 3322 2904 Μωσῆς
3385 2831 3573 2893 Ἠλίας
3607 2846 3669 2882 τε
3711 2827 3842 2880 εἶδον
3869 2831 3913 2878 ἐν

2363 2939 2480 3008 ὄρει
2505 2934 2724 3004 Θαῦὠρ.

2447 3026 2543 3081 Ἐκ
2589 3025 2792 3094 σαρκός
2838 3039 2932 3076 σου
2983 3017 3189 3090 βολίδες
3245 3015 3503 3084 θεότητος
3556 3007 3913 3081 ἐξεπορεύοντο

2366 3119 2661 3192 προφητῶν
2701 3118 2796 3170 καὶ
2842 3113 3183 3172 ἀποστόλων,
3232 3108 3354 3162 ὅθεν
3388 3107 3440 3159 oi
3487 3104 3771 3177 πρόκριτοι
3802 3104 3912 3170 μέλι

2291 3179 2333 3238 C
2368 3179 2559 3277 πόνὲεξ
2592 3209 2849 3265 ἀνεϐόων·
2886 3207 3024 3270 Δόξα
3051 3207 3118 3275 τῇ
3156 3202 3386 3271 δυνάμει
3417 3215 3534 3257 σου,
3566 3195 3755 3264 Κύριε.

2442 3306 2502 3358 '0
2551 3303 2653 3374 τὴν
2693 3301 2854 3372 βάτον
2893 3297 3137 3369 φυλάξας
3171 3291 3460 3360 άλώὸητον
3490 3282 3911 3374 προσομιλοῖισαν

2362 3396 2516 3467 πυρὶ.
2567 3373 2646 3465 τῷ
2693 3394 2866 3462 Μωσῇ
2913 3385 3333 3456 θεολαμποῦσαν
3389 3381 3569 3450 σάρκα
3622 3373 3908 3467 ὑπέδειξας,

2366 3465 2628 3551 Δέσποτα,
2655 3483 3020 3556 μελῳδοῦνταο
3056 3479 3193 3543 Δόξα
3225 3479 3293 3547 τῇ
3325 3474 3554 3543 δυνάμει
3590 3487 3706 3529 σου,
3736 3465 3910 3536 Κύριε.

2444 3577 2759 3647 ’Υπεκρύϐη
2813 3574 2995 3629 άκτίσι
3037 3572 3293 3640 θεότητος
3336 3564 3598 3634 αἰσθητὸς
3629 3561 3801 3632 ἥλιος,
3851 3558 3911 3616 ὡς

2361 3674 2420 3725 ὲν
2450 3671 2568 3742 ὄρει
2599 3668 2865 3740 Θαὸωρίῳ
2909 3661 3015 3719 εἷδέ
3053 3681 3112 3716 σε
3162 3657 3710 3732 μεταμορφούμενον,
3754 3647 3910 3721 Ἰησοῦ

2363 3779 2485 3833 μου·
2515 3761 2651 3827 Δόξα
2680 3763 2745 3830 τῇ
2779 3758 3008 3827 δυνάμει
3042 3772 3162 3816 σου,
3192 3751 3388 3822 Κύριε.

2431 3855 2551 3925 Πῦρ
2585 3854 2660 3924 μὴ
2696 3852 2893 3920 φλέγον
2917 3850 3014 3919 τὴν
3045 3847 3177 3913 ὓλην
3204 3843 3298 3897 τοῦ
3334 3839 3586 3910 σώματος
3615 3832 3799 3925 ὼράθη
3827 3829 3910 3883 ἀῦ-

2360 3948 2476 4010 λον,
2508 3946 2582 4008 ὡς
2622 3943 2824 4012 Μωσῆς
2873 3939 2966 3995 καὶ⁵
2993 3935 3313 3997 ἀποστόλοις
3355 3930 3545 4000 ὤφθης
3609 3924 3794 3985 Ἠλίας
3834 3937 3908 3974 τε.

2363 4037 2628 4104 Δεσπότα,
2658 4031 2736 4099 εἷς
2776 4037 2840 4087 ὲκ
2861 4032 2976 4097 δύο,
3006 4033 3063 4084 ὲν
3091 4028 3211 4083 δυσὶ
3233 4023 3468 4084 τελείαις
3495 4023 3614 4081 ταῖς
3646 4018 3852 4086 φύσεσι.

2443 4214 2841 4289 Ῥητορεὺουσα
2864 4210 3106 4279 γλῶσσα,
3135 4204 3230 4259 σοῦ
3251 4204 3320 4256 τά
3344 4197 3608 4272 μεγαλεῖα
3627 4194 3688 4247 οὐ
3713 4191 3910 4244 δύναται

2365 4282 2732 4382 φθέγξασθαι·
2793 4304 2869 4366 ὡς
2920 4298 3141 4372 κρατῶν
3197 4297 3343 4364 ζωῆς
3392 4292 3521 4382 γάρ,
3555 4289 3654 4341 καὶ
3686 4282 3907 4382 *θανάτου

2363 4371 2659 4467 δεσπόζων,
2687 4396 3040 4468 παρέστησας
3069 4393 3125 4444 ὲν
3160 4386 3358 4456 Θαϐὼρ
3388 4381 3466 4452 τῷ
3497 4380 3617 4452 δρει
3652 4377 3741 4468 τδλν
3771 4371 3905 4468 Mf"?

2287 4528 2336 4585 Β
2367 4495 2468 4564 σῆν
2509 4461 2602 4544 καὶ
2635 4461 2727 4542 τὸν
2772 4461 2990 4547 λΗλίαν,
3038 4473 3493 4552 μαρτυρήσαντάς
3527 4485 3624 4522 σου
3672 4465 3767 4535 τὴν
3809 4461 3908 4512 6εὸ-

2362 4602 2519 4638 τητα.

2432 4604 2519 4636 τα.

2397 4604 2428 4656 η
2446 4679 2503 4730 Ὀ
2529 4675 2715 4748 χερσὶν
2729 4669 2978 4742 άοράτοις
2997 4665 3206 4720 πλάσας
3227 4659 3347 4712 κατ’
3375 4652 3558 4709 εἰκόνα
3575 4647 3754 4748 qam-It:
3764 4642 3908 4716 ριστὲ.

2362 4768 2452 4820 τὸν
2477 4737 2768 4836 ἄνθρωπον
2787 4737 2812 4824 ,1
2855 4758 2916 4809 τὸ
2952 4750 3254 4824 ἀρχέτυπόν
3302 4764 3393 4800 σου
3440 4745 3497 4796 ὲν

2365 4858 2557 4920 κάλλος
2588 4851 2871 4914 ὑπέδειξας
2893 4890 2907 4913 ,
2941 4847 3041 4914 οὑχ
3082 4843 3156 4906 ὼς
3192 4842 3250 4892 ὲν
3291 4837 3484 4898 εἰκόνι,
3519 4831 3636 4887 ἀλλ’
3663 4830 3735 4890 ὡς
3773 4826 3907 4882 αὐτὸς

2363 4951 2437 5004 ὢν
2475 4948 2593 5001 κατ’
2623 4944 2831 5007 οὐσίαν,
2867 4941 2896 4992 ὁ
2927 4936 3059 4997 Θεὸς
3105 4929 3454 5004 χρηματίσας
3493 4925 3585 4978 καὶ
3629 4922 3903 4991 ἄνθρωπος.

2434 5128 2770 5198 Συγκραθεὶς
2809 5122 3163 5190 ἀσυγχύτως,
3200 5114 3448 5185 ἄνθρακα
3483 5107 3761 5170 ὑπέδειξας
3792 5101 3901 5198 ἡμῖν

2363 5191 2650 5292 θεότητος,
2689 5215 3099 5286 καταφλέγοντα
3151 5209 3250 5279 μὲν
3290 5202 3601 5276 ἁμαρτίας,
3625 5198 3808 5292 Διῖιυχίὶις

2363 5283 2665 5384 φωτίξοντα
2701 5311 2758 5363 ὲν
2785 5283 2990 5378 ,Θαϐὼρ
3025 5302 3103 5372 τῷ
3133 5301 3279 5369 ὄρει,
3319 5295 3410 5348 τὸν
3446 5290 3684 5359 Μωῦσῆν
3717 5286 3797 5339 καὶ
3823 5283 3897 5334 τὶν

2376 5408 2581 5469 Ἠλίαν,
2623 5399 2878 5474 μαθητῶν
2914 5414 2974 5450 τε
3003 5395 3266 5465 ἐξάρχους
3310 5387 3630 5457 ἐξέστησε*
3802 5472 3811 5476 -
3848 5465 3893 5476 .-

2444 5501 2531 5563 Ὧς
2572 5471 2714 5566 μέγα
2749 5495 2844 5546 καὶ
2877 5488 3104 5561 φοϐερόν
3136 5485 3324 5555 ὠράθη
3355 5484 3534 5550 θέαμα
3571 5471 3895 5566 σήμερονὲμέξ

2361 5561 2592 5662 οὐρανοδ
2627 5561 2904 5655 αἰσθητὸς,
2937 5585 3001 5636 ἐκ
3029 5582 3129 5651 γῆς
3155 5579 3212 5632 δὲ
3242 5576 3574 5646 ἀσύγκριτος
3597 5561 3895 5658 ἐξήπραῷεν

2363 5661 2551 5746 Ἥλιος
2578 5681 2676 5751 τῆς
2707 5675 3071 5745 δικαιοσύνης,
3107 5671 3293 5743 νοητὸς
3313 5709 3328 5735 ,
3366 5669 3459 5721 ἐπὶ
3496 5665 3588 5720 τοῦ
3615 5663 3756 5734 δρόυς
3793 5661 3890 5708 da-

2363 5778 2494 5830 ϐὡο.
