4070 6456
152 468 270 528 sm

1609 495 1970 559 CARMINA.

3329 516 3438 578 8:30

233 582 488 685 Hapﬁl-Oa
537 587 636 656 μὲν
686 591 717 660 ἡ
774 592 899 645 σκιά
950 595 1043 648 τοῦ
1100 599 1263 668 νόμου
1315 604 1722 676 ὲξασθενήσασα

1924 611 2192 665 Praeteriit
2239 614 2454 682 quidem
2508 616 2698 670 umbra
2751 613 2891 685 legis
2936 618 3204 676 infirmata
3237 640 3250 677 :
3286 625 3432 680 venit

149 673 385 742 ἐλήλυθε
411 674 468 728 δὲ
504 677 692 746 σαφῶς
721 681 972 751 Χριστὸς.
1020 689 1051 755 ἡ
1098 690 1348 758 ἀληθειαο
1379 673 1582 765 Μωσῆς
1618 699 1741 750 ἁνε-

148 768 357 836 ὗόησεν
395 770 452 821 ὲν
503 769 581 840 τῷ
613 771 898 846 Θαϐωρίῳ,
951 781 1182 834 κατιδὼν
1233 801 1326 837 σου
1358 787 1454 856 τὴν
1485 788 1736 860 θεότητα.

232 857 300 910 '0
338 859 527 924 στύλος
551 860 629 931 τῷ
658 862 858 936 Μωῦσῇ
896 868 1130 938 Χριστὸν
1159 872 1248 924 τὸν
1284 857 1740 948 μεταμορφούμε-
1785 897 1794 907 ’

147 966 246 1000 νον
268 989 282 1011 ,
310 951 346 1020 ἡ
379 951 436 1004 δὲ
469 953 667 1037 νεφέλη
716 957 900 1025 σαφῶς
931 959 1028 1029 τὴν
1060 964 1223 1032 χάριν
1261 963 1354 1017 τοῦ
1389 966 1736 1037 Πνεύματος,

145 1040 253 1110 τὴν
281 1034 683 1098 ὲπισκιάσάσαν
714 1049 771 1099 ἐν
799 1049 877 1119 τῷ
907 1051 1174 1125 Θαὸωρίῳ
1219 1034 1739 1132 παρεδήλουήὲμφα-

144 1134 412 1186 νέστατα.

223 1220 345 1274 Νῦν
373 1223 666 1297 καθωράθη
704 1227 1025 1294 ἀποστόλοις
1062 1231 1132 1285 τὰ
1164 1233 1408 1299 ἀθέατα,
1443 1236 1633 1310 θεότης
1679 1241 1738 1295 ὲν

144 1313 368 1381 σαρκίῳ
403 1315 464 1366 ὲν
514 1315 592 1385 τῷ
625 1316 822 1389 Θαϐὼρ
867 1321 1258 1392 ἀστράπτουσα
1308 1325 1540 1396 βοῶσιν,
1573 1330 1738 1384 Εὐλο-

141 1402 326 1472 γητος
361 1399 432 1469 εἷ,
470 1405 639 1476 Κύριε
668 1408 696 1460 ό
727 1409 878 1476 Θεὸς,
913 1412 994 1472 είς
1020 1413 1148 1478 τοὺς
1180 1415 1401 1481 αἰῶνας.

229 1495 503 1567 Ἐφριξαν
535 1499 682 1568 φόϐῳ
723 1502 1092 1570 ἐκπλαγέντες
1134 1508 1235 1577 τὴν
1269 1511 1606 1582 εὐπρέπειαν
1638 1515 1735 1585 τῆς

139 1584 302 1648 θείας
336 1587 614 1656 βασιλείας
644 1593 701 1642 ἐν
733 1592 810 1662 τῷ
845 1593 960 1664 ὅρει
989 1597 1190 1668 Θαΰὼρ
1223 1602 1529 1667 ἀπόστολοι,
1564 1584 1734 1675 βοῶν-

136 1691 260 1737 τες·
295 1677 603 1746 Εὐλογητὸς
633 1677 700 1746 εἶ,
734 1683 904 1754 Κύριε
931 1687 958 1738 ό
987 1687 1142 1751 Θεὸς,
1173 1693 1252 1754 εἰς
1284 1696 1408 1754 τοὺς
1435 1695 1657 1760 αἰῶνας.

218 1767 339 1820 Νῦν
372 1771 440 1822 τὰ
468 1771 776 1840 ἀνήκουστα
806 1775 1070 1849 ἠκούσθη.
1120 1781 1175 1834 ’0
1201 1783 1434 1856 ἀπάτωρ
1466 1788 1574 1859 γὰρ
1609 1791 1734 1856 Υίὸς

136 1857 211 1907 ὲκ
249 1857 356 1925 τῆς
383 1860 660 1951 ΙΙαρθι-Ξνου
702 1866 768 1934 τῇ
802 1866 1042 1941 Πατρῴα
1074 1876 1224 1944 φωνῇ
1262 1876 1486 1941 ἐνδόξως
1519 1857 1734 1951 μαρτυ-

1850 714 2030 755 autem
2076 703 2358 758 manifesta
2395 707 2646 762 Christus
2693 709 2897 762 veritas
2926 728 2944 763 ε
2988 711 3196 784 Moyses
3253 716 3430 770 excla-

1849 799 2016 848 mavit
2043 796 2096 849 in
2131 797 2423 863 'l‘bahorio,
2463 799 2680 855 intuens
2709 809 2856 854 tuam
2891 802 3248 860 divinitatem-

1918 885 2178 942 Columna
2207 888 2404 960 Moysis
2430 889 2706 948 Christum
2741 894 3209 964 transfiguratum,
3235 901 3425 956 nebula

1847 990 2030 1033 autem
2067 981 2350 1035 manifeste
2385 985 2614 1052 gratiam
2647 985 2881 1052 Spiritus
2921 989 3336 1047 ohumbrantem
3375 995 3432 1048 in

1848 1069 2120 1127 'l‘haborio
2153 1072 2533 1130 manifestabat
2565 1077 2927 1145 apertissime.

1916 1248 2071 1305 Nunc
2105 1260 2346 1321 spectata
2374 1261 2500 1306 sunt
2545 1255 2802 1322 apostolis
2830 1257 3138 1327 invisibilia,
3171 1262 3425 1319 divinitas

1845 1341 1897 1394 iu
1921 1343 2210 1397 caruncula
2237 1344 2290 1396 in
2314 1351 2497 1400 monte
2521 1344 2740 1402 Tbahor
2767 1348 3000 1417 fulgens,
3024 1351 3416 1409 clamantibus:

1848 1430 2170 1487 Benedictus
2201 1448 2282 1499 es,
2324 1436 2550 1490 Domine
2575 1435 2736 1505 Deus,
2775 1454 2869 1509 per
2899 1441 3121 1497 saecula.

1914 1519 2254 1576 l-lorruerunt
2277 1525 2470 1579 timore
2490 1527 2774 1596 stupefacti
2803 1531 3052 1584 decorem
3078 1531 3245 1587 divini
3270 1536 3416 1603 regni

1844 1611 1898 1665 in
1931 1623 2115 1667 monte
2145 1613 2385 1682 Thabor,
2423 1619 2649 1686 apostoli
2677 1659 2692 1685 ,
2721 1621 3016 1678 clamantes
3051 1640 3066 1678 :
3101 1623 3419 1681 Benedictus

1842 1717 1928 1767 es,
1968 1703 2191 1760 Domine
2224 1707 2383 1773 Deus,
2419 1724 2514 1778 per
2545 1711 2740 1765 saecula

1914 1796 2068 1850 Nunc
2107 1797 2341 1850 inamlita
2373 1801 2553 1854 audita
2583 1813 2728 1857 sunt.
2759 1803 2888 1858 Siue
2905 1806 3064 1862 Patre
3084 1810 3224 1862 enim
3249 1809 3416 1864 Filius

1841 1888 1906 1944 de
1945 1890 2198 1956 Virgine.
2241 1884 2463 1958 paterna
2498 1909 2625 1949 v0t-e
2667 1895 2894 1965 gloriose
2926 1901 3249 1968 praedicatur
3293 1912 3413 1955 tan-

141 1950 354 2016 ρείται,
377 1945 462 2004 οἷα
490 1952 621 2017 Θεὸς
645 1955 738 2008 καὶ¹
764 1956 1050 2029 ἄνθρωπος
1082 1967 1109 2017 ό
1134 1967 1299 2031 αὐτὸς
1327 1970 1408 2034 είς
1440 1945 1567 2035 τούς
1599 1945 1726 2027 αἰῶ-

2039 1945 2068 1956 ..
2189 1945 2198 1951 .
2241 1945 2254 1958 .
2667 1945 2893 1965 στα---
2926 1945 2999 1968 ..-ς

1838 1999 1999 2053 quant
2033 1985 2171 2039 Deus
2206 1995 2260 2039 et
2294 1985 2457 2041 homo
2485 1987 2622 2042 idem
2654 2005 2749 2059 per
2782 1991 2999 2046 saecula.

138 2058 264 2105 νας.

218 2133 381 2188 Θέσει
406 2136 468 2189 οὐ
497 2137 723 2207 γέγονας
760 2143 1013 2214 Ὑψίστου
1033 2187 1048 2208 ,
1078 2151 1144 2220 τῇ
1169 2150 1328 2223 οὐσία
1351 2153 1408 2207 δὲ
1437 2155 1564 2220 Tib;
1592 2159 1720 2229 ἠγα-

142 2228 425 2298 πημένος,
460 2234 864 2305 προῦπάρχων,
906 2241 1036 2310 ἡμῖν
1079 2242 1366 2313 ὡμίλησας
1416 2250 1726 2318 ἀτρέπτως·

143 2319 462 2393 Εὐλογητὸς
491 2319 560 2389 εἷ,
595 2327 769 2398 Κύριε
803 2332 831 2383 ό
863 2331 1016 2398 Θεὸς,
1045 2335 1125 2398 είς
1154 2338 1279 2400 τοὺς
1306 2339 1532 2404 αἰῶνας.

231 2495 578 2568 ’Δκηκοότες,
610 2502 874 2572 Δέσποτα,
915 2510 978 2560 ὲκ
1009 2510 1220 2582 Πατρὸς
1258 2516 1726 2586 μαρτυρούμενον,

143 2589 246 2640 καὶ
300 2588 380 2681 ῶς
427 2590 773 2666 ἀνθρωπίνης
821 2601 1197 2672 στερρωτέραν
1233 2605 1410 2674 ὅψεως
1457 2609 1591 2681 όρᾷν
1631 2611 1725 2665 τοῦ

144 2680 449 2749 προσώπου
495 2701 590 2738 σου
633 2687 732 2758 τὴν
782 2691 1069 2765 ἀστραπὴν
1111 2697 1184 2768 μὴ
1231 2698 1489 2769 φέροντές
1534 2720 1627 2756 σου
1677 2705 1727 2758 οἱ

141 2769 426 2842 μαθηταὶ,
455 2776 546 2828 ἐπὶ
582 2777 683 2848 τὴν
716 2780 820 2850 γῆν
865 2785 1202 2840 κατέπιπτον
1221 2827 1235 2849 ,
1283 2792 1340 2843 ὲν
1369 2792 1518 2863 φόϐῳ
1549 2794 1724 2866 μελῳ-

136 2862 400 2926 δοῦντες⁸
443 2867 503 2919 Oi
556 2870 745 2933 παῖδες
797 2873 1106 2943 εὐλογεῖτε,
1167 2881 1354 2950 ἱερεῖς,
1391 2886 1720 2954 ἁνυμνεῖτε,

137 2952 295 3016 λαὸς,
327 2956 669 3027 ὑπεροψοῦτε
698 2964 779 3024 εἰς
810 2965 1020 3030 πάντας
1048 2971 1173 3032 τοὺς
1203 2973 1425 3038 αίῶνας.

216 3050 623 3107 Βασιλευόντων
666 3057 912 3125 πέφυκας
955 3063 1186 3118 Βασιλεῦ
1219 3066 1585 3137 ὼραιότατος,
1629 3074 1724 3127 καὶ

134 3142 254 3194 τῶν
280 3146 561 3216 πανταχοῦ
596 3151 958 3219 κυριευόντων
994 3156 1215 3228 Κύριος,
1247 3161 1515 3234 δυνάστης
1547 3167 1720 3234 μακά-

136 3251 283 3304 ριος,
315 3237 411 3288 καὶ
441 3238 556 3306 φῶς
587 3240 750 3294 οίκῶν
781 3243 1098 3314 ἀπρόσιτον,
1130 3243 1173 3317 ᾦ
1204 3253 1254 3303 οἱ
1286 3253 1526 3323 μαθηταὶ
1549 3274 1720 3312 κατα-

135 3324 447 3393 πλαγέντες
477 3327 666 3392 ἐϐόων,
696 3331 759 3384 υἱ
791 3334 983 3397 παῖδες
1020 3338 1314 3421 εὐλογεῖτε,
1349 3343 1512 3414 ἱερεῖς
1546 3348 1720 3418 ἀνυμ-
1749 3330 1793 3386 C

135 3417 308 3469 νεῖτε·
342 3417 489 3484 λαδς,
519 3420 861 3493 ὐπερυψοῦτε
893 3430 973 3490 είς
1000 3430 1211 3496 πάντας
1239 3417 1362 3498 τοὺς
1391 3437 1612 3502 αἰῶνας.

224 3505 315 3570 Ὠς
341 3509 574 3578 οὐρανοῦ
605 3513 941 3581 δεσπόζοντι,
976 3521 1069 3573 καὶ
1098 3522 1196 3592 τῆς
1226 3525 1330 3594 γῆς
1359 3525 1721 3596 βασιλεύοντι,

135 3600 238 3652 καὶ
253 3603 632 3671 καταχθονίων
652 3606 752 3677 τὴν
779 3610 974 3680 κυρίαν
995 3611 1196 3680 ἔχοντι,
1215 3616 1445 3685 Χριστὲ,
1472 3637 1554 3672 σοι
1583 3639 1724 3691 παρο

132 3691 382 3759 έστησαν
409 3733 424 3758 ,
452 3694 515 3746 ὲκ
548 3696 644 3764 μὲν
674 3698 774 3767 τῆς
802 3699 907 3768 γῆς
940 3703 1252 3767 ἀπόστολοι,
1287 3707 1362 3770 ὡς
1395 3710 1453 3775 ἐξ
1489 3712 1720 3782 οὐρανοῦ

130 3783 214 3848 δὲ,
250 3785 280 3836 ό
305 3783 577 3853 Θεσδίτης
610 3787 818 3854 Ἠλίας,
845 3791 1048 3862 Μωσῆς
1071 3793 1130 3846 δὲ
1158 3796 1223 3848 ἐκ
1253 3799 1512 3866 νεκάδων,
1545 3802 1720 3873 μελῳ-

130 3874 360 3938 δοῦντες
382 3877 696 3943 ἀπαύστως·
716 3883 778 3934 υἱ
806 3884 1015 3948 παῖδες,
1041 3887 1332 3956 εὐλογεῖτε,
1360 3893 1525 3962 ίερεῖς
1549 3897 1722 3966 ἀνυμ-

133 3971 304 4032 νείτε,
329 3968 481 4034 λαὸς,
515 3972 856 4044 ὐπερυψοῦτε
880 3977 959 4038 είς
993 3978 1202 4044 πάντας
1227 3982 1352 4045 τοὺς
1383 3986 1605 4052 αίῶνας,

217 4145 615 4218 Ῥᾳθυμοτόκοι
647 4149 912 4222 μέριμναι
935 4154 1028 4206 ἐπὶ
1056 4156 1157 4226 γῆς
1187 4157 1621 4232 κατελείφθησαν
1652 4169 1717 4236 τῇ

129 4238 246 4290 τῶν
274 4239 596 4292 ἀποστόλων
621 4242 841 4314 ἐκλογῇ,
869 4244 1242 4316 φιλάνθρωπε,
1271 4249 1348 4312 ὡς
1379 4253 1462 4304 σοὶ
1489 4255 1717 4320 ἠκολού-

130 4331 310 4400 θησαν
352 4333 489 4404 πρὸς
523 4335 618 4404 τὴν
651 4338 714 4387 ἐκ
761 4337 865 4404 γῆς
899 4339 1193 4409 μετάρσιον
1237 4340 1387 4397 Θείαν
1419 4345 1716 4403 πολιτείαν.

131 4424 301 4477 Ὅθεν
346 4425 445 4477 καὶ⁵
486 4425 723 4490 ἐπαξίως
763 4428 868 4508 τῆς.
911 4429 1008 4500 σῆς
1047 4430 1366 4499 θεοφανείας
1413 4437 1720 4510 ἐμελῴδουν

127 4514 416 4583 τυχόντες·
442 4517 504 4567 Ul.
528 4516 711 4579 παῖδες
723 4517 1013 4586 εὐλογεῖτε,
1031 4521 1218 4591 ἱερεῖς,
1237 4525 1550 4596 ἀνυμνεῖτε,
1565 4530 1713 4597 λαὸς,

130 4602 492 4672 ὑπερυψοῦτε
521 4607 599 4668 είς
634 4608 844 4671 πάντας
869 4609 996 4672 τοὺς
1020 4612 1242 4677 αἰῶνας.

203 4694 326 4747 Ἵνα
363 4712 458 4747 σου
488 4696 665 4769 δείξῃς
697 4698 954 4768 ἐμφανῶς
987 4703 1087 4772 τὴν
1118 4704 1431 4778 ἀπόρρητον
1456 4710 1715 4784 δευτέραν

127 4786 466 4851 κατάϐασιν,
505 4789 652 4852 ὅπως
689 4793 718 4842 ό
763 4789 987 4859 ὕψιστος
1025 4793 1155 4857 Θεὸς
1192 4797 1406 4873 όφθήσῃ
1441 4803 1614 4868 ἑστὼς
1656 4808 1714 4858 ἐν

131 4879 291 4946 μέσῳ
335 4876 477 4929 θεῶν
534 4881 647 4941 τοῖς
692 4881 1014 4945 ἀποστόλοις
1053 4886 1112 4936 ὲν
1161 4886 1357 4958 Θαϐὼρ
1403 4893 1574 4966 Μωσῇ
1617 4898 1715 4952 σὺν

138 4969 305 5038 Ἠλίᾳ
331 4985 391 5022 τε
417 4971 673 5040 ἀρρητως
705 4971 954 5043 ἐλαμψας
978 5013 994 5038 ,
1021 4975 1101 5029 διὸ
1132 4979 1331 5043 πάντες
1359 4999 1442 5050 σε,
1487 4986 1711 5056 Χριστὲ,

129 5059 541 5129 μεγαλύνομεν.

199 5154 370 5206 Δεῦτέ
391 5171 504 5225 μοι,
525 5155 798 5219 πείθεσθε,
829 5156 968 5218 λαοὶ,
987 5159 1286 5225 ἀναϐάντες
1308 5165 1389 5227 είς
1410 5165 1470 5219 τὸ
1497 5168 1624 5239 ὅρος
1652 5171 1714 5224 τὸ

124 5246 286 5311 ἇγιον
311 5245 375 5297 τὸ
405 5248 746 5316 ἐπουράνιον,
779 5249 958 5312 ἀΰλως
988 5251 1204 5320 στῶμεν
1233 5254 1289 5307 ἐν
1334 5256 1484 5309 πόλει
1511 5258 1714 5324 ζῶντος

124 5336 290 5401 Θεοῦ,
337 5339 432 5390 καὶ
463 5338 892 5408 ὲποπτεύσωμεν
927 5341 1008 5394 νοῒ
1037 5341 1264 5413 θεότητα
1302 5346 1465 5399 ἀΰλον
1500 5349 1712 5422 Πατρὸς

125 5427 225 5478 καὶ
262 5426 580 5496 Πνεύματος
629 5428 688 5480 ὲν
722 5428 837 5498 Υίῳ
883 5433 1163 5499 μονογενεῖ
1191 5433 1708 5504 ἀπαστράπτουσαν.

197 5629 470 5694 Ἐθελξας
520 5631 670 5702 πόθῳ
715 5649 815 5702 με,
863 5632 1100 5702 Χριστὲ,
1149 5635 1242 5688 καὶ
1279 5636 1582 5704 ἡλλοίωσας
1632 5641 1710 5711 τῷ

121 5724 254 5794 θείῳ
299 5739 400 5776 σου
440 5722 630 5794 ἔρωτι,
676 5724 814 5778 ἀλλά
859 5726 1208 5794 κατάφληξον
1252 5731 1385 5799 πυρὶ
1424 5731 1573 5803 ἀύλῳ
1610 5734 1709 5799 τὰς

121 5814 405 5883 ἁμαρτίας
444 5831 566 5883 μου,
599 5814 696 5868 καὶ
719 5814 1110 5886 ἐμπλησθῆναι
1151 5819 1247 5889 τῆς
1293 5823 1350 5874 ἐν
1383 5822 1464 5874 so".
1496 5824 1708 5893 τρυφῆς

1913 2155 2218 2225 Adoptione
2255 2173 2360 2212 non
2395 2158 2568 2214 factus
2596 2173 2657 2214 es
2687 2159 2896 2216 Excelsi
2929 2201 2944 2227 ,
2979 2163 3279 2218 substantia
3312 2183 3411 2221 au-
3501 2204 3504 2207 -

1837 2253 1944 2298 tem
1991 2261 2112 2299 cum
2161 2245 2330 2302 Filius
2373 2248 2600 2303 dilectus
2636 2251 3044 2319 prazexsisteres
3071 2295 3086 2321 ,
3129 2255 3410 2312 nobiscum

1835 2357 2186 2402 conversatus
2219 2362 2282 2403 es
2329 2347 2737 2405 immntahiliter
2767 2368 2781 2406 :
2814 2350 3139 2410 Benedictus
3167 2369 3249 2420 es,
3305 2354 3412 2410 Do-

1835 2439 1980 2494 mine
2013 2438 2173 2505 Dens,
2206 2450 2301 2510 per
2327 2441 2521 2496 saecula

1903 2532 2222 2597 Audientes,
2248 2534 2491 2598 Domine,
2521 2533 2695 2590 Patris
2723 2536 3111 2601 testimonium,
3137 2548 3192 2592 et
3227 2549 3284 2594 ut
3313 2541 3412 2595 ltll-

1835 2638 1996 2678 mano
2027 2625 2338 2680 solidiorem
2363 2637 2580 2694 assiectu
2605 2628 2787 2683 videre
2819 2628 2975 2684 faciei
3005 2639 3107 2684 tua:
3142 2630 3408 2700 fulgorem

1835 2732 1938 2770 non
1970 2717 2206 2773 ferentes
2244 2728 2393 2773 tuum
2427 2720 2712 2790 discipuli,
2741 2721 2793 2775 in
2833 2730 3032 2776 terram
3062 2725 3325 2780 cadebant
3356 2725 3407 2779 in

1832 2813 2060 2878 timore,
2107 2824 2364 2869 canentes
2404 2830 2418 2867 :
2459 2813 2644 2881 Pueri,
2703 2816 3033 2884 benedicile;
3065 2821 3406 2886 sacerdotes,

1831 2904 2133 2972 concinite;
2164 2907 2412 2975 populus,
2443 2907 2842 2977 superexaltate
2872 2923 2968 2977 per
2987 2913 3164 2964 omnia
3191 2911 3405 2966 saecula.

1903 3081 2258 3150 Regnantium
2287 3097 2347 3137 es
2383 3083 2493 3136 Rex
2535 3083 2949 3152 pulcherrimus,
2983 3095 3038 3138 et
3079 3086 3276 3154 ubique
3308 3087 3407 3140 do-

1831 3175 2148 3228 minantium
2183 3175 2440 3230 Dominus
2472 3216 2486 3240 ,
2536 3178 2790 3247 princeps
2841 3179 3069 3242 beatus,
3123 3189 3177 3232 et
3227 3179 3406 3234 lumen

1831 3249 2080 3323 habitans
2112 3268 2518 3333 inaccessibile,
2554 3270 2638 3322 cui
2672 3270 2917 3339 discipuli
2958 3270 3245 3340 stupefacti
3299 3271 3407 3325 cla-

1831 3360 2049 3412 mabant
2082 3376 2096 3413 :
2142 3358 2327 3423 Pueri,
2360 3362 2697 3427 benedicite;
2739 3363 3070 3427 sacerdotes,
3101 3364 3404 3431 concinite;

1827 3450 2078 3520 pOpulus,
2112 3451 2508 3520 superexaltate
2535 3467 2629 3520 per
2657 3453 2836 3506 omnia
2867 3453 3082 3509 szecula.

1896 3538 2172 3608 Tanquam
2207 3539 2344 3594 caelo
2370 3542 2692 3605 dominanti,
2724 3551 2780 3596 et
2840 3551 2994 3597 terrae
3046 3545 3313 3613 regnanti,
3344 3557 3402 3600 et

1825 3631 2300 3685 Sublerraneorum
2355 3633 2648 3687 dominium
2684 3634 2901 3688 habenti
2934 3675 2950 3700 ,
2997 3634 3249 3703 Christe,
3307 3638 3403 3692 tibi

1824 3721 2162 3785 astiterunt;
2219 3736 2249 3772 e
2299 3733 2442 3775 terra
2496 3723 2711 3792 quidem
2751 3726 3029 3793 apostoli:
3066 3737 3320 3802 tanquam
3375 3744 3406 3782 θ
3492 3780 3500 3786 .

1822 3813 1961 3866 coelo
1994 3824 2195 3876 autem,
2228 3812 2514 3869 'l‘lieshites
2550 3815 2728 3880 Elius;
2769 3816 2982 3887 Moyses
3013 3832 3137 3874 vero
3163 3834 3226 3874 ex
3257 3837 3404 3876 mor-

1825 3905 1963 3966 tuis,
1997 3915 2253 3957 canentes
2285 3905 2618 3959 incessanter
2651 3925 2666 3962 :
2704 3907 2904 3973 Pueri,
2937 3909 3277 3978 benedicile;
3315 3927 3404 3966 sa-

1821 3995 2087 4058 cerdotes,
2143 3995 2455 4063 concinite;
2524 3997 2772 4067 populus,
2827 3999 3228 4068 superexaltate
3303 4017 3401 4070 per

1821 4086 2002 4137 omnia
2042 4087 2260 4140 saecula.

1895 4172 2190 4240 Segnitiem
2220 4173 2492 4240 parientes
2520 4189 2666 4229 cura?
2696 4174 2747 4228 in
2786 4185 2929 4230 terra
2953 4177 3224 4232 derelicta:
3249 4187 3396 4245 sunt,

1821 4261 2188 4331 apostolorum
2217 4263 2424 4318 delectu
2452 4302 2466 4327 ,
2508 4280 2541 4318 o
2574 4266 2810 4320 humane
2832 4303 2848 4330 ,
2895 4275 2953 4319 ut
2995 4275 3045 4321 te
3071 4268 3241 4322 secuti
3273 4278 3400 4322 sunt

1823 4353 1888 4404 ad
1931 4350 2218 4404 sublimem
2265 4366 2296 4405 e
2346 4363 2488 4405 terra
2539 4355 2776 4407 divinam
2830 4355 3106 4423 politiam,
3151 4358 3295 4410 unde
3343 4368 3400 4411 et

1819 4441 1937 4510 jure
1966 4442 2162 4496 divinae
2213 4451 2316 4496 tuae
2364 4443 2819 4500 manifestationis
2863 4447 3151 4517 participes
3195 4445 3394 4511 effecti,

1823 4534 2095 4589 canehaut
2124 4553 2137 4588 :
2165 4534 2347 4598 Pueri,
2383 4535 2711 4603 benedicite;
2739 4541 3071 4604 sacerdotes,
3095 4541 3392 4607 concinite,

1749 4661 1798 4721 υ
1824 4624 2071 4694 ρορυιυε,
2120 4626 2521 4694 superexaltate
2551 4641 2648 4695 per
2682 4628 2862 4681 omnia
2895 4629 3112 4684 saecula.

1895 4715 1965 4771 Ut
1999 4726 2143 4770 tuam
2168 4719 2436 4794 ostendas
2465 4729 2653 4784 aperte
2686 4734 2942 4774 arcanam
2972 4722 3264 4775 secundam
3302 4722 3395 4777 de-

1821 4809 2200 4874 scensionem,
2259 4819 2314 4861 ut
2368 4810 2616 4864 excelsus
2648 4809 2790 4865 Deus
2844 4811 3080 4865 videaris
3126 4822 3281 4867 stans
3338 4815 3391 4867 in

1822 4902 1998 4954 medio
2027 4901 2250 4955 deorum
2271 4939 2286 4963 ,
2319 4902 2578 4969 aposmlis
2619 4902 2670 4954 in
2703 4901 2922 4956 Thabor
2961 4917 3083 4956 cum
3115 4903 3297 4973 Moyse
3342 4914 3396 4958 et

1823 4991 1936 5044 Elia
1960 4991 2302 5046 ineﬂ'abiliter
2328 4991 2672 5060 splenduisti:
2703 4993 2822 5046 ideo
2847 5007 3037 5047 omnes
3059 5001 3130 5058 te,
3157 4993 3393 5058 Christe,

1822 5082 2251 5151 magnificamus.

1890 5173 2051 5242 Agite
2101 5171 2229 5224 mihi
2261 5211 2273 5234 ,
2321 5178 2506 5239 parete
2534 5171 2688 5235 mihi,
2737 5170 3308 5240 p0puli'ascendentcs
3339 5172 3395 5225 in

1822 5272 2062 5317 montem
2103 5273 2376 5325 sanctum,
2413 5261 2687 5315 cmlestem
2724 5279 2738 5314 :
2779 5262 2985 5331 abjeeta
3017 5263 3244 5316 materia
3286 5272 3397 5317 ste-

1824 5370 1946 5409 mus
1995 5354 2048 5408 in
2090 5354 2309 5408 civitate
2338 5352 2569 5405 viventis
2601 5352 2692 5405 Dei
2717 5391 2733 5416 ,
2759 5362 2813 5405 et
2837 5353 3192 5422 inspiciamus
3218 5362 3397 5408 mente

1823 5445 2158 5500 divinitatem
2190 5446 2432 5498 materiae
2453 5454 2729 5514 expertem
2762 5444 2936 5499 Patris
2964 5455 3017 5500 et
3042 5445 3298 5515 Spiritus,
3340 5448 3392 5499 in

1812 5536 1950 5591 Filio
1982 5535 2264 5604 unigenito
2297 5535 2661 5604 effulgentem.

1886 5647 2198 5703 Demulsisti
2245 5649 2513 5703 desiderio
2566 5662 2695 5712 me,
2736 5647 2988 5714 Christe,
3042 5659 3096 5703 et
3151 5649 3389 5705 alterasti

1812 5739 1994 5792 divino
2047 5748 2138 5792 tuo
2191 5753 2400 5803 amore,
2449 5738 2544 5792 sed
2599 5740 2858 5794 combure
2907 5739 3033 5808 igne
3081 5757 3108 5792 a
3160 5743 3386 5795 materia

1810 5840 2019 5884 remoto
2046 5839 2263 5898 peccata
2293 5844 2433 5897 mea,
2465 5841 2518 5884 et
2542 5829 2750 5899 impleri
2775 5832 2855 5885 eis
2875 5846 2994 5899 quae
3017 5830 3068 5885 in
3103 5840 3154 5886 te
3173 5830 3386 5887 deliciis
