4070 6428
339 361 446 423 865

1351 362 1354 366 ’
1436 362 1614 423 VITA
1651 363 2010 423 BARLAAM
2049 364 2143 424 ET
2183 365 2538 430 JOASAPII.

3500 376 3606 440 866

339 479 587 534 τοιούτου
625 479 806 542 λυθεὶς
857 474 1061 550 δεσμοῦ
1090 516 1106 542 ,
1161 477 1372 531 τέκνων
1435 477 1662 549 κληθείη
1710 479 1914 551 πατὴρ,

2034 489 2159 527 cura
2189 475 2472 530 sollicitum
2517 477 2766 547 habebat,
2811 496 3036 550 quonam
3067 496 3224 554 pacto
3253 488 3334 543 his
3377 489 3602 546 vinculis

339 576 575 646 πρᾶγμα
608 575 720 636 τοῖς
761 571 978 635 πολλοῖς
1010 571 1416 626 εὐκταιότατον.
1447 572 1699 636 Τοιοῦτος
1745 572 1845 643 μὲν
1899 575 1928 626 ό

342 666 620 737 βασιλεὺς,
656 666 751 720 καὶ
781 664 952 729 οὕτως
986 663 1125 735 ἔχων
1152 663 1255 734 τῆς
1285 663 1533 735 γνώμης.

413 936 487 990 Τὸ
522 936 580 989 δέ
609 935 1004 989 εὐκλεέστατον
1033 934 1190 1003 γένος
1218 935 1329 987 τῶν
1360 933 1690 1007 χριστιανῶν
1729 934 1826 988 καὶ
1855 934 1926 988 τά

291 1083 296 1088 ,
337 1031 448 1084 τῶν
481 1029 732 1101 μοναχῶν
764 1029 943 1100 πλήθη
994 1030 1122 1098 παρ’
1162 1029 1314 1082 οὐδὲν
1355 1016 1573 1098 θέμενοι
1603 1027 1663 1080 τὺ
1699 1027 1796 1080 τοῦ
1829 1028 1925 1098 βα-

341 1123 537 1185 σιλέως
577 1122 741 1184 σέϐας
767 1163 782 1185 ,
842 1122 934 1174 καὶ
982 1120 1081 1192 τὴν
1121 1119 1288 1172 αὑτοῦ
1325 1119 1403 1190 μὴ
1437 1120 1738 1184 δεδοικότες
1786 1121 1925 1180 ὅλως

336 1214 604 1285 ἀπειλὴν,
654 1213 994 1286 προέκοπτον
1046 1215 1112 1283 τῇ
1159 1213 1252 1265 τοῦ
1294 1212 1530 1283 Χριστοῦ
1579 1212 1804 1283 χάριτι,
1843 1216 1926 1277 είς

339 1306 507 1374 λόγου
541 1304 826 1373 κρείττονα
853 1303 1062 1374 πληθὺν
1093 1302 1440 1366 ἐπιδιδόντες,
1470 1305 1561 1355 καὶ
1585 1302 1793 1374 βραχὺν
1827 1302 1926 1372 μὲν

336 1398 656 1467 ποιούμενοι
704 1395 799 1448 τοῦ
853 1395 1118 1466 βασιλέως
1165 1395 1324 1464 λόγον
1358 1395 1497 1468 (9.5),
1529 1397 1640 1450 τῶν
1687 1397 1743 1450 δὲ
1787 1397 1925 1469 πρὸς

337 1490 639 1563 θεραπείαν
675 1490 726 1559 7
758 1489 1035 1559 φερόντων
1066 1488 1200 1541 Θεοῦ
1241 1489 1606 1559 διαφερόντως
1650 1489 1922 1560 ἐχόμενοι.

335 1583 453 1635 Καὶ
481 1580 568 1634 διὰ
607 1580 766 1632 τοῦτο
796 1578 987 1632 πολλοὶ
1023 1580 1132 1632 τῶν
1165 1578 1264 1648 τὴν
1307 1578 1604 1650 μοναδικὴν
1638 1580 1924 1652 ἐπανῃρη-

340 1674 520 1744 μένων
547 1672 733 1737 τάξιν,
768 1672 949 1725 πάντα
992 1671 1091 1741 μὲν
1121 1670 1318 1742 ἐπίσης
1343 1671 1412 1724 τὰ
1445 1671 1679 1725 ἐνταῦθα
1710 1673 1925 1743 τερπνά

335 1766 617 1828 διέπτυον,
659 1763 797 1836 πρὸς
852 1763 910 1815 ἓν
943 1763 1000 1816 δὲ
1039 1763 1199 1833 μόνον
1228 1763 1390 1816 τοῦτο
1425 1760 1569 1833 εἶχον
1603 1763 1885 1834 ἐρωτικῶς
1908 1803 1922 1826 ,

336 1859 439 1926 τὴν
477 1857 760 1910 εὑσέῦειαν
787 1894 802 1919 ,
843 1857 938 1909 καὶ
971 1855 1062 1908 τὸν
1093 1856 1235 1925 ὑπὲρ
1267 1856 1508 1927 Χριστοῦ
1549 1857 1780 1910 θάνατον
1820 1857 1924 1908 ἐδί-
1962 1839 2002 1893 Β

333 1947 477 2018 ψων,
504 1949 600 2002 καὶ
626 1948 727 2019 τῆς
756 1949 967 2001 ἐκεῖθεν
991 1948 1266 2018 ὠρέγοντο
1296 1951 1720 2019 μακαριότητος.
1764 1951 1924 2020 Ἑκή-

339 2057 534 2110 ρυττον
577 2037 692 2100 οὖν.
743 2041 804 2092 οὑ
839 2040 990 2108 φόϐῳ
1039 2042 1148 2093 τινὶ
1189 2040 1282 2094 καὶ
1315 2041 1584 2112 ὑποστολῇ
1609 2080 1623 2102 ,
1659 2041 1794 2094 ἀλλά
1828 2041 1924 2094 καὶ⁹

334 2132 457 2184 λίαν
487 2133 979 2203 εὑπαρρησιάστως
1007 2133 1068 2186 τὸ
1101 2132 1194 2185 τοῦ
1231 2131 1365 2185 Θεοῦ
1409 2136 1676 2203 σωτήριον
1711 2133 1917 2204 ὄνομα,

333 2219 434 2271 καὶ
458 2219 610 2271 οὐδὲν
650 2220 679 2272 ὃ
699 2237 753 2272 τι
805 2219 881 2292 μὴ
913 2220 1149 2291 Χριστὸς
1179 2221 1367 2284 αὑτοῖς
1409 2221 1499 2273 διὰ
1531 2222 1797 2291 στόματος
1829 2219 1919 2294 ἦν,

332 2311 438 2380 τήν
476 2328 536 2364 τε
567 2310 804 2383 ῥευστὴν
852 2314 948 2366 καὶ
986 2313 1340 2384 εὑμάραντον
1380 2316 1544 2384 φύσιν
1573 2317 1683 2370 τῶν
1716 2319 1923 2390 παρόν-

329 2423 455 2460 των
496 2409 594 2461 καὶ
641 2407 703 2461 τὺ
739 2408 939 2476 πάγιον
976 2411 1074 2462 καὶ
1121 2409 1404 2481 ἄφθαρτον
1455 2411 1555 2480 τῆς
1616 2412 1923 2484 μελλούσης

333 2498 483 2568 ζωῆς
518 2499 769 2570 φανερῶς
803 2502 971 2554 πᾶσιν
1018 2502 1392 2568 ὑπεδείκνυον,
1428 2507 1524 2559 καὶ
1554 2507 1718 2560 οἱονεὶ
1751 2510 1924 2580 ἀφορ-

335 2591 446 2659 μὰς
471 2595 734 2663 παρεῖχον
771 2594 866 2645 καὶ¹
911 2594 1206 2664 σπέρματα
1239 2596 1376 2666 πρὸς
1401 2597 1463 2650 τὸ
1494 2599 1731 2662 οἰκείους
1769 2600 1925 2668 γενέ-

336 2681 466 2734 σθαι
497 2681 616 2752 Θεῷ
645 2685 740 2736 καὶ¹
770 2684 872 2753 τῆς
906 2685 964 2736 ἐν
993 2686 1218 2756 Χριστῷ
1250 2689 1642 2759 κρυπτομένης
1684 2690 1928 2763 ἀξιωθῆ-

335 2790 430 2825 ναι
460 2773 612 2843 ζωῆς
643 2775 780 2845 (26).
829 2774 1110 2830 Ἐντεῦθεν
1141 2777 1350 2846 πολλοὶ,
1381 2781 1482 2850 τῆς
1513 2781 1737 2852 ἡδίστης
1780 2783 1928 2836 ἐκεί-

333 2879 436 2933 νης
492 2865 846 2930 διδασκαλίας
906 2865 1020 2936 (27)
1082 2868 1478 2937 ἀπολαύοντες,
1536 2872 1630 2926 τοῦ
1681 2875 1780 2945 μὲν
1839 2893 1929 2929 πι-

335 2956 472 3025 κροῦ
512 2960 612 3028 τῆς
653 2958 868 3029 ἀπάτης
892 2961 1191 3029 ἀφίσταντο
1229 2965 1492 3027 σκότους.
1536 2965 1612 3036 τῷ
1638 2967 1695 3020 δέ
1733 2967 1929 3035 γλυκεῖ

335 3053 442 3122 τῆς
471 3051 730 3122 ἀληθείας
759 3055 900 3123 φωτὶ
930 3057 1345 3126 προσετίθεντο·
1387 3058 1462 3122 ὼς
1490 3061 1584 3112 καί
1623 3078 1780 3126 τινας
1817 3063 1928 3117 τῶν

2033 566 2349 637 solveretur,
2380 583 2443 624 ac
2466 572 2727 636 susceptis
2755 573 2934 628 liberis
2969 579 3133 642 patris
3179 596 3369 635 nomen
3395 582 3600 638 obtine-

2032 667 2134 724 ret,
2167 675 2273 727 quo
2302 660 2550 716 videlicet
2576 664 2713 733 apud
2745 667 3024 735 plerosque
3054 670 3182 724 nihil
3225 683 3310 727 est
3345 675 3598 744 optatius.

2032 748 2207 818 Atque
2232 750 2531 820 hujusmodi
2561 768 2652 808 rex
2678 755 2764 810 hic
2791 765 2925 824 erat,
2971 773 3136 829 eaque
3181 772 3356 819 mente
3384 780 3447 820 ac
3475 781 3600 821 sen-

2033 841 2213 895 tetttia.

2101 955 2168 1007 At
2197 954 2551 1009 illustrissima
2581 956 3002 1014 Christianorum
3032 962 3174 1016 natio
3194 1006 3208 1031 ,
3235 972 3288 1017 et
3313 969 3598 1020 monacho-

2031 1065 2148 1104 rum
2174 1063 2424 1116 catervae,
2451 1053 2593 1122 regis
2637 1045 2837 1108 cultum
2868 1071 2930 1110 ac
2969 1062 3362 1114 venerationem
3395 1077 3488 1130 pro
3520 1064 3597 1116 ni-

2033 1143 2140 1196 hilo
2165 1143 2446 1208 ducentes,
2483 1161 2582 1200 nec
2613 1146 2777 1214 ipsius
2821 1149 2993 1203 minas
3024 1159 3354 1216 metuentes;
3385 1169 3476 1221 per
3508 1155 3598 1214 Dei

2029 1237 2249 1304 grati-om
2288 1237 2640 1304 amplissimos
2678 1253 2993 1306 progressus
3023 1239 3307 1306 faciebant,
3340 1255 3390 1297 ut
3423 1245 3509 1311 qui
3544 1247 3595 1298 in

2033 1328 2422 1381 multitudinem
2453 1329 2596 1382 omni
2629 1343 2877 1385 sermone
2909 1333 3161 1400 majorem
3200 1346 3594 1404 excrescerent,

2029 1433 2090 1470 ac
2122 1434 2334 1486 parvam
2366 1423 2582 1475 omnino
2620 1423 2758 1489 regis
2790 1425 3047 1479 rationem
3103 1425 3376 1491 haberent,
3409 1429 3473 1480 iis
3499 1443 3596 1482 au-

2033 1519 2137 1564 tem
2170 1511 2329 1564 rebus
2360 1527 2476 1579 quae
2503 1513 2566 1566 ad
2599 1513 2693 1568 Dei
2731 1514 2932 1568 cultum
2984 1517 3318 1583 pertinebant
3364 1520 3595 1588 singula-

2029 1615 2141 1652 rem
2164 1601 2226 1662 _in
2255 1602 2464 1656 modum
2496 1603 2664 1658 dediti
2697 1615 2896 1659 essent.
2937 1608 3011 1660 Ac
3041 1615 3319 1675 prOpterca
3350 1610 3595 1676 permulti

2030 1707 2092 1744 ex
2125 1692 2187 1744 iis
2217 1694 2301 1760 qui
2334 1693 2398 1746 ad
2432 1696 2780 1749 monasticum
2810 1696 3050 1750 ordinem
3083 1713 3202 1752 sese
3237 1700 3593 1766 contulerant,

2031 1784 2206 1834 omnia
2229 1783 2441 1851 quidem
2471 1801 2528 1838 ca
2558 1801 2674 1853 qua»:
2697 1788 2747 1840 in
2771 1788 2874 1840 vita
2915 1786 3146 1856 jucunda
3177 1799 3301 1843 sunt
3350 1807 3595 1861 peraeque
3683 1848 3692 1853 _

2027 1875 2459 1942 contemnebant,
2494 1877 2764 1945 solitusque
2807 1878 3015 1944 pietatis
3045 1895 3225 1935 amare
3254 1883 3592 1947 tenebantur,

2027 1974 2088 2011 ac
2109 1963 2294 2014 mortis
2327 1978 2421 2028 pro
2450 1963 2664 2017 Christo
2694 1967 2984 2021 subeunda:
3004 1970 3113 2032 siti.
3152 1970 3445 2040 futuraeque
3471 1975 3594 2026 bea-

2028 2053 2267 2107 titudinis
2307 2055 2595 2119 cupiditate
2625 2055 2935 2124 flagrabant.
2973 2059 3161 2130 quue
3205 2064 3447 2126 nomine.
3489 2081 3592 2118 non

2029 2142 2214 2195 timido
2241 2157 2302 2196 ac
2328 2144 2601 2199 dubitante
2630 2147 2827 2210 animo,
2861 2163 3048 2202 verum
3098 2165 3351 2219 perquam
3410 2153 3593 2210 ﬁdenti

2025 2243 2090 2284 ac
2129 2231 2297 2286 libero
2339 2232 2670 2288 salutifernm
2723 2237 2921 2292 Christi
2965 2255 3157 2294 nomen
3213 2244 3590 2311 przedicabant,

2025 2319 2398 2392 Christumque
2429 2340 2588 2380 unum
2619 2329 2670 2380 in
2701 2343 2794 2382 ore
2825 2329 3106 2395 habebant,
3141 2342 3294 2402 atque
3318 2333 3510 2388 ﬂuxam
3539 2345 3593 2390 et

2025 2411 2279 2465 caducam
2329 2415 2668 2481 praesentium
2724 2433 2901 2472 rerum
2958 2431 3233 2486 naturam,
3292 2424 3590 2493 futuraeque
3646 2489 3656 2498 ,

2027 2502 2147 2555 vitm
2195 2502 2493 2558 ﬁrmitatem
2539 2517 2590 2561 et
2635 2508 3082 2566 immortalitatem
3129 2514 3375 2568 omnibus
3419 2517 3590 2584 palam

2025 2605 2250 2663 apteque
2278 2595 2748 2665 demonstrabant,
2783 2614 2845 2655 ac
2874 2602 3017 2655 velut
3044 2604 3278 2658 subsidia
3326 2607 3587 2672 quaedam,

2024 2696 2077 2737 et
2103 2685 2304 2738 semina
2354 2687 2480 2754 ipsis
2509 2691 2868 2760 porrigebant,
2914 2709 3137 2763 quorum
3168 2712 3266 2766 ope
3309 2699 3374 2752 ad
3421 2699 3586 2754 Deum

2025 2790 2146 2829 sese
2171 2776 2510 2842 conferrent,
2560 2782 2826 2849 vitamque
2874 2785 2926 2837 in
2977 2785 3188 2840 Christo
3225 2789 3586 2843 absconditam

2024 2877 2481 2933 consequerentur
2506 2869 2724 2936 (Colon.
2758 2877 2856 2936 tu).
2890 2875 2964 2928 Ex
2994 2890 3098 2944 quo
3125 2877 3371 2933 eﬂ'ectum
3423 2890 3504 2935 est
3531 2889 3588 2934 ut

2025 2955 2198 3020 multi,
2227 2957 2533 3012 suavissima
2579 2961 2664 3014 illa
2696 2964 2930 3018 doctrina
2975 2979 3241 3034 percepta,
3270 2970 3337 3024 ab
3383 2970 3585 3025 acerbis

2025 3051 2222 3103 erroris
2254 3054 2488 3108 tenebris
2527 3056 2903 3122 abscederent,
2931 3069 3089 3127 atque
3117 3061 3181 3115 ad
3211 3062 3415 3117 dulcem
3448 3065 3585 3118 veri-

337 3141 566 3206 ἐνδόξων
611 3141 706 3198 καὶ
748 3146 852 3215 τῆς
900 3148 1209 3219 συγκλήτου
1253 3150 1452 3220 βουλῆς
1499 3153 1681 3208 πάντα
1722 3156 1919 3209 ἀποτί-

2027 3143 2146 3195 tatis
2177 3144 2344 3198 lucem
2391 3160 2511 3199 sese
2541 3146 2911 3218 adjungerent,
2941 3166 3106 3220 usque
3157 3153 3313 3207 adeo.
3343 3163 3399 3207 ut
3449 3170 3585 3207 non-

339 3235 532 3289 θεσθαι
566 3238 634 3292 τὰ
669 3237 764 3291 τοῦ
799 3239 918 3309 βίου
956 3241 1096 3312 βάρη
1133 3243 1226 3296 καὶ
1253 3243 1440 3297 λοιπὸν
1472 3247 1720 3314 γίνεσθαι
1756 3267 1925 3312 μονα-

340 3346 494 3398 χους.

422 3501 482 3555 '0
509 3502 564 3556 δὲ
603 3501 874 3571 βασιλεὺς,
911 3507 986 3571 ὡς
1017 3508 1216 3580 ἢκουσε
1247 3511 1441 3574 ταῦτα,
1469 3514 1640 3584 ὀργῆς
1666 3516 1747 3570 ὃτι
1781 3515 1932 3569 πλεί-

342 3612 479 3666 στης
535 3596 849 3668 πληρωθεὶς
885 3602 994 3659 ,καὶ
1034 3603 1115 3672 τῷ
1149 3603 1306 3674 θυμῷ
1358 3607 1693 3678 ὑπερζέσας.
1749 3608 1931 3680 δόγμα

337 3689 545 3742 αὐτίκα
587 3689 844 3756 ἐξέθετο,
893 3694 1071 3748 πάντα
1124 3696 1453 3767 Χριστιανὸν
1501 3699 1784 3770 βιάζεσθαι
1833 3703 1930 3756 τοῦ

343 3782 679 3851 ἐξόμνυσθαι
734 3785 836 3855 τὴν
886 3786 1192 3842 εὐσέϐειαν.
1225 3790 1391 3843 Ὅθεν
1437 3793 1602 3847 καινά
1658 3794 1757 3866 μὲν
1807 3797 1929 3849 κατ’

338 3873 526 3926 αὑτῶν
553 3875 667 3947 εἴδη
703 3875 952 3946 βασάνων
977 3880 1190 3933 ἐπενόει
1215 3883 1309 3935 καὶ
1339 3885 1632 3954 ἐπετήδευε
1658 3926 1672 3948 ,
1705 3891 1930 3951 καινοὺς

339 3960 402 4014 δὲ
441 3962 680 4032 τρόπους
720 3964 967 4019 θανάτων
1009 3969 1246 4037 ἠπείλει.
1290 3972 1399 4024 Καὶ
1439 3974 1742 4045 γράμματα
1790 3980 1930 4033 κατά

341 4055 546 4107 πᾶσαν
577 4056 678 4126 τὴν
710 4057 944 4129 ὑποτελῆ
985 4058 1135 4130 αὑτῴ
1167 4059 1352 4130 χώραν
1393 4065 1676 4134 ἐπέμπετο
1701 4069 1929 4138 ἄρχουσι

339 4147 443 4199 καὶ
467 4142 723 4218 ἡγεμόσι,
749 4151 806 4220 8
823 4153 1096 4222 τιμωρίας
1122 4155 1264 4207 κατά
1286 4157 1396 4208 τῶν
1413 4159 1471 4209 εὑ
1482 4159 1654 4212 σεϐὦν
1672 4163 1765 4214 καὶ
1795 4179 1932 4232 σφα-

342 4239 449 4307 γὰς
486 4241 704 4305 ἀδίκους
738 4245 1530 4321 ἀποφαινόμενα.Ἐξαιρέτως
1562 4253 1618 4306 δέ
1649 4255 1792 4308 κατὰ
1817 4256 1928 4309 τῶν

341 4333 440 4386 τοῦ
472 4335 762 4404 μοναδικοῦ
802 4335 1084 4409 σχήματος
1123 4341 1364 4409 λογάδων
1423 4343 1786 4417 θυμομαχῶν.
1828 4350 1928 4404 ἇσ-

343 4429 538 4484 πονδον
567 4431 758 4503 ἤγειρε
781 4433 872 4486 τὸν
901 4435 1038 4506 πρὸς
1067 4437 1266 4500 αὐτοὺς
1292 4439 1386 4491 καὶ
1414 4439 1728 4511 ἀκήρυκτον
1762 4443 1924 4497 πόλε-

347 4539 468 4590 μον.
501 4523 688 4596 Ταύτῃ
719 4543 801 4578 τοι
836 4527 932 4579 καὶ
959 4527 1142 4580 πολλοὶ
1172 4529 1272 4598 μὲν
1301 4531 1412 4583 τῶν
1440 4534 1650 4588 πιστῶν
1680 4535 1780 4606 τὴν
1806 4536 1925 4590 διά-

344 4631 498 4667 νοιαν
551 4618 979 4683 ἀνεσαλεὺοντο,
1016 4620 1166 4674 ἄλλοι
1223 4622 1315 4690 δὲ,
1367 4625 1470 4688 τάς
1528 4626 1799 4696 βασάνους
1855 4629 1929 4702 μὴ

344 4704 666 4774 δυνηθέντες
715 4710 1042 4779 ὑπενεγκεῖν
1079 4753 1092 4776 ,
1126 4713 1203 4784 τῷ
1255 4715 1501 4787 ἀθεμίτῳ
1553 4720 1721 4773 αὑτοῦ
1780 4718 1929 4776 εἶκον

346 4799 754 4869 προστάγματι.
784 4804 845 4856 Οί
869 4803 926 4856 δέ
958 4804 1052 4858 τοῦ
1082 4811 1380 4885 μοναχικοῦ
1413 4809 1694 4880 τάγματος
1725 4815 1930 4885 ἡγεμό-

345 4909 436 4956 νες
473 4894 567 4946 καὶ
596 4896 851 4965 ἀρχηγοὶ,
883 4898 932 4950 οἱ
969 4898 1067 4967 μὲν
1101 4941 1114 4963 ,
1141 4894 1458 4970 ἐλέγχοντες
1487 4903 1650 4954 αὑτοῦ
1687 4903 1784 4974 τὴν
1812 4908 1934 4959 ἀνο-

349 4986 502 5054 μίαν,
541 4985 602 5039 τὺ
659 4987 748 5042 διὰ
792 4991 1092 5060 μαρτυρίου
1140 4992 1460 5062 ὑπήνεγκαν
1501 4994 1653 5058 τέλος
1689 4997 1784 5048 καὶ
1834 5001 1934 5068 τῆς

347 5078 585 5149 ἀλήκτου
625 5081 890 5151 ἐπέτυχον
925 5084 1332 5154 μακαριότητος
1357 5101 1370 5114 ο
1407 5086 1458 5136 οἱ
1486 5085 1542 5138 δέ
1581 5087 1638 5139 ἐν
1671 5089 1931 5160 ἐρημίαις

348 5171 444 5223 καὶ
471 5171 654 5243 ὄρεσιν
688 5173 1123 5242 ἀπεκρύπτοντο,
1156 5177 1215 5229 οὑ
1257 5177 1365 5229 δέει
1399 5178 1509 5230 τῶν
1537 5179 1931 5251 ὴπειλημένων

351 5262 623 5332 βασάνων,
655 5266 769 5318 ἀλλ’
798 5267 1084 5338 οἰκονομίᾳ
1113 5269 1220 5323 τινὶ
1254 5269 1523 5342 θειοτέρᾳ.

2025 3233 2150 3284 nulli
2181 3235 2338 3286 etiam
2371 3233 2603 3289 illustres
2632 3237 2729 3290 viri
2758 3253 2819 3291 ac
2839 3251 3134 3301 senatores.
3169 3241 3390 3310 abiectis
3429 3243 3586 3311 hujus

2022 3321 2146 3374 vitae
2189 3324 2434 3391 sarcinis,
2491 3326 2541 3379 in
2597 3330 2974 3382 monachorum
3031 3331 3208 3385 album
3254 3349 3373 3387 sese
3419 3337 3585 3401 ascri-

2022 3411 2224 3468 herent.

2094 3503 2204 3558 Rex
2232 3514 2404 3557 autem
2437 3507 2522 3559 ubi
2567 3507 2679 3560 haec
2726 3507 3002 3569 intellexit,
3051 3509 3247 3576 iugo-nti
3357 3511 3587 3564 iracun-

2029 3585 2117 3640 dia
2244 3604 2562 3654 mnunutu5.
2597 3605 2756 3663 atque
2796 3597 3158 3659 indignatione
3209 3597 3437 3656 fervens.
3477 3609 3588 3651 sta-

2024 3676 2122 3731 tim
2151 3675 2322 3729 edicto
2352 3677 2524 3728 sanxit
2547 3686 2604 3729 ut
2638 3677 2921 3730 Christiani
2961 3692 3148 3730 omnes
3195 3678 3442 3741 pietatem
3475 3676 3590 3740 eju-

2018 3781 2142 3822 rare
2165 3777 2498 3837 cogerentur.
2525 3770 2605 3823 Ac
2633 3769 2885 3835 deinceps
2915 3783 3048 3821 nova
3089 3766 3468 3834 suppliciorum
3497 3780 3590 3833 ge-

2020 3873 2145 3912 nera
2176 3860 2700 3924 comminiscebatur,
2731 3871 2888 3929 atque
2906 3859 3152 3913 inusitata
3179 3859 3367 3911 mortis
3391 3871 3586 3927 genera

2019 3949 2337 4012 minabatur;
2371 3949 2678 4017 litterasque
2702 3949 2764 4002 ad
2799 3965 2984 4002 onines
3013 3949 3241 4016 regionis
3269 3947 3452 4000 ditiuni
3480 3961 3590 4001 sua:

2016 4037 2266 4106 subjectae
2291 4049 2467 4106 partes
2495 4040 2754 4104 mittebat,
2788 4041 2974 4108 quibus
3005 4048 3060 4092 et
3105 4037 3365 4105 praefectis
3397 4047 3450 4091 et
3489 4037 3587 4089 du-

2019 4129 2170 4182 cibus
2198 4131 2487 4195 imperabat
2517 4141 2574 4185 ut
2603 4133 2882 4186 tormentis
2927 4141 3084 4199 atque
3135 4133 3328 4197 iniqu's
3357 4129 3590 4182 caedibus

2019 4220 2071 4274 in
2106 4221 2347 4274 homines
2369 4223 2564 4290 pietate
2585 4223 2832 4290 praeditos
2862 4231 3250 4289 grassarentur.
3289 4222 3587 4274 Prmsertim

2020 4323 2195 4366 autem
2220 4313 2271 4365 in
2302 4313 2776 4380 prmstantissintos
2805 4319 3042 4382 quosque
3084 4312 3359 4364 monastici
3387 4311 3590 4363 ordinis

2016 4407 2457 4469 excandescebat,
2487 4415 2644 4474 atque
2674 4406 3010 4474 implacabile
3038 4405 3316 4458 adversum
3367 4417 3460 4458 eos
3489 4402 3592 4455 bel-

1961 4495 2125 4586 Dlum
2151 4494 2435 4548 excitabat.
2461 4495 2540 4548 Ob
2589 4509 2812 4561 eamque
2837 4510 3049 4549 causam
3080 4495 3313 4562 priorum
3355 4492 3590 4586 plerique

2015 4585 2194 4636 animo
2217 4583 2568 4637 vacillabant:
2600 4585 2686 4636 alii
2740 4592 2940 4647 autem,
2991 4584 3112 4650 quia
3141 4583 3462 4635 cruciatibus
3508 4581 3591 4634 fe-

2015 4673 2197 4728 rendis
2241 4671 2473 4739 impares
2524 4684 2697 4735 erant,
2731 4674 2933 4727 nefario
2964 4675 3128 4741 ipsius
3169 4672 3392 4739 imperio
3441 4686 3591 4738 pare-

2014 4763 2159 4818 bant.
2190 4763 2261 4816 At
2290 4778 2419 4818 vero
2445 4765 2751 4817 monasticae
2780 4765 2964 4818 classis
2993 4763 3156 4817 duces
3177 4775 3336 4830 atque
3385 4761 3593 4814 antisti-

2017 4861 2120 4916 tes,
2156 4853 2346 4920 partim
2381 4853 2544 4922 ipsius
2586 4853 2921 4920 iniquitatetn
2962 4862 3312 4919 coarguentes
3341 4865 3404 4902 ac
3450 4849 3590 4902 refuo

2021 4953 2214 5007 tantes,
2251 4944 2508 5013 martyrio
2529 4945 2688 4996 vitam
2745 4944 3013 5007 tiniebant,
3043 4951 3201 5008 atque
3229 4941 3294 4992 ad
3317 4939 3592 5004 sempiter-

2021 5050 2140 5086 nam
2169 5035 2554 5088 beatitudinem
2605 5035 3024 5102 perveniebant;
3064 5033 3250 5100 partim
3302 5031 3353 5082 in
3398 5030 3585 5081 solitu-

2015 5125 2225 5180 dinibus
2253 5135 2306 5180 et
2352 5126 2620 5179 montibus
2665 5141 2783 5178 sese
2813 5124 3168 5183 occultabant,
3203 5136 3307 5173 non
3359 5130 3592 5172 tormen-

2016 5224 2186 5268 torum
2220 5231 2337 5283 qua:
2391 5215 2519 5284 ipsis
2550 5215 2999 5267 denuntiabantur
3050 5223 3217 5276 metu,
3253 5225 3433 5290 verum
3465 5209 3592 5263 divi'

2016 5305 2162 5359 niore
2191 5306 2417 5373 quodam
2459 5305 2680 5359 consilio
2709 5319 2771 5358 ac
2803 5303 3152 5372 providentia.

565 5670 831 5763 ξιξηβραχῖξ
863 5691 1026 5763 pan.
1061 5677 1170 5728 τῶν
1197 5676 1290 5763 τοῦ
1321 5675 1822 5763 βλλόγονκΑριοιι..
1858 5679 1928 5733 Lil

2022 5683 2198 5763 alis-0.
2235 5684 2304 5763 59
2332 5688 2409 5763 ᾖὴ
2454 5686 2654 5763 ὃέ-τῶν
2687 5687 2970 5763 μὲν-λόγον
3009 5693 3246 5744 ἐποιεῖτο
3279 5690 3511 5763 βραχύν.

763 5739 827 5796 ad
863 5739 1070 5828 Colossi.
1105 5763 1186 5828 tu,
1219 5749 1252 5802 5
1278 5739 1540 5828 εζἩΞρὴ
1583 5749 1736 5828 ὑμῶν
1764 5752 1928 5820 κέκρυ

2022 5771 2068 5806 ιι
2107 5755 2203 5807 σὺν
2224 5755 2302 5824 τῷ
2328 5739 2547 5827 Χριστῷ
2583 5759 2640 5809 ἐν
2666 5739 2742 5828 τῷ
2773 5739 2906 5828 Θεῷ..

426 5810 538 5880 (27)
579 5811 791 5881 lEpist.
821 5817 886 5869 ad
919 5810 1264 5883 Timotltrtv,
1297 5818 1329 5873 (Ξ
1359 5837 1370 5872 :
1413 5810 1838 5891 Ἐντρεῲόμενος
1870 5810 1928 5875 το

2023 5825 2204 5894 λόγοις
2247 5810 2346 5896 si};
2380 5810 2618 5891 πίστέως
2651 5811 2746 5883 κείὶ
2777 5812 2874 5900 τῆς
2906 5831 3080 5901 καλῆς
3107 5831 3476 5898 διδασκαλίας.
