4070 6442
473 375 572 438 867

1944 352 2325 415 ADDENDA.

3627 360 3727 420 868

545 492 674 546 Car.
715 489 779 544 ll.
817 516 887 530 —-
923 485 1056 542 Cum
1078 487 1254 555 itaque
1278 478 1581 554 bujusmodi
1603 477 1770 547 caligo
1798 473 2048 530 ludorum

2229 468 2390 520 ΚΕΦ.
2428 466 2502 519 B'.
2549 467 2661 536 Τῆς
2702 468 2957 537 τοιαύτης
2985 463 3080 520 οὖν
3112 467 3455 538 σκοτομήνης
3493 467 3592 534 τὴν
3629 470 3730 522 τῶν

478 583 750 651 regionem
780 581 1079 642 invasisset,
1123 592 1186 631 ac
1231 576 1302 646 pii
1332 585 1387 630 et
1436 573 1605 628 sancti
1657 570 1762 624 viri
1819 565 2049 635 undique

477 681 828 734 vexarentur,
876 669 1162 737 impietatis
1190 676 1368 721 autem
1410 670 1830 732 propugnatores
1861 657 2050 727 opibus

479 778 542 817 ac
565 760 795 832 potentia
826 759 1098 824 ﬂorerent,
1123 767 1283 827 atque
1317 755 1599 811 cruoribus
1628 763 1680 806 et
1718 751 2049 805 victimarum

478 853 666 908 nidore
695 852 809 919 ipse
836 864 1043 919 quoque
1072 864 1166 903 aer
1193 847 1512 908 inﬁceretur,
1564 857 1699 897 unus
1728 856 1758 895 e
1785 841 2050 910 regiorum

480 952 812 1009 satraparum
842 938 1187 1008 principibus,
1236 936 1398 990 animi
1432 932 1754 997 fortitudine,
1788 927 2052 997 corporis-

481 1047 582 1101 que
611 1031 966 1100 magnitudine
1012 1043 1073 1082 ac
1112 1017 1531 1096 pulchritudine,
1563 1023 1877 1089 caeterisque
1923 1015 2041 1069 aliis

482 1123 663 1188 rebus,
694 1121 884 1188 quibus
911 1119 1144 1188 corporis
1162 1118 1420 1184 elegantia
1449 1113 1682 1171 etanimi
1703 1109 2049 1182 generositas,

483 1225 730 1282 tanquam
761 1211 920 1267 certis
943 1212 1258 1282 quibusdam
1284 1212 1421 1264 notis
1451 1207 1674 1276 exprimi
1698 1206 1892 1267 solent,
1919 1202 2052 1254 alios

485 1321 672 1360 omnes
698 1306 1064 1360 antecellebat.
1111 1302 1468 1369 Quamobrem
1505 1315 1627 1354 cum
1667 1299 1884 1365 impium
1923 1293 2050 1348 illud

484 1395 716 1449 edictum
760 1396 1024 1459 audisset,
1067 1394 1205 1448 inani
1248 1392 1345 1445 hac
1396 1400 1551 1455 atque
1605 1386 1751 1440 humi
1805 1392 2052 1452 serpente

485 1486 653 1555 gloria
683 1497 735 1541 et
759 1485 970 1540 deliciis
999 1489 1176 1539 valere
1199 1483 1383 1552 jussis,
1415 1478 1480 1532 ad
1512 1475 1893 1532 monachorum
1941 1488 2051 1528 cm-

487 1587 597 1632 tum
629 1593 750 1632 sese
799 1577 1120 1647 aggregavit,
1155 1585 1311 1643 atque
1351 1572 1403 1625 in
1445 1571 1573 1624 locis
1608 1566 1863 1622 solitariis
1899 1580 2056 1618 exsu-

487 1671 627 1736 lans,
653 1669 872 1739 jejuuiis
897 1676 950 1724 et
988 1668 1196 1735 vigiliis,
1238 1679 1298 1718 ac
1335 1661 1573 1732 diligenti
1604 1649 1940 1714 oraculorum
1971 1657 2054 1709 di-

489 1764 732 1819 vinorum
765 1760 1108 1814 meditatione
1155 1770 1342 1812 sensus
1372 1769 1498 1809 suos
1526 1751 1766 1821 apprime
1806 1764 2059 1820 repurga-

2171 554 2348 607 Ἰνδῶν
2383 555 2824 628 καταλαΰούσης,
2862 559 2958 611 καὶ
2979 556 3088 610 τῶν
3117 557 3217 628 μέν
3240 557 3451 611 πιστῶν
3473 558 3732 612 fidit-306:9

2157 648 2552 717 ἐλαυνομένων,
2581 649 2692 700 τῶν
2716 649 2772 702 δὲ
2803 650 2902 719 τῆς
2925 649 3183 712 ἀσεϐείας
3208 649 3576 703 ὑπασπιστῶν
3601 667 3732 720 κρα-

2155 741 2488 810 τυνομένων,
2533 742 2728 811 αἵμασι
2765 759 2822 794 τε
2861 742 2954 793 καὶ
2997 741 3211 806 κνίσαις
3259 741 3368 794 τῶν
3406 741 3610 794 θυσιῶν
3647 743 3734 794 καῖ

2160 834 2324 886 αὑτοῦ
2353 835 2416 904 δὴ
2447 833 2542 888 τοῦ
2573 834 2736 904 ἀέρος
2774 833 3142 904 μολυνομένου
3167 877 3181 899 ,
3213 829 3293 897 εἷς
3321 834 3430 886 τῶν
3460 833 3556 886 τοῦ
3587 833 3734 902 βάσι-

2157 926 2290 990 λέως
2319 968 2332 990 ,
2380 927 2808 997 ἀρχισατράπης
2854 926 2954 996 τὴν
3016 926 3195 992 ἀξίαν,
3237 927 3416 996 ψυχῆς
3456 930 3736 998 παραστή-

2161 1036 2292 1088 ματι
2322 1058 2336 1080 ,
2388 1017 2610 1088 μεγέθει
2636 1035 2694 1070 τε
2728 1019 2820 1070 καὶ
2850 1018 3074 1080 κάλλει,
3117 1019 3212 1071 καὶ
3249 1021 3415 1071 πᾶσιν
3454 1019 3634 1080 ἄλλοις
3662 1014 3738 1080 οἷς

2159 1109 2277 1181 ῶρα
2307 1109 2559 1181 σώματος
2583 1110 2676 1162 καὶ
2701 1111 3022 1180 γενναιότης
3055 1111 3236 1181 ψυχῆς
3264 1111 3521 1181 ἀνδρείας
3571 1129 3738 1181 χαραο

2159 1201 2518 1272 κτηρίζεσθαι
2544 1202 2779 1270 πέφυκε,
2813 1202 2921 1254 τῶν
2951 1202 3128 1256 ἄλλων
3159 1201 3423 1272 ἐτύγχανε
3447 1201 3736 1271 διαφέρων.

2162 1293 2236 1345 Τὸ
2278 1293 2474 1355 ἀσεϐὲς
2516 1289 2609 1346 οὖν
2658 1296 2834 1346 ἐκεῖνο
2886 1295 3218 1365 πρόσταγμα
3268 1293 3511 1357 ἀκούσας
3561 1290 3735 1357 οὗτος,

2160 1386 2371 1456 χαίρειν
2412 1385 2582 1438 εἰπὼν
2604 1389 2670 1457 τῇ
2705 1386 2912 1456 ματαία
2942 1386 3112 1456 ταύτῃ
3161 1387 3255 1438 καὶ
3283 1387 3436 1439 κάτω
3468 1382 3738 1457 συρομένῇ

2159 1478 2286 1550 δόξῃ
2315 1496 2374 1530 τε
2410 1480 2504 1532 καὶ
2531 1483 2706 1549 τρυφῇ
2733 1517 2746 1542 ,
2775 1481 2895 1541 ταῖς
2923 1478 3030 1531 τῶν
3062 1479 3314 1548 μοναχῶν
3353 1478 3578 1546 λογάσιν
3616 1479 3732 1530 ἐαυ-

2162 1571 2253 1624 τὸν
2288 1570 2672 1640 ἐγκατέμιξεν,
2728 1571 3016 1642 ὑπερόριος
3064 1570 3356 1640 γενόμενος
3403 1572 3462 1623 ἐν
3518 1570 3740 1640 ἐρήμοις

2162 1663 2371 1727 τόποις,
2398 1663 2678 1732 νηστείαις
2694 1679 2752 1714 τε
2779 1663 2872 1714 καὶ
2894 1661 3225 1733 ἀγρυπνίαις
3251 1661 3345 1714 καὶ
3363 1664 3426 1731 τῇ
3447 1662 3558 1714 τῶν
3586 1661 3740 1714 θείων

2163 1755 2363 1823 λογίων
2412 1757 2669 1827 ἐπιμελεῖ
2711 1755 2912 1826 μελέτῃ
2953 1757 3052 1818 τὰς
3097 1755 3382 1825 αἰσθήσεις
3412 1754 3612 1826 ἄριστα
3651 1757 3738 1807 ἐκ·

490 1853 603 1918 bat,
635 1865 972 1918 animumque
1018 1849 1084 1899 ab
1113 1849 1253 1901 omni
1282 1844 1468 1898 vitiosa
1499 1843 1777 1896 all'ectione
1824 1839 2055 1895 solutum

2167 1847 2433 1916 καθάρας,
2456 1826 2547 1900 καὶ
2571 1848 2670 1918 τὴν
2697 1847 2896 1918 ψυχὴν,
2922 1849 3101 1919 πάσης
3124 1848 3438 1915 ἀπαλλάξας
3464 1849 3743 1919 ἐμπαθοῦς

491 1952 545 1996 et
581 1941 902 2004 abductum,
941 1953 1000 1991 ea
1043 1939 1160 1990 luce
1191 1951 1349 2004 quam
1388 1932 1738 2002 tranquillitas
1780 1945 1810 1984 a
1855 1929 2060 1983 vitiosis

492 2032 863 2088 aﬂectioni‘bus
894 2030 1029 2098 parit
1061 2027 1377 2081 illustrabat.
1420 2025 1530 2078 Rex
1564 2032 1758 2088 autem,
1791 2037 1908 2075 cum
1937 2035 2058 2074 eum

497 2125 750 2195 majorem
780 2123 833 2176 in
877 2122 1088 2175 modum
1121 2121 1384 2188 diligeret,
1433 2128 1594 2186 atque
1640 2115 1691 2168 in
1749 2114 1950 2167 honore
2000 2127 2062 2166 ac

494 2217 664 2287 pretio
695 2217 935 2280 haberet,
969 2225 1025 2267 ut
1053 2217 1151 2266 hoc
1179 2212 1396 2270 audivit.
1431 2210 1498 2263 de
1529 2208 1684 2262 amici
1727 2207 1929 2274 jactura
1960 2203 2061 2257 do-

496 2311 660 2364 lorem
689 2317 866 2361 animo
896 2315 1054 2374 cepit,
1088 2303 1555 2370 vehementiusque
1596 2299 1847 2352 adversus
1879 2310 2065 2349 mona-

497 2400 627 2454 chos
667 2399 887 2454 exarsit.
919 2398 1090 2464 Atque
1119 2411 1238 2450 cum
1288 2393 1530 2447 homines
1577 2389 1642 2445 ad
1675 2405 1794 2442 eum
1845 2385 2062 2453 conqui-

497 2487 720 2541 rendum
751 2498 1173 2554 quaquaversum
1206 2482 1456 2546 misisset,
1504 2488 1576 2546 et,
1621 2475 2062 2547 quemadmodum

481 2581 661 2649 ,vulgo
688 2578 899 2641 dicitur,
931 2577 1130 2630 nullum
1156 2591 1258 2629 non
1286 2573 1516 2642 lapidem
1611 2570 1868 2625 movisset
1960 2582 2067 2636 quo

501 2687 630 2728 eum
661 2671 942 2729 inveniret,
966 2667 1245 2736 aliquando
1267 2675 1385 2735 post
1416 2665 1490 2718 illi
1513 2663 1598 2731 qui
1626 2663 1690 2716 ad
1715 2676 1835 2715 eum
1864 2660 2069 2712 investi-

501 2763 730 2834 gandum
762 2762 904 2815 missi
932 2759 1160 2826 fuerant,
1191 2769 1248 2810 ut
1281 2772 1399 2810 eum
1431 2757 1482 2808 iu
1507 2753 1792 2808 solitudine
1822 2766 2066 2806 commo-

504 2854 610 2908 rari
633 2859 936 2914 senserunt,
965 2851 1035 2904 ita
1067 2847 1379 2915 perserutati
1409 2853 1552 2906 sunt.
1601 2855 1658 2897 ut
1688 2843 1898 2896 tandem
1945 2858 2064 2894 eum

505 2943 825 3010 arriperent,
848 2951 1005 3004 atque
1033 2939 1096 2991 ad
1120 2937 1258 3005 regis
1279 2932 1505 2989 tribunal
1533 2933 1796 2986 sisterent.
1831 2933 1940 2984 ltex
1971 2947 2067 2983 au-

507 3044 636 3098 tem,
659 3048 778 3086 cum
807 3046 926 3084 cum
962 3031 1048 3097 qui
1085 3027 1349 3098 quondam
1379 3023 1668 3093 splendidis
1697 3022 1928 3076 vestibus
1957 3033 2068 3074 ule-

507 3127 680 3187 batur,
713 3130 870 3188 atque
905 3120 956 3173 in
985 3118 1188 3187 magnis
1213 3116 1418 3170 deliciis
1460 3115 1619 3167 vitam
1650 3113 1914 3182 exigebat,
1964 3124 2067 3165 tam

509 3213 682 3266 viliter
712 3221 762 3264 et
799 3207 1005 3277 ahjecte
1043 3209 1312 3271 amictum,
1349 3218 1410 3258 ac
1449 3204 1705 3270 religiosae
1742 3202 2069 3256 exercitatio-

509 3305 593 3357 nis
622 3301 910 3363 aSperitate
937 3298 1210 3359 afﬂictum,
1236 3296 1456 3364 vitaque
1487 3293 1734 3346 solitaria:
1761 3295 1906 3361 signa
1934 3292 2067 3344 haud

509 3395 732 3446 obscure
755 3398 1045 3456 gestantem
1067 3387 1456 3454 conspexisset,
1483 3397 1712 3437 mmrore
1737 3382 1891 3435 simul
1914 3393 2072 3450 atque

510 3483 777 3537 iractmdia
811 3480 1143 3548 implebatur,
1169 3485 1325 3544 atque
1365 3491 1428 3529 ex
1467 3486 1691 3541 utroque
1717 3472 1905 3526 affectu
1940 3483 2072 3525 tem-

515 3585 697 3642 perato
726 3587 992 3634 sermone,
1036 3569 1106 3621 ita
1137 3583 1254 3620 eum
1285 3566 1543 3619 allocutus
1575 3574 1652 3616 est
1683 3580 1696 3616 :

581 3690 624 3739 υ
655 3702 837 3739 vecors
885 3695 938 3739 et
965 3688 1206 3749 demens,
1248 3686 1369 3753 quid
1397 3695 1448 3739 te
1500 3687 1715 3739 adduxit
1739 3695 1793 3740 ut
1821 3685 2073 3738 honorem

511 3795 630 3831 cum
667 3781 973 3848 ignominia,
1001 3787 1056 3831 et
1078 3779 1329 3830 illustrem
1353 3781 1566 3848 gloriam
1599 3793 1716 3831 cum
1741 3777 1876 3844 turpi
1905 3793 1966 3830 ac
1990 3777 2076 3831 de-

513 3869 720 3922 deeoris
765 3869 918 3935 pleno
967 3868 1143 3920 habitu
1178 3870 1576 3922 commutares?
1614 3868 1823 3922 Siccine
1854 3877 1936 3931 tn,
1970 3869 2059 3934 qui

515 3975 680 4025 regno
704 3974 821 4012 meo
853 3972 1102 4026 μηνίει-δε,
1134 3969 1294 4027 atque
1330 3959 1380 4010 in
1417 3959 1594 4026 copias
1625 3973 1768 4011 meas
1797 3958 2073 4023 imperium

515 4053 741 4106 militare
763 4049 1057 4111 obtinebas,
1090 4050 1314 4115 teipsnm
1357 4063 1634 4115 puerorum
1676 4046 1959 4100 ludibrium
1997 4045 2074 4098 ef-

517 4134 708 4200 fecisti,
734 4151 794 4186 ac
819 4151 919 4186 non
953 4150 1038 4187 mo
1058 4140 1108 4188 lo
1131 4152 1261 4188 mea:
1285 4138 1530 4191 amicitiae
1559 4138 1864 4192 memoriam
1886 4151 1953 4193 ex
1967 4137 2082 4193 ani-

515 4237 604 4277 mo
630 4226 809 4292 procul
836 4225 1058 4292 ejecisti,
1085 4241 1266 4280 Verum
1293 4228 1453 4282 etiam
1489 4227 1746 4282 adversus
1774 4227 1942 4296 ipsam
1982 4245 2078 4283 na-

513 4323 682 4366 turam
708 4315 957 4381 impetum
985 4315 1172 4376 fecisti,
1201 4331 1260 4368 ac
1291 4332 1355 4370 ne
1379 4326 1586 4370 tuorum
1615 4317 1822 4384 quidem
1849 4319 2078 4373 ﬁliorum

512 4403 851 4458 miseratione
899 4404 1149 4469 allectus,
1197 4415 1304 4458 tum
1357 4421 1513 4475 opes,
1553 4418 1662 4460 tum
1705 4423 1915 4463 omnem
1958 4412 2078 4465 vita:

2168 1935 2406 2004 σχέσεως
2432 1975 2446 1997 ,
2488 1935 2565 2004 τῷ
2614 1935 2716 2006 τῆς
2759 1936 3030 2000 ἀπαθείας
3079 1937 3220 2007 φωτὶ
3262 1937 3737 2009 κατελάμπρυνεν.

2162 2025 2218 2096 9
2271 2026 2326 2080 '0
2353 2027 2408 2079 δὲ
2443 2027 2718 2096 βασιλεὺς,
2755 2028 2898 2081 πάνυ
2927 2029 3118 2082 τοῦτον
3142 2028 3315 2097 φιλῶν
3347 2030 3443 2082 καὶ
3466 2029 3557 2082 διὰ
3577 2030 3742 2100 τιμῆς

2166 2115 2334 2185 ἄγων,
2371 2117 2445 2180 ὡς
2476 2119 2674 2188 ἤκουσε
2708 2118 2902 2182 ταῦτα,
2933 2121 3139 2190 ἤλγησε
3173 2119 3271 2191 μὲν
3303 2120 3403 2191 τὴν
3439 2119 3622 2192 ψυχὴν
3651 2123 3745 2173 ἐπὶ

2164 2212 2230 2279 τῇ
2257 2208 2351 2261 τοῦ
2383 2211 2537 2276 φίλου
2575 2216 2850 2282 στερήσει,
2895 2211 3167 2282 ἐξεκαύθη
3215 2213 3272 2265 δὲ
3304 2212 3469 2267 πλέον
3500 2217 3566 2284 τῇ
3607 2216 3745 2266 κατά

2164 2301 2273 2354 τῶν
2310 2303 2654 2371 μοναζόντων
2693 2303 2854 2375 ὀργῇ.
2896 2304 3008 2357 Καὶ
3045 2304 3112 2374 δὴ
3153 2304 3295 2358 κατά
3322 2305 3551 2376 ζήτησιν
3580 2305 3743 2360 αὑτοῦ

2166 2393 2444 2463 πανταχοῦ
2475 2394 2830 2457 ἀποστείλας,
2868 2397 2963 2448 καὶ
3005 2395 3184 2450 πάντα
3211 2396 3358 2450 λίθον
3396 2399 3648 2468 κινήσας,
3683 2400 3745 2451 τὸ

2165 2485 2258 2537 τοῦ
2307 2485 2464 2553 λόγου
2517 2486 2666 2554 @8),
2721 2485 2861 2540 ὥστε
2910 2487 3100 2541 τοῦτον
3133 2489 3424 2559 ἐφευρεῖν,
3478 2489 3617 2559 μετά
3652 2487 3744 2543 οὖν

2166 2577 2360 2647 χρόνον
2403 2577 2585 2631 ἱκανὸν
2616 2580 2664 2630 οἱ
2698 2581 2777 2638 είς
2805 2579 3134 2650 ἐπιζήτησιν
3163 2581 3326 2634 αὐτοῦ
3357 2581 3705 2651 πεμφθέντες
3726 2623 3737 2640 .

2165 2669 2260 2732 ὼς,
2290 2670 2518 2742 ᾔσθοντο
2555 2672 2615 2724 ἐν
2647 2673 2880 2745 ἐρήμοις
2907 2673 3072 2725 αὑτὸν
3123 2674 3220 2736 τὰς
3251 2675 3497 2745 οἰκήσεις
3531 2675 3739 2746 ἔχοντα.

2166 2763 2613 2834 διερευνήσαντες
2653 2765 2746 2817 καὶ
2781 2765 3168 2835 συλλαϐόμενοι
3189 2805 3203 2829 ,
3247 2765 3324 2836 τῷ
3353 2767 3448 2820 τοῦ
3482 2767 3742 2836 βασιλέως

2169 2857 2523 2926 παρέστησαν
2559 2855 2785 2926 βήματι.
2833 2856 2974 2910 Ἰδὼν
3016 2858 3074 2910 δέ
3107 2858 3269 2910 αὑτὸν
3318 2863 3376 2912 ἐν
3407 2859 3553 2913 οὕτω
3595 2877 3741 2912 πενι-

2169 2946 2275 3014 χρᾷ
2319 2946 2413 2997 καὶ
2460 2945 2776 3017 τραχυτάτῃ
2810 2946 2998 3016 ἐσθῆτι
3025 2947 3116 3000 τὸν
3151 2947 3424 3019 λαμπροῖς
3454 2966 3584 3002 ποτε
3618 2953 3740 3019 ίμα-

2169 3038 2303 3099 τίοις
2341 3039 2743 3107 ἠμφιεσμένον,
2787 3039 2884 3091 καὶ
2923 3039 3014 3092 τὸν
3056 3039 3225 3110 πολλῇ
3263 3040 3515 3104 συζῶντα
3565 3047 3738 3113 τρυφῇ

2171 3128 2626 3200 τεταριχευμένον
2663 3131 2728 3200 τῇ
2763 3129 2978 3200 σκληρᾷ
3029 3130 3129 3200 τῆς
3175 3131 3464 3199 ἀσκήσεως
3517 3131 3738 3200 ἀγωγῇ.

2168 3220 2263 3274 καί¹
2311 3219 2406 3272 τοῦ
2459 3219 2734 3290 ἐρημικοῦ
2779 3220 2893 3290 βίου
2945 3222 3196 3292 ἐναργῶς
3243 3221 3629 3292 περικείμενον
3677 3225 3741 3277 τά

2165 3313 2560 3382 γνωρίσματα,
2613 3313 2791 3384 λύπης
2823 3314 2959 3384 ὁμοῦ
2999 3316 3093 3368 καὶ
3129 3315 3302 3387 ὀργῆς
3342 3317 3739 3386 ἐπεπλήρωτο,

2166 3404 2296 3468 καὶ,
2347 3403 2407 3468 ἐξ
2448 3404 2652 3474 ἀμφοῖν
2692 3404 2783 3457 τὸν
2822 3404 2983 3474 λόγον
3014 3407 3280 3476 κεράσας,
3317 3407 3420 3479 ἔφη
3467 3408 3607 3480 πρὸς
3642 3407 3736 3461 αὒ-

2167 3495 2258 3547 τόν
2295 3493 2406 3564 (29)
2439 3509 2451 3522 '

2237 3671 2306 3728 Ὦ
2340 3676 2533 3747 ἀνόητε
2586 3676 2680 3728 καὶ
2725 3674 3130 3746 φρενοϐλαὸἐς,
3175 3675 3320 3737 τίνος
3352 3674 3514 3745 χάριν
3545 3675 3739 3746 ἀντηλ-

2170 3767 2314 3833 Λάξω
2355 3767 2453 3836 τῆς
2482 3767 2649 3837 τιμῆς
2700 3767 2966 3836 αἰσχύνην
2987 3808 3001 3834 ,
3034 3767 3126 3820 καὶ
3159 3766 3260 3832 τῆς
3299 3765 3559 3836 λαμπρᾶς
3587 3767 3741 3836 δόξης

2169 3860 2267 3928 τὴν
2297 3861 2588 3930 ἀσχήμονα
2613 3859 2816 3929 ταύτην
2853 3859 3034 3923 ίδέανς
3083 3859 3143 3912 '0
3183 3859 3444 3929 πρόεδρος
3473 3859 3574 3928 τῆς
3606 3860 3741 3930 ἐμῆς

2172 3948 2448 4019 βασιλείας
2480 3949 2576 4018 καξι
2611 3949 3055 4019 ἀρχιστράτηγος
3082 3949 3183 4019 τῆς
3218 3949 3360 4016 ἐμῆς
3402 3949 3741 4013 δυναστείας,

2173 4041 2422 4111 παίγνιον
2467 4040 2776 4111 μειρακίων
2814 4041 3045 4094 σεαυτὸν
3075 4041 3452 4111 καταστήσας,
3480 4043 3543 4094 οὐ
3588 4043 3744 4111 μόνον

2171 4137 2268 4204 τῆς
2296 4132 2576 4204 ἡμετέρας
2608 4133 2796 4201 φιλίας
2834 4133 2931 4185 καὶ
2961 4132 3278 4203 παρρησίας
3310 4133 3528 4203 μακρὰν
3575 4132 3745 4204 λήθην

2173 4223 2518 4296 πεποιηκὼς,
2554 4224 2692 4276 ἀλλά
2724 4223 2821 4276 καὶ
2853 4222 3026 4291 αὐτῆς
3054 4225 3464 4291 κατεξαναστὰς
3509 4223 3614 4294 τῆς
3652 4224 3750 4293 φύ-

2176 4335 2347 4380 σεως,
2399 4317 2491 4370 καὶ
2542 4315 2678 4385 μηδὲ
2719 4315 2828 4368 τῶν
2878 4314 3024 4368 ίδίων
3065 4315 3270 4369 τέκνων
3308 4312 3488 4369 οἶκτον
3542 4315 3745 4376 λαϐὼν,

2176 4407 2403 4459 πλοῦτόν
2445 4423 2503 4458 τε
2549 4407 2644 4459 καὶ
2671 4407 2851 4459 πᾶσαν
2872 4403 2971 4475 τὴν
3001 4404 3095 4458 τοῦ
3129 4405 3246 4474 βίου
3273 4408 3636 4478 περιφάνειαν
3674 4411 3750 4469 είς

513 4493 850 4560 splendorem
893 4509 988 4562 pro
1023 4497 1186 4549 nihilo
1237 4499 1460 4564 putasti,
1505 4508 1807 4565 tantamque
1852 4501 2063 4571 ignomi-

2182 4499 2284 4567 ιο
2317 4498 2470 4552 οὐδὲν
2511 4497 2869 4566 λογισάμενος
2892 4539 2906 4562 ,
2954 4496 3053 4566 τὴν
3106 4497 3375 4568 τοσαύτην
3411 4499 3630 4564 ἀδοξίαν
3655 4499 3752 4567 τῆς

514 4584 655 4636 niam
705 4594 809 4637 tam
849 4584 1112 4638 luculenta
1151 4586 1312 4654 gloria
1352 4591 1613 4656 potiorem
1645 4599 1699 4643 et
1733 4592 2080 4656 praestabilio-

511 4690 623 4727 rem
657 4675 922 4728 habuisti?
948 4677 1208 4741 Quidnam
1237 4685 1290 4732 te
1317 4679 1382 4732 ad
1412 4679 1512 4733 hoc
1551 4681 1774 4749 impulit,
1804 4681 2074 4750 cujusnam

512 4765 642 4818 lucri
669 4779 808 4832 spes,
844 4778 898 4818 ut
930 4781 1050 4820 eum
1081 4767 1166 4834 qui
1189 4765 1343 4822 Jesus
1375 4769 1676 4823 nominatur
1696 4771 1939 4824 omnibus
1974 4773 2076 4826 diis

511 4869 666 4924 atque
689 4858 990 4911 hominibus
1017 4867 1369 4926 anteponeres
1391 4899 1406 4924 ,
1433 4875 1494 4913 ac
1523 4861 1706 4915 duram
1738 4864 1870 4917 hanc
1898 4873 1952 4918 et
1991 4880 2076 4918 su-

512 4946 866 5011 perstitiosam
890 4948 1008 5002 vitae
1044 4951 1304 5004 rationem
1335 4950 1662 5007 suavissima:
1705 4952 1926 5023 hujusce
1955 4954 2076 5008 vita:

509 5039 905 5093 oblecramentis
944 5040 1279 5094 auteferres?

580 5131 686 5184 llac
709 5132 951 5186 oratione
980 5133 1178 5199 audita,
1205 5133 1283 5186 vir
1317 5133 1406 5189 ille
1435 5133 1548 5198 Dei,
1597 5133 1770 5204 lepida
1812 5135 1968 5188 simul
2012 5149 2074 5189 ac

2174 4589 2540 4660 περιδλέπτου
2571 4588 2904 4659 προέκρινας
2941 4587 3134 4657 δόξης,
3167 4589 3254 4642 ἵνα
3280 4589 3333 4642 τί
3363 4607 3444 4642 σοι
3490 4591 3750 4659 γένηταις

2176 4679 2285 4730 Καὶ
2309 4678 2361 4730 τί
2391 4676 2641 4730 ἐντεῦθεν
2673 4676 2958 4748 κερδήσεις
2980 4717 2994 4740 ,
3034 4678 3118 4731 ὅτι
3152 4678 3368 4730 πάντων
3399 4678 3535 4730 θεῶν
3569 4696 3629 4731 τε
3660 4679 3753 4732 καὶ

2176 4769 2481 4841 ἀνθρώπων
2508 4770 2600 4822 τὸν
2628 4769 2922 4838 λεγόμενον
2953 4768 3362 4840 προτετίμηκας
3397 4770 3628 4840 Ἰησοῦν,
3664 4774 3755 4825 καὶ

2176 4863 2273 4931 τὴν
2323 4861 2571 4932 σκληρὰν
2622 4859 2831 4929 ταύτην
2873 4862 2970 4914 καὶ
3021 4860 3317 4931 δυσείμονα
3373 4862 3599 4932 ἀγωγὴν
3650 4863 3754 4915 τῶν

2180 4953 2351 5023 ἡδέων
2383 4953 2477 5005 κα)⁵
2507 4952 2928 5005 ἀπολαυστικῶν
2960 4950 3052 5003 τοῦ
3084 4951 3427 5019 γλυκυτάτου
3457 4952 3612 5022 βίου;

2256 5133 2478 5185 Τούτων
2522 5130 2762 5193 ἀκούσας
2801 5130 2829 5182 ὁ
2853 5127 2948 5181 τοῦ
2979 5127 3116 5182 Θεοῦ
3147 5125 3434 5198 ἄνθρωπος
3469 5125 3583 5195 (30)
3618 5126 3752 5178 ἐκεῖ·

579 5368 690 5439 (28)
723 5365 839 5419 Vita
870 5367 927 5439 δ,
972 5364 1332 5439 Nilijnuioris
1376 5380 1428 5433 p.
1468 5364 1501 5417 8
1531 5360 1686 5439 :_Toi3
1730 5361 1801 5439 δὲ
1823 5360 2063 5439 πᾶα-αἷμά

2166 5355 2295 5436 ανὴν
2341 5355 2452 5439 καὶ*
2495 5351 2675 5439 «ipsa,
2705 5350 2874 5439 λίΟονἽ
2906 5347 3195 5439 κινοῦντος.
3233 5351 3396 5439 δπωςι
3420 5348 3482 5400 τὸ
3523 5346 3751 5425 τοιοῦτον

501 5419 705 5504 ἀγάθδῦ
733 5437 1019 5506 ὲμποδίσῃ,
1059 5419 1171 5506 Nic.
1199 5419 1527 5506 Gregfvilt,
1557 5435 1610 5496 5,
1642 5432 1716 5486 Ξῖ
1758 5431 1944 5506 ῌάντα
1983 5419 2063 5482 λίθ

2172 5419 2357 5480 κινῶν.
2401 5424 2463 5476 τὸ
2495 5421 2589 5476 τοῦ
2621 5422 2800 5489 λόγου.
2836 5419 3117 5489 Euripides
3145 5419 3282 5472 dixit
3328 5419 3508 5471 πάντα
3543 5419 3752 5483 κινῆσαι

503 5501 725 5578 πέτρον,
761 5501 1127 5578 Heracl."9.‘l7,
1159 5505 1246 5558 ubi
1284 5501 1801 5578 plii_riina_apposui_.

1743 5554 1970 5646 ⁹Ᾱβενὴρ
2002 5570 2063 5622 dic

2173 5563 2530 5646 Sgﬁ‘aatlé'w;
2562 5561 2704 5632 Πρὸς
2749 5561 3037 5631 σατράπην
3082 5560 3360 5630 μέγιστον,
3394 5558 3606 5627 μονήρη
3651 5554 3754 5624 βίον

501 5634 615 5716 Τῆς
642 5634 911 5716 κοσμικῆς
937 5644 1094 5716 ἀξίας
1123 5643 1502 5716 ἐκλεξάμενον.
1541 5634 1676 5698 P'nto
1689 5634 2063 5716 scribendum,

2166 5634 2566 5716 ντηλλαγμένον.
2717 5714 2724 5716 _
2917 5700 2928 5716 ι
3093 5715 3100 5716 ί
3593 5697 3602 5706 ·

575 5697 939 5788 βόίίίοοιιίίο
965 5697 1524 5788 EstAbil-iliea'hsaepius
1551 5697 1866 5767 ahanctore
1897 5697 2159 5765 adhibita.
2191 5697 2268 5758 A'd
2313 5697 2615 5759 orationem
2649 5714 2880 5771 satrapae
2917 5700 3109 5755 lemma
3146 5709 3228 5752 est
3276 5698 3556 5750 metricum
3593 5697 3641 5749 in
3667 5697 3705 5746 Α
3741 5710 3752 5745 :

505 5783 825 5843 Σοίςωτάτου
859 5783 952 5837 νῦν
982 5783 1202 5849 διδαχὴν
1230 5783 1457 5849 φαιδρὰν
1489 5784 1610 5848 ὅρα.
