  <div class='ocr_page' id='page_1' title='image "/cluster/home/n/w/nwhite01/storage/ocr_20150623/96/hvd.32044019208065/440.png"; bbox 0 0 4070 6422; ppageno 0'>
   <div class='ocr_carea' id='block_1_1' title="bbox 265 370 369 429">
    <p class='ocr_par' dir='ltr' id='par_1_1' title="bbox 265 370 369 429">
     <span class='ocr_line' id='line_1_1' title="bbox 265 370 369 429; baseline 0 0"><span class='ocrx_word' id='word_1_1' title='bbox 265 370 369 429; x_wconf 67' lang='lat'><strong>8(39</strong></span> 
     </span>
    </p>
   </div>
   <div class='ocr_carea' id='block_1_2' title="bbox 1363 365 2456 432">
    <p class='ocr_par' dir='ltr' id='par_1_2' title="bbox 1363 365 2456 432">
     <span class='ocr_line' id='line_1_2' title="bbox 1363 365 2456 432; baseline 0.005 -6"><span class='ocrx_word' id='word_1_2' title='bbox 1363 369 1537 426; x_wconf 79' lang='lat' dir='ltr'><strong>VITA</strong></span> <span class='ocrx_word' id='word_1_3' title='bbox 1576 365 1931 424; x_wconf 70' lang='lat' dir='ltr'><strong>BARLAAM</strong></span> <span class='ocrx_word' id='word_1_4' title='bbox 1979 366 2064 422; x_wconf 88' lang='lat' dir='ltr'><strong>ET</strong></span> <span class='ocrx_word' id='word_1_5' title='bbox 2103 366 2456 432; x_wconf 64' lang='lat' dir='ltr'><strong>JUASAPH.</strong></span> 
     </span>
    </p>
   </div>
   <div class='ocr_carea' id='block_1_3' title="bbox 3419 369 3521 429">
    <p class='ocr_par' dir='ltr' id='par_1_3' title="bbox 3419 369 3521 429">
     <span class='ocr_line' id='line_1_3' title="bbox 3419 369 3521 429; baseline -0.029 0"><span class='ocrx_word' id='word_1_6' title='bbox 3419 369 3521 429; x_wconf 77' lang='lat'><strong>870</strong></span> 
     </span>
    </p>
   </div>
   <div class='ocr_carea' id='block_1_4' title="bbox 265 476 1834 563">
    <p class='ocr_par' dir='ltr' id='par_1_4' title="bbox 265 476 1834 556">
     <span class='ocr_line' id='line_1_4' title="bbox 265 476 1834 556; baseline -0.006 -19"><span class='ocrx_word' id='word_1_7' title='bbox 265 505 375 549; x_wconf 86' lang='grc' dir='ltr'>νος,</span> <span class='ocrx_word' id='word_1_8' title='bbox 405 483 706 556; x_wconf 79' lang='grc' dir='ltr'>χαριέντως</span> <span class='ocrx_word' id='word_1_9' title='bbox 743 484 860 554; x_wconf 71' lang='grc' dir='ltr'>ἅμα</span> <span class='ocrx_word' id='word_1_10' title='bbox 885 483 981 536; x_wconf 75' lang='grc' dir='ltr'>καὶ</span> <span class='ocrx_word' id='word_1_11' title='bbox 1009 481 1229 554; x_wconf 80' lang='grc' dir='ltr'><strong>ὁμαλῶς</strong></span> <span class='ocrx_word' id='word_1_12' title='bbox 1259 481 1594 550; x_wconf 85' lang='grc' dir='ltr'>ἀπεκρίνατο</span> <span class='ocrx_word' id='word_1_13' title='bbox 1615 495 1628 510; x_wconf 77' lang='grc' dir='ltr'><strong>ο</strong></span> <span class='ocrx_word' id='word_1_14' title='bbox 1664 480 1728 530; x_wconf 76' lang='lat' dir='ltr'><strong>El</strong></span> <span class='ocrx_word' id='word_1_15' title='bbox 1761 476 1834 528; x_wconf 85' lang='grc' dir='ltr'>λό-</span> 
     </span>
    </p>
   </div>
   <div class='ocr_carea' id='block_1_5' title="bbox 1938 476 3513 563">
    <p class='ocr_par' dir='ltr' id='par_1_5' title="bbox 1954 480 3513 563">
     <span class='ocr_line' id='line_1_5' title="bbox 1954 480 3513 563; baseline 0.014 -33"><span class='ocrx_word' id='word_1_16' title='bbox 1954 481 2182 550; x_wconf 88' lang='lat' dir='ltr'><strong>placida,</strong></span> <span class='ocrx_word' id='word_1_17' title='bbox 2212 493 2263 537; x_wconf 92' lang='lat' dir='ltr'><strong>et</strong></span> <span class='ocrx_word' id='word_1_18' title='bbox 2289 486 2534 554; x_wconf 71' lang='lat' dir='ltr'><strong>aequabili</strong></span> <span class='ocrx_word' id='word_1_19' title='bbox 2557 501 2684 543; x_wconf 88' lang='lat' dir='ltr'><strong>voce</strong></span> <span class='ocrx_word' id='word_1_20' title='bbox 2712 490 2776 543; x_wconf 88' lang='lat' dir='ltr'><strong>ad</strong></span> <span class='ocrx_word' id='word_1_21' title='bbox 2803 488 2938 544; x_wconf 90' lang='lat' dir='ltr'><strong>hunc</strong></span> <span class='ocrx_word' id='word_1_22' title='bbox 2969 493 3179 547; x_wconf 91' lang='lat' dir='ltr'><strong>modum</strong></span> <span class='ocrx_word' id='word_1_23' title='bbox 3203 480 3513 563; x_wconf 76' lang='lat' dir='ltr'><strong>respondit:</strong></span> 
     </span>
    </p>
   </div>
   <div class='ocr_carea' id='block_1_6' title="bbox 264 566 1839 646">
    <p class='ocr_par' dir='ltr' id='par_1_6' title="bbox 264 566 1839 646">
     <span class='ocr_line' id='line_1_6' title="bbox 264 566 1839 646; baseline -0.004 -20"><span class='ocrx_word' id='word_1_24' title='bbox 264 592 359 641; x_wconf 89' lang='grc' dir='ltr'><strong>γον</strong></span> <span class='ocrx_word' id='word_1_25' title='bbox 385 574 523 646; x_wconf 84' lang='grc' dir='ltr'>πρός</span> <span class='ocrx_word' id='word_1_26' title='bbox 543 591 609 643; x_wconf 90' lang='grc' dir='ltr'><strong>με</strong></span> <span class='ocrx_word' id='word_1_27' title='bbox 642 574 870 643; x_wconf 77' lang='grc' dir='ltr'><strong>συνᾶραι</strong></span> <span class='ocrx_word' id='word_1_28' title='bbox 899 572 1094 635; x_wconf 84' lang='grc' dir='ltr'><strong>Θέλεις,</strong></span> <span class='ocrx_word' id='word_1_29' title='bbox 1116 570 1161 624; x_wconf 81' lang='grc' dir='ltr'>ὧ</span> <span class='ocrx_word' id='word_1_30' title='bbox 1187 570 1430 641; x_wconf 78' lang='grc' dir='ltr'>βασιλεῦ,</span> <span class='ocrx_word' id='word_1_31' title='bbox 1457 572 1583 629; x_wconf 80' lang='grc' dir='ltr'>τοὺς</span> <span class='ocrx_word' id='word_1_32' title='bbox 1610 566 1839 639; x_wconf 88' lang='grc' dir='ltr'>ἐχθρούς</span> 
     </span>
    </p>
   </div>
   <div class='ocr_carea' id='block_1_7' title="bbox 265 659 1842 735">
    <p class='ocr_par' dir='ltr' id='par_1_7' title="bbox 265 659 1842 735">
     <span class='ocr_line' id='line_1_7' title="bbox 265 659 1842 735; baseline -0.004 -18"><span class='ocrx_word' id='word_1_33' title='bbox 265 683 359 717; x_wconf 91' lang='grc' dir='ltr'><strong>σου</strong></span> <span class='ocrx_word' id='word_1_34' title='bbox 414 667 478 717; x_wconf 88' lang='grc' dir='ltr'><strong>ἐκ</strong></span> <span class='ocrx_word' id='word_1_35' title='bbox 519 664 684 735; x_wconf 86' lang='grc' dir='ltr'>μέσου</span> <span class='ocrx_word' id='word_1_36' title='bbox 717 663 814 717; x_wconf 83' lang='grc' dir='ltr'>τοῦ</span> <span class='ocrx_word' id='word_1_37' title='bbox 845 663 1202 734; x_wconf 81' lang='grc' dir='ltr'>δικαστηρίου</span> <span class='ocrx_word' id='word_1_38' title='bbox 1255 661 1502 731; x_wconf 87' lang='grc' dir='ltr'>ποίησον,</span> <span class='ocrx_word' id='word_1_39' title='bbox 1555 659 1651 712; x_wconf 70' lang='grc' dir='ltr'>καὶ</span> <span class='ocrx_word' id='word_1_40' title='bbox 1699 677 1842 729; x_wconf 85' lang='grc' dir='ltr'>τηνι-</span> 
     </span>
    </p>
   </div>
   <div class='ocr_carea' id='block_1_8' title="bbox 262 744 1836 825">
    <p class='ocr_par' dir='ltr' id='par_1_8' title="bbox 262 744 1836 825">
     <span class='ocr_line' id='line_1_8' title="bbox 262 744 1836 825; baseline -0.004 -18"><span class='ocrx_word' id='word_1_41' title='bbox 262 753 439 807; x_wconf 86' lang='grc' dir='ltr'>καῦτα</span> <span class='ocrx_word' id='word_1_42' title='bbox 469 751 876 825; x_wconf 81' lang='grc' dir='ltr'>ἀποκρινοῦμαί</span> <span class='ocrx_word' id='word_1_43' title='bbox 908 769 990 806; x_wconf 90' lang='grc' dir='ltr'><strong>σοι</strong></span> <span class='ocrx_word' id='word_1_44' title='bbox 1020 754 1147 822; x_wconf 75' lang='grc' dir='ltr'>περὶ</span> <span class='ocrx_word' id='word_1_45' title='bbox 1165 744 1240 806; x_wconf 82' lang='grc' dir='ltr'>ὧν</span> <span class='ocrx_word' id='word_1_46' title='bbox 1262 751 1328 804; x_wconf 83' lang='grc' dir='ltr'>ἂν</span> <span class='ocrx_word' id='word_1_47' title='bbox 1353 750 1596 822; x_wconf 80' lang='grc' dir='ltr'>ζητήσῃς</span> <span class='ocrx_word' id='word_1_48' title='bbox 1621 749 1836 820; x_wconf 87' lang='grc' dir='ltr'>μαθεῖν·</span> 
     </span>
    </p>
   </div>
   <div class='ocr_carea' id='block_1_9' title="bbox 262 841 1834 915">
    <p class='ocr_par' dir='ltr' id='par_1_9' title="bbox 262 841 1834 915">
     <span class='ocr_line' id='line_1_9' title="bbox 262 841 1834 915; baseline -0.001 -19"><span class='ocrx_word' id='word_1_49' title='bbox 262 846 489 899; x_wconf 78' lang='grc' dir='ltr'><strong>ἐκείνων</strong></span> <span class='ocrx_word' id='word_1_50' title='bbox 518 847 628 915; x_wconf 79' lang='grc' dir='ltr'><strong>γὰρ</strong></span> <span class='ocrx_word' id='word_1_51' title='bbox 663 846 1062 914; x_wconf 82' lang='grc' dir='ltr'><strong>συμπαρόντων</strong></span> <span class='ocrx_word' id='word_1_52' title='bbox 1107 862 1213 905; x_wconf 91' lang='grc' dir='ltr'>σοι,</span> <span class='ocrx_word' id='word_1_53' title='bbox 1241 844 1418 906; x_wconf 71' lang='grc' dir='ltr'>οὐδεὶς</span> <span class='ocrx_word' id='word_1_54' title='bbox 1451 844 1575 911; x_wconf 77' lang='grc' dir='ltr'>ἐμοὶ</span> <span class='ocrx_word' id='word_1_55' title='bbox 1607 842 1745 912; x_wconf 85' lang='grc' dir='ltr'>πρὸς</span> <span class='ocrx_word' id='word_1_56' title='bbox 1774 841 1834 894; x_wconf 80' lang='grc' dir='ltr'>σὲ</span> 
     </span>
    </p>
   </div>
   <div class='ocr_carea' id='block_1_10' title="bbox 261 935 1840 1007">
    <p class='ocr_par' dir='ltr' id='par_1_10' title="bbox 261 935 1840 1007">
     <span class='ocr_line' id='line_1_10' title="bbox 261 935 1840 1007; baseline -0.001 -19"><span class='ocrx_word' id='word_1_57' title='bbox 261 937 442 1004; x_wconf 89' lang='grc' dir='ltr'>λόγος.</span> <span class='ocrx_word' id='word_1_58' title='bbox 501 939 686 1001; x_wconf 82' lang='grc' dir='ltr'>Ἐκτὸς</span> <span class='ocrx_word' id='word_1_59' title='bbox 723 939 780 990; x_wconf 81' lang='grc' dir='ltr'>δὲ</span> <span class='ocrx_word' id='word_1_60' title='bbox 833 937 990 1005; x_wconf 81' lang='grc' dir='ltr'>λόγου</span> <span class='ocrx_word' id='word_1_61' title='bbox 1036 936 1269 1007; x_wconf 80' lang='grc' dir='ltr'>τιμώρει</span> <span class='ocrx_word' id='word_1_62' title='bbox 1296 978 1310 998; x_wconf 92' lang='grc'><strong>,</strong></span> <span class='ocrx_word' id='word_1_63' title='bbox 1346 937 1585 1005; x_wconf 76' lang='grc' dir='ltr'>σφάττε,</span> <span class='ocrx_word' id='word_1_64' title='bbox 1621 936 1768 988; x_wconf 85' lang='grc' dir='ltr'>ποίει</span> <span class='ocrx_word' id='word_1_65' title='bbox 1811 935 1840 987; x_wconf 85' lang='grc' dir='ltr'>ὃ</span> 
     </span>
    </p>
   </div>
   <div class='ocr_carea' id='block_1_11' title="bbox 261 1026 1839 1100">
    <p class='ocr_par' dir='ltr' id='par_1_11' title="bbox 261 1026 1839 1100">
     <span class='ocr_line' id='line_1_11' title="bbox 261 1026 1839 1100; baseline -0.001 -20"><span class='ocrx_word' id='word_1_66' title='bbox 261 1028 438 1091; x_wconf 77' lang='grc' dir='ltr'>θέλεις</span> <span class='ocrx_word' id='word_1_67' title='bbox 464 1045 478 1058; x_wconf 88' lang='grc'>·</span> <span class='ocrx_word' id='word_1_68' title='bbox 521 1030 644 1098; x_wconf 74' lang='grc' dir='ltr'>ἐμοὶ</span> <span class='ocrx_word' id='word_1_69' title='bbox 680 1031 789 1100; x_wconf 80' lang='grc' dir='ltr'>γὰρ</span> <span class='ocrx_word' id='word_1_70' title='bbox 831 1033 860 1082; x_wconf 98' lang='lat'><strong>6</strong></span> <span class='ocrx_word' id='word_1_71' title='bbox 910 1031 1112 1099; x_wconf 88' lang='grc' dir='ltr'>κόσμος</span> <span class='ocrx_word' id='word_1_72' title='bbox 1144 1027 1522 1100; x_wconf 89' lang='grc' dir='ltr'>ἐσταύρωται,</span> <span class='ocrx_word' id='word_1_73' title='bbox 1573 1026 1733 1095; x_wconf 85' lang='grc' dir='ltr'>κάγὼ</span> <span class='ocrx_word' id='word_1_74' title='bbox 1762 1026 1839 1097; x_wconf 83' lang='grc' dir='ltr'>τῷ</span> 
     </span>
    </p>
   </div>
   <div class='ocr_carea' id='block_1_12' title="bbox 259 1119 1838 1192">
    <p class='ocr_par' dir='ltr' id='par_1_12' title="bbox 259 1119 1838 1192">
     <span class='ocr_line' id='line_1_12' title="bbox 259 1119 1838 1192; baseline -0.001 -18"><span class='ocrx_word' id='word_1_75' title='bbox 259 1122 475 1191; x_wconf 85' lang='grc' dir='ltr'>κόσμῳ,</span> <span class='ocrx_word' id='word_1_76' title='bbox 507 1123 673 1192; x_wconf 75' lang='grc' dir='ltr'>φησὶν</span> <span class='ocrx_word' id='word_1_77' title='bbox 701 1125 729 1175; x_wconf 92' lang='lat'><strong>6</strong></span> <span class='ocrx_word' id='word_1_78' title='bbox 757 1123 899 1186; x_wconf 85' lang='grc' dir='ltr'>θεῖος</span> <span class='ocrx_word' id='word_1_79' title='bbox 928 1124 1022 1176; x_wconf 74' lang='grc' dir='ltr'>καὶ</span> <span class='ocrx_word' id='word_1_80' title='bbox 1047 1121 1178 1189; x_wconf 78' lang='grc' dir='ltr'>ἐμὸς</span> <span class='ocrx_word' id='word_1_81' title='bbox 1217 1121 1537 1184; x_wconf 83' lang='grc' dir='ltr'>διδάσκαλος</span> <span class='ocrx_word' id='word_1_82' title='bbox 1560 1121 1692 1189; x_wconf 79' lang='grc'><strong>(51).</strong></span> <span class='ocrx_word' id='word_1_83' title='bbox 1729 1119 1838 1172; x_wconf 83' lang='grc' dir='ltr'><strong>Τοῦ</strong></span> 
     </span>
    </p>
   </div>
   <div class='ocr_carea' id='block_1_13' title="bbox 289 1207 1837 1282">
    <p class='ocr_par' dir='ltr' id='par_1_13' title="bbox 289 1207 1837 1282">
     <span class='ocr_line' id='line_1_13' title="bbox 289 1207 1837 1282; baseline -0.001 -18"><span class='ocrx_word' id='word_1_84' title='bbox 289 1213 315 1264; x_wconf 83' lang='grc' dir='ltr'><strong>ὲ</strong></span> <span class='ocrx_word' id='word_1_85' title='bbox 343 1212 608 1282; x_wconf 87' lang='grc' dir='ltr'>βασιλέως</span> <span class='ocrx_word' id='word_1_86' title='bbox 645 1214 910 1278; x_wconf 78' lang='grc' dir='ltr'>εἰπόντος,</span> <span class='ocrx_word' id='word_1_87' title='bbox 943 1215 1050 1267; x_wconf 78' lang='grc' dir='ltr'><strong>Καὶ</strong></span> <span class='ocrx_word' id='word_1_88' title='bbox 1078 1213 1224 1276; x_wconf 86' lang='grc' dir='ltr'>τίνες</span> <span class='ocrx_word' id='word_1_89' title='bbox 1252 1215 1298 1265; x_wconf 87' lang='grc' dir='ltr'><strong>οί</strong></span> <span class='ocrx_word' id='word_1_90' title='bbox 1322 1213 1506 1282; x_wconf 72' lang='grc' dir='ltr'>ἐχθροὶ</span> <span class='ocrx_word' id='word_1_91' title='bbox 1535 1207 1702 1275; x_wconf 78' lang='grc' dir='ltr'>οὗτοι,</span> <span class='ocrx_word' id='word_1_92' title='bbox 1743 1209 1837 1273; x_wconf 85' lang='grc' dir='ltr'><strong>οὒς</strong></span> 
     </span>
    </p>
   </div>
   <div class='ocr_carea' id='block_1_14' title="bbox 257 1304 1833 1376">
    <p class='ocr_par' dir='ltr' id='par_1_14' title="bbox 257 1304 1833 1376">
     <span class='ocr_line' id='line_1_14' title="bbox 257 1304 1833 1376; baseline 0 -20"><span class='ocrx_word' id='word_1_93' title='bbox 257 1305 322 1356; x_wconf 88' lang='grc' dir='ltr'><strong>ἐκ</strong></span> <span class='ocrx_word' id='word_1_94' title='bbox 359 1305 529 1374; x_wconf 81' lang='grc' dir='ltr'>μέσου</span> <span class='ocrx_word' id='word_1_95' title='bbox 567 1305 790 1375; x_wconf 82' lang='grc' dir='ltr'>ποιῆσαί</span> <span class='ocrx_word' id='word_1_96' title='bbox 841 1323 907 1376; x_wconf 92' lang='grc' dir='ltr'><strong>με</strong></span> <span class='ocrx_word' id='word_1_97' title='bbox 950 1305 1353 1374; x_wconf 79' lang='grc' dir='ltr'>προστάσσειςς</span> <span class='ocrx_word' id='word_1_98' title='bbox 1403 1305 1569 1374; x_wconf 76' lang='grc' dir='ltr'>φησὶν</span> <span class='ocrx_word' id='word_1_99' title='bbox 1615 1306 1642 1356; x_wconf 92' lang='lat'><strong>6</strong></span> <span class='ocrx_word' id='word_1_100' title='bbox 1692 1304 1833 1366; x_wconf 87' lang='grc' dir='ltr'>θεῖος</span> 
     </span>
    </p>
   </div>
   <div class='ocr_carea' id='block_1_15' title="bbox 256 1395 1832 1468">
    <p class='ocr_par' dir='ltr' id='par_1_15' title="bbox 256 1395 1832 1468">
     <span class='ocr_line' id='line_1_15' title="bbox 256 1395 1832 1468; baseline -0.003 -18"><span class='ocrx_word' id='word_1_101' title='bbox 256 1397 445 1466; x_wconf 82' lang='grc' dir='ltr'>ἀνήρ’</span> <span class='ocrx_word' id='word_1_102' title='bbox 507 1397 565 1450; x_wconf 85' lang='grc'><strong>’0</strong></span> <span class='ocrx_word' id='word_1_103' title='bbox 614 1397 783 1466; x_wconf 74' lang='grc' dir='ltr'>θυμὸς</span> <span class='ocrx_word' id='word_1_104' title='bbox 823 1399 917 1451; x_wconf 73' lang='grc' dir='ltr'>καὶ</span> <span class='ocrx_word' id='word_1_105' title='bbox 971 1400 1003 1468; x_wconf 85' lang='grc' dir='ltr'><strong>ή</strong></span> <span class='ocrx_word' id='word_1_106' title='bbox 1053 1396 1364 1467; x_wconf 83' lang='grc' dir='ltr'>ἐπιθυμία·</span> <span class='ocrx_word' id='word_1_107' title='bbox 1407 1397 1580 1448; x_wconf 82' lang='grc' dir='ltr'>ταῦτα</span> <span class='ocrx_word' id='word_1_108' title='bbox 1629 1396 1735 1466; x_wconf 74' lang='grc' dir='ltr'><strong>γὰρ</strong></span> <span class='ocrx_word' id='word_1_109' title='bbox 1776 1395 1832 1460; x_wconf 82' lang='grc' dir='ltr'><strong>ἐξ</strong></span> 
     </span>
    </p>
   </div>
   <div class='ocr_carea' id='block_1_16' title="bbox 255 1485 1836 1560">
    <p class='ocr_par' dir='ltr' id='par_1_16' title="bbox 255 1485 1836 1560">
     <span class='ocr_line' id='line_1_16' title="bbox 255 1485 1836 1560; baseline -0.001 -20"><span class='ocrx_word' id='word_1_110' title='bbox 255 1487 436 1558; x_wconf 82' lang='grc' dir='ltr'>ἀρχῆς</span> <span class='ocrx_word' id='word_1_111' title='bbox 478 1489 574 1556; x_wconf 85' lang='grc' dir='ltr'><strong>μέν</strong></span> <span class='ocrx_word' id='word_1_112' title='bbox 597 1489 848 1560; x_wconf 78' lang='grc' dir='ltr'>συνεργοὶ</span> <span class='ocrx_word' id='word_1_113' title='bbox 873 1489 970 1556; x_wconf 84' lang='grc' dir='ltr'>τῆς</span> <span class='ocrx_word' id='word_1_114' title='bbox 1003 1487 1219 1554; x_wconf 87' lang='grc' dir='ltr'>φύσεως</span> <span class='ocrx_word' id='word_1_115' title='bbox 1249 1487 1354 1540; x_wconf 78' lang='grc' dir='ltr'><strong>ὑπὸ</strong></span> <span class='ocrx_word' id='word_1_116' title='bbox 1378 1485 1472 1538; x_wconf 77' lang='grc' dir='ltr'><strong>τοῦ</strong></span> <span class='ocrx_word' id='word_1_117' title='bbox 1497 1485 1836 1556; x_wconf 80' lang='grc' dir='ltr'><strong>δημιουργοῦ</strong></span> 
     </span>
    </p>
   </div>
   <div class='ocr_carea' id='block_1_17' title="bbox 256 1577 1836 1650">
    <p class='ocr_par' dir='ltr' id='par_1_17' title="bbox 256 1577 1836 1650">
     <span class='ocr_line' id='line_1_17' title="bbox 256 1577 1836 1650; baseline -0.004 -15"><span class='ocrx_word' id='word_1_118' title='bbox 256 1580 648 1650; x_wconf 76' lang='grc' dir='ltr'>παρήχθησαν,</span> <span class='ocrx_word' id='word_1_119' title='bbox 683 1582 777 1632; x_wconf 78' lang='grc' dir='ltr'>καὶ</span> <span class='ocrx_word' id='word_1_120' title='bbox 804 1580 899 1633; x_wconf 80' lang='grc' dir='ltr'>νῦν</span> <span class='ocrx_word' id='word_1_121' title='bbox 929 1578 1192 1639; x_wconf 82' lang='grc' dir='ltr'>ὡσαύτως</span> <span class='ocrx_word' id='word_1_122' title='bbox 1223 1577 1405 1648; x_wconf 81' lang='grc' dir='ltr'>ἔχουσι</span> <span class='ocrx_word' id='word_1_123' title='bbox 1433 1579 1548 1639; x_wconf 86' lang='grc' dir='ltr'>τοῖς</span> <span class='ocrx_word' id='word_1_124' title='bbox 1590 1577 1665 1648; x_wconf 85' lang='grc' dir='ltr'>μὴ</span> <span class='ocrx_word' id='word_1_125' title='bbox 1694 1577 1836 1630; x_wconf 88' lang='grc' dir='ltr'>κατὰ</span> 
     </span>
    </p>
   </div>
   <div class='ocr_carea' id='block_1_18' title="bbox 257 1671 1835 1742">
    <p class='ocr_par' dir='ltr' id='par_1_18' title="bbox 257 1671 1835 1742">
     <span class='ocr_line' id='line_1_18' title="bbox 257 1671 1835 1742; baseline -0.002 -18"><span class='ocrx_word' id='word_1_126' title='bbox 257 1674 439 1736; x_wconf 78' lang='grc' dir='ltr'>σάρκα</span> <span class='ocrx_word' id='word_1_127' title='bbox 469 1672 930 1740; x_wconf 81' lang='grc' dir='ltr'>πολιτευομένοις,</span> <span class='ocrx_word' id='word_1_128' title='bbox 980 1672 1114 1724; x_wconf 81' lang='grc' dir='ltr'>ἁλλά</span> <span class='ocrx_word' id='word_1_129' title='bbox 1149 1673 1290 1726; x_wconf 85' lang='grc' dir='ltr'>κατὰ</span> <span class='ocrx_word' id='word_1_130' title='bbox 1323 1672 1539 1742; x_wconf 81' lang='grc' dir='ltr'>πνεῦμα</span> <span class='ocrx_word' id='word_1_131' title='bbox 1561 1671 1674 1738; x_wconf 70' lang='grc'><strong>(52)</strong></span> <span class='ocrx_word' id='word_1_132' title='bbox 1705 1685 1717 1698; x_wconf 85' lang='grc'>⁶</span> <span class='ocrx_word' id='word_1_133' title='bbox 1779 1672 1835 1722; x_wconf 87' lang='grc' dir='ltr'><strong>ἐν</strong></span> 
     </span>
    </p>
   </div>
   <div class='ocr_carea' id='block_1_19' title="bbox 255 1763 1864 1834">
    <p class='ocr_par' dir='ltr' id='par_1_19' title="bbox 255 1763 1864 1834">
     <span class='ocr_line' id='line_1_19' title="bbox 255 1763 1864 1834; baseline -0.002 -17"><span class='ocrx_word' id='word_1_134' title='bbox 255 1765 387 1834; x_wconf 83' lang='grc' dir='ltr'>ύμῖν</span> <span class='ocrx_word' id='word_1_135' title='bbox 424 1764 511 1827; x_wconf 79' lang='grc' dir='ltr'>δὲ,</span> <span class='ocrx_word' id='word_1_136' title='bbox 552 1765 748 1825; x_wconf 81' lang='grc' dir='ltr'>οἵτινες</span> <span class='ocrx_word' id='word_1_137' title='bbox 786 1764 848 1815; x_wconf 84' lang='grc' dir='ltr'>τὸ</span> <span class='ocrx_word' id='word_1_138' title='bbox 884 1763 1003 1816; x_wconf 81' lang='grc' dir='ltr'>ὅλον</span> <span class='ocrx_word' id='word_1_139' title='bbox 1043 1765 1166 1817; x_wconf 84' lang='grc' dir='ltr'><strong>ἐστέ</strong></span> <span class='ocrx_word' id='word_1_140' title='bbox 1211 1765 1432 1833; x_wconf 81' lang='grc' dir='ltr'>σάρκες,</span> <span class='ocrx_word' id='word_1_141' title='bbox 1482 1763 1648 1833; x_wconf 82' lang='grc' dir='ltr'>μηδὲν</span> <span class='ocrx_word' id='word_1_142' title='bbox 1679 1763 1830 1830; x_wconf 77' lang='grc' dir='ltr'>ἑχον-</span> <span class='ocrx_word' id='word_1_143' title='bbox 1861 1773 1864 1780; x_wconf 86' lang='grc'><em>’</em></span> 
     </span>
    </p>
   </div>
   <div class='ocr_carea' id='block_1_20' title="bbox 1952 572 3516 654">
    <p class='ocr_par' dir='ltr' id='par_1_20' title="bbox 1952 572 3516 654">
     <span class='ocr_line' id='line_1_20' title="bbox 1952 572 3516 654; baseline 0.012 -27"><span class='ocrx_word' id='word_1_144' title='bbox 1952 572 2007 627; x_wconf 91' lang='lat' dir='ltr'><strong>Si</strong></span> <span class='ocrx_word' id='word_1_145' title='bbox 2039 588 2312 628; x_wconf 84' lang='lat' dir='ltr'><strong>sermones</strong></span> <span class='ocrx_word' id='word_1_146' title='bbox 2342 594 2547 633; x_wconf 88' lang='lat' dir='ltr'><strong>mecum</strong></span> <span class='ocrx_word' id='word_1_147' title='bbox 2571 595 2850 637; x_wconf 82' lang='lat' dir='ltr'><strong>conserere</strong></span> <span class='ocrx_word' id='word_1_148' title='bbox 2877 583 2928 636; x_wconf 91' lang='lat' dir='ltr'><strong>in</strong></span> <span class='ocrx_word' id='word_1_149' title='bbox 2957 585 3189 639; x_wconf 90' lang='lat' dir='ltr'><strong>animum</strong></span> <span class='ocrx_word' id='word_1_150' title='bbox 3235 589 3459 654; x_wconf 86' lang='lat' dir='ltr'><strong>inducis,</strong></span> <span class='ocrx_word' id='word_1_151' title='bbox 3483 605 3516 644; x_wconf 90' lang='grc' dir='ltr'><strong>ο</strong></span> 
     </span>
    </p>
   </div>
   <div class='ocr_carea' id='block_1_21' title="bbox 1953 664 3517 744">
    <p class='ocr_par' dir='ltr' id='par_1_21' title="bbox 1953 664 3517 744">
     <span class='ocr_line' id='line_1_21' title="bbox 1953 664 3517 744; baseline 0.012 -27"><span class='ocrx_word' id='word_1_152' title='bbox 1953 679 2068 726; x_wconf 86' lang='lat' dir='ltr'><strong>rex,</strong></span> <span class='ocrx_word' id='word_1_153' title='bbox 2104 664 2182 717; x_wconf 85' lang='lat' dir='ltr'><strong>lac</strong></span> <span class='ocrx_word' id='word_1_154' title='bbox 2213 665 2392 721; x_wconf 92' lang='lat' dir='ltr'><strong>hostes</strong></span> <span class='ocrx_word' id='word_1_155' title='bbox 2415 677 2531 722; x_wconf 92' lang='lat' dir='ltr'><strong>tuos</strong></span> <span class='ocrx_word' id='word_1_156' title='bbox 2561 685 2591 722; x_wconf 93' lang='lat' dir='ltr'><strong>e</strong></span> <span class='ocrx_word' id='word_1_157' title='bbox 2617 673 2791 725; x_wconf 87' lang='lat' dir='ltr'><strong>medio</strong></span> <span class='ocrx_word' id='word_1_158' title='bbox 2813 674 3056 728; x_wconf 87' lang='lat' dir='ltr'><strong>trilmnali</strong></span> <span class='ocrx_word' id='word_1_159' title='bbox 3091 678 3424 744; x_wconf 87' lang='lat' dir='ltr'><strong>snbmoveas,</strong></span> <span class='ocrx_word' id='word_1_160' title='bbox 3454 696 3517 736; x_wconf 90' lang='lat' dir='ltr'><strong>ac</strong></span> 
     </span>
    </p>
   </div>
   <div class='ocr_carea' id='block_1_22' title="bbox 1953 755 3514 832">
    <p class='ocr_par' dir='ltr' id='par_1_22' title="bbox 1953 755 3514 832">
     <span class='ocr_line' id='line_1_22' title="bbox 1953 755 3514 832; baseline 0.013 -29"><span class='ocrx_word' id='word_1_161' title='bbox 1953 760 2059 805; x_wconf 92' lang='lat' dir='ltr'><strong>tum</strong></span> <span class='ocrx_word' id='word_1_162' title='bbox 2089 755 2154 808; x_wconf 90' lang='lat' dir='ltr'><strong>de</strong></span> <span class='ocrx_word' id='word_1_163' title='bbox 2185 756 2263 809; x_wconf 82' lang='lat' dir='ltr'><strong>his</strong></span> <span class='ocrx_word' id='word_1_164' title='bbox 2285 758 2441 811; x_wconf 87' lang='lat' dir='ltr'><strong>rebus</strong></span> <span class='ocrx_word' id='word_1_165' title='bbox 2463 775 2593 826; x_wconf 85' lang='lat' dir='ltr'><strong>quas</strong></span> <span class='ocrx_word' id='word_1_166' title='bbox 2630 761 2922 832; x_wconf 71' lang='lat' dir='ltr'><strong>intelligere</strong></span> <span class='ocrx_word' id='word_1_167' title='bbox 2971 765 3119 830; x_wconf 78' lang='lat' dir='ltr'><strong>cupis</strong></span> <span class='ocrx_word' id='word_1_168' title='bbox 3150 768 3238 819; x_wconf 89' lang='lat' dir='ltr'><strong>tibi</strong></span> <span class='ocrx_word' id='word_1_169' title='bbox 3288 784 3514 828; x_wconf 72' lang='lat' dir='ltr'><strong>restion-</strong></span> 
     </span>
    </p>
   </div>
   <div class='ocr_carea' id='block_1_23' title="bbox 1953 841 3514 914">
    <p class='ocr_par' dir='ltr' id='par_1_23' title="bbox 1953 841 3514 914">
     <span class='ocr_line' id='line_1_23' title="bbox 1953 841 3514 914; baseline 0.013 -21"><span class='ocrx_word' id='word_1_170' title='bbox 1953 841 2111 894; x_wconf 85' lang='lat' dir='ltr'><strong>debo.</strong></span> <span class='ocrx_word' id='word_1_171' title='bbox 2139 843 2236 897; x_wconf 89' lang='lat' dir='ltr'><strong>Illis</strong></span> <span class='ocrx_word' id='word_1_172' title='bbox 2264 855 2436 899; x_wconf 86' lang='lat' dir='ltr'><strong>autem</strong></span> <span class='ocrx_word' id='word_1_173' title='bbox 2463 851 2802 914; x_wconf 62' lang='lat' dir='ltr'><strong>praesentibus</strong></span> <span class='ocrx_word' id='word_1_174' title='bbox 2829 851 2999 904; x_wconf 88' lang='lat' dir='ltr'><strong>nul!us</strong></span> <span class='ocrx_word' id='word_1_175' title='bbox 3024 855 3149 906; x_wconf 82' lang='lat' dir='ltr'><strong>mihi</strong></span> <span class='ocrx_word' id='word_1_176' title='bbox 3173 855 3237 908; x_wconf 93' lang='lat' dir='ltr'><strong>ad</strong></span> <span class='ocrx_word' id='word_1_177' title='bbox 3261 867 3309 909; x_wconf 91' lang='lat' dir='ltr'><strong>te</strong></span> <span class='ocrx_word' id='word_1_178' title='bbox 3336 874 3514 912; x_wconf 80' lang='lat' dir='ltr'><strong>sermo</strong></span> 
     </span>
    </p>
   </div>
   <div class='ocr_carea' id='block_1_24' title="bbox 1948 932 3515 1012">
    <p class='ocr_par' dir='ltr' id='par_1_24' title="bbox 1948 932 3515 1012">
     <span class='ocr_line' id='line_1_24' title="bbox 1948 932 3515 1012; baseline 0.011 -27"><span class='ocrx_word' id='word_1_179' title='bbox 1948 932 2068 986; x_wconf 88' lang='lat' dir='ltr'><strong>erit.</strong></span> <span class='ocrx_word' id='word_1_180' title='bbox 2093 933 2235 988; x_wconf 87' lang='lat' dir='ltr'><strong>Citra</strong></span> <span class='ocrx_word' id='word_1_181' title='bbox 2267 952 2564 992; x_wconf 84' lang='lat' dir='ltr'><strong>sermonem</strong></span> <span class='ocrx_word' id='word_1_182' title='bbox 2587 948 2760 994; x_wconf 88' lang='lat' dir='ltr'><strong>antem</strong></span> <span class='ocrx_word' id='word_1_183' title='bbox 2793 945 3060 1008; x_wconf 82' lang='lat' dir='ltr'><strong>excrucia,</strong></span> <span class='ocrx_word' id='word_1_184' title='bbox 3109 944 3387 1012; x_wconf 89' lang='lat' dir='ltr'><strong>obtrunca,</strong></span> <span class='ocrx_word' id='word_1_185' title='bbox 3435 949 3515 1002; x_wconf 80' lang='lat' dir='ltr'><strong>fac</strong></span> 
     </span>
    </p>
   </div>
   <div class='ocr_carea' id='block_1_25' title="bbox 1948 1023 3513 1098">
    <p class='ocr_par' dir='ltr' id='par_1_25' title="bbox 1948 1023 3513 1098">
     <span class='ocr_line' id='line_1_25' title="bbox 1948 1023 3513 1098; baseline 0.012 -21"><span class='ocrx_word' id='word_1_186' title='bbox 1948 1023 2177 1092; x_wconf 88' lang='lat' dir='ltr'><strong>denique</strong></span> <span class='ocrx_word' id='word_1_187' title='bbox 2199 1029 2455 1098; x_wconf 86' lang='lat' dir='ltr'><strong>quidquid</strong></span> <span class='ocrx_word' id='word_1_188' title='bbox 2488 1031 2650 1086; x_wconf 90' lang='lat' dir='ltr'><strong>lubet.</strong></span> <span class='ocrx_word' id='word_1_189' title='bbox 2698 1033 2822 1086; x_wconf 82' lang='lat' dir='ltr'><strong>Mihi</strong></span> <span class='ocrx_word' id='word_1_190' title='bbox 2855 1040 2994 1089; x_wconf 91' lang='lat' dir='ltr'><strong>enim</strong></span> <span class='ocrx_word' id='word_1_191' title='bbox 3045 1039 3271 1091; x_wconf 87' lang='lat' dir='ltr'><strong>mundus</strong></span> <span class='ocrx_word' id='word_1_192' title='bbox 3299 1042 3513 1095; x_wconf 86' lang='lat' dir='ltr'><strong>crucili-</strong></span> 
     </span>
    </p>
   </div>
   <div class='ocr_carea' id='block_1_26' title="bbox 1947 1122 3509 1201">
    <p class='ocr_par' dir='ltr' id='par_1_26' title="bbox 1947 1122 3509 1201">
     <span class='ocr_line' id='line_1_26' title="bbox 1947 1122 3509 1201; baseline 0.009 -33"><span class='ocrx_word' id='word_1_193' title='bbox 1947 1130 2046 1169; x_wconf 87' lang='lat' dir='ltr'><strong>xus</strong></span> <span class='ocrx_word' id='word_1_194' title='bbox 2075 1127 2176 1183; x_wconf 84' lang='lat' dir='ltr'><strong>est,</strong></span> <span class='ocrx_word' id='word_1_195' title='bbox 2205 1128 2258 1172; x_wconf 90' lang='lat' dir='ltr'><strong>et</strong></span> <span class='ocrx_word' id='word_1_196' title='bbox 2288 1135 2386 1188; x_wconf 78' lang='lat' dir='ltr'><strong>ego</strong></span> <span class='ocrx_word' id='word_1_197' title='bbox 2413 1122 2631 1186; x_wconf 92' lang='lat' dir='ltr'><strong>mundo,</strong></span> <span class='ocrx_word' id='word_1_198' title='bbox 2678 1133 2734 1176; x_wconf 93' lang='lat' dir='ltr'><strong>ut</strong></span> <span class='ocrx_word' id='word_1_199' title='bbox 2771 1124 2844 1177; x_wconf 85' lang='lat' dir='ltr'><strong>ait</strong></span> <span class='ocrx_word' id='word_1_200' title='bbox 2894 1141 3040 1180; x_wconf 84' lang='lat' dir='ltr'><strong>meus</strong></span> <span class='ocrx_word' id='word_1_201' title='bbox 3069 1129 3320 1197; x_wconf 78' lang='lat' dir='ltr'><strong>magister</strong></span> <span class='ocrx_word' id='word_1_202' title='bbox 3371 1131 3509 1201; x_wconf 73' lang='lat' dir='ltr'><strong>(Gal.</strong></span> 
     </span>
    </p>
   </div>
   <div class='ocr_carea' id='block_1_27' title="bbox 1947 1209 3510 1279">
    <p class='ocr_par' dir='ltr' id='par_1_27' title="bbox 1947 1209 3510 1279">
     <span class='ocr_line' id='line_1_27' title="bbox 1947 1209 3510 1279; baseline 0.01 -20"><span class='ocrx_word' id='word_1_203' title='bbox 1947 1210 2042 1270; x_wconf 75' lang='lat' dir='ltr'><strong>VI).</strong></span> <span class='ocrx_word' id='word_1_204' title='bbox 2073 1209 2310 1276; x_wconf 83' lang='lat' dir='ltr'><strong>Cumque</strong></span> <span class='ocrx_word' id='word_1_205' title='bbox 2330 1225 2421 1265; x_wconf 86' lang='lat' dir='ltr'><strong>rex</strong></span> <span class='ocrx_word' id='word_1_206' title='bbox 2453 1211 2674 1266; x_wconf 80' lang='lat' dir='ltr'><strong>dixisset</strong></span> <span class='ocrx_word' id='word_1_207' title='bbox 2703 1230 2716 1266; x_wconf 89' lang='lat'><strong>:</strong></span> <span class='ocrx_word' id='word_1_208' title='bbox 2751 1213 2974 1279; x_wconf 86' lang='lat' dir='ltr'><strong>Quinam</strong></span> <span class='ocrx_word' id='word_1_209' title='bbox 3021 1219 3230 1272; x_wconf 85' lang='lat' dir='ltr'><strong>tandem</strong></span> <span class='ocrx_word' id='word_1_210' title='bbox 3285 1231 3406 1274; x_wconf 88' lang='lat' dir='ltr'><strong>sunt</strong></span> <span class='ocrx_word' id='word_1_211' title='bbox 3460 1221 3510 1275; x_wconf 92' lang='lat' dir='ltr'><strong>hi</strong></span> 
     </span>
    </p>
   </div>
   <div class='ocr_carea' id='block_1_28' title="bbox 1948 1288 3510 1374">
    <p class='ocr_par' dir='ltr' id='par_1_28' title="bbox 1948 1288 3510 1374">
     <span class='ocr_line' id='line_1_28' title="bbox 1948 1288 3510 1374; baseline 0.009 -24"><span class='ocrx_word' id='word_1_212' title='bbox 1948 1298 2128 1352; x_wconf 69' lang='lat' dir='ltr'><strong>hostes</strong></span> <span class='ocrx_word' id='word_1_213' title='bbox 2156 1301 2281 1366; x_wconf 92' lang='lat' dir='ltr'><strong>mei,</strong></span> <span class='ocrx_word' id='word_1_214' title='bbox 2310 1317 2441 1369; x_wconf 88' lang='lat' dir='ltr'><strong>quos</strong></span> <span class='ocrx_word' id='word_1_215' title='bbox 2470 1317 2556 1358; x_wconf 90' lang='lat' dir='ltr'><strong>me</strong></span> <span class='ocrx_word' id='word_1_216' title='bbox 2576 1288 2969 1374; x_wconf 51' lang='lat' dir='ltr'><strong>hinc&#39;ablegare</strong></span> <span class='ocrx_word' id='word_1_217' title='bbox 2991 1305 3188 1374; x_wconf 88' lang='lat' dir='ltr'><strong>jubes?</strong></span> <span class='ocrx_word' id='word_1_218' title='bbox 3216 1311 3510 1372; x_wconf 83' lang='lat' dir='ltr'><strong>Iracundia,</strong></span> 
     </span>
    </p>
   </div>
   <div class='ocr_carea' id='block_1_29' title="bbox 1947 1387 3514 1468">
    <p class='ocr_par' dir='ltr' id='par_1_29' title="bbox 1947 1387 3514 1468">
     <span class='ocr_line' id='line_1_29' title="bbox 1947 1387 3514 1468; baseline 0.013 -30"><span class='ocrx_word' id='word_1_219' title='bbox 1947 1387 2114 1456; x_wconf 85' lang='lat' dir='ltr'><strong>tnquit</strong></span> <span class='ocrx_word' id='word_1_220' title='bbox 2144 1389 2250 1452; x_wconf 84' lang='lat' dir='ltr'><strong>ille,</strong></span> <span class='ocrx_word' id='word_1_221' title='bbox 2281 1401 2337 1445; x_wconf 89' lang='lat' dir='ltr'><strong>et</strong></span> <span class='ocrx_word' id='word_1_222' title='bbox 2363 1394 2643 1461; x_wconf 86' lang='lat' dir='ltr'><strong>cupiditas.</strong></span> <span class='ocrx_word' id='word_1_223' title='bbox 2671 1393 2799 1448; x_wconf 81' lang='lat' dir='ltr'><strong>Nam</strong></span> <span class='ocrx_word' id='word_1_224' title='bbox 2829 1411 2907 1448; x_wconf 73' lang='lat' dir='ltr'><strong>ctu</strong></span> <span class='ocrx_word' id='word_1_225' title='bbox 2955 1397 3180 1464; x_wconf 90' lang='lat' dir='ltr'><strong>primum</strong></span> <span class='ocrx_word' id='word_1_226' title='bbox 3205 1402 3413 1468; x_wconf 82' lang='lat' dir='ltr'><strong>quidem</strong></span> <span class='ocrx_word' id='word_1_227' title='bbox 3443 1402 3514 1458; x_wconf 90' lang='lat' dir='ltr'><strong>ab</strong></span> 
     </span>
    </p>
   </div>
   <div class='ocr_carea' id='block_1_30' title="bbox 1943 1477 3516 1555">
    <p class='ocr_par' dir='ltr' id='par_1_30' title="bbox 1943 1477 3516 1555">
     <span class='ocr_line' id='line_1_30' title="bbox 1943 1477 3516 1555; baseline 0.012 -27"><span class='ocrx_word' id='word_1_228' title='bbox 1943 1477 2180 1530; x_wconf 90' lang='lat' dir='ltr'><strong>omnium</strong></span> <span class='ocrx_word' id='word_1_229' title='bbox 2213 1493 2390 1532; x_wconf 81' lang='lat' dir='ltr'><strong>rerum</strong></span> <span class='ocrx_word' id='word_1_230' title='bbox 2432 1492 2651 1547; x_wconf 88' lang='lat' dir='ltr'><strong>parente</strong></span> <span class='ocrx_word' id='word_1_231' title='bbox 2692 1495 2848 1553; x_wconf 89' lang='lat' dir='ltr'><strong>atque</strong></span> <span class='ocrx_word' id='word_1_232' title='bbox 2885 1486 3176 1542; x_wconf 85' lang='lat' dir='ltr'><strong>architecto</strong></span> <span class='ocrx_word' id='word_1_233' title='bbox 3215 1491 3280 1542; x_wconf 81' lang='lat' dir='ltr'><strong>ita</strong></span> <span class='ocrx_word' id='word_1_234' title='bbox 3326 1493 3516 1555; x_wconf 81' lang='lat' dir='ltr'><strong>produ-</strong></span> 
     </span>
    </p>
   </div>
   <div class='ocr_carea' id='block_1_31' title="bbox 1943 1573 3506 1643">
    <p class='ocr_par' dir='ltr' id='par_1_31' title="bbox 1943 1573 3506 1643">
     <span class='ocr_line' id='line_1_31' title="bbox 1943 1573 3506 1643; baseline 0.012 -25"><span class='ocrx_word' id='word_1_235' title='bbox 1943 1576 2041 1620; x_wconf 77' lang='lat' dir='ltr'><strong>ctze</strong></span> <span class='ocrx_word' id='word_1_236' title='bbox 2071 1578 2215 1629; x_wconf 86' lang='lat' dir='ltr'><strong>sunt.</strong></span> <span class='ocrx_word' id='word_1_237' title='bbox 2253 1581 2306 1622; x_wconf 91' lang='lat' dir='ltr'><strong>ut</strong></span> <span class='ocrx_word' id='word_1_238' title='bbox 2340 1581 2538 1624; x_wconf 60' lang='lat' dir='ltr'><strong>natura:</strong></span> <span class='ocrx_word' id='word_1_239' title='bbox 2585 1573 2998 1643; x_wconf 84' lang='lat' dir='ltr'><strong>opitularentur,</strong></span> <span class='ocrx_word' id='word_1_240' title='bbox 3051 1593 3115 1633; x_wconf 91' lang='lat' dir='ltr'><strong>ac</strong></span> <span class='ocrx_word' id='word_1_241' title='bbox 3160 1594 3301 1633; x_wconf 81' lang='lat' dir='ltr'><strong>nunc</strong></span> <span class='ocrx_word' id='word_1_242' title='bbox 3345 1583 3506 1636; x_wconf 78' lang='lat' dir='ltr'><strong>etiam</strong></span> 
     </span>
    </p>
   </div>
   <div class='ocr_carea' id='block_1_32' title="bbox 1941 1659 3508 1735">
    <p class='ocr_par' dir='ltr' id='par_1_32' title="bbox 1941 1659 3508 1735">
     <span class='ocr_line' id='line_1_32' title="bbox 1941 1659 3508 1735; baseline 0.01 -26"><span class='ocrx_word' id='word_1_243' title='bbox 1941 1659 2179 1710; x_wconf 86' lang='lat' dir='ltr'><strong>eamdem</strong></span> <span class='ocrx_word' id='word_1_244' title='bbox 2213 1661 2276 1713; x_wconf 83' lang='lat' dir='ltr'><strong>iis</strong></span> <span class='ocrx_word' id='word_1_245' title='bbox 2303 1674 2518 1728; x_wconf 90' lang='lat' dir='ltr'><strong>operam</strong></span> <span class='ocrx_word' id='word_1_246' title='bbox 2555 1664 2808 1727; x_wconf 59' lang='lat' dir='ltr'><strong>pra&#39;bent,</strong></span> <span class='ocrx_word' id='word_1_247' title='bbox 2845 1666 2935 1734; x_wconf 88' lang='lat' dir='ltr'><strong>qui</strong></span> <span class='ocrx_word' id='word_1_248' title='bbox 2981 1682 3083 1721; x_wconf 92' lang='lat' dir='ltr'><strong>non</strong></span> <span class='ocrx_word' id='word_1_249' title='bbox 3115 1677 3170 1722; x_wconf 92' lang='lat' dir='ltr'><strong>ut</strong></span> <span class='ocrx_word' id='word_1_250' title='bbox 3211 1672 3380 1735; x_wconf 89' lang='lat' dir='ltr'><strong>carni,</strong></span> <span class='ocrx_word' id='word_1_251' title='bbox 3413 1674 3508 1725; x_wconf 89' lang='lat' dir='ltr'><strong>sed</strong></span> 
     </span>
    </p>
   </div>
   <div class='ocr_carea' id='block_1_33' title="bbox 1943 1748 3508 1818">
    <p class='ocr_par' dir='ltr' id='par_1_33' title="bbox 1943 1748 3508 1818">
     <span class='ocr_line' id='line_1_33' title="bbox 1943 1748 3508 1818; baseline 0.011 -18"><span class='ocrx_word' id='word_1_252' title='bbox 1943 1759 1995 1800; x_wconf 89' lang='lat' dir='ltr'><strong>ut</strong></span> <span class='ocrx_word' id='word_1_253' title='bbox 2023 1748 2230 1816; x_wconf 85' lang='lat' dir='ltr'><strong>spiritui</strong></span> <span class='ocrx_word' id='word_1_254' title='bbox 2253 1761 2666 1807; x_wconf 88' lang='lat' dir='ltr'><strong>consentaneum</strong></span> <span class='ocrx_word' id='word_1_255' title='bbox 2710 1764 2810 1818; x_wconf 89' lang='lat' dir='ltr'><strong>est,</strong></span> <span class='ocrx_word' id='word_1_256' title='bbox 2867 1757 3068 1812; x_wconf 87' lang='lat' dir='ltr'><strong>vivunt.</strong></span> <span class='ocrx_word' id='word_1_257' title='bbox 3122 1759 3178 1814; x_wconf 87' lang='lat' dir='ltr'><strong>In</strong></span> <span class='ocrx_word' id='word_1_258' title='bbox 3216 1762 3364 1816; x_wconf 85' lang='lat' dir='ltr'><strong>vobis</strong></span> <span class='ocrx_word' id='word_1_259' title='bbox 3414 1779 3508 1816; x_wconf 89' lang='lat' dir='ltr'><strong>an-</strong></span> 
     </span>
    </p>
   </div>
   <div class='ocr_carea' id='block_1_34' title="bbox 253 1839 1834 1927">
    <p class='ocr_par' dir='ltr' id='par_1_34' title="bbox 253 1855 1832 1927">
     <span class='ocr_line' id='line_1_34' title="bbox 253 1855 1832 1927; baseline -0.001 -18"><span class='ocrx_word' id='word_1_260' title='bbox 253 1873 343 1918; x_wconf 84' lang='grc' dir='ltr'><strong>τες</strong></span> <span class='ocrx_word' id='word_1_261' title='bbox 371 1856 466 1910; x_wconf 81' lang='grc' dir='ltr'><strong>τοῦ</strong></span> <span class='ocrx_word' id='word_1_262' title='bbox 500 1857 810 1927; x_wconf 86' lang='grc' dir='ltr'>πνεύματος</span> <span class='ocrx_word' id='word_1_263' title='bbox 831 1895 846 1920; x_wconf 90' lang='grc'><strong>,</strong></span> <span class='ocrx_word' id='word_1_264' title='bbox 879 1857 1144 1911; x_wconf 84' lang='grc' dir='ltr'>ἀντίδικοι</span> <span class='ocrx_word' id='word_1_265' title='bbox 1173 1858 1453 1925; x_wconf 87' lang='grc' dir='ltr'>γεγόνασι,</span> <span class='ocrx_word' id='word_1_266' title='bbox 1496 1855 1682 1909; x_wconf 77' lang='grc' dir='ltr'>καὶτὰ</span> <span class='ocrx_word' id='word_1_267' title='bbox 1723 1855 1832 1908; x_wconf 83' lang='grc' dir='ltr'>τῶν</span> 
     </span>
    </p>
   </div>
   <div class='ocr_carea' id='block_1_35' title="bbox 1938 1839 3510 1927">
    <p class='ocr_par' dir='ltr' id='par_1_35' title="bbox 1943 1843 3510 1921">
     <span class='ocr_line' id='line_1_35' title="bbox 1943 1843 3510 1921; baseline 0.01 -29"><span class='ocrx_word' id='word_1_268' title='bbox 1943 1849 2069 1905; x_wconf 81' lang='lat' dir='ltr'><strong>tem,</strong></span> <span class='ocrx_word' id='word_1_269' title='bbox 2102 1843 2190 1908; x_wconf 89' lang='lat' dir='ltr'><strong>qui</strong></span> <span class='ocrx_word' id='word_1_270' title='bbox 2221 1857 2440 1911; x_wconf 86' lang='lat' dir='ltr'><strong>prorsus</strong></span> <span class='ocrx_word' id='word_1_271' title='bbox 2481 1847 2722 1902; x_wconf 85' lang='lat' dir='ltr'><strong>carnales</strong></span> <span class='ocrx_word' id='word_1_272' title='bbox 2753 1846 2903 1910; x_wconf 88' lang='lat' dir='ltr'><strong>estis,</strong></span> <span class='ocrx_word' id='word_1_273' title='bbox 2946 1865 3044 1903; x_wconf 94' lang='lat' dir='ltr'><strong>nec</strong></span> <span class='ocrx_word' id='word_1_274' title='bbox 3088 1851 3245 1905; x_wconf 91' lang='lat' dir='ltr'><strong>ullam</strong></span> <span class='ocrx_word' id='word_1_275' title='bbox 3295 1854 3510 1921; x_wconf 87' lang='lat' dir='ltr'><strong>spiritus</strong></span> 
     </span>
    </p>
   </div>
   <div class='ocr_carea' id='block_1_36' title="bbox 252 1947 1828 2019">
    <p class='ocr_par' dir='ltr' id='par_1_36' title="bbox 252 1947 1828 2019">
     <span class='ocr_line' id='line_1_36' title="bbox 252 1947 1828 2019; baseline 0 -19"><span class='ocrx_word' id='word_1_276' title='bbox 252 1947 468 2017; x_wconf 82' lang='grc' dir='ltr'>ἐχθρῶν</span> <span class='ocrx_word' id='word_1_277' title='bbox 501 1948 594 2002; x_wconf 75' lang='grc' dir='ltr'>καὶ</span> <span class='ocrx_word' id='word_1_278' title='bbox 631 1948 907 2019; x_wconf 89' lang='grc' dir='ltr'>πολεμίων</span> <span class='ocrx_word' id='word_1_279' title='bbox 949 1949 1396 2018; x_wconf 82' lang='grc' dir='ltr'>διαπράττονται.</span> <span class='ocrx_word' id='word_1_280' title='bbox 1459 1949 1525 2000; x_wconf 86' lang='grc' dir='ltr'><strong>Ἦ</strong></span> <span class='ocrx_word' id='word_1_281' title='bbox 1573 1948 1682 2018; x_wconf 80' lang='grc' dir='ltr'><strong>γὰρ</strong></span> <span class='ocrx_word' id='word_1_282' title='bbox 1707 1949 1828 2000; x_wconf 82' lang='grc' dir='ltr'>ἐπι-</span> 
     </span>
    </p>
   </div>
   <div class='ocr_carea' id='block_1_37' title="bbox 252 2039 1828 2112">
    <p class='ocr_par' dir='ltr' id='par_1_37' title="bbox 252 2039 1828 2112">
     <span class='ocr_line' id='line_1_37' title="bbox 252 2039 1828 2112; baseline -0.002 -20"><span class='ocrx_word' id='word_1_283' title='bbox 252 2039 427 2109; x_wconf 86' lang='grc' dir='ltr'>θυμία</span> <span class='ocrx_word' id='word_1_284' title='bbox 452 2042 510 2092; x_wconf 91' lang='grc' dir='ltr'><strong>ἐν</strong></span> <span class='ocrx_word' id='word_1_285' title='bbox 534 2041 682 2110; x_wconf 85' lang='grc' dir='ltr'>ὑμῖν,</span> <span class='ocrx_word' id='word_1_286' title='bbox 712 2042 1076 2112; x_wconf 78' lang='grc' dir='ltr'>ἐνεργουμένη</span> <span class='ocrx_word' id='word_1_287' title='bbox 1105 2043 1224 2112; x_wconf 82' lang='grc' dir='ltr'>μὲν,</span> <span class='ocrx_word' id='word_1_288' title='bbox 1242 2041 1436 2112; x_wconf 78' lang='grc' dir='ltr'>ἡδονὴν</span> <span class='ocrx_word' id='word_1_289' title='bbox 1465 2042 1577 2110; x_wconf 78' lang='grc'>(55)</span> <span class='ocrx_word' id='word_1_290' title='bbox 1602 2039 1828 2109; x_wconf 81' lang='grc' dir='ltr'><strong>ἐγείρει,</strong></span> 
     </span>
    </p>
   </div>
   <div class='ocr_carea' id='block_1_38' title="bbox 255 2129 1832 2204">
    <p class='ocr_par' dir='ltr' id='par_1_38' title="bbox 255 2129 1832 2204">
     <span class='ocr_line' id='line_1_38' title="bbox 255 2129 1832 2204; baseline -0.001 -20"><span class='ocrx_word' id='word_1_291' title='bbox 255 2132 354 2200; x_wconf 73' lang='grc' dir='ltr'><strong>ιι</strong></span> <span class='ocrx_word' id='word_1_292' title='bbox 398 2133 822 2204; x_wconf 82' lang='grc' dir='ltr'>καταργουμένη</span> <span class='ocrx_word' id='word_1_293' title='bbox 861 2133 918 2186; x_wconf 86' lang='grc' dir='ltr'>δὲ</span> <span class='ocrx_word' id='word_1_294' title='bbox 946 2172 960 2197; x_wconf 94' lang='grc'><strong>,</strong></span> <span class='ocrx_word' id='word_1_295' title='bbox 1007 2133 1199 2203; x_wconf 82' lang='grc' dir='ltr'>θυμόν.</span> <span class='ocrx_word' id='word_1_296' title='bbox 1249 2134 1496 2186; x_wconf 82' lang='grc' dir='ltr'>Ἀπέστω</span> <span class='ocrx_word' id='word_1_297' title='bbox 1529 2129 1624 2186; x_wconf 78' lang='grc' dir='ltr'>οὖν</span> <span class='ocrx_word' id='word_1_298' title='bbox 1659 2132 1832 2185; x_wconf 84' lang='grc' dir='ltr'>ταῦτα</span> 
     </span>
    </p>
   </div>
   <div class='ocr_carea' id='block_1_39' title="bbox 252 2221 1830 2292">
    <p class='ocr_par' dir='ltr' id='par_1_39' title="bbox 252 2221 1830 2292">
     <span class='ocr_line' id='line_1_39' title="bbox 252 2221 1830 2292; baseline 0.001 -21"><span class='ocrx_word' id='word_1_299' title='bbox 252 2222 493 2292; x_wconf 83' lang='grc' dir='ltr'>σήμερον</span> <span class='ocrx_word' id='word_1_300' title='bbox 527 2222 634 2275; x_wconf 86' lang='grc' dir='ltr'>ἀπὸ</span> <span class='ocrx_word' id='word_1_301' title='bbox 653 2221 770 2284; x_wconf 84' lang='grc' dir='ltr'>σοῦ,</span> <span class='ocrx_word' id='word_1_302' title='bbox 802 2222 1328 2292; x_wconf 73' lang='grc' dir='ltr'>προκαθεζέσθωσαν</span> <span class='ocrx_word' id='word_1_303' title='bbox 1363 2223 1419 2276; x_wconf 84' lang='grc' dir='ltr'>δὲ</span> <span class='ocrx_word' id='word_1_304' title='bbox 1450 2223 1531 2285; x_wconf 79' lang='grc' dir='ltr'><strong>είς</strong></span> <span class='ocrx_word' id='word_1_305' title='bbox 1563 2223 1830 2292; x_wconf 82' lang='grc' dir='ltr'>ἀκρόασιν</span> 
     </span>
    </p>
   </div>
   <div class='ocr_carea' id='block_1_40' title="bbox 259 2313 1828 2387">
    <p class='ocr_par' dir='ltr' id='par_1_40' title="bbox 259 2313 1828 2387">
     <span class='ocr_line' id='line_1_40' title="bbox 259 2313 1828 2387; baseline 0.001 -23"><span class='ocrx_word' id='word_1_306' title='bbox 259 2313 358 2365; x_wconf 76' lang='grc' dir='ltr'>τῶν</span> <span class='ocrx_word' id='word_1_307' title='bbox 392 2314 700 2384; x_wconf 87' lang='grc' dir='ltr'>λεγομένων</span> <span class='ocrx_word' id='word_1_308' title='bbox 731 2317 824 2368; x_wconf 75' lang='grc' dir='ltr'>καὶ</span> <span class='ocrx_word' id='word_1_309' title='bbox 854 2316 1034 2386; x_wconf 78' lang='grc' dir='ltr'>κρίσιν</span> <span class='ocrx_word' id='word_1_310' title='bbox 1065 2318 1098 2387; x_wconf 84' lang='grc' dir='ltr'><strong>ή</strong></span> <span class='ocrx_word' id='word_1_311' title='bbox 1138 2316 1400 2387; x_wconf 87' lang='grc' dir='ltr'>φρόνησις</span> <span class='ocrx_word' id='word_1_312' title='bbox 1431 2317 1526 2370; x_wconf 68' lang='grc' dir='ltr'><strong>κα)⁸</strong></span> <span class='ocrx_word' id='word_1_313' title='bbox 1560 2317 1592 2386; x_wconf 79' lang='grc' dir='ltr'>ἠ</span> <span class='ocrx_word' id='word_1_314' title='bbox 1617 2316 1828 2368; x_wconf 88' lang='grc' dir='ltr'>δικαιο-</span> 
     </span>
    </p>
   </div>
   <div class='ocr_carea' id='block_1_41' title="bbox 252 2405 1828 2478">
    <p class='ocr_par' dir='ltr' id='par_1_41' title="bbox 252 2405 1828 2478">
     <span class='ocr_line' id='line_1_41' title="bbox 252 2405 1828 2478; baseline 0.003 -23"><span class='ocrx_word' id='word_1_315' title='bbox 252 2405 412 2476; x_wconf 82' lang='grc' dir='ltr'>σύνη.</span> <span class='ocrx_word' id='word_1_316' title='bbox 448 2407 511 2459; x_wconf 83' lang='grc' dir='ltr'>Εἰ</span> <span class='ocrx_word' id='word_1_317' title='bbox 538 2407 644 2477; x_wconf 81' lang='grc' dir='ltr'><strong>γὰρ</strong></span> <span class='ocrx_word' id='word_1_318' title='bbox 671 2406 762 2459; x_wconf 86' lang='grc' dir='ltr'>τὸν</span> <span class='ocrx_word' id='word_1_319' title='bbox 791 2407 961 2477; x_wconf 83' lang='grc' dir='ltr'>θυμὸν</span> <span class='ocrx_word' id='word_1_320' title='bbox 995 2407 1091 2461; x_wconf 76' lang='grc' dir='ltr'><strong>καὶ</strong></span> <span class='ocrx_word' id='word_1_321' title='bbox 1115 2408 1212 2478; x_wconf 82' lang='grc' dir='ltr'>τὴν</span> <span class='ocrx_word' id='word_1_322' title='bbox 1242 2406 1540 2477; x_wconf 78' lang='grc' dir='ltr'>ἐπιθυμίαν</span> <span class='ocrx_word' id='word_1_323' title='bbox 1571 2409 1635 2460; x_wconf 84' lang='grc' dir='ltr'><strong>ἐκ</strong></span> <span class='ocrx_word' id='word_1_324' title='bbox 1663 2406 1828 2476; x_wconf 82' lang='grc' dir='ltr'>μέσου</span> 
     </span>
    </p>
   </div>
   <div class='ocr_carea' id='block_1_42' title="bbox 251 2497 1828 2570">
    <p class='ocr_par' dir='ltr' id='par_1_42' title="bbox 251 2497 1828 2570">
     <span class='ocr_line' id='line_1_42' title="bbox 251 2497 1828 2570; baseline 0.002 -22"><span class='ocrx_word' id='word_1_325' title='bbox 251 2497 506 2568; x_wconf 79' lang='grc' dir='ltr'>ποιήσεις</span> <span class='ocrx_word' id='word_1_326' title='bbox 529 2538 542 2561; x_wconf 92' lang='grc'><strong>,</strong></span> <span class='ocrx_word' id='word_1_327' title='bbox 578 2499 916 2562; x_wconf 76' lang='grc' dir='ltr'>ἀντεισάξεις</span> <span class='ocrx_word' id='word_1_328' title='bbox 941 2499 998 2552; x_wconf 84' lang='grc' dir='ltr'>δὲ</span> <span class='ocrx_word' id='word_1_329' title='bbox 1036 2501 1136 2570; x_wconf 84' lang='grc' dir='ltr'>τὴν</span> <span class='ocrx_word' id='word_1_330' title='bbox 1175 2499 1440 2570; x_wconf 85' lang='grc' dir='ltr'>φρόνησιν</span> <span class='ocrx_word' id='word_1_331' title='bbox 1482 2499 1576 2552; x_wconf 76' lang='grc' dir='ltr'>καὶ</span> <span class='ocrx_word' id='word_1_332' title='bbox 1606 2499 1706 2569; x_wconf 81' lang='grc' dir='ltr'>τὴν</span> <span class='ocrx_word' id='word_1_333' title='bbox 1747 2498 1828 2551; x_wconf 92' lang='grc' dir='ltr'>δι-</span> 
     </span>
    </p>
   </div>
   <div class='ocr_carea' id='block_1_43' title="bbox 251 2590 1832 2663">
    <p class='ocr_par' dir='ltr' id='par_1_43' title="bbox 251 2590 1832 2663">
     <span class='ocr_line' id='line_1_43' title="bbox 251 2590 1832 2663; baseline 0.002 -23"><span class='ocrx_word' id='word_1_334' title='bbox 251 2591 572 2660; x_wconf 83' lang='grc' dir='ltr'>καιοσύνην,</span> <span class='ocrx_word' id='word_1_335' title='bbox 604 2591 912 2660; x_wconf 80' lang='grc' dir='ltr'>φιλαλήθως</span> <span class='ocrx_word' id='word_1_336' title='bbox 945 2592 1120 2646; x_wconf 83' lang='grc' dir='ltr'>πάντα</span> <span class='ocrx_word' id='word_1_337' title='bbox 1148 2590 1287 2656; x_wconf 83' lang='grc' dir='ltr'>λέξω</span> <span class='ocrx_word' id='word_1_338' title='bbox 1317 2609 1418 2644; x_wconf 91' lang='grc' dir='ltr'>σοι.</span> <span class='ocrx_word' id='word_1_339' title='bbox 1448 2592 1590 2663; x_wconf 82' lang='grc' dir='ltr'>Πρὸς</span> <span class='ocrx_word' id='word_1_340' title='bbox 1609 2591 1775 2644; x_wconf 78' lang='grc' dir='ltr'>ταῦτα</span> <span class='ocrx_word' id='word_1_341' title='bbox 1803 2593 1832 2643; x_wconf 90' lang='lat'><strong>6</strong></span> 
     </span>
    </p>
   </div>
   <div class='ocr_carea' id='block_1_44' title="bbox 249 2678 1830 2753">
    <p class='ocr_par' dir='ltr' id='par_1_44' title="bbox 249 2678 1830 2753">
     <span class='ocr_line' id='line_1_44' title="bbox 249 2678 1830 2753; baseline 0.003 -22"><span class='ocrx_word' id='word_1_342' title='bbox 249 2678 510 2747; x_wconf 79' lang='grc' dir='ltr'>βασιλεὺς</span> <span class='ocrx_word' id='word_1_343' title='bbox 539 2680 644 2752; x_wconf 81' lang='grc' dir='ltr'>ἔφη</span> <span class='ocrx_word' id='word_1_344' title='bbox 672 2697 684 2710; x_wconf 85' lang='grc'><em>’</em></span> <span class='ocrx_word' id='word_1_345' title='bbox 728 2681 881 2747; x_wconf 77' lang='grc' dir='ltr'>Ἰδοὺ,</span> <span class='ocrx_word' id='word_1_346' title='bbox 933 2683 1080 2748; x_wconf 79' lang='grc' dir='ltr'>εἴξας</span> <span class='ocrx_word' id='word_1_347' title='bbox 1109 2700 1202 2735; x_wconf 93' lang='grc' dir='ltr'><strong>σου</strong></span> <span class='ocrx_word' id='word_1_348' title='bbox 1236 2686 1301 2753; x_wconf 84' lang='grc' dir='ltr'>τῇ</span> <span class='ocrx_word' id='word_1_349' title='bbox 1336 2681 1582 2748; x_wconf 81' lang='grc' dir='ltr'>ἀξιώσει,</span> <span class='ocrx_word' id='word_1_350' title='bbox 1613 2682 1830 2736; x_wconf 79' lang='grc' dir='ltr'>ἐκϐαλῶ</span> 
     </span>
    </p>
   </div>
   <div class='ocr_carea' id='block_1_45' title="bbox 250 2770 1827 2844">
    <p class='ocr_par' dir='ltr' id='par_1_45' title="bbox 250 2770 1827 2844">
     <span class='ocr_line' id='line_1_45' title="bbox 250 2770 1827 2844; baseline 0.001 -21"><span class='ocrx_word' id='word_1_351' title='bbox 250 2770 344 2824; x_wconf 83' lang='grc' dir='ltr'>τοῦ</span> <span class='ocrx_word' id='word_1_352' title='bbox 401 2774 681 2842; x_wconf 80' lang='grc' dir='ltr'>συνεδρίου</span> <span class='ocrx_word' id='word_1_353' title='bbox 737 2776 834 2844; x_wconf 86' lang='grc' dir='ltr'><strong>τήν</strong></span> <span class='ocrx_word' id='word_1_354' title='bbox 885 2791 944 2826; x_wconf 88' lang='grc' dir='ltr'><strong>τε</strong></span> <span class='ocrx_word' id='word_1_355' title='bbox 998 2773 1293 2844; x_wconf 82' lang='grc' dir='ltr'>ἐπιθυμίαν</span> <span class='ocrx_word' id='word_1_356' title='bbox 1347 2775 1446 2826; x_wconf 69' lang='grc' dir='ltr'>καὶ</span> <span class='ocrx_word' id='word_1_357' title='bbox 1493 2774 1585 2827; x_wconf 79' lang='grc' dir='ltr'>τὸν</span> <span class='ocrx_word' id='word_1_358' title='bbox 1634 2775 1827 2844; x_wconf 81' lang='grc' dir='ltr'>θυμὸν,</span> 
     </span>
    </p>
   </div>
   <div class='ocr_carea' id='block_1_46' title="bbox 252 2866 1830 2937">
    <p class='ocr_par' dir='ltr' id='par_1_46' title="bbox 252 2866 1830 2937">
     <span class='ocr_line' id='line_1_46' title="bbox 252 2866 1830 2937; baseline 0.001 -19"><span class='ocrx_word' id='word_1_359' title='bbox 252 2866 517 2936; x_wconf 79' lang='grc' dir='ltr'>μεσὰζειν</span> <span class='ocrx_word' id='word_1_360' title='bbox 575 2868 630 2920; x_wconf 85' lang='grc' dir='ltr'>δὲ</span> <span class='ocrx_word' id='word_1_361' title='bbox 682 2867 780 2937; x_wconf 79' lang='grc' dir='ltr'>τὴν</span> <span class='ocrx_word' id='word_1_362' title='bbox 842 2870 1106 2937; x_wconf 84' lang='grc' dir='ltr'>φρόνησιν</span> <span class='ocrx_word' id='word_1_363' title='bbox 1168 2869 1264 2920; x_wconf 76' lang='grc' dir='ltr'><strong>καὶ</strong></span> <span class='ocrx_word' id='word_1_364' title='bbox 1315 2867 1414 2937; x_wconf 81' lang='grc' dir='ltr'>τὴν</span> <span class='ocrx_word' id='word_1_365' title='bbox 1479 2867 1830 2936; x_wconf 85' lang='grc' dir='ltr'>δικαιοσύνην</span> 
     </span>
    </p>
   </div>
   <div class='ocr_carea' id='block_1_47' title="bbox 250 2958 1828 3029">
    <p class='ocr_par' dir='ltr' id='par_1_47' title="bbox 250 2958 1828 3029">
     <span class='ocr_line' id='line_1_47' title="bbox 250 2958 1828 3029; baseline 0.001 -21"><span class='ocrx_word' id='word_1_366' title='bbox 250 2960 488 3026; x_wconf 83' lang='grc' dir='ltr'>ποιήσω.</span> <span class='ocrx_word' id='word_1_367' title='bbox 526 2958 664 3026; x_wconf 84' lang='grc' dir='ltr'>Λέγε</span> <span class='ocrx_word' id='word_1_368' title='bbox 703 2976 790 3028; x_wconf 90' lang='grc' dir='ltr'><strong>μοι</strong></span> <span class='ocrx_word' id='word_1_369' title='bbox 819 2959 1002 3011; x_wconf 82' lang='grc' dir='ltr'>λοιπὸν</span> <span class='ocrx_word' id='word_1_370' title='bbox 1030 2958 1200 3022; x_wconf 81' lang='grc' dir='ltr'>ἀδεῶς</span> <span class='ocrx_word' id='word_1_371' title='bbox 1227 2958 1391 3011; x_wconf 86' lang='grc' dir='ltr'>πόθεν</span> <span class='ocrx_word' id='word_1_372' title='bbox 1422 2976 1505 3010; x_wconf 88' lang='grc' dir='ltr'><strong>σοι</strong></span> <span class='ocrx_word' id='word_1_373' title='bbox 1536 2960 1568 3029; x_wconf 87' lang='grc' dir='ltr'><strong>ή</strong></span> <span class='ocrx_word' id='word_1_374' title='bbox 1593 2958 1828 3027; x_wconf 84' lang='grc' dir='ltr'>τοσαύτη</span> 
     </span>
    </p>
   </div>
   <div class='ocr_carea' id='block_1_48' title="bbox 252 3047 1825 3120">
    <p class='ocr_par' dir='ltr' id='par_1_48' title="bbox 252 3047 1825 3120">
     <span class='ocr_line' id='line_1_48' title="bbox 252 3047 1825 3120; baseline 0.003 -20"><span class='ocrx_word' id='word_1_375' title='bbox 252 3048 476 3114; x_wconf 82' lang='grc' dir='ltr'>ἐγένετο</span> <span class='ocrx_word' id='word_1_376' title='bbox 511 3047 686 3118; x_wconf 85' lang='grc' dir='ltr'>πλάνη</span> <span class='ocrx_word' id='word_1_377' title='bbox 713 3090 726 3112; x_wconf 94' lang='grc'><strong>,</strong></span> <span class='ocrx_word' id='word_1_378' title='bbox 758 3051 853 3103; x_wconf 74' lang='grc' dir='ltr'>καὶ</span> <span class='ocrx_word' id='word_1_379' title='bbox 884 3051 945 3102; x_wconf 85' lang='grc' dir='ltr'>τὸ</span> <span class='ocrx_word' id='word_1_380' title='bbox 977 3052 1252 3120; x_wconf 78' lang='grc' dir='ltr'>προτιμᾷν</span> <span class='ocrx_word' id='word_1_381' title='bbox 1282 3050 1352 3102; x_wconf 81' lang='grc' dir='ltr'>τὰ</span> <span class='ocrx_word' id='word_1_382' title='bbox 1401 3051 1459 3102; x_wconf 87' lang='grc' dir='ltr'><strong>ἐν</strong></span> <span class='ocrx_word' id='word_1_383' title='bbox 1494 3053 1680 3112; x_wconf 86' lang='grc' dir='ltr'>κεναῖς</span> <span class='ocrx_word' id='word_1_384' title='bbox 1715 3050 1825 3120; x_wconf 72' lang='grc'><strong>(54)</strong></span> 
     </span>
    </p>
   </div>
   <div class='ocr_carea' id='block_1_49' title="bbox 253 3137 1898 3229">
    <p class='ocr_par' dir='ltr' id='par_1_49' title="bbox 253 3137 1898 3229">
     <span class='ocr_line' id='line_1_49' title="bbox 253 3137 1898 3229; baseline 0.001 -39"><span class='ocrx_word' id='word_1_385' title='bbox 253 3137 436 3190; x_wconf 82' lang='grc' dir='ltr'>ἐλπίσι</span> <span class='ocrx_word' id='word_1_386' title='bbox 470 3139 576 3192; x_wconf 84' lang='grc' dir='ltr'><strong>τῶν</strong></span> <span class='ocrx_word' id='word_1_387' title='bbox 609 3139 666 3190; x_wconf 87' lang='grc' dir='ltr'><strong>ἐν</strong></span> <span class='ocrx_word' id='word_1_388' title='bbox 710 3140 865 3209; x_wconf 73' lang='grc' dir='ltr'>χερσὶ</span> <span class='ocrx_word' id='word_1_389' title='bbox 897 3139 1266 3210; x_wconf 82' lang='grc' dir='ltr'>βλεπομένων.</span> <span class='ocrx_word' id='word_1_390' title='bbox 1329 3139 1672 3210; x_wconf 72' lang='grc' dir='ltr'>Ἀποκριθεὶς</span> <span class='ocrx_word' id='word_1_391' title='bbox 1706 3139 1762 3192; x_wconf 77' lang='grc' dir='ltr'>δὲ</span> <span class='ocrx_word' id='word_1_392' title='bbox 1800 3139 1829 3191; x_wconf 93' lang='lat'><strong>6</strong></span> <span class='ocrx_word' id='word_1_393' title='bbox 1857 3173 1898 3229; x_wconf 67' lang='grc' dir='ltr'>ϐ</span> 
     </span>
    </p>
   </div>
   <div class='ocr_carea' id='block_1_50' title="bbox 249 3226 748 3301">
    <p class='ocr_par' dir='ltr' id='par_1_50' title="bbox 249 3226 748 3301">
     <span class='ocr_line' id='line_1_50' title="bbox 249 3226 748 3301; baseline 0.002 -19"><span class='ocrx_word' id='word_1_394' title='bbox 249 3231 526 3301; x_wconf 65' lang='grc' dir='ltr'>ἀρημίτης</span> <span class='ocrx_word' id='word_1_395' title='bbox 555 3226 708 3283; x_wconf 79' lang='grc' dir='ltr'>εἶπεν</span> <span class='ocrx_word' id='word_1_396' title='bbox 735 3247 748 3262; x_wconf 78' lang='grc' dir='ltr'><strong><em>ο</em></strong></span> 
     </span>
    </p>
   </div>
   <div class='ocr_carea' id='block_1_51' title="bbox 328 3465 1827 3547">
    <p class='ocr_par' dir='ltr' id='par_1_51' title="bbox 328 3465 1827 3547">
     <span class='ocr_line' id='line_1_51' title="bbox 328 3465 1827 3547; baseline -0.003 -19"><span class='ocrx_word' id='word_1_397' title='bbox 328 3475 393 3529; x_wconf 78' lang='lat' dir='ltr'><strong>Et</strong></span> <span class='ocrx_word' id='word_1_398' title='bbox 426 3475 521 3546; x_wconf 78' lang='grc' dir='ltr'>τὴν</span> <span class='ocrx_word' id='word_1_399' title='bbox 551 3474 728 3547; x_wconf 77' lang='grc' dir='ltr'>ἀρχὴν</span> <span class='ocrx_word' id='word_1_400' title='bbox 758 3465 940 3545; x_wconf 82' lang='grc' dir='ltr'>ζητεῖς</span> <span class='ocrx_word' id='word_1_401' title='bbox 965 3515 980 3539; x_wconf 89' lang='grc'><strong>,</strong></span> <span class='ocrx_word' id='word_1_402' title='bbox 1017 3468 1060 3527; x_wconf 82' lang='grc' dir='ltr'><strong>ὦ</strong></span> <span class='ocrx_word' id='word_1_403' title='bbox 1111 3472 1356 3542; x_wconf 80' lang='grc' dir='ltr'>βασιλεῦ,</span> <span class='ocrx_word' id='word_1_404' title='bbox 1404 3473 1568 3526; x_wconf 88' lang='grc' dir='ltr'>πόθεν</span> <span class='ocrx_word' id='word_1_405' title='bbox 1618 3489 1706 3541; x_wconf 88' lang='grc' dir='ltr'><strong>μοι</strong></span> <span class='ocrx_word' id='word_1_406' title='bbox 1736 3471 1827 3538; x_wconf 75' lang='grc' dir='ltr'>γέ-</span> 
     </span>
    </p>
   </div>
   <div class='ocr_carea' id='block_1_52' title="bbox 253 3565 1828 3636">
    <p class='ocr_par' dir='ltr' id='par_1_52' title="bbox 253 3565 1828 3636">
     <span class='ocr_line' id='line_1_52' title="bbox 253 3565 1828 3636; baseline -0.003 -16"><span class='ocrx_word' id='word_1_407' title='bbox 253 3583 380 3636; x_wconf 86' lang='grc' dir='ltr'>γονε</span> <span class='ocrx_word' id='word_1_408' title='bbox 418 3567 524 3619; x_wconf 85' lang='grc' dir='ltr'><strong>τῶν</strong></span> <span class='ocrx_word' id='word_1_409' title='bbox 557 3566 912 3636; x_wconf 85' lang='grc' dir='ltr'>προσκαίρων</span> <span class='ocrx_word' id='word_1_410' title='bbox 945 3565 1044 3635; x_wconf 80' lang='grc' dir='ltr'>μὲν</span> <span class='ocrx_word' id='word_1_411' title='bbox 1077 3566 1354 3636; x_wconf 82' lang='grc' dir='ltr'>ὑπεριδεῖν</span> <span class='ocrx_word' id='word_1_412' title='bbox 1379 3605 1393 3627; x_wconf 94' lang='grc'><strong>,</strong></span> <span class='ocrx_word' id='word_1_413' title='bbox 1425 3566 1545 3618; x_wconf 82' lang='grc' dir='ltr'>ὅλον</span> <span class='ocrx_word' id='word_1_414' title='bbox 1573 3565 1628 3618; x_wconf 71' lang='grc' dir='ltr'>δὲ</span> <span class='ocrx_word' id='word_1_415' title='bbox 1655 3566 1828 3634; x_wconf 76' lang='grc' dir='ltr'>ἐμαυι</span> 
     </span>
    </p>
   </div>
   <div class='ocr_carea' id='block_1_53' title="bbox 252 3657 1830 3723">
    <p class='ocr_par' dir='ltr' id='par_1_53' title="bbox 252 3657 1830 3723">
     <span class='ocr_line' id='line_1_53' title="bbox 252 3657 1830 3723; baseline -0.003 -9"><span class='ocrx_word' id='word_1_416' title='bbox 252 3661 345 3714; x_wconf 69' lang='grc' dir='ltr'><strong>τὸν</strong></span> <span class='ocrx_word' id='word_1_417' title='bbox 377 3663 499 3723; x_wconf 87' lang='grc' dir='ltr'>ταῖς</span> <span class='ocrx_word' id='word_1_418' title='bbox 533 3659 774 3721; x_wconf 72' lang='grc' dir='ltr'>αἰωνίοις</span> <span class='ocrx_word' id='word_1_419' title='bbox 825 3657 1103 3711; x_wconf 72' lang='grc' dir='ltr'>ἐπιδοῦναι</span> <span class='ocrx_word' id='word_1_420' title='bbox 1143 3659 1380 3720; x_wconf 75' lang='grc' dir='ltr'>ἐλπίσιν,</span> <span class='ocrx_word' id='word_1_421' title='bbox 1435 3657 1692 3710; x_wconf 84' lang='grc' dir='ltr'>ἄκουσον.</span> <span class='ocrx_word' id='word_1_422' title='bbox 1742 3657 1830 3709; x_wconf 83' lang='grc' dir='ltr'>Ἐν</span> 
     </span>
    </p>
   </div>
   <div class='ocr_carea' id='block_1_54' title="bbox 254 3747 1832 3823">
    <p class='ocr_par' dir='ltr' id='par_1_54' title="bbox 254 3747 1832 3823">
     <span class='ocr_line' id='line_1_54' title="bbox 254 3747 1832 3823; baseline -0.002 -18"><span class='ocrx_word' id='word_1_423' title='bbox 254 3754 492 3823; x_wconf 81' lang='grc' dir='ltr'>ἡμέραις</span> <span class='ocrx_word' id='word_1_424' title='bbox 518 3751 794 3821; x_wconf 84' lang='grc' dir='ltr'>ἀρχαίαις,</span> <span class='ocrx_word' id='word_1_425' title='bbox 830 3751 908 3802; x_wconf 80' lang='grc' dir='ltr'>ἔτι</span> <span class='ocrx_word' id='word_1_426' title='bbox 939 3749 1136 3820; x_wconf 78' lang='grc' dir='ltr'>κομιδῆ</span> <span class='ocrx_word' id='word_1_427' title='bbox 1166 3749 1284 3813; x_wconf 87' lang='grc' dir='ltr'>νέος</span> <span class='ocrx_word' id='word_1_428' title='bbox 1313 3751 1594 3821; x_wconf 75' lang='grc' dir='ltr'>ὑπάρχων,</span> <span class='ocrx_word' id='word_1_429' title='bbox 1622 3747 1832 3818; x_wconf 76' lang='grc' dir='ltr'>ἥκουσά</span> 
     </span>
    </p>
   </div>
   <div class='ocr_carea' id='block_1_55' title="bbox 253 3839 1827 3915">
    <p class='ocr_par' dir='ltr' id='par_1_55' title="bbox 253 3839 1827 3915">
     <span class='ocr_line' id='line_1_55' title="bbox 253 3839 1827 3915; baseline -0.004 -17"><span class='ocrx_word' id='word_1_430' title='bbox 253 3863 306 3899; x_wconf 81' lang='grc' dir='ltr'><strong>τι</strong></span> <span class='ocrx_word' id='word_1_431' title='bbox 347 3847 501 3915; x_wconf 77' lang='grc' dir='ltr'>ῥῆμα</span> <span class='ocrx_word' id='word_1_432' title='bbox 541 3843 742 3911; x_wconf 78' lang='grc' dir='ltr'>ἀγαθὸν</span> <span class='ocrx_word' id='word_1_433' title='bbox 773 3843 868 3895; x_wconf 71' lang='grc' dir='ltr'>καὶ</span> <span class='ocrx_word' id='word_1_434' title='bbox 897 3843 1181 3912; x_wconf 85' lang='grc' dir='ltr'>σωτήριον,</span> <span class='ocrx_word' id='word_1_435' title='bbox 1219 3839 1312 3892; x_wconf 87' lang='grc' dir='ltr'><strong>καί</strong></span> <span class='ocrx_word' id='word_1_436' title='bbox 1346 3857 1411 3910; x_wconf 86' lang='grc' dir='ltr'><strong>με</strong></span> <span class='ocrx_word' id='word_1_437' title='bbox 1445 3839 1564 3891; x_wconf 85' lang='grc' dir='ltr'>κατ’</span> <span class='ocrx_word' id='word_1_438' title='bbox 1596 3839 1827 3909; x_wconf 77' lang='grc' dir='ltr'>ἄκραςὴ</span> 
     </span>
    </p>
   </div>
   <div class='ocr_carea' id='block_1_56' title="bbox 253 3927 1828 4001">
    <p class='ocr_par' dir='ltr' id='par_1_56' title="bbox 253 3927 1828 4001">
     <span class='ocr_line' id='line_1_56' title="bbox 253 3927 1828 4001; baseline -0.005 -13"><span class='ocrx_word' id='word_1_439' title='bbox 253 3933 448 3988; x_wconf 85' lang='grc' dir='ltr'>τούτου</span> <span class='ocrx_word' id='word_1_440' title='bbox 485 3933 713 4000; x_wconf 88' lang='grc' dir='ltr'>δύναμις</span> <span class='ocrx_word' id='word_1_441' title='bbox 750 3927 884 3996; x_wconf 74' lang='grc' dir='ltr'>εἷλε,</span> <span class='ocrx_word' id='word_1_442' title='bbox 918 3931 1048 3995; x_wconf 70' lang='grc' dir='ltr'>καὶ,</span> <span class='ocrx_word' id='word_1_443' title='bbox 1100 3930 1286 4001; x_wconf 77' lang='grc' dir='ltr'>ὥσπερ</span> <span class='ocrx_word' id='word_1_444' title='bbox 1315 3948 1396 3992; x_wconf 89' lang='grc' dir='ltr'><strong>τις</strong></span> <span class='ocrx_word' id='word_1_445' title='bbox 1430 3930 1571 3989; x_wconf 85' lang='grc' dir='ltr'>θεῖος</span> <span class='ocrx_word' id='word_1_446' title='bbox 1606 3929 1828 4000; x_wconf 81' lang='grc' dir='ltr'>σπόρος,</span> 
     </span>
    </p>
   </div>
   <div class='ocr_carea' id='block_1_57' title="bbox 253 4025 1830 4101">
    <p class='ocr_par' dir='ltr' id='par_1_57' title="bbox 253 4025 1830 4101">
     <span class='ocr_line' id='line_1_57' title="bbox 253 4025 1830 4101; baseline -0.004 -18"><span class='ocrx_word' id='word_1_447' title='bbox 253 4033 286 4101; x_wconf 83' lang='grc' dir='ltr'><strong>ή</strong></span> <span class='ocrx_word' id='word_1_448' title='bbox 321 4029 516 4082; x_wconf 84' lang='grc' dir='ltr'>τούτου</span> <span class='ocrx_word' id='word_1_449' title='bbox 561 4030 748 4099; x_wconf 85' lang='grc' dir='ltr'>μνήμη</span> <span class='ocrx_word' id='word_1_450' title='bbox 777 4068 792 4092; x_wconf 95' lang='grc'><strong>,</strong></span> <span class='ocrx_word' id='word_1_451' title='bbox 823 4031 887 4099; x_wconf 77' lang='grc' dir='ltr'><strong>τῇ</strong></span> <span class='ocrx_word' id='word_1_452' title='bbox 919 4030 1025 4098; x_wconf 76' lang='grc' dir='ltr'><strong>ἐμῇ</strong></span> <span class='ocrx_word' id='word_1_453' title='bbox 1062 4027 1390 4096; x_wconf 82' lang='grc' dir='ltr'>φυτευθεῖσα</span> <span class='ocrx_word' id='word_1_454' title='bbox 1422 4028 1652 4099; x_wconf 77' lang='grc' dir='ltr'>καρδίᾳ,</span> <span class='ocrx_word' id='word_1_455' title='bbox 1684 4025 1830 4097; x_wconf 64' lang='grc' dir='ltr'>ἀχώ-</span> 
     </span>
    </p>
   </div>
   <div class='ocr_carea' id='block_1_58' title="bbox 255 4117 1830 4193">
    <p class='ocr_par' dir='ltr' id='par_1_58' title="bbox 255 4117 1830 4193">
     <span class='ocr_line' id='line_1_58' title="bbox 255 4117 1830 4193; baseline -0.003 -18"><span class='ocrx_word' id='word_1_456' title='bbox 255 4138 443 4193; x_wconf 85' lang='grc' dir='ltr'>ριστος</span> <span class='ocrx_word' id='word_1_457' title='bbox 466 4123 546 4184; x_wconf 86' lang='grc' dir='ltr'><strong>είς</strong></span> <span class='ocrx_word' id='word_1_458' title='bbox 575 4121 662 4172; x_wconf 74' lang='grc' dir='ltr'><strong>ἀεὶ</strong></span> <span class='ocrx_word' id='word_1_459' title='bbox 689 4118 984 4189; x_wconf 88' lang='grc' dir='ltr'>διετηρήθη</span> <span class='ocrx_word' id='word_1_460' title='bbox 1007 4118 1083 4180; x_wconf 86' lang='grc' dir='ltr'>ὼς</span> <span class='ocrx_word' id='word_1_461' title='bbox 1106 4118 1199 4170; x_wconf 74' lang='grc' dir='ltr'>καὶ</span> <span class='ocrx_word' id='word_1_462' title='bbox 1233 4117 1530 4189; x_wconf 76' lang='grc' dir='ltr'>ῥιζωθῆναι</span> <span class='ocrx_word' id='word_1_463' title='bbox 1563 4159 1576 4182; x_wconf 95' lang='grc'><strong>,</strong></span> <span class='ocrx_word' id='word_1_464' title='bbox 1615 4119 1708 4170; x_wconf 73' lang='grc' dir='ltr'>καὶ</span> <span class='ocrx_word' id='word_1_465' title='bbox 1735 4121 1830 4171; x_wconf 89' lang='grc' dir='ltr'>ἐκ-</span> 
     </span>
    </p>
   </div>
   <div class='ocr_carea' id='block_1_59' title="bbox 255 4209 1832 4282">
    <p class='ocr_par' dir='ltr' id='par_1_59' title="bbox 255 4209 1832 4282">
     <span class='ocr_line' id='line_1_59' title="bbox 255 4209 1832 4282; baseline -0.002 -17"><span class='ocrx_word' id='word_1_466' title='bbox 255 4213 581 4282; x_wconf 81' lang='grc' dir='ltr'>ϐλαστῆσαι,</span> <span class='ocrx_word' id='word_1_467' title='bbox 609 4213 701 4263; x_wconf 75' lang='grc' dir='ltr'>καὶ</span> <span class='ocrx_word' id='word_1_468' title='bbox 729 4210 786 4264; x_wconf 81' lang='grc' dir='ltr'>ὃν</span> <span class='ocrx_word' id='word_1_469' title='bbox 818 4211 950 4280; x_wconf 79' lang='grc' dir='ltr'>ὁρᾷς</span> <span class='ocrx_word' id='word_1_470' title='bbox 983 4209 1194 4279; x_wconf 75' lang='grc' dir='ltr'>καρπὸν</span> <span class='ocrx_word' id='word_1_471' title='bbox 1221 4211 1466 4277; x_wconf 85' lang='grc' dir='ltr'>ἐνεγκεῖν</span> <span class='ocrx_word' id='word_1_472' title='bbox 1495 4210 1552 4261; x_wconf 88' lang='grc' dir='ltr'><strong>ἐν</strong></span> <span class='ocrx_word' id='word_1_473' title='bbox 1586 4210 1730 4279; x_wconf 88' lang='grc' dir='ltr'>ἐμοί.</span> <span class='ocrx_word' id='word_1_474' title='bbox 1767 4210 1832 4262; x_wconf 80' lang='lat' dir='ltr'><strong>&#39;ll</strong></span> 
     </span>
    </p>
   </div>
   <div class='ocr_carea' id='block_1_60' title="bbox 255 4297 1831 4372">
    <p class='ocr_par' dir='ltr' id='par_1_60' title="bbox 255 4297 1831 4372">
     <span class='ocr_line' id='line_1_60' title="bbox 255 4297 1831 4372; baseline -0.003 -15"><span class='ocrx_word' id='word_1_475' title='bbox 255 4305 312 4357; x_wconf 69' lang='grc' dir='ltr'>δὲ</span> <span class='ocrx_word' id='word_1_476' title='bbox 356 4303 453 4356; x_wconf 72' lang='grc' dir='ltr'><strong>τοῦ</strong></span> <span class='ocrx_word' id='word_1_477' title='bbox 505 4303 746 4372; x_wconf 78' lang='grc' dir='ltr'>ῥήματος</span> <span class='ocrx_word' id='word_1_478' title='bbox 801 4301 1030 4368; x_wconf 87' lang='grc' dir='ltr'>δύναμις</span> <span class='ocrx_word' id='word_1_479' title='bbox 1066 4299 1290 4369; x_wconf 82' lang='grc' dir='ltr'>τοιαύτη</span> <span class='ocrx_word' id='word_1_480' title='bbox 1338 4318 1422 4364; x_wconf 88' lang='grc' dir='ltr'><strong>τις</strong></span> <span class='ocrx_word' id='word_1_481' title='bbox 1456 4297 1559 4371; x_wconf 80' lang='grc' dir='ltr'><strong>ἦν·</strong></span> <span class='ocrx_word' id='word_1_482' title='bbox 1619 4302 1831 4367; x_wconf 82' lang='grc' dir='ltr'>Ἔδοξε,</span> 
     </span>
    </p>
   </div>
   <div class='ocr_carea' id='block_1_61' title="bbox 258 4393 1834 4467">
    <p class='ocr_par' dir='ltr' id='par_1_61' title="bbox 258 4393 1834 4467">
     <span class='ocr_line' id='line_1_61' title="bbox 258 4393 1834 4467; baseline -0.002 -18"><span class='ocrx_word' id='word_1_483' title='bbox 258 4397 417 4467; x_wconf 69' lang='grc' dir='ltr'>φησὶ,</span> <span class='ocrx_word' id='word_1_484' title='bbox 449 4398 560 4458; x_wconf 83' lang='grc' dir='ltr'>τοῖς</span> <span class='ocrx_word' id='word_1_485' title='bbox 588 4395 836 4464; x_wconf 85' lang='grc' dir='ltr'>ἀνοήτοις</span> <span class='ocrx_word' id='word_1_486' title='bbox 870 4393 976 4445; x_wconf 87' lang='grc' dir='ltr'>τῶν</span> <span class='ocrx_word' id='word_1_487' title='bbox 1016 4393 1184 4445; x_wconf 78' lang='grc' dir='ltr'>όντων</span> <span class='ocrx_word' id='word_1_488' title='bbox 1217 4394 1317 4460; x_wconf 84' lang='grc' dir='ltr'>μὲν</span> <span class='ocrx_word' id='word_1_489' title='bbox 1354 4396 1717 4462; x_wconf 75' lang='grc' dir='ltr'>καταφρονεῖν</span> <span class='ocrx_word' id='word_1_490' title='bbox 1756 4394 1834 4457; x_wconf 82' lang='grc' dir='ltr'>ὡς</span> 
     </span>
    </p>
   </div>
   <div class='ocr_carea' id='block_1_62' title="bbox 262 4483 1832 4558">
    <p class='ocr_par' dir='ltr' id='par_1_62' title="bbox 262 4483 1832 4558">
     <span class='ocr_line' id='line_1_62' title="bbox 262 4483 1832 4558; baseline -0.002 -19"><span class='ocrx_word' id='word_1_491' title='bbox 262 4487 338 4558; x_wconf 84' lang='grc' dir='ltr'>μὴ</span> <span class='ocrx_word' id='word_1_492' title='bbox 369 4487 560 4550; x_wconf 74' lang='grc' dir='ltr'>ὅντων,</span> <span class='ocrx_word' id='word_1_493' title='bbox 593 4486 700 4538; x_wconf 83' lang='grc' dir='ltr'>τῶν</span> <span class='ocrx_word' id='word_1_494' title='bbox 730 4484 803 4554; x_wconf 82' lang='grc' dir='ltr'>μὴ</span> <span class='ocrx_word' id='word_1_495' title='bbox 835 4484 999 4536; x_wconf 79' lang='grc' dir='ltr'>ὄντων</span> <span class='ocrx_word' id='word_1_496' title='bbox 1025 4484 1081 4536; x_wconf 83' lang='grc' dir='ltr'>δὲ</span> <span class='ocrx_word' id='word_1_497' title='bbox 1117 4483 1192 4546; x_wconf 83' lang='grc' dir='ltr'>ὡς</span> <span class='ocrx_word' id='word_1_498' title='bbox 1222 4483 1388 4536; x_wconf 81' lang='grc' dir='ltr'>ὄντων</span> <span class='ocrx_word' id='word_1_499' title='bbox 1419 4484 1738 4554; x_wconf 76' lang='grc' dir='ltr'>ἀντέχεσθαι</span> <span class='ocrx_word' id='word_1_500' title='bbox 1773 4501 1832 4536; x_wconf 90' lang='grc' dir='ltr'><strong>τε</strong></span> 
     </span>
    </p>
   </div>
   <div class='ocr_carea' id='block_1_63' title="bbox 259 4571 1832 4648">
    <p class='ocr_par' dir='ltr' id='par_1_63' title="bbox 259 4571 1832 4648">
     <span class='ocr_line' id='line_1_63' title="bbox 259 4571 1832 4648; baseline -0.003 -16"><span class='ocrx_word' id='word_1_501' title='bbox 259 4579 358 4632; x_wconf 74' lang='grc' dir='ltr'>καὶ</span> <span class='ocrx_word' id='word_1_502' title='bbox 397 4577 750 4648; x_wconf 83' lang='grc' dir='ltr'>περιέχεσθαι</span> <span class='ocrx_word' id='word_1_503' title='bbox 770 4591 784 4605; x_wconf 82' lang='lat'><strong>&#39;</strong></span> <span class='ocrx_word' id='word_1_504' title='bbox 820 4578 847 4626; x_wconf 88' lang='lat'><strong>6</strong></span> <span class='ocrx_word' id='word_1_505' title='bbox 877 4576 950 4644; x_wconf 84' lang='grc' dir='ltr'>μὴ</span> <span class='ocrx_word' id='word_1_506' title='bbox 981 4574 1320 4642; x_wconf 82' lang='grc' dir='ltr'>γευσάμενος</span> <span class='ocrx_word' id='word_1_507' title='bbox 1349 4571 1442 4626; x_wconf 76' lang='grc' dir='ltr'><strong>οὖν</strong></span> <span class='ocrx_word' id='word_1_508' title='bbox 1471 4577 1566 4645; x_wconf 80' lang='grc' dir='ltr'>τῆς</span> <span class='ocrx_word' id='word_1_509' title='bbox 1609 4576 1716 4627; x_wconf 86' lang='grc' dir='ltr'>τῶν</span> <span class='ocrx_word' id='word_1_510' title='bbox 1743 4576 1832 4627; x_wconf 84' lang='grc' dir='ltr'>δν-</span> 
     </span>
    </p>
   </div>
   <div class='ocr_carea' id='block_1_64' title="bbox 260 4663 1836 4736">
    <p class='ocr_par' dir='ltr' id='par_1_64' title="bbox 260 4663 1836 4736">
     <span class='ocr_line' id='line_1_64' title="bbox 260 4663 1836 4736; baseline -0.002 -16"><span class='ocrx_word' id='word_1_511' title='bbox 260 4685 370 4721; x_wconf 87' lang='grc' dir='ltr'><strong>των</strong></span> <span class='ocrx_word' id='word_1_512' title='bbox 404 4666 780 4736; x_wconf 85' lang='grc' dir='ltr'>γλυκύτητος,</span> <span class='ocrx_word' id='word_1_513' title='bbox 832 4665 892 4716; x_wconf 84' lang='grc' dir='ltr'><strong>ού</strong></span> <span class='ocrx_word' id='word_1_514' title='bbox 942 4665 1231 4732; x_wconf 81' lang='grc' dir='ltr'>δυνήσεται</span> <span class='ocrx_word' id='word_1_515' title='bbox 1279 4664 1380 4732; x_wconf 78' lang='lat'><strong>12</strong></span> <span class='ocrx_word' id='word_1_516' title='bbox 1412 4663 1518 4716; x_wconf 85' lang='grc' dir='ltr'><strong>τῶν</strong></span> <span class='ocrx_word' id='word_1_517' title='bbox 1553 4665 1628 4736; x_wconf 82' lang='grc' dir='ltr'>μὴ</span> <span class='ocrx_word' id='word_1_518' title='bbox 1669 4665 1836 4718; x_wconf 74' lang='grc' dir='ltr'>ὄντων</span> 
     </span>
    </p>
   </div>
   <div class='ocr_carea' id='block_1_65' title="bbox 265 4755 1838 4828">
    <p class='ocr_par' dir='ltr' id='par_1_65' title="bbox 265 4755 1838 4828">
     <span class='ocr_line' id='line_1_65' title="bbox 265 4755 1838 4828; baseline -0.001 -16"><span class='ocrx_word' id='word_1_519' title='bbox 265 4757 608 4828; x_wconf 82' lang='grc' dir='ltr'>καταμαθεῖν</span> <span class='ocrx_word' id='word_1_520' title='bbox 665 4756 762 4826; x_wconf 81' lang='grc' dir='ltr'>τὴν</span> <span class='ocrx_word' id='word_1_521' title='bbox 815 4755 1016 4824; x_wconf 84' lang='grc' dir='ltr'>φύσιν·</span> <span class='ocrx_word' id='word_1_522' title='bbox 1072 4756 1146 4824; x_wconf 82' lang='grc' dir='ltr'>μὴ</span> <span class='ocrx_word' id='word_1_523' title='bbox 1201 4755 1537 4824; x_wconf 85' lang='grc' dir='ltr'>καταμαθὼν</span> <span class='ocrx_word' id='word_1_524' title='bbox 1567 4757 1660 4818; x_wconf 82' lang='grc' dir='ltr'>δὲ,</span> <span class='ocrx_word' id='word_1_525' title='bbox 1721 4758 1838 4821; x_wconf 85' lang='grc' dir='ltr'>πῶς</span> 
     </span>
    </p>
   </div>
   <div class='ocr_carea' id='block_1_66' title="bbox 265 4839 1838 4914">
    <p class='ocr_par' dir='ltr' id='par_1_66' title="bbox 265 4839 1838 4914">
     <span class='ocr_line' id='line_1_66' title="bbox 265 4839 1838 4914; baseline 0 -16"><span class='ocrx_word' id='word_1_526' title='bbox 265 4846 446 4898; x_wconf 86' lang='grc' dir='ltr'>αὐτῶν</span> <span class='ocrx_word' id='word_1_527' title='bbox 479 4845 847 4914; x_wconf 76' lang='grc' dir='ltr'>ύπερόψεταις</span> <span class='ocrx_word' id='word_1_528' title='bbox 887 4846 1051 4896; x_wconf 88' lang='grc' dir='ltr'>Ὄντα</span> <span class='ocrx_word' id='word_1_529' title='bbox 1089 4844 1187 4912; x_wconf 86' lang='grc' dir='ltr'>μὲν</span> <span class='ocrx_word' id='word_1_530' title='bbox 1215 4839 1308 4896; x_wconf 84' lang='grc' dir='ltr'>οὖν</span> <span class='ocrx_word' id='word_1_531' title='bbox 1335 4845 1592 4898; x_wconf 83' lang='grc' dir='ltr'>ἐκάλεσεν</span> <span class='ocrx_word' id='word_1_532' title='bbox 1625 4846 1654 4897; x_wconf 93' lang='lat'><strong>6</strong></span> <span class='ocrx_word' id='word_1_533' title='bbox 1683 4846 1838 4914; x_wconf 87' lang='grc' dir='ltr'>λόγος</span> 
     </span>
    </p>
   </div>
   <div class='ocr_carea' id='block_1_67' title="bbox 265 4933 1838 5004">
    <p class='ocr_par' dir='ltr' id='par_1_67' title="bbox 265 4933 1838 5004">
     <span class='ocr_line' id='line_1_67' title="bbox 265 4933 1838 5004; baseline -0.001 -14"><span class='ocrx_word' id='word_1_534' title='bbox 265 4938 335 4991; x_wconf 75' lang='grc' dir='ltr'><strong>τὰ</strong></span> <span class='ocrx_word' id='word_1_535' title='bbox 375 4935 570 4990; x_wconf 75' lang='grc' dir='ltr'>αἰώνια</span> <span class='ocrx_word' id='word_1_536' title='bbox 601 4935 692 4987; x_wconf 70' lang='grc' dir='ltr'>καὶ</span> <span class='ocrx_word' id='word_1_537' title='bbox 738 4935 812 5004; x_wconf 82' lang='grc' dir='ltr'>μὴ</span> <span class='ocrx_word' id='word_1_538' title='bbox 849 4933 1205 5003; x_wconf 86' lang='grc' dir='ltr'>σαλευόμενα,</span> <span class='ocrx_word' id='word_1_539' title='bbox 1257 4934 1329 5004; x_wconf 83' lang='grc' dir='ltr'>μὴ</span> <span class='ocrx_word' id='word_1_540' title='bbox 1363 4934 1489 4985; x_wconf 77' lang='grc' dir='ltr'>ὄντα</span> <span class='ocrx_word' id='word_1_541' title='bbox 1530 4935 1584 4987; x_wconf 78' lang='grc' dir='ltr'>δὲ</span> <span class='ocrx_word' id='word_1_542' title='bbox 1628 4936 1718 4988; x_wconf 78' lang='grc' dir='ltr'>τὸν</span> <span class='ocrx_word' id='word_1_543' title='bbox 1749 4939 1838 4988; x_wconf 85' lang='grc' dir='ltr'>ἐν·</span> 
     </span>
    </p>
   </div>
   <div class='ocr_carea' id='block_1_68' title="bbox 267 5024 1837 5098">
    <p class='ocr_par' dir='ltr' id='par_1_68' title="bbox 267 5024 1837 5098">
     <span class='ocr_line' id='line_1_68' title="bbox 267 5024 1837 5098; baseline -0.008 -16"><span class='ocrx_word' id='word_1_544' title='bbox 267 5027 444 5082; x_wconf 82' lang='grc' dir='ltr'>ταῦοα</span> <span class='ocrx_word' id='word_1_545' title='bbox 471 5028 583 5098; x_wconf 83' lang='grc' dir='ltr'>βίον</span> <span class='ocrx_word' id='word_1_546' title='bbox 614 5027 705 5080; x_wconf 75' lang='grc' dir='ltr'>καὶ</span> <span class='ocrx_word' id='word_1_547' title='bbox 736 5025 832 5096; x_wconf 77' lang='grc' dir='ltr'>τὴν</span> <span class='ocrx_word' id='word_1_548' title='bbox 865 5024 1072 5097; x_wconf 82' lang='grc' dir='ltr'>τρυφὴν</span> <span class='ocrx_word' id='word_1_549' title='bbox 1113 5025 1207 5077; x_wconf 72' lang='grc' dir='ltr'>καὶ</span> <span class='ocrx_word' id='word_1_550' title='bbox 1239 5025 1334 5095; x_wconf 77' lang='grc' dir='ltr'>τὴν</span> <span class='ocrx_word' id='word_1_551' title='bbox 1362 5025 1702 5096; x_wconf 80' lang='grc' dir='ltr'>ψευδομένην</span> <span class='ocrx_word' id='word_1_552' title='bbox 1745 5029 1837 5080; x_wconf 83' lang='grc' dir='ltr'><strong>εὑ-</strong></span> 
     </span>
    </p>
   </div>
   <div class='ocr_carea' id='block_1_69' title="bbox 269 5113 1835 5191">
    <p class='ocr_par' dir='ltr' id='par_1_69' title="bbox 269 5113 1835 5191">
     <span class='ocr_line' id='line_1_69' title="bbox 269 5113 1835 5191; baseline -0.004 -18"><span class='ocrx_word' id='word_1_553' title='bbox 269 5119 508 5191; x_wconf 84' lang='grc' dir='ltr'>ημερίαν</span> <span class='ocrx_word' id='word_1_554' title='bbox 533 5136 548 5150; x_wconf 77' lang='grc' dir='ltr'><strong><em>ο</em></strong></span> <span class='ocrx_word' id='word_1_555' title='bbox 575 5113 676 5182; x_wconf 76' lang='grc' dir='ltr'>οἷς,</span> <span class='ocrx_word' id='word_1_556' title='bbox 707 5113 751 5173; x_wconf 82' lang='grc' dir='ltr'>ὧ</span> <span class='ocrx_word' id='word_1_557' title='bbox 799 5117 1016 5186; x_wconf 83' lang='grc' dir='ltr'>βασιλεῦ</span> <span class='ocrx_word' id='word_1_558' title='bbox 1036 5156 1052 5180; x_wconf 94' lang='grc'><strong>,</strong></span> <span class='ocrx_word' id='word_1_559' title='bbox 1091 5116 1277 5178; x_wconf 80' lang='grc' dir='ltr'>κακῶς</span> <span class='ocrx_word' id='word_1_560' title='bbox 1317 5116 1420 5183; x_wconf 82' lang='grc' dir='ltr'>φεῦ</span> <span class='ocrx_word' id='word_1_561' title='bbox 1449 5118 1462 5169; x_wconf 81' lang='lat' dir='ltr'><strong>l</strong></span> <span class='ocrx_word' id='word_1_562' title='bbox 1496 5119 1528 5186; x_wconf 82' lang='grc' dir='ltr'>ἡ</span> <span class='ocrx_word' id='word_1_563' title='bbox 1558 5119 1622 5186; x_wconf 85' lang='grc' dir='ltr'>σὴ</span> <span class='ocrx_word' id='word_1_564' title='bbox 1661 5136 1835 5188; x_wconf 81' lang='grc' dir='ltr'>προσ-</span> 
     </span>
    </p>
   </div>
   <div class='ocr_carea' id='block_1_70' title="bbox 271 5205 1832 5283">
    <p class='ocr_par' dir='ltr' id='par_1_70' title="bbox 271 5205 1832 5283">
     <span class='ocr_line' id='line_1_70' title="bbox 271 5205 1832 5283; baseline -0.003 -19"><span class='ocrx_word' id='word_1_565' title='bbox 271 5213 479 5283; x_wconf 81' lang='grc' dir='ltr'>ήλωται</span> <span class='ocrx_word' id='word_1_566' title='bbox 527 5209 740 5279; x_wconf 85' lang='grc' dir='ltr'>καρδία.</span> <span class='ocrx_word' id='word_1_567' title='bbox 777 5205 946 5274; x_wconf 84' lang='grc' dir='ltr'>Κάγὼ</span> <span class='ocrx_word' id='word_1_568' title='bbox 973 5207 1028 5258; x_wconf 80' lang='grc' dir='ltr'><strong>δέ</strong></span> <span class='ocrx_word' id='word_1_569' title='bbox 1061 5222 1189 5258; x_wconf 87' lang='grc' dir='ltr'>ποτε</span> <span class='ocrx_word' id='word_1_570' title='bbox 1234 5205 1437 5257; x_wconf 84' lang='grc' dir='ltr'>τούτων</span> <span class='ocrx_word' id='word_1_571' title='bbox 1474 5208 1832 5278; x_wconf 79' lang='grc' dir='ltr'>ἀντειχόμηνο</span> 
     </span>
    </p>
   </div>
   <div class='ocr_carea' id='block_1_71' title="bbox 347 5361 1138 5438">
    <p class='ocr_par' dir='ltr' id='par_1_71' title="bbox 347 5361 1138 5438">
     <span class='ocr_line' id='line_1_71' title="bbox 347 5361 1138 5438; baseline -0.003 -22"><span class='ocrx_word' id='word_1_572' title='bbox 347 5364 460 5438; x_wconf 59' lang='lat'><strong>(5!)</strong></span> <span class='ocrx_word' id='word_1_573' title='bbox 494 5363 666 5438; x_wconf 61' lang='lat' dir='ltr'><strong>Epist.</strong></span> <span class='ocrx_word' id='word_1_574' title='bbox 702 5362 766 5438; x_wconf 80' lang='lat' dir='ltr'><strong>a_i|</strong></span> <span class='ocrx_word' id='word_1_575' title='bbox 797 5362 916 5438; x_wconf 76' lang='lat' dir='ltr'><strong>Gal.</strong></span> <span class='ocrx_word' id='word_1_576' title='bbox 945 5361 1138 5438; x_wconf 49' lang='lat' dir='ltr'><strong>vnn”.</strong></span> 
     </span>
    </p>
   </div>
   <div class='ocr_carea' id='block_1_72' title="bbox 348 5432 1520 5502">
    <p class='ocr_par' dir='ltr' id='par_1_72' title="bbox 348 5432 1520 5502">
     <span class='ocr_line' id='line_1_72' title="bbox 348 5432 1520 5502; baseline -0.004 -14"><span class='ocrx_word' id='word_1_577' title='bbox 348 5432 462 5502; x_wconf 71' lang='grc'><strong>(52)</strong></span> <span class='ocrx_word' id='word_1_578' title='bbox 495 5432 686 5487; x_wconf 80' lang='lat' dir='ltr'><strong>Paulus</strong></span> <span class='ocrx_word' id='word_1_579' title='bbox 715 5433 882 5498; x_wconf 83' lang='lat' dir='ltr'><strong>Epist.</strong></span> <span class='ocrx_word' id='word_1_580' title='bbox 915 5432 978 5502; x_wconf 83' lang='lat' dir='ltr'><strong>ad</strong></span> <span class='ocrx_word' id='word_1_581' title='bbox 1012 5432 1280 5483; x_wconf 77' lang='lat' dir='ltr'><strong>Romanus</strong></span> <span class='ocrx_word' id='word_1_582' title='bbox 1321 5443 1439 5502; x_wconf 72' lang='lat' dir='ltr'><strong>viti,</strong></span> <span class='ocrx_word' id='word_1_583' title='bbox 1465 5436 1520 5483; x_wconf 74' lang='lat'><strong>4.</strong></span> 
     </span>
    </p>
   </div>
   <div class='ocr_carea' id='block_1_73' title="bbox 1864 4529 1910 4584">
    <p class='ocr_par' dir='ltr' id='par_1_73' title="bbox 1864 4529 1910 4584">
     <span class='ocr_line' id='line_1_73' title="bbox 1864 4529 1910 4584; baseline 0 0"><span class='ocrx_word' id='word_1_584' title='bbox 1864 4529 1910 4584; x_wconf 76' lang='grc'><strong>1)</strong></span> 
     </span>
    </p>
   </div>
   <div class='ocr_carea' id='block_1_74' title="bbox 1943 1931 3509 2011">
    <p class='ocr_par' dir='ltr' id='par_1_74' title="bbox 1943 1931 3509 2011">
     <span class='ocr_line' id='line_1_74' title="bbox 1943 1931 3509 2011; baseline 0.009 -30"><span class='ocrx_word' id='word_1_585' title='bbox 1943 1940 2145 1995; x_wconf 89' lang='lat' dir='ltr'><strong>partem</strong></span> <span class='ocrx_word' id='word_1_586' title='bbox 2175 1931 2414 1997; x_wconf 89' lang='lat' dir='ltr'><strong>habetis,</strong></span> <span class='ocrx_word' id='word_1_587' title='bbox 2446 1935 2760 1990; x_wconf 75' lang='lat' dir='ltr'><strong>adversaria:</strong></span> <span class='ocrx_word' id='word_1_588' title='bbox 2809 1937 3147 2004; x_wconf 78' lang='lat' dir='ltr'><strong>exstiterunt,</strong></span> <span class='ocrx_word' id='word_1_589' title='bbox 3196 1955 3364 2010; x_wconf 79' lang='lat' dir='ltr'><strong>eaque</strong></span> <span class='ocrx_word' id='word_1_590' title='bbox 3393 1959 3509 2011; x_wconf 69' lang='lat' dir='ltr'><strong>qua:</strong></span> 
     </span>
    </p>
   </div>
   <div class='ocr_carea' id='block_1_75' title="bbox 1940 2021 3510 2100">
    <p class='ocr_par' dir='ltr' id='par_1_75' title="bbox 1940 2021 3510 2100">
     <span class='ocr_line' id='line_1_75' title="bbox 1940 2021 3510 2100; baseline 0.008 -27"><span class='ocrx_word' id='word_1_591' title='bbox 1940 2021 2168 2076; x_wconf 85' lang='lat' dir='ltr'><strong>inimicis</strong></span> <span class='ocrx_word' id='word_1_592' title='bbox 2211 2032 2264 2078; x_wconf 90' lang='lat' dir='ltr'><strong>et</strong></span> <span class='ocrx_word' id='word_1_593' title='bbox 2295 2025 2535 2080; x_wconf 88' lang='lat' dir='ltr'><strong>hostibus</strong></span> <span class='ocrx_word' id='word_1_594' title='bbox 2559 2027 2900 2095; x_wconf 90' lang='lat' dir='ltr'><strong>conveniunt,</strong></span> <span class='ocrx_word' id='word_1_595' title='bbox 2933 2041 3306 2098; x_wconf 81' lang='lat' dir='ltr'><strong>exsequuntur.</strong></span> <span class='ocrx_word' id='word_1_596' title='bbox 3351 2032 3510 2100; x_wconf 87' lang='lat' dir='ltr'><strong>Cupi-</strong></span> 
     </span>
    </p>
   </div>
   <div class='ocr_carea' id='block_1_76' title="bbox 1937 2113 3506 2190">
    <p class='ocr_par' dir='ltr' id='par_1_76' title="bbox 1937 2113 3506 2190">
     <span class='ocr_line' id='line_1_76' title="bbox 1937 2113 3506 2190; baseline 0.009 -27"><span class='ocrx_word' id='word_1_597' title='bbox 1937 2113 2076 2166; x_wconf 77' lang='lat' dir='ltr'><strong>ditas</strong></span> <span class='ocrx_word' id='word_1_598' title='bbox 2101 2114 2321 2179; x_wconf 88' lang='lat' dir='ltr'><strong>etenim,</strong></span> <span class='ocrx_word' id='word_1_599' title='bbox 2351 2129 2470 2168; x_wconf 91' lang='lat' dir='ltr'><strong>cum</strong></span> <span class='ocrx_word' id='word_1_600' title='bbox 2500 2117 2548 2170; x_wconf 92' lang='lat' dir='ltr'><strong>ei</strong></span> <span class='ocrx_word' id='word_1_601' title='bbox 2573 2132 2602 2170; x_wconf 91' lang='lat' dir='ltr'><strong>a</strong></span> <span class='ocrx_word' id='word_1_602' title='bbox 2627 2118 2776 2171; x_wconf 90' lang='lat' dir='ltr'><strong>vobis</strong></span> <span class='ocrx_word' id='word_1_603' title='bbox 2797 2134 2954 2188; x_wconf 84' lang='lat' dir='ltr'><strong>opera</strong></span> <span class='ocrx_word' id='word_1_604' title='bbox 2979 2119 3152 2182; x_wconf 84' lang='lat' dir='ltr'><strong>datur,</strong></span> <span class='ocrx_word' id='word_1_605' title='bbox 3187 2122 3506 2190; x_wconf 67' lang='lat' dir='ltr'><strong>voluptatem</strong></span> 
     </span>
    </p>
   </div>
   <div class='ocr_carea' id='block_1_77' title="bbox 1939 2205 3502 2275">
    <p class='ocr_par' dir='ltr' id='par_1_77' title="bbox 1939 2205 3502 2275">
     <span class='ocr_line' id='line_1_77' title="bbox 1939 2205 3502 2275; baseline 0.009 -20"><span class='ocrx_word' id='word_1_606' title='bbox 1939 2205 2174 2258; x_wconf 80' lang='lat' dir='ltr'><strong>excitat:</strong></span> <span class='ocrx_word' id='word_1_607' title='bbox 2207 2222 2326 2259; x_wconf 88' lang='lat' dir='ltr'><strong>cum</strong></span> <span class='ocrx_word' id='word_1_608' title='bbox 2359 2217 2535 2262; x_wconf 90' lang='lat' dir='ltr'><strong>autem</strong></span> <span class='ocrx_word' id='word_1_609' title='bbox 2573 2209 2838 2275; x_wconf 85' lang='lat' dir='ltr'><strong>aboletur,</strong></span> <span class='ocrx_word' id='word_1_610' title='bbox 2888 2209 3228 2266; x_wconf 72' lang='lat' dir='ltr'><strong>iracundiam.</strong></span> <span class='ocrx_word' id='word_1_611' title='bbox 3275 2214 3502 2270; x_wconf 85' lang='lat' dir='ltr'><strong>Proinde</strong></span> 
     </span>
    </p>
   </div>
   <div class='ocr_carea' id='block_1_78' title="bbox 1943 2293 3506 2371">
    <p class='ocr_par' dir='ltr' id='par_1_78' title="bbox 1943 2293 3506 2371">
     <span class='ocr_line' id='line_1_78' title="bbox 1943 2293 3506 2371; baseline 0.011 -27"><span class='ocrx_word' id='word_1_612' title='bbox 1943 2293 2358 2364; x_wconf 70' lang='lat' dir='ltr'><strong>lacessantipsm</strong></span> <span class='ocrx_word' id='word_1_613' title='bbox 2405 2298 2659 2352; x_wconf 89' lang='lat' dir='ltr'><strong>hodierno</strong></span> <span class='ocrx_word' id='word_1_614' title='bbox 2687 2302 2771 2354; x_wconf 89' lang='lat' dir='ltr'><strong>die</strong></span> <span class='ocrx_word' id='word_1_615' title='bbox 2816 2301 2910 2355; x_wconf 84' lang='lat' dir='ltr'><strong>abs</strong></span> <span class='ocrx_word' id='word_1_616' title='bbox 2943 2313 3023 2366; x_wconf 91' lang='lat' dir='ltr'><strong>te;</strong></span> <span class='ocrx_word' id='word_1_617' title='bbox 3084 2305 3301 2371; x_wconf 66' lang='lat' dir='ltr'><strong>praesint</strong></span> <span class='ocrx_word' id='word_1_618' title='bbox 3329 2315 3506 2361; x_wconf 88' lang='lat' dir='ltr'><strong>autcttt</strong></span> 
     </span>
    </p>
   </div>
   <div class='ocr_carea' id='block_1_79' title="bbox 1938 2383 3504 2463">
    <p class='ocr_par' dir='ltr' id='par_1_79' title="bbox 1938 2383 3504 2463">
     <span class='ocr_line' id='line_1_79' title="bbox 1938 2383 3504 2463; baseline 0.01 -29"><span class='ocrx_word' id='word_1_619' title='bbox 1938 2383 2003 2434; x_wconf 88' lang='lat' dir='ltr'><strong>ad</strong></span> <span class='ocrx_word' id='word_1_620' title='bbox 2031 2397 2212 2438; x_wconf 91' lang='lat' dir='ltr'><strong>eorum</strong></span> <span class='ocrx_word' id='word_1_621' title='bbox 2243 2400 2360 2454; x_wconf 76' lang='lat' dir='ltr'><strong>qua:</strong></span> <span class='ocrx_word' id='word_1_622' title='bbox 2385 2401 2415 2438; x_wconf 88' lang='lat' dir='ltr'><strong>a</strong></span> <span class='ocrx_word' id='word_1_623' title='bbox 2445 2403 2526 2442; x_wconf 92' lang='lat' dir='ltr'><strong>me</strong></span> <span class='ocrx_word' id='word_1_624' title='bbox 2547 2389 2788 2444; x_wconf 84' lang='lat' dir='ltr'><strong>dicentur</strong></span> <span class='ocrx_word' id='word_1_625' title='bbox 2807 2383 3126 2446; x_wconf 78' lang='lat' dir='ltr'><strong>auditionem</strong></span> <span class='ocrx_word' id='word_1_626' title='bbox 3148 2409 3208 2447; x_wconf 91' lang='lat' dir='ltr'><strong>ac</strong></span> <span class='ocrx_word' id='word_1_627' title='bbox 3226 2394 3504 2463; x_wconf 74' lang='lat' dir='ltr'><strong>judicium,</strong></span> 
     </span>
    </p>
   </div>
   <div class='ocr_carea' id='block_1_80' title="bbox 1938 2475 3505 2552">
    <p class='ocr_par' dir='ltr' id='par_1_80' title="bbox 1938 2475 3505 2552">
     <span class='ocr_line' id='line_1_80' title="bbox 1938 2475 3505 2552; baseline 0.006 -24"><span class='ocrx_word' id='word_1_628' title='bbox 1938 2475 2216 2544; x_wconf 86' lang='lat' dir='ltr'><strong>prudentia</strong></span> <span class='ocrx_word' id='word_1_629' title='bbox 2243 2486 2296 2529; x_wconf 90' lang='lat' dir='ltr'><strong>et</strong></span> <span class='ocrx_word' id='word_1_630' title='bbox 2316 2476 2540 2545; x_wconf 87' lang='lat' dir='ltr'><strong>justitia.</strong></span> <span class='ocrx_word' id='word_1_631' title='bbox 2573 2480 2701 2534; x_wconf 81' lang='lat' dir='ltr'><strong>Nam</strong></span> <span class='ocrx_word' id='word_1_632' title='bbox 2729 2481 2775 2535; x_wconf 89' lang='lat' dir='ltr'><strong>si</strong></span> <span class='ocrx_word' id='word_1_633' title='bbox 2815 2482 3139 2537; x_wconf 85' lang='lat' dir='ltr'><strong>iracundiam</strong></span> <span class='ocrx_word' id='word_1_634' title='bbox 3170 2494 3223 2539; x_wconf 86' lang='lat' dir='ltr'><strong>et</strong></span> <span class='ocrx_word' id='word_1_635' title='bbox 3247 2487 3505 2552; x_wconf 82' lang='lat' dir='ltr'><strong>cupidita-</strong></span> 
     </span>
    </p>
   </div>
   <div class='ocr_carea' id='block_1_81' title="bbox 1923 2567 3507 2643">
    <p class='ocr_par' dir='ltr' id='par_1_81' title="bbox 1923 2567 3507 2643">
     <span class='ocr_line' id='line_1_81' title="bbox 1923 2567 3507 2643; baseline 0.003 -21"><span class='ocrx_word' id='word_1_636' title='bbox 1923 2573 2032 2622; x_wconf 89' lang='lat' dir='ltr'><strong>tem</strong></span> <span class='ocrx_word' id='word_1_637' title='bbox 2081 2567 2148 2622; x_wconf 88' lang='lat' dir='ltr'><strong>de</strong></span> <span class='ocrx_word' id='word_1_638' title='bbox 2201 2570 2381 2622; x_wconf 89' lang='lat' dir='ltr'><strong>medio</strong></span> <span class='ocrx_word' id='word_1_639' title='bbox 2430 2567 2743 2632; x_wconf 84' lang='lat' dir='ltr'><strong>sustuleris,</strong></span> <span class='ocrx_word' id='word_1_640' title='bbox 2777 2577 2942 2638; x_wconf 89' lang='lat' dir='ltr'><strong>atque</strong></span> <span class='ocrx_word' id='word_1_641' title='bbox 2983 2585 3172 2626; x_wconf 89' lang='lat' dir='ltr'><strong>earnm</strong></span> <span class='ocrx_word' id='word_1_642' title='bbox 3219 2572 3341 2628; x_wconf 82' lang='lat' dir='ltr'><strong>loco</strong></span> <span class='ocrx_word' id='word_1_643' title='bbox 3376 2589 3507 2643; x_wconf 84' lang='lat' dir='ltr'><strong>pru-</strong></span> 
     </span>
    </p>
   </div>
   <div class='ocr_carea' id='block_1_82' title="bbox 1919 2661 3509 2733">
    <p class='ocr_par' dir='ltr' id='par_1_82' title="bbox 1919 2661 3509 2733">
     <span class='ocr_line' id='line_1_82' title="bbox 1919 2661 3509 2733; baseline 0.006 -18"><span class='ocrx_word' id='word_1_644' title='bbox 1919 2661 2160 2716; x_wconf 87' lang='lat' dir='ltr'><strong>dentiam</strong></span> <span class='ocrx_word' id='word_1_645' title='bbox 2194 2672 2249 2717; x_wconf 90' lang='lat' dir='ltr'><strong>et</strong></span> <span class='ocrx_word' id='word_1_646' title='bbox 2282 2662 2554 2733; x_wconf 85' lang='lat' dir='ltr'><strong>justitiam</strong></span> <span class='ocrx_word' id='word_1_647' title='bbox 2583 2663 2892 2727; x_wconf 78' lang='lat' dir='ltr'><strong>induxeris,</strong></span> <span class='ocrx_word' id='word_1_648' title='bbox 2921 2681 3048 2721; x_wconf 85' lang='lat' dir='ltr'><strong>vere</strong></span> <span class='ocrx_word' id='word_1_649' title='bbox 3081 2668 3266 2722; x_wconf 89' lang='lat' dir='ltr'><strong>omnia</strong></span> <span class='ocrx_word' id='word_1_650' title='bbox 3300 2669 3395 2722; x_wconf 92' lang='lat' dir='ltr'><strong>tibi</strong></span> <span class='ocrx_word' id='word_1_651' title='bbox 3424 2669 3509 2724; x_wconf 90' lang='lat' dir='ltr'><strong>di-</strong></span> 
     </span>
    </p>
   </div>
   <div class='ocr_carea' id='block_1_83' title="bbox 1919 2754 3502 2830">
    <p class='ocr_par' dir='ltr' id='par_1_83' title="bbox 1919 2754 3502 2830">
     <span class='ocr_line' id='line_1_83' title="bbox 1919 2754 3502 2830; baseline 0.006 -24"><span class='ocrx_word' id='word_1_652' title='bbox 1919 2767 2060 2806; x_wconf 85' lang='lat' dir='ltr'><strong>cam.</strong></span> <span class='ocrx_word' id='word_1_653' title='bbox 2091 2754 2270 2824; x_wconf 82' lang='lat' dir='ltr'><strong>Atque</strong></span> <span class='ocrx_word' id='word_1_654' title='bbox 2311 2771 2405 2808; x_wconf 89' lang='lat' dir='ltr'><strong>rex</strong></span> <span class='ocrx_word' id='word_1_655' title='bbox 2440 2754 2525 2810; x_wconf 90' lang='lat' dir='ltr'><strong>his</strong></span> <span class='ocrx_word' id='word_1_656' title='bbox 2556 2758 2740 2813; x_wconf 80' lang='lat' dir='ltr'><strong>verbis</strong></span> <span class='ocrx_word' id='word_1_657' title='bbox 2786 2766 2871 2813; x_wconf 85' lang='lat' dir='ltr'><strong>est</strong></span> <span class='ocrx_word' id='word_1_658' title='bbox 2917 2775 3052 2814; x_wconf 85' lang='lat' dir='ltr'><strong>usus</strong></span> <span class='ocrx_word' id='word_1_659' title='bbox 3088 2778 3099 2812; x_wconf 88' lang='lat'>:</span> <span class='ocrx_word' id='word_1_660' title='bbox 3143 2761 3222 2814; x_wconf 89' lang='lat' dir='ltr'><strong>En</strong></span> <span class='ocrx_word' id='word_1_661' title='bbox 3251 2763 3502 2830; x_wconf 85' lang='lat' dir='ltr'><strong>petitioni</strong></span> 
     </span>
    </p>
   </div>
   <div class='ocr_carea' id='block_1_84' title="bbox 1918 2845 3504 2916">
    <p class='ocr_par' dir='ltr' id='par_1_84' title="bbox 1918 2845 3504 2916">
     <span class='ocr_line' id='line_1_84' title="bbox 1918 2845 3504 2916; baseline 0.008 -20"><span class='ocrx_word' id='word_1_662' title='bbox 1918 2850 2026 2898; x_wconf 76' lang='lat' dir='ltr'><strong>tua:</strong></span> <span class='ocrx_word' id='word_1_663' title='bbox 2055 2845 2218 2906; x_wconf 88' lang='lat' dir='ltr'><strong>cessi,</strong></span> <span class='ocrx_word' id='word_1_664' title='bbox 2253 2855 2416 2915; x_wconf 88' lang='lat' dir='ltr'><strong>atque</strong></span> <span class='ocrx_word' id='word_1_665' title='bbox 2458 2847 2818 2916; x_wconf 90' lang='lat' dir='ltr'><strong>cupiditatem</strong></span> <span class='ocrx_word' id='word_1_666' title='bbox 2846 2861 2901 2902; x_wconf 76' lang='lat' dir='ltr'><strong>et</strong></span> <span class='ocrx_word' id='word_1_667' title='bbox 2936 2851 3277 2905; x_wconf 87' lang='lat' dir='ltr'><strong>iracundiam</strong></span> <span class='ocrx_word' id='word_1_668' title='bbox 3307 2869 3338 2908; x_wconf 89' lang='lat' dir='ltr'><strong>e</strong></span> <span class='ocrx_word' id='word_1_669' title='bbox 3367 2869 3504 2908; x_wconf 88' lang='lat' dir='ltr'><strong>con-</strong></span> 
     </span>
    </p>
   </div>
   <div class='ocr_carea' id='block_1_85' title="bbox 1913 2935 3506 3015">
    <p class='ocr_par' dir='ltr' id='par_1_85' title="bbox 1913 2935 3506 3015">
     <span class='ocr_line' id='line_1_85' title="bbox 1913 2935 3506 3015; baseline 0.006 -27"><span class='ocrx_word' id='word_1_670' title='bbox 1913 2935 2041 2989; x_wconf 86' lang='lat' dir='ltr'><strong>cilio</strong></span> <span class='ocrx_word' id='word_1_671' title='bbox 2073 2936 2324 3005; x_wconf 85' lang='lat' dir='ltr'><strong>ejiciatn;</strong></span> <span class='ocrx_word' id='word_1_672' title='bbox 2371 2937 2630 3008; x_wconf 83' lang='lat' dir='ltr'><strong>dathue</strong></span> <span class='ocrx_word' id='word_1_673' title='bbox 2656 2955 2879 3008; x_wconf 80' lang='lat' dir='ltr'><strong>operam</strong></span> <span class='ocrx_word' id='word_1_674' title='bbox 2929 2951 2985 2994; x_wconf 91' lang='lat' dir='ltr'><strong>ut</strong></span> <span class='ocrx_word' id='word_1_675' title='bbox 3015 2943 3304 3011; x_wconf 84' lang='lat' dir='ltr'><strong>prudentia</strong></span> <span class='ocrx_word' id='word_1_676' title='bbox 3333 2954 3385 2998; x_wconf 86' lang='lat' dir='ltr'><strong>et</strong></span> <span class='ocrx_word' id='word_1_677' title='bbox 3415 2947 3506 3015; x_wconf 88' lang='lat' dir='ltr'><strong>jn-</strong></span> 
     </span>
    </p>
   </div>
   <div class='ocr_carea' id='block_1_86' title="bbox 1913 3028 3502 3105">
    <p class='ocr_par' dir='ltr' id='par_1_86' title="bbox 1913 3028 3502 3105">
     <span class='ocr_line' id='line_1_86' title="bbox 1913 3028 3502 3105; baseline 0.008 -25"><span class='ocrx_word' id='word_1_678' title='bbox 1913 3028 2064 3082; x_wconf 85' lang='lat' dir='ltr'><strong>stitia</strong></span> <span class='ocrx_word' id='word_1_679' title='bbox 2099 3029 2545 3097; x_wconf 80' lang='lat' dir='ltr'><strong>interponantur.</strong></span> <span class='ocrx_word' id='word_1_680' title='bbox 2579 3029 2697 3084; x_wconf 84' lang='lat' dir='ltr'><strong>Jam</strong></span> <span class='ocrx_word' id='word_1_681' title='bbox 2749 3033 2914 3103; x_wconf 81' lang='lat' dir='ltr'><strong>igitur</strong></span> <span class='ocrx_word' id='word_1_682' title='bbox 2961 3034 3168 3105; x_wconf 89' lang='lat' dir='ltr'><strong>absque</strong></span> <span class='ocrx_word' id='word_1_683' title='bbox 3212 3039 3320 3092; x_wconf 90' lang='lat' dir='ltr'><strong>ullo</strong></span> <span class='ocrx_word' id='word_1_684' title='bbox 3352 3049 3502 3093; x_wconf 86' lang='lat' dir='ltr'><strong>metu</strong></span> 
     </span>
    </p>
   </div>
   <div class='ocr_carea' id='block_1_87' title="bbox 1913 3121 3500 3192">
    <p class='ocr_par' dir='ltr' id='par_1_87' title="bbox 1913 3121 3500 3192">
     <span class='ocr_line' id='line_1_87' title="bbox 1913 3121 3500 3192; baseline 0.008 -20"><span class='ocrx_word' id='word_1_685' title='bbox 1913 3121 2042 3173; x_wconf 90' lang='lat' dir='ltr'><strong>mihi</strong></span> <span class='ocrx_word' id='word_1_686' title='bbox 2072 3136 2286 3190; x_wconf 83' lang='lat' dir='ltr'><strong>expone</strong></span> <span class='ocrx_word' id='word_1_687' title='bbox 2332 3122 2472 3176; x_wconf 89' lang='lat' dir='ltr'><strong>unde</strong></span> <span class='ocrx_word' id='word_1_688' title='bbox 2511 3123 2610 3176; x_wconf 91' lang='lat' dir='ltr'><strong>tibi</strong></span> <span class='ocrx_word' id='word_1_689' title='bbox 2645 3124 2729 3178; x_wconf 85' lang='lat' dir='ltr'><strong>hic</strong></span> <span class='ocrx_word' id='word_1_690' title='bbox 2754 3141 2910 3178; x_wconf 91' lang='lat' dir='ltr'><strong>error</strong></span> <span class='ocrx_word' id='word_1_691' title='bbox 2943 3127 3173 3184; x_wconf 90' lang='lat' dir='ltr'><strong>obortus</strong></span> <span class='ocrx_word' id='word_1_692' title='bbox 3204 3131 3298 3192; x_wconf 90' lang='lat' dir='ltr'><strong>sit,</strong></span> <span class='ocrx_word' id='word_1_693' title='bbox 3340 3141 3398 3184; x_wconf 91' lang='lat' dir='ltr'><strong>ut</strong></span> <span class='ocrx_word' id='word_1_694' title='bbox 3435 3147 3500 3184; x_wconf 89' lang='lat' dir='ltr'><strong>ea</strong></span> 
     </span>
    </p>
   </div>
   <div class='ocr_carea' id='block_1_88' title="bbox 1908 3213 3498 3290">
    <p class='ocr_par' dir='ltr' id='par_1_88' title="bbox 1908 3213 3498 3290">
     <span class='ocr_line' id='line_1_88' title="bbox 1908 3213 3498 3290; baseline 0.007 -26"><span class='ocrx_word' id='word_1_695' title='bbox 1908 3229 2030 3281; x_wconf 70' lang='lat' dir='ltr'><strong>qua:</strong></span> <span class='ocrx_word' id='word_1_696' title='bbox 2061 3213 2114 3265; x_wconf 92' lang='lat' dir='ltr'><strong>in</strong></span> <span class='ocrx_word' id='word_1_697' title='bbox 2153 3229 2288 3266; x_wconf 89' lang='lat' dir='ltr'><strong>vana</strong></span> <span class='ocrx_word' id='word_1_698' title='bbox 2337 3229 2432 3283; x_wconf 89' lang='lat' dir='ltr'><strong>spe</strong></span> <span class='ocrx_word' id='word_1_699' title='bbox 2482 3216 2659 3284; x_wconf 88' lang='lat' dir='ltr'><strong>posita</strong></span> <span class='ocrx_word' id='word_1_700' title='bbox 2693 3230 2840 3282; x_wconf 86' lang='lat' dir='ltr'><strong>sunt,</strong></span> <span class='ocrx_word' id='word_1_701' title='bbox 2873 3220 2942 3274; x_wconf 90' lang='lat' dir='ltr'><strong>iis</strong></span> <span class='ocrx_word' id='word_1_702' title='bbox 2972 3220 3137 3275; x_wconf 88' lang='lat' dir='ltr'><strong>rebus</strong></span> <span class='ocrx_word' id='word_1_703' title='bbox 3170 3237 3292 3290; x_wconf 61' lang='lat' dir='ltr'><strong>quae</strong></span> <span class='ocrx_word' id='word_1_704' title='bbox 3321 3224 3498 3275; x_wconf 89' lang='lat' dir='ltr'><strong>mani-</strong></span> 
     </span>
    </p>
   </div>
   <div class='ocr_carea' id='block_1_89' title="bbox 1909 3305 3496 3384">
    <p class='ocr_par' dir='ltr' id='par_1_89' title="bbox 1909 3305 3496 3384">
     <span class='ocr_line' id='line_1_89' title="bbox 1909 3305 3496 3384; baseline 0.008 -27"><span class='ocrx_word' id='word_1_705' title='bbox 1909 3305 2008 3360; x_wconf 86' lang='lat' dir='ltr'><strong>bus</strong></span> <span class='ocrx_word' id='word_1_706' title='bbox 2038 3312 2329 3366; x_wconf 87' lang='lat' dir='ltr'><strong>tenentttr,</strong></span> <span class='ocrx_word' id='word_1_707' title='bbox 2375 3315 2539 3376; x_wconf 89' lang='lat' dir='ltr'><strong>atque</strong></span> <span class='ocrx_word' id='word_1_708' title='bbox 2582 3309 2758 3364; x_wconf 87' lang='lat' dir='ltr'><strong>oculis</strong></span> <span class='ocrx_word' id='word_1_709' title='bbox 2803 3322 3125 3377; x_wconf 86' lang='lat' dir='ltr'><strong>cernuntur,</strong></span> <span class='ocrx_word' id='word_1_710' title='bbox 3171 3323 3496 3384; x_wconf 86' lang='lat' dir='ltr'><strong>anteponas.</strong></span> 
     </span>
    </p>
   </div>
   <div class='ocr_carea' id='block_1_90' title="bbox 1909 3393 2958 3464">
    <p class='ocr_par' dir='ltr' id='par_1_90' title="bbox 1909 3393 2958 3464">
     <span class='ocr_line' id='line_1_90' title="bbox 1909 3393 2958 3464; baseline 0.009 -18"><span class='ocrx_word' id='word_1_711' title='bbox 1909 3393 2266 3464; x_wconf 65' lang='lat' dir='ltr'><strong>lla-spondens</strong></span> <span class='ocrx_word' id='word_1_712' title='bbox 2299 3404 2484 3451; x_wconf 88' lang='lat' dir='ltr'><strong>autem</strong></span> <span class='ocrx_word' id='word_1_713' title='bbox 2518 3401 2748 3454; x_wconf 87' lang='lat' dir='ltr'><strong>eremita</strong></span> <span class='ocrx_word' id='word_1_714' title='bbox 2775 3401 2914 3456; x_wconf 82' lang='lat' dir='ltr'><strong>dixit</strong></span> <span class='ocrx_word' id='word_1_715' title='bbox 2947 3420 2958 3455; x_wconf 95' lang='lat'>:</span> 
     </span>
    </p>
   </div>
   <div class='ocr_carea' id='block_1_91' title="bbox 2010 3488 3502 3557">
    <p class='ocr_par' dir='ltr' id='par_1_91' title="bbox 2010 3488 3502 3557">
     <span class='ocr_line' id='line_1_91' title="bbox 2010 3488 3502 3557; baseline 0.005 -15"><span class='ocrx_word' id='word_1_716' title='bbox 2010 3488 2065 3542; x_wconf 88' lang='lat' dir='ltr'><strong>Si</strong></span> <span class='ocrx_word' id='word_1_717' title='bbox 2096 3489 2389 3557; x_wconf 82' lang='lat' dir='ltr'><strong>intelligere</strong></span> <span class='ocrx_word' id='word_1_718' title='bbox 2413 3491 2582 3556; x_wconf 83' lang='lat' dir='ltr'><strong>cupis,</strong></span> <span class='ocrx_word' id='word_1_719' title='bbox 2617 3503 2649 3541; x_wconf 95' lang='lat' dir='ltr'><strong>o</strong></span> <span class='ocrx_word' id='word_1_720' title='bbox 2679 3504 2791 3554; x_wconf 85' lang='lat' dir='ltr'><strong>rex,</strong></span> <span class='ocrx_word' id='word_1_721' title='bbox 2824 3489 2959 3543; x_wconf 90' lang='lat' dir='ltr'><strong>unde</strong></span> <span class='ocrx_word' id='word_1_722' title='bbox 2992 3490 3091 3544; x_wconf 92' lang='lat' dir='ltr'><strong>hoc</strong></span> <span class='ocrx_word' id='word_1_723' title='bbox 3119 3491 3340 3557; x_wconf 89' lang='lat' dir='ltr'><strong>primum</strong></span> <span class='ocrx_word' id='word_1_724' title='bbox 3375 3495 3502 3550; x_wconf 87' lang='lat' dir='ltr'><strong>mihi</strong></span> 
     </span>
    </p>
   </div>
   <div class='ocr_carea' id='block_1_92' title="bbox 1938 3578 3500 3649">
    <p class='ocr_par' dir='ltr' id='par_1_92' title="bbox 1938 3578 3500 3649">
     <span class='ocr_line' id='line_1_92' title="bbox 1938 3578 3500 3649; baseline 0.006 -19"><span class='ocrx_word' id='word_1_725' title='bbox 1938 3579 2113 3630; x_wconf 87' lang='lat' dir='ltr'><strong>animo</strong></span> <span class='ocrx_word' id='word_1_726' title='bbox 2144 3578 2394 3645; x_wconf 86' lang='lat' dir='ltr'><strong>injectum</strong></span> <span class='ocrx_word' id='word_1_727' title='bbox 2423 3578 2599 3642; x_wconf 82' lang='lat' dir='ltr'><strong>fuerit,</strong></span> <span class='ocrx_word' id='word_1_728' title='bbox 2629 3587 2686 3631; x_wconf 91' lang='lat' dir='ltr'><strong>ut</strong></span> <span class='ocrx_word' id='word_1_729' title='bbox 2716 3579 2940 3633; x_wconf 87' lang='lat' dir='ltr'><strong>caducas</strong></span> <span class='ocrx_word' id='word_1_730' title='bbox 2978 3597 3063 3634; x_wconf 87' lang='lat' dir='ltr'><strong>res</strong></span> <span class='ocrx_word' id='word_1_731' title='bbox 3085 3593 3500 3649; x_wconf 84' lang='lat' dir='ltr'><strong>contemnerem,</strong></span> 
     </span>
    </p>
   </div>
   <div class='ocr_carea' id='block_1_93' title="bbox 1940 3669 3498 3739">
    <p class='ocr_par' dir='ltr' id='par_1_93' title="bbox 1940 3669 3498 3739">
     <span class='ocr_line' id='line_1_93' title="bbox 1940 3669 3498 3739; baseline 0.006 -20"><span class='ocrx_word' id='word_1_732' title='bbox 1940 3682 2000 3722; x_wconf 90' lang='lat' dir='ltr'><strong>ac</strong></span> <span class='ocrx_word' id='word_1_733' title='bbox 2047 3684 2130 3723; x_wconf 92' lang='lat' dir='ltr'><strong>me</strong></span> <span class='ocrx_word' id='word_1_734' title='bbox 2162 3678 2326 3722; x_wconf 89' lang='lat' dir='ltr'><strong>totum</strong></span> <span class='ocrx_word' id='word_1_735' title='bbox 2375 3669 2812 3737; x_wconf 82' lang='lat' dir='ltr'><strong>senipilernarum</strong></span> <span class='ocrx_word' id='word_1_736' title='bbox 2851 3685 3024 3724; x_wconf 91' lang='lat' dir='ltr'><strong>rerum</strong></span> <span class='ocrx_word' id='word_1_737' title='bbox 3057 3672 3168 3738; x_wconf 81' lang='lat' dir='ltr'><strong>Spei</strong></span> <span class='ocrx_word' id='word_1_738' title='bbox 3217 3675 3498 3739; x_wconf 85' lang='lat' dir='ltr'><strong>traderem,</strong></span> 
     </span>
    </p>
   </div>
   <div class='ocr_carea' id='block_1_94' title="bbox 1939 3758 3500 3828">
    <p class='ocr_par' dir='ltr' id='par_1_94' title="bbox 1939 3758 3500 3828">
     <span class='ocr_line' id='line_1_94' title="bbox 1939 3758 3500 3828; baseline 0.004 -16"><span class='ocrx_word' id='word_1_739' title='bbox 1939 3758 2084 3812; x_wconf 82' lang='lat' dir='ltr'><strong>audi.</strong></span> <span class='ocrx_word' id='word_1_740' title='bbox 2114 3759 2271 3824; x_wconf 86' lang='lat' dir='ltr'><strong>Olim,</strong></span> <span class='ocrx_word' id='word_1_741' title='bbox 2303 3773 2420 3812; x_wconf 91' lang='lat' dir='ltr'><strong>cum</strong></span> <span class='ocrx_word' id='word_1_742' title='bbox 2451 3761 2622 3812; x_wconf 83' lang='lat' dir='ltr'><strong>adhuc</strong></span> <span class='ocrx_word' id='word_1_743' title='bbox 2649 3760 2867 3823; x_wconf 84' lang='lat' dir='ltr'><strong>juvenili</strong></span> <span class='ocrx_word' id='word_1_744' title='bbox 2899 3769 3052 3814; x_wconf 65' lang='lat' dir='ltr'><strong>aetate</strong></span> <span class='ocrx_word' id='word_1_745' title='bbox 3079 3777 3275 3828; x_wconf 66' lang='lat' dir='ltr'><strong>essem,</strong></span> <span class='ocrx_word' id='word_1_746' title='bbox 3308 3763 3500 3819; x_wconf 90' lang='lat' dir='ltr'><strong>bonum</strong></span> 
     </span>
    </p>
   </div>
   <div class='ocr_carea' id='block_1_95' title="bbox 1939 3850 3500 3918">
    <p class='ocr_par' dir='ltr' id='par_1_95' title="bbox 1939 3850 3500 3918">
     <span class='ocr_line' id='line_1_95' title="bbox 1939 3850 3500 3918; baseline 0.004 -16"><span class='ocrx_word' id='word_1_747' title='bbox 1939 3864 1999 3902; x_wconf 90' lang='lat' dir='ltr'><strong>ac</strong></span> <span class='ocrx_word' id='word_1_748' title='bbox 2027 3850 2257 3903; x_wconf 83' lang='lat' dir='ltr'><strong>salutare</strong></span> <span class='ocrx_word' id='word_1_749' title='bbox 2287 3850 2502 3902; x_wconf 82' lang='lat' dir='ltr'><strong>verbum</strong></span> <span class='ocrx_word' id='word_1_750' title='bbox 2529 3850 2724 3914; x_wconf 82' lang='lat' dir='ltr'><strong>audivi,</strong></span> <span class='ocrx_word' id='word_1_751' title='bbox 2756 3851 2902 3916; x_wconf 89' lang='lat' dir='ltr'><strong>cujus</strong></span> <span class='ocrx_word' id='word_1_752' title='bbox 2933 3851 3013 3904; x_wconf 90' lang='lat' dir='ltr'><strong>vis</strong></span> <span class='ocrx_word' id='word_1_753' title='bbox 3037 3852 3288 3918; x_wconf 89' lang='lat' dir='ltr'><strong>majorem</strong></span> <span class='ocrx_word' id='word_1_754' title='bbox 3313 3855 3363 3907; x_wconf 90' lang='lat' dir='ltr'><strong>in</strong></span> <span class='ocrx_word' id='word_1_755' title='bbox 3392 3869 3500 3908; x_wconf 84' lang='lat' dir='ltr'><strong>lno-</strong></span> 
     </span>
    </p>
   </div>
   <div class='ocr_carea' id='block_1_96' title="bbox 1938 3939 3498 4012">
    <p class='ocr_par' dir='ltr' id='par_1_96' title="bbox 1938 3939 3498 4012">
     <span class='ocr_line' id='line_1_96' title="bbox 1938 3939 3498 4012; baseline 0.003 -20"><span class='ocrx_word' id='word_1_756' title='bbox 1938 3939 2063 3992; x_wconf 87' lang='lat' dir='ltr'><strong>dum</strong></span> <span class='ocrx_word' id='word_1_757' title='bbox 2091 3953 2174 3993; x_wconf 84' lang='lat' dir='ltr'><strong>me</strong></span> <span class='ocrx_word' id='word_1_758' title='bbox 2201 3939 2392 4006; x_wconf 88' lang='lat' dir='ltr'><strong>rapuit,</strong></span> <span class='ocrx_word' id='word_1_759' title='bbox 2429 3939 2694 4008; x_wconf 87' lang='lat' dir='ltr'><strong>ipsiusque</strong></span> <span class='ocrx_word' id='word_1_760' title='bbox 2737 3943 3008 4003; x_wconf 85' lang='lat' dir='ltr'><strong>memoria,</strong></span> <span class='ocrx_word' id='word_1_761' title='bbox 3042 3942 3200 3994; x_wconf 78' lang='lat' dir='ltr'><strong>divini</strong></span> <span class='ocrx_word' id='word_1_762' title='bbox 3227 3943 3498 4012; x_wconf 85' lang='lat' dir='ltr'><strong>cujusdam</strong></span> 
     </span>
    </p>
   </div>
   <div class='ocr_carea' id='block_1_97' title="bbox 1941 4029 3500 4099">
    <p class='ocr_par' dir='ltr' id='par_1_97' title="bbox 1941 4029 3500 4099">
     <span class='ocr_line' id='line_1_97' title="bbox 1941 4029 3500 4099; baseline 0.003 -17"><span class='ocrx_word' id='word_1_763' title='bbox 1941 4029 2157 4082; x_wconf 88' lang='lat' dir='ltr'><strong>seminis</strong></span> <span class='ocrx_word' id='word_1_764' title='bbox 2187 4031 2370 4093; x_wconf 87' lang='lat' dir='ltr'><strong>instar,</strong></span> <span class='ocrx_word' id='word_1_765' title='bbox 2403 4030 2600 4096; x_wconf 76' lang='lat' dir='ltr'><strong>pet-turi</strong></span> <span class='ocrx_word' id='word_1_766' title='bbox 2650 4045 2769 4082; x_wconf 81' lang='lat' dir='ltr'><strong>meo</strong></span> <span class='ocrx_word' id='word_1_767' title='bbox 2810 4030 2963 4082; x_wconf 86' lang='lat' dir='ltr'><strong>insita</strong></span> <span class='ocrx_word' id='word_1_768' title='bbox 2993 4032 3061 4083; x_wconf 89' lang='lat' dir='ltr'><strong>ita</strong></span> <span class='ocrx_word' id='word_1_769' title='bbox 3093 4035 3396 4099; x_wconf 83' lang='lat' dir='ltr'><strong>permansit,</strong></span> <span class='ocrx_word' id='word_1_770' title='bbox 3444 4045 3500 4087; x_wconf 87' lang='lat' dir='ltr'><strong>ut</strong></span> 
     </span>
    </p>
   </div>
   <div class='ocr_carea' id='block_1_98' title="bbox 1946 4120 3500 4188">
    <p class='ocr_par' dir='ltr' id='par_1_98' title="bbox 1946 4120 3500 4188">
     <span class='ocr_line' id='line_1_98' title="bbox 1946 4120 3500 4188; baseline 0.002 -13"><span class='ocrx_word' id='word_1_771' title='bbox 1946 4137 2206 4188; x_wconf 84' lang='lat' dir='ltr'><strong>nunquam</strong></span> <span class='ocrx_word' id='word_1_772' title='bbox 2256 4135 2283 4170; x_wconf 90' lang='lat' dir='ltr'><strong>a</strong></span> <span class='ocrx_word' id='word_1_773' title='bbox 2329 4135 2412 4172; x_wconf 91' lang='lat' dir='ltr'><strong>me</strong></span> <span class='ocrx_word' id='word_1_774' title='bbox 2441 4120 2614 4172; x_wconf 89' lang='lat' dir='ltr'><strong>divelli</strong></span> <span class='ocrx_word' id='word_1_775' title='bbox 2660 4121 2918 4187; x_wconf 78' lang='lat' dir='ltr'><strong>potuerit;</strong></span> <span class='ocrx_word' id='word_1_776' title='bbox 2949 4121 3082 4174; x_wconf 90' lang='lat' dir='ltr'><strong>adeo</strong></span> <span class='ocrx_word' id='word_1_777' title='bbox 3109 4130 3165 4174; x_wconf 93' lang='lat' dir='ltr'><strong>nt</strong></span> <span class='ocrx_word' id='word_1_778' title='bbox 3192 4133 3244 4176; x_wconf 89' lang='lat' dir='ltr'><strong>et</strong></span> <span class='ocrx_word' id='word_1_779' title='bbox 3297 4124 3500 4179; x_wconf 87' lang='lat' dir='ltr'><strong>radices</strong></span> 
     </span>
    </p>
   </div>
   <div class='ocr_carea' id='block_1_99' title="bbox 1943 4209 3498 4280">
    <p class='ocr_par' dir='ltr' id='par_1_99' title="bbox 1943 4209 3498 4280">
     <span class='ocr_line' id='line_1_99' title="bbox 1943 4209 3498 4280; baseline -0.001 -15"><span class='ocrx_word' id='word_1_780' title='bbox 1943 4215 2128 4278; x_wconf 69' lang='lat' dir='ltr'><strong>egerit,</strong></span> <span class='ocrx_word' id='word_1_781' title='bbox 2171 4222 2221 4265; x_wconf 90' lang='lat' dir='ltr'><strong>et</strong></span> <span class='ocrx_word' id='word_1_782' title='bbox 2249 4226 2464 4280; x_wconf 77' lang='lat' dir='ltr'><strong>germen</strong></span> <span class='ocrx_word' id='word_1_783' title='bbox 2513 4209 2757 4271; x_wconf 65' lang='lat' dir='ltr'><strong>edideru,</strong></span> <span class='ocrx_word' id='word_1_784' title='bbox 2800 4225 2859 4263; x_wconf 89' lang='lat' dir='ltr'><strong>ac</strong></span> <span class='ocrx_word' id='word_1_785' title='bbox 2906 4221 3110 4263; x_wconf 85' lang='lat' dir='ltr'><strong>maturo</strong></span> <span class='ocrx_word' id='word_1_786' title='bbox 3139 4222 3374 4280; x_wconf 78' lang='lat' dir='ltr'><strong>tempore</strong></span> <span class='ocrx_word' id='word_1_787' title='bbox 3393 4210 3498 4265; x_wconf 83' lang='lat' dir='ltr'><strong>l&#39;ru-</strong></span> 
     </span>
    </p>
   </div>
   <div class='ocr_carea' id='block_1_100' title="bbox 1938 4298 3497 4365">
    <p class='ocr_par' dir='ltr' id='par_1_100' title="bbox 1938 4298 3497 4365">
     <span class='ocr_line' id='line_1_100' title="bbox 1938 4298 3497 4365; baseline 0 -13"><span class='ocrx_word' id='word_1_788' title='bbox 1938 4314 2076 4354; x_wconf 78' lang='lat' dir='ltr'><strong>ctum</strong></span> <span class='ocrx_word' id='word_1_789' title='bbox 2108 4303 2159 4354; x_wconf 93' lang='lat' dir='ltr'><strong>in</strong></span> <span class='ocrx_word' id='word_1_790' title='bbox 2190 4317 2272 4354; x_wconf 90' lang='lat' dir='ltr'><strong>me</strong></span> <span class='ocrx_word' id='word_1_791' title='bbox 2305 4301 2502 4353; x_wconf 89' lang='lat' dir='ltr'><strong>tulerit.</strong></span> <span class='ocrx_word' id='word_1_792' title='bbox 2538 4298 2702 4365; x_wconf 84' lang='lat' dir='ltr'><strong>llujus</strong></span> <span class='ocrx_word' id='word_1_793' title='bbox 2729 4307 2903 4351; x_wconf 90' lang='lat' dir='ltr'><strong>antem</strong></span> <span class='ocrx_word' id='word_1_794' title='bbox 2931 4299 3073 4351; x_wconf 90' lang='lat' dir='ltr'><strong>verbi</strong></span> <span class='ocrx_word' id='word_1_795' title='bbox 3104 4299 3214 4352; x_wconf 77' lang='lat' dir='ltr'><strong>lnrc</strong></span> <span class='ocrx_word' id='word_1_796' title='bbox 3241 4300 3318 4352; x_wconf 90' lang='lat' dir='ltr'><strong>vis</strong></span> <span class='ocrx_word' id='word_1_797' title='bbox 3345 4308 3457 4352; x_wconf 86' lang='lat' dir='ltr'><strong>erat</strong></span> <span class='ocrx_word' id='word_1_798' title='bbox 3483 4316 3497 4352; x_wconf 93' lang='lat'><strong>:</strong></span> 
     </span>
    </p>
   </div>
   <div class='ocr_carea' id='block_1_101' title="bbox 1942 4387 3499 4461">
    <p class='ocr_par' dir='ltr' id='par_1_101' title="bbox 1942 4387 3499 4461">
     <span class='ocr_line' id='line_1_101' title="bbox 1942 4387 3499 4461; baseline -0.003 -15"><span class='ocrx_word' id='word_1_799' title='bbox 1942 4394 2229 4459; x_wconf 63' lang='lat' dir='ltr'><strong>Excordes,</strong></span> <span class='ocrx_word' id='word_1_800' title='bbox 2262 4391 2528 4461; x_wconf 86' lang='lat' dir='ltr'><strong>inquiebat</strong></span> <span class='ocrx_word' id='word_1_801' title='bbox 2560 4391 2669 4453; x_wconf 89' lang='lat' dir='ltr'><strong>ille,</strong></span> <span class='ocrx_word' id='word_1_802' title='bbox 2702 4405 2763 4444; x_wconf 91' lang='lat' dir='ltr'><strong>ac</strong></span> <span class='ocrx_word' id='word_1_803' title='bbox 2816 4389 2994 4443; x_wconf 80' lang='lat' dir='ltr'><strong>Stolidi</strong></span> <span class='ocrx_word' id='word_1_804' title='bbox 3029 4391 3286 4449; x_wconf 89' lang='lat' dir='ltr'><strong>homines,</strong></span> <span class='ocrx_word' id='word_1_805' title='bbox 3323 4387 3499 4443; x_wconf 86' lang='lat' dir='ltr'><strong>animo</strong></span> 
     </span>
    </p>
   </div>
   <div class='ocr_carea' id='block_1_102' title="bbox 1941 4479 3498 4550">
    <p class='ocr_par' dir='ltr' id='par_1_102' title="bbox 1941 4479 3498 4550">
     <span class='ocr_line' id='line_1_102' title="bbox 1941 4479 3498 4550; baseline -0.004 -12"><span class='ocrx_word' id='word_1_806' title='bbox 1941 4488 2007 4540; x_wconf 85' lang='lat' dir='ltr'><strong>ita</strong></span> <span class='ocrx_word' id='word_1_807' title='bbox 2037 4484 2324 4550; x_wconf 76' lang='lat' dir='ltr'><strong>comparati</strong></span> <span class='ocrx_word' id='word_1_808' title='bbox 2348 4491 2490 4544; x_wconf 87' lang='lat' dir='ltr'><strong>sunt,</strong></span> <span class='ocrx_word' id='word_1_809' title='bbox 2518 4491 2573 4534; x_wconf 90' lang='lat' dir='ltr'><strong>ut</strong></span> <span class='ocrx_word' id='word_1_810' title='bbox 2596 4497 2656 4533; x_wconf 87' lang='lat' dir='ltr'><strong>ea</strong></span> <span class='ocrx_word' id='word_1_811' title='bbox 2679 4496 2794 4548; x_wconf 70' lang='lat' dir='ltr'><strong>quo:</strong></span> <span class='ocrx_word' id='word_1_812' title='bbox 2821 4491 2965 4542; x_wconf 75' lang='lat' dir='ltr'><strong>sunt,</strong></span> <span class='ocrx_word' id='word_1_813' title='bbox 2995 4479 3213 4548; x_wconf 89' lang='lat' dir='ltr'><strong>perinde</strong></span> <span class='ocrx_word' id='word_1_814' title='bbox 3239 4495 3302 4534; x_wconf 89' lang='lat' dir='ltr'><strong>ac</strong></span> <span class='ocrx_word' id='word_1_815' title='bbox 3323 4480 3369 4534; x_wconf 87' lang='lat' dir='ltr'><strong>si</strong></span> <span class='ocrx_word' id='word_1_816' title='bbox 3393 4495 3498 4535; x_wconf 84' lang='lat' dir='ltr'><strong>non</strong></span> 
     </span>
    </p>
   </div>
   <div class='ocr_carea' id='block_1_103' title="bbox 1937 4569 3499 4638">
    <p class='ocr_par' dir='ltr' id='par_1_103' title="bbox 1937 4569 3499 4638">
     <span class='ocr_line' id='line_1_103' title="bbox 1937 4569 3499 4638; baseline -0.003 -11"><span class='ocrx_word' id='word_1_817' title='bbox 1937 4578 2064 4638; x_wconf 83' lang='lat' dir='ltr'><strong>sitit,</strong></span> <span class='ocrx_word' id='word_1_818' title='bbox 2093 4582 2473 4637; x_wconf 83' lang='lat' dir='ltr'><strong>aspernentur;</strong></span> <span class='ocrx_word' id='word_1_819' title='bbox 2501 4585 2562 4624; x_wconf 71' lang='lat' dir='ltr'><strong>ea</strong></span> <span class='ocrx_word' id='word_1_820' title='bbox 2595 4579 2768 4623; x_wconf 76' lang='lat' dir='ltr'><strong>autem</strong></span> <span class='ocrx_word' id='word_1_821' title='bbox 2795 4586 2913 4636; x_wconf 63' lang='lat' dir='ltr'><strong>quae</strong></span> <span class='ocrx_word' id='word_1_822' title='bbox 2944 4586 3046 4622; x_wconf 87' lang='lat' dir='ltr'><strong>non</strong></span> <span class='ocrx_word' id='word_1_823' title='bbox 3092 4578 3234 4635; x_wconf 86' lang='lat' dir='ltr'><strong>sunt,</strong></span> <span class='ocrx_word' id='word_1_824' title='bbox 3279 4569 3499 4638; x_wconf 84' lang='lat' dir='ltr'><strong>perinde</strong></span> 
     </span>
    </p>
   </div>
   <div class='ocr_carea' id='block_1_104' title="bbox 1943 4664 3504 4740">
    <p class='ocr_par' dir='ltr' id='par_1_104' title="bbox 1943 4664 3504 4740">
     <span class='ocr_line' id='line_1_104' title="bbox 1943 4664 3504 4740; baseline -0.008 -12"><span class='ocrx_word' id='word_1_825' title='bbox 1943 4689 2006 4730; x_wconf 85' lang='lat' dir='ltr'><strong>ac</strong></span> <span class='ocrx_word' id='word_1_826' title='bbox 2033 4674 2075 4728; x_wconf 89' lang='lat' dir='ltr'><strong>si</strong></span> <span class='ocrx_word' id='word_1_827' title='bbox 2101 4674 2228 4739; x_wconf 89' lang='lat' dir='ltr'><strong>sint,</strong></span> <span class='ocrx_word' id='word_1_828' title='bbox 2261 4673 2662 4740; x_wconf 89' lang='lat' dir='ltr'><strong>amplectantur,</strong></span> <span class='ocrx_word' id='word_1_829' title='bbox 2693 4687 2754 4726; x_wconf 90' lang='lat' dir='ltr'><strong>ac</strong></span> <span class='ocrx_word' id='word_1_830' title='bbox 2783 4671 3052 4725; x_wconf 89' lang='lat' dir='ltr'><strong>mordicus</strong></span> <span class='ocrx_word' id='word_1_831' title='bbox 3087 4669 3372 4723; x_wconf 89' lang='lat' dir='ltr'><strong>retineant.</strong></span> <span class='ocrx_word' id='word_1_832' title='bbox 3405 4664 3504 4732; x_wconf 89' lang='lat' dir='ltr'><strong>Qui</strong></span> 
     </span>
    </p>
   </div>
   <div class='ocr_carea' id='block_1_105' title="bbox 1944 4759 3514 4830">
    <p class='ocr_par' dir='ltr' id='par_1_105' title="bbox 1944 4759 3514 4830">
     <span class='ocr_line' id='line_1_105' title="bbox 1944 4759 3514 4830; baseline -0.004 -14"><span class='ocrx_word' id='word_1_833' title='bbox 1944 4772 2115 4817; x_wconf 85' lang='lat' dir='ltr'><strong>autem</strong></span> <span class='ocrx_word' id='word_1_834' title='bbox 2144 4778 2324 4816; x_wconf 89' lang='lat' dir='ltr'><strong>eorum</strong></span> <span class='ocrx_word' id='word_1_835' title='bbox 2355 4779 2472 4830; x_wconf 73' lang='lat' dir='ltr'><strong>qua:</strong></span> <span class='ocrx_word' id='word_1_836' title='bbox 2509 4773 2633 4816; x_wconf 90' lang='lat' dir='ltr'><strong>sunt</strong></span> <span class='ocrx_word' id='word_1_837' title='bbox 2660 4763 2992 4816; x_wconf 87' lang='lat' dir='ltr'><strong>dulcedinem</strong></span> <span class='ocrx_word' id='word_1_838' title='bbox 3025 4761 3237 4814; x_wconf 91' lang='lat' dir='ltr'><strong>minime</strong></span> <span class='ocrx_word' id='word_1_839' title='bbox 3267 4759 3514 4825; x_wconf 83' lang='lat' dir='ltr'><strong>degusta-</strong></span> 
     </span>
    </p>
   </div>
   <div class='ocr_carea' id='block_1_106' title="bbox 1945 4848 3514 4921">
    <p class='ocr_par' dir='ltr' id='par_1_106' title="bbox 1945 4848 3514 4921">
     <span class='ocr_line' id='line_1_106' title="bbox 1945 4848 3514 4921; baseline -0.004 -17"><span class='ocrx_word' id='word_1_840' title='bbox 1945 4855 2035 4913; x_wconf 90' lang='lat' dir='ltr'><strong>vit,</strong></span> <span class='ocrx_word' id='word_1_841' title='bbox 2071 4853 2114 4904; x_wconf 90' lang='lat' dir='ltr'><strong>is</strong></span> <span class='ocrx_word' id='word_1_842' title='bbox 2143 4868 2324 4904; x_wconf 88' lang='lat' dir='ltr'><strong>eorum</strong></span> <span class='ocrx_word' id='word_1_843' title='bbox 2371 4868 2490 4921; x_wconf 69' lang='lat' dir='ltr'><strong>qua:</strong></span> <span class='ocrx_word' id='word_1_844' title='bbox 2520 4869 2622 4906; x_wconf 92' lang='lat' dir='ltr'><strong>non</strong></span> <span class='ocrx_word' id='word_1_845' title='bbox 2652 4860 2775 4905; x_wconf 83' lang='lat' dir='ltr'><strong>sunt</strong></span> <span class='ocrx_word' id='word_1_846' title='bbox 2800 4862 3038 4904; x_wconf 83' lang='lat' dir='ltr'><strong>naturam</strong></span> <span class='ocrx_word' id='word_1_847' title='bbox 3077 4848 3365 4918; x_wconf 87' lang='lat' dir='ltr'><strong>perfectam</strong></span> <span class='ocrx_word' id='word_1_848' title='bbox 3417 4850 3514 4898; x_wconf 83' lang='lat' dir='ltr'><strong>ha-</strong></span> 
     </span>
    </p>
   </div>
   <div class='ocr_carea' id='block_1_107' title="bbox 1947 4938 3516 5010">
    <p class='ocr_par' dir='ltr' id='par_1_107' title="bbox 1947 4938 3516 5010">
     <span class='ocr_line' id='line_1_107' title="bbox 1947 4938 3516 5010; baseline -0.004 -15"><span class='ocrx_word' id='word_1_849' title='bbox 1947 4943 2071 4995; x_wconf 86' lang='lat' dir='ltr'><strong>bere</strong></span> <span class='ocrx_word' id='word_1_850' title='bbox 2100 4957 2204 4994; x_wconf 92' lang='lat' dir='ltr'><strong>non</strong></span> <span class='ocrx_word' id='word_1_851' title='bbox 2234 4943 2447 5009; x_wconf 90' lang='lat' dir='ltr'><strong>poterit.</strong></span> <span class='ocrx_word' id='word_1_852' title='bbox 2474 4942 2618 4995; x_wconf 89' lang='lat' dir='ltr'><strong>Ilanc</strong></span> <span class='ocrx_word' id='word_1_853' title='bbox 2643 4957 2800 5010; x_wconf 87' lang='lat' dir='ltr'><strong>porro</strong></span> <span class='ocrx_word' id='word_1_854' title='bbox 2829 4940 2927 4994; x_wconf 90' lang='lat' dir='ltr'><strong>nisi</strong></span> <span class='ocrx_word' id='word_1_855' title='bbox 2957 4940 3289 5006; x_wconf 87' lang='lat' dir='ltr'><strong>exploratam</strong></span> <span class='ocrx_word' id='word_1_856' title='bbox 3321 4938 3516 4989; x_wconf 83' lang='lat' dir='ltr'><strong>habue-</strong></span> 
     </span>
    </p>
   </div>
   <div class='ocr_carea' id='block_1_108' title="bbox 1946 5027 3514 5100">
    <p class='ocr_par' dir='ltr' id='par_1_108' title="bbox 1946 5027 3514 5100">
     <span class='ocr_line' id='line_1_108' title="bbox 1946 5027 3514 5100; baseline -0.004 -16"><span class='ocrx_word' id='word_1_857' title='bbox 1946 5032 2034 5095; x_wconf 90' lang='lat' dir='ltr'><strong>rit,</strong></span> <span class='ocrx_word' id='word_1_858' title='bbox 2055 5044 2284 5100; x_wconf 89' lang='lat' dir='ltr'><strong>quonam</strong></span> <span class='ocrx_word' id='word_1_859' title='bbox 2307 5032 2466 5086; x_wconf 89' lang='lat' dir='ltr'><strong>modo</strong></span> <span class='ocrx_word' id='word_1_860' title='bbox 2489 5048 2550 5086; x_wconf 88' lang='lat' dir='ltr'><strong>ea</strong></span> <span class='ocrx_word' id='word_1_861' title='bbox 2573 5041 2873 5086; x_wconf 83' lang='lat' dir='ltr'><strong>contemnat</strong></span> <span class='ocrx_word' id='word_1_862' title='bbox 2895 5046 2956 5084; x_wconf 90' lang='lat' dir='ltr'><strong>ac</strong></span> <span class='ocrx_word' id='word_1_863' title='bbox 2981 5046 3074 5099; x_wconf 91' lang='lat' dir='ltr'><strong>pro</strong></span> <span class='ocrx_word' id='word_1_864' title='bbox 3097 5029 3262 5082; x_wconf 91' lang='lat' dir='ltr'><strong>nihilo</strong></span> <span class='ocrx_word' id='word_1_865' title='bbox 3286 5027 3514 5094; x_wconf 67' lang='lat' dir='ltr'><strong>putati?</strong></span> 
     </span>
    </p>
   </div>
   <div class='ocr_carea' id='block_1_109' title="bbox 1950 5121 3513 5190">
    <p class='ocr_par' dir='ltr' id='par_1_109' title="bbox 1950 5121 3513 5190">
     <span class='ocr_line' id='line_1_109' title="bbox 1950 5121 3513 5190; baseline -0.005 -16"><span class='ocrx_word' id='word_1_866' title='bbox 1950 5122 2113 5174; x_wconf 80' lang='lat' dir='ltr'><strong>Porro</strong></span> <span class='ocrx_word' id='word_1_867' title='bbox 2143 5136 2239 5190; x_wconf 87' lang='lat' dir='ltr'><strong>per</strong></span> <span class='ocrx_word' id='word_1_868' title='bbox 2263 5136 2323 5174; x_wconf 89' lang='lat' dir='ltr'><strong>ea</strong></span> <span class='ocrx_word' id='word_1_869' title='bbox 2354 5136 2474 5190; x_wconf 79' lang='lat' dir='ltr'><strong>qua:</strong></span> <span class='ocrx_word' id='word_1_870' title='bbox 2501 5133 2642 5188; x_wconf 81' lang='lat' dir='ltr'><strong>sunt,</strong></span> <span class='ocrx_word' id='word_1_871' title='bbox 2677 5123 2790 5174; x_wconf 77' lang='lat' dir='ltr'><strong>htec</strong></span> <span class='ocrx_word' id='word_1_872' title='bbox 2821 5122 2990 5173; x_wconf 89' lang='lat' dir='ltr'><strong>oratio</strong></span> <span class='ocrx_word' id='word_1_873' title='bbox 3035 5121 3380 5185; x_wconf 87' lang='lat' dir='ltr'><strong>sempiternas</strong></span> <span class='ocrx_word' id='word_1_874' title='bbox 3408 5131 3513 5178; x_wconf 71' lang='lat' dir='ltr'><strong>res,</strong></span> 
     </span>
    </p>
   </div>
   <div class='ocr_carea' id='block_1_110' title="bbox 1949 5211 3514 5282">
    <p class='ocr_par' dir='ltr' id='par_1_110' title="bbox 1949 5211 3514 5282">
     <span class='ocr_line' id='line_1_110' title="bbox 1949 5211 3514 5282; baseline -0.003 -17"><span class='ocrx_word' id='word_1_875' title='bbox 1949 5222 2109 5280; x_wconf 78' lang='lat' dir='ltr'><strong>atque</strong></span> <span class='ocrx_word' id='word_1_876' title='bbox 2138 5228 2165 5265; x_wconf 90' lang='lat' dir='ltr'><strong>a</strong></span> <span class='ocrx_word' id='word_1_877' title='bbox 2188 5213 2478 5282; x_wconf 90' lang='lat' dir='ltr'><strong>jactationc</strong></span> <span class='ocrx_word' id='word_1_878' title='bbox 2507 5213 2708 5266; x_wconf 89' lang='lat' dir='ltr'><strong>alienas</strong></span> <span class='ocrx_word' id='word_1_879' title='bbox 2740 5211 3062 5279; x_wconf 82' lang='lat' dir='ltr'><strong>intelligehat</strong></span> <span class='ocrx_word' id='word_1_880' title='bbox 3089 5227 3102 5263; x_wconf 87' lang='lat'><strong>:</strong></span> <span class='ocrx_word' id='word_1_881' title='bbox 3136 5225 3228 5275; x_wconf 90' lang='lat' dir='ltr'><strong>per</strong></span> <span class='ocrx_word' id='word_1_882' title='bbox 3255 5225 3310 5261; x_wconf 82' lang='lat' dir='ltr'><strong>ei</strong></span> <span class='ocrx_word' id='word_1_883' title='bbox 3341 5218 3514 5260; x_wconf 85' lang='lat' dir='ltr'><strong>autem</strong></span> 
     </span>
    </p>
   </div>
   <div class='ocr_carea' id='block_1_111' title="bbox 347 5496 3519 5584">
    <p class='ocr_par' dir='ltr' id='par_1_111' title="bbox 347 5496 3519 5584">
     <span class='ocr_line' id='line_1_111' title="bbox 347 5496 3519 5584; baseline -0.003 -25"><span class='ocrx_word' id='word_1_884' title='bbox 347 5496 459 5574; x_wconf 68' lang='lat'><strong>(&#39;55)</strong></span> <span class='ocrx_word' id='word_1_885' title='bbox 493 5505 552 5566; x_wconf 83' lang='grc' dir='ltr'><strong>Β,</strong></span> <span class='ocrx_word' id='word_1_886' title='bbox 583 5496 895 5568; x_wconf 79' lang='grc' dir='ltr'>ἐπιθυμίαν.</span> <span class='ocrx_word' id='word_1_887' title='bbox 933 5501 1103 5552; x_wconf 86' lang='lat' dir='ltr'><strong>Locus</strong></span> <span class='ocrx_word' id='word_1_888' title='bbox 1135 5516 1237 5552; x_wconf 93' lang='lat' dir='ltr'><strong>non</strong></span> <span class='ocrx_word' id='word_1_889' title='bbox 1284 5499 1505 5584; x_wconf 60' lang='lat' dir='ltr'><strong>iiitidus.</strong></span> <span class='ocrx_word' id='word_1_890' title='bbox 1552 5497 1942 5584; x_wconf 39' lang='lat' dir='ltr'><strong>Tr‘apeznntinS</strong></span> <span class='ocrx_word' id='word_1_891' title='bbox 1970 5518 1982 5553; x_wconf 90' lang='lat'><strong>:</strong></span> <span class='ocrx_word' id='word_1_892' title='bbox 2017 5519 2033 5550; x_wconf 82' lang='grc' dir='ltr'><strong>ι</strong></span> <span class='ocrx_word' id='word_1_893' title='bbox 2076 5500 2206 5554; x_wconf 84' lang='lat' dir='ltr'><strong>Nam</strong></span> <span class='ocrx_word' id='word_1_894' title='bbox 2257 5498 2696 5584; x_wconf 60' lang='lat' dir='ltr'><strong>concupiscentia</strong></span> <span class='ocrx_word' id='word_1_895' title='bbox 2737 5499 2787 5584; x_wconf 49' lang='lat' dir='ltr'><strong>i&#39;n</strong></span> <span class='ocrx_word' id='word_1_896' title='bbox 2819 5497 2979 5584; x_wconf 58' lang='lat' dir='ltr'><strong>vobis</strong></span> <span class='ocrx_word' id='word_1_897' title='bbox 3008 5505 3284 5584; x_wconf 70' lang='lat' dir='ltr'><strong>operatur</strong></span> <span class='ocrx_word' id='word_1_898' title='bbox 3304 5496 3519 5584; x_wconf 55' lang='lat' dir='ltr'><strong>quidem</strong></span> 
     </span>
    </p>
   </div>
   <div class='ocr_carea' id='block_1_112' title="bbox 276 5568 3520 5643">
    <p class='ocr_par' dir='ltr' id='par_1_112' title="bbox 276 5568 3520 5643">
     <span class='ocr_line' id='line_1_112' title="bbox 276 5568 3520 5643; baseline -0.003 -16"><span class='ocrx_word' id='word_1_899' title='bbox 276 5568 604 5643; x_wconf 76' lang='lat' dir='ltr'><strong>voluptatem</strong></span> <span class='ocrx_word' id='word_1_900' title='bbox 632 5583 686 5625; x_wconf 88' lang='lat' dir='ltr'><strong>et</strong></span> <span class='ocrx_word' id='word_1_901' title='bbox 735 5575 959 5643; x_wconf 73' lang='lat' dir='ltr'><strong>inritat;</strong></span> <span class='ocrx_word' id='word_1_902' title='bbox 996 5571 1072 5643; x_wconf 86' lang='lat' dir='ltr'><strong>ira</strong></span> <span class='ocrx_word' id='word_1_903' title='bbox 1108 5569 1513 5643; x_wconf 74' lang='lat' dir='ltr'><strong>verotlestruit.</strong></span> <span class='ocrx_word' id='word_1_904' title='bbox 1545 5587 1562 5620; x_wconf 74' lang='grc' dir='ltr'><strong>ι</strong></span> <span class='ocrx_word' id='word_1_905' title='bbox 1598 5570 1726 5642; x_wconf 67' lang='lat' dir='ltr'><strong>Quae</strong></span> <span class='ocrx_word' id='word_1_906' title='bbox 1767 5570 1956 5623; x_wconf 88' lang='lat' dir='ltr'><strong>Latina</strong></span> <span class='ocrx_word' id='word_1_907' title='bbox 2007 5583 2218 5625; x_wconf 84' lang='lat' dir='ltr'><strong>vertere</strong></span> <span class='ocrx_word' id='word_1_908' title='bbox 2267 5571 2455 5624; x_wconf 83' lang='lat' dir='ltr'><strong>Billins</strong></span> <span class='ocrx_word' id='word_1_909' title='bbox 2499 5571 2629 5623; x_wconf 89' lang='lat' dir='ltr'><strong>satis</strong></span> <span class='ocrx_word' id='word_1_910' title='bbox 2673 5569 2878 5622; x_wconf 88' lang='lat' dir='ltr'><strong>habuit.</strong></span> <span class='ocrx_word' id='word_1_911' title='bbox 2927 5570 3023 5622; x_wconf 83' lang='lat' dir='ltr'><strong>Est</strong></span> <span class='ocrx_word' id='word_1_912' title='bbox 3069 5571 3119 5620; x_wconf 92' lang='lat' dir='ltr'><strong>in</strong></span> <span class='ocrx_word' id='word_1_913' title='bbox 3155 5569 3195 5618; x_wconf 77' lang='grc' dir='ltr'>Α</span> <span class='ocrx_word' id='word_1_914' title='bbox 3228 5568 3520 5636; x_wconf 74' lang='lat' dir='ltr'><strong>aScriptuin</strong></span> 
     </span>
    </p>
   </div>
   <div class='ocr_carea' id='block_1_113' title="bbox 278 5639 1394 5708">
    <p class='ocr_par' dir='ltr' id='par_1_113' title="bbox 278 5639 1394 5708">
     <span class='ocr_line' id='line_1_113' title="bbox 278 5639 1394 5708; baseline -0.007 -10"><span class='ocrx_word' id='word_1_915' title='bbox 278 5639 565 5707; x_wconf 47' lang='lat' dir='ltr'><strong>sclto&#39;linin,</strong></span> <span class='ocrx_word' id='word_1_916' title='bbox 591 5643 705 5702; x_wconf 87' lang='lat' dir='ltr'><strong>sed,</strong></span> <span class='ocrx_word' id='word_1_917' title='bbox 751 5641 890 5708; x_wconf 87' lang='lat' dir='ltr'><strong>quod</strong></span> <span class='ocrx_word' id='word_1_918' title='bbox 925 5640 1096 5703; x_wconf 86' lang='lat' dir='ltr'><strong>doleo,</strong></span> <span class='ocrx_word' id='word_1_919' title='bbox 1128 5639 1394 5692; x_wconf 89' lang='lat' dir='ltr'><strong>mutilum.</strong></span> 
     </span>
    </p>
   </div>
   <div class='ocr_carea' id='block_1_114' title="bbox 349 5704 1834 5783">
    <p class='ocr_par' dir='ltr' id='par_1_114' title="bbox 349 5704 1834 5783">
     <span class='ocr_line' id='line_1_114' title="bbox 349 5704 1834 5783; baseline -0.003 -17"><span class='ocrx_word' id='word_1_920' title='bbox 349 5715 464 5783; x_wconf 62' lang='grc'><strong>(34)</strong></span> <span class='ocrx_word' id='word_1_921' title='bbox 491 5704 559 5777; x_wconf 67' lang='grc' dir='ltr'>Β,</span> <span class='ocrx_word' id='word_1_922' title='bbox 581 5704 812 5783; x_wconf 62' lang='grc' dir='ltr'>καιναῖς,</span> <span class='ocrx_word' id='word_1_923' title='bbox 846 5719 899 5762; x_wconf 79' lang='lat' dir='ltr'><strong>et</strong></span> <span class='ocrx_word' id='word_1_924' title='bbox 943 5710 1020 5783; x_wconf 77' lang='lat' dir='ltr'><strong>sic</strong></span> <span class='ocrx_word' id='word_1_925' title='bbox 1064 5708 1636 5783; x_wconf 6' lang='lat' dir='ltr'><strong>alibi,__pjert_nutatione</strong></span> <span class='ocrx_word' id='word_1_926' title='bbox 1665 5708 1834 5763; x_wconf 88' lang='lat' dir='ltr'><strong>solita.</strong></span> 
     </span>
    </p>
   </div>
   <div class='ocr_carea' id='block_1_115' title="bbox 1938 5704 3519 5783">
    <p class='ocr_par' dir='ltr' id='par_1_115' title="bbox 1969 5704 3519 5783">
     <span class='ocr_line' id='line_1_115' title="bbox 1969 5704 3519 5783; baseline -0.003 -20"><span class='ocrx_word' id='word_1_927' title='bbox 1969 5710 2138 5776; x_wconf 72' lang='lat' dir='ltr'><strong>Longi</strong></span> <span class='ocrx_word' id='word_1_928' title='bbox 2170 5711 2336 5783; x_wconf 82' lang='lat' dir='ltr'><strong>Past._</strong></span> <span class='ocrx_word' id='word_1_929' title='bbox 2359 5725 2430 5768; x_wconf 85' lang='lat' dir='ltr'><strong>Iv,</strong></span> <span class='ocrx_word' id='word_1_930' title='bbox 2462 5710 2513 5772; x_wconf 88' lang='lat'><strong>8,</strong></span> <span class='ocrx_word' id='word_1_931' title='bbox 2560 5709 2645 5762; x_wconf 86' lang='lat' dir='ltr'><strong>ubi</strong></span> <span class='ocrx_word' id='word_1_932' title='bbox 2685 5704 2753 5778; x_wconf 80' lang='grc' dir='ltr'><strong>ἧν</strong></span> <span class='ocrx_word' id='word_1_933' title='bbox 2787 5708 2885 5779; x_wconf 84' lang='grc' dir='ltr'>μὲν</span> <span class='ocrx_word' id='word_1_934' title='bbox 2916 5710 3071 5763; x_wconf 85' lang='grc' dir='ltr'>κένον</span> <span class='ocrx_word' id='word_1_935' title='bbox 3104 5710 3294 5774; x_wconf 81' lang='grc' dir='ltr'>πένθος</span> <span class='ocrx_word' id='word_1_936' title='bbox 3323 5705 3519 5771; x_wconf 85' lang='grc' dir='ltr'>ἀνθῶν,</span> 
     </span>
    </p>
   </div>
   <div class='ocr_carea' id='block_1_116' title="bbox 277 5771 1834 5853">
    <p class='ocr_par' dir='ltr' id='par_1_116' title="bbox 277 5771 1822 5853">
     <span class='ocr_line' id='line_1_116' title="bbox 277 5771 1822 5853; baseline -0.003 -17"><span class='ocrx_word' id='word_1_937' title='bbox 277 5771 669 5853; x_wconf 54' lang='grc' dir='ltr'>ιυιίεῖηαέῑυιίι</span> <span class='ocrx_word' id='word_1_938' title='bbox 701 5771 940 5850; x_wconf 22' lang='grc' dir='ltr'>(Ξοίιέειγιις</span> <span class='ocrx_word' id='word_1_939' title='bbox 977 5779 1056 5832; x_wconf 76' lang='lat' dir='ltr'><strong>vir</strong></span> <span class='ocrx_word' id='word_1_940' title='bbox 1085 5771 1488 5834; x_wconf 80' lang='lat' dir='ltr'><strong>eruditissimus</strong></span> <span class='ocrx_word' id='word_1_941' title='bbox 1523 5777 1822 5833; x_wconf 79' lang='lat' dir='ltr'><strong>variantcm</strong></span> 
     </span>
    </p>
   </div>
   <div class='ocr_carea' id='block_1_117' title="bbox 1938 5771 2392 5853">
    <p class='ocr_par' dir='ltr' id='par_1_117' title="bbox 1938 5771 2392 5833">
     <span class='ocr_line' id='line_1_117' title="bbox 1938 5771 2392 5833; baseline -0.002 0"><span class='ocrx_word' id='word_1_942' title='bbox 1938 5771 2146 5833; x_wconf 27' lang='lat' dir='ltr'><strong>linunt-tt</strong></span> <span class='ocrx_word' id='word_1_943' title='bbox 2186 5780 2392 5832; x_wconf 76' lang='grc' dir='ltr'>καινόν.</span> 
     </span>
    </p>
   </div>
  </div>
