4070 6448
572 378 668 443 871

1999 374 2378 436 ΑΒΒΕΝΟΑ.
3727 373 3833 434 8'72

566 505 683 557 qua:
714 504 817 543 non
844 500 989 552 sunt,
1026 490 1162 543 hanc
1194 489 1350 543 vitam
1376 501 1429 543 et
1459 490 1697 553 delicias,
1731 504 1792 542 ac
1824 490 2132 543 mendacem

2249 480 2365 534 ἀλλ’
2397 483 2428 551 ἡ
2461 482 2555 534 τοῦ
2594 484 2842 553 ῥήματος
2869 484 3098 555 δύναμις
3118 526 3133 548 ,
3162 486 3428 538 νύττουσά
3460 503 3564 555 μου
3598 485 3697 553 τὴν
3724 488 3829 557 ψυ-

567 579 969 647 prosperitatem
998 596 1012 634 :
1042 580 1249 648 quibus,
1282 594 1316 631 ο
1345 595 1461 642 rex,
1518 580 1649 632 heu!
1678 593 1772 631 cor
1818 588 1963 632 tuum
1997 581 2134 635 male

565 669 779 723 alﬁxum
810 678 923 734 est;
954 684 1158 740 egoque
1211 670 1338 723 item
1386 669 1647 737 quondam
1696 684 1756 723 ea
1810 668 2134 736 complecte-

564 758 679 812 bar.
707 759 896 813 Verum
929 759 1084 827 hujus
1108 760 1371 813 sermonis
1400 760 1499 818 vis.
1531 760 1768 812 animum
1799 774 1976 811 meum
2018 760 2136 814 sine

564 851 670 904 ttlla
694 851 1090 905 intermissione
1117 851 1388 911 vellicans,
1422 858 1677 912 mentem,
1708 864 1825 916 qua:
1851 851 1952 903 mei
1986 851 2133 918 prin-

561 945 796 1012 cipatum
839 950 1005 1007 tenet,
1037 942 1105 996 ad
1147 942 1197 996 id
1242 942 1379 1011 quod
1427 942 1615 996 melius
1652 950 1788 1003 erat,
1833 941 2132 1006 eligendum

2243 572 2345 643 χὴν
2395 574 2794 641 ἀδιαλείπτως,
2834 576 3085 647 ἐξήγειρε
3134 578 3227 629 τὸν
3275 578 3523 647 ἡγεμόνα
3576 578 3701 630 νοῦν
3750 583 3831 645 είς

2244 664 2475 735 ἐκλογὴν
2502 667 2594 719 τοῦ
2627 668 2937 737 κρείττονος
2958 686 2971 699 ·
3023 671 3051 721 ὁ
3079 669 3135 722 δὲ
3174 670 3340 738 νόμος
3371 670 3471 739 τῆς
3508 670 3790 740 ἁμαρτίας
3810 712 3826 735 ,

2244 756 2798 829 ἁντιστρατευόμενος
2832 761 2909 831 τῷ
2942 761 3094 831 νόμῳ
3144 760 3239 815 τοῦ
3278 762 3399 825 νοός
3442 775 3570 831 μευ,
3605 766 3722 825 καὶ,
3756 765 3830 826 ῶς

2245 862 2356 897 τισι
2397 847 2777 918 σιδηροπέδαις
2824 851 3041 920 δεσμῶν
3094 870 3161 921 με
3201 854 3345 923 (55),
3375 858 3444 925 τῇ
3480 858 3832 926 προσκαθεῆ⁵

2246 936 2358 990 τῶν
2386 940 2673 1010 παρόντων
2699 942 3048 1012 αίχμάλωτον
3074 950 3329 1015 κατεῖχεν
3356 948 3492 1015 (56).

560 1031 855 1088 excitabat.
890 1033 1162 1089 Caeterum
1203 1034 1289 1090 lex
1328 1036 1563 1106 peccati,
1593 1048 1717 1088 cum
1765 1034 1962 1088 mentis
1991 1048 2125 1087 meae
2172 1035 2287 1102 lege
2336 1048 2608 1104 pugnans,
2646 1049 2711 1089 ac
2754 1034 2902 1089 velut
2953 1036 3283 1106 quibusdam
3338 1040 3705 1109 compedibus
3746 1059 3828 1099 me

554 1125 821 1188 vinciens,
855 1142 952 1198 per
979 1126 1231 1181 aﬂ'ectum
1261 1140 1390 1198 erga
1419 1142 1507 1181 res
1536 1130 1836 1195 prmsentes
1860 1123 2135 1193 captivum
2173 1122 2413 1176 tenebat.

637 1240 766 1292 Cum
789 1247 963 1291 autem
996 1237 1289 1292 Salvatoris
1317 1238 1479 1290 nostri
1515 1232 1817 1301 benignitati
1842 1249 1901 1286 ac
1920 1234 2135 1287 bonitati

2321 1215 2451 1268 Ὅτε
2502 1215 2562 1269 δὲ
2615 1217 2909 1290 εὐδόκησεν
2953 1220 3323 1291 ἡχρηστότης
3370 1223 3467 1275 καὶ⁵
3514 1224 3824 1297 ἀγαθοσύνη

566 1344 654 1381 me
676 1345 741 1382 ex
778 1331 873 1381 hac
895 1328 1083 1381 acerba
1110 1328 1411 1395 captivitate
1438 1326 1705 1379 vindicare
1738 1324 1953 1392 placuit,
1979 1336 2137 1393 atque

2242 1307 2335 1360 τοῦ
2366 1309 2620 1380 Σωτῆρος
2652 1312 2810 1381 ἡμῶν
2839 1312 2977 1365 Θεοῦ
3012 1315 3126 1383 (57)
3161 1314 3443 1378 ἐξελέσθαι
3492 1333 3564 1386 με
3592 1317 3696 1385 τῆς
3729 1336 3827 1386 χα-

565 1420 678 1489 ipse
708 1422 865 1473 menti
900 1436 1029 1473 mea:
1061 1420 1124 1473 ad
1156 1419 1505 1488 superandam
1540 1419 1737 1486 peccati
1767 1417 1933 1484 legem
1977 1417 2137 1470 robur

2241 1398 2413 1471 λεπῆς
2446 1402 2663 1472 ἐκείνης
2700 1405 3102 1474 αἰχμαλωσίας,
3146 1408 3398 1477 ἐνίσχυσέ
3428 1426 3532 1477 μου
3576 1410 3670 1461 τὸν
3705 1412 3831 1462 νοῦν

567 1510 787 1571 addidit,
816 1510 1102 1578 oculosque
1124 1524 1270 1563 meos
1296 1510 1531 1576 aperuit,
1560 1517 1616 1561 ut
1654 1508 1774 1560 mali
1800 1522 1861 1560 ac
1895 1508 2013 1561 boni
2044 1511 2137 1560 de-

2242 1492 2627 1561 περιγενέσθαι
2665 1495 2759 1547 τοῦ
2793 1496 2961 1565 νόμου
2991 1500 3091 1568 τῆς
3122 1498 3400 1569 ἁμαρτίας
3426 1541 3440 1564 ,
3472 1500 3570 1553 καὶ
3598 1498 3832 1570 διήνοιξέ

566 1584 758 1657 lectum
806 1604 1089 1667 haberem;
1125 1611 1232 1656 tum
1278 1602 1518 1665 scilicet,
1572 1610 1706 1667 tum,
1753 1601 1991 1670 inquam,
2019 1604 2136 1653 ani-

2247 1602 2349 1654 μου
2384 1587 2513 1648 τοὺς
2543 1586 2856 1656 ὀφθαλμοὺς
2898 1588 3201 1659 διακρίνειν
3253 1592 3315 1643 τὸ
3345 1591 3555 1661 φαῦλον
3591 1594 3706 1646 ἀπὸ
3737 1593 3832 1647 τοῦ

566 1695 825 1748 madverti
857 1710 917 1748 ac
947 1694 1073 1757 vidi,
1103 1694 1381 1759 praesentia
1406 1692 1581 1745 omnia
1611 1692 1894 1743 vanitatem
1923 1700 1976 1745 et
2002 1689 2137 1745 affli-

2244 1676 2576 1746 κρείττονος.
2618 1679 2751 1731 Τότε
2786 1680 2877 1749 δὴ,
2907 1680 3029 1734 τότε
3064 1682 3369 1753 κατενόησα
3403 1684 3497 1736 καὶ
3524 1680 3671 1736 εἶδον
3692 1686 3828 1751 (58),

564 1786 798 1839 ctionem
825 1785 1045 1854 spiritus
1067 1801 1183 1838 esse
1210 1784 1397 1856 (Eccli.
1425 1785 1487 1852 ι),
1510 1785 1954 1854 quemadmodum
1978 1785 2137 1839 etiam

2244 1770 2338 1821 καὶ
2371 1769 2478 1822 ίδοὺ
2513 1770 2694 1824 πάντα
2727 1770 2797 1824 τὰ
2824 1773 3069 1841 παρόντα
3100 1775 3401 1843 ματαιότης
3432 1776 3531 1827 καὶ
3565 1778 3833 1845 προαίρε-

563 1850 985 1942 sapientissimus
1033 1876 1281 1929 Salomon
1338 1876 1564 1942 quodam
1635 1877 1750 1929 loco
1792 1876 1943 1930 dixit.
2002 1876 2134 1929 Tum

2237 1880 2318 1925 σις
2349 1862 2659 1933 πνεύματος
2679 1903 2694 1926 ,
2736 1865 2880 1919 καθά
2909 1883 3011 1919 που
3038 1867 3132 1919 καὶ
3170 1867 3422 1936 Σολομῶν
3451 1870 3480 1921 ό
3516 1868 3833 1936 σοφώτατος

564 1964 765 2034 peccati
811 1966 1052 2019 velamen
1081 1980 1112 2019 e
1148 1966 1308 2020 corde
1352 1982 1471 2020 meo
1516 1966 1779 2020 sublatum
1827 1976 1939 2032 est,
1982 1978 2137 2036 atque

2239 1958 2296 2008 ἐν
2336 1960 2452 2021 τοῖς
2497 1957 2664 2010 αὑτοῦ
2711 1958 2813 2028 ἔφη
2849 1960 3261 2031 Συγγράμμασι
3308 1960 3421 2030 (59)
3453 1978 3466 1991 ·
3503 1962 3633 2014 τότε
3675 1978 3834 2030 περι-

564 2054 858 2107 obscuritas
886 2069 945 2108 ea
977 2070 1095 2123 quae
1134 2070 1198 2109 ex
1249 2059 1490 2123 corporis
1517 2058 1762 2111 crassitie
1809 2060 1987 2112 animo
2020 2074 2137 2113 meo

2238 2048 2411 2119 ῃρέοη
2428 2050 2529 2118 τῆς
2543 2049 2775 2120 καρδίας
2800 2068 2903 2120 μου
2917 2051 2977 2103 τὸ
2994 2052 3258 2122 κάλυμμα
3274 2052 3377 2122 τῆς
3396 2053 3681 2124 ἁμαρτίας
3697 2055 3831 2123 (40),

561 2144 901 2199 incumbebat
947 2146 1181 2199 discussa
1220 2156 1273 2199 et
1317 2147 1569 2216 dissipata
1596 2188 1613 2214 ,
1661 2157 1816 2216 atque
1862 2147 2134 2216 cujusnatn

2237 2141 2331 2193 καὶ
2360 2142 2392 2204 ἡ
2428 2142 2491 2193 ἐκ
2520 2141 2620 2210 τῆς
2649 2142 2973 2212 σωματικῆς
3007 2144 3107 2213 l3
3152 2144 3470 2215 παχύτητος
3498 2147 3835 2215 ἐπικειμένη

561 2234 638 2288 rei
668 2250 827 2289 causa
880 2248 1189 2303 procreatus
1237 2253 1354 2291 sum
1384 2240 1611 2306 agnovi;
1661 2239 1894 2309 mibique
1940 2240 2136 2294 facien-

2237 2238 2299 2305 τῇ
2332 2236 2475 2306 ψυχῇ
2519 2252 2621 2305 μου
2656 2235 2983 2307 ἀμαύρωσις
3012 2236 3387 2308 διεσκεδάσθη,
3426 2240 3521 2291 καὶ
3548 2238 3731 2305 ἔγνων
3760 2241 3837 2301 είς

559 2324 685 2379 dum
710 2340 831 2379 esse
859 2334 916 2378 ut
944 2341 1038 2395 per
1072 2328 1435 2381 mandatorum
1460 2328 1883 2385 observationem
1908 2331 1972 2384 ad
1995 2345 2139 2386 sum-

560 2428 704 2468 mum
755 2415 901 2468 illum
957 2431 1133 2469 rerum
1183 2419 1417 2472 omnium
1468 2420 1773 2474 eﬂectorem
1827 2422 2130 2477 ascendam.

560 2504 895 2572 Quapmpter
918 2507 1119 2561 relictis
1139 2508 1382 2563 omnibus
1414 2510 1591 2573 rebus,
1615 2525 1736 2565 eum
1759 2522 1971 2567 secutus
1992 2528 2130 2566 sum.

560 2592 877 2661 Gratiasque
926 2596 1033 2649 Deo
1068 2609 1161 2663 per
1191 2597 1368 2650 Jesum
1400 2599 1669 2652 Christum
1722 2600 1998 2654 Dominum
2042 2620 2135 2655 no-

562 2694 731 2738 strum
762 2699 894 2756 ago,
941 2687 1080 2756 quod
1115 2703 1200 2741 me
1230 2703 1291 2742 ex
1337 2689 1444 2742 luto
1472 2698 1525 2744 et
1563 2690 1792 2745 lateritio
1840 2692 2038 2754 labore,
2073 2708 2135 2748 ac

561 2778 763 2831 crudeli
796 2787 851 2831 et
894 2778 1145 2846 pestifero
1186 2781 1522 2833 tenebrarum
1573 2780 1727 2849 hujus
1766 2784 1946 2836 saeculi
1994 2786 2137 2850 prin-

563 2871 682 2937 cipe
710 2871 960 2934 liberarit,
1000 2872 1248 2940 viamque
1285 2874 1411 2927 mihi
1452 2876 1901 2943 compendiariam
1928 2886 1981 2931 et
2011 2894 2135 2947 pro-

565 2960 755 3014 clivetn
803 2962 1124 3029 ostenderit,
1163 2979 1254 3030 per
1297 2979 1452 3032 quam
1502 2966 1555 3018 in
1610 2965 1710 3019 hoc
1741 2965 1881 3019 ﬁctili
1914 2982 2138 3037 corpore

564 3052 855 3119 angelicam
904 3054 1023 3106 vita:
1073 3056 1328 3108 rationein
1379 3056 1669 3124 amplexari
1715 3062 1935 3126 possim.
1976 3060 2137 3129 Cujus

565 3142 922 3211 adipiscenda:
968 3145 1163 3209 Studio,
1197 3156 1394 3199 arctam
1430 3148 1564 3201 hanc
1610 3155 1665 3202 et
1690 3159 1966 3219 angustam
1999 3153 2135 3204 viam

566 3231 962 3301 ingrediendatn
1016 3236 1141 3288 mihi
1195 3236 1321 3290 duxi
1359 3236 1569 3304 (Matth.
1612 3242 1739 3308 vn),
1787 3242 1863 3293 sic
1893 3239 2138 3294 videlicet

565 3325 748 3377 animo
795 3327 1135 3391 constitutus,
1188 3336 1242 3381 ut
1274 3332 1610 3396 prmsentium
1642 3344 1819 3385 rerum
1854 3333 2137 3387 vanitatem

565 3425 722 3481 atque
745 3416 1037 3470 instabilem
1067 3432 1245 3470 earum
1271 3418 1612 3486 jactationem
1642 3427 1696 3473 et
1718 3420 2128 3475 conversionem

566 3507 909 3559 vehementer
935 3507 1249 3573 improbem,
1279 3523 1448 3575 neque
1478 3510 1663 3562 adduci
1698 3512 1893 3577 possim
1926 3519 1982 3564 ut
2024 3526 2140 3566 cre-

566 3598 688 3652 dam
719 3600 857 3652 aliud
882 3603 1162 3668 quidquam
1198 3612 1390 3667 praeter
1422 3602 1471 3654 id
1500 3603 1638 3669 quod
1668 3617 1789 3657 vere
1829 3602 2024 3657 bonum
2055 3614 2139 3660 est

564 3686 762 3743 bonum
801 3692 1166 3757 appellandum
1207 3707 1343 3745 esse.
1378 3693 1419 3745 Α
1450 3708 1553 3761 quo
1585 3701 1667 3756 tu,
1718 3709 1750 3746 ο
1794 3710 1907 3756 rex.
1943 3698 2138 3751 misere

563 3788 619 3833 te
646 3781 898 3845 abrupisti
930 3796 991 3834 ac
1021 3782 1320 3849 sejunxisti.
1358 3783 1537 3851 anue
1566 3786 1630 3838 de
1660 3799 1817 3838 causa
1848 3802 1942 3839 nos
1970 3789 2131 3841 etiam

567 3886 597 3923 a
625 3878 676 3924 te
700 3872 947 3939 disjuncti
986 3888 1047 3925 ac
1070 3874 1304 3927 distracti
1330 3890 1533 3938 sumus,
1570 3878 1817 3943 quoniam
1846 3886 1899 3931 tu
1940 3879 1991 3932 in
2019 3895 2137 3945 per-

564 3964 804 4028 spicuum
829 3972 879 4015 et
908 3962 1257 4015 indubitatum
1287 3967 1507 4018 exitium
1538 3968 1665 4031 ruis,
1690 3982 1749 4019 ac
1774 3982 1869 4021 nos
1902 3971 1953 4022 in
1992 3970 2131 4024 idem

456 4064 461 4067 '
565 4052 858 4119 periculum
887 4055 1183 4120 praecipites
1212 4054 1332 4107 ferri
1356 4057 1518 4122 cogis.
1546 4058 1673 4109 Nam
1693 4059 1919 4125 quandiu
1942 4059 1995 4112 in
2020 4062 2132 4115 Sola

564 4143 744 4195 mundi
797 4143 980 4195 militia
1032 4146 1418 4205 censebamur,
1473 4147 1668 4198 nullam
1718 4149 1874 4200 ot‘iimi
1925 4159 2128 4217 partem

2234 2327 2261 2378 ὃ
2289 2325 2489 2393 γέγονα
2528 2328 2622 2378 καὶ
2655 2327 2739 2380 ὅτι
2780 2326 2861 2380 δεῖ
2893 2344 2962 2397 με
3010 2328 3147 2399 πρὸς
3186 2328 3280 2381 τὸν
3318 2330 3665 2401 δημιουργὸν
3692 2331 3832 2384 ἀνα-

2235 2418 2416 2487 ϐῆναι,
2446 2416 2534 2469 διὰ
2563 2416 2663 2486 τῆς
2704 2417 2815 2471 τῶν
2854 2418 3087 2471 ἐντολῶν
3112 2420 3398 2490 ἐργασίας.
3435 2420 3625 2484 Ὅθεν,
3650 2421 3834 2474 πάντα

2237 2508 2575 2574 καταλιπὼν,
2605 2509 2757 2579 αύτῷ
2774 2509 3118 2581 ἠκολούθησα
3141 2513 3237 2565 καὶ
3263 2512 3582 2583 εὐχαριστῶ
3609 2513 3695 2581 τῷ
3716 2513 3833 2581 Θεῷ

2233 2600 2322 2652 διὰ
2366 2600 2545 2670 Ἰησοῦ
2581 2601 2823 2672 Χριστοῦ
2867 2602 2962 2655 τοῦ
3000 2604 3205 2673 Κυρίου
3242 2603 3405 2673 ἡμῶν
3430 2642 3444 2667 ,
3476 2604 3561 2657 ὅτι
3594 2605 3833 2673 ἐρύσατό

2238 2709 2266 2763 μ
2295 2711 2305 2744 :
2348 2694 2461 2763 (Η)
2491 2693 2587 2747 τοῦ
2628 2694 2807 2764 πηλοῦ
2838 2695 2934 2747 καὶ
2965 2696 3064 2765 τῆς
3093 2694 3376 2759 πλινθείας
3412 2695 3525 2764 (42)
3551 2736 3567 2761 ,
3603 2696 3709 2749 καὶ
3738 2697 3828 2750 τοῦ

2232 2783 2474 2853 ἀπηνοῦς
2519 2783 2617 2838 καὶ
2639 2783 2892 2857 (ὀλεθρίου
2919 2785 3178 2855 ἄρχοντος
3208 2784 3301 2838 τοῦ
3332 2784 3557 2848 σκότους
3580 2786 3679 2839 τοῦ
3707 2786 3831 2838 αίῶο

2232 2893 2322 2939 νος
2357 2877 2549 2930 τούτου
2582 2870 2735 2946 (45),
2773 2877 2868 2929 καὶ
2901 2876 3087 2944 ἔδειξε)
3120 2894 3210 2946 μοι
3243 2878 3362 2930 ὁδὸν
3412 2877 3693 2947 σύντομον
3742 2880 3830 2930 καὶ

2244 2970 2469 3040 ῥᾳδίαν,
2510 2969 2576 3021 δι’
2618 2964 2685 3041 ἧς
2734 2968 3035 3039 δυνήσομαι
3080 2970 3137 3022 ἐν
3169 2968 3247 3039 τῷ
3306 2970 3622 3040 όστρακίνῳ
3653 2969 3829 3041 τούτῳ

2244 3060 2456 3132 σώματι
2488 3060 2601 3130 (44)
2643 3061 2744 3130 τὴν
2776 3060 3078 3132 ἀγγελικὴν
3125 3061 3477 3115 ἀσπάσασθαι
3522 3060 3827 3125 πολιτείαν,

2233 3155 2413 3225 ἡνπερ
2440 3153 2645 3223 φθάσαι
2681 3152 2883 3223 ζητῶν,
2919 3154 3021 3223 τὴν
3070 3153 3268 3226 στενὴν
3317 3154 3413 3207 καὶ
3441 3153 3827 3224 τεθλιμμένην

2236 3244 2459 3314 εἱλόμην
2490 3245 2727 3314 βαδίζειν
2752 3245 2871 3299 όδδν
2908 3244 3043 3314 (45),
3074 3244 3218 3298 πάνυ
3244 3247 3552 3313 καταγνοὺς
3584 3246 3691 3315 τῆς
3718 3245 3827 3297 τῶν

2238 3338 2518 3407 παρόντων
2567 3338 2933 3408 ματαιότητος
2975 3338 3069 3391 καὶ
3099 3340 3201 3408 τῆς
3230 3338 3466 3392 ἀστάτου
3498 3340 3679 3409 φορᾶς
3703 3337 3823 3390 τού-

2237 3447 2342 3481 των
2390 3430 2483 3481 καὶ
2516 3431 2822 3499 περιφορᾶς
2859 3428 3003 3498 (46),
3043 3431 3138 3482 κα).
3186 3430 3263 3500 μὴ
3314 3429 3642 3500 πειθόμενος
3696 3429 3823 3484 ἄλλο

2237 3542 2288 3576 τι
2324 3520 2487 3575 καλὸν
2534 3521 2824 3592 ὀνομάζειν
2858 3520 2964 3591 πρὸ
3002 3520 3097 3573 τοῦ
3128 3522 3283 3585 ὄντος
3310 3520 3477 3575 καλοῦ
3500 3563 3515 3586 ,
3544 3516 3723 3591 οὗπερ
3759 3522 3820 3573 σὺ

2239 3616 2524 3682 ἐλεεινῶς,
2562 3610 2605 3667 ὧ
2646 3614 2902 3686 βασιλεῦ,
2960 3614 3260 3688 διερῤἀγης
3315 3631 3376 3667 τε
3426 3615 3524 3668 καὶ
3576 3614 3817 3681 διέστης.

2241 3708 2404 3760 Ὅθεν
2435 3708 2527 3759 καὶ
2556 3710 2719 3777 ἡμεῖς
2752 3706 3043 3777 διέστημέν
3075 3724 3168 3760 σου
3200 3709 3292 3760 καὶ
3335 3706 3693 3780 διῃρέθημεν,
3737 3707 3816 3761 διὰ

2237 3800 2295 3853 τὸ
2330 3802 2409 3862 είς
2460 3801 2603 3869 σαφῆ
2648 3802 2743 3853 καὶ
2788 3800 3218 3869 ὼμολογημένην
3251 3799 3312 3851 σέ
3352 3817 3413 3852 τε
3451 3801 3812 3853 καταπίπτειι

2236 3891 2513 3945 ἀπώλειαν
2550 3891 2653 3963 la
2685 3892 2779 3945 καὶ
2813 3892 2949 3961 πρὸς
2979 3890 3067 3942 τὸν
3118 3892 3231 3943 ἴσον
3279 3890 3676 3961 κατενεχθῆναι
3725 3892 3811 3942 καὶ

2234 3987 2384 4057 ἡμᾶς
2432 3984 2677 4038 κίνδυνον
2707 3983 3065 4051 ἀναγκάζειν.
3100 3982 3245 4045 Ἕως
3281 3982 3381 4052 μὲν
3419 3980 3526 4052 γὰρ
3555 3982 3689 4051 περὶ
3725 3981 3807 4051 μό-

2236 4094 2334 4146 νην
2357 4076 2457 4147 τὴν
2482 4074 2756 4145 κοσμικὴν
2790 4074 3080 4144 στρατείαν
3105 4071 3505 4143 ἐξηταζόμεθα,
3533 4071 3689 4123 οὐδὲν
3711 4071 3808 4123 τῶι

2239 4170 2470 4224 δεόντων
2508 4170 2671 4237 ἡμεῖς
2710 4166 3033 4234 ἐνελίπομεν
3082 4164 3195 4236 (47)
3221 4181 3236 4196 ο
3298 4164 3679 4235 μαρτυρὴσεις
3728 4177 3813 4232 μοι

624 4287 735 4359 (55)
762 4287 827 4359 Β,
854 4286 1053 4359 δεσμὸν
1086 4286 1204 4357 μέν.
1234 4287 1291 4340 Ιιι
1326 4288 1507 4341 vocula
1538 4288 1636 4358 μὲν
1675 4290 1870 4359 saepius
1899 4290 2104 4343 librarii

2237 4294 2461 4341 :caruut.
2494 4283 2709 4359 Psellus
2758 4284 2926 4353 Anag.
2965 4284 3031 4337 de
3073 4282 3230 4337 Circe
3257 4300 3268 4335 :
3297 4283 3325 4335 ό
3353 4280 3409 4334 δέ
3437 4281 3518 4333 ἔτι
3553 4280 3655 4351 μὲν
3688 4280 3803 4350 θαρ

556 4359 662 4411 σεῖ.
700 4356 961 4432 ltii_sc_nsu
994 4355 1096 4432 μὲν
1122 4370 1293 4421 caret,
1328 4355 1681 4432 pt-trqnoest
1716 4355 1917 4432 optime
1960 4361 2137 4432 μᾶλλο·

2237 4382 2240 4411 ι
2260 4362 2462 4432 codice
2872 4424 2883 4432 _
3234 4421 3245 4432 _
3480 4420 3504 4432 η

627 4428 736 4510 (56)
766 4427 931 4510 Epist.
964 4421 1029 4510 ald
1056 4429 1211 4508 lio‘m.
1248 4421 1342 4510 χιι,
1481 4421 1499 4483 Ξ
1533 4429 1725 4510 Βλέπω
1752 4421 1813 4482 ’δὲ
1847 4421 2032 4510 ἕτερον
2060 4431 2137 4498 νόι

2255 4430 2312 4480 ἐν
2344 4431 2457 4490 τοῖς
2492 4423 2679 4495 μέλεσί
2710 4440 2814 4493 μου
2860 4421 3412 4493 ἀντιστρατευόμενον
3437 4421 3516 4492 τῷ
3544 4421 3701 4493 νόμῳ
3719 4422 3809 4477 τοῦ

552 4497 670 4557 νοός

705 4514 803 4569 μου
832 4499 925 4569 καὶ
956 4496 1528 4569 αἰχμαλωτίζοντάμε
1556 4500 1634 4568 τῷ
1662 4500 1811 4568 νόμῳ
1840 4496 1954 4568 τῆς
1970 4496 2267 4569 ἁμαρτίας.

762 4561 1099 4637 Ριιιιιιιειιυιι
1140 4572 1325 4637 setttel,
1366 4561 1657 4637 εὐδόκησεν
1680 4571 1707 4619 ό
1729 4561 2137 4630 Θέόςίιιιιὲίιὼ

2237 4568 2466 4635 δόκησεν
2493 4566 2519 4616 ό
2554 4565 2760 4637 πατὴρ.
2793 4562 2856 4615 Et
2894 4561 3088 4637 Noster
3112 4563 3261 4637 alibi.

622 4628 733 4708 (58)
761 4634 898 4708 Psal.
930 4650 1039 4708 sxt,
1074 4636 1137 4688 17
1171 4652 1183 4686 :
1223 4628 1383 4708 putat
1437 4638 1492 4689 δὲ
1527 4628 1858 4708 κατενόησαν
1889 4641 1984 4691 κα).
2031 4640 2137 4689 ἐπεὶ

2237 4658 2262 4689 ι.
2314 4628 2456 4689 Psal.
2508 4648 2654 4696 CXLI,
2688 4628 2764 4687 ἐμ
2812 4632 3102 4685 κατενόουν
3153 4636 3232 4696 είς
3283 4631 3351 4685 τὰ
3396 4628 3548 4696 δεξιά
3574 4633 3675 4687 καὶ
3715 4637 3808 4687 ἐπ-

552 4703 796 4757 έὸλεπον.
831 4705 909 4757 Cf.
938 4706 1039 4756 lsa.
1068 4720 1175 4769 th,
1215 4704 1299 4758 16.

623 4776 733 4842 (59)
761 4774 937 4826 Eri-le.
968 4789 1006 4835 ι,
1043 4773 1131 4826 ιι.

623 4845 737 4914 (40)
772 4844 985 4916 lfaulus,
1041 4844 1273 4916 lilpistola
1312 4850 1543 4899 secunda
1579 4848 1643 4901 ad
1672 4847 1797 4902 Cor.
1834 4864 1914 4909 ιιι,
1954 4848 2021 4901 15
2056 4864 2069 4901 :
2106 4849 2137 4899 ll

2237 4862 2389 4916 ,ιμμα
2436 4845 2529 4897 ἐπὶ⁹
2572 4845 2672 4912 τὴν
2712 4842 2941 4914 καρδίαν
2984 4842 3167 4895 αὐτῶν
3213 4844 3430 4895 κεῖται·
3468 4845 3637 4915 ἡνίκα
3665 4844 3709 4898 δ’
3746 4846 3807 4899 ἂν

548 4912 848 4987 ἐπιστρέψῃ
885 4913 1023 4987 πρὸς
1054 4912 1280 4987 Ιξύριον,
1312 4921 1675 4985 περιαιρεῖται
1703 4918 1762 4969 τὸ
1798 4919 2083 4987 κάλυμμα.

622 4980 728 5058 (41)
769 4980 938 5058 Epist.
962 4986 1025 5034 ad
1058 4980 1235 5058 ἣρω..
1252 5001 1345 5058 vlt,
1474 4980 1602 5049 ;“τίς
1647 5005 1712 5055 με
1746 4980 1999 5057 μαῖαι·
2027 4989 2092 5039 ὲκ

2278 4984 2528 5055 σώματος
2557 4983 2651 5037 τοῦ
2695 4982 2927 5036 θανάτου
2960 4981 3192 5046 τούτου;
3242 4982 3554 5055 εὐχαριστῷ
3582 4988 3661 5057 τῷ
3694 4987 3805 5058 Θεῷ

547 5052 635 5106 διὰ
678 5052 849 5124 Ἰησοῦ
882 5053 1119 5127 Χριστοῦ
1144 5054 1237 5127 τοῦ
1270 5057 1474 5125 Κυρίου
1506 5052 1681 5127 ἡμῶν.

584 5120 1020 5209 ,(4ῼ)ἰξιξειιειτιιι
1051 5125 1116 5175 ad
1173 5120 1414 5191 Exodft,
1446 5120 1557 5179 ME
1586 5127 1921 5181 Κατωδύνων
1950 5125 2131 5181 αύτῶν

2237 5142 2270 5191 ν
2316 5124 2462 5195 ζωὴν
2492 5126 2548 5177 ἐν
2575 5126 2687 5186 τοῖς
2727 5122 2910 5192 ἔργοις
2947 5123 3062 5185 τοῖς
3089 5120 3365 5192 σκληροῖς,
3398 5124 3476 5195 τῷ
3521 5126 3682 5197 πηλῷ
3714 5130 3798 5181 καὶ

546 5197 611 5263 τῇ
648 5196 916 5263 πλινθείᾳ.

586 5249 730 5331 "(45)
760 5255 1022 5333 liespecttt
1058 5267 1123 5318 ad
1159 5266 1497 5335 Pauliverha
1525 5265 1722 5335 Ephes.
1761 5283 1834 5333 VI,
1869 5268 1932 5320 12
1964 5284 1976 5318 :
2008 5266 2137 5335 Πρὸς

2237 5267 2311 5327 μῦς
2342 5264 2799 5334 κοσμοκράτορας
2829 5264 2921 5316 τοῦ
2958 5264 3183 5327 σκότους
3216 5263 3311 5316 τοῦ
3346 5264 3544 5328 αἰῶνος
3564 5266 3751 5319 τούτου
3781 5282 3795 5299 ο

546 5348 664 5399 qum
687 5346 771 5387 est
808 5336 962 5389 lectio
997 5337 1279 5403 vulgatior.
1314 5334 1613 5400 Barnabas,
1659 5338 1817 5401 epist.

1865 5354 1917 5405 p.
1948 5337 2018 5389 5:
2054 5356 2070 5385 ι
2114 5337 2247 5387 Cum
2278 5338 2393 5405 sint
2428 5351 2555 5403 ergo
2613 5337 2727 5388 dies
2783 5336 3122 5400 nequiSsittti,
3163 5344 3217 5389 et
3270 5336 3580 5405 contrarius
3613 5340 3793 5389 halwal

548 5402 706 5470 hujus
734 5407 911 5456 sinenti
956 5402 1271 5473 [totcélathItt
1305 5422 1318 5457 :
1353 5423 1370 5454 ι
1404 5406 1492 5458 ubi
1523 5407 1641 5459 vide
1686 5402 1925 5459 Menand.
1966 5422 2087 5473 pag.
2139 5405 2226 5457 85,
2272 5404 2405 5458 llinc
2461 5402 2704 5475 intelligo
2758 5404 3201 5475 Cotnmndianuin
3242 5405 3399 5457 lustr.
3440 5404 3605 5475 §59:
3646 5426 3661 5456 ι
3695 5407 3784 5460 Μλι

550 5482 733 5524 tronas
770 5475 847 5525 vis
886 5488 1027 5537 esse,
1060 5475 1389 5538 Christiana,
1426 5486 1481 5525 ut
1511 5477 1691 5528 szeculi
1726 5480 1971 5528 ilomnas.
2016 5495 2033 5524 ι
2072 5476 2286 5526 Domita:
2315 5473 2491 5527 saeculi
2540 5484 2663 5526 sunt
2690 5475 2899 5527 femina-
2931 5474 3158 5540 lupanze,
3195 5473 3477 5526 zabttlicre.

758 5543 961 5615 Corpus
987 5544 1304 5615 όστράκινον
1336 5546 1507 5613 potuit
1538 5548 1717 5598 dicere
1750 5562 1815 5597 ex
1851 5550 2137 5613 metaphor.

2237 5544 2448 5607 ‘aulitta,
2483 5544 2526 5596 ll
2555 5546 2677 5598 Cor.
2721 5558 2793 5608 tv,
2828 5543 2857 5595 7
2884 5562 2896 5598 :
2929 5545 2986 5597 ἐν
3016 5542 3359 5614 ὀστρακίνοις
3388 5543 3627 5597 σκεύεσι.

616 5611 726 5679 (45)
765 5611 953 5665 Matth.
980 5611 1169 5674 vtth
1200 5632 1211 5665 :
1244 5616 1312 5665 cl'.
1336 5611 1475 5682 ‘pag.
1516 5616 1563 5675 Ι,
1596 5632 1649 5668 ιι.
1684 5616 1737 5668 5.

617 5683 726 5755 (Mf)
758 5682 933 5755 Eccita.
959 5698 1024 5755 Att,
1056 5684 1127 5736 Ξῖ
1160 5682 1247 5752 Τῷ
1276 5685 1473 5750 γέλωτι
1502 5682 1652 5747 εἶπα,
1691 5684 2017 5755 περιφοράν.

617 5753 825 5826 ςιηβ,
858 5752 1184 5826 ἐλείπωμεν.
1221 5756 1439 5826 ttnrsus
1480 5757 1666 5807 οιιιιδὶι
1714 5752 1966 5826 librarius
2005 5755 2278 5825 negligens
2330 5754 2770 5826 praepositionem
2817 5752 3121 5824 compositi.
3181 5753 3448 5812 Lucianus
3492 5756 3645 5811 Asin.
3686 5754 3776 5808 ιιι

546 5822 704 5885 εὐθὺς
732 5823 953 5878 ἐδίωκον
984 5838 995 5852 ·
1038 5822 1222 5878 malim
1259 5823 1586 5877 κατεδίωκον
1618 5827 1816 5881 codicis
1846 5823 1997 5879 1510.
