4070 6444
228 468 332 531 R73

1328 468 1502 530 VITA
1535 468 1890 528 BARLAAM
1928 468 2022 527 ET
2058 467 2412 530 JOASAPH.

3384 472 3486 535 874

228 576 325 627 καὶ
350 574 516 639 αὐτὸς
541 574 732 648 ὅτιπερ
774 578 893 632 οὐδὲ
929 579 1210 649 ρᾳθυμίαν
1236 580 1360 635 τινὰ
1389 581 1511 635 οὐδὲ
1548 582 1812 651 ἀμέλειάν

1920 581 2469 650 ιιταξιετηιίιιεὸοιιιυε.
2500 581 2578 636 Ac
2602 589 2658 635 tu
2687 597 2894 651 quoque
2919 582 3149 651 optimus
3178 586 3326 639 testis
3347 587 3479 654 eris,

228 680 364 719 mre
396 667 798 738 ὲνεκλὴθημεν.

314 841 470 895 Ἐπεὶ
497 843 555 897 δὲ
580 845 674 898 καὶ
703 846 835 899 αὐτὸ
865 846 973 900 τῶν
1021 848 1204 904 καλῶν
1254 850 1316 903 τὸ
1356 851 1651 919 κεφάλαιον
1698 854 1808 921 ἀφ-

235 933 463 987 ελέσθαι
512 936 930 1007 ὲφιλονείκησας
984 943 1176 1011 ἡμᾶς,
1230 943 1331 1014 τὴν
1376 944 1684 1007 εὐσέϐειαν,
1720 945 1815 997 καὶ

227 1028 323 1079 τὸν
379 1028 513 1080 Θεὸν
568 1029 846 1099 ζημιῶσαι
889 1034 988 1102 τὴν
1038 1036 1276 1105 ἐσχάτην
1328 1035 1536 1108 ταύτην
1585 1036 1809 1106 ζημίαν,

229 1118 412 1189 τιμῶν
441 1136 504 1173 τε
531 1121 622 1175 διὰ
661 1123 822 1178 τοῦτο
870 1127 966 1179 καὶ
1003 1126 1318 1198 φιλοτιμίας
1347 1128 1811 1199 ἀναμιμνήσκεις,

230 1208 353 1273 πῶς
388 1211 490 1264 οὐκ
523 1212 754 1283 ἀμαθῶς
785 1213 933 1284 ἔχειν
974 1233 1035 1269 σε
1063 1215 1159 1270 τοῦ
1190 1217 1358 1271 καλοῦ
1388 1217 1615 1280 δικαίως
1645 1217 1714 1271 ἂν
1739 1217 1816 1269 εί-

230 1318 417 1371 ποιμι,
452 1304 534 1356 ὅτι
564 1304 659 1358 καὶ
682 1307 1059 1376 παραϐάλλεις
1091 1309 1231 1372 ὅλως
1254 1309 1397 1364 αὐτὰ
1419 1310 1560 1381 πρὸς
1587 1309 1815 1378 ἄλληλα,

230 1395 523 1449 εὐσέϐειάν
572 1415 713 1469 φημι
746 1399 883 1467 πρὸς
914 1401 1005 1454 τὸν
1032 1401 1167 1455 Θεὸν
1196 1402 1292 1456 καὶ
1318 1403 1503 1472 φιλίαν
1536 1402 1816 1473 ἀνθρωπί-

229 1503 332 1556 νην
372 1488 469 1540 καὶ
496 1489 658 1556 δόξαν
687 1490 787 1562 τὴν
809 1492 899 1545 ῐσα
928 1495 1355 1565 παραρρέουσαν
1378 1494 1533 1549 ὕδατι
1561 1514 1576 1563 ;
1613 1495 1732 1558 πῶς
1759 1494 1815 1547 δέ

232 1595 316 1632 σοι
349 1581 446 1633 καὶ
476 1582 724 1636 κοινωνοὶ⁵
750 1583 991 1654 ἐσόμεθα
1017 1588 1111 1639 ὲπί
1132 1586 1311 1655 τούτῳ
1332 1629 1347 1650 ,
1382 1588 1477 1641 καὶ
1511 1587 1654 1656 οὐχἰ,
1690 1588 1815 1640 τού-

229 1670 469 1732 ναντίον.
500 1674 598 1727 καὶ
629 1675 816 1743 φιλίαν
846 1677 940 1731 καὶ
968 1678 1158 1747 τιμὴν,
1202 1678 1300 1731 καὶ
1335 1680 1573 1749 στοργὴν
1608 1678 1816 1730 τέκνων

229 1762 326 1813 καὶ
358 1760 416 1814 εί
449 1780 502 1816 τι
532 1763 664 1818 ἄλλο
710 1767 897 1836 μεῖξον
928 1763 1029 1837 ἦν,
1072 1768 1453 1839 ἀρνησόμεθα;
1486 1768 1723 1840 ὁρῶντές
1754 1785 1814 1822 σε

233 1856 462 1924 μᾶλλον,
498 1851 543 1910 ὧ
595 1858 850 1928 βασιλεῦ,
889 1861 1318 1932 ἀγνωμονοῦντα
1355 1862 1493 1934 πρὸς
1524 1863 1615 1917 τὸν
1653 1862 1811 1925 Θεὸν,

1918 688 2015 727 nos
2045 688 2142 727 nec
2170 674 2500 745 negligentiae
2520 715 2536 739 ,
2582 688 2676 727 nec
2706 673 2961 726 socordiae
2993 675 3204 727 nomine
3249 689 3479 743 unquam

1917 779 2034 820 esse
2058 775 2265 819 notatos
2293 779 2356 817 ac
2384 768 2753 833 reprehensos.

1989 856 2338 924 Posteaquam
2378 864 2555 908 autem
2602 855 2651 907 id
2681 867 2907 923 quoque,
2940 851 3082 918 quod
3118 852 3352 906 omnium
3386 854 3484 905 ho-

1917 966 2104 1005 norum
2126 959 2284 1018 caput
2304 959 2408 1012 est,
2441 951 2541 1001 hoc
2560 955 2643 1001 est
2666 948 2938 1015 pietatem,
2966 946 3118 1000 nobis
3141 954 3480 1013 extorquere,

1916 1041 2118 1107 Deique
2164 1042 2484 1095 detrimento
2531 1040 2706 1107 (quod
2756 1040 3194 1094 detrimentorum
3246 1041 3484 1092 omnium

1918 1142 2216 1187 extremum
2243 1147 2304 1185 ac
2332 1134 2696 1201 gravissimum
2726 1130 2827 1197 est)
2853 1144 2951 1184 nos
2970 1129 3185 1183 afﬁcere
3208 1130 3485 1193 studuisti,

1916 1223 2174 1290 nobisque
2197 1223 2402 1275 interim
2433 1223 2661 1276 honores
2691 1221 2759 1275 ob
2782 1235 2897 1275 eam
2924 1234 3135 1274 causam
3160 1221 3210 1271 in
3244 1236 3339 1272 nus
3371 1222 3473 1272 eol-

1919 1313 2052 1366 latos
2080 1323 2236 1380 atque
2263 1314 2585 1380 amplissima
2612 1312 2866 1366 beneﬁcia
2896 1311 2949 1365 in
2993 1312 3301 1365 memoriam
3329 1324 3485 1371 revo:

1914 1420 2025 1466 cas,
2054 1408 2139 1469 qui
2170 1405 2280 1457 lieri
2308 1416 2478 1471 potest
2506 1418 2561 1460 ut
2594 1422 2696 1460 non
2727 1408 2930 1475 optimo
2956 1408 3072 1474 jure
3122 1418 3171 1461 te
3201 1410 3309 1461 veri
3356 1410 3478 1464 boui

1920 1497 2123 1549 inscitia
2155 1495 2395 1550 laborare
2419 1498 2609 1563 dicam,
2640 1510 2698 1554 ut
2751 1501 2837 1568 qui
2867 1502 3082 1554 omnino
3113 1501 3225 1555 haec
3255 1503 3389 1555 inter
3418 1517 3477 1557 se

1917 1603 2225 1655 componas,
2253 1591 2498 1657 pietatem
2524 1592 2724 1645 scilicet
2752 1606 2874 1661 erga
2907 1594 3067 1647 Deum
3099 1608 3217 1645 cum
3247 1593 3478 1647 humana

1916 1681 2146 1734 amicitia
2193 1690 2248 1735 et
2280 1682 2442 1751 gloria
2497 1682 2663 1737 instar
2706 1697 2857 1751 aquae
2897 1684 3201 1739 deﬂuente?
3239 1686 3477 1752 thnam

1916 1769 2042 1822 item
2076 1769 2234 1824 modo
2262 1771 2314 1824 in
2347 1771 2446 1825 hac
2474 1786 2531 1826 re
2558 1773 2687 1826 socii
2717 1773 2811 1826 tibi
2851 1774 3009 1827 futuri
3038 1790 3242 1838 sumus,
3285 1789 3349 1831 ac
3375 1791 3480 1831 non

1915 1871 2100 1913 contra
2126 1868 2235 1915 tum
2262 1860 2566 1926 amicitiam,
2598 1871 2706 1915 tum
2741 1866 3016 1929 honorem,
3050 1875 3158 1918 tum
3190 1868 3478 1922 liberorum

230 1950 325 2002 τὸν
353 1950 452 2003 καὶ
472 1952 605 2005 αὐτό
632 1969 715 2005 σοι
743 1953 805 2006 τὸ
833 1949 978 2007 εἶναι
1008 1956 1103 2008 καὶ
1125 1955 1187 2007 τὸ
1211 1956 1474 2009 ἀναπνεῖν
1499 1954 1812 2024 παρεχόμε-

1916 1965 2176 2016 amorem,
2202 1960 2256 2006 et
2274 1952 2319 2006 si
2348 1953 2472 2021 quid
2501 1952 2642 2007 aliud
2669 1957 2836 2022 majus
2858 1965 3021 2021 esset,
3054 1958 3481 2025 aspernabimur,

232 2060 345 2105 νον,
382 2044 444 2106 ὃς
476 2045 595 2096 ἐστι
636 2044 880 2115 Χριστὸς
917 2047 1128 2117 Ἰησοῦς
1149 2086 1165 2111 ,
1199 2050 1228 2101 ό
1265 2047 1471 2118 Κύριος
1501 2049 1612 2100 τῶν
1645 2049 1817 2102 ἀπάνο

230 2153 364 2197 των,
416 2135 500 2199 ὃς,
532 2137 869 2207 συνάναρχος
894 2137 972 2191 ὢν
996 2140 1092 2192 καὶ
1126 2140 1397 2202 συναῖδιος
1414 2140 1493 2208 τῷ
1519 2141 1694 2211 Πατρὶ
1722 2141 1817 2192 καὶ

230 2228 360 2290 τοὺς
396 2229 664 2298 οὐρανοὺς
690 2229 769 2300 τῷ
802 2231 948 2302 λόγῳ
975 2232 1070 2285 καὶ
1100 2232 1202 2301 τὴν
1230 2231 1335 2301 γῆν
1365 2232 1701 2302 ὑποστήσας,
1723 2231 1816 2284 τὸν

230 2321 526 2389 ἄνθρωπόν
554 2339 612 2375 τε
644 2324 834 2393 χερσὶν
863 2324 1095 2387 οίκείαις
1129 2324 1528 2396 ἐδημιούργησε
1557 2324 1652 2377 καὶ
1684 2324 1817 2377 ἀθα-

231 2415 395 2483 νασίᾳ
431 2414 619 2467 τοῦτον
661 2414 927 2486 ἐτίμησε,
980 2416 1076 2469 καὶ
1136 2416 1364 2487 βασιλέα
1410 2417 1519 2471 τῶν
1566 2419 1659 2470 ἐπὶ
1709 2418 1815 2488 γῆς

232 2508 610 2577 κατεστήσατο
633 2547 648 2571 ,
702 2507 956 2579 καθάπερ
992 2508 1115 2562 τινὰ
1146 2507 1396 2579 βασίλεια
1422 2508 1484 2562 τὸ
1528 2494 1816 2563 κάλλιστον

230 2597 486 2650 ἁπάντων
522 2598 798 2665 ἀποτάξας
830 2600 946 2671 (48)
990 2598 1173 2671 αὐτῷ,
1223 2600 1315 2653 τὸν
1356 2600 1710 2671 παράδεισον.
1748 2602 1814 2655 '0

228 2687 305 2749 δὲ,
337 2689 525 2759 φθόνῳ
567 2689 668 2759 15
698 2690 930 2753 κλαπεὶς
978 2691 1072 2745 καὶ
1099 2692 1263 2762 ἡδονῇ
1301 2690 1425 2762 (φεῦ
1460 2692 1605 2761 μοιί)
1632 2690 1815 2745 δελεα-

228 2778 380 2843 σθεὶς
417 2781 555 2851 (49),
593 2781 795 2846 ἀθλίως
835 2782 1041 2836 τούτων
1086 2783 1314 2849 ἐξέπεσε
1361 2783 1613 2837 πάντων⁶
1659 2784 1754 2837 καὶ
1785 2786 1814 2838 ὁ

229 2871 360 2943 πρὶν
396 2870 639 2940 ζηλωτὸς
676 2872 909 2936 ἐλεεινὸς
954 2873 1137 2937 ώρᾶτο
1172 2873 1266 2926 καὶ
1305 2873 1559 2945 δακρύων
1588 2873 1676 2927 διὰ
1714 2874 1814 2945 τὴν

229 2964 521 3032 συμφορὰν
564 2964 734 3030 ἄξιος.
783 2965 841 3019 '0
886 2964 1099 3028 πλάσας
1140 2964 1324 3019 τοίνυν
1375 2967 1527 3035 ἡμᾶς
1580 2967 1674 3022 καὶ
1718 2968 1814 3038 δη-

229 3056 580 3125 μιουργήσας
611 3054 1020 3127 φιλανθρώποις
1050 3056 1212 3111 πάλιν
1260 3054 1386 3109 ἰδὼν
1415 3057 1717 3128 ὀφθαλμοῖς
1750 3059 1812 3111 τὸ

227 3146 336 3198 τῶν
368 3147 589 3199 οἰκείων
624 3148 826 3219 χειρῶν
875 3147 1056 3220 ἔργον,
1096 3149 1158 3201 τὸ
1186 3149 1320 3213 Θεὸς
1350 3145 1490 3203 εἶναι
1534 3150 1609 3222 μὴ
1641 3169 1810 3222 μετα-

228 3238 437 3302 ϐαλὼν,
468 3241 605 3311 ὅπερ
626 3236 695 3310 ἦν
723 3240 819 3294 ἀπ’
840 3241 1039 3311 ἀρχῆς,
1063 3242 1282 3309 ἐγένετο
1300 3243 1367 3296 δι’
1390 3244 1535 3313 ἡμᾶς
1561 3245 1812 3315 ἀναμαρ-
1838 3290 1879 3346 C

229 3333 415 3402 τὴτως
450 3332 560 3403 (50)
600 3334 736 3404 ὅπερ
769 3335 935 3403 ἡμεῖς
960 3376 974 3398 ,
1012 3333 1108 3386 καὶ
1144 3334 1379 3403 σταυρὸν
1412 3335 1679 3399 ἑκουσίως
1716 3335 1811 3388 καὶ

232 3418 470 3474 θάνατον
496 3420 833 3491 ὑπομείνας,
861 3422 953 3476 τὸν
1000 3423 1209 3477 ἀνωθεν
1255 3425 1335 3494 τῷ
1374 3426 1630 3497 ἡμετέρῳ
1661 3427 1811 3494 γένει

232 3507 600 3578 βασκαίνοντα
628 3511 899 3565 κατέϐαλε
936 3511 1197 3584 πολέμιον
1216 3554 1230 3578 ,
1262 3514 1378 3579 καὶ,
1411 3517 1558 3587 ἡμᾶς
1586 3517 1687 3587 τῆς
1718 3538 1810 3572 πι-

230 3601 377 3670 κρᾶς
410 3599 631 3671 ἐκείνης
663 3602 1045 3672 αἰχμαλωσίας
1075 3604 1522 3676 ἀνασωσάμενος,
1554 3607 1651 3677 τὴν
1678 3625 1811 3679 προ-

229 3689 398 3759 τέραν
427 3690 678 3745 ἀπέδωκε
704 3692 1022 3762 φιλαγάθως
1058 3693 1397 3767 ἐλευθερίαν,
1421 3697 1536 3762 καὶ,
1573 3698 1695 3751 ὅθεν
1721 3699 1808 3753 διὰ

230 3779 329 3850 τὴν
352 3783 642 3853 παρακοὴν
672 3782 1112 3855 ἐκπεπτώκαμεν
1129 3824 1144 3849 ,
1169 3786 1286 3839 ἐκεῖ
1317 3786 1479 3840 πάλιν
1502 3789 1589 3842 διά
1615 3788 1807 3860 φιλαν-

234 3869 483 3941 θρωπίαν
521 3873 671 3943 ἡμᾶς
698 3874 1041 3945 ἐπανήγαγε,
1080 3876 1329 3947 μείζονος
1359 3880 1504 3949 ἡμᾶς
1533 3880 1567 3951 ἡ
1611 3883 1810 3953 πρότε-

234 3979 327 4032 ρον
360 3966 530 4033 τιμῆς
557 3964 818 4033 ἀξιώσας.

1915 2058 2035 2097 cum
2067 2054 2137 2109 te,
2170 2059 2203 2098 ο
2229 2060 2344 2111 rex,
2393 2048 2444 2100 in
2478 2046 2638 2101 Deum
2669 2048 2926 2105 scelerate
2972 2065 3159 2119 gerere
3189 2053 3483 2121 conspicia-

1915 2151 2052 2199 mns,
2084 2138 2171 2205 qui
2201 2138 2294 2191 tibi
2325 2140 2494 2206 ipsum
2518 2153 2636 2193 esse
2672 2149 2725 2193 et
2754 2139 2993 2207 spiritum
3022 2140 3216 2197 ducere
3237 2144 3481 2211 praahuit,

1914 2227 2002 2295 qui
2031 2240 2114 2282 est
2164 2228 2409 2284 Christus
2451 2231 2603 2284 Jesus
2629 2231 2863 2284 omnium
2912 2232 3202 2286 Dominus:
3230 2234 3317 2304 qui
3359 2249 3479 2287 cum

1915 2317 2173 2386 principio
2222 2328 2419 2383 careat,
2462 2320 2806 2389 ejusdemque
2835 2336 2957 2374 cum
2990 2323 3144 2377 Patre
3174 2324 3485 2378 aeternitate

1913 2417 2011 2471 δτι,
2054 2410 2324 2474 οωιοδιιυε
2348 2425 2408 2463 ac
2441 2418 2633 2463 terram
2661 2424 2908 2465 sermone
2954 2415 3266 2479 procrearit,
3310 2412 3485 2467 homi-

1914 2514 2037 2554 nem
2123 2503 2305 2548 tamen
2404 2498 2629 2556 suismet
2719 2501 2960 2557 manibus
2985 2502 3481 2574 eiﬁnxit,eumqne

1915 2591 2313 2646 immortalitate
2357 2594 2665 2659 coornavit,
2710 2608 2995 2663 regemque
3040 2596 3272 2650 omnium
3302 2614 3479 2652 rerum

1913 2695 2032 2749 qua:
2061 2684 2113 2734 in
2139 2689 2276 2735 terra
2305 2693 2426 2734 sunt
2452 2682 2747 2747 constituit,
2778 2683 2933 2753 eique
2958 2684 3098 2754 quod
3123 2688 3361 2740 omnium
3393 2704 3482 2742 rc-

1914 2786 2029 2825 rum
2062 2773 2549 2839 praistantissimum
2580 2780 2714 2839 erat,
2749 2775 2850 2827 hoc
2888 2785 2971 2829 est
3014 2777 3337 2845 paradisum,
3368 2790 3484 2834 tan-

1916 2881 2072 2934 quam
2126 2866 2322 2935 regiam
2354 2866 2632 2933 quamdam
2664 2868 2835 2920 aulam
2866 2868 3124 2924 attribuit.
3171 2872 3240 2924 At
3267 2869 3356 2925 ille
3401 2872 3485 2928 in-

1913 2955 2051 3007 vidia
2075 2956 2348 3022 deceptus,
2381 2963 2436 3009 et
2462 2957 2511 3009 in
2543 2956 2775 3011 fraudem
2804 2958 3071 3026 inductus,
3114 2971 3167 3014 et
3194 2960 3481 3031 voluptatis

1912 3046 2176 3101 illecebris
2204 3046 2456 3100 delinitus
2484 3045 2648 3116 (Gen.
2697 3063 2786 3113 Ill;
2820 3047 2948 3116 Sap.
2979 3049 3081 3120 tu),
3113 3049 3195 3104 his
3233 3052 3481 3107 omnibus

1913 3141 2108 3193 misere
2136 3138 2377 3207 dejectus
2403 3147 2511 3204 est;
2545 3146 2600 3193 et
2628 3142 2715 3205 qnl
2748 3139 2891 3207 prius
2920 3140 3105 3195 beatus
3141 3128 3481 3205 censebatur,

1913 3231 2165 3284 miserum
2196 3230 2553 3298 spectaculum
2586 3231 2876 3298 praebebat,
2910 3230 3265 3301 lacrymisque
3293 3233 3362 3287 ob
3391 3248 3482 3288 ac-

1911 3333 2117 3391 ceptam
2145 3324 2497 3378 calamitatem
2532 3320 2720 3392 dignus
2749 3334 2882 3377 erat.
2918 3322 3109 3377 Verum
3137 3326 3408 3379 enimvero
3436 3328 3481 3379 is

1910 3417 1998 3483 qui
2030 3431 2127 3469 nos
2156 3416 2432 3470 efﬂuxerat
2471 3430 2534 3468 ac
2562 3424 2949 3482 procreaverat,
2997 3414 3239 3485 benignis
3267 3433 3477 3471 rursum

1910 3507 2079 3563 oculis
2107 3522 2354 3561 manuum
2384 3522 2597 3559 suarum
2628 3522 2757 3575 opus
2781 3504 3137 3575 conspicatus,
3170 3510 3368 3564 nullam
3389 3509 3475 3564 di—

1911 3602 2142 3653 vinitatis
2171 3616 2278 3653 sure
2326 3601 2667 3652 mutationem
2698 3598 3014 3667 suscipiens,
3048 3608 3242 3654 nostra
3290 3600 3480 3654 salutis

1907 3704 2087 3753 causa,
2122 3689 2172 3744 id
2195 3690 2332 3758 quod
2367 3704 2463 3743 nos
2486 3705 2667 3744 sumus
2695 3694 2823 3743 citra
2856 3700 3149 3758 peccatum,
3184 3688 3351 3746 factus
3373 3702 3479 3758 est,

1907 3793 2067 3849 atque
2086 3794 2298 3835 crucem
2324 3791 2375 3834 et
2402 3788 2624 3834 mortem
2647 3791 2833 3849 sponte
2852 3781 3090 3847 subiens,
3120 3782 3324 3836 hostem
3353 3799 3476 3838 eum

1907 3876 1993 3943 qui
2023 3873 2129 3941 jam
2160 3873 2285 3928 inde
2314 3874 2382 3927 ab
2426 3872 2575 3926 initio
2616 3872 2797 3941 generi
2830 3884 3013 3928 nostro
3060 3874 3325 3928 invidebat
3354 3891 3479 3945 pro-

1907 3966 2122 4026 stravit,
2165 3976 2368 4030 nosque
2412 3961 2600 4015 acerba
2632 3962 2718 4013 illa
2764 3962 3069 4028 captivitate
3121 3964 3369 4017 liberatos
3423 3966 3475 4018 in

236 4055 480 4122 Priorem
516 4058 846 4127 libertatem,
883 4080 985 4135 pro
1018 4080 1116 4120 sua
1149 4078 1277 4134 erga
1302 4077 1404 4118 nos
1442 4062 1713 4127 bonitate,
1742 4062 2004 4127 restituit,
2042 4076 2217 4131 eoque
2266 4074 2488 4114 rursum
2514 4058 2663 4113 unde
2697 4073 2800 4112 nos
2828 4057 3196 4113 inobedientia
3226 4056 3484 4113 exturba-

233 4161 411 4216 verat,
450 4154 522 4207 ob
553 4171 705 4211 suam
739 4174 869 4227 erga
902 4175 1004 4214 nos
1038 4159 1457 4218 humanitatem,
1492 4157 1731 4220 reduxit,
1768 4157 2082 4227 majoreque
2112 4170 2275 4226 quam
2307 4163 2467 4209 antea
2497 4154 2707 4209 honore
2745 4161 3072 4222 prosecutus
3099 4161 3204 4207 est.

292 4243 398 4295 Τὸν
426 4242 491 4312 δὴ
535 4242 764 4297 τοιαῦτα
806 4242 873 4296 δι’
914 4243 1062 4312 ἡμᾶς
1099 4240 1342 4295 παθόντα
1396 4244 1489 4295 καὶ
1540 4243 1802 4298 τοιούτων

222 4337 371 4407 ἡμᾶς
398 4334 563 4389 πάλιν
600 4335 1019 4400 καταξιώσαντα
1063 4336 1215 4406 (51),
1247 4333 1438 4389 τοῦτον
1484 4336 1649 4401 αὐτὸς
1676 4336 1798 4391 ἁθεο

222 4430 339 4490 τεῖς
366 4428 461 4480 καὶ
494 4428 573 4491 είς
595 4426 687 4480 τὸν
710 4428 920 4481 ἐκείνου
952 4427 1184 4499 σταυρὸν
1212 4426 1605 4491 ἀποσκώπτεις
1637 4445 1652 4493 ;
1682 4430 1802 4493 ὅλος

221 4519 280 4572 δὲ
323 4522 391 4590 τῇ
422 4522 600 4590 τρυφῇ
635 4518 729 4573 τοῦ
769 4518 1022 4589 σώματος
1051 4521 1146 4574 καὶ
1179 4522 1291 4584 τοῖς
1328 4519 1594 4591 ὀλεθρίοις
1634 4539 1805 4591 προσ-

223 4612 505 4682 ηλωμένος
544 4611 776 4675 πάθεσι,
805 4612 960 4677 θεοὺς
984 4613 1342 4684 ἀναγορεύεις
1367 4614 1438 4667 τὰ
1453 4614 1552 4685 τῆς
1577 4615 1802 4686 ἀτιμίας

225 4702 323 4753 καὶ
369 4700 635 4772 αίσχύνης
683 4701 913 4766 εἷδωλας
965 4702 1039 4756 Οὐ
1082 4704 1242 4773 μόνον
1284 4706 1511 4758 σεαυτὸν
1551 4707 1652 4775 τῆς
1693 4707 1802 4760 τῶν

223 4792 500 4861 οὐρανίων
529 4792 751 4861 ἀγαθῶν
787 4794 1086 4862 συναφείας
1122 4794 1405 4865 ἀλλότριον
1456 4799 1801 4851 κατεσκεύα-

225 4898 357 4946 σας,
390 4880 530 4934 ἀλλά
581 4882 676 4934 καὶ
713 4881 922 4945 πάντας
964 4882 1092 4944 τοὺς
1134 4881 1492 4952 πειθομένους
1526 4886 1642 4947 τοῖς
1686 4886 1800 4948 σοῖς

1991 4250 2139 4303 llunc
2159 4250 2316 4319 igitur
2338 4246 2426 4317 qui
2453 4257 2630 4300 nostra
2659 4260 2816 4299 causa
2847 4246 2923 4299 t'ot
2951 4247 3217 4298 cruciatus
3244 4244 3478 4311 pertulit,

1914 4342 2179 4410 tantisque
2228 4355 2438 4393 rursum
2494 4352 2591 4391 nos
2628 4336 2899 4390 beneﬁciis
2935 4333 3130 4400 affecit,
3180 4334 3351 4398 hunc,
3399 4336 3485 4390 in-

1913 4448 2090 4502 quam,
2118 4432 2229 4500 ipse
2268 4429 2464 4499 rejicis,
2510 4437 2666 4496 atque
2695 4426 2809 4494 ejus
2834 4440 3044 4480 crucem
3069 4425 3309 4481 dicteriis
3340 4426 3483 4481 inse-

1914 4523 2094 4585 ctaris,
2127 4532 2371 4589 totusque
2399 4519 2636 4584 corporis
2659 4517 2890 4582 deliciis,
2926 4530 2987 4571 ac
3014 4515 3326 4585 perniciosis
3356 4516 3485 4571 ασθ-

1916 4617 2087 4671 etihus
2116 4614 2328 4677 al'lixus,
2362 4612 2711 4680 ignominiosa
2751 4624 2813 4663 ac
2861 4608 3200 4677 turpitudinis
3230 4608 3381 4678 plena
3415 4610 3487 4661 si-

1917 4708 2151 4762 mulacra
2183 4704 2312 4758 deos
2339 4704 2594 4771 appellas.
2639 4702 2744 4754 Nec
2791 4701 3015 4767 teipsum
3041 4696 3295 4752 duntaxat
3321 4712 3349 4750 a
3379 4712 3489 4752 cae-

1918 4797 2126 4851 leStium
2180 4795 2440 4849 bonorum
2494 4791 2871 4860 conjunctione
2919 4788 3253 4851 abstraxisti;
3305 4803 3487 4843 verum

1917 4887 2077 4945 etiam
2108 4901 2316 4948 omnes,
2368 4885 2460 4953 qui
2490 4884 2595 4937 tuis
2626 4881 2863 4951 Imperiis
2896 4881 3283 4947 obtemperant,
3332 4879 3400 4931 ab
3426 4894 3487 4932 ea

300 5064 422 5134 (48)
456 5063 519 5136 Β,
552 5062 852 5128 ὑποτάξας.
886 5060 1057 5136 Obvia
1081 5067 1175 5136 est
1193 5060 1529 5136 permutatio
1566 5060 1812 5136 praeposit

1914 5077 2001 5113 um
2030 5060 2138 5114 ἀπὸ
2145 5070 2220 5136 _et
2261 5058 2417 5136 61:6._
2433 5057 2775 5136 Nicephorius
2800 5055 3099 5136 Basilacas,
3124 5067 3284 5136 quem
3328 5050 3492 5136 Nico-

228 5121 373 5189 laum
404 5121 726 5203 'sopliistatiL
745 5121 905 5203 vncat
923 5133 1044 5203 eod.
1076 5121 1240 5203 2720,
1269 5121 1593 5203 Narratione
1619 5121 1787 5203 prima

1919 5147 2065 5203 retna
2094 5149 2106 5184 :
2144 5132 2275 5203 Τότε
2304 5128 2521 5203 πρῶτον
2548 5121 2809 5203 Ἕλληνες
2838 5126 2939 5203 τῆς
2966 5123 3272 5203 ,ξυδυσσέως
3300 5121 3491 5188 σοφίας
3536 5162 3552 5189 ,

228 5192 538 5277 ἀπώναντο,
569 5205 667 5272 οὐχ
695 5197 856 5277 ἦττον
889 5201 946 5254 δὲ
976 5201 1007 5272 ἡ
1039 5203 1127 5277 ὅτε
1158 5201 1220 5253 τὸ
1265 5200 1558 5277 παλλάδιον
1606 5192 1670 5277 ἐκ
1693 5201 1812 5277 μεσι

1914 5202 2101 5271 Γροίας
2139 5192 2409 5268 ἀφείλετο.
2460 5201 2604 5277 Ideni
2643 5192 2809 5275 codex
2853 5192 3102 5277 ὑφείλετο
3148 5192 3365 5277 melius;
3395 5210 3494 5270 nec

233 5277 397 5329 habet
436 5263 535 5338 δὲ(
568 5263 730 5342 quod
758 5273 955 5326 absens
985 5263 1202 5340 quidem
1248 5286 1354 5324 non
1403 5271 1559 5327 valde
1611 5263 2025 5337 desiderabitur,
2075 5263 2314 5341 prwSens
2368 5286 2471 5322 non
2518 5269 2831 5329 deleverim,
2868 5269 3064 5335 quippe
3092 5263 3236 5333 quod
3289 5278 3393 5315 nun
3442 5263 3489 5312 vi

232 5348 467 5416 quatiam
495 5355 697 5398 careat.

303 5415 419 5486 (49)
451 5415 527 5468 De
551 5426 718 5486 tropo
736 5414 885 5486 verbi
913 5410 1153 5486 δελεάζω
1182 5411 1306 5486 vide
1319 5420 1514 5486 notam
1546 5412 1623 5486 ad
1642 5410 1892 5486 Aristaeo.
1922 5428 1962 5479 ι,
1997 5412 2083 5486 l_7_.

2130 5426 2252 5480 pag.
2286 5410 2414 5480 7M.
2461 5407 2744 5480 Clioricius
2775 5407 2825 5459 in
2863 5402 3144 5480 Procop._§
3178 5402 3210 5455 8
3236 5400 3358 5480 εξΓά
3393 5400 3493 5480 μεν

234 5471 561 5558 βιαζομένῃ,
586 5471 657 5536 τά
676 5484 733 5538 δὲ
760 5471 1154 5544 κολακεύουσα,
1185 5481 1254 5564 τά
1286 5482 1343 5535 δὲ
1375 5481 1696 5603 πειςωμένη
1722 5482 1930 5561 χρυσίῳ
1948 5471 2449 5565 ’πολλά’δελεάζειν,
2470 5477 2626 5560 ,οἵαις
2653 5478 2740 5559 ἀεὶ
2777 5471 3046 5557 μηχαναῖς
3083 5471 3317 5557 ὲραστῂς
3355 5471 3492 5540 πρὸς

234 5559 414 5603 avom:
439 5556 704 5603 κένοηται
740 5554 1023 5603 παιδικῶν.
1058 5554 1371 5603 llescnbam
1412 5569 1483 5603 πο
1516 5552 1594 5603 λω
1616 5567 1647 5603 e
1670 5553 1945 5603 codicibus
1976 5552 2120 5603 binis
2140 5566 2326 5603 recns.
2356 5549 2590 5603 Lvrtllns
2621 5546 2799 5601 διιιιιιιι
2824 5563 2873 5599 tn
2908 5544 3134 5597 Σπάδων
3160 5559 3172 5571 ⁸
3203 5543 3492 5603 Σωφρονας

233 5554 414 5626 ἄγραν
439 5556 704 5624 κέχρηται
740 5554 1023 5626 παιδικῶν.
1058 5554 1390 5626 μεθείη-ἰθειιιιΔ
1412 5569 1483 5626 πο

1516 5542 1594 5622 λῷ
1616 5567 1647 5606 e
1670 5542 1812 5605 cadit

1920 5567 1945 5605 s
1976 5552 2120 5622 binis
2137 5552 2326 5622 regiis.
2356 5548 2590 5622 Cyrillus
2621 5542 2799 5622 Suillio
2824 5542 2888 5599 in
2908 5542 3134 5622 Σπάδων
3160 5559 3181 5622 '_
3203 5542 3492 5622 Σώφρονας

233 5614 437 5696 ἄνδρας
461 5614 809 5696 κᾷἐοίμικρὸν
836 5625 1210 5696 δελεάσαντες,
1238 5625 1316 5696 είς
1347 5622 1406 5676 τὸ
1444 5614 1693 5696 Σοδόμων
1729 5623 1812 5696 ala

1914 5640 1960 5696 ut
1987 5614 2261 5696 βάραθρον
2292 5614 3011 5696 κατῄκόντισαν.“(ἱεοτείιιδ
3056 5614 3282 5696 Lapitba
3322 5614 3495 5666 inedi-

235 5683 400 5752 tns'v.
418 5683 538 5750 ἐιν
568 5713 581 5749 :
611 5683 691 5746 ’⁸0
715 5683 969 5767 τεχνικὸς
985 5683 1337 5767 δημιουργὸς
1359 5683 1589 5767 ἐνέθηκε
1603 5695 1683 5767 ’τῇ
1713 5683 1874 5767 φύσεί
1899 5683 2235 5767 Τὴνὴδονῆν
2277 5688 2353 5753 ὡς
2383 5683 2578 5760 δέλεαρ
2613 5689 2752 5757 σοφῇ
2789 5683 3187 5757 μηχανουργίᾳ.

311 5766 426 5837 (50)
453 5767 526 5838 iB,
554 5761 832 5838 ἁμαρτίας
859 5765 1027 5837 χωρίς
1042 5761 1292 5838 :melius
1318 5761 1517 5838 forsan.
1535 5764 1631 5838 KCl‘.
1659 5761 1713 5834 ᾖ»,
1746 5764 1802 5828 5,

1914 5761 2085 5838 L._H.'_
2471 5829 2503 5838 η
2751 5826 2777 5838 η
3045 5834 3055 5838 _
3156 5837 3163 5838 ί
3238 5823 3249 5834 ,

309 5829 424 5908 (51)
451 5829 520 5903 Β,
545 5829 741 5905 καταξ.
768 5829 1010 5906 ἀγαθῶν.
1042 5834 1345 5908 Videbatur
1376 5835 1599 5908 ἀγαθῶν
1642 5829 1770 5908 esse
1810 5836 1812 5885 ἲ

1914 5832 2025 5908 tile,
2074 5834 2182 5889 imo
2213 5846 2431 5889 nocere.
2464 5829 2596 5886 Cum
2626 5829 2852 5884 τοιαῦτα
2881 5834 3063 5884 careat
3105 5829 3346 5890 nomine,
3380 5837 3496 5877 tue-

241 5902 344 5965 lius
373 5902 430 5967 et
458 5902 678 5964 nomine
704 5902 907 5962 carebit
943 5906 1222 5967 τοιούτων.
1258 5905 1347 5964 Ai;
1378 5902 1483 5962 nun
1515 5907 1716 5963 habent
1748 5902 1989 5973 ἀγαθῶν.

568 6004 837 6065 Ρηιιοι.
872 6004 989 6066 Gn.
1031 6000 1251 6066 XCVI.

3112 5979 3197 6047 28
