4070 6454
608 467 714 527 8⁸75

2034 452 2375 513 ΑΒΒΕΝΒΑ
2387 503 2399 515 .

3697 462 3779 524 8'76

606 589 870 639 removes,
901 583 1060 645 atque
1102 570 1155 629 in
1205 575 1394 629 animae
1423 572 1716 643 periculum
1748 572 1990 640 conjicis.
2020 574 2169 639 Quo-

2284 570 2388 642 ιθ
2428 570 2818 640 προστάγμασι
2858 568 3065 638 ταύτης
3096 567 3198 638 ἤδη
3233 569 3571 641 ἀπέῤῥηξας”,
3597 574 3679 626 καὶ
3700 576 3783 645 de.

606 667 752 722 circa
781 666 941 722 velim
970 678 1160 720 noscas
1186 680 1269 719 mc
1314 666 1529 719 minime
1557 662 1963 718 commissurum
1994 672 2053 717 ut
2083 664 2176 718 tibi

608 772 865 829 paream,
914 756 967 810 in
1017 755 1306 823 eademque
1357 766 1525 807 tecum
1578 767 1702 821 erga
1748 752 1915 807 Deum
1955 752 2177 821 ingrati-

612 847 794 901 tudine
838 860 1051 910 verser,
1083 853 1245 914 atque
1291 859 1409 897 eum
1440 841 1529 911 qui
1558 842 1812 910 praeclare
1838 841 1907 897 de
1944 857 2030 895 me
2060 857 2176 896 me-

611 940 746 993 ritus
788 946 890 1000 est,
925 936 1157 1005 mihique
1185 937 1410 989 salutem
1453 932 1646 997 attulit,
1675 931 1937 1001 abjurem,
1967 930 2177 986 etiamsi

614 1030 744 1082 feris
782 1044 868 1082 me
911 1027 1247 1081 lacerandum
1279 1035 1331 1079 et
1359 1024 1744 1079 absumendum
1793 1020 2042 1093 objicias,
2090 1029 2181 1076 aut

611 1122 804 1191 gladio,
831 1126 924 1172 aut
961 1119 1067 1187 igni
1096 1132 1182 1172 me
1207 1116 1449 1174 addicas.
1478 1129 1597 1184 qua
1641 1111 1857 1183 quidem
1887 1112 1936 1164 in
1966 1119 2054 1164 tua
2086 1126 2181 1178 po-

617 1220 809 1266 testate
853 1210 953 1264 sita
983 1216 1127 1262 sunt.
1162 1208 1340 1276 Neque
1378 1207 1518 1260 enim
1550 1213 1770 1258 mortem
1821 1201 2182 1267 exstimesco,

615 1315 714 1355 nec
741 1299 1016 1367 praesentia
1039 1307 1251 1367 expeto,
1279 1296 1472 1365 quippe
1497 1310 1614 1363 qua:
1638 1303 1888 1359 perquam
1912 1288 2181 1343 imbecilla

612 1402 665 1443 et
694 1403 825 1443 vana
855 1403 976 1443 esse
998 1396 1327 1454 compertum
1360 1385 1600 1438 habeam.
1632 1378 1772 1447 Quid
1797 1378 1935 1432 enim
1966 1380 2019 1433 in
2050 1379 2181 1447 ipsis

612 1480 854 1533 utilitatis
900 1478 1013 1533 est?
1042 1477 1166 1547 quid
1208 1478 1345 1545 quod
1394 1475 1585 1529 stabile
1631 1477 1700 1526 sit
1726 1486 1791 1528 ac
1831 1470 2183 1526 diuturnum?

614 1572 793 1641 Neque
825 1571 875 1625 id
907 1571 1100 1633 solum,
1134 1584 1314 1623 verum
1350 1568 1532 1631 etiam,
1565 1577 1673 1619 tum
1704 1582 1914 1635 quoque
1941 1579 2059 1618 cum
2087 1563 2184 1616 ad-

610 1674 754 1729 sunt,
803 1664 986 1733 ingens
1009 1664 1135 1732 ipsis
1160 1675 1393 1715 mrumna
1415 1659 1697 1727 conjuncta
1718 1668 1818 1724 est,
1848 1659 2033 1728 ingens
2056 1670 2182 1710 ιιιω-

613 1772 723 1816 ror.
757 1756 940 1825 ingens
967 1762 1021 1808 et
1045 1762 1295 1823 perpetua
1342 1750 1665 1817 sollicitudo,
1695 1751 1955 1819 siquidem
1995 1763 2179 1803 eorum

616 1846 871 1914 voluptati
901 1859 963 1897 ac
992 1842 1313 1911 perceptioni
1347 1841 1476 1895 nihil
1509 1858 1614 1895 non
1645 1841 1912 1895 mmstitiae
1940 1854 2001 1892 ac
2028 1838 2185 1891 dolo-

2270 662 2412 733 χικῷ
2443 662 2672 734 κινδύνῳ
2702 662 3046 734 παρέδωκας.
3092 661 3227 715 Ἰσθι
3250 662 3429 715 τοίνυν
3462 663 3533 727 ὼς
3566 664 3713 734 έγωγε
3732 668 3783 721 ού

2274 752 2650 826 πεισθήσομαι
2681 771 2787 819 σοι,
2820 752 2947 808 οὕτε
2972 753 3080 824 μὴν
3108 755 3420 824 κοινωνήσω
3442 771 3518 808 σοι
3534 755 3622 826 τῆς
3644 761 3787 813 τοιού-

2269 861 2371 916 της
2396 847 2477 909 είς
2498 846 2591 900 τὸν
2616 846 2752 900 Θεὸν
2772 846 3118 917 ἀχαριστίας,
3136 845 3258 899 ούδὲ
3277 845 3369 899 τὸν
3396 846 3520 915 ἐμὸν
3541 848 3788 920 εὐεργέτην

2271 938 2368 991 καὶ
2390 938 2623 1009 Σωτῆρα
2650 937 2992 1010 ἀρνήσομαι,
3021 939 3070 990 εί
3094 938 3189 990 καὶ
3219 936 3427 1008 θηρίοις
3449 937 3727 1004 ἀναλώσεις,
3745 943 3787 997 εί

2272 1028 2419 1099 ξίφει
2449 1030 2545 1084 καὶ
2576 1030 2711 1098 πυρὶ
2755 1026 3103 1097 παραδώσεις
3139 1045 3238 1099 με,
3270 1026 3306 1081 ἀ
3337 1030 3435 1098 τῆς
3467 1029 3559 1097 σῆς
3584 1029 3788 1097 ἐξουσίας

2271 1122 2443 1177 ἐστίν.
2493 1120 2636 1176 Οὔτε
2684 1122 2798 1193 γὰρ
2843 1122 3078 1176 θάνατον
3124 1120 3337 1174 δέδοικα
3363 1160 3379 1184 ,
3411 1118 3529 1173 οὕτε
3569 1122 3697 1175 ποθῶ
3734 1128 3788 1181 τὰ

2270 1219 2518 1292 παρόντα
2544 1258 2559 1283 ,
2604 1217 2809 1287 πολλὴν
2857 1216 3037 1271 αὐτῶν
3080 1214 3387 1282 καταγνοὺς
3428 1213 3522 1284 τὴν
3553 1215 3787 1272 ἀσθένειαν

2271 1311 2367 1365 καὶ
2396 1309 2762 1382 ματαιότητα.
2792 1310 2859 1364 Τί
2882 1309 2992 1380 γάρ
3015 1308 3196 1362 αὐτῶν
3216 1308 3504 1379 χρήσιμον,
3530 1306 3561 1377 ἢ
3586 1306 3783 1377 μόνιμον,

2269 1402 2305 1475 ἢ
2352 1401 2614 1472 διαρκὲς;
2661 1402 2755 1455 καὶ
2788 1402 2850 1455 ού
2881 1400 3040 1454 τοῦτο
3075 1398 3259 1470 μόνον,
3295 1396 3431 1451 ἀλλά
3458 1396 3550 1451 καὶ⁸
3589 1399 3638 1450 ἐν
3672 1399 3788 1468 αύτῷ

2272 1493 2353 1565 τῷ
2392 1489 2533 1547 εἶναι
2576 1493 2749 1566 πολλὴ
2789 1492 3128 1563 συνυπάρχει
3172 1491 3359 1554 αὐτοῖς
3398 1488 3787 1561 ήταλαιπωρία,

2271 1585 2443 1655 πολλὴ
2490 1585 2525 1655 ή
2562 1583 2706 1655 λύπη
2734 1623 2749 1647 ,
2779 1582 2952 1653 πολλὴ
2987 1583 3083 1637 καὶ
3121 1580 3487 1643 ἀδιάσπαστος
3514 1579 3546 1648 ή
3574 1579 3785 1649 μέριμνα.

2271 1677 2351 1748 Τῇ
2379 1676 2488 1747 γὰρ
2516 1675 2826 1747 εὐφροσύνῃ
2859 1674 3040 1728 αὐτῶν
3067 1673 3163 1727 καὶ
3211 1670 3507 1728 ἀπολαύσει
3534 1673 3664 1725 πᾶσα
3695 1687 3791 1724 σνν-

2272 1767 2523 1831 έζευκται
2579 1768 2857 1839 κατήφεια
2902 1765 2998 1820 καὶ
3052 1764 3249 1836 ὀδύνη·
3300 1765 3331 1818 6
3396 1763 3610 1826 πλοῦτος
3652 1763 3791 1817 αὐτῶν

2274 1859 2521 1932 πτωχεία
2576 1861 2724 1928 ἐστὶ,
2774 1859 2871 1914 καὶ
2908 1859 2968 1913 τὸ
3005 1858 3140 1929 ’ύψος
3175 1857 3360 1913 αὐτῶν
3392 1857 3689 1919 ταπείνωσις
3720 1858 3792 1913 ἐσ-

617 1938 692 1992 ris
717 1938 979 1991 adnexum
1008 1946 1090 1990 est
1116 1952 1127 1987 :
1155 1934 1389 2002 ipsorum
1420 1932 1640 1995 divitim,
1692 1939 1967 2002 paupertas
2018 1938 2143 1983 sunt
2168 1944 2183 1993 ;

2276 1919 2435 2027 161:1;
2473 1954 2584 2008 Καὶ
2610 1919 3206 2024 τίςίἐξαριθμήσειντά
3237 1950 3447 2005 τούτων
3491 1949 3652 2012 κακά;
3679 1947 3793 2017 ἀπερ

615 2029 849 2097 ipsorqu
877 2027 1195 2089 sublimitas,
1241 2035 1484 2080 extrema
1528 2024 1774 2095 dejectio.
1807 2022 2059 2088 Quisnam
2091 2034 2187 2072 au-

2271 2046 2339 2099 δι’
2356 2045 2553 2114 ὀλίγων
2570 2044 2833 2116 ῥημάτων
2855 2041 3105 2107 ὑπέδειξέ
3134 2058 3225 2114 μοι
3244 2042 3274 2095 6
3300 2039 3432 2110 ἐμὸς
3448 2038 3672 2105 θεολόγος
3686 2037 3792 2107 (52).

613 2130 719 2176 tem
749 2134 932 2174 eorum
966 2119 1099 2172 mala
1130 2118 1492 2173 enumerando
1530 2115 1783 2184 consequi
1820 2112 2025 2182 possit?
2054 2111 2187 2180 Qua

2276 2136 2409 2206 Φησὶ
2432 2111 2659 2207 γάρ’-’ό
2678 2135 2882 2205 κόσμος
2901 2133 3023 2197 ὅλος
3055 2134 3115 2185 ἐν
3136 2111 3218 2203 τῷ
3244 2128 3468 2200 πονηρῷ
3491 2130 3675 2181 κεῖταιο
3702 2129 3795 2187 καὶ,

616 2218 830 2288 quidem
886 2216 1067 2284 paucis
1111 2214 1285 2269 verbis
1328 2212 1603 2280 theologus
1692 2224 1849 2264 meus
1916 2211 2049 2267 mihi
2091 2210 2185 2264 de-

616 2309 951 2375 monstravit,
983 2305 1068 2363 his
1089 2307 1264 2362 verbis
1289 2315 1483 2360 utens:
1514 2304 1681 2357 Totus
1722 2306 1948 2358 mundus
1990 2303 2043 2358 in
2071 2317 2184 2356 ma-

618 2405 763 2475 ligno
807 2400 1009 2470 positus
1036 2408 1117 2455 est
1146 2399 1196 2463 (l
1227 2397 1380 2451 Joau.
1414 2414 1445 2450 v
1475 2405 1521 2449 et
1551 2397 1636 2465 ιι).
1679 2398 1754 2448 Ac
1801 2411 2008 2449 rursum
2039 2412 2052 2448 :
2084 2394 2187 2448 No-

618 2490 713 2548 lite
737 2492 955 2561 diligere
981 2489 1259 2551 muu'dum,
1291 2502 1460 2556 neque
1495 2501 1558 2541 ea
1588 2500 1704 2555 qua
1732 2485 1787 2539 in
1817 2486 2014 2539 mundo
2042 2492 2185 2539 sunt.

621 2583 880 2652 Quoniam
919 2596 1077 2637 omne
1104 2579 1244 2650 quod
1270 2579 1323 2633 iu
1350 2576 1547 2633 mundo
1570 2585 1675 2644 est,
1702 2586 1792 2631 aut
1817 2586 1899 2633 est
1938 2576 2189 2644 concupi—

622 2672 821 2728 scentia
850 2672 1048 2735 carnis,
1079 2681 1168 2723 aut
1186 2667 1609 2737 concupiscentia
1637 2667 1932 2732 oculorum,
1981 2674 2071 2719 aut
2096 2680 2190 2719 su-

623 2764 803 2833 perbia
854 2762 997 2816 vitae.
1052 2761 1113 2814 Et
1140 2759 1367 2813 mundus
1412 2758 1620 2822 transit,
1663 2764 1719 2810 et
1762 2754 2188 2825 concupiscentia

624 2853 760 2922 ejus.
790 2852 888 2918 Qui
919 2860 1093 2904 autem
1117 2848 1242 2903 facit
1269 2847 1589 2902 voluntatem
1614 2846 1729 2909 Dei,
1760 2854 1938 2900 manet
1960 2846 2010 2899 in
2036 2854 2192 2899 aeter-

626 2958 773 2996 num.
826 2941 970 2994 lianc
1016 2939 1173 3008 igitur
1201 2952 1301 3006 ego
1330 2938 1521 2991 bonam
1555 2936 1646 2991 Dei
1688 2937 2008 2990 voluntatem
2049 2952 2193 3006 (μιαι-

624 3044 774 3094 rens,
803 3029 980 3084 omnia
1010 3042 1107 3097 pro
1131 3026 1384 3081 derelicto
1407 3025 1583 3089 habui,
1615 3039 1736 3078 cum
1767 3025 1935 3093 iisque
1960 3039 2046 3081 me
2066 3041 2195 3080 cnn-

622 3123 775 3196 junxi
804 3123 895 3194 qui
926 3122 1109 3177 eadem
1134 3120 1420 3190 cupiditate
1451 3126 1726 3183 tenentur,
1756 3127 1917 3187 atque
1945 3120 2190 3173 eumdem

625 3216 791 3270 Deum
818 3222 1089 3282 expetunt.
1121 3212 1265 3267 lnter
1286 3225 1418 3281 quos
1441 3225 1544 3265 non
1587 3208 1827 3264 simultas
1861 3217 1964 3275 est,
1992 3224 2094 3263 non
2124 3208 2193 3262 li-

623 3324 740 3373 vor,
769 3323 872 3361 non
906 3319 1163 3361 maerores
1190 3314 1245 3359 et
1268 3319 1445 3370 curae;
1472 3304 1565 3359 sed
1590 3319 1777 3359 omnes
1800 3303 1936 3360 idem
1957 3307 2195 3358 curricu-

625 3401 733 3454 lum
762 3401 978 3461 obeuut,
1012 3407 1069 3452 ut
1113 3396 1179 3452 ad
1208 3397 1559 3465 sempiternas
1602 3408 1693 3450 eas
1722 3395 2024 3450 mansiones
2069 3410 2192 3463 per-

621 3490 874 3552 veniant,
917 3502 1048 3557 quas
1098 3486 1353 3540 luminum
1388 3487 1542 3541 Pater
1576 3486 1640 3541 iis
1682 3500 1711 3538 a
1740 3485 1931 3554 quibus
1984 3495 2194 3539 amatur

624 3582 936 3652 praeparavit
962 3579 1103 3650 (Jac.
1136 3596 1191 3643 ι;
1226 3577 1255 3633 1
1281 3578 1398 3634 Cor.
1431 3579 1517 3649 ιι).
1548 3579 1655 3632 Hos
1685 3594 1779 3648 ego
1834 3594 1928 3647 pro
1967 3579 2200 3647 parenti-

622 3675 743 3738 bus,
776 3674 870 3727 hos
898 3688 992 3742 pro
1015 3672 1283 3738 fratribus,
1309 3672 1405 3725 hos
1435 3687 1530 3739 pro
1556 3672 1741 3725 amicis
1764 3681 1817 3726 et
1844 3671 2193 3726 familiaribus

625 3764 813 3819 habeo.
840 3763 921 3817 Ab
951 3764 1014 3817 iis
1041 3772 1216 3817 autem
1243 3761 1331 3830 qui
1357 3763 1620 3829 quondam
1669 3762 1824 3815 amici
1870 3762 1973 3816 mei
2004 3776 2065 3817 ac
2094 3762 2196 3816 fra-

622 3864 732 3911 tres
758 3864 909 3910 erant
957 3853 1197 3923 elongavi
1244 3852 1470 3921 fugiens,
1518 3861 1574 3906 et
1602 3852 1772 3906 mansi
1818 3853 1869 3907 in
1908 3852 2193 3907 solitudine

620 3947 791 4021 (Prol.
826 3945 980 4015 uti),
1012 3945 1175 4000 Deum
1206 3956 1546 4013 exspectans,
1604 3946 1693 4015 qui
1722 3946 1925 4002 salvum
1956 3961 2042 4001 me
2068 3943 2193 4003 fecit

619 4054 649 4096 tt
679 4038 1106 4110 pusillanimitate
1132 4036 1369 4106 spiritus,
1396 4046 1450 4091 et
1488 4045 1819 4105 tempestate.

691 4132 815 4186 Haec
840 4145 961 4185 cum
1012 4130 1081 4184 ita
1110 4129 1387 4184 commode
1428 4144 1489 4184 ac
1511 4129 1746 4198 jucunde
1771 4145 1801 4186 a
1850 4129 1943 4185 Dei
1978 4129 2192 4186 homine

621 4221 758 4275 dicta
790 4227 988 4285 essent,
1022 4233 1116 4274 rex
1158 4219 1431 4273 iracundia
1459 4222 1672 4288 quidem
1702 4220 2099 4289 impellebatur,
2128 4236 2191 4278 ac

620 4322 863 4365 sanctum
886 4311 1053 4364 virum
1073 4309 1281 4364 acerbis
1295 4312 1567 4377 suppliciis
1589 4312 1895 4367 excruciare
1910 4313 2189 4381 cupiebat;

620 4419 832 4458 rursum
858 4412 1035 4458 autem
1061 4416 1121 4457 se
1146 4402 1486 4471 reprimebat,
1528 4416 1685 4474 atque
1722 4405 1774 4459 id
1806 4406 2021 4475 aggredi
2053 4421 2189 4460 cun-

619 4494 882 4553 ctabatur.
913 4494 1269 4550 venerandam
1301 4494 1468 4564 ipsius
1497 4497 1801 4566 dignitatem
1833 4512 1895 4551 ac
1940 4498 2192 4565 splendo-

2274 2230 2363 2303 Μὴ
2413 2231 2666 2300 ἀγαπᾶτε
2714 2228 2807 2282 τὸν
2840 2227 3048 2299 κόσμον
3070 2266 3086 2293 ,
3126 2223 3264 2297 μηδὶ
3310 2223 3380 2278 τά
3427 2225 3485 2277 ἐν
3512 2219 3585 2292 τῷ
3625 2219 3796 2289 κόσμῳ,

2274 2327 2355 2380 ὅτι
2390 2326 2499 2378 πᾶν
2531 2324 2593 2376 τὸ
2620 2325 2679 2377 ἐν
2707 2320 2786 2393 τῷ
2814 2320 3005 2391 κόσμῳ
3034 2321 3068 2390 ή
3100 2316 3374 2388 ἐπιθυμία
3404 2315 3501 2387 τῆς
3527 2312 3706 2386 σαρκὸς
3725 2312 3798 2365 καὶ

2275 2419 2310 2487 ἡ
2364 2415 2633 2486 ἐπιθυμία
2687 2415 2797 2468 τῶν
2845 2412 3168 2482 ὀφθαλμῶν,
3215 2409 3316 2464 καί⁵
3349 2410 3384 2481 ή
3432 2405 3695 2470 ἀλαζονεία
3724 2402 3796 2455 τοῦ

2278 2510 2415 2582 βίου’
2436 2511 2553 2576 καὶ,
2570 2511 2628 2564 '0
2646 2508 2851 2580 κόσμος
2873 2506 3181 2577 παράγεται
3203 2505 3299 2559 καὶ⁵
3319 2506 3354 2576 ἠ
3374 2500 3625 2573 ἐπιθυμία
3646 2498 3794 2552 αὐτοῦ·

2276 2604 2306 2655 6
2343 2602 2399 2655 δὲ
2430 2601 2609 2656 ποιῶν
2643 2600 2705 2654 τὸ
2733 2600 2948 2671 θέλημα
2969 2596 3063 2651 τοῦ
3093 2595 3231 2650 Θεοῦ
3261 2595 3415 2668 μένει
3438 2596 3514 2657 είς
3540 2592 3624 2645 τὸν
3645 2589 3796 2644 αἰῶνα.

2278 2695 2456 2749 Τοῦτο
2503 2692 2615 2763 ἐγὼ
2649 2692 2830 2762 ζητῶν
2864 2690 2925 2744 τὸ
2973 2690 3187 2760 θέλημα
3235 2687 3337 2742 τοῦ
3372 2684 3506 2741 Θεοῦ
3532 2685 3589 2738 τὸ
3617 2679 3796 2750 ἀγαθὸν,

2278 2788 2471 2858 ἀφῆκα
2518 2786 2733 2852 πάντα,
2776 2784 2875 2839 καὶ
2915 2782 3215 2855 ἐκολλήθην
3252 2782 3368 2844 τοῖς
3412 2778 3505 2832 τὸν
3548 2774 3690 2831 αὐτὸν
3728 2790 3800 2826 κε-

2278 2879 2576 2951 κτημένοις
2603 2877 2768 2932 πόθον
2794 2876 2891 2930 καὶ
2919 2875 3010 2931 τὸν
3043 2875 3203 2929 αὑτὸν
3224 2869 3515 2944 ἐκζητοῦσι
3540 2869 3660 2923 Θεόν
3679 2864 3766 2938 (53)
3785 2881 3798 2896 '

2280 2973 2339 3026 ἐν
2371 2966 2453 3035 οἷς
2479 2970 2581 3023 ούκ
2601 2970 2749 3023 ἔστιν
2772 2969 2887 3040 ἐρις
2912 2969 2945 3039 ἢ
2970 2967 3161 3037 φθόνος
3187 2966 3325 3037 (54),
3354 2965 3518 3018 λύπαι
3541 2962 3633 3033 1⁵1
3662 2976 3713 3013 τε
3730 2957 3802 3011 καὶ

2285 3064 2570 3136 μέριμναι,
2600 3061 2739 3116 ἀλλά
2761 3062 2964 3124 πάντες
2985 3060 3078 3115 τὸν
3106 3060 3219 3113 ῐσον
3239 3059 3495 3130 τρέχουσι
3520 3054 3716 3128 δρόμον,
3737 3051 3805 3103 ἵνα

2283 3156 2639 3212 καταλάϐωσι
2677 3156 2775 3220 τάς
2832 3154 3058 3219 αίωνίας
3116 3153 3321 3225 μονὰς,
3374 3151 3445 3215 ἀς
3482 3148 3745 3221 ἡτοίμασεν
3782 3144 3805 3196 6

2207 3259 2251 3318 C
2284 3250 2476 3322 Πατὴρ
2506 3248 2614 3302 τῶν
2648 3247 2842 3317 φώτων
2880 3249 2993 3311 τοῖς
3017 3245 3307 3315 ἀγαπῶσιν
3336 3243 3497 3297 αὐτόν
3524 3239 3670 3311 (54').
3698 3233 3808 3289 Τούο

2286 3359 2415 3405 τους
2449 3340 2561 3410 ἐγὼ
2607 3341 2964 3411 γεννήτορας,
3019 3339 3244 3402 τούτους
3289 3336 3582 3405 ἀδελφοὺς,
3628 3328 3809 3388 τούτους

2287 3433 2477 3506 φίλους
2524 3434 2621 3487 καὶ
2668 3433 2944 3502 γνωστοὺς
2979 3432 3303 3502 ἐκτησάμην
3324 3446 3339 3459 ο
3369 3427 3477 3482 τῶν
3505 3426 3559 3480 δέ
3587 3422 3700 3477 ποτέ
3730 3434 3809 3490 μου

2286 3529 2458 3600 φίλων
2488 3529 2586 3582 καὶ
2620 3525 2869 3596 ἀδελφῶν
2916 3525 3209 3596 ἐμάκρυνα
3235 3521 3559 3592 φυγαδεύων
3581 3556 3595 3582 ,
3623 3516 3706 3571 καὶ
3735 3512 3810 3582 ηὕ-

2285 3620 2479 3690 λίσθην
2525 3619 2583 3672 ἐν
2617 3619 2685 3689 τῇ
2730 3618 2925 3689 ἐρήμῳ
2976 3615 3417 3688 προσδεχόμενος
3460 3612 3546 3665 τὸν
3572 3607 3707 3669 Θεὸν,
3740 3602 3810 3656 τὸν

2289 3711 2537 3781 σώζοντά
2597 3728 2665 3784 με
2729 3710 2838 3765 ἀπὸ
2886 3709 3241 3781 δλιγοψυχίας
3300 3708 3401 3763 καὶ
3456 3704 3561 3762 ἀπὸ
3607 3693 3811 3765 καταιγί-

2287 3810 2375 3873 δος
2406 3808 2541 3880 (55).

2361 4114 2580 4169 Τούτων
2609 4110 2877 4181 εὐκαίρως
2907 4106 3050 4161 οὕτω
3075 4107 3169 4160 καὶ
3195 4105 3368 4177 ἡδέως
3397 4101 3473 4174 τῷ
3501 4100 3588 4156 τοῦ
3609 4097 3723 4153 Θεοῦ
3742 4094 3816 4151 ἀν·

2291 4206 2496 4281 θρώπῳ
2546 4200 3054 4273 ύπαγορευθέντων,
3107 4199 3136 4252 6
3188 4196 3443 4269 βασιλεὺς
3488 4196 3699 4249 ἐκινεῖτο
3738 4188 3816 4281 μέν

2289 4279 2397 4354 ὑπὸ
2428 4298 2523 4353 τοῦ
2557 4297 2754 4368 θυμοῦ,
2784 4293 2878 4349 καί⁸
2903 4292 3117 4363 πικρῶς
3143 4290 3379 4354 αίκίζειν
3401 4288 3493 4341 τὸν
3521 4287 3661 4355 ἅγιον
3686 4279 3817 4352 ἐβού-

2290 4393 2434 4455 λετο,
2481 4389 2646 4444 ῶκνει
2676 4390 2733 4443 δέ
2769 4389 2932 4445 πάλιν
2972 4388 3067 4443 καὶ
3098 4382 3449 4445 ἀνεϐάλλετο,
3495 4379 3553 4433 τὸ
3585 4374 3818 4444 αἰδέσιμον

2291 4481 2458 4538 αὐτοῦ
2494 4482 2588 4536 καὶ
2622 4483 2921 4555 περιφανὲς
2967 4478 3391 4551 εὐλαϐούμενος.
3450 4468 3737 4530 Ὑπολαδὼν
3772 4462 3817 4515 δὲ

621 4601 733 4639 rem
779 4586 996 4640 veritus.
1048 4585 1358 4641 Sermonem
1408 4602 1534 4642 vero
1584 4587 1893 4657 excipiens,
1940 4587 2023 4643 his
2066 4603 2187 4645 eum

2291 4576 2397 4646 ἔφη
2433 4574 2568 4647 πρὸς
2596 4575 2777 4628 αὐτόν’

619 4678 794 4732 verbis
823 4687 906 4732 est
932 4679 1193 4732 allocutus
1220 4696 1233 4731 :

691 4764 950 4838 Undique.
996 4785 1029 4822 ο
1057 4770 1239 4837 miser,
1270 4772 1433 4825 exitio
1463 4780 1552 4825 tuo
1599 4772 1869 4839 studuisti,
1899 4780 1957 4827 ut
1983 4773 2072 4843 qui
2121 4774 2189 4829 ad

619 4858 819 4927 ipsum,
850 4860 1082 4924 fortuna.
1114 4871 1170 4915 ut
1197 4861 1425 4927 videtur,
1458 4873 1507 4918 te
1534 4844 1856 4933 impellente,
1889 4874 1999 4920 tum
2039 4882 2189 4923 men-

620 4960 728 5006 tem
755 4961 860 5004 tum
886 4952 1114 5019 linguam
1135 4956 1364 5015 acueris,
1385 4969 1447 5009 ac
1468 4956 1686 5025 proinde
1701 4956 1977 5010 obscuram
2000 4974 2184 5028 quam-

2370 4722 2737 4841 Havta;6esv,
2772 4770 2946 4835 ἄθλιε,
2990 4767 3089 4839 τὴν
3116 4765 3346 4821 σεαυτοῦ
3366 4760 3714 4834 ἐκμελετήσας
3730 4753 3818 4808 ἀπ·

2291 4863 2509 4927 ὡλειαν,
2540 4861 2679 4933 πρὸς
2705 4860 2933 4930 ταύτην,
2964 4860 3039 4923 ὡς
3065 4858 3263 4922 ἔοικεν,
3301 4856 3407 4910 ὑπὸ
3431 4855 3530 4925 τῆς
3559 4851 3708 4920 τύχης
3724 4860 3821 4898 συν-

2292 4954 2686 5022 ελαυνόμενος,
2720 4953 2995 5022 ήκόνησας
3026 4950 3119 5004 τὸν
3156 4948 3280 5004 νοῦν
3309 4948 3425 5019 ἃμα
3456 4944 3548 5000 καὶ
3570 4941 3659 5013 τήν
3680 4934 3821 5008 γλῶτ-

616 5040 738 5093 dam
762 5048 920 5105 atquc
947 5040 1156 5095 inanem
1200 5024 1481 5097 verborum
1514 5044 1742 5098 naniam
1788 5024 2063 5102 cﬂuderis.
2106 5048 2185 5105 Ac

2293 5064 2411 5101 ταν·
2473 5046 2597 5100 ὅθεν
2629 5047 2815 5116 ἀσαφῆ
2855 5060 2980 5098 τινα
3012 5043 3106 5095 καὶ
3140 5040 3373 5113 ματαίαν
3412 5031 3736 5110 βαττολογίαν
3756 5024 3820 5080 δι-

615 5129 716 5186 nisi
744 5135 1004 5186 sermonis
1034 5134 1290 5200 principio
1318 5149 1403 5189 me
1427 5134 1519 5189 tibi
1554 5136 1809 5189 facturum
1838 5138 2180 5206 recepissem,

2294 5139 2535 5211 εξῆλθες.
2574 5139 2684 5191 Καὶ
2719 5139 2767 5190 εἰ
2802 5136 2899 5207 μὴ,
2918 5134 3040 5190 κατ’
3069 5134 3244 5205 ἀρχὰς
3269 5131 3367 5186 τοῦ
3396 5131 3573 5199 λόγου,
3602 5126 3822 5211 ἐπηγγει-

614 5228 731 5276 ute
759 5221 936 5276 medio
982 5222 1209 5279 concilio
1257 5223 1585 5279 iracundiam
1631 5223 1991 5293 depellerem,
2045 5241 2186 5283 nunc

2298 5209 2480 5304 λάμην
2517 5248 2599 5284 σοι
2629 5231 2694 5284 ἐκ
2724 5229 2895 5300 μέσου
2931 5226 3027 5282 τοῦ
3069 5224 3346 5297 συνεδρίου
3375 5225 3466 5278 τὸν
3496 5218 3656 5291 θυμὸν
3691 5209 3821 5281 ποιή-

831 5461 991 5534 Joan.
1025 5462 1045 5516 ῐ
1077 5462 1247 5531 Epist.
1280 5480 1333 5518 v.
1372 5465 1477 5529 l9;
1518 5480 1578 5527 ιι,
1604 5465 1691 5529 15,
1728 5466 1817 5532 16,
1849 5467 1934 5521 17.

643 5519 975 5655 δέδὲῖόρεαι.
1008 5519 1205 5595 1.11.3:
1241 5519 1489 5606 ἐκζητῶν
1529 5519 1621 5588 τόν
1646 5519 1816 5591 ἐξεόν]
1852 5519 2022 5607 Epist.
2059 5539 2124 5592 ad
2154 5537 2187 5591 Η

786 5621 806 5654 ε
844 5622 891 5655 ν.

2276 5554 2309 5591 ι.
2342 5554 2423 5597 ιιι,
2480 5538 2539 5593 ll
2585 5555 2599 5591 ι
2627 5537 2743 5590 Οὐκ
2774 5534 2923 5589 ἐστιν
2950 5537 2979 5589 ὁ
3004 5531 3222 5598 συνιὼν,
3267 5528 3368 5581 οὐκ
3402 5525 3545 5580 ἐστιν
3570 5525 3596 5578 ό
3616 5519 3821 5588 ἐκζητῶν

610 5618 703 5653 τον
739 5618 891 5657 υεον.

686 5672 962 5748 Qum
994 5675 1209 5748 ttotninn
1233 5676 1411 5739 iunxit
1440 5678 1737 5748 Apostolus
1770 5676 1834 5729 ad
1871 5676 2101 5748 Philipp.
2149 5697 2186 5742 I,
2219 5680 2305 5735 i5.
2824 5746 2830 5748 Α
2989 5747 2992 5748 ν
3357 5747 3362 5748 γ
3498 5746 3515 5748 _
3588 5741 3599 5748 _
3718 5729 3739 5741 .

686 5737 975 5827 (ξυλῖῖάς
1003 5737 1256 5811 αίωνίους
1289 5737 1517 5827 σκηνὰς,
1547 5746 1705 5827 Luca:
1745 5763 1855 5827 χχι,
1890 5749 1942 5827 9,.
1970 5737 2089 5802 —”l
2117 5737 2187 5817 Ep

2276 5791 2287 5803 .
2320 5750 2384 5827 ad
2425 5749 2549 5804 Cor.
2586 5766 2661 5827 t_t,_
2684 5749 2717 5803 9
2751 5764 2764 5802 :
2810 5746 2846 5801 ἀ
2877 5747 3173 5818 ἡτοίμασεν
3218 5750 3248 5801 6
3280 5747 3410 5811 Θεὸς
3434 5746 3544 5809 τοῖς
3578 5737 3818 5809 ἀγαπῶσιν

614 5810 811 5897 αὐτόν,
837 5814 898 5897 [Et
932 5816 1097 5897 lieum
1128 5817 1342 5897 vocavit
1364 5810 1457 5897 τρν
1480 5810 1703 5886 πατέρα
1730 5810 2058 5887 τῶνφὼτων
2084 5810 2187 5887 pos1

2276 5820 2493 5897 acnltum
2526 5824 2617 5897 ιι]
2632 5822 2682 5874 7.

689 5883 802 5949 (55)
846 5882 989 5942 Psal.
1024 5900 1135 5951 ων,
1168 5889 1237 5941 7:
1280 5887 1597 5957 Ἐμάκρυνα
1633 5882 1818 5957 ὶρυγ...
1870 5882 2299 5959 προσδεγόμενος
2351 5889 2443 5945 τόν
2488 5891 2796 5954 σώζοντα...
2829 5917 2898 5929 --
2927 5886 2969 5943 C
3013 5889 3129 5947 sine
3166 5889 3257 5943 τὸν
3299 5888 3446 5942 Θεόν.
