4070 6432
264 450 378 511 877
1362 450 1535 511 VITA
1574 449 1929 515 BARLAAM
1968 453 2063 517 ET
2099 453 2449 519 JOASAPH.
3420 463 3524 527 878

264 557 506 618 σασθαι.
547 555 644 610 νῦν
687 556 753 610 ἂν
802 557 935 629 πυρί
989 575 1082 612 σου
1125 559 1225 623 τὰς
1275 559 1487 632 σάρκας
1534 564 1827 634 παρέδωκα

1954 582 2142 623 carnes
2194 579 2310 625 tuas
2339 572 2392 624 in
2421 570 2595 639 ignem
2642 568 3008 639 conjetissem.
3038 568 3293 638 Quoniam
3342 583 3520 627 autem

273 649 433 703 Ἐπεὶ
463 649 520 701 δὲ
564 648 854 718 προλαϐὼν
882 651 1149 715 τοιούτοις
1196 669 1263 722 με
1286 654 1681 723 κατησφαλίσω
1728 658 1834 720 τοῖς

1955 658 2069 726 ipse
2109 672 2450 725 antevertns,
2501 661 2698 730 tibique
2746 675 2967 725 cavens,
3015 662 3309 727 liujusmodi
3341 662 3521 718 verbis

259 742 529 814 ῥήμασιν,
563 741 831 812 ἀνέχομαί
869 760 963 795 σου
992 741 1085 795 τοῦ
1125 743 1394 815 θράσους,
1430 744 1530 814 τῆς
1567 747 1842 817 προτέρας

259 848 370 902 μου
423 832 611 886 ἕνεκεν
658 832 795 903 πρὸς
831 834 889 886 σὲ
921 834 1124 903 φιλίας.
1191 835 1455 899 Ἀναστὰς
1492 831 1607 902 οὖν,
1654 838 1840 892 λοιπὸν

257 923 434 993 φεῦγε
468 924 529 989 ἐξ
568 925 861 997 ὀφθαλμῶν
891 943 991 996 μου
1012 967 1027 991 ,
1060 927 1257 1000 μηκέτι
1286 944 1347 980 σε
1376 928 1581 1000 ὄψομαι
1613 930 1709 984 καὶ
1738 948 1839 985 κα-

255 1017 375 1080 κῶς
400 1016 674 1072 ἀπολέσω.

326 1109 440 1160 Καὶ
460 1107 695 1172 ἐξελθὼν
719 1109 749 1161 6
777 1109 872 1163 τοῦ
895 1109 1033 1163 Θεοῦ
1064 1111 1353 1183 ἄνθρωπος
1380 1112 1731 1184 ἀνεχώρησεν
1759 1117 1839 1179 είς

250 1197 356 1267 τὴν
380 1198 626 1269 ἔρημον,
652 1198 989 1267 λυπούμενος
1021 1200 1121 1270 μὲν
1167 1200 1250 1254 ὃτι
1296 1201 1356 1253 οὐ
1396 1200 1798 1273 μεμαρτύρηκε
1819 1241 1836 1265 ,

253 1288 369 1359 18
403 1288 700 1362 μαρτυρῶν
734 1290 789 1343 δὲ
833 1291 957 1345 καθ’
990 1292 1204 1362 ἡμέραν
1230 1295 1295 1364 τῇ
1341 1293 1645 1363 συνειδήσει
1678 1295 1836 1364 (55⁸),

247 1384 349 1435 καὶ
382 1383 756 1437 ἁντιπαλαίων
780 1383 918 1454 πρὸς
951 1382 1051 1445 τάς
1068 1384 1242 1455 ἀρχάς
1267 1385 1361 1438 καὶ
1390 1384 1637 1450 ἐξουσίας
1656 1427 1671 1451 ,
1701 1386 1837 1455 πρὸς

246 1476 383 1539 τοὺς
416 1476 865 1547 κοσμοκράτορας
894 1476 986 1530 τοῦ
1019 1477 1245 1540 σκότους
1268 1476 1363 1530 τοῦ
1396 1477 1592 1541 αἰῶνος
1620 1478 1834 1541 τούτου,

247 1571 397 1638 1:96;
435 1568 499 1622 τὰ
530 1568 878 1637 πνευματικά
910 1569 1008 1638 τῆς
1038 1568 1321 1639 πονηρίας,
1360 1569 1434 1634 ὥς
1478 1588 1641 1639 φησιν
1669 1572 1697 1625 6
1730 1589 1836 1641 μα-

249 1660 454 1729 κάριος
482 1660 690 1723 Παῦλος
722 1660 855 1729 (56).
885 1659 1132 1713 Ἐκείνου
1171 1661 1271 1731 μὲν
1304 1656 1397 1715 οὖν
1441 1662 1830 1734 ἀποδημήσαν-

247 1768 365 1815 τος,
407 1751 565 1805 πλέον
588 1754 616 1804 ὁ
638 1750 889 1821 βασιλεὺς
914 1749 1192 1823 ὀργισθεὶς
1213 1750 1454 1822 διωγμὸν
1478 1752 1835 1824 σφοδρότερον

247 1843 405 1897 κατὰ
445 1842 539 1896 τοῦ
574 1841 870 1913 μοναχικοῦ
910 1841 1189 1913 ὲκμελετᾷ
1235 1843 1555 1911 τάγματος,
1590 1842 1834 1905 πλείονος

244 1937 300 1989 δὲ
336 1937 515 2007 τιμῆς
546 1938 669 2001 τοὺς
700 1935 810 1990 τῶν
842 1935 1077 1989 είδὼλων
1106 1935 1249 2002 ἀξιοί
1276 1936 1620 2008 θεραπευτάς
1652 1953 1712 1989 τε
1740 1935 1833 1990 καὶ
1867 1920 1906 1975 Β

244 2028 580 2099 νεωκόρους.

325 2120 429 2172 Ἑν
458 2117 682 2192 τοιαύτῃ
727 2117 784 2171 δὲ
827 2118 981 2182 ὄντος
1025 2117 1120 2172 τοῦ
1155 2117 1423 2189 βασιλέως
1467 2118 1645 2189 πλάνῃ
1684 2118 1832 2188 δεινῇ

244 2210 341 2264 καὶ
388 2211 600 2282 ἀπάτῃ,
646 2212 905 2279 γεννᾶται
944 2209 1095 2280 αὐτῷ
1124 2212 1337 2265 παιδίον
1369 2210 1529 2283 (56'),
1567 2212 1711 2265 πάνυ
1743 2210 1835 2263 εὐ-

249 2302 619 2375 μορφότατον,
682 2304 779 2357 καὶ
825 2302 884 2367 ἐξ
932 2303 1105 2375 αὐτῆς
1151 2304 1251 2374 τῆς
1298 2302 1641 2374 ἐπανθούσης
1684 2302 1833 2373 αὐτῷ

245 2395 591 2467 ὼραιότητος
626 2395 689 2450 τὸ
729 2395 923 2467 μέλλον
977 2399 1374 2469 προσημαῖνον.
1442 2396 1691 2466 Ἐλέγετο
1723 2395 1832 2467 γάρ

249 2485 509 2555 μηδαμοῦ
543 2486 600 2540 ὲν
622 2488 686 2556 τῇ
720 2488 789 2557 γῇ
822 2486 1006 2558 ἐκείνῃ
1031 2487 1275 2541 τοιοῦτόν
1309 2504 1440 2541 ποτε
1470 2487 1703 2557 φανῆναι
1734 2504 1833 2557 χα-

250 2576 541 2646 ριέστατον
570 2578 668 2630 καὶ
700 2578 1027 2649 περικαλλὲς
1066 2578 1301 2631 παιδίον.
1336 2580 1525 2650 Χαρᾶς
1574 2578 1630 2631 δὲ
1672 2576 1831 2647 μεγί-

248 2685 386 2739 στης
435 2669 527 2721 ἐπὶ
565 2671 629 2741 τῇ
667 2671 916 2742 γεννήσει
953 2670 1047 2725 τοῦ
1091 2671 1278 2735 παιδὸς
1324 2673 1353 2725 6
1402 2670 1656 2741 βασιλεὺς
1689 2670 1830 2742 πλη-

248 2759 439 2824 σθεὶς,
473 2759 664 2813 τοῦτον
702 2761 800 2830 μὲν
837 2761 1074 2830 Ἰωάσαφ
1102 2762 1384 2828 ἐκάλεσεν,
1414 2762 1580 2825 αὐτὸς
1607 2762 1665 2815 δὲ
1694 2761 1831 2832 πρὸς

243 2854 379 2917 τοὺς
407 2853 719 2918 είδωλικοὺς
747 2855 907 2917 ναοὺς
937 2855 1185 2925 ἀνοήτως
1216 2855 1385 2927 ἀπῄει
1438 2856 1550 2918 τοῖς
1601 2855 1829 2925 ἀνοητο-

244 2945 433 3016 τέροις
454 2945 636 2999 αὐτῶν
659 2945 800 3009 Θεοῖς
820 2944 999 3000 θύσων
1019 2947 1115 3001 καὶ
1139 2948 1597 3019 εὐχαριστηρίους
1625 2944 1831 3017 ὕμνους

245 3037 574 3103 ἀποδώσων,
617 3037 829 3105 ἀγνοῶν
857 3039 941 3102 τίς
966 3038 997 3092 6
1038 3039 1149 3093 τῶν
1192 3040 1377 3107 καλῶν
1413 3040 1670 3095 ἁπάντων
1700 3039 1832 3109 ἀλη-

249 3129 358 3192 θῶς
390 3130 581 3191 αἴτιος,
617 3130 752 3199 πρὸς
784 3129 842 3183 ὃν
866 3130 975 3183 ἔδει
1003 3132 1103 3201 τὴν
1132 3130 1508 3203 πνευματικὴν
1538 3133 1830 3202 ἀναφέρειν

251 3219 465 3275 θυσίαν.
510 3221 745 3285 Ἐκεῖνος
788 3217 903 3286 οὖν,
940 3223 1049 3285 τοῖς
1087 3222 1315 3292 ἀψύχοις
1345 3223 1441 3277 καὶ
1487 3228 1691 3293 κωφοῖς
1729 3227 1829 3297 τὴν

1952 760 2040 802 me
2082 749 2366 802 obvinxisti
2388 791 2403 815 ,
2435 748 2706 803 audaciam
2760 759 2901 803 tuam
2933 750 3003 802 ob
3031 753 3301 817 pristinam
3344 767 3519 806 meam

1952 851 2082 906 erga
2113 850 2164 893 te
2205 839 2493 893 amicitiam
2536 838 2670 893 fero.
2702 840 3053 906 Quamobrem
3079 854 3330 909 exsurge,
3362 852 3522 911 atque

1952 930 2024 987 ab
2046 931 2214 986 oculis
2245 930 2379 986 meis
2402 931 2651 1001 profuge;
2675 946 2781 986 non
2808 931 2915 1002 jam
2945 942 2998 987 te
3018 931 3230 1000 videbo,
3260 933 3352 989 sed
3381 936 3523 989 male

1953 1022 2213 1079 mactabo.

2023 1112 2098 1166 lta
2123 1127 2365 1182 egressus
2391 1113 2487 1168 Dei
2510 1113 2667 1169 homo
2690 1112 2741 1168 in
2758 1114 3095 1169 solitudinem
3124 1116 3367 1180 secessit,
3388 1129 3526 1171 mte-

1953 1218 2076 1257 τοι-ο
2106 1205 2320 1271 quidem
2368 1219 2433 1261 eo
2474 1206 2687 1260 nomine
2715 1205 2969 1271 aﬁ‘ectus,
3021 1206 3160 1276 quod
3207 1210 3520 1276 martyrium

1951 1293 2172 1349 minime
2201 1295 2419 1349 obiisset
2443 1335 2459 1362 ,
2505 1306 2755 1351 caeterum
2786 1297 2929 1351 nullo
2978 1313 3082 1352 non
3112 1297 3218 1364 die,
3260 1308 3517 1367 quantum

1952 1388 2017 1439 ad
2047 1387 2427 1441 conscientiam
2450 1388 2657 1451 attinet,
2689 1391 2942 1459 martyrio
2970 1388 3215 1458 fungens.
3240 1400 3398 1459 atque
3425 1391 3524 1444 ad-

1951 1492 2140 1532 versus
2170 1479 2491 1546 principatus
2520 1488 2574 1533 et
2604 1488 2913 1548 potestates,
2939 1479 3194 1534 adversus
3223 1481 3401 1533 mundi
3436 1497 3523 1534 re-

1948 1576 2124 1622 ctores
2150 1568 2484 1622 tenebrarum
2512 1568 2668 1636 hujus
2713 1569 2915 1634 saaculi,
2941 1570 3197 1624 adversus
3223 1570 3518 1638 spiritualia

1954 1662 2223 1729 nequitias,
2255 1670 2311 1714 ut
2342 1660 2416 1714 ait
2438 1661 2624 1715 beatus
2653 1660 2868 1724 Paulus,
2898 1660 3153 1716 dimicans
3175 1661 3393 1732 (Ephes.
3416 1661 3514 1733 vi).

1949 1752 2080 1805 Cum
2112 1751 2276 1821 igitur
2302 1750 2393 1806 ille
2418 1750 2668 1818 abiisset,
2700 1767 2792 1807 rex
2818 1754 3062 1822 graviore
3084 1753 3358 1807 iracundia
3387 1768 3519 1807 con-

1948 1844 2174 1908 citatus,
2224 1843 2486 1898 acriorem
2517 1844 2936 1912 persecutionem
2982 1844 3235 1899 adversus
3262 1843 3517 1898 monasti-

1950 1951 2071 1989 cum
2100 1950 2290 2005 agmen
2332 1948 2584 1990 exercere
2617 1971 2634 1995 ,
2733 1931 3045 2000 majoreque
3137 1930 3347 1986 honore
3436 1934 3515 1987 si-

1956 2032 2309 2085 mulacrorum
2354 2028 2586 2083 cultores
2613 2040 2676 2079 ac
2713 2024 3016 2081 sacerdotes
3059 2022 3269 2078 afﬁcere
3295 2024 3474 2093 coepit.

2020 2121 2148 2175 CAP.
2180 2120 2263 2175 Ill.
2291 2119 2514 2173 -Cum
2541 2126 2714 2171 autem
2741 2131 2833 2171 rex
2882 2116 2935 2170 in
2982 2124 3088 2170 tam
3137 2115 3283 2185 gravi
3332 2129 3516 2169 errore

1950 2222 2106 2280 atque
2136 2213 2426 2279 impostura
2448 2218 2774 2272 versaretur,
2797 2206 3029 2261 nascitur
3048 2206 3099 2261 ei
3121 2205 3514 2277 elegantissima

1950 2306 2117 2357 forma
2142 2304 2297 2367 ﬁlius,
2331 2310 2488 2371 atque
2509 2318 2573 2356 ex
2605 2316 2666 2356 ea
2695 2300 3083 2369 pulchritudine
3108 2314 3229 2369 qua:
3256 2298 3358 2366 ipsi
3384 2296 3515 2353 aﬁ‘u-

1950 2409 2004 2448 sa
2050 2404 2164 2450 erat
2193 2394 2247 2448 id
2289 2394 2430 2463 quod
2468 2394 2697 2448 futurum
2727 2402 2843 2448 erat
2880 2392 3225 2463 prasignans.
3256 2390 3345 2448 Sic
3371 2393 3512 2445 enim

1950 2501 2197 2539 sermone
2228 2484 2494 2540 ferebatur
2522 2486 2572 2538 in
2593 2484 2683 2537 illa
2713 2495 2849 2538 terra
2880 2497 3101 2550 puerum
3131 2482 3245 2551 pari
3286 2480 3518 2549 pulchri-

1956 2577 2140 2630 tudine
2182 2589 2244 2630 ac
2271 2583 2550 2630 venustate
2595 2588 2848 2643 nusquam
2879 2572 3166 2627 exstitisse.
3198 2570 3313 2625 Rex
3340 2580 3513 2625 autem

1952 2662 2019 2718 ob
2048 2665 2196 2733 pueri
2223 2664 2548 2719 nativitatem
2581 2665 2810 2717 maximo
2854 2661 3048 2731 gaudio
3078 2659 3346 2729 perfusus,
3394 2674 3516 2715 eum

1950 2754 2200 2819 losapbat
2220 2755 2544 2815 nominavit;
2576 2767 2734 2819 atque
2761 2753 2829 2808 ad
2875 2752 3138 2808 idolorum
3184 2751 3377 2818 templa
3416 2750 3517 2805 de-

1939 2848 2092 2888 mens
2121 2849 2179 2888 se
2198 2837 2439 2897 contulit,
2474 2844 2529 2887 ut
2552 2833 2967 2889 dementioribus
2989 2834 3246 2888 sacriﬁcia
3271 2835 3511 2908 offerret,

1935 2923 2230 2993 laudesque
2266 2924 2329 2977 ad
2380 2924 2637 2978 edendam
2686 2924 2821 2994 grati
2864 2925 3026 2979 animi
3073 2924 3513 2994 significationem

1936 3016 2262 3084 persolveret
2308 3033 2322 3068 :
2367 3020 2615 3085 ignorans
2662 3017 2909 3072 nimirum
2957 3017 3200 3088 quisnam
3250 3018 3510 3072 bonorum

1936 3112 2171 3161 omnium
2202 3122 2327 3162 vere
2353 3121 2537 3163 auctor
2562 3120 2723 3173 esset,
2754 3110 2818 3163 ad
2848 3125 3003 3180 quem
3034 3110 3309 3173 spirituale
3348 3112 3508 3166 sacri-

1938 3196 2113 3252 ﬁcium
2146 3199 2384 3253 adhiberi
2407 3199 2646 3254 deberet.
2684 3200 2776 3255 llle
2809 3202 2968 3270 igitur
2996 3202 3154 3256 rebus
3182 3200 3432 3258 inanimis
3462 3214 3517 3255 et

262 3272 267 3273 ν
453 3272 463 3275 ν
528 3272 581 3273 κη
616 3272 651 3273 η
698 3272 743 3285 τ.
952 3272 1049 3285 ω.
1092 3272 1312 3292 qm".
1346 3272 1439 3277 μνη
1488 3272 1688 3293 η-γπι
1739 3272 1824 3297 np

251 3314 436 3366 αἰτίαν
468 3313 567 3384 τῆς
592 3312 688 3366 τοῦ
719 3313 907 3378 παιδὸς
937 3316 1245 3383 γεννήσεως
1276 3316 1584 3383 ἀνατιθεὶς,
1618 3336 1827 3372 παντα-

1944 3293 2118 3348 surdis
2145 3293 2237 3348 ﬁlii
2266 3302 2439 3349 ortum
2477 3305 2749 3364 acceptum
2798 3296 2997 3361 ferens,
3044 3310 3251 3365 quaqua
3298 3312 3513 3349 versum

255 3402 357 3472 χοῦ
399 3402 662 3475 διέπεμπε
713 3408 1045 3473 συναγαγεῖν
1090 3406 1160 3460 τά
1198 3405 1377 3477 πλήθη
1410 3409 1491 3471 είς
1529 3410 1596 3462 τά
1640 3411 1829 3464 τούτου

254 3494 523 3562 γενέθλια.
557 3496 668 3549 Καὶ
702 3491 770 3568 ἦν
799 3496 927 3551 ίδεῖν
966 3498 1174 3561 πάντας
1202 3500 1532 3571 συρρέοντας
1567 3502 1645 3573 τῷ
1683 3504 1833 3575 φόϐῳ

249 3588 346 3641 τοῦ
381 3588 641 3659 βασιλέως
668 3630 683 3655 ,
718 3589 1093 3660 ἐπαγομένους
1127 3609 1185 3644 τε
1232 3592 1303 3645 τά
1328 3594 1465 3664 πρὸς
1504 3595 1603 3664 τὴν
1638 3596 1832 3652 θυσίαν

249 3681 680 3753 εὐτρεπισμένα,
712 3683 787 3746 ὡς
811 3683 1027 3752 ἑκάστῳ
1052 3684 1087 3755 ἡ
1113 3685 1235 3756 χεὶρ
1263 3687 1488 3759 εὐπόρει
1512 3689 1607 3742 καὶ
1630 3691 1661 3759 ἡ
1697 3689 1833 3759 πρὸς

247 3772 338 3823 τὸν
382 3771 606 3840 βασιλέα
639 3772 820 3826 εὔνοια
849 3769 985 3846 εἶχε.
1018 3776 1276 3832 Μάλιστα
1299 3779 1355 3831 δὲ
1382 3779 1580 3844 αὐτοὺς
1611 3780 1830 3851 ἠρέθιζε

250 3863 391 3932 πρὸς
416 3863 523 3934 l9
556 3863 869 3935 φιλοτιμίαν
900 3866 1064 3931 αὐτὸς
1083 3908 1099 3933 ,
1129 3868 1364 3939 ταύρους
1398 3870 1705 3926 καταθύσαι
1730 3873 1828 3940 φέ-

253 3971 363 4024 ρων
393 3955 503 4025 (57)
554 3956 638 4009 ὅτι
683 3955 971 4021 πλείστους
1019 3959 1114 4013 καὶ
1156 3960 1513 4031 εὐμεγέθεις,
1566 3964 1659 4017 καὶ
1687 3963 1832 4016 οὐτω

250 4047 537 4115 πάνδημον
580 4046 771 4119 ἑορτὴν
811 4048 1057 4114 τελέσας,
1090 4050 1297 4116 πάντας
1326 4054 1694 4125 ἐφιλοτιμεῖτο
1725 4056 1829 4108 δώ-

252 4142 371 4208 ροις
400 4139 514 4191 ὅσοι
537 4155 598 4192 τε
640 4138 739 4210 τῆς
771 4139 965 4212 βουλῆς
997 4137 1139 4213 ἦσαν
1173 4144 1268 4197 καὶ
1296 4144 1405 4198 τῶν
1434 4147 1493 4199 ὲν
1520 4145 1667 4199 τέλει
1693 4188 1707 4211 ,
1738 4148 1832 4200 καὶ

248 4228 366 4281 ὅσοι
395 4229 524 4301 περὶ
552 4229 614 4284 τὸ
644 4230 1057 4304 στρατιωτικὸν,
1089 4233 1204 4288 ὅσοι
1232 4251 1293 4288 τε
1327 4234 1437 4290 τῶν
1467 4235 1702 4289 εὐτελῶν
1738 4237 1831 4291 καὶ

246 4318 355 4390 ἀπή
365 4336 502 4389 μων.

320 4494 577 4550 ΚΕΦΑΛ.
636 4495 712 4555 I".
758 4497 847 4551 ‘Ev
874 4498 1013 4572 αὐτῇ
1045 4499 1104 4554 δὲ
1153 4504 1221 4575 τῇ
1270 4502 1381 4556 τῶν
1409 4503 1702 4572 γενεθλίων
1734 4504 1827 4559 τοῦ

1946 3387 2125 3441 mis—is
2166 3389 2361 3442 nuntiis
2394 3388 2599 3455 plebem
2643 3388 2707 3441 ad
2752 3387 2869 3457 ejus
2914 3387 3151 3442 natalitia
3199 3386 3515 3441 celebranda

1943 3477 2235 3546 cogendam
2259 3493 2341 3532 cui
2357 3478 2501 3533 abat.
2525 3480 2601 3531 Ac
2620 3492 2838 3532 cernere
2858 3487 2973 3533 erat
2990 3492 3176 3533 omnes
3204 3477 3344 3547 regis
3372 3487 3515 3531 metu

1943 3568 2291 3630 conﬂuentes,
2322 3582 2609 3637 secumque
2634 3582 2694 3621 ea
2727 3582 2845 3637 qua:
2866 3567 2932 3621 ad
2960 3567 3278 3622 sacriﬁcium
3301 3580 3514 3620 accom-

1942 3661 2152 3714 modata
2182 3669 2335 3714 erant
2362 3661 2672 3726 alferentes,
2700 3674 2795 3729 pro
2823 3661 3082 3727 cujusque
3106 3659 3310 3713 scilicet
3346 3656 3517 3711 facul-

1942 3758 2106 3804 tatum
2139 3751 2371 3816 modulo,
2414 3761 2571 3819 atque
2614 3766 2739 3820 erga
2787 3765 2910 3806 eum
2953 3750 3341 3806 benevolentia.
3374 3747 3519 3803 Prae-

1942 3842 2124 3893 sertim
2156 3849 2328 3895 autem
2360 3840 2476 3908 ipse
2500 3840 2739 3896 stimulos
2767 3842 2843 3896 eis
2868 3840 2936 3896 ad
2973 3840 3387 3897 muniﬁcentiam
3414 3838 3515 3895 ad-

1948 3934 2216 3998 movebat,
2266 3942 2325 3986 ut
2358 3935 2446 4000 qui
2475 3935 2889 4002 quamplurimas
2936 3943 2991 3990 et
3039 3936 3302 3989 maximos
3352 3933 3517 3989 boves

1950 4023 2258 4075 mactandos
2286 4022 2518 4077 oﬁerret.
2548 4030 2719 4094 Atque
2743 4026 2808 4080 ad
2840 4028 2982 4080 hunc
3018 4023 3230 4079 modum
3273 4025 3516 4080 luculen-

1945 4111 2153 4165 tissimo
2180 4112 2317 4166 festo
2340 4124 2570 4181 peracto,
2604 4130 2811 4181 omnes,
2846 4126 2950 4170 tam
2972 4115 3061 4184 qui
3090 4115 3343 4170 senatorii
3366 4116 3515 4171 ordi-

1950 4204 2033 4256 nis
2060 4212 2213 4257 erant
2240 4205 2650 4273 magistratuque
2679 4204 3048 4275 fungebantur,
3074 4222 3231 4274 quam
3285 4207 3514 4261 militum

1945 4309 2158 4348 manum
2191 4305 2350 4363 atque
2375 4296 2532 4351 etiam
2587 4299 2818 4365 plebeios
2850 4307 2904 4353 et
2950 4299 3208 4370 ignobiles
3251 4300 3513 4369 amplissi-

1942 4388 2048 4442 mis
2072 4387 2229 4441 donis
2259 4389 2694 4458 prosequi-batur.

2004 4504 2058 4557 In
2083 4503 2198 4573 ipso
2227 4513 2404 4561 autem
2428 4507 2778 4562 natalitiorum
2811 4508 2901 4562 ﬁlii
2931 4508 3152 4564 solemni
3181 4508 3289 4574 die,
3312 4508 3505 4565 delecti

247 4585 442 4679 παιδὸς
472 4588 632 4679 έορτῇ
667 4589 927 4661 συνῆλθον
951 4593 1089 4664 πρὸς
1116 4594 1209 4649 τὸν
1232 4594 1457 4665 βασιλέα
1479 4596 1540 4663 ἐξ
1567 4598 1830 4669 ἑπιλογῆς

1944 4595 2032 4648 viri
2059 4596 2271 4651 circiter
2312 4598 2684 4668 quinquaginta
2715 4640 2731 4665 ,
2785 4600 2876 4667 qui
2926 4600 2979 4653 in
3024 4614 3088 4655 ea
3134 4599 3502 4656 Chaldaeorum

247 4677 445 4748 ἄνδρες
457 4678 586 4733 ὡσεὶ
606 4686 1135 4753 πεντηκονταπέντε,
1154 4705 1221 4741 πε
1230 4689 1283 4758 pl
1298 4688 1398 4760 τὴν
1414 4689 1826 4762 άστροθεάμονα

1944 4688 2209 4756 sapientia,
2235 4704 2352 4757 quat
2372 4690 2423 4742 in
2446 4690 2832 4758 conspiciendis
2859 4690 3208 4760 notandisque
3236 4690 3503 4747 sideribus

246 4768 361 4820 τῶν
379 4770 1036 4845 Χαλδαίων,ὲσχολακότες
1054 4778 1268 4846 σοφίαν.
1294 4780 1406 4833 Καὶ
1428 4780 1647 4845 τούτους
1671 4784 1831 4851 ἐγγυ-

244 4861 399 4913 τάτω
429 4866 925 4937 παραστησάμενος
950 4866 980 4919 6
1016 4867 1270 4938 βασιλεὺς
1297 4870 1565 4941 ἀνηρώτα,
1594 4873 1831 4938 ἐξειπεῖν

244 4952 478 5007 ’ἑκαστον
506 4955 555 5009 τί
589 4956 771 5026 μέλλει
792 4957 1015 5014 ἔσεσθαι
1042 4962 1103 5015 τὸ
1125 4963 1385 5034 γεννηθὲν
1416 4964 1565 5035 αὐτῷ
1592 4967 1828 5021 παιδίον.

246 5051 307 5103 0i
333 5050 415 5115 δὲ,
450 5051 620 5106 πολλά
641 5052 1086 5126 διασκεψάμενοι,
1113 5057 1297 5125 ἔλεγον
1327 5059 1500 5129 μέγαν
1525 5062 1687 5114 αὐτὸν
1707 5061 1828 5113 ἔσε-

247 5142 373 5193 σθαι
407 5140 467 5195 ἐν
491 5159 550 5196 τε
590 5142 807 5215 πλούτῳ
847 5146 943 5199 καὶ
974 5146 1294 5218 δυναστείᾳ,
1338 5149 1434 5201 καὶ⁹
1468 5150 1828 5221 ὑπερϐάλλειν

246 5234 460 5298 πάντας
492 5236 619 5300 τοὺς
652 5237 760 5309 πρὸ
789 5236 958 5292 αὐτοῦ
995 5238 1470 5310 βεϐασιλευκότας.
1504 5238 1601 5305 Εἷς
1631 5241 1689 5295 δὲ
1717 5242 1827 5295 τῶν

316 5386 681 5467 (ᾗξξξῌῐβοτ.
706 5406 749 5467 l_,
767 5392 891 5467 1i:
933 5393 1249 5467 Μαρτύριον
1280 5395 1379 5467 τῆς
1415 5397 1792 5467 συνειδήσεως.

317 5456 431 5530 (56)
458 5458 633 5530 Epist.
664 5461 731 5513 ad
767 5461 966 5530 Eplies.
1000 5456 1074 5528 vi,
1108 5456 1195 5520 f2.

1933 4789 2200 4844 versatur,
2231 4780 2460 4835 studium
2508 4792 2667 4851 atque
2694 4795 2911 4850 operam
2939 4781 3295 4850 collocarent,
3325 4784 3391 4837 ad
3420 4797 3501 4837 re-

1927 4885 2047 4940 gem
2080 4884 2468 4927 convenerunt.
2499 4873 2642 4940 Quos
2670 4878 2790 4928 cum
2833 4889 2925 4929 rex
2967 4871 3183 4945 propius
3224 4876 3288 4928 ad
3326 4888 3385 4929 se
3413 4888 3499 4929 ac-

1929 4962 2120 5016 cedere
2144 4960 2416 5030 jussisset,
2443 4963 2511 5017 de
2538 4964 2757 5033 singulis
2785 4965 3224 5033 percunctabatur
3248 4966 3499 5036 quidnam

1930 5068 2063 5121 puer
2087 5055 2140 5107 in
2171 5054 2343 5109 lucem
2384 5056 2555 5109 editus
2586 5055 2792 5110 futurus
2820 5065 2981 5111 esset.
3014 5056 3089 5110 Illi
3128 5067 3302 5111 autem
3344 5058 3500 5127 longa

1928 5145 2357 5200 consideratione
2386 5144 2584 5209 habita,
2639 5146 2871 5199 futurum
2922 5146 3169 5201 dicebant
3218 5157 3272 5201 ut
3311 5148 3499 5216 opibus

1930 5250 1995 5290 ac
2025 5234 2257 5305 potentia
2296 5235 2530 5302 ﬁoreret,
2563 5244 2720 5303 atque
2761 5250 2949 5291 omnes
2990 5237 3077 5305 qui
3112 5251 3328 5307 regnum
3376 5247 3498 5293 ante

317 5528 704 5609 (ﬁgl‘Lemma
734 5528 825 5587 est
851 5532 969 5609 inkA
997 5537 1278 5609 metricum
1313 5554 1326 5590 :
1374 5537 1609 5607 Ἰωάσαφ
1632 5538 1832 5608 γέννησ

1944 5538 2137 5592 νταῦθα
2168 5538 2355 5609 βλέπε.

321 5600 541 5687 (57)‘9e
565 5597 752 5687 φέρειξ
782 5618 880 5671 pro
900 5605 1055 5687 ἄγειν
1083 5604 1203 5687 vide
1230 5610 1521 5687 notamnad
1553 5597 1833 5687 Syr-[titiam

1944 5597 2180 5687 ng-_18.l3
2212 5607 2449 5687 .Niceph-
2482 5608 2879 5687 Greserasith
2914 5611 2972 5687 9..
3020 5612 3093 5687 ἐξ
3141 5613 3321 5687 φέρων
3353 5615 3498 5687 ὁμήο

249 5667 395 5746 ρους.
433 5667 693 5746 Yitaﬁili
722 5667 849 5727 .lu'n.
882 5667 1027 5746 ρίθὸ
1060 5675 1297 5746 είφέρων

1340 5677 1795 5752 μεθ’,ὲαυέοῦ,τδν

1944 5678 2170 5752 [αὐτοῦ.
2189 5677 2397 5752 Potest
2424 5677 2687 5752 conferri
2709 5681 2874 5751 Soph.
2909 5684 2996 5752 Aj.
3027 5684 3094 5739 65
3120 5701 3131 5735 :
3153 5677 3407 5751 ⁷Ποίμντιις
3436 5677 3499 5738 τι

246 5741 426 5827 ξάσας
451 5740 723 5827 namque
761 5744 1065 5827 κομίζεται.
1093 5740 1237 5827 ιρείη
1266 5740 1418 5827 Αμίιζ
1456 5750 1607 5827 57s:
1648 5749 1784 5804 ἀλλά
1816 5750 2201 5827 νινΛξίυμίζεθ
2236 5748 2390 5827 εἵσω,
2437 5750 2635 5827 δμῶες.
2670 5750 2748 5807 to.
2785 5740 3200 5827 “sinuati:
3249 5740 3497 5827 κομίζοις

248 5808 317 5862 ἂν
344 5811 539 5864 σαυτὸν

252 5888 392 5938 tesca
420 5890 471 5938 te
505 5884 757 5949 apportes
784 5884 931 5939 loca?
966 5904 984 5937 ο

643 5808 844 5895 θέλεις.
870 5816 1049 5895 Attius
1093 5813 1349 5875 Varronis
1384 5819 1458 5877 De
1482 5819 1516 5874 Ι.
1553 5820 1670 5876 Lat.
1702 5835 1774 5891 vr,
1803 5837 1854 5889 p.
1899 5818 1967 5873 82
2001 5808 2073 5893 εί(
2102 5808 2340 5877 ἰειιιηίιι
2375 5808 2497 5891 quis
2524 5808 2680 5879 tn'es
2722 5825 2963 5881 mortalis
2993 5808 3171 5895 qui'in
3201 5808 3499 5882 desertaet
