4070 6444
560 473 661 537 879

1998 456 2372 517 ADDENDA.
3689 453 3776 515 εει)

560 598 732 666 ipsum
758 589 1116 648 obtinuissent
1142 592 1435 656 superaret.
1468 582 1614 637 Unus
1641 594 1768 633 vero
1798 577 2088 643 astrologus
2110 618 2128 642 ,

2256 568 2604 641 ἱιστρολόγων,
2632 567 2661 619 ὁ
2689 564 2798 618 τῶν
2826 560 2925 615 σὺν
2952 557 3103 629 αύτῷ
3133 557 3356 612 πάντων
3387 553 3779 625 διαιροριὶπατος,

2264 661 2285 666 -
2436 663 2447 666 -
2590 659 2678 666 -_-
2736 652 2763 666 ε
2960 655 2986 666 -
3013 654 3068 666 ...
3297 664 3302 666 _
3348 647 3387 666 ί.
3439 646 3537 666 σε,
3574 646 3763 666 ,ηιμ

562 692 651 760 qui
674 688 847 743 socios
876 700 1061 738 omnes
1087 697 1212 735 suos
1237 678 1533 733 eruditione
1556 674 1813 737 anteibat,
1843 672 1923 723 his
1957 668 2131 721 verbis

565 793 692 833 usus
722 786 803 831 est
833 792 847 829 :
881 775 1141 841 Quantum
1170 785 1237 823 ex
1266 769 1496 821 siderum
1526 778 1684 819 cursu
1706 761 1977 813 addiscere
2006 772 2127 825 pos-

564 885 705 934 sunt,
734 884 766 922 ο
791 882 883 922 rex
911 910 926 927 .
960 865 1049 917 lilii
1080 864 1167 929 qui
1202 876 1343 914 nunc
1374 875 1437 913 ex
1471 868 1522 911 te
1549 864 1694 910 ortus
1722 863 1803 907 est
1841 848 2132 917 amplitudo

564 976 725 1028 atque
755 965 1019 1025 protectus
1051 969 1153 1007 non
1182 956 1234 1004 in
1263 961 1353 1004 tuo
1380 956 1542 1017 regno
1573 946 1694 1008 erit,
1725 942 1818 997 sed
1866 944 1919 994 in
1968 940 2133 992 altero

569 1047 930 1117 prmStantiore
954 1084 968 1107 ,
998 1052 1152 1108 atque
1198 1035 1676 1105 incomparabiliter
1723 1029 2132 1085 excellentiore.

568 1145 740 1208 Atque
768 1138 937 1203 ipsum
963 1134 1379 1187 Christianorum
1407 1139 1613 1196 quoque
1640 1123 1946 1189 religionem
1976 1132 2133 1187 quam

570 1241 627 1283 tu
678 1228 954 1281 insectaris
982 1231 1315 1290 arrepturum
1346 1218 1610 1279 exiSIimo,
1640 1228 1739 1270 nec
1768 1228 1889 1267 eum
1919 1212 1986 1265 ab
2039 1212 2139 1265 hoc

571 1334 736 1388 scopo
779 1331 842 1371 ac
868 1331 963 1385 Spe
1008 1315 1373 1368 aberraturum
1417 1318 1567 1377 puto.
1598 1306 1723 1361 Haec
1764 1303 1966 1359 scilicet
2010 1300 2139 1355 dixit

571 1412 889 1480 astrologus,
922 1419 977 1463 ut
1016 1412 1142 1463 olim
1188 1405 1396 1459 Balaam
1428 1400 1614 1472 (Nunt.
1644 1400 1832 1468 χχιιι),
1865 1412 1971 1451 ηοιι
2001 1395 2140 1465 quod

573 1502 861 1570 astrologia
892 1500 1113 1553 veritate
1146 1498 1359 1557 nitatur,
1392 1493 1482 1547 sed
1511 1492 1647 1561 quod
1680 1491 1820 1544 Deus
1873 1498 1929 1542 ut
1969 1486 2142 1542 omnis

576 1594 754 1664 impiis
782 1592 1051 1647 excusatio
1099 1598 1480 1655 amputaretur,
1531 1592 1807 1639 veritatem
1856 1594 1949 1649 per
2000 1590 2144 1645 ipsos

576 1684 908 1739 adversarios
938 1679 1257 1734 ostenderet.

651 1778 761 1831 Rex
792 1785 985 1838 autem,
1016 1781 1074 1826 ut
1123 1771 1234 1824 hzec
1275 1765 1552 1832 intellexit,
1599 1761 1859 1835 ejusmodi
1902 1759 2143 1815 nuntium

578 1869 806 1937 graviter
848 1878 909 1917 ac
949 1872 1172 1916 ntotesm
1223 1861 1399 1913 animo
1444 1858 1673 1924 excepit,
1713 1854 2146 1922 voluptatemque

583 1976 735 2015 suam
757 1957 1002 2011 maestitia
1030 1952 1339 2019 interrumpi
1365 1952 1549 2004 sensit.
1574 1947 1923 2001 Nihilominus
1944 1953 2143 2006 tamen,
2177 1932 2219 1988 Β

582 2054 634 2104 in
667 2051 863 2119 privata
892 2045 1116 2114 quadam
1148 2043 1386 2107 civitate,
1419 2038 1775 2106 pulcherrimo
1818 2034 2011 2103 palatio
2054 2046 2149 2084 ex-

582 2154 812 2203 Structo,
864 2136 1245 2207 Splendidaque
1288 2135 1446 2187 domo
1491 2131 1789 2193 elaborata,
1839 2128 1947 2181 illic
1988 2126 2147 2179 lilium

586 2232 891 2296 collocavit,
921 2230 1182 2299 jussilque
1211 2237 1265 2280 ιιι
1290 2226 1488 2281 exactis
1531 2224 1715 2291 primis
1759 2221 1929 2275 relatis
1974 2218 2148 2283 annis,

587 2324 746 2378 nullis
788 2322 853 2375 ad
902 2336 1022 2375 eum
1072 2331 1318 2372 accessus
1365 2325 1583 2384 pateret.
1624 2316 1795 2380 Atque
1842 2309 2152 2378 padagogos

588 2416 687 2485 ipsi
733 2423 787 2468 et
835 2412 1108 2466 ministros
1138 2419 1295 2462 aelate
1338 2406 1589 2461 ﬂorentes
1636 2404 1931 2469 eximiaque
1984 2399 2151 2453 forma

589 2508 842 2580 przeditos
880 2505 1230 2567 constituens,
1274 2502 1373 2554 hoc
1412 2498 1540 2567 ipsis
1589 2496 1873 2560 mandavit,
1924 2501 1980 2545 ιιι
2026 2491 2153 2545 nihil

590 2616 776 2656 eorum
807 2613 927 2666 quae
954 2598 1004 2650 in
1037 2595 1136 2650 hac
1163 2597 1272 2647 vita
1302 2593 1520 2646 molesta
1550 2599 1671 2643 sunt
1701 2594 2030 2656 perspectum
2056 2581 2155 2651 ipsi

594 2695 848 2753 ficerent,
875 2703 979 2741 non
1005 2695 1250 2751 mortem,
1275 2700 1376 2738 non
1395 2690 1739 2745 senectutem,
1765 2694 1866 2731 non
1890 2675 2153 2739 morbum,

595 2800 698 2836 non
752 2787 1144 2848 paupertatem,
1197 2792 1300 2830 non
1344 2773 1626 2844 quidquam
1674 2770 1815 2823 aliud
1859 2768 2152 2829 molestiae;

596 2874 843 2941 quodque
874 2870 971 2937 ipsi
1001 2869 1404 2922 oblectationem
1434 2863 1767 2930 interpellare
1810 2866 2021 2926 posset;
2064 2869 2157 2908 ve-

598 2980 713 3019 rum
744 2963 919 3016 omnia
946 2960 1176 3030 jucunda
1206 2968 1260 3012 et
1305 2973 1422 3011 cum
1471 2956 1617 3010 suavi
1662 2956 1832 3008 fructu
1877 2952 2154 3019 conjuncta

601 3066 981 3126 proponerent.
1012 3063 1067 3107 ut
1094 3055 1144 3107 in
1178 3052 1258 3105 his
1286 3051 1448 3117 ipsius
1489 3050 1695 3103 animus
1731 3062 1849 3099 cum
1892 3044 2161 3112 voluptate

598 3162 661 3202 ac
687 3146 892 3200 deliciis
920 3158 1156 3205 versans,
1200 3142 1330 3196 nihil
1379 3142 1594 3193 omnino
1640 3152 1815 3192 rerum
1862 3135 2156 3188 futurarum

599 3238 921 3305 cogitatione
951 3235 1228 3302 complecti
1277 3243 1472 3301 posset,
1519 3245 1583 3284 ac
1630 3244 1696 3284 ne
1740 3227 1903 3281 verbo
1948 3224 2159 3295 quidem

603 3338 756 3381 tenus
800 3327 866 3379 de
895 3324 1093 3378 Christi
1122 3324 1375 3389 religione
1418 3323 1687 3386 ipsiusque
1734 3319 1962 3374 decretis
2003 3316 2163 3389 quid-

602 3434 757 3485 quam
788 3417 1011 3469 audiret.
1044 3414 1171 3469 Nam
1204 3413 1303 3467 hoc
1332 3430 1438 3479 pra:
1482 3414 1729 3469 omnibus
1758 3412 1916 3465 rebus
1941 3410 2042 3477 ipsi
2072 3420 2166 3462 oc-

604 3506 803 3559 cultare
827 3506 880 3558 in
910 3506 1085 3556 animo
1115 3502 1359 3567 habebat,
1390 3499 1639 3567 astrologi
1685 3495 1928 3550 nimirum
1977 3492 2165 3546 vatici-

605 3610 751 3649 nium
781 3595 999 3649 veritus.
1029 3593 1176 3660 Quod
1205 3593 1251 3646 si
1295 3594 1649 3645 ministrorum
1681 3588 1907 3656 aliquem
1937 3586 1988 3638 in
2019 3598 2164 3637 mor-

603 3690 727 3743 bum
775 3688 1008 3740 incidere
1051 3685 1396 3753 contigisset,
1445 3697 1564 3737 eum
1620 3680 1793 3734 statim
1850 3677 1997 3731 illinc
2046 3674 2167 3743 ejici

602 3777 840 3846 iubebat.
865 3776 1194 3843 alterumque
1223 3774 1440 3827 nitidum
1464 3772 1768 3839 optimeque
1784 3770 2043 3823 valentem
2067 3766 2165 3833 ipsi

606 3870 979 3931 substituebat,
1009 3876 1067 3919 ut
1090 3882 1155 3921 ne
1183 3867 1304 3934 quid
1335 3866 1546 3917 omnino
1572 3861 1826 3916 salebrosi
1846 3869 2000 3927 atque
2020 3871 2169 3910 acer-

607 3962 655 4014 hi
687 3960 737 4012 in
771 3958 859 4011 lilii
890 3957 1071 4011 oculos
1100 3959 1409 4009 incurreret.
1452 3955 1529 4007 Ad
1561 3953 1695 4006 hunc
1724 3951 1938 4004 modum
1986 3964 2043 4002 se
2071 3962 2167 4004 rex

604 4056 840 4123 gerebat,
876 4063 1032 4120 atque
1061 4052 1173 4105 haec
1198 4049 1459 4120 cogitabat
1486 4058 1537 4103 et
1568 4049 1769 4116 agebat.
1804 4046 1998 4101 Videns
2027 4046 2169 4100 enim

612 4164 713 4201 non
746 4146 977 4209 videbat,
1008 4156 1061 4201 et
1084 4145 1304 4198 audiens
1329 4158 1432 4196 non
1459 4139 1802 4208 itttelligebat.

679 4272 812 4327 Cum
834 4280 1008 4325 autem
1032 4254 1226 4323 certior
1248 4266 1414 4320 factus
1436 4265 1617 4319 fuisset
1640 4261 1922 4316 monachos
1951 4271 2173 4311 nonnul-

613 4365 694 4417 los
725 4363 969 4433 (quorum
1000 4377 1066 4416 ne
1112 4360 1391 4428 vestigium
1438 4357 1648 4425 quidem
1694 4354 1854 4407 ullum
1908 4353 2169 4418 reliquum

613 4468 733 4508 esse
772 4453 1007 4522 putabat)
1037 4452 1208 4505 adhuc
1256 4464 1555 4516 superesse,
1591 4445 1857 4499 iracundia
1897 4441 2173 4503 aestuabat,

613 4555 769 4611 atque
797 4543 1055 4596 acerrimo
1088 4542 1285 4606 impetu
1313 4539 1363 4591 in
1391 4554 1482 4592 eos
1512 4537 1797 4601 ferebatur,
1823 4549 1883 4587 ac
1906 4547 2177 4600 prmcoues

2237 661 2390 718 εἶπεν
2420 663 2495 725 ὼς
2518 705 2534 727 ,
2589 659 2679 727 Ἐξ
2728 652 2805 712 ὧν
2843 673 2911 727 με
2956 654 3305 708 διδάσκουσιν
3338 647 3390 700 oi
3432 646 3538 698 τῶν
3568 646 3781 717 ἀστέρων

2234 758 2448 829 δρόμοι,
2487 748 2533 807 ὧ
2565 749 2787 823 βασιλεῦ
2810 789 2827 816 ,
2859 750 2894 819 ή
2938 742 3195 817 προκοπὴ
3232 738 3333 794 τοῦ
3376 738 3494 792 νυνὶ
3524 738 3781 807 γεννηθέν-

2235 828 2327 912 τος
2359 866 2442 902 σοι
2473 846 2663 909 παιδὸς
2694 844 2797 898 ούκ
2825 842 2883 895 ἐν
2909 841 2976 910 τῇ
3009 841 3076 907 σῇ
3105 835 3259 888 ἔσται
3294 830 3543 901 βασιλεία
3564 870 3579 893 ,
3607 828 3707 882 ἀλλ’
3735 833 3784 883 ὲν

2238 942 2404 1014 ἑτέρᾳ
2461 938 2733 1009 κρείττονι
2788 934 2883 987 καὶ
2945 929 3301 999 ἀσυγκρίτως
3375 920 3779 994 ὑπερϐαλλούσῃ.

2239 1034 2392 1089 Δοκῶ
2420 1033 2476 1087 δὲ
2511 1032 2605 1084 καὶ
2636 1032 2736 1099 τῆς
2770 1024 2924 1095 παρὰ
2963 1022 3058 1077 σοῦ
3106 1017 3451 1088 διωκομένης
3495 1014 3650 1067 αὐτὸν
3684 1016 3774 1066 ἐπει

2240 1126 2503 1180 λαϐέσθαι
2526 1122 2635 1177 τῶν
2659 1115 3004 1191 Χριστιανῶν
3037 1109 3345 1186 θρησκείας
3366 1150 3380 1174 ,
3409 1107 3502 1161 καὶ
3523 1107 3619 1160 οὐκ
3640 1106 3786 1175 ἔγωγε

2240 1218 2397 1293 οἶμαι
2444 1217 2538 1272 τοῦ
2572 1212 2782 1269 σκοποῦ
2817 1212 3022 1265 ἐκεῖνον
3051 1207 3149 1261 καὶ
3189 1206 3293 1273 τῆς
3344 1200 3555 1263 ἐλπίδος
3581 1199 3785 1269 ψευσθῆ-

2243 1315 2457 1369 σεσθαι.
2494 1309 2681 1364 Ταῦτα
2736 1307 2835 1378 μὲν
2882 1300 3036 1359 εἶπεν
3077 1302 3108 1355 ό
3153 1295 3527 1369 ἀστρολόγος,
3576 1292 3786 1363 ῶσπερό

2246 1407 2415 1463 πάλαι
2444 1402 2672 1471 Βαλαὰμ
2711 1398 2850 1470 (58),
2889 1396 2952 1450 ού
2984 1394 3083 1465 τῆς
3128 1388 3494 1459 ἀστρολογίας
3528 1386 3788 1456 ἁληθευού-

2246 1516 2369 1569 σης,
2404 1495 2543 1550 ἀλλά
2591 1492 2700 1562 20
2735 1490 2830 1544 τοῦ
2864 1486 3000 1541 Θεοῦ
3034 1484 3122 1539 διὰ
3172 1484 3286 1537 τῶν
3327 1478 3580 1535 ἐναντίων
3608 1477 3671 1531 τὰ
3710 1478 3787 1547 τῆς

2245 1587 2505 1659 ἀληθείας
2542 1580 3036 1656 παραδεικνύντος,
3066 1577 3209 1631 ὥστε
3240 1574 3427 1627 πᾶσαν
3460 1573 3570 1634 τοϊς
3603 1570 3787 1624 ἀσεϐέσι

2245 1680 2523 1753 πρόφασιν
2555 1673 3001 1749 περιαιρεθῆναι.

2327 1773 2388 1825 '0
2421 1772 2478 1825 δὲ
2528 1768 2781 1842 βασιλεὺς
2804 1808 2818 1828 ,
2856 1766 2933 1828 ὡς
2969 1764 3171 1833 ἢκουσε
3220 1758 3434 1822 ταῦτα,
3483 1756 3575 1810 καὶ
3616 1755 3791 1827 βαρέως

2248 1862 2347 1935 τὴν
2377 1860 2640 1930 ἀγγελίαν
2662 1857 2879 1921 ἐδέξατο
2896 1895 2912 1919 ,
2944 1852 3090 1923 λύπη
3112 1851 3170 1905 δὲ
3194 1851 3300 1920 τὴν
3322 1845 3652 1917 εὐφροσύνην
3672 1844 3794 1915 αύτῷ

2247 1958 2550 2011 διέκοτπεν.
2612 1953 2703 2005 Ἑν
2742 1949 2896 2004 πόλει
2939 1946 2999 2000 δὲ
3035 1946 3185 2016 ὅμως
3236 1939 3523 2012 ίδιαζούσῃ
3570 1937 3795 1993 παλάτιον

2247 2049 2578 2120 δειμάμενος
2608 2040 2937 2116 περικαλλὲς
2964 2039 3058 2092 καὶ
3096 2034 3367 2108 λαμπρὰς
3403 2031 3576 2095 οίκίας
3614 2028 3795 2099 φιλοτε·

2249 2143 2454 2213 χνήσας
2477 2179 2492 2202 ,
2532 2139 2648 2191 ἐκεῖ
2694 2135 2786 2188 τὸν
2819 2132 2990 2186 παῖδα.
3026 2128 3181 2183 ἔθετο
3212 2124 3515 2187 κατοικεῖν,
3564 2121 3686 2194 μετά
3710 2119 3795 2191 τὴν

2254 2212 2648 2305 συμπλήρωσιν
2684 2228 2785 2296 τῆς
2824 2224 3050 2298 πρώτης
3088 2219 3238 2291 αύτῷ
3286 2215 3541 2285 ἡλικίας,
3576 2212 3798 2283 ἀπρόῑτὸν

2252 2346 2311 2383 τε
2367 2323 2506 2380 εἶναι
2557 2319 3036 2394 παρεκελεύσατο,
3103 2310 3493 2380 παιδαγωγοὺς
3542 2306 3673 2375 αύτῷ
3719 2306 3797 2357 καὶ

2255 2419 2535 2493 ὑπηρέτας
2555 2415 2925 2484 καταστήσας,
2953 2409 3109 2471 νέους
3133 2408 3198 2477 τῇ
3222 2401 3416 2475 ἡλικίᾳ
3436 2399 3530 2452 καὶ
3555 2400 3615 2467 τῇ
3642 2397 3797 2466 ὁράσει

2256 2487 2623 2586 ὡραιοτάτους
2642 2546 2657 2571 ,
2690 2501 3003 2575 ἐπισκήψας
3034 2499 3216 2559 αὐτοῖς
3251 2492 3422 2565 μηδὲν
3450 2489 3554 2544 τῶν
3588 2488 3671 2541 τοῦ
3703 2487 3795 2553 βίου

2257 2578 2498 2676 ἀνιαρῶν
2550 2598 2849 2670 κατάδηλον
2907 2592 3057 2665 αύτῷ
3109 2585 3486 2661 ποιήσασθαι,
3545 2580 3616 2651 μὴ
3660 2578 3794 2631 θάνα-

2257 2716 2370 2762 τον,
2390 2673 2480 2767 -μὴ
2523 2695 2736 2766 γῆρας,
2774 2689 2850 2760 μὴ
2892 2687 3068 2750 νόσον,
3127 2682 3201 2754 μὴ
3248 2679 3466 2742 πενίαν,
3513 2675 3584 2747 μὴ
3625 2673 3730 2726 ἄλλο
3753 2688 3795 2721 τι

2259 2762 2503 2857 λυπηρὸν
2546 2762 2640 2837 καὶ
2663 2780 2962 2850 δυνάμενον
3000 2775 3098 2846 τὴν
3147 2768 3494 2842 εὐφροσύνην
3531 2762 3666 2833 αὐτῷ
3704 2762 3797 2813 δια-

2261 2850 2506 2939 κόπτειν,
2553 2871 2688 2926 ἀλλά
2742 2870 2921 2923 πάντα
2965 2865 3033 2919 τὰ
3069 2861 3282 2934 τερπνά
3332 2861 3428 2914 καὶ
3470 2850 3797 2911 ἀπολαυστικά

2263 2965 2619 3039 προτιθέναι,
2667 2963 2753 3015 ἵνα
2793 2957 3005 3020 τούτοις
3045 2956 3074 3009 ὁ
3124 2952 3252 3016 νοῦς
3294 2947 3464 3004 αὐτοῦ
3510 2945 3796 3017 τερπόμενος

2265 3031 2360 3114 καὶ
2396 3054 2676 3128 ἐντρυφῶν
2707 3051 2872 3123 μηδὲν
2903 3047 3040 3110 ὅλως
3071 3043 3202 3115 περὶ
3232 3041 3344 3095 τῶν
3394 3036 3678 3111 μελλόντων
3702 3031 3797 3083 δια-

2265 3120 2583 3223 λογίζεσθαι
2617 3120 2881 3218 ἰσχύσειε,
2934 3143 3071 3213 μήτε
3105 3138 3269 3211 μέχρι
3312 3132 3471 3206 ψιλοῦ
3502 3130 3721 3223 ῥήματος
3748 3120 3803 3223 τιὰ

2269 3248 2400 3319 περὶ
2441 3242 2536 3298 τοῦ
2576 3236 2819 3311 Χριστοῦ
2849 3235 2944 3289 καὶ
2985 3232 3097 3287 τῶν
3138 3226 3306 3284 αὐτοῦ
3349 3222 3627 3295 δογμάτων
3668 3214 3803 3271 ἀκού-υ

2271 3304 2435 3391 σείεν.
2463 3304 2770 3400 Τοῦτο-γὰρ
2822 3326 3058 3397 μάλιστα
3086 3321 3308 3375 πάντων
3338 3313 3644 3387 ἀποκρύψαι
3683 3304 3805 3376 αύτῷ

2269 3431 2543 3487 διενοεῖτο.
2579 3426 2678 3495 τὴν
2707 3421 2801 3475 τοῦ
2841 3416 3171 3489 ἀστρολόγου
3209 3411 3604 3485 προαγόρευσιν
3626 3399 3804 3472 090,06)-

2274 3539 2455 3593 μενος.
2496 3519 2564 3573 Εἴ
2598 3532 2722 3569 τινα
2749 3514 2806 3567 δὲ
2844 3510 2953 3564 τῶν
2984 3504 3407 3577 ὑπηρετούντων
3439 3498 3582 3567 αύτῷ
3616 3495 3804 3562 νοσῆσαι

2273 3588 2504 3682 συνέϐη,
2545 3608 2735 3663 τοῦτον
2778 3604 2875 3676 μὲν
2913 3602 3106 3656 θᾶττον
3158 3595 3414 3652 ἐκϐαλεῖν
3448 3588 3647 3645 ἐκεῖθεν
3690 3599 3804 3682 παυς

2272 3706 2587 3765 εκελεύετο,
2634 3700 2822 3770 ἕτερον
2883 3694 2941 3749 δὲ
2985 3691 3104 3747 ἀντ’
3172 3687 3343 3743 αὑτοῦ
3392 3681 3688 3754 σφριγῶντα
3729 3672 3806 3727 καὶ

2274 3763 2603 3853 εύεκτοῦντα
2634 3763 2806 3845 ἐδίδου
2826 3832 2841 3855 ,
2875 3788 2964 3841 ἵνα
2997 3785 3163 3856 μηδὲν
3197 3783 3336 3844 ὅλως
3371 3775 3645 3846 ἀνώμαλον
3667 3770 3708 3822 οἱ
3730 3763 3804 3819 τοῦ

2276 3889 2465 3951 παιδὸς
2501 3882 2773 3956 ὀφθαλμοὶ
2823 3880 3130 3935 θεάσαιντο.
3195 3874 3254 3927 Ὀ
3307 3872 3409 3941 μὲν
3451 3862 3544 3921 οῦν
3592 3856 3805 3956 βασιλεῦς

2275 3984 2418 4039 οὕτω
2447 3948 2625 4035 ταῦτα
2644 3948 2900 4032 διενοεῖτό
2922 3989 2981 4026 τε
3007 3971 3101 4025 καὶ
3131 3967 3308 4022 ἐποίει
3332 3981 3345 3997 ·
3378 3962 3585 4036 βλέπων
3611 3954 3708 4024 γὰρ
3728 3948 3805 4017 οὖχ

2277 4076 2445 4149 ἐώρα,
2474 4073 2564 4127 καὶ
2589 4070 2805 4125 ἀκούων
2828 4066 2889 4121 ού
2920 4064 3093 4119 συνίει
3120 4062 3255 4134 (59).

2348 4258 2452 4328 21
2495 4251 2700 4309 Μαθὼν
2731 4248 2787 4303 δέ
2813 4263 2968 4311 τινας
2997 4244 3106 4299 τῶν
3136 4240 3479 4314 μοναζόντων
3510 4234 3585 4289 ἔτι
3608 4223 3807 4326 cepisti):

2280 4314 2492 4417 ζεξθέι,
2526 4338 2601 4399 ὧν
2644 4342 2780 4414 μηδὲ
2826 4338 2971 4411 ἴχνος
3004 4332 3392 4403 ὑπολελεῖφθαι
3430 4328 3633 4389 ἐδόκει,
3665 4314 3807 4387 θυμοῦ

2281 4437 2736 4514 ύπερεπίμπλατο
2784 4434 2878 4487 καὶ
2921 4429 3157 4496 ὀξύτατα
3202 4426 3324 4480 κατ’
3374 4418 3547 4477 αὐτῶν
3587 4413 3805 4470 ἐκινεῖτο.

2281 4499 2533 4603 meum;
2557 4544 2634 4579 ιτε
2668 4523 2773 4579 ἀνὰ
2821 4522 3003 4574 πᾶσαν
3044 4518 3145 4588 τὴν
3196 4514 3352 4567 πόλιν
3395 4512 3488 4564 καὶ
3527 4508 3615 4575 τὴν
3658 4499 3809 4601 χώραν

614 4587 769 4611 νυν-ν
797 4587 1053 4596 -υν--η--τ
1088 4587 1285 4606 --πγ---
1605 4587 1644 4589 γ
1755 4587 1797 4601 -,
1907 4587 1919 4600 .

614 4636 812 4701 passim
843 4642 949 4686 tota
979 4632 1107 4687 urbe
1153 4638 1207 4686 et
1232 4632 1449 4698 regione
1492 4639 1810 4696 procursare
1858 4621 2159 4690 imperabat

2283 4587 2789 4680 ἐκιέλευενδισθέειν,
2815 4587 3124 4674 ἐκϐοῶντας
3154 4605 3406 4679 μηδαμοῦ
3436 4619 3550 4656 τινα
3578 4596 3632 4650 τὸ
3660 4587 3806 4701 παρά-

616 4726 703 4793 qui
730 4723 1000 4779 edicerent
1029 4738 1093 4776 ne
1121 4722 1398 4777 monastici
1427 4720 1626 4775 ordinis
1654 4718 1925 4787 quisquam
1956 4728 2176 4781 usquam

617 4816 837 4867 omnino
870 4824 987 4879 post
1018 4815 1243 4867 triduum
1278 4814 1634 4876 inveniretur;
1666 4811 1802 4880 quod
1834 4809 1875 4861 si
1909 4806 2177 4860 invenire-

622 4917 731 4969 tur,
760 4904 986 4958 ﬂatnmis
1014 4906 1361 4958 addiceretur.
1399 4903 1461 4956 Hi
1508 4900 1648 4955 enim
1697 4908 1842 4965 sunt,
1888 4897 2177 4966 inquiebat,

621 5012 842 5064 quorum
875 4996 1185 5051 auctoritate
1234 4996 1454 5062 pepulus
1498 4992 1775 5045 adducitur
1819 4999 1877 5043 ut
1915 5003 2036 5043 eum
2091 4986 2183 5055 qui

622 5088 769 5142 cruci
796 5087 1027 5142 sufﬁxus
1071 5099 1152 5140 est
1184 5102 1276 5151 pro
1310 5087 1417 5139 Deo
1442 5084 1599 5137 colat.
1634 5083 1833 5135 Interea
1863 5090 2037 5134 autem
2088 5077 2186 5130 hu-

624 5179 853 5249 jumnodi
884 5179 1130 5248 quiddam
1166 5176 1377 5241 accidit,
1425 5175 1565 5244 quod
1608 5175 1860 5241 majorem
1904 5172 2001 5240 ipsi
2047 5170 2187 5224 indi-

625 5272 927 5339 gnationem
955 5269 1229 5329 excitavit,
1258 5282 1482 5331 eumque
1529 5263 1800 5319 monachis
1844 5262 2187 5317 infensiorem

626 5359 867 5415 reddidit.
1533 5350 1539 5355 ’

706 5458 833 5511 Cn.
867 5458 952 5513 IV.
983 5488 1049 5496 —
1079 5457 1219 5511 Inter
1247 5460 1486 5512 homines
1512 5458 1765 5527 dignitate
1794 5458 2043 5525 praeditos
2072 5459 2190 5525 qui-

631 5563 749 5600 nam
780 5558 891 5601 erat
918 5550 1004 5616 qui
1034 5550 1227 5616 primas
1276 5550 1326 5602 in
1371 5550 1486 5602 aula
1526 5551 1828 5614 obtinebat,
1855 5551 1932 5603 vir
1969 5549 2195 5613 eleganti

631 5641 760 5703 vita,
785 5655 844 5693 ac
863 5640 982 5693 ﬁdei
1000 5643 1213 5708 pietate,
1237 5643 1428 5711 quique
1442 5643 1594 5695 saluti
1613 5658 1718 5697 sua:
1747 5658 1958 5711 cperam
1987 5657 2193 5695 summo

689 5803 798 5871 (58)
827 5803 985 5859 Num.
1024 5819 1160 5859 χχιι.

2284 4730 2391 4767 παν
2425 4712 2563 4783 μετά
2588 4709 2733 4779 τρεῖς
2770 4704 2983 4777 ἡμέρας
3010 4699 3105 4753 τοῦ
3131 4697 3241 4752 τῶν
3277 4692 3607 4767 μοναζόντων
3628 4685 3806 4751 τάγμα·

2284 4824 2375 4869 τος
2405 4777 2717 4874 εὑρεθῆναι.
2750 4799 2811 4851 Ei
2837 4797 2894 4849 δέ
2918 4812 3066 4857 τινες
3091 4790 3366 4865 εὑρεθεῖεν
3397 4783 3528 4858 μετὰ
3547 4784 3636 4841 τὰς
3660 4777 3807 4874 διωρι-

2287 4865 2495 4971 σμένας
2542 4865 2758 4965 ἡμέρας
2782 4933 2795 4954 ,
2842 4887 2923 4959 τῷ
2955 4888 3043 4941 διὰ
3092 4885 3265 4957 πυρὸς
3311 4884 3407 4937 καὶ
3442 4881 3615 4947 ξίφους
3640 4865 3808 4971 ἀλέθίξφ

2285 4989 2769 5062 ἰτειραδοθήτωσαν⁹
2800 4978 2945 5035 οῦτοι
2992 4978 3099 5051 γὰρ
3134 4955 3345 5050 (φησιν)
3395 4969 3713 5028 ἀναπείθουσι
3736 4955 3809 5062 τὸν

2293 5086 2419 5138 λαὸν
2470 5082 2545 5144 ὡς
2586 5077 2705 5148 θεῷ
2748 5074 3039 5146 προσέχειν
3087 5069 3166 5141 τῷ
3208 5063 3615 5139 ἐσταυρωμένῳ.
3668 5045 3807 5105 Ἐνδὲ

2294 5179 2371 5250 τῷ
2407 5174 2609 5247 μεταξὺ
2643 5169 2843 5238 συνέϐη
2883 5166 2977 5221 καί
3003 5181 3055 5217 τι
3084 5163 3347 5223 τοιοῦτον,
3388 5158 3470 5219 ἐφ’
3575 5150 3657 5205 ἐπὶ
3683 5142 3807 5197 πλέον

2289 5265 2635 5339 χαλεπαίνων
2666 5256 2733 5331 ἦν
2760 5260 2787 5312 ό
2816 5257 3072 5329 βασιλεὺς
3107 5253 3203 5308 καὶ
3228 5253 3372 5307 κατά
3392 5250 3497 5304 τῶν
3522 5237 3809 5317 μοναξόντων

2288 5359 2666 5432 ὀργιζόμενος.

2554 5453 2626 5503 Δ’.
2678 5446 2839 5518 ’Λνὴρ
2875 5444 2986 5515 γάρ
3019 5459 3123 5505 τις,
3161 5439 3271 5494 τῶν
3306 5440 3364 5491 ἐν
3394 5436 3533 5491 τέλει
3567 5430 3627 5484 τὰ
3658 5420 3807 5518 apt-3.11

2289 5547 2496 5615 φέρων,
2548 5544 2605 5595 ἐν
2655 5542 2766 5602 τοῖς
2816 5537 3110 5609 βασιλείοις
3143 5535 3439 5602 ἐτύγχανε,
3476 5527 3562 5579 τὸν
3604 5519 3690 5592 μὲν
3721 5511 3808 5581 βίον

2290 5639 2541 5707 ἐπιεικὴς
2566 5678 2579 5695 ν
2617 5632 2846 5701 εὐσεϐὴς
2892 5630 2947 5683 δὲ
2987 5630 3086 5698 τὴν
3119 5628 3322 5680 πῖστιν·
3364 5625 3491 5684 καὶ,
3526 5617 3613 5687 τὴν
3654 5612 3805 5664 ἑαυτου

690 5828 798 5871 too;
828 5828 985 5859 num.
1024 5828 1160 5859 ιλιι.

690 5876 799 5944 (:39)
834 5876 935 5928 lsa.
960 5890 1030 5940 vt,
1054 5876 1086 5927 9
1121 5894 1133 5927 :
1177 5876 1337 5944 Ἀκοῇ
1362 5872 1623 5927 ἀκούσετε
1668 5870 1758 5925 καὶ
1788 5870 1847 5923 ού
1889 5869 1964 5941 μὴ
1996 5868 2156 5941 συνῆτ

2256 5866 2334 5919 uti.
2364 5865 2651 5935 βλέποντες
2682 5859 2904 5931 βλέψετε
2950 5857 3043 5913 καὶ
3077 5857 3137 5911 ού
3166 5852 3244 5927 μὴ
3274 5852 3441 5923 ἴδητε.
3473 5840 3614 5903 Εοιιί.
3654 5828 3802 5890 Nai”!-

618 5962 735 6007 χιι,
771 5946 855 5999 15.
