4070 6424
307 385 408 453 881

1394 397 1569 459 VITA
1608 395 1965 456 BARLAAM
2004 395 2098 455 ET
2137 394 2487 456 JOASAPH.

3442 389 3550 455 882

308 504 606 577 σωτηρίαν,
640 505 718 569 ὡς
761 501 874 561 οἷόν
924 524 1020 574 τε,
1069 508 1549 589 ἐμπορευόμενος,
1602 506 1880 561 λανθάνων

1993 503 2168 556 studio
2195 504 2381 559 dabat:
2400 505 2606 562 occulte
2625 515 2824 573 tamen,
2854 509 2922 563 ob
2942 511 3078 580 regis
3098 520 3314 566 metum.
3355 511 3550 580 Quam-

302 593 370 668 ἦν
399 597 487 651 διὰ
511 597 602 651 τὸν
631 599 794 668 φόϐον
823 598 915 653 τοῦ
947 599 1232 669 βασιλέως.
1276 603 1438 655 Ὅθεν
1463 601 1608 664 τινὲς
1627 640 1641 663 ,
1673 599 1772 669 τῆς
1796 601 1877 662 εἰς

299 688 395 741 τὸν
424 687 648 759 βασιλέα
679 692 991 762 παρρησίας
1019 693 1193 764 τούτῳ
1218 691 1614 764 βασκήναντες,
1655 690 1877 744 διαϐάλ-

244 760 257 858 ί
299 779 417 834 λειν
448 780 613 833 αὑτὸν
658 760 952 852 ἐμελέτων,
996 784 1090 838 καὶ
1127 760 1284 837 τοῦτο
1330 760 1512 854 αὑτοῖς
1542 783 1630 836 διὰ
1659 781 1878 854 φροντίο

297 869 476 942 δος.ἧν
499 873 636 944 (60).
673 875 782 928 Καὶ
819 877 881 947 δή
922 893 1052 930 ποτε
1093 877 1228 948 πρὸς
1273 876 1448 948 θήραν
1487 875 1757 943 ἐξελθόντι
1797 872 1876 944 τῷ

297 961 516 1032 βασιλεῖ
543 967 680 1034 μετὰ
711 967 810 1036 τῆς
841 967 1106 1037 συνήθους
1144 967 1292 1038 αὑτῴ
1320 966 1670 1039 δορυφορίας,
1699 959 1779 1028 εἷς
1807 959 1878 1034 ἦν

294 1053 412 1106 τῶν
443 1056 826 1126 συνθηρευτῶν
857 1061 950 1112 καὶ
984 1060 1012 1111 ὁ
1038 1059 1244 1128 ἀγαθὸς
1275 1061 1482 1123 ἐκεῖνος
1510 1060 1671 1129 ἀνήρ.
1709 1059 1878 1128 Περι-

295 1147 564 1202 πατοῦντι
594 1149 652 1202 δὲ
681 1151 830 1221 αὑτῷ
859 1152 1003 1205 κατὰ
1035 1153 1224 1224 μόνας,
1255 1153 1320 1206 ἐκ
1357 1151 1508 1214 Θείας
1545 1151 1706 1204 τοῦτο
1740 1168 1876 1222 συμ-

290 1237 424 1302 ϐὰν,
469 1239 546 1304 ῶς
587 1235 781 1313 οἶμαι,
815 1243 1169 1315 οἰκονομίας,
1203 1244 1451 1316 εὑρίσκει
1492 1242 1780 1315 ἄνθρωπον
1817 1245 1876 1296 ὲν

292 1331 480 1404 λόχμῃ
512 1336 619 1388 τινὶ
662 1337 805 1390 κατὰ
849 1338 953 1407 γῆς
997 1338 1353 1410 ἐρριμμένον,
1402 1338 1498 1391 καὶ
1538 1336 1732 1401 δεινῶς
1782 1336 1874 1390 τὸν

289 1423 439 1478 πόδα
467 1425 572 1478 ὑπὸ
595 1425 786 1498 θηρίου
806 1429 914 1498 22
942 1431 1428 1501 συντετριμμένον,
1453 1429 1534 1493 ὃς,
1563 1428 1686 1482 ἰδὼν
1713 1429 1875 1482 αὑτὸν

287 1515 571 1586 παριόντα
592 1558 608 1583 ,
643 1516 916 1572 ἐδυσώπει
953 1519 1027 1592 μὴ
1077 1519 1479 1590 παραδραμεῖν,
1524 1519 1640 1573 ἀλλ’
1673 1520 1874 1571 οἰκτεῖ-

289 1621 393 1675 ραι
425 1606 586 1661 αὑτὸν
606 1607 705 1678 τῆς
728 1610 1038 1680 συμφορᾶς,
1065 1609 1160 1662 καὶ
1185 1611 1266 1673 εἰς
1287 1609 1379 1662 τὸν
1403 1609 1535 1662 ἴδιον
1562 1609 1875 1676 ἀπαγαγεῖν

177 1777 180 1779 Δ
286 1693 471 1765 οἶκον,
496 1699 612 1769 ἅμα
644 1701 740 1756 καὶ
770 1701 929 1756 τοῦτο
965 1702 1280 1774 προστιθεὶς
1300 1745 1315 1770 ,
1353 1702 1430 1766 ὡς
1464 1703 1579 1756 Οὑκ
1614 1701 1876 1773 ἀνόνητός

289 1803 383 1843 σοι
436 1792 532 1845 καὶ
575 1794 857 1858 παντελῶς
903 1795 1307 1867 ἁνενέργητος,
1352 1794 1540 1864 φησὶν,
1591 1794 1874 1865 εὑρεθείην

287 1880 432 1949 ἐγώ.
482 1883 538 1938 '0
571 1885 627 1937 δὲ
650 1884 903 1958 λαμπρὸς
927 1887 1135 1951 ἐκεῖνος
1167 1887 1306 1960 ἀνὴρ
1343 1886 1491 1956 λέγει
1521 1886 1687 1957 αὑτῷο
1735 1885 1878 1956 Ἐγὼ

291 1974 406 2044 μὲν
433 1976 502 2029 δι’
531 1977 698 2030 αὑτοῦ
729 1976 822 2031 τοῦ
868 1979 1039 2032 καλοῦ
1073 1979 1172 2050 τὴν
1204 1979 1370 2050 φύσιν
1403 1978 1790 2050 προσλήψομαί
1818 1995 1878 2031 σε

286 2065 393 2122 καὶ
433 2064 752 2136 θεραπείας,
786 2067 886 2138 ὅση
920 2067 1184 2138 δύναμις,
1236 2065 1488 2132 ἀξιώσω·
1538 2068 1675 2122 ἀλλὰ
1723 2068 1806 2132 τίς
1843 2068 1878 2138 ἠ

285 2155 527 2224 δνησις,
563 2157 806 2228 ἦνπαρὰ
853 2159 947 2211 σοῦ
983 2176 1074 2230 μοι
1125 2159 1353 2213 ἔσεσθαι
1400 2158 1648 2231 ἔφησας;
1705 2160 1766 2212 Ὀ
1820 2159 1880 2213 δὲ

287 2252 473 2322 πένης
503 2253 711 2316 ἐκεῖνος
730 2253 825 2305 καὶ
855 2253 1114 2323 ἀσθενὴς,
1162 2252 1338 2322 Ἐγὼ,
1369 2252 1557 2324 φησιν,
1590 2251 1880 2323 ἄνθρωπός

287 2344 418 2413 εἰμι
447 2343 791 2414 θεραπευτής
820 2343 1103 2414 ῥημάτωνο
1136 2345 1185 2398 εἰ
1217 2343 1326 2414 γάρ
1369 2361 1502 2397 ποτε
1545 2344 1604 2396 ὲν
1636 2344 1878 2416 ῥήμασιν

285 2435 321 2505 ἢ
350 2435 597 2505 ὁμιλίαις
624 2437 806 2508 πληγή
836 2453 923 2500 τις
955 2434 989 2506 ἢ
1019 2437 1265 2499 κάκωσις
1296 2435 1570 2508 εὑρεθείη,
1605 2435 1879 2506 καταλλή-

285 2527 413 2591 λοις
451 2528 768 2600 φαρμάκοις
803 2527 980 2582 ταῦτα
1026 2527 1348 2600 θεραπεύσω
1371 2567 1384 2591 ,
1434 2526 1527 2580 τοῦ
1573 2526 1648 2598 μὴ
1685 2543 1881 2598 περαι-

285 2619 443 2689 τέρω
487 2621 548 2672 τὸ
584 2619 754 2675 κακὸν
795 2620 1066 2691 χωρῆσαι.
1126 2620 1184 2672 Ὁ
1217 2619 1317 2690 μὲν
1343 2615 1437 2674 οὖν
1465 2619 1698 2690 εὐσεϐὴς
1737 2618 1880 2690 ἀνὴρ

286 2711 510 2774 ἐκεῖνος
543 2711 604 2764 τὸ
633 2710 823 2782 λεχθὲν
857 2712 972 2765 ἀντ’
1023 2711 1237 2776 οὑδενδς
1277 2713 1545 2784 ἡγήσατο,
1586 2713 1794 2764 ἐκεῖνον
1822 2711 1880 2764 δὲ

283 2799 383 2853 διὰ
422 2801 525 2870 τὴν
562 2800 783 2872 ἐντολὴν
816 2801 1130 2870 ἀπαγαγεῖν
1163 2802 1349 2855 οἴκαδε
1395 2802 1841 2874 παρεκελεύσατο
1861 2842 1876 2868 ,

285 2891 392 2944 καὶ
428 2891 528 2961 τῆς
571 2891 961 2962 προσηκούσης
990 2892 1314 2962 ἐπιμελείας
1351 2894 1449 2946 οὑκ
1479 2893 1874 2964 ἀπεστέρησεν.

285 2982 356 3036 Ol
399 2982 460 3035 δὲ
491 2983 1073 3054 προμνημονευθέντες
1125 2983 1376 3054 φθονεροὶ
1422 2987 1619 3038 ἐκεῖνοι
1646 2985 1740 3038 καὶ
1783 2983 1881 3054 βά-

289 3092 511 3136 σκανοι,
543 3077 609 3147 ἣν
640 3076 810 3130 πάλαι
829 3075 1018 3130 ῶδινον
1043 3077 1241 3130 κακίαν
1265 3079 1344 3139 είς
1374 3075 1488 3144 φῶς
1518 3077 1880 3146 προενεγκόν-

261 3184 389 3261 .τες
410 3210 426 3234 ,
459 3167 802 3261 διαϐάλλουσι
827 3169 918 3222 τὸν
942 3168 1111 3242 ἄνδρα
1142 3170 1281 3241 πρὸς
1309 3169 1399 3223 τὸν
1421 3169 1644 3239 βασιλέα
1663 3211 1678 3234 ,
1713 3168 1790 3233 ὡς
1817 3167 1879 3222 οὑ
1906 3200 1950 3261 C

295 3256 486 3326 μόνον,
514 3257 614 3327 τῆς
636 3257 802 3310 αὑτοῦ
837 3256 1018 3326 φιλίας
1057 3257 1479 3328 ἐπιλαθόμενος,
1515 3257 1753 3329 ⁴ηλόγησε
1781 3258 1878 3328 τῆς

297 3351 442 3418 πρὸς
467 3350 592 3414 τοὺς
623 3350 781 3412 θεοὺς
819 3350 1118 3422 θεραπείας
1160 3351 1258 3404 καὶ
1290 3351 1425 3422 πρὸς
1451 3351 1883 3424 Χριστιανισμὸν

299 3441 613 3506 ἀπέκλινεν,
656 3440 793 3496 ἀλλὰ
839 3442 935 3495 καὶ
966 3441 1114 3496 δεινὰ
1152 3441 1294 3496 κατὰ
1331 3443 1431 3513 τῆς
1469 3441 1636 3495 αὑτοῦ
1684 3441 1884 3515 μελετᾷ

296 3532 613 3604 βασιλείας,
648 3533 742 3587 τὸν
771 3533 927 3605 ὄχλον
955 3532 1296 3603 διαστρέφων
1331 3534 1427 3587 καὶ
1459 3532 1640 3603 ὲαυτῷ
1669 3533 1880 3597 πάντας

291 3626 697 3697 οἰκειούμενος.
755 3624 920 3691 Ἀλλ’,
955 3626 1004 3678 εί
1051 3623 1268 3696 βούλει,
1313 3624 1469 3696 φησὶ,
1514 3623 1883 3695 βεϐαιωθῆναι

296 3719 476 3790 μηδὲν
521 3720 669 3790 ἡμᾶς
714 3719 1102 3789 πεπλασμένον
1161 3717 1365 3787 λέγειν,
1418 3717 1661 3782 καλέσας
1719 3718 1884 3776 αὑτὸν

294 3810 489 3874 ἰδίως,
535 3810 655 3862 εἰπὲ
700 3809 982 3880 πειράζων
1031 3808 1322 3880 βούλεσθαί
1356 3827 1458 3874 σε,
1512 3813 1884 3867 καταλιπόντα

290 3905 404 3972 τὴν
433 3903 663 3974 πάτριον
688 3901 990 3973 θρησκείαν
1020 3903 1112 3955 καὶ
1136 3901 1237 3972 τὴν
1268 3900 1430 3966 δόξαν
1454 3903 1556 3974 τῆς
1580 3902 1880 3973 βασιλείας,

290 3995 630 4067 Χριπιᾶνὸν
671 3996 957 4065 γενέσθαι,
997 3997 1092 4050 καὶ
1133 3996 1196 4050 τὸ
1237 3994 1533 4067 μοναχικὸν
1587 3995 1883 4066 περιϐαλέ-

293 4089 432 4141 σθαι
465 4086 688 4157 σχῆμα,
734 4087 765 4141 δ
803 4088 970 4142 πάλαι
1009 4086 1258 4152 ἐδίωξας,
1293 4086 1370 4150 ὡς
1411 4087 1473 4140 ού
1506 4085 1690 4150 καλῶς
1722 4085 1884 4156 δῆθεν

292 4179 498 4234 τούτου
529 4179 634 4250 23
663 4179 1054 4250 γεγενημένου.
1081 4180 1143 4232 Οί
1171 4179 1283 4249 γὰρ
1312 4175 1488 4232 ταῦτα.
1521 4177 1712 4240 δεινῶς
1744 4178 1886 4232 κατὰ

293 4273 402 4329 τοῦ
434 4273 631 4345 ἀνδρὸς
659 4275 1032 4345 σκηπτόμενοι
1066 4271 1289 4344 ᾔδεισαν
1329 4272 1429 4341 τῆς
1459 4269 1627 4324 αὑτοῦ
1657 4268 1888 4341 γνώμης

292 4370 408 4440 τὴν
435 4368 842 4422 εὑκατάνυκτον
872 4365 1218 4438 προαίρεσιν,
1246 4365 1324 4429 ῶς
1342 4403 1358 4430 ,
1389 4366 1441 4419 εἰ
1473 4363 1704 4418 τοιαῦτα
1733 4362 1888 4435 παρὰ

295 4462 402 4514 τοῦ
433 4460 698 4530 βασιλέως
735 4458 1045 4522 ἀκούσειεν,
1094 4457 1290 4529 ἐκείνῳ
1334 4457 1434 4528 μὲν
1479 4456 1549 4510 τὰ
1597 4454 1888 4526 κρείττονα

300 4548 728 4622 βουλευσαμένῳ
755 4545 981 4618 γνώμην
1009 4545 1200 4600 δώσειε
1237 4546 1316 4617 μὴ
1349 4543 1715 4599 ἀναϐαλέσθαι
1745 4542 1885 4614 πρὸς
1915 4551 1960 4606 ι)

299 4645 373 4697 τὰ
419 4643 600 4706 καλῶς
638 4639 1074 4712 βεϐουλευμένα,
1109 4640 1205 4692 καὶ
1237 4639 1302 4692 ὲκ
1329 4636 1524 4691 τούτου
1575 4635 1752 4707 ἀληθῆ
1794 4636 1884 4688 λέ-

301 4751 501 4805 γοντες
535 4735 736 4788 ἐκεῖνοι
763 4731 1058 4802 εὑρεθεῖεν.

390 4937 450 4992 '0
475 4936 534 4991 δὲ
557 4934 833 5007 βασιλεὺς,
854 4933 954 5002 τὴν
979 4931 1074 4985 τοῦ
1098 4930 1292 5001 ἀνδρὸς
1318 4930 1457 5002 πρὸς
1483 4929 1648 4983 αὑτὸν
1672 4929 1887 4982 εὔνοιαν

304 5029 487 5100 ὁπόση
517 5030 592 5099 μὴ
621 5024 852 5095 ἀγνοῶν,
899 5022 1142 5078 ἀπίθανά
1181 5038 1241 5075 τε
1271 5021 1456 5090 ἡγεῖτο
1487 5021 1581 5072 καὶ
1608 5019 1780 5090 ψευδῆ
1815 5018 1886 5071 τὰ

307 5125 619 5192 λεγόμενα,
651 5120 747 5173 καὶ
779 5118 860 5171 ὅτι
895 5116 970 5188 μὴ
1011 5114 1393 5176 ἀϐασανίστως
1428 5112 1608 5166 ταῦτα
1649 5111 1886 5182 προσδέ-

309 5217 503 5286 χεσθαι
528 5215 632 5278 δεῖ,
679 5211 976 5280 δοκιμάσαι
1017 5210 1079 5263 τὸ
1119 5211 1356 5281 πρᾶγμα
1381 5207 1479 5260 καὶ
1509 5206 1606 5275 τὴν
1639 5205 1896 5275 διαϐολὴν.

310 5307 660 5377 διεσκέψατο.
683 5306 818 5365 Καὶ,
850 5301 1368 5374 προσκαλεσάμενος
1394 5299 1558 5354 αὑτὸν
1579 5297 1701 5352 κατ’
1733 5296 1890 5361 ἰδίαν,

314 5403 424 5471 ἔφη
453 5399 753 5470 πειράζωνο
784 5393 946 5459 Οἶδας
964 5435 980 5461 ,
1011 5389 1057 5448 ὦ
1090 5394 1210 5464 φίλε
1227 5434 1242 5456 ,
1269 5393 1373 5446 ὅσα
1399 5389 1756 5460 ἐνεδειξάμην
1778 5391 1894 5452 τοῖς

315 5513 378 5546 τε
409 5491 724 5564 λεγομένοις
762 5488 1056 5561 μονάζουσι
1088 5489 1180 5542 καὶ
1214 5488 1351 5540 πᾶσι
1380 5487 1491 5548 τοῖς
1519 5485 1890 5555 Χριστιανοίς.

319 5587 459 5640 Νυνὶ
481 5587 536 5639 δὲ
557 5624 572 5648 ,
613 5582 916 5653 μετάμελος
947 5581 1040 5632 ἐπὶ
1071 5580 1246 5650 τούτῳ
1283 5577 1574 5647 γενόμενος
1601 5577 1695 5627 καὶ
1723 5591 1891 5627 κατα-

1985 596 2165 649 obrem
2183 597 2438 662 nonnulli,
2451 598 2520 651 ob
2536 614 2654 654 eam
2670 614 2768 667 qua
2783 602 2916 669 apud
2931 616 3106 670 regem
3122 603 3546 670 pollebataucto-

1984 686 2190 741 ritaiem
2213 686 2309 756 ipsi
2334 689 2776 756 iuvidentes,eum
2875 692 3156 746 criminari
3249 695 3552 762 studebant,

1983 791 2048 831 ac
2072 791 2408 848 summopere
2434 781 2767 836 laborabant.
2798 783 2863 836 Et
2905 784 3117 852 quidem
3146 800 3266 839 cum
3323 802 3413 839 rex
3455 787 3554 840 ali-

1987 869 2198 936 quando
2218 869 2502 924 satellitum
2532 887 2690 926 manu
2720 888 2815 941 pro
2838 887 2936 926 suo
2960 889 3106 928 more
3134 884 3336 942 septus,
3370 877 3433 930 ad
3465 893 3551 932 ve-

1990 959 2256 1013 nationem
2307 958 2572 1030 profectus
2624 964 2827 1030 luisset,
2876 967 2928 1019 in
2979 975 3283 1019 venatorum
3334 982 3554 1020 numero

1985 1050 2184 1121 probus
2217 1051 2304 1106 ille
2329 1052 2409 1106 vir
2428 1061 2564 1108 erat.
2595 1054 2726 1108 Cum
2755 1068 2929 1110 autem
2959 1056 3071 1125 ipse
3099 1057 3242 1111 solus
3267 1059 3554 1112 ambularet

1985 1143 2213 1214 (divino,
2245 1150 2303 1198 ut
2329 1145 2535 1214 opinor,
2564 1147 2783 1201 consilio
2812 1149 2878 1200 ita
2912 1148 3160 1218 ferente),
3179 1150 3441 1203 hominem
3471 1151 3551 1202 iii-

1986 1242 2068 1289 ter
2093 1233 2285 1289 densas
2309 1236 2527 1291 arbores
2557 1238 2698 1290 humi
2732 1246 3070 1305 prostratum,
3103 1254 3164 1292 ac
3192 1239 3326 1307 pede
3362 1256 3393 1292 a
3435 1240 3548 1292 fera

1990 1323 2215 1392 quadam
2266 1327 2496 1394 graviter
2539 1327 2820 1381 contritum
2847 1367 2862 1392 ,
2906 1326 3144 1381 offendit.
3193 1327 3290 1395 Qui
3338 1329 3550 1398 quidem

1991 1413 2163 1483 ipsum
2188 1424 2590 1484 praetereuntem
2619 1416 2848 1481 intuens,
2879 1419 3120 1485 precibus
3141 1419 3208 1472 ab
3235 1434 3297 1472 eo
3327 1432 3551 1473 conten-

1989 1507 2149 1560 debat
2175 1522 2242 1561 ne
2269 1522 2328 1562 se
2357 1509 2668 1574 praeteriret,
2700 1524 2878 1564 verum
2909 1509 3222 1565 calamitatis
3251 1526 3357 1564 suae
3390 1513 3552 1566 misc-

1991 1599 2200 1653 ratione
2223 1599 2541 1663 afficeretur,
2571 1609 2727 1668 atque
2756 1599 2808 1653 in
2853 1599 3065 1652 domum
3111 1614 3258 1652 suam
3287 1600 3551 1654 abducen-

1989 1689 2115 1743 dum
2169 1700 2399 1745 curaret.
2457 1691 2623 1747 Simul
2675 1692 2833 1745 etiam
2887 1690 3013 1744 illud
3075 1690 3352 1759 adjumit,
3403 1707 3550 1744 suam

1989 1795 2205 1848 operam
2237 1783 2334 1849 ipsi
2367 1797 2469 1835 non
2501 1797 2717 1850 prorsus
2740 1783 2974 1836 inutilem
3003 1791 3159 1849 atque
3188 1781 3394 1834 inanem
3419 1784 3547 1835 iure.

1992 1870 2283 1925 Prmclarus
2310 1881 2482 1926 autem
2512 1871 2604 1926 ille
2630 1873 2711 1925 vir
2737 1872 2785 1925 ei
2815 1871 2945 1924 dixit
2978 1889 2990 1923 :
3024 1871 3277 1940 Equidem
3309 1873 3419 1939 ipsc
3448 1873 3553 1923 vir-

1993 1964 2120 2019 tutis
2145 1964 2319 2018 studio
2346 1974 2503 2031 atque
2530 1977 2711 2018 amore
2742 1974 2791 2018 te
2838 1977 3122 2026 assumain,
3171 1963 3350 2031 tuique
3396 1976 3550 2030 quam

1993 2058 2276 2110 maximam
2305 2067 2487 2124 potero
2519 2070 2696 2109 curam
2725 2069 2926 2123 geram.
2959 2052 3151 2106 Verum
3179 2066 3296 2119 qua:
3339 2053 3550 2103 tandem

1991 2158 2074 2204 eat
2101 2147 2214 2201 base
2241 2147 2432 2202 utilitas
2456 2161 2610 2215 quam
2637 2147 2731 2199 abs
2776 2155 2827 2198 te
2855 2145 2919 2197 ad
2966 2159 3051 2198 me
3102 2144 3387 2196 redituram
3435 2158 3553 2196 esse

1992 2240 2104 2292 ais?
2143 2239 2347 2308 Pauper
2391 2247 2564 2291 autem
2603 2237 2694 2292 ille
2736 2247 2790 2290 et
2833 2235 3153 2290 imbecillis:
3183 2235 3312 2301 Ego,
3363 2236 3549 2300 inquit,

1993 2331 2326 2386 sermonibus
2355 2329 2495 2383 laesis
2522 2328 2759 2382 medeor.
2789 2327 2919 2380 Nam
2948 2328 2992 2380 si
3038 2324 3246 2391 quando
3290 2324 3342 2376 in
3373 2325 3549 2376 verbis

1995 2434 2088 2476 aut
2115 2423 2390 2492 colloquiis
2419 2421 2608 2474 vulnus
2634 2419 2844 2488 aliquod
2868 2427 2959 2472 aut
2985 2417 3204 2472 afﬂictio
3226 2415 3548 2482 inveniatur,

1995 2513 2366 2567 consentaneis
2388 2511 2781 2566 medicamentis
2802 2525 2861 2565 ea
2887 2523 3036 2573 curo,
3065 2522 3129 2561 ac
3153 2523 3220 2562 ne
3249 2507 3445 2561 malum
3474 2507 3553 2559 ul-

1996 2605 2163 2659 terius
2182 2611 2360 2671 serpat
2381 2601 2652 2672 probibeo.
2681 2601 2805 2656 Pius
2830 2601 3005 2669 itaque
3025 2599 3115 2654 ille
3135 2599 3234 2665 vir,
3257 2612 3554 2668 quanquam

1996 2694 2048 2748 id
2075 2698 2215 2765 quod
2244 2694 2450 2750 dixerat
2478 2693 2668 2746 nullius
2707 2692 2955 2746 momenti
2993 2690 3228 2754 duceret,
3275 2699 3448 2742 tamen
3476 2688 3556 2740 di-

1995 2786 2101 2839 vini
2141 2784 2372 2839 mandati
2418 2797 2576 2838 causa
2613 2797 2733 2836 eum
2779 2783 2830 2834 in
2879 2781 3090 2834 domum
3136 2794 3283 2832 suam
3336 2775 3551 2838 deferri,

1995 2879 2150 2946 eique
2177 2892 2329 2944 quam
2356 2890 2450 2946 par
2476 2883 2592 2930 erat
2618 2887 2795 2929 curam
2825 2871 3064 2926 adhiberi
3093 2870 3265 2940 jussit.
3295 2871 3364 2922 At
3391 2868 3551 2922 invidi

1995 2967 2072 3022 illi
2095 2975 2152 3022 et
2174 2967 2338 3021 livore
2366 2964 2551 3032 perciti
2595 2965 2855 3025 homines,
2887 2962 2951 3016 de
2990 2962 3180 3029 quibus
3223 2970 3345 3014 ante
3391 2960 3551 3014 locuti

1995 3071 2199 3122 sumus,
2230 3055 2618 3123 improbitatem
2645 3068 2798 3122 quam
2819 3052 2928 3123 jam
2962 3052 3161 3119 pridem
3190 3048 3552 3118 parturiebant

1997 3149 2048 3202 in
2076 3149 2242 3202 lucem
2268 3147 2613 3216 proferentes,
2638 3144 2809 3213 ipsum
2837 3143 2975 3212 apud
3003 3158 3180 3212 regem
3213 3141 3313 3195 hoc
3337 3140 3550 3194 nomine

1997 3249 2267 3304 accusant,
2297 3237 2437 3308 quod
2466 3252 2572 3291 ncn
2616 3237 2786 3290 solum
2834 3233 3078 3288 amicitia:
3124 3233 3291 3301 ipsius
3332 3227 3546 3292 oblitus,

1997 3334 2214 3388 deorum
2245 3332 2442 3387 cultum
2488 3329 2826 3398 neglexisset,
2875 3336 3031 3396 atque
3078 3325 3144 3380 ad
3193 3323 3547 3379 Christianam

1998 3421 2304 3492 religionem
2331 3422 2559 3475 animum
2591 3419 2902 3484 inﬂexisset,
2928 3432 3111 3470 verum
3149 3416 3306 3470 etiam
3355 3415 3548 3468 adver-

1997 3529 2089 3569 sus
2118 3513 2284 3583 ipsius
2311 3512 2636 3581 maiestatem
2685 3509 2861 3580 gravia
2903 3507 3208 3570 moliretur,
3242 3504 3547 3573 popularem

1993 3605 2198 3661 scilicet
2227 3604 2432 3659 turbam
2481 3611 2802 3675 pervertens,
2850 3599 3190 3665 omniumque
3227 3595 3550 3648 benevolen—

1993 3683 2122 3736 tiam
2147 3683 2245 3735 sibi
2290 3683 2593 3734 concilians.
2623 3679 2778 3746 Quod
2811 3680 2854 3732 si
2887 3693 2981 3746 pro
3011 3689 3155 3730 certo
3201 3678 3340 3729 scire
3381 3690 3555 3742 Cupis,

1994 3774 2258 3844 inquiunt,
2287 3773 2419 3828 nihil
2449 3787 2546 3827 nos
2591 3774 2790 3840 tingere
2818 3784 2976 3841 atque
3004 3769 3353 3837 comminisci,
3388 3768 3560 3835 priva-

1994 3869 2085 3921 tim
2131 3865 2202 3931 ei,
2235 3865 2474 3920 tentandi
2509 3864 2674 3932 ipsius
2725 3876 2906 3927 causa,
2948 3860 3033 3916 dic
3077 3870 3127 3914 te
3168 3858 3350 3914 relicta
3397 3857 3560 3926 patria

1991 3959 2246 4026 religione
2270 3972 2330 4010 ac
2350 3958 2494 4026 regni
2521 3956 2710 4025 gloria,
2737 3951 3088 4009 Christianam
3113 3950 3266 4004 ﬁdem
3289 3949 3556 4016 amplecti,

1996 4048 2337 4116 habitumque
2364 4053 2739 4110 monasncum,
2765 4059 2919 4113 quem
2951 4044 3074 4097 olim
3103 4050 3346 4110 tanquam
3376 4056 3559 4107 parum

1995 4138 2272 4191 honestum
2303 4146 2607 4205 persecutus
2630 4152 2710 4203 es,
2739 4136 2958 4189 induere
2983 4133 3137 4187 velle.
3169 4132 3299 4185 Nam
3336 4132 3422 4199 qui
3448 4132 3561 4182 haec

1995 4228 2250 4282 adversus
2282 4232 2452 4280 virum
2479 4226 2626 4281 illum
2654 4226 2908 4282 scelerate
2946 4223 3344 4292 contingebant,
3395 4222 3562 4290 ipsius-

1995 4316 2158 4372 animi
2183 4303 2479 4372 institutum
2509 4315 2574 4370 ad
2596 4315 3053 4382 compunmionem
3086 4313 3560 4382 propensissimum

1995 4407 2324 4473 exploratum
2357 4406 2653 4470 habebant;
2687 4419 2786 4458 nec
2833 4404 3141 4458 dubitabant
3187 4403 3313 4472 quin
3361 4402 3405 4455 si
3452 4401 3564 4453 hzec

2002 4498 2162 4552 verba
2189 4513 2217 4552 a
2250 4513 2376 4567 rege
2401 4497 2627 4561 audiret,
2659 4497 2834 4550 statim
2886 4495 2984 4566 ipsi
3035 4496 3174 4564 quod
3225 4496 3564 4562 praestantius

1997 4600 2141 4643 esset
2166 4588 2419 4650 suadens,
2449 4597 2636 4641 auctor
2659 4587 2865 4640 futurus
2904 4595 3049 4640 esset
3075 4596 3130 4638 ut
3170 4584 3234 4638 iis
3263 4599 3380 4652 qua:
3425 4595 3570 4637 recte

1999 4681 2242 4733 consulta
2272 4689 2468 4742 essent,
2503 4679 2701 4733 nullam
2731 4692 2932 4732 moram
2962 4677 3169 4732 alIerret
3189 4718 3203 4740 ,
3252 4685 3408 4744 atque
3447 4675 3567 4728 hinc

2003 4785 2127 4827 vera
2155 4784 2275 4825 esse
2302 4785 2418 4840 qua:
2444 4769 2690 4824 dicebant
2716 4769 3094 4823 invenirentur.

2063 4926 2178 4979 Rex
2205 4938 2404 4988 autem,
2435 4937 2534 4988 qua
2563 4922 2644 4973 vir
2673 4919 2763 4972 ille
2782 4933 2904 4986 erga
2929 4931 2988 4970 se
3013 4910 3383 4970 benevolentia
3411 4921 3555 4968 esset

1989 5015 2213 5068 minime
2257 5013 2530 5082 ignorans,
2560 5023 2624 5062 ea
2667 5022 2787 5077 qua:
2833 5005 3144 5059 dicebantur
3190 5001 3558 5071 probabilitate

1993 5103 2139 5157 omni
2169 5116 2352 5156 carere
2377 5115 2439 5153 ac
2469 5101 2599 5152 falsa
2636 5111 2755 5152 esse
2791 5095 3062 5149 censebat.
3111 5092 3292 5160 Neque
3331 5091 3431 5144 sibi
3475 5089 3554 5142 fa-

1999 5193 2242 5248 ciendum
2273 5205 2392 5245 esse
2420 5189 2677 5251 ducebat,
2703 5197 2758 5239 ut
2784 5199 2845 5239 ea
2877 5193 3077 5238 temere
3121 5183 3435 5249 susciperet,
3464 5195 3562 5233 ve-

2000 5296 2116 5334 rum
2151 5295 2258 5334 rem
2289 5280 2455 5346 ipsam
2483 5285 2640 5343 atque
2681 5272 2951 5344 objectum
2996 5269 3197 5324 crimen
3242 5268 3567 5337 exploraret.

2001 5375 2333 5442 Quapropter
2378 5384 2500 5424 cum
2547 5382 2666 5422 eum
2712 5365 2928 5420 remotis
2976 5361 3192 5416 arbitris
3245 5359 3520 5414 accivisset
3547 5399 3569 5422 ι

2003 5466 2236 5520 tentandi
2266 5463 2432 5532 ipsius
2456 5475 2611 5516 causa
2642 5460 2711 5512 ita
2741 5474 2859 5512 eum
2889 5465 2970 5511 est
2998 5456 3256 5508 allocutus
3291 5469 3302 5504 :
3336 5451 3505 5516 Nosti,
3531 5467 3572 5500 ο

2002 5563 2192 5626 amice,
2225 5559 2470 5627 quoniam
2502 5555 2658 5608 modo
2679 5555 2957 5606 adversum
2987 5565 3080 5604 eos
3108 5549 3194 5617 qui
3221 5545 3462 5600 monachi
3488 5541 3568 5601 di-

403 5721 508 5784 (60)
539 5720 755 5773 Lemma
786 5718 1065 5771 metricum
1100 5716 1166 5784 in_
1183 5713 1369 5768 codice
1401 5713 1480 5784 A_;
1509 5709 1878 5784 'l‘i;v_[3aaxg.v£

1993 5705 2188 5784 ισεϐῶν
2226 5702 2439 5784 ἀνδριῖζν
2463 5701 2584 5784 δρας
2693 5767 2714 5784 ,,
2972 5765 3026 5784 ρ.
3101 5765 3149 5784 -.ε

424 5755 486 5773 υυ
539 5755 755 5773 ..νυνι-η
1183 5755 1369 5768 ..νγ-,νυ
1401 5755 1440 5764 ..
1468 5755 1480 5765 .
1520 5755 1569 5762 -.
1601 5755 1611 5760 ν
1686 5755 1878 5762 ππ--

408 5755 514 5859 i(Gl’)
553 5791 732 5845 Codex
760 5790 825 5853 (Σ,
951 5787 1097 5848 θείας
1118 5782 1522 5859 ρῖμαι-συμϐᾁν
1551 5755 1708 5859 τόὖξο
1750 5783 1883 5832 οἶκοι

2231 5755 2364 5859 pari,
2393 5755 2616 5859 formula
2659 5767 2803 5859 2"qu
2825 5838 2838 5855 ο
2857 5765 3071 5859 sunt}?
3101 5765 3221 5848 vide
3263 5775 3419 5829 supra
3450 5768 3507 5859 1η
3526 5755 3572 5818 Ι..

337 5852 457 5933 pag.
483 5852 608 5926 {68,
646 5861 705 5916 lt
735 5875 750 5926 ;
779 5872 819 5914 t.
847 5858 911 5925 ll,
936 5873 1057 5928 pag.
1083 5852 1251 5920 47,711.
1294 5853 1623 5922 Nicephorius
1655 5852 1942 5922 Grcgoras,

2231 5828 2307 5912 iv,
2333 5844 2387 5912 6,
2418 5843 2453 5898 2
2487 5859 2498 5896 :
2545 5841 2758 5912 συμϐὰν
2786 5828 2986 5892 οὑτωσὶ
3021 5835 3275 5915 θειοτέρα.
3319 5828 3565 5900 προνοίᾳ.
