4070 6424
294 347 398 412 885

1382 325 1554 388 νιΤΑ
1593 317 1950 383 BARLAAM
1986 317 2081 376 ET
2118 311 2470 378 JOASAPII.

3437 280 3545 343 886

295 447 596 524 τριμμένος
616 488 633 514 ,
681 444 777 500 καὶ
796 483 811 508 ,
844 441 1038 497 τοῦτον
1066 440 1202 513 πρὸς
1237 438 1429 493 ἑαυτὸν
1461 433 1706 507 ἀγαγὼν,
1736 431 1864 502 ἔφη*
1896 461 1908 493 λ

2006 435 2246 505 ffugeret.
2278 431 2408 486 Cum
2439 433 2613 481 autem
2641 413 2903 477 insomnis
2927 420 3135 470 noctem
3165 415 3329 463 totam
3357 404 3539 471 exige—

2314 522 2322 524 _
2441 518 2473 524 __
2551 515 2563 524 ,
2613 514 2630 524 ,
2729 511 2759 524 _,
2847 522 2860 524 _
2914 501 3182 524 mm,“
3214 500 3265 524 ζ*
3300 504 3530 524 mnmm

296 522 598 615 Μέμνημαί
639 557 736 595 σου
765 536 1049 610 εἰρηκότος
1078 534 1188 606 (66)
1224 531 1566 605 θεραπευτὴν
1602 528 1870 600 ῥημάτων

2006 535 2076 591 et,
2099 525 2213 594 ejus
2239 522 2327 592 qui

296 635 700 705 κεκακωμένων
729 631 996 703 ὑπάρχειν
1036 645 1118 683 σε.
1147 627 1205 681 Ὀ
1233 626 1311 689 δὲ,
1341 646 1360 677 ι
1388 622 1519 685 Ναὶ,
1560 620 1716 692 φησί’
1749 618 1871 683 καὶ,

296 730 345 781 εί
374 726 617 798 χρῄζεις,
639 722 979 794 ἐπιδείξομαι
998 721 1069 774 τὰ
1084 720 1186 790 τῆς
1218 718 1557 788 ἐπιστήμης.
1586 732 1606 767 ι
1639 710 1873 765 Ὑπολα-

534 819 563 871 ὁ
608 792 972 887 συγκλητικὸς
1012 814 1339 885 ἀφηγήσατο
1367 808 1520 880 αὐτῷ
1565 809 1664 878 τήν
1709 822 1769 860 τε
1817 804 1877 871 ἐξ

2006 799 2157 856 'erbis
2201 792 2484 851 medearis.

298 911 473 982 ἀρχῆς
504 910 638 981 πρὸς
667 908 761 962 τὸν
793 907 1019 978 βασιλέα
1048 906 1261 959 εὔνοιαν
1296 900 1493 966 αὑτοῦ,
1520 900 1616 954 καὶ
1645 899 1713 970 ῆν
1752 896 1878 951 ἐκέ-

299 1019 470 1075 κτητο
499 1000 835 1073 παρρησίαν,
857 999 954 1053 καὶ
974 998 1074 1069 τὴν
1099 997 1327 1067 ἔναγχος
1356 991 1713 1066 προτεθεῖσαν
1732 987 1881 1059 αύτῷ

298 1092 528 1164 δολερὰν
548 1091 788 1162 ὁμιλίαν,
814 1090 911 1144 καὶ
939 1091 1088 1153 ὅπως
1116 1088 1279 1151 αὐτὸς
1312 1086 1411 1157 μὲν
1440 1083 1622 1153 ἀγαθά
1643 1080 1880 1153 ἀπεκρί-

298 1204 468 1253 νατο,
499 1188 706 1249 ἐκεῖνος
737 1184 795 1238 δέ
824 1183 1106 1254 δυσχερῶς
1144 1182 1439 1251 δεξάμενος
1467 1179 1559 1232 τὸν
1591 1177 1774 1246 λόγον,
1812 1177 1880 1246 τῇ

296 1276 402 1329 τοῦ
452 1275 753 1348 προσώπου
802 1274 1086 1330 ἀλλοιώσει
1126 1274 1227 1344 τὴν
1279 1270 1682 1343 ἐνδομυχοῦσαν
1734 1265 1884 1336 αύτῷ

296 1368 475 1441 ὀργὴν
502 1367 827 1434 ἐνεδείξατο.

390 1640 452 1695 '0
484 1638 540 1693 δὲ
576 1637 748 1710 πένης
784 1638 996 1702 ἐκεῖνος
1041 1636 1139 1690 καὶ
1176 1634 1412 1705 ἀσθενὴς
1452 1632 1889 1703 διασκεψάμενος

2358 518 2504 589 pedis
2551 511 2869 568 infractione
2913 501 3185 558 laborabat
3214 500 3267 551 in
3300 504 3533 550 mentem

1977 619 2078 686 ipsi
2122 588 2271 670 venit
2290 655 2306 679 ,
2337 588 2565 676 eumque
2588 604 2655 658 ad
2680 618 2743 657 se
2770 598 2999 654 accitum
3029 595 3100 648 ita
3128 600 3209 646 est
3236 588 3535 641 allocutus:

1978 707 2232 766 Memoria
2281 712 2460 768 teneo,
2492 708 2544 753 te
2591 695 2724 749 mihi
2774 693 2877 745 hoc
2917 685 3157 749 dixisse,
3185 679 3328 749 quod
3368 673 3545 731 noxiis

2532 788 2624 843 Ille
2668 792 2846 839 autem
2874 797 2888 833 :
2912 780 3009 835 Est
3055 776 3159 837 ita,
3193 770 3380 835 inquit,
3411 765 3545 820 etsi

1980 902 2118 960 opus
2144 894 2247 949 est,
2278 881 2514 938 scientiae
2544 891 2675 932 meae
2699 874 2968 944 specimen
2998 865 3171 922 edam.
3206 861 3431 917 Senator
3451 871 3548 910 au—

1981 988 2093 1039 tem
2136 988 2440 1035 sermonem
2485 970 2755 1039 excipiens
2776 1007 2794 1033 ,
2824 964 2926 1035 ipsi
2955 970 3191 1015 veterem
3221 968 3372 1010 suam
3421 964 3547 1020 erga

1982 1085 2161 1141 regem
2182 1062 2604 1124 benevolentiam
2626 1069 2678 1115 et
2697 1055 3065 1113 auctoritatem
3087 1063 3247 1120 quam
3268 1043 3404 1113 apud
3427 1056 3549 1097 eum

1984 1136 2252 1217 obtineret
2295 1151 2563 1224 exposuit,
2592 1156 2967 1213 recentemque
3015 1140 3141 1196 item
3188 1136 3291 1191 sibi
3334 1139 3551 1188 versuto

1987 1251 2164 1307 animo
2187 1220 2483 1303 adhibitum
2512 1251 2837 1302 sermonem,
2867 1244 2924 1290 et
2949 1226 3400 1304 quemadmodum
3437 1220 3557 1293 ipse

1990 1342 2199 1413 quidem
2230 1338 2395 1408 probe
2418 1331 2799 1405 respondisset,
2831 1326 2923 1382 ille
2951 1335 3132 1380 autem
3158 1319 3323 1390 ipsius
3353 1330 3558 1371 sermo-

1990 1445 2113 1489 nem
2155 1429 2380 1485 molesto
2425 1403 2607 1479 animo
2650 1418 2937 1486 accipiens,
2968 1428 3064 1484 per
3102 1411 3280 1466 vultus
3313 1403 3561 1462 mutatio-

1994 1537 2143 1590 nem,
2172 1523 2305 1577 iram
2334 1520 2390 1573 in
2415 1515 2602 1572 intimo
2630 1520 2844 1582 pectore
2872 1508 3171 1563 latitantem
3216 1498 3559 1558 ostendisset.

2055 1632 2263 1699 Pauper
2286 1636 2461 1682 autem
2489 1623 2577 1678 ille
2604 1630 2659 1676 et
2697 1618 2961 1681 infirmus,
2991 1629 3050 1669 re
3076 1626 3197 1667 cum
3238 1609 3424 1663 animo
3451 1619 3549 1659 suo

300 1729 687 1802 εφηΤνωστὸν
703 1697 850 1783 ξστω
871 1746 951 1782 σοι
971 1697 1104 1798 (67),
1126 1697 1460 1794 ἐνδοξότατε,
1482 1697 1888 1795 πονηράν-ἒχειν

2006 1697 2342 1783 tonsiderata,
2371 1714 2544 1770 dixit:
2569 1710 2767 1767 Noscas
2793 1713 3032 1776 oportet,
3063 1703 3145 1755 vir
3169 1697 3554 1759 illustrissitne,

347 1784 359 1801 .
403 1784 415 1802 .
670 1784 675 1785 ν
976 1784 990 1798 ι
1064 1784 1102 1797 ι.
1258 1784 1277 1794 -
1449 1784 1459 1791 .
1609 1784 1640 1795 ..
1774 1784 1806 1793 ..

298 1826 449 1897 πρὸς
467 1824 527 1878 σὲ
549 1822 817 1894 ὑπόληψιν
836 1822 927 1876 τὸν
953 1820 1200 1893 βασιλέα,
1217 1820 1291 1883 ὼς
1307 1820 1391 1873 ὅτι
1412 1818 1706 1888 κατασχεῖν
1722 1813 1888 1869 αὐτοῦ

2006 1825 2172 1883 regem
2197 1810 2388 1864 malam
2432 1820 2496 1859 ac
2537 1803 2805 1857 sinistram
2845 1798 3131 1852 adversum
3163 1801 3216 1847 te
3243 1789 3554 1858 opinionem

300 1920 411 1988 τὴν
445 1918 724 1989 βασιλείαν
751 1916 970 1987 ζητεῖς,
1006 1915 1102 1969 καὶ
1131 1914 1413 1987 πειράζων
1447 1929 1507 1965 σε
1550 1907 1704 1964 εἶπεν
1748 1910 1893 1979 άπερ

302 2008 491 2064 εἶπεν.
529 2008 799 2072 Ἀναστὰς
823 2003 940 2071 οὖν,
975 2007 1071 2061 καὶ
1096 2006 1288 2078 κείρας
1314 2022 1408 2059 σου
1447 2003 1547 2075 τὴν
1572 2003 1769 2072 κόμην,
1799 2003 1895 2053 καὶ

305 2102 565 2156 ἐκϐαλὼν
596 2100 667 2155 τά
708 2100 942 2171 λαμπρά
975 2099 1170 2170 ἱμάτια
1195 2096 1395 2160 ταῦτα,
1444 2097 1555 2167 26
1589 2096 1811 2166 τρίχινα
1836 2092 1895 2145 δέ

304 2194 737 2266 ἀμφιασάμενος
755 2231 772 2258 ,
803 2193 922 2264 ἅμα
954 2190 1099 2263 πρωϊ
1127 2189 1393 2263 πρόσελθε
1420 2188 1501 2259 τῷ
1528 2188 1754 2259 βασιλεῖ.
1788 2185 1894 2241 Τοῦ

305 2288 369 2341 δὲ
404 2284 835 2357 πυνθανομένου,
870 2283 938 2337 Τί
968 2299 1054 2337 σοι
1084 2282 1145 2335 τὸ
1178 2282 1369 2353 σχῆμα
1401 2279 1562 2334 τοῦτο
1606 2277 1893 2349 βούλεται;

305 2381 673 2454 ἀποκρίθητιο
701 2380 840 2453 Περὶ
864 2371 939 2433 ὧν
964 2395 1055 2450 μοι
1086 2377 1213 2449 χθὲς
1242 2375 1550 2447 ώμίλησας,
1578 2366 1624 2426 ὣ
1650 2369 1894 2443 βασιλεῦ,

308 2476 430 2529 ἰδοὺ
462 2474 695 2546 πάρειμι
717 2474 774 2525 ἐν
796 2472 1001 2542 ἑτοίμῳ
1034 2469 1144 2541 (68)
1173 2468 1269 2523 τοῦ
1292 2465 1661 2536 ἀκολουθῆσαί
1687 2481 1770 2518 σοι
1798 2462 1899 2534 τὴν

308 2568 436 2621 tam
465 2570 532 2638 ἣν
567 2564 962 2639 προεθυμήθης
1004 2562 1254 2617 ὁδεῦσαι·
1302 2562 1351 2615 εί
1384 2560 1494 2632 γὰρ
1534 2559 1630 2614 καὶ
1673 2556 1898 2628 ποθεινή

308 2665 469 2718 ἐστιν
514 2664 549 2733 ἡ
603 2661 787 2733 τρυφὴ
822 2660 916 2714 καὶ
958 2658 1186 2730 ἡδίστη,
1241 2655 1381 2710 ἀλλά
1428 2656 1501 2727 μή
1553 2671 1642 2725 μοι
1692 2652 1903 2721 γένοιτο

310 2756 465 2829 μετά
495 2757 555 2811 σὲ
584 2753 790 2824 ταύτην
812 2750 1197 2819 ἀναδέξασθαιο
1225 2751 1259 2821 ἡ
1288 2748 1344 2802 δὲ
1373 2747 1473 2819 τῆς
1514 2746 1717 2818 ἀρετῆς
1746 2746 1864 2809 ὁδὸς
1883 2785 1900 2811 ,

312 3034 576 3106 ποθεινὴ·
623 3031 701 3093 ὡς
746 3030 856 3101 γὰρ
903 3028 1164 3084 κοινωνόν
1208 3043 1275 3095 με
1319 3025 1478 3095 ἔσχες
1525 3023 1635 3076 τῶν
1669 3022 1906 3077 ἐνταῦθα

317 3124 532 3186 καλῶν,
572 3123 719 3177 οὕτω
761 3119 990 3175 καὶτῶν
1026 3117 1288 3188 λυπηρῶν
1316 3114 1493 3181 ἕξεις,
1541 3113 1629 3166 ἵνα
1671 3114 1769 3167 atat
1798 3111 1907 3165 τῶν
1935 3124 1979 3184 ς,
2015 3096 2167 3151 Oblec

325 3217 639 3288 μελλόντων
667 3212 1092 3284 συγκοινωνήσω
1120 3227 1224 3264 σοι.
1262 3210 1322 3264 '0
1343 3208 1400 3262 δὲ
1421 3207 1674 3279 λαμπρὸς
1701 3209 1908 3271 ἐκεῖνος

327 3312 493 3381 ἀνὴρ,
513 3308 917 3378 ἀποδεξάμενος
937 3305 1007 3359 τὰ
1027 3305 1093 3375 ρή
1103 3320 1249 3374 ματα
1268 3301 1365 3355 τοῦ
1384 3299 1670 3363 ἀσθενοῦς.
1685 3299 1911 3367 ἐποίησε

332 3404 483 3458 καθά
510 3402 575 3473 δὴ
612 3401 709 3453 καὶ
754 3396 904 3470 αύτῷ
947 3396 1278 3465 λελάληκεν⁸
1324 3392 1387 3446 ὃν
1430 3390 1555 3445 ίδὼν
1592 3392 1621 3443 ὁ
1661 3389 1914 3460 βασιλεὺς

333 3498 435 3551 καὶ
460 3493 731 3558 ἀκούσας,
761 3491 908 3563 ἥσθη
941 3490 1042 3562 μὲν
1089 3488 1183 3541 ἐπὶ
1228 3485 1437 3556 τούτῳ,
1480 3484 1757 3556 ἀγάμενος
1794 3483 1917 3538 λίαν

327 3593 438 3663 τὴν
466 3592 547 3653 είς
584 3587 749 3643 αὐτὸν
777 3583 1013 3649 εὔνοιαν,
1054 3580 1231 3653 ψευδῆ
1270 3578 1329 3633 δὲ
1369 3577 1439 3632 τὰ
1468 3577 1589 3632 κατ’
1630 3575 1795 3631 αὐτοῦ
1823 3576 1919 3629 λα-

328 3683 574 3753 ληθέντα
617 3679 817 3749 γνοὺς,
845 3674 1095 3738 πλείονος
1137 3674 1301 3727 αὑτὸν
1345 3672 1515 3744 τιμῆς
1555 3672 1649 3726 καὶ
1695 3671 1797 3742 τῆς
1838 3671 1919 3735 είς

329 3774 506 3829 αὑτὸν
534 3772 852 3845 παρρησίας
880 3765 1174 3822 ἀπολαύειν
1200 3764 1520 3836 πεποίηκεν.
1551 3762 1709 3817 Κατὰ
1733 3762 1791 3815 δέ
1813 3762 1922 3815 τῶν

335 3866 691 3939 μοναζόντων
729 3863 904 3935 ὀργῆς
949 3856 1107 3925 αὖθις
1154 3857 1647 3931 ὑπερεπίμπλατο,
1696 3856 1923 3909 ἐκείνων

334 3955 490 4012 εἶναι
516 3955 692 4010 ταῦτα
718 3954 893 4023 λέγων
926 3955 995 4007 τά
1015 3952 1347 4021 διδάγματα,
1379 3950 1442 4005 τὸ
1469 3948 1768 4020 ἀπέχεσθαι
1798 3947 1926 4011 τοὺς

335 4049 672 4121 ἀνθρώπους
701 4047 814 4102 τῶν
843 4044 940 4100 τοῦ
981 4044 1098 4118 βίου
1130 4044 1304 4117 ἡδέων
1336 4042 1429 4097 καὶ
1474 4041 1691 4113 ἀδήλοις
1716 4039 1926 4111 ὀνειρο-

340 4142 641 4201 πολεῖσθαι
672 4140 909 4199 ἐλπίσιν.

441 4417 830 4493 Ἐξερχόμενος
866 4415 924 4470 δέ
951 4408 1107 4478 αὖθις
1140 4412 1222 4477 εἰς
1256 4410 1450 4482 θήραν,
1496 4408 1601 4480 ὁρᾷ
1632 4404 1727 4460 δύο
1767 4422 1935 4477 μονα-

352 4515 490 4587 χοὺς
520 4511 664 4567 κατά
687 4510 786 4583 τὴν
816 4508 1023 4580 ἔρημον
1048 4503 1453 4577 διερχομένους,
1473 4499 1568 4564 οὒς
1594 4497 1939 4571 κρατηθῆναι

354 4608 461 4686 καὶ
487 4604 564 4675 τῷ
584 4602 753 4658 αὑτοῦ
784 4599 1163 4674 προσαχθῆναι
1188 4596 1427 4666 ὀχήματι
1458 4593 1747 4657 κελεύσας,
1780 4590 1939 4663 ὀργί-

353 4681 473 4759 λως
500 4711 561 4749 τε
592 4694 777 4756 αὐτοῖς
810 4689 997 4745 ἐνιδὼν
1026 4690 1161 4758 (b9),
1192 4687 1298 4756 27
1338 4685 1433 4739 καὶ
1460 4683 1595 4757 πῦρ,
1629 4682 1694 4736 τὸ
1725 4681 1819 4736 τοῦ
1848 4680 1942 4736 λό-

358 4802 466 4855 γου
489 4824 505 4851 ,
536 4783 774 4847 πνεύσας
795 4823 809 4849 ,
844 4781 969 4852 ἔφη·
1009 4780 1124 4833 υύκ
1160 4776 1436 4849 ἠκούσατε
1462 4816 1479 4843 ,
1524 4768 1569 4829 ὦ
1606 4774 1800 4828 πλάνοι
1847 4771 1944 4827 καὶ

360 4878 719 4945 ἀπατεῶνες,
769 4876 882 4930 τῶν
920 4872 1182 4945 κηρύκων
1226 4868 1526 4942 διαρρήδην
1575 4866 1825 4939 βοώντων
1867 4866 1943 4937 μή

444 5090 554 5159 (es)
576 5089 733 5145 Conf.
762 5103 817 5151 υ.
846 5087 938 5159 es,
973 5085 1063 5141 ιο.

452 5146 560 5231 ξεῖ)
603 5164 739 5215 Dan.
766 5146 847 5231 in,
880 5146 949 5231 to
972 5173 987 5211 ε
1010 5153 1420 5231 γνωστδνέσῑω
1444 5146 1828 5231 σοιοηβαςιλεῢν
1856 5147 1983 5229 tat--

374 5224 480 5301 Ap'.
508 5221 569 5297 η’,
598 5232 666 5287 14
695 5248 724 5301 :_
742 5221 911 5301 τοῦτο
930 5221 1321 5301 ὑμῖν-γνωστδν
1351 5221 1519 5301 ἔστω,

378 5289 463 5359 σοι
494 5289 659 5367 ἔστω,
690 5294 736 5355 ὦ
773 5289 1017 5370 βασιλεῦ,
1049 5289 1317 5370 di';..._Sit_:
1345 5292 1532 5370 et‘Leo
1554 5289 1710 5370 piae:
1740 5304 1793 5370 v,

1991 1900 2340 1971 cencepisse,
2389 1909 2581 1963 nempe
2629 1890 2768 1961 quod
2820 1888 2987 1959 ipsius
3032 1896 3253 1954 regnum
3295 1891 3557 1949 occupare

1994 1969 2234 2058 studeas,
2259 1996 2419 2058 atque
2459 1981 2696 2040 tentandi
2742 1980 2817 2035 tui
2864 1976 3041 2032 studio
3088 1988 3151 2029 ea
3194 1969 3394 2025 dixisse
3439 1979 3560 2035 quae

1997 2085 2164 2150 dixit;
2205 2079 2553 2152 quamobrem
2599 2074 2685 2130 fac
2731 2084 3006 2142 exsurgas,
3051 2082 3115 2122 ac
3154 2075 3309 2119 tonso
3350 2060 3559 2130 capite,

1998 2175 2399 2248 splendidisque
2427 2171 2510 2225 liis
2539 2166 2774 2223 vestibus
2801 2161 3041 2233 abjectis,
3063 2169 3222 2228 atque
3241 2154 3426 2208 induto
3447 2152 3561 2206 cili-

2000 2270 2104 2333 cio,
2128 2280 2248 2321 cum
2275 2242 2503 2333 primum
2528 2258 2740 2321 luxerit,
2755 2255 2820 2308 ad
2840 2264 3018 2319 regem
3043 2246 3224 2302 adeas.
3248 2242 3359 2298 Hoc
3381 2250 3561 2297 autem

2008 2332 2313 2415 sciscitante
2339 2351 2591 2425 quidnam
2619 2346 2719 2404 sibi
2747 2348 2826 2400 sic
2855 2341 3066 2396 habitus
3091 2336 3239 2402 velit,
3266 2332 3563 2403 responde:

2010 2452 2092 2513 De
2115 2454 2183 2509 iis
2207 2452 2367 2508 rebus
2393 2448 2463 2503 de
2490 2444 2681 2517 quibus
2707 2452 2915 2496 mecum
2942 2434 3191 2490 hesterno
3218 2429 3305 2483 die
3331 2427 3566 2482 collocu-

2004 2557 2097 2604 tus
2138 2560 2235 2610 es,
2265 2560 2299 2599 ο
2346 2556 2474 2607 rex,
2521 2553 2588 2593 en
2630 2536 2841 2597 adsum,
2871 2538 3086 2600 paratus
3132 2532 3185 2578 te
3238 2522 3291 2576 in
3335 2520 3434 2573 hac
3484 2532 3569 2569 ina

2009 2652 2166 2708 quam
2198 2631 2404 2704 ingredi
2429 2624 2749 2686 constituisti
2774 2620 2923 2692 sequi
2949 2635 2966 2675 :
2996 2618 3128 2673 Nam
3152 2614 3254 2671 etsi
3284 2610 3488 2667 deliciae
3510 2621 3574 2661 ac

2014 2730 2313 2798 Voluptates
2338 2722 2584 2795 jucunda:
2626 2726 2769 2779 sunt,
2802 2713 2940 2768 absit
2968 2719 3142 2765 tamen
3172 2717 3231 2762 ut
3255 2718 3347 2759 eas
3375 2709 3496 2772 post
3522 2710 3574 2754 te

2010 2795 2294 2878 retineam.
2323 2819 2394 2872 At
2416 2828 2544 2869 vero
2570 2809 2780 2864 virtutis
2810 2807 2911 2859 iter
2933 2845 2950 2871 ,
2981 2800 3122 2872 quod
3149 2795 3352 2867 ingredi
3397 2806 3574 2862 paras,

2012 2913 2143 2967 licet
2186 2908 2408 2963 arduum
2457 2911 2513 2959 et
2561 2912 2806 2969 asperum
2852 2896 2941 2957 sit,
2972 2903 3169 2955 tamen,
3197 2886 3357 2943 modo
3404 2894 3577 2937 tecum

2012 3005 2137 3071 sim,
2166 3001 2319 3056 facile
2340 3005 2397 3054 et
2420 2993 2652 3067 proclive
2682 3003 2741 3044 ac
2763 2985 3053 3057 jucundum
3083 2982 3203 3037 erit.
3234 2979 3303 3034 Ut
3322 2975 3466 3032 enim
3493 2989 3580 3027 me

2172 3064 2525 3149 tamentorum
2572 3083 2730 3152 hujus
2778 3080 2900 3133 vita:
2938 3075 3143 3130 socium
3186 3067 3458 3131 habuisti,
3507 3064 3581 3118 ita

2020 3188 2183 3243 etiam
2212 3181 2576 3240 molestiarum
2607 3174 2884 3228 habiturus
2928 3181 3005 3231 es,
3037 3179 3143 3234 quo
3169 3162 3329 3216 etiam
3356 3158 3409 3212 in
3439 3154 3583 3209 futu-

2023 3292 2204 3336 rorum
2230 3276 2488 3330 honorum
2511 3266 2821 3322 societatem
2847 3269 3019 3314 tecum
3042 3256 3270 3309 veniam.
3292 3250 3584 3305 Praeclarus

2024 3333 2185 3437 igitur
2213 3366 2302 3421 ille
2329 3365 2408 3418 vir
2434 3360 2630 3437 infirmi
2659 3352 2889 3408 hominis
2918 3346 3078 3403 verba
3101 3340 3482 3437 comprobans,
3510 3333 3589 3388 fe.

2012 3425 2090 3499 cit
2121 3439 2580 3510 quemadmodum
2609 3434 2730 3505 ipse
2763 3436 3076 3486 monuerat.
3100 3426 3233 3480 Eum
3263 3425 3449 3493 itaque
3486 3436 3583 3477 rex

2009 3537 2203 3593 videns
2226 3541 2390 3601 atque
2412 3528 2665 3593 audiens,
2697 3525 2801 3580 hac
2822 3520 3041 3592 quidem
3070 3519 3139 3574 de
3160 3532 3326 3574 causa
3353 3515 3591 3570 delecta-

2013 3640 2103 3687 tus
2133 3633 2241 3693 est,
2274 3624 2449 3695 ipsius
2475 3620 2738 3676 nimirum
2769 3630 2899 3686 erga
2927 3629 2988 3669 se
3025 3610 3460 3668 benevolentiam
3493 3608 3593 3661 ad-

2012 3724 2253 3785 mirans;
2293 3726 2458 3787 atque
2500 3713 2638 3769 falsa
2666 3725 2789 3767 esse
2825 3722 2948 3781 quae
2990 3705 3257 3761 adversus
3282 3696 3407 3757 eum
3440 3698 3506 3753 ad
3538 3712 3597 3751 se

2014 3816 2194 3872 delata
2224 3811 2447 3867 fuerant
2474 3806 2808 3876 intelligens,
2830 3801 3041 3872 majore
3059 3813 3182 3855 eum
3202 3795 3412 3850 honore
3434 3800 3599 3860 atque

2016 3908 2162 3981 apud
2183 3921 2244 3961 se
2262 3902 2589 3959 auctoritate
2610 3913 2675 3953 ac
2690 3893 3063 3951 familiaritate
3078 3886 3598 3946 donavit.Caeterum

2017 4001 2282 4057 adversus
2307 3992 2609 4049 monachos
2635 4002 2853 4044 rursum
2878 3986 2959 4040 ira
2986 3982 3212 4045 exarsit,
3236 3992 3427 4035 eorum
3452 3974 3603 4031 scili-

2019 4104 2107 4151 cet
2131 4095 2245 4147 hazc
2267 4094 2538 4160 praecepta
2557 4100 2680 4141 esse
2700 4082 2909 4143 dicens,
2924 4084 2985 4133 ut
3006 4074 3260 4130 homines
3283 4071 3350 4124 ab
3371 4069 3603 4135 hujusce

2024 4187 2150 4241 vitae
2178 4179 2553 4251 voluptatibus
2573 4174 2908 4235 abstineant,
2931 4177 3097 4238 atque
3116 4166 3327 4220 incerta
3349 4176 3466 4231 spe,
3484 4166 3608 4213 tan-

2023 4293 2189 4351 quam
2215 4291 2310 4346 per
2336 4271 2634 4333 somnium,
2668 4282 2793 4322 sese
2821 4262 2976 4319 illudi
3003 4262 3237 4317 sinant.‘

2098 4392 2233 4448 Cum
2267 4394 2451 4443 autem
2494 4396 2691 4440 rursus
2733 4377 2803 4435 ad
2852 4374 3202 4432 venationem
3233 4368 3609 4441 egrederetur,

2028 4485 2170 4542 duos
2200 4480 2502 4539 monachos
2532 4491 2631 4549 per
2657 4474 2937 4530 desertum
2975 4469 3082 4525 iter
3117 4466 3380 4521 facientes
3413 4460 3610 4517 cernit.

2034 4579 2183 4647 Quos
2213 4575 2396 4633 statim
2409 4561 2975 4641 comprehendi,etad
2987 4574 3209 4617 currum
3235 4572 3394 4613 suum
3415 4551 3612 4609 adduci

2029 4670 2220 4743 jussit.
2252 4670 2432 4736 Atque
2460 4660 2743 4718 iracundis
2788 4655 2966 4712 oculis
3010 4668 3107 4709 eos
3135 4652 3374 4714 intuens,
3401 4647 3616 4717 ignem-

2034 4736 2161 4835 que,
2183 4759 2373 4817 utdici
2406 4756 2565 4821 solet,
2587 4753 2845 4823 spirans:
2869 4748 3065 4802 Annon
3106 4740 3391 4804 audiistis,
3415 4736 3619 4808 inquit,

2038 4868 2083 4908 or
2110 4852 2441 4922 impostores
2476 4851 2533 4901 et
2575 4838 3120 4909 circumscriptores,
3143 4844 3429 4904 praecones
3468 4840 3621 4883 meos

1994 5184 2010 5202 .
2036 5142 2238 5198 Esdras
2258 5158 2334 5203 ιν,
2359 5140 2429 5194 12
2458 5156 2473 5194 :
2503 5134 2744 5203 γνωστὸν
2766 5129 2919 5203 ,ἔστω
2960 5118 3298 5203 τῷξβασιλεξ
3323 5115 3474 5203 an...
3500 5114 3624 5203 Δι’).

2858 5183 3181 5287 antibat);
3198 5189 3302 5244 11³5
3329 5206 3343 5242 :
3384 5183 3629 5255 γνωστόν

1983 5262 2655 5359 .i-SQEIwZVa'c—hariasﬁEpist.
2679 5289 2710 5328 e
2738 5262 2959 5359 Perside
2994 5262 3049 5337 ρ.
3075 5262 3204 5319 515.

451 5326 463 5357 ι
494 5326 659 5367 εστω,
690 5326 736 5355 ω
773 5326 1017 5370 Ραυυιιυ,
1049 5326 1192 5360 ως...
1226 5326 1317 5351 ou;
1345 5326 1400 5346 ω
1424 5326 1532 5346 μῦν
1560 5326 1710 5344 υιαι..
1747 5326 1793 5354 ν,
1823 5326 1878 5354 ν,

451 5374 562 5444 (68)
591 5374 650 5438 Β,
678 5371 938 5444 ἐνετυμή,
963 5369 1067 5444 ᾼη,
1094 5369 1154 5421 ἐν
1200 5362 1429 5444 ἐτοί-μῃαῖ
1462 5362 1568 5444 S_ed
1599 5362 1658 5444 sy
1685 5359 1889 5444 ἐτοίμιρ

2009 5360 2088 5444 uit
2115 5328 2324 5409 ’auctor
2364 5366 2395 5406 e
2440 5326 2870 5406 Paulosu'mere,
2910 5326 3069 5409 quént
3119 5330 3346 5389 multum
3399 5326 3629 5397 legerat.

378 5428 584 5519 Pa‘u‘lttfs
601 5428 761 5519 enini
778 5428 932 5519 μἐέι
955 5428 1095 5519 ςξριί.Δ
1120 5453 1173 5498 x,
1201 5437 1235 5492 6
1258 5428 1592 5519 ,ξέν”ἐτοίμῳ
1620 5428 1836 5501 ἔχοντες
1864 5428 2176 5519 ἐκδικῆσιαι.

455 5465 584 5499 111118
614 5465 756 5497 CIIII"
792 5465 831 5494 II
864 5465 932 5494 au
955 5465 1082 5491 uur.
1120 5465 1173 5498 λ,
1201 5465 1235 5492 υ
1266 5465 1279 5490 ς
1305 5465 1362 5488 ιν
1388 5465 1592 5504 ειᾟυιμψ
1620 5465 1833 5501 suum,
1868 5465 1908 5481 5.

455 5515 567 5586 (69)
600 5514 662 5586 Β,
683 5510 825 5586 είδρν
850 5524 866 5540 ·
896 5508 1103 5586 scilicet
1130 5521 1226 5576 pro
1254 5504 1400 5586 ίδὼν,
1428 5505 1631 5586 omissa
1659 5500 1908 5586 pgposit

2008 5465 2059 5552 ei
2089 5493 2321 5551 Basilius
2347 5489 2566 5545 Macedo
2606 5485 2774 5540 Prmc.
2810 5496 2859 5536 c.
2903 5478 3015 5535 65:
3051 5473 3128 5546 μὴ
3157 5466 3249 5527 οῦν
3287 5466 3433 5541 μέγα
3459 5465 3633 5535 ἐπαρ-

2023 5566 2253 5586 "’—““
2312 5562 2451 5586 ”··“·¹
2485 5575 2588 5586 -υη-
2636 5551 2962 5586 “-ω···¹ονῖηι
3013 5558 3222 5586 momm-
3259 5553 3445 5586 νει-ειη.
3474 5536 3630 5586 Eun-

386 5580 510 5658 θῇὲο
541 5580 728 5658 Who
757 5581 846 5658 Eva
864 5580 943 5658 ait

390 5624 735 5737 piiiéif’c‘ujué
757 5624 1302 5705 Balsfutis'mé'nnné};
1410 5624 1871 5715 ‘Evrrdi'psrixt'ydtp
1893 5624 1908 5700 ’χ

420 5734 427 5737 .
550 5727 580 5737 ..
619 5726 650 5736 -.
790 5736 800 5737 κ
832 5721 913 5737 ιε--
940 5719 950 5737 9
979 5720 1075 5737 In---
1109 5726 1223 5737 -_..-
1254 5725 1393 5737 .-_-.
1445 5715 1571 5737 --φ-ι
1628 5711 1856 5737 ο..-ει;....
1899 5726 1908 5737 ι

2006 5639 2110 5703 ζον,
2133 5624 2446 5737 ἴνᾶἐιεῗζον
2482 5624 2651 5699 πέσῃξ
2700 5624 2965 5678 Praeterea
2998 5628 3080 5672 est

2006 5723 2080 5737 η...
2112 5721 2139 5737 η
2210 5704 2240 5737 rt
2302 5720 2316 5734 .
2374 5700 2600 5737 ιρις-Μίαν
2650 5693 2884 5737 ,ιιη-ιιιίαε
2911 5688 3080 5737 ἐξέογε

393 5651 735 5726 νίὶιεί,’‹ἐιι]ιιε
757 5651 987 5705 Basilius
1010 5651 1332 5702 meminerat
1362 5668 1373 5700 :
1411 5651 1731 5715 Ἐπαίρεται
1761 5651 1871 5710 γαρ
1907 5651 2110 5709 μεῐςον,
2136 5651 2222 5688 ινα
2304 5651 2316 5686 ε

393 5726 655 5782 I’nradisii
684 5741 698 5778 :
747 5721 917 5776 codex
940 5719 1079 5771 idem
1105 5726 1229 5783 apte
1253 5725 1396 5773 tenet
1440 5715 1594 5786 φησί.
1626 5711 1858 5768 Basilius
1899 5723 2083 5765 rursus
2111 5721 2160 5762 c.
2208 5651 2316 5760 561:

395 5800 569 5854 (iudex
595 5795 822 5868 optime.
844 5786 1230 5857 διεξέρχεσθαι.

979 5536 1631 5647 ἱὶἓῖξοξἻτὲἔῖἔῖἳἏὲἕέ
1659 5536 1908 5647 ξὲῐόἴῗιῖξ

2006 5566 2275 5647 ξαπὲσῃς,
2310 5562 2452 5631 quod
2484 5575 2589 5613 non
2636 5551 2987 5647 praetulerim,
3013 5536 3630 5647 niet'uor‘versusdEm-i-

2133 5635 2156 5647 ”
2333 5633 2385 5647 ’ν
2536 5630 2547 5647 ’
2601 5644 2615 5647 ⁸
2747 5634 2964 5647 “MA-An
3000 5628 3075 5647 AM
3117 5631 3229 5647 mnu
3302 5612 3354 5647 in
3402 5623 3432 5647 ρ
3474 5607 3630 5647 ilimm

2482 5606 3080 5699 iisan,rl5rteterea'est
3117 5614 3260 5685 φημὶ
3302 5612 3354 5664 in
3402 5606 3639 5661 editione

2374 5700 2609 5771 ἱστορίας
2650 5693 2884 5767 ἀρχαίας
2911 5685 3225 5760 ἐξέρχεσθαι
3256 5680 3333 5753 μὴ
3359 5677 3647 5735 κατόκνει.,
