  <div class='ocr_page' id='page_1' title='image "/cluster/home/n/w/nwhite01/storage/ocr_20150623/96/hvd.32044019208065/449.png"; bbox 0 0 4070 6498; ppageno 0'>
   <div class='ocr_carea' id='block_1_1' title="bbox 512 379 613 441">
    <p class='ocr_par' dir='ltr' id='par_1_1' title="bbox 512 379 613 441">
     <span class='ocr_line' id='line_1_1' title="bbox 512 379 613 441; baseline 0 -1"><span class='ocrx_word' id='word_1_1' title='bbox 512 379 613 441; x_wconf 68' lang='lat'><strong>887</strong></span> 
     </span>
    </p>
   </div>
   <div class='ocr_carea' id='block_1_2' title="bbox 1939 368 2318 432">
    <p class='ocr_par' dir='ltr' id='par_1_2' title="bbox 1939 368 2318 432">
     <span class='ocr_line' id='line_1_2' title="bbox 1939 368 2318 432; baseline 0.005 -4"><span class='ocrx_word' id='word_1_2' title='bbox 1939 368 2318 432; x_wconf 79' lang='lat' dir='ltr'><strong>ADDENDA.</strong></span> 
     </span>
    </p>
   </div>
   <div class='ocr_carea' id='block_1_3' title="bbox 3666 374 3768 438">
    <p class='ocr_par' dir='ltr' id='par_1_3' title="bbox 3666 374 3768 438">
     <span class='ocr_line' id='line_1_3' title="bbox 3666 374 3768 438; baseline 0 0"><span class='ocrx_word' id='word_1_3' title='bbox 3666 374 3768 438; x_wconf 87' lang='lat'><strong>888</strong></span> 
     </span>
    </p>
   </div>
   <div class='ocr_carea' id='block_1_4' title="bbox 509 485 2086 566">
    <p class='ocr_par' dir='ltr' id='par_1_4' title="bbox 509 486 2077 566">
     <span class='ocr_line' id='line_1_4' title="bbox 509 486 2077 566; baseline -0.006 -13"><span class='ocrx_word' id='word_1_4' title='bbox 509 508 690 562; x_wconf 76' lang='lat' dir='ltr'><strong>aperte</strong></span> <span class='ocrx_word' id='word_1_5' title='bbox 732 496 1122 566; x_wconf 78' lang='lat' dir='ltr'><strong>proclamantes</strong></span> <span class='ocrx_word' id='word_1_6' title='bbox 1154 507 1218 547; x_wconf 91' lang='lat' dir='ltr'><strong>ne</strong></span> <span class='ocrx_word' id='word_1_7' title='bbox 1246 491 1363 561; x_wconf 85' lang='lat' dir='ltr'><strong>quis</strong></span> <span class='ocrx_word' id='word_1_8' title='bbox 1389 494 1547 544; x_wconf 82' lang='lat' dir='ltr'><strong>vestri</strong></span> <span class='ocrx_word' id='word_1_9' title='bbox 1575 487 1822 543; x_wconf 88' lang='lat' dir='ltr'><strong>diabolici</strong></span> <span class='ocrx_word' id='word_1_10' title='bbox 1855 486 2077 544; x_wconf 77' lang='lat' dir='ltr'><strong>instituti</strong></span> 
     </span>
    </p>
   </div>
   <div class='ocr_carea' id='block_1_5' title="bbox 2188 485 3767 566">
    <p class='ocr_par' dir='ltr' id='par_1_5' title="bbox 2188 485 3767 559">
     <span class='ocr_line' id='line_1_5' title="bbox 2188 485 3767 559; baseline 0.001 -18"><span class='ocrx_word' id='word_1_11' title='bbox 2188 506 2299 541; x_wconf 86' lang='grc' dir='ltr'>τινα</span> <span class='ocrx_word' id='word_1_12' title='bbox 2334 489 2431 559; x_wconf 79' lang='grc' dir='ltr'>τῆς</span> <span class='ocrx_word' id='word_1_13' title='bbox 2463 488 2619 559; x_wconf 86' lang='grc' dir='ltr'>ὑμῶν</span> <span class='ocrx_word' id='word_1_14' title='bbox 2653 486 3078 557; x_wconf 74' lang='grc' dir='ltr'><strong>κακοδαιμονίας</strong></span> <span class='ocrx_word' id='word_1_15' title='bbox 3116 485 3253 555; x_wconf 81' lang='grc' dir='ltr'><strong>μετά</strong></span> <span class='ocrx_word' id='word_1_16' title='bbox 3284 487 3434 556; x_wconf 80' lang='grc' dir='ltr'>τρεῖς</span> <span class='ocrx_word' id='word_1_17' title='bbox 3460 486 3676 557; x_wconf 68' lang='grc' dir='ltr'>ἡμέρας</span> <span class='ocrx_word' id='word_1_18' title='bbox 3707 491 3767 543; x_wconf 74' lang='grc' dir='ltr'>ὲν</span> 
     </span>
    </p>
   </div>
   <div class='ocr_carea' id='block_1_6' title="bbox 509 579 2073 658">
    <p class='ocr_par' dir='ltr' id='par_1_6' title="bbox 509 579 2073 658">
     <span class='ocr_line' id='line_1_6' title="bbox 509 579 2073 658; baseline -0.008 -15"><span class='ocrx_word' id='word_1_19' title='bbox 509 601 625 658; x_wconf 89' lang='lat' dir='ltr'><strong>post</strong></span> <span class='ocrx_word' id='word_1_20' title='bbox 667 588 892 641; x_wconf 91' lang='lat' dir='ltr'><strong>triduum</strong></span> <span class='ocrx_word' id='word_1_21' title='bbox 925 587 976 640; x_wconf 92' lang='lat' dir='ltr'><strong>in</strong></span> <span class='ocrx_word' id='word_1_22' title='bbox 1006 585 1135 640; x_wconf 83' lang='lat' dir='ltr'><strong>urbe</strong></span> <span class='ocrx_word' id='word_1_23' title='bbox 1178 595 1266 637; x_wconf 90' lang='lat' dir='ltr'><strong>aut</strong></span> <span class='ocrx_word' id='word_1_24' title='bbox 1297 583 1400 636; x_wconf 87' lang='lat' dir='ltr'><strong>ulla</strong></span> <span class='ocrx_word' id='word_1_25' title='bbox 1431 580 1580 651; x_wconf 76' lang='lat' dir='ltr'><strong>regni</strong></span> <span class='ocrx_word' id='word_1_26' title='bbox 1611 579 1711 635; x_wconf 89' lang='lat' dir='ltr'><strong>mei</strong></span> <span class='ocrx_word' id='word_1_27' title='bbox 1741 580 1960 649; x_wconf 80' lang='lat' dir='ltr'><strong>regione</strong></span> <span class='ocrx_word' id='word_1_28' title='bbox 1989 580 2073 632; x_wconf 91' lang='lat' dir='ltr'><strong>iu-</strong></span> 
     </span>
    </p>
   </div>
   <div class='ocr_carea' id='block_1_7' title="bbox 506 672 2074 745">
    <p class='ocr_par' dir='ltr' id='par_1_7' title="bbox 506 672 2074 745">
     <span class='ocr_line' id='line_1_7' title="bbox 506 672 2074 745; baseline -0.004 -13"><span class='ocrx_word' id='word_1_29' title='bbox 506 680 795 743; x_wconf 75' lang='lat' dir='ltr'><strong>veniretur,</strong></span> <span class='ocrx_word' id='word_1_30' title='bbox 825 687 915 731; x_wconf 87' lang='lat' dir='ltr'><strong>aut</strong></span> <span class='ocrx_word' id='word_1_31' title='bbox 945 677 1140 745; x_wconf 85' lang='lat' dir='ltr'><strong>alioqui</strong></span> <span class='ocrx_word' id='word_1_32' title='bbox 1186 688 1402 744; x_wconf 84' lang='lat' dir='ltr'><strong>prorsus</strong></span> <span class='ocrx_word' id='word_1_33' title='bbox 1431 674 1536 741; x_wconf 84' lang='lat' dir='ltr'><strong>igni</strong></span> <span class='ocrx_word' id='word_1_34' title='bbox 1566 672 1928 727; x_wconf 73' lang='lat' dir='ltr'><strong>cremaretur?</strong></span> <span class='ocrx_word' id='word_1_35' title='bbox 1960 674 2074 726; x_wconf 82' lang='lat' dir='ltr'><strong>Mo-</strong></span> 
     </span>
    </p>
   </div>
   <div class='ocr_carea' id='block_1_8' title="bbox 506 761 2075 833">
    <p class='ocr_par' dir='ltr' id='par_1_8' title="bbox 506 761 2075 833">
     <span class='ocr_line' id='line_1_8' title="bbox 506 761 2075 833; baseline -0.003 -12"><span class='ocrx_word' id='word_1_36' title='bbox 506 768 661 821; x_wconf 86' lang='lat' dir='ltr'><strong>nachi</strong></span> <span class='ocrx_word' id='word_1_37' title='bbox 708 776 885 821; x_wconf 88' lang='lat' dir='ltr'><strong>autem</strong></span> <span class='ocrx_word' id='word_1_38' title='bbox 910 784 923 819; x_wconf 89' lang='lat'>:</span> <span class='ocrx_word' id='word_1_39' title='bbox 952 766 1054 830; x_wconf 87' lang='lat' dir='ltr'><strong>En,</strong></span> <span class='ocrx_word' id='word_1_40' title='bbox 1103 764 1380 833; x_wconf 78' lang='lat' dir='ltr'><strong>inquiunt,</strong></span> <span class='ocrx_word' id='word_1_41' title='bbox 1427 778 1525 832; x_wconf 89' lang='lat' dir='ltr'><strong>pro</strong></span> <span class='ocrx_word' id='word_1_42' title='bbox 1552 776 1617 816; x_wconf 92' lang='lat' dir='ltr'><strong>eo</strong></span> <span class='ocrx_word' id='word_1_43' title='bbox 1658 776 1721 817; x_wconf 91' lang='lat' dir='ltr'><strong>ac</strong></span> <span class='ocrx_word' id='word_1_44' title='bbox 1754 761 1979 831; x_wconf 86' lang='lat' dir='ltr'><strong>jussisti,</strong></span> <span class='ocrx_word' id='word_1_45' title='bbox 2012 776 2075 816; x_wconf 88' lang='lat' dir='ltr'><strong>ex</strong></span> 
     </span>
    </p>
   </div>
   <div class='ocr_carea' id='block_1_9' title="bbox 507 854 2074 935">
    <p class='ocr_par' dir='ltr' id='par_1_9' title="bbox 507 854 2074 935">
     <span class='ocr_line' id='line_1_9' title="bbox 507 854 2074 935; baseline -0.003 -23"><span class='ocrx_word' id='word_1_46' title='bbox 507 859 725 913; x_wconf 80' lang='lat' dir='ltr'><strong>urbibus</strong></span> <span class='ocrx_word' id='word_1_47' title='bbox 771 860 876 913; x_wconf 93' lang='lat' dir='ltr'><strong>tuis</strong></span> <span class='ocrx_word' id='word_1_48' title='bbox 917 872 981 912; x_wconf 88' lang='lat' dir='ltr'><strong>ac</strong></span> <span class='ocrx_word' id='word_1_49' title='bbox 1020 856 1321 928; x_wconf 79' lang='lat' dir='ltr'><strong>regionibus</strong></span> <span class='ocrx_word' id='word_1_50' title='bbox 1365 855 1693 910; x_wconf 88' lang='lat' dir='ltr'><strong>excedimus.</strong></span> <span class='ocrx_word' id='word_1_51' title='bbox 1728 854 1924 909; x_wconf 82' lang='lat' dir='ltr'><strong>Verum</strong></span> <span class='ocrx_word' id='word_1_52' title='bbox 1954 868 2074 935; x_wconf 58' lang='lat' dir='ltr'><strong>cum</strong></span> 
     </span>
    </p>
   </div>
   <div class='ocr_carea' id='block_1_10' title="bbox 506 948 2075 1022">
    <p class='ocr_par' dir='ltr' id='par_1_10' title="bbox 506 948 2075 1022">
     <span class='ocr_line' id='line_1_10' title="bbox 506 948 2075 1022; baseline -0.004 -17"><span class='ocrx_word' id='word_1_53' title='bbox 506 953 716 1022; x_wconf 80' lang='lat' dir='ltr'><strong>longum</strong></span> <span class='ocrx_word' id='word_1_54' title='bbox 766 952 920 1008; x_wconf 86' lang='lat' dir='ltr'><strong>nobis</strong></span> <span class='ocrx_word' id='word_1_55' title='bbox 960 952 1061 1006; x_wconf 87' lang='lat' dir='ltr'><strong>iter</strong></span> <span class='ocrx_word' id='word_1_56' title='bbox 1107 950 1435 1019; x_wconf 88' lang='lat' dir='ltr'><strong>propositum</strong></span> <span class='ocrx_word' id='word_1_57' title='bbox 1467 950 1555 1012; x_wconf 85' lang='lat' dir='ltr'><strong>sit,</strong></span> <span class='ocrx_word' id='word_1_58' title='bbox 1582 959 1639 1002; x_wconf 89' lang='lat' dir='ltr'><strong>ut</strong></span> <span class='ocrx_word' id='word_1_59' title='bbox 1669 948 1733 1001; x_wconf 89' lang='lat' dir='ltr'><strong>ad</strong></span> <span class='ocrx_word' id='word_1_60' title='bbox 1765 948 1955 1001; x_wconf 87' lang='lat' dir='ltr'><strong>fratres</strong></span> <span class='ocrx_word' id='word_1_61' title='bbox 1984 961 2075 999; x_wconf 79' lang='grc' dir='ltr'><strong>ιιο⁴</strong></span> 
     </span>
    </p>
   </div>
   <div class='ocr_carea' id='block_1_11' title="bbox 504 1036 2075 1111">
    <p class='ocr_par' dir='ltr' id='par_1_11' title="bbox 504 1036 2075 1111">
     <span class='ocr_line' id='line_1_11' title="bbox 504 1036 2075 1111; baseline -0.004 -15"><span class='ocrx_word' id='word_1_62' title='bbox 504 1053 645 1097; x_wconf 89' lang='lat' dir='ltr'><strong>stros</strong></span> <span class='ocrx_word' id='word_1_63' title='bbox 673 1043 1091 1111; x_wconf 82' lang='lat' dir='ltr'><strong>proficiscamur,</strong></span> <span class='ocrx_word' id='word_1_64' title='bbox 1119 1056 1183 1095; x_wconf 83' lang='lat' dir='ltr'><strong>ac</strong></span> <span class='ocrx_word' id='word_1_65' title='bbox 1209 1042 1330 1095; x_wconf 89' lang='lat' dir='ltr'><strong>cibo</strong></span> <span class='ocrx_word' id='word_1_66' title='bbox 1360 1051 1661 1105; x_wconf 82' lang='lat' dir='ltr'><strong>careamus,</strong></span> <span class='ocrx_word' id='word_1_67' title='bbox 1696 1038 1795 1092; x_wconf 86' lang='lat' dir='ltr'><strong>hac</strong></span> <span class='ocrx_word' id='word_1_68' title='bbox 1818 1039 1899 1091; x_wconf 88' lang='lat' dir='ltr'><strong>via</strong></span> <span class='ocrx_word' id='word_1_69' title='bbox 1930 1036 2075 1090; x_wconf 89' lang='lat' dir='ltr'><strong>ince-</strong></span> 
     </span>
    </p>
   </div>
   <div class='ocr_carea' id='block_1_12' title="bbox 505 1129 2071 1201">
    <p class='ocr_par' dir='ltr' id='par_1_12' title="bbox 505 1129 2071 1201">
     <span class='ocr_line' id='line_1_12' title="bbox 505 1129 2071 1201; baseline -0.005 -12"><span class='ocrx_word' id='word_1_70' title='bbox 505 1136 702 1200; x_wconf 91' lang='lat' dir='ltr'><strong>dimus,</strong></span> <span class='ocrx_word' id='word_1_71' title='bbox 728 1144 783 1188; x_wconf 90' lang='lat' dir='ltr'><strong>ut</strong></span> <span class='ocrx_word' id='word_1_72' title='bbox 808 1134 959 1189; x_wconf 89' lang='lat' dir='ltr'><strong>nobis</strong></span> <span class='ocrx_word' id='word_1_73' title='bbox 985 1134 1171 1186; x_wconf 89' lang='lat' dir='ltr'><strong>viatica</strong></span> <span class='ocrx_word' id='word_1_74' title='bbox 1202 1140 1509 1201; x_wconf 84' lang='lat' dir='ltr'><strong>suppetant,</strong></span> <span class='ocrx_word' id='word_1_75' title='bbox 1537 1144 1635 1186; x_wconf 88' lang='lat' dir='ltr'><strong>nec</strong></span> <span class='ocrx_word' id='word_1_76' title='bbox 1665 1130 1801 1185; x_wconf 89' lang='lat' dir='ltr'><strong>fame</strong></span> <span class='ocrx_word' id='word_1_77' title='bbox 1828 1129 2071 1183; x_wconf 84' lang='lat' dir='ltr'><strong>absuma-</strong></span> 
     </span>
    </p>
   </div>
   <div class='ocr_carea' id='block_1_13' title="bbox 507 1220 2074 1293">
    <p class='ocr_par' dir='ltr' id='par_1_13' title="bbox 507 1220 2074 1293">
     <span class='ocr_line' id='line_1_13' title="bbox 507 1220 2074 1293; baseline -0.004 -15"><span class='ocrx_word' id='word_1_78' title='bbox 507 1242 646 1279; x_wconf 90' lang='lat' dir='ltr'><strong>mur.</strong></span> <span class='ocrx_word' id='word_1_79' title='bbox 682 1226 791 1279; x_wconf 70' lang='lat' dir='ltr'><strong>Rex</strong></span> <span class='ocrx_word' id='word_1_80' title='bbox 821 1232 997 1278; x_wconf 89' lang='lat' dir='ltr'><strong>autem</strong></span> <span class='ocrx_word' id='word_1_81' title='bbox 1036 1224 1243 1293; x_wconf 91' lang='lat' dir='ltr'><strong>inquit:</strong></span> <span class='ocrx_word' id='word_1_82' title='bbox 1270 1222 1370 1289; x_wconf 91' lang='lat' dir='ltr'><strong>Qui</strong></span> <span class='ocrx_word' id='word_1_83' title='bbox 1416 1220 1602 1275; x_wconf 91' lang='lat' dir='ltr'><strong>mortis</strong></span> <span class='ocrx_word' id='word_1_84' title='bbox 1648 1222 1818 1274; x_wconf 90' lang='lat' dir='ltr'><strong>minas</strong></span> <span class='ocrx_word' id='word_1_85' title='bbox 1866 1222 2074 1283; x_wconf 86' lang='lat' dir='ltr'><strong>metuit,</strong></span> 
     </span>
    </p>
   </div>
   <div class='ocr_carea' id='block_1_14' title="bbox 511 1309 2074 1384">
    <p class='ocr_par' dir='ltr' id='par_1_14' title="bbox 511 1309 2074 1384">
     <span class='ocr_line' id='line_1_14' title="bbox 511 1309 2074 1384; baseline -0.004 -14"><span class='ocrx_word' id='word_1_86' title='bbox 511 1315 633 1370; x_wconf 91' lang='lat' dir='ltr'><strong>huic</strong></span> <span class='ocrx_word' id='word_1_87' title='bbox 652 1317 799 1369; x_wconf 84' lang='lat' dir='ltr'><strong>cibos</strong></span> <span class='ocrx_word' id='word_1_88' title='bbox 820 1330 1131 1384; x_wconf 88' lang='lat' dir='ltr'><strong>comparare</strong></span> <span class='ocrx_word' id='word_1_89' title='bbox 1150 1313 1367 1368; x_wconf 90' lang='lat' dir='ltr'><strong>minime</strong></span> <span class='ocrx_word' id='word_1_90' title='bbox 1394 1322 1567 1367; x_wconf 89' lang='lat' dir='ltr'><strong>vacat.</strong></span> <span class='ocrx_word' id='word_1_91' title='bbox 1586 1309 1829 1365; x_wconf 80' lang='lat' dir='ltr'><strong>Monachi</strong></span> <span class='ocrx_word' id='word_1_92' title='bbox 1857 1323 2033 1363; x_wconf 90' lang='lat' dir='ltr'><strong>autem</strong></span> <span class='ocrx_word' id='word_1_93' title='bbox 2057 1323 2074 1363; x_wconf 90' lang='lat'><strong>:</strong></span> 
     </span>
    </p>
   </div>
   <div class='ocr_carea' id='block_1_15' title="bbox 513 1402 2075 1473">
    <p class='ocr_par' dir='ltr' id='par_1_15' title="bbox 513 1402 2075 1473">
     <span class='ocr_line' id='line_1_15' title="bbox 513 1402 2075 1473; baseline -0.006 -13"><span class='ocrx_word' id='word_1_94' title='bbox 513 1407 679 1460; x_wconf 71' lang='lat' dir='ltr'><strong>Recte</strong></span> <span class='ocrx_word' id='word_1_95' title='bbox 701 1406 901 1470; x_wconf 78' lang='lat' dir='ltr'><strong>dixisti,</strong></span> <span class='ocrx_word' id='word_1_96' title='bbox 921 1420 955 1460; x_wconf 92' lang='grc' dir='ltr'><strong>ο</strong></span> <span class='ocrx_word' id='word_1_97' title='bbox 982 1419 1106 1472; x_wconf 89' lang='lat' dir='ltr'><strong>rex,</strong></span> <span class='ocrx_word' id='word_1_98' title='bbox 1138 1406 1380 1473; x_wconf 89' lang='lat' dir='ltr'><strong>inquiunt</strong></span> <span class='ocrx_word' id='word_1_99' title='bbox 1406 1418 1421 1456; x_wconf 91' lang='lat'><strong>:</strong></span> <span class='ocrx_word' id='word_1_100' title='bbox 1444 1402 1534 1471; x_wconf 87' lang='lat' dir='ltr'><strong>qui</strong></span> <span class='ocrx_word' id='word_1_101' title='bbox 1561 1411 1787 1456; x_wconf 89' lang='lat' dir='ltr'><strong>mortem</strong></span> <span class='ocrx_word' id='word_1_102' title='bbox 1813 1406 2075 1465; x_wconf 91' lang='lat' dir='ltr'><strong>metuunt,</strong></span> 
     </span>
    </p>
   </div>
   <div class='ocr_carea' id='block_1_16' title="bbox 509 1490 2077 1565">
    <p class='ocr_par' dir='ltr' id='par_1_16' title="bbox 509 1490 2077 1565">
     <span class='ocr_line' id='line_1_16' title="bbox 509 1490 2077 1565; baseline -0.005 -15"><span class='ocrx_word' id='word_1_103' title='bbox 509 1498 560 1551; x_wconf 88' lang='lat' dir='ltr'><strong>id</strong></span> <span class='ocrx_word' id='word_1_104' title='bbox 591 1505 814 1563; x_wconf 86' lang='lat' dir='ltr'><strong>curant,</strong></span> <span class='ocrx_word' id='word_1_105' title='bbox 842 1510 1070 1565; x_wconf 89' lang='lat' dir='ltr'><strong>quonam</strong></span> <span class='ocrx_word' id='word_1_106' title='bbox 1101 1504 1255 1564; x_wconf 90' lang='lat' dir='ltr'><strong>pacto</strong></span> <span class='ocrx_word' id='word_1_107' title='bbox 1281 1510 1397 1549; x_wconf 83' lang='lat' dir='ltr'><strong>eam</strong></span> <span class='ocrx_word' id='word_1_108' title='bbox 1424 1494 1694 1561; x_wconf 64' lang='lat' dir='ltr'><strong>effugiant.</strong></span> <span class='ocrx_word' id='word_1_109' title='bbox 1725 1490 1949 1556; x_wconf 83' lang='lat' dir='ltr'><strong>Quinam</strong></span> <span class='ocrx_word' id='word_1_110' title='bbox 1979 1504 2077 1543; x_wconf 91' lang='lat' dir='ltr'><strong>au-</strong></span> 
     </span>
    </p>
   </div>
   <div class='ocr_carea' id='block_1_17' title="bbox 511 1585 2077 1657">
    <p class='ocr_par' dir='ltr' id='par_1_17' title="bbox 511 1585 2077 1657">
     <span class='ocr_line' id='line_1_17' title="bbox 511 1585 2077 1657; baseline -0.004 -16"><span class='ocrx_word' id='word_1_111' title='bbox 511 1596 616 1642; x_wconf 83' lang='lat' dir='ltr'><strong>tem</strong></span> <span class='ocrx_word' id='word_1_112' title='bbox 646 1588 698 1641; x_wconf 86' lang='lat' dir='ltr'><strong>hi</strong></span> <span class='ocrx_word' id='word_1_113' title='bbox 729 1596 873 1654; x_wconf 85' lang='lat' dir='ltr'><strong>sunt,</strong></span> <span class='ocrx_word' id='word_1_114' title='bbox 900 1588 999 1642; x_wconf 90' lang='lat' dir='ltr'><strong>nisi</strong></span> <span class='ocrx_word' id='word_1_115' title='bbox 1020 1588 1110 1657; x_wconf 90' lang='lat' dir='ltr'><strong>qui</strong></span> <span class='ocrx_word' id='word_1_116' title='bbox 1134 1586 1286 1639; x_wconf 84' lang='lat' dir='ltr'><strong>ﬂuxis</strong></span> <span class='ocrx_word' id='word_1_117' title='bbox 1316 1586 1471 1638; x_wconf 88' lang='lat' dir='ltr'><strong>rebus</strong></span> <span class='ocrx_word' id='word_1_118' title='bbox 1497 1585 1846 1645; x_wconf 88' lang='lat' dir='ltr'><strong>iutabescuut,</strong></span> <span class='ocrx_word' id='word_1_119' title='bbox 1877 1594 2077 1650; x_wconf 86' lang='lat' dir='ltr'><strong>easque</strong></span> 
     </span>
    </p>
   </div>
   <div class='ocr_carea' id='block_1_18' title="bbox 509 1672 2074 1747">
    <p class='ocr_par' dir='ltr' id='par_1_18' title="bbox 509 1672 2074 1747">
     <span class='ocr_line' id='line_1_18' title="bbox 509 1672 2074 1747; baseline -0.005 -15"><span class='ocrx_word' id='word_1_120' title='bbox 509 1679 576 1732; x_wconf 88' lang='lat' dir='ltr'><strong>ad</strong></span> <span class='ocrx_word' id='word_1_121' title='bbox 616 1689 887 1745; x_wconf 85' lang='lat' dir='ltr'><strong>stuporem</strong></span> <span class='ocrx_word' id='word_1_122' title='bbox 936 1692 1105 1747; x_wconf 89' lang='lat' dir='ltr'><strong>usque</strong></span> <span class='ocrx_word' id='word_1_123' title='bbox 1152 1675 1445 1730; x_wconf 79' lang='lat' dir='ltr'><strong>mirantur?</strong></span> <span class='ocrx_word' id='word_1_124' title='bbox 1485 1673 1586 1741; x_wconf 86' lang='lat' dir='ltr'><strong>Qui</strong></span> <span class='ocrx_word' id='word_1_125' title='bbox 1632 1673 1844 1742; x_wconf 88' lang='lat' dir='ltr'><strong>quidem</strong></span> <span class='ocrx_word' id='word_1_126' title='bbox 1875 1686 1994 1725; x_wconf 89' lang='lat' dir='ltr'><strong>cum</strong></span> <span class='ocrx_word' id='word_1_127' title='bbox 2022 1672 2074 1724; x_wconf 90' lang='lat' dir='ltr'><strong>in</strong></span> 
     </span>
    </p>
   </div>
   <div class='ocr_carea' id='block_1_19' title="bbox 510 1768 2074 1837">
    <p class='ocr_par' dir='ltr' id='par_1_19' title="bbox 510 1768 2074 1837">
     <span class='ocr_line' id='line_1_19' title="bbox 510 1768 2074 1837; baseline -0.004 -14"><span class='ocrx_word' id='word_1_128' title='bbox 510 1772 677 1823; x_wconf 90' lang='lat' dir='ltr'><strong>altera</strong></span> <span class='ocrx_word' id='word_1_129' title='bbox 720 1770 829 1824; x_wconf 91' lang='lat' dir='ltr'><strong>vita</strong></span> <span class='ocrx_word' id='word_1_130' title='bbox 878 1768 1165 1837; x_wconf 89' lang='lat' dir='ltr'><strong>quidquam</strong></span> <span class='ocrx_word' id='word_1_131' title='bbox 1206 1768 1327 1821; x_wconf 91' lang='lat' dir='ltr'><strong>boni</strong></span> <span class='ocrx_word' id='word_1_132' title='bbox 1373 1781 1495 1821; x_wconf 91' lang='lat' dir='ltr'><strong>sese</strong></span> <span class='ocrx_word' id='word_1_133' title='bbox 1537 1772 1917 1820; x_wconf 84' lang='lat' dir='ltr'><strong>consecuturos</strong></span> <span class='ocrx_word' id='word_1_134' title='bbox 1955 1778 2074 1817; x_wconf 88' lang='lat' dir='ltr'><strong>esse</strong></span> 
     </span>
    </p>
   </div>
   <div class='ocr_carea' id='block_1_20' title="bbox 511 1856 2155 1930">
    <p class='ocr_par' dir='ltr' id='par_1_20' title="bbox 511 1856 2155 1930">
     <span class='ocr_line' id='line_1_20' title="bbox 511 1856 2155 1930; baseline -0.004 -15"><span class='ocrx_word' id='word_1_135' title='bbox 511 1865 817 1930; x_wconf 69' lang='lat' dir='ltr'><strong>desperent,</strong></span> <span class='ocrx_word' id='word_1_136' title='bbox 836 1877 865 1914; x_wconf 90' lang='lat' dir='ltr'><strong>a</strong></span> <span class='ocrx_word' id='word_1_137' title='bbox 890 1861 1241 1930; x_wconf 66' lang='lat' dir='ltr'><strong>praesentibus</strong></span> <span class='ocrx_word' id='word_1_138' title='bbox 1257 1859 1433 1913; x_wconf 87' lang='lat' dir='ltr'><strong>divelli</strong></span> <span class='ocrx_word' id='word_1_139' title='bbox 1455 1866 1742 1925; x_wconf 87' lang='lat' dir='ltr'><strong>nequeunt,</strong></span> <span class='ocrx_word' id='word_1_140' title='bbox 1758 1856 1827 1911; x_wconf 89' lang='lat' dir='ltr'><strong>ob</strong></span> <span class='ocrx_word' id='word_1_141' title='bbox 1849 1870 2073 1925; x_wconf 83' lang='lat' dir='ltr'><strong>eamque</strong></span> <span class='ocrx_word' id='word_1_142' title='bbox 2114 1864 2155 1918; x_wconf 82' lang='grc' dir='ltr'><strong>Β</strong></span> 
     </span>
    </p>
   </div>
   <div class='ocr_carea' id='block_1_21' title="bbox 514 1947 2064 2018">
    <p class='ocr_par' dir='ltr' id='par_1_21' title="bbox 514 1947 2064 2018">
     <span class='ocr_line' id='line_1_21' title="bbox 514 1947 2064 2018; baseline -0.005 -11"><span class='ocrx_word' id='word_1_143' title='bbox 514 1968 729 2007; x_wconf 85' lang='lat' dir='ltr'><strong>causam</strong></span> <span class='ocrx_word' id='word_1_144' title='bbox 778 1961 1002 2008; x_wconf 88' lang='lat' dir='ltr'><strong>mortem</strong></span> <span class='ocrx_word' id='word_1_145' title='bbox 1057 1950 1263 2005; x_wconf 84' lang='lat' dir='ltr'><strong>timent.</strong></span> <span class='ocrx_word' id='word_1_146' title='bbox 1314 1951 1383 2003; x_wconf 84' lang='lat' dir='ltr'><strong>At</strong></span> <span class='ocrx_word' id='word_1_147' title='bbox 1438 1964 1559 2014; x_wconf 91' lang='lat' dir='ltr'><strong>nos,</strong></span> <span class='ocrx_word' id='word_1_148' title='bbox 1588 1949 1675 2015; x_wconf 87' lang='lat' dir='ltr'><strong>qui</strong></span> <span class='ocrx_word' id='word_1_149' title='bbox 1717 1948 1825 2013; x_wconf 87' lang='lat' dir='ltr'><strong>jam</strong></span> <span class='ocrx_word' id='word_1_150' title='bbox 1875 1947 2064 2018; x_wconf 75' lang='lat' dir='ltr'><strong>priderr</strong></span> 
     </span>
    </p>
   </div>
   <div class='ocr_carea' id='block_1_22' title="bbox 513 2040 2069 2110">
    <p class='ocr_par' dir='ltr' id='par_1_22' title="bbox 513 2040 2069 2110">
     <span class='ocr_line' id='line_1_22' title="bbox 513 2040 2069 2110; baseline -0.007 -10"><span class='ocrx_word' id='word_1_151' title='bbox 513 2045 769 2100; x_wconf 88' lang='lat' dir='ltr'><strong>mundum</strong></span> <span class='ocrx_word' id='word_1_152' title='bbox 798 2051 852 2097; x_wconf 92' lang='lat' dir='ltr'><strong>et</strong></span> <span class='ocrx_word' id='word_1_153' title='bbox 871 2057 933 2097; x_wconf 89' lang='lat' dir='ltr'><strong>ea</strong></span> <span class='ocrx_word' id='word_1_154' title='bbox 953 2057 1068 2110; x_wconf 69' lang='lat' dir='ltr'><strong>quae</strong></span> <span class='ocrx_word' id='word_1_155' title='bbox 1097 2041 1151 2095; x_wconf 90' lang='lat' dir='ltr'><strong>in</strong></span> <span class='ocrx_word' id='word_1_156' title='bbox 1182 2040 1379 2095; x_wconf 88' lang='lat' dir='ltr'><strong>mundo</strong></span> <span class='ocrx_word' id='word_1_157' title='bbox 1398 2050 1520 2093; x_wconf 86' lang='lat' dir='ltr'><strong>sunt</strong></span> <span class='ocrx_word' id='word_1_158' title='bbox 1538 2040 1660 2093; x_wconf 90' lang='lat' dir='ltr'><strong>odio</strong></span> <span class='ocrx_word' id='word_1_159' title='bbox 1682 2040 2069 2107; x_wconf 84' lang='lat' dir='ltr'><strong>prosequimur,</strong></span> 
     </span>
    </p>
   </div>
   <div class='ocr_carea' id='block_1_23' title="bbox 514 2132 2079 2208">
    <p class='ocr_par' dir='ltr' id='par_1_23' title="bbox 514 2132 2079 2208">
     <span class='ocr_line' id='line_1_23' title="bbox 514 2132 2079 2208; baseline -0.007 -14"><span class='ocrx_word' id='word_1_160' title='bbox 514 2153 821 2208; x_wconf 88' lang='lat' dir='ltr'><strong>arctamque</strong></span> <span class='ocrx_word' id='word_1_161' title='bbox 849 2149 902 2192; x_wconf 91' lang='lat' dir='ltr'><strong>et</strong></span> <span class='ocrx_word' id='word_1_162' title='bbox 932 2146 1207 2207; x_wconf 76' lang='lat' dir='ltr'><strong>angustam</strong></span> <span class='ocrx_word' id='word_1_163' title='bbox 1247 2136 1387 2190; x_wconf 89' lang='lat' dir='ltr'><strong>viam</strong></span> <span class='ocrx_word' id='word_1_164' title='bbox 1428 2133 1624 2188; x_wconf 82' lang='lat' dir='ltr'><strong>Christi</strong></span> <span class='ocrx_word' id='word_1_165' title='bbox 1663 2147 1819 2187; x_wconf 88' lang='lat' dir='ltr'><strong>causa</strong></span> <span class='ocrx_word' id='word_1_166' title='bbox 1851 2132 2079 2201; x_wconf 84' lang='lat' dir='ltr'><strong>ingredi-</strong></span> 
     </span>
    </p>
   </div>
   <div class='ocr_carea' id='block_1_24' title="bbox 513 2222 2079 2297">
    <p class='ocr_par' dir='ltr' id='par_1_24' title="bbox 513 2222 2079 2297">
     <span class='ocr_line' id='line_1_24' title="bbox 513 2222 2079 2297; baseline -0.008 -11"><span class='ocrx_word' id='word_1_167' title='bbox 513 2246 656 2297; x_wconf 88' lang='lat' dir='ltr'><strong>mur,</strong></span> <span class='ocrx_word' id='word_1_168' title='bbox 680 2244 778 2285; x_wconf 91' lang='lat' dir='ltr'><strong>nec</strong></span> <span class='ocrx_word' id='word_1_169' title='bbox 807 2229 996 2283; x_wconf 89' lang='lat' dir='ltr'><strong>mortis</strong></span> <span class='ocrx_word' id='word_1_170' title='bbox 1020 2237 1185 2290; x_wconf 91' lang='lat' dir='ltr'><strong>metu,</strong></span> <span class='ocrx_word' id='word_1_171' title='bbox 1217 2240 1315 2280; x_wconf 90' lang='lat' dir='ltr'><strong>nec</strong></span> <span class='ocrx_word' id='word_1_172' title='bbox 1348 2225 1686 2292; x_wconf 67' lang='lat' dir='ltr'><strong>praesentium</strong></span> <span class='ocrx_word' id='word_1_173' title='bbox 1726 2237 1903 2277; x_wconf 89' lang='lat' dir='ltr'><strong>rerum</strong></span> <span class='ocrx_word' id='word_1_174' title='bbox 1935 2222 2079 2288; x_wconf 82' lang='lat' dir='ltr'><strong>cupi-</strong></span> 
     </span>
    </p>
   </div>
   <div class='ocr_carea' id='block_1_25' title="bbox 514 2314 2081 2384">
    <p class='ocr_par' dir='ltr' id='par_1_25' title="bbox 514 2314 2081 2384">
     <span class='ocr_line' id='line_1_25' title="bbox 514 2314 2081 2384; baseline -0.006 -9"><span class='ocrx_word' id='word_1_175' title='bbox 514 2323 681 2376; x_wconf 89' lang='lat' dir='ltr'><strong>ditate</strong></span> <span class='ocrx_word' id='word_1_176' title='bbox 722 2318 1012 2384; x_wconf 84' lang='lat' dir='ltr'><strong>afﬁcimur;</strong></span> <span class='ocrx_word' id='word_1_177' title='bbox 1044 2330 1223 2371; x_wconf 92' lang='lat' dir='ltr'><strong>verum</strong></span> <span class='ocrx_word' id='word_1_178' title='bbox 1268 2314 1561 2368; x_wconf 90' lang='lat' dir='ltr'><strong>futurarum</strong></span> <span class='ocrx_word' id='word_1_179' title='bbox 1604 2314 1859 2366; x_wconf 79' lang='lat' dir='ltr'><strong>duntaxat</strong></span> <span class='ocrx_word' id='word_1_180' title='bbox 1903 2324 2081 2366; x_wconf 88' lang='lat' dir='ltr'><strong>rerum</strong></span> 
     </span>
    </p>
   </div>
   <div class='ocr_carea' id='block_1_26' title="bbox 516 2406 2080 2475">
    <p class='ocr_par' dir='ltr' id='par_1_26' title="bbox 516 2406 2080 2475">
     <span class='ocr_line' id='line_1_26' title="bbox 516 2406 2080 2475; baseline -0.01 -5"><span class='ocrx_word' id='word_1_181' title='bbox 516 2415 786 2470; x_wconf 86' lang='lat' dir='ltr'><strong>desiderio</strong></span> <span class='ocrx_word' id='word_1_182' title='bbox 841 2420 1107 2466; x_wconf 89' lang='lat' dir='ltr'><strong>tenemur.</strong></span> <span class='ocrx_word' id='word_1_183' title='bbox 1152 2406 1410 2475; x_wconf 85' lang='lat' dir='ltr'><strong>Quoniam</strong></span> <span class='ocrx_word' id='word_1_184' title='bbox 1457 2406 1616 2474; x_wconf 72' lang='lat' dir='ltr'><strong>igitur</strong></span> <span class='ocrx_word' id='word_1_185' title='bbox 1660 2420 1802 2457; x_wconf 83' lang='lat' dir='ltr'><strong>mors</strong></span> <span class='ocrx_word' id='word_1_186' title='bbox 1832 2418 1891 2456; x_wconf 88' lang='lat' dir='ltr'><strong>ea</strong></span> <span class='ocrx_word' id='word_1_187' title='bbox 1926 2416 2080 2469; x_wconf 84' lang='lat' dir='ltr'><strong>quam</strong></span> 
     </span>
    </p>
   </div>
   <div class='ocr_carea' id='block_1_27' title="bbox 518 2494 2080 2570">
    <p class='ocr_par' dir='ltr' id='par_1_27' title="bbox 518 2494 2080 2570">
     <span class='ocr_line' id='line_1_27' title="bbox 518 2494 2080 2570; baseline -0.011 -10"><span class='ocrx_word' id='word_1_188' title='bbox 518 2503 900 2560; x_wconf 85' lang='lat' dir='ltr'><strong>nobisinfertis</strong></span> <span class='ocrx_word' id='word_1_189' title='bbox 919 2501 985 2557; x_wconf 87' lang='lat' dir='ltr'><strong>ad</strong></span> <span class='ocrx_word' id='word_1_190' title='bbox 1006 2502 1381 2570; x_wconf 85' lang='lat' dir='ltr'><strong>sempiternam</strong></span> <span class='ocrx_word' id='word_1_191' title='bbox 1409 2507 1460 2552; x_wconf 90' lang='lat' dir='ltr'><strong>et</strong></span> <span class='ocrx_word' id='word_1_192' title='bbox 1483 2495 1898 2565; x_wconf 71' lang='lat' dir='ltr'><strong>praestantiorem</strong></span> <span class='ocrx_word' id='word_1_193' title='bbox 1922 2494 2080 2546; x_wconf 86' lang='lat' dir='ltr'><strong>vitam</strong></span> 
     </span>
    </p>
   </div>
   <div class='ocr_carea' id='block_1_28' title="bbox 518 2587 2083 2662">
    <p class='ocr_par' dir='ltr' id='par_1_28' title="bbox 518 2587 2083 2662">
     <span class='ocr_line' id='line_1_28' title="bbox 518 2587 2083 2662; baseline -0.009 -9"><span class='ocrx_word' id='word_1_194' title='bbox 518 2599 770 2654; x_wconf 87' lang='lat' dir='ltr'><strong>transitus</strong></span> <span class='ocrx_word' id='word_1_195' title='bbox 796 2594 1059 2662; x_wconf 74' lang='lat' dir='ltr'><strong>efﬁcitur,</strong></span> <span class='ocrx_word' id='word_1_196' title='bbox 1089 2593 1288 2648; x_wconf 88' lang='lat' dir='ltr'><strong>idcirco</strong></span> <span class='ocrx_word' id='word_1_197' title='bbox 1315 2588 1595 2658; x_wconf 85' lang='lat' dir='ltr'><strong>cupiditati</strong></span> <span class='ocrx_word' id='word_1_198' title='bbox 1625 2587 1799 2657; x_wconf 88' lang='lat' dir='ltr'><strong>potius</strong></span> <span class='ocrx_word' id='word_1_199' title='bbox 1826 2589 1976 2641; x_wconf 80' lang='lat' dir='ltr'><strong>nobis</strong></span> <span class='ocrx_word' id='word_1_200' title='bbox 2002 2593 2083 2642; x_wconf 79' lang='lat' dir='ltr'><strong>est</strong></span> 
     </span>
    </p>
   </div>
   <div class='ocr_carea' id='block_1_29' title="bbox 518 2688 919 2752">
    <p class='ocr_par' dir='ltr' id='par_1_29' title="bbox 518 2688 919 2752">
     <span class='ocr_line' id='line_1_29' title="bbox 518 2688 919 2752; baseline 0 -11"><span class='ocrx_word' id='word_1_201' title='bbox 518 2704 675 2752; x_wconf 88' lang='lat' dir='ltr'><strong>quam</strong></span> <span class='ocrx_word' id='word_1_202' title='bbox 702 2688 919 2742; x_wconf 88' lang='lat' dir='ltr'><strong>terrori.</strong></span> 
     </span>
    </p>
   </div>
   <div class='ocr_carea' id='block_1_30' title="bbox 589 2796 2084 2864">
    <p class='ocr_par' dir='ltr' id='par_1_30' title="bbox 589 2796 2084 2864">
     <span class='ocr_line' id='line_1_30' title="bbox 589 2796 2084 2864; baseline 0 -12"><span class='ocrx_word' id='word_1_203' title='bbox 589 2796 685 2852; x_wconf 79' lang='lat' dir='ltr'><strong>llic</strong></span> <span class='ocrx_word' id='word_1_204' title='bbox 712 2812 808 2851; x_wconf 89' lang='lat' dir='ltr'><strong>rex</strong></span> <span class='ocrx_word' id='word_1_205' title='bbox 832 2812 927 2864; x_wconf 88' lang='lat' dir='ltr'><strong>per</strong></span> <span class='ocrx_word' id='word_1_206' title='bbox 946 2796 1499 2859; x_wconf 83' lang='lat' dir='ltr'><strong>solertiam,videlicet</strong></span> <span class='ocrx_word' id='word_1_207' title='bbox 1525 2798 1815 2851; x_wconf 82' lang='lat' dir='ltr'><strong>monachos</strong></span> <span class='ocrx_word' id='word_1_208' title='bbox 1846 2796 2084 2863; x_wconf 68' lang='lat' dir='ltr'><strong>arripere</strong></span> 
     </span>
    </p>
   </div>
   <div class='ocr_carea' id='block_1_31' title="bbox 521 2886 2086 2955">
    <p class='ocr_par' dir='ltr' id='par_1_31' title="bbox 521 2886 2086 2955">
     <span class='ocr_line' id='line_1_31' title="bbox 521 2886 2086 2955; baseline -0.001 -13"><span class='ocrx_word' id='word_1_209' title='bbox 521 2888 762 2955; x_wconf 90' lang='lat' dir='ltr'><strong>cupiens,</strong></span> <span class='ocrx_word' id='word_1_210' title='bbox 792 2887 923 2941; x_wconf 87' lang='lat' dir='ltr'><strong>dixit</strong></span> <span class='ocrx_word' id='word_1_211' title='bbox 948 2904 961 2940; x_wconf 89' lang='lat'><strong>:</strong></span> <span class='ocrx_word' id='word_1_212' title='bbox 985 2886 1159 2955; x_wconf 79' lang='lat' dir='ltr'><strong>Quid?</strong></span> <span class='ocrx_word' id='word_1_213' title='bbox 1206 2888 1283 2939; x_wconf 85' lang='lat' dir='ltr'><strong>An</strong></span> <span class='ocrx_word' id='word_1_214' title='bbox 1317 2902 1419 2939; x_wconf 89' lang='lat' dir='ltr'><strong>non</strong></span> <span class='ocrx_word' id='word_1_215' title='bbox 1470 2888 1626 2952; x_wconf 88' lang='lat' dir='ltr'><strong>paulo</strong></span> <span class='ocrx_word' id='word_1_216' title='bbox 1656 2897 1780 2940; x_wconf 87' lang='lat' dir='ltr'><strong>ante</strong></span> <span class='ocrx_word' id='word_1_217' title='bbox 1809 2900 1903 2940; x_wconf 87' lang='lat' dir='ltr'><strong>vos</strong></span> <span class='ocrx_word' id='word_1_218' title='bbox 1932 2901 2086 2941; x_wconf 78' lang='lat' dir='ltr'><strong>sece-</strong></span> 
     </span>
    </p>
   </div>
   <div class='ocr_carea' id='block_1_32' title="bbox 521 2977 2084 3044">
    <p class='ocr_par' dir='ltr' id='par_1_32' title="bbox 521 2977 2084 3044">
     <span class='ocr_line' id='line_1_32' title="bbox 521 2977 2084 3044; baseline -0.003 -12"><span class='ocrx_word' id='word_1_219' title='bbox 521 2979 649 3032; x_wconf 87' lang='lat' dir='ltr'><strong>dere</strong></span> <span class='ocrx_word' id='word_1_220' title='bbox 678 2979 909 3044; x_wconf 80' lang='lat' dir='ltr'><strong>dixistis,</strong></span> <span class='ocrx_word' id='word_1_221' title='bbox 930 2990 985 3032; x_wconf 90' lang='lat' dir='ltr'><strong>ut</strong></span> <span class='ocrx_word' id='word_1_222' title='bbox 1013 2993 1130 3032; x_wconf 89' lang='lat' dir='ltr'><strong>meo</strong></span> <span class='ocrx_word' id='word_1_223' title='bbox 1160 2978 1383 3044; x_wconf 81' lang='lat' dir='ltr'><strong>imperio</strong></span> <span class='ocrx_word' id='word_1_224' title='bbox 1418 2977 1677 3042; x_wconf 64' lang='lat' dir='ltr'><strong>pari-alis?</strong></span> <span class='ocrx_word' id='word_1_225' title='bbox 1704 2977 1854 3043; x_wconf 88' lang='lat' dir='ltr'><strong>Quod</strong></span> <span class='ocrx_word' id='word_1_226' title='bbox 1878 2978 1920 3031; x_wconf 88' lang='lat' dir='ltr'><strong>si</strong></span> <span class='ocrx_word' id='word_1_227' title='bbox 1945 2992 2084 3029; x_wconf 90' lang='lat' dir='ltr'><strong>mor-</strong></span> 
     </span>
    </p>
   </div>
   <div class='ocr_carea' id='block_1_33' title="bbox 522 3069 2083 3138">
    <p class='ocr_par' dir='ltr' id='par_1_33' title="bbox 522 3069 2083 3138">
     <span class='ocr_line' id='line_1_33' title="bbox 522 3069 2083 3138; baseline 0.001 -16"><span class='ocrx_word' id='word_1_228' title='bbox 522 3078 630 3122; x_wconf 89' lang='lat' dir='ltr'><strong>tem</strong></span> <span class='ocrx_word' id='word_1_229' title='bbox 679 3069 897 3125; x_wconf 89' lang='lat' dir='ltr'><strong>miuime</strong></span> <span class='ocrx_word' id='word_1_230' title='bbox 944 3070 1176 3133; x_wconf 89' lang='lat' dir='ltr'><strong>timetis,</strong></span> <span class='ocrx_word' id='word_1_231' title='bbox 1206 3069 1330 3137; x_wconf 91' lang='lat' dir='ltr'><strong>quid</strong></span> <span class='ocrx_word' id='word_1_232' title='bbox 1385 3079 1465 3123; x_wconf 79' lang='lat' dir='ltr'><strong>est</strong></span> <span class='ocrx_word' id='word_1_233' title='bbox 1518 3070 1860 3138; x_wconf 86' lang='lat' dir='ltr'><strong>quamobrem</strong></span> <span class='ocrx_word' id='word_1_234' title='bbox 1910 3069 2083 3137; x_wconf 80' lang='lat' dir='ltr'><strong>fugam</strong></span> 
     </span>
    </p>
   </div>
   <div class='ocr_carea' id='block_1_34' title="bbox 522 3160 2078 3231">
    <p class='ocr_par' dir='ltr' id='par_1_34' title="bbox 522 3160 2078 3231">
     <span class='ocr_line' id='line_1_34' title="bbox 522 3160 2078 3231; baseline -0.001 -15"><span class='ocrx_word' id='word_1_235' title='bbox 522 3161 747 3217; x_wconf 80' lang='lat' dir='ltr'><strong>ineatis?</strong></span> <span class='ocrx_word' id='word_1_236' title='bbox 776 3163 851 3216; x_wconf 86' lang='lat' dir='ltr'><strong>En</strong></span> <span class='ocrx_word' id='word_1_237' title='bbox 882 3163 995 3217; x_wconf 64' lang='lat' dir='ltr'><strong>haec</strong></span> <span class='ocrx_word' id='word_1_238' title='bbox 1016 3176 1224 3231; x_wconf 87' lang='lat' dir='ltr'><strong>quoque</strong></span> <span class='ocrx_word' id='word_1_239' title='bbox 1247 3160 1440 3216; x_wconf 84' lang='lat' dir='ltr'><strong>frustra</strong></span> <span class='ocrx_word' id='word_1_240' title='bbox 1468 3170 1524 3215; x_wconf 91' lang='lat' dir='ltr'><strong>et</strong></span> <span class='ocrx_word' id='word_1_241' title='bbox 1552 3162 1779 3215; x_wconf 87' lang='lat' dir='ltr'><strong>inaniter</strong></span> <span class='ocrx_word' id='word_1_242' title='bbox 1798 3163 2078 3229; x_wconf 74' lang='lat' dir='ltr'><strong>iactantes,</strong></span> 
     </span>
    </p>
   </div>
   <div class='ocr_carea' id='block_1_35' title="bbox 522 3252 2080 3321">
    <p class='ocr_par' dir='ltr' id='par_1_35' title="bbox 522 3252 2080 3321">
     <span class='ocr_line' id='line_1_35' title="bbox 522 3252 2080 3321; baseline -0.001 -16"><span class='ocrx_word' id='word_1_243' title='bbox 522 3252 727 3306; x_wconf 86' lang='lat' dir='ltr'><strong>mentiti</strong></span> <span class='ocrx_word' id='word_1_244' title='bbox 781 3253 927 3307; x_wconf 80' lang='lat' dir='ltr'><strong>estis.</strong></span> <span class='ocrx_word' id='word_1_245' title='bbox 975 3252 1383 3321; x_wconf 85' lang='lat' dir='ltr'><strong>Responderunt</strong></span> <span class='ocrx_word' id='word_1_246' title='bbox 1428 3252 1710 3307; x_wconf 75' lang='lat' dir='ltr'><strong>monachi:</strong></span> <span class='ocrx_word' id='word_1_247' title='bbox 1738 3252 1851 3305; x_wconf 80' lang='lat' dir='ltr'><strong>Non</strong></span> <span class='ocrx_word' id='word_1_248' title='bbox 1880 3252 2080 3305; x_wconf 88' lang='lat' dir='ltr'><strong>idcirco</strong></span> 
     </span>
    </p>
   </div>
   <div class='ocr_carea' id='block_1_36' title="bbox 518 3343 2079 3411">
    <p class='ocr_par' dir='ltr' id='par_1_36' title="bbox 518 3343 2079 3411">
     <span class='ocr_line' id='line_1_36' title="bbox 518 3343 2079 3411; baseline -0.001 -15"><span class='ocrx_word' id='word_1_249' title='bbox 518 3343 749 3410; x_wconf 73' lang='lat' dir='ltr'><strong>fugimus</strong></span> <span class='ocrx_word' id='word_1_250' title='bbox 777 3345 914 3411; x_wconf 85' lang='lat' dir='ltr'><strong>quod</strong></span> <span class='ocrx_word' id='word_1_251' title='bbox 943 3344 1301 3398; x_wconf 85' lang='lat' dir='ltr'><strong>denuntiatam</strong></span> <span class='ocrx_word' id='word_1_252' title='bbox 1326 3344 1476 3397; x_wconf 86' lang='lat' dir='ltr'><strong>nobis</strong></span> <span class='ocrx_word' id='word_1_253' title='bbox 1507 3345 1600 3397; x_wconf 88' lang='lat' dir='ltr'><strong>abs</strong></span> <span class='ocrx_word' id='word_1_254' title='bbox 1632 3352 1681 3398; x_wconf 80' lang='lat' dir='ltr'><strong>te.</strong></span> <span class='ocrx_word' id='word_1_255' title='bbox 1710 3353 1932 3397; x_wconf 86' lang='lat' dir='ltr'><strong>mortem</strong></span> <span class='ocrx_word' id='word_1_256' title='bbox 1963 3358 2079 3409; x_wconf 84' lang='lat' dir='ltr'><strong>per-</strong></span> 
     </span>
    </p>
   </div>
   <div class='ocr_carea' id='block_1_37' title="bbox 520 3428 2097 3495">
    <p class='ocr_par' dir='ltr' id='par_1_37' title="bbox 520 3428 2097 3495">
     <span class='ocr_line' id='line_1_37' title="bbox 520 3428 2097 3495; baseline 0.001 -14"><span class='ocrx_word' id='word_1_257' title='bbox 520 3429 908 3495; x_wconf 85' lang='lat' dir='ltr'><strong>timescamus;</strong></span> <span class='ocrx_word' id='word_1_258' title='bbox 942 3444 1141 3483; x_wconf 90' lang='lat' dir='ltr'><strong>verum</strong></span> <span class='ocrx_word' id='word_1_259' title='bbox 1180 3428 1260 3483; x_wconf 92' lang='lat' dir='ltr'><strong>tui</strong></span> <span class='ocrx_word' id='word_1_260' title='bbox 1291 3429 1649 3484; x_wconf 85' lang='lat' dir='ltr'><strong>miseratione</strong></span> <span class='ocrx_word' id='word_1_261' title='bbox 1683 3428 1978 3494; x_wconf 90' lang='lat' dir='ltr'><strong>commoti,</strong></span> <span class='ocrx_word' id='word_1_262' title='bbox 2023 3443 2097 3483; x_wconf 89' lang='lat' dir='ltr'><strong>ne</strong></span> 
     </span>
    </p>
   </div>
   <div class='ocr_carea' id='block_1_38' title="bbox 520 3518 2100 3588">
    <p class='ocr_par' dir='ltr' id='par_1_38' title="bbox 520 3518 2100 3588">
     <span class='ocr_line' id='line_1_38' title="bbox 520 3518 2100 3588; baseline 0 -16"><span class='ocrx_word' id='word_1_263' title='bbox 520 3519 830 3588; x_wconf 80' lang='lat' dir='ltr'><strong>graviorem</strong></span> <span class='ocrx_word' id='word_1_264' title='bbox 865 3518 1382 3574; x_wconf 88' lang='lat' dir='ltr'><strong>condemnationem</strong></span> <span class='ocrx_word' id='word_1_265' title='bbox 1409 3520 1509 3574; x_wconf 89' lang='lat' dir='ltr'><strong>tibi</strong></span> <span class='ocrx_word' id='word_1_266' title='bbox 1538 3534 1906 3584; x_wconf 88' lang='lat' dir='ltr'><strong>accersamus,</strong></span> <span class='ocrx_word' id='word_1_267' title='bbox 1945 3534 2100 3573; x_wconf 87' lang='lat' dir='ltr'><strong>sece-</strong></span> 
     </span>
    </p>
   </div>
   <div class='ocr_carea' id='block_1_39' title="bbox 522 3609 2101 3681">
    <p class='ocr_par' dir='ltr' id='par_1_39' title="bbox 522 3609 2101 3681">
     <span class='ocr_line' id='line_1_39' title="bbox 522 3609 2101 3681; baseline 0.001 -18"><span class='ocrx_word' id='word_1_268' title='bbox 522 3611 656 3665; x_wconf 89' lang='lat' dir='ltr'><strong>dere</strong></span> <span class='ocrx_word' id='word_1_269' title='bbox 705 3610 761 3663; x_wconf 91' lang='lat' dir='ltr'><strong>in</strong></span> <span class='ocrx_word' id='word_1_270' title='bbox 805 3610 1050 3664; x_wconf 88' lang='lat' dir='ltr'><strong>animum</strong></span> <span class='ocrx_word' id='word_1_271' title='bbox 1084 3609 1422 3665; x_wconf 83' lang='lat' dir='ltr'><strong>induximus.</strong></span> <span class='ocrx_word' id='word_1_272' title='bbox 1470 3611 1603 3665; x_wconf 87' lang='lat' dir='ltr'><strong>Nam</strong></span> <span class='ocrx_word' id='word_1_273' title='bbox 1660 3612 1887 3681; x_wconf 88' lang='lat' dir='ltr'><strong>alioqui,</strong></span> <span class='ocrx_word' id='word_1_274' title='bbox 1923 3627 2101 3681; x_wconf 90' lang='lat' dir='ltr'><strong>quan-</strong></span> 
     </span>
    </p>
   </div>
   <div class='ocr_carea' id='block_1_40' title="bbox 525 3698 2102 3771">
    <p class='ocr_par' dir='ltr' id='par_1_40' title="bbox 525 3698 2102 3771">
     <span class='ocr_line' id='line_1_40' title="bbox 525 3698 2102 3771; baseline 0.003 -20"><span class='ocrx_word' id='word_1_275' title='bbox 525 3710 639 3752; x_wconf 90' lang='lat' dir='ltr'><strong>tum</strong></span> <span class='ocrx_word' id='word_1_276' title='bbox 663 3698 729 3752; x_wconf 91' lang='lat' dir='ltr'><strong>ad</strong></span> <span class='ocrx_word' id='word_1_277' title='bbox 752 3713 855 3752; x_wconf 90' lang='lat' dir='ltr'><strong>nos</strong></span> <span class='ocrx_word' id='word_1_278' title='bbox 883 3698 1101 3762; x_wconf 91' lang='lat' dir='ltr'><strong>attinet,</strong></span> <span class='ocrx_word' id='word_1_279' title='bbox 1134 3700 1285 3753; x_wconf 91' lang='lat' dir='ltr'><strong>nullo</strong></span> <span class='ocrx_word' id='word_1_280' title='bbox 1320 3700 1485 3754; x_wconf 91' lang='lat' dir='ltr'><strong>modo</strong></span> <span class='ocrx_word' id='word_1_281' title='bbox 1508 3701 1682 3756; x_wconf 84' lang='lat' dir='ltr'><strong>minas</strong></span> <span class='ocrx_word' id='word_1_282' title='bbox 1717 3710 1839 3756; x_wconf 89' lang='lat' dir='ltr'><strong>tuas</strong></span> <span class='ocrx_word' id='word_1_283' title='bbox 1865 3716 2102 3771; x_wconf 81' lang='lat' dir='ltr'><strong>expave—</strong></span> 
     </span>
    </p>
   </div>
   <div class='ocr_carea' id='block_1_41' title="bbox 524 3788 2102 3862">
    <p class='ocr_par' dir='ltr' id='par_1_41' title="bbox 524 3788 2102 3862">
     <span class='ocr_line' id='line_1_41' title="bbox 524 3788 2102 3862; baseline 0.001 -17"><span class='ocrx_word' id='word_1_284' title='bbox 524 3791 751 3845; x_wconf 89' lang='lat' dir='ltr'><strong>scimus.</strong></span> <span class='ocrx_word' id='word_1_285' title='bbox 806 3788 888 3845; x_wconf 84' lang='lat' dir='ltr'><strong>Ad</strong></span> <span class='ocrx_word' id='word_1_286' title='bbox 944 3791 1061 3846; x_wconf 65' lang='lat' dir='ltr'><strong>haec</strong></span> <span class='ocrx_word' id='word_1_287' title='bbox 1106 3806 1202 3846; x_wconf 85' lang='lat' dir='ltr'><strong>rex</strong></span> <span class='ocrx_word' id='word_1_288' title='bbox 1250 3792 1330 3846; x_wconf 88' lang='lat' dir='ltr'><strong>ira</strong></span> <span class='ocrx_word' id='word_1_289' title='bbox 1377 3803 1707 3858; x_wconf 90' lang='lat' dir='ltr'><strong>commotus,</strong></span> <span class='ocrx_word' id='word_1_290' title='bbox 1756 3795 1902 3862; x_wconf 90' lang='lat' dir='ltr'><strong>ipsos</strong></span> <span class='ocrx_word' id='word_1_291' title='bbox 1945 3794 2102 3848; x_wconf 82' lang='lat' dir='ltr'><strong>exuri</strong></span> 
     </span>
    </p>
   </div>
   <div class='ocr_carea' id='block_1_42' title="bbox 522 3881 2100 3953">
    <p class='ocr_par' dir='ltr' id='par_1_42' title="bbox 522 3881 2100 3953">
     <span class='ocr_line' id='line_1_42' title="bbox 522 3881 2100 3953; baseline 0.003 -18"><span class='ocrx_word' id='word_1_292' title='bbox 522 3882 704 3953; x_wconf 81' lang='lat' dir='ltr'><strong>jussit.</strong></span> <span class='ocrx_word' id='word_1_293' title='bbox 735 3881 937 3952; x_wconf 88' lang='lat' dir='ltr'><strong>Sicque</strong></span> <span class='ocrx_word' id='word_1_294' title='bbox 968 3884 1065 3938; x_wconf 90' lang='lat' dir='ltr'><strong>Dei</strong></span> <span class='ocrx_word' id='word_1_295' title='bbox 1110 3883 1303 3938; x_wconf 89' lang='lat' dir='ltr'><strong>famuli</strong></span> <span class='ocrx_word' id='word_1_296' title='bbox 1348 3892 1595 3939; x_wconf 81' lang='lat' dir='ltr'><strong>extremo</strong></span> <span class='ocrx_word' id='word_1_297' title='bbox 1622 3886 1749 3939; x_wconf 80' lang='lat' dir='ltr'><strong>vita:</strong></span> <span class='ocrx_word' id='word_1_298' title='bbox 1779 3886 1869 3940; x_wconf 90' lang='lat' dir='ltr'><strong>dic</strong></span> <span class='ocrx_word' id='word_1_299' title='bbox 1901 3886 2100 3949; x_wconf 84' lang='lat' dir='ltr'><strong>functi,</strong></span> 
     </span>
    </p>
   </div>
   <div class='ocr_carea' id='block_1_43' title="bbox 526 3972 2104 4048">
    <p class='ocr_par' dir='ltr' id='par_1_43' title="bbox 526 3972 2104 4048">
     <span class='ocr_line' id='line_1_43' title="bbox 526 3972 2104 4048; baseline 0.005 -21"><span class='ocrx_word' id='word_1_300' title='bbox 526 3972 776 4044; x_wconf 86' lang='lat' dir='ltr'><strong>martyrii</strong></span> <span class='ocrx_word' id='word_1_301' title='bbox 804 3990 1063 4029; x_wconf 89' lang='lat' dir='ltr'><strong>coronam</strong></span> <span class='ocrx_word' id='word_1_302' title='bbox 1084 3992 1182 4045; x_wconf 88' lang='lat' dir='ltr'><strong>per</strong></span> <span class='ocrx_word' id='word_1_303' title='bbox 1202 3977 1380 4046; x_wconf 81' lang='lat' dir='ltr'><strong>ignem</strong></span> <span class='ocrx_word' id='word_1_304' title='bbox 1403 3976 1587 4045; x_wconf 87' lang='lat' dir='ltr'><strong>adepti</strong></span> <span class='ocrx_word' id='word_1_305' title='bbox 1612 3986 1760 4031; x_wconf 91' lang='lat' dir='ltr'><strong>sunt.</strong></span> <span class='ocrx_word' id='word_1_306' title='bbox 1796 3978 2104 4048; x_wconf 88' lang='lat' dir='ltr'><strong>Statimque</strong></span> 
     </span>
    </p>
   </div>
   <div class='ocr_carea' id='block_1_44' title="bbox 526 4064 2105 4137">
    <p class='ocr_par' dir='ltr' id='par_1_44' title="bbox 526 4064 2105 4137">
     <span class='ocr_line' id='line_1_44' title="bbox 526 4064 2105 4137; baseline 0.004 -20"><span class='ocrx_word' id='word_1_307' title='bbox 526 4064 773 4119; x_wconf 86' lang='lat' dir='ltr'><strong>edictum</strong></span> <span class='ocrx_word' id='word_1_308' title='bbox 805 4066 1213 4137; x_wconf 79' lang='lat' dir='ltr'><strong>promulgatum</strong></span> <span class='ocrx_word' id='word_1_309' title='bbox 1249 4075 1353 4131; x_wconf 88' lang='lat' dir='ltr'><strong>est,</strong></span> <span class='ocrx_word' id='word_1_310' title='bbox 1406 4076 1467 4121; x_wconf 92' lang='lat' dir='ltr'><strong>ut</strong></span> <span class='ocrx_word' id='word_1_311' title='bbox 1517 4067 1565 4120; x_wconf 89' lang='lat' dir='ltr'><strong>si</strong></span> <span class='ocrx_word' id='word_1_312' title='bbox 1623 4069 1747 4137; x_wconf 89' lang='lat' dir='ltr'><strong>quis</strong></span> <span class='ocrx_word' id='word_1_313' title='bbox 1804 4070 2105 4125; x_wconf 86' lang='lat' dir='ltr'><strong>monachus</strong></span> 
     </span>
    </p>
   </div>
   <div class='ocr_carea' id='block_1_45' title="bbox 526 4157 2104 4229">
    <p class='ocr_par' dir='ltr' id='par_1_45' title="bbox 526 4157 2104 4229">
     <span class='ocr_line' id='line_1_45' title="bbox 526 4157 2104 4229; baseline 0.004 -18"><span class='ocrx_word' id='word_1_314' title='bbox 526 4157 763 4211; x_wconf 86' lang='lat' dir='ltr'><strong>inveniri</strong></span> <span class='ocrx_word' id='word_1_315' title='bbox 798 4166 983 4227; x_wconf 88' lang='lat' dir='ltr'><strong>posset</strong></span> <span class='ocrx_word' id='word_1_316' title='bbox 1015 4198 1030 4222; x_wconf 90' lang='lat'><strong>,</strong></span> <span class='ocrx_word' id='word_1_317' title='bbox 1088 4158 1208 4212; x_wconf 90' lang='lat' dir='ltr'><strong>sine</strong></span> <span class='ocrx_word' id='word_1_318' title='bbox 1243 4159 1352 4213; x_wconf 89' lang='lat' dir='ltr'><strong>ulla</strong></span> <span class='ocrx_word' id='word_1_319' title='bbox 1397 4159 1758 4229; x_wconf 84' lang='lat' dir='ltr'><strong>inquisitione</strong></span> <span class='ocrx_word' id='word_1_320' title='bbox 1797 4162 2104 4217; x_wconf 85' lang='lat' dir='ltr'><strong>trucidare-</strong></span> 
     </span>
    </p>
   </div>
   <div class='ocr_carea' id='block_1_46' title="bbox 530 4250 2105 4322">
    <p class='ocr_par' dir='ltr' id='par_1_46' title="bbox 530 4250 2105 4322">
     <span class='ocr_line' id='line_1_46' title="bbox 530 4250 2105 4322; baseline 0.004 -19"><span class='ocrx_word' id='word_1_321' title='bbox 530 4258 623 4303; x_wconf 88' lang='lat' dir='ltr'><strong>tur</strong></span> <span class='ocrx_word' id='word_1_322' title='bbox 670 4250 851 4319; x_wconf 78' lang='lat' dir='ltr'><strong>Atque</strong></span> <span class='ocrx_word' id='word_1_323' title='bbox 881 4250 957 4305; x_wconf 87' lang='lat' dir='ltr'><strong>ita</strong></span> <span class='ocrx_word' id='word_1_324' title='bbox 987 4251 1176 4306; x_wconf 90' lang='lat' dir='ltr'><strong>nullus</strong></span> <span class='ocrx_word' id='word_1_325' title='bbox 1198 4251 1515 4322; x_wconf 73' lang='lat' dir='ltr'><strong>huiusmodi</strong></span> <span class='ocrx_word' id='word_1_326' title='bbox 1554 4253 1770 4307; x_wconf 90' lang='lat' dir='ltr'><strong>ordinis</strong></span> <span class='ocrx_word' id='word_1_327' title='bbox 1814 4255 1869 4308; x_wconf 91' lang='lat' dir='ltr'><strong>in</strong></span> <span class='ocrx_word' id='word_1_328' title='bbox 1904 4255 1994 4309; x_wconf 90' lang='lat' dir='ltr'><strong>illa</strong></span> <span class='ocrx_word' id='word_1_329' title='bbox 2019 4271 2105 4309; x_wconf 80' lang='lat' dir='ltr'><strong>re-</strong></span> 
     </span>
    </p>
   </div>
   <div class='ocr_carea' id='block_1_47' title="bbox 527 4342 2106 4413">
    <p class='ocr_par' dir='ltr' id='par_1_47' title="bbox 527 4342 2106 4413">
     <span class='ocr_line' id='line_1_47' title="bbox 527 4342 2106 4413; baseline 0.003 -19"><span class='ocrx_word' id='word_1_330' title='bbox 527 4342 689 4411; x_wconf 82' lang='lat' dir='ltr'><strong>gione</strong></span> <span class='ocrx_word' id='word_1_331' title='bbox 716 4342 967 4412; x_wconf 71' lang='lat' dir='ltr'><strong>reliq’uus</strong></span> <span class='ocrx_word' id='word_1_332' title='bbox 1003 4343 1182 4398; x_wconf 85' lang='lat' dir='ltr'><strong>faetus</strong></span> <span class='ocrx_word' id='word_1_333' title='bbox 1210 4352 1315 4407; x_wconf 89' lang='lat' dir='ltr'><strong>est,</strong></span> <span class='ocrx_word' id='word_1_334' title='bbox 1363 4343 1470 4398; x_wconf 88' lang='lat' dir='ltr'><strong>nisi</strong></span> <span class='ocrx_word' id='word_1_335' title='bbox 1504 4345 1597 4413; x_wconf 89' lang='lat' dir='ltr'><strong>qui</strong></span> <span class='ocrx_word' id='word_1_336' title='bbox 1625 4344 1681 4398; x_wconf 90' lang='lat' dir='ltr'><strong>in</strong></span> <span class='ocrx_word' id='word_1_337' title='bbox 1712 4344 2016 4411; x_wconf 86' lang='lat' dir='ltr'><strong>montibus,</strong></span> <span class='ocrx_word' id='word_1_338' title='bbox 2050 4353 2106 4399; x_wconf 91' lang='lat' dir='ltr'><strong>et</strong></span> 
     </span>
    </p>
   </div>
   <div class='ocr_carea' id='block_1_48' title="bbox 528 4432 2106 4500">
    <p class='ocr_par' dir='ltr' id='par_1_48' title="bbox 528 4432 2106 4500">
     <span class='ocr_line' id='line_1_48' title="bbox 528 4432 2106 4500; baseline 0.007 -15"><span class='ocrx_word' id='word_1_339' title='bbox 528 4432 833 4500; x_wconf 76' lang='lat' dir='ltr'><strong>Speluncis,</strong></span> <span class='ocrx_word' id='word_1_340' title='bbox 868 4442 923 4488; x_wconf 91' lang='lat' dir='ltr'><strong>et</strong></span> <span class='ocrx_word' id='word_1_341' title='bbox 956 4434 1210 4489; x_wconf 87' lang='lat' dir='ltr'><strong>cavernis</strong></span> <span class='ocrx_word' id='word_1_342' title='bbox 1242 4443 1403 4490; x_wconf 87' lang='lat' dir='ltr'><strong>terrae</strong></span> <span class='ocrx_word' id='word_1_343' title='bbox 1438 4452 1561 4491; x_wconf 90' lang='lat' dir='ltr'><strong>sese</strong></span> <span class='ocrx_word' id='word_1_344' title='bbox 1591 4438 1954 4494; x_wconf 84' lang='lat' dir='ltr'><strong>occultarant.</strong></span> <span class='ocrx_word' id='word_1_345' title='bbox 2002 4440 2106 4495; x_wconf 83' lang='lat' dir='ltr'><strong>Ve-</strong></span> 
     </span>
    </p>
   </div>
   <div class='ocr_carea' id='block_1_49' title="bbox 530 4525 1114 4582">
    <p class='ocr_par' dir='ltr' id='par_1_49' title="bbox 530 4525 1114 4582">
     <span class='ocr_line' id='line_1_49' title="bbox 530 4525 1114 4582; baseline 0.009 -5"><span class='ocrx_word' id='word_1_346' title='bbox 530 4540 652 4578; x_wconf 88' lang='lat' dir='ltr'><strong>rum</strong></span> <span class='ocrx_word' id='word_1_347' title='bbox 684 4525 800 4579; x_wconf 67' lang='lat' dir='ltr'><strong>haec</strong></span> <span class='ocrx_word' id='word_1_348' title='bbox 824 4525 1114 4582; x_wconf 89' lang='lat' dir='ltr'><strong>hactenus.</strong></span> 
     </span>
    </p>
   </div>
   <div class='ocr_carea' id='block_1_50' title="bbox 604 4630 2088 4702">
    <p class='ocr_par' dir='ltr' id='par_1_50' title="bbox 604 4630 2088 4702">
     <span class='ocr_line' id='line_1_50' title="bbox 604 4630 2088 4702; baseline -0.002 -15"><span class='ocrx_word' id='word_1_349' title='bbox 604 4631 733 4687; x_wconf 66' lang='grc' dir='ltr'>ευ».</span> <span class='ocrx_word' id='word_1_350' title='bbox 767 4631 826 4685; x_wconf 78' lang='grc' dir='ltr'><strong>ν.</strong></span> <span class='ocrx_word' id='word_1_351' title='bbox 843 4662 912 4672; x_wconf 91' lang='grc'><strong>-</strong></span> <span class='ocrx_word' id='word_1_352' title='bbox 935 4635 1000 4686; x_wconf 86' lang='lat' dir='ltr'><strong>At</strong></span> <span class='ocrx_word' id='word_1_353' title='bbox 1023 4634 1159 4702; x_wconf 78' lang='lat' dir='ltr'><strong>regis</strong></span> <span class='ocrx_word' id='word_1_354' title='bbox 1180 4632 1335 4697; x_wconf 79' lang='lat' dir='ltr'><strong>filius,</strong></span> <span class='ocrx_word' id='word_1_355' title='bbox 1354 4633 1418 4687; x_wconf 92' lang='lat' dir='ltr'><strong>de</strong></span> <span class='ocrx_word' id='word_1_356' title='bbox 1440 4648 1543 4699; x_wconf 90' lang='lat' dir='ltr'><strong>quo</strong></span> <span class='ocrx_word' id='word_1_357' title='bbox 1565 4632 1712 4685; x_wconf 89' lang='lat' dir='ltr'><strong>initio</strong></span> <span class='ocrx_word' id='word_1_358' title='bbox 1734 4630 1888 4684; x_wconf 87' lang='lat' dir='ltr'><strong>nobis</strong></span> <span class='ocrx_word' id='word_1_359' title='bbox 1915 4638 2088 4684; x_wconf 83' lang='lat' dir='ltr'><strong>oratio</strong></span> 
     </span>
    </p>
   </div>
   <div class='ocr_carea' id='block_1_51' title="bbox 526 4721 2090 4791">
    <p class='ocr_par' dir='ltr' id='par_1_51' title="bbox 526 4721 2090 4791">
     <span class='ocr_line' id='line_1_51' title="bbox 526 4721 2090 4791; baseline -0.003 -14"><span class='ocrx_word' id='word_1_360' title='bbox 526 4725 765 4777; x_wconf 88' lang='lat' dir='ltr'><strong>instituta</strong></span> <span class='ocrx_word' id='word_1_361' title='bbox 790 4732 872 4777; x_wconf 87' lang='lat' dir='ltr'><strong>est</strong></span> <span class='ocrx_word' id='word_1_362' title='bbox 896 4763 914 4789; x_wconf 92' lang='lat'><strong>,</strong></span> <span class='ocrx_word' id='word_1_363' title='bbox 947 4724 998 4777; x_wconf 90' lang='lat' dir='ltr'><strong>in</strong></span> <span class='ocrx_word' id='word_1_364' title='bbox 1031 4723 1228 4791; x_wconf 81' lang='lat' dir='ltr'><strong>palatio</strong></span> <span class='ocrx_word' id='word_1_365' title='bbox 1271 4724 1410 4790; x_wconf 90' lang='lat' dir='ltr'><strong>quod</strong></span> <span class='ocrx_word' id='word_1_366' title='bbox 1441 4723 1538 4790; x_wconf 90' lang='lat' dir='ltr'><strong>ipsi</strong></span> <span class='ocrx_word' id='word_1_367' title='bbox 1571 4732 1890 4775; x_wconf 81' lang='lat' dir='ltr'><strong>exstructum</strong></span> <span class='ocrx_word' id='word_1_368' title='bbox 1921 4721 2090 4773; x_wconf 88' lang='lat' dir='ltr'><strong>fuerat</strong></span> 
     </span>
    </p>
   </div>
   <div class='ocr_carea' id='block_1_52' title="bbox 525 4817 2090 4895">
    <p class='ocr_par' dir='ltr' id='par_1_52' title="bbox 525 4817 2090 4895">
     <span class='ocr_line' id='line_1_52' title="bbox 525 4817 2090 4895; baseline -0.002 -24"><span class='ocrx_word' id='word_1_369' title='bbox 525 4817 601 4871; x_wconf 89' lang='lat' dir='ltr'><strong>ita</strong></span> <span class='ocrx_word' id='word_1_370' title='bbox 628 4832 869 4884; x_wconf 83' lang='lat' dir='ltr'><strong>manens,</strong></span> <span class='ocrx_word' id='word_1_371' title='bbox 893 4828 949 4871; x_wconf 91' lang='lat' dir='ltr'><strong>ut</strong></span> <span class='ocrx_word' id='word_1_372' title='bbox 972 4833 1001 4871; x_wconf 87' lang='lat' dir='ltr'><strong>a</strong></span> <span class='ocrx_word' id='word_1_373' title='bbox 1030 4820 1242 4872; x_wconf 89' lang='lat' dir='ltr'><strong>nemine</strong></span> <span class='ocrx_word' id='word_1_374' title='bbox 1270 4817 1402 4895; x_wconf 75' lang='lat' dir='ltr'><strong>adiri</strong></span> <span class='ocrx_word' id='word_1_375' title='bbox 1433 4826 1629 4885; x_wconf 85' lang='lat' dir='ltr'><strong>posset,</strong></span> <span class='ocrx_word' id='word_1_376' title='bbox 1652 4817 1935 4884; x_wconf 80' lang='lat' dir='ltr'><strong>juVenilem</strong></span> <span class='ocrx_word' id='word_1_377' title='bbox 1962 4828 2090 4869; x_wconf 70' lang='lat' dir='ltr'><strong>aeta-</strong></span> 
     </span>
    </p>
   </div>
   <div class='ocr_carea' id='block_1_53' title="bbox 526 4905 2088 4976">
    <p class='ocr_par' dir='ltr' id='par_1_53' title="bbox 526 4905 2088 4976">
     <span class='ocr_line' id='line_1_53' title="bbox 526 4905 2088 4976; baseline -0.003 -15"><span class='ocrx_word' id='word_1_378' title='bbox 526 4918 635 4961; x_wconf 81' lang='lat' dir='ltr'><strong>tem</strong></span> <span class='ocrx_word' id='word_1_379' title='bbox 666 4908 878 4961; x_wconf 89' lang='lat' dir='ltr'><strong>tandem</strong></span> <span class='ocrx_word' id='word_1_380' title='bbox 909 4907 1234 4976; x_wconf 80' lang='lat' dir='ltr'><strong>attigit.(cum</strong></span> <span class='ocrx_word' id='word_1_381' title='bbox 1266 4909 1464 4961; x_wconf 89' lang='lat' dir='ltr'><strong>interea</strong></span> <span class='ocrx_word' id='word_1_382' title='bbox 1498 4922 1707 4961; x_wconf 83' lang='lat' dir='ltr'><strong>omnem</strong></span> <span class='ocrx_word' id='word_1_383' title='bbox 1740 4916 1845 4961; x_wconf 87' lang='lat' dir='ltr'><strong>tam</strong></span> <span class='ocrx_word' id='word_1_384' title='bbox 1876 4905 2088 4960; x_wconf 63' lang='lat' dir='ltr'><strong>fEthio—</strong></span> 
     </span>
    </p>
   </div>
   <div class='ocr_carea' id='block_1_54' title="bbox 529 4994 2088 5065">
    <p class='ocr_par' dir='ltr' id='par_1_54' title="bbox 529 4994 2088 5065">
     <span class='ocr_line' id='line_1_54' title="bbox 529 4994 2088 5065; baseline -0.003 -16"><span class='ocrx_word' id='word_1_385' title='bbox 529 5013 653 5065; x_wconf 86' lang='lat' dir='ltr'><strong>pum</strong></span> <span class='ocrx_word' id='word_1_386' title='bbox 680 5014 833 5065; x_wconf 84' lang='lat' dir='ltr'><strong>quant</strong></span> <span class='ocrx_word' id='word_1_387' title='bbox 868 4998 1142 5051; x_wconf 77' lang='lat' dir='ltr'><strong>Persarum</strong></span> <span class='ocrx_word' id='word_1_388' title='bbox 1165 4998 1456 5053; x_wconf 86' lang='lat' dir='ltr'><strong>doctrinam</strong></span> <span class='ocrx_word' id='word_1_389' title='bbox 1483 4997 1825 5064; x_wconf 81' lang='lat' dir='ltr'><strong>percepisset)</strong></span> <span class='ocrx_word' id='word_1_390' title='bbox 1856 4994 2088 5063; x_wconf 90' lang='lat' dir='ltr'><strong>prudens</strong></span> 
     </span>
    </p>
   </div>
   <div class='ocr_carea' id='block_1_55' title="bbox 528 5083 2085 5157">
    <p class='ocr_par' dir='ltr' id='par_1_55' title="bbox 528 5083 2085 5157">
     <span class='ocr_line' id='line_1_55' title="bbox 528 5083 2085 5157; baseline -0.003 -16"><span class='ocrx_word' id='word_1_391' title='bbox 528 5099 581 5141; x_wconf 88' lang='lat' dir='ltr'><strong>et</strong></span> <span class='ocrx_word' id='word_1_392' title='bbox 608 5088 1049 5157; x_wconf 87' lang='lat' dir='ltr'><strong>cordatus,atque</strong></span> <span class='ocrx_word' id='word_1_393' title='bbox 1069 5089 1316 5141; x_wconf 89' lang='lat' dir='ltr'><strong>omnibus</strong></span> <span class='ocrx_word' id='word_1_394' title='bbox 1338 5088 1585 5141; x_wconf 86' lang='lat' dir='ltr'><strong>virtutum</strong></span> <span class='ocrx_word' id='word_1_395' title='bbox 1610 5087 1821 5139; x_wconf 79' lang='lat' dir='ltr'><strong>dotibus</strong></span> <span class='ocrx_word' id='word_1_396' title='bbox 1849 5083 2085 5137; x_wconf 89' lang='lat' dir='ltr'><strong>illustris.</strong></span> 
     </span>
    </p>
   </div>
   <div class='ocr_carea' id='block_1_56' title="bbox 528 5174 2090 5246">
    <p class='ocr_par' dir='ltr' id='par_1_56' title="bbox 528 5174 2090 5246">
     <span class='ocr_line' id='line_1_56' title="bbox 528 5174 2090 5246; baseline -0.003 -15"><span class='ocrx_word' id='word_1_397' title='bbox 528 5183 664 5243; x_wconf 83' lang='lat' dir='ltr'><strong>Quin</strong></span> <span class='ocrx_word' id='word_1_398' title='bbox 697 5182 960 5235; x_wconf 82' lang='lat' dir='ltr'><strong>naturales</strong></span> <span class='ocrx_word' id='word_1_399' title='bbox 987 5181 1143 5234; x_wconf 89' lang='lat' dir='ltr'><strong>etiam</strong></span> <span class='ocrx_word' id='word_1_400' title='bbox 1174 5182 1495 5246; x_wconf 66' lang='lat' dir='ltr'><strong>quzrstiunes</strong></span> <span class='ocrx_word' id='word_1_401' title='bbox 1526 5177 1937 5246; x_wconf 66' lang='lat' dir='ltr'><strong>prateeptoribus</strong></span> <span class='ocrx_word' id='word_1_402' title='bbox 1976 5174 2090 5229; x_wconf 88' lang='lat' dir='ltr'><strong>suis</strong></span> 
     </span>
    </p>
   </div>
   <div class='ocr_carea' id='block_1_57' title="bbox 528 5265 2091 5338">
    <p class='ocr_par' dir='ltr' id='par_1_57' title="bbox 528 5265 2091 5338">
     <span class='ocr_line' id='line_1_57' title="bbox 528 5265 2091 5338; baseline 0.001 -21"><span class='ocrx_word' id='word_1_403' title='bbox 528 5273 887 5336; x_wconf 78' lang='lat' dir='ltr'><strong>proponebat;</strong></span> <span class='ocrx_word' id='word_1_404' title='bbox 935 5270 1068 5323; x_wconf 84' lang='lat' dir='ltr'><strong>adeo</strong></span> <span class='ocrx_word' id='word_1_405' title='bbox 1097 5281 1152 5323; x_wconf 90' lang='lat' dir='ltr'><strong>ut</strong></span> <span class='ocrx_word' id='word_1_406' title='bbox 1198 5269 1299 5338; x_wconf 89' lang='lat' dir='ltr'><strong>ipsi</strong></span> <span class='ocrx_word' id='word_1_407' title='bbox 1327 5284 1535 5337; x_wconf 85' lang='lat' dir='ltr'><strong>quoque</strong></span> <span class='ocrx_word' id='word_1_408' title='bbox 1563 5268 1913 5321; x_wconf 81' lang='lat' dir='ltr'><strong>adolescentis</strong></span> <span class='ocrx_word' id='word_1_409' title='bbox 1942 5265 2091 5334; x_wconf 73' lang='lat' dir='ltr'><strong>inge-</strong></span> 
     </span>
    </p>
   </div>
   <div class='ocr_carea' id='block_1_58' title="bbox 600 5456 1940 5542">
    <p class='ocr_par' dir='ltr' id='par_1_58' title="bbox 600 5456 1940 5542">
     <span class='ocr_line' id='line_1_58' title="bbox 600 5456 1940 5542; baseline -0.003 -11"><span class='ocrx_word' id='word_1_410' title='bbox 600 5469 712 5542; x_wconf 59' lang='grc' dir='ltr'><strong>(ΞΟ)</strong></span> <span class='ocrx_word' id='word_1_411' title='bbox 742 5469 898 5542; x_wconf 61' lang='lat' dir='ltr'><strong>Qonf.</strong></span> <span class='ocrx_word' id='word_1_412' title='bbox 935 5470 1171 5525; x_wconf 72' lang='lat' dir='ltr'><strong>Matthazi</strong></span> <span class='ocrx_word' id='word_1_413' title='bbox 1205 5472 1357 5526; x_wconf 80' lang='lat' dir='ltr'><strong>locus</strong></span> <span class='ocrx_word' id='word_1_414' title='bbox 1386 5488 1550 5538; x_wconf 90' lang='lat' dir='ltr'><strong>supra</strong></span> <span class='ocrx_word' id='word_1_415' title='bbox 1577 5490 1697 5542; x_wconf 77' lang='lat' dir='ltr'><strong>pag.</strong></span> <span class='ocrx_word' id='word_1_416' title='bbox 1728 5474 1780 5536; x_wconf 79' lang='grc'>1,</span> <span class='ocrx_word' id='word_1_417' title='bbox 1810 5490 1864 5526; x_wconf 90' lang='lat' dir='ltr'><strong>u.</strong></span> <span class='ocrx_word' id='word_1_418' title='bbox 1887 5456 1940 5527; x_wconf 58' lang='grc' dir='ltr'>Ξ.</span> 
     </span>
    </p>
   </div>
   <div class='ocr_carea' id='block_1_59' title="bbox 2126 4552 2173 4608">
    <p class='ocr_par' dir='ltr' id='par_1_59' title="bbox 2126 4552 2173 4608">
     <span class='ocr_line' id='line_1_59' title="bbox 2126 4552 2173 4608; baseline 0 0"><span class='ocrx_word' id='word_1_419' title='bbox 2126 4552 2173 4608; x_wconf 90' lang='lat' dir='ltr'><strong>D</strong></span> 
     </span>
    </p>
   </div>
   <div class='ocr_carea' id='block_1_60' title="bbox 2183 575 3768 649">
    <p class='ocr_par' dir='ltr' id='par_1_60' title="bbox 2183 575 3768 649">
     <span class='ocr_line' id='line_1_60' title="bbox 2183 575 3768 649; baseline -0.001 -17"><span class='ocrx_word' id='word_1_420' title='bbox 2183 580 2337 632; x_wconf 88' lang='grc' dir='ltr'>πόλει</span> <span class='ocrx_word' id='word_1_421' title='bbox 2371 579 2404 649; x_wconf 82' lang='grc' dir='ltr'>ἢ</span> <span class='ocrx_word' id='word_1_422' title='bbox 2440 578 2594 649; x_wconf 76' lang='grc' dir='ltr'>χώρᾳ</span> <span class='ocrx_word' id='word_1_423' title='bbox 2624 580 2725 649; x_wconf 79' lang='grc' dir='ltr'>τῆς</span> <span class='ocrx_word' id='word_1_424' title='bbox 2760 580 2899 649; x_wconf 79' lang='grc' dir='ltr'>ἐμῆς</span> <span class='ocrx_word' id='word_1_425' title='bbox 2929 577 3224 648; x_wconf 75' lang='grc' dir='ltr'>εὑρεθῆναι</span> <span class='ocrx_word' id='word_1_426' title='bbox 3248 575 3498 641; x_wconf 74' lang='grc' dir='ltr'>ἐξουσίας</span> <span class='ocrx_word' id='word_1_427' title='bbox 3519 617 3537 641; x_wconf 86' lang='grc'><strong>,</strong></span> <span class='ocrx_word' id='word_1_428' title='bbox 3568 578 3603 647; x_wconf 69' lang='grc' dir='ltr'><strong>ἢ</strong></span> <span class='ocrx_word' id='word_1_429' title='bbox 3634 579 3768 632; x_wconf 75' lang='grc' dir='ltr'>πᾶν·</span> 
     </span>
    </p>
   </div>
   <div class='ocr_carea' id='block_1_61' title="bbox 2181 668 3768 740">
    <p class='ocr_par' dir='ltr' id='par_1_61' title="bbox 2181 668 3768 740">
     <span class='ocr_line' id='line_1_61' title="bbox 2181 668 3768 740; baseline -0.001 -18"><span class='ocrx_word' id='word_1_430' title='bbox 2181 688 2287 732; x_wconf 88' lang='grc' dir='ltr'><strong>τως</strong></span> <span class='ocrx_word' id='word_1_431' title='bbox 2318 670 2687 739; x_wconf 78' lang='grc' dir='ltr'><strong>πυρίκαυστος</strong></span> <span class='ocrx_word' id='word_1_432' title='bbox 2719 669 2912 732; x_wconf 75' lang='grc' dir='ltr'>ἔσταις</span> <span class='ocrx_word' id='word_1_433' title='bbox 2945 670 3008 721; x_wconf 78' lang='grc' dir='ltr'><strong>Οἱ</strong></span> <span class='ocrx_word' id='word_1_434' title='bbox 3033 669 3090 722; x_wconf 84' lang='grc' dir='ltr'>δὲ</span> <span class='ocrx_word' id='word_1_435' title='bbox 3133 668 3380 738; x_wconf 88' lang='grc' dir='ltr'>μοναχοί·</span> <span class='ocrx_word' id='word_1_436' title='bbox 3425 669 3560 722; x_wconf 82' lang='grc' dir='ltr'>Ἰδοὺ</span> <span class='ocrx_word' id='word_1_437' title='bbox 3588 671 3768 740; x_wconf 75' lang='grc' dir='ltr'>(φασὶ)</span> 
     </span>
    </p>
   </div>
   <div class='ocr_carea' id='block_1_62' title="bbox 2183 764 3770 836">
    <p class='ocr_par' dir='ltr' id='par_1_62' title="bbox 2183 764 3770 836">
     <span class='ocr_line' id='line_1_62' title="bbox 2183 764 3770 836; baseline -0.002 -18"><span class='ocrx_word' id='word_1_438' title='bbox 2183 764 2327 819; x_wconf 76' lang='grc' dir='ltr'>καθὰ</span> <span class='ocrx_word' id='word_1_439' title='bbox 2360 764 2425 836; x_wconf 78' lang='grc' dir='ltr'><strong>δὴ</strong></span> <span class='ocrx_word' id='word_1_440' title='bbox 2458 765 2553 818; x_wconf 67' lang='grc' dir='ltr'><strong>καλ⁴</strong></span> <span class='ocrx_word' id='word_1_441' title='bbox 2592 764 2936 836; x_wconf 81' lang='grc' dir='ltr'>προσέταξας</span> <span class='ocrx_word' id='word_1_442' title='bbox 2963 806 2976 826; x_wconf 95' lang='grc'><strong>,</strong></span> <span class='ocrx_word' id='word_1_443' title='bbox 3018 764 3357 834; x_wconf 80' lang='grc' dir='ltr'>ὲξερχόμεθά</span> <span class='ocrx_word' id='word_1_444' title='bbox 3381 781 3477 816; x_wconf 90' lang='grc' dir='ltr'><strong>σου</strong></span> <span class='ocrx_word' id='word_1_445' title='bbox 3521 764 3634 817; x_wconf 81' lang='grc' dir='ltr'><strong>τῶν</strong></span> <span class='ocrx_word' id='word_1_446' title='bbox 3669 764 3770 815; x_wconf 87' lang='grc' dir='ltr'>πό-</span> 
     </span>
    </p>
   </div>
   <div class='ocr_carea' id='block_1_63' title="bbox 2181 857 3773 929">
    <p class='ocr_par' dir='ltr' id='par_1_63' title="bbox 2181 857 3773 929">
     <span class='ocr_line' id='line_1_63' title="bbox 2181 857 3773 929; baseline -0.003 -18"><span class='ocrx_word' id='word_1_447' title='bbox 2181 859 2319 912; x_wconf 87' lang='grc' dir='ltr'>λεων</span> <span class='ocrx_word' id='word_1_448' title='bbox 2350 860 2444 912; x_wconf 78' lang='grc' dir='ltr'><strong>καὶ</strong></span> <span class='ocrx_word' id='word_1_449' title='bbox 2472 859 2582 912; x_wconf 85' lang='grc' dir='ltr'>τῶν</span> <span class='ocrx_word' id='word_1_450' title='bbox 2613 858 2828 929; x_wconf 84' lang='grc' dir='ltr'>χωρῶν·</span> <span class='ocrx_word' id='word_1_451' title='bbox 2865 860 3085 929; x_wconf 79' lang='grc' dir='ltr'>μακρᾶς</span> <span class='ocrx_word' id='word_1_452' title='bbox 3109 858 3167 909; x_wconf 83' lang='grc' dir='ltr'>δὲ</span> <span class='ocrx_word' id='word_1_453' title='bbox 3197 858 3330 928; x_wconf 79' lang='grc' dir='ltr'>ἡμῖν</span> <span class='ocrx_word' id='word_1_454' title='bbox 3357 857 3463 926; x_wconf 80' lang='grc' dir='ltr'>τῆς</span> <span class='ocrx_word' id='word_1_455' title='bbox 3488 858 3613 911; x_wconf 82' lang='grc' dir='ltr'>ὁδοῦ</span> <span class='ocrx_word' id='word_1_456' title='bbox 3642 873 3773 927; x_wconf 88' lang='grc' dir='ltr'>προ-</span> 
     </span>
    </p>
   </div>
   <div class='ocr_carea' id='block_1_64' title="bbox 2183 954 3771 1027">
    <p class='ocr_par' dir='ltr' id='par_1_64' title="bbox 2183 954 3771 1027">
     <span class='ocr_line' id='line_1_64' title="bbox 2183 954 3771 1027; baseline -0.002 -17"><span class='ocrx_word' id='word_1_457' title='bbox 2183 956 2443 1027; x_wconf 80' lang='grc' dir='ltr'><strong>κειμένης</strong></span> <span class='ocrx_word' id='word_1_458' title='bbox 2478 954 2572 1010; x_wconf 89' lang='grc' dir='ltr'><strong>τοῦ</strong></span> <span class='ocrx_word' id='word_1_459' title='bbox 2607 955 2865 1010; x_wconf 79' lang='grc' dir='ltr'><strong>ἀπελθεῖν</strong></span> <span class='ocrx_word' id='word_1_460' title='bbox 2914 956 3052 1027; x_wconf 82' lang='grc' dir='ltr'>πρὸς</span> <span class='ocrx_word' id='word_1_461' title='bbox 3096 955 3227 1018; x_wconf 78' lang='grc' dir='ltr'>τοὺς</span> <span class='ocrx_word' id='word_1_462' title='bbox 3255 955 3569 1027; x_wconf 81' lang='grc' dir='ltr'>ἡμετέρους</span> <span class='ocrx_word' id='word_1_463' title='bbox 3608 955 3771 1011; x_wconf 83' lang='grc' dir='ltr'>ἀδελ-</span> 
     </span>
    </p>
   </div>
   <div class='ocr_carea' id='block_1_65' title="bbox 2180 1046 3764 1120">
    <p class='ocr_par' dir='ltr' id='par_1_65' title="bbox 2180 1046 3764 1120">
     <span class='ocr_line' id='line_1_65' title="bbox 2180 1046 3764 1120; baseline -0.002 -18"><span class='ocrx_word' id='word_1_464' title='bbox 2180 1052 2345 1118; x_wconf 74' lang='grc' dir='ltr'>φοὺς,</span> <span class='ocrx_word' id='word_1_465' title='bbox 2378 1049 2575 1113; x_wconf 78' lang='grc' dir='ltr'><strong>ἐνδεῶς</strong></span> <span class='ocrx_word' id='word_1_466' title='bbox 2603 1048 2821 1120; x_wconf 75' lang='grc' dir='ltr'>ἔχοντες</span> <span class='ocrx_word' id='word_1_467' title='bbox 2855 1048 3064 1119; x_wconf 79' lang='grc' dir='ltr'>τροφῆς</span> <span class='ocrx_word' id='word_1_468' title='bbox 3086 1090 3100 1114; x_wconf 90' lang='grc'><strong>,</strong></span> <span class='ocrx_word' id='word_1_469' title='bbox 3128 1048 3335 1118; x_wconf 86' lang='grc' dir='ltr'>ταύτην</span> <span class='ocrx_word' id='word_1_470' title='bbox 3362 1046 3764 1120; x_wconf 75' lang='grc' dir='ltr'>ὲποριζόμεοα,</span> 
     </span>
    </p>
   </div>
   <div class='ocr_carea' id='block_1_66' title="bbox 2180 1139 3765 1212">
    <p class='ocr_par' dir='ltr' id='par_1_66' title="bbox 2180 1139 3765 1212">
     <span class='ocr_line' id='line_1_66' title="bbox 2180 1139 3765 1212; baseline -0.001 -18"><span class='ocrx_word' id='word_1_471' title='bbox 2180 1140 2274 1194; x_wconf 92' lang='grc' dir='ltr'><strong>τοῦ</strong></span> <span class='ocrx_word' id='word_1_472' title='bbox 2309 1141 2454 1212; x_wconf 76' lang='grc' dir='ltr'>ἔχειν</span> <span class='ocrx_word' id='word_1_473' title='bbox 2484 1144 2552 1195; x_wconf 72' lang='grc' dir='ltr'>τὰ</span> <span class='ocrx_word' id='word_1_474' title='bbox 2586 1142 2776 1211; x_wconf 78' lang='grc' dir='ltr'>ἐφόδια</span> <span class='ocrx_word' id='word_1_475' title='bbox 2799 1142 2895 1195; x_wconf 76' lang='grc' dir='ltr'><strong>καὶ</strong></span> <span class='ocrx_word' id='word_1_476' title='bbox 2948 1140 3025 1211; x_wconf 82' lang='grc' dir='ltr'>μὴ</span> <span class='ocrx_word' id='word_1_477' title='bbox 3062 1139 3222 1211; x_wconf 89' lang='grc' dir='ltr'>λιμοῦ</span> <span class='ocrx_word' id='word_1_478' title='bbox 3252 1140 3641 1210; x_wconf 79' lang='grc' dir='ltr'>παρανάλωμα</span> <span class='ocrx_word' id='word_1_479' title='bbox 3670 1158 3765 1208; x_wconf 79' lang='grc' dir='ltr'>γε·</span> 
     </span>
    </p>
   </div>
   <div class='ocr_carea' id='block_1_67' title="bbox 2178 1230 3767 1302">
    <p class='ocr_par' dir='ltr' id='par_1_67' title="bbox 2178 1230 3767 1302">
     <span class='ocr_line' id='line_1_67' title="bbox 2178 1230 3767 1302; baseline -0.004 -13"><span class='ocrx_word' id='word_1_480' title='bbox 2178 1233 2385 1289; x_wconf 84' lang='grc' dir='ltr'>νέσοαι.</span> <span class='ocrx_word' id='word_1_481' title='bbox 2440 1234 2499 1288; x_wconf 88' lang='lat'><strong>&#39;0</strong></span> <span class='ocrx_word' id='word_1_482' title='bbox 2528 1233 2586 1286; x_wconf 81' lang='grc' dir='ltr'>δὲ</span> <span class='ocrx_word' id='word_1_483' title='bbox 2634 1232 2891 1302; x_wconf 80' lang='grc' dir='ltr'>βασιλεὺς</span> <span class='ocrx_word' id='word_1_484' title='bbox 2933 1232 3072 1302; x_wconf 73' lang='grc' dir='ltr'><strong>ἔφη’</strong></span> <span class='ocrx_word' id='word_1_485' title='bbox 3133 1232 3192 1286; x_wconf 85' lang='grc' dir='ltr'>Ὀ</span> <span class='ocrx_word' id='word_1_486' title='bbox 3230 1230 3466 1285; x_wconf 82' lang='grc' dir='ltr'>θανάτου</span> <span class='ocrx_word' id='word_1_487' title='bbox 3511 1231 3767 1295; x_wconf 82' lang='grc' dir='ltr'>δεδοικὼς</span> 
     </span>
    </p>
   </div>
   <div class='ocr_carea' id='block_1_68' title="bbox 2180 1321 3768 1395">
    <p class='ocr_par' dir='ltr' id='par_1_68' title="bbox 2180 1321 3768 1395">
     <span class='ocr_line' id='line_1_68' title="bbox 2180 1321 3768 1395; baseline -0.003 -17"><span class='ocrx_word' id='word_1_488' title='bbox 2180 1325 2412 1395; x_wconf 82' lang='grc' dir='ltr'>ἀπειλὴν</span> <span class='ocrx_word' id='word_1_489' title='bbox 2441 1325 2543 1378; x_wconf 86' lang='grc' dir='ltr'><strong>οὑκ</strong></span> <span class='ocrx_word' id='word_1_490' title='bbox 2569 1324 2878 1395; x_wconf 83' lang='grc' dir='ltr'>ἀσχολεῖται</span> <span class='ocrx_word' id='word_1_491' title='bbox 2900 1324 2982 1387; x_wconf 86' lang='grc' dir='ltr'><strong>είς</strong></span> <span class='ocrx_word' id='word_1_492' title='bbox 3006 1322 3276 1394; x_wconf 82' lang='grc' dir='ltr'>πορισμὸν</span> <span class='ocrx_word' id='word_1_493' title='bbox 3306 1321 3642 1392; x_wconf 75' lang='grc' dir='ltr'>βρωμάτων.</span> <span class='ocrx_word' id='word_1_494' title='bbox 3668 1323 3768 1375; x_wconf 83' lang='grc' dir='ltr'><strong>Λέ-</strong></span> 
     </span>
    </p>
   </div>
   <div class='ocr_carea' id='block_1_69' title="bbox 2179 1409 3769 1487">
    <p class='ocr_par' dir='ltr' id='par_1_69' title="bbox 2179 1409 3769 1487">
     <span class='ocr_line' id='line_1_69' title="bbox 2179 1409 3769 1487; baseline -0.003 -17"><span class='ocrx_word' id='word_1_495' title='bbox 2179 1434 2368 1485; x_wconf 79' lang='grc' dir='ltr'>γουσιν</span> <span class='ocrx_word' id='word_1_496' title='bbox 2406 1417 2455 1468; x_wconf 72' lang='lat' dir='ltr'><strong>oi</strong></span> <span class='ocrx_word' id='word_1_497' title='bbox 2509 1416 2795 1487; x_wconf 77' lang='grc' dir='ltr'>μονασταίο</span> <span class='ocrx_word' id='word_1_498' title='bbox 2853 1415 3053 1478; x_wconf 83' lang='grc' dir='ltr'>Καλῶς</span> <span class='ocrx_word' id='word_1_499' title='bbox 3085 1409 3264 1481; x_wconf 75' lang='grc' dir='ltr'>εἴπας,</span> <span class='ocrx_word' id='word_1_500' title='bbox 3315 1410 3361 1469; x_wconf 81' lang='grc' dir='ltr'><strong>ὦ</strong></span> <span class='ocrx_word' id='word_1_501' title='bbox 3411 1413 3676 1485; x_wconf 85' lang='grc' dir='ltr'>βασιλεῦ’</span> <span class='ocrx_word' id='word_1_502' title='bbox 3719 1415 3769 1466; x_wconf 80' lang='lat' dir='ltr'><strong>oi.</strong></span> 
     </span>
    </p>
   </div>
   <div class='ocr_carea' id='block_1_70' title="bbox 2181 1506 3769 1578">
    <p class='ocr_par' dir='ltr' id='par_1_70' title="bbox 2181 1506 3769 1578">
     <span class='ocr_line' id='line_1_70' title="bbox 2181 1506 3769 1578; baseline -0.003 -17"><span class='ocrx_word' id='word_1_503' title='bbox 2181 1508 2410 1562; x_wconf 82' lang='grc' dir='ltr'>θάνατον</span> <span class='ocrx_word' id='word_1_504' title='bbox 2450 1508 2755 1571; x_wconf 80' lang='grc' dir='ltr'>δεδοικότες</span> <span class='ocrx_word' id='word_1_505' title='bbox 2787 1507 2877 1561; x_wconf 77' lang='grc' dir='ltr'><strong>διὰ</strong></span> <span class='ocrx_word' id='word_1_506' title='bbox 2906 1507 3189 1578; x_wconf 80' lang='grc' dir='ltr'>φροντίδος</span> <span class='ocrx_word' id='word_1_507' title='bbox 3223 1506 3406 1576; x_wconf 76' lang='grc' dir='ltr'>ἔχουσι</span> <span class='ocrx_word' id='word_1_508' title='bbox 3442 1506 3564 1567; x_wconf 79' lang='grc' dir='ltr'><strong>πῶς</strong></span> <span class='ocrx_word' id='word_1_509' title='bbox 3605 1506 3769 1559; x_wconf 78' lang='grc' dir='ltr'>αὑτὸν</span> 
     </span>
    </p>
   </div>
   <div class='ocr_carea' id='block_1_71' title="bbox 2181 1593 3769 1675">
    <p class='ocr_par' dir='ltr' id='par_1_71' title="bbox 2181 1593 3769 1675">
     <span class='ocr_line' id='line_1_71' title="bbox 2181 1593 3769 1675; baseline -0.002 -23"><span class='ocrx_word' id='word_1_510' title='bbox 2181 1600 2483 1675; x_wconf 67' lang='grc' dir='ltr'>ἐκφύγωσι.</span> <span class='ocrx_word' id='word_1_511' title='bbox 2517 1600 2673 1664; x_wconf 88' lang='grc' dir='ltr'>Τίνες</span> <span class='ocrx_word' id='word_1_512' title='bbox 2710 1601 2768 1654; x_wconf 77' lang='grc' dir='ltr'>δέ</span> <span class='ocrx_word' id='word_1_513' title='bbox 2794 1603 2933 1654; x_wconf 74' lang='grc' dir='ltr'>εἰσιν</span> <span class='ocrx_word' id='word_1_514' title='bbox 2967 1593 3151 1663; x_wconf 82' lang='grc' dir='ltr'>οῦτοι,</span> <span class='ocrx_word' id='word_1_515' title='bbox 3193 1599 3313 1654; x_wconf 82' lang='grc' dir='ltr'>ἀλλ’</span> <span class='ocrx_word' id='word_1_516' title='bbox 3342 1599 3375 1670; x_wconf 83' lang='grc' dir='ltr'>ἢ</span> <span class='ocrx_word' id='word_1_517' title='bbox 3408 1600 3457 1652; x_wconf 84' lang='grc' dir='ltr'>οἱ</span> <span class='ocrx_word' id='word_1_518' title='bbox 3492 1602 3608 1657; x_wconf 81' lang='grc' dir='ltr'>τοῖς</span> <span class='ocrx_word' id='word_1_519' title='bbox 3645 1602 3769 1669; x_wconf 75' lang='grc' dir='ltr'>ρευ-</span> 
     </span>
    </p>
   </div>
   <div class='ocr_carea' id='block_1_72' title="bbox 2184 1694 3768 1770">
    <p class='ocr_par' dir='ltr' id='par_1_72' title="bbox 2184 1694 3768 1770">
     <span class='ocr_line' id='line_1_72' title="bbox 2184 1694 3768 1770; baseline -0.006 -17"><span class='ocrx_word' id='word_1_520' title='bbox 2184 1703 2327 1763; x_wconf 84' lang='grc' dir='ltr'>στοῖς</span> <span class='ocrx_word' id='word_1_521' title='bbox 2352 1697 2785 1770; x_wconf 87' lang='grc' dir='ltr'>προστετηκότες</span> <span class='ocrx_word' id='word_1_522' title='bbox 2813 1697 2907 1749; x_wconf 76' lang='grc' dir='ltr'><strong>καὶ</strong></span> <span class='ocrx_word' id='word_1_523' title='bbox 2926 1695 3139 1759; x_wconf 82' lang='grc' dir='ltr'>τούτοις</span> <span class='ocrx_word' id='word_1_524' title='bbox 3163 1694 3521 1766; x_wconf 73' lang='grc' dir='ltr'>ἐπτοημένοι,</span> <span class='ocrx_word' id='word_1_525' title='bbox 3550 1694 3768 1756; x_wconf 78' lang='grc' dir='ltr'>οἵτινες,</span> 
     </span>
    </p>
   </div>
   <div class='ocr_carea' id='block_1_73' title="bbox 2186 1786 3772 1862">
    <p class='ocr_par' dir='ltr' id='par_1_73' title="bbox 2186 1786 3772 1862">
     <span class='ocr_line' id='line_1_73' title="bbox 2186 1786 3772 1862; baseline -0.006 -17"><span class='ocrx_word' id='word_1_526' title='bbox 2186 1792 2351 1862; x_wconf 79' lang='grc' dir='ltr'>μηδὲν</span> <span class='ocrx_word' id='word_1_527' title='bbox 2376 1790 2579 1859; x_wconf 74' lang='grc' dir='ltr'>ἀγαθὸν</span> <span class='ocrx_word' id='word_1_528' title='bbox 2602 1789 2917 1853; x_wconf 71' lang='grc' dir='ltr'>ἐλπίζοντες</span> <span class='ocrx_word' id='word_1_529' title='bbox 2946 1790 3130 1859; x_wconf 82' lang='grc' dir='ltr'>εὑρεῖν</span> <span class='ocrx_word' id='word_1_530' title='bbox 3156 1788 3389 1852; x_wconf 75' lang='grc' dir='ltr'>ἐκεῖθεν,</span> <span class='ocrx_word' id='word_1_531' title='bbox 3412 1786 3772 1839; x_wconf 79' lang='grc' dir='ltr'>δυσαποσπᾶ-</span> 
     </span>
    </p>
   </div>
   <div class='ocr_carea' id='block_1_74' title="bbox 2186 1875 3772 1951">
    <p class='ocr_par' dir='ltr' id='par_1_74' title="bbox 2186 1875 3772 1951">
     <span class='ocr_line' id='line_1_74' title="bbox 2186 1875 3772 1951; baseline -0.004 -16"><span class='ocrx_word' id='word_1_532' title='bbox 2186 1899 2327 1945; x_wconf 86' lang='grc' dir='ltr'>στως</span> <span class='ocrx_word' id='word_1_533' title='bbox 2355 1880 2539 1951; x_wconf 77' lang='grc' dir='ltr'>ἔχουσι</span> <span class='ocrx_word' id='word_1_534' title='bbox 2576 1880 2686 1932; x_wconf 82' lang='grc' dir='ltr'><strong>τῶν</strong></span> <span class='ocrx_word' id='word_1_535' title='bbox 2718 1879 3027 1949; x_wconf 83' lang='grc' dir='ltr'>παρόντων,</span> <span class='ocrx_word' id='word_1_536' title='bbox 3060 1877 3154 1931; x_wconf 69' lang='grc' dir='ltr'>καὶ</span> <span class='ocrx_word' id='word_1_537' title='bbox 3179 1877 3271 1931; x_wconf 78' lang='grc' dir='ltr'>διὰ</span> <span class='ocrx_word' id='word_1_538' title='bbox 3296 1875 3457 1930; x_wconf 89' lang='grc' dir='ltr'>τοῦτο</span> <span class='ocrx_word' id='word_1_539' title='bbox 3491 1876 3772 1929; x_wconf 77' lang='grc' dir='ltr'>δεδοίκασι</span> 
     </span>
    </p>
   </div>
   <div class='ocr_carea' id='block_1_75' title="bbox 2186 1967 3775 2040">
    <p class='ocr_par' dir='ltr' id='par_1_75' title="bbox 2186 1967 3775 2040">
     <span class='ocr_line' id='line_1_75' title="bbox 2186 1967 3775 2040; baseline -0.004 -15"><span class='ocrx_word' id='word_1_540' title='bbox 2186 1972 2413 2025; x_wconf 80' lang='grc' dir='ltr'>θάνατον</span> <span class='ocrx_word' id='word_1_541' title='bbox 2438 1988 2453 2037; x_wconf 88' lang='grc'>;</span> <span class='ocrx_word' id='word_1_542' title='bbox 2491 1971 2683 2040; x_wconf 86' lang='grc' dir='ltr'>Ἡμεῖς</span> <span class='ocrx_word' id='word_1_543' title='bbox 2708 1969 2765 2022; x_wconf 82' lang='grc' dir='ltr'>δὲ</span> <span class='ocrx_word' id='word_1_544' title='bbox 2795 1970 2843 2022; x_wconf 87' lang='grc' dir='ltr'>οἱ</span> <span class='ocrx_word' id='word_1_545' title='bbox 2876 1969 3045 2023; x_wconf 80' lang='grc' dir='ltr'>πάλαι</span> <span class='ocrx_word' id='word_1_546' title='bbox 3078 1971 3415 2038; x_wconf 80' lang='grc' dir='ltr'>μισήσαντες</span> <span class='ocrx_word' id='word_1_547' title='bbox 3439 1967 3650 2036; x_wconf 85' lang='grc' dir='ltr'>κόσμον</span> <span class='ocrx_word' id='word_1_548' title='bbox 3679 1967 3775 2019; x_wconf 70' lang='grc' dir='ltr'>καὶ</span> 
     </span>
    </p>
   </div>
   <div class='ocr_carea' id='block_1_76' title="bbox 2183 2059 3774 2132">
    <p class='ocr_par' dir='ltr' id='par_1_76' title="bbox 2183 2059 3774 2132">
     <span class='ocr_line' id='line_1_76' title="bbox 2183 2059 3774 2132; baseline -0.003 -18"><span class='ocrx_word' id='word_1_549' title='bbox 2183 2062 2253 2116; x_wconf 78' lang='grc' dir='ltr'>τὰ</span> <span class='ocrx_word' id='word_1_550' title='bbox 2285 2064 2343 2116; x_wconf 81' lang='grc' dir='ltr'><strong>ὲν</strong></span> <span class='ocrx_word' id='word_1_551' title='bbox 2384 2063 2577 2132; x_wconf 88' lang='grc' dir='ltr'>κόσμῳ</span> <span class='ocrx_word' id='word_1_552' title='bbox 2602 2102 2617 2125; x_wconf 94' lang='grc'><strong>,</strong></span> <span class='ocrx_word' id='word_1_553' title='bbox 2651 2062 2748 2116; x_wconf 62' lang='grc' dir='ltr'><strong>καὶ⁸</strong></span> <span class='ocrx_word' id='word_1_554' title='bbox 2782 2060 2879 2132; x_wconf 83' lang='grc' dir='ltr'>τὴν</span> <span class='ocrx_word' id='word_1_555' title='bbox 2924 2061 3121 2131; x_wconf 82' lang='grc' dir='ltr'>στενὴν</span> <span class='ocrx_word' id='word_1_556' title='bbox 3151 2061 3246 2115; x_wconf 73' lang='grc' dir='ltr'><strong>καὶ</strong></span> <span class='ocrx_word' id='word_1_557' title='bbox 3274 2059 3655 2131; x_wconf 84' lang='grc' dir='ltr'>τεθλιμμένην</span> <span class='ocrx_word' id='word_1_558' title='bbox 3684 2059 3774 2111; x_wconf 67' lang='grc' dir='ltr'>διὰ</span> 
     </span>
    </p>
   </div>
   <div class='ocr_carea' id='block_1_77' title="bbox 2183 2150 3776 2225">
    <p class='ocr_par' dir='ltr' id='par_1_77' title="bbox 2183 2150 3776 2225">
     <span class='ocr_line' id='line_1_77' title="bbox 2183 2150 3776 2225; baseline -0.004 -17"><span class='ocrx_word' id='word_1_559' title='bbox 2183 2154 2420 2225; x_wconf 84' lang='grc' dir='ltr'>Χριστὸν</span> <span class='ocrx_word' id='word_1_560' title='bbox 2450 2154 2762 2223; x_wconf 77' lang='grc' dir='ltr'>βαδίζοντες</span> <span class='ocrx_word' id='word_1_561' title='bbox 2789 2152 2909 2207; x_wconf 79' lang='grc' dir='ltr'>όδδν</span> <span class='ocrx_word' id='word_1_562' title='bbox 2937 2152 3073 2223; x_wconf 83' lang='grc'>(70),</span> <span class='ocrx_word' id='word_1_563' title='bbox 3102 2150 3229 2206; x_wconf 77' lang='grc' dir='ltr'>οὔτε</span> <span class='ocrx_word' id='word_1_564' title='bbox 3258 2152 3494 2206; x_wconf 80' lang='grc' dir='ltr'>θάνατον</span> <span class='ocrx_word' id='word_1_565' title='bbox 3525 2150 3776 2204; x_wconf 80' lang='grc' dir='ltr'>δεδοίκα-</span> 
     </span>
    </p>
   </div>
   <div class='ocr_carea' id='block_1_78' title="bbox 2187 2242 3775 2317">
    <p class='ocr_par' dir='ltr' id='par_1_78' title="bbox 2187 2242 3775 2317">
     <span class='ocr_line' id='line_1_78' title="bbox 2187 2242 3775 2317; baseline -0.004 -16"><span class='ocrx_word' id='word_1_566' title='bbox 2187 2266 2306 2317; x_wconf 89' lang='grc' dir='ltr'>μεν,</span> <span class='ocrx_word' id='word_1_567' title='bbox 2341 2247 2465 2300; x_wconf 85' lang='grc' dir='ltr'>οὑτε</span> <span class='ocrx_word' id='word_1_568' title='bbox 2494 2247 2563 2300; x_wconf 77' lang='grc' dir='ltr'>τὰ</span> <span class='ocrx_word' id='word_1_569' title='bbox 2595 2246 2845 2317; x_wconf 88' lang='grc' dir='ltr'>παρόντα</span> <span class='ocrx_word' id='word_1_570' title='bbox 2876 2245 3187 2316; x_wconf 81' lang='grc' dir='ltr'>ποθοῦμεν,</span> <span class='ocrx_word' id='word_1_571' title='bbox 3221 2246 3359 2300; x_wconf 86' lang='grc' dir='ltr'><strong>ἀλλά</strong></span> <span class='ocrx_word' id='word_1_572' title='bbox 3388 2242 3499 2297; x_wconf 87' lang='grc' dir='ltr'>τῶν</span> <span class='ocrx_word' id='word_1_573' title='bbox 3548 2242 3775 2314; x_wconf 76' lang='grc' dir='ltr'>μελλόν·</span> 
     </span>
    </p>
   </div>
   <div class='ocr_carea' id='block_1_79' title="bbox 2181 2337 3771 2412">
    <p class='ocr_par' dir='ltr' id='par_1_79' title="bbox 2181 2337 3771 2412">
     <span class='ocr_line' id='line_1_79' title="bbox 2181 2337 3771 2412; baseline -0.002 -17"><span class='ocrx_word' id='word_1_574' title='bbox 2181 2360 2290 2395; x_wconf 81' lang='grc' dir='ltr'><strong>των</strong></span> <span class='ocrx_word' id='word_1_575' title='bbox 2311 2339 2576 2412; x_wconf 75' lang='grc' dir='ltr'>ἐφιέμεθα</span> <span class='ocrx_word' id='word_1_576' title='bbox 2611 2341 2792 2411; x_wconf 89' lang='grc' dir='ltr'>μόνον.</span> <span class='ocrx_word' id='word_1_577' title='bbox 2827 2339 2983 2394; x_wconf 75' lang='grc' dir='ltr'>Ἐπεὶ</span> <span class='ocrx_word' id='word_1_578' title='bbox 3012 2337 3107 2395; x_wconf 73' lang='grc' dir='ltr'><strong>οὖν</strong></span> <span class='ocrx_word' id='word_1_579' title='bbox 3142 2343 3170 2394; x_wconf 84' lang='grc' dir='ltr'><strong>ὁ</strong></span> <span class='ocrx_word' id='word_1_580' title='bbox 3206 2341 3337 2412; x_wconf 75' lang='grc' dir='ltr'>παρ’</span> <span class='ocrx_word' id='word_1_581' title='bbox 3373 2339 3531 2411; x_wconf 84' lang='grc' dir='ltr'>ὑμῶν</span> <span class='ocrx_word' id='word_1_582' title='bbox 3564 2339 3771 2407; x_wconf 78' lang='grc' dir='ltr'>ἐπαγό-</span> 
     </span>
    </p>
   </div>
   <div class='ocr_carea' id='block_1_80' title="bbox 2188 2432 3776 2505">
    <p class='ocr_par' dir='ltr' id='par_1_80' title="bbox 2188 2432 3776 2505">
     <span class='ocr_line' id='line_1_80' title="bbox 2188 2432 3776 2505; baseline -0.003 -18"><span class='ocrx_word' id='word_1_583' title='bbox 2188 2452 2348 2505; x_wconf 89' lang='grc' dir='ltr'>μενος</span> <span class='ocrx_word' id='word_1_584' title='bbox 2392 2433 2504 2504; x_wconf 74' lang='lat'><strong>28</strong></span> <span class='ocrx_word' id='word_1_585' title='bbox 2542 2434 2675 2505; x_wconf 84' lang='grc' dir='ltr'>ἡμῖν</span> <span class='ocrx_word' id='word_1_586' title='bbox 2730 2433 2965 2496; x_wconf 84' lang='grc' dir='ltr'>θάνατος</span> <span class='ocrx_word' id='word_1_587' title='bbox 3003 2433 3358 2504; x_wconf 77' lang='grc' dir='ltr'>διαϐατήριον</span> <span class='ocrx_word' id='word_1_588' title='bbox 3405 2432 3622 2500; x_wconf 79' lang='grc' dir='ltr'>γίνεται</span> <span class='ocrx_word' id='word_1_589' title='bbox 3679 2432 3776 2501; x_wconf 74' lang='grc' dir='ltr'>τῆς</span> 
     </span>
    </p>
   </div>
   <div class='ocr_carea' id='block_1_81' title="bbox 2184 2523 3762 2597">
    <p class='ocr_par' dir='ltr' id='par_1_81' title="bbox 2184 2523 3762 2597">
     <span class='ocr_line' id='line_1_81' title="bbox 2184 2523 3762 2597; baseline -0.003 -17"><span class='ocrx_word' id='word_1_590' title='bbox 2184 2527 2355 2580; x_wconf 84' lang='grc' dir='ltr'>ἀϊδίου</span> <span class='ocrx_word' id='word_1_591' title='bbox 2389 2526 2534 2596; x_wconf 81' lang='grc' dir='ltr'>ζωῆς</span> <span class='ocrx_word' id='word_1_592' title='bbox 2567 2527 2661 2579; x_wconf 76' lang='grc' dir='ltr'>καὶ</span> <span class='ocrx_word' id='word_1_593' title='bbox 2693 2526 3026 2597; x_wconf 81' lang='grc' dir='ltr'>κρείττονος,</span> <span class='ocrx_word' id='word_1_594' title='bbox 3054 2524 3289 2597; x_wconf 75' lang='grc' dir='ltr'>παθητὸς</span> <span class='ocrx_word' id='word_1_595' title='bbox 3320 2526 3454 2595; x_wconf 81' lang='grc' dir='ltr'>ἡμῖν</span> <span class='ocrx_word' id='word_1_596' title='bbox 3491 2523 3701 2594; x_wconf 79' lang='grc' dir='ltr'>μᾶλλον</span> <span class='ocrx_word' id='word_1_597' title='bbox 3729 2524 3762 2593; x_wconf 83' lang='grc' dir='ltr'><strong>ἦ</strong></span> 
     </span>
    </p>
   </div>
   <div class='ocr_carea' id='block_1_82' title="bbox 2185 2612 2806 2690">
    <p class='ocr_par' dir='ltr' id='par_1_82' title="bbox 2185 2612 2806 2690">
     <span class='ocr_line' id='line_1_82' title="bbox 2185 2612 2806 2690; baseline 0 -18"><span class='ocrx_word' id='word_1_598' title='bbox 2185 2619 2315 2689; x_wconf 79' lang='grc' dir='ltr'><strong>φοὸε</strong></span> <span class='ocrx_word' id='word_1_599' title='bbox 2325 2618 2415 2690; x_wconf 90' lang='grc' dir='ltr'><strong>ρός</strong></span> <span class='ocrx_word' id='word_1_600' title='bbox 2445 2620 2594 2672; x_wconf 75' lang='grc' dir='ltr'>ἐστιν</span> <span class='ocrx_word' id='word_1_601' title='bbox 2628 2612 2806 2682; x_wconf 82' lang='grc' dir='ltr'>οὑτος.</span> 
     </span>
    </p>
   </div>
   <div class='ocr_carea' id='block_1_83' title="bbox 2266 2795 3771 2870">
    <p class='ocr_par' dir='ltr' id='par_1_83' title="bbox 2266 2795 3771 2870">
     <span class='ocr_line' id='line_1_83' title="bbox 2266 2795 3771 2870; baseline -0.001 -18"><span class='ocrx_word' id='word_1_602' title='bbox 2266 2800 2386 2869; x_wconf 73' lang='grc' dir='ltr'><strong>Ἐφ’</strong></span> <span class='ocrx_word' id='word_1_603' title='bbox 2415 2795 2496 2863; x_wconf 75' lang='grc' dir='ltr'>οἷς</span> <span class='ocrx_word' id='word_1_604' title='bbox 2527 2799 2585 2864; x_wconf 77' lang='grc' dir='ltr'>ἐξ</span> <span class='ocrx_word' id='word_1_605' title='bbox 2620 2799 2907 2868; x_wconf 78' lang='grc' dir='ltr'>ἀγχινοίας</span> <span class='ocrx_word' id='word_1_606' title='bbox 2951 2798 3111 2870; x_wconf 82' lang='grc' dir='ltr'>δῆθεν</span> <span class='ocrx_word' id='word_1_607' title='bbox 3142 2800 3170 2852; x_wconf 86' lang='grc' dir='ltr'><strong>ὁ</strong></span> <span class='ocrx_word' id='word_1_608' title='bbox 3205 2798 3461 2869; x_wconf 70' lang='grc' dir='ltr'>βασιλεὺς</span> <span class='ocrx_word' id='word_1_609' title='bbox 3507 2797 3771 2851; x_wconf 75' lang='grc' dir='ltr'>ὲπιλαόἐο</span> 
     </span>
    </p>
   </div>
   <div class='ocr_carea' id='block_1_84' title="bbox 2188 2888 3780 2964">
    <p class='ocr_par' dir='ltr' id='par_1_84' title="bbox 2188 2888 3780 2964">
     <span class='ocr_line' id='line_1_84' title="bbox 2188 2888 3780 2964; baseline -0.003 -19"><span class='ocrx_word' id='word_1_610' title='bbox 2188 2893 2311 2946; x_wconf 87' lang='grc' dir='ltr'>σθαι</span> <span class='ocrx_word' id='word_1_611' title='bbox 2343 2894 2452 2945; x_wconf 83' lang='grc' dir='ltr'><strong>τῶν</strong></span> <span class='ocrx_word' id='word_1_612' title='bbox 2495 2892 2749 2964; x_wconf 85' lang='grc' dir='ltr'>μοναχῶν</span> <span class='ocrx_word' id='word_1_613' title='bbox 2800 2891 3147 2961; x_wconf 86' lang='grc' dir='ltr'>βουλόμενος,</span> <span class='ocrx_word' id='word_1_614' title='bbox 3181 2890 3308 2960; x_wconf 75' lang='grc' dir='ltr'>ἔφη’</span> <span class='ocrx_word' id='word_1_615' title='bbox 3341 2890 3406 2943; x_wconf 73' lang='lat' dir='ltr'><strong>Ti.</strong></span> <span class='ocrx_word' id='word_1_616' title='bbox 3451 2889 3540 2954; x_wconf 67' lang='lat' dir='ltr'><strong>es;</strong></span> <span class='ocrx_word' id='word_1_617' title='bbox 3571 2889 3635 2941; x_wconf 85' lang='grc' dir='ltr'><strong>οὑ</strong></span> <span class='ocrx_word' id='word_1_618' title='bbox 3679 2888 3780 2959; x_wconf 62' lang='grc' dir='ltr'><strong>πρδ</strong></span> 
     </span>
    </p>
   </div>
   <div class='ocr_carea' id='block_1_85' title="bbox 2190 2983 3781 3057">
    <p class='ocr_par' dir='ltr' id='par_1_85' title="bbox 2190 2983 3781 3057">
     <span class='ocr_line' id='line_1_85' title="bbox 2190 2983 3781 3057; baseline -0.001 -20"><span class='ocrx_word' id='word_1_619' title='bbox 2190 2985 2390 3057; x_wconf 84' lang='grc' dir='ltr'>μικροῦ</span> <span class='ocrx_word' id='word_1_620' title='bbox 2420 2986 2614 3039; x_wconf 80' lang='grc' dir='ltr'>εἴπατε</span> <span class='ocrx_word' id='word_1_621' title='bbox 2645 2987 2953 3055; x_wconf 81' lang='grc' dir='ltr'>ὑποχωρεῖν</span> <span class='ocrx_word' id='word_1_622' title='bbox 2984 2986 3163 3055; x_wconf 84' lang='grc' dir='ltr'>ὑμᾶς’,</span> <span class='ocrx_word' id='word_1_623' title='bbox 3201 2984 3345 3037; x_wconf 84' lang='grc' dir='ltr'>καθὰ</span> <span class='ocrx_word' id='word_1_624' title='bbox 3370 2983 3434 3055; x_wconf 86' lang='grc' dir='ltr'>δὴ</span> <span class='ocrx_word' id='word_1_625' title='bbox 3482 2984 3584 3037; x_wconf 72' lang='grc' dir='ltr'><strong>καὶ</strong></span> <span class='ocrx_word' id='word_1_626' title='bbox 3613 3001 3781 3053; x_wconf 80' lang='grc' dir='ltr'>προσ-</span> 
     </span>
    </p>
   </div>
   <div class='ocr_carea' id='block_1_86' title="bbox 2188 3077 3777 3149">
    <p class='ocr_par' dir='ltr' id='par_1_86' title="bbox 2188 3077 3777 3149">
     <span class='ocr_line' id='line_1_86' title="bbox 2188 3077 3777 3149; baseline -0.001 -19"><span class='ocrx_word' id='word_1_627' title='bbox 2188 3077 2389 3146; x_wconf 82' lang='grc' dir='ltr'>έταξα;</span> <span class='ocrx_word' id='word_1_628' title='bbox 2420 3080 2515 3131; x_wconf 78' lang='grc' dir='ltr'>καὶ</span> <span class='ocrx_word' id='word_1_629' title='bbox 2536 3120 2552 3145; x_wconf 87' lang='grc'><strong>,</strong></span> <span class='ocrx_word' id='word_1_630' title='bbox 2590 3080 2638 3130; x_wconf 83' lang='grc' dir='ltr'><strong>εί</strong></span> <span class='ocrx_word' id='word_1_631' title='bbox 2667 3080 2729 3132; x_wconf 87' lang='grc' dir='ltr'><strong>οὑ</strong></span> <span class='ocrx_word' id='word_1_632' title='bbox 2759 3078 3036 3131; x_wconf 72' lang='grc' dir='ltr'>δεδοίκατε</span> <span class='ocrx_word' id='word_1_633' title='bbox 3066 3077 3158 3131; x_wconf 85' lang='grc' dir='ltr'><strong>τὸν</strong></span> <span class='ocrx_word' id='word_1_634' title='bbox 3188 3077 3441 3141; x_wconf 79' lang='grc' dir='ltr'>θάνατον,</span> <span class='ocrx_word' id='word_1_635' title='bbox 3484 3077 3605 3138; x_wconf 82' lang='grc' dir='ltr'>πῶς</span> <span class='ocrx_word' id='word_1_636' title='bbox 3631 3080 3777 3149; x_wconf 77' lang='grc' dir='ltr'>φυγῇ</span> 
     </span>
    </p>
   </div>
   <div class='ocr_carea' id='block_1_87' title="bbox 2188 3168 3813 3243">
    <p class='ocr_par' dir='ltr' id='par_1_87' title="bbox 2188 3168 3813 3243">
     <span class='ocr_line' id='line_1_87' title="bbox 2188 3168 3813 3243; baseline 0.001 -23"><span class='ocrx_word' id='word_1_637' title='bbox 2188 3170 2536 3243; x_wconf 82' lang='grc' dir='ltr'>ἐχρήσασθε;</span> <span class='ocrx_word' id='word_1_638' title='bbox 2588 3172 2723 3226; x_wconf 81' lang='grc' dir='ltr'>Ἰδοὺ</span> <span class='ocrx_word' id='word_1_639' title='bbox 2783 3172 2879 3224; x_wconf 77' lang='grc' dir='ltr'><strong>καὶ</strong></span> <span class='ocrx_word' id='word_1_640' title='bbox 2930 3171 3106 3224; x_wconf 85' lang='grc' dir='ltr'>ταῦτα</span> <span class='ocrx_word' id='word_1_641' title='bbox 3162 3170 3344 3240; x_wconf 80' lang='grc' dir='ltr'>μάτην</span> <span class='ocrx_word' id='word_1_642' title='bbox 3389 3168 3813 3240; x_wconf 61' lang='grc' dir='ltr'>κομπάζοντες,</span> 
     </span>
    </p>
   </div>
   <div class='ocr_carea' id='block_1_88' title="bbox 2186 3261 3780 3336">
    <p class='ocr_par' dir='ltr' id='par_1_88' title="bbox 2186 3261 3780 3336">
     <span class='ocr_line' id='line_1_88' title="bbox 2186 3261 3780 3336; baseline -0.001 -20"><span class='ocrx_word' id='word_1_643' title='bbox 2186 3262 2565 3336; x_wconf 74' lang='grc' dir='ltr'>διεψεύσασθε.</span> <span class='ocrx_word' id='word_1_644' title='bbox 2610 3265 3019 3335; x_wconf 81' lang='grc' dir='ltr'>Ἀπεκρίθησαν</span> <span class='ocrx_word' id='word_1_645' title='bbox 3045 3265 3095 3316; x_wconf 85' lang='grc' dir='ltr'>οἱ</span> <span class='ocrx_word' id='word_1_646' title='bbox 3125 3263 3367 3335; x_wconf 82' lang='grc' dir='ltr'>μοναχοί·</span> <span class='ocrx_word' id='word_1_647' title='bbox 3398 3264 3474 3315; x_wconf 88' lang='grc' dir='ltr'>Οὑ</span> <span class='ocrx_word' id='word_1_648' title='bbox 3506 3261 3600 3316; x_wconf 81' lang='grc' dir='ltr'><strong>τὸν</strong></span> <span class='ocrx_word' id='word_1_649' title='bbox 3626 3264 3780 3336; x_wconf 54' lang='grc' dir='ltr'>παρξ</span> 
     </span>
    </p>
   </div>
   <div class='ocr_carea' id='block_1_89' title="bbox 2190 3354 3778 3427">
    <p class='ocr_par' dir='ltr' id='par_1_89' title="bbox 2190 3354 3778 3427">
     <span class='ocr_line' id='line_1_89' title="bbox 2190 3354 3778 3427; baseline -0.003 -16"><span class='ocrx_word' id='word_1_650' title='bbox 2190 3358 2283 3411; x_wconf 92' lang='grc' dir='ltr'><strong>σοῦ</strong></span> <span class='ocrx_word' id='word_1_651' title='bbox 2313 3356 2708 3427; x_wconf 85' lang='grc' dir='ltr'>ἀπειλούμενον</span> <span class='ocrx_word' id='word_1_652' title='bbox 2740 3356 2972 3410; x_wconf 80' lang='grc' dir='ltr'>θάνατον</span> <span class='ocrx_word' id='word_1_653' title='bbox 3010 3355 3310 3418; x_wconf 80' lang='grc' dir='ltr'>δεδοικότες</span> <span class='ocrx_word' id='word_1_654' title='bbox 3342 3354 3642 3424; x_wconf 76' lang='grc' dir='ltr'>φεύγομεν,</span> <span class='ocrx_word' id='word_1_655' title='bbox 3668 3354 3778 3407; x_wconf 73' lang='grc' dir='ltr'>ἀλλ’</span> 
     </span>
    </p>
   </div>
   <div class='ocr_carea' id='block_1_90' title="bbox 2188 3448 3777 3520">
    <p class='ocr_par' dir='ltr' id='par_1_90' title="bbox 2188 3448 3777 3520">
     <span class='ocr_line' id='line_1_90' title="bbox 2188 3448 3777 3520; baseline -0.003 -16"><span class='ocrx_word' id='word_1_656' title='bbox 2188 3449 2465 3514; x_wconf 71' lang='grc' dir='ltr'>ἐλεοῦντες</span> <span class='ocrx_word' id='word_1_657' title='bbox 2516 3466 2598 3503; x_wconf 89' lang='grc' dir='ltr'><strong>σε.</strong></span> <span class='ocrx_word' id='word_1_658' title='bbox 2662 3450 2778 3502; x_wconf 83' lang='grc' dir='ltr'>Ἵνα</span> <span class='ocrx_word' id='word_1_659' title='bbox 2826 3449 2900 3520; x_wconf 85' lang='grc' dir='ltr'><strong>μὴ</strong></span> <span class='ocrx_word' id='word_1_660' title='bbox 2946 3448 3346 3519; x_wconf 81' lang='grc' dir='ltr'>περισσοτέρας</span> <span class='ocrx_word' id='word_1_661' title='bbox 3389 3448 3777 3518; x_wconf 80' lang='grc' dir='ltr'>κατακρίσεως</span> 
     </span>
    </p>
   </div>
   <div class='ocr_carea' id='block_1_91' title="bbox 2189 3536 3772 3608">
    <p class='ocr_par' dir='ltr' id='par_1_91' title="bbox 2189 3536 3772 3608">
     <span class='ocr_line' id='line_1_91' title="bbox 2189 3536 3772 3608; baseline -0.004 -15"><span class='ocrx_word' id='word_1_662' title='bbox 2189 3538 2355 3594; x_wconf 82' lang='grc' dir='ltr'>αἴτιοί</span> <span class='ocrx_word' id='word_1_663' title='bbox 2391 3556 2474 3591; x_wconf 90' lang='grc' dir='ltr'><strong>σοι</strong></span> <span class='ocrx_word' id='word_1_664' title='bbox 2516 3536 2809 3608; x_wconf 83' lang='grc' dir='ltr'>γενώμεθα</span> <span class='ocrx_word' id='word_1_665' title='bbox 2836 3576 2852 3600; x_wconf 92' lang='grc'><strong>,</strong></span> <span class='ocrx_word' id='word_1_666' title='bbox 2904 3536 3379 3606; x_wconf 80' lang='grc' dir='ltr'>προεθυμήθημεν</span> <span class='ocrx_word' id='word_1_667' title='bbox 3427 3536 3772 3606; x_wconf 82' lang='grc' dir='ltr'>ὑποχωρεῖν’</span> 
     </span>
    </p>
   </div>
   <div class='ocr_carea' id='block_1_92' title="bbox 2190 3620 3775 3696">
    <p class='ocr_par' dir='ltr' id='par_1_92' title="bbox 2190 3620 3775 3696">
     <span class='ocr_line' id='line_1_92' title="bbox 2190 3620 3775 3696; baseline -0.002 -15"><span class='ocrx_word' id='word_1_668' title='bbox 2190 3629 2352 3691; x_wconf 75' lang='grc' dir='ltr'>ἐπεὶ,</span> <span class='ocrx_word' id='word_1_669' title='bbox 2378 3628 2440 3680; x_wconf 87' lang='grc' dir='ltr'><strong>τό</strong></span> <span class='ocrx_word' id='word_1_670' title='bbox 2473 3643 2537 3694; x_wconf 89' lang='grc' dir='ltr'><strong>γε</strong></span> <span class='ocrx_word' id='word_1_671' title='bbox 2579 3628 2659 3689; x_wconf 85' lang='grc' dir='ltr'><strong>είς</strong></span> <span class='ocrx_word' id='word_1_672' title='bbox 2706 3627 2854 3696; x_wconf 77' lang='grc' dir='ltr'>ἡμᾶς</span> <span class='ocrx_word' id='word_1_673' title='bbox 2898 3620 3034 3696; x_wconf 84' lang='grc' dir='ltr'>ἧκον</span> <span class='ocrx_word' id='word_1_674' title='bbox 3065 3625 3217 3695; x_wconf 80' lang='grc'><strong>(71),</strong></span> <span class='ocrx_word' id='word_1_675' title='bbox 3265 3626 3498 3689; x_wconf 83' lang='grc' dir='ltr'>οὑδόλως</span> <span class='ocrx_word' id='word_1_676' title='bbox 3534 3643 3633 3678; x_wconf 86' lang='grc' dir='ltr'><strong>σου</strong></span> <span class='ocrx_word' id='word_1_677' title='bbox 3682 3627 3775 3688; x_wconf 73' lang='grc' dir='ltr'><strong>τὰς</strong></span> 
     </span>
    </p>
   </div>
   <div class='ocr_carea' id='block_1_93' title="bbox 2191 3716 3774 3787">
    <p class='ocr_par' dir='ltr' id='par_1_93' title="bbox 2191 3716 3774 3787">
     <span class='ocr_line' id='line_1_93' title="bbox 2191 3716 3774 3787; baseline -0.002 -15"><span class='ocrx_word' id='word_1_678' title='bbox 2191 3717 2417 3782; x_wconf 74' lang='grc' dir='ltr'>ἀπειλάς</span> <span class='ocrx_word' id='word_1_679' title='bbox 2446 3734 2577 3771; x_wconf 86' lang='grc' dir='ltr'>ποτε</span> <span class='ocrx_word' id='word_1_680' title='bbox 2606 3717 2913 3787; x_wconf 84' lang='grc' dir='ltr'>δειλιῶμεν.</span> <span class='ocrx_word' id='word_1_681' title='bbox 2952 3717 3095 3786; x_wconf 79' lang='grc' dir='ltr'>Πρὸς</span> <span class='ocrx_word' id='word_1_682' title='bbox 3122 3716 3298 3769; x_wconf 89' lang='grc' dir='ltr'>ταῦτα</span> <span class='ocrx_word' id='word_1_683' title='bbox 3333 3719 3360 3770; x_wconf 86' lang='grc' dir='ltr'>ὁ</span> <span class='ocrx_word' id='word_1_684' title='bbox 3394 3716 3657 3787; x_wconf 76' lang='grc' dir='ltr'>βασιλεὺς</span> <span class='ocrx_word' id='word_1_685' title='bbox 3683 3718 3774 3787; x_wconf 86' lang='grc' dir='ltr'><strong>ὀρ-</strong></span> 
     </span>
    </p>
   </div>
   <div class='ocr_carea' id='block_1_94' title="bbox 2192 3809 3771 3881">
    <p class='ocr_par' dir='ltr' id='par_1_94' title="bbox 2192 3809 3771 3881">
     <span class='ocr_line' id='line_1_94' title="bbox 2192 3809 3771 3881; baseline -0.001 -17"><span class='ocrx_word' id='word_1_686' title='bbox 2192 3811 2400 3880; x_wconf 76' lang='grc' dir='ltr'>γισθεὶς</span> <span class='ocrx_word' id='word_1_687' title='bbox 2442 3811 2730 3863; x_wconf 77' lang='grc' dir='ltr'>ἐκέλευσεν</span> <span class='ocrx_word' id='word_1_688' title='bbox 2771 3810 2972 3873; x_wconf 79' lang='grc' dir='ltr'>αὑτοὺς</span> <span class='ocrx_word' id='word_1_689' title='bbox 3030 3809 3440 3881; x_wconf 87' lang='grc' dir='ltr'>πυρικαύστους</span> <span class='ocrx_word' id='word_1_690' title='bbox 3492 3811 3771 3878; x_wconf 83' lang='grc' dir='ltr'>γενέσθαι·</span> 
     </span>
    </p>
   </div>
   <div class='ocr_carea' id='block_1_95' title="bbox 2196 3901 3777 3974">
    <p class='ocr_par' dir='ltr' id='par_1_95' title="bbox 2196 3901 3777 3974">
     <span class='ocr_line' id='line_1_95' title="bbox 2196 3901 3777 3974; baseline -0.001 -18"><span class='ocrx_word' id='word_1_691' title='bbox 2196 3904 2290 3956; x_wconf 79' lang='grc' dir='ltr'><strong>καὶ</strong></span> <span class='ocrx_word' id='word_1_692' title='bbox 2337 3902 2734 3973; x_wconf 78' lang='grc' dir='ltr'>ἐτελειώθησαν</span> <span class='ocrx_word' id='word_1_693' title='bbox 2772 3905 2821 3956; x_wconf 78' lang='grc' dir='ltr'>οἱ</span> <span class='ocrx_word' id='word_1_694' title='bbox 2868 3901 2962 3955; x_wconf 89' lang='grc' dir='ltr'><strong>τοῦ</strong></span> <span class='ocrx_word' id='word_1_695' title='bbox 3016 3902 3257 3974; x_wconf 86' lang='grc' dir='ltr'>Χριστοῦ</span> <span class='ocrx_word' id='word_1_696' title='bbox 3303 3901 3643 3972; x_wconf 75' lang='grc' dir='ltr'>θεράποντες</span> <span class='ocrx_word' id='word_1_697' title='bbox 3693 3902 3777 3955; x_wconf 71' lang='grc' dir='ltr'><strong>διὰ</strong></span> 
     </span>
    </p>
   </div>
   <div class='ocr_carea' id='block_1_96' title="bbox 2196 3993 3778 4066">
    <p class='ocr_par' dir='ltr' id='par_1_96' title="bbox 2196 3993 3778 4066">
     <span class='ocr_line' id='line_1_96' title="bbox 2196 3993 3778 4066; baseline -0.001 -18"><span class='ocrx_word' id='word_1_698' title='bbox 2196 3995 2367 4066; x_wconf 73' lang='grc' dir='ltr'>πυρὸς</span> <span class='ocrx_word' id='word_1_699' title='bbox 2386 4034 2400 4057; x_wconf 90' lang='grc'><strong>,</strong></span> <span class='ocrx_word' id='word_1_700' title='bbox 2431 3993 2540 4047; x_wconf 85' lang='grc' dir='ltr'><strong>τῶν</strong></span> <span class='ocrx_word' id='word_1_701' title='bbox 2574 3995 2933 4065; x_wconf 81' lang='grc' dir='ltr'>μαρτυρικῶν</span> <span class='ocrx_word' id='word_1_702' title='bbox 2964 3996 3222 4064; x_wconf 85' lang='grc' dir='ltr'>τυχόντες</span> <span class='ocrx_word' id='word_1_703' title='bbox 3254 3996 3559 4063; x_wconf 73' lang='grc' dir='ltr'>στεφάνων.</span> <span class='ocrx_word' id='word_1_704' title='bbox 3588 3996 3778 4065; x_wconf 85' lang='grc' dir='ltr'>Δόγμα</span> 
     </span>
    </p>
   </div>
   <div class='ocr_carea' id='block_1_97' title="bbox 2194 4082 3778 4156">
    <p class='ocr_par' dir='ltr' id='par_1_97' title="bbox 2194 4082 3778 4156">
     <span class='ocr_line' id='line_1_97' title="bbox 2194 4082 3778 4156; baseline 0.001 -19"><span class='ocrx_word' id='word_1_705' title='bbox 2194 4102 2255 4137; x_wconf 88' lang='grc' dir='ltr'><strong>τε</strong></span> <span class='ocrx_word' id='word_1_706' title='bbox 2284 4083 2523 4151; x_wconf 78' lang='grc' dir='ltr'>ἐξέθετο,</span> <span class='ocrx_word' id='word_1_707' title='bbox 2547 4082 2600 4135; x_wconf 81' lang='grc' dir='ltr'><strong>εἴ</strong></span> <span class='ocrx_word' id='word_1_708' title='bbox 2627 4084 2730 4137; x_wconf 89' lang='grc' dir='ltr'><strong>πού</strong></span> <span class='ocrx_word' id='word_1_709' title='bbox 2754 4102 2838 4147; x_wconf 91' lang='grc' dir='ltr'><strong>τις</strong></span> <span class='ocrx_word' id='word_1_710' title='bbox 2869 4084 3070 4156; x_wconf 80' lang='grc' dir='ltr'>εὑρεθῇ</span> <span class='ocrx_word' id='word_1_711' title='bbox 3101 4085 3375 4154; x_wconf 80' lang='grc' dir='ltr'>μονάζων,</span> <span class='ocrx_word' id='word_1_712' title='bbox 3403 4086 3778 4151; x_wconf 79' lang='grc' dir='ltr'>ἀνεξετάστως</span> 
     </span>
    </p>
   </div>
   <div class='ocr_carea' id='block_1_98' title="bbox 2196 4176 3779 4249">
    <p class='ocr_par' dir='ltr' id='par_1_98' title="bbox 2196 4176 3779 4249">
     <span class='ocr_line' id='line_1_98' title="bbox 2196 4176 3779 4249; baseline 0 -19"><span class='ocrx_word' id='word_1_713' title='bbox 2196 4178 2538 4246; x_wconf 80' lang='grc' dir='ltr'>φονεύεσθαι.</span> <span class='ocrx_word' id='word_1_714' title='bbox 2562 4178 2672 4231; x_wconf 69' lang='grc' dir='ltr'>Καὶ</span> <span class='ocrx_word' id='word_1_715' title='bbox 2694 4177 2873 4241; x_wconf 71' lang='grc' dir='ltr'>οὐδεὶς</span> <span class='ocrx_word' id='word_1_716' title='bbox 2903 4176 3205 4249; x_wconf 75' lang='grc' dir='ltr'>ὑπελείφθη</span> <span class='ocrx_word' id='word_1_717' title='bbox 3235 4179 3294 4231; x_wconf 78' lang='grc' dir='ltr'>ὲν</span> <span class='ocrx_word' id='word_1_718' title='bbox 3316 4178 3500 4249; x_wconf 76' lang='grc' dir='ltr'>ἐκείνῃ</span> <span class='ocrx_word' id='word_1_719' title='bbox 3524 4181 3593 4248; x_wconf 78' lang='grc' dir='ltr'>τῇ</span> <span class='ocrx_word' id='word_1_720' title='bbox 3626 4177 3779 4249; x_wconf 69' lang='grc' dir='ltr'>χώρᾳ.</span> 
     </span>
    </p>
   </div>
   <div class='ocr_carea' id='block_1_99' title="bbox 2194 4269 3780 4342">
    <p class='ocr_par' dir='ltr' id='par_1_99' title="bbox 2194 4269 3780 4342">
     <span class='ocr_line' id='line_1_99' title="bbox 2194 4269 3780 4342; baseline 0 -19"><span class='ocrx_word' id='word_1_721' title='bbox 2194 4270 2291 4324; x_wconf 88' lang='grc' dir='ltr'><strong>τοῦ</strong></span> <span class='ocrx_word' id='word_1_722' title='bbox 2328 4269 2573 4323; x_wconf 81' lang='grc' dir='ltr'>τοιούτου</span> <span class='ocrx_word' id='word_1_723' title='bbox 2622 4270 2925 4342; x_wconf 81' lang='grc' dir='ltr'>τάγματος,</span> <span class='ocrx_word' id='word_1_724' title='bbox 2965 4271 3014 4323; x_wconf 90' lang='grc' dir='ltr'><strong>εί</strong></span> <span class='ocrx_word' id='word_1_725' title='bbox 3050 4270 3125 4341; x_wconf 84' lang='grc' dir='ltr'>μὴ</span> <span class='ocrx_word' id='word_1_726' title='bbox 3153 4271 3203 4323; x_wconf 75' lang='lat' dir='ltr'><strong>oi</strong></span> <span class='ocrx_word' id='word_1_727' title='bbox 3241 4272 3299 4323; x_wconf 84' lang='grc' dir='ltr'>ὲν</span> <span class='ocrx_word' id='word_1_728' title='bbox 3326 4270 3479 4341; x_wconf 79' lang='grc' dir='ltr'>ὄρεσι</span> <span class='ocrx_word' id='word_1_729' title='bbox 3511 4272 3607 4323; x_wconf 80' lang='grc' dir='ltr'>καὶ</span> <span class='ocrx_word' id='word_1_730' title='bbox 3636 4289 3780 4341; x_wconf 87' lang='grc' dir='ltr'>σπη-</span> 
     </span>
    </p>
   </div>
   <div class='ocr_carea' id='block_1_100' title="bbox 2196 4361 3782 4434">
    <p class='ocr_par' dir='ltr' id='par_1_100' title="bbox 2196 4361 3782 4434">
     <span class='ocr_line' id='line_1_100' title="bbox 2196 4361 3782 4434; baseline 0 -20"><span class='ocrx_word' id='word_1_731' title='bbox 2196 4362 2368 4424; x_wconf 83' lang='grc' dir='ltr'>λαίοις</span> <span class='ocrx_word' id='word_1_732' title='bbox 2394 4362 2487 4414; x_wconf 64' lang='grc' dir='ltr'><strong>καὶ⁸</strong></span> <span class='ocrx_word' id='word_1_733' title='bbox 2508 4364 2629 4425; x_wconf 88' lang='grc' dir='ltr'>ταῖς</span> <span class='ocrx_word' id='word_1_734' title='bbox 2663 4362 2826 4424; x_wconf 83' lang='grc' dir='ltr'>ὀπαῖς</span> <span class='ocrx_word' id='word_1_735' title='bbox 2863 4362 2961 4432; x_wconf 85' lang='grc' dir='ltr'><strong>τῆς</strong></span> <span class='ocrx_word' id='word_1_736' title='bbox 2990 4362 3093 4431; x_wconf 85' lang='grc' dir='ltr'>γῆς</span> <span class='ocrx_word' id='word_1_737' title='bbox 3128 4361 3357 4426; x_wconf 76' lang='grc' dir='ltr'>ἑαυτοὺς</span> <span class='ocrx_word' id='word_1_738' title='bbox 3385 4362 3782 4434; x_wconf 72' lang='grc' dir='ltr'>κατακρύψαν-</span> 
     </span>
    </p>
   </div>
   <div class='ocr_carea' id='block_1_101' title="bbox 2196 4449 3166 4524">
    <p class='ocr_par' dir='ltr' id='par_1_101' title="bbox 2196 4449 3166 4524">
     <span class='ocr_line' id='line_1_101' title="bbox 2196 4449 3166 4524; baseline -0.001 -17"><span class='ocrx_word' id='word_1_739' title='bbox 2196 4470 2308 4516; x_wconf 86' lang='grc' dir='ltr'>τες.</span> <span class='ocrx_word' id='word_1_740' title='bbox 2342 4452 2529 4507; x_wconf 84' lang='grc' dir='ltr'>Ταῦτα</span> <span class='ocrx_word' id='word_1_741' title='bbox 2565 4453 2665 4523; x_wconf 81' lang='grc' dir='ltr'>μὲν</span> <span class='ocrx_word' id='word_1_742' title='bbox 2695 4449 2790 4507; x_wconf 78' lang='grc' dir='ltr'>οὖν</span> <span class='ocrx_word' id='word_1_743' title='bbox 2820 4452 2886 4524; x_wconf 84' lang='grc' dir='ltr'>δὴ</span> <span class='ocrx_word' id='word_1_744' title='bbox 2919 4452 3166 4507; x_wconf 87' lang='grc' dir='ltr'>τοιαῦτα.</span> 
     </span>
    </p>
   </div>
   <div class='ocr_carea' id='block_1_102' title="bbox 2264 4617 3775 4694">
    <p class='ocr_par' dir='ltr' id='par_1_102' title="bbox 2264 4617 3775 4694">
     <span class='ocr_line' id='line_1_102' title="bbox 2264 4617 3775 4694; baseline 0.001 -17"><span class='ocrx_word' id='word_1_745' title='bbox 2264 4624 2421 4679; x_wconf 81' lang='grc' dir='ltr'><strong>ΚΕΦ.</strong></span> <span class='ocrx_word' id='word_1_746' title='bbox 2468 4625 2546 4679; x_wconf 67' lang='grc' dir='ltr'>ις’.</span> <span class='ocrx_word' id='word_1_747' title='bbox 2588 4624 2647 4678; x_wconf 87' lang='lat'><strong>&#39;0</strong></span> <span class='ocrx_word' id='word_1_748' title='bbox 2682 4623 2740 4676; x_wconf 81' lang='grc' dir='ltr'>δὲ</span> <span class='ocrx_word' id='word_1_749' title='bbox 2763 4623 2857 4677; x_wconf 89' lang='grc' dir='ltr'><strong>τοῦ</strong></span> <span class='ocrx_word' id='word_1_750' title='bbox 2886 4623 3148 4693; x_wconf 82' lang='grc' dir='ltr'>βασιλέως</span> <span class='ocrx_word' id='word_1_751' title='bbox 3177 4624 3292 4688; x_wconf 79' lang='grc' dir='ltr'>υίὸς</span> <span class='ocrx_word' id='word_1_752' title='bbox 3314 4665 3327 4689; x_wconf 90' lang='grc'><strong>,</strong></span> <span class='ocrx_word' id='word_1_753' title='bbox 3366 4627 3499 4694; x_wconf 72' lang='grc' dir='ltr'>περὶ</span> <span class='ocrx_word' id='word_1_754' title='bbox 3530 4617 3595 4679; x_wconf 74' lang='grc' dir='ltr'>οὗ</span> <span class='ocrx_word' id='word_1_755' title='bbox 3630 4626 3661 4679; x_wconf 89' lang='grc' dir='ltr'><strong>ό</strong></span> <span class='ocrx_word' id='word_1_756' title='bbox 3684 4626 3775 4679; x_wconf 77' lang='grc' dir='ltr'>λό-</span> 
     </span>
    </p>
   </div>
   <div class='ocr_carea' id='block_1_103' title="bbox 2196 4716 3781 4787">
    <p class='ocr_par' dir='ltr' id='par_1_103' title="bbox 2196 4716 3781 4787">
     <span class='ocr_line' id='line_1_103' title="bbox 2196 4716 3781 4787; baseline 0.004 -20"><span class='ocrx_word' id='word_1_757' title='bbox 2196 4732 2290 4784; x_wconf 87' lang='grc' dir='ltr'><strong>γος</strong></span> <span class='ocrx_word' id='word_1_758' title='bbox 2325 4716 2418 4768; x_wconf 88' lang='grc' dir='ltr'>ἀπ’</span> <span class='ocrx_word' id='word_1_759' title='bbox 2446 4717 2620 4785; x_wconf 83' lang='grc' dir='ltr'>ἀρχῆς</span> <span class='ocrx_word' id='word_1_760' title='bbox 2662 4717 2837 4768; x_wconf 77' lang='grc' dir='ltr'>εἰπεῖν</span> <span class='ocrx_word' id='word_1_761' title='bbox 2868 4716 3162 4787; x_wconf 81' lang='grc' dir='ltr'>ὥρμηται,</span> <span class='ocrx_word' id='word_1_762' title='bbox 3200 4720 3258 4769; x_wconf 84' lang='grc' dir='ltr'>ὲν</span> <span class='ocrx_word' id='word_1_763' title='bbox 3303 4717 3382 4787; x_wconf 83' lang='grc' dir='ltr'>τῷ</span> <span class='ocrx_word' id='word_1_764' title='bbox 3428 4735 3781 4773; x_wconf 83' lang='grc' dir='ltr'>κατασκευα-</span> 
     </span>
    </p>
   </div>
   <div class='ocr_carea' id='block_1_104' title="bbox 2201 4807 3781 4880">
    <p class='ocr_par' dir='ltr' id='par_1_104' title="bbox 2201 4807 3781 4880">
     <span class='ocr_line' id='line_1_104' title="bbox 2201 4807 3781 4880; baseline -0.001 -18"><span class='ocrx_word' id='word_1_765' title='bbox 2201 4808 2380 4863; x_wconf 86' lang='grc' dir='ltr'>σθέντι</span> <span class='ocrx_word' id='word_1_766' title='bbox 2416 4807 2565 4877; x_wconf 88' lang='grc' dir='ltr'>αὑτῷ</span> <span class='ocrx_word' id='word_1_767' title='bbox 2594 4808 2841 4878; x_wconf 88' lang='grc' dir='ltr'>παλατίῳ</span> <span class='ocrx_word' id='word_1_768' title='bbox 2879 4809 3137 4876; x_wconf 76' lang='grc' dir='ltr'>ἀπρόῖτος</span> <span class='ocrx_word' id='word_1_769' title='bbox 3167 4808 3262 4870; x_wconf 83' lang='grc' dir='ltr'><strong>ὢν,</strong></span> <span class='ocrx_word' id='word_1_770' title='bbox 3295 4809 3402 4878; x_wconf 81' lang='lat'><strong>29</strong></span> <span class='ocrx_word' id='word_1_771' title='bbox 3434 4810 3533 4879; x_wconf 85' lang='grc' dir='ltr'>τῆς</span> <span class='ocrx_word' id='word_1_772' title='bbox 3576 4809 3781 4880; x_wconf 73' lang='grc' dir='ltr'>ὲφήῦου</span> 
     </span>
    </p>
   </div>
   <div class='ocr_carea' id='block_1_105' title="bbox 2196 4900 3781 4972">
    <p class='ocr_par' dir='ltr' id='par_1_105' title="bbox 2196 4900 3781 4972">
     <span class='ocr_line' id='line_1_105' title="bbox 2196 4900 3781 4972; baseline 0.001 -19"><span class='ocrx_word' id='word_1_773' title='bbox 2196 4900 2374 4971; x_wconf 76' lang='grc' dir='ltr'>ἥψατο</span> <span class='ocrx_word' id='word_1_774' title='bbox 2405 4900 2656 4970; x_wconf 77' lang='grc' dir='ltr'>ἡλικίας,</span> <span class='ocrx_word' id='word_1_775' title='bbox 2699 4902 2882 4953; x_wconf 79' lang='grc' dir='ltr'>πᾶσαν</span> <span class='ocrx_word' id='word_1_776' title='bbox 2924 4902 3024 4970; x_wconf 83' lang='grc' dir='ltr'>τὴν</span> <span class='ocrx_word' id='word_1_777' title='bbox 3072 4900 3345 4953; x_wconf 84' lang='grc' dir='ltr'>Αἰθιόπων</span> <span class='ocrx_word' id='word_1_778' title='bbox 3396 4902 3492 4954; x_wconf 78' lang='grc' dir='ltr'>καὶ</span> <span class='ocrx_word' id='word_1_779' title='bbox 3550 4902 3781 4972; x_wconf 84' lang='grc' dir='ltr'>Περσῶν</span> 
     </span>
    </p>
   </div>
   <div class='ocr_carea' id='block_1_106' title="bbox 2204 4989 3782 5063">
    <p class='ocr_par' dir='ltr' id='par_1_106' title="bbox 2204 4989 3782 5063">
     <span class='ocr_line' id='line_1_106' title="bbox 2204 4989 3782 5063; baseline 0.001 -21"><span class='ocrx_word' id='word_1_780' title='bbox 2204 4989 2478 5061; x_wconf 85' lang='grc' dir='ltr'>μετελθὼν</span> <span class='ocrx_word' id='word_1_781' title='bbox 2502 4991 2749 5044; x_wconf 86' lang='grc' dir='ltr'>παιδείαν</span> <span class='ocrx_word' id='word_1_782' title='bbox 2781 4991 2915 5061; x_wconf 73' lang='grc'>(72),</span> <span class='ocrx_word' id='word_1_783' title='bbox 2944 4992 3046 5043; x_wconf 90' lang='grc' dir='ltr'><strong>οὑκ</strong></span> <span class='ocrx_word' id='word_1_784' title='bbox 3079 4990 3297 5043; x_wconf 80' lang='grc' dir='ltr'>ἔλαττον</span> <span class='ocrx_word' id='word_1_785' title='bbox 3331 4990 3431 5062; x_wconf 81' lang='grc' dir='ltr'>τὴν</span> <span class='ocrx_word' id='word_1_786' title='bbox 3455 4990 3636 5063; x_wconf 78' lang='grc' dir='ltr'>ψυχὴν</span> <span class='ocrx_word' id='word_1_787' title='bbox 3661 4992 3692 5061; x_wconf 82' lang='grc' dir='ltr'>ἢ</span> <span class='ocrx_word' id='word_1_788' title='bbox 3722 4992 3782 5044; x_wconf 78' lang='grc' dir='ltr'><strong>τὸ</strong></span> 
     </span>
    </p>
   </div>
   <div class='ocr_carea' id='block_1_107' title="bbox 2204 5082 3782 5155">
    <p class='ocr_par' dir='ltr' id='par_1_107' title="bbox 2204 5082 3782 5155">
     <span class='ocr_line' id='line_1_107' title="bbox 2204 5082 3782 5155; baseline 0.001 -20"><span class='ocrx_word' id='word_1_789' title='bbox 2204 5083 2363 5154; x_wconf 84' lang='grc' dir='ltr'>σῶμα</span> <span class='ocrx_word' id='word_1_790' title='bbox 2395 5083 2599 5154; x_wconf 75' lang='grc' dir='ltr'>εὐφυὴς</span> <span class='ocrx_word' id='word_1_791' title='bbox 2627 5082 2702 5137; x_wconf 82' lang='grc' dir='ltr'><strong>ὢν</strong></span> <span class='ocrx_word' id='word_1_792' title='bbox 2730 5082 2825 5137; x_wconf 71' lang='grc' dir='ltr'><strong>καὶ</strong></span> <span class='ocrx_word' id='word_1_793' title='bbox 2849 5083 3071 5153; x_wconf 86' lang='grc' dir='ltr'>ὡραῖος,</span> <span class='ocrx_word' id='word_1_794' title='bbox 3101 5083 3353 5153; x_wconf 84' lang='grc' dir='ltr'>νουνεχής</span> <span class='ocrx_word' id='word_1_795' title='bbox 3378 5101 3436 5136; x_wconf 88' lang='grc' dir='ltr'><strong>τε</strong></span> <span class='ocrx_word' id='word_1_796' title='bbox 3471 5084 3569 5137; x_wconf 72' lang='grc' dir='ltr'><strong>καὶ</strong></span> <span class='ocrx_word' id='word_1_797' title='bbox 3596 5086 3782 5155; x_wconf 78' lang='grc' dir='ltr'>φρόνι-</span> 
     </span>
    </p>
   </div>
   <div class='ocr_carea' id='block_1_108' title="bbox 2210 5175 3777 5248">
    <p class='ocr_par' dir='ltr' id='par_1_108' title="bbox 2210 5175 3777 5248">
     <span class='ocr_line' id='line_1_108' title="bbox 2210 5175 3777 5248; baseline 0.001 -19"><span class='ocrx_word' id='word_1_798' title='bbox 2210 5195 2307 5247; x_wconf 90' lang='grc' dir='ltr'><strong>μος</strong></span> <span class='ocrx_word' id='word_1_799' title='bbox 2360 5180 2451 5232; x_wconf 77' lang='grc' dir='ltr'>καὶ</span> <span class='ocrx_word' id='word_1_800' title='bbox 2499 5179 2633 5231; x_wconf 77' lang='grc' dir='ltr'>πᾶσι</span> <span class='ocrx_word' id='word_1_801' title='bbox 2685 5176 3007 5248; x_wconf 83' lang='grc' dir='ltr'>διαλάμπων</span> <span class='ocrx_word' id='word_1_802' title='bbox 3036 5175 3260 5243; x_wconf 86' lang='grc' dir='ltr'>ἀγαθοῖς</span> <span class='ocrx_word' id='word_1_803' title='bbox 3300 5178 3777 5248; x_wconf 74' lang='grc' dir='ltr'>πλεονεκτήμασι,</span> 
     </span>
    </p>
   </div>
   <div class='ocr_carea' id='block_1_109' title="bbox 2209 5269 3780 5343">
    <p class='ocr_par' dir='ltr' id='par_1_109' title="bbox 2209 5269 3780 5343">
     <span class='ocr_line' id='line_1_109' title="bbox 2209 5269 3780 5343; baseline -0.003 -17"><span class='ocrx_word' id='word_1_804' title='bbox 2209 5271 2504 5343; x_wconf 79' lang='grc' dir='ltr'>ζητήματά</span> <span class='ocrx_word' id='word_1_805' title='bbox 2546 5288 2606 5323; x_wconf 85' lang='grc' dir='ltr'><strong>τε.</strong></span> <span class='ocrx_word' id='word_1_806' title='bbox 2649 5269 2854 5340; x_wconf 77' lang='grc' dir='ltr'>φυσικὰ</span> <span class='ocrx_word' id='word_1_807' title='bbox 2890 5269 3025 5341; x_wconf 81' lang='grc' dir='ltr'>πρὸς</span> <span class='ocrx_word' id='word_1_808' title='bbox 3061 5271 3188 5333; x_wconf 81' lang='grc' dir='ltr'>τοὺς</span> <span class='ocrx_word' id='word_1_809' title='bbox 3227 5269 3583 5334; x_wconf 78' lang='grc' dir='ltr'>διδάσκοντας</span> <span class='ocrx_word' id='word_1_810' title='bbox 3622 5270 3780 5322; x_wconf 78' lang='grc' dir='ltr'>αὑτὸν</span> 
     </span>
    </p>
   </div>
   <div class='ocr_carea' id='block_1_110' title="bbox 602 5537 2086 5615">
    <p class='ocr_par' dir='ltr' id='par_1_110' title="bbox 602 5537 2086 5615">
     <span class='ocr_line' id='line_1_110' title="bbox 602 5537 2086 5615; baseline 0.003 -25"><span class='ocrx_word' id='word_1_811' title='bbox 602 5540 713 5606; x_wconf 76' lang='grc' dir='ltr'><strong>(Ἠ)</strong></span> <span class='ocrx_word' id='word_1_812' title='bbox 732 5539 1099 5615; x_wconf 47' lang='lat' dir='ltr'><strong>formuliscb</strong></span> <span class='ocrx_word' id='word_1_813' title='bbox 1133 5544 1232 5615; x_wconf 66' lang='grc' dir='ltr'><strong>μὲν</strong></span> <span class='ocrx_word' id='word_1_814' title='bbox 1250 5544 1334 5615; x_wconf 74' lang='grc' dir='ltr'>εἰς</span> <span class='ocrx_word' id='word_1_815' title='bbox 1358 5537 1745 5615; x_wconf 58' lang='grc' dir='ltr'>ἐκεῖνον’ἦγῖον,</span> <span class='ocrx_word' id='word_1_816' title='bbox 1771 5544 1833 5615; x_wconf 85' lang='grc' dir='ltr'><strong>τό</strong></span> <span class='ocrx_word' id='word_1_817' title='bbox 1858 5560 1919 5611; x_wconf 87' lang='grc' dir='ltr'><strong>γε</strong></span> <span class='ocrx_word' id='word_1_818' title='bbox 1956 5545 2036 5615; x_wconf 77' lang='grc' dir='ltr'><strong>εἰς</strong></span> <span class='ocrx_word' id='word_1_819' title='bbox 2069 5543 2086 5594; x_wconf 84' lang='grc' dir='ltr'>ἐ</span> 
     </span>
    </p>
   </div>
   <div class='ocr_carea' id='block_1_111' title="bbox 2188 5537 3776 5615">
    <p class='ocr_par' dir='ltr' id='par_1_111' title="bbox 2194 5537 3776 5615">
     <span class='ocr_line' id='line_1_111' title="bbox 2194 5537 3776 5615; baseline -0.001 -22"><span class='ocrx_word' id='word_1_820' title='bbox 2194 5537 2351 5614; x_wconf 75' lang='grc' dir='ltr'>ἧκον,</span> <span class='ocrx_word' id='word_1_821' title='bbox 2397 5542 2462 5615; x_wconf 68' lang='grc' dir='ltr'><strong>τό</strong></span> <span class='ocrx_word' id='word_1_822' title='bbox 2492 5559 2554 5607; x_wconf 88' lang='grc' dir='ltr'><strong>γε</strong></span> <span class='ocrx_word' id='word_1_823' title='bbox 2584 5544 2664 5606; x_wconf 82' lang='grc' dir='ltr'>εἰς</span> <span class='ocrx_word' id='word_1_824' title='bbox 2708 5542 2906 5605; x_wconf 79' lang='grc' dir='ltr'>αὑτοὺς</span> <span class='ocrx_word' id='word_1_825' title='bbox 2950 5537 3105 5614; x_wconf 79' lang='grc' dir='ltr'>ἧκον,</span> <span class='ocrx_word' id='word_1_826' title='bbox 3138 5558 3265 5595; x_wconf 86' lang='lat' dir='ltr'><strong>usus</strong></span> <span class='ocrx_word' id='word_1_827' title='bbox 3297 5539 3776 5615; x_wconf 61' lang='lat' dir='ltr'><strong>est.Jo._Canlacu-</strong></span> 
     </span>
    </p>
   </div>
   <div class='ocr_carea' id='block_1_112' title="bbox 533 5609 3767 5681">
    <p class='ocr_par' dir='ltr' id='par_1_112' title="bbox 533 5609 3767 5681">
     <span class='ocr_line' id='line_1_112' title="bbox 533 5609 3767 5681; baseline -0 -18"><span class='ocrx_word' id='word_1_828' title='bbox 533 5626 700 5681; x_wconf 70' lang='lat' dir='ltr'><strong>aeuus</strong></span> <span class='ocrx_word' id='word_1_829' title='bbox 732 5609 869 5665; x_wconf 84' lang='lat' dir='ltr'><strong>Ilist.</strong></span> <span class='ocrx_word' id='word_1_830' title='bbox 899 5629 985 5681; x_wconf 86' lang='lat' dir='ltr'><strong>pp.</strong></span> <span class='ocrx_word' id='word_1_831' title='bbox 1018 5609 1144 5678; x_wconf 70' lang='lat'><strong>192,</strong></span> <span class='ocrx_word' id='word_1_832' title='bbox 1164 5613 1293 5679; x_wconf 68' lang='grc'>252,</span> <span class='ocrx_word' id='word_1_833' title='bbox 1324 5614 1452 5678; x_wconf 69' lang='grc'><strong>254,</strong></span> <span class='ocrx_word' id='word_1_834' title='bbox 1482 5609 1735 5675; x_wconf 72' lang='grc' dir='ltr'>551,ἐιρ.</span> <span class='ocrx_word' id='word_1_835' title='bbox 1765 5609 1900 5667; x_wconf 62' lang='lat' dir='ltr'><strong>me</strong></span> <span class='ocrx_word' id='word_1_836' title='bbox 1929 5624 1982 5666; x_wconf 82' lang='lat' dir='ltr'><strong>et</strong></span> <span class='ocrx_word' id='word_1_837' title='bbox 2005 5609 2112 5669; x_wconf 44' lang='lat' dir='ltr'><strong>Jo.&#39;</strong></span> <span class='ocrx_word' id='word_1_838' title='bbox 2134 5609 2360 5665; x_wconf 79' lang='lat' dir='ltr'><strong>Veccum</strong></span> <span class='ocrx_word' id='word_1_839' title='bbox 2388 5612 2539 5681; x_wconf 64' lang='lat' dir='ltr'><strong>Orat.</strong></span> <span class='ocrx_word' id='word_1_840' title='bbox 2573 5614 2638 5666; x_wconf 80' lang='lat' dir='ltr'><strong>de.</strong></span> <span class='ocrx_word' id='word_1_841' title='bbox 2668 5615 2860 5679; x_wconf 86' lang='lat' dir='ltr'><strong>iujusta</strong></span> <span class='ocrx_word' id='word_1_842' title='bbox 2894 5609 2983 5665; x_wconf 79' lang='lat' dir='ltr'><strong>sui</strong></span> <span class='ocrx_word' id='word_1_843' title='bbox 3007 5615 3340 5679; x_wconf 80' lang='lat' dir='ltr'><strong>depositione</strong></span> <span class='ocrx_word' id='word_1_844' title='bbox 3366 5629 3417 5679; x_wconf 89' lang='lat' dir='ltr'><strong>p.</strong></span> <span class='ocrx_word' id='word_1_845' title='bbox 3450 5612 3536 5664; x_wconf 76' lang='lat' dir='ltr'><strong>f5.</strong></span> <span class='ocrx_word' id='word_1_846' title='bbox 3576 5614 3767 5664; x_wconf 72' lang='lat' dir='ltr'><strong>Auctor</strong></span> 
     </span>
    </p>
   </div>
   <div class='ocr_carea' id='block_1_113' title="bbox 535 5677 2086 5753">
    <p class='ocr_par' dir='ltr' id='par_1_113' title="bbox 535 5677 2086 5753">
     <span class='ocr_line' id='line_1_113' title="bbox 535 5677 2086 5753; baseline 0.004 -22"><span class='ocrx_word' id='word_1_847' title='bbox 535 5680 673 5753; x_wconf 76' lang='lat' dir='ltr'><strong>apud</strong></span> <span class='ocrx_word' id='word_1_848' title='bbox 716 5677 1030 5735; x_wconf 39' lang='lat' dir='ltr'><strong>llasinut-atl</strong></span> <span class='ocrx_word' id='word_1_849' title='bbox 1065 5677 1229 5753; x_wconf 72' lang='lat' dir='ltr'><strong>Leon.</strong></span> <span class='ocrx_word' id='word_1_850' title='bbox 1281 5677 1512 5753; x_wconf 12' lang='lat' dir='ltr'><strong>Diac.’p.</strong></span> <span class='ocrx_word' id='word_1_851' title='bbox 1538 5687 1665 5748; x_wconf 68' lang='lat'><strong>252,</strong></span> <span class='ocrx_word' id='word_1_852' title='bbox 1698 5685 1721 5737; x_wconf 82' lang='grc'><strong>1</strong></span> <span class='ocrx_word' id='word_1_853' title='bbox 1752 5702 1765 5738; x_wconf 91' lang='lat'><strong>:</strong></span> <span class='ocrx_word' id='word_1_854' title='bbox 1818 5686 1942 5737; x_wconf 79' lang='grc' dir='ltr'>ὅσον</span> <span class='ocrx_word' id='word_1_855' title='bbox 1971 5683 2033 5736; x_wconf 85' lang='grc' dir='ltr'><strong>τὸ</strong></span> <span class='ocrx_word' id='word_1_856' title='bbox 2085 5721 2086 5728; x_wconf 60' lang='grc' dir='ltr'><strong>η</strong></span> 
     </span>
    </p>
   </div>
   <div class='ocr_carea' id='block_1_114' title="bbox 2188 5677 3772 5753">
    <p class='ocr_par' dir='ltr' id='par_1_114' title="bbox 2195 5677 3772 5753">
     <span class='ocr_line' id='line_1_114' title="bbox 2195 5677 3772 5753; baseline 0.001 -18"><span class='ocrx_word' id='word_1_857' title='bbox 2195 5684 2391 5744; x_wconf 77' lang='grc' dir='ltr'>αὑτοὺς</span> <span class='ocrx_word' id='word_1_858' title='bbox 2420 5677 2573 5752; x_wconf 85' lang='grc' dir='ltr'>ἧκον.</span> <span class='ocrx_word' id='word_1_859' title='bbox 2628 5677 2850 5753; x_wconf 59' lang='grc' dir='ltr'>Νιρενίι.</span> <span class='ocrx_word' id='word_1_860' title='bbox 2881 5677 3180 5749; x_wconf 83' lang='lat' dir='ltr'><strong>Chutuuus,</strong></span> <span class='ocrx_word' id='word_1_861' title='bbox 3229 5677 3387 5753; x_wconf 76' lang='lat' dir='ltr'><strong>epist.</strong></span> <span class='ocrx_word' id='word_1_862' title='bbox 3431 5682 3501 5736; x_wconf 76' lang='lat'><strong>27</strong></span> <span class='ocrx_word' id='word_1_863' title='bbox 3533 5683 3725 5737; x_wconf 85' lang='lat' dir='ltr'><strong>inedita</strong></span> <span class='ocrx_word' id='word_1_864' title='bbox 3756 5699 3772 5736; x_wconf 73' lang='grc' dir='ltr'><strong>ι</strong></span> 
     </span>
    </p>
   </div>
   <div class='ocr_carea' id='block_1_115' title="bbox 535 5751 2086 5826">
    <p class='ocr_par' dir='ltr' id='par_1_115' title="bbox 535 5751 2086 5826">
     <span class='ocr_line' id='line_1_115' title="bbox 535 5751 2086 5826; baseline -0.014 -1"><span class='ocrx_word' id='word_1_865' title='bbox 535 5751 597 5801; x_wconf 59' lang='grc' dir='ltr'><strong>οὐ</strong></span> <span class='ocrx_word' id='word_1_866' title='bbox 621 5752 886 5826; x_wconf 63' lang='grc' dir='ltr'>,ςεξρεξμενν</span> <span class='ocrx_word' id='word_1_867' title='bbox 913 5754 974 5807; x_wconf 73' lang='grc' dir='ltr'><strong>τό</strong></span> <span class='ocrx_word' id='word_1_868' title='bbox 998 5755 1049 5821; x_wconf 83' lang='grc' dir='ltr'>γ’</span> <span class='ocrx_word' id='word_1_869' title='bbox 1079 5751 1214 5826; x_wconf 78' lang='grc' dir='ltr'>ἧκον</span> <span class='ocrx_word' id='word_1_870' title='bbox 1240 5758 1321 5819; x_wconf 64' lang='grc' dir='ltr'>εἷς</span> <span class='ocrx_word' id='word_1_871' title='bbox 1357 5751 1523 5825; x_wconf 78' lang='grc' dir='ltr'>ἡμᾶς.</span> <span class='ocrx_word' id='word_1_872' title='bbox 1551 5757 1668 5808; x_wconf 82' lang='lat' dir='ltr'><strong>Alia</strong></span> <span class='ocrx_word' id='word_1_873' title='bbox 1700 5755 1879 5826; x_wconf 86' lang='lat' dir='ltr'><strong>attulit</strong></span> <span class='ocrx_word' id='word_1_874' title='bbox 1911 5754 2086 5826; x_wconf 76' lang='lat' dir='ltr'><strong>llasius</strong></span> 
     </span>
    </p>
   </div>
   <div class='ocr_carea' id='block_1_116' title="bbox 2188 5751 2531 5826">
    <p class='ocr_par' dir='ltr' id='par_1_116' title="bbox 2188 5751 2531 5826">
     <span class='ocr_line' id='line_1_116' title="bbox 2188 5751 2531 5826; baseline 0 -19"><span class='ocrx_word' id='word_1_875' title='bbox 2188 5753 2289 5826; x_wconf 63' lang='lat' dir='ltr'><strong>bid.</strong></span> <span class='ocrx_word' id='word_1_876' title='bbox 2322 5769 2372 5826; x_wconf 70' lang='grc' dir='ltr'>ρ.</span> <span class='ocrx_word' id='word_1_877' title='bbox 2407 5751 2531 5809; x_wconf 73' lang='grc'><strong>208.</strong></span> 
     </span>
    </p>
   </div>
   <div class='ocr_carea' id='block_1_117' title="bbox 611 5821 2086 5899">
    <p class='ocr_par' dir='ltr' id='par_1_117' title="bbox 611 5821 2076 5899">
     <span class='ocr_line' id='line_1_117' title="bbox 611 5821 2076 5899; baseline 0.002 -24"><span class='ocrx_word' id='word_1_878' title='bbox 611 5821 722 5893; x_wconf 80' lang='lat'><strong>(7‘2)</strong></span> <span class='ocrx_word' id='word_1_879' title='bbox 748 5824 965 5879; x_wconf 84' lang='lat' dir='ltr'><strong>Lemma</strong></span> <span class='ocrx_word' id='word_1_880' title='bbox 992 5821 1272 5881; x_wconf 71' lang='lat' dir='ltr'><strong>metricum</strong></span> <span class='ocrx_word' id='word_1_881' title='bbox 1302 5829 1355 5880; x_wconf 84' lang='lat' dir='ltr'><strong>in</strong></span> <span class='ocrx_word' id='word_1_882' title='bbox 1380 5821 1427 5881; x_wconf 68' lang='grc' dir='ltr'>Ἀ</span> <span class='ocrx_word' id='word_1_883' title='bbox 1451 5842 1465 5882; x_wconf 74' lang='grc' dir='ltr'><strong><em>τ</em></strong></span> <span class='ocrx_word' id='word_1_884' title='bbox 1508 5827 1687 5881; x_wconf 78' lang='grc' dir='ltr'>πᾶσαν</span> <span class='ocrx_word' id='word_1_885' title='bbox 1711 5825 1891 5899; x_wconf 76' lang='grc' dir='ltr'>διῆλθε</span> <span class='ocrx_word' id='word_1_886' title='bbox 1924 5844 1995 5879; x_wconf 86' lang='grc' dir='ltr'><strong>πα</strong></span> <span class='ocrx_word' id='word_1_887' title='bbox 2008 5825 2076 5878; x_wconf 75' lang='lat' dir='ltr'><strong>t6:</strong></span> 
     </span>
    </p>
   </div>
   <div class='ocr_carea' id='block_1_118' title="bbox 2188 5821 2474 5899">
    <p class='ocr_par' dir='ltr' id='par_1_118' title="bbox 2220 5823 2474 5896">
     <span class='ocr_line' id='line_1_118' title="bbox 2220 5823 2474 5896; baseline 0.004 -18"><span class='ocrx_word' id='word_1_888' title='bbox 2220 5823 2474 5896; x_wconf 69' lang='grc' dir='ltr'>Ἰωὰσαςρ.</span> 
     </span>
    </p>
   </div>
  </div>
