4070 6440
243 377 352 442 989

233 673 332 726 τὸν
361 673 594 743 βασιλέα
623 679 683 732 τό
710 696 769 732 τε
805 683 1163 754 χαριέστατον
1193 687 1286 740 τοῦ
1319 691 1611 760 προσώπου
1642 694 1736 747 καὶ
1762 693 1824 747 τὸ

232 763 338 832 τῆς
368 766 553 837 ψυχῆς
581 773 931 846 κατάστημα.
951 775 1203 842 Ἐντολάς
1230 797 1291 833 τε
1325 781 1499 836 ἐδίδου
1544 787 1658 849 τοῖς
1693 803 1821 838 συν-

228 854 392 909 οῦσιν
441 860 626 932 αὐτῷ,
663 865 828 936 μηδὲν
861 867 921 920 τὸ
962 871 1226 942 παράπαν
1253 875 1362 929 τῶν
1395 878 1490 930 τοῦ
1525 876 1644 949 βίου
1673 880 1820 934 ἀνια-

229 949 349 1018 ρῶν
387 951 540 1022 αὑτῷ
576 955 858 1028 γνώριμον
902 961 1111 1031 θεῖναι,
1145 967 1270 1037 μηδ’
1299 968 1383 1021 ὅτι
1421 970 1558 1035 ὅλως
1588 971 1818 1038 θάνατος

224 1041 301 1092 τὰ
328 1043 577 1112 παρόντα
602 1051 812 1116 τερπνὰ
835 1050 1160 1125 διαδέχεται.
1189 1059 1389 1122 Κεναῖς
1413 1061 1471 1115 δὲ
1497 1063 1818 1135 ἐπηρείδετο

224 1130 437 1201 ἐλπίσι,
480 1139 573 1191 καὶ
603 1139 764 1195 τοῦτο
791 1141 854 1214 δὴ
898 1145 960 1197 τὸ
991 1146 1083 1200 τοῦ
1109 1147 1270 1217 λόγου
1295 1193 1310 1218 ,
1339 1154 1424 1216 εἰς
1465 1130 1697 1225 οὐρανὸν
1723 1174 1815 1210 το-

225 1221 413 1288 ξεύειν
459 1230 572 1300 (75)
622 1233 933 1306 ἐπιχειρῶν.
987 1239 1113 1304 Πῶς
1164 1245 1274 1313 γὰρ
1322 1244 1390 1300 ἂν
1429 1221 1814 1304 καὶ-διέλαθεν

1349 391 1522 452 VITA
1561 391 1920 454 BARLAAM
1956 394 2053 455 ET
2078 397 2430 463 JOASAPH.

240 489 721 563 προϐαλλόμενος,
758 496 834 560 ὡς
865 497 1151 566 κάκείνους
1182 502 1484 576 θαυμάζειν
1517 507 1613 560 ἐπὶ
1643 511 1712 580 τῇ
1740 525 1796 563 το

1900 549 1906 571 ι
1940 528 2085 582 nium
2110 532 2375 604 animique
2420 549 2642 593 acmncn

238 581 435 688 παιδος
477 585 728 658 ἀγχινοίᾳ
776 590 868 641 καὶ
906 592 1152 659 συνέσει,
1187 596 1588 668 ἐκπλήττεσθαι
1620 599 1679 654 δὲ
1731 600 1827 654 καὶ
1935 581 2364 688 quell-.35;

3387 423 3494 486 890

2672 541 3079 608 admirarentur,
3111 559 3306 612 rexque
3329 549 3492 604 etiam

2393 626 2558 694 ipsius
2587 642 2880 694 venustate,
2909 632 3176 702 animique
3207 637 3407 702 habitu,
3435 639 3489 690 itt

1929 722 2202 783 stuporem
2253 717 2568 772 traheretur.
2619 722 2898 777 Mandabat
2923 734 3100 780 autem
3129 730 3210 780 his
3236 730 3322 796 qui
3365 744 3486 784 cum

1931 819 1995 857 eo
2043 805 2390 860 versabantur
2419 820 2476 862 ιιι
2501 813 2688 863 darent
2723 827 2939 879 operam
2987 829 3054 866 ne
3099 815 3223 880 quid
3269 832 3488 884 prorsus

1927 909 2109 949 eorum
2135 910 2255 964 qum
2282 897 2335 952 in
2360 900 2457 954 hac
2483 901 2590 954 vita
2616 902 2839 957 molesta
2881 913 3006 957 sunt
3029 903 3362 974 intelligeret,
3385 924 3485 965 nec

1925 987 2145 1042 omnino
2171 989 2311 1058 quod
2354 1004 2500 1046 mors
2525 1005 2814 1062 praesentes
2852 996 3152 1064 voluptates
3191 998 3480 1056 exciperet.

1923 1074 2184 1131 Ceterum
2211 1079 2351 1134 inani
2378 1095 2477 1150 spe
2498 1083 2780 1148 nitebatur,
2801 1095 2962 1152 atque
2991 1088 3070 1156 (ut
3097 1089 3377 1153 proverbio
3401 1092 3483 1144 di-

1923 1167 2150 1236 citu‘r)in
2174 1171 2364 1225 omium
2386 1174 2601 1242 sagittas
2675 1175 2896 1228 mittere
2991 1176 3303 1231 conabatur.
3335 1182 3484 1244 Quo-

1922 1272 2044 1312 nam
2069 1261 2209 1314 enim
2238 1263 2394 1317 modo
2421 1278 2566 1318 mors
2591 1263 2831 1320 humana
2847 1275 3046 1320 natura;
3073 1266 3333 1338 incognita
3361 1284 3484 1326 esse

222 1317 552 1411 ἀνθρωπίνῃ
573 1324 731 1394 φύσει
758 1330 786 1382 6
813 1329 1042 1397 Θάνατος
1067 1351 1080 1400 ;
1107 1335 1167 1388 οὑ
1204 1336 1390 1406 μέντοι
1418 1340 1540 1395 οὐδέ
1559 1343 1638 1411 τῷ
1659 1343 1812 1398 παιδὶ

1921 1351 2136 1414 posset?
2167 1351 2348 1421 Itaque
2373 1367 2440 1407 ne
2481 1355 2630 1423 pueri
2659 1354 2872 1424 quidem
2901 1357 3251 1426 cognitionem
3277 1359 3477 1431 eﬂ‘ugit.

214 1407 467 1468 διέλαθε.
507 1415 664 1490 Πάσῃ
695 1419 805 1491 γὰρ
841 1421 1052 1477 συνέσει
1083 1427 1398 1500 κατάκομον
1431 1429 1574 1502 ἔχων
1602 1407 1812 1500 ἐκεῖνος

1919 1437 2051 1492 Nam
2079 1453 2197 1494 cum
2227 1443 2460 1497 animum
2490 1458 2698 1498 summa
2723 1448 3008 1514 sagacitate
3047 1458 3290 1504 ornatum
3318 1461 3372 1505 et
3399 1453 3480 1506 in-

214 1502 316 1555 τδν
345 1505 627 1578 λογισμὸν,
671 1513 894 1568 ἐσκόπει
933 1515 1056 1570 καθ’
1087 1519 1280 1575 ἐαυτὸν
1319 1523 1426 1578 τίνι
1459 1523 1605 1595 λόγῳ
1642 1528 1796 1581 αὐτόν

1916 1538 2171 1584 structum
2213 1532 2452 1598 haberet,
2485 1502 2812 1612 secumipse
2833 1537 3200 1593 considerabat
3227 1541 3477 1609 quidnam

210 1612 278 1648 τε
304 1598 568 1670 ἀπρόῖτον
602 1601 740 1659 εἶναι
783 1607 812 1659 6
838 1607 1022 1680 πατὴρ
1055 1612 1380 1668 κατεδίκασε
1411 1617 1506 1669 καὶ
1537 1619 1701 1671 παντὶ
1729 1618 1796 1690 τῷ

1915 1628 2117 1685 patrem
2145 1619 2456 1678 adduxisset
2483 1632 2541 1677 ut
2570 1604 2677 1691 ipsi.
2699 1598 2935 1680 omnium
2964 1627 3166 1681 aditum
3191 1598 3477 1686 interdice-

211 1686 536 1765 βουλομένῳ
557 1695 657 1766 τὴν
684 1699 764 1760 εἰς
792 1699 955 1755 αὐτὸν
980 1702 1042 1754 οὐ
1063 1708 1338 1775 συγχωρεῖ
1365 1707 1590 1761 εἴσοδον.
1621 1686 1796 1780 Ἐγνώ

1914 1717 2010 1771 ret,
2037 1723 2138 1764 nec
2163 1712 2449 1779 quemlibet
2471 1713 2536 1768 ad
2566 1728 2626 1769 se
2667 1715 2926 1772 accedere
2970 1727 3256 1785 pateretur.
3295 1721 3393 1774 Per
3418 1737 3478 1777 se

209 1779 330 1848 γὰρ
362 1781 490 1836 καθ’
517 1785 711 1838 ἐαυτὸν
743 1789 818 1858 μὴ
851 1788 978 1844 ἄνευ
1007 1793 1107 1862 τῆς
1127 1791 1224 1846 τοῦ
1249 1795 1456 1866 πατρὸς
1484 1801 1796 1872 προσταγῆς

1911 1802 2053 1852 enim
2086 1800 2416 1870 iutelligebat
2437 1803 2535 1857 hoc
2557 1812 2688 1858 citra
2712 1807 2874 1872 patris
2900 1779 3176 1876 imperium
3204 1825 3307 1863 non
3335 1812 3471 1865 lteri.

207 1871 380 1924 τοῦτο
417 1869 578 1929 εἶναι.
628 1879 819 1947 Ὅμως
869 1881 1048 1951 ᾐδεῖτο
1087 1885 1365 1956 ἐρωτῆσαι
1412 1888 1611 1942 αὐτόν’
1643 1891 1796 1945 τοῦτο

1911 1887 2169 1945 Cancrum
2216 1869 2331 1962 ipse
2361 1893 2690 1964 interrogare
2713 1869 3022 1965 verebatur,
3052 1908 3162 1953 tum
3194 1903 3332 1969 quod
3377 1904 3475 1956 mi-

212 1962 322 2032 μὲν
348 1965 616 2022 ἀπίθανον
647 1966 788 2024 εἶναι
819 1971 1013 2040 λέγων,
1051 1973 1128 2047 μὴ
1165 1977 1236 2030 τὰ
1267 1979 1620 2050 συμφέροντα
1649 1983 1796 2054 αὐτῷ

1907 1980 2049 2034 nime
2079 1996 2205 2036 vero
2226 1993 2644 2039 consentaneum
2674 2000 2794 2042 esse
2822 1987 3046 2058 diceret,
3075 1991 3200 2059 quin
3233 2003 3380 2058 pater
3409 2008 3471 2048 ea

206 2057 308 2111 τὸν
346 2059 567 2130 πατέρα
592 2061 961 2130 διανοεῖσθαι,
1009 2067 1168 2121 τοῦτο
1205 2069 1263 2121 δὲ
1310 2071 1552 2136 σκοπῶν,
1593 2074 1706 2140 ὡς,
1755 2076 1796 2129 εἰ

1907 2084 2021 2138 quae
2047 2073 2146 2139 ipsi
2168 2073 2527 2128 conducerent
2548 2076 3018 2144 animadverteret;
3046 2057 3155 2134 tum
3177 2057 3315 2148 quod
3340 2083 3468 2138 illud

209 2151 359 2206 κατὰ
387 2151 615 2224 γνώμην
645 2155 741 2209 τοῦ
767 2159 975 2229 πατρός
1012 2161 1130 2215 ἐστι
1167 2162 1228 2215 τὸ
1249 2165 1504 2235 πρᾶγμα,
1537 2167 1642 2220 κᾶν
1671 2171 1796 2242 ἐρω-

1905 2173 2081 2216 secum
2109 2173 2395 2232 reputaret,
2416 2166 2459 2218 si
2482 2166 2532 2220 id
2555 2165 2622 2221 de
2644 2166 2810 2235 patris
2831 2169 3098 2224 voluntate
3121 2171 3286 2238 iteret,
3305 2189 3470 2242 quan-

206 2245 380 2316 τήσῃ,
415 2246 518 2300 οὐκ
564 2245 633 2301 ἂν
681 2248 831 2321 αὐτῷ
863 2251 934 2306 τὰ
960 2253 1061 2324 τῆς
1107 2254 1368 2327 ἀληθείας
1409 2261 1803 2333 γνωριοῖ(74).

209 2336 390 2390 Ὀθεν
424 2339 558 2411 παρ’
604 2341 714 2413 30
757 2343 954 2410 ἄλλων,
983 2348 1078 2400 καὶ
1113 2349 1189 2420 μὴ
1235 2351 1390 2422 παρά
1424 2354 1516 2406 τοῦ
1559 2355 1800 2427 πατρὸς,

207 2430 388 2484 ταῦτα
423 2433 616 2501 μαθεῖν
636 2435 998 2504 διέγνω.Ἕνα
1025 2440 1080 2492 δὲ
1110 2442 1219 2495 τῶν
1242 2444 1608 2514 παιδαγωγῶν
1629 2465 1802 2519 προσ-

207 2521 538 2588 φιλέστατον
559 2528 653 2580 καὶ
674 2529 1007 2584 οἰκειότατον
1058 2531 1168 2586 τῶν
1197 2531 1399 2590 λοιπῶν
1439 2540 1796 2610 κεκτημένος,

207 2616 305 2667 ἐπὶ
361 2617 554 2671 πλεῖον
601 2621 1030 2694 οἰκειωσάμενος
1073 2625 1170 2679 καὶ
1210 2627 1442 2700 δωρεαῖς
1491 2631 1800 2704 φιλοτίμοις

204 2707 630 2780 δεξιωσάμενος,
659 2714 990 2771 ἐπυνθάνετο
1015 2721 1147 2791 παρ’
1176 2721 1343 2775 αὐτοῦ
1373 2723 1428 2776 τί
1457 2723 1524 2777 ἂν
1553 2725 1799 2796 βούλοιτο

203 2800 279 2869 τῷ
311 2801 596 2875 βασιλεῖὴ
646 2807 704 2860 ἐν
737 2807 814 2878 τῷ
861 2811 1310 2883 περιτειχίσματι
1359 2815 1557 2886 ἐκείνῳ
1601 2817 1795 2872 τούτου

205 2893 491 2964 κάθειρξις
514 2937 528 2960 ,
559 2897 654 2950 καὶ
678 2897 754 2960 ώς
777 2900 839 2952 Et
866 2899 1025 2953 τοῦτό
1053 2919 1188 2974 φησι
1216 2904 1406 2972 σαφῶς
1437 2906 1672 2972 διδάξεις
1701 2925 1791 2976 με,

207 2984 508 3056 πρόκριτος
558 2988 776 3042 πάντων
824 2989 921 3061 ἔσῃ
969 3009 1097 3062 μοι,
1135 2995 1230 3048 καὶ
1278 2995 1550 3068 διαθήκην
1607 2998 1796 3069 φιλίας

201 3077 491 3147 διηνεκοῦς
531 3079 858 3152 διαθήσομαί
906 3100 1009 3137 σοι.
1059 3084 1120 3137 '0
1153 3085 1211 3138 δὲ
1257 3088 1642 3158 παιδαγωγὸς,
1673 3089 1794 3160 ἐχέ-

201 3187 358 3240 φρων
395 3171 492 3223 καὶ
519 3173 680 3236 αὐτὸς
710 3174 992 3244 ὑπάρχων,
1027 3177 1120 3229 καὶ
1157 3176 1315 3240 εἰδὼς
1339 3178 1440 3250 τὴν
1466 3179 1562 3232 τοῦ
1600 3181 1793 3246 παιδὸς

203 3264 433 3332 συνετὴν
464 3264 560 3316 καὶ
599 3264 810 3320 τελείαν
841 3269 1127 3340 φρόνησιν,
1161 3270 1257 3323 καὶ
1299 3270 1376 3334 ὡς
1404 3272 1508 3326 οὐκ
1539 3271 1607 3326 ἂν
1637 3273 1789 3345 αὐτῷ

199 3360 421 3423 γένοιτο
449 3357 698 3411 κινδύνου
729 3359 987 3432 πρόξενος
1006 3401 1021 3423 ,
1049 3361 1229 3416 πάντα
1259 3363 1410 3434 αὑτῷ
1443 3365 1586 3419 κατὰ
1618 3369 1788 3438 μέρος

201 3446 522 3514 διηγήσατο,
553 3448 646 3503 τὸν
673 3450 815 3503 κατά
841 3451 952 3506 τῶν
989 3454 1337 3524 Χριστιανῶν
1372 3456 1603 3511 τεθέντα
1637 3459 1788 3529 παρὰ

198 3538 297 3590 τοῦ
323 3537 592 3609 βασιλέως
617 3542 858 3611 διωγμὸν
883 3545 978 3597 καὶ¹
1005 3546 1300 3617 ἐξαιρέτως
1326 3548 1469 3601 κατά
1492 3549 1602 3601 τῶν
1623 3550 1790 3620 ἀσκη-

199 3632 331 3694 τῶν,
366 3633 520 3696 ὅπως
547 3652 606 3687 τε
636 3636 999 3710 ἀπηλάθησαν
1023 3638 1120 3692 καὶ
1155 3637 1528 3710 ἐξεϐλήθησαν
1560 3642 1662 3711 τῆς
1692 3657 1790 3694 πε-

203 3726 444 3799 ριχώρου
472 3729 710 3800 ἐκείνης,
740 3726 829 3785 οἶά
851 3747 911 3783 τε
937 3730 1293 3803 γεννηθέντος
1322 3731 1492 3786 αὑτοῦ
1518 3733 1568 3786 οἱ
1590 3733 1789 3804 ἀστρο-

202 3819 348 3888 λόγοι
374 3821 821 3894 προηγόρευσαν.
863 3823 960 3877 Ἵν’
985 3818 1080 3878 οὖν
1104 3842 1260 3895 φησι,
1291 3824 1388 3906 μῂ,
1419 3825 1659 3889 ἀκούσας
1687 3826 1787 3897 τῆς

204 3912 432 3967 ἐκείνων
461 3913 718 3985 διδαχῆς,
767 3915 974 3986 ταύτην
1008 3916 1316 3989 προκρίνῃς
1360 3917 1460 3988 τῆς
1505 3916 1787 3990 ἡμετέρας

146 4015 152 4024 “
203 4005 541 4076 θρησκείας,
577 4006 653 4078 μὴ
691 4008 1047 4079 προσομιλεῖν
1084 4025 1168 4062 σοι
1221 4008 1454 4071 πολλοὺς
1479 4049 1495 4072 .
1529 4007 1648 4062 ἀλλ’
1693 4008 1788 4061 εὑ-

201 4097 572 4170 αριθμήτους,
601 4099 629 4152 6
665 4098 920 4169 βασιλεὺς
951 4099 1372 4173 ἐπετηδεύσατο,
1402 4101 1622 4165 ἐντολὰς
1654 4103 1790 4174 ἡμῖν

196 4188 320 4254 δοὺς
357 4191 530 4260 μηδέν
561 4209 644 4246 σοι
673 4191 782 4244 τῶν
811 4192 907 4246 τοῦ
944 4193 1062 4263 βίου
1091 4195 1336 4265 ἀνιαρῶν
1355 4195 1644 4263 γνωρίσαι.

1907 2255 2148 2310 tumlibet
2175 2257 2290 2325 ipse
2338 2267 2761 2325 percontaretur,
2796 2275 2856 2314 se
2885 2270 3059 2317 tamen
3089 2263 3163 2316 rei
3194 2267 3468 2318 veritatem

1902 2343 2514 2403 minimeintellecturum
2526 2349 3082 2419 esse.Quapropterex
3108 2352 3247 2416 aliis,
3272 2369 3334 2408 ac
3361 2371 3464 2409 non

1902 2448 1929 2489 a
1958 2444 2106 2502 patre
2132 2437 2244 2491 haec
2269 2439 2408 2493 scire
2430 2440 2721 2494 constituit.
2754 2441 2931 2508 Itaque
2957 2457 3078 2495 cum
3103 2457 3262 2496 unum
3297 2460 3327 2497 e
3355 2459 3464 2512 pre-

1901 2522 2110 2592 dagogis
2143 2527 2354 2595 reliquis
2382 2529 2673 2584 chariorem
2699 2544 2765 2584 ac
2804 2528 3192 2586 familiariorem
3225 2533 3462 2601 haberet,

1900 2625 2122 2680 eumque
2151 2615 2351 2681 majore
2377 2615 2556 2670 adhuc
2578 2617 2946 2671 benevolentia
2977 2619 3077 2672 sibi
3107 2620 3456 2691 devinxisset,

1899 2711 2048 2770 atque
2076 2704 2414 2772 amplissimis
2441 2707 2747 2761 muneribus
2777 2708 3060 2775 aﬂecisset,
3087 2711 3154 2763 ab
3180 2725 3245 2766 eo
3273 2714 3460 2768 scisci-

1899 2792 2104 2845 tabatur
2147 2791 2396 2861 quidnam
2442 2809 2622 2865 regem
2654 2796 2953 2864 impulisset
2993 2807 3050 2851 ut
3096 2813 3217 2854 eum
3266 2802 3317 2856 in
3361 2803 3464 2858 hoc

1898 2893 2047 2951 septo
2078 2885 2337 2939 inclusum
2382 2894 2606 2942 teneret.
2652 2889 2785 2943 Illud
2824 2891 2981 2944 etiam
3026 2891 3462 2963 adjungehat:Si

1899 2973 2022 3026 mihi
2051 2985 2233 3045 aperte
2276 2978 2376 3031 hoc
2417 2982 2747 3047 exposueris,
2772 2981 3018 3036 omnibus
3046 2991 3096 3038 te
3119 2993 3460 3054 anteponam,

1898 3073 2268 3133 perpetuaeque
2294 3065 2538 3122 amicitiae
2569 3067 2742 3123 {tedas
2771 3077 2942 3125 tecum
2972 3070 3176 3126 teriam.
3211 3073 3463 3145 Ptedago-

1897 3167 1990 3220 gus
2014 3163 2208 3218 autem,
2240 3165 2297 3208 ut
2338 3157 2428 3224 qui
2469 3156 2627 3212 etiam
2673 3158 2789 3228 ipse
2837 3161 3069 3228 prudens
3117 3175 3169 3218 et
3213 3166 3460 3220 cordatus

1821 3235 1862 3291 C
1897 3254 2054 3310 esset,
2081 3245 2336 3313 puerique
2358 3247 2697 3316 sagacitatem
2725 3263 2790 3304 ac
2828 3253 3062 3306 numeris
3089 3255 3333 3310 omnibus
3361 3257 3460 3311 ab-

1896 3332 2117 3387 solutam
2148 3335 2476 3402 prudentiam
2516 3339 2841 3408 exploratam
2872 3343 3113 3410 haberet,
3145 3361 3316 3415 neque
3357 3349 3456 3404 sibi

1895 3423 1961 3476 ab
2007 3437 2074 3478 eo
2112 3425 2399 3492 periculum
2449 3428 2614 3485 ullum
2661 3431 2948 3488 conﬂatum
2994 3435 3059 3490 iri
3103 3438 3453 3508 existimaret,

1894 3515 2066 3568 omnia
2094 3515 2144 3570 ei
2161 3515 2428 3584 sigillatim
2451 3520 2725 3588 exposuit,
2745 3537 2934 3592 nempe
2958 3533 3013 3580 et
3033 3529 3455 3594 persecuti-mem

1893 3603 2146 3660 adversus
2190 3605 2558 3675 Christianos,
2593 3625 2656 3665 ac
2695 3613 3024 3681 potissimum
3069 3616 3324 3673 adversus
3365 3635 3457 3675 eos

1891 3697 1980 3766 qui
2011 3712 2070 3752 se
2099 3699 2278 3767 pietati
2305 3700 2542 3756 colendas
2589 3711 2728 3758 totos
2767 3705 3107 3763 devovissent
3147 3713 3454 3779 promulga-

1897 3795 2025 3854 tam,
2053 3798 2109 3844 et
2151 3791 2594 3860 quemadmodum
2644 3794 2712 3848 ab
2754 3796 2999 3851 omnibus
3045 3799 3282 3854 ﬁnitimis
3327 3802 3456 3855 locis

1889 3879 2093 3947 expulsi
2119 3890 2172 3935 et
2198 3879 2353 3950 ejecti
2400 3882 2644 3950 fuissent,
2676 3897 2836 3956 atque
2867 3887 2991 3942 item
3020 3903 3084 3943 ea
3112 3905 3228 3958 quae
3257 3891 3372 3960 ipso
3401 3894 3454 3946 in

1891 3965 2061 4022 lucem
2084 3969 2228 4024 edito
2256 3973 2504 4044 astrologi
2527 3974 2918 4044 praadixissent.
2947 3977 3024 4032 Ne
3048 3979 3226 4048 igitur,
3260 3981 3449 4050 inquit,

1889 4057 2063 4110 audita
2090 4073 2272 4115 eorum
2304 4062 2542 4118 doctrina
2570 4105 2586 4130 ,
2615 4079 2732 4120 eam
2762 4067 3004 4134 religioni
3035 4081 3234 4124 nostra:
3262 4073 3453 4140 praefe-

1888 4163 1992 4216 ras,
2026 4151 2221 4207 idcirco
2250 4167 2281 4207 a
2310 4169 2436 4226 rege
2485 4156 2606 4211 data
2650 4173 2809 4228 opera
2842 4170 2954 4226 est,
2986 4177 3052 4216 ne
3085 4164 3234 4217 multi
3279 4172 3450 4220 tecum

199 4269 666 4325 consuetudinem
715 4273 1007 4340 haberent,
1058 4275 1158 4331 sed
1202 4275 1364 4347 pauci
1401 4275 1652 4328 omnino.
1689 4273 1768 4330 Ac
1802 4275 1964 4332 nobis
1996 4277 2166 4333 etiam
2211 4285 2380 4350 atque
2423 4280 2592 4337 etiam
2623 4283 2926 4352 mandavit,
2973 4293 3036 4340 ut
3088 4288 3441 4344 studeremus

191 4375 262 4414 ne
311 4361 448 4427 quid
493 4363 723 4428 hujusce
769 4366 897 4422 vitae
940 4370 1322 4426 molestiarum
1354 4385 1454 4441 per
1495 4384 1598 4424 nos
1648 4369 2005 4442 intelligeres.

261 4455 455 4510 Ταῦτα
479 4457 554 4522 ὡς
593 4458 826 4528 ἤκουσεν
852 4459 881 4512 6
906 4457 1125 4522 νεανίας
1171 4457 1329 4513 οὐδὲν
1374 4457 1565 4528 ἕτερον
1610 4473 1785 4528 προσ-

1963 4474 2086 4529 Haac
2105 4483 2163 4530 ut
2183 4476 2492 4533 adolescens
2509 4479 2735 4547 audivit,
2753 4481 2954 4534 nullum
2975 4482 3198 4536 alterum
3225 4483 3450 4537 verbum

188 4549 348 4602 έθετο
388 4548 622 4620 λαλῆσαι
645 4565 660 4578 '
695 4550 876 4621 ἥψατο
922 4551 1001 4623 δὲ,
1025 4550 1131 4620 τῆς
1158 4550 1388 4622 καρδίας
1420 4547 1587 4604 αὐτοῦ
1629 4548 1788 4617 λόγος

1900 4563 2150 4631 adiunxit.
2180 4566 2442 4621 Caeterum
2469 4569 2712 4624 salutaris
2731 4585 2912 4626 sermo
2934 4573 3096 4640 ipsius
3121 4582 3303 4641 pectus
3335 4575 3457 4626 teti-

189 4643 496 4712 σωτήριος,
523 4643 618 4695 καὶ
646 4642 792 4714 ἡτοῦ
819 4643 1184 4716 Παρακλήτου
1208 4644 1370 4714 χάρις
1391 4644 1518 4706 τοὺς
1553 4641 1780 4712 νοητοὺς

185 4734 360 4788 αὑτοῦ
406 4735 719 4806 ὀφθαλμοὺς
762 4735 1054 4803 διανοίγειν
1092 4735 1421 4806 ἐπεχείρησε
1449 4776 1464 4798 ,
1501 4732 1638 4803 πρὸς
1684 4732 1778 4787 τὸν

184 4826 292 4896 31
327 4825 534 4898 ἀψευδῆ
569 4826 987 4897 χειραγωγοῦσα
1011 4826 1164 4892 Θεὸν,
1213 4826 1290 4889 ὡς
1318 4824 1522 4895 προῖὼν
1550 4826 1580 4876 6
1619 4823 1778 4892 λόγος

184 4917 475 4988 δηλώσειε.
511 4918 730 4989 Συχνῶς
757 4919 813 4972 δὲ
837 4919 932 4971 τοῦ
958 4919 1168 4988 πατρὸς
1193 4916 1360 4971 αὑτοῦ
1385 4919 1480 4970 καὶ
1512 4915 1780 4988 βασιλέως

186 5012 336 5064 κατά
372 5011 500 5064 θέαν
529 5011 624 5064 τοῦ
652 5010 839 5074 παιδὸς
875 5010 1176 5081 ἐρχομένου
1207 5009 1435 5079 (ἀγάπῃ
1460 5009 1571 5078 γὰρ
1607 5008 1780 5077 ὑπερ-

187 5103 464 5173 ϐαλλούσῃ
505 5103 680 5172 ἐφίλει
705 5102 923 5174 αὐτὸν),
976 5105 1034 5156 ἐν
1078 5103 1176 5173 μιᾷ
1205 5101 1318 5173 (75)
1368 5101 1518 5169 λέγει
1560 5098 1708 5168 αὐτῷ
1749 5098 1778 5152 ὁ

189 5197 330 5251 υἱός’
369 5198 583 5252 Μαθεῖν
615 5216 670 5252 τι
718 5197 1045 5270 ἐπεθύμησα
1087 5197 1245 5269 παρὰ
1283 5196 1409 5264 σοῦ,
1457 5191 1503 5250 ὧ
1539 5197 1780 5253 δέσποτα

255 5337 378 5405 (73)
406 5335 543 5391 Vide
576 5345 616 5391 t.
645 5337 731 5402 ιιι,
763 5353 818 5408 p.
844 5338 971 5403 582,
999 5354 1056 5391 η.
1089 5337 1142 5408 t.

1893 4658 1990 4724 git,
2019 4672 2082 4712 ac
2110 4659 2354 4714 Paracliti
2392 4661 2556 4728 gratia
2603 4664 2905 4730 spirituales
2930 4664 3092 4732 ipsius
3115 4664 3298 4717 oculos
3327 4679 3455 4730 ape-

1893 4747 2000 4802 rire
2047 4761 2293 4818 aggressa
2336 4759 2454 4812 est,
2483 4765 2604 4805 eum
2647 4755 2716 4806 ad
2758 4768 2942 4808 verum
2989 4752 3172 4816 Deum,
3207 4764 3454 4822 tanquam

1893 4850 2132 4908 porrecta
2160 4855 2316 4893 manu
2339 4841 2558 4909 ducens,
2583 4843 3028 4912 quemadmodum
3054 4845 3309 4896 orationis
3332 4858 3456 4910 pro-

1891 4943 2075 4996 gressu
2103 4929 2603 4986 demonstrabimus.
2631 4933 2758 4987 Cum
2787 4944 2964 4987 autem
2991 4950 3081 4987 rex
3113 4933 3274 5002 ipsius
3305 4943 3454 5001 pater

1891 5021 2079 5076 crebro
2117 5036 2238 5075 eum
2284 5024 2481 5076 viseret
2513 5025 2830 5092 {singularis
2871 5026 3070 5077 etenim
3115 5025 3283 5092 ipsius
3327 5038 3450 5090 erga

1891 5125 2010 5164 eum
2041 5126 2189 5164 amor
2217 5113 2376 5178 erat),
2403 5113 2626 5180 quadam
2653 5112 2739 5164 die
2770 5111 2850 5164 itis
2873 5112 3050 5166 verbis
3072 5113 3135 5165 ad
3165 5127 3284 5166 eum
3313 5112 3454 5165 ﬁlius

1891 5213 2018 5253 usus
2053 5209 2136 5254 est
2158 5217 2171 5252 :
2195 5200 2240 5255 Ο
2270 5202 2396 5255 here
2422 5216 2486 5256 ac
2525 5217 2615 5256 rex
2642 5241 2658 5266 ,
2687 5201 2884 5270 aliquid
2915 5218 2976 5254 ex
3008 5212 3061 5256 te
3102 5203 3241 5256 scire
3273 5202 3450 5270 cupio,

256 5387 375 5477 i765
411 5387 1294 5495 A;’iviip’iéi,fét'§i§’t§,i§i'uene
1332 5405 1560 5495 not-avi.“
1647 5423 1794 5495 γνῳρ

1900 5387 2432 5495 ιδίει-ἰρνςιιξωγνωριοζι
2464 5425 2526 5495 ea
2553 5410 2814 5495 varietate
2843 5409 3037 5495 fretus.
3067 5409 3193 5495 inde
3239 5425 3467 5495 possunt

188 5480 441 5540 meliores
483 5488 734 5532 auctores
763 5477 1267 5565 juvari._Libalnius
1289 5480 1455 5565 epist.
1490 5478 1744 5565 §82,'qui
1767 5477 2223 5565 ’in’coﬁtlice’50‘02,
2255 5477 2360 5565 non
2391 5481 2674 5565 βαλυκίῳ,
2702 5483 2961 5565 utvulgo,
2982 5485 3080 5565 fed
3113 5477 3350 5565 Τιτιανῷ
3374 5499 3464 5565 ~est

188 5548 502 5635 inscrjpla’:
561 5549 870 5635 γραμματα
906 5547 1035 5617 γοῦν
1048 5547 1128 5626 -ἐὶ
1141 5547 1252 5599 θεῖν
1279 5547 1420 5635 ρειὲρ
1445 5548 1555 5600 τῶν
1585 5549 1778 5635 γάμων
1807 5549 1973 5635 ὲχρῆν
2000 5551 2152 5635 παρα
2193 5549 2298 5635 σοῦ.
2325 5547 2713 5635 δηλοῦντα,.ςώς
2733 5550 2840 5635 ταὶ-
2854 5551 3211 5635 μὲνξχοιθσοι
3257 5547 3459 5635 καλῶς,

186 5619 295 5710 τῶν
327 5618 385 5698 δέ
421 5615 847 5710 λόγωὴᾯῖξνξπὶ
880 5615 1077 5710 σαυτρῦ
1109 5615 1416 5710 φρργτίζεις
1438 5615 1796 5710 ἓῃίιιειξίι³

1903 5615 1969 5672 οὶΙ
2017 5615 2240 5710 vei-bunt
2287 5615 2388 5687 legi
2427 5621 2478 5704 in
2521 5615 2904 5710 cuilicem5035'.
2958 5615 3319 5710 (Ebur-iciusin
3353 5615 3464 5677 νη.

192 5687 386 5765 luisntti
431 5685 715 5765 gnecdotis
744 5687 965 5765 Gra’qis,
1011 5685 1162 5765 tum.
1185 5685 1248 5754 Il,
1279 5703 1402 5758 pag.
1435 5686 1502 5741 57
1536 5707 1550 5743 :
1582 5685 1796 5758 Τὸνφύ

1900 5706 2072 5760 εοργον
2097 5690 2307 5743 ἀνεῖλον
2334 5685 2569 5760 πατέρα,
2603 5691 2816 5759 παιδὸς,
2841 5687 2902 5748 οὗ
2936 5693 3010 5765 μὴ
3053 5693 3208 5764 φέρει
3249 5694 3350 5764 τὴν
3381 5711 3462 5747 τε·

193 5756 852 5839 λευτῂν,.ἀποστερήσας⁶
882 5759 1008 5839 imo,
1038 5757 1214 5839 φέροι.

267 5828 384 5898 (75)
410 5830 552 5884 lnl'ra
583 5827 762 5900 plene,
805 5831 864 5883 ὲν
896 5831 995 5900 μιᾷ
1023 5829 1129 5882 τών
1164 5829 1410 5900 ἡμερῶν.
1437 5828 1570 5886 Vide
1599 5837 1782 5885 notata

1913 5827 2125 5900 Syntip.
2155 5843 2280 5899 pag.
2313 5828 2436 5886 179.
