  <div class='ocr_page' id='page_1' title='image "/cluster/home/n/w/nwhite01/storage/ocr_20150623/96/hvd.32044019208065/451.png"; bbox 0 0 4070 6440; ppageno 0'>
   <div class='ocr_carea' id='block_1_1' title="bbox 602 415 701 485">
    <p class='ocr_par' dir='ltr' id='par_1_1' title="bbox 602 415 701 485">
     <span class='ocr_line' id='line_1_1' title="bbox 602 415 701 485; baseline -0.051 0"><span class='ocrx_word' id='word_1_1' title='bbox 602 415 701 485; x_wconf 75' lang='lat'><strong>891</strong></span> 
     </span>
    </p>
   </div>
   <div class='ocr_carea' id='block_1_2' title="bbox 2015 368 2389 433">
    <p class='ocr_par' dir='ltr' id='par_1_2' title="bbox 2015 368 2389 433">
     <span class='ocr_line' id='line_1_2' title="bbox 2015 368 2389 433; baseline -0.021 1"><span class='ocrx_word' id='word_1_2' title='bbox 2015 368 2389 433; x_wconf 84' lang='lat' dir='ltr'><strong>ADDENDA.</strong></span> 
     </span>
    </p>
   </div>
   <div class='ocr_carea' id='block_1_3' title="bbox 3717 348 3802 409">
    <p class='ocr_par' dir='ltr' id='par_1_3' title="bbox 3717 348 3802 409">
     <span class='ocr_line' id='line_1_3' title="bbox 3717 348 3802 409; baseline 0 0"><span class='ocrx_word' id='word_1_3' title='bbox 3717 348 3802 409; x_wconf 72' lang='lat'><strong>89?.</strong></span> 
     </span>
    </p>
   </div>
   <div class='ocr_carea' id='block_1_4' title="bbox 604 468 2214 601">
    <p class='ocr_par' dir='ltr' id='par_1_4' title="bbox 604 505 2214 601">
     <span class='ocr_line' id='line_1_4' title="bbox 604 505 2214 601; baseline -0.02 -15"><span class='ocrx_word' id='word_1_4' title='bbox 604 530 759 601; x_wconf 80' lang='lat' dir='ltr'><strong>cujus</strong></span> <span class='ocrx_word' id='word_1_5' title='bbox 781 539 939 583; x_wconf 85' lang='lat' dir='ltr'><strong>causa</strong></span> <span class='ocrx_word' id='word_1_6' title='bbox 967 528 1253 594; x_wconf 81' lang='lat' dir='ltr'><strong>perpetuus</strong></span> <span class='ocrx_word' id='word_1_7' title='bbox 1275 528 1493 579; x_wconf 82' lang='lat' dir='ltr'><strong>mmror,</strong></span> <span class='ocrx_word' id='word_1_8' title='bbox 1515 519 1675 577; x_wconf 86' lang='lat' dir='ltr'><strong>atque</strong></span> <span class='ocrx_word' id='word_1_9' title='bbox 1699 505 1879 565; x_wconf 87' lang='lat' dir='ltr'><strong>omnis</strong></span> <span class='ocrx_word' id='word_1_10' title='bbox 1898 506 2170 559; x_wconf 87' lang='lat' dir='ltr'><strong>intermis-</strong></span> <span class='ocrx_word' id='word_1_11' title='bbox 2208 541 2214 553; x_wconf 85' lang='grc'><strong>.</strong></span> 
     </span>
    </p>
   </div>
   <div class='ocr_carea' id='block_1_5' title="bbox 2289 468 3800 601">
    <p class='ocr_par' dir='ltr' id='par_1_5' title="bbox 2289 468 3800 601">
     <span class='ocr_line' id='line_1_5' title="bbox 2289 468 3800 601; baseline -0.021 -57"><span class='ocrx_word' id='word_1_12' title='bbox 2289 492 2376 545; x_wconf 74' lang='grc' dir='ltr'>καὶ</span> <span class='ocrx_word' id='word_1_13' title='bbox 2406 485 2652 561; x_wconf 83' lang='grc' dir='ltr'>βασιλεῦ,</span> <span class='ocrx_word' id='word_1_14' title='bbox 2684 484 2771 554; x_wconf 72' lang='grc' dir='ltr'><strong>ἐφ’</strong></span> <span class='ocrx_word' id='word_1_15' title='bbox 2799 473 2845 550; x_wconf 79' lang='grc' dir='ltr'><strong>ᾧ</strong></span> <span class='ocrx_word' id='word_1_16' title='bbox 2874 479 3021 548; x_wconf 82' lang='grc' dir='ltr'>λύπη</span> <span class='ocrx_word' id='word_1_17' title='bbox 3044 471 3302 545; x_wconf 74' lang='grc' dir='ltr'><strong>διηνεκὴς</strong></span> <span class='ocrx_word' id='word_1_18' title='bbox 3328 469 3436 601; x_wconf 46' lang='grc' dir='ltr'><strong>καὶὶ</strong></span> <span class='ocrx_word' id='word_1_19' title='bbox 3449 468 3669 601; x_wconf 53' lang='grc' dir='ltr'>εέέριμνέ</span> <span class='ocrx_word' id='word_1_20' title='bbox 3681 469 3800 525; x_wconf 58' lang='lat' dir='ltr'><strong>am.</strong></span> 
     </span>
     <span class='ocr_line' id='line_1_6' title="bbox 2474 563 3800 601; baseline -0.013 6"><span class='ocrx_word' id='word_1_21' title='bbox 2474 599 2519 601; x_wconf 57' lang='grc' dir='ltr'>η</span> <span class='ocrx_word' id='word_1_22' title='bbox 2556 576 2826 601; x_wconf 28' lang='lat' dir='ltr'><strong>unum“</strong></span> <span class='ocrx_word' id='word_1_23' title='bbox 2869 590 2967 601; x_wconf 67' lang='grc' dir='ltr'><strong>..-η</strong></span> <span class='ocrx_word' id='word_1_24' title='bbox 2996 570 3096 601; x_wconf 70' lang='lat' dir='ltr'><strong>-i...</strong></span> <span class='ocrx_word' id='word_1_25' title='bbox 3140 566 3320 601; x_wconf 70' lang='lat' dir='ltr'><strong>.t......t...</strong></span> <span class='ocrx_word' id='word_1_26' title='bbox 3379 563 3391 579; x_wconf 78' lang='grc' dir='ltr'><strong><em>ο</em></strong></span> <span class='ocrx_word' id='word_1_27' title='bbox 3491 564 3637 601; x_wconf 57' lang='lat' dir='ltr'><strong>sm,</strong></span> <span class='ocrx_word' id='word_1_28' title='bbox 3677 580 3702 601; x_wconf 66' lang='grc' dir='ltr'>η</span> <span class='ocrx_word' id='word_1_29' title='bbox 3759 565 3800 601; x_wconf 67' lang='grc' dir='ltr'>ιβ</span> 
     </span>
    </p>
   </div>
   <div class='ocr_carea' id='block_1_6' title="bbox 608 606 2178 686">
    <p class='ocr_par' dir='ltr' id='par_1_6' title="bbox 608 606 2178 686">
     <span class='ocr_line' id='line_1_7' title="bbox 608 606 2178 686; baseline -0.019 -8"><span class='ocrx_word' id='word_1_30' title='bbox 608 623 777 677; x_wconf 84' lang='lat' dir='ltr'><strong>siouis</strong></span> <span class='ocrx_word' id='word_1_31' title='bbox 801 632 996 686; x_wconf 78' lang='lat' dir='ltr'><strong>expers</strong></span> <span class='ocrx_word' id='word_1_32' title='bbox 1013 611 1315 670; x_wconf 89' lang='lat' dir='ltr'><strong>sollicitudo</strong></span> <span class='ocrx_word' id='word_1_33' title='bbox 1338 609 1571 662; x_wconf 89' lang='lat' dir='ltr'><strong>animum</strong></span> <span class='ocrx_word' id='word_1_34' title='bbox 1598 616 1774 658; x_wconf 88' lang='lat' dir='ltr'><strong>meum</strong></span> <span class='ocrx_word' id='word_1_35' title='bbox 1794 606 1947 654; x_wconf 90' lang='lat' dir='ltr'><strong>exest</strong></span> <span class='ocrx_word' id='word_1_36' title='bbox 1964 613 2025 652; x_wconf 90' lang='lat' dir='ltr'><strong>ac</strong></span> <span class='ocrx_word' id='word_1_37' title='bbox 2048 612 2178 650; x_wconf 88' lang='lat' dir='ltr'><strong>con-</strong></span> 
     </span>
    </p>
   </div>
   <div class='ocr_carea' id='block_1_7' title="bbox 612 690 2180 768">
    <p class='ocr_par' dir='ltr' id='par_1_7' title="bbox 612 690 2180 768">
     <span class='ocr_line' id='line_1_8' title="bbox 612 690 2180 768; baseline -0.017 -2"><span class='ocrx_word' id='word_1_38' title='bbox 612 713 741 767; x_wconf 85' lang='lat' dir='ltr'><strong>licit.</strong></span> <span class='ocrx_word' id='word_1_39' title='bbox 775 711 931 766; x_wconf 88' lang='lat' dir='ltr'><strong>Pater</strong></span> <span class='ocrx_word' id='word_1_40' title='bbox 962 717 1137 761; x_wconf 88' lang='lat' dir='ltr'><strong>autem</strong></span> <span class='ocrx_word' id='word_1_41' title='bbox 1158 721 1223 759; x_wconf 88' lang='lat' dir='ltr'><strong>ex</strong></span> <span class='ocrx_word' id='word_1_42' title='bbox 1248 704 1347 756; x_wconf 79' lang='lat' dir='ltr'><strong>hoc</strong></span> <span class='ocrx_word' id='word_1_43' title='bbox 1369 703 1485 768; x_wconf 90' lang='lat' dir='ltr'><strong>ipso</strong></span> <span class='ocrx_word' id='word_1_44' title='bbox 1507 709 1757 752; x_wconf 82' lang='lat' dir='ltr'><strong>sermone</strong></span> <span class='ocrx_word' id='word_1_45' title='bbox 1782 691 1983 747; x_wconf 89' lang='lat' dir='ltr'><strong>intimis</strong></span> <span class='ocrx_word' id='word_1_46' title='bbox 2010 690 2180 742; x_wconf 85' lang='lat' dir='ltr'><strong>visce-</strong></span> 
     </span>
    </p>
   </div>
   <div class='ocr_carea' id='block_1_8' title="bbox 613 778 2179 856">
    <p class='ocr_par' dir='ltr' id='par_1_8' title="bbox 613 778 2179 856">
     <span class='ocr_line' id='line_1_9' title="bbox 613 778 2179 856; baseline -0.015 -1"><span class='ocrx_word' id='word_1_47' title='bbox 613 803 761 856; x_wconf 88' lang='lat' dir='ltr'><strong>ribus</strong></span> <span class='ocrx_word' id='word_1_48' title='bbox 805 799 1153 854; x_wconf 71' lang='lat' dir='ltr'><strong>discruciatus</strong></span> <span class='ocrx_word' id='word_1_49' title='bbox 1180 833 1196 854; x_wconf 85' lang='lat'><strong>,</strong></span> <span class='ocrx_word' id='word_1_50' title='bbox 1237 794 1312 846; x_wconf 92' lang='lat' dir='ltr'><strong>ait</strong></span> <span class='ocrx_word' id='word_1_51' title='bbox 1338 808 1354 845; x_wconf 83' lang='lat'><strong>:</strong></span> <span class='ocrx_word' id='word_1_52' title='bbox 1378 785 1644 844; x_wconf 51' lang='lat' dir='ltr'><strong>Dic&#39;mibi</strong></span> <span class='ocrx_word' id='word_1_53' title='bbox 1672 825 1687 849; x_wconf 93' lang='lat'><strong>,</strong></span> <span class='ocrx_word' id='word_1_54' title='bbox 1720 782 2033 839; x_wconf 86' lang='lat' dir='ltr'><strong>cbarissime</strong></span> <span class='ocrx_word' id='word_1_55' title='bbox 2083 778 2179 841; x_wconf 82' lang='lat' dir='ltr'><strong>liii,</strong></span> 
     </span>
    </p>
   </div>
   <div class='ocr_carea' id='block_1_9' title="bbox 614 872 2181 960">
    <p class='ocr_par' dir='ltr' id='par_1_9' title="bbox 614 872 2181 960">
     <span class='ocr_line' id='line_1_10' title="bbox 614 872 2181 960; baseline -0.016 -14"><span class='ocrx_word' id='word_1_56' title='bbox 614 896 859 960; x_wconf 75' lang='lat' dir='ltr'><strong>quisnam</strong></span> <span class='ocrx_word' id='word_1_57' title='bbox 879 890 950 943; x_wconf 90' lang='lat' dir='ltr'><strong>sit</strong></span> <span class='ocrx_word' id='word_1_58' title='bbox 975 888 1062 942; x_wconf 84' lang='lat' dir='ltr'><strong>hic</strong></span> <span class='ocrx_word' id='word_1_59' title='bbox 1091 900 1288 940; x_wconf 70' lang='lat' dir='ltr'><strong>tumror</strong></span> <span class='ocrx_word' id='word_1_60' title='bbox 1313 883 1400 951; x_wconf 88' lang='lat' dir='ltr'><strong>qui</strong></span> <span class='ocrx_word' id='word_1_61' title='bbox 1431 892 1480 935; x_wconf 91' lang='lat' dir='ltr'><strong>te</strong></span> <span class='ocrx_word' id='word_1_62' title='bbox 1508 878 1737 941; x_wconf 80' lang='lat' dir='ltr'><strong>obsidet,</strong></span> <span class='ocrx_word' id='word_1_63' title='bbox 1759 890 1824 928; x_wconf 90' lang='lat' dir='ltr'><strong>ac</strong></span> <span class='ocrx_word' id='word_1_64' title='bbox 1851 872 2030 927; x_wconf 89' lang='lat' dir='ltr'><strong>statim</strong></span> <span class='ocrx_word' id='word_1_65' title='bbox 2059 884 2181 924; x_wconf 89' lang='lat' dir='ltr'><strong>eum</strong></span> 
     </span>
    </p>
   </div>
   <div class='ocr_carea' id='block_1_10' title="bbox 620 964 2181 1053">
    <p class='ocr_par' dir='ltr' id='par_1_10' title="bbox 620 964 2181 1053">
     <span class='ocr_line' id='line_1_11' title="bbox 620 964 2181 1053; baseline -0.017 -15"><span class='ocrx_word' id='word_1_66' title='bbox 620 985 676 1038; x_wconf 87' lang='lat' dir='ltr'><strong>iu</strong></span> <span class='ocrx_word' id='word_1_67' title='bbox 696 982 945 1053; x_wconf 77' lang='lat' dir='ltr'><strong>gaudium</strong></span> <span class='ocrx_word' id='word_1_68' title='bbox 970 988 1299 1035; x_wconf 85' lang='lat' dir='ltr'><strong>commutare</strong></span> <span class='ocrx_word' id='word_1_69' title='bbox 1320 973 1568 1027; x_wconf 74' lang='lat' dir='ltr'><strong>sludcbo.</strong></span> <span class='ocrx_word' id='word_1_70' title='bbox 1586 970 1721 1023; x_wconf 89' lang='lat' dir='ltr'><strong>Tum</strong></span> <span class='ocrx_word' id='word_1_71' title='bbox 1751 980 1879 1035; x_wconf 88' lang='lat' dir='ltr'><strong>puer</strong></span> <span class='ocrx_word' id='word_1_72' title='bbox 1902 980 1917 1017; x_wconf 92' lang='lat'><strong>:</strong></span> <span class='ocrx_word' id='word_1_73' title='bbox 1942 964 2181 1029; x_wconf 81' lang='lat' dir='ltr'><strong>Expone,</strong></span> 
     </span>
    </p>
   </div>
   <div class='ocr_carea' id='block_1_11' title="bbox 625 1058 2186 1144">
    <p class='ocr_par' dir='ltr' id='par_1_11' title="bbox 625 1058 2186 1144">
     <span class='ocr_line' id='line_1_12' title="bbox 625 1058 2186 1144; baseline -0.018 -13"><span class='ocrx_word' id='word_1_74' title='bbox 625 1075 815 1144; x_wconf 86' lang='lat' dir='ltr'><strong>inquit,</strong></span> <span class='ocrx_word' id='word_1_75' title='bbox 863 1072 1112 1141; x_wconf 85' lang='lat' dir='ltr'><strong>quidnam</strong></span> <span class='ocrx_word' id='word_1_76' title='bbox 1161 1080 1335 1120; x_wconf 67' lang='lat' dir='ltr'><strong>causa:</strong></span> <span class='ocrx_word' id='word_1_77' title='bbox 1378 1065 1445 1116; x_wconf 86' lang='lat' dir='ltr'><strong>sit</strong></span> <span class='ocrx_word' id='word_1_78' title='bbox 1474 1079 1569 1118; x_wconf 88' lang='lat' dir='ltr'><strong>cur</strong></span> <span class='ocrx_word' id='word_1_79' title='bbox 1601 1060 1685 1113; x_wconf 81' lang='lat' dir='ltr'><strong>hic</strong></span> <span class='ocrx_word' id='word_1_80' title='bbox 1724 1058 1995 1117; x_wconf 80' lang='lat' dir='ltr'><strong>detinear,</strong></span> <span class='ocrx_word' id='word_1_81' title='bbox 2026 1060 2186 1117; x_wconf 84' lang='lat' dir='ltr'><strong>atque</strong></span> 
     </span>
    </p>
   </div>
   <div class='ocr_carea' id='block_1_12' title="bbox 626 1144 2186 1222">
    <p class='ocr_par' dir='ltr' id='par_1_12' title="bbox 626 1144 2186 1222">
     <span class='ocr_line' id='line_1_13' title="bbox 626 1144 2186 1222; baseline -0.016 -10"><span class='ocrx_word' id='word_1_82' title='bbox 626 1170 764 1212; x_wconf 83' lang='lat' dir='ltr'><strong>inter</strong></span> <span class='ocrx_word' id='word_1_83' title='bbox 793 1171 975 1212; x_wconf 83' lang='lat' dir='ltr'><strong>murus</strong></span> <span class='ocrx_word' id='word_1_84' title='bbox 1000 1165 1053 1209; x_wconf 90' lang='lat' dir='ltr'><strong>et</strong></span> <span class='ocrx_word' id='word_1_85' title='bbox 1074 1155 1266 1222; x_wconf 89' lang='lat' dir='ltr'><strong>jannas</strong></span> <span class='ocrx_word' id='word_1_86' title='bbox 1306 1152 1401 1204; x_wconf 88' lang='lat' dir='ltr'><strong>abs</strong></span> <span class='ocrx_word' id='word_1_87' title='bbox 1442 1159 1493 1201; x_wconf 91' lang='lat' dir='ltr'><strong>te</strong></span> <span class='ocrx_word' id='word_1_88' title='bbox 1522 1144 1823 1204; x_wconf 86' lang='lat' dir='ltr'><strong>concludar,</strong></span> <span class='ocrx_word' id='word_1_89' title='bbox 1856 1152 2024 1206; x_wconf 84' lang='lat' dir='ltr'><strong>eoque</strong></span> <span class='ocrx_word' id='word_1_90' title='bbox 2048 1146 2186 1188; x_wconf 89' lang='lat' dir='ltr'><strong>statu</strong></span> 
     </span>
    </p>
   </div>
   <div class='ocr_carea' id='block_1_13' title="bbox 630 1230 2188 1315">
    <p class='ocr_par' dir='ltr' id='par_1_13' title="bbox 630 1230 2188 1315">
     <span class='ocr_line' id='line_1_14' title="bbox 630 1230 2188 1315; baseline -0.015 -14"><span class='ocrx_word' id='word_1_91' title='bbox 630 1252 752 1313; x_wconf 84' lang='lat' dir='ltr'><strong>siin,</strong></span> <span class='ocrx_word' id='word_1_92' title='bbox 779 1257 834 1300; x_wconf 93' lang='lat' dir='ltr'><strong>ut</strong></span> <span class='ocrx_word' id='word_1_93' title='bbox 862 1261 892 1299; x_wconf 89' lang='lat' dir='ltr'><strong>a</strong></span> <span class='ocrx_word' id='word_1_94' title='bbox 923 1245 1134 1298; x_wconf 91' lang='lat' dir='ltr'><strong>nemine</strong></span> <span class='ocrx_word' id='word_1_95' title='bbox 1162 1241 1295 1294; x_wconf 88' lang='lat' dir='ltr'><strong>adiri</strong></span> <span class='ocrx_word' id='word_1_96' title='bbox 1340 1256 1403 1293; x_wconf 89' lang='lat' dir='ltr'><strong>ac</strong></span> <span class='ocrx_word' id='word_1_97' title='bbox 1428 1238 1573 1292; x_wconf 92' lang='lat' dir='ltr'><strong>cerni</strong></span> <span class='ocrx_word' id='word_1_98' title='bbox 1600 1248 1809 1303; x_wconf 79' lang='lat' dir='ltr'><strong>queam.</strong></span> <span class='ocrx_word' id='word_1_99' title='bbox 1844 1230 2122 1296; x_wconf 80' lang='lat' dir='ltr'><strong>Quoniam,</strong></span> <span class='ocrx_word' id='word_1_100' title='bbox 2155 1241 2188 1315; x_wconf 84' lang='grc' dir='ltr'><strong>ο</strong></span> 
     </span>
    </p>
   </div>
   <div class='ocr_carea' id='block_1_14' title="bbox 630 1318 2189 1402">
    <p class='ocr_par' dir='ltr' id='par_1_14' title="bbox 630 1318 2189 1402">
     <span class='ocr_line' id='line_1_15' title="bbox 630 1318 2189 1402; baseline -0.013 -12"><span class='ocrx_word' id='word_1_101' title='bbox 630 1339 726 1402; x_wconf 86' lang='lat' dir='ltr'><strong>liii,</strong></span> <span class='ocrx_word' id='word_1_102' title='bbox 758 1332 929 1402; x_wconf 86' lang='lat' dir='ltr'><strong>inquit</strong></span> <span class='ocrx_word' id='word_1_103' title='bbox 974 1347 1090 1395; x_wconf 90' lang='lat' dir='ltr'><strong>rex,</strong></span> <span class='ocrx_word' id='word_1_104' title='bbox 1119 1329 1241 1383; x_wconf 87' lang='lat' dir='ltr'><strong>nolo</strong></span> <span class='ocrx_word' id='word_1_105' title='bbox 1269 1327 1552 1395; x_wconf 85' lang='lat' dir='ltr'><strong>quidquam</strong></span> <span class='ocrx_word' id='word_1_106' title='bbox 1600 1323 1779 1375; x_wconf 87' lang='lat' dir='ltr'><strong>videas</strong></span> <span class='ocrx_word' id='word_1_107' title='bbox 1822 1318 1960 1387; x_wconf 90' lang='lat' dir='ltr'><strong>quod</strong></span> <span class='ocrx_word' id='word_1_108' title='bbox 1991 1325 2189 1382; x_wconf 78' lang='lat' dir='ltr'><strong>pectori</strong></span> 
     </span>
    </p>
   </div>
   <div class='ocr_carea' id='block_1_15' title="bbox 627 1408 2186 1484">
    <p class='ocr_par' dir='ltr' id='par_1_15' title="bbox 627 1408 2186 1484">
     <span class='ocr_line' id='line_1_16' title="bbox 627 1408 2186 1484; baseline -0.013 -4"><span class='ocrx_word' id='word_1_109' title='bbox 627 1438 720 1481; x_wconf 92' lang='lat' dir='ltr'><strong>tuo</strong></span> <span class='ocrx_word' id='word_1_110' title='bbox 749 1424 1043 1480; x_wconf 80' lang='lat' dir='ltr'><strong>molestiam</strong></span> <span class='ocrx_word' id='word_1_111' title='bbox 1073 1422 1277 1484; x_wconf 79' lang='lat' dir='ltr'><strong>afferat,</strong></span> <span class='ocrx_word' id='word_1_112' title='bbox 1302 1418 1498 1484; x_wconf 79' lang='lat' dir='ltr'><strong>tibique</strong></span> <span class='ocrx_word' id='word_1_113' title='bbox 1522 1417 1839 1481; x_wconf 87' lang='lat' dir='ltr'><strong>voluptatem</strong></span> <span class='ocrx_word' id='word_1_114' title='bbox 1864 1408 2186 1476; x_wconf 87' lang='lat' dir='ltr'><strong>interpellat.</strong></span> 
     </span>
    </p>
   </div>
   <div class='ocr_carea' id='block_1_16' title="bbox 629 1498 2189 1584">
    <p class='ocr_par' dir='ltr' id='par_1_16' title="bbox 629 1498 2189 1584">
     <span class='ocr_line' id='line_1_17' title="bbox 629 1498 2189 1584; baseline -0.012 -14"><span class='ocrx_word' id='word_1_115' title='bbox 629 1515 902 1584; x_wconf 88' lang='lat' dir='ltr'><strong>Siquidem</strong></span> <span class='ocrx_word' id='word_1_116' title='bbox 935 1514 1033 1566; x_wconf 87' lang='lat' dir='ltr'><strong>hoc</strong></span> <span class='ocrx_word' id='word_1_117' title='bbox 1062 1524 1161 1576; x_wconf 82' lang='lat' dir='ltr'><strong>ago</strong></span> <span class='ocrx_word' id='word_1_118' title='bbox 1186 1523 1248 1562; x_wconf 89' lang='lat' dir='ltr'><strong>ac</strong></span> <span class='ocrx_word' id='word_1_119' title='bbox 1274 1516 1477 1571; x_wconf 89' lang='lat' dir='ltr'><strong>specto,</strong></span> <span class='ocrx_word' id='word_1_120' title='bbox 1503 1512 1557 1557; x_wconf 94' lang='lat' dir='ltr'><strong>ut</strong></span> <span class='ocrx_word' id='word_1_121' title='bbox 1586 1503 1635 1555; x_wconf 93' lang='lat' dir='ltr'><strong>in</strong></span> <span class='ocrx_word' id='word_1_122' title='bbox 1665 1500 1934 1571; x_wconf 86' lang='lat' dir='ltr'><strong>perpetuis</strong></span> <span class='ocrx_word' id='word_1_123' title='bbox 1959 1498 2189 1566; x_wconf 83' lang='lat' dir='ltr'><strong>deliciis,</strong></span> 
     </span>
    </p>
   </div>
   <div class='ocr_carea' id='block_1_17' title="bbox 630 1589 2193 1676">
    <p class='ocr_par' dir='ltr' id='par_1_17' title="bbox 630 1589 2193 1676">
     <span class='ocr_line' id='line_1_18' title="bbox 630 1589 2193 1676; baseline -0.011 -15"><span class='ocrx_word' id='word_1_124' title='bbox 630 1618 790 1676; x_wconf 88' lang='lat' dir='ltr'><strong>atque</strong></span> <span class='ocrx_word' id='word_1_125' title='bbox 825 1602 966 1656; x_wconf 89' lang='lat' dir='ltr'><strong>oumi</strong></span> <span class='ocrx_word' id='word_1_126' title='bbox 1008 1600 1202 1667; x_wconf 77' lang='lat' dir='ltr'><strong>gaudio</strong></span> <span class='ocrx_word' id='word_1_127' title='bbox 1237 1597 1505 1662; x_wconf 81' lang='lat' dir='ltr'><strong>animique</strong></span> <span class='ocrx_word' id='word_1_128' title='bbox 1547 1597 1855 1659; x_wconf 81' lang='lat' dir='ltr'><strong>voluptate,</strong></span> <span class='ocrx_word' id='word_1_129' title='bbox 1885 1605 2042 1644; x_wconf 92' lang='lat' dir='ltr'><strong>omne</strong></span> <span class='ocrx_word' id='word_1_130' title='bbox 2070 1589 2193 1644; x_wconf 64' lang='lat' dir='ltr'><strong>vita:</strong></span> 
     </span>
    </p>
   </div>
   <div class='ocr_carea' id='block_1_18' title="bbox 635 1679 2196 1758">
    <p class='ocr_par' dir='ltr' id='par_1_18' title="bbox 635 1679 2196 1758">
     <span class='ocr_line' id='line_1_19' title="bbox 635 1679 2196 1758; baseline -0.01 -9"><span class='ocrx_word' id='word_1_131' title='bbox 635 1702 841 1758; x_wconf 82' lang='lat' dir='ltr'><strong>tempus</strong></span> <span class='ocrx_word' id='word_1_132' title='bbox 870 1690 1136 1744; x_wconf 77' lang='lat' dir='ltr'><strong>traducas.</strong></span> <span class='ocrx_word' id='word_1_133' title='bbox 1169 1690 1234 1740; x_wconf 72' lang='lat' dir='ltr'><strong>At</strong></span> <span class='ocrx_word' id='word_1_134' title='bbox 1263 1684 1415 1737; x_wconf 84' lang='lat' dir='ltr'><strong>velim</strong></span> <span class='ocrx_word' id='word_1_135' title='bbox 1446 1684 1657 1746; x_wconf 76' lang='lat' dir='ltr'><strong>Scias,o</strong></span> <span class='ocrx_word' id='word_1_136' title='bbox 1681 1682 1829 1745; x_wconf 86' lang='lat' dir='ltr'><strong>bere,</strong></span> <span class='ocrx_word' id='word_1_137' title='bbox 1862 1679 2031 1749; x_wconf 89' lang='lat' dir='ltr'><strong>inquit</strong></span> <span class='ocrx_word' id='word_1_138' title='bbox 2060 1680 2196 1734; x_wconf 82' lang='lat' dir='ltr'><strong>ﬁlius</strong></span> 
     </span>
    </p>
   </div>
   <div class='ocr_carea' id='block_1_19' title="bbox 638 1770 2194 1849">
    <p class='ocr_par' dir='ltr' id='par_1_19' title="bbox 638 1770 2194 1849">
     <span class='ocr_line' id='line_1_20' title="bbox 638 1770 2194 1849; baseline -0.008 -14"><span class='ocrx_word' id='word_1_139' title='bbox 638 1782 700 1835; x_wconf 82' lang='lat' dir='ltr'><strong>ad</strong></span> <span class='ocrx_word' id='word_1_140' title='bbox 726 1791 945 1849; x_wconf 86' lang='lat' dir='ltr'><strong>patrem,</strong></span> <span class='ocrx_word' id='word_1_141' title='bbox 980 1793 1065 1831; x_wconf 90' lang='lat' dir='ltr'><strong>me</strong></span> <span class='ocrx_word' id='word_1_142' title='bbox 1103 1777 1202 1829; x_wconf 88' lang='lat' dir='ltr'><strong>hoc</strong></span> <span class='ocrx_word' id='word_1_143' title='bbox 1232 1773 1388 1827; x_wconf 90' lang='lat' dir='ltr'><strong>modo</strong></span> <span class='ocrx_word' id='word_1_144' title='bbox 1410 1786 1520 1825; x_wconf 84' lang='lat' dir='ltr'><strong>non</strong></span> <span class='ocrx_word' id='word_1_145' title='bbox 1557 1772 1609 1824; x_wconf 88' lang='lat' dir='ltr'><strong>in</strong></span> <span class='ocrx_word' id='word_1_146' title='bbox 1639 1771 1828 1840; x_wconf 89' lang='lat' dir='ltr'><strong>gaudio</strong></span> <span class='ocrx_word' id='word_1_147' title='bbox 1849 1781 2005 1839; x_wconf 84' lang='lat' dir='ltr'><strong>atque</strong></span> <span class='ocrx_word' id='word_1_148' title='bbox 2032 1770 2194 1824; x_wconf 78' lang='lat' dir='ltr'><strong>animi</strong></span> 
     </span>
    </p>
   </div>
   <div class='ocr_carea' id='block_1_20' title="bbox 637 1859 2201 1935">
    <p class='ocr_par' dir='ltr' id='par_1_20' title="bbox 637 1859 2201 1935">
     <span class='ocr_line' id='line_1_21' title="bbox 637 1859 2201 1935; baseline -0.004 -12"><span class='ocrx_word' id='word_1_149' title='bbox 637 1872 931 1932; x_wconf 84' lang='lat' dir='ltr'><strong>voluptate,</strong></span> <span class='ocrx_word' id='word_1_150' title='bbox 960 1868 1054 1921; x_wconf 84' lang='lat' dir='ltr'><strong>sed</strong></span> <span class='ocrx_word' id='word_1_151' title='bbox 1104 1865 1275 1935; x_wconf 85' lang='lat' dir='ltr'><strong>potius</strong></span> <span class='ocrx_word' id='word_1_152' title='bbox 1321 1866 1373 1917; x_wconf 88' lang='lat' dir='ltr'><strong>in</strong></span> <span class='ocrx_word' id='word_1_153' title='bbox 1417 1862 1700 1916; x_wconf 83' lang='lat' dir='ltr'><strong>alﬂictione</strong></span> <span class='ocrx_word' id='word_1_154' title='bbox 1761 1868 1919 1927; x_wconf 87' lang='lat' dir='ltr'><strong>atque</strong></span> <span class='ocrx_word' id='word_1_155' title='bbox 2000 1859 2201 1930; x_wconf 77' lang='lat' dir='ltr'><strong>ingenti</strong></span> 
     </span>
    </p>
   </div>
   <div class='ocr_carea' id='block_1_21' title="bbox 637 1948 2203 2027">
    <p class='ocr_par' dir='ltr' id='par_1_21' title="bbox 637 1948 2203 2027">
     <span class='ocr_line' id='line_1_22' title="bbox 637 1948 2203 2027; baseline -0.004 -16"><span class='ocrx_word' id='word_1_156' title='bbox 637 1957 877 2027; x_wconf 76' lang='lat' dir='ltr'><strong>angustia</strong></span> <span class='ocrx_word' id='word_1_157' title='bbox 923 1955 1087 2009; x_wconf 85' lang='lat' dir='ltr'><strong>vitam</strong></span> <span class='ocrx_word' id='word_1_158' title='bbox 1132 1968 1319 2023; x_wconf 88' lang='lat' dir='ltr'><strong>agere;</strong></span> <span class='ocrx_word' id='word_1_159' title='bbox 1351 1954 1486 2005; x_wconf 87' lang='lat' dir='ltr'><strong>adeo</strong></span> <span class='ocrx_word' id='word_1_160' title='bbox 1517 1959 1574 2002; x_wconf 90' lang='lat' dir='ltr'><strong>ut</strong></span> <span class='ocrx_word' id='word_1_161' title='bbox 1602 1950 1712 2019; x_wconf 89' lang='lat' dir='ltr'><strong>ipse</strong></span> <span class='ocrx_word' id='word_1_162' title='bbox 1737 1962 1947 2018; x_wconf 90' lang='lat' dir='ltr'><strong>quoque</strong></span> <span class='ocrx_word' id='word_1_163' title='bbox 1970 1948 2118 2002; x_wconf 89' lang='lat' dir='ltr'><strong>cibus</strong></span> <span class='ocrx_word' id='word_1_164' title='bbox 2139 1964 2203 2004; x_wconf 91' lang='lat' dir='ltr'><strong>ac</strong></span> 
     </span>
    </p>
   </div>
   <div class='ocr_carea' id='block_1_22' title="bbox 642 2040 2204 2118">
    <p class='ocr_par' dir='ltr' id='par_1_22' title="bbox 642 2040 2204 2118">
     <span class='ocr_line' id='line_1_23' title="bbox 642 2040 2204 2118; baseline -0.005 -16"><span class='ocrx_word' id='word_1_165' title='bbox 642 2059 794 2118; x_wconf 83' lang='lat' dir='ltr'><strong>potus</strong></span> <span class='ocrx_word' id='word_1_166' title='bbox 829 2047 1039 2102; x_wconf 82' lang='lat' dir='ltr'><strong>lastidin</strong></span> <span class='ocrx_word' id='word_1_167' title='bbox 1084 2046 1209 2099; x_wconf 89' lang='lat' dir='ltr'><strong>mihi</strong></span> <span class='ocrx_word' id='word_1_168' title='bbox 1253 2053 1309 2099; x_wconf 89' lang='lat' dir='ltr'><strong>et</strong></span> <span class='ocrx_word' id='word_1_169' title='bbox 1351 2042 1626 2097; x_wconf 87' lang='lat' dir='ltr'><strong>acerbitati</strong></span> <span class='ocrx_word' id='word_1_170' title='bbox 1671 2042 1770 2107; x_wconf 87' lang='lat' dir='ltr'><strong>sit;</strong></span> <span class='ocrx_word' id='word_1_171' title='bbox 1817 2040 2013 2095; x_wconf 90' lang='lat' dir='ltr'><strong>etenim</strong></span> <span class='ocrx_word' id='word_1_172' title='bbox 2044 2041 2204 2109; x_wconf 87' lang='lat' dir='ltr'><strong>gestit</strong></span> 
     </span>
    </p>
   </div>
   <div class='ocr_carea' id='block_1_23' title="bbox 639 2133 2204 2202">
    <p class='ocr_par' dir='ltr' id='par_1_23' title="bbox 639 2133 2204 2202">
     <span class='ocr_line' id='line_1_24' title="bbox 639 2133 2204 2202; baseline -0.004 -10"><span class='ocrx_word' id='word_1_173' title='bbox 639 2138 847 2192; x_wconf 88' lang='lat' dir='ltr'><strong>animus</strong></span> <span class='ocrx_word' id='word_1_174' title='bbox 887 2152 947 2191; x_wconf 89' lang='lat' dir='ltr'><strong>ea</strong></span> <span class='ocrx_word' id='word_1_175' title='bbox 992 2151 1109 2202; x_wconf 65' lang='lat' dir='ltr'><strong>quae</strong></span> <span class='ocrx_word' id='word_1_176' title='bbox 1138 2146 1286 2189; x_wconf 83' lang='lat' dir='ltr'><strong>extra</strong></span> <span class='ocrx_word' id='word_1_177' title='bbox 1339 2135 1435 2187; x_wconf 90' lang='lat' dir='ltr'><strong>itas</strong></span> <span class='ocrx_word' id='word_1_178' title='bbox 1476 2134 1666 2202; x_wconf 81' lang='lat' dir='ltr'><strong>januas</strong></span> <span class='ocrx_word' id='word_1_179' title='bbox 1712 2141 1838 2186; x_wconf 88' lang='lat' dir='ltr'><strong>sunt</strong></span> <span class='ocrx_word' id='word_1_180' title='bbox 1881 2133 2204 2201; x_wconf 87' lang='lat' dir='ltr'><strong>perspicere.</strong></span> 
     </span>
    </p>
   </div>
   <div class='ocr_carea' id='block_1_24' title="bbox 641 2222 2205 2293">
    <p class='ocr_par' dir='ltr' id='par_1_24' title="bbox 641 2222 2205 2293">
     <span class='ocr_line' id='line_1_25' title="bbox 641 2222 2205 2293; baseline -0.003 -13"><span class='ocrx_word' id='word_1_181' title='bbox 641 2226 1000 2293; x_wconf 77' lang='lat' dir='ltr'><strong>Quamobrem</strong></span> <span class='ocrx_word' id='word_1_182' title='bbox 1021 2225 1065 2279; x_wconf 89' lang='lat' dir='ltr'><strong>si</strong></span> <span class='ocrx_word' id='word_1_183' title='bbox 1096 2241 1180 2281; x_wconf 92' lang='lat' dir='ltr'><strong>me</strong></span> <span class='ocrx_word' id='word_1_184' title='bbox 1208 2225 1327 2277; x_wconf 61' lang='lat' dir='ltr'><strong>lacte</strong></span> <span class='ocrx_word' id='word_1_185' title='bbox 1349 2238 1412 2277; x_wconf 83' lang='lat' dir='ltr'><strong>ac</strong></span> <span class='ocrx_word' id='word_1_186' title='bbox 1433 2222 1666 2293; x_wconf 88' lang='lat' dir='ltr'><strong>jucunde</strong></span> <span class='ocrx_word' id='word_1_187' title='bbox 1692 2225 1865 2277; x_wconf 84' lang='lat' dir='ltr'><strong>vivere</strong></span> <span class='ocrx_word' id='word_1_188' title='bbox 1888 2223 2059 2290; x_wconf 90' lang='lat' dir='ltr'><strong>cupis.</strong></span> <span class='ocrx_word' id='word_1_189' title='bbox 2077 2222 2205 2289; x_wconf 89' lang='lat' dir='ltr'><strong>jube</strong></span> 
     </span>
    </p>
   </div>
   <div class='ocr_carea' id='block_1_25' title="bbox 642 2312 2207 2381">
    <p class='ocr_par' dir='ltr' id='par_1_25' title="bbox 642 2312 2207 2381">
     <span class='ocr_line' id='line_1_26' title="bbox 642 2312 2207 2381; baseline -0.005 -10"><span class='ocrx_word' id='word_1_190' title='bbox 642 2332 730 2371; x_wconf 88' lang='lat' dir='ltr'><strong>me</strong></span> <span class='ocrx_word' id='word_1_191' title='bbox 756 2317 1014 2370; x_wconf 90' lang='lat' dir='ltr'><strong>arbitratu</strong></span> <span class='ocrx_word' id='word_1_192' title='bbox 1042 2328 1160 2368; x_wconf 91' lang='lat' dir='ltr'><strong>meo</strong></span> <span class='ocrx_word' id='word_1_193' title='bbox 1192 2313 1332 2367; x_wconf 80' lang='lat' dir='ltr'><strong>foras</strong></span> <span class='ocrx_word' id='word_1_194' title='bbox 1362 2312 1624 2381; x_wconf 84' lang='lat' dir='ltr'><strong>progredi,</strong></span> <span class='ocrx_word' id='word_1_195' title='bbox 1646 2321 1804 2380; x_wconf 90' lang='lat' dir='ltr'><strong>atque</strong></span> <span class='ocrx_word' id='word_1_196' title='bbox 1828 2325 2008 2365; x_wconf 90' lang='lat' dir='ltr'><strong>earum</strong></span> <span class='ocrx_word' id='word_1_197' title='bbox 2030 2325 2207 2364; x_wconf 88' lang='lat' dir='ltr'><strong>rerum</strong></span> 
     </span>
    </p>
   </div>
   <div class='ocr_carea' id='block_1_26' title="bbox 645 2402 2211 2477">
    <p class='ocr_par' dir='ltr' id='par_1_26' title="bbox 645 2402 2211 2477">
     <span class='ocr_line' id='line_1_27' title="bbox 645 2402 2211 2477; baseline -0.002 -19"><span class='ocrx_word' id='word_1_198' title='bbox 645 2422 866 2477; x_wconf 87' lang='lat' dir='ltr'><strong>quarum</strong></span> <span class='ocrx_word' id='word_1_199' title='bbox 899 2416 1210 2474; x_wconf 75' lang='lat' dir='ltr'><strong>prospectus</strong></span> <span class='ocrx_word' id='word_1_200' title='bbox 1239 2404 1366 2458; x_wconf 89' lang='lat' dir='ltr'><strong>mihi</strong></span> <span class='ocrx_word' id='word_1_201' title='bbox 1393 2413 1615 2473; x_wconf 81' lang='lat' dir='ltr'><strong>negatur</strong></span> <span class='ocrx_word' id='word_1_202' title='bbox 1644 2402 1949 2472; x_wconf 88' lang='lat' dir='ltr'><strong>spectaculo</strong></span> <span class='ocrx_word' id='word_1_203' title='bbox 1972 2402 2211 2456; x_wconf 91' lang='lat' dir='ltr'><strong>animum</strong></span> 
     </span>
    </p>
   </div>
   <div class='ocr_carea' id='block_1_27' title="bbox 647 2498 939 2553">
    <p class='ocr_par' dir='ltr' id='par_1_27' title="bbox 647 2498 939 2553">
     <span class='ocr_line' id='line_1_28' title="bbox 647 2498 939 2553; baseline -0.014 0"><span class='ocrx_word' id='word_1_204' title='bbox 647 2498 939 2553; x_wconf 89' lang='lat' dir='ltr'><strong>oblectare.</strong></span> 
     </span>
    </p>
   </div>
   <div class='ocr_carea' id='block_1_28' title="bbox 717 2578 2212 2653">
    <p class='ocr_par' dir='ltr' id='par_1_28' title="bbox 717 2578 2212 2653">
     <span class='ocr_line' id='line_1_29' title="bbox 717 2578 2212 2653; baseline -0.005 -9"><span class='ocrx_word' id='word_1_205' title='bbox 717 2590 842 2644; x_wconf 73' lang='lat' dir='ltr'><strong>Hmc</strong></span> <span class='ocrx_word' id='word_1_206' title='bbox 891 2598 949 2643; x_wconf 90' lang='lat' dir='ltr'><strong>ut</strong></span> <span class='ocrx_word' id='word_1_207' title='bbox 988 2604 1078 2642; x_wconf 89' lang='lat' dir='ltr'><strong>rex</strong></span> <span class='ocrx_word' id='word_1_208' title='bbox 1124 2585 1345 2653; x_wconf 84' lang='lat' dir='ltr'><strong>audivit,</strong></span> <span class='ocrx_word' id='word_1_209' title='bbox 1455 2582 1711 2639; x_wconf 74' lang='lat' dir='ltr'><strong>mmstitia</strong></span> <span class='ocrx_word' id='word_1_210' title='bbox 1783 2578 2010 2634; x_wconf 78' lang='lat' dir='ltr'><strong>aﬂ&#39;ectns</strong></span> <span class='ocrx_word' id='word_1_211' title='bbox 2101 2592 2212 2649; x_wconf 86' lang='lat' dir='ltr'><strong>est,</strong></span> 
     </span>
    </p>
   </div>
   <div class='ocr_carea' id='block_1_29' title="bbox 646 2674 2214 2748">
    <p class='ocr_par' dir='ltr' id='par_1_29' title="bbox 646 2674 2214 2748">
     <span class='ocr_line' id='line_1_30' title="bbox 646 2674 2214 2748; baseline -0.004 -16"><span class='ocrx_word' id='word_1_212' title='bbox 646 2678 882 2748; x_wconf 86' lang='lat' dir='ltr'><strong>illudque</strong></span> <span class='ocrx_word' id='word_1_213' title='bbox 902 2678 1161 2743; x_wconf 78' lang='lat' dir='ltr'><strong>cogitabat</strong></span> <span class='ocrx_word' id='word_1_214' title='bbox 1189 2675 1333 2738; x_wconf 81' lang='lat' dir='ltr'><strong>fore,</strong></span> <span class='ocrx_word' id='word_1_215' title='bbox 1362 2684 1419 2730; x_wconf 92' lang='lat' dir='ltr'><strong>ut</strong></span> <span class='ocrx_word' id='word_1_216' title='bbox 1446 2676 1489 2729; x_wconf 91' lang='lat' dir='ltr'><strong>si</strong></span> <span class='ocrx_word' id='word_1_217' title='bbox 1518 2675 1589 2729; x_wconf 87' lang='lat' dir='ltr'><strong>illi</strong></span> <span class='ocrx_word' id='word_1_218' title='bbox 1618 2674 1759 2744; x_wconf 86' lang='lat' dir='ltr'><strong>quod</strong></span> <span class='ocrx_word' id='word_1_219' title='bbox 1803 2675 2011 2742; x_wconf 88' lang='lat' dir='ltr'><strong>petebat</strong></span> <span class='ocrx_word' id='word_1_220' title='bbox 2053 2676 2214 2730; x_wconf 86' lang='lat' dir='ltr'><strong>deue-</strong></span> 
     </span>
    </p>
   </div>
   <div class='ocr_carea' id='block_1_30' title="bbox 647 2764 2215 2839">
    <p class='ocr_par' dir='ltr' id='par_1_30' title="bbox 647 2764 2215 2839">
     <span class='ocr_line' id='line_1_31' title="bbox 647 2764 2215 2839; baseline -0.002 -18"><span class='ocrx_word' id='word_1_221' title='bbox 647 2779 813 2835; x_wconf 84' lang='lat' dir='ltr'><strong>garet,</strong></span> <span class='ocrx_word' id='word_1_222' title='bbox 843 2768 1100 2839; x_wconf 87' lang='lat' dir='ltr'><strong>majorem</strong></span> <span class='ocrx_word' id='word_1_223' title='bbox 1130 2771 1175 2822; x_wconf 89' lang='lat' dir='ltr'><strong>ei</strong></span> <span class='ocrx_word' id='word_1_224' title='bbox 1206 2782 1488 2823; x_wconf 76' lang='lat' dir='ltr'><strong>mmrorem</strong></span> <span class='ocrx_word' id='word_1_225' title='bbox 1518 2781 1581 2821; x_wconf 91' lang='lat' dir='ltr'><strong>ac</strong></span> <span class='ocrx_word' id='word_1_226' title='bbox 1623 2766 2029 2821; x_wconf 89' lang='lat' dir='ltr'><strong>sollicitudinem</strong></span> <span class='ocrx_word' id='word_1_227' title='bbox 2060 2764 2215 2819; x_wconf 65' lang='lat' dir='ltr'><strong>alier-</strong></span> 
     </span>
    </p>
   </div>
   <div class='ocr_carea' id='block_1_31' title="bbox 650 2857 2208 2927">
    <p class='ocr_par' dir='ltr' id='par_1_31' title="bbox 650 2857 2208 2927">
     <span class='ocr_line' id='line_1_32' title="bbox 650 2857 2208 2927; baseline -0.002 -13"><span class='ocrx_word' id='word_1_228' title='bbox 650 2871 751 2914; x_wconf 89' lang='lat' dir='ltr'><strong>ret.</strong></span> <span class='ocrx_word' id='word_1_229' title='bbox 807 2861 1061 2926; x_wconf 77' lang='lat' dir='ltr'><strong>Quocirca</strong></span> <span class='ocrx_word' id='word_1_230' title='bbox 1114 2872 1174 2913; x_wconf 91' lang='lat' dir='ltr'><strong>se</strong></span> <span class='ocrx_word' id='word_1_231' title='bbox 1216 2873 1336 2927; x_wconf 67' lang='lat' dir='ltr'><strong>qua:</strong></span> <span class='ocrx_word' id='word_1_232' title='bbox 1386 2868 1534 2926; x_wconf 90' lang='lat' dir='ltr'><strong>grata</strong></span> <span class='ocrx_word' id='word_1_233' title='bbox 1576 2857 1672 2925; x_wconf 89' lang='lat' dir='ltr'><strong>ipsi</strong></span> <span class='ocrx_word' id='word_1_234' title='bbox 1723 2866 1903 2911; x_wconf 90' lang='lat' dir='ltr'><strong>essent</strong></span> <span class='ocrx_word' id='word_1_235' title='bbox 1948 2857 2208 2911; x_wconf 78' lang='lat' dir='ltr'><strong>facturum</strong></span> 
     </span>
    </p>
   </div>
   <div class='ocr_carea' id='block_1_32' title="bbox 650 2948 2214 3012">
    <p class='ocr_par' dir='ltr' id='par_1_32' title="bbox 650 2948 2214 3012">
     <span class='ocr_line' id='line_1_33' title="bbox 650 2948 2214 3012; baseline 0 -11"><span class='ocrx_word' id='word_1_236' title='bbox 650 2950 801 3003; x_wconf 87' lang='lat' dir='ltr'><strong>dixit.</strong></span> <span class='ocrx_word' id='word_1_237' title='bbox 832 2951 909 3002; x_wconf 83' lang='lat' dir='ltr'><strong>Ac</strong></span> <span class='ocrx_word' id='word_1_238' title='bbox 934 2950 1109 3002; x_wconf 86' lang='lat' dir='ltr'><strong>statim</strong></span> <span class='ocrx_word' id='word_1_239' title='bbox 1139 2949 1361 3003; x_wconf 83' lang='lat' dir='ltr'><strong>eximios</strong></span> <span class='ocrx_word' id='word_1_240' title='bbox 1388 2962 1551 3012; x_wconf 80' lang='lat' dir='ltr'><strong>equos</strong></span> <span class='ocrx_word' id='word_1_241' title='bbox 1580 2963 1641 3002; x_wconf 91' lang='lat' dir='ltr'><strong>ac</strong></span> <span class='ocrx_word' id='word_1_242' title='bbox 1679 2948 1961 3002; x_wconf 84' lang='lat' dir='ltr'><strong>satellitum</strong></span> <span class='ocrx_word' id='word_1_243' title='bbox 2005 2963 2214 3003; x_wconf 88' lang='lat' dir='ltr'><strong>manum</strong></span> 
     </span>
    </p>
   </div>
   <div class='ocr_carea' id='block_1_33' title="bbox 651 3039 2217 3111">
    <p class='ocr_par' dir='ltr' id='par_1_33' title="bbox 651 3039 2217 3111">
     <span class='ocr_line' id='line_1_34' title="bbox 651 3039 2217 3111; baseline 0 -16"><span class='ocrx_word' id='word_1_244' title='bbox 651 3043 813 3111; x_wconf 70' lang='lat' dir='ltr'><strong>regia:</strong></span> <span class='ocrx_word' id='word_1_245' title='bbox 832 3041 1067 3110; x_wconf 83' lang='lat' dir='ltr'><strong>dignitati</strong></span> <span class='ocrx_word' id='word_1_246' title='bbox 1088 3049 1458 3108; x_wconf 82' lang='lat' dir='ltr'><strong>congruentem</strong></span> <span class='ocrx_word' id='word_1_247' title='bbox 1486 3039 1658 3109; x_wconf 91' lang='lat' dir='ltr'><strong>parari</strong></span> <span class='ocrx_word' id='word_1_248' title='bbox 1675 3040 1853 3109; x_wconf 86' lang='lat' dir='ltr'><strong>jussit,</strong></span> <span class='ocrx_word' id='word_1_249' title='bbox 1879 3040 2031 3109; x_wconf 84' lang='lat' dir='ltr'><strong>eique</strong></span> <span class='ocrx_word' id='word_1_250' title='bbox 2056 3050 2217 3105; x_wconf 79' lang='lat' dir='ltr'><strong>Ioras,</strong></span> 
     </span>
    </p>
   </div>
   <div class='ocr_carea' id='block_1_34' title="bbox 654 3128 2220 3199">
    <p class='ocr_par' dir='ltr' id='par_1_34' title="bbox 654 3128 2220 3199">
     <span class='ocr_line' id='line_1_35' title="bbox 654 3128 2220 3199; baseline -0.001 -15"><span class='ocrx_word' id='word_1_251' title='bbox 654 3133 863 3199; x_wconf 87' lang='lat' dir='ltr'><strong>quoties</strong></span> <span class='ocrx_word' id='word_1_252' title='bbox 889 3130 1063 3195; x_wconf 87' lang='lat' dir='ltr'><strong>vellet,</strong></span> <span class='ocrx_word' id='word_1_253' title='bbox 1100 3130 1465 3199; x_wconf 77' lang='lat' dir='ltr'><strong>progrediendi</strong></span> <span class='ocrx_word' id='word_1_254' title='bbox 1512 3137 1823 3199; x_wconf 84' lang='lat' dir='ltr'><strong>potestatein</strong></span> <span class='ocrx_word' id='word_1_255' title='bbox 1854 3128 1994 3183; x_wconf 84' lang='lat' dir='ltr'><strong>fecit.</strong></span> <span class='ocrx_word' id='word_1_256' title='bbox 2026 3129 2095 3183; x_wconf 89' lang='lat' dir='ltr'><strong>iis</strong></span> <span class='ocrx_word' id='word_1_257' title='bbox 2125 3145 2220 3184; x_wconf 85' lang='lat' dir='ltr'><strong>au—</strong></span> 
     </span>
    </p>
   </div>
   <div class='ocr_carea' id='block_1_35' title="bbox 2282 562 3805 646">
    <p class='ocr_par' dir='ltr' id='par_1_35' title="bbox 2282 562 3805 646">
     <span class='ocr_line' id='line_1_36' title="bbox 2282 562 3805 646; baseline -0.016 -6"><span class='ocrx_word' id='word_1_258' title='bbox 2282 599 2522 646; x_wconf 86' lang='grc' dir='ltr'>παυστος</span> <span class='ocrx_word' id='word_1_259' title='bbox 2551 576 2830 635; x_wconf 80' lang='grc' dir='ltr'>κατεσθίει</span> <span class='ocrx_word' id='word_1_260' title='bbox 2868 590 2967 645; x_wconf 92' lang='grc' dir='ltr'><strong>μου</strong></span> <span class='ocrx_word' id='word_1_261' title='bbox 2996 570 3096 641; x_wconf 84' lang='grc' dir='ltr'><strong>τὴν</strong></span> <span class='ocrx_word' id='word_1_262' title='bbox 3140 566 3343 635; x_wconf 84' lang='grc' dir='ltr'>ψυχήν.</span> <span class='ocrx_word' id='word_1_263' title='bbox 3379 563 3436 616; x_wconf 90' lang='lat'><strong>&#39;0</strong></span> <span class='ocrx_word' id='word_1_264' title='bbox 3460 562 3515 615; x_wconf 76' lang='grc' dir='ltr'>δὲ</span> <span class='ocrx_word' id='word_1_265' title='bbox 3539 562 3731 633; x_wconf 81' lang='grc' dir='ltr'>πατὴρ,</span> <span class='ocrx_word' id='word_1_266' title='bbox 3759 565 3805 628; x_wconf 66' lang='grc' dir='ltr'><strong>ἐξ</strong></span> 
     </span>
    </p>
   </div>
   <div class='ocr_carea' id='block_1_36' title="bbox 2283 653 3805 743">
    <p class='ocr_par' dir='ltr' id='par_1_36' title="bbox 2283 653 3805 743">
     <span class='ocr_line' id='line_1_37' title="bbox 2283 653 3805 743; baseline -0.02 -11"><span class='ocrx_word' id='word_1_267' title='bbox 2283 677 2464 733; x_wconf 82' lang='grc' dir='ltr'>αὐτῶν</span> <span class='ocrx_word' id='word_1_268' title='bbox 2511 673 2621 727; x_wconf 86' lang='grc' dir='ltr'><strong>τῶν</strong></span> <span class='ocrx_word' id='word_1_269' title='bbox 2663 668 2928 743; x_wconf 80' lang='grc' dir='ltr'><strong>ῥημάτων</strong></span> <span class='ocrx_word' id='word_1_270' title='bbox 2980 661 3225 731; x_wconf 79' lang='grc' dir='ltr'><strong>ἀλγήσας</strong></span> <span class='ocrx_word' id='word_1_271' title='bbox 3267 655 3339 709; x_wconf 88' lang='grc' dir='ltr'><strong>τά</strong></span> <span class='ocrx_word' id='word_1_272' title='bbox 3370 653 3667 722; x_wconf 82' lang='grc' dir='ltr'>σπλάγχνα,</span> <span class='ocrx_word' id='word_1_273' title='bbox 3694 653 3805 721; x_wconf 69' lang='grc' dir='ltr'><strong>ἔφη·</strong></span> 
     </span>
    </p>
   </div>
   <div class='ocr_carea' id='block_1_37' title="bbox 2284 745 3809 839">
    <p class='ocr_par' dir='ltr' id='par_1_37' title="bbox 2284 745 3809 839">
     <span class='ocr_line' id='line_1_38' title="bbox 2284 745 3809 839; baseline -0.018 -13"><span class='ocrx_word' id='word_1_274' title='bbox 2284 772 2425 839; x_wconf 82' lang='grc' dir='ltr'><strong>Λέγε</strong></span> <span class='ocrx_word' id='word_1_275' title='bbox 2456 785 2545 839; x_wconf 89' lang='grc' dir='ltr'><strong>μοι</strong></span> <span class='ocrx_word' id='word_1_276' title='bbox 2572 808 2587 831; x_wconf 89' lang='grc'><strong>,</strong></span> <span class='ocrx_word' id='word_1_277' title='bbox 2617 765 2807 818; x_wconf 89' lang='grc' dir='ltr'>τέκνον</span> <span class='ocrx_word' id='word_1_278' title='bbox 2851 754 3254 814; x_wconf 80' lang='grc' dir='ltr'><strong>ποθεινότατον,</strong></span> <span class='ocrx_word' id='word_1_279' title='bbox 3281 748 3365 810; x_wconf 81' lang='grc' dir='ltr'><strong>τίς</strong></span> <span class='ocrx_word' id='word_1_280' title='bbox 3396 748 3429 816; x_wconf 86' lang='grc' dir='ltr'><strong>ή</strong></span> <span class='ocrx_word' id='word_1_281' title='bbox 3471 745 3739 839; x_wconf 80' lang='grc' dir='ltr'>συνέχουσά</span> <span class='ocrx_word' id='word_1_282' title='bbox 3762 763 3809 798; x_wconf 66' lang='grc' dir='ltr'><strong>σε</strong></span> 
     </span>
    </p>
   </div>
   <div class='ocr_carea' id='block_1_38' title="bbox 2285 834 3812 932">
    <p class='ocr_par' dir='ltr' id='par_1_38' title="bbox 2285 834 3812 932">
     <span class='ocr_line' id='line_1_39' title="bbox 2285 834 3812 932; baseline -0.024 -15"><span class='ocrx_word' id='word_1_283' title='bbox 2285 834 2574 932; x_wconf 45' lang='grc' dir='ltr'>λύπηξκαὶ</span> <span class='ocrx_word' id='word_1_284' title='bbox 2600 855 2793 909; x_wconf 79' lang='grc' dir='ltr'>θᾶττον</span> <span class='ocrx_word' id='word_1_285' title='bbox 2820 848 2991 920; x_wconf 77' lang='grc' dir='ltr'>αὐτὴν</span> <span class='ocrx_word' id='word_1_286' title='bbox 3021 847 3101 908; x_wconf 85' lang='grc' dir='ltr'><strong>είς</strong></span> <span class='ocrx_word' id='word_1_287' title='bbox 3131 841 3311 913; x_wconf 79' lang='grc' dir='ltr'>χαρὰν</span> <span class='ocrx_word' id='word_1_288' title='bbox 3340 834 3656 932; x_wconf 71' lang='grc' dir='ltr'>μεταμεῖψαι</span> <span class='ocrx_word' id='word_1_289' title='bbox 3684 852 3812 932; x_wconf 56' lang='grc' dir='ltr'>σπου.</span> 
     </span>
    </p>
   </div>
   <div class='ocr_carea' id='block_1_39' title="bbox 2287 928 3814 1019">
    <p class='ocr_par' dir='ltr' id='par_1_39' title="bbox 2287 928 3814 1019">
     <span class='ocr_line' id='line_1_40' title="bbox 2287 928 3814 1019; baseline -0.022 -8"><span class='ocrx_word' id='word_1_290' title='bbox 2287 928 2458 1011; x_wconf 73' lang='grc' dir='ltr'>δάσω.</span> <span class='ocrx_word' id='word_1_291' title='bbox 2503 951 2615 1007; x_wconf 79' lang='grc' dir='ltr'>Καί</span> <span class='ocrx_word' id='word_1_292' title='bbox 2656 964 2826 1019; x_wconf 80' lang='grc' dir='ltr'>φησιν</span> <span class='ocrx_word' id='word_1_293' title='bbox 2870 946 2898 998; x_wconf 99' lang='lat'><strong>6</strong></span> <span class='ocrx_word' id='word_1_294' title='bbox 2940 943 3094 1003; x_wconf 74' lang='grc' dir='ltr'>παῖςο</span> <span class='ocrx_word' id='word_1_295' title='bbox 3137 938 3233 999; x_wconf 87' lang='grc' dir='ltr'><strong>Τίς</strong></span> <span class='ocrx_word' id='word_1_296' title='bbox 3275 933 3306 987; x_wconf 86' lang='lat'><strong>6</strong></span> <span class='ocrx_word' id='word_1_297' title='bbox 3352 930 3545 1001; x_wconf 72' lang='grc' dir='ltr'>τρόπος</span> <span class='ocrx_word' id='word_1_298' title='bbox 3575 928 3664 999; x_wconf 81' lang='grc' dir='ltr'>τῆς</span> <span class='ocrx_word' id='word_1_299' title='bbox 3702 930 3814 999; x_wconf 73' lang='grc' dir='ltr'>ἐμῆς</span> 
     </span>
    </p>
   </div>
   <div class='ocr_carea' id='block_1_40' title="bbox 2290 1020 3816 1112">
    <p class='ocr_par' dir='ltr' id='par_1_40' title="bbox 2290 1020 3816 1112">
     <span class='ocr_line' id='line_1_41' title="bbox 2290 1020 3816 1112; baseline -0.024 -7"><span class='ocrx_word' id='word_1_300' title='bbox 2290 1048 2478 1106; x_wconf 81' lang='grc' dir='ltr'>ὲνθάδε</span> <span class='ocrx_word' id='word_1_301' title='bbox 2524 1040 2892 1112; x_wconf 83' lang='grc' dir='ltr'>καθείρξεως,</span> <span class='ocrx_word' id='word_1_302' title='bbox 2938 1036 3021 1087; x_wconf 81' lang='grc' dir='ltr'>ὅτι</span> <span class='ocrx_word' id='word_1_303' title='bbox 3065 1030 3214 1093; x_wconf 70' lang='grc' dir='ltr'>ἐντὸς</span> <span class='ocrx_word' id='word_1_304' title='bbox 3264 1025 3493 1095; x_wconf 77' lang='grc' dir='ltr'><strong>τειχέων</strong></span> <span class='ocrx_word' id='word_1_305' title='bbox 3535 1021 3622 1074; x_wconf 69' lang='grc' dir='ltr'>καὶ</span> <span class='ocrx_word' id='word_1_306' title='bbox 3666 1020 3816 1072; x_wconf 83' lang='grc' dir='ltr'>πυλῶν</span> 
     </span>
    </p>
   </div>
   <div class='ocr_carea' id='block_1_41' title="bbox 2293 1112 3816 1204">
    <p class='ocr_par' dir='ltr' id='par_1_41' title="bbox 2293 1112 3816 1204">
     <span class='ocr_line' id='line_1_42' title="bbox 2293 1112 3816 1204; baseline -0.023 -8"><span class='ocrx_word' id='word_1_307' title='bbox 2293 1137 2643 1199; x_wconf 85' lang='grc' dir='ltr'>συνέκλεισὰς</span> <span class='ocrx_word' id='word_1_308' title='bbox 2692 1151 2757 1204; x_wconf 89' lang='grc' dir='ltr'><strong>με</strong></span> <span class='ocrx_word' id='word_1_309' title='bbox 2781 1174 2795 1196; x_wconf 92' lang='grc'><strong>,</strong></span> <span class='ocrx_word' id='word_1_310' title='bbox 2822 1130 3083 1200; x_wconf 85' lang='grc' dir='ltr'>ἁπρόῖτον</span> <span class='ocrx_word' id='word_1_311' title='bbox 3119 1123 3300 1189; x_wconf 81' lang='grc' dir='ltr'>πάντη</span> <span class='ocrx_word' id='word_1_312' title='bbox 3340 1117 3435 1169; x_wconf 77' lang='grc' dir='ltr'><strong>καὶ</strong></span> <span class='ocrx_word' id='word_1_313' title='bbox 3473 1112 3683 1168; x_wconf 78' lang='grc' dir='ltr'><strong>ἀθέατον</strong></span> <span class='ocrx_word' id='word_1_314' title='bbox 3709 1112 3816 1204; x_wconf 58' lang='grc' dir='ltr'>πᾶσι</span> 
     </span>
    </p>
   </div>
   <div class='ocr_carea' id='block_1_42' title="bbox 2295 1197 3817 1307">
    <p class='ocr_par' dir='ltr' id='par_1_42' title="bbox 2295 1197 3817 1307">
     <span class='ocr_line' id='line_1_43' title="bbox 2295 1197 3817 1307; baseline -0.024 -17"><span class='ocrx_word' id='word_1_315' title='bbox 2295 1254 2363 1307; x_wconf 88' lang='grc' dir='ltr'><strong>με</strong></span> <span class='ocrx_word' id='word_1_316' title='bbox 2388 1197 2777 1299; x_wconf 71' lang='grc' dir='ltr'>καταστήσαςς</span> <span class='ocrx_word' id='word_1_317' title='bbox 2810 1197 2919 1277; x_wconf 58' lang='grc' dir='ltr'>Καί</span> <span class='ocrx_word' id='word_1_318' title='bbox 2950 1223 2978 1274; x_wconf 91' lang='lat'><strong>6</strong></span> <span class='ocrx_word' id='word_1_319' title='bbox 3006 1218 3187 1287; x_wconf 82' lang='grc' dir='ltr'>πατὴρ</span> <span class='ocrx_word' id='word_1_320' title='bbox 3218 1214 3354 1283; x_wconf 74' lang='grc' dir='ltr'><strong>ἔφη’</strong></span> <span class='ocrx_word' id='word_1_321' title='bbox 3389 1210 3462 1307; x_wconf 71' lang='grc' dir='ltr'>Ού</span> <span class='ocrx_word' id='word_1_322' title='bbox 3492 1206 3749 1307; x_wconf 63' lang='grc' dir='ltr'>βούλομαι,</span> <span class='ocrx_word' id='word_1_323' title='bbox 3780 1197 3817 1256; x_wconf 79' lang='grc' dir='ltr'><strong>ὧ</strong></span> 
     </span>
    </p>
   </div>
   <div class='ocr_carea' id='block_1_43' title="bbox 2292 1295 3817 1388">
    <p class='ocr_par' dir='ltr' id='par_1_43' title="bbox 2292 1295 3817 1388">
     <span class='ocr_line' id='line_1_44' title="bbox 2292 1295 3817 1388; baseline -0.024 -6"><span class='ocrx_word' id='word_1_324' title='bbox 2292 1295 2505 1388; x_wconf 66' lang='grc' dir='ltr'>τέκνον,</span> <span class='ocrx_word' id='word_1_325' title='bbox 2546 1322 2671 1374; x_wconf 81' lang='grc' dir='ltr'>ἰδεῖν</span> <span class='ocrx_word' id='word_1_326' title='bbox 2704 1318 2764 1370; x_wconf 80' lang='grc' dir='ltr'><strong>σέ</strong></span> <span class='ocrx_word' id='word_1_327' title='bbox 2793 1332 2847 1368; x_wconf 89' lang='grc' dir='ltr'><strong>τι</strong></span> <span class='ocrx_word' id='word_1_328' title='bbox 2883 1313 2992 1366; x_wconf 79' lang='grc' dir='ltr'>τῶν</span> <span class='ocrx_word' id='word_1_329' title='bbox 3025 1306 3363 1379; x_wconf 75' lang='grc' dir='ltr'>ἁηδιςόντων</span> <span class='ocrx_word' id='word_1_330' title='bbox 3392 1299 3491 1371; x_wconf 85' lang='grc' dir='ltr'><strong>τὴν</strong></span> <span class='ocrx_word' id='word_1_331' title='bbox 3519 1295 3719 1367; x_wconf 80' lang='grc' dir='ltr'><strong>καρδίαν</strong></span> <span class='ocrx_word' id='word_1_332' title='bbox 3744 1312 3817 1347; x_wconf 78' lang='grc' dir='ltr'><strong>σου</strong></span> 
     </span>
    </p>
   </div>
   <div class='ocr_carea' id='block_1_44' title="bbox 2294 1389 3819 1485">
    <p class='ocr_par' dir='ltr' id='par_1_44' title="bbox 2294 1389 3819 1485">
     <span class='ocr_line' id='line_1_45' title="bbox 2294 1389 3819 1485; baseline -0.021 -12"><span class='ocrx_word' id='word_1_333' title='bbox 2294 1420 2390 1474; x_wconf 72' lang='grc' dir='ltr'><strong>καὶ</strong></span> <span class='ocrx_word' id='word_1_334' title='bbox 2431 1412 2809 1485; x_wconf 77' lang='grc' dir='ltr'>ὲγκοπτόντων</span> <span class='ocrx_word' id='word_1_335' title='bbox 2857 1423 2940 1459; x_wconf 88' lang='grc' dir='ltr'><strong>σοι</strong></span> <span class='ocrx_word' id='word_1_336' title='bbox 2978 1402 3079 1471; x_wconf 78' lang='grc' dir='ltr'><strong>τήν</strong></span> <span class='ocrx_word' id='word_1_337' title='bbox 3123 1389 3819 1485; x_wconf 20' lang='grc' dir='ltr'>εύφροσύνηνκμἚνῌτρυφῇ</span> 
     </span>
    </p>
   </div>
   <div class='ocr_carea' id='block_1_45' title="bbox 2296 1480 3821 1584">
    <p class='ocr_par' dir='ltr' id='par_1_45' title="bbox 2296 1480 3821 1584">
     <span class='ocr_line' id='line_1_46' title="bbox 2296 1480 3821 1584; baseline -0.023 -18"><span class='ocrx_word' id='word_1_338' title='bbox 2296 1512 2408 1584; x_wconf 83' lang='grc' dir='ltr'>γὰρ</span> <span class='ocrx_word' id='word_1_339' title='bbox 2441 1480 2681 1579; x_wconf 78' lang='grc' dir='ltr'>διηνεκεῖ</span> <span class='ocrx_word' id='word_1_340' title='bbox 2718 1501 2813 1555; x_wconf 76' lang='grc' dir='ltr'><strong>καὶ</strong></span> <span class='ocrx_word' id='word_1_341' title='bbox 2860 1497 3002 1569; x_wconf 83' lang='grc' dir='ltr'>χαρᾷ</span> <span class='ocrx_word' id='word_1_342' title='bbox 3030 1492 3184 1564; x_wconf 59' lang='lat' dir='ltr'><strong>nam</strong></span> <span class='ocrx_word' id='word_1_343' title='bbox 3216 1481 3578 1584; x_wconf 35' lang='lat' dir='ltr'><strong>xuii-lupi“?</strong></span> <span class='ocrx_word' id='word_1_344' title='bbox 3598 1480 3821 1584; x_wconf 55' lang='grc' dir='ltr'>ςῆσαίσε</span> 
     </span>
    </p>
   </div>
   <div class='ocr_carea' id='block_1_46' title="bbox 2297 1566 3825 1662">
    <p class='ocr_par' dir='ltr' id='par_1_46' title="bbox 2297 1566 3825 1662">
     <span class='ocr_line' id='line_1_47' title="bbox 2297 1566 3825 1662; baseline -0.027 -1"><span class='ocrx_word' id='word_1_345' title='bbox 2297 1566 2389 1660; x_wconf 67' lang='grc' dir='ltr'><strong>τὸν</strong></span> <span class='ocrx_word' id='word_1_346' title='bbox 2422 1566 2639 1658; x_wconf 71' lang='grc' dir='ltr'>ἅπαντα</span> <span class='ocrx_word' id='word_1_347' title='bbox 2680 1566 3000 1662; x_wconf 67' lang='grc' dir='ltr'>διανοούμαι</span> <span class='ocrx_word' id='word_1_348' title='bbox 3032 1587 3227 1640; x_wconf 82' lang='grc' dir='ltr'>αἰῶνα.</span> <span class='ocrx_word' id='word_1_349' title='bbox 3291 1578 3433 1632; x_wconf 79' lang='grc' dir='ltr'>Ἀλλ’</span> <span class='ocrx_word' id='word_1_350' title='bbox 3459 1571 3515 1629; x_wconf 81' lang='grc' dir='ltr'><strong>εὖ</strong></span> <span class='ocrx_word' id='word_1_351' title='bbox 3545 1574 3675 1635; x_wconf 84' lang='grc' dir='ltr'>ῐσθι,</span> <span class='ocrx_word' id='word_1_352' title='bbox 3698 1566 3825 1627; x_wconf 79' lang='grc' dir='ltr'><strong>ὧδέ-</strong></span> 
     </span>
    </p>
   </div>
   <div class='ocr_carea' id='block_1_47' title="bbox 2302 1663 3825 1762">
    <p class='ocr_par' dir='ltr' id='par_1_47' title="bbox 2302 1663 3825 1762">
     <span class='ocr_line' id='line_1_48' title="bbox 2302 1663 3825 1762; baseline -0.025 -10"><span class='ocrx_word' id='word_1_353' title='bbox 2302 1713 2496 1760; x_wconf 88' lang='grc' dir='ltr'>σποτα,</span> <span class='ocrx_word' id='word_1_354' title='bbox 2523 1691 2687 1762; x_wconf 66' lang='grc' dir='ltr'>φησιν</span> <span class='ocrx_word' id='word_1_355' title='bbox 2720 1690 2747 1741; x_wconf 92' lang='lat'><strong>6</strong></span> <span class='ocrx_word' id='word_1_356' title='bbox 2775 1686 2887 1747; x_wconf 77' lang='grc' dir='ltr'>υἱὸς</span> <span class='ocrx_word' id='word_1_357' title='bbox 2929 1681 3009 1752; x_wconf 82' lang='grc' dir='ltr'>τῷ</span> <span class='ocrx_word' id='word_1_358' title='bbox 3036 1676 3227 1748; x_wconf 77' lang='grc' dir='ltr'>πατρὶ,</span> <span class='ocrx_word' id='word_1_359' title='bbox 3261 1671 3342 1743; x_wconf 82' lang='grc' dir='ltr'>τῷ</span> <span class='ocrx_word' id='word_1_360' title='bbox 3373 1664 3728 1762; x_wconf 80' lang='grc' dir='ltr'>τρόπῳ</span> <span class='ocrx_word' id='word_1_361' title='bbox 3746 1663 3825 1762; x_wconf 72' lang='grc' dir='ltr'><strong>οὐκ</strong></span> 
     </span>
    </p>
   </div>
   <div class='ocr_carea' id='block_1_48' title="bbox 2304 1756 3828 1859">
    <p class='ocr_par' dir='ltr' id='par_1_48' title="bbox 2304 1756 3828 1859">
     <span class='ocr_line' id='line_1_49' title="bbox 2304 1756 3828 1859; baseline -0.025 -14"><span class='ocrx_word' id='word_1_362' title='bbox 2304 1793 2363 1844; x_wconf 82' lang='grc' dir='ltr'>ὲν</span> <span class='ocrx_word' id='word_1_363' title='bbox 2408 1756 2553 1859; x_wconf 68' lang='grc' dir='ltr'>χιιρᾷ</span> <span class='ocrx_word' id='word_1_364' title='bbox 2588 1756 2692 1837; x_wconf 76' lang='grc' dir='ltr'>’και</span> <span class='ocrx_word' id='word_1_365' title='bbox 2721 1776 2963 1848; x_wconf 77' lang='grc' dir='ltr'>θυμηδίᾳ.</span> <span class='ocrx_word' id='word_1_366' title='bbox 2989 1772 3093 1851; x_wconf 73' lang='grc' dir='ltr'><strong>ζῶ,</strong></span> <span class='ocrx_word' id='word_1_367' title='bbox 3143 1771 3201 1823; x_wconf 83' lang='grc' dir='ltr'>ὲν</span> <span class='ocrx_word' id='word_1_368' title='bbox 3242 1764 3422 1859; x_wconf 78' lang='grc' dir='ltr'>θλίψει</span> <span class='ocrx_word' id='word_1_369' title='bbox 3459 1761 3516 1859; x_wconf 43' lang='grc' dir='ltr'>δὲ</span> <span class='ocrx_word' id='word_1_370' title='bbox 3548 1758 3722 1859; x_wconf 74' lang='grc' dir='ltr'>μᾶλλον</span> <span class='ocrx_word' id='word_1_371' title='bbox 3752 1756 3828 1859; x_wconf 64' lang='grc' dir='ltr'>και</span> 
     </span>
    </p>
   </div>
   <div class='ocr_carea' id='block_1_49' title="bbox 2306 1846 3828 1947">
    <p class='ocr_par' dir='ltr' id='par_1_49' title="bbox 2306 1846 3828 1947">
     <span class='ocr_line' id='line_1_50' title="bbox 2306 1846 3828 1947; baseline -0.024 -14"><span class='ocrx_word' id='word_1_372' title='bbox 2306 1846 2641 1947; x_wconf 62' lang='grc' dir='ltr'>στενογξωρίᾳ</span> <span class='ocrx_word' id='word_1_373' title='bbox 2668 1871 2837 1939; x_wconf 82' lang='grc' dir='ltr'>πολλῇ</span> <span class='ocrx_word' id='word_1_374' title='bbox 2860 1909 2874 1933; x_wconf 88' lang='grc'><strong>,</strong></span> <span class='ocrx_word' id='word_1_375' title='bbox 2909 1867 2985 1928; x_wconf 84' lang='grc' dir='ltr'>ὡς</span> <span class='ocrx_word' id='word_1_376' title='bbox 3014 1863 3110 1917; x_wconf 79' lang='grc' dir='ltr'>καὶ</span> <span class='ocrx_word' id='word_1_377' title='bbox 3144 1857 3317 1926; x_wconf 82' lang='grc' dir='ltr'>αὐτὴν</span> <span class='ocrx_word' id='word_1_378' title='bbox 3349 1854 3451 1922; x_wconf 75' lang='grc' dir='ltr'>τὴν</span> <span class='ocrx_word' id='word_1_379' title='bbox 3480 1849 3666 1921; x_wconf 82' lang='grc' dir='ltr'>βρῶσίν</span> <span class='ocrx_word' id='word_1_380' title='bbox 3687 1864 3741 1947; x_wconf 58' lang='grc' dir='ltr'><strong>τε</strong></span> 
     </span>
    </p>
   </div>
   <div class='ocr_carea' id='block_1_50' title="bbox 2306 1937 3831 2039">
    <p class='ocr_par' dir='ltr' id='par_1_50' title="bbox 2306 1937 3831 2039">
     <span class='ocr_line' id='line_1_51' title="bbox 2306 1937 3831 2039; baseline -0.025 -13"><span class='ocrx_word' id='word_1_381' title='bbox 2306 1937 2627 2039; x_wconf 28' lang='grc' dir='ltr'>πόσιννάήδῆι</span> <span class='ocrx_word' id='word_1_382' title='bbox 2650 1982 2737 2036; x_wconf 90' lang='grc' dir='ltr'><strong>μοι</strong></span> <span class='ocrx_word' id='word_1_383' title='bbox 2763 1937 3195 2027; x_wconf 70' lang='grc' dir='ltr'>καταφαίνεσθαι</span> <span class='ocrx_word' id='word_1_384' title='bbox 3217 1948 3332 2022; x_wconf 83' lang='lat'><strong>(76)</strong></span> <span class='ocrx_word' id='word_1_385' title='bbox 3357 1947 3453 2000; x_wconf 65' lang='grc' dir='ltr'>καὶ</span> <span class='ocrx_word' id='word_1_386' title='bbox 3481 1937 3831 2039; x_wconf 34' lang='lat' dir='ltr'><strong>cupiti-106.6:</strong></span> 
     </span>
    </p>
   </div>
   <div class='ocr_carea' id='block_1_51' title="bbox 2306 2024 3831 2134">
    <p class='ocr_par' dir='ltr' id='par_1_51' title="bbox 2306 2024 3831 2134">
     <span class='ocr_line' id='line_1_52' title="bbox 2306 2024 3831 2134; baseline -0.025 -16"><span class='ocrx_word' id='word_1_387' title='bbox 2306 2024 2416 2134; x_wconf 72' lang='grc' dir='ltr'><strong>γάρ</strong></span> <span class='ocrx_word' id='word_1_388' title='bbox 2438 2024 2571 2132; x_wconf 70' lang='grc' dir='ltr'><strong>ὁρᾷν</strong></span> <span class='ocrx_word' id='word_1_389' title='bbox 2601 2024 2782 2110; x_wconf 65' lang='grc' dir='ltr'>παντα</span> <span class='ocrx_word' id='word_1_390' title='bbox 2818 2050 2886 2105; x_wconf 79' lang='grc' dir='ltr'><strong>τὰ</strong></span> <span class='ocrx_word' id='word_1_391' title='bbox 2917 2024 3023 2112; x_wconf 79' lang='grc' dir='ltr'><strong>έξω</strong></span> <span class='ocrx_word' id='word_1_392' title='bbox 3063 2045 3173 2098; x_wconf 82' lang='grc' dir='ltr'><strong>τῶν</strong></span> <span class='ocrx_word' id='word_1_393' title='bbox 3202 2039 3392 2134; x_wconf 78' lang='grc' dir='ltr'>πυλῶν</span> <span class='ocrx_word' id='word_1_394' title='bbox 3437 2035 3649 2134; x_wconf 65' lang='grc' dir='ltr'>τούτωνῖ</span> <span class='ocrx_word' id='word_1_395' title='bbox 3678 2031 3731 2083; x_wconf 84' lang='grc' dir='ltr'><strong>Εἰ</strong></span> <span class='ocrx_word' id='word_1_396' title='bbox 3758 2024 3831 2134; x_wconf 62' lang='grc' dir='ltr'><strong>οὖν</strong></span> 
     </span>
    </p>
   </div>
   <div class='ocr_carea' id='block_1_52' title="bbox 2310 2118 3832 2226">
    <p class='ocr_par' dir='ltr' id='par_1_52' title="bbox 2310 2118 3832 2226">
     <span class='ocr_line' id='line_1_53' title="bbox 2310 2118 3832 2226; baseline -0.025 -18"><span class='ocrx_word' id='word_1_397' title='bbox 2310 2118 2488 2226; x_wconf 63' lang='grc' dir='ltr'>θούλεί</span> <span class='ocrx_word' id='word_1_398' title='bbox 2517 2118 2592 2202; x_wconf 45' lang='grc' dir='ltr'><strong>’ὲν</strong></span> <span class='ocrx_word' id='word_1_399' title='bbox 2635 2146 2798 2218; x_wconf 78' lang='grc' dir='ltr'>ὀδύνῃ</span> <span class='ocrx_word' id='word_1_400' title='bbox 2837 2142 2913 2213; x_wconf 86' lang='grc' dir='ltr'>μὴ</span> <span class='ocrx_word' id='word_1_401' title='bbox 2939 2140 3037 2211; x_wconf 80' lang='grc' dir='ltr'><strong>ζῇν</strong></span> <span class='ocrx_word' id='word_1_402' title='bbox 3072 2153 3139 2208; x_wconf 91' lang='grc' dir='ltr'><strong>με</strong></span> <span class='ocrx_word' id='word_1_403' title='bbox 3164 2175 3180 2199; x_wconf 95' lang='grc'><strong>,</strong></span> <span class='ocrx_word' id='word_1_404' title='bbox 3224 2131 3492 2226; x_wconf 40' lang='grc' dir='ltr'>κέλευσον.</span> <span class='ocrx_word' id='word_1_405' title='bbox 3524 2118 3832 2226; x_wconf 45' lang='grc' dir='ltr'>προέρζεσθαι</span> 
     </span>
    </p>
   </div>
   <div class='ocr_carea' id='block_1_53' title="bbox 2310 2214 3834 2313">
    <p class='ocr_par' dir='ltr' id='par_1_53' title="bbox 2310 2214 3834 2313">
     <span class='ocr_line' id='line_1_54' title="bbox 2310 2214 3834 2313; baseline -0.022 -14"><span class='ocrx_word' id='word_1_406' title='bbox 2310 2214 2493 2306; x_wconf 64' lang='grc' dir='ltr'>καθὼς</span> <span class='ocrx_word' id='word_1_407' title='bbox 2530 2214 2828 2313; x_wconf 67' lang='grc' dir='ltr'>βούλομαι,</span> <span class='ocrx_word' id='word_1_408' title='bbox 2868 2234 2967 2289; x_wconf 78' lang='grc' dir='ltr'><strong>καὶ</strong></span> <span class='ocrx_word' id='word_1_409' title='bbox 2997 2225 3303 2304; x_wconf 77' lang='grc' dir='ltr'>τέρπεσθαι</span> <span class='ocrx_word' id='word_1_410' title='bbox 3336 2222 3438 2295; x_wconf 80' lang='grc' dir='ltr'>τὴν</span> <span class='ocrx_word' id='word_1_411' title='bbox 3466 2219 3633 2289; x_wconf 73' lang='grc' dir='ltr'>ψυχὴν</span> <span class='ocrx_word' id='word_1_412' title='bbox 3665 2218 3721 2287; x_wconf 75' lang='grc' dir='ltr'>τῇ</span> <span class='ocrx_word' id='word_1_413' title='bbox 3757 2214 3834 2287; x_wconf 74' lang='grc' dir='ltr'><strong>θέα</strong></span> 
     </span>
    </p>
   </div>
   <div class='ocr_carea' id='block_1_54' title="bbox 2309 2326 3361 2406">
    <p class='ocr_par' dir='ltr' id='par_1_54' title="bbox 2309 2326 3361 2406">
     <span class='ocr_line' id='line_1_55' title="bbox 2309 2326 3361 2406; baseline -0.019 -13"><span class='ocrx_word' id='word_1_414' title='bbox 2309 2339 2421 2393; x_wconf 83' lang='grc' dir='ltr'>τῶν</span> <span class='ocrx_word' id='word_1_415' title='bbox 2451 2332 2762 2406; x_wconf 80' lang='grc' dir='ltr'>γενομένων</span> <span class='ocrx_word' id='word_1_416' title='bbox 2792 2329 2931 2391; x_wconf 88' lang='grc' dir='ltr'>τέως</span> <span class='ocrx_word' id='word_1_417' title='bbox 2961 2326 3208 2380; x_wconf 83' lang='grc' dir='ltr'>ἀθεάτων</span> <span class='ocrx_word' id='word_1_418' title='bbox 3243 2336 3361 2391; x_wconf 83' lang='grc' dir='ltr'>μοι.</span> 
     </span>
    </p>
   </div>
   <div class='ocr_carea' id='block_1_55' title="bbox 2382 2573 3836 2679">
    <p class='ocr_par' dir='ltr' id='par_1_55' title="bbox 2382 2573 3836 2679">
     <span class='ocr_line' id='line_1_56' title="bbox 2382 2573 3836 2679; baseline -0.036 -4"><span class='ocrx_word' id='word_1_419' title='bbox 2382 2602 2491 2679; x_wconf 75' lang='grc'><strong>32</strong></span> <span class='ocrx_word' id='word_1_420' title='bbox 2542 2594 2818 2667; x_wconf 78' lang='grc' dir='ltr'>Ἐλυπήθη</span> <span class='ocrx_word' id='word_1_421' title='bbox 2846 2594 2874 2646; x_wconf 72' lang='grc' dir='ltr'>ὁ</span> <span class='ocrx_word' id='word_1_422' title='bbox 2905 2588 3158 2662; x_wconf 77' lang='grc' dir='ltr'>βασιλεὺς</span> <span class='ocrx_word' id='word_1_423' title='bbox 3186 2586 3263 2647; x_wconf 81' lang='grc' dir='ltr'><strong>ὡς</strong></span> <span class='ocrx_word' id='word_1_424' title='bbox 3308 2583 3512 2679; x_wconf 20' lang='grc' dir='ltr'>ἧᾼκουσε</span> <span class='ocrx_word' id='word_1_425' title='bbox 3549 2574 3743 2679; x_wconf 32' lang='grc' dir='ltr'>ταῦτα,</span> <span class='ocrx_word' id='word_1_426' title='bbox 3764 2573 3836 2627; x_wconf 79' lang='grc' dir='ltr'>καὶ</span> 
     </span>
    </p>
   </div>
   <div class='ocr_carea' id='block_1_56' title="bbox 2314 2668 3834 2756">
    <p class='ocr_par' dir='ltr' id='par_1_56' title="bbox 2314 2668 3834 2756">
     <span class='ocr_line' id='line_1_57' title="bbox 2314 2668 3834 2756; baseline -0.02 -6"><span class='ocrx_word' id='word_1_427' title='bbox 2314 2668 2591 2749; x_wconf 39' lang='lat' dir='ltr'><strong>suam</strong></span> <span class='ocrx_word' id='word_1_428' title='bbox 2635 2690 2732 2756; x_wconf 83' lang='grc' dir='ltr'>ὡς,</span> <span class='ocrx_word' id='word_1_429' title='bbox 2763 2690 2812 2741; x_wconf 87' lang='grc' dir='ltr'><strong>εί</strong></span> <span class='ocrx_word' id='word_1_430' title='bbox 2856 2683 3091 2738; x_wconf 83' lang='grc' dir='ltr'>κωλύσει</span> <span class='ocrx_word' id='word_1_431' title='bbox 3154 2681 3251 2749; x_wconf 80' lang='grc' dir='ltr'>τῆς</span> <span class='ocrx_word' id='word_1_432' title='bbox 3297 2676 3589 2746; x_wconf 75' lang='grc' dir='ltr'>αἰτήσεως,</span> <span class='ocrx_word' id='word_1_433' title='bbox 3640 2668 3834 2730; x_wconf 75' lang='grc' dir='ltr'>πλείονος</span> 
     </span>
    </p>
   </div>
   <div class='ocr_carea' id='block_1_57' title="bbox 2316 2758 3838 2860">
    <p class='ocr_par' dir='ltr' id='par_1_57' title="bbox 2316 2758 3838 2860">
     <span class='ocr_line' id='line_1_58' title="bbox 2316 2758 3838 2860; baseline -0.022 -16"><span class='ocrx_word' id='word_1_434' title='bbox 2316 2790 2463 2860; x_wconf 79' lang='grc' dir='ltr'>αὐτῷ</span> <span class='ocrx_word' id='word_1_435' title='bbox 2480 2787 2634 2850; x_wconf 80' lang='grc' dir='ltr'>ἀνίας</span> <span class='ocrx_word' id='word_1_436' title='bbox 2655 2783 2748 2837; x_wconf 71' lang='grc' dir='ltr'><strong>καὶ</strong></span> <span class='ocrx_word' id='word_1_437' title='bbox 2772 2780 3042 2851; x_wconf 80' lang='grc' dir='ltr'>μερίμνης</span> <span class='ocrx_word' id='word_1_438' title='bbox 3065 2773 3327 2845; x_wconf 76' lang='grc' dir='ltr'>πρόξενος</span> <span class='ocrx_word' id='word_1_439' title='bbox 3346 2768 3521 2822; x_wconf 74' lang='grc' dir='ltr'>ἔσται.</span> <span class='ocrx_word' id='word_1_440' title='bbox 3546 2764 3665 2829; x_wconf 79' lang='grc' dir='ltr'>Καὶ,</span> <span class='ocrx_word' id='word_1_441' title='bbox 3729 2758 3838 2827; x_wconf 79' lang='grc' dir='ltr'><strong>Ἑγώ</strong></span> 
     </span>
    </p>
   </div>
   <div class='ocr_carea' id='block_1_58' title="bbox 2320 2857 3836 2945">
    <p class='ocr_par' dir='ltr' id='par_1_58' title="bbox 2320 2857 3836 2945">
     <span class='ocr_line' id='line_1_59' title="bbox 2320 2857 3836 2945; baseline -0.02 -8"><span class='ocrx_word' id='word_1_442' title='bbox 2320 2857 2447 2945; x_wconf 67' lang='grc' dir='ltr'>σου,</span> <span class='ocrx_word' id='word_1_443' title='bbox 2471 2882 2684 2940; x_wconf 86' lang='grc' dir='ltr'>τέκνον,</span> <span class='ocrx_word' id='word_1_444' title='bbox 2716 2872 2907 2937; x_wconf 79' lang='grc' dir='ltr'>εἰπὼν,</span> <span class='ocrx_word' id='word_1_445' title='bbox 2928 2871 2999 2924; x_wconf 80' lang='grc' dir='ltr'><strong>τὰ</strong></span> <span class='ocrx_word' id='word_1_446' title='bbox 3030 2865 3351 2934; x_wconf 80' lang='grc' dir='ltr'>καταθύμια</span> <span class='ocrx_word' id='word_1_447' title='bbox 3384 2862 3612 2931; x_wconf 88' lang='grc' dir='ltr'>ποιήσω,</span> <span class='ocrx_word' id='word_1_448' title='bbox 3636 2877 3652 2909; x_wconf 73' lang='grc' dir='ltr'><strong>ι</strong></span> <span class='ocrx_word' id='word_1_449' title='bbox 3684 2857 3836 2916; x_wconf 81' lang='grc' dir='ltr'>ἵππους</span> 
     </span>
    </p>
   </div>
   <div class='ocr_carea' id='block_1_59' title="bbox 2318 2946 3837 3032">
    <p class='ocr_par' dir='ltr' id='par_1_59' title="bbox 2318 2946 3837 3032">
     <span class='ocr_line' id='line_1_60' title="bbox 2318 2946 3837 3032; baseline -0.022 -1"><span class='ocrx_word' id='word_1_450' title='bbox 2318 2976 2518 3032; x_wconf 77' lang='grc' dir='ltr'>αὐτίκα</span> <span class='ocrx_word' id='word_1_451' title='bbox 2549 2968 2839 3030; x_wconf 77' lang='grc' dir='ltr'>ἐκλεκτοὺς</span> <span class='ocrx_word' id='word_1_452' title='bbox 2882 2966 2978 3019; x_wconf 70' lang='grc' dir='ltr'><strong>καὶ</strong></span> <span class='ocrx_word' id='word_1_453' title='bbox 3008 2958 3342 3032; x_wconf 78' lang='grc' dir='ltr'>δορυφορίαν</span> <span class='ocrx_word' id='word_1_454' title='bbox 3373 2956 3473 3024; x_wconf 80' lang='grc' dir='ltr'><strong>τὴν</strong></span> <span class='ocrx_word' id='word_1_455' title='bbox 3508 2950 3699 3023; x_wconf 83' lang='grc' dir='ltr'>βασιλεί</span> <span class='ocrx_word' id='word_1_456' title='bbox 3734 2946 3837 3017; x_wconf 76' lang='grc' dir='ltr'>πρέ-</span> 
     </span>
    </p>
   </div>
   <div class='ocr_carea' id='block_1_60' title="bbox 2321 3039 3839 3133">
    <p class='ocr_par' dir='ltr' id='par_1_60' title="bbox 2321 3039 3839 3133">
     <span class='ocr_line' id='line_1_61' title="bbox 2321 3039 3839 3133; baseline -0.021 -11"><span class='ocrx_word' id='word_1_457' title='bbox 2321 3084 2528 3122; x_wconf 86' lang='grc' dir='ltr'>πουσαν</span> <span class='ocrx_word' id='word_1_458' title='bbox 2563 3057 2990 3133; x_wconf 80' lang='grc' dir='ltr'>εὐτρεπισθῆναι</span> <span class='ocrx_word' id='word_1_459' title='bbox 3044 3050 3332 3113; x_wconf 80' lang='grc' dir='ltr'>κελεύσας,</span> <span class='ocrx_word' id='word_1_460' title='bbox 3396 3040 3733 3117; x_wconf 81' lang='grc' dir='ltr'>προέρχεσθαι</span> <span class='ocrx_word' id='word_1_461' title='bbox 3767 3039 3839 3133; x_wconf 63' lang='grc' dir='ltr'>αύ-</span> 
     </span>
    </p>
   </div>
   <div class='ocr_carea' id='block_1_61' title="bbox 2320 3129 3840 3224">
    <p class='ocr_par' dir='ltr' id='par_1_61' title="bbox 2320 3129 3840 3224">
     <span class='ocr_line' id='line_1_62' title="bbox 2320 3129 3840 3224; baseline -0.021 -11"><span class='ocrx_word' id='word_1_462' title='bbox 2320 3160 2411 3213; x_wconf 77' lang='grc' dir='ltr'><strong>τὸν</strong></span> <span class='ocrx_word' id='word_1_463' title='bbox 2439 3159 2528 3210; x_wconf 85' lang='grc' dir='ltr'><strong>ὅτε</strong></span> <span class='ocrx_word' id='word_1_464' title='bbox 2559 3129 2802 3224; x_wconf 86' lang='grc' dir='ltr'>βούλοιτο</span> <span class='ocrx_word' id='word_1_465' title='bbox 2847 3146 3164 3216; x_wconf 80' lang='grc' dir='ltr'>διωρίσατο,</span> <span class='ocrx_word' id='word_1_466' title='bbox 3201 3137 3518 3210; x_wconf 73' lang='grc' dir='ltr'>ἐπισκήψας</span> <span class='ocrx_word' id='word_1_467' title='bbox 3557 3136 3660 3195; x_wconf 88' lang='grc' dir='ltr'>τοῖς</span> <span class='ocrx_word' id='word_1_468' title='bbox 3696 3129 3840 3184; x_wconf 79' lang='grc' dir='ltr'>συνοῡ·</span> 
     </span>
    </p>
   </div>
   <div class='ocr_carea' id='block_1_62' title="bbox 656 3221 2214 3318">
    <p class='ocr_par' dir='ltr' id='par_1_62' title="bbox 656 3221 2214 3292">
     <span class='ocr_line' id='line_1_63' title="bbox 656 3221 2214 3292; baseline -0.001 -15"><span class='ocrx_word' id='word_1_469' title='bbox 656 3233 764 3277; x_wconf 91' lang='lat' dir='ltr'><strong>tem</strong></span> <span class='ocrx_word' id='word_1_470' title='bbox 791 3222 880 3292; x_wconf 91' lang='lat' dir='ltr'><strong>qui</strong></span> <span class='ocrx_word' id='word_1_471' title='bbox 907 3237 1026 3275; x_wconf 88' lang='lat' dir='ltr'><strong>cum</strong></span> <span class='ocrx_word' id='word_1_472' title='bbox 1057 3237 1122 3276; x_wconf 91' lang='lat' dir='ltr'><strong>eo</strong></span> <span class='ocrx_word' id='word_1_473' title='bbox 1145 3222 1490 3275; x_wconf 81' lang='lat' dir='ltr'><strong>versabantur</strong></span> <span class='ocrx_word' id='word_1_474' title='bbox 1514 3236 1848 3289; x_wconf 86' lang='lat' dir='ltr'><strong>summopere</strong></span> <span class='ocrx_word' id='word_1_475' title='bbox 1871 3221 2144 3275; x_wconf 90' lang='lat' dir='ltr'><strong>mandavit</strong></span> <span class='ocrx_word' id='word_1_476' title='bbox 2166 3230 2214 3276; x_wconf 81' lang='lat' dir='ltr'><strong>ut</strong></span> 
     </span>
    </p>
   </div>
   <div class='ocr_carea' id='block_1_63' title="bbox 2289 3221 3840 3318">
    <p class='ocr_par' dir='ltr' id='par_1_63' title="bbox 2289 3221 3840 3318">
     <span class='ocr_line' id='line_1_64' title="bbox 2289 3221 3840 3318; baseline -0.021 -12"><span class='ocrx_word' id='word_1_477' title='bbox 2289 3246 2292 3296; x_wconf 66' lang='grc' dir='ltr'>ὲ</span> <span class='ocrx_word' id='word_1_478' title='bbox 2327 3270 2410 3305; x_wconf 89' lang='grc' dir='ltr'><strong>σιν</strong></span> <span class='ocrx_word' id='word_1_479' title='bbox 2441 3221 2591 3318; x_wconf 78' lang='grc' dir='ltr'>αύτῷ</span> <span class='ocrx_word' id='word_1_480' title='bbox 2641 3244 2807 3316; x_wconf 79' lang='grc' dir='ltr'>μηδὲν</span> <span class='ocrx_word' id='word_1_481' title='bbox 2857 3240 3021 3311; x_wconf 80' lang='grc' dir='ltr'>ἀηδὲς</span> <span class='ocrx_word' id='word_1_482' title='bbox 3054 3237 3133 3300; x_wconf 81' lang='grc' dir='ltr'><strong>είς</strong></span> <span class='ocrx_word' id='word_1_483' title='bbox 3167 3234 3497 3301; x_wconf 77' lang='grc' dir='ltr'>συνάντησιν</span> <span class='ocrx_word' id='word_1_484' title='bbox 3540 3226 3677 3296; x_wconf 81' lang='grc' dir='ltr'>αὐτῷ</span> <span class='ocrx_word' id='word_1_485' title='bbox 3705 3226 3840 3318; x_wconf 68' lang='grc' dir='ltr'>ἄγειν,</span> 
     </span>
    </p>
   </div>
   <div class='ocr_carea' id='block_1_64' title="bbox 658 3312 2221 3380">
    <p class='ocr_par' dir='ltr' id='par_1_64' title="bbox 658 3312 2221 3380">
     <span class='ocr_line' id='line_1_65' title="bbox 658 3312 2221 3380; baseline 0.001 -15"><span class='ocrx_word' id='word_1_486' title='bbox 658 3321 912 3367; x_wconf 88' lang='lat' dir='ltr'><strong>curarent</strong></span> <span class='ocrx_word' id='word_1_487' title='bbox 941 3327 1009 3366; x_wconf 88' lang='lat' dir='ltr'><strong>ne</strong></span> <span class='ocrx_word' id='word_1_488' title='bbox 1050 3312 1176 3380; x_wconf 77' lang='lat' dir='ltr'><strong>quid</strong></span> <span class='ocrx_word' id='word_1_489' title='bbox 1216 3312 1487 3380; x_wconf 90' lang='lat' dir='ltr'><strong>injucundi</strong></span> <span class='ocrx_word' id='word_1_490' title='bbox 1517 3312 1726 3366; x_wconf 90' lang='lat' dir='ltr'><strong>obviam</strong></span> <span class='ocrx_word' id='word_1_491' title='bbox 1756 3314 2003 3378; x_wconf 82' lang='lat' dir='ltr'><strong>haberet;</strong></span> <span class='ocrx_word' id='word_1_492' title='bbox 2036 3328 2221 3367; x_wconf 86' lang='lat' dir='ltr'><strong>verum</strong></span> 
     </span>
    </p>
   </div>
   <div class='ocr_carea' id='block_1_65' title="bbox 657 3400 2225 3472">
    <p class='ocr_par' dir='ltr' id='par_1_65' title="bbox 657 3400 2225 3472">
     <span class='ocr_line' id='line_1_66' title="bbox 657 3400 2225 3472; baseline 0 -18"><span class='ocrx_word' id='word_1_493' title='bbox 657 3401 912 3472; x_wconf 79' lang='lat' dir='ltr'><strong>quidquid</strong></span> <span class='ocrx_word' id='word_1_494' title='bbox 941 3400 1218 3470; x_wconf 85' lang='lat' dir='ltr'><strong>pulchrum</strong></span> <span class='ocrx_word' id='word_1_495' title='bbox 1253 3411 1306 3456; x_wconf 92' lang='lat' dir='ltr'><strong>et</strong></span> <span class='ocrx_word' id='word_1_496' title='bbox 1333 3416 1600 3455; x_wconf 74' lang='lat' dir='ltr'><strong>alumnum</strong></span> <span class='ocrx_word' id='word_1_497' title='bbox 1639 3415 1703 3455; x_wconf 93' lang='lat' dir='ltr'><strong>ac</strong></span> <span class='ocrx_word' id='word_1_498' title='bbox 1740 3400 2030 3470; x_wconf 89' lang='lat' dir='ltr'><strong>jucundum</strong></span> <span class='ocrx_word' id='word_1_499' title='bbox 2059 3413 2225 3467; x_wconf 90' lang='lat' dir='ltr'><strong>esset,</strong></span> 
     </span>
    </p>
   </div>
   <div class='ocr_carea' id='block_1_66' title="bbox 660 3491 2227 3562">
    <p class='ocr_par' dir='ltr' id='par_1_66' title="bbox 660 3491 2227 3562">
     <span class='ocr_line' id='line_1_67' title="bbox 660 3491 2227 3562; baseline 0 -15"><span class='ocrx_word' id='word_1_500' title='bbox 660 3493 759 3559; x_wconf 83' lang='lat' dir='ltr'><strong>ipsi</strong></span> <span class='ocrx_word' id='word_1_501' title='bbox 782 3494 1153 3557; x_wconf 87' lang='lat' dir='ltr'><strong>ostenderent;</strong></span> <span class='ocrx_word' id='word_1_502' title='bbox 1174 3491 1505 3562; x_wconf 84' lang='lat' dir='ltr'><strong>cboreasque</strong></span> <span class='ocrx_word' id='word_1_503' title='bbox 1527 3493 1578 3545; x_wconf 89' lang='lat' dir='ltr'><strong>in</strong></span> <span class='ocrx_word' id='word_1_504' title='bbox 1601 3492 1699 3546; x_wconf 91' lang='lat' dir='ltr'><strong>viis</strong></span> <span class='ocrx_word' id='word_1_505' title='bbox 1719 3494 1998 3561; x_wconf 78' lang='lat' dir='ltr'><strong>agitarent,</strong></span> <span class='ocrx_word' id='word_1_506' title='bbox 2024 3493 2227 3548; x_wconf 83' lang='lat' dir='ltr'><strong>suavis-</strong></span> 
     </span>
    </p>
   </div>
   <div class='ocr_carea' id='block_1_67' title="bbox 661 3583 2226 3654">
    <p class='ocr_par' dir='ltr' id='par_1_67' title="bbox 661 3583 2226 3654">
     <span class='ocr_line' id='line_1_68' title="bbox 661 3583 2226 3654; baseline 0.001 -17"><span class='ocrx_word' id='word_1_507' title='bbox 661 3598 689 3637; x_wconf 83' lang='grc' dir='ltr'><strong>ε</strong></span> <span class='ocrx_word' id='word_1_508' title='bbox 712 3584 913 3654; x_wconf 89' lang='lat' dir='ltr'><strong>misque</strong></span> <span class='ocrx_word' id='word_1_509' title='bbox 939 3583 1270 3638; x_wconf 77' lang='lat' dir='ltr'><strong>cantionibus</strong></span> <span class='ocrx_word' id='word_1_510' title='bbox 1293 3597 1510 3652; x_wconf 89' lang='lat' dir='ltr'><strong>operam</strong></span> <span class='ocrx_word' id='word_1_511' title='bbox 1539 3584 1748 3651; x_wconf 88' lang='lat' dir='ltr'><strong>darent,</strong></span> <span class='ocrx_word' id='word_1_512' title='bbox 1771 3598 1833 3639; x_wconf 91' lang='lat' dir='ltr'><strong>ac</strong></span> <span class='ocrx_word' id='word_1_513' title='bbox 1854 3587 1999 3639; x_wconf 90' lang='lat' dir='ltr'><strong>varia</strong></span> <span class='ocrx_word' id='word_1_514' title='bbox 2019 3594 2226 3653; x_wconf 88' lang='lat' dir='ltr'><strong>specta-</strong></span> 
     </span>
    </p>
   </div>
   <div class='ocr_carea' id='block_1_68' title="bbox 662 3675 2227 3746">
    <p class='ocr_par' dir='ltr' id='par_1_68' title="bbox 662 3675 2227 3746">
     <span class='ocr_line' id='line_1_69' title="bbox 662 3675 2227 3746; baseline -0.001 -16"><span class='ocrx_word' id='word_1_515' title='bbox 662 3677 779 3730; x_wconf 90' lang='lat' dir='ltr'><strong>cula</strong></span> <span class='ocrx_word' id='word_1_516' title='bbox 809 3682 1217 3740; x_wconf 83' lang='lat' dir='ltr'><strong>constituerent,</strong></span> <span class='ocrx_word' id='word_1_517' title='bbox 1245 3685 1303 3729; x_wconf 93' lang='lat' dir='ltr'><strong>ut</strong></span> <span class='ocrx_word' id='word_1_518' title='bbox 1324 3675 1439 3744; x_wconf 88' lang='lat' dir='ltr'><strong>ipse</strong></span> <span class='ocrx_word' id='word_1_519' title='bbox 1461 3687 1691 3731; x_wconf 90' lang='lat' dir='ltr'><strong>mentem</strong></span> <span class='ocrx_word' id='word_1_520' title='bbox 1715 3676 1796 3731; x_wconf 87' lang='lat' dir='ltr'><strong>his</strong></span> <span class='ocrx_word' id='word_1_521' title='bbox 1819 3676 1977 3731; x_wconf 90' lang='lat' dir='ltr'><strong>rebus</strong></span> <span class='ocrx_word' id='word_1_522' title='bbox 2004 3691 2227 3746; x_wconf 82' lang='lat' dir='ltr'><strong>occupa-</strong></span> 
     </span>
    </p>
   </div>
   <div class='ocr_carea' id='block_1_69' title="bbox 668 3764 1272 3836">
    <p class='ocr_par' dir='ltr' id='par_1_69' title="bbox 668 3764 1272 3836">
     <span class='ocr_line' id='line_1_70' title="bbox 668 3764 1272 3836; baseline -0.002 -16"><span class='ocrx_word' id='word_1_523' title='bbox 668 3774 750 3820; x_wconf 89' lang='lat' dir='ltr'><strong>ret</strong></span> <span class='ocrx_word' id='word_1_524' title='bbox 777 3776 936 3836; x_wconf 91' lang='lat' dir='ltr'><strong>atque</strong></span> <span class='ocrx_word' id='word_1_525' title='bbox 961 3764 1272 3819; x_wconf 85' lang='lat' dir='ltr'><strong>oblectaret.</strong></span> 
     </span>
    </p>
   </div>
   <div class='ocr_carea' id='block_1_70' title="bbox 733 3902 2221 3973">
    <p class='ocr_par' dir='ltr' id='par_1_70' title="bbox 733 3902 2221 3973">
     <span class='ocr_line' id='line_1_71' title="bbox 733 3902 2221 3973; baseline 0 -16"><span class='ocrx_word' id='word_1_526' title='bbox 733 3904 865 3958; x_wconf 82' lang='lat' dir='ltr'><strong>Cum</strong></span> <span class='ocrx_word' id='word_1_527' title='bbox 894 3903 1055 3973; x_wconf 88' lang='lat' dir='ltr'><strong>igitur</strong></span> <span class='ocrx_word' id='word_1_528' title='bbox 1084 3904 1223 3973; x_wconf 84' lang='lat' dir='ltr'><strong>regis</strong></span> <span class='ocrx_word' id='word_1_529' title='bbox 1254 3903 1393 3958; x_wconf 81' lang='lat' dir='ltr'><strong>ﬁlius</strong></span> <span class='ocrx_word' id='word_1_530' title='bbox 1422 3902 1485 3957; x_wconf 87' lang='lat' dir='ltr'><strong>ad</strong></span> <span class='ocrx_word' id='word_1_531' title='bbox 1519 3903 1657 3957; x_wconf 89' lang='lat' dir='ltr'><strong>hunc</strong></span> <span class='ocrx_word' id='word_1_532' title='bbox 1688 3902 1902 3957; x_wconf 92' lang='lat' dir='ltr'><strong>modum</strong></span> <span class='ocrx_word' id='word_1_533' title='bbox 1935 3902 2074 3957; x_wconf 80' lang='lat' dir='ltr'><strong>foras</strong></span> <span class='ocrx_word' id='word_1_534' title='bbox 2103 3918 2221 3957; x_wconf 83' lang='lat' dir='ltr'><strong>cre-</strong></span> 
     </span>
    </p>
   </div>
   <div class='ocr_carea' id='block_1_71' title="bbox 666 3992 2226 4064">
    <p class='ocr_par' dir='ltr' id='par_1_71' title="bbox 666 3992 2226 4064">
     <span class='ocr_line' id='line_1_72' title="bbox 666 3992 2226 4064; baseline -0.002 -15"><span class='ocrx_word' id='word_1_535' title='bbox 666 3994 764 4050; x_wconf 88' lang='lat' dir='ltr'><strong>bro</strong></span> <span class='ocrx_word' id='word_1_536' title='bbox 792 3994 1233 4064; x_wconf 86' lang='lat' dir='ltr'><strong>progrederetur,</strong></span> <span class='ocrx_word' id='word_1_537' title='bbox 1277 3994 1503 4062; x_wconf 89' lang='lat' dir='ltr'><strong>quadam</strong></span> <span class='ocrx_word' id='word_1_538' title='bbox 1548 3992 1637 4048; x_wconf 88' lang='lat' dir='ltr'><strong>die</strong></span> <span class='ocrx_word' id='word_1_539' title='bbox 1684 3993 2045 4047; x_wconf 90' lang='lat' dir='ltr'><strong>ministrorum</strong></span> <span class='ocrx_word' id='word_1_540' title='bbox 2094 3993 2226 4047; x_wconf 88' lang='lat' dir='ltr'><strong>obli-</strong></span> 
     </span>
    </p>
   </div>
   <div class='ocr_carea' id='block_1_72' title="bbox 665 4084 2225 4153">
    <p class='ocr_par' dir='ltr' id='par_1_72' title="bbox 665 4084 2225 4153">
     <span class='ocr_line' id='line_1_73' title="bbox 665 4084 2225 4153; baseline -0.001 -13"><span class='ocrx_word' id='word_1_541' title='bbox 665 4088 822 4140; x_wconf 82' lang='lat' dir='ltr'><strong>vione</strong></span> <span class='ocrx_word' id='word_1_542' title='bbox 851 4085 1045 4141; x_wconf 77' lang='lat' dir='ltr'><strong>factum</strong></span> <span class='ocrx_word' id='word_1_543' title='bbox 1072 4096 1159 4141; x_wconf 92' lang='lat' dir='ltr'><strong>est</strong></span> <span class='ocrx_word' id='word_1_544' title='bbox 1187 4094 1244 4139; x_wconf 94' lang='lat' dir='ltr'><strong>ut</strong></span> <span class='ocrx_word' id='word_1_545' title='bbox 1274 4084 1409 4140; x_wconf 89' lang='lat' dir='ltr'><strong>duos</strong></span> <span class='ocrx_word' id='word_1_546' title='bbox 1444 4085 1588 4139; x_wconf 90' lang='lat' dir='ltr'><strong>viros</strong></span> <span class='ocrx_word' id='word_1_547' title='bbox 1620 4084 1976 4153; x_wconf 89' lang='lat' dir='ltr'><strong>perspiceret,</strong></span> <span class='ocrx_word' id='word_1_548' title='bbox 2000 4098 2225 4153; x_wconf 89' lang='lat' dir='ltr'><strong>quorum</strong></span> 
     </span>
    </p>
   </div>
   <div class='ocr_carea' id='block_1_73' title="bbox 665 4175 2230 4247">
    <p class='ocr_par' dir='ltr' id='par_1_73' title="bbox 665 4175 2230 4247">
     <span class='ocr_line' id='line_1_74' title="bbox 665 4175 2230 4247; baseline -0.002 -14"><span class='ocrx_word' id='word_1_549' title='bbox 665 4187 803 4233; x_wconf 77' lang='lat' dir='ltr'><strong>alter</strong></span> <span class='ocrx_word' id='word_1_550' title='bbox 833 4179 975 4247; x_wconf 90' lang='lat' dir='ltr'><strong>lepra</strong></span> <span class='ocrx_word' id='word_1_551' title='bbox 994 4218 1010 4243; x_wconf 92' lang='lat'><strong>,</strong></span> <span class='ocrx_word' id='word_1_552' title='bbox 1044 4178 1180 4232; x_wconf 89' lang='lat' dir='ltr'><strong>alter</strong></span> <span class='ocrx_word' id='word_1_553' title='bbox 1207 4177 1447 4233; x_wconf 66' lang='lat' dir='ltr'><strong>caecitate</strong></span> <span class='ocrx_word' id='word_1_554' title='bbox 1471 4176 1765 4230; x_wconf 84' lang='lat' dir='ltr'><strong>laborabat.</strong></span> <span class='ocrx_word' id='word_1_555' title='bbox 1793 4175 1934 4242; x_wconf 87' lang='lat' dir='ltr'><strong>Quos</strong></span> <span class='ocrx_word' id='word_1_556' title='bbox 1955 4175 2230 4244; x_wconf 82' lang='lat' dir='ltr'><strong>conspica-</strong></span> 
     </span>
    </p>
   </div>
   <div class='ocr_carea' id='block_1_74' title="bbox 669 4267 2228 4340">
    <p class='ocr_par' dir='ltr' id='par_1_74' title="bbox 669 4267 2228 4340">
     <span class='ocr_line' id='line_1_75' title="bbox 669 4267 2228 4340; baseline 0.001 -17"><span class='ocrx_word' id='word_1_557' title='bbox 669 4282 774 4337; x_wconf 87' lang='lat' dir='ltr'><strong>tus,</strong></span> <span class='ocrx_word' id='word_1_558' title='bbox 800 4284 957 4340; x_wconf 91' lang='lat' dir='ltr'><strong>atque</strong></span> <span class='ocrx_word' id='word_1_559' title='bbox 982 4270 1145 4324; x_wconf 88' lang='lat' dir='ltr'><strong>animi</strong></span> <span class='ocrx_word' id='word_1_560' title='bbox 1178 4270 1428 4324; x_wconf 76' lang='lat' dir='ltr'><strong>mcestitia</strong></span> <span class='ocrx_word' id='word_1_561' title='bbox 1454 4268 1675 4323; x_wconf 73' lang='lat' dir='ltr'><strong>aﬂectus</strong></span> <span class='ocrx_word' id='word_1_562' title='bbox 1698 4310 1714 4335; x_wconf 89' lang='lat'><strong>,</strong></span> <span class='ocrx_word' id='word_1_563' title='bbox 1743 4267 1811 4322; x_wconf 93' lang='lat' dir='ltr'><strong>ab</strong></span> <span class='ocrx_word' id='word_1_564' title='bbox 1840 4268 1906 4322; x_wconf 79' lang='lat' dir='ltr'><strong>iis</strong></span> <span class='ocrx_word' id='word_1_565' title='bbox 1928 4268 2017 4338; x_wconf 91' lang='lat' dir='ltr'><strong>qui</strong></span> <span class='ocrx_word' id='word_1_566' title='bbox 2046 4282 2228 4324; x_wconf 89' lang='lat' dir='ltr'><strong>secum</strong></span> 
     </span>
    </p>
   </div>
   <div class='ocr_carea' id='block_1_75' title="bbox 666 4360 2232 4433">
    <p class='ocr_par' dir='ltr' id='par_1_75' title="bbox 666 4360 2232 4433">
     <span class='ocr_line' id='line_1_76' title="bbox 666 4360 2232 4433; baseline -0.001 -15"><span class='ocrx_word' id='word_1_567' title='bbox 666 4372 821 4418; x_wconf 89' lang='lat' dir='ltr'><strong>erant</strong></span> <span class='ocrx_word' id='word_1_568' title='bbox 868 4363 1084 4433; x_wconf 89' lang='lat' dir='ltr'><strong>quinam</strong></span> <span class='ocrx_word' id='word_1_569' title='bbox 1140 4363 1190 4415; x_wconf 87' lang='lat' dir='ltr'><strong>hi</strong></span> <span class='ocrx_word' id='word_1_570' title='bbox 1240 4371 1451 4427; x_wconf 90' lang='lat' dir='ltr'><strong>essent,</strong></span> <span class='ocrx_word' id='word_1_571' title='bbox 1499 4371 1553 4417; x_wconf 90' lang='lat' dir='ltr'><strong>et</strong></span> <span class='ocrx_word' id='word_1_572' title='bbox 1602 4360 1868 4431; x_wconf 88' lang='lat' dir='ltr'><strong>quodnam</strong></span> <span class='ocrx_word' id='word_1_573' title='bbox 1921 4375 2080 4430; x_wconf 85' lang='lat' dir='ltr'><strong>grave</strong></span> <span class='ocrx_word' id='word_1_574' title='bbox 2129 4360 2232 4418; x_wconf 81' lang='lat' dir='ltr'><strong>hoc</strong></span> 
     </span>
    </p>
   </div>
   <div class='ocr_carea' id='block_1_76' title="bbox 666 4451 2228 4522">
    <p class='ocr_par' dir='ltr' id='par_1_76' title="bbox 666 4451 2228 4522">
     <span class='ocr_line' id='line_1_77' title="bbox 666 4451 2228 4522; baseline 0 -13"><span class='ocrx_word' id='word_1_575' title='bbox 666 4456 1027 4522; x_wconf 86' lang='lat' dir='ltr'><strong>spectaculum</strong></span> <span class='ocrx_word' id='word_1_576' title='bbox 1056 4460 1221 4518; x_wconf 86' lang='lat' dir='ltr'><strong>esset,</strong></span> <span class='ocrx_word' id='word_1_577' title='bbox 1255 4460 1592 4521; x_wconf 87' lang='lat' dir='ltr'><strong>percontatus</strong></span> <span class='ocrx_word' id='word_1_578' title='bbox 1620 4462 1732 4517; x_wconf 88' lang='lat' dir='ltr'><strong>est;</strong></span> <span class='ocrx_word' id='word_1_579' title='bbox 1764 4451 1841 4505; x_wconf 88' lang='lat' dir='ltr'><strong>illi</strong></span> <span class='ocrx_word' id='word_1_580' title='bbox 1869 4460 2045 4507; x_wconf 91' lang='lat' dir='ltr'><strong>autem</strong></span> <span class='ocrx_word' id='word_1_581' title='bbox 2064 4494 2079 4518; x_wconf 92' lang='lat'><strong>,</strong></span> <span class='ocrx_word' id='word_1_582' title='bbox 2107 4467 2228 4509; x_wconf 89' lang='lat' dir='ltr'><strong>cum</strong></span> 
     </span>
    </p>
   </div>
   <div class='ocr_carea' id='block_1_77' title="bbox 671 4545 2316 4636">
    <p class='ocr_par' dir='ltr' id='par_1_77' title="bbox 671 4545 2316 4636">
     <span class='ocr_line' id='line_1_78' title="bbox 671 4545 2316 4636; baseline 0 -36"><span class='ocrx_word' id='word_1_583' title='bbox 671 4547 724 4600; x_wconf 91' lang='lat' dir='ltr'><strong>id</strong></span> <span class='ocrx_word' id='word_1_584' title='bbox 751 4545 895 4614; x_wconf 86' lang='lat' dir='ltr'><strong>quod</strong></span> <span class='ocrx_word' id='word_1_585' title='bbox 932 4547 982 4599; x_wconf 92' lang='lat' dir='ltr'><strong>in</strong></span> <span class='ocrx_word' id='word_1_586' title='bbox 1024 4545 1190 4612; x_wconf 84' lang='lat' dir='ltr'><strong>ipsius</strong></span> <span class='ocrx_word' id='word_1_587' title='bbox 1234 4555 1505 4614; x_wconf 89' lang='lat' dir='ltr'><strong>aspectum</strong></span> <span class='ocrx_word' id='word_1_588' title='bbox 1539 4553 1756 4599; x_wconf 88' lang='lat' dir='ltr'><strong>venerat</strong></span> <span class='ocrx_word' id='word_1_589' title='bbox 1801 4546 2070 4600; x_wconf 89' lang='lat' dir='ltr'><strong>occultare</strong></span> <span class='ocrx_word' id='word_1_590' title='bbox 2119 4561 2227 4601; x_wconf 87' lang='lat' dir='ltr'><strong>nou</strong></span> <span class='ocrx_word' id='word_1_591' title='bbox 2268 4580 2316 4636; x_wconf 68' lang='grc' dir='ltr'><strong>ι)</strong></span> 
     </span>
    </p>
   </div>
   <div class='ocr_carea' id='block_1_78' title="bbox 673 4634 2229 4705">
    <p class='ocr_par' dir='ltr' id='par_1_78' title="bbox 673 4634 2229 4705">
     <span class='ocr_line' id='line_1_79' title="bbox 673 4634 2229 4705; baseline 0.003 -19"><span class='ocrx_word' id='word_1_592' title='bbox 673 4644 906 4701; x_wconf 86' lang='lat' dir='ltr'><strong>possent,</strong></span> <span class='ocrx_word' id='word_1_593' title='bbox 929 4636 1024 4689; x_wconf 90' lang='lat' dir='ltr'><strong>ltas</strong></span> <span class='ocrx_word' id='word_1_594' title='bbox 1052 4636 1308 4688; x_wconf 88' lang='lat' dir='ltr'><strong>humanas</strong></span> <span class='ocrx_word' id='word_1_595' title='bbox 1332 4636 1661 4689; x_wconf 87' lang='lat' dir='ltr'><strong>calamitates</strong></span> <span class='ocrx_word' id='word_1_596' title='bbox 1681 4648 1801 4689; x_wconf 89' lang='lat' dir='ltr'><strong>esse</strong></span> <span class='ocrx_word' id='word_1_597' title='bbox 1821 4634 2229 4705; x_wconf 82' lang='lat' dir='ltr'><strong>responderunt,</strong></span> 
     </span>
    </p>
   </div>
   <div class='ocr_carea' id='block_1_79' title="bbox 671 4725 2235 4794">
    <p class='ocr_par' dir='ltr' id='par_1_79' title="bbox 671 4725 2235 4794">
     <span class='ocr_line' id='line_1_80' title="bbox 671 4725 2235 4794; baseline 0.002 -15"><span class='ocrx_word' id='word_1_598' title='bbox 671 4742 790 4794; x_wconf 73' lang='lat' dir='ltr'><strong>qua:</strong></span> <span class='ocrx_word' id='word_1_599' title='bbox 818 4742 883 4782; x_wconf 84' lang='lat' dir='ltr'><strong>ex</strong></span> <span class='ocrx_word' id='word_1_600' title='bbox 914 4736 1160 4794; x_wconf 89' lang='lat' dir='ltr'><strong>corrupta</strong></span> <span class='ocrx_word' id='word_1_601' title='bbox 1192 4726 1446 4791; x_wconf 90' lang='lat' dir='ltr'><strong>materia,</strong></span> <span class='ocrx_word' id='word_1_602' title='bbox 1476 4734 1532 4780; x_wconf 89' lang='lat' dir='ltr'><strong>et</strong></span> <span class='ocrx_word' id='word_1_603' title='bbox 1558 4739 1783 4794; x_wconf 86' lang='lat' dir='ltr'><strong>corpore</strong></span> <span class='ocrx_word' id='word_1_604' title='bbox 1812 4725 2015 4780; x_wconf 89' lang='lat' dir='ltr'><strong>vitiosis</strong></span> <span class='ocrx_word' id='word_1_605' title='bbox 2045 4725 2235 4782; x_wconf 90' lang='lat' dir='ltr'><strong>lntmo-</strong></span> 
     </span>
    </p>
   </div>
   <div class='ocr_carea' id='block_1_80' title="bbox 670 4815 2229 4886">
    <p class='ocr_par' dir='ltr' id='par_1_80' title="bbox 670 4815 2229 4886">
     <span class='ocr_line' id='line_1_81' title="bbox 670 4815 2229 4886; baseline -0.001 -14"><span class='ocrx_word' id='word_1_606' title='bbox 670 4818 819 4873; x_wconf 88' lang='lat' dir='ltr'><strong>ribus</strong></span> <span class='ocrx_word' id='word_1_607' title='bbox 852 4818 1029 4886; x_wconf 79' lang='lat' dir='ltr'><strong>pleno,</strong></span> <span class='ocrx_word' id='word_1_608' title='bbox 1063 4816 1376 4869; x_wconf 87' lang='lat' dir='ltr'><strong>mortalibus</strong></span> <span class='ocrx_word' id='word_1_609' title='bbox 1401 4816 1711 4883; x_wconf 87' lang='lat' dir='ltr'><strong>contingere</strong></span> <span class='ocrx_word' id='word_1_610' title='bbox 1732 4815 1928 4870; x_wconf 89' lang='lat' dir='ltr'><strong>solent.</strong></span> <span class='ocrx_word' id='word_1_611' title='bbox 1947 4816 2078 4870; x_wconf 91' lang='lat' dir='ltr'><strong>Tum</strong></span> <span class='ocrx_word' id='word_1_612' title='bbox 2108 4816 2229 4872; x_wconf 90' lang='lat' dir='ltr'><strong>ille:</strong></span> 
     </span>
    </p>
   </div>
   <div class='ocr_carea' id='block_1_81' title="bbox 670 4905 2237 4962">
    <p class='ocr_par' dir='ltr' id='par_1_81' title="bbox 670 4905 2237 4962">
     <span class='ocr_line' id='line_1_82' title="bbox 670 4905 2237 4962; baseline 0 -1"><span class='ocrx_word' id='word_1_613' title='bbox 670 4907 957 4961; x_wconf 84' lang='lat' dir='ltr'><strong>Cunctisne</strong></span> <span class='ocrx_word' id='word_1_614' title='bbox 1002 4905 1306 4959; x_wconf 85' lang='lat' dir='ltr'><strong>hominibus</strong></span> <span class='ocrx_word' id='word_1_615' title='bbox 1353 4905 1466 4960; x_wconf 68' lang='lat' dir='ltr'><strong>hac</strong></span> <span class='ocrx_word' id='word_1_616' title='bbox 1514 4905 1759 4961; x_wconf 88' lang='lat' dir='ltr'><strong>accidere</strong></span> <span class='ocrx_word' id='word_1_617' title='bbox 1806 4907 2237 4962; x_wconf 72' lang='lat' dir='ltr'><strong>consueverunt?</strong></span> 
     </span>
    </p>
   </div>
   <div class='ocr_carea' id='block_1_82' title="bbox 671 4998 2234 5070">
    <p class='ocr_par' dir='ltr' id='par_1_82' title="bbox 671 4998 2234 5070">
     <span class='ocr_line' id='line_1_83' title="bbox 671 4998 2234 5070; baseline 0.001 -17"><span class='ocrx_word' id='word_1_618' title='bbox 671 4998 787 5053; x_wconf 76' lang='lat' dir='ltr'><strong>Non</strong></span> <span class='ocrx_word' id='word_1_619' title='bbox 816 4998 1050 5061; x_wconf 88' lang='lat' dir='ltr'><strong>cunctis.</strong></span> <span class='ocrx_word' id='word_1_620' title='bbox 1096 4998 1340 5068; x_wconf 90' lang='lat' dir='ltr'><strong>inquiunt</strong></span> <span class='ocrx_word' id='word_1_621' title='bbox 1363 4998 1474 5063; x_wconf 86' lang='lat' dir='ltr'><strong>illi,</strong></span> <span class='ocrx_word' id='word_1_622' title='bbox 1504 5014 1689 5054; x_wconf 86' lang='lat' dir='ltr'><strong>verum</strong></span> <span class='ocrx_word' id='word_1_623' title='bbox 1721 5000 1786 5054; x_wconf 89' lang='lat' dir='ltr'><strong>iis</strong></span> <span class='ocrx_word' id='word_1_624' title='bbox 1811 4998 2069 5054; x_wconf 90' lang='lat' dir='ltr'><strong>duntaxat</strong></span> <span class='ocrx_word' id='word_1_625' title='bbox 2104 5017 2234 5070; x_wconf 90' lang='lat' dir='ltr'><strong>quo-</strong></span> 
     </span>
    </p>
   </div>
   <div class='ocr_carea' id='block_1_83' title="bbox 674 5090 2230 5160">
    <p class='ocr_par' dir='ltr' id='par_1_83' title="bbox 674 5090 2230 5160">
     <span class='ocr_line' id='line_1_84' title="bbox 674 5090 2230 5160; baseline 0.001 -18"><span class='ocrx_word' id='word_1_626' title='bbox 674 5105 790 5142; x_wconf 88' lang='lat' dir='ltr'><strong>rum</strong></span> <span class='ocrx_word' id='word_1_627' title='bbox 823 5091 1072 5144; x_wconf 76' lang='lat' dir='ltr'><strong>valetudo</strong></span> <span class='ocrx_word' id='word_1_628' title='bbox 1120 5097 1339 5157; x_wconf 89' lang='lat' dir='ltr'><strong>propter</strong></span> <span class='ocrx_word' id='word_1_629' title='bbox 1368 5090 1642 5160; x_wconf 90' lang='lat' dir='ltr'><strong>improbos</strong></span> <span class='ocrx_word' id='word_1_630' title='bbox 1672 5091 1924 5145; x_wconf 83' lang='lat' dir='ltr'><strong>humores</strong></span> <span class='ocrx_word' id='word_1_631' title='bbox 1950 5090 2230 5157; x_wconf 89' lang='lat' dir='ltr'><strong>depravata</strong></span> 
     </span>
    </p>
   </div>
   <div class='ocr_carea' id='block_1_84' title="bbox 675 5179 2238 5250">
    <p class='ocr_par' dir='ltr' id='par_1_84' title="bbox 675 5179 2238 5250">
     <span class='ocr_line' id='line_1_85' title="bbox 675 5179 2238 5250; baseline 0.003 -18"><span class='ocrx_word' id='word_1_632' title='bbox 675 5181 763 5233; x_wconf 75' lang='lat' dir='ltr'><strong>sit.</strong></span> <span class='ocrx_word' id='word_1_633' title='bbox 805 5180 1035 5234; x_wconf 75' lang='lat' dir='ltr'><strong>Rursum</strong></span> <span class='ocrx_word' id='word_1_634' title='bbox 1064 5181 1226 5250; x_wconf 89' lang='lat' dir='ltr'><strong>igitur</strong></span> <span class='ocrx_word' id='word_1_635' title='bbox 1253 5179 1516 5234; x_wconf 85' lang='lat' dir='ltr'><strong>sciscitari</strong></span> <span class='ocrx_word' id='word_1_636' title='bbox 1548 5181 1781 5246; x_wconf 87' lang='lat' dir='ltr'><strong>perrexit</strong></span> <span class='ocrx_word' id='word_1_637' title='bbox 1805 5180 2154 5235; x_wconf 88' lang='lat' dir='ltr'><strong>adolescens:</strong></span> <span class='ocrx_word' id='word_1_638' title='bbox 2182 5182 2238 5236; x_wconf 87' lang='lat' dir='ltr'><strong>Si</strong></span> 
     </span>
    </p>
   </div>
   <div class='ocr_carea' id='block_1_85' title="bbox 679 5271 2240 5327">
    <p class='ocr_par' dir='ltr' id='par_1_85' title="bbox 679 5271 2240 5327">
     <span class='ocr_line' id='line_1_86' title="bbox 679 5271 2240 5327; baseline 0.004 -6"><span class='ocrx_word' id='word_1_639' title='bbox 679 5286 784 5322; x_wconf 85' lang='lat' dir='ltr'><strong>unn</strong></span> <span class='ocrx_word' id='word_1_640' title='bbox 814 5285 999 5327; x_wconf 91' lang='lat' dir='ltr'><strong>omnes</strong></span> <span class='ocrx_word' id='word_1_641' title='bbox 1022 5271 1267 5324; x_wconf 89' lang='lat' dir='ltr'><strong>homines</strong></span> <span class='ocrx_word' id='word_1_642' title='bbox 1296 5271 1349 5324; x_wconf 93' lang='lat' dir='ltr'><strong>in</strong></span> <span class='ocrx_word' id='word_1_643' title='bbox 1380 5271 1477 5325; x_wconf 89' lang='lat' dir='ltr'><strong>has</strong></span> <span class='ocrx_word' id='word_1_644' title='bbox 1504 5272 1831 5326; x_wconf 89' lang='lat' dir='ltr'><strong>calamitates</strong></span> <span class='ocrx_word' id='word_1_645' title='bbox 1858 5271 2092 5327; x_wconf 87' lang='lat' dir='ltr'><strong>incidere</strong></span> <span class='ocrx_word' id='word_1_646' title='bbox 2111 5287 2240 5327; x_wconf 89' lang='lat' dir='ltr'><strong>con-</strong></span> 
     </span>
    </p>
   </div>
   <div class='ocr_carea' id='block_1_86' title="bbox 676 5363 2237 5431">
    <p class='ocr_par' dir='ltr' id='par_1_86' title="bbox 676 5363 2237 5431">
     <span class='ocr_line' id='line_1_87' title="bbox 676 5363 2237 5431; baseline 0.003 -16"><span class='ocrx_word' id='word_1_647' title='bbox 676 5374 985 5427; x_wconf 72' lang='lat' dir='ltr'><strong>siteverunt,</strong></span> <span class='ocrx_word' id='word_1_648' title='bbox 1011 5363 1108 5417; x_wconf 91' lang='lat' dir='ltr'><strong>sed</strong></span> <span class='ocrx_word' id='word_1_649' title='bbox 1136 5363 1351 5431; x_wconf 89' lang='lat' dir='ltr'><strong>quidam</strong></span> <span class='ocrx_word' id='word_1_650' title='bbox 1379 5363 1671 5428; x_wconf 90' lang='lat' dir='ltr'><strong>duntaxat,</strong></span> <span class='ocrx_word' id='word_1_651' title='bbox 1704 5363 2107 5431; x_wconf 87' lang='lat' dir='ltr'><strong>exploratutnne</strong></span> <span class='ocrx_word' id='word_1_652' title='bbox 2154 5373 2237 5419; x_wconf 87' lang='lat' dir='ltr'><strong>est</strong></span> 
     </span>
    </p>
   </div>
   <div class='ocr_carea' id='block_1_87' title="bbox 677 5452 2235 5521">
    <p class='ocr_par' dir='ltr' id='par_1_87' title="bbox 677 5452 2235 5521">
     <span class='ocr_line' id='line_1_88' title="bbox 677 5452 2235 5521; baseline 0.005 -19"><span class='ocrx_word' id='word_1_653' title='bbox 677 5452 893 5517; x_wconf 87' lang='lat' dir='ltr'><strong>quinam</strong></span> <span class='ocrx_word' id='word_1_654' title='bbox 939 5452 1049 5506; x_wconf 92' lang='lat' dir='ltr'><strong>sint</strong></span> <span class='ocrx_word' id='word_1_655' title='bbox 1095 5468 1226 5521; x_wconf 79' lang='lat' dir='ltr'><strong>quos</strong></span> <span class='ocrx_word' id='word_1_656' title='bbox 1270 5454 1527 5507; x_wconf 84' lang='lat' dir='ltr'><strong>malorum</strong></span> <span class='ocrx_word' id='word_1_657' title='bbox 1576 5454 1894 5509; x_wconf 85' lang='lat' dir='ltr'><strong>acerbitates</strong></span> <span class='ocrx_word' id='word_1_658' title='bbox 1946 5464 2235 5521; x_wconf 68' lang='lat' dir='ltr'><strong>arrepturte</strong></span> 
     </span>
    </p>
   </div>
   <div class='ocr_carea' id='block_1_88' title="bbox 676 5543 2240 5616">
    <p class='ocr_par' dir='ltr' id='par_1_88' title="bbox 676 5543 2240 5616">
     <span class='ocr_line' id='line_1_89' title="bbox 676 5543 2240 5616; baseline 0.001 -16"><span class='ocrx_word' id='word_1_659' title='bbox 676 5543 817 5606; x_wconf 81' lang='lat' dir='ltr'><strong>sint;</strong></span> <span class='ocrx_word' id='word_1_660' title='bbox 847 5556 915 5597; x_wconf 86' lang='lat' dir='ltr'><strong>an</strong></span> <span class='ocrx_word' id='word_1_661' title='bbox 943 5553 1126 5597; x_wconf 83' lang='lat' dir='ltr'><strong>contra</strong></span> <span class='ocrx_word' id='word_1_662' title='bbox 1171 5545 1301 5599; x_wconf 72' lang='lat' dir='ltr'><strong>citra</strong></span> <span class='ocrx_word' id='word_1_663' title='bbox 1353 5545 1518 5598; x_wconf 88' lang='lat' dir='ltr'><strong>ullam</strong></span> <span class='ocrx_word' id='word_1_664' title='bbox 1564 5543 1958 5610; x_wconf 74' lang='lat' dir='ltr'><strong>distinctionem</strong></span> <span class='ocrx_word' id='word_1_665' title='bbox 1989 5554 2145 5616; x_wconf 90' lang='lat' dir='ltr'><strong>atque</strong></span> <span class='ocrx_word' id='word_1_666' title='bbox 2172 5562 2240 5601; x_wconf 83' lang='lat' dir='ltr'><strong>ex</strong></span> 
     </span>
    </p>
   </div>
   <div class='ocr_carea' id='block_1_89' title="bbox 2323 3316 3842 3406">
    <p class='ocr_par' dir='ltr' id='par_1_89' title="bbox 2323 3316 3842 3406">
     <span class='ocr_line' id='line_1_90' title="bbox 2323 3316 3842 3406; baseline -0.022 -8"><span class='ocrx_word' id='word_1_667' title='bbox 2323 3341 2480 3406; x_wconf 84' lang='grc' dir='ltr'>ἀλλά,</span> <span class='ocrx_word' id='word_1_668' title='bbox 2514 3316 2622 3393; x_wconf 65' lang='grc' dir='ltr'>πᾶν</span> <span class='ocrx_word' id='word_1_669' title='bbox 2662 3338 2690 3390; x_wconf 78' lang='grc' dir='ltr'>δ</span> <span class='ocrx_word' id='word_1_670' title='bbox 2732 3353 2785 3387; x_wconf 89' lang='grc' dir='ltr'><strong>τι</strong></span> <span class='ocrx_word' id='word_1_671' title='bbox 2825 3332 2990 3386; x_wconf 84' lang='grc' dir='ltr'>καλὸν</span> <span class='ocrx_word' id='word_1_672' title='bbox 3035 3330 3128 3382; x_wconf 77' lang='grc' dir='ltr'><strong>και</strong></span> <span class='ocrx_word' id='word_1_673' title='bbox 3162 3325 3361 3396; x_wconf 84' lang='grc' dir='ltr'>τέρψιν</span> <span class='ocrx_word' id='word_1_674' title='bbox 3409 3319 3679 3394; x_wconf 74' lang='grc' dir='ltr'>ἐμποιοῦν,</span> <span class='ocrx_word' id='word_1_675' title='bbox 3723 3316 3842 3367; x_wconf 80' lang='grc' dir='ltr'>τοῦτο</span> 
     </span>
    </p>
   </div>
   <div class='ocr_carea' id='block_1_90' title="bbox 2324 3407 3841 3499">
    <p class='ocr_par' dir='ltr' id='par_1_90' title="bbox 2324 3407 3841 3499">
     <span class='ocr_line' id='line_1_91' title="bbox 2324 3407 3841 3499; baseline -0.021 -9"><span class='ocrx_word' id='word_1_676' title='bbox 2324 3430 2694 3489; x_wconf 82' lang='grc' dir='ltr'>ὑποδεικνύειν</span> <span class='ocrx_word' id='word_1_677' title='bbox 2723 3428 2800 3499; x_wconf 85' lang='grc' dir='ltr'>τῷ</span> <span class='ocrx_word' id='word_1_678' title='bbox 2828 3424 3009 3486; x_wconf 75' lang='grc' dir='ltr'>παιδὶ,</span> <span class='ocrx_word' id='word_1_679' title='bbox 3031 3420 3226 3492; x_wconf 82' lang='grc' dir='ltr'>χορούς</span> <span class='ocrx_word' id='word_1_680' title='bbox 3247 3436 3307 3470; x_wconf 91' lang='grc' dir='ltr'><strong>τε</strong></span> <span class='ocrx_word' id='word_1_681' title='bbox 3346 3412 3655 3485; x_wconf 81' lang='grc' dir='ltr'>συγκροτεῖν</span> <span class='ocrx_word' id='word_1_682' title='bbox 3683 3410 3731 3460; x_wconf 82' lang='grc' dir='ltr'>ὲν</span> <span class='ocrx_word' id='word_1_683' title='bbox 3755 3407 3841 3466; x_wconf 77' lang='grc' dir='ltr'>ταῖς</span> 
     </span>
    </p>
   </div>
   <div class='ocr_carea' id='block_1_91' title="bbox 2324 3498 3841 3593">
    <p class='ocr_par' dir='ltr' id='par_1_91' title="bbox 2324 3498 3841 3593">
     <span class='ocr_line' id='line_1_92' title="bbox 2324 3498 3841 3593; baseline -0.021 -12"><span class='ocrx_word' id='word_1_684' title='bbox 2324 3528 2464 3589; x_wconf 85' lang='grc' dir='ltr'>ὁδοῖς</span> <span class='ocrx_word' id='word_1_685' title='bbox 2514 3519 2917 3593; x_wconf 88' lang='grc' dir='ltr'>παναρμονίους</span> <span class='ocrx_word' id='word_1_686' title='bbox 2970 3512 3313 3585; x_wconf 81' lang='grc' dir='ltr'>κροτούντων</span> <span class='ocrx_word' id='word_1_687' title='bbox 3354 3508 3494 3579; x_wconf 77' lang='grc' dir='ltr'>ᾠδὰς</span> <span class='ocrx_word' id='word_1_688' title='bbox 3542 3504 3630 3559; x_wconf 70' lang='grc' dir='ltr'><strong>καὶ</strong></span> <span class='ocrx_word' id='word_1_689' title='bbox 3671 3498 3841 3553; x_wconf 55' lang='lat' dir='ltr'><strong>noua:</strong></span> 
     </span>
    </p>
   </div>
   <div class='ocr_carea' id='block_1_92' title="bbox 2327 3588 3841 3689">
    <p class='ocr_par' dir='ltr' id='par_1_92' title="bbox 2327 3588 3841 3689">
     <span class='ocr_line' id='line_1_93' title="bbox 2327 3588 3841 3689; baseline -0.021 -15"><span class='ocrx_word' id='word_1_690' title='bbox 2327 3620 2529 3689; x_wconf 85' lang='grc' dir='ltr'>θέατρα</span> <span class='ocrx_word' id='word_1_691' title='bbox 2569 3610 2965 3671; x_wconf 85' lang='grc' dir='ltr'>συνιστώντων,</span> <span class='ocrx_word' id='word_1_692' title='bbox 3014 3608 3155 3661; x_wconf 80' lang='grc' dir='ltr'>ὥστε</span> <span class='ocrx_word' id='word_1_693' title='bbox 3197 3604 3413 3665; x_wconf 87' lang='grc' dir='ltr'>τούτοις</span> <span class='ocrx_word' id='word_1_694' title='bbox 3443 3600 3536 3653; x_wconf 78' lang='grc' dir='ltr'><strong>τὸν</strong></span> <span class='ocrx_word' id='word_1_695' title='bbox 3568 3593 3682 3649; x_wconf 81' lang='grc' dir='ltr'>νοῦν</span> <span class='ocrx_word' id='word_1_696' title='bbox 3717 3588 3841 3646; x_wconf 68' lang='grc' dir='ltr'>αὐτοῦ</span> 
     </span>
    </p>
   </div>
   <div class='ocr_carea' id='block_1_93' title="bbox 2329 3696 3283 3780">
    <p class='ocr_par' dir='ltr' id='par_1_93' title="bbox 2329 3696 3283 3780">
     <span class='ocr_line' id='line_1_94' title="bbox 2329 3696 3283 3780; baseline -0.019 -14"><span class='ocrx_word' id='word_1_697' title='bbox 2329 3704 2760 3780; x_wconf 86' lang='grc' dir='ltr'>ἀπασχολεῖσθαι</span> <span class='ocrx_word' id='word_1_698' title='bbox 2786 3703 2881 3757; x_wconf 72' lang='grc' dir='ltr'><strong>καὶ</strong></span> <span class='ocrx_word' id='word_1_699' title='bbox 2911 3696 3283 3772; x_wconf 73' lang='grc' dir='ltr'>ἐνήδύνεσθαι.</span> 
     </span>
    </p>
   </div>
   <div class='ocr_carea' id='block_1_94' title="bbox 2412 3859 3843 3957">
    <p class='ocr_par' dir='ltr' id='par_1_94' title="bbox 2412 3859 3843 3957">
     <span class='ocr_line' id='line_1_95' title="bbox 2412 3859 3843 3957; baseline -0.018 -17"><span class='ocrx_word' id='word_1_700' title='bbox 2412 3884 2632 3957; x_wconf 79' lang='grc' dir='ltr'>Ἀμέλει</span> <span class='ocrx_word' id='word_1_701' title='bbox 2666 3878 2867 3935; x_wconf 71' lang='grc' dir='ltr'>οὑτωσὶ</span> <span class='ocrx_word' id='word_1_702' title='bbox 2907 3873 3189 3947; x_wconf 78' lang='grc' dir='ltr'>συχνάζων</span> <span class='ocrx_word' id='word_1_703' title='bbox 3216 3874 3274 3926; x_wconf 84' lang='grc' dir='ltr'>ὲν</span> <span class='ocrx_word' id='word_1_704' title='bbox 3317 3871 3441 3934; x_wconf 81' lang='grc' dir='ltr'>ταῖς</span> <span class='ocrx_word' id='word_1_705' title='bbox 3478 3859 3843 3957; x_wconf 15' lang='grc' dir='ltr'>προόδοιςὸᾼτώ</span> 
     </span>
    </p>
   </div>
   <div class='ocr_carea' id='block_1_95' title="bbox 2334 3952 3847 4053">
    <p class='ocr_par' dir='ltr' id='par_1_95' title="bbox 2334 3952 3847 4053">
     <span class='ocr_line' id='line_1_96' title="bbox 2334 3952 3847 4053; baseline -0.02 -17"><span class='ocrx_word' id='word_1_706' title='bbox 2334 3952 2595 4053; x_wconf 74' lang='grc' dir='ltr'>βασιλέως</span> <span class='ocrx_word' id='word_1_707' title='bbox 2623 3975 2758 4041; x_wconf 82' lang='grc' dir='ltr'>υἱὸς,</span> <span class='ocrx_word' id='word_1_708' title='bbox 2789 3971 2929 4026; x_wconf 73' lang='grc' dir='ltr'>εἶδεν</span> <span class='ocrx_word' id='word_1_709' title='bbox 2954 3972 3012 4023; x_wconf 80' lang='grc' dir='ltr'>ὲν</span> <span class='ocrx_word' id='word_1_710' title='bbox 3040 3969 3139 4039; x_wconf 82' lang='grc' dir='ltr'>μιᾷ</span> <span class='ocrx_word' id='word_1_711' title='bbox 3300 3961 3549 4034; x_wconf 82' lang='grc' dir='ltr'>ἡμερῶν,</span> <span class='ocrx_word' id='word_1_712' title='bbox 3569 3957 3697 4053; x_wconf 74' lang='grc' dir='ltr'>κατὰ</span> <span class='ocrx_word' id='word_1_713' title='bbox 3714 3952 3847 4053; x_wconf 77' lang='grc' dir='ltr'>λήθην</span> 
     </span>
    </p>
   </div>
   <div class='ocr_carea' id='block_1_96' title="bbox 2331 4048 3848 4140">
    <p class='ocr_par' dir='ltr' id='par_1_96' title="bbox 2331 4048 3848 4140">
     <span class='ocr_line' id='line_1_97' title="bbox 2331 4048 3848 4140; baseline -0.02 -12"><span class='ocrx_word' id='word_1_714' title='bbox 2331 4048 2443 4129; x_wconf 73' lang='grc' dir='ltr'><strong>τῶν</strong></span> <span class='ocrx_word' id='word_1_715' title='bbox 2474 4068 2787 4140; x_wconf 83' lang='grc' dir='ltr'>ὑπηρετῶν,</span> <span class='ocrx_word' id='word_1_716' title='bbox 2822 4064 3025 4134; x_wconf 80' lang='grc' dir='ltr'>ἄνδρας</span> <span class='ocrx_word' id='word_1_717' title='bbox 3055 4060 3149 4113; x_wconf 87' lang='grc' dir='ltr'><strong>δύο</strong></span> <span class='ocrx_word' id='word_1_718' title='bbox 3168 4097 3184 4123; x_wconf 95' lang='grc'><strong>,</strong></span> <span class='ocrx_word' id='word_1_719' title='bbox 3214 4051 3290 4111; x_wconf 81' lang='grc' dir='ltr'>ὧν</span> <span class='ocrx_word' id='word_1_720' title='bbox 3324 4059 3353 4110; x_wconf 90' lang='lat'><strong>6</strong></span> <span class='ocrx_word' id='word_1_721' title='bbox 3381 4055 3481 4127; x_wconf 80' lang='grc' dir='ltr'>μὲν</span> <span class='ocrx_word' id='word_1_722' title='bbox 3509 4048 3848 4140; x_wconf 74' lang='grc' dir='ltr'>λελωϐημένος,</span> 
     </span>
    </p>
   </div>
   <div class='ocr_carea' id='block_1_97' title="bbox 2332 4138 3850 4235">
    <p class='ocr_par' dir='ltr' id='par_1_97' title="bbox 2332 4138 3850 4235">
     <span class='ocr_line' id='line_1_98' title="bbox 2332 4138 3850 4235; baseline -0.02 -14"><span class='ocrx_word' id='word_1_723' title='bbox 2332 4165 2531 4235; x_wconf 82' lang='grc' dir='ltr'>τυφλὸς</span> <span class='ocrx_word' id='word_1_724' title='bbox 2648 4164 2676 4216; x_wconf 93' lang='lat'><strong>6</strong></span> <span class='ocrx_word' id='word_1_725' title='bbox 2712 4160 2901 4231; x_wconf 73' lang='grc' dir='ltr'>ἕτερος</span> <span class='ocrx_word' id='word_1_726' title='bbox 2942 4151 3033 4227; x_wconf 76' lang='grc' dir='ltr'><strong>ἦν’</strong></span> <span class='ocrx_word' id='word_1_727' title='bbox 3065 4152 3157 4216; x_wconf 81' lang='grc' dir='ltr'><strong>οὓς</strong></span> <span class='ocrx_word' id='word_1_728' title='bbox 3190 4150 3336 4215; x_wconf 80' lang='grc' dir='ltr'>ἰδὼν,</span> <span class='ocrx_word' id='word_1_729' title='bbox 3380 4149 3474 4203; x_wconf 72' lang='grc' dir='ltr'><strong>καὶ</strong></span> <span class='ocrx_word' id='word_1_730' title='bbox 3502 4143 3753 4235; x_wconf 72' lang='grc' dir='ltr'>ἀηδισθεὶς</span> <span class='ocrx_word' id='word_1_731' title='bbox 3774 4138 3850 4207; x_wconf 77' lang='grc' dir='ltr'><strong>τήν</strong></span> 
     </span>
    </p>
   </div>
   <div class='ocr_carea' id='block_1_98' title="bbox 2333 4233 3850 4330">
    <p class='ocr_par' dir='ltr' id='par_1_98' title="bbox 2333 4233 3850 4330">
     <span class='ocr_line' id='line_1_99' title="bbox 2333 4233 3850 4330; baseline -0.02 -17"><span class='ocrx_word' id='word_1_732' title='bbox 2333 4233 2533 4330; x_wconf 53' lang='grc' dir='ltr'>ψυγὴν,</span> <span class='ocrx_word' id='word_1_733' title='bbox 2563 4254 2712 4322; x_wconf 82' lang='grc' dir='ltr'>λέγει</span> <span class='ocrx_word' id='word_1_734' title='bbox 2745 4253 2854 4315; x_wconf 86' lang='grc' dir='ltr'>τοῖς</span> <span class='ocrx_word' id='word_1_735' title='bbox 2893 4247 3013 4319; x_wconf 77' lang='grc' dir='ltr'>μετ’</span> <span class='ocrx_word' id='word_1_736' title='bbox 3051 4243 3237 4301; x_wconf 70' lang='grc' dir='ltr'>αὐτοῦ’</span> <span class='ocrx_word' id='word_1_737' title='bbox 3268 4242 3430 4304; x_wconf 88' lang='grc' dir='ltr'>Τίνες</span> <span class='ocrx_word' id='word_1_738' title='bbox 3471 4234 3636 4299; x_wconf 75' lang='grc' dir='ltr'>οὗτοι,</span> <span class='ocrx_word' id='word_1_739' title='bbox 3668 4233 3749 4330; x_wconf 64' lang='grc' dir='ltr'><strong>κει)⁸</strong></span> <span class='ocrx_word' id='word_1_740' title='bbox 3776 4246 3850 4282; x_wconf 79' lang='grc' dir='ltr'>πο-</span> 
     </span>
    </p>
   </div>
   <div class='ocr_carea' id='block_1_99' title="bbox 2335 4325 3851 4421">
    <p class='ocr_par' dir='ltr' id='par_1_99' title="bbox 2335 4325 3851 4421">
     <span class='ocr_line' id='line_1_100' title="bbox 2335 4325 3851 4421; baseline -0.023 -15"><span class='ocrx_word' id='word_1_741' title='bbox 2335 4325 2482 4421; x_wconf 70' lang='grc' dir='ltr'>ταπή</span> <span class='ocrx_word' id='word_1_742' title='bbox 2509 4351 2544 4420; x_wconf 89' lang='grc' dir='ltr'><strong>ή</strong></span> <span class='ocrx_word' id='word_1_743' title='bbox 2577 4344 2848 4417; x_wconf 78' lang='grc' dir='ltr'>δυσχερὴς</span> <span class='ocrx_word' id='word_1_744' title='bbox 2891 4340 3071 4396; x_wconf 79' lang='grc' dir='ltr'>αὐτῶν</span> <span class='ocrx_word' id='word_1_745' title='bbox 3115 4337 3246 4401; x_wconf 88' lang='grc' dir='ltr'>θέα;</span> <span class='ocrx_word' id='word_1_746' title='bbox 3279 4336 3345 4388; x_wconf 86' lang='grc' dir='ltr'><strong>υἱ</strong></span> <span class='ocrx_word' id='word_1_747' title='bbox 3386 4333 3473 4396; x_wconf 80' lang='grc' dir='ltr'><strong>δὲ,</strong></span> <span class='ocrx_word' id='word_1_748' title='bbox 3510 4330 3582 4401; x_wconf 84' lang='grc' dir='ltr'>μὴ</span> <span class='ocrx_word' id='word_1_749' title='bbox 3613 4325 3851 4421; x_wconf 55' lang='grc' dir='ltr'>δυνάμενοι</span> 
     </span>
    </p>
   </div>
   <div class='ocr_carea' id='block_1_100' title="bbox 2335 4411 3849 4514">
    <p class='ocr_par' dir='ltr' id='par_1_100' title="bbox 2335 4411 3849 4514">
     <span class='ocr_line' id='line_1_101' title="bbox 2335 4411 3849 4514; baseline -0.024 -14"><span class='ocrx_word' id='word_1_750' title='bbox 2335 4446 2399 4500; x_wconf 87' lang='grc' dir='ltr'><strong>τδ</strong></span> <span class='ocrx_word' id='word_1_751' title='bbox 2430 4411 2510 4507; x_wconf 77' lang='grc' dir='ltr'><strong>είς</strong></span> <span class='ocrx_word' id='word_1_752' title='bbox 2532 4411 2725 4514; x_wconf 59' lang='grc' dir='ltr'>θρασιν</span> <span class='ocrx_word' id='word_1_753' title='bbox 2749 4411 2920 4493; x_wconf 73' lang='grc' dir='ltr'><strong>αύτοῦ</strong></span> <span class='ocrx_word' id='word_1_754' title='bbox 2950 4433 3101 4487; x_wconf 73' lang='grc' dir='ltr'>ἐλθὸν</span> <span class='ocrx_word' id='word_1_755' title='bbox 3121 4427 3462 4500; x_wconf 74' lang='grc' dir='ltr'>ἀποκρύψαι,</span> <span class='ocrx_word' id='word_1_756' title='bbox 3489 4424 3713 4514; x_wconf 66' lang='grc' dir='ltr'>ἔφησανῖ</span> <span class='ocrx_word' id='word_1_757' title='bbox 3734 4411 3849 4514; x_wconf 68' lang='grc' dir='ltr'><strong>Πάθη</strong></span> 
     </span>
    </p>
   </div>
   <div class='ocr_carea' id='block_1_101' title="bbox 2339 4503 3853 4597">
    <p class='ocr_par' dir='ltr' id='par_1_101' title="bbox 2339 4503 3853 4597">
     <span class='ocr_line' id='line_1_102' title="bbox 2339 4503 3853 4597; baseline -0.02 -7"><span class='ocrx_word' id='word_1_758' title='bbox 2339 4503 2514 4589; x_wconf 82' lang='grc' dir='ltr'>ταῦτά</span> <span class='ocrx_word' id='word_1_759' title='bbox 2546 4503 2686 4586; x_wconf 51' lang='grc' dir='ltr'>ε’ίσιν</span> <span class='ocrx_word' id='word_1_760' title='bbox 2726 4526 3077 4597; x_wconf 86' lang='grc' dir='ltr'>ἀνθρώπινα,</span> <span class='ocrx_word' id='word_1_761' title='bbox 3119 4522 3278 4576; x_wconf 85' lang='grc' dir='ltr'>ἆτινα</span> <span class='ocrx_word' id='word_1_762' title='bbox 3320 4518 3383 4583; x_wconf 76' lang='grc' dir='ltr'><strong>ἐξ</strong></span> <span class='ocrx_word' id='word_1_763' title='bbox 3417 4516 3546 4585; x_wconf 78' lang='grc' dir='ltr'>ὓλης</span> <span class='ocrx_word' id='word_1_764' title='bbox 3581 4503 3853 4579; x_wconf 78' lang='grc' dir='ltr'>διεφθαρμέ-</span> 
     </span>
    </p>
   </div>
   <div class='ocr_carea' id='block_1_102' title="bbox 2344 4596 3853 4698">
    <p class='ocr_par' dir='ltr' id='par_1_102' title="bbox 2344 4596 3853 4698">
     <span class='ocr_line' id='line_1_103' title="bbox 2344 4596 3853 4698; baseline -0.023 -17"><span class='ocrx_word' id='word_1_765' title='bbox 2344 4644 2443 4698; x_wconf 84' lang='grc' dir='ltr'>νης</span> <span class='ocrx_word' id='word_1_766' title='bbox 2470 4625 2567 4678; x_wconf 75' lang='grc' dir='ltr'><strong>καὶ</strong></span> <span class='ocrx_word' id='word_1_767' title='bbox 2590 4620 2842 4693; x_wconf 81' lang='grc' dir='ltr'>σώματος</span> <span class='ocrx_word' id='word_1_768' title='bbox 2864 4615 3070 4685; x_wconf 87' lang='grc' dir='ltr'>κακοχύ</span> <span class='ocrx_word' id='word_1_769' title='bbox 3081 4630 3181 4684; x_wconf 86' lang='grc' dir='ltr'><strong>μου</strong></span> <span class='ocrx_word' id='word_1_770' title='bbox 3204 4613 3319 4674; x_wconf 86' lang='grc' dir='ltr'>τοῖς</span> <span class='ocrx_word' id='word_1_771' title='bbox 3333 4608 3576 4698; x_wconf 31' lang='grc' dir='ltr'>Ξβροτοίς-</span> <span class='ocrx_word' id='word_1_772' title='bbox 3592 4596 3853 4696; x_wconf 61' lang='grc' dir='ltr'>συμϐαίνειν</span> 
     </span>
    </p>
   </div>
   <div class='ocr_carea' id='block_1_103' title="bbox 2344 4696 3855 4780">
    <p class='ocr_par' dir='ltr' id='par_1_103' title="bbox 2344 4696 3855 4780">
     <span class='ocr_line' id='line_1_104' title="bbox 2344 4696 3855 4780; baseline -0.024 -7"><span class='ocrx_word' id='word_1_773' title='bbox 2344 4696 2525 4773; x_wconf 84' lang='grc' dir='ltr'>εῐωθε.</span> <span class='ocrx_word' id='word_1_774' title='bbox 2555 4712 2667 4768; x_wconf 80' lang='grc' dir='ltr'><strong>Καί</strong></span> <span class='ocrx_word' id='word_1_775' title='bbox 2692 4726 2857 4780; x_wconf 87' lang='grc' dir='ltr'>φησιν</span> <span class='ocrx_word' id='word_1_776' title='bbox 2877 4709 2905 4761; x_wconf 89' lang='lat'><strong>6</strong></span> <span class='ocrx_word' id='word_1_777' title='bbox 2930 4709 3080 4770; x_wconf 86' lang='grc' dir='ltr'>παῖς·</span> <span class='ocrx_word' id='word_1_778' title='bbox 3110 4704 3253 4757; x_wconf 69' lang='lat' dir='ltr'><strong>nam</strong></span> <span class='ocrx_word' id='word_1_779' title='bbox 3277 4704 3390 4763; x_wconf 85' lang='grc' dir='ltr'>τοῖς</span> <span class='ocrx_word' id='word_1_780' title='bbox 3414 4696 3703 4769; x_wconf 85' lang='grc' dir='ltr'>ἀνθρώποις</span> <span class='ocrx_word' id='word_1_781' title='bbox 3722 4699 3855 4742; x_wconf 82' lang='grc' dir='ltr'>ταυτα</span> 
     </span>
    </p>
   </div>
   <div class='ocr_carea' id='block_1_104' title="bbox 2345 4781 3853 4874">
    <p class='ocr_par' dir='ltr' id='par_1_104' title="bbox 2345 4781 3853 4874">
     <span class='ocr_line' id='line_1_105' title="bbox 2345 4781 3853 4874; baseline -0.017 -10"><span class='ocrx_word' id='word_1_782' title='bbox 2345 4810 2579 4864; x_wconf 72' lang='grc' dir='ltr'>εἴθισται</span> <span class='ocrx_word' id='word_1_783' title='bbox 2629 4802 2981 4874; x_wconf 70' lang='grc' dir='ltr'>συμϐαίνεινς</span> <span class='ocrx_word' id='word_1_784' title='bbox 3015 4798 3283 4865; x_wconf 83' lang='grc' dir='ltr'>Λέγουσιν</span> <span class='ocrx_word' id='word_1_785' title='bbox 3330 4793 3547 4845; x_wconf 65' lang='grc' dir='ltr'>ἐκεῖνον</span> <span class='ocrx_word' id='word_1_786' title='bbox 3599 4784 3665 4840; x_wconf 79' lang='grc' dir='ltr'><strong>Οὐ</strong></span> <span class='ocrx_word' id='word_1_787' title='bbox 3706 4781 3853 4874; x_wconf 41' lang='grc' dir='ltr'>πᾶσίν,</span> 
     </span>
    </p>
   </div>
   <div class='ocr_carea' id='block_1_105' title="bbox 2347 4866 3855 4965">
    <p class='ocr_par' dir='ltr' id='par_1_105' title="bbox 2347 4866 3855 4965">
     <span class='ocr_line' id='line_1_106' title="bbox 2347 4866 3855 4965; baseline -0.022 -9"><span class='ocrx_word' id='word_1_788' title='bbox 2347 4901 2464 4957; x_wconf 85' lang='grc' dir='ltr'>ἀλλ’</span> <span class='ocrx_word' id='word_1_789' title='bbox 2492 4896 2574 4961; x_wconf 81' lang='grc' dir='ltr'>οἷς</span> <span class='ocrx_word' id='word_1_790' title='bbox 2603 4897 2669 4951; x_wconf 84' lang='grc' dir='ltr'><strong>ἂν</strong></span> <span class='ocrx_word' id='word_1_791' title='bbox 2696 4866 2995 4965; x_wconf 77' lang='grc' dir='ltr'>έκτραπείη</span> <span class='ocrx_word' id='word_1_792' title='bbox 3025 4891 3086 4943; x_wconf 84' lang='grc' dir='ltr'><strong>τὸ</strong></span> <span class='ocrx_word' id='word_1_793' title='bbox 3109 4885 3344 4956; x_wconf 82' lang='grc' dir='ltr'>ὑγιεινὸν</span> <span class='ocrx_word' id='word_1_794' title='bbox 3375 4887 3440 4938; x_wconf 80' lang='grc' dir='ltr'><strong>ἐκ</strong></span> <span class='ocrx_word' id='word_1_795' title='bbox 3464 4880 3562 4950; x_wconf 81' lang='grc' dir='ltr'>τῆς</span> <span class='ocrx_word' id='word_1_796' title='bbox 3586 4876 3685 4931; x_wconf 86' lang='grc' dir='ltr'>τῶν</span> <span class='ocrx_word' id='word_1_797' title='bbox 3707 4866 3855 4965; x_wconf 69' lang='grc' dir='ltr'>χυμῶν</span> 
     </span>
    </p>
   </div>
   <div class='ocr_carea' id='block_1_106' title="bbox 2352 4963 3853 5068">
    <p class='ocr_par' dir='ltr' id='par_1_106' title="bbox 2352 4963 3853 5068">
     <span class='ocr_line' id='line_1_107' title="bbox 2352 4963 3853 5068; baseline -0.022 -17"><span class='ocrx_word' id='word_1_798' title='bbox 2352 4992 2675 5068; x_wconf 84' lang='grc' dir='ltr'>μοχθηρίας.</span> <span class='ocrx_word' id='word_1_799' title='bbox 2705 4963 2871 5051; x_wconf 76' lang='grc' dir='ltr'>Αὖθις</span> <span class='ocrx_word' id='word_1_800' title='bbox 2892 4980 2985 5039; x_wconf 76' lang='grc' dir='ltr'><strong>οὖν</strong></span> <span class='ocrx_word' id='word_1_801' title='bbox 3008 4980 3337 5036; x_wconf 73' lang='grc' dir='ltr'>ἐπυνθάνετο</span> <span class='ocrx_word' id='word_1_802' title='bbox 3359 4978 3387 5030; x_wconf 88' lang='lat'><strong>6</strong></span> <span class='ocrx_word' id='word_1_803' title='bbox 3409 4977 3553 5037; x_wconf 69' lang='grc' dir='ltr'>παῖς*</span> <span class='ocrx_word' id='word_1_804' title='bbox 3578 4968 3710 5068; x_wconf 29' lang='grc' dir='ltr'><strong>Εἰᾼοὺ</strong></span> <span class='ocrx_word' id='word_1_805' title='bbox 3732 4963 3853 5068; x_wconf 46' lang='lat' dir='ltr'><strong>nisi:</strong></span> 
     </span>
    </p>
   </div>
   <div class='ocr_carea' id='block_1_107' title="bbox 2352 5051 3856 5158">
    <p class='ocr_par' dir='ltr' id='par_1_107' title="bbox 2352 5051 3856 5158">
     <span class='ocr_line' id='line_1_108' title="bbox 2352 5051 3856 5158; baseline -0.023 -17"><span class='ocrx_word' id='word_1_806' title='bbox 2352 5051 2698 5158; x_wconf 50' lang='grc' dir='ltr'>ίρησὶ,’;ιοῦτο</span> <span class='ocrx_word' id='word_1_807' title='bbox 2725 5083 2839 5142; x_wconf 84' lang='grc' dir='ltr'>τοῖς</span> <span class='ocrx_word' id='word_1_808' title='bbox 2872 5074 3183 5149; x_wconf 82' lang='grc' dir='ltr'>ἀνθρώποις</span> <span class='ocrx_word' id='word_1_809' title='bbox 3203 5070 3521 5141; x_wconf 78' lang='grc' dir='ltr'>συμϐαίνειν</span> <span class='ocrx_word' id='word_1_810' title='bbox 3544 5060 3730 5158; x_wconf 72' lang='grc' dir='ltr'>είωθεν,</span> 
     </span>
    </p>
   </div>
   <div class='ocr_carea' id='block_1_108' title="bbox 2350 5154 3854 5248">
    <p class='ocr_par' dir='ltr' id='par_1_108' title="bbox 2350 5154 3854 5248">
     <span class='ocr_line' id='line_1_109' title="bbox 2350 5154 3854 5248; baseline -0.025 -12"><span class='ocrx_word' id='word_1_811' title='bbox 2350 5154 2514 5245; x_wconf 68' lang='grc' dir='ltr'>τισὶν,</span> <span class='ocrx_word' id='word_1_812' title='bbox 2560 5173 2671 5248; x_wconf 85' lang='grc' dir='ltr'>ἆρα</span> <span class='ocrx_word' id='word_1_813' title='bbox 2694 5171 2926 5243; x_wconf 68' lang='grc' dir='ltr'>γνωστοὶ</span> <span class='ocrx_word' id='word_1_814' title='bbox 2956 5166 3381 5237; x_wconf 82' lang='grc' dir='ltr'>καθεστήκασιν,</span> <span class='ocrx_word' id='word_1_815' title='bbox 3413 5159 3504 5224; x_wconf 82' lang='grc' dir='ltr'><strong>οὓς</strong></span> <span class='ocrx_word' id='word_1_816' title='bbox 3534 5154 3700 5248; x_wconf 78' lang='grc' dir='ltr'>μέλλει</span> <span class='ocrx_word' id='word_1_817' title='bbox 3723 5160 3854 5248; x_wconf 73' lang='grc' dir='ltr'>ταυτα</span> 
     </span>
    </p>
   </div>
   <div class='ocr_carea' id='block_1_109' title="bbox 2350 5240 3855 5342">
    <p class='ocr_par' dir='ltr' id='par_1_109' title="bbox 2350 5240 3855 5342">
     <span class='ocr_line' id='line_1_110' title="bbox 2350 5240 3855 5342; baseline -0.023 -16"><span class='ocrx_word' id='word_1_818' title='bbox 2350 5240 2758 5341; x_wconf 75' lang='grc' dir='ltr'>καταλήψεσθαι</span> <span class='ocrx_word' id='word_1_819' title='bbox 2784 5263 2853 5317; x_wconf 74' lang='grc' dir='ltr'>τὰ</span> <span class='ocrx_word' id='word_1_820' title='bbox 2878 5261 3060 5325; x_wconf 74' lang='grc' dir='ltr'>δεινάς</span> <span class='ocrx_word' id='word_1_821' title='bbox 3092 5258 3125 5328; x_wconf 83' lang='grc' dir='ltr'>ἢ</span> <span class='ocrx_word' id='word_1_822' title='bbox 3146 5256 3463 5327; x_wconf 83' lang='grc' dir='ltr'>ἀδιορίστως</span> <span class='ocrx_word' id='word_1_823' title='bbox 3482 5249 3571 5342; x_wconf 72' lang='grc' dir='ltr'>καὶ</span> <span class='ocrx_word' id='word_1_824' title='bbox 3589 5240 3855 5342; x_wconf 46' lang='grc' dir='ltr'>ἀπροξπῖως</span> 
     </span>
    </p>
   </div>
   <div class='ocr_carea' id='block_1_110' title="bbox 2352 5337 3855 5434">
    <p class='ocr_par' dir='ltr' id='par_1_110' title="bbox 2352 5337 3855 5434">
     <span class='ocr_line' id='line_1_111' title="bbox 2352 5337 3855 5434; baseline 0.003 -17"><span class='ocrx_word' id='word_1_825' title='bbox 2352 5337 2677 5434; x_wconf 76' lang='grc' dir='ltr'>ὑφίσταταις</span> <span class='ocrx_word' id='word_1_826' title='bbox 2855 5354 3117 5422; x_wconf 79' lang='grc' dir='ltr'><strong>Λέγουσιν</strong></span> <span class='ocrx_word' id='word_1_827' title='bbox 3155 5349 3373 5400; x_wconf 61' lang='grc' dir='ltr'>ἐκεῖνον</span> <span class='ocrx_word' id='word_1_828' title='bbox 3421 5340 3528 5396; x_wconf 57' lang='grc' dir='ltr'><strong>Καὶ</strong></span> <span class='ocrx_word' id='word_1_829' title='bbox 3570 5337 3645 5434; x_wconf 41' lang='lat' dir='ltr'><strong>cf;</strong></span> <span class='ocrx_word' id='word_1_830' title='bbox 3672 5337 3855 5434; x_wconf 47' lang='lat' dir='ltr'><strong>Tm</strong></span> 
     </span>
    </p>
   </div>
   <div class='ocr_carea' id='block_1_111' title="bbox 2354 5416 3860 5526">
    <p class='ocr_par' dir='ltr' id='par_1_111' title="bbox 2354 5416 3860 5526">
     <span class='ocr_line' id='line_1_112' title="bbox 2354 5416 3860 5526; baseline -0.027 -15"><span class='ocrx_word' id='word_1_831' title='bbox 2354 5416 2590 5526; x_wconf 72' lang='grc' dir='ltr'>θρώπων</span> <span class='ocrx_word' id='word_1_832' title='bbox 2630 5416 2991 5519; x_wconf 42' lang='lat' dir='ltr'><strong>«alluens</strong></span> <span class='ocrx_word' id='word_1_833' title='bbox 3025 5439 3261 5494; x_wconf 85' lang='grc' dir='ltr'>συνιδεῖν</span> <span class='ocrx_word' id='word_1_834' title='bbox 3293 5436 3513 5491; x_wconf 89' lang='grc' dir='ltr'>δύναται</span> <span class='ocrx_word' id='word_1_835' title='bbox 3545 5429 3630 5483; x_wconf 73' lang='grc' dir='ltr'><strong>καὶ</strong></span> <span class='ocrx_word' id='word_1_836' title='bbox 3662 5416 3860 5517; x_wconf 63' lang='grc' dir='ltr'>ἀκριξῶτὶ</span> 
     </span>
    </p>
   </div>
   <div class='ocr_carea' id='block_1_112' title="bbox 2354 5520 3859 5613">
    <p class='ocr_par' dir='ltr' id='par_1_112' title="bbox 2354 5520 3859 5613">
     <span class='ocr_line' id='line_1_113' title="bbox 2354 5520 3859 5613; baseline -0.023 -12"><span class='ocrx_word' id='word_1_837' title='bbox 2354 5520 2686 5613; x_wconf 73' lang='grc' dir='ltr'>ἐπιγνῶναι;</span> <span class='ocrx_word' id='word_1_838' title='bbox 2715 5541 2963 5610; x_wconf 85' lang='grc' dir='ltr'>κρεῖττον</span> <span class='ocrx_word' id='word_1_839' title='bbox 2992 5534 3102 5606; x_wconf 83' lang='grc' dir='ltr'><strong>γὰρ</strong></span> <span class='ocrx_word' id='word_1_840' title='bbox 3127 5529 3473 5603; x_wconf 78' lang='grc' dir='ltr'>ἀνθρωπίνης</span> <span class='ocrx_word' id='word_1_841' title='bbox 3500 5522 3696 5594; x_wconf 80' lang='grc' dir='ltr'>φύσεως</span> <span class='ocrx_word' id='word_1_842' title='bbox 3718 5520 3859 5566; x_wconf 60' lang='grc' dir='ltr'>τουτον</span> 
     </span>
    </p>
   </div>
   <div class='ocr_carea' id='block_1_113' title="bbox 751 5701 2214 5835">
    <p class='ocr_par' dir='ltr' id='par_1_113' title="bbox 751 5747 2214 5835">
     <span class='ocr_line' id='line_1_114' title="bbox 751 5747 2214 5835; baseline -0.014 -12"><span class='ocrx_word' id='word_1_843' title='bbox 751 5767 864 5835; x_wconf 81' lang='lat'><strong>(76)</strong></span> <span class='ocrx_word' id='word_1_844' title='bbox 894 5766 959 5829; x_wconf 69' lang='grc' dir='ltr'><strong>(ἶ,</strong></span> <span class='ocrx_word' id='word_1_845' title='bbox 982 5761 1291 5834; x_wconf 80' lang='grc' dir='ltr'>φαίνεσθαι.</span> <span class='ocrx_word' id='word_1_846' title='bbox 1320 5757 1596 5835; x_wconf 73' lang='lat' dir='ltr'><strong>Libanius,</strong></span> <span class='ocrx_word' id='word_1_847' title='bbox 1625 5762 1671 5835; x_wconf 41' lang='grc' dir='ltr'><strong>ι..</strong></span> <span class='ocrx_word' id='word_1_848' title='bbox 1689 5753 1730 5815; x_wconf 85' lang='grc'>1,</span> <span class='ocrx_word' id='word_1_849' title='bbox 1754 5767 1805 5821; x_wconf 83' lang='lat' dir='ltr'><strong>p.</strong></span> <span class='ocrx_word' id='word_1_850' title='bbox 1830 5752 1937 5835; x_wconf 68' lang='grc'><strong>255</strong></span> <span class='ocrx_word' id='word_1_851' title='bbox 1964 5766 1980 5806; x_wconf 87' lang='lat'><strong>:</strong></span> <span class='ocrx_word' id='word_1_852' title='bbox 2017 5751 2155 5832; x_wconf 83' lang='grc' dir='ltr'>μήτε</span> <span class='ocrx_word' id='word_1_853' title='bbox 2180 5747 2214 5802; x_wconf 71' lang='grc' dir='ltr'><strong>θ</strong></span> 
     </span>
    </p>
   </div>
   <div class='ocr_carea' id='block_1_114' title="bbox 2289 5701 3857 5835">
    <p class='ocr_par' dir='ltr' id='par_1_114' title="bbox 2289 5701 3857 5808">
     <span class='ocr_line' id='line_1_115' title="bbox 2289 5701 3857 5808; baseline -0.034 -3"><span class='ocrx_word' id='word_1_854' title='bbox 2289 5765 2369 5804; x_wconf 81' lang='grc' dir='ltr'><strong>ται</strong></span> <span class='ocrx_word' id='word_1_855' title='bbox 2403 5746 2485 5801; x_wconf 75' lang='grc' dir='ltr'>ἔτι</span> <span class='ocrx_word' id='word_1_856' title='bbox 2512 5744 2638 5808; x_wconf 79' lang='grc' dir='ltr'>τοὺς</span> <span class='ocrx_word' id='word_1_857' title='bbox 2671 5743 2726 5795; x_wconf 75' lang='grc' dir='ltr'>ὲν</span> <span class='ocrx_word' id='word_1_858' title='bbox 2747 5741 2866 5803; x_wconf 79' lang='grc' dir='ltr'>ταῖς</span> <span class='ocrx_word' id='word_1_859' title='bbox 2890 5735 3184 5807; x_wconf 85' lang='grc' dir='ltr'>συνθήκαις</span> <span class='ocrx_word' id='word_1_860' title='bbox 3213 5729 3452 5791; x_wconf 71' lang='grc' dir='ltr'>ἐκείνους</span> <span class='ocrx_word' id='word_1_861' title='bbox 3476 5742 3488 5757; x_wconf 92' lang='grc'><strong>·</strong></span> <span class='ocrx_word' id='word_1_862' title='bbox 3518 5719 3601 5779; x_wconf 81' lang='lat' dir='ltr'><strong>uni</strong></span> <span class='ocrx_word' id='word_1_863' title='bbox 3632 5712 3733 5771; x_wconf 79' lang='lat' dir='ltr'><strong>cod.</strong></span> <span class='ocrx_word' id='word_1_864' title='bbox 3751 5701 3857 5760; x_wconf 74' lang='lat' dir='ltr'><strong><em>lOOG</em></strong></span> 
     </span>
    </p>
   </div>
   <div class='ocr_carea' id='block_1_115' title="bbox 680 5825 2211 5903">
    <p class='ocr_par' dir='ltr' id='par_1_115' title="bbox 680 5825 2211 5903">
     <span class='ocr_line' id='line_1_116' title="bbox 680 5825 2211 5903; baseline -0.011 -8"><span class='ocrx_word' id='word_1_865' title='bbox 680 5825 898 5903; x_wconf 71' lang='grc' dir='ltr'>θήκαις.</span> <span class='ocrx_word' id='word_1_866' title='bbox 924 5825 1124 5891; x_wconf 76' lang='lat' dir='ltr'><strong>omissa</strong></span> <span class='ocrx_word' id='word_1_867' title='bbox 1159 5849 1299 5887; x_wconf 88' lang='lat' dir='ltr'><strong>nunc</strong></span> <span class='ocrx_word' id='word_1_868' title='bbox 1330 5825 1767 5884; x_wconf 85' lang='lat' dir='ltr'><strong>commodissime</strong></span> <span class='ocrx_word' id='word_1_869' title='bbox 1813 5825 2211 5892; x_wconf 58' lang='lat' dir='ltr'><strong>praepositione.</strong></span> 
     </span>
    </p>
   </div>
  </div>
