4070 6422
206 414 311 480 893

1309 415 1489 476 VITA
1526 414 1883 475 BARLAAM
1919 415 2016 475 ET
2048 415 2406 477 JOASAPH.

3347 398 3456 464 894

209 522 303 577 καὶ
335 519 527 593 μόνοις
570 521 968 596 ἀποκληρωθὲν
993 525 1108 587 τοῖς
1143 521 1438 586 ἀθανάτοις
1482 522 1650 586 Θεοῖς.
1681 524 1791 577 Καὶ
1820 575 1823 582 .

1917 516 2187 587 mproviso
2218 514 2572 572 conﬂantur?
2599 513 2670 569 Et
2706 511 2832 582 quis
2874 509 3094 566 tandem
3142 508 3456 572 hominum,

205 611 488 666 ἐπαύσατο
515 613 616 685 μὲν
641 615 672 667 ό
716 613 811 668 τοῦ
856 613 1125 684 βασιλέως
1162 612 1278 676 υἱὸς
1312 611 1631 682 ἐπερωτῶν,
1664 611 1806 694 ὠδυ-

1917 608 2289 680 esponderunt
2323 609 2424 674 illi,
2451 607 2636 662 futura
2668 604 2988 674 perspicere
3018 617 3083 656 ac
3111 601 3353 671 perfecte
3375 601 3460 654 in-

204 702 343 774 νῄθη
377 704 436 757 δὲ
463 703 562 776 τὴν
585 705 816 777 καρδίαν
846 707 941 759 ἐπὶ
969 705 1048 776 τῷ
1077 703 1331 776 όραθέντι
1353 745 1370 769 ,
1408 703 1502 757 καὶ
1527 703 1799 776 ἠλλοιώθη

1917 700 2126 771 :lligere
2145 700 2351 771 queat?
2390 699 2507 755 Hoc
2536 699 2688 754 enim
2719 698 2975 751 humanae
2998 701 3211 748 natura:
3233 702 3459 763 captum

205 796 240 866 ἠ
272 795 461 869 μορφὴ
491 796 587 850 τοῦ
613 796 912 870 προσώπου
940 796 1108 852 αὐτοῦ
1130 796 1209 868 τῷ
1230 795 1494 868 ἀσυνήθει
1523 795 1622 849 τοῦ
1654 796 1802 867 πράο

1917 792 2112 859 ιοεάἱι,
2138 806 2204 847 ac
2231 792 2367 847 solis
2395 788 2802 846 immortalibus
2828 785 2936 840 diis
2983 782 3319 838 attributum
3347 789 3460 837 est.

204 903 446 957 γματος.

1880 885 1980 943 llic
2025 884 2393 956 percontandi
2438 882 2666 954 quidem
2718 879 2884 934 ﬁnem
2924 875 3060 932 fecit
3092 875 3242 944 regis
3278 873 3459 938 ﬁlius;

205 997 408 1037 verum
449 997 516 1036 ex
552 978 873 1050 huiusmodi
904 977 1224 1049 spectaculo
1263 975 1517 1033 dolorem
1553 975 1744 1031 animo
1784 977 1954 1049 cepit,
1985 977 2177 1048 reique
2207 977 2455 1032 novitate
2507 974 2586 1030 ita
2615 972 2848 1028 allectus
2879 978 2988 1036 est,
3032 974 3096 1022 ut
3140 965 3256 1022 oris
3285 965 3465 1036 ipsius

207 1080 394 1135 forma
427 1079 843 1133 immolaretur.

275 1170 416 1225 Μετ’
449 1169 512 1223 ού
567 1169 768 1232 πολλὰς
790 1169 848 1221 δὲ
879 1167 1093 1242 ἡμέρας
1135 1163 1290 1233 αὖθις
1331 1168 1684 1241 διερχόμενος
1716 1167 1804 1220 ὲν-

201 1265 472 1335 τυγχάνει
493 1264 712 1335 γέροντι
737 1263 1180 1334 πεπαλαιωμένῳ
1211 1265 1270 1315 ὲν
1295 1262 1534 1333 ἡμέραις
1554 1260 1802 1327 πολλαῖς,

205 1356 608 1427 ἑρῥικνωμένῳ
649 1355 750 1427 μὲν
793 1355 856 1408 τὸ
884 1356 1200 1425 πρόσωπον,
1260 1355 1583 1426 παρειμένῳ
1612 1353 1669 1407 δὲ
1703 1354 1804 1417 τὰς

205 1452 456 1522 κνήμας,
491 1450 884 1519 συγκεκυφότι,
921 1449 1017 1502 καὶ
1035 1448 1177 1510 ὅλως
1200 1449 1626 1520 πεπολιωμένῳ,
1649 1448 1805 1500 ἐστε-

208 1543 443 1615 ρημένῳ
485 1544 614 1606 τοὺς
671 1542 916 1604 ὀδόντας,
956 1542 1053 1596 καὶ
1093 1541 1483 1610 ὲγκεκομμένα
1530 1539 1805 1593 λαλοῦντι.

209 1634 525 1704 Ἐκπληξις
576 1628 670 1687 οὖν
711 1631 876 1686 αὑτὸν
936 1632 1245 1703 λαμϐάνει⁶
1307 1632 1407 1686 καὶ
1450 1631 1541 1703 δὴ,
1581 1630 1814 1701 πλησίον

206 1730 409 1781 τοῦτον
433 1724 684 1796 ἀγαγὼν,
727 1723 991 1796 ἐπηρώτα
1028 1725 1222 1796 μαθεῖν
1255 1724 1437 1796 τὸτῆς
1463 1724 1594 1788 θέας
1634 1725 1816 1795 παρά-

207 1821 394 1887 δοξον.
427 1823 494 1877 Οί
516 1822 576 1875 δὲ
597 1823 983 1894 συμπαρόντες
1028 1818 1184 1876 εἷπον
1214 1837 1229 1852 ·
1275 1817 1444 1886 Οὗτος
1467 1821 1677 1894 χρόνων
1710 1821 1813 1894 ήδη

211 1916 497 2004 πλείστων
545 1916 808 1985 ὑπάρχει,
871 1913 991 1978 καὶ,
1039 1913 1184 1967 κατά
1226 1914 1424 1986 μικρὸν
1477 1913 1811 1985 μειουμένης
1841 1912 1885 1969 Β

210 2008 368 2080 αύτῷ
397 2010 496 2077 τῆς
533 2008 738 2078 ἰσχύος,
766 2006 1204 2074 ἐξασθενούντων
1236 2006 1294 2059 δὲ
1337 2006 1448 2060 τῶν
1493 2007 1694 2076 μελῶν,
1727 2007 1808 2069 είς

223 2103 296 2171 ἦν
325 2105 463 2173 ὁρᾷς
497 2102 700 2171 ἔφθασε
742 2102 1142 2174 ταλαιπωρίαν.
1172 2101 1284 2155 Καὶ
1319 2102 1392 2166 τί,
1427 2101 1583 2172 φησὶ,
1616 2100 1808 2154 τούτου

211 2196 278 2248 τὸ
298 2196 491 2260 τέλος
525 2197 588 2248 Ol
640 2195 697 2248 δὲ
731 2191 888 2248 εἷπον
918 2194 1071 2266 αὐτῷ
1094 2210 1108 2223 ⁸
1152 2194 1320 2248 Οὐδὲν
1357 2193 1545 2267 ἄλλοῆ
1579 2193 1810 2259 θάνατος

214 2286 387 2341 αὐτὸν
409 2286 734 2352 διαδέξεται.
774 2287 938 2342 Ἀλλά
963 2288 1058 2340 καὶ
1088 2286 1278 2350 πᾶσιν,
1304 2285 1430 2358 ἔφη,
1453 2289 1568 2350 τοῖς
1597 2285 1810 2358 ἀνθρώ-

215 2397 344 2443 ποις
375 2378 538 2433 τοῦτο
593 2379 917 2449 πρόκειται;
976 2380 1011 2451 ἢ
1055 2382 1151 2433 καὶ
1205 2376 1366 2432 τοῦτο
1417 2377 1585 2441 ἐνίοις
1627 2377 1811 2432 αὐτῶν

219 2471 555 2542 συμϐαίνεις
595 2471 1006 2543 Ἀπεκρίθησαν
1034 2473 1235 2524 ἐκεῖνοι
1265 2484 1281 2500 ο
1310 2470 1375 2522 Et
1412 2470 1490 2542 μὴ
1515 2469 1812 2540 προλαϐὼν

217 2566 248 2617 ὸ
275 2565 517 2628 θάνατος
548 2565 879 2636 μεταστήσει
901 2563 1029 2616 τινὰ
1070 2561 1181 2616 τῶν
1213 2561 1488 2626 ἐντεῦθεν,
1521 2562 1812 2628 ἀδύνατον,

218 2659 328 2711 τῶν
360 2658 573 2729 χρόνων
598 2657 1024 2729 προϐαινόντων,
1059 2657 1134 2727 μὴ
1166 2658 1246 2720 είς
1269 2655 1478 2727 ταύτης
1505 2656 1682 2710 ἐλθεῖν
1711 2658 1813 2728 τὴν

219 2752 426 2821 πεῖραν
452 2750 557 2820 τῆς
586 2749 811 2816 τάξεως.
855 2749 964 2803 Καί
1003 2766 1171 2820 φησιν
1209 2752 1236 2804 ὁ
1274 2751 1439 2814 παῖς·
1492 2751 1581 2804 Ἐν
1620 2751 1810 2813 πόσοις

219 2839 313 2895 οὖν
345 2841 499 2896 ἔτεσι
521 2841 682 2895 τοῦτο
701 2841 1000 2913 ἐπέρχεταί
1033 2857 1180 2906 τινι;
1225 2843 1323 2894 καὶ
1352 2845 1402 2895 εί
1437 2843 1654 2904 πάντως
1683 2844 1818 2911 πρό-

223 2952 408 2988 κειται
436 2934 466 2986 ὁ
489 2933 741 2997 θάνατος,
769 2935 864 2986 καὶ
887 2935 988 2986 οὐκ
1014 2932 1129 2986 ἔστι
1162 2932 1385 3003 μέθοδος
1407 2933 1598 2986 τοῦτον
1631 2951 1815 3005 παρα-

220 3028 482 3098 δραμεῖν,
521 3026 614 3080 καὶ
659 3026 794 3096 μηδὲ
827 3028 909 3088 είς
957 3024 1162 3096 ταύτην
1195 3024 1375 3077 ἐλθεῖν
1405 3025 1508 3097 τὴν
1537 3025 1819 3079 ταλαιπω-

225 3122 394 3192 ρίανς
451 3120 716 3188 Λέγουσιν
758 3117 942 3188 αὐτῷ’
993 3118 1082 3170 Ἐν
1135 3117 1470 3186 ὀγδοήκοντα
1509 3117 1607 3186 μὲν
1652 3118 1684 3186 ἢ
1722 3118 1819 3170 καὶ

225 3213 428 3266 ἑκατὸν
448 3212 629 3265 ἐτεσιν
655 3212 736 3273 είς
767 3209 926 3263 τοῦτο
953 3209 1013 3262 τὸ
1037 3209 1220 3279 γῆρας
1253 3206 1363 3280 34
1393 3207 1735 3261 καταντῶσιν
1764 3209 1815 3262 οἱ

226 3308 537 3378 ἂνθρωποι,
564 3300 684 3357 εἶτα
717 3301 1149 3370 ἀποθνήσκουσι,
1187 3301 1262 3374 μὴ
1303 3301 1480 3365 ἄλλως
1529 3301 1816 3374 ὲνδεχομὲ-
1845 3291 1888 3348 C

231 3418 354 3453 νου.
390 3399 560 3469 Χρὲος
591 3395 698 3470 γὰρ
749 3399 981 3466 φυσικὸν
1013 3397 1042 3448 ὁ
1081 3393 1310 3457 θάνατός
1346 3395 1515 3456 ἐστιν,
1545 3391 1606 3458 ἐξ
1637 3392 1818 3464 ἀρχῆς

137 3483 147 3494 ’
233 3491 486 3547 ἐπιτεθὲν
505 3492 619 3554 τοῖς
642 3487 976 3560 ἀνθρώποις,
1027 3487 1122 3541 καὶ
1160 3486 1540 3558 ἀπαραίτητος
1570 3489 1604 3558 ὴ
1628 3485 1821 3540 τούτου

231 3586 545 3648 ἐπέλευσις.

307 3679 501 3733 Ταῦτα
528 3675 707 3730 πάντα
745 3675 822 3738 ὡς
855 3670 962 3728 είδέ
1013 3690 1072 3727 τε
1115 3674 1210 3727 καὶ
1258 3673 1494 3744 ἤκουσεν
1535 3673 1562 3725 δ
1602 3669 1824 3733 συνετὸς

234 3773 444 3833 ὲκείνος
475 3767 570 3821 καὶ
599 3765 861 3839 φρόνιμος
905 3763 1147 3826 νεανίας,
1202 3763 1465 3827 στενάξας
1509 3762 1574 3814 ἐκ
1623 3759 1825 3830 βάθους

238 3861 496 3932 καρδίας,
535 3857 642 3927 ἔφη
669 3873 682 3886 ·
717 3854 920 3927 Πικρὸς
945 3857 972 3907 ὁ
1007 3853 1121 3925 βίος
1168 3846 1325 3916 οὗτος
1362 3853 1459 3906 καὶ
1488 3853 1669 3922 πάσης
1705 3849 1826 3902 ὀδύ-

236 3971 337 4024 νης
362 3952 463 4006 καὶ
501 3951 694 4020 ἀηδίας
720 3947 1027 4011 ἀνάπλεως,
1061 3946 1110 4000 εί
1139 3948 1312 3999 ταῦτα
1343 3945 1516 4008 οὕτως
1547 3945 1681 4014 ἔχει.
1716 3943 1826 3996 Καὶ

235 4047 361 4109 πῶς
401 4043 770 4114 ἀμεριμνήσει
801 4057 886 4103 τις
924 4041 991 4111 τῇ
1026 4037 1326 4111 προσδοκίᾳ
1361 4036 1458 4090 τοῦ
1492 4036 1693 4106 ἀδήλου
1727 4034 1826 4088 θα-

234 4141 432 4203 νάτου,
463 4132 576 4206 οὖὴ
606 4135 814 4196 ἐλευσις
839 4132 900 4186 οὐ
934 4132 1095 4202 μόνον
1124 4130 1523 4201 ἀπαραίτητος,
1559 4127 1697 4182 ἀλλὰ
1725 4127 1825 4180 καὶ

234 4232 464 4301 ἄδηλος,
501 4226 684 4289 καθὼς
707 4226 922 4288 εἴπατε,
953 4224 1225 4295 ὑπάρχεις
1256 4223 1366 4276 Καὶ
1405 4220 1619 4292 ἀπῆλθε
1651 4220 1827 4273 ταῦτα

235 4327 498 4395 στρέφων
539 4323 596 4374 ἐν
622 4319 825 4388 ἐαυτῷ,
877 4319 971 4371 καὶ
1022 4317 1321 4380 ἀπαύστως
1367 4313 1825 4384 διαλογιζόμενος,

232 4419 337 4473 καὶ
388 4415 603 4478 πυκνὰς
635 4411 960 4480 ποιούμενος
1004 4409 1136 4480 περὶ
1165 4407 1261 4462 τοῦ
1295 4405 1528 4461 θανάτου
1559 4407 1661 4469 τὰς
1697 4406 1830 4460 ὑποο

237 4514 501 4584 μνήσεις,
523 4506 714 4568 πόνοις
738 4521 797 4557 τε
823 4504 920 4559 καὶ
948 4501 1211 4572 ἀθυμίαις
1234 4502 1297 4554 ὲκ
1315 4499 1507 4554 τούτου
1535 4497 1711 4563 συζῶν
1731 4497 1831 4550 καὶ¹

1954 1160 2196 1215 Rursum
2231 1167 2418 1213 autem
2449 1160 2598 1212 foras
2628 1157 3016 1228 progrediens,
3052 1156 3107 1212 in
3147 1157 3466 1226 capularem

1886 1251 2181 1319 quemdam
2203 1266 2391 1306 senem
2417 1250 2636 1314 incidit,
2657 1258 2852 1320 rugata
2873 1248 3036 1314 facie,
3060 1248 3252 1303 fractis
3271 1263 3336 1303 ac
3355 1247 3472 1302 dis-

1895 1342 2085 1400 solutis
2116 1343 2280 1407 tibiis,
2313 1355 2477 1396 curvo
2513 1354 2769 1408 corpore,
2817 1341 2995 1404 capite
3041 1347 3257 1404 prorsus
3297 1343 3465 1391 cano.

1895 1434 1985 1502 qui
2017 1441 2268 1500 praeterea
2298 1430 2547 1486 dentibus
2562 1429 2799 1491 carebat,
2828 1436 2986 1495 atque
3002 1423 3271 1479 concisum
3299 1417 3460 1488 quid-

1894 1523 2018 1579 dam
2048 1533 2102 1577 et
2130 1523 2483 1590 interruptum
2512 1517 2847 1588 loquebatur.
2878 1515 3108 1583 Stupore
3137 1513 3318 1578 itaque
3345 1522 3464 1561 coro

1896 1623 2119 1681 reptas,
2150 1627 2270 1667 cum
2300 1610 2571 1664 hominem
2597 1624 2720 1662 eum
2752 1605 2970 1676 propius
3031 1604 3096 1656 ad
3162 1615 3222 1654 se
3270 1595 3462 1652 adduci

1897 1703 2162 1772 iussisset,
2189 1715 2282 1755 eos
2315 1701 2402 1769 qui
2436 1708 2544 1752 tum
2591 1698 2812 1750 aderant
2837 1691 3194 1762 interrogabat
3241 1687 3463 1755 ecquid-

1901 1805 2023 1844 nam
2063 1800 2180 1843 tam
2235 1789 2470 1843 insolens
2523 1786 2880 1853 spectaculum
2929 1793 3092 1837 esset.
3151 1781 3225 1834 Illi
3276 1792 3457 1831 au'em

1905 1882 2156 1935 dixerunt
2186 1897 2199 1932 :
2232 1879 2329 1932 llic
2357 1886 2514 1931 aetate
2542 1875 2695 1929 valde
2742 1881 3054 1942 provectus,
3099 1883 3162 1922 ac
3209 1865 3464 1936 paulatim

1902 1972 2284 2027 decedentibus
2312 1970 2410 2038 ipsi
2439 1969 2639 2024 viribus
2661 2009 2678 2036 ,
2730 1963 3088 2033 membrisque
3128 1957 3466 2014 imbecillita-

1901 2073 2007 2119 tem
2037 2061 2493 2123 contraheulibus,
2525 2058 2588 2112 ad
2622 2059 2759 2112 hanc
2787 2071 2946 2128 quam
2971 2054 3148 2109 cernis
3172 2066 3467 2105 :rrntnnam

1903 2153 2160 2224 pervenit.
2195 2153 2260 2206 Et
2287 2153 2566 2222 quisnam,
2599 2148 2773 2217 inquit
2802 2147 2932 2210 ille,
2974 2143 3141 2212 ipsius
3195 2142 3313 2194 linis
3348 2141 3468 2194 est?

1903 2246 2044 2302 Nihil
2070 2245 2234 2309 aliud,
2260 2245 2504 2312 inquiunt
2531 2241 2632 2306 illi,
2659 2254 2818 2309 quam
2842 2251 2987 2292 mors
3013 2237 3186 2304 ipsum
3218 2234 3466 2300 excipiet.

1906 2337 2235 2393 Omnibusne
2282 2333 2620 2401 hominibus,
2653 2331 2824 2399 inquit
2850 2328 2974 2393 ille,
3008 2329 3108 2380 hoc
3139 2325 3470 2393 propositum

1903 2438 2008 2496 est,
2031 2443 2096 2482 an
2122 2425 2434 2497 quihusdam
2456 2423 2715 2477 duntaxat
2735 2418 3037 2487 contingit?
3063 2414 3478 2484 llesponderont

1906 2521 1980 2575 Illi
2007 2537 2020 2572 :
2053 2519 2161 2574 Nisi
2192 2531 2337 2570 mors
2365 2523 2704 2568 antevertens
2751 2510 2986 2579 aliquem
3037 2507 3162 2560 hinc
3199 2503 3475 2564 abducat,

1909 2610 2025 2664 ﬁeri
2051 2625 2153 2663 non
2185 2613 2360 2675 potest
2390 2604 2513 2674 quin
2561 2602 2818 2669 temporis
2859 2611 3149 2667 progressu
3176 2603 3347 2648 status
3374 2593 3478 2644 bu-

1909 2697 2057 2769 iosce
2085 2695 2375 2764 periculum
2407 2708 2511 2745 non
2545 2691 2719 2744 faciat.
2747 2689 2881 2743 Tum
2913 2687 3224 2741 adolescens
3254 2699 3266 2734 :
3301 2682 3474 2748 Quoto

1909 2803 2053 2842 anno
2083 2787 2185 2842 hoc
2213 2784 2442 2853 cuipiam
2475 2781 2770 2848 contingit?
2811 2787 2972 2847 atque
3019 2789 3310 2845 prorsusne
3342 2773 3475 2826 mori

1911 2891 2133 2935 necesse
2164 2885 2285 2940 est,
2319 2889 2486 2942 neque
2515 2887 2602 2927 ars
2634 2871 2740 2925 ulla
2769 2877 2853 2923 est
2875 2882 2975 2938 qua
3007 2874 3231 2919 mortem
3262 2862 3480 2930 ellugia-

1913 2984 2047 3033 mus,
2077 2967 2310 3036 atquein
2339 2964 2473 3017 hanc
2498 2962 2854 3016 calamitatem
2886 2957 3107 3012 minime
3145 2952 3478 3009 incidamus?

1915 3063 2104 3116 Dicunt
2129 3059 2216 3114 ei:
2247 3055 2603 3124 Octogesimo,
2635 3061 2724 3105 aut
2745 3048 3044 3105 centesimo
3075 3060 3216 3099 anno
3243 3045 3306 3098 ad
3341 3043 3480 3097 hanc

1916 3162 2242 3210 senectutem
2272 3149 2512 3204 homines
2544 3144 2894 3215 perveniunt,
2923 3156 2988 3196 ac
3013 3140 3208 3194 deinde
3247 3136 3484 3190 moriun-
3582 3205 3584 3208 ν

1919 3259 2023 3312 tur,
2057 3262 2156 3301 nec
2183 3246 2338 3299 aliter
2369 3242 2482 3296 ﬁeri
2512 3249 2706 3310 potest.
2751 3237 2996 3292 Debitum
3049 3234 3190 3289 enim
3246 3231 3484 3285 naturale

1920 3351 2063 3391 mors
2085 3344 2186 3398 est,
2215 3331 2519 3387 hominibus
2547 3329 2613 3382 ab
2643 3325 2795 3380 initio
2826 3325 3154 3392 impositum,
3184 3335 3354 3391 neque
3379 3323 3482 3373 ulla

1924 3431 2127 3484 ratione
2155 3426 2318 3497 ipsius
2341 3421 2601 3478 adventus
2626 3418 2779 3473 vitari
2815 3425 3006 3485 potest.

1982 3677 2105 3732 Haec
2133 3675 2334 3738 omnia,
2364 3685 2424 3727 ut
2449 3689 2610 3742 sagax
2653 3676 2746 3734 ille
2784 3691 2847 3732 ac
2891 3675 3123 3747 prudens
3170 3672 3482 3728 adolescens

1917 3779 2118 3834 audivit
2153 3787 2316 3847 atque
2360 3773 2644 3840 intellexit,
2686 3771 2875 3826 intimo
2901 3768 3065 3823 corde
3107 3765 3480 3834 ingemiscens,

1919 3871 2053 3926 dixit
2083 3887 2098 3924 :
2127 3869 2328 3922 Acerba
2362 3866 2476 3920 lucc
2500 3866 2608 3918 vita
2652 3869 2757 3925 est,
2808 3867 2967 3928 atque
3012 3858 3158 3913 omni
3209 3857 3392 3909 dolore
3422 3868 3484 3906 ac

1920 3961 2167 4015 maestitia
2199 3957 2372 4026 plena,
2405 3956 2450 4009 si
2479 3969 2564 4009 res
2597 3953 2666 4006 ita
2689 3968 2748 4006 se
2776 3951 2952 4004 habet.
2981 3947 3048 4000 Et
3068 3959 3297 4014 quonam
3329 3943 3486 3995 modo

1921 4055 2180 4121 quispiam
2245 4047 2297 4101 in
2327 4049 2548 4100 incerta:
2606 4045 2795 4098 mortis
2846 4040 3278 4109 exspectatione,
3334 4035 3488 4101 cujus

1923 4145 2181 4199 adventus
2211 4156 2318 4194 non
2350 4138 2508 4192 modo
2538 4136 2695 4189 vitari
2728 4148 2833 4187 non
2859 4139 3067 4199 potest,
3097 4129 3189 4182 sed
3215 4127 3398 4188 etiam,
3430 4131 3489 4176 ut

1925 4233 2130 4290 dixistis
2151 4273 2167 4298 ,
2199 4233 2431 4286 incertus
2459 4235 2571 4292 est,
2604 4239 2796 4280 securo
2844 4222 3026 4275 animo
3071 4219 3206 4273 erit?
3233 4217 3480 4283 Abiitque

1927 4327 2040 4379 hare
2067 4337 2249 4379 secum
2279 4321 2497 4374 volvens
2525 4327 2681 4384 atque
2708 4313 2923 4368 assidue
2951 4309 3318 4371 considerans,
3349 4321 3492 4358 mor-

1929 4415 2102 4484 tisque
2147 4409 2455 4466 memoriam
2504 4406 2794 4462 identidem
2844 4402 3027 4456 animo
3079 4409 3364 4467 repetens,
3425 4408 3493 4448 ac

1930 4506 2179 4573 deinceps
2209 4503 2263 4557 in
2307 4499 2580 4556 doloribus
2626 4497 2900 4565 animique
2944 4488 3374 4548 consternatione
3414 4485 3494 4538 vi-

238 4577 532 4659 ἆπαυστον
578 4597 718 4668 ἔχων
749 4596 848 4665 τὴν
895 4593 1094 4663 λύπην.
1144 4591 1338 4660 Ἔλεγε
1372 4590 1483 4661 γὰρ
1521 4590 1580 4643 ἐν
1610 4587 1790 4660 ἑαυτῷ
1811 4605 1823 4619 ·

1931 4611 2080 4664 vens,
2113 4602 2273 4663 atque
2300 4592 2353 4647 in
2381 4599 2637 4661 perpetuo
2661 4600 2892 4642 mcerore
2919 4584 3140 4654 degens.
3164 4583 3335 4650 Atque
3354 4577 3495 4647 apud

233 4691 398 4767 *Αρά
418 4692 550 4744 ποτέ
582 4707 649 4761 με
672 4692 700 4743 ό
729 4688 960 4750 θάνατος
995 4683 1402 4756 καταλήψεταις
1443 4683 1536 4737 καὶ
1557 4681 1641 4745 τίς
1669 4681 1826 4734 ἔσται

234 4790 274 4844 ὁ
309 4787 535 4858 μνήμην
566 4799 666 4853 μου
698 4780 1020 4850 ποιούμενος
1050 4777 1190 4848 μετά
1233 4776 1484 4838 θάνατον,
1511 4775 1607 4828 τοῦ
1637 4775 1831 4846 χρόνου

235 4881 430 4934 πάντα
456 4879 524 4947 τῇ
559 4873 699 4945 λήθῃ
733 4870 1150 4943 παραδιδόντος;
1183 4870 1279 4922 καὶ
1321 4869 1370 4921 εί
1415 4867 1708 4922 ἀποθανὼν
1747 4869 1830 4932 εἰς

234 4971 307 5026 τὸ
343 4969 419 5040 μὴ
456 4966 514 5020 ὃν
543 4965 976 5034 διαλυθήσομαις
1015 4962 1050 5031 ἢ
1101 4960 1216 5014 ἐστι
1241 4978 1324 5024 τις
1362 4960 1498 5032 ἄλλη
1535 4959 1690 5033 βιοτὴ
1731 4962 1828 5015 καὶ

233 5063 436 5132 ἒτερος
469 5058 708 5127 κόσμος;
746 5055 932 5109 Ταῦτα
969 5055 1062 5107 καὶ
1090 5055 1159 5108 sit
1201 5053 1415 5117 τούτοις
1445 5054 1607 5123 ὃμοια
1644 5053 1827 5107 ἀπαύ-

240 5169 393 5213 στως
420 5147 900 5219 διενθυμούμενος,
927 5145 1147 5216 ὠχριῶν
1169 5147 1533 5214 κατετήκετο·
1564 5145 1686 5198 κατ’
1709 5143 1834 5214 ὄψιν

238 5249 297 5300 δε
321 5244 424 5298 τοῦ
453 5242 681 5312 πατρὸς,
712 5240 803 5294 ὅτε
839 5240 1043 5310 συνέϐη
1076 5237 1268 5292 τοῦτον
1301 5237 1621 5306 ἀφικέσθαι,
1663 5255 1836 5310 προσ-

239 5339 487 5394 εποιεῖτο
517 5335 580 5388 τὸ
628 5333 810 5405 ἱλαρὸν
855 5332 953 5386 καὶ
995 5331 1223 5396 ἄλυπον,
1270 5329 1346 5401 μὴ
1382 5329 1712 5401 βουλόμενος
1753 5331 1835 5395 εἰς

240 5432 451 5505 γνῶσιν
497 5429 575 5500 τῷ
634 5427 801 5498 πατρὶ
875 5425 946 5479 τά
997 5423 1146 5496 αὐτῷ
1215 5424 1564 5495 μελετώμενα
1638 5423 1834 5478 ἐλθεῖν.

257 5523 481 5578 Ἐπόθει
501 5522 560 5576 δὲ
597 5517 957 5588 ἀκατασχέτῳ
972 5518 1080 5571 τινὶ
1114 5516 1266 5585 πόθῳ
1287 5516 1382 5571 καὶ
1412 5515 1657 5586 ἐγλίχετο
1690 5517 1844 5568 ἐντυο

247 5617 368 5686 χεῖν
390 5630 494 5665 τινι
523 5611 603 5681 τῷ
625 5611 912 5680 δυναμένῳ
937 5608 1036 5680 τὴν
1056 5607 1222 5661 αὐτοῦ
1248 5608 1666 5680 πληροφορῆσαι
1693 5623 1844 5677 καρ-

247 5707 394 5772 δίαν,
427 5706 523 5760 καὶ
550 5705 708 5776 λόγον
741 5702 946 5772 ἀγαθὸν
979 5705 1100 5766 ταῖς
1128 5701 1294 5755 αὑτοῦ
1329 5703 1522 5765 ἀκοαῖς
1547 5700 1841 5772 ἐνηχῆσαι.

329 5889 432 5943 Τὸν
476 5885 1023 5960 προμνημονευθέντα
1043 5884 1100 5939 δὲ
1146 5881 1493 5954 παιδαγωγὸν
1551 5879 1706 5949 αὖθις
1751 5885 1847 5937 ἐπ-

1933 4701 1995 4742 se
2023 4684 2234 4742 dicebat
2259 4699 2275 4737 :
2308 4682 2519 4753 Ergone
2541 4694 2684 4734 mors
2707 4693 2792 4732 me
2817 4676 3103 4744 aliquando
3124 4669 3413 4738 corripiet?
3436 4669 3498 4722 Et

1935 4777 2176 4848 quisnam
2203 4773 2306 4829 erit
2333 4773 2422 4843 qui
2449 4770 2554 4825 mei
2588 4777 2708 4838 post
2746 4777 2972 4822 mortem
3013 4763 3348 4828 meminerit,
3374 4773 3498 4812 cum

1938 4878 2147 4936 tempus
2185 4865 2363 4920 omnia
2391 4861 2662 4917 oblivione
2689 4854 3039 4912 contriverit?
3063 4853 3197 4906 Num
3240 4858 3501 4917 praterea

1938 4965 2111 5014 morte
2129 4955 2338 5011 functus
2363 4955 2416 5006 in
2437 4950 2659 5006 nihilum
2682 4947 2974 5011 dissolvar;
3004 4959 3070 4998 an
3102 4953 3306 5005 contra,
3335 4939 3500 4992 altera

1940 5049 2182 5120 quaedam
2212 5046 2317 5100 vita
2345 5053 2430 5099 est
2452 5083 2468 5110 ,
2499 5051 2555 5098 et
2582 5041 2714 5094 alter
2748 5037 3009 5093 mundus?
3033 5036 3158 5090 Haec
3178 5043 3233 5088 et
3260 5033 3342 5086 his
3363 5029 3506 5084 simi-

1941 5143 2009 5197 lia
2032 5148 2286 5211 perpetuo
2307 5137 2565 5205 cogitans,
2588 5133 2789 5202 pallore
2812 5129 3213 5184 conﬁciebatur.
3237 5123 3508 5178 Praisente

1943 5244 2120 5289 tamen
2147 5242 2299 5302 patre
2319 5272 2338 5300 ,
2367 5230 2412 5282 si
2437 5227 2650 5298 quando
2679 5227 2744 5279 ad
2780 5240 2902 5279 eum
2935 5223 3162 5286 veniret,
3190 5219 3412 5274 hilarem
3444 5234 3508 5273 ac
3611 5283 3616 5286 _

1945 5339 2178 5380 maerore
2206 5335 2430 5376 vacuum
2461 5318 2693 5371 animum
2722 5331 2831 5385 pra:
2856 5330 2917 5369 se
2941 5314 3168 5378 ferebat,
3200 5312 3343 5382 quod
3365 5312 3512 5366 scili-

1946 5426 2031 5471 cet
2058 5431 2119 5470 ea
2145 5427 2266 5482 quae
2309 5410 2572 5479 c0gitabat
2610 5407 2676 5461 ad
2721 5407 2885 5476 ipsius
2925 5405 3280 5473 cognitionem
3329 5404 3514 5457 venire

1947 5508 2131 5562 nollet.
2164 5502 2535 5561 Incredibilem
2565 5513 2741 5553 autem
2770 5501 2821 5554 in
2851 5498 3064 5552 modum
3106 5497 3336 5564 aliquem
3375 5509 3509 5547 nan-

1948 5599 2074 5654 cisci
2106 5597 2374 5664 cupiebat,
2404 5594 2492 5664 qui
2519 5592 2684 5661 ipsius
2713 5591 2914 5659 pectori
2954 5599 3152 5645 certam
3184 5588 3339 5643 ﬁdem
3373 5588 3512 5640 face-

1951 5700 2066 5756 ret,
2098 5705 2161 5744 ac
2186 5690 2382 5743 bonum
2432 5700 2736 5741 sermonem
2781 5685 2948 5753 ipsius
3000 5681 3214 5737 auribus
3256 5678 3514 5735 instillare

1951 5789 2149 5850 posset.

2022 5871 2277 5940 Quocirca
2310 5869 2379 5928 de
2403 5869 2688 5943 padagogo
2730 5885 2796 5927 eo
2837 5871 2989 5939 cujus
3035 5874 3158 5923 ante
3191 5863 3513 5921 mentionem
