4070 6448
618 416 727 480 895
2044 417 2089 465 A
2098 408 2293 467 DDEN
2306 408 2422 465 DA.
3730 413 3814 477 895

616 527 851 583 fecimus
882 541 1101 583 rursum
1134 527 1333 597 quaerit
1358 542 1489 581 num
1510 539 1675 597 quem
1702 524 1850 580 norit
1869 524 2049 596 quiad
2070 541 2223 582 eam.

2217 526 2257 582 Α
2291 539 2323 583 η
2332 517 2499 590 ρώτα,
2523 517 2577 571 ei
2594 516 2696 570 πού
2721 532 2841 571 τινα
2862 515 3119 585 γινώσκει
3139 515 3228 569 τὸν
3248 514 3539 587 δυνάμενον
3558 518 3687 590 αὐτῷ
3705 539 3812 596 cup.

617 633 734 673 rem
754 619 913 689 cujus
942 619 1250 690 cupiditate
1271 620 1539 689 ﬂagrabat
1564 619 1887 689 adjumento
1915 618 2020 689 ipsi
2053 634 2197 685 esse,

2291 612 2417 665 ϐαλέ
2428 610 2552 664 σθαι
2580 610 2688 681 35
2706 610 2845 682 πρὸς
2866 609 2928 663 τὸ
2952 609 3310 680 ποθούμενον,
3329 610 3424 662 καὶ
3440 612 3527 664 τὸν
3543 613 3655 666 νοῦν
3679 618 3813 671 αὑτοῦ

615 710 903 780 ipsiusque
935 718 1175 767 mentem
1204 711 1467 783 gravibus
1496 710 1933 780 cogitationibus
1958 718 2200 765 aestuan-

2294 706 2620 779 βεόαιῶσαι,
2658 705 2849 767 δεινῶς
2881 704 3198 773 ίλιγγιῶντα
3218 705 3279 756 ἐν
3305 705 3420 767 τοῖς
3446 703 3721 775 λογισμοῖς,
3740 714 3814 764 καὶ

616 810 749 863 tem,
774 811 943 871 atque
967 802 1286 873 hujusmodi
1321 818 1509 857 curam
1533 802 1776 873 abjicere
1796 810 2197 871 nequeuntem,

2296 794 2371 871 μῆ
2416 800 2720 871 δυνάμενον
2758 796 3133 853 ἀποὸαλέσθαι
3163 796 3268 867 τὴν
3303 796 3433 866 περὶ
3460 796 3650 850 τούτων
3681 817 3815 870 φρον-

614 891 949 948 conﬁrmare
996 893 1191 962 possit.
1249 893 1347 947 Ille
1391 902 1577 950 autem
1608 908 1673 950 ea
1706 909 1827 963 quae
1858 894 2026 963 prius
2052 892 2201 948 dicta

2292 893 2431 948 τίδα.
2472 894 2529 946 '0
2567 894 2645 957 δέ,
2677 891 2785 945 τῶν
2825 889 3243 963 προειρημένων
3276 889 3440 942 πάλιν
3482 889 3814 960 ἐπιμνησθεὶς,

615 980 856 1046 fuerant,
878 983 933 1037 in
957 984 1279 1038 memoriam
1298 1000 1494 1040 rursus
1514 984 1620 1054 ipsi
1642 1000 1915 1040 revocans
1942 984 2197 1040 dicebat:

2293 987 2477 1055 ἔλεγεν
2497 1003 2511 1018 ο
2547 982 2718 1039 Birt-6v
2747 1001 2828 1037 σοι
2883 984 2979 1037 καὶ
3012 982 3280 1053 πρότερον
3310 981 3458 1043 ὅπως
3488 982 3515 1032 ὁ
3548 983 3714 1052 πατήρ
3744 1002 3818 1039 σου

616 1074 734 1128 lam
766 1091 989 1145 quoque
1014 1076 1169 1146 prius
1187 1076 1287 1130 tibi
1307 1079 1535 1146 exposui
1555 1076 2021 1147 quemadmodum
2046 1086 2204 1146 pater

2294 1077 2429 1139 τοὺς
2454 1077 2651 1144 σοφοὺς
2680 1074 2922 1137 ἐκείνους
2936 1073 3031 1127 καὶ
3055 1071 3304 1143 ἀσκητάς
3327 1071 3417 1124 ἀεὶ
3435 1070 3559 1141 περὶ
3576 1072 3673 1125 τῶν
3686 1073 3819 1128 τοιού-

619 1175 749 1219 tuus
766 1166 1046 1235 sapientes
1065 1166 1190 1221 illos
1206 1166 1355 1221 viros
1377 1183 1442 1221 ac
1467 1168 1658 1236 pietati
1682 1167 1928 1222 colendm
1948 1167 2203 1233 devotos,

2298 1185 2407 1221 των
2447 1164 2893 1236 φιλοσοφοῦντας,
2912 1163 3006 1225 οὒς
3042 1164 3138 1235 μὲν
3154 1162 3390 1227 ἀνεῖλεν,
3430 1161 3521 1223 οὓς
3554 1162 3605 1215 δέ
3634 1166 3731 1231 μετ’
3749 1164 3820 1233 ὀρ-

620 1255 715 1324 qui
732 1256 801 1311 de
824 1256 1142 1327 huiusmodi
1161 1257 1329 1311 rebus
1348 1258 1664 1328 disputant,
1684 1258 1883 1327 partim
1904 1259 2205 1313 obtrunca-

2297 1262 2402 1331 γῆς
2434 1260 2645 1327 ἐδίωξε,
2670 1259 2765 1312 καὶ
2786 1259 2846 1311 ού
2872 1256 3131 1325 γινώσκω
3161 1256 3281 1309 νυνί
3308 1272 3433 1308 τινα
3455 1253 3677 1307 τοιοῦτον
3698 1257 3746 1308 ἐν
3766 1261 3816 1329 τῇ

622 1349 715 1412 rit,
741 1349 943 1418 partim
971 1350 1113 1404 irato
1143 1360 1308 1420 atque
1332 1350 1547 1405 infenso
1576 1352 1764 1406 animo
1787 1352 2082 1422 expulerit,
2101 1367 2205 1407 nec

2298 1351 2603 1424 περιχώρῳ
2657 1350 2853 1422 ταύτῃ.
2908 1348 3111 1402 Πολλοῦ
3164 1346 3223 1401 δὲ
3279 1347 3374 1400 ἐπὶ
3414 1346 3615 1408 τούτοις
3658 1348 3818 1417 ἄχθους

622 1442 795 1495 ullum
823 1442 1097 1512 ejusmodi
1134 1443 1189 1497 in
1213 1451 1327 1498 tota
1352 1443 1457 1498 hac
1483 1444 1731 1513 undique
1752 1446 1976 1515 regione
1998 1460 2205 1515 cogno-

2300 1447 2508 1507 ἐκεῖνος
2538 1444 2867 1517 πληρωθεὶς,
2896 1444 2992 1496 καὶ
3034 1442 3135 1513 τὴν
3164 1441 3349 1511 ψυχὴν
3386 1440 3570 1505 δεινῶς
3591 1457 3820 1513 κατατρωι

622 1549 736 1587 sco.
772 1534 893 1599 Quo
934 1534 1158 1603 quidem
1202 1536 1423 1588 nomine
1454 1552 1646 1604 magna
1687 1536 1779 1589 ille
1824 1536 2079 1591 molestia
2104 1536 2204 1590 im-

2300 1540 2436 1602 θεὶς,
2472 1537 2635 1608 ἐῴκει
2680 1536 2836 1606 ἀνδρὶ⁹
2878 1533 3154 1606 θησαυρὸν
3205 1531 3535 1587 ἀπολέσαντι
3574 1534 3721 1602 μέγαν
3749 1538 3824 1590 καὶ

622 1625 826 1693 pletus,
862 1625 1127 1695 gravique
1154 1626 1322 1680 animi
1356 1627 1589 1682 vulnere
1620 1627 1873 1692 aﬂ‘ectus,
1906 1630 1956 1683 ei
2003 1629 2204 1684 similis

2301 1633 2381 1694 εἰς
2417 1632 2517 1701 τὴν
2549 1627 2715 1683 αὐτοῦ
2748 1629 2979 1699 ζήτησιν
3007 1626 3126 1681 ὅλον
3154 1618 3322 1679 αὑτοῦ
3348 1625 3440 1677 τὸν
3474 1623 3597 1677 νοῦν
3614 1626 3822 1696 ἀσχολου-

622 1729 743 1771 erat
772 1717 864 1787 qui
905 1717 1183 1788 ingentem
1219 1719 1541 1774 thesaurum
1568 1721 1779 1785 amisit,
1808 1730 1974 1792 atque
2004 1721 2058 1775 in
2087 1723 2208 1793 ejus

2306 1726 2473 1795 μένῳ.
2516 1722 2797 1777 Ἐντεῦθεν
2836 1721 3009 1790 ἀγῶνι
3046 1720 3291 1790 διηνεκεῖ
3334 1720 3431 1772 καὶ⁵
3478 1720 3694 1793 μερίμνῃ
3725 1738 3821 1775 συν-

624 1810 1050 1879 investigatione
1071 1820 1313 1865 mentem
1341 1820 1511 1866 totam
1531 1822 1856 1882 occupatam
1883 1830 1946 1868 ac
1971 1814 2207 1870 deﬁxam

2316 1816 2433 1885 έζη,
2474 1815 2572 1868 καὶ
2596 1815 2776 1867 πάντα
2800 1814 2867 1867 τὰ
2889 1813 3023 1884 ἡδέα
3045 1815 3141 1866 καὶ
3168 1811 3384 1883 τερπνὰ
3406 1810 3501 1863 τοῦ
3520 1811 3703 1882 κόσμου
3716 1808 3824 1880 ἦνὲν

625 1901 812 1956 habet.
846 1902 923 1956 Ac
952 1902 1186 1971 proinde
1219 1903 1274 1957 in
1312 1911 1583 1973 perpetuo
1613 1906 1877 1975 languore
1917 1914 1974 1960 et
2005 1895 2232 1961 sollici-3

2228 1894 2271 1949 Β
2298 1907 2603 1978 ὀφθαλμοῖς
2635 1904 2803 1960 αὑτοῦ
2837 1906 2914 1969 ώς
2950 1904 3086 1974 ἄγος
3107 1922 3160 1959 τι
3207 1904 3307 1959 καὶ
3354 1903 3642 1975 βδέλυγμα.
3680 1906 3825 1969 ῢΰτως

626 1993 817 2046 tudine
837 1993 1183 2055 versabatur,
1201 2010 1506 2064 omnesque
1536 1997 1730 2051 mundi
1751 1997 2131 2067 jucunditates
2153 2006 2209 2053 et

2302 1998 2397 2054 οὖν
2437 2000 2615 2070 ἔχοντι
2641 1998 2722 2069 τῷ
2747 1998 2852 2069 νέῳ
2874 1998 2971 2051 καὶ
2999 1998 3369 2067 ποτνιωμένῳ
3391 1997 3502 2067 (77)
3532 1996 3661 2049 κατὰ
3687 1996 3827 2067 ψυχήν

625 2084 934 2153 voluptates
963 2085 1017 2137 in
1050 2084 1225 2154 ipsius
1251 2087 1430 2141 oculis
1475 2088 1678 2157 piaculi
1710 2089 1996 2156 cujusdam
2037 2099 2092 2144 et
2115 2106 2209 2145 ex-

2299 2094 2362 2147 τὸ
2378 2092 2583 2161 ἀγαθὸν
2606 2092 2809 2163 εύρεῖν,
2842 2088 2978 2145 εῖδεν
3008 2091 3172 2144 αὑτὸν
3188 2092 3217 2143 ὁ
3243 2090 3427 2144 πάντα
3447 2088 3649 2159 βλέπων
3667 2090 3827 2157 ὀφθαλ-

625 2174 954 2228 secrationis
976 2174 1151 2229 instar
1171 2186 1349 2231 erant.
1373 2175 1509 2231 Cum
1534 2186 1720 2232 autem
1747 2179 1852 2233 hoc
1870 2178 2041 2233 animi
2063 2189 2208 2235 statu

2305 2186 2426 2257 μὺς,
2484 2184 2580 2239 καὶ
2625 2185 2685 2237 ού
2722 2183 2975 2254 παρεῖδεν
2997 2183 3026 2235 ὁ
3059 2181 3231 2236 θέλων
3282 2181 3497 2243 πάντας
3524 2180 3737 2248 σωθῆναι
3757 2184 3828 2233 καὶ

623 2272 789 2329 esset,
823 2280 886 2320 ac
918 2281 1117 2338 magno
1143 2283 1267 2322 cum
1291 2270 1500 2339 gemitu
1532 2270 1741 2326 bonum
1771 2270 2020 2326 invenire
2046 2286 2213 2342 cupe-

2302 2283 2381 2343 είς
2403 2279 2700 2347 ἐπίγνωσιν
2722 2276 2984 2347 ἀληθείας
3001 2274 3177 2328 ἐλθεῖν
3200 2274 3339 2345 (78),
3369 2272 3526 2333 ἀλλὰ.
3555 2272 3645 2343 τὴν
3667 2272 3827 2341 συνήθη

626 2366 731 2421 ret,
776 2356 1046 2413 insomnis
1080 2358 1174 2413 ille
1205 2361 1424 2425 oculus,
1458 2363 1554 2431 qui
1586 2363 1771 2416 omnia
1803 2362 2004 2428 cernit,
2045 2372 2210 2432 atque

2304 2368 2454 2439 αύτῷ
2487 2367 2902 2438 φιλανθρωπίαν
2940 2367 3038 2419 καὶ
3083 2365 3176 2417 ἐπὶ
3212 2361 3395 2433 τούτῳ
3431 2360 3623 2425 δείξας,
3650 2358 3830 2428 ἐγνώρι-

624 2464 820 2507 omnes
841 2450 1024 2506 salvos
1044 2450 1186 2514 ﬁeri,
1216 2460 1272 2506 et
1294 2452 1360 2506 ad
1386 2455 1636 2509 veritatis
1656 2453 1996 2524 agnitionem
2018 2455 2209 2509 venire

2141 2470 2209 2509 ire
2306 2480 2398 2515 σεν
2430 2461 2548 2515 ὁδὸν
2590 2460 2659 2531 ἢν
2690 2459 2797 2513 ἔδει
2822 2456 3154 2529 πορεύεσθαι
3196 2455 3311 2526 (79)
3345 2454 3535 2522 τρόπῳ
3568 2451 3748 2521 τοιῷδε·

625 2543 744 2597 vult
796 2542 843 2612 (ι
875 2543 1008 2597 Tim.
1040 2544 1123 2615 ιι),
1174 2546 1354 2613 ipsum
1410 2545 1648 2614 aspexit,
1698 2560 1968 2614 suamque
2016 2544 2124 2616 ipsi
2175 2556 2500 2601 consuetam
2551 2544 2955 2614 benignitatem
3005 2540 3335 2603 ostendens,
3365 2540 3639 2610 quodnam
3666 2537 3755 2591 iter
3776 2545 3836 2592 te-

626 2636 871 2691 nendum
913 2648 1080 2703 esset,
1130 2638 1236 2691 ltoc
1289 2639 1453 2692 modo
1497 2638 1921 2693 demonstravit.

698 2730 825 2783 CAP.
878 2727 968 2783 Vl.
1014 2756 1084 2769 —-
1136 2727 1261 2781 Erat
1307 2728 1447 2779 enim
1493 2742 1558 2778 eo
1606 2735 1843 2793 tempore
1902 2722 2191 2778 monachus

2390 2726 2549 2780 ΚΕΦ.
2588 2726 2679 2792 ς’.
2725 2721 2974 2791 Ἐγένετο
3010 2720 3122 2791 γὰρ
3164 2717 3287 2774 κατ’
3338 2718 3548 2771 ἐκεῖνον
3578 2715 3664 2768 τὸν
3697 2715 3843 2784 καιρὸν

629 2819 841 2888 quidam
859 2818 1156 2873 divinarum
1180 2832 1353 2872 rerum
1382 2816 1599 2884 peritus,
1623 2815 1835 2883 vitaque
1854 2829 1917 2867 ac
1942 2826 2191 2868 sermone

2321 2817 2553 2889 μοναχός
2600 2834 2705 2880 τις,
2749 2815 2859 2885 36
2901 2813 3063 2883 σοφὸς
3094 2811 3166 2865 τὰ
3214 2811 3370 2875 θεῖα,
3404 2808 3505 2881 βίῳ
3530 2824 3587 2861 τε
3615 2807 3701 2861 καὶ
3739 2806 3841 2877 λόγῳ

630 2919 881 2975 ornatus,
910 2919 1067 2976 atque
1109 2909 1162 2962 in
1214 2908 1356 2962 omni
1395 2908 1686 2961 monastica
1733 2904 1943 2959 vivendi
1991 2906 2194 2957 ratione

2318 2910 2714 2979 κοσμούμενος,
2745 2908 2841 2961 καὶ
2876 2909 2955 2969 εἰς
2998 2905 3168 2977 ἄκρον
3219 2905 3406 2959 πᾶσαν
3447 2901 3724 2973 μοναχικὴν
3754 2917 3840 2969 μετ·

630 3015 967 3069 sutnmopere
1011 3008 1292 3054 versatus:
1329 2998 1468 3051 unde
1515 2997 1790 3059 oriundus,
1838 3006 1929 3049 aut
1977 3010 2041 3049 ex
2088 3012 2193 3063 quo

2320 2996 2492 3049 ελθὼν
2530 2994 2810 3048 πολιτείαν
2831 3008 2845 3022 '
2874 2994 2997 3046 ὅθεν
3031 2993 3131 3064 μὲν
3160 2992 3488 3064 ὁρμώμενος
3525 2990 3615 3043 καὶ
3644 2992 3702 3042 ὲκ
3732 2990 3842 3041 ποίου

631 3107 845 3161 genere,
876 3092 1053 3145 dicere
1083 3103 1320 3158 nequeo,
1353 3104 1535 3142 verum
1565 3091 1615 3140 in
1641 3087 1928 3141 solitudine
1967 3086 2192 3154 quadam

2322 3088 2517 3155 γένους
2555 3088 2655 3140 οὐκ
2710 3087 2819 3156 ἐχω
2870 3084 3072 3154 λέγειν,
3131 3088 3188 3137 ἐν
3227 3084 3535 3156 πανερήμῳ
3582 3083 3635 3135 δέ
3660 3100 3751 3134 τινι
3773 3082 3842 3148 τῆς

632 3183 1023 3241 Sennaaritidis
1050 3193 1205 3236 terra:
1234 3181 1561 3235 domicilium
1592 3179 1792 3235 habens
1812 3218 1829 3243 ,
1856 3193 1920 3235 ac
1948 3178 2195 3234 sacerdo-

2246 3208 2289 3265 C
2323 3176 2699 3248 Σενααρίτιδος
2730 3175 2843 3249 (80)
2882 3176 2983 3247 γῆς
3011 3174 3111 3239 τὰς
3155 3174 3408 3246 οίκήσεις
3438 3172 3755 3243 ποιούμενος.
3775 3172 3842 3223 καὶ

634 3280 690 3330 lii
721 3276 977 3348 dignitate
1007 3274 1282 3342 praeditus.
1316 3273 1447 3327 lluic
1479 3287 1636 3340 porro
1667 3273 1781 3327 seni
1825 3271 2062 3327 Barlaam
2096 3286 2196 3326 no-

2321 3274 2420 3343 τῆς
2462 3271 2767 3342 ἱερωσύνης
2811 3270 3237 3341 τετελειωμένος
3284 3272 3350 3341 τῇ
3383 3270 3583 3341 χάριτι.
3634 3267 3843 3338 Βαρλαάμ

637 3382 760 3421 Inen
790 3372 925 3421 erat.
957 3365 1053 3419 llic
1078 3363 1237 3433 igitur
1277 3378 1397 3417 cum
1444 3363 1623 3417 divino
1649 3362 1877 3432 quodam
1902 3362 2196 3428 admonitu,

2320 3360 2388 3437 ἦν
2426 3364 2597 3433 ὄνομα
2641 3364 2816 3433 τούτῳ
2845 3363 2923 3433 τῷ
2962 3363 3204 3434 γέροντι.
3244 3358 3417 3425 (ὶῦτος
3445 3358 3538 3415 οὖν
3564 3360 3842 3428 ἀποκαλύψει

631 3472 862 3528 quonam
892 3466 1036 3512 statu
1066 3456 1207 3527 regis
1238 3456 1378 3511 (ilius
1409 3465 1552 3511 esset
1596 3454 1983 3525 comperisset,
2011 3469 2044 3510 e
2068 3453 2199 3511 soli-

2322 3458 2433 3510 τινὶ
2467 3454 2653 3509 θεόθεν
2708 3454 2860 3526 αύτῷ
2892 3455 3162 3527 γενομένῃ
3190 3456 3353 3525 γνοὺς
3387 3458 3455 3508 τὰ
3489 3457 3625 3509 κατὰ.
3662 3456 3742 3508 τὸν
3762 3456 3841 3506 υἱὸν

643 3561 824 3616 tudine
852 3575 1129 3631 egressus,
1162 3561 1229 3615 ad
1268 3562 1465 3615 cultam
1510 3572 1565 3616 et
1613 3561 1956 3616 habitabilem
2010 3569 2204 3615 terram

2321 3548 2419 3602 τοῦ
2453 3546 2737 3618 βασιλέως,
2773 3547 3007 3614 ἐξελθὼν
3039 3549 3141 3617 τῆς
3161 3549 3397 3618 ἐρήμου,
3432 3550 3567 3619 πρὸς
3598 3548 3688 3619 τὴν
3710 3549 3842 3601 οἰκου-

642 3654 911 3723 profectus
938 3665 1054 3720 est;
1087 3664 1393 3724 mutatoque
1431 3654 1612 3708 habitu
1655 3667 1777 3719 suo,
1804 3663 1964 3722 atque
2013 3653 2210 3707 indutis

2328 3641 2500 3712 μένην
2542 3641 2803 3711 κατῆλθε.
2855 3642 2988 3705 Καὶ,
3057 3641 3299 3711 ἀμείψας
3337 3642 3400 3695 τὸ
3452 3642 3640 3696 ἐαυτοῦ
3686 3642 3840 3711 σχῆμα,

644 3743 923 3798 mundanis
952 3746 1209 3808 vestibus,
1237 3756 1290 3799 et
1314 3759 1610 3799 conscensa
1643 3746 1801 3811 navi,
1840 3743 1906 3797 ad
1952 3742 2200 3797 ludorum

2327 3732 2521 3803 ἱμάτιά
2553 3750 2614 3786 τε
2646 3734 2889 3804 κοσμικὰ
2920 3735 3367 3806 ἀμφιασάμενος,
3404 3737 3497 3790 καὶ
3528 3736 3649 3805 νηὸς
3675 3735 3840 3797 ἐπιϐὰς,

644 3850 863 3903 regnum
891 3850 951 3889 se
978 3838 1219 3900 contulit,
1252 3850 1315 3889 ac
1340 3847 1691 3890 mercatorem
1723 3850 1784 3889 se
1813 3850 1931 3889 esse
1964 3836 2170 3903 [ingens
2189 3876 2202 3893 .

2324 3827 2554 3897 ἀφίκετο
2611 3830 2691 3891 εἰς
2727 3828 2797 3881 τὰ
2852 3828 2961 3881 τῶν
3011 3830 3190 3882 Ἰνδῶν
3222 3829 3494 3898 βασίλεια,
3528 3832 3618 3884 καὶ
3652 3830 3843 3900 ἐμπόρου

646 3926 698 3978 in
726 3940 842 3980 eam
875 3926 1057 3981 urbem
1104 3927 1157 3980 in
1188 3941 1287 3995 qua
1319 3926 1457 3994 regis
1499 3926 1637 3979 lilius
1686 3926 1932 3993 palatium
1982 3925 2209 3979 habebat

2325 3919 2525 3983 ὑποδὺς
2565 3923 2929 3990 προσωπεῖον,
2978 3921 3078 3991 τὴν
3116 3922 3270 3976 πόλιν
3306 3924 3729 3994 καταλαμόάνει,
3752 3921 3845 3974 ἔνθα

650 4016 965 4086 ingreditur.
999 4018 1400 4085 Permultosquc
1431 4018 1547 4071 dies
1571 4017 1678 4070 illic
1706 4027 2085 4080 commoratus,
2119 4016 2208 4084 qui

2324 4013 2389 4085 δὴ
2430 4016 2459 4067 ὀ
2496 4014 2590 4068 τοῦ
2630 4013 2893 4084 βασιλέως
2921 4013 3032 4077 υίὸς
3058 4014 3118 4066 τὸ
3155 4016 3417 4071 παλάτιον
3442 4013 3574 4087 εἷχε.
3602 4018 3719 4081 Καὶ,
3744 4015 3846 4084 ἡμέ-

644 4122 821 4161 rerum
866 4107 1030 4177 ipsius
1068 4117 1236 4162 status
1281 4122 1418 4161 esset
1472 4109 1754 4175 diligenter
1801 4106 2123 4177 exquisivit,
2154 4114 2209 4161 et

2329 4124 2429 4177 ρας
2449 4105 2735 4175 διατρίψας
2757 4108 2939 4159 ἐκεῖσε
2973 4106 3194 4169 πολλὰς,
3209 4108 3670 4180 ἡκριϐολογήσατο
3687 4108 3744 4160 τὰ
3758 4106 3847 4158 κατ’

644 4202 857 4265 quinam
903 4210 1085 4254 essent
1131 4200 1219 4268 qui
1274 4200 1491 4267 propius
1520 4201 1585 4253 ad
1615 4216 1738 4255 eum
1770 4204 2026 4255 accedere
2068 4202 2207 4254 sole-

2326 4196 2488 4250 αὑτὸν
2524 4197 2619 4249 καὶ
2649 4196 2795 4258 τίνες
2825 4199 2874 4249 oi
2906 4197 3082 4269 τούτῳ
3126 4198 3543 4269 πλησιάζοντες.
3577 4199 3759 4253 Μαθὼν
3779 4193 3848 4249 οὖν

645 4300 765 4343 rent
790 4308 802 4342 :
832 4306 951 4343 cum
976 4292 1132 4362 igitur
1169 4292 1510 4361 paedagogum
1537 4307 1656 4346 eum
1688 4292 1755 4346 de
1780 4306 1885 4359 quo
1908 4294 2149 4361 superius
2174 4307 2205 4347 a

2325 4290 2420 4342 τὸν
2473 4290 2735 4359 ἀνωτέρω
2786 4288 3025 4360 ρηθέντα
3072 4292 3424 4361 παιδαγωγὸν
3484 4294 3693 4347 πάντων
3736 4290 3848 4358 αὐτῷ

646 4383 798 4436 nobis
837 4385 1035 4436 mentio
1067 4383 1201 4437 facta
1231 4394 1313 4437 est
1345 4386 1443 4452 ipsi
1474 4383 1711 4439 omnium
1740 4384 2207 4438 familiarissimum

2329 4378 2531 4448 μᾶλλον
2576 4379 2908 4433 οἰκειότατον
2976 4376 3140 4448 εἶναι,
3202 4384 3524 4454 προσελθὼν
3574 4382 3709 4455 αὐτῷ
3758 4382 3846 4436 κατ’

645 4489 765 4528 es«e
795 4474 1164 4540 intellexisset,
1197 4478 1422 4531 seorsim
1452 4492 1573 4532 eum
1598 4476 1949 4543 conveniens,
1983 4475 2067 4529 bis
2094 4490 2210 4531 ver-

1035 4484 1164 4540 sset,
1197 4478 1422 4531 seorsim
1452 4492 1573 4532 eum
1598 4476 1949 4543 conveniens,
1983 4475 2067 4529 bis
2094 4490 2210 4531 ver-
2331 4471 2486 4535 ἰδίαν,
2518 4470 2642 4543 ἔφη·

650 4564 730 4616 bis
760 4578 883 4618 usus
913 4575 996 4618 est
1023 4582 1035 4616 :
2250 4575 2302 4635 ι)
2406 4626 2409 4629 _

721 4654 868 4707 Scias
898 4655 1081 4715 velim,
1121 4653 1335 4707 domine
1366 4655 1473 4720 mi,
1518 4670 1604 4709 me
1652 4664 2003 4709 mercatorem
2050 4666 2205 4716 esse,

2400 4650 2696 4705 Γινώσκειν
2754 4670 2814 4706 σε
2865 4653 3149 4724 βούλομαι,
3188 4655 3347 4726 κύριέ
3376 4674 3501 4727 μου.
3538 4657 3617 4709 ότι
3657 4654 3849 4725 ἔμπορος

650 4754 806 4811 atque
833 4760 895 4798 ex
930 4744 1211 4814 longinqua
1243 4748 1453 4813 regione
1480 4747 1713 4809 venisse,
1746 4744 2036 4811 eximiique
2061 4742 2210 4809 pre'ii

2329 4741 2442 4810 ἐγὼ
2474 4745 2538 4795 ἐκ
2588 4746 2804 4816 μακρᾶς
2841 4746 3077 4816 ἐλήλυθα
3129 4746 3337 4819 χώρας,
3393 4751 3488 4803 καὶ
3541 4750 3750 4818 ὑπάρχει
3780 4760 3849 4813 μοι

650 4836 877 4904 lapidem
903 4836 1133 4903 habere,
1162 4835 1245 4890 cui
1270 4838 1446 4890 nullus
1479 4850 1710 4906 unquam
1740 4835 1932 4890 similis
1961 4834 2210 4888 iuventus

2333 4831 2480 4898 λίθος
2514 4833 2721 4905 τίμιος,
2754 4828 2799 4903 ᾧ
2823 4837 3126 4907 παρόμοιος
3148 4837 3375 4892 πώποτε
3396 4841 3494 4910 οὐχ
3518 4838 3721 4910 εὑρέθη.
3762 4834 3851 4887 Καὶ

867 4989 1128 5079 D‘everbo
1158 4996 1488 5079 ποτνιᾷσθαι
1518 4997 1642 5079 vide
1672 5008 1785 5079 not.
1809 5002 1897 5079 _ad
1926 5001 2179 5079 Aristaeo.
2200 5002 2330 5079 Phil

2242 5004 2480 5079 'hilothei
2522 5008 2784 5077 Parerga,
2814 5024 2868 5079 p.
2894 5015 2965 5065 45'
2989 5028 3003 5065 :
3029 5014 3341 5079 Φθάσαντες
3365 5016 3423 5070 δὲ
3458 5018 3549 5071 καὶ
3579 5017 3653 5077 εἰς
3678 5018 3756 5066 τον
3779 5012 3849 5079 δα;

644 5064 1894 5159 ΞῖίέἶΐέςέγἓΞίέἳὲἱλξθἕξείἑιὲἒεῖέιξεθειι
1940 5073 2034 5125 καὶ
2062 5074 2373 5159 ἔπ’βλίγον
2419 5064 3421 5159 septeetﬁdhéveféiéééﬁ'illi?
3445 5064 3849 5159 έὲἆϐἇλὶοέεξιίῷ

644 5131 2376 5228 ἕῗὲἶῖἒῖίὶῖξέίίἒίκεὶίίῗςξ,ἙξῖΞῖῖλλά.θτέῖνιφέιενεγέἓπάγουδιγ
2415 5131 3846 5228 *3"tot'eaéénxéﬁiéﬁ;Eicilzaitail'bﬁiféios

644 5204 1141 5289 atoltzétbp'evgv‘xal
1162 5204 1605 5289 δεινοπαθοῦνταἷ
1636 5208 1766 5264 Inde
1796 5222 1849 5289 et
1879 5204 2228 5289 ἐπιϐάλλουσι

1596 5249 1605 5289 τ
1636 5208 1766 5264 Inde
1796 5222 1859 5289 et
1879 5204 2445 5289 é§t6ﬂlouétscripsi
2474 5235 2574 5288 pro
2605 5204 3203 5289 vulgaton'érti6diltmot.

717 5270 1087 5361 ςῖ8ῃξκῖθεὸς
1111 5290 1207 5341 pro
1224 5274 1363 5361 .6399.
1393 5278 1653 5361 éiracidje
1676 5294 1764 5361 xv,
1796 5282 1883 5345 18,
1921 5283 2184 5361 potnittus
2214 5286 2323 5361 dict

2241 5270 2500 5361 lictuses‘t
2517 5270 3244 5361 ᾖάψέέιᾝλὲτξῷᾲῖῗῖρἷιζι.
3277 5296 3297 5350 l
3335 5296 3475 5351 Tim.
3514 5312 3573 5358 ll,
3606 5296 3676 5349 ὃς
3719 5289 3848 5345 Ἐνώ-

644 5343 1184 5438 πιῖξξθῖοξξξυτῇρτζς
1213 5345 1382 5438 ἠθμῷχᾼ
1400 5346 1572 5438 9:39.,
1596 5350 1655 5438 ὃς
1685 5343 1898 5438 πάντας
1922 5353 2241 5438 ἀνθρώπους
2262 5356 2409 5438 θέλει
2431 5343 2743 5438 σῳθῆναι..ἰ
2770 5343 2968 5418 ἐλθεῖνξ
3002 5365 3070 5420 Ει
3093 5343 3677 5438 ἶιῖἱὲἐὲιὶᾩὸῥῶἆέοὗςζ

861 5410 1002 5500 gsal.
1033 5410 1205 5500 eicit,
1291 5416 1605 5500 :“l‘vtbptsdv
1635 5410 1747 5500 μοι,
1779 5410 1974 5500 Κύριε,
2004 5410 2122 5500 όδδν
2159 5410 2677 5500 ἐν’πορεύσομαιξ

715 5480 955 5583 κινέει
987 5486 1271 5583 nam
1299 5480 1613 5583 sese
1636 5480 1879 5583 ὀεεεκς
1914 5480 2014 5583 20.:

2228 5480 2338 5579 I,"2.
2372 5480 2899 5583 Letittn‘aftttetricum
2934 5504 2989 5559 in
3012 5505 3099 5583 _:
3131 5506 3245 5577 Τὴν
3266 5509 3362 5583 τοῦ
3391 5508 3642 5583 Βαρλαᾲμ
3664 5500 3835 5583 ditem;-

642 5548 807 5633 λυψιν
834 5552 1097 5650 agamus?
1120 5548 1354 5650 1.761%th?
1385 5548 1754 5650 τ’ήνῖςὲσξηεςεντ
1774 5556 1841 5629 ἦν
1860 5548 2049 5616 τελῶν.
2098 5548 2249 5620 Politi

2240 5548 2353 5650 {937s
2372 5548 3243 5650 segregatastanta}est
3260 5548 3362 5650 δίης
3381 5548 3642 5650 £5353;
3655 5548 3844 5650 εις-ᾖν

642 5623 1471 5718 fit”;ER?I¥EE'31“§Q£E(‘£'¥3
1503 5630 1607 5718 7⁵⁵
1625 5623 1653 5718 ἓ
1682 5623 1823 5718 ,εῖτᾲ
1866 5635 2105 5704 προέστη
2134 5636 2234 5718 τῆς
2267 5623 2402 5718 θεοῧ
2440 5623 3192 5718 summa?mmsis:
3210 5623 3844 5718 ἓτρὸῖτᾶἕήἷόἓίδοέὧιιῖῖν

646 5692 1527 5790 ξείἎὲεὲ2ῗ¹19ξξξξδρ⁰οοφιράνυεγ
1558 5718 1587 5790 ε,
1613 5692 2051 5790 Modena?»
2072 5692 2105 5790 ,ί

2266 5692 2765 5790 "apponat-tt:
2800 5692 3153 5790 etiam;
3190 5692 3841 5790 iéBQEEEHéifdtiziipa-

643 5762 1231 5892 ὗῖὃῗςθὶγὲξοξξξέαὶ
1266 5762 1442 5839 θρόνῳ
1478 5770 1788 5843 Πρόκλος...
1824 5762 2264 5845 ΙΙοιμὴνάγαθὶ,ς
2302 5780 2397 5833 καὶ
2421 5762 3777 5863 ’νομὲξς*ί--δνωίῧῐνἷξὶόςρὂφυοξηὲί.
3801 5794 3841 5832 ν.

792 5871 807 5891 ι
981 5874 995 5902 ,
1171 5875 1187 5891 .
