4070 6420
218 408 331 470 897

1323 414 1499 475 VITA
1536 411 1896 474 BARLAAM
1932 412 2026 472 ET
2062 411 2413 476 JOASAPH.

3379 420 3484 484 898

211 518 401 572 οὐδενὶ
424 516 587 587 μέχρι
608 515 705 571 τοῦ
727 516 821 570 νῦν
836 517 1025 572 τοῦτον
1050 520 1375 593 ὲφανέρωσα
1393 539 1407 552 ·
1435 523 1520 576 σοὶ
1553 523 1612 576 δὲ
1638 521 1807 576 κατά-

1924 534 2022 589 est,
2051 540 2313 596 quemque
2347 526 2546 581 nemini
2574 527 2749 582 adhuc
2780 529 3013 584 ostendi.
3034 529 3150 584 Tibi
3177 537 3352 584 autem
3378 534 3479 583 hoc

213 607 383 677 δηλον
412 607 512 677 ήδη
543 606 708 671 ποιῶ,
753 610 976 662 συνετόν
1004 628 1065 663 τε
1102 612 1199 665 καὶ
1224 615 1455 684 νουνεχῆ
1489 612 1714 684 βλέπων
1742 630 1803 666 σε

214 699 396 769 ἄνδρα
428 700 564 768 (8i),
598 698 673 763 ὡς
714 698 783 753 ἂν
808 701 1119 775 είσαγάγῃς
1142 703 1251 773 37
1283 720 1353 774 με
1390 704 1531 777 πρὸς
1566 705 1658 759 τὸν
1688 706 1807 759 υίὸν

216 788 318 841 τοῦ
367 789 658 860 βασιλέως,
700 792 798 845 καὶ
835 792 1087 847 ἐπιδώσω
1129 795 1322 849 τοῦτον
1371 794 1541 866 αὐτῷ.
1578 795 1807 850 Πάντων

219 880 336 951 γὰρ
356 881 467 933 τῶν
500 882 685 936 καλῶν
722 884 1073 955 ἀσυγκρίτως
1116 887 1376 959 ὑπερέχει
1398 905 1411 919 ·
1449 889 1674 944 δύναται
1711 891 1809 945 καὶ

219 972 450 1041 τυφλοῖς
482 976 547 1045 τῇ
582 974 781 1046 καρδίᾳ
815 976 931 1045 φῶς
956 977 1253 1048 δωρεῖσθαι
1276 979 1494 1047 σοφίας,
1518 981 1722 1051 κωφῶν
1750 984 1807 1037 δὲ

220 1058 343 1117 ὦτα
381 1066 642 1135 ἀνοίγειν,
689 1067 910 1132 ἀλάλοις
950 1064 1011 1122 τε
1045 1070 1226 1142 φωνὴν
1247 1069 1469 1133 διδόναι,
1506 1074 1602 1126 καὶ
1639 1074 1809 1145 ρῶσιν

221 1159 341 1220 τοῖς
370 1159 587 1212 νοσοῦσι
642 1160 946 1232 παρέχειν·
982 1164 1113 1226 τοὺς
1151 1164 1398 1234 ἄφρονας
1437 1165 1673 1237 σοφίζει,
1696 1168 1811 1221 δαί-

226 1268 403 1320 μονας
424 1251 631 1320 διώκει,
663 1255 759 1307 καὶ
780 1256 892 1309 πᾶν
917 1255 946 1308 ὃ
966 1272 1018 1308 τι
1052 1256 1217 1311 καλὸν
1236 1258 1331 1311 καὶ
1348 1259 1614 1333 ἐράσμιον
1636 1260 1810 1330 ἀφθό-

224 1360 337 1408 νως
360 1348 589 1417 χορηγεῖ
614 1345 690 1417 τῷ
715 1348 1038 1419 κεκτημένῳ
1064 1349 1249 1402 αὐτόν.
1282 1349 1449 1417 Λέγει
1473 1352 1615 1421 πρὸς
1645 1353 1812 1407 αὐτὸν

226 1437 259 1488 ό
315 1436 699 1505 παιδαγωγός’
760 1438 906 1511 Ὀρῶ
951 1457 1012 1493 σε
1057 1440 1345 1513 ἄνθρωπον
1408 1444 1676 1517 σταθεροῦ
1714 1446 1813 1501 καὶ

230 1526 533 1599 βεϐηκότος
559 1531 908 1602 φρονήματος
929 1548 943 1562 ·
962 1532 1030 1586 τὰ
1045 1533 1101 1587 δὲ
1128 1536 1355 1606 ῥήματά
1378 1553 1473 1589 σου
1502 1536 1720 1610 ἀμετρά
1749 1556 1810 1592 σε

231 1621 548 1691 καυχᾶσθαι
588 1623 937 1693 ἐμφαίνουσι.
970 1626 1168 1690 Λίθους
1203 1628 1311 1701 γὰρ
1340 1630 1434 1683 καὶ
1467 1632 1811 1702 μαργαρίτας

230 1713 552 1779 πολυτελεῖς
575 1717 667 1769 καὶ
699 1717 1033 1789 πολυτίμους
1080 1721 1199 1783 πῶς
1231 1721 1296 1775 ἄν
1327 1738 1409 1775 σοι
1436 1721 1812 1793 διηγησαίμην

227 1804 395 1868 ὅσους
414 1806 665 1877 ἑώρακας
687 1809 950 1879 Ἔχοντας
969 1811 1025 1864 δὲ
1040 1812 1295 1876 τοιαύτας
1323 1812 1389 1877 ἃς
1411 1815 1640 1886 εἴρηκας
1654 1815 1814 1869 δυνά·-

231 1914 359 1964 μεις
395 1896 519 1950 οὔτε
540 1896 701 1968 εἶδον,
741 1900 867 1955 οὔτε
902 1903 1134 1974 ἤκουσα.
1179 1906 1373 1977 Ὅμως
1400 1906 1687 1972 ύπόδειξὸν
1720 1925 1812 1979 μοι

229 1988 419 2054 αὑτὸν,
448 1991 562 2055 καὶ,
586 1993 635 2045 εί
665 1992 781 2046 ἔστι
813 1994 1035 2049 κατὰτὸ
1061 1996 1216 2067 ῥῆμά
1248 2015 1365 2062 σου,
1385 1998 1577 2053 θᾶττον
1601 2000 1812 2069 εἰσάγω

229 2081 424 2135 τοῦτον
486 2085 620 2154 πρὸς
666 2085 759 2138 τὸν
789 2085 898 2153 ,τοῦ
939 2088 1203 2159 βασιλέως
1227 2090 1363 2157 υίὸν,
1398 2093 1493 2144 καὶ
1525 2092 1691 2160 τιμάς
1726 2093 1811 2145 ὅτι

232 2174 503 2243 μεγίστας
553 2176 649 2228 καὶ
697 2177 908 2246 δωρεὰς
1147 2184 1279 2251 παρ’
1318 2182 1508 2236 αὑτοῦ.
1546 2182 1723 2254 Πρινὴ
1751 2183 1810 2237 δὲ

232 2268 602 2341 βεϐαιωθῆναί
643 2288 711 2342 με
736 2274 802 2342 τῇ
834 2272 1060 2343 ἀψευδεῖ
1110 2274 1218 2328 τῶν
1260 2274 1557 2346 ὀφθαλμῶν
1595 2276 1807 2346 ὁράσει,

229 2362 496 2417 ἀδύνατόν
529 2381 621 2435 μοι
677 2365 756 2436 τῷ
799 2365 920 2437 ἐμῷ
972 2367 1213 2441 δεσπότῃ
1266 2372 1364 2422 καὶ
1417 2368 1632 2438 βασιλεί
1682 2372 1812 2439 περὶ

234 2455 563 2522 πράγματος
609 2454 851 2523 ἀφανοῦς
897 2456 1071 2510 ταῦτα
1099 2457 1166 2529 δὴ
1213 2460 1279 2512 τὰ
1318 2460 1603 2529 ὑπέρογκα
1630 2460 1813 2528 ἀπαγ-

233 2544 435 2610 γεῖλαι.
478 2545 536 2599 '0
580 2546 637 2599 δὲ
683 2547 954 2619 Βαρλαάμ
1013 2548 1117 2621 ἔφη
1142 2568 1154 2582 ·
1199 2551 1395 2615 Καλῶς
1456 2548 1616 2617 εἶπας
1670 2552 1812 2623 μήτε

235 2639 544 2707 ἑωρακέναι
579 2639 800 2695 πώποτε
832 2643 972 2714 μήτε
1001 2644 1299 2715 ἀκηκοέναι
1350 2647 1610 2711 τοιαύτας
1647 2647 1812 2703 δυνά-

230 2746 361 2797 μεις
382 2732 480 2782 καὶ
507 2731 788 2803 ἐνεργείας
803 2746 818 2761 ο
838 2734 867 2786 ό
896 2734 1008 2804 γὰρ
1038 2733 1177 2805 πρὸς
1199 2735 1260 2788 σέ
1295 2753 1398 2805 μου
1415 2736 1572 2805 λόγος
1593 2735 1654 2789 οὐ
1680 2734 1812 2807 περί

234 2838 328 2873 του
361 2822 621 2892 τυχόντος
636 2826 756 2878 ἐστὶ
787 2824 1290 2897 πράγματος,ἀλλά
1318 2827 1640 2899 θαυμαστοῦ
1662 2844 1812 2891 τινος

236 2914 333 2965 καὶ
361 2913 625 2983 μεγάλου.
668 2916 792 2970 Ὅτι
843 2917 900 2970 δὲ
933 2917 1207 2989 ἐζήτησας
1254 2918 1450 2974 τοῦτον
1483 2919 1808 2987 θεάσασθαι,

232 3010 472 3063 ἄκουσον
494 3009 603 3062 τῶν
639 3009 790 3080 ὲμῶν
818 3011 1102 3082 ῥημάτων.

320 3190 383 3243 '0
410 3188 559 3253 λίθος
592 3182 746 3254 οὗτος
770 3191 799 3244 ό
825 3189 1127 3261 πολύτιμος
1157 3189 1300 3260 μετὰ
1327 3191 1439 3245 τῶν
1472 3194 1813 3266 προειρημέ-

238 3300 349 3336 νων
377 3281 664 3353 ἐνεργειῶν
690 3282 786 3334 καὶ
815 3282 1123 3352 δυνάμεων,
1157 3283 1239 3335 ἔτι
1266 3284 1359 3336 καὶ
1380 3283 1584 3356 ταύτην
1610 3286 1812 3359 κέκτη-

242 3390 341 3428 ται
364 3374 462 3444 τὴν
499 3374 686 3443 ίσχύνο
740 3374 801 3427 οὐ
836 3373 1063 3429 δύναται
1098 3374 1394 3429 θεάσασθαι
1426 3378 1591 3430 αὐτὸν
1624 3379 1690 3432 ὲκ
1718 3378 1813 3433 τοῦ

245 3466 534 3536 προχείρου
555 3467 584 3519 ὁ
613 3464 689 3537 μὴ
719 3464 862 3536 έχων
892 3466 1215 3539 ἐρρωμένην
1245 3467 1345 3536 μὲν
1381 3467 1479 3539 τὴν
1501 3469 1693 3540 ὅρασιν
1721 3470 1817 3524 καὶ⁸

244 3557 619 3626 ὑγιαίνουσαν,
644 3556 807 3626 ἁγνὸν
838 3557 895 3610 δὲ
931 3557 1043 3628 38
1074 3557 1137 3611 τὸ
1161 3557 1323 3629 σῶμα
1359 3559 1453 3612 καὶ
1481 3562 1657 3631 πάντη
1687 3561 1818 3632 ἀμό-

237 3647 455 3701 >.υντον.
505 3647 568 3700 Et
594 3646 704 3717 γάρ
758 3663 862 3710 τις,
903 3647 978 3719 μὴ
1025 3646 1096 3700 τά
1133 3647 1226 3700 δύο
1257 3647 1431 3707 ταῦτα
1482 3649 1625 3703 καλὰ
1652 3649 1816 3720 ἔχων,

240 3737 537 3808 προπετῶς
560 3736 850 3808 ἐμϐλέψειε
880 3737 959 3810 τῷ
998 3739 1166 3811 τιμίῳ
1191 3738 1326 3812 λίθῳ
1362 3741 1558 3811 τούτῳ,
1595 3743 1688 3796 καὶ
1718 3742 1818 3795 αὐ-

239 3830 340 3900 τὴν
368 3831 544 3901 δήπου
572 3830 640 3900 ἢν
671 3830 785 3901 ἔχει
811 3830 1043 3903 ὀπτικήν
1091 3830 1321 3902 δύναμιν
1351 3833 1446 3885 καὶ
1483 3831 1584 3897 τὰς
1611 3831 1820 3904 φρένας

242 3918 726 3990 προσαπολέσειεν.
761 3919 904 3989 Ἐγὼ
924 3921 1003 3984 δὲ,
1042 3922 1144 3975 οὐκ
1164 3922 1410 3993 ἀμύητος
1429 3924 1531 3993 τῆς
1566 3924 1821 3993 ἰατρικῆς

243 4015 561 4084 ἐπιστήμης
608 4015 889 4085 ὑπάρχων,
926 4012 1149 4085 καθορῶ
1195 4030 1289 4067 σου
1337 4015 1465 4077 τοὺς
1502 4014 1821 4085 ὀφθαλμοὺς

247 4108 325 4181 μὴ
353 4106 526 4176 ὑγιῶς
564 4106 806 4177 ἔχοντας,
834 4108 928 4161 κα)⁸
949 4106 1163 4161 δέδοικα
1204 4108 1277 4177 μὴ
1300 4108 1395 4161 καὶ
1420 4102 1489 4180 ἧς
1507 4107 1652 4177 ἔχεις
1680 4108 1815 4177 ὁρά-

246 4216 391 4261 σεως
425 4198 681 4269 στέρησιν
705 4199 1044 4269 προξενήσω.
1088 4197 1250 4252 Ἀλλὰ
1279 4198 1372 4253 τὸν
1394 4200 1509 4253 υἱὸν
1532 4199 1626 4252 τοῦ
1663 4198 1820 4269 βασι-

244 4291 388 4355 λέως
412 4292 629 4361 ἀκήκοα
656 4289 769 4361 βίον
793 4291 893 4360 μὲν
909 4290 1050 4361 ἔχειν
1065 4290 1339 4362 σώφρονα,
1363 4292 1490 4355 τοὺς
1505 4290 1821 4361 ὀφθαλμοὺς

245 4383 304 4436 δὲ
324 4382 566 4452 ὡραίους
594 4382 688 4436 καὶ
716 4381 883 4450 ὑγιῶς
906 4380 1149 4453 ὁρῶντας
1168 4399 1181 4411 ·
1208 4381 1400 4435 τούτου
1433 4381 1592 4452 χάριν
1625 4382 1821 4452 ἐκείνῳ

250 4474 532 4539 ὑποδεῖξαι
563 4474 653 4527 τὸν
694 4473 965 4546 θησαυρὸν
986 4472 1198 4528 ’τοῦτον
1237 4474 1581 4546 τεθάρῤηκα.
1619 4476 1691 4529 Σὺ
1726 4471 1820 4528 οὖν

1923 615 2152 679 declaro,
2182 616 2320 684 quod
2350 625 2401 671 te
2429 618 2739 685 prudentem
2766 633 2827 671 ac
2855 620 3129 673 cordatum
3161 622 3329 674 virmn
3359 634 3481 674 esse

1924 710 2153 775 videam,
2199 721 2256 763 ut
2300 724 2385 765 me
2421 711 2488 764 ad
2528 712 2667 778 regis
2695 710 2861 765 tilium
2894 713 3199 766 introducas
3223 751 3240 776 ,
3272 714 3478 781 ipsique

1922 815 2043 857 cum
2069 804 2210 856 dono
2240 801 2381 855 dem.
2407 800 2680 869 Siquidem
2711 803 2849 856 bona
2880 802 3059 855 omnia
3090 801 3479 869 incomparabi-

1924 890 2047 947 liter
2074 892 2363 946 antecellit.
2394 891 2524 945 Nam
2575 898 2630 943 et
2676 891 2739 943 iis
2774 892 2861 960 qui
2908 892 3083 945 cordis
3127 892 3294 944 oculis
3344 890 3484 957 capti

1929 994 2073 1049 sunt,
2103 984 2377 1050 sapientiae
2402 983 2573 1038 lucem
2603 982 2777 1045 affert,
2810 992 2864 1037 et
2892 983 3068 1036 surdis
3097 996 3254 1036 aures
3278 982 3479 1048 aperit,

1929 1086 1983 1130 et
2015 1078 2174 1130 mutis
2198 1089 2379 1130 vocem
2407 1075 2661 1142 impertit,
2691 1084 2744 1128 et
2773 1082 3095 1145 aegrotantes
3123 1074 3175 1128 in
3203 1075 3484 1131 sanitatem

1914 1166 2136 1229 asserit,
2177 1175 2231 1218 et
2259 1166 2450 1218 stultos
2476 1164 2737 1232 sapientia
2768 1164 2948 1229 donat,
2980 1172 3036 1218 et
3064 1171 3331 1218 daemones
3362 1164 3480 1230 pel-

1926 1255 2022 1319 lit,
2063 1271 2127 1310 ac
2167 1255 2394 1323 denique
2421 1254 2674 1324 quidquid
2714 1254 2991 1322 pulchrum
3022 1265 3075 1308 et
3121 1254 3481 1323 expetendum

1926 1355 2027 1408 est.
2058 1346 2276 1399 domino
2324 1359 2423 1399 suo
2462 1345 2735 1399 uberrime
2780 1346 3096 1413 suppeditat.
3130 1348 3213 1398 Ait
3253 1345 3317 1398 ad
3363 1361 3483 1399 eum

1931 1437 2286 1507 paedagogus:
2322 1436 2400 1490 Te
2431 1436 2647 1505 quidem
2681 1436 2948 1490 hominem
2974 1437 3147 1504 gravis
3169 1448 3328 1504 atque
3359 1451 3485 1489 con-

1924 1530 2113 1583 stantis
2138 1528 2298 1582 animi
2324 1544 2443 1582 esse
2471 1528 2661 1594 video;
2693 1540 2943 1583 caeterum
2976 1529 3133 1582 verba
3172 1539 3259 1581 tua
3297 1529 3485 1581 immo-

1923 1618 2097 1672 dicam
2119 1618 2397 1686 quamdam
2421 1617 2726 1687 jactantiam
2753 1634 2860 1686 prae
2880 1633 2939 1672 se
2965 1618 3158 1673 ferunt.
3174 1620 3323 1684 Quod
3340 1622 3479 1675 enim

1924 1707 2246 1762 excellentes
2268 1716 2427 1776 atque
2458 1709 2689 1777 ingentis
2741 1711 2893 1776 pretii
2940 1710 3136 1777 lapides
3166 1721 3219 1763 et
3262 1711 3481 1765 uniuni-s

1928 1798 2199 1863 viderim,
2267 1814 2497 1867 quonam
2561 1800 2720 1854 modo
2786 1802 3150 1855 enumerando
3207 1817 3484 1857 recensere

1847 1883 1887 1941 Β
1927 1888 2152 1957 queam?
2177 1904 2273 1943 nec
2305 1899 2478 1943 tamen
2510 1905 2737 1959 unquam
2778 1900 2868 1943 aut
2900 1892 3001 1944 vidi
3049 1901 3137 1943 aut
3183 1893 3355 1946 audivi
3394 1893 3485 1961 qui

1926 1991 2016 2030 eas
2066 1992 2197 2044 quas
2242 1980 2667 2031 commemorasti
2704 1981 2846 2034 vires
2892 1979 3172 2035 haberent.
3204 1981 3484 2035 Verumta-

1928 2083 2048 2122 men
2077 2083 2196 2121 eum
2226 2068 2353 2122 mihi
2383 2070 2635 2135 ostende,
2667 2086 2727 2125 ac
2757 2072 2801 2126 si
2855 2072 2974 2126 talis
3001 2082 3085 2127 est
3126 2075 3335 2142 qualem
3362 2075 3439 2127 ais
3459 2115 3476 2140 ,

1930 2158 2045 2212 sine
2074 2158 2179 2210 ulla
2208 2162 2549 2213 cunctatione
2575 2161 2638 2213 ad
2670 2165 2808 2230 regis
2839 2161 3003 2214 filium
3034 2172 3085 2217 te
3114 2164 3478 2227 introducam,

1932 2251 2017 2316 qui
2043 2263 2093 2306 te
2110 2250 2355 2304 maximis
2383 2251 2669 2304 honoribus
2694 2267 2757 2305 ac
2778 2254 3045 2309 beneficiis
3064 2253 3289 2307 ornabit.
3308 2253 3488 2307 Prius-

1914 2346 2072 2399 quam
2104 2341 2281 2385 autem
2313 2343 2418 2398 per
2439 2332 2610 2400 ipsum
2645 2334 2926 2387 oculorum
2954 2333 3229 2396 obtutum,
3256 2334 3344 2402 qui
3378 2332 3487 2388 falli

1911 2421 2115 2488 nequit,
2142 2419 2279 2474 dicta
2308 2431 2392 2474 tua
2420 2422 2775 2487 contirmaris,
2799 2423 2915 2475 fieri
2943 2438 3046 2475 non
3075 2430 3250 2489 potest
3292 2433 3349 2476 ut
3385 2422 3486 2476 do-

1913 2513 2059 2566 mino
2087 2528 2208 2565 meo
2231 2528 2293 2566 ac
2322 2515 2433 2582 regi
2465 2514 2531 2568 de
2554 2530 2612 2569 re
2635 2514 2837 2569 incerta
2865 2523 2922 2569 et
2947 2515 3212 2582 incognita
3242 2514 3355 2568 haec
3380 2524 3488 2567 tam

1914 2601 2194 2656 immodica
2220 2617 2282 2656 ac
2305 2604 2617 2673 praetumida
2642 2604 2966 2660 renuntiem.
3000 2603 3141 2657 Dixit
3161 2614 3336 2658 autem
3362 2604 3491 2657 Baro

1913 2682 2067 2744 laanf
2081 2707 2096 2745 :
2125 2692 2292 2747 Recte
2313 2694 2517 2757 dixisti,
2544 2704 2596 2749 te
2622 2694 2929 2764 hujusmodi
2964 2696 3102 2750 vires
3129 2710 3191 2749 ac
3214 2695 3489 2749 facultates

1920 2797 2023 2838 nec
2053 2800 2284 2853 unquam
2314 2789 2684 2855 perspexisse,
2716 2801 2816 2842 nec
2842 2787 3076 2842 audisse.
3110 2787 3319 2841 Etenim
3363 2803 3490 2840 ora-

1914 2877 1991 2929 tio
2020 2876 2084 2930 ad
2118 2885 2169 2931 te
2201 2893 2316 2931 mea
2344 2893 2447 2931 non
2479 2877 2545 2932 de
2573 2893 2633 2932 re
2660 2878 2882 2947 vulgari,
2909 2881 3004 2934 sed
3032 2879 3231 2948 ingenti
3256 2878 3489 2947 quadam

1913 2976 1968 3021 et
2007 2967 2316 3022 admiranda
2347 2977 2449 3022 est.
2481 2968 2632 3033 Quod
2676 2978 2854 3024 autem
2883 2984 3005 3024 eum
3047 2983 3270 3023 cernere
3296 2973 3491 3038 quaesi-

1915 3057 2059 3121 visti,
2090 3057 2215 3111 audi
2245 3057 2372 3126 quid
2396 3058 2590 3113 dicam.

1988 3180 2143 3251 Lapis
2166 3180 2252 3236 hic
2270 3181 2468 3236 summi
2498 3182 2679 3251 pretii,
2709 3190 2907 3253 praeter
2933 3197 3025 3238 eas
3054 3199 3190 3255 quas
3218 3184 3325 3238 dixi
3349 3183 3492 3238 vires

1915 3280 1971 3327 et
1996 3272 2300 3337 facultates,
2333 3275 2470 3329 lianc
2495 3275 2654 3328 etiam
2682 3274 2859 3329 habet.
2892 3273 3027 3328 Eum
3070 3276 3214 3330 enim
3247 3285 3490 3343 prompte

1913 3374 1980 3418 ac
2006 3363 2159 3417 facile
2186 3363 2494 3432 prospicere
2540 3380 2647 3419 non
2697 3375 2907 3435 potest,
2939 3366 3028 3434 qui
3060 3380 3248 3419 sanum
3295 3381 3356 3418 ac
3391 3367 3484 3417 tir-

1916 3470 2060 3509 mum
2112 3454 2358 3520 oculum,
2410 3469 2712 3525 corpusque
2759 3471 2951 3525 purum
3009 3466 3170 3525 atque
3216 3458 3287 3510 ab
3341 3456 3489 3510 omni

1914 3546 2170 3611 spurcitie
2194 3545 2423 3599 alienum
2453 3561 2557 3599 non
2591 3546 2771 3599 habet.
2805 3544 2936 3600 Nam
2965 3547 3011 3600 si
3041 3548 3163 3615 quis
3190 3592 3204 3615 ,
3238 3547 3322 3601 liis
3352 3547 3487 3599 dua-

1917 3640 2014 3695 bus
2044 3640 2200 3693 rebus
2237 3653 2342 3693 non
2375 3649 2521 3693 recte
2548 3639 2907 3707 comparatis,
2942 3640 2993 3694 in
3025 3640 3166 3694 hunc
3197 3640 3488 3708 pretiosum

1916 3728 2144 3796 lapidem
2174 3728 2358 3783 oculos
2410 3739 2613 3784 temere
2660 3743 2723 3782 ac
2764 3729 3062 3796 petulanter
3093 3730 3332 3797 injiciet,
3377 3730 3491 3791 ipsa

1914 3834 2128 3890 quoque
2168 3821 2377 3875 scilicet
2418 3835 2522 3890 qua
2572 3819 2831 3889 praeditus
2880 3829 2965 3875 est
3011 3821 3269 3875 cernendi
3326 3822 3375 3873 vi
3428 3836 3492 3874 ac

1915 3920 2091 3966 mente
2120 3913 2334 3979 insuper
2364 3913 2730 3966 mulctahitur.
2768 3913 2879 3983 Ego
2922 3927 3083 3981 porro
3110 3955 3125 3977 ,
3161 3923 3343 3981 utpote
3375 3928 3489 3966 me-

1919 4001 2111 4056 dicinae
2134 4001 2358 4056 minime
2403 4004 2552 4058 rudis
2582 4016 2634 4058 et
2662 4004 2875 4074 ignarus
2894 4044 2911 4070 ,
2941 4005 3125 4058 oculos
3156 4013 3277 4057 tuos
3308 4019 3492 4072 parum

1913 4108 2073 4148 sanos
2115 4107 2236 4149 esse
2279 4096 2553 4163 conSpicio
2582 4111 2596 4148 :
2629 4111 2691 4151 ac
2738 4097 2964 4166 proinde
3013 4112 3202 4152 vereor
3244 4112 3312 4152 ne
3354 4099 3495 4151 hanc

1919 4198 2133 4253 quoque
2181 4199 2339 4252 quam
2389 4184 2556 4240 habes
2596 4188 2850 4242 cernendi
2901 4188 3208 4244 facultatem
3256 4190 3493 4244 amittas.

1921 4274 2114 4329 Verum
2144 4274 2212 4329 de
2242 4276 2384 4347 regis
2411 4276 2521 4330 lilio
2564 4279 2738 4333 audivi
2765 4318 2782 4345 ,
2812 4295 2934 4334 eum
2967 4291 3071 4335 tam
3099 4283 3220 4336 vitae
3250 4285 3496 4336 castitate

1917 4365 2195 4435 praditum
2224 4381 2364 4431 esse,
2398 4375 2506 4421 tum
2539 4368 2790 4437 pulchros
2820 4385 2883 4425 ac
2923 4376 3258 4440 perSpicaces
3307 4376 3496 4429 oculos

1919 4457 2137 4513 habere.
2163 4458 2422 4523 Quocirca
2455 4459 2764 4516 thesaurum
2797 4461 2939 4518 hunc
2971 4466 3067 4533 ipsi
3096 4468 3384 4521 ostendere
3408 4468 3497 4522 mi~

248 4566 327 4637 μὴ
362 4564 583 4635 ἀμελῶς
608 4566 737 4636 περὶ
779 4565 972 4618 τούτου
1017 4565 1290 4637 διατεθῇς,
1325 4566 1460 4635 μηδὲ
1490 4565 1815 4637 πράγματος

1920 4550 2060 4603 nime
2089 4551 2377 4618 :dubitabo.
2428 4552 2787 4618 Quamobrem
2833 4571 2900 4610 ne
2929 4558 3268 4612 commiseris
3303 4568 3361 4613 ut
3393 4558 3498 4612 hoe

245 4659 499 4713 τοιούτου
525 4659 615 4711 τὸν
662 4659 848 4729 κύριόν
889 4675 983 4711 σου
1028 4661 1435 4731 ἀποστερήσῃς.
1484 4660 1545 4712 Ὃ
1577 4660 1635 4713 δὲ
1680 4661 1819 4732 πρὸς

247 4752 419 4806 αὐτὸν
440 4791 455 4815 ,
487 4753 595 4804 Καὶ
623 4752 673 4803 εί
706 4750 902 4817 ταῦτα,
924 4752 1110 4820 φησὶν,
1137 4749 1314 4814 οὕτως
1339 4752 1476 4821 ἔχει,
1508 4753 1581 4822 μή
1610 4769 1699 4822 μοι
1727 4754 1822 4806 τὸν

245 4844 403 4896 λίθον
454 4842 758 4914 ὑποδείξῃς·
812 4844 870 4895 ὲν
902 4842 1196 4913 ἁμαρτίαις
1249 4842 1358 4914 γὰρ
1390 4842 1613 4907 πολλαῖς
1643 4845 1671 4895 ό
1709 4843 1823 4913 βίος

249 4952 356 5005 μου
377 4932 696 5004 ἐρρύπωται
717 4948 731 4960 ·
762 4933 860 5003 οὐχ
892 4933 1061 5001 ὑγιῶς
1082 4933 1138 4986 δὲ
1168 4933 1263 4985 καὶ
1276 4934 1375 5003 τὴν
1404 4933 1613 5005 ὅρασιν,
1641 4934 1825 4999 καθὼς

246 5023 435 5089 εἶπας,
464 5025 765 5095 κέκτημαι.
808 5024 947 5077 Ἀλλ’
991 5023 1123 5092 ἐγὼ,
1154 5026 1269 5086 τοῖς
1306 5028 1416 5088 σοῖς
1447 5026 1692 5088 πεισθεὶς
1727 5028 1825 5097 ῥή-

247 5136 411 5190 μασι,
458 5118 722 5189 γνωρίσαι
759 5117 933 5171 ταῦτα
982 5117 1061 5187 τῷ
1111 5117 1284 5189 κυρίῳ
1334 5135 1435 5188 μου
1485 5119 1580 5172 καὶ
1618 5118 1828 5188 βασιλεῖ

248 5213 353 5266 οὐκ
381 5211 622 5280 ὀκνήσω.
647 5204 782 5263 Εῖπε
814 5210 1005 5273 ταῦτα,
1054 5212 1148 5263 καὶ
1189 5208 1447 5263 εἰσελθὼν
1477 5210 1621 5263 κατὰ
1658 5210 1826 5283 μέρος

250 5300 437 5354 πάντα
459 5299 537 5369 τῷ
570 5298 673 5369 υἱῷ
698 5298 802 5353 -τοῦ
857 5298 1124 5370 βασιλέως
1176 5298 1532 5369 ἀπήγγειλεν.
1583 5299 1826 5363 Ἐκεῖνος

250 5392 333 5453 δὲ,
364 5392 443 5455 ὡς
473 5392 671 5463 ἤκουσε
722 5390 791 5445 τὰ
832 5390 926 5444 τοῦ
974 5389 1329 5459 παιδαγωγοῦ
1376 5392 1616 5460 ῥήματα,
1649 5391 1828 5462 χαρᾶς

252 5502 403 5547 τινος
438 5484 536 5537 καὶ
583 5483 854 5554 θυμηδίας
892 5482 1274 5555 πνευματικῆς
1310 5482 1530 5553 ⁴ᾔσθετο,
1558 5485 1625 5555 τῇ
1659 5481 1824 5537 αὑτοῦ

256 5576 648 5648 ὲμπνευσάσης
679 5574 898 5648 καρδίᾳ,
932 5576 1047 5638 καὶ,
1082 5574 1267 5638 ἔνθους
1306 5575 1495 5646 ὥσπερ
1537 5575 1828 5644 γενόμενος

258 5669 361 5740 τὴν
382 5667 585 5739 ψυχὴν,
614 5667 868 5720 ἐκέλευσε
899 5666 1092 5720 θᾶττον
1128 5666 1441 5736 εἰσαγαγεῖν
1466 5666 1558 5722 τδν
1587 5666 1780 5738 ἄνδρα.

340 5848 452 5921 (81)
479 5851 545 5916 Δ,
573 5850 792 5905 συνετόν
824 5866 881 5904 σε
902 5848 997 5905 καὶ
1026 5866 1073 5905 ν.
1110 5848 1189 5918 βλ.
1218 5848 1250 5902 ἄ

1922 4645 2178 4715 negligas,
2208 4660 2269 4700 ac
2301 4661 2359 4701 re
2389 4646 2522 4702 tanti
2550 4649 2809 4702 momenti
2862 4649 3137 4704 dominum
3186 4659 3335 4704 tuum
3390 4651 3499 4719 pri-

1922 4752 2033 4792 ves.
2068 4738 2159 4792 Ille
2189 4747 2364 4793 autem
2392 4739 2459 4793 ad
2489 4755 2608 4794 eum
2641 4739 2775 4794 dixit
2804 4758 2817 4794 :
2845 4741 2899 4796 Si
2933 4741 3047 4796 haec
3078 4741 3147 4794 ita
3171 4756 3230 4796 se
3256 4742 3494 4806 habent,

1920 4842 1988 4882 ne
2025 4828 2155 4883 mihi
2189 4829 2416 4898 lapidem
2464 4830 2718 4885 ostendas
2742 4869 2757 4897 ,
2785 4833 3052 4901 siquidem
3091 4832 3342 4901 plurimis
3372 4847 3498 4897 pec-

1922 4922 2054 4976 catis
2078 4923 2182 4975 vita
2214 4938 2327 4977 mea
2360 4923 2630 4992 inquinata
2663 4932 2774 4986 est,
2807 4939 2871 4977 ac
2915 4934 3171 4992 przeterea
3204 4939 3272 4978 ne
3311 4922 3501 4977 oculos

1922 5011 2135 5079 quidem
2166 5013 2295 5066 satis
2341 5028 2500 5067 sanos
2544 5014 2733 5069 habeo.
2765 5014 2840 5069 De
2876 5015 2975 5068 bac
3018 5023 3198 5069 autem
3242 5028 3301 5068 re
3326 5013 3502 5067 domi-

1927 5118 2053 5156 num
2083 5118 2257 5158 meum
2290 5119 2467 5173 regem
2499 5105 2781 5160 certiorem
2813 5105 2992 5160 facere
3018 5106 3239 5160 minime
3278 5113 3499 5171 cuncta-

1928 5196 2044 5250 bor.
2078 5196 2189 5250 lloc
2215 5212 2461 5251 sermone
2498 5197 2715 5260 lialiito,
2746 5195 2814 5251 ad
2918 5195 3063 5265 regis
3158 5193 3329 5249 filium
3411 5194 3502 5249 in-

1927 5302 2167 5358 gressus,
2194 5288 2373 5342 omnia
2403 5288 2452 5343 ei
2488 5287 2760 5358 sigillatim
2806 5290 3073 5356 exposuit.
3107 5286 3197 5339 Ille
3226 5295 3404 5340 autem
3447 5295 3505 5340 ιιι

1931 5379 2278 5449 ριίεεεριοτὶε
2306 5380 2467 5434 verba
2490 5379 2727 5446 audivit,
2758 5379 3021 5448 spirituali
3051 5379 3279 5446 quadam
3319 5378 3504 5434 laetitia

1931 5479 1987 5527 et
2029 5472 2301 5542 voluptate
2346 5480 2531 5541 pectus
2576 5485 2732 5525 suum
2776 5467 2950 5523 afﬂari
3000 5471 3197 5534 sensit;
3249 5483 3313 5522 ac
3360 5471 3506 5522 velut

1940 5564 2157 5619 numine
2224 5570 2538 5633 correptus,
2602 5561 2869 5618 hominem
2930 5561 3177 5618 celeriter
3239 5559 3507 5614 introduci

1930 5654 2103 5724 jussit.
