  <div class='ocr_page' id='page_1' title='image "/cluster/home/n/w/nwhite01/storage/ocr_20150623/96/hvd.32044019208065/455.png"; bbox 0 0 4070 6458; ppageno 0'>
   <div class='ocr_carea' id='block_1_1' title="bbox 624 418 2222 505">
    <p class='ocr_par' dir='ltr' id='par_1_1' title="bbox 624 420 2222 505">
     <span class='ocr_line' id='line_1_1' title="bbox 624 420 2222 505; baseline -0.014 0"><span class='ocrx_word' id='word_1_1' title='bbox 624 441 732 505; x_wconf 84' lang='grc'><strong>899</strong></span> <span class='ocrx_word' id='word_1_2' title='bbox 2034 420 2222 486; x_wconf 79' lang='lat' dir='ltr'><strong>ADDE</strong></span> 
     </span>
    </p>
   </div>
   <div class='ocr_carea' id='block_1_2' title="bbox 2304 418 3818 505">
    <p class='ocr_par' dir='ltr' id='par_1_2' title="bbox 2304 418 3818 482">
     <span class='ocr_line' id='line_1_2' title="bbox 2304 418 3818 482; baseline -0.003 -1"><span class='ocrx_word' id='word_1_3' title='bbox 2304 422 2408 482; x_wconf 86' lang='lat' dir='ltr'><strong>DA.</strong></span> <span class='ocrx_word' id='word_1_4' title='bbox 3735 418 3818 478; x_wconf 64' lang='grc' dir='ltr'><strong>ιω</strong></span> 
     </span>
    </p>
   </div>
   <div class='ocr_carea' id='block_1_3' title="bbox 698 526 2222 616">
    <p class='ocr_par' dir='ltr' id='par_1_3' title="bbox 698 542 2222 616">
     <span class='ocr_line' id='line_1_3' title="bbox 698 542 2222 616; baseline -0.006 -12"><span class='ocrx_word' id='word_1_5' title='bbox 698 549 765 605; x_wconf 89' lang='lat' dir='ltr'><strong>Ut</strong></span> <span class='ocrx_word' id='word_1_6' title='bbox 792 547 949 616; x_wconf 75' lang='lat' dir='ltr'><strong>igitur</strong></span> <span class='ocrx_word' id='word_1_7' title='bbox 977 545 1247 614; x_wconf 71' lang='lat' dir='ltr'><strong>ingressus</strong></span> <span class='ocrx_word' id='word_1_8' title='bbox 1275 552 1359 599; x_wconf 88' lang='lat' dir='ltr'><strong>est</strong></span> <span class='ocrx_word' id='word_1_9' title='bbox 1385 542 1625 599; x_wconf 84' lang='lat' dir='ltr'><strong>Barlaam</strong></span> <span class='ocrx_word' id='word_1_10' title='bbox 1648 587 1663 611; x_wconf 93' lang='lat'><strong>,</strong></span> <span class='ocrx_word' id='word_1_11' title='bbox 1693 543 1850 611; x_wconf 86' lang='lat' dir='ltr'><strong>eique</strong></span> <span class='ocrx_word' id='word_1_12' title='bbox 1875 555 2032 607; x_wconf 86' lang='lat' dir='ltr'><strong>quam</strong></span> <span class='ocrx_word' id='word_1_13' title='bbox 2061 556 2222 595; x_wconf 27' lang='lat' dir='ltr'><strong>cono.</strong></span> 
     </span>
    </p>
   </div>
   <div class='ocr_carea' id='block_1_4' title="bbox 2304 526 3818 616">
    <p class='ocr_par' dir='ltr' id='par_1_4' title="bbox 2376 526 3818 607">
     <span class='ocr_line' id='line_1_4' title="bbox 2376 526 3818 607; baseline 0.017 -54"><span class='ocrx_word' id='word_1_14' title='bbox 2376 535 2464 598; x_wconf 72' lang='grc' dir='ltr'><strong>,Ως</strong></span> <span class='ocrx_word' id='word_1_15' title='bbox 2493 529 2587 587; x_wconf 79' lang='grc' dir='ltr'>οὖν</span> <span class='ocrx_word' id='word_1_16' title='bbox 2636 529 2890 601; x_wconf 74' lang='grc' dir='ltr'>εἰσῆλθεν</span> <span class='ocrx_word' id='word_1_17' title='bbox 2935 531 2965 583; x_wconf 99' lang='lat'><strong>6</strong></span> <span class='ocrx_word' id='word_1_18' title='bbox 2992 527 3281 599; x_wconf 82' lang='grc' dir='ltr'>Βαρλαὰμ,</span> <span class='ocrx_word' id='word_1_19' title='bbox 3330 526 3423 581; x_wconf 71' lang='grc' dir='ltr'>καὶ</span> <span class='ocrx_word' id='word_1_20' title='bbox 3446 527 3661 584; x_wconf 84' lang='grc' dir='ltr'>δέδωκεν</span> <span class='ocrx_word' id='word_1_21' title='bbox 3693 536 3818 607; x_wconf 62' lang='grc' dir='ltr'><strong>αὐτῷ</strong></span> 
     </span>
    </p>
   </div>
   <div class='ocr_carea' id='block_1_5' title="bbox 623 621 2222 709">
    <p class='ocr_par' dir='ltr' id='par_1_5' title="bbox 623 632 2204 709">
     <span class='ocr_line' id='line_1_5' title="bbox 623 632 2204 709; baseline -0.006 -16"><span class='ocrx_word' id='word_1_22' title='bbox 623 642 869 696; x_wconf 88' lang='lat' dir='ltr'><strong>veniebat</strong></span> <span class='ocrx_word' id='word_1_23' title='bbox 916 655 1100 709; x_wconf 87' lang='lat' dir='ltr'><strong>pacem</strong></span> <span class='ocrx_word' id='word_1_24' title='bbox 1144 638 1320 701; x_wconf 87' lang='lat' dir='ltr'><strong>dedit,</strong></span> <span class='ocrx_word' id='word_1_25' title='bbox 1364 635 1553 691; x_wconf 89' lang='lat' dir='ltr'><strong>sedere</strong></span> <span class='ocrx_word' id='word_1_26' title='bbox 1595 639 1779 705; x_wconf 80' lang='lat' dir='ltr'><strong>jussus</strong></span> <span class='ocrx_word' id='word_1_27' title='bbox 1815 647 1916 687; x_wconf 62' lang='lat' dir='ltr'><strong>esu</strong></span> <span class='ocrx_word' id='word_1_28' title='bbox 1963 632 2204 700; x_wconf 80' lang='lat' dir='ltr'><strong>Cumque</strong></span> 
     </span>
    </p>
   </div>
   <div class='ocr_carea' id='block_1_6' title="bbox 2304 621 3819 709">
    <p class='ocr_par' dir='ltr' id='par_1_6' title="bbox 2304 621 3819 701">
     <span class='ocr_line' id='line_1_6' title="bbox 2304 621 3819 701; baseline -0.008 -18"><span class='ocrx_word' id='word_1_29' title='bbox 2304 630 2399 701; x_wconf 73' lang='grc' dir='ltr'>τὴν</span> <span class='ocrx_word' id='word_1_30' title='bbox 2425 629 2741 700; x_wconf 84' lang='grc' dir='ltr'>πρέπουσαν</span> <span class='ocrx_word' id='word_1_31' title='bbox 2764 625 2988 695; x_wconf 76' lang='grc' dir='ltr'><strong>εἰρήνην</strong></span> <span class='ocrx_word' id='word_1_32' title='bbox 3008 622 3145 692; x_wconf 76' lang='lat'><strong>(8‘2),</strong></span> <span class='ocrx_word' id='word_1_33' title='bbox 3199 621 3500 691; x_wconf 79' lang='grc' dir='ltr'><strong>ἐπέτρεψεν</strong></span> <span class='ocrx_word' id='word_1_34' title='bbox 3541 624 3687 677; x_wconf 74' lang='grc' dir='ltr'>αὐτὸν</span> <span class='ocrx_word' id='word_1_35' title='bbox 3710 631 3819 682; x_wconf 72' lang='grc' dir='ltr'>καθ.</span> 
     </span>
    </p>
   </div>
   <div class='ocr_carea' id='block_1_7' title="bbox 627 722 2205 805">
    <p class='ocr_par' dir='ltr' id='par_1_7' title="bbox 627 722 2205 805">
     <span class='ocr_line' id='line_1_7' title="bbox 627 722 2205 805; baseline -0.01 -15"><span class='ocrx_word' id='word_1_36' title='bbox 627 742 927 805; x_wconf 67' lang='grc' dir='ltr'>ρτωεεριοι·</span> <span class='ocrx_word' id='word_1_37' title='bbox 949 731 1290 795; x_wconf 74' lang='lat' dir='ltr'><strong>secessisset,</strong></span> <span class='ocrx_word' id='word_1_38' title='bbox 1321 727 1575 797; x_wconf 85' lang='lat' dir='ltr'><strong>Josapbat</strong></span> <span class='ocrx_word' id='word_1_39' title='bbox 1594 728 1660 781; x_wconf 89' lang='lat' dir='ltr'><strong>ad</strong></span> <span class='ocrx_word' id='word_1_40' title='bbox 1687 741 1868 781; x_wconf 91' lang='lat' dir='ltr'><strong>senem</strong></span> <span class='ocrx_word' id='word_1_41' title='bbox 1896 724 2027 779; x_wconf 83' lang='lat' dir='ltr'><strong>dixit</strong></span> <span class='ocrx_word' id='word_1_42' title='bbox 2055 741 2069 776; x_wconf 91' lang='lat'><strong>:</strong></span> <span class='ocrx_word' id='word_1_43' title='bbox 2103 722 2205 776; x_wconf 60' lang='lat' dir='ltr'><strong>Ve.</strong></span> 
     </span>
    </p>
   </div>
   <div class='ocr_carea' id='block_1_8' title="bbox 631 817 2205 899">
    <p class='ocr_par' dir='ltr' id='par_1_8' title="bbox 631 817 2205 899">
     <span class='ocr_line' id='line_1_8' title="bbox 631 817 2205 899; baseline -0.011 -12"><span class='ocrx_word' id='word_1_44' title='bbox 631 833 722 888; x_wconf 91' lang='lat' dir='ltr'><strong>lim</strong></span> <span class='ocrx_word' id='word_1_45' title='bbox 753 829 880 884; x_wconf 91' lang='lat' dir='ltr'><strong>mibi</strong></span> <span class='ocrx_word' id='word_1_46' title='bbox 910 828 1203 899; x_wconf 85' lang='lat' dir='ltr'><strong>pretiosum</strong></span> <span class='ocrx_word' id='word_1_47' title='bbox 1238 826 1386 879; x_wconf 91' lang='lat' dir='ltr'><strong>illum</strong></span> <span class='ocrx_word' id='word_1_48' title='bbox 1429 823 1659 892; x_wconf 90' lang='lat' dir='ltr'><strong>lapidem</strong></span> <span class='ocrx_word' id='word_1_49' title='bbox 1701 819 1973 882; x_wconf 85' lang='lat' dir='ltr'><strong>ostendas,</strong></span> <span class='ocrx_word' id='word_1_50' title='bbox 2004 817 2073 871; x_wconf 90' lang='lat' dir='ltr'><strong>de</strong></span> <span class='ocrx_word' id='word_1_51' title='bbox 2098 830 2205 883; x_wconf 91' lang='lat' dir='ltr'><strong>quo</strong></span> 
     </span>
    </p>
   </div>
   <div class='ocr_carea' id='block_1_9' title="bbox 632 912 2206 991">
    <p class='ocr_par' dir='ltr' id='par_1_9' title="bbox 632 912 2206 991">
     <span class='ocr_line' id='line_1_9' title="bbox 632 912 2206 991; baseline -0.01 -14"><span class='ocrx_word' id='word_1_52' title='bbox 632 937 820 991; x_wconf 79' lang='lat' dir='ltr'><strong>magna</strong></span> <span class='ocrx_word' id='word_1_53' title='bbox 852 930 905 975; x_wconf 92' lang='lat' dir='ltr'><strong>et</strong></span> <span class='ocrx_word' id='word_1_54' title='bbox 931 917 1238 973; x_wconf 68' lang='lat' dir='ltr'><strong>admiranda</strong></span> <span class='ocrx_word' id='word_1_55' title='bbox 1269 916 1363 970; x_wconf 88' lang='lat' dir='ltr'><strong>abs</strong></span> <span class='ocrx_word' id='word_1_56' title='bbox 1394 925 1446 970; x_wconf 90' lang='lat' dir='ltr'><strong>te</strong></span> <span class='ocrx_word' id='word_1_57' title='bbox 1474 912 1881 968; x_wconf 83' lang='lat' dir='ltr'><strong>commemorari</strong></span> <span class='ocrx_word' id='word_1_58' title='bbox 1913 917 2206 977; x_wconf 69' lang='lat' dir='ltr'><strong>praeceptor</strong></span> 
     </span>
    </p>
   </div>
   <div class='ocr_carea' id='block_1_10' title="bbox 632 1007 2208 1067">
    <p class='ocr_par' dir='ltr' id='par_1_10' title="bbox 632 1007 2208 1067">
     <span class='ocr_line' id='line_1_10' title="bbox 632 1007 2208 1067; baseline -0.008 -1"><span class='ocrx_word' id='word_1_59' title='bbox 632 1028 783 1067; x_wconf 88' lang='lat' dir='ltr'><strong>meus</strong></span> <span class='ocrx_word' id='word_1_60' title='bbox 814 1012 941 1065; x_wconf 91' lang='lat' dir='ltr'><strong>mihi</strong></span> <span class='ocrx_word' id='word_1_61' title='bbox 974 1010 1229 1065; x_wconf 83' lang='lat' dir='ltr'><strong>narravit.</strong></span> <span class='ocrx_word' id='word_1_62' title='bbox 1276 1008 1519 1062; x_wconf 88' lang='lat' dir='ltr'><strong>Barlaam</strong></span> <span class='ocrx_word' id='word_1_63' title='bbox 1559 1014 1735 1060; x_wconf 93' lang='lat' dir='ltr'><strong>autem</strong></span> <span class='ocrx_word' id='word_1_64' title='bbox 1779 1018 1928 1056; x_wconf 92' lang='lat' dir='ltr'><strong>suam</strong></span> <span class='ocrx_word' id='word_1_65' title='bbox 1973 1007 2038 1053; x_wconf 90' lang='lat' dir='ltr'><strong>ad</strong></span> <span class='ocrx_word' id='word_1_66' title='bbox 2085 1014 2208 1053; x_wconf 89' lang='lat' dir='ltr'><strong>eum</strong></span> 
     </span>
    </p>
   </div>
   <div class='ocr_carea' id='block_1_11' title="bbox 632 1093 2208 1173">
    <p class='ocr_par' dir='ltr' id='par_1_11' title="bbox 632 1093 2208 1173">
     <span class='ocr_line' id='line_1_11' title="bbox 632 1093 2208 1173; baseline -0.008 -16"><span class='ocrx_word' id='word_1_67' title='bbox 632 1103 1044 1173; x_wconf 83' lang='lat' dir='ltr'><strong>disputationem</strong></span> <span class='ocrx_word' id='word_1_68' title='bbox 1067 1104 1131 1154; x_wconf 87' lang='lat' dir='ltr'><strong>ad</strong></span> <span class='ocrx_word' id='word_1_69' title='bbox 1162 1102 1301 1155; x_wconf 89' lang='lat' dir='ltr'><strong>hunc</strong></span> <span class='ocrx_word' id='word_1_70' title='bbox 1326 1100 1539 1155; x_wconf 89' lang='lat' dir='ltr'><strong>modum</strong></span> <span class='ocrx_word' id='word_1_71' title='bbox 1564 1097 1866 1165; x_wconf 85' lang='lat' dir='ltr'><strong>auspicatus</strong></span> <span class='ocrx_word' id='word_1_72' title='bbox 1887 1105 2001 1150; x_wconf 88' lang='lat' dir='ltr'><strong>est:</strong></span> <span class='ocrx_word' id='word_1_73' title='bbox 2034 1093 2208 1147; x_wconf 82' lang='lat' dir='ltr'><strong>Haud-</strong></span> 
     </span>
    </p>
   </div>
   <div class='ocr_carea' id='block_1_12' title="bbox 635 1185 2211 1262">
    <p class='ocr_par' dir='ltr' id='par_1_12' title="bbox 635 1185 2211 1262">
     <span class='ocr_line' id='line_1_12' title="bbox 635 1185 2211 1262; baseline -0.008 -16"><span class='ocrx_word' id='word_1_74' title='bbox 635 1208 896 1262; x_wconf 79' lang='lat' dir='ltr'><strong>quaquam</strong></span> <span class='ocrx_word' id='word_1_75' title='bbox 927 1207 1133 1262; x_wconf 70' lang='lat' dir='ltr'><strong>mquum</strong></span> <span class='ocrx_word' id='word_1_76' title='bbox 1168 1200 1284 1256; x_wconf 88' lang='lat' dir='ltr'><strong>est,</strong></span> <span class='ocrx_word' id='word_1_77' title='bbox 1318 1206 1350 1243; x_wconf 88' lang='grc' dir='ltr'><strong>ο</strong></span> <span class='ocrx_word' id='word_1_78' title='bbox 1380 1204 1509 1255; x_wconf 82' lang='lat' dir='ltr'><strong>rex,</strong></span> <span class='ocrx_word' id='word_1_79' title='bbox 1542 1187 1608 1241; x_wconf 91' lang='lat' dir='ltr'><strong>ad</strong></span> <span class='ocrx_word' id='word_1_80' title='bbox 1652 1185 1912 1240; x_wconf 87' lang='lat' dir='ltr'><strong>illustrem</strong></span> <span class='ocrx_word' id='word_1_81' title='bbox 1943 1191 2084 1236; x_wconf 87' lang='lat' dir='ltr'><strong>tuam</strong></span> <span class='ocrx_word' id='word_1_82' title='bbox 2114 1195 2211 1234; x_wconf 79' lang='lat' dir='ltr'><strong>ex-</strong></span> 
     </span>
    </p>
   </div>
   <div class='ocr_carea' id='block_1_13' title="bbox 637 1272 2213 1353">
    <p class='ocr_par' dir='ltr' id='par_1_13' title="bbox 637 1272 2213 1353">
     <span class='ocr_line' id='line_1_13' title="bbox 637 1272 2213 1353; baseline -0.009 -12"><span class='ocrx_word' id='word_1_83' title='bbox 637 1288 937 1341; x_wconf 88' lang='lat' dir='ltr'><strong>cellentiam</strong></span> <span class='ocrx_word' id='word_1_84' title='bbox 966 1285 1249 1353; x_wconf 85' lang='lat' dir='ltr'><strong>quidquam</strong></span> <span class='ocrx_word' id='word_1_85' title='bbox 1279 1281 1412 1335; x_wconf 77' lang='lat' dir='ltr'><strong>falso</strong></span> <span class='ocrx_word' id='word_1_86' title='bbox 1432 1293 1485 1335; x_wconf 93' lang='lat' dir='ltr'><strong>et</strong></span> <span class='ocrx_word' id='word_1_87' title='bbox 1511 1277 1903 1335; x_wconf 78' lang='lat' dir='ltr'><strong>inconsiderate</strong></span> <span class='ocrx_word' id='word_1_88' title='bbox 1922 1289 1951 1328; x_wconf 87' lang='lat' dir='ltr'><strong>a</strong></span> <span class='ocrx_word' id='word_1_89' title='bbox 1977 1289 2062 1328; x_wconf 91' lang='lat' dir='ltr'><strong>me</strong></span> <span class='ocrx_word' id='word_1_90' title='bbox 2084 1272 2213 1327; x_wconf 87' lang='lat' dir='ltr'><strong>dici.</strong></span> 
     </span>
    </p>
   </div>
   <div class='ocr_carea' id='block_1_14' title="bbox 636 1371 2209 1443">
    <p class='ocr_par' dir='ltr' id='par_1_14' title="bbox 636 1371 2209 1443">
     <span class='ocr_line' id='line_1_14' title="bbox 636 1371 2209 1443; baseline -0.007 -13"><span class='ocrx_word' id='word_1_91' title='bbox 636 1377 824 1430; x_wconf 82' lang='lat' dir='ltr'><strong>Omnia</strong></span> <span class='ocrx_word' id='word_1_92' title='bbox 849 1376 991 1429; x_wconf 90' lang='lat' dir='ltr'><strong>enim</strong></span> <span class='ocrx_word' id='word_1_93' title='bbox 1015 1390 1133 1443; x_wconf 71' lang='lat' dir='ltr'><strong>qua:</strong></span> <span class='ocrx_word' id='word_1_94' title='bbox 1163 1372 1230 1428; x_wconf 90' lang='lat' dir='ltr'><strong>de</strong></span> <span class='ocrx_word' id='word_1_95' title='bbox 1259 1388 1344 1427; x_wconf 88' lang='lat' dir='ltr'><strong>tne</strong></span> <span class='ocrx_word' id='word_1_96' title='bbox 1370 1372 1435 1426; x_wconf 90' lang='lat' dir='ltr'><strong>ad</strong></span> <span class='ocrx_word' id='word_1_97' title='bbox 1464 1380 1515 1425; x_wconf 92' lang='lat' dir='ltr'><strong>te</strong></span> <span class='ocrx_word' id='word_1_98' title='bbox 1545 1371 1701 1424; x_wconf 87' lang='lat' dir='ltr'><strong>allata</strong></span> <span class='ocrx_word' id='word_1_99' title='bbox 1732 1378 1855 1423; x_wconf 86' lang='lat' dir='ltr'><strong>sunt</strong></span> <span class='ocrx_word' id='word_1_100' title='bbox 1886 1380 2011 1420; x_wconf 88' lang='lat' dir='ltr'><strong>vera</strong></span> <span class='ocrx_word' id='word_1_101' title='bbox 2051 1374 2209 1433; x_wconf 89' lang='lat' dir='ltr'><strong>atque</strong></span> 
     </span>
    </p>
   </div>
   <div class='ocr_carea' id='block_1_15' title="bbox 636 1457 2210 1526">
    <p class='ocr_par' dir='ltr' id='par_1_15' title="bbox 636 1457 2210 1526">
     <span class='ocr_line' id='line_1_15' title="bbox 636 1457 2210 1526; baseline -0.007 -6"><span class='ocrx_word' id='word_1_102' title='bbox 636 1470 704 1521; x_wconf 86' lang='lat' dir='ltr'><strong>ah</strong></span> <span class='ocrx_word' id='word_1_103' title='bbox 733 1466 879 1520; x_wconf 90' lang='lat' dir='ltr'><strong>oumi</strong></span> <span class='ocrx_word' id='word_1_104' title='bbox 925 1466 1255 1519; x_wconf 82' lang='lat' dir='ltr'><strong>dubitatione</strong></span> <span class='ocrx_word' id='word_1_105' title='bbox 1294 1464 1464 1517; x_wconf 89' lang='lat' dir='ltr'><strong>aliena</strong></span> <span class='ocrx_word' id='word_1_106' title='bbox 1508 1468 1651 1517; x_wconf 90' lang='lat' dir='ltr'><strong>sunt.</strong></span> <span class='ocrx_word' id='word_1_107' title='bbox 1700 1459 1894 1515; x_wconf 85' lang='lat' dir='ltr'><strong>Verum</strong></span> <span class='ocrx_word' id='word_1_108' title='bbox 1935 1457 2035 1512; x_wconf 89' lang='lat' dir='ltr'><strong>nisi</strong></span> <span class='ocrx_word' id='word_1_109' title='bbox 2081 1471 2210 1526; x_wconf 87' lang='lat' dir='ltr'><strong>pru-</strong></span> 
     </span>
    </p>
   </div>
   <div class='ocr_carea' id='block_1_16' title="bbox 639 1550 2212 1624">
    <p class='ocr_par' dir='ltr' id='par_1_16' title="bbox 639 1550 2212 1624">
     <span class='ocr_line' id='line_1_16' title="bbox 639 1550 2212 1624; baseline -0.006 -12"><span class='ocrx_word' id='word_1_110' title='bbox 639 1558 835 1612; x_wconf 67' lang='lat' dir='ltr'><strong>dentia:</strong></span> <span class='ocrx_word' id='word_1_111' title='bbox 879 1568 981 1611; x_wconf 63' lang='lat' dir='ltr'><strong>tua:</strong></span> <span class='ocrx_word' id='word_1_112' title='bbox 1030 1556 1176 1624; x_wconf 87' lang='lat' dir='ltr'><strong>prius</strong></span> <span class='ocrx_word' id='word_1_113' title='bbox 1227 1555 1516 1624; x_wconf 91' lang='lat' dir='ltr'><strong>periculum</strong></span> <span class='ocrx_word' id='word_1_114' title='bbox 1568 1553 1768 1617; x_wconf 78' lang='lat' dir='ltr'><strong>fecero,</strong></span> <span class='ocrx_word' id='word_1_115' title='bbox 1801 1550 1951 1605; x_wconf 85' lang='lat' dir='ltr'><strong>nefas</strong></span> <span class='ocrx_word' id='word_1_116' title='bbox 1979 1559 2061 1604; x_wconf 90' lang='lat' dir='ltr'><strong>est</strong></span> <span class='ocrx_word' id='word_1_117' title='bbox 2109 1550 2212 1603; x_wconf 88' lang='lat' dir='ltr'><strong>hoc</strong></span> 
     </span>
    </p>
   </div>
   <div class='ocr_carea' id='block_1_17' title="bbox 640 1643 2209 1720">
    <p class='ocr_par' dir='ltr' id='par_1_17' title="bbox 640 1643 2209 1720">
     <span class='ocr_line' id='line_1_17' title="bbox 640 1643 2209 1720; baseline -0.006 -17"><span class='ocrx_word' id='word_1_118' title='bbox 640 1651 952 1720; x_wconf 85' lang='lat' dir='ltr'><strong>mysterium</strong></span> <span class='ocrx_word' id='word_1_119' title='bbox 985 1649 1078 1703; x_wconf 88' lang='lat' dir='ltr'><strong>tibi</strong></span> <span class='ocrx_word' id='word_1_120' title='bbox 1108 1647 1398 1702; x_wconf 86' lang='lat' dir='ltr'><strong>declarare.</strong></span> <span class='ocrx_word' id='word_1_121' title='bbox 1431 1646 1520 1699; x_wconf 79' lang='lat' dir='ltr'><strong>Ait</strong></span> <span class='ocrx_word' id='word_1_122' title='bbox 1559 1645 1699 1699; x_wconf 93' lang='lat' dir='ltr'><strong>enim</strong></span> <span class='ocrx_word' id='word_1_123' title='bbox 1732 1643 1988 1698; x_wconf 87' lang='lat' dir='ltr'><strong>Dominus</strong></span> <span class='ocrx_word' id='word_1_124' title='bbox 2022 1656 2209 1695; x_wconf 90' lang='lat' dir='ltr'><strong>meus:</strong></span> 
     </span>
    </p>
   </div>
   <div class='ocr_carea' id='block_1_18' title="bbox 644 1732 2215 1810">
    <p class='ocr_par' dir='ltr' id='par_1_18' title="bbox 644 1732 2215 1810">
     <span class='ocr_line' id='line_1_18' title="bbox 644 1732 2215 1810; baseline -0.004 -16"><span class='ocrx_word' id='word_1_125' title='bbox 644 1740 784 1795; x_wconf 77' lang='lat' dir='ltr'><strong>Exiit</strong></span> <span class='ocrx_word' id='word_1_126' title='bbox 822 1741 910 1810; x_wconf 91' lang='lat' dir='ltr'><strong>qui</strong></span> <span class='ocrx_word' id='word_1_127' title='bbox 954 1740 1179 1795; x_wconf 85' lang='lat' dir='ltr'><strong>seminat</strong></span> <span class='ocrx_word' id='word_1_128' title='bbox 1222 1739 1503 1791; x_wconf 89' lang='lat' dir='ltr'><strong>seminare.</strong></span> <span class='ocrx_word' id='word_1_129' title='bbox 1546 1736 1612 1790; x_wconf 85' lang='lat' dir='ltr'><strong>Et</strong></span> <span class='ocrx_word' id='word_1_130' title='bbox 1648 1736 1774 1790; x_wconf 91' lang='lat' dir='ltr'><strong>dum</strong></span> <span class='ocrx_word' id='word_1_131' title='bbox 1821 1734 2081 1796; x_wconf 84' lang='lat' dir='ltr'><strong>seminat,</strong></span> <span class='ocrx_word' id='word_1_132' title='bbox 2110 1732 2215 1788; x_wconf 87' lang='lat' dir='ltr'><strong>alia</strong></span> 
     </span>
    </p>
   </div>
   <div class='ocr_carea' id='block_1_19' title="bbox 645 1823 2216 1901">
    <p class='ocr_par' dir='ltr' id='par_1_19' title="bbox 645 1823 2216 1901">
     <span class='ocr_line' id='line_1_19' title="bbox 645 1823 2216 1901; baseline -0.004 -18"><span class='ocrx_word' id='word_1_133' title='bbox 645 1832 856 1901; x_wconf 82' lang='lat' dir='ltr'><strong>quidem</strong></span> <span class='ocrx_word' id='word_1_134' title='bbox 889 1831 1190 1885; x_wconf 89' lang='lat' dir='ltr'><strong>ceciderunt</strong></span> <span class='ocrx_word' id='word_1_135' title='bbox 1216 1843 1371 1883; x_wconf 90' lang='lat' dir='ltr'><strong>secus</strong></span> <span class='ocrx_word' id='word_1_136' title='bbox 1399 1829 1538 1881; x_wconf 86' lang='lat' dir='ltr'><strong>viam</strong></span> <span class='ocrx_word' id='word_1_137' title='bbox 1557 1866 1573 1891; x_wconf 94' lang='lat'><strong>,</strong></span> <span class='ocrx_word' id='word_1_138' title='bbox 1601 1837 1656 1881; x_wconf 90' lang='lat' dir='ltr'><strong>et</strong></span> <span class='ocrx_word' id='word_1_139' title='bbox 1697 1826 1940 1881; x_wconf 76' lang='lat' dir='ltr'><strong>volucres</strong></span> <span class='ocrx_word' id='word_1_140' title='bbox 1971 1823 2091 1880; x_wconf 60' lang='lat' dir='ltr'><strong>caeli</strong></span> <span class='ocrx_word' id='word_1_141' title='bbox 2122 1838 2216 1877; x_wconf 89' lang='lat' dir='ltr'><strong>co-</strong></span> 
     </span>
    </p>
   </div>
   <div class='ocr_carea' id='block_1_20' title="bbox 646 1890 2279 1988">
    <p class='ocr_par' dir='ltr' id='par_1_20' title="bbox 646 1890 2279 1988">
     <span class='ocr_line' id='line_1_20' title="bbox 646 1890 2279 1988; baseline -0.009 -7"><span class='ocrx_word' id='word_1_142' title='bbox 646 1926 925 1981; x_wconf 87' lang='lat' dir='ltr'><strong>mederunt</strong></span> <span class='ocrx_word' id='word_1_143' title='bbox 972 1923 1082 1977; x_wconf 92' lang='lat' dir='ltr'><strong>illa.</strong></span> <span class='ocrx_word' id='word_1_144' title='bbox 1133 1922 1249 1976; x_wconf 81' lang='lat' dir='ltr'><strong>Alia</strong></span> <span class='ocrx_word' id='word_1_145' title='bbox 1296 1920 1607 1975; x_wconf 84' lang='lat' dir='ltr'><strong>ceciderunt</strong></span> <span class='ocrx_word' id='word_1_146' title='bbox 1653 1935 1812 1987; x_wconf 88' lang='lat' dir='ltr'><strong>super</strong></span> <span class='ocrx_word' id='word_1_147' title='bbox 1859 1928 2090 1988; x_wconf 85' lang='lat' dir='ltr'><strong>petrosa,</strong></span> <span class='ocrx_word' id='word_1_148' title='bbox 2126 1890 2279 1970; x_wconf 78' lang='lat' dir='ltr'><strong>ubiB</strong></span> 
     </span>
    </p>
   </div>
   <div class='ocr_carea' id='block_1_21' title="bbox 645 2010 2221 2077">
    <p class='ocr_par' dir='ltr' id='par_1_21' title="bbox 645 2010 2221 2077">
     <span class='ocr_line' id='line_1_21' title="bbox 645 2010 2221 2077; baseline -0.005 -8"><span class='ocrx_word' id='word_1_149' title='bbox 645 2032 751 2069; x_wconf 86' lang='lat' dir='ltr'><strong>non</strong></span> <span class='ocrx_word' id='word_1_150' title='bbox 781 2024 896 2069; x_wconf 88' lang='lat' dir='ltr'><strong>erat</strong></span> <span class='ocrx_word' id='word_1_151' title='bbox 927 2024 1064 2068; x_wconf 89' lang='lat' dir='ltr'><strong>terra</strong></span> <span class='ocrx_word' id='word_1_152' title='bbox 1107 2014 1292 2077; x_wconf 89' lang='lat' dir='ltr'><strong>multa,</strong></span> <span class='ocrx_word' id='word_1_153' title='bbox 1317 2023 1370 2066; x_wconf 92' lang='lat' dir='ltr'><strong>et</strong></span> <span class='ocrx_word' id='word_1_154' title='bbox 1400 2010 1674 2065; x_wconf 78' lang='lat' dir='ltr'><strong>confeStim</strong></span> <span class='ocrx_word' id='word_1_155' title='bbox 1722 2018 1909 2065; x_wconf 78' lang='lat' dir='ltr'><strong>exorta</strong></span> <span class='ocrx_word' id='word_1_156' title='bbox 1957 2018 2112 2071; x_wconf 91' lang='lat' dir='ltr'><strong>sunt,</strong></span> <span class='ocrx_word' id='word_1_157' title='bbox 2153 2022 2221 2062; x_wconf 88' lang='lat' dir='ltr'><strong>eo</strong></span> 
     </span>
    </p>
   </div>
   <div class='ocr_carea' id='block_1_22' title="bbox 647 2102 2222 2177">
    <p class='ocr_par' dir='ltr' id='par_1_22' title="bbox 647 2102 2222 2177">
     <span class='ocr_line' id='line_1_22' title="bbox 647 2102 2222 2177; baseline -0.004 -20"><span class='ocrx_word' id='word_1_158' title='bbox 647 2107 787 2177; x_wconf 82' lang='lat' dir='ltr'><strong>quod</strong></span> <span class='ocrx_word' id='word_1_159' title='bbox 818 2122 920 2159; x_wconf 84' lang='lat' dir='ltr'><strong>non</strong></span> <span class='ocrx_word' id='word_1_160' title='bbox 953 2106 1212 2159; x_wconf 89' lang='lat' dir='ltr'><strong>haberent</strong></span> <span class='ocrx_word' id='word_1_161' title='bbox 1239 2114 1435 2157; x_wconf 88' lang='lat' dir='ltr'><strong>terram</strong></span> <span class='ocrx_word' id='word_1_162' title='bbox 1462 2103 1707 2156; x_wconf 92' lang='lat' dir='ltr'><strong>multam.</strong></span> <span class='ocrx_word' id='word_1_163' title='bbox 1730 2102 1858 2157; x_wconf 91' lang='lat' dir='ltr'><strong>Sole</strong></span> <span class='ocrx_word' id='word_1_164' title='bbox 1883 2116 2009 2155; x_wconf 85' lang='lat' dir='ltr'><strong>vero</strong></span> <span class='ocrx_word' id='word_1_165' title='bbox 2035 2108 2222 2155; x_wconf 83' lang='lat' dir='ltr'><strong>exorto</strong></span> 
     </span>
    </p>
   </div>
   <div class='ocr_carea' id='block_1_23' title="bbox 648 2193 2226 2265">
    <p class='ocr_par' dir='ltr' id='par_1_23' title="bbox 648 2193 2226 2265">
     <span class='ocr_line' id='line_1_23' title="bbox 648 2193 2226 2265; baseline -0.006 -12"><span class='ocrx_word' id='word_1_166' title='bbox 648 2200 1125 2261; x_wconf 68' lang='lat' dir='ltr'><strong>testuaverunt,‘et</strong></span> <span class='ocrx_word' id='word_1_167' title='bbox 1151 2196 1275 2265; x_wconf 90' lang='lat' dir='ltr'><strong>quia</strong></span> <span class='ocrx_word' id='word_1_168' title='bbox 1322 2210 1427 2249; x_wconf 78' lang='lat' dir='ltr'><strong>non</strong></span> <span class='ocrx_word' id='word_1_169' title='bbox 1473 2196 1741 2249; x_wconf 86' lang='lat' dir='ltr'><strong>habebant</strong></span> <span class='ocrx_word' id='word_1_170' title='bbox 1781 2193 2041 2258; x_wconf 88' lang='lat' dir='ltr'><strong>radicem,</strong></span> <span class='ocrx_word' id='word_1_171' title='bbox 2070 2207 2226 2245; x_wconf 88' lang='lat' dir='ltr'><strong>arue-</strong></span> 
     </span>
    </p>
   </div>
   <div class='ocr_carea' id='block_1_24' title="bbox 648 2286 2225 2354">
    <p class='ocr_par' dir='ltr' id='par_1_24' title="bbox 648 2286 2225 2354">
     <span class='ocr_line' id='line_1_24' title="bbox 648 2286 2225 2354; baseline -0.007 -9"><span class='ocrx_word' id='word_1_172' title='bbox 648 2300 789 2345; x_wconf 84' lang='lat' dir='ltr'><strong>runt.</strong></span> <span class='ocrx_word' id='word_1_173' title='bbox 822 2290 940 2344; x_wconf 82' lang='lat' dir='ltr'><strong>Alia</strong></span> <span class='ocrx_word' id='word_1_174' title='bbox 970 2298 1146 2341; x_wconf 86' lang='lat' dir='ltr'><strong>autem</strong></span> <span class='ocrx_word' id='word_1_175' title='bbox 1177 2286 1490 2341; x_wconf 87' lang='lat' dir='ltr'><strong>ceciderunt</strong></span> <span class='ocrx_word' id='word_1_176' title='bbox 1521 2287 1658 2339; x_wconf 90' lang='lat' dir='ltr'><strong>inter</strong></span> <span class='ocrx_word' id='word_1_177' title='bbox 1686 2286 1887 2354; x_wconf 80' lang='lat' dir='ltr'><strong>Spinas,</strong></span> <span class='ocrx_word' id='word_1_178' title='bbox 1919 2292 1971 2339; x_wconf 93' lang='lat' dir='ltr'><strong>et</strong></span> <span class='ocrx_word' id='word_1_179' title='bbox 2000 2298 2225 2352; x_wconf 80' lang='lat' dir='ltr'><strong>surgen-</strong></span> 
     </span>
    </p>
   </div>
   <div class='ocr_carea' id='block_1_25' title="bbox 652 2376 2229 2451">
    <p class='ocr_par' dir='ltr' id='par_1_25' title="bbox 652 2376 2229 2451">
     <span class='ocr_line' id='line_1_25' title="bbox 652 2376 2229 2451; baseline -0.006 -13"><span class='ocrx_word' id='word_1_180' title='bbox 652 2395 732 2439; x_wconf 90' lang='lat' dir='ltr'><strong>tes</strong></span> <span class='ocrx_word' id='word_1_181' title='bbox 758 2385 927 2451; x_wconf 72' lang='lat' dir='ltr'><strong>spiuze</strong></span> <span class='ocrx_word' id='word_1_182' title='bbox 952 2380 1346 2437; x_wconf 77' lang='lat' dir='ltr'><strong>suﬂocaverunt</strong></span> <span class='ocrx_word' id='word_1_183' title='bbox 1371 2395 1456 2434; x_wconf 89' lang='lat' dir='ltr'><strong>ea.</strong></span> <span class='ocrx_word' id='word_1_184' title='bbox 1483 2381 1595 2434; x_wconf 87' lang='lat' dir='ltr'><strong>Alia</strong></span> <span class='ocrx_word' id='word_1_185' title='bbox 1625 2387 1894 2447; x_wconf 86' lang='lat' dir='ltr'><strong>postremo</strong></span> <span class='ocrx_word' id='word_1_186' title='bbox 1920 2376 2229 2431; x_wconf 89' lang='lat' dir='ltr'><strong>ceciderunt</strong></span> 
     </span>
    </p>
   </div>
   <div class='ocr_carea' id='block_1_26' title="bbox 653 2465 2227 2536">
    <p class='ocr_par' dir='ltr' id='par_1_26' title="bbox 653 2465 2227 2536">
     <span class='ocr_line' id='line_1_26' title="bbox 653 2465 2227 2536; baseline -0.008 -5"><span class='ocrx_word' id='word_1_187' title='bbox 653 2483 707 2531; x_wconf 80' lang='lat' dir='ltr'><strong>In</strong></span> <span class='ocrx_word' id='word_1_188' title='bbox 752 2484 945 2528; x_wconf 86' lang='lat' dir='ltr'><strong>terram</strong></span> <span class='ocrx_word' id='word_1_189' title='bbox 993 2474 1213 2536; x_wconf 81' lang='lat' dir='ltr'><strong>bonam,</strong></span> <span class='ocrx_word' id='word_1_190' title='bbox 1246 2480 1299 2525; x_wconf 93' lang='lat' dir='ltr'><strong>et</strong></span> <span class='ocrx_word' id='word_1_191' title='bbox 1332 2470 1597 2525; x_wconf 89' lang='lat' dir='ltr'><strong>dederunt</strong></span> <span class='ocrx_word' id='word_1_192' title='bbox 1644 2470 1872 2522; x_wconf 87' lang='lat' dir='ltr'><strong>fructum</strong></span> <span class='ocrx_word' id='word_1_193' title='bbox 1916 2465 2227 2534; x_wconf 86' lang='lat' dir='ltr'><strong>centuplum</strong></span> 
     </span>
    </p>
   </div>
   <div class='ocr_carea' id='block_1_27' title="bbox 651 2551 2227 2621">
    <p class='ocr_par' dir='ltr' id='par_1_27' title="bbox 651 2551 2227 2621">
     <span class='ocr_line' id='line_1_27' title="bbox 651 2551 2227 2621; baseline 0.001 -18"><span class='ocrx_word' id='word_1_194' title='bbox 651 2552 869 2621; x_wconf 55' lang='lat' dir='ltr'><strong>Hlalm.</strong></span> <span class='ocrx_word' id='word_1_195' title='bbox 900 2554 1038 2621; x_wconf 79' lang='lat' dir='ltr'><strong>xm).</strong></span> <span class='ocrx_word' id='word_1_196' title='bbox 1074 2552 1333 2618; x_wconf 89' lang='lat' dir='ltr'><strong>Quocirca</strong></span> <span class='ocrx_word' id='word_1_197' title='bbox 1362 2554 1406 2607; x_wconf 89' lang='lat' dir='ltr'><strong>si</strong></span> <span class='ocrx_word' id='word_1_198' title='bbox 1437 2554 1487 2606; x_wconf 94' lang='lat' dir='ltr'><strong>in</strong></span> <span class='ocrx_word' id='word_1_199' title='bbox 1519 2553 1681 2607; x_wconf 88' lang='lat' dir='ltr'><strong>corde</strong></span> <span class='ocrx_word' id='word_1_200' title='bbox 1712 2563 1799 2605; x_wconf 94' lang='lat' dir='ltr'><strong>tuo</strong></span> <span class='ocrx_word' id='word_1_201' title='bbox 1830 2551 2130 2620; x_wconf 73' lang='lat' dir='ltr'><strong>frugiferam</strong></span> <span class='ocrx_word' id='word_1_202' title='bbox 2160 2564 2227 2605; x_wconf 86' lang='lat' dir='ltr'><strong>ac</strong></span> 
     </span>
    </p>
   </div>
   <div class='ocr_carea' id='block_1_28' title="bbox 654 2640 2224 2711">
    <p class='ocr_par' dir='ltr' id='par_1_28' title="bbox 654 2640 2224 2711">
     <span class='ocr_line' id='line_1_28' title="bbox 654 2640 2224 2711; baseline 0.001 -18"><span class='ocrx_word' id='word_1_203' title='bbox 654 2643 845 2694; x_wconf 88' lang='lat' dir='ltr'><strong>bonam</strong></span> <span class='ocrx_word' id='word_1_204' title='bbox 876 2651 1072 2695; x_wconf 89' lang='lat' dir='ltr'><strong>terram</strong></span> <span class='ocrx_word' id='word_1_205' title='bbox 1106 2645 1377 2705; x_wconf 86' lang='lat' dir='ltr'><strong>invenero,</strong></span> <span class='ocrx_word' id='word_1_206' title='bbox 1410 2642 1647 2697; x_wconf 89' lang='lat' dir='ltr'><strong>divinum</strong></span> <span class='ocrx_word' id='word_1_207' title='bbox 1678 2658 1860 2696; x_wconf 87' lang='lat' dir='ltr'><strong>semen</strong></span> <span class='ocrx_word' id='word_1_208' title='bbox 1894 2644 1945 2695; x_wconf 92' lang='lat' dir='ltr'><strong>in</strong></span> <span class='ocrx_word' id='word_1_209' title='bbox 1974 2650 2023 2693; x_wconf 91' lang='lat' dir='ltr'><strong>te</strong></span> <span class='ocrx_word' id='word_1_210' title='bbox 2051 2640 2224 2711; x_wconf 82' lang='lat' dir='ltr'><strong>conji-</strong></span> 
     </span>
    </p>
   </div>
   <div class='ocr_carea' id='block_1_29' title="bbox 652 2732 2229 2803">
    <p class='ocr_par' dir='ltr' id='par_1_29' title="bbox 652 2732 2229 2803">
     <span class='ocr_line' id='line_1_29' title="bbox 652 2732 2229 2803; baseline 0 -18"><span class='ocrx_word' id='word_1_211' title='bbox 652 2746 800 2796; x_wconf 75' lang='lat' dir='ltr'><strong>core,</strong></span> <span class='ocrx_word' id='word_1_212' title='bbox 832 2743 993 2801; x_wconf 89' lang='lat' dir='ltr'><strong>atque</strong></span> <span class='ocrx_word' id='word_1_213' title='bbox 1035 2733 1221 2801; x_wconf 80' lang='lat' dir='ltr'><strong>ingens</strong></span> <span class='ocrx_word' id='word_1_214' title='bbox 1262 2734 1574 2803; x_wconf 83' lang='lat' dir='ltr'><strong>mysterium</strong></span> <span class='ocrx_word' id='word_1_215' title='bbox 1620 2732 1713 2787; x_wconf 83' lang='lat' dir='ltr'><strong>tibi</strong></span> <span class='ocrx_word' id='word_1_216' title='bbox 1755 2732 1962 2800; x_wconf 85' lang='lat' dir='ltr'><strong>aperire</strong></span> <span class='ocrx_word' id='word_1_217' title='bbox 2008 2732 2229 2785; x_wconf 81' lang='lat' dir='ltr'><strong>minime</strong></span> 
     </span>
    </p>
   </div>
   <div class='ocr_carea' id='block_1_30' title="bbox 652 2822 2229 2892">
    <p class='ocr_par' dir='ltr' id='par_1_30' title="bbox 652 2822 2229 2892">
     <span class='ocr_line' id='line_1_30' title="bbox 652 2822 2229 2892; baseline 0 -17"><span class='ocrx_word' id='word_1_218' title='bbox 652 2822 928 2876; x_wconf 83' lang='lat' dir='ltr'><strong>dubitabo.</strong></span> <span class='ocrx_word' id='word_1_219' title='bbox 958 2822 1013 2876; x_wconf 89' lang='lat' dir='ltr'><strong>Si</strong></span> <span class='ocrx_word' id='word_1_220' title='bbox 1049 2834 1223 2876; x_wconf 88' lang='lat' dir='ltr'><strong>autem</strong></span> <span class='ocrx_word' id='word_1_221' title='bbox 1268 2834 1479 2892; x_wconf 88' lang='lat' dir='ltr'><strong>petrosa</strong></span> <span class='ocrx_word' id='word_1_222' title='bbox 1510 2839 1572 2878; x_wconf 88' lang='lat' dir='ltr'><strong>ea</strong></span> <span class='ocrx_word' id='word_1_223' title='bbox 1602 2833 1656 2877; x_wconf 94' lang='lat' dir='ltr'><strong>et</strong></span> <span class='ocrx_word' id='word_1_224' title='bbox 1683 2823 1866 2890; x_wconf 75' lang='lat' dir='ltr'><strong>apinea</strong></span> <span class='ocrx_word' id='word_1_225' title='bbox 1896 2823 2049 2876; x_wconf 88' lang='lat' dir='ltr'><strong>fuerit</strong></span> <span class='ocrx_word' id='word_1_226' title='bbox 2070 2860 2087 2886; x_wconf 93' lang='lat'><strong>,</strong></span> <span class='ocrx_word' id='word_1_227' title='bbox 2121 2823 2229 2875; x_wconf 84' lang='lat' dir='ltr'><strong>via-</strong></span> 
     </span>
    </p>
   </div>
   <div class='ocr_carea' id='block_1_31' title="bbox 655 2911 2230 2978">
    <p class='ocr_par' dir='ltr' id='par_1_31' title="bbox 655 2911 2230 2978">
     <span class='ocr_line' id='line_1_31' title="bbox 655 2911 2230 2978; baseline 0.002 -15"><span class='ocrx_word' id='word_1_228' title='bbox 655 2925 760 2978; x_wconf 89' lang='lat' dir='ltr'><strong>que</strong></span> <span class='ocrx_word' id='word_1_229' title='bbox 799 2926 828 2963; x_wconf 91' lang='lat' dir='ltr'><strong>a</strong></span> <span class='ocrx_word' id='word_1_230' title='bbox 856 2911 1091 2978; x_wconf 90' lang='lat' dir='ltr'><strong>quolibet</strong></span> <span class='ocrx_word' id='word_1_231' title='bbox 1119 2912 1341 2978; x_wconf 71' lang='lat' dir='ltr'><strong>calcata,</strong></span> <span class='ocrx_word' id='word_1_232' title='bbox 1375 2914 1592 2967; x_wconf 90' lang='lat' dir='ltr'><strong>omnino</strong></span> <span class='ocrx_word' id='word_1_233' title='bbox 1629 2913 1861 2967; x_wconf 89' lang='lat' dir='ltr'><strong>salutare</strong></span> <span class='ocrx_word' id='word_1_234' title='bbox 1903 2912 2004 2967; x_wconf 89' lang='lat' dir='ltr'><strong>hoc</strong></span> <span class='ocrx_word' id='word_1_235' title='bbox 2043 2926 2230 2967; x_wconf 85' lang='lat' dir='ltr'><strong>semen</strong></span> 
     </span>
    </p>
   </div>
   <div class='ocr_carea' id='block_1_32' title="bbox 659 3000 2234 3072">
    <p class='ocr_par' dir='ltr' id='par_1_32' title="bbox 659 3000 2234 3072">
     <span class='ocr_line' id='line_1_32' title="bbox 659 3000 2234 3072; baseline 0.004 -21"><span class='ocrx_word' id='word_1_236' title='bbox 659 3000 1065 3068; x_wconf 83' lang='lat' dir='ltr'><strong>haudquaquam</strong></span> <span class='ocrx_word' id='word_1_237' title='bbox 1099 3015 1300 3065; x_wconf 90' lang='lat' dir='ltr'><strong>serere,</strong></span> <span class='ocrx_word' id='word_1_238' title='bbox 1333 3001 1611 3070; x_wconf 88' lang='lat' dir='ltr'><strong>ipsumque</strong></span> <span class='ocrx_word' id='word_1_239' title='bbox 1638 3003 1823 3056; x_wconf 86' lang='lat' dir='ltr'><strong>avibus</strong></span> <span class='ocrx_word' id='word_1_240' title='bbox 1850 3011 1904 3056; x_wconf 92' lang='lat' dir='ltr'><strong>et</strong></span> <span class='ocrx_word' id='word_1_241' title='bbox 1932 3001 2079 3072; x_wconf 89' lang='lat' dir='ltr'><strong>feris,</strong></span> <span class='ocrx_word' id='word_1_242' title='bbox 2109 3012 2234 3059; x_wconf 84' lang='lat' dir='ltr'><strong>ante</strong></span> 
     </span>
    </p>
   </div>
   <div class='ocr_carea' id='block_1_33' title="bbox 657 3091 2229 3161">
    <p class='ocr_par' dir='ltr' id='par_1_33' title="bbox 657 3091 2229 3161">
     <span class='ocr_line' id='line_1_33' title="bbox 657 3091 2229 3161; baseline 0.004 -21"><span class='ocrx_word' id='word_1_243' title='bbox 657 3106 789 3156; x_wconf 79' lang='lat' dir='ltr'><strong>quas</strong></span> <span class='ocrx_word' id='word_1_244' title='bbox 821 3093 1131 3159; x_wconf 80' lang='lat' dir='ltr'><strong>margaritas</strong></span> <span class='ocrx_word' id='word_1_245' title='bbox 1164 3091 1427 3160; x_wconf 85' lang='lat' dir='ltr'><strong>projicere</strong></span> <span class='ocrx_word' id='word_1_246' title='bbox 1458 3092 1587 3146; x_wconf 90' lang='lat' dir='ltr'><strong>mihi</strong></span> <span class='ocrx_word' id='word_1_247' title='bbox 1620 3108 1832 3161; x_wconf 86' lang='lat' dir='ltr'><strong>prorsus</strong></span> <span class='ocrx_word' id='word_1_248' title='bbox 1884 3093 2229 3148; x_wconf 89' lang='lat' dir='ltr'><strong>interdictum</strong></span> 
     </span>
    </p>
   </div>
   <div class='ocr_carea' id='block_1_34' title="bbox 2297 713 3825 794">
    <p class='ocr_par' dir='ltr' id='par_1_34' title="bbox 2297 713 3825 794">
     <span class='ocr_line' id='line_1_34' title="bbox 2297 713 3825 794; baseline -0.009 -17"><span class='ocrx_word' id='word_1_249' title='bbox 2297 724 2543 794; x_wconf 85' lang='grc' dir='ltr'>εσθῆναι,</span> <span class='ocrx_word' id='word_1_250' title='bbox 2584 720 2699 785; x_wconf 78' lang='grc' dir='ltr'>καὶ,</span> <span class='ocrx_word' id='word_1_251' title='bbox 2723 715 2816 770; x_wconf 78' lang='grc' dir='ltr'><strong>τοῦ</strong></span> <span class='ocrx_word' id='word_1_252' title='bbox 2838 713 3187 783; x_wconf 78' lang='grc' dir='ltr'><strong>παιδαγωγοῦ</strong></span> <span class='ocrx_word' id='word_1_253' title='bbox 3218 714 3678 786; x_wconf 77' lang='grc' dir='ltr'><strong>ὑποχωρήσαντος,</strong></span> <span class='ocrx_word' id='word_1_254' title='bbox 3702 717 3825 788; x_wconf 75' lang='grc' dir='ltr'>λέγει</span> 
     </span>
    </p>
   </div>
   <div class='ocr_carea' id='block_1_35' title="bbox 2298 805 3827 888">
    <p class='ocr_par' dir='ltr' id='par_1_35' title="bbox 2298 805 3827 888">
     <span class='ocr_line' id='line_1_35' title="bbox 2298 805 3827 888; baseline -0.005 -17"><span class='ocrx_word' id='word_1_255' title='bbox 2298 820 2327 871; x_wconf 89' lang='lat'><strong>6</strong></span> <span class='ocrx_word' id='word_1_256' title='bbox 2351 818 2460 888; x_wconf 81' lang='lat'><strong>39</strong></span> <span class='ocrx_word' id='word_1_257' title='bbox 2490 813 2728 882; x_wconf 86' lang='grc' dir='ltr'>Ἰωάσαφ</span> <span class='ocrx_word' id='word_1_258' title='bbox 2747 809 2823 880; x_wconf 80' lang='grc' dir='ltr'>τῷ</span> <span class='ocrx_word' id='word_1_259' title='bbox 2850 808 3095 878; x_wconf 83' lang='grc' dir='ltr'><strong>γέροντι·</strong></span> <span class='ocrx_word' id='word_1_260' title='bbox 3136 805 3447 871; x_wconf 78' lang='grc' dir='ltr'>’Υπόδειξόν</span> <span class='ocrx_word' id='word_1_261' title='bbox 3487 823 3571 875; x_wconf 91' lang='grc' dir='ltr'><strong>μοι</strong></span> <span class='ocrx_word' id='word_1_262' title='bbox 3591 808 3672 861; x_wconf 76' lang='grc' dir='ltr'>τὸν</span> <span class='ocrx_word' id='word_1_263' title='bbox 3694 812 3827 864; x_wconf 71' lang='grc' dir='ltr'>πολύ-</span> 
     </span>
    </p>
   </div>
   <div class='ocr_carea' id='block_1_36' title="bbox 2298 898 3827 981">
    <p class='ocr_par' dir='ltr' id='par_1_36' title="bbox 2298 898 3827 981">
     <span class='ocr_line' id='line_1_36' title="bbox 2298 898 3827 981; baseline -0.005 -17"><span class='ocrx_word' id='word_1_264' title='bbox 2298 928 2456 981; x_wconf 85' lang='grc' dir='ltr'><strong>τιμον</strong></span> <span class='ocrx_word' id='word_1_265' title='bbox 2512 908 2676 974; x_wconf 94' lang='grc' dir='ltr'>λίθον,</span> <span class='ocrx_word' id='word_1_266' title='bbox 2733 907 2863 978; x_wconf 77' lang='grc' dir='ltr'>περὶ</span> <span class='ocrx_word' id='word_1_267' title='bbox 2913 898 2975 958; x_wconf 71' lang='grc' dir='ltr'><strong>οὒ</strong></span> <span class='ocrx_word' id='word_1_268' title='bbox 3032 899 3243 973; x_wconf 85' lang='grc' dir='ltr'>μεγάλα</span> <span class='ocrx_word' id='word_1_269' title='bbox 3286 898 3411 951; x_wconf 73' lang='grc' dir='ltr'>τινὰ</span> <span class='ocrx_word' id='word_1_270' title='bbox 3445 900 3536 951; x_wconf 78' lang='grc' dir='ltr'>καὶ</span> <span class='ocrx_word' id='word_1_271' title='bbox 3580 898 3827 971; x_wconf 55' lang='grc' dir='ltr'>θαυμαστὴ</span> 
     </span>
    </p>
   </div>
   <div class='ocr_carea' id='block_1_37' title="bbox 2298 992 3829 1071">
    <p class='ocr_par' dir='ltr' id='par_1_37' title="bbox 2298 992 3829 1071">
     <span class='ocr_line' id='line_1_37' title="bbox 2298 992 3829 1071; baseline -0.008 -14"><span class='ocrx_word' id='word_1_272' title='bbox 2298 1002 2479 1071; x_wconf 88' lang='grc' dir='ltr'>λέγειν</span> <span class='ocrx_word' id='word_1_273' title='bbox 2536 1019 2594 1055; x_wconf 90' lang='grc' dir='ltr'><strong>σε</strong></span> <span class='ocrx_word' id='word_1_274' title='bbox 2639 1001 2667 1053; x_wconf 89' lang='grc' dir='ltr'><strong>ὁ</strong></span> <span class='ocrx_word' id='word_1_275' title='bbox 2727 999 2860 1070; x_wconf 83' lang='grc' dir='ltr'>ἐμὸς</span> <span class='ocrx_word' id='word_1_276' title='bbox 2921 992 3273 1062; x_wconf 75' lang='grc' dir='ltr'>παιδαγωγὸς</span> <span class='ocrx_word' id='word_1_277' title='bbox 3328 992 3640 1061; x_wconf 79' lang='grc' dir='ltr'>διηγήσατο.</span> <span class='ocrx_word' id='word_1_278' title='bbox 3697 993 3749 1045; x_wconf 86' lang='grc'><strong>’0</strong></span> <span class='ocrx_word' id='word_1_279' title='bbox 3784 995 3829 1047; x_wconf 74' lang='grc' dir='ltr'>δὲ</span> 
     </span>
    </p>
   </div>
   <div class='ocr_carea' id='block_1_38' title="bbox 2300 1083 3830 1168">
    <p class='ocr_par' dir='ltr' id='par_1_38' title="bbox 2300 1083 3830 1168">
     <span class='ocr_line' id='line_1_38' title="bbox 2300 1083 3830 1168; baseline -0.008 -17"><span class='ocrx_word' id='word_1_280' title='bbox 2300 1096 2571 1168; x_wconf 80' lang='grc' dir='ltr'>Βαρλαὰμ</span> <span class='ocrx_word' id='word_1_281' title='bbox 2613 1093 2787 1158; x_wconf 75' lang='grc' dir='ltr'>οὕτως</span> <span class='ocrx_word' id='word_1_282' title='bbox 2839 1091 3126 1163; x_wconf 80' lang='grc' dir='ltr'>ἁπήρξατο</span> <span class='ocrx_word' id='word_1_283' title='bbox 3173 1085 3275 1155; x_wconf 80' lang='grc' dir='ltr'>τῆς</span> <span class='ocrx_word' id='word_1_284' title='bbox 3332 1083 3469 1154; x_wconf 78' lang='grc' dir='ltr'>πρὸς</span> <span class='ocrx_word' id='word_1_285' title='bbox 3509 1084 3661 1137; x_wconf 82' lang='grc' dir='ltr'>αὑτὸν</span> <span class='ocrx_word' id='word_1_286' title='bbox 3687 1086 3830 1139; x_wconf 83' lang='grc' dir='ltr'>διαλέ-</span> 
     </span>
    </p>
   </div>
   <div class='ocr_carea' id='block_1_39' title="bbox 2304 1174 3829 1257">
    <p class='ocr_par' dir='ltr' id='par_1_39' title="bbox 2304 1174 3829 1257">
     <span class='ocr_line' id='line_1_39' title="bbox 2304 1174 3829 1257; baseline -0.009 -14"><span class='ocrx_word' id='word_1_287' title='bbox 2304 1190 2443 1257; x_wconf 84' lang='grc' dir='ltr'>ξεως</span> <span class='ocrx_word' id='word_1_288' title='bbox 2465 1206 2480 1221; x_wconf 74' lang='grc' dir='ltr'><strong><em>ο</em></strong></span> <span class='ocrx_word' id='word_1_289' title='bbox 2508 1188 2584 1241; x_wconf 83' lang='grc' dir='ltr'><strong>Οὐ</strong></span> <span class='ocrx_word' id='word_1_290' title='bbox 2618 1184 2827 1240; x_wconf 85' lang='grc' dir='ltr'>δίκαιόν</span> <span class='ocrx_word' id='word_1_291' title='bbox 2866 1186 3037 1245; x_wconf 87' lang='grc' dir='ltr'>ἐστιν,</span> <span class='ocrx_word' id='word_1_292' title='bbox 3073 1174 3118 1233; x_wconf 82' lang='grc' dir='ltr'><strong>ὦ</strong></span> <span class='ocrx_word' id='word_1_293' title='bbox 3178 1175 3427 1248; x_wconf 74' lang='grc' dir='ltr'>βασιλεῦ,</span> <span class='ocrx_word' id='word_1_294' title='bbox 3457 1174 3656 1243; x_wconf 77' lang='grc' dir='ltr'>ψευδῶς</span> <span class='ocrx_word' id='word_1_295' title='bbox 3680 1193 3726 1228; x_wconf 85' lang='grc' dir='ltr'><strong>τι</strong></span> <span class='ocrx_word' id='word_1_296' title='bbox 3754 1180 3829 1230; x_wconf 72' lang='grc' dir='ltr'>καὶ</span> 
     </span>
    </p>
   </div>
   <div class='ocr_carea' id='block_1_40' title="bbox 2302 1265 3828 1352">
    <p class='ocr_par' dir='ltr' id='par_1_40' title="bbox 2302 1265 3828 1352">
     <span class='ocr_line' id='line_1_40' title="bbox 2302 1265 3828 1352; baseline -0.015 -18"><span class='ocrx_word' id='word_1_297' title='bbox 2302 1278 2727 1352; x_wconf 81' lang='grc' dir='ltr'><strong>ἀπερισκέπτως</strong></span> <span class='ocrx_word' id='word_1_298' title='bbox 2758 1275 2898 1347; x_wconf 82' lang='grc' dir='ltr'>πρὸς</span> <span class='ocrx_word' id='word_1_299' title='bbox 2927 1273 2990 1326; x_wconf 84' lang='grc' dir='ltr'>τὸ</span> <span class='ocrx_word' id='word_1_300' title='bbox 3040 1269 3310 1341; x_wconf 81' lang='grc' dir='ltr'>ὑπερέχον</span> <span class='ocrx_word' id='word_1_301' title='bbox 3339 1267 3441 1336; x_wconf 78' lang='grc' dir='ltr'>τῆς</span> <span class='ocrx_word' id='word_1_302' title='bbox 3469 1265 3566 1335; x_wconf 77' lang='grc' dir='ltr'>σῆς</span> <span class='ocrx_word' id='word_1_303' title='bbox 3585 1265 3723 1335; x_wconf 76' lang='grc' dir='ltr'>δόξης</span> <span class='ocrx_word' id='word_1_304' title='bbox 3758 1268 3828 1321; x_wconf 77' lang='grc' dir='ltr'><strong>λέ.</strong></span> 
     </span>
    </p>
   </div>
   <div class='ocr_carea' id='block_1_41' title="bbox 2304 1360 3829 1443">
    <p class='ocr_par' dir='ltr' id='par_1_41' title="bbox 2304 1360 3829 1443">
     <span class='ocr_line' id='line_1_41' title="bbox 2304 1360 3829 1443; baseline -0.009 -17"><span class='ocrx_word' id='word_1_305' title='bbox 2304 1391 2423 1443; x_wconf 91' lang='grc' dir='ltr'>γειν</span> <span class='ocrx_word' id='word_1_306' title='bbox 2465 1388 2569 1443; x_wconf 78' lang='grc' dir='ltr'>με’</span> <span class='ocrx_word' id='word_1_307' title='bbox 2632 1370 2810 1423; x_wconf 83' lang='grc' dir='ltr'>πάντα</span> <span class='ocrx_word' id='word_1_308' title='bbox 2842 1365 2950 1437; x_wconf 85' lang='grc' dir='ltr'><strong>γὰρ</strong></span> <span class='ocrx_word' id='word_1_309' title='bbox 2989 1363 3058 1417; x_wconf 86' lang='grc' dir='ltr'><strong>τὰ</strong></span> <span class='ocrx_word' id='word_1_310' title='bbox 3084 1360 3400 1432; x_wconf 85' lang='grc' dir='ltr'>δηλωθέντα</span> <span class='ocrx_word' id='word_1_311' title='bbox 3445 1374 3527 1411; x_wconf 92' lang='grc' dir='ltr'><strong>σοι</strong></span> <span class='ocrx_word' id='word_1_312' title='bbox 3575 1362 3693 1428; x_wconf 81' lang='grc' dir='ltr'>παρ’</span> <span class='ocrx_word' id='word_1_313' title='bbox 3724 1360 3829 1427; x_wconf 74' lang='grc' dir='ltr'>ἐμοῦ</span> 
     </span>
    </p>
   </div>
   <div class='ocr_carea' id='block_1_42' title="bbox 2313 1450 3832 1537">
    <p class='ocr_par' dir='ltr' id='par_1_42' title="bbox 2313 1450 3832 1537">
     <span class='ocr_line' id='line_1_42' title="bbox 2313 1450 3832 1537; baseline -0.011 -17"><span class='ocrx_word' id='word_1_314' title='bbox 2313 1466 2489 1537; x_wconf 82' lang='grc' dir='ltr'><strong>ἀληθῆ</strong></span> <span class='ocrx_word' id='word_1_315' title='bbox 2522 1466 2630 1517; x_wconf 81' lang='grc' dir='ltr'>εἱσι</span> <span class='ocrx_word' id='word_1_316' title='bbox 2658 1462 2754 1516; x_wconf 76' lang='grc' dir='ltr'><strong>καὶ</strong></span> <span class='ocrx_word' id='word_1_317' title='bbox 2783 1457 3185 1528; x_wconf 77' lang='grc' dir='ltr'><strong>ἀναμφίλεκτα.</strong></span> <span class='ocrx_word' id='word_1_318' title='bbox 3227 1452 3393 1512; x_wconf 74' lang='grc' dir='ltr'>Ἀλλ’,</span> <span class='ocrx_word' id='word_1_319' title='bbox 3421 1453 3471 1503; x_wconf 83' lang='grc' dir='ltr'>εἰ</span> <span class='ocrx_word' id='word_1_320' title='bbox 3514 1451 3584 1521; x_wconf 76' lang='grc' dir='ltr'>μὴ</span> <span class='ocrx_word' id='word_1_321' title='bbox 3615 1450 3832 1522; x_wconf 83' lang='grc' dir='ltr'>πρότερον</span> 
     </span>
    </p>
   </div>
   <div class='ocr_carea' id='block_1_43' title="bbox 2303 1542 3830 1627">
    <p class='ocr_par' dir='ltr' id='par_1_43' title="bbox 2303 1542 3830 1627">
     <span class='ocr_line' id='line_1_43' title="bbox 2303 1542 3830 1627; baseline -0.017 -15"><span class='ocrx_word' id='word_1_322' title='bbox 2303 1556 2538 1627; x_wconf 83' lang='grc' dir='ltr'>δοκιμὴν</span> <span class='ocrx_word' id='word_1_323' title='bbox 2553 1555 2652 1626; x_wconf 85' lang='grc' dir='ltr'>τῆς</span> <span class='ocrx_word' id='word_1_324' title='bbox 2675 1555 2775 1624; x_wconf 81' lang='grc' dir='ltr'>σῆς</span> <span class='ocrx_word' id='word_1_325' title='bbox 2798 1551 2950 1605; x_wconf 75' lang='grc' dir='ltr'>λάϐω</span> <span class='ocrx_word' id='word_1_326' title='bbox 2966 1548 3307 1619; x_wconf 82' lang='grc' dir='ltr'>φρονήσεως,</span> <span class='ocrx_word' id='word_1_327' title='bbox 3335 1542 3399 1596; x_wconf 82' lang='grc' dir='ltr'>οὺ</span> <span class='ocrx_word' id='word_1_328' title='bbox 3421 1542 3576 1613; x_wconf 81' lang='grc' dir='ltr'><strong>θέμις</strong></span> <span class='ocrx_word' id='word_1_329' title='bbox 3590 1542 3647 1595; x_wconf 79' lang='grc' dir='ltr'>τὸ</span> <span class='ocrx_word' id='word_1_330' title='bbox 3663 1545 3830 1614; x_wconf 73' lang='grc' dir='ltr'>μυπή-</span> 
     </span>
    </p>
   </div>
   <div class='ocr_carea' id='block_1_44' title="bbox 2309 1636 3827 1723">
    <p class='ocr_par' dir='ltr' id='par_1_44' title="bbox 2309 1636 3827 1723">
     <span class='ocr_line' id='line_1_44' title="bbox 2309 1636 3827 1723; baseline -0.003 -19"><span class='ocrx_word' id='word_1_331' title='bbox 2309 1669 2423 1723; x_wconf 87' lang='grc' dir='ltr'>ριον</span> <span class='ocrx_word' id='word_1_332' title='bbox 2457 1646 2775 1719; x_wconf 79' lang='grc' dir='ltr'>φανερῶσαί</span> <span class='ocrx_word' id='word_1_333' title='bbox 2803 1662 2907 1698; x_wconf 91' lang='grc' dir='ltr'>σοι.</span> <span class='ocrx_word' id='word_1_334' title='bbox 2930 1643 3073 1713; x_wconf 71' lang='grc' dir='ltr'>Φησὶ</span> <span class='ocrx_word' id='word_1_335' title='bbox 3098 1640 3212 1710; x_wconf 82' lang='grc' dir='ltr'>γὰρ</span> <span class='ocrx_word' id='word_1_336' title='bbox 3237 1641 3265 1693; x_wconf 98' lang='lat'><strong>6</strong></span> <span class='ocrx_word' id='word_1_337' title='bbox 3288 1637 3424 1708; x_wconf 81' lang='grc' dir='ltr'>ἐμὸς</span> <span class='ocrx_word' id='word_1_338' title='bbox 3453 1636 3827 1708; x_wconf 77' lang='grc' dir='ltr'><strong>Δεσπότης</strong></span> 
     </span>
    </p>
   </div>
   <div class='ocr_carea' id='block_1_45' title="bbox 2318 1718 3907 1812">
    <p class='ocr_par' dir='ltr' id='par_1_45' title="bbox 2318 1718 3907 1812">
     <span class='ocr_line' id='line_1_45' title="bbox 2318 1718 3907 1812; baseline -0.012 -15"><span class='ocrx_word' id='word_1_339' title='bbox 2318 1718 2575 1812; x_wconf 74' lang='grc' dir='ltr'>Ἐξῆλθεν</span> <span class='ocrx_word' id='word_1_340' title='bbox 2602 1740 2630 1791; x_wconf 90' lang='lat'><strong>6</strong></span> <span class='ocrx_word' id='word_1_341' title='bbox 2667 1736 2908 1808; x_wconf 83' lang='grc' dir='ltr'>σπείρων</span> <span class='ocrx_word' id='word_1_342' title='bbox 2946 1732 3043 1787; x_wconf 79' lang='grc' dir='ltr'><strong>τοῦ</strong></span> <span class='ocrx_word' id='word_1_343' title='bbox 3069 1733 3300 1803; x_wconf 87' lang='grc' dir='ltr'>σπεῖραι</span> <span class='ocrx_word' id='word_1_344' title='bbox 3331 1728 3427 1782; x_wconf 82' lang='grc' dir='ltr'>τὸν</span> <span class='ocrx_word' id='word_1_345' title='bbox 3458 1728 3646 1799; x_wconf 87' lang='grc' dir='ltr'>σπόρον</span> <span class='ocrx_word' id='word_1_346' title='bbox 3670 1728 3827 1782; x_wconf 81' lang='grc' dir='ltr'>αὑτοῦ·</span> <span class='ocrx_word' id='word_1_347' title='bbox 3899 1718 3907 1726; x_wconf 84' lang='grc'><strong>’</strong></span> 
     </span>
    </p>
   </div>
   <div class='ocr_carea' id='block_1_46' title="bbox 2306 1819 3833 1902">
    <p class='ocr_par' dir='ltr' id='par_1_46' title="bbox 2306 1819 3833 1902">
     <span class='ocr_line' id='line_1_46' title="bbox 2306 1819 3833 1902; baseline -0.012 -13"><span class='ocrx_word' id='word_1_348' title='bbox 2306 1836 2401 1889; x_wconf 71' lang='grc' dir='ltr'>καὶ</span> <span class='ocrx_word' id='word_1_349' title='bbox 2436 1835 2495 1886; x_wconf 87' lang='grc' dir='ltr'><strong>ἐν</strong></span> <span class='ocrx_word' id='word_1_350' title='bbox 2538 1830 2616 1902; x_wconf 82' lang='grc' dir='ltr'>τῷ</span> <span class='ocrx_word' id='word_1_351' title='bbox 2670 1828 2922 1899; x_wconf 79' lang='grc' dir='ltr'>σπείρειν</span> <span class='ocrx_word' id='word_1_352' title='bbox 2952 1825 3138 1888; x_wconf 71' lang='grc' dir='ltr'>αὑτὸν,</span> <span class='ocrx_word' id='word_1_353' title='bbox 3192 1823 3230 1878; x_wconf 77' lang='grc' dir='ltr'>ἃ</span> <span class='ocrx_word' id='word_1_354' title='bbox 3263 1823 3366 1894; x_wconf 87' lang='grc' dir='ltr'>μὲν</span> <span class='ocrx_word' id='word_1_355' title='bbox 3412 1821 3570 1873; x_wconf 74' lang='grc' dir='ltr'>ἔπεσε</span> <span class='ocrx_word' id='word_1_356' title='bbox 3606 1820 3734 1891; x_wconf 73' lang='grc' dir='ltr'>παρὰ</span> <span class='ocrx_word' id='word_1_357' title='bbox 3756 1819 3833 1891; x_wconf 76' lang='grc' dir='ltr'>τὴν</span> 
     </span>
    </p>
   </div>
   <div class='ocr_carea' id='block_1_47' title="bbox 2310 1912 3833 1993">
    <p class='ocr_par' dir='ltr' id='par_1_47' title="bbox 2310 1912 3833 1993">
     <span class='ocr_line' id='line_1_47' title="bbox 2310 1912 3833 1993; baseline -0.01 -14"><span class='ocrx_word' id='word_1_358' title='bbox 2310 1926 2452 1987; x_wconf 80' lang='grc' dir='ltr'>ὁδὸν,</span> <span class='ocrx_word' id='word_1_359' title='bbox 2485 1924 2583 1977; x_wconf 76' lang='grc' dir='ltr'>καὶ</span> <span class='ocrx_word' id='word_1_360' title='bbox 2604 1918 2739 1993; x_wconf 75' lang='grc' dir='ltr'>ἦλθε</span> <span class='ocrx_word' id='word_1_361' title='bbox 2766 1921 2836 1974; x_wconf 78' lang='grc' dir='ltr'><strong>τὰ</strong></span> <span class='ocrx_word' id='word_1_362' title='bbox 2861 1918 3087 1972; x_wconf 83' lang='grc' dir='ltr'>πετεινὰ</span> <span class='ocrx_word' id='word_1_363' title='bbox 3104 1917 3200 1971; x_wconf 77' lang='grc' dir='ltr'>καὶ</span> <span class='ocrx_word' id='word_1_364' title='bbox 3228 1913 3542 1982; x_wconf 78' lang='grc' dir='ltr'>κατέφαγεν</span> <span class='ocrx_word' id='word_1_365' title='bbox 3567 1912 3833 1965; x_wconf 69' lang='grc' dir='ltr'>αὐτάοᾶλλα</span> 
     </span>
    </p>
   </div>
   <div class='ocr_carea' id='block_1_48' title="bbox 2306 1999 3835 2085">
    <p class='ocr_par' dir='ltr' id='par_1_48' title="bbox 2306 1999 3835 2085">
     <span class='ocr_line' id='line_1_48' title="bbox 2306 1999 3835 2085; baseline -0.01 -14"><span class='ocrx_word' id='word_1_366' title='bbox 2306 2018 2362 2072; x_wconf 83' lang='grc' dir='ltr'>δὲ</span> <span class='ocrx_word' id='word_1_367' title='bbox 2396 2017 2562 2069; x_wconf 81' lang='grc' dir='ltr'>ἔπεσε</span> <span class='ocrx_word' id='word_1_368' title='bbox 2590 2012 2745 2085; x_wconf 82' lang='grc' dir='ltr'>παρὰ</span> <span class='ocrx_word' id='word_1_369' title='bbox 2776 2012 2844 2065; x_wconf 85' lang='grc' dir='ltr'><strong>τὰ</strong></span> <span class='ocrx_word' id='word_1_370' title='bbox 2880 2007 3166 2079; x_wconf 84' lang='grc' dir='ltr'>πετρώδη,</span> <span class='ocrx_word' id='word_1_371' title='bbox 3202 2008 3343 2061; x_wconf 83' lang='grc' dir='ltr'>ὅπου</span> <span class='ocrx_word' id='word_1_372' title='bbox 3365 2006 3467 2058; x_wconf 78' lang='grc' dir='ltr'>οὐκ</span> <span class='ocrx_word' id='word_1_373' title='bbox 3494 1999 3602 2075; x_wconf 81' lang='grc' dir='ltr'>εἶχε</span> <span class='ocrx_word' id='word_1_374' title='bbox 3629 2003 3720 2073; x_wconf 74' lang='grc' dir='ltr'>γῆν</span> <span class='ocrx_word' id='word_1_375' title='bbox 3736 2005 3835 2056; x_wconf 83' lang='grc' dir='ltr'>πολ-</span> 
     </span>
    </p>
   </div>
   <div class='ocr_carea' id='block_1_49' title="bbox 2306 2096 3834 2180">
    <p class='ocr_par' dir='ltr' id='par_1_49' title="bbox 2306 2096 3834 2180">
     <span class='ocr_line' id='line_1_49' title="bbox 2306 2096 3834 2180; baseline -0.01 -17"><span class='ocrx_word' id='word_1_376' title='bbox 2306 2110 2427 2180; x_wconf 79' lang='grc' dir='ltr'>λὴν,</span> <span class='ocrx_word' id='word_1_377' title='bbox 2459 2108 2555 2161; x_wconf 67' lang='grc' dir='ltr'>καὶ</span> <span class='ocrx_word' id='word_1_378' title='bbox 2583 2106 2788 2168; x_wconf 78' lang='grc' dir='ltr'>εὐθέως</span> <span class='ocrx_word' id='word_1_379' title='bbox 2833 2103 3164 2172; x_wconf 77' lang='grc' dir='ltr'>ἐϐλάστησε,</span> <span class='ocrx_word' id='word_1_380' title='bbox 3201 2098 3290 2152; x_wconf 82' lang='grc' dir='ltr'><strong>διὰ</strong></span> <span class='ocrx_word' id='word_1_381' title='bbox 3334 2097 3400 2150; x_wconf 81' lang='grc' dir='ltr'>τὸ</span> <span class='ocrx_word' id='word_1_382' title='bbox 3433 2096 3506 2168; x_wconf 80' lang='grc' dir='ltr'>μὴ</span> <span class='ocrx_word' id='word_1_383' title='bbox 3553 2096 3684 2166; x_wconf 81' lang='grc' dir='ltr'>ἔχειν</span> <span class='ocrx_word' id='word_1_384' title='bbox 3708 2096 3834 2165; x_wconf 79' lang='grc' dir='ltr'>βάθος</span> 
     </span>
    </p>
   </div>
   <div class='ocr_carea' id='block_1_50' title="bbox 2306 2187 3835 2271">
    <p class='ocr_par' dir='ltr' id='par_1_50' title="bbox 2306 2187 3835 2271">
     <span class='ocr_line' id='line_1_50' title="bbox 2306 2187 3835 2271; baseline -0.009 -18"><span class='ocrx_word' id='word_1_385' title='bbox 2306 2203 2430 2270; x_wconf 77' lang='grc' dir='ltr'>γῆς,</span> <span class='ocrx_word' id='word_1_386' title='bbox 2455 2198 2607 2271; x_wconf 74' lang='grc' dir='ltr'>ἡλίου</span> <span class='ocrx_word' id='word_1_387' title='bbox 2636 2197 2699 2249; x_wconf 77' lang='grc' dir='ltr'><strong>δὲ’</strong></span> <span class='ocrx_word' id='word_1_388' title='bbox 2724 2194 3109 2254; x_wconf 80' lang='grc' dir='ltr'>ἀνατείλαντος</span> <span class='ocrx_word' id='word_1_389' title='bbox 3132 2187 3541 2259; x_wconf 85' lang='grc' dir='ltr'>ἐκαυματίσθη,</span> <span class='ocrx_word' id='word_1_390' title='bbox 3568 2187 3669 2251; x_wconf 75' lang='grc' dir='ltr'>καὶ,</span> <span class='ocrx_word' id='word_1_391' title='bbox 3695 2187 3767 2240; x_wconf 72' lang='grc' dir='ltr'>διὰ</span> <span class='ocrx_word' id='word_1_392' title='bbox 3787 2187 3835 2240; x_wconf 70' lang='grc' dir='ltr'><strong>τὸ</strong></span> 
     </span>
    </p>
   </div>
   <div class='ocr_carea' id='block_1_51' title="bbox 2312 2279 3833 2364">
    <p class='ocr_par' dir='ltr' id='par_1_51' title="bbox 2312 2279 3833 2364">
     <span class='ocr_line' id='line_1_51' title="bbox 2312 2279 3833 2364; baseline -0.008 -19"><span class='ocrx_word' id='word_1_393' title='bbox 2312 2294 2387 2364; x_wconf 81' lang='grc' dir='ltr'>μὴ</span> <span class='ocrx_word' id='word_1_394' title='bbox 2426 2292 2571 2361; x_wconf 77' lang='grc' dir='ltr'>ἔχειν</span> <span class='ocrx_word' id='word_1_395' title='bbox 2604 2287 2782 2361; x_wconf 81' lang='grc' dir='ltr'>ῥίζαν,</span> <span class='ocrx_word' id='word_1_396' title='bbox 2834 2283 3107 2356; x_wconf 73' lang='grc' dir='ltr'>ἐξηράνθη</span> <span class='ocrx_word' id='word_1_397' title='bbox 3129 2298 3143 2312; x_wconf 90' lang='grc'><strong>·</strong></span> <span class='ocrx_word' id='word_1_398' title='bbox 3187 2281 3328 2336; x_wconf 79' lang='grc' dir='ltr'>ἄλλα</span> <span class='ocrx_word' id='word_1_399' title='bbox 3360 2281 3419 2334; x_wconf 83' lang='grc' dir='ltr'>δὲ</span> <span class='ocrx_word' id='word_1_400' title='bbox 3443 2279 3629 2333; x_wconf 83' lang='grc' dir='ltr'>ἔπεσεν</span> <span class='ocrx_word' id='word_1_401' title='bbox 3652 2280 3733 2333; x_wconf 72' lang='grc' dir='ltr'><strong>ἐπὶ</strong></span> <span class='ocrx_word' id='word_1_402' title='bbox 3758 2280 3833 2342; x_wconf 76' lang='grc' dir='ltr'>τὰς</span> 
     </span>
    </p>
   </div>
   <div class='ocr_carea' id='block_1_52' title="bbox 2308 2372 3836 2446">
    <p class='ocr_par' dir='ltr' id='par_1_52' title="bbox 2308 2372 3836 2446">
     <span class='ocr_line' id='line_1_52' title="bbox 2308 2372 3836 2446; baseline -0.011 -6"><span class='ocrx_word' id='word_1_403' title='bbox 2308 2384 2573 2445; x_wconf 79' lang='grc' dir='ltr'>ἀκάνθας,</span> <span class='ocrx_word' id='word_1_404' title='bbox 2609 2380 2705 2434; x_wconf 71' lang='grc' dir='ltr'>καὶ</span> <span class='ocrx_word' id='word_1_405' title='bbox 2742 2377 3020 2446; x_wconf 76' lang='grc' dir='ltr'>ἀνέδησαν</span> <span class='ocrx_word' id='word_1_406' title='bbox 3063 2376 3120 2428; x_wconf 79' lang='grc' dir='ltr'>αἱ</span> <span class='ocrx_word' id='word_1_407' title='bbox 3173 2372 3413 2428; x_wconf 81' lang='grc' dir='ltr'>ἄκανθαι</span> <span class='ocrx_word' id='word_1_408' title='bbox 3446 2372 3540 2426; x_wconf 67' lang='grc' dir='ltr'>καὶ</span> <span class='ocrx_word' id='word_1_409' title='bbox 3586 2372 3836 2435; x_wconf 79' lang='grc' dir='ltr'>ἀπέπνιξαν</span> 
     </span>
    </p>
   </div>
   <div class='ocr_carea' id='block_1_53' title="bbox 2309 2462 3836 2538">
    <p class='ocr_par' dir='ltr' id='par_1_53' title="bbox 2309 2462 3836 2538">
     <span class='ocr_line' id='line_1_53' title="bbox 2309 2462 3836 2538; baseline -0.012 -5"><span class='ocrx_word' id='word_1_410' title='bbox 2309 2478 2483 2534; x_wconf 74' lang='grc' dir='ltr'><strong>αὐτὰο</strong></span> <span class='ocrx_word' id='word_1_411' title='bbox 2518 2475 2651 2529; x_wconf 72' lang='grc' dir='ltr'>ἄλλα</span> <span class='ocrx_word' id='word_1_412' title='bbox 2682 2472 2738 2526; x_wconf 85' lang='grc' dir='ltr'><strong>δέ</strong></span> <span class='ocrx_word' id='word_1_413' title='bbox 2768 2471 2964 2524; x_wconf 82' lang='grc' dir='ltr'>έπεσεν</span> <span class='ocrx_word' id='word_1_414' title='bbox 3011 2469 3105 2521; x_wconf 71' lang='grc' dir='ltr'>ἐπὶ</span> <span class='ocrx_word' id='word_1_415' title='bbox 3146 2468 3245 2538; x_wconf 83' lang='grc' dir='ltr'>τὴν</span> <span class='ocrx_word' id='word_1_416' title='bbox 3286 2467 3397 2536; x_wconf 80' lang='grc' dir='ltr'>γῆν</span> <span class='ocrx_word' id='word_1_417' title='bbox 3429 2463 3528 2534; x_wconf 83' lang='grc' dir='ltr'>τὴν</span> <span class='ocrx_word' id='word_1_418' title='bbox 3557 2462 3723 2533; x_wconf 78' lang='grc' dir='ltr'>καλὴν,</span> <span class='ocrx_word' id='word_1_419' title='bbox 3764 2464 3836 2515; x_wconf 72' lang='grc' dir='ltr'>καὶ</span> 
     </span>
    </p>
   </div>
   <div class='ocr_carea' id='block_1_54' title="bbox 2310 2553 3836 2640">
    <p class='ocr_par' dir='ltr' id='par_1_54' title="bbox 2310 2553 3836 2640">
     <span class='ocr_line' id='line_1_54' title="bbox 2310 2553 3836 2640; baseline -0.013 -13"><span class='ocrx_word' id='word_1_420' title='bbox 2310 2573 2481 2628; x_wconf 82' lang='grc' dir='ltr'>ἐδίδου</span> <span class='ocrx_word' id='word_1_421' title='bbox 2556 2567 2771 2640; x_wconf 81' lang='grc' dir='ltr'>καρπὸν</span> <span class='ocrx_word' id='word_1_422' title='bbox 2844 2559 3298 2617; x_wconf 81' lang='grc' dir='ltr'>ἐκατοστεὺοντα.</span> <span class='ocrx_word' id='word_1_423' title='bbox 3365 2560 3429 2611; x_wconf 84' lang='grc' dir='ltr'>Εἰ</span> <span class='ocrx_word' id='word_1_424' title='bbox 3488 2556 3583 2627; x_wconf 88' lang='grc' dir='ltr'><strong>μέν</strong></span> <span class='ocrx_word' id='word_1_425' title='bbox 3627 2553 3708 2609; x_wconf 78' lang='grc' dir='ltr'>οὖν</span> <span class='ocrx_word' id='word_1_426' title='bbox 3758 2556 3836 2624; x_wconf 72' lang='grc' dir='ltr'>γῆν</span> 
     </span>
    </p>
   </div>
   <div class='ocr_carea' id='block_1_55' title="bbox 2310 2648 3836 2737">
    <p class='ocr_par' dir='ltr' id='par_1_55' title="bbox 2310 2648 3836 2737">
     <span class='ocr_line' id='line_1_55' title="bbox 2310 2648 3836 2737; baseline -0.012 -18"><span class='ocrx_word' id='word_1_427' title='bbox 2310 2666 2457 2737; x_wconf 73' lang='grc' dir='ltr'>εὕρω</span> <span class='ocrx_word' id='word_1_428' title='bbox 2493 2667 2551 2717; x_wconf 85' lang='grc' dir='ltr'><strong>ἐν</strong></span> <span class='ocrx_word' id='word_1_429' title='bbox 2579 2665 2647 2733; x_wconf 78' lang='grc' dir='ltr'>τῇ</span> <span class='ocrx_word' id='word_1_430' title='bbox 2673 2658 2870 2730; x_wconf 76' lang='grc' dir='ltr'>καρδίᾳ</span> <span class='ocrx_word' id='word_1_431' title='bbox 2902 2673 3000 2710; x_wconf 87' lang='grc' dir='ltr'><strong>σου</strong></span> <span class='ocrx_word' id='word_1_432' title='bbox 3027 2652 3385 2723; x_wconf 80' lang='grc' dir='ltr'>καρποφόρον</span> <span class='ocrx_word' id='word_1_433' title='bbox 3412 2652 3505 2704; x_wconf 71' lang='grc' dir='ltr'>καὶ</span> <span class='ocrx_word' id='word_1_434' title='bbox 3532 2648 3735 2717; x_wconf 75' lang='grc' dir='ltr'>ἀγαθὴν,</span> <span class='ocrx_word' id='word_1_435' title='bbox 3761 2649 3836 2701; x_wconf 74' lang='grc' dir='ltr'>οὐκ</span> 
     </span>
    </p>
   </div>
   <div class='ocr_carea' id='block_1_56' title="bbox 2311 2740 3834 2829">
    <p class='ocr_par' dir='ltr' id='par_1_56' title="bbox 2311 2740 3834 2829">
     <span class='ocr_line' id='line_1_56' title="bbox 2311 2740 3834 2829; baseline -0.014 -17"><span class='ocrx_word' id='word_1_436' title='bbox 2311 2759 2526 2829; x_wconf 75' lang='grc' dir='ltr'>ὀκνήσω</span> <span class='ocrx_word' id='word_1_437' title='bbox 2563 2754 2658 2807; x_wconf 78' lang='grc' dir='ltr'>τὸν</span> <span class='ocrx_word' id='word_1_438' title='bbox 2691 2754 2833 2806; x_wconf 86' lang='grc' dir='ltr'>θεῖον</span> <span class='ocrx_word' id='word_1_439' title='bbox 2870 2748 3070 2819; x_wconf 85' lang='grc' dir='ltr'>σπόρον</span> <span class='ocrx_word' id='word_1_440' title='bbox 3101 2742 3448 2816; x_wconf 80' lang='grc' dir='ltr'>ἐμφυτεῦσαί</span> <span class='ocrx_word' id='word_1_441' title='bbox 3490 2758 3569 2794; x_wconf 88' lang='grc' dir='ltr'><strong>σοι</strong></span> <span class='ocrx_word' id='word_1_442' title='bbox 3599 2740 3684 2794; x_wconf 82' lang='grc' dir='ltr'>καὶ</span> <span class='ocrx_word' id='word_1_443' title='bbox 3707 2756 3834 2807; x_wconf 77' lang='grc' dir='ltr'>φανε-</span> 
     </span>
    </p>
   </div>
   <div class='ocr_carea' id='block_1_57' title="bbox 2317 2832 3835 2924">
    <p class='ocr_par' dir='ltr' id='par_1_57' title="bbox 2317 2832 3835 2924">
     <span class='ocr_line' id='line_1_57' title="bbox 2317 2832 3835 2924; baseline -0.014 -19"><span class='ocrx_word' id='word_1_444' title='bbox 2317 2852 2488 2924; x_wconf 83' lang='grc' dir='ltr'>ρῶσαι</span> <span class='ocrx_word' id='word_1_445' title='bbox 2516 2849 2578 2902; x_wconf 76' lang='grc' dir='ltr'><strong>τὸ</strong></span> <span class='ocrx_word' id='word_1_446' title='bbox 2605 2848 2750 2917; x_wconf 82' lang='grc' dir='ltr'>μέγα</span> <span class='ocrx_word' id='word_1_447' title='bbox 2784 2844 3085 2916; x_wconf 86' lang='grc' dir='ltr'>μυστήριον</span> <span class='ocrx_word' id='word_1_448' title='bbox 3110 2856 3125 2870; x_wconf 82' lang='grc'><em>’</em></span> <span class='ocrx_word' id='word_1_449' title='bbox 3157 2840 3206 2892; x_wconf 82' lang='grc' dir='ltr'><strong>εί</strong></span> <span class='ocrx_word' id='word_1_450' title='bbox 3234 2838 3293 2891; x_wconf 83' lang='grc' dir='ltr'>δὲ</span> <span class='ocrx_word' id='word_1_451' title='bbox 3314 2835 3594 2906; x_wconf 80' lang='grc' dir='ltr'>πετρώδης</span> <span class='ocrx_word' id='word_1_452' title='bbox 3623 2832 3741 2905; x_wconf 78' lang='grc' dir='ltr'>αὕτη</span> <span class='ocrx_word' id='word_1_453' title='bbox 3767 2834 3835 2886; x_wconf 80' lang='grc' dir='ltr'><strong>καὶ</strong></span> 
     </span>
    </p>
   </div>
   <div class='ocr_carea' id='block_1_58' title="bbox 2313 2926 3834 3010">
    <p class='ocr_par' dir='ltr' id='par_1_58' title="bbox 2313 2926 3834 3010">
     <span class='ocr_line' id='line_1_58' title="bbox 2313 2926 3834 3010; baseline -0.014 -14"><span class='ocrx_word' id='word_1_454' title='bbox 2313 2942 2635 3010; x_wconf 80' lang='grc' dir='ltr'>ἀκανθώδης</span> <span class='ocrx_word' id='word_1_455' title='bbox 2666 2939 2784 2991; x_wconf 77' lang='grc' dir='ltr'>ἐστὶ</span> <span class='ocrx_word' id='word_1_456' title='bbox 2826 2938 2922 2990; x_wconf 79' lang='grc' dir='ltr'>καὶ</span> <span class='ocrx_word' id='word_1_457' title='bbox 2946 2934 3065 2999; x_wconf 79' lang='grc' dir='ltr'>όδδς</span> <span class='ocrx_word' id='word_1_458' title='bbox 3096 2931 3420 3001; x_wconf 82' lang='grc' dir='ltr'>πατουμένη</span> <span class='ocrx_word' id='word_1_459' title='bbox 3459 2928 3536 2999; x_wconf 81' lang='grc' dir='ltr'>τῷ</span> <span class='ocrx_word' id='word_1_460' title='bbox 3582 2926 3834 2998; x_wconf 75' lang='grc' dir='ltr'>βουλομένῳ</span> 
     </span>
    </p>
   </div>
   <div class='ocr_carea' id='block_1_59' title="bbox 2316 3020 3837 3103">
    <p class='ocr_par' dir='ltr' id='par_1_59' title="bbox 2316 3020 3837 3103">
     <span class='ocr_line' id='line_1_59' title="bbox 2316 3020 3837 3103; baseline -0.014 -15"><span class='ocrx_word' id='word_1_461' title='bbox 2316 3035 2499 3095; x_wconf 68' lang='grc' dir='ltr'>παντὶ,</span> <span class='ocrx_word' id='word_1_462' title='bbox 2529 3034 2779 3103; x_wconf 85' lang='grc' dir='ltr'>κρεῖττον</span> <span class='ocrx_word' id='word_1_463' title='bbox 2814 3027 3062 3099; x_wconf 88' lang='grc' dir='ltr'>μηδόλως</span> <span class='ocrx_word' id='word_1_464' title='bbox 3088 3024 3275 3078; x_wconf 82' lang='grc' dir='ltr'>τοῦτον</span> <span class='ocrx_word' id='word_1_465' title='bbox 3294 3023 3362 3092; x_wconf 85' lang='grc' dir='ltr'>δὴ</span> <span class='ocrx_word' id='word_1_466' title='bbox 3389 3020 3480 3074; x_wconf 80' lang='grc' dir='ltr'>τὸν</span> <span class='ocrx_word' id='word_1_467' title='bbox 3507 3021 3743 3087; x_wconf 76' lang='grc' dir='ltr'>σωτήριον</span> <span class='ocrx_word' id='word_1_468' title='bbox 3767 3032 3837 3067; x_wconf 77' lang='grc' dir='ltr'>κα-</span> 
     </span>
    </p>
   </div>
   <div class='ocr_carea' id='block_1_60' title="bbox 2314 3106 3836 3188">
    <p class='ocr_par' dir='ltr' id='par_1_60' title="bbox 2314 3106 3836 3188">
     <span class='ocr_line' id='line_1_60' title="bbox 2314 3106 3836 3188; baseline -0.014 -12"><span class='ocrx_word' id='word_1_469' title='bbox 2314 3122 2568 3176; x_wconf 79' lang='grc' dir='ltr'>ταϐαλεῖν</span> <span class='ocrx_word' id='word_1_470' title='bbox 2594 3119 2795 3188; x_wconf 83' lang='grc' dir='ltr'>σπόρον</span> <span class='ocrx_word' id='word_1_471' title='bbox 2822 3116 2919 3169; x_wconf 75' lang='grc' dir='ltr'>καὶ</span> <span class='ocrx_word' id='word_1_472' title='bbox 2948 3116 3028 3177; x_wconf 84' lang='grc' dir='ltr'><strong>είς</strong></span> <span class='ocrx_word' id='word_1_473' title='bbox 3056 3110 3373 3181; x_wconf 81' lang='grc' dir='ltr'>διαρπαγὴν</span> <span class='ocrx_word' id='word_1_474' title='bbox 3393 3108 3553 3163; x_wconf 80' lang='grc' dir='ltr'>αὑτὸν</span> <span class='ocrx_word' id='word_1_475' title='bbox 3577 3106 3729 3160; x_wconf 86' lang='grc' dir='ltr'>θεῖναι</span> <span class='ocrx_word' id='word_1_476' title='bbox 3753 3106 3836 3165; x_wconf 80' lang='grc' dir='ltr'>τοῖς</span> 
     </span>
    </p>
   </div>
   <div class='ocr_carea' id='block_1_61' title="bbox 657 3181 2222 3282">
    <p class='ocr_par' dir='ltr' id='par_1_61' title="bbox 657 3181 2222 3251">
     <span class='ocr_line' id='line_1_61' title="bbox 657 3181 2222 3251; baseline 0.004 -18"><span class='ocrx_word' id='word_1_477' title='bbox 657 3189 775 3243; x_wconf 75' lang='lat' dir='ltr'><strong>est,</strong></span> <span class='ocrx_word' id='word_1_478' title='bbox 817 3181 868 3233; x_wconf 92' lang='lat' dir='ltr'><strong>in</strong></span> <span class='ocrx_word' id='word_1_479' title='bbox 921 3183 1150 3246; x_wconf 63' lang='lat' dir='ltr'><strong>praedam</strong></span> <span class='ocrx_word' id='word_1_480' title='bbox 1197 3182 1433 3250; x_wconf 89' lang='lat' dir='ltr'><strong>objicere</strong></span> <span class='ocrx_word' id='word_1_481' title='bbox 1481 3184 1802 3251; x_wconf 72' lang='lat' dir='ltr'><strong>prmsdterit.</strong></span> <span class='ocrx_word' id='word_1_482' title='bbox 1834 3183 2028 3239; x_wconf 82' lang='lat' dir='ltr'><strong>Verum</strong></span> <span class='ocrx_word' id='word_1_483' title='bbox 2077 3187 2144 3239; x_wconf 91' lang='lat' dir='ltr'><strong>de</strong></span> <span class='ocrx_word' id='word_1_484' title='bbox 2183 3196 2222 3240; x_wconf 81' lang='grc' dir='ltr'><strong>ιε</strong></span> 
     </span>
    </p>
   </div>
   <div class='ocr_carea' id='block_1_62' title="bbox 2304 3181 3835 3282">
    <p class='ocr_par' dir='ltr' id='par_1_62' title="bbox 2318 3181 3835 3280">
     <span class='ocr_line' id='line_1_62' title="bbox 2318 3181 3835 3280; baseline -0.014 -13"><span class='ocrx_word' id='word_1_485' title='bbox 2318 3213 2588 3274; x_wconf 85' lang='grc' dir='ltr'>πετεινοῖς</span> <span class='ocrx_word' id='word_1_486' title='bbox 2616 3181 2712 3263; x_wconf 60' lang='grc' dir='ltr'><strong>καί</strong></span> <span class='ocrx_word' id='word_1_487' title='bbox 2735 3208 2970 3280; x_wconf 86' lang='grc' dir='ltr'>θηρίοις,</span> <span class='ocrx_word' id='word_1_488' title='bbox 2997 3201 3072 3259; x_wconf 77' lang='grc' dir='ltr'>ὧν</span> <span class='ocrx_word' id='word_1_489' title='bbox 3101 3202 3418 3274; x_wconf 77' lang='grc' dir='ltr'>ἔμπροσθεν</span> <span class='ocrx_word' id='word_1_490' title='bbox 3444 3199 3577 3262; x_wconf 84' lang='grc' dir='ltr'>ὅλως</span> <span class='ocrx_word' id='word_1_491' title='bbox 3602 3197 3670 3269; x_wconf 81' lang='grc' dir='ltr'>μὴ</span> <span class='ocrx_word' id='word_1_492' title='bbox 3694 3195 3835 3267; x_wconf 75' lang='grc' dir='ltr'>βαλεῖν</span> 
     </span>
    </p>
   </div>
   <div class='ocr_carea' id='block_1_63' title="bbox 660 3272 2235 3346">
    <p class='ocr_par' dir='ltr' id='par_1_63' title="bbox 660 3272 2235 3346">
     <span class='ocr_line' id='line_1_63' title="bbox 660 3272 2235 3346; baseline 0.005 -23"><span class='ocrx_word' id='word_1_493' title='bbox 660 3272 879 3324; x_wconf 80' lang='lat' dir='ltr'><strong>meliora</strong></span> <span class='ocrx_word' id='word_1_494' title='bbox 908 3287 971 3325; x_wconf 88' lang='lat' dir='ltr'><strong>ac</strong></span> <span class='ocrx_word' id='word_1_495' title='bbox 1001 3274 1158 3326; x_wconf 86' lang='lat' dir='ltr'><strong>saluti</strong></span> <span class='ocrx_word' id='word_1_496' title='bbox 1189 3273 1446 3328; x_wconf 85' lang='lat' dir='ltr'><strong>viciniora</strong></span> <span class='ocrx_word' id='word_1_497' title='bbox 1492 3275 1700 3328; x_wconf 78' lang='lat' dir='ltr'><strong>confido</strong></span> <span class='ocrx_word' id='word_1_498' title='bbox 1729 3292 1741 3328; x_wconf 88' lang='lat'><strong>:</strong></span> <span class='ocrx_word' id='word_1_499' title='bbox 1775 3291 1969 3343; x_wconf 88' lang='lat' dir='ltr'><strong>nempe</strong></span> <span class='ocrx_word' id='word_1_500' title='bbox 2013 3278 2151 3346; x_wconf 89' lang='lat' dir='ltr'><strong>quod</strong></span> <span class='ocrx_word' id='word_1_501' title='bbox 2179 3287 2235 3331; x_wconf 91' lang='lat' dir='ltr'><strong>et</strong></span> 
     </span>
    </p>
   </div>
   <div class='ocr_carea' id='block_1_64' title="bbox 659 3363 2235 3439">
    <p class='ocr_par' dir='ltr' id='par_1_64' title="bbox 659 3363 2235 3439">
     <span class='ocr_line' id='line_1_64' title="bbox 659 3363 2235 3439; baseline 0.005 -23"><span class='ocrx_word' id='word_1_502' title='bbox 659 3363 888 3431; x_wconf 87' lang='lat' dir='ltr'><strong>lapidem</strong></span> <span class='ocrx_word' id='word_1_503' title='bbox 934 3366 1021 3433; x_wconf 91' lang='lat' dir='ltr'><strong>qui</strong></span> <span class='ocrx_word' id='word_1_504' title='bbox 1070 3367 1298 3432; x_wconf 88' lang='lat' dir='ltr'><strong>pretium</strong></span> <span class='ocrx_word' id='word_1_505' title='bbox 1339 3382 1498 3422; x_wconf 89' lang='lat' dir='ltr'><strong>omne</strong></span> <span class='ocrx_word' id='word_1_506' title='bbox 1539 3378 1753 3437; x_wconf 89' lang='lat' dir='ltr'><strong>superat</strong></span> <span class='ocrx_word' id='word_1_507' title='bbox 1781 3369 2005 3433; x_wconf 82' lang='lat' dir='ltr'><strong>videbis,</strong></span> <span class='ocrx_word' id='word_1_508' title='bbox 2038 3384 2099 3423; x_wconf 88' lang='lat' dir='ltr'><strong>ac</strong></span> <span class='ocrx_word' id='word_1_509' title='bbox 2139 3385 2235 3439; x_wconf 86' lang='lat' dir='ltr'><strong>per</strong></span> 
     </span>
    </p>
   </div>
   <div class='ocr_carea' id='block_1_65' title="bbox 660 3453 2235 3528">
    <p class='ocr_par' dir='ltr' id='par_1_65' title="bbox 660 3453 2235 3528">
     <span class='ocr_line' id='line_1_65' title="bbox 660 3453 2235 3528; baseline 0.006 -21"><span class='ocrx_word' id='word_1_510' title='bbox 660 3453 824 3507; x_wconf 88' lang='lat' dir='ltr'><strong>lumin</strong></span> <span class='ocrx_word' id='word_1_511' title='bbox 848 3469 875 3508; x_wconf 89' lang='lat' dir='ltr'><strong>s</strong></span> <span class='ocrx_word' id='word_1_512' title='bbox 904 3456 1069 3519; x_wconf 71' lang='lat' dir='ltr'><strong>ipsius</strong></span> <span class='ocrx_word' id='word_1_513' title='bbox 1111 3456 1448 3523; x_wconf 84' lang='lat' dir='ltr'><strong>splendorem</strong></span> <span class='ocrx_word' id='word_1_514' title='bbox 1494 3457 1595 3511; x_wconf 88' lang='lat' dir='ltr'><strong>hoc</strong></span> <span class='ocrx_word' id='word_1_515' title='bbox 1636 3461 2001 3528; x_wconf 70' lang='lat' dir='ltr'><strong>eunseqiieris,</strong></span> <span class='ocrx_word' id='word_1_516' title='bbox 2033 3469 2089 3513; x_wconf 94' lang='lat' dir='ltr'><strong>ut</strong></span> <span class='ocrx_word' id='word_1_517' title='bbox 2119 3460 2235 3527; x_wconf 83' lang='lat' dir='ltr'><strong>ipse</strong></span> 
     </span>
    </p>
   </div>
   <div class='ocr_carea' id='block_1_66' title="bbox 660 3545 2233 3620">
    <p class='ocr_par' dir='ltr' id='par_1_66' title="bbox 660 3545 2233 3620">
     <span class='ocr_line' id='line_1_66' title="bbox 660 3545 2233 3620; baseline 0.006 -24"><span class='ocrx_word' id='word_1_518' title='bbox 660 3559 871 3611; x_wconf 90' lang='lat' dir='ltr'><strong>quoque</strong></span> <span class='ocrx_word' id='word_1_519' title='bbox 893 3547 1066 3599; x_wconf 90' lang='lat' dir='ltr'><strong>lumen</strong></span> <span class='ocrx_word' id='word_1_520' title='bbox 1089 3545 1361 3613; x_wconf 88' lang='lat' dir='ltr'><strong>efliciaris,</strong></span> <span class='ocrx_word' id='word_1_521' title='bbox 1388 3547 1723 3618; x_wconf 86' lang='lat' dir='ltr'><strong>fructumque</strong></span> <span class='ocrx_word' id='word_1_522' title='bbox 1745 3551 2048 3620; x_wconf 87' lang='lat' dir='ltr'><strong>centuplum</strong></span> <span class='ocrx_word' id='word_1_523' title='bbox 2075 3552 2233 3606; x_wconf 83' lang='lat' dir='ltr'><strong>feras.</strong></span> 
     </span>
    </p>
   </div>
   <div class='ocr_carea' id='block_1_67' title="bbox 665 3634 2236 3709">
    <p class='ocr_par' dir='ltr' id='par_1_67' title="bbox 665 3634 2236 3709">
     <span class='ocr_line' id='line_1_67' title="bbox 665 3634 2236 3709; baseline 0.006 -22"><span class='ocrx_word' id='word_1_524' title='bbox 665 3634 874 3689; x_wconf 81' lang='lat' dir='ltr'><strong>Etenim</strong></span> <span class='ocrx_word' id='word_1_525' title='bbox 920 3646 1008 3690; x_wconf 91' lang='lat' dir='ltr'><strong>tua</strong></span> <span class='ocrx_word' id='word_1_526' title='bbox 1041 3652 1199 3692; x_wconf 89' lang='lat' dir='ltr'><strong>causa</strong></span> <span class='ocrx_word' id='word_1_527' title='bbox 1228 3637 1438 3707; x_wconf 83' lang='lat' dir='ltr'><strong>longam</strong></span> <span class='ocrx_word' id='word_1_528' title='bbox 1471 3639 1606 3693; x_wconf 80' lang='lat' dir='ltr'><strong>viam</strong></span> <span class='ocrx_word' id='word_1_529' title='bbox 1637 3640 1900 3696; x_wconf 87' lang='lat' dir='ltr'><strong>conficere</strong></span> <span class='ocrx_word' id='word_1_530' title='bbox 1943 3644 2149 3709; x_wconf 89' lang='lat' dir='ltr'><strong>studui,</strong></span> <span class='ocrx_word' id='word_1_531' title='bbox 2181 3654 2236 3702; x_wconf 91' lang='lat' dir='ltr'><strong>ut</strong></span> 
     </span>
    </p>
   </div>
   <div class='ocr_carea' id='block_1_68' title="bbox 664 3729 2235 3805">
    <p class='ocr_par' dir='ltr' id='par_1_68' title="bbox 664 3729 2235 3805">
     <span class='ocr_line' id='line_1_68' title="bbox 664 3729 2235 3805; baseline 0.011 -30"><span class='ocrx_word' id='word_1_532' title='bbox 664 3741 781 3794; x_wconf 68' lang='lat' dir='ltr'><strong>qua:</strong></span> <span class='ocrx_word' id='word_1_533' title='bbox 812 3742 1077 3795; x_wconf 88' lang='lat' dir='ltr'><strong>nunquam</strong></span> <span class='ocrx_word' id='word_1_534' title='bbox 1104 3729 1313 3796; x_wconf 86' lang='lat' dir='ltr'><strong>vidisti,</strong></span> <span class='ocrx_word' id='word_1_535' title='bbox 1347 3730 1440 3784; x_wconf 88' lang='lat' dir='ltr'><strong>tibi</strong></span> <span class='ocrx_word' id='word_1_536' title='bbox 1472 3734 1840 3801; x_wconf 84' lang='lat' dir='ltr'><strong>ostenderem,</strong></span> <span class='ocrx_word' id='word_1_537' title='bbox 1867 3746 2026 3805; x_wconf 87' lang='lat' dir='ltr'><strong>atque</strong></span> <span class='ocrx_word' id='word_1_538' title='bbox 2050 3752 2111 3790; x_wconf 85' lang='lat' dir='ltr'><strong>ea</strong></span> <span class='ocrx_word' id='word_1_539' title='bbox 2140 3738 2235 3792; x_wconf 83' lang='lat' dir='ltr'><strong>do-</strong></span> 
     </span>
    </p>
   </div>
   <div class='ocr_carea' id='block_1_69' title="bbox 664 3821 1531 3890">
    <p class='ocr_par' dir='ltr' id='par_1_69' title="bbox 664 3821 1531 3890">
     <span class='ocr_line' id='line_1_69' title="bbox 664 3821 1531 3890; baseline 0.006 -21"><span class='ocrx_word' id='word_1_540' title='bbox 664 3829 843 3872; x_wconf 87' lang='lat' dir='ltr'><strong>cerem</strong></span> <span class='ocrx_word' id='word_1_541' title='bbox 869 3832 990 3887; x_wconf 75' lang='lat' dir='ltr'><strong>quzn</strong></span> <span class='ocrx_word' id='word_1_542' title='bbox 1019 3834 1287 3890; x_wconf 89' lang='lat' dir='ltr'><strong>nunquam</strong></span> <span class='ocrx_word' id='word_1_543' title='bbox 1313 3821 1531 3876; x_wconf 88' lang='lat' dir='ltr'><strong>audisti.</strong></span> 
     </span>
    </p>
   </div>
   <div class='ocr_carea' id='block_1_70' title="bbox 727 4027 2222 4112">
    <p class='ocr_par' dir='ltr' id='par_1_70' title="bbox 727 4027 2222 4112">
     <span class='ocr_line' id='line_1_70' title="bbox 727 4027 2222 4112; baseline 0.013 -33"><span class='ocrx_word' id='word_1_544' title='bbox 727 4027 869 4082; x_wconf 78' lang='lat' dir='ltr'><strong>Dixit</strong></span> <span class='ocrx_word' id='word_1_545' title='bbox 894 4040 1071 4084; x_wconf 89' lang='lat' dir='ltr'><strong>autem</strong></span> <span class='ocrx_word' id='word_1_546' title='bbox 1114 4032 1179 4086; x_wconf 91' lang='lat' dir='ltr'><strong>ad</strong></span> <span class='ocrx_word' id='word_1_547' title='bbox 1213 4049 1331 4088; x_wconf 89' lang='lat' dir='ltr'><strong>eum</strong></span> <span class='ocrx_word' id='word_1_548' title='bbox 1365 4034 1657 4105; x_wconf 84' lang='lat' dir='ltr'><strong>Josaphat:</strong></span> <span class='ocrx_word' id='word_1_549' title='bbox 1691 4038 1941 4108; x_wconf 74' lang='lat' dir='ltr'><strong>Equidem</strong></span> <span class='ocrx_word' id='word_1_550' title='bbox 1969 4041 2104 4112; x_wconf 87' lang='lat' dir='ltr'><strong>ipse,</strong></span> <span class='ocrx_word' id='word_1_551' title='bbox 2136 4058 2222 4099; x_wconf 72' lang='grc' dir='ltr'>νε-</span> 
     </span>
    </p>
   </div>
   <div class='ocr_carea' id='block_1_71' title="bbox 651 4120 2221 4202">
    <p class='ocr_par' dir='ltr' id='par_1_71' title="bbox 651 4120 2221 4202">
     <span class='ocr_line' id='line_1_71' title="bbox 651 4120 2221 4202; baseline 0.011 -30"><span class='ocrx_word' id='word_1_552' title='bbox 651 4120 887 4174; x_wconf 88' lang='lat' dir='ltr'><strong>tterande</strong></span> <span class='ocrx_word' id='word_1_553' title='bbox 915 4136 1103 4187; x_wconf 78' lang='lat' dir='ltr'><strong>senex,</strong></span> <span class='ocrx_word' id='word_1_554' title='bbox 1138 4126 1432 4179; x_wconf 86' lang='lat' dir='ltr'><strong>incredibili</strong></span> <span class='ocrx_word' id='word_1_555' title='bbox 1461 4129 1710 4197; x_wconf 90' lang='lat' dir='ltr'><strong>quodam,</strong></span> <span class='ocrx_word' id='word_1_556' title='bbox 1740 4141 1901 4201; x_wconf 88' lang='lat' dir='ltr'><strong>atque</strong></span> <span class='ocrx_word' id='word_1_557' title='bbox 1927 4131 2221 4202; x_wconf 76' lang='lat' dir='ltr'><strong>ejuSiuodi,</strong></span> 
     </span>
    </p>
   </div>
   <div class='ocr_carea' id='block_1_72' title="bbox 646 4202 2221 4294">
    <p class='ocr_par' dir='ltr' id='par_1_72' title="bbox 646 4202 2221 4294">
     <span class='ocr_line' id='line_1_72' title="bbox 646 4202 2221 4294; baseline 0.013 -33"><span class='ocrx_word' id='word_1_558' title='bbox 646 4211 789 4279; x_wconf 88' lang='lat' dir='ltr'><strong>quod</strong></span> <span class='ocrx_word' id='word_1_559' title='bbox 821 4213 967 4266; x_wconf 92' lang='lat' dir='ltr'><strong>nullo</strong></span> <span class='ocrx_word' id='word_1_560' title='bbox 993 4215 1152 4268; x_wconf 92' lang='lat' dir='ltr'><strong>modo</strong></span> <span class='ocrx_word' id='word_1_561' title='bbox 1198 4217 1432 4271; x_wconf 92' lang='lat' dir='ltr'><strong>coerceri</strong></span> <span class='ocrx_word' id='word_1_562' title='bbox 1471 4202 1662 4287; x_wconf 80' lang='lat' dir='ltr'><strong>queat,</strong></span> <span class='ocrx_word' id='word_1_563' title='bbox 1705 4221 1969 4279; x_wconf 83' lang='lat' dir='ltr'><strong>desiderio</strong></span> <span class='ocrx_word' id='word_1_564' title='bbox 2018 4236 2221 4294; x_wconf 78' lang='lat' dir='ltr'><strong>teneor,</strong></span> 
     </span>
    </p>
   </div>
   <div class='ocr_carea' id='block_1_73' title="bbox 646 4307 2219 4374">
    <p class='ocr_par' dir='ltr' id='par_1_73' title="bbox 646 4307 2219 4374">
     <span class='ocr_line' id='line_1_73' title="bbox 646 4307 2219 4374; baseline 0.013 -20"><span class='ocrx_word' id='word_1_565' title='bbox 646 4317 838 4356; x_wconf 85' lang='lat' dir='ltr'><strong>novum</strong></span> <span class='ocrx_word' id='word_1_566' title='bbox 866 4307 1150 4372; x_wconf 89' lang='lat' dir='ltr'><strong>quemdam</strong></span> <span class='ocrx_word' id='word_1_567' title='bbox 1178 4322 1240 4361; x_wconf 90' lang='lat' dir='ltr'><strong>ac</strong></span> <span class='ocrx_word' id='word_1_568' title='bbox 1270 4307 1466 4363; x_wconf 88' lang='lat' dir='ltr'><strong>bonum</strong></span> <span class='ocrx_word' id='word_1_569' title='bbox 1496 4327 1796 4369; x_wconf 86' lang='lat' dir='ltr'><strong>sermonem</strong></span> <span class='ocrx_word' id='word_1_570' title='bbox 1826 4318 2094 4373; x_wconf 88' lang='lat' dir='ltr'><strong>audiendi.</strong></span> <span class='ocrx_word' id='word_1_571' title='bbox 2124 4324 2219 4374; x_wconf 85' lang='lat' dir='ltr'><strong>At-</strong></span> 
     </span>
    </p>
   </div>
   <div class='ocr_carea' id='block_1_74' title="bbox 645 4395 2216 4477">
    <p class='ocr_par' dir='ltr' id='par_1_74' title="bbox 645 4395 2216 4477">
     <span class='ocr_line' id='line_1_74' title="bbox 645 4395 2216 4477; baseline 0.013 -32"><span class='ocrx_word' id='word_1_572' title='bbox 645 4407 749 4461; x_wconf 86' lang='lat' dir='ltr'><strong>que</strong></span> <span class='ocrx_word' id='word_1_573' title='bbox 778 4395 913 4462; x_wconf 77' lang='lat' dir='ltr'><strong>ignis</strong></span> <span class='ocrx_word' id='word_1_574' title='bbox 942 4397 995 4449; x_wconf 91' lang='lat' dir='ltr'><strong>in</strong></span> <span class='ocrx_word' id='word_1_575' title='bbox 1037 4409 1255 4465; x_wconf 90' lang='lat' dir='ltr'><strong>pectore</strong></span> <span class='ocrx_word' id='word_1_576' title='bbox 1298 4415 1417 4455; x_wconf 88' lang='lat' dir='ltr'><strong>meo</strong></span> <span class='ocrx_word' id='word_1_577' title='bbox 1461 4402 1707 4459; x_wconf 89' lang='lat' dir='ltr'><strong>incensus</strong></span> <span class='ocrx_word' id='word_1_578' title='bbox 1748 4416 1857 4471; x_wconf 88' lang='lat' dir='ltr'><strong>est,</strong></span> <span class='ocrx_word' id='word_1_579' title='bbox 1900 4408 1989 4477; x_wconf 88' lang='lat' dir='ltr'><strong>qui</strong></span> <span class='ocrx_word' id='word_1_580' title='bbox 2019 4425 2107 4466; x_wconf 85' lang='lat' dir='ltr'><strong>me</strong></span> <span class='ocrx_word' id='word_1_581' title='bbox 2149 4411 2216 4466; x_wconf 87' lang='lat' dir='ltr'><strong>ad</strong></span> 
     </span>
    </p>
   </div>
   <div class='ocr_carea' id='block_1_75' title="bbox 646 4487 2223 4568">
    <p class='ocr_par' dir='ltr' id='par_1_75' title="bbox 646 4487 2223 4568">
     <span class='ocr_line' id='line_1_75' title="bbox 646 4487 2223 4568; baseline 0.013 -33"><span class='ocrx_word' id='word_1_582' title='bbox 646 4487 975 4539; x_wconf 88' lang='lat' dir='ltr'><strong>necessarias</strong></span> <span class='ocrx_word' id='word_1_583' title='bbox 1006 4490 1262 4554; x_wconf 89' lang='lat' dir='ltr'><strong>quasdam</strong></span> <span class='ocrx_word' id='word_1_584' title='bbox 1294 4494 1615 4559; x_wconf 74' lang='lat' dir='ltr'><strong>quaestiones</strong></span> <span class='ocrx_word' id='word_1_585' title='bbox 1647 4497 2021 4568; x_wconf 81' lang='lat' dir='ltr'><strong>intelligendas</strong></span> <span class='ocrx_word' id='word_1_586' title='bbox 2060 4503 2223 4555; x_wconf 86' lang='lat' dir='ltr'><strong>vehe-</strong></span> 
     </span>
    </p>
   </div>
   <div class='ocr_carea' id='block_1_76' title="bbox 2317 3290 3837 3375">
    <p class='ocr_par' dir='ltr' id='par_1_76' title="bbox 2317 3290 3837 3375">
     <span class='ocr_line' id='line_1_76' title="bbox 2317 3290 3837 3375; baseline -0.014 -14"><span class='ocrx_word' id='word_1_587' title='bbox 2317 3307 2446 3369; x_wconf 82' lang='grc' dir='ltr'>τοὺς</span> <span class='ocrx_word' id='word_1_588' title='bbox 2479 3302 2824 3375; x_wconf 82' lang='grc' dir='ltr'>μαργαρίτας</span> <span class='ocrx_word' id='word_1_589' title='bbox 2852 3298 3181 3367; x_wconf 84' lang='grc' dir='ltr'>ἐντέταλμαι</span> <span class='ocrx_word' id='word_1_590' title='bbox 3217 3294 3358 3365; x_wconf 76' lang='grc'><strong>(84).</strong></span> <span class='ocrx_word' id='word_1_591' title='bbox 3406 3292 3566 3347; x_wconf 77' lang='grc' dir='ltr'><strong>Ἀλλὰ</strong></span> <span class='ocrx_word' id='word_1_592' title='bbox 3588 3290 3837 3357; x_wconf 81' lang='grc' dir='ltr'>πέπεισμαι</span> 
     </span>
    </p>
   </div>
   <div class='ocr_carea' id='block_1_77' title="bbox 2316 3383 3833 3472">
    <p class='ocr_par' dir='ltr' id='par_1_77' title="bbox 2316 3383 3833 3472">
     <span class='ocr_line' id='line_1_77' title="bbox 2316 3383 3833 3472; baseline -0.013 -19"><span class='ocrx_word' id='word_1_593' title='bbox 2316 3400 2427 3472; x_wconf 74' lang='grc'>40</span> <span class='ocrx_word' id='word_1_594' title='bbox 2454 3399 2585 3470; x_wconf 75' lang='grc' dir='ltr'>περὶ</span> <span class='ocrx_word' id='word_1_595' title='bbox 2616 3394 2710 3449; x_wconf 83' lang='grc' dir='ltr'>σοῦ</span> <span class='ocrx_word' id='word_1_596' title='bbox 2735 3393 2804 3447; x_wconf 75' lang='grc' dir='ltr'><strong>τὰ</strong></span> <span class='ocrx_word' id='word_1_597' title='bbox 2828 3392 3151 3462; x_wconf 84' lang='grc' dir='ltr'>κρείττοντα</span> <span class='ocrx_word' id='word_1_598' title='bbox 3190 3388 3286 3442; x_wconf 74' lang='grc' dir='ltr'>καὶ</span> <span class='ocrx_word' id='word_1_599' title='bbox 3324 3387 3561 3458; x_wconf 82' lang='grc' dir='ltr'>ἐχόμενα</span> <span class='ocrx_word' id='word_1_600' title='bbox 3594 3383 3833 3453; x_wconf 78' lang='grc' dir='ltr'>σωτηρίας,</span> 
     </span>
    </p>
   </div>
   <div class='ocr_carea' id='block_1_78' title="bbox 2318 3474 3836 3553">
    <p class='ocr_par' dir='ltr' id='par_1_78' title="bbox 2318 3474 3836 3553">
     <span class='ocr_line' id='line_1_78' title="bbox 2318 3474 3836 3553; baseline -0.013 -9"><span class='ocrx_word' id='word_1_601' title='bbox 2318 3493 2398 3545; x_wconf 81' lang='grc' dir='ltr'>ὅτι</span> <span class='ocrx_word' id='word_1_602' title='bbox 2427 3490 2524 3544; x_wconf 72' lang='grc' dir='ltr'>καὶ</span> <span class='ocrx_word' id='word_1_603' title='bbox 2562 3486 2654 3542; x_wconf 82' lang='grc' dir='ltr'><strong>τόν</strong></span> <span class='ocrx_word' id='word_1_604' title='bbox 2691 3486 2840 3539; x_wconf 86' lang='grc' dir='ltr'>λίθον</span> <span class='ocrx_word' id='word_1_605' title='bbox 2870 3483 2993 3553; x_wconf 76' lang='grc' dir='ltr'>ὄψει</span> <span class='ocrx_word' id='word_1_606' title='bbox 3044 3482 3139 3536; x_wconf 82' lang='grc' dir='ltr'><strong>τὸν</strong></span> <span class='ocrx_word' id='word_1_607' title='bbox 3183 3481 3476 3551; x_wconf 86' lang='grc' dir='ltr'>ἀτίμητον,</span> <span class='ocrx_word' id='word_1_608' title='bbox 3510 3478 3602 3531; x_wconf 77' lang='grc' dir='ltr'><strong>καὶ</strong></span> <span class='ocrx_word' id='word_1_609' title='bbox 3628 3479 3689 3547; x_wconf 78' lang='grc' dir='ltr'>τῇ</span> <span class='ocrx_word' id='word_1_610' title='bbox 3715 3474 3836 3545; x_wconf 74' lang='grc' dir='ltr'>αἴγλη</span> 
     </span>
    </p>
   </div>
   <div class='ocr_carea' id='block_1_79' title="bbox 2315 3569 3834 3653">
    <p class='ocr_par' dir='ltr' id='par_1_79' title="bbox 2315 3569 3834 3653">
     <span class='ocr_line' id='line_1_79' title="bbox 2315 3569 3834 3653; baseline -0.013 -15"><span class='ocrx_word' id='word_1_611' title='bbox 2315 3583 2412 3638; x_wconf 85' lang='grc' dir='ltr'><strong>τοῦ</strong></span> <span class='ocrx_word' id='word_1_612' title='bbox 2449 3581 2627 3653; x_wconf 77' lang='grc' dir='ltr'>φωτὸς</span> <span class='ocrx_word' id='word_1_613' title='bbox 2656 3579 2822 3635; x_wconf 77' lang='grc' dir='ltr'>αὐτοῦ</span> <span class='ocrx_word' id='word_1_614' title='bbox 2847 3578 2963 3647; x_wconf 79' lang='grc' dir='ltr'>φῶς</span> <span class='ocrx_word' id='word_1_615' title='bbox 2986 3578 3082 3631; x_wconf 72' lang='grc' dir='ltr'>καὶ</span> <span class='ocrx_word' id='word_1_616' title='bbox 3115 3576 3283 3639; x_wconf 83' lang='grc' dir='ltr'>αὐτὸς</span> <span class='ocrx_word' id='word_1_617' title='bbox 3311 3573 3591 3645; x_wconf 82' lang='grc' dir='ltr'>ἀξιωθήσῃ</span> <span class='ocrx_word' id='word_1_618' title='bbox 3614 3569 3834 3639; x_wconf 76' lang='grc' dir='ltr'>γενέσθαι,</span> 
     </span>
    </p>
   </div>
   <div class='ocr_carea' id='block_1_80' title="bbox 2316 3660 3832 3746">
    <p class='ocr_par' dir='ltr' id='par_1_80' title="bbox 2316 3660 3832 3746">
     <span class='ocr_line' id='line_1_80' title="bbox 2316 3660 3832 3746; baseline -0.012 -16"><span class='ocrx_word' id='word_1_619' title='bbox 2316 3677 2411 3731; x_wconf 68' lang='grc' dir='ltr'>καὶ</span> <span class='ocrx_word' id='word_1_620' title='bbox 2444 3674 2658 3746; x_wconf 80' lang='grc' dir='ltr'>καρπὸν</span> <span class='ocrx_word' id='word_1_621' title='bbox 2690 3672 2919 3745; x_wconf 75' lang='grc' dir='ltr'>ἐνέγκῃς</span> <span class='ocrx_word' id='word_1_622' title='bbox 2948 3666 3533 3738; x_wconf 81' lang='grc' dir='ltr'>έκατοστεύοντα(85).</span> <span class='ocrx_word' id='word_1_623' title='bbox 3557 3664 3649 3717; x_wconf 77' lang='grc' dir='ltr'>Διὰ</span> <span class='ocrx_word' id='word_1_624' title='bbox 3680 3663 3729 3716; x_wconf 65' lang='lat' dir='ltr'><strong>at</strong></span> <span class='ocrx_word' id='word_1_625' title='bbox 3754 3660 3832 3729; x_wconf 80' lang='grc' dir='ltr'>γὰρ</span> 
     </span>
    </p>
   </div>
   <div class='ocr_carea' id='block_1_81' title="bbox 2317 3753 3835 3841">
    <p class='ocr_par' dir='ltr' id='par_1_81' title="bbox 2317 3753 3835 3841">
     <span class='ocr_line' id='line_1_81' title="bbox 2317 3753 3835 3841; baseline -0.013 -19"><span class='ocrx_word' id='word_1_626' title='bbox 2317 3771 2478 3841; x_wconf 78' lang='grc' dir='ltr'>ἔργον</span> <span class='ocrx_word' id='word_1_627' title='bbox 2511 3765 2715 3837; x_wconf 81' lang='grc' dir='ltr'>ἐθέμην</span> <span class='ocrx_word' id='word_1_628' title='bbox 2768 3765 2864 3818; x_wconf 60' lang='grc' dir='ltr'><strong>καὶ¹</strong></span> <span class='ocrx_word' id='word_1_629' title='bbox 2920 3763 3137 3835; x_wconf 79' lang='grc' dir='ltr'>μακρὰν</span> <span class='ocrx_word' id='word_1_630' title='bbox 3171 3761 3405 3832; x_wconf 79' lang='grc' dir='ltr'>διήνυσα</span> <span class='ocrx_word' id='word_1_631' title='bbox 3438 3758 3575 3820; x_wconf 74' lang='grc' dir='ltr'>όδδν,</span> <span class='ocrx_word' id='word_1_632' title='bbox 3625 3754 3710 3808; x_wconf 82' lang='grc' dir='ltr'><strong>τοῦ</strong></span> <span class='ocrx_word' id='word_1_633' title='bbox 3736 3753 3835 3818; x_wconf 61' lang='grc' dir='ltr'>ἦπο-</span> 
     </span>
    </p>
   </div>
   <div class='ocr_carea' id='block_1_82' title="bbox 2316 3844 3834 3927">
    <p class='ocr_par' dir='ltr' id='par_1_82' title="bbox 2316 3844 3834 3927">
     <span class='ocr_line' id='line_1_82' title="bbox 2316 3844 3834 3927; baseline -0.013 -12"><span class='ocrx_word' id='word_1_634' title='bbox 2316 3858 2489 3927; x_wconf 80' lang='grc' dir='ltr'>δεῖξαί</span> <span class='ocrx_word' id='word_1_635' title='bbox 2535 3875 2616 3911; x_wconf 92' lang='grc' dir='ltr'><strong>σοι</strong></span> <span class='ocrx_word' id='word_1_636' title='bbox 2641 3855 2678 3910; x_wconf 79' lang='grc' dir='ltr'>ἃ.</span> <span class='ocrx_word' id='word_1_637' title='bbox 2705 3855 2805 3925; x_wconf 84' lang='grc' dir='ltr'><strong>οὐχ</strong></span> <span class='ocrx_word' id='word_1_638' title='bbox 2836 3852 3089 3925; x_wconf 82' lang='grc' dir='ltr'>ἑώρακας</span> <span class='ocrx_word' id='word_1_639' title='bbox 3119 3850 3341 3905; x_wconf 86' lang='grc' dir='ltr'>πώποτε</span> <span class='ocrx_word' id='word_1_640' title='bbox 3374 3850 3469 3905; x_wconf 75' lang='grc' dir='ltr'>καὶ</span> <span class='ocrx_word' id='word_1_641' title='bbox 3494 3846 3685 3912; x_wconf 78' lang='grc' dir='ltr'>διδάξαι</span> <span class='ocrx_word' id='word_1_642' title='bbox 3716 3844 3834 3899; x_wconf 67' lang='grc' dir='ltr'><strong>ἃσὸκ</strong></span> 
     </span>
    </p>
   </div>
   <div class='ocr_carea' id='block_1_83' title="bbox 2315 3954 2580 4022">
    <p class='ocr_par' dir='ltr' id='par_1_83' title="bbox 2315 3954 2580 4022">
     <span class='ocr_line' id='line_1_83' title="bbox 2315 3954 2580 4022; baseline -0.019 -15"><span class='ocrx_word' id='word_1_643' title='bbox 2315 3954 2580 4022; x_wconf 82' lang='grc' dir='ltr'>ἀκήκοας.</span> 
     </span>
    </p>
   </div>
   <div class='ocr_carea' id='block_1_84' title="bbox 2390 4029 3832 4111">
    <p class='ocr_par' dir='ltr' id='par_1_84' title="bbox 2390 4029 3832 4111">
     <span class='ocr_line' id='line_1_84' title="bbox 2390 4029 3832 4111; baseline -0.01 -14"><span class='ocrx_word' id='word_1_644' title='bbox 2390 4041 2523 4098; x_wconf 65' lang='lat' dir='ltr'><strong>Eine</strong></span> <span class='ocrx_word' id='word_1_645' title='bbox 2569 4042 2625 4096; x_wconf 82' lang='grc' dir='ltr'>δὲ</span> <span class='ocrx_word' id='word_1_646' title='bbox 2660 4039 2797 4111; x_wconf 80' lang='grc' dir='ltr'>πρὸς</span> <span class='ocrx_word' id='word_1_647' title='bbox 2846 4038 3009 4093; x_wconf 80' lang='grc' dir='ltr'>αὑτὸν</span> <span class='ocrx_word' id='word_1_648' title='bbox 3049 4038 3079 4091; x_wconf 88' lang='lat'><strong>6</strong></span> <span class='ocrx_word' id='word_1_649' title='bbox 3123 4037 3363 4105; x_wconf 81' lang='grc' dir='ltr'>’Ῑωάσαφ</span> <span class='ocrx_word' id='word_1_650' title='bbox 3397 4035 3528 4108; x_wconf 75' lang='grc'><strong>(86)·</strong></span> <span class='ocrx_word' id='word_1_651' title='bbox 3572 4031 3700 4101; x_wconf 82' lang='grc' dir='ltr'>Ἐγὼ</span> <span class='ocrx_word' id='word_1_652' title='bbox 3740 4029 3832 4099; x_wconf 77' lang='grc' dir='ltr'>μὲν,</span> 
     </span>
    </p>
   </div>
   <div class='ocr_carea' id='block_1_85' title="bbox 2316 4123 3834 4211">
    <p class='ocr_par' dir='ltr' id='par_1_85' title="bbox 2316 4123 3834 4211">
     <span class='ocr_line' id='line_1_85' title="bbox 2316 4123 3834 4211; baseline -0.013 -18"><span class='ocrx_word' id='word_1_653' title='bbox 2316 4136 2599 4211; x_wconf 77' lang='grc' dir='ltr'>πρεσϐύτα</span> <span class='ocrx_word' id='word_1_654' title='bbox 2641 4134 2815 4204; x_wconf 85' lang='grc' dir='ltr'>τίμιε,</span> <span class='ocrx_word' id='word_1_655' title='bbox 2865 4131 3016 4201; x_wconf 87' lang='grc' dir='ltr'>πόθῳ</span> <span class='ocrx_word' id='word_1_656' title='bbox 3053 4130 3162 4185; x_wconf 71' lang='grc' dir='ltr'>τινὶ</span> <span class='ocrx_word' id='word_1_657' title='bbox 3209 4130 3305 4183; x_wconf 76' lang='grc' dir='ltr'>καὶ</span> <span class='ocrx_word' id='word_1_658' title='bbox 3336 4130 3501 4199; x_wconf 79' lang='grc' dir='ltr'>ἔρωτι</span> <span class='ocrx_word' id='word_1_659' title='bbox 3533 4123 3834 4191; x_wconf 79' lang='grc' dir='ltr'>ὰκατασχὲτῳ</span> 
     </span>
    </p>
   </div>
   <div class='ocr_carea' id='block_1_86' title="bbox 2316 4214 3832 4302">
    <p class='ocr_par' dir='ltr' id='par_1_86' title="bbox 2316 4214 3832 4302">
     <span class='ocr_line' id='line_1_86' title="bbox 2316 4214 3832 4302; baseline -0.012 -18"><span class='ocrx_word' id='word_1_660' title='bbox 2316 4230 2463 4302; x_wconf 77' lang='grc' dir='ltr'>ζητῶ</span> <span class='ocrx_word' id='word_1_661' title='bbox 2485 4228 2641 4296; x_wconf 91' lang='grc' dir='ltr'>λόγον</span> <span class='ocrx_word' id='word_1_662' title='bbox 2671 4224 2905 4280; x_wconf 81' lang='grc' dir='ltr'>ἀκοῦσαι</span> <span class='ocrx_word' id='word_1_663' title='bbox 2935 4223 3119 4277; x_wconf 87' lang='grc' dir='ltr'>καινόν</span> <span class='ocrx_word' id='word_1_664' title='bbox 3150 4240 3271 4276; x_wconf 88' lang='grc' dir='ltr'>τινα</span> <span class='ocrx_word' id='word_1_665' title='bbox 3303 4224 3397 4276; x_wconf 77' lang='grc' dir='ltr'>καὶ</span> <span class='ocrx_word' id='word_1_666' title='bbox 3420 4220 3637 4291; x_wconf 73' lang='grc' dir='ltr'>ἀγαθὸν,</span> <span class='ocrx_word' id='word_1_667' title='bbox 3653 4218 3733 4271; x_wconf 84' lang='grc' dir='ltr'>καὶ</span> <span class='ocrx_word' id='word_1_668' title='bbox 3749 4214 3832 4283; x_wconf 80' lang='grc' dir='ltr'>πῦρ</span> 
     </span>
    </p>
   </div>
   <div class='ocr_carea' id='block_1_87' title="bbox 2315 4312 3831 4393">
    <p class='ocr_par' dir='ltr' id='par_1_87' title="bbox 2315 4312 3831 4393">
     <span class='ocr_line' id='line_1_87' title="bbox 2315 4312 3831 4393; baseline -0.014 -12"><span class='ocrx_word' id='word_1_669' title='bbox 2315 4328 2525 4381; x_wconf 78' lang='grc' dir='ltr'>ἔνδοθεν</span> <span class='ocrx_word' id='word_1_670' title='bbox 2551 4326 2608 4376; x_wconf 92' lang='grc' dir='ltr'><strong>ἐν</strong></span> <span class='ocrx_word' id='word_1_671' title='bbox 2637 4326 2702 4393; x_wconf 78' lang='grc' dir='ltr'>τῇ</span> <span class='ocrx_word' id='word_1_672' title='bbox 2729 4321 2929 4392; x_wconf 79' lang='grc' dir='ltr'>καρδίᾳ</span> <span class='ocrx_word' id='word_1_673' title='bbox 2967 4338 3068 4391; x_wconf 80' lang='grc' dir='ltr'><strong>μου</strong></span> <span class='ocrx_word' id='word_1_674' title='bbox 3099 4319 3435 4373; x_wconf 79' lang='grc' dir='ltr'>ἐκκέκαυται</span> <span class='ocrx_word' id='word_1_675' title='bbox 3474 4316 3651 4377; x_wconf 84' lang='grc' dir='ltr'>δεινῶς</span> <span class='ocrx_word' id='word_1_676' title='bbox 3678 4312 3831 4381; x_wconf 77' lang='grc' dir='ltr'>φλέγον</span> 
     </span>
    </p>
   </div>
   <div class='ocr_carea' id='block_1_88' title="bbox 2317 4401 3829 4487">
    <p class='ocr_par' dir='ltr' id='par_1_88' title="bbox 2317 4401 3829 4487">
     <span class='ocr_line' id='line_1_88' title="bbox 2317 4401 3829 4487; baseline -0.008 -17"><span class='ocrx_word' id='word_1_677' title='bbox 2317 4435 2387 4487; x_wconf 84' lang='grc' dir='ltr'><strong>με</strong></span> <span class='ocrx_word' id='word_1_678' title='bbox 2421 4415 2516 4469; x_wconf 75' lang='grc' dir='ltr'>καὶ</span> <span class='ocrx_word' id='word_1_679' title='bbox 2557 4411 2861 4483; x_wconf 84' lang='grc' dir='ltr'>παρορμῶν</span> <span class='ocrx_word' id='word_1_680' title='bbox 2902 4410 3094 4481; x_wconf 86' lang='grc' dir='ltr'>μαθεῖν</span> <span class='ocrx_word' id='word_1_681' title='bbox 3123 4410 3431 4478; x_wconf 82' lang='grc' dir='ltr'>ἀναγκαίας</span> <span class='ocrx_word' id='word_1_682' title='bbox 3466 4407 3612 4470; x_wconf 80' lang='grc' dir='ltr'>τινὰς</span> <span class='ocrx_word' id='word_1_683' title='bbox 3640 4401 3829 4472; x_wconf 71' lang='grc' dir='ltr'>συζητῆ-</span> 
     </span>
    </p>
   </div>
   <div class='ocr_carea' id='block_1_89' title="bbox 2316 4494 3828 4573">
    <p class='ocr_par' dir='ltr' id='par_1_89' title="bbox 2316 4494 3828 4573">
     <span class='ocr_line' id='line_1_89' title="bbox 2316 4494 3828 4573; baseline -0.011 -13"><span class='ocrx_word' id='word_1_684' title='bbox 2316 4523 2461 4569; x_wconf 81' lang='grc' dir='ltr'>σειςο</span> <span class='ocrx_word' id='word_1_685' title='bbox 2494 4506 2596 4558; x_wconf 81' lang='grc' dir='ltr'>οὐκ</span> <span class='ocrx_word' id='word_1_686' title='bbox 2627 4503 2818 4573; x_wconf 82' lang='grc' dir='ltr'>έτυχον</span> <span class='ocrx_word' id='word_1_687' title='bbox 2856 4502 2913 4555; x_wconf 84' lang='grc' dir='ltr'>δὲ</span> <span class='ocrx_word' id='word_1_688' title='bbox 2942 4500 3106 4571; x_wconf 88' lang='grc' dir='ltr'>μέχρι</span> <span class='ocrx_word' id='word_1_689' title='bbox 3136 4499 3230 4554; x_wconf 84' lang='grc' dir='ltr'>τοῦ</span> <span class='ocrx_word' id='word_1_690' title='bbox 3269 4499 3363 4553; x_wconf 77' lang='grc' dir='ltr'>νῦν</span> <span class='ocrx_word' id='word_1_691' title='bbox 3388 4499 3667 4571; x_wconf 84' lang='grc' dir='ltr'>ἀνθρώπου</span> <span class='ocrx_word' id='word_1_692' title='bbox 3705 4494 3828 4547; x_wconf 76' lang='grc' dir='ltr'>δυνα-</span> 
     </span>
    </p>
   </div>
   <div class='ocr_carea' id='block_1_90' title="bbox 647 4577 2222 4673">
    <p class='ocr_par' dir='ltr' id='par_1_90' title="bbox 647 4577 2221 4645">
     <span class='ocr_line' id='line_1_90' title="bbox 647 4577 2221 4645; baseline 0.011 -18"><span class='ocrx_word' id='word_1_693' title='bbox 647 4584 857 4629; x_wconf 84' lang='lat' dir='ltr'><strong>meuter</strong></span> <span class='ocrx_word' id='word_1_694' title='bbox 903 4577 1216 4635; x_wconf 85' lang='lat' dir='ltr'><strong>inflammat.</strong></span> <span class='ocrx_word' id='word_1_695' title='bbox 1250 4579 1515 4638; x_wconf 55' lang='lat' dir='ltr'><strong>Caeterum</strong></span> <span class='ocrx_word' id='word_1_696' title='bbox 1558 4587 1733 4641; x_wconf 90' lang='lat' dir='ltr'><strong>adhuc</strong></span> <span class='ocrx_word' id='word_1_697' title='bbox 1772 4588 2043 4644; x_wconf 86' lang='lat' dir='ltr'><strong>hominem</strong></span> <span class='ocrx_word' id='word_1_698' title='bbox 2093 4608 2221 4645; x_wconf 85' lang='lat' dir='ltr'><strong>nan-</strong></span> 
     </span>
    </p>
   </div>
   <div class='ocr_carea' id='block_1_91' title="bbox 2304 4577 3829 4673">
    <p class='ocr_par' dir='ltr' id='par_1_91' title="bbox 2316 4586 3829 4673">
     <span class='ocr_line' id='line_1_91' title="bbox 2316 4586 3829 4673; baseline -0.013 -19"><span class='ocrx_word' id='word_1_699' title='bbox 2316 4601 2477 4673; x_wconf 85' lang='grc' dir='ltr'>μένου</span> <span class='ocrx_word' id='word_1_700' title='bbox 2525 4594 2942 4669; x_wconf 84' lang='grc' dir='ltr'>πληροφορῆσαί</span> <span class='ocrx_word' id='word_1_701' title='bbox 3005 4611 3072 4665; x_wconf 88' lang='grc' dir='ltr'><strong>με</strong></span> <span class='ocrx_word' id='word_1_702' title='bbox 3110 4594 3241 4664; x_wconf 76' lang='grc' dir='ltr'>περὶ</span> <span class='ocrx_word' id='word_1_703' title='bbox 3277 4594 3503 4647; x_wconf 82' lang='grc' dir='ltr'>τούτων.</span> <span class='ocrx_word' id='word_1_704' title='bbox 3546 4592 3603 4645; x_wconf 85' lang='grc' dir='ltr'>Εἰ</span> <span class='ocrx_word' id='word_1_705' title='bbox 3646 4590 3695 4643; x_wconf 88' lang='grc' dir='ltr'>δὲ</span> <span class='ocrx_word' id='word_1_706' title='bbox 3717 4586 3829 4653; x_wconf 70' lang='grc' dir='ltr'>τύχω</span> 
     </span>
    </p>
   </div>
   <div class='ocr_carea' id='block_1_92' title="bbox 647 4664 2224 4739">
    <p class='ocr_par' dir='ltr' id='par_1_92' title="bbox 647 4664 2224 4739">
     <span class='ocr_line' id='line_1_92' title="bbox 647 4664 2224 4739; baseline 0.012 -21"><span class='ocrx_word' id='word_1_707' title='bbox 647 4664 777 4720; x_wconf 84' lang='lat' dir='ltr'><strong>oisci</strong></span> <span class='ocrx_word' id='word_1_708' title='bbox 823 4668 953 4723; x_wconf 91' lang='lat' dir='ltr'><strong>mihi</strong></span> <span class='ocrx_word' id='word_1_709' title='bbox 999 4685 1104 4725; x_wconf 91' lang='lat' dir='ltr'><strong>non</strong></span> <span class='ocrx_word' id='word_1_710' title='bbox 1151 4672 1323 4739; x_wconf 88' lang='lat' dir='ltr'><strong>licuit,</strong></span> <span class='ocrx_word' id='word_1_711' title='bbox 1358 4677 1447 4739; x_wconf 89' lang='lat' dir='ltr'><strong>qui</strong></span> <span class='ocrx_word' id='word_1_712' title='bbox 1496 4678 1563 4731; x_wconf 91' lang='lat' dir='ltr'><strong>de</strong></span> <span class='ocrx_word' id='word_1_713' title='bbox 1609 4678 1707 4733; x_wconf 90' lang='lat' dir='ltr'><strong>hac</strong></span> <span class='ocrx_word' id='word_1_714' title='bbox 1748 4694 1807 4734; x_wconf 91' lang='lat' dir='ltr'><strong>re</strong></span> <span class='ocrx_word' id='word_1_715' title='bbox 1849 4691 2049 4736; x_wconf 85' lang='lat' dir='ltr'><strong>certam</strong></span> <span class='ocrx_word' id='word_1_716' title='bbox 2092 4683 2224 4739; x_wconf 87' lang='lat' dir='ltr'><strong>mihi</strong></span> 
     </span>
    </p>
   </div>
   <div class='ocr_carea' id='block_1_93' title="bbox 648 4758 2220 4847">
    <p class='ocr_par' dir='ltr' id='par_1_93' title="bbox 648 4758 2220 4847">
     <span class='ocr_line' id='line_1_93' title="bbox 648 4758 2220 4847; baseline 0.013 -36"><span class='ocrx_word' id='word_1_717' title='bbox 648 4758 807 4813; x_wconf 73' lang='lat' dir='ltr'><strong>[idem</strong></span> <span class='ocrx_word' id='word_1_718' title='bbox 851 4760 1027 4816; x_wconf 88' lang='lat' dir='ltr'><strong>facere</strong></span> <span class='ocrx_word' id='word_1_719' title='bbox 1073 4773 1272 4832; x_wconf 90' lang='lat' dir='ltr'><strong>posset.</strong></span> <span class='ocrx_word' id='word_1_720' title='bbox 1305 4768 1455 4833; x_wconf 83' lang='lat' dir='ltr'><strong>Quod</strong></span> <span class='ocrx_word' id='word_1_721' title='bbox 1486 4768 1532 4822; x_wconf 91' lang='lat' dir='ltr'><strong>si</strong></span> <span class='ocrx_word' id='word_1_722' title='bbox 1577 4772 1869 4839; x_wconf 88' lang='lat' dir='ltr'><strong>sapientem</strong></span> <span class='ocrx_word' id='word_1_723' title='bbox 1897 4778 2220 4847; x_wconf 86' lang='lat' dir='ltr'><strong>quemdam,</strong></span> 
     </span>
    </p>
   </div>
   <div class='ocr_carea' id='block_1_94' title="bbox 647 4852 2224 4931">
    <p class='ocr_par' dir='ltr' id='par_1_94' title="bbox 647 4852 2224 4931">
     <span class='ocr_line' id='line_1_94' title="bbox 647 4852 2224 4931; baseline 0.011 -26"><span class='ocrx_word' id='word_1_724' title='bbox 647 4859 703 4905; x_wconf 86' lang='lat' dir='ltr'><strong>et</strong></span> <span class='ocrx_word' id='word_1_725' title='bbox 731 4852 978 4907; x_wconf 89' lang='lat' dir='ltr'><strong>doctrina</strong></span> <span class='ocrx_word' id='word_1_726' title='bbox 1020 4856 1304 4922; x_wconf 64' lang='lat' dir='ltr'><strong>praeditum</strong></span> <span class='ocrx_word' id='word_1_727' title='bbox 1345 4858 1514 4913; x_wconf 81' lang='lat' dir='ltr'><strong>virinu</strong></span> <span class='ocrx_word' id='word_1_728' title='bbox 1561 4874 1746 4916; x_wconf 87' lang='lat' dir='ltr'><strong>nactus</strong></span> <span class='ocrx_word' id='word_1_729' title='bbox 1790 4860 1960 4931; x_wconf 87' lang='lat' dir='ltr'><strong>fuero,</strong></span> <span class='ocrx_word' id='word_1_730' title='bbox 1990 4880 2053 4920; x_wconf 89' lang='lat' dir='ltr'><strong>ac</strong></span> <span class='ocrx_word' id='word_1_731' title='bbox 2081 4870 2224 4922; x_wconf 87' lang='lat' dir='ltr'><strong>salu-</strong></span> 
     </span>
    </p>
   </div>
   <div class='ocr_carea' id='block_1_95' title="bbox 647 4949 2224 5026">
    <p class='ocr_par' dir='ltr' id='par_1_95' title="bbox 647 4949 2224 5026">
     <span class='ocr_line' id='line_1_95' title="bbox 647 4949 2224 5026; baseline 0.011 -29"><span class='ocrx_word' id='word_1_732' title='bbox 647 4952 812 4998; x_wconf 86' lang='lat' dir='ltr'><strong>tarem</strong></span> <span class='ocrx_word' id='word_1_733' title='bbox 843 4959 1144 5001; x_wconf 86' lang='lat' dir='ltr'><strong>sermonem</strong></span> <span class='ocrx_word' id='word_1_734' title='bbox 1171 4949 1409 5013; x_wconf 86' lang='lat' dir='ltr'><strong>audiero,</strong></span> <span class='ocrx_word' id='word_1_735' title='bbox 1441 4966 1538 5006; x_wconf 90' lang='lat' dir='ltr'><strong>nec</strong></span> <span class='ocrx_word' id='word_1_736' title='bbox 1561 4954 1769 5021; x_wconf 85' lang='lat' dir='ltr'><strong>avibus,</strong></span> <span class='ocrx_word' id='word_1_737' title='bbox 1798 4965 1854 5009; x_wconf 92' lang='lat' dir='ltr'><strong>ut</strong></span> <span class='ocrx_word' id='word_1_738' title='bbox 1882 4958 2093 5026; x_wconf 88' lang='lat' dir='ltr'><strong>opinor,</strong></span> <span class='ocrx_word' id='word_1_739' title='bbox 2123 4974 2224 5015; x_wconf 91' lang='lat' dir='ltr'><strong>nec</strong></span> 
     </span>
    </p>
   </div>
   <div class='ocr_carea' id='block_1_96' title="bbox 646 5038 2220 5120">
    <p class='ocr_par' dir='ltr' id='par_1_96' title="bbox 646 5038 2220 5120">
     <span class='ocr_line' id='line_1_96' title="bbox 646 5038 2220 5120; baseline 0.012 -31"><span class='ocrx_word' id='word_1_740' title='bbox 646 5038 773 5090; x_wconf 85' lang='lat' dir='ltr'><strong>feris</strong></span> <span class='ocrx_word' id='word_1_741' title='bbox 802 5053 921 5091; x_wconf 91' lang='lat' dir='ltr'><strong>eum</strong></span> <span class='ocrx_word' id='word_1_742' title='bbox 956 5040 1200 5107; x_wconf 87' lang='lat' dir='ltr'><strong>tradam;</strong></span> <span class='ocrx_word' id='word_1_743' title='bbox 1236 5057 1335 5097; x_wconf 92' lang='lat' dir='ltr'><strong>nec</strong></span> <span class='ocrx_word' id='word_1_744' title='bbox 1382 5060 1592 5099; x_wconf 90' lang='lat' dir='ltr'><strong>rursum</strong></span> <span class='ocrx_word' id='word_1_745' title='bbox 1624 5056 1869 5115; x_wconf 90' lang='lat' dir='ltr'><strong>petrosus</strong></span> <span class='ocrx_word' id='word_1_746' title='bbox 1893 5059 1948 5105; x_wconf 88' lang='lat' dir='ltr'><strong>et</strong></span> <span class='ocrx_word' id='word_1_747' title='bbox 1976 5056 2220 5120; x_wconf 88' lang='lat' dir='ltr'><strong>spineus,</strong></span> 
     </span>
    </p>
   </div>
   <div class='ocr_carea' id='block_1_97' title="bbox 645 5129 2219 5203">
    <p class='ocr_par' dir='ltr' id='par_1_97' title="bbox 645 5129 2219 5203">
     <span class='ocr_line' id='line_1_97' title="bbox 645 5129 2219 5203; baseline 0.013 -24"><span class='ocrx_word' id='word_1_748' title='bbox 645 5138 703 5181; x_wconf 91' lang='lat' dir='ltr'><strong>ut</strong></span> <span class='ocrx_word' id='word_1_749' title='bbox 750 5129 850 5181; x_wconf 92' lang='lat' dir='ltr'><strong>tuis</strong></span> <span class='ocrx_word' id='word_1_750' title='bbox 890 5132 1069 5185; x_wconf 85' lang='lat' dir='ltr'><strong>verbis</strong></span> <span class='ocrx_word' id='word_1_751' title='bbox 1111 5141 1248 5195; x_wconf 87' lang='lat' dir='ltr'><strong>utar,</strong></span> <span class='ocrx_word' id='word_1_752' title='bbox 1279 5148 1395 5189; x_wconf 91' lang='lat' dir='ltr'><strong>ero.</strong></span> <span class='ocrx_word' id='word_1_753' title='bbox 1439 5136 1578 5202; x_wconf 83' lang='lat' dir='ltr'><strong>Quin</strong></span> <span class='ocrx_word' id='word_1_754' title='bbox 1613 5139 1784 5203; x_wconf 87' lang='lat' dir='ltr'><strong>potius</strong></span> <span class='ocrx_word' id='word_1_755' title='bbox 1814 5151 1870 5196; x_wconf 90' lang='lat' dir='ltr'><strong>et</strong></span> <span class='ocrx_word' id='word_1_756' title='bbox 1898 5144 2126 5198; x_wconf 89' lang='lat' dir='ltr'><strong>candido</strong></span> <span class='ocrx_word' id='word_1_757' title='bbox 2154 5160 2219 5201; x_wconf 90' lang='lat' dir='ltr'><strong>ac</strong></span> 
     </span>
    </p>
   </div>
   <div class='ocr_carea' id='block_1_98' title="bbox 644 5227 2229 5309">
    <p class='ocr_par' dir='ltr' id='par_1_98' title="bbox 644 5227 2229 5309">
     <span class='ocr_line' id='line_1_98' title="bbox 644 5227 2229 5309; baseline 0.013 -34"><span class='ocrx_word' id='word_1_758' title='bbox 644 5228 856 5278; x_wconf 80' lang='lat' dir='ltr'><strong>sincero</strong></span> <span class='ocrx_word' id='word_1_759' title='bbox 880 5227 1060 5279; x_wconf 88' lang='lat' dir='ltr'><strong>animo</strong></span> <span class='ocrx_word' id='word_1_760' title='bbox 1085 5242 1209 5282; x_wconf 89' lang='lat' dir='ltr'><strong>eum</strong></span> <span class='ocrx_word' id='word_1_761' title='bbox 1238 5230 1496 5299; x_wconf 78' lang='lat' dir='ltr'><strong>excipiant</strong></span> <span class='ocrx_word' id='word_1_762' title='bbox 1513 5271 1529 5298; x_wconf 90' lang='lat'><strong>,</strong></span> <span class='ocrx_word' id='word_1_763' title='bbox 1557 5242 1610 5286; x_wconf 92' lang='lat' dir='ltr'><strong>et</strong></span> <span class='ocrx_word' id='word_1_764' title='bbox 1634 5233 1840 5290; x_wconf 90' lang='lat' dir='ltr'><strong>erudite</strong></span> <span class='ocrx_word' id='word_1_765' title='bbox 1860 5250 1925 5291; x_wconf 91' lang='lat' dir='ltr'><strong>ac</strong></span> <span class='ocrx_word' id='word_1_766' title='bbox 1947 5236 2229 5309; x_wconf 77' lang='lat' dir='ltr'><strong>diligenter</strong></span> 
     </span>
    </p>
   </div>
   <div class='ocr_carea' id='block_1_99' title="bbox 2310 4678 3830 4761">
    <p class='ocr_par' dir='ltr' id='par_1_99' title="bbox 2310 4678 3830 4761">
     <span class='ocr_line' id='line_1_99' title="bbox 2310 4678 3830 4761; baseline -0.013 -15"><span class='ocrx_word' id='word_1_767' title='bbox 2310 4690 2476 4761; x_wconf 74' lang='grc' dir='ltr'>σοφοῦ</span> <span class='ocrx_word' id='word_1_768' title='bbox 2521 4706 2667 4751; x_wconf 87' lang='grc' dir='ltr'>τινος</span> <span class='ocrx_word' id='word_1_769' title='bbox 2722 4689 2817 4741; x_wconf 71' lang='grc' dir='ltr'>καὶ</span> <span class='ocrx_word' id='word_1_770' title='bbox 2866 4685 3255 4756; x_wconf 78' lang='grc' dir='ltr'>ἐπιστήμονος,</span> <span class='ocrx_word' id='word_1_771' title='bbox 3309 4685 3408 4739; x_wconf 76' lang='grc' dir='ltr'>καὶ</span> <span class='ocrx_word' id='word_1_772' title='bbox 3465 4682 3670 4739; x_wconf 81' lang='grc' dir='ltr'>ἀκούσω</span> <span class='ocrx_word' id='word_1_773' title='bbox 3708 4678 3830 4744; x_wconf 87' lang='grc' dir='ltr'>λόγον</span> 
     </span>
    </p>
   </div>
   <div class='ocr_carea' id='block_1_100' title="bbox 2316 4769 3825 4851">
    <p class='ocr_par' dir='ltr' id='par_1_100' title="bbox 2316 4769 3825 4851">
     <span class='ocr_line' id='line_1_100' title="bbox 2316 4769 3825 4851; baseline -0.011 -16"><span class='ocrx_word' id='word_1_774' title='bbox 2316 4782 2611 4851; x_wconf 85' lang='grc' dir='ltr'>σωτηρίας,</span> <span class='ocrx_word' id='word_1_775' title='bbox 2644 4778 2766 4832; x_wconf 70' lang='grc' dir='ltr'>οὔτε</span> <span class='ocrx_word' id='word_1_776' title='bbox 2794 4779 3080 4842; x_wconf 85' lang='grc' dir='ltr'>πετεινοῖς,</span> <span class='ocrx_word' id='word_1_777' title='bbox 3110 4776 3185 4840; x_wconf 86' lang='grc' dir='ltr'>ὼς</span> <span class='ocrx_word' id='word_1_778' title='bbox 3208 4772 3385 4847; x_wconf 75' lang='grc' dir='ltr'>οἶμαι,</span> <span class='ocrx_word' id='word_1_779' title='bbox 3420 4776 3603 4831; x_wconf 78' lang='grc' dir='ltr'>τοῦτον</span> <span class='ocrx_word' id='word_1_780' title='bbox 3630 4769 3825 4829; x_wconf 74' lang='grc' dir='ltr'>ἐκδώσω,</span> 
     </span>
    </p>
   </div>
   <div class='ocr_carea' id='block_1_101' title="bbox 2308 4857 3829 4941">
    <p class='ocr_par' dir='ltr' id='par_1_101' title="bbox 2308 4857 3829 4941">
     <span class='ocr_line' id='line_1_101' title="bbox 2308 4857 3829 4941; baseline -0.005 -14"><span class='ocrx_word' id='word_1_781' title='bbox 2308 4872 2433 4927; x_wconf 73' lang='grc' dir='ltr'>οὔτε</span> <span class='ocrx_word' id='word_1_782' title='bbox 2493 4871 2725 4941; x_wconf 89' lang='grc' dir='ltr'>θηρίοις,</span> <span class='ocrx_word' id='word_1_783' title='bbox 2780 4867 2904 4921; x_wconf 70' lang='grc' dir='ltr'>οὔτε</span> <span class='ocrx_word' id='word_1_784' title='bbox 2966 4866 3073 4938; x_wconf 81' lang='grc' dir='ltr'>μὴν</span> <span class='ocrx_word' id='word_1_785' title='bbox 3122 4868 3406 4940; x_wconf 84' lang='grc' dir='ltr'>πετρώδης</span> <span class='ocrx_word' id='word_1_786' title='bbox 3446 4857 3829 4936; x_wconf 79' lang='grc' dir='ltr'>φανήσομαι.ὼς</span> 
     </span>
    </p>
   </div>
   <div class='ocr_carea' id='block_1_102' title="bbox 2308 4950 3825 5036">
    <p class='ocr_par' dir='ltr' id='par_1_102' title="bbox 2308 4950 3825 5036">
     <span class='ocr_line' id='line_1_102' title="bbox 2308 4950 3825 5036; baseline -0.012 -17"><span class='ocrx_word' id='word_1_787' title='bbox 2308 4965 2478 5036; x_wconf 75' lang='grc' dir='ltr'>ἔφης,</span> <span class='ocrx_word' id='word_1_788' title='bbox 2500 4963 2627 5017; x_wconf 74' lang='grc' dir='ltr'>οὔτε</span> <span class='ocrx_word' id='word_1_789' title='bbox 2656 4959 2997 5030; x_wconf 80' lang='grc' dir='ltr'>ἀκανθώδης,</span> <span class='ocrx_word' id='word_1_790' title='bbox 3029 4958 3165 5012; x_wconf 76' lang='grc' dir='ltr'>ἀλλὰ</span> <span class='ocrx_word' id='word_1_791' title='bbox 3209 4960 3305 5012; x_wconf 78' lang='grc' dir='ltr'>καὶ</span> <span class='ocrx_word' id='word_1_792' title='bbox 3341 4958 3685 5029; x_wconf 79' lang='grc' dir='ltr'>εὐγνωμόνως</span> <span class='ocrx_word' id='word_1_793' title='bbox 3704 4950 3825 5013; x_wconf 81' lang='grc' dir='ltr'><strong>δέξο⁴</strong></span> 
     </span>
    </p>
   </div>
   <div class='ocr_carea' id='block_1_103' title="bbox 2315 5044 3825 5128">
    <p class='ocr_par' dir='ltr' id='par_1_103' title="bbox 2315 5044 3825 5128">
     <span class='ocr_line' id='line_1_103' title="bbox 2315 5044 3825 5128; baseline -0.013 -18"><span class='ocrx_word' id='word_1_794' title='bbox 2315 5073 2413 5128; x_wconf 89' lang='grc' dir='ltr'><strong>μαι</strong></span> <span class='ocrx_word' id='word_1_795' title='bbox 2458 5054 2553 5108; x_wconf 70' lang='grc' dir='ltr'>καὶ</span> <span class='ocrx_word' id='word_1_796' title='bbox 2596 5050 2896 5123; x_wconf 82' lang='grc' dir='ltr'>είδημόνως</span> <span class='ocrx_word' id='word_1_797' title='bbox 2944 5049 3187 5120; x_wconf 85' lang='grc' dir='ltr'>τηρήσω.</span> <span class='ocrx_word' id='word_1_798' title='bbox 3223 5051 3293 5104; x_wconf 84' lang='grc' dir='ltr'>Σὺ</span> <span class='ocrx_word' id='word_1_799' title='bbox 3340 5051 3419 5115; x_wconf 83' lang='grc' dir='ltr'>δὲ,</span> <span class='ocrx_word' id='word_1_800' title='bbox 3458 5050 3509 5103; x_wconf 81' lang='grc' dir='ltr'><strong>εί</strong></span> <span class='ocrx_word' id='word_1_801' title='bbox 3549 5067 3597 5101; x_wconf 91' lang='grc' dir='ltr'><strong>τι</strong></span> <span class='ocrx_word' id='word_1_802' title='bbox 3629 5044 3825 5099; x_wconf 82' lang='grc' dir='ltr'>τοιοῦτον</span> 
     </span>
    </p>
   </div>
   <div class='ocr_carea' id='block_1_104' title="bbox 2310 5132 3824 5213">
    <p class='ocr_par' dir='ltr' id='par_1_104' title="bbox 2310 5132 3824 5213">
     <span class='ocr_line' id='line_1_104' title="bbox 2310 5132 3824 5213; baseline -0.013 -12"><span class='ocrx_word' id='word_1_803' title='bbox 2310 5148 2626 5207; x_wconf 86' lang='grc' dir='ltr'>ἐπίστασαι,</span> <span class='ocrx_word' id='word_1_804' title='bbox 2666 5143 2741 5213; x_wconf 79' lang='grc' dir='ltr'>μὴ</span> <span class='ocrx_word' id='word_1_805' title='bbox 2769 5140 3075 5213; x_wconf 78' lang='grc' dir='ltr'>διακρύψῃς</span> <span class='ocrx_word' id='word_1_806' title='bbox 3107 5142 3200 5195; x_wconf 80' lang='grc' dir='ltr'><strong>ἀπ’</strong></span> <span class='ocrx_word' id='word_1_807' title='bbox 3232 5140 3389 5210; x_wconf 80' lang='grc' dir='ltr'>ἐμοῦ,</span> <span class='ocrx_word' id='word_1_808' title='bbox 3408 5140 3523 5196; x_wconf 78' lang='grc' dir='ltr'>ἀλλ’</span> <span class='ocrx_word' id='word_1_809' title='bbox 3554 5132 3824 5205; x_wconf 75' lang='grc' dir='ltr'>ἀνάγγειλόν</span> 
     </span>
    </p>
   </div>
   <div class='ocr_carea' id='block_1_105' title="bbox 2315 5225 3819 5312">
    <p class='ocr_par' dir='ltr' id='par_1_105' title="bbox 2315 5225 3819 5312">
     <span class='ocr_line' id='line_1_105' title="bbox 2315 5225 3819 5312; baseline -0.006 -18"><span class='ocrx_word' id='word_1_810' title='bbox 2315 5257 2427 5312; x_wconf 89' lang='grc' dir='ltr'>μοι.</span> <span class='ocrx_word' id='word_1_811' title='bbox 2470 5239 2565 5301; x_wconf 85' lang='grc' dir='ltr'>Ὠς</span> <span class='ocrx_word' id='word_1_812' title='bbox 2589 5235 2698 5306; x_wconf 82' lang='grc' dir='ltr'>γὰρ</span> <span class='ocrx_word' id='word_1_813' title='bbox 2726 5235 2939 5305; x_wconf 73' lang='grc' dir='ltr'>ηκουσα</span> <span class='ocrx_word' id='word_1_814' title='bbox 2965 5234 3032 5287; x_wconf 90' lang='grc' dir='ltr'><strong>ἐκ</strong></span> <span class='ocrx_word' id='word_1_815' title='bbox 3065 5234 3283 5304; x_wconf 84' lang='grc' dir='ltr'>μακρᾶς</span> <span class='ocrx_word' id='word_1_816' title='bbox 3322 5232 3608 5302; x_wconf 67' lang='grc' dir='ltr'>ἀφικέσθαι</span> <span class='ocrx_word' id='word_1_817' title='bbox 3645 5245 3696 5281; x_wconf 87' lang='grc' dir='ltr'><strong>σε</strong></span> <span class='ocrx_word' id='word_1_818' title='bbox 3721 5225 3819 5295; x_wconf 71' lang='grc' dir='ltr'><strong>γῆς.</strong></span> 
     </span>
    </p>
   </div>
   <div class='ocr_carea' id='block_1_106' title="bbox 702 5424 3821 5497">
    <p class='ocr_par' dir='ltr' id='par_1_106' title="bbox 702 5424 3821 5497">
     <span class='ocr_line' id='line_1_106' title="bbox 702 5424 3821 5497; baseline 0.001 -21"><span class='ocrx_word' id='word_1_819' title='bbox 702 5424 814 5492; x_wconf 74' lang='grc'><strong>(82)</strong></span> <span class='ocrx_word' id='word_1_820' title='bbox 845 5426 1078 5497; x_wconf 78' lang='grc' dir='ltr'>Εἰρήνην</span> <span class='ocrx_word' id='word_1_821' title='bbox 1111 5426 1292 5481; x_wconf 81' lang='grc' dir='ltr'>δοῦναι</span> <span class='ocrx_word' id='word_1_822' title='bbox 1321 5428 1549 5484; x_wconf 77' lang='lat' dir='ltr'><strong>formula</strong></span> <span class='ocrx_word' id='word_1_823' title='bbox 1579 5436 1661 5484; x_wconf 89' lang='lat' dir='ltr'><strong>est</strong></span> <span class='ocrx_word' id='word_1_824' title='bbox 1684 5426 1955 5484; x_wconf 88' lang='lat' dir='ltr'><strong>salutandi</strong></span> <span class='ocrx_word' id='word_1_825' title='bbox 1984 5428 2288 5485; x_wconf 89' lang='lat' dir='ltr'><strong>orientalis.</strong></span> <span class='ocrx_word' id='word_1_826' title='bbox 2324 5428 2444 5484; x_wconf 85' lang='lat' dir='ltr'><strong>Vid.</strong></span> <span class='ocrx_word' id='word_1_827' title='bbox 2482 5424 2709 5496; x_wconf 77' lang='lat' dir='ltr'><strong>Raphel.</strong></span> <span class='ocrx_word' id='word_1_828' title='bbox 2738 5425 2804 5480; x_wconf 90' lang='lat' dir='ltr'><strong>ad</strong></span> <span class='ocrx_word' id='word_1_829' title='bbox 2837 5424 2992 5483; x_wconf 80' lang='lat' dir='ltr'><strong>Joan.</strong></span> <span class='ocrx_word' id='word_1_830' title='bbox 3040 5442 3155 5493; x_wconf 77' lang='lat' dir='ltr'><strong>xw,</strong></span> <span class='ocrx_word' id='word_1_831' title='bbox 3193 5427 3286 5494; x_wconf 73' lang='lat'><strong>27,</strong></span> <span class='ocrx_word' id='word_1_832' title='bbox 3326 5428 3417 5484; x_wconf 91' lang='lat' dir='ltr'><strong>ubi</strong></span> <span class='ocrx_word' id='word_1_833' title='bbox 3457 5426 3661 5491; x_wconf 85' lang='lat' dir='ltr'><strong>frustra,</strong></span> <span class='ocrx_word' id='word_1_834' title='bbox 3700 5432 3821 5492; x_wconf 77' lang='lat' dir='ltr'><strong>puto.</strong></span> 
     </span>
    </p>
   </div>
   <div class='ocr_carea' id='block_1_107' title="bbox 634 5490 1260 5551">
    <p class='ocr_par' dir='ltr' id='par_1_107' title="bbox 634 5490 1260 5551">
     <span class='ocr_line' id='line_1_107' title="bbox 634 5490 1260 5551; baseline 0.006 -4"><span class='ocrx_word' id='word_1_835' title='bbox 634 5490 674 5547; x_wconf 67' lang='grc' dir='ltr'><strong>(ἒ</strong></span> <span class='ocrx_word' id='word_1_836' title='bbox 688 5490 762 5545; x_wconf 77' lang='lat' dir='ltr'><strong>rut</strong></span> <span class='ocrx_word' id='word_1_837' title='bbox 778 5510 826 5544; x_wconf 78' lang='grc' dir='ltr'>ιθ</span> <span class='ocrx_word' id='word_1_838' title='bbox 852 5490 1207 5551; x_wconf 65' lang='grc' dir='ltr'>(ξιιίιῐι-ιῖᾱίοἱιυ</span> <span class='ocrx_word' id='word_1_839' title='bbox 1218 5514 1260 5551; x_wconf 87' lang='lat' dir='ltr'><strong>r.</strong></span> 
     </span>
    </p>
   </div>
   <div class='ocr_carea' id='block_1_108' title="bbox 701 5563 2401 5635">
    <p class='ocr_par' dir='ltr' id='par_1_108' title="bbox 701 5563 2401 5635">
     <span class='ocr_line' id='line_1_108' title="bbox 701 5563 2401 5635; baseline 0.005 -21"><span class='ocrx_word' id='word_1_840' title='bbox 701 5563 813 5635; x_wconf 70' lang='lat'><strong>(85)</strong></span> <span class='ocrx_word' id='word_1_841' title='bbox 845 5565 1099 5635; x_wconf 76' lang='lat' dir='ltr'><strong>_t_:hristus</strong></span> <span class='ocrx_word' id='word_1_842' title='bbox 1127 5569 1266 5635; x_wconf 86' lang='lat' dir='ltr'><strong>apud</strong></span> <span class='ocrx_word' id='word_1_843' title='bbox 1298 5566 1609 5622; x_wconf 73' lang='lat' dir='ltr'><strong>Matthzeum</strong></span> <span class='ocrx_word' id='word_1_844' title='bbox 1634 5582 1766 5629; x_wconf 77' lang='lat' dir='ltr'><strong>xm:</strong></span> <span class='ocrx_word' id='word_1_845' title='bbox 1798 5566 1933 5622; x_wconf 90' lang='lat' dir='ltr'><strong>Luc.</strong></span> <span class='ocrx_word' id='word_1_846' title='bbox 1969 5583 2062 5622; x_wconf 81' lang='lat' dir='ltr'><strong>vni</strong></span> <span class='ocrx_word' id='word_1_847' title='bbox 2090 5586 2104 5634; x_wconf 90' lang='lat'><strong>;</strong></span> <span class='ocrx_word' id='word_1_848' title='bbox 2134 5566 2299 5623; x_wconf 83' lang='lat' dir='ltr'><strong>Marc.</strong></span> <span class='ocrx_word' id='word_1_849' title='bbox 2330 5584 2401 5623; x_wconf 89' lang='lat' dir='ltr'><strong>tv.</strong></span> 
     </span>
    </p>
   </div>
   <div class='ocr_carea' id='block_1_109' title="bbox 701 5625 2222 5712">
    <p class='ocr_par' dir='ltr' id='par_1_109' title="bbox 701 5625 2219 5712">
     <span class='ocr_line' id='line_1_109' title="bbox 701 5625 2219 5712; baseline 0.003 -25"><span class='ocrx_word' id='word_1_850' title='bbox 701 5625 812 5712; x_wconf 47' lang='grc'><strong>(84)</strong></span> <span class='ocrx_word' id='word_1_851' title='bbox 842 5632 973 5712; x_wconf 51' lang='lat' dir='ltr'><strong>[Vota</strong></span> <span class='ocrx_word' id='word_1_852' title='bbox 998 5625 1202 5712; x_wconf 67' lang='grc' dir='ltr'><strong>(Ἃιιίεῇ</strong></span> <span class='ocrx_word' id='word_1_853' title='bbox 1224 5639 1384 5712; x_wconf 77' lang='lat' dir='ltr'><strong>verba</strong></span> <span class='ocrx_word' id='word_1_854' title='bbox 1412 5638 1551 5712; x_wconf 78' lang='lat' dir='ltr'><strong>apud</strong></span> <span class='ocrx_word' id='word_1_855' title='bbox 1586 5625 1894 5693; x_wconf 64' lang='lat' dir='ltr'><strong>Mattbaaum</strong></span> <span class='ocrx_word' id='word_1_856' title='bbox 1929 5654 2025 5705; x_wconf 86' lang='grc' dir='ltr'>νιι,</span> <span class='ocrx_word' id='word_1_857' title='bbox 2052 5625 2132 5693; x_wconf 75' lang='grc'><strong>6’;</strong></span> <span class='ocrx_word' id='word_1_858' title='bbox 2166 5639 2219 5692; x_wconf 91' lang='grc' dir='ltr'><strong>Μ</strong></span> 
     </span>
    </p>
   </div>
   <div class='ocr_carea' id='block_1_110' title="bbox 2304 5625 3817 5712">
    <p class='ocr_par' dir='ltr' id='par_1_110' title="bbox 2304 5625 3817 5712">
     <span class='ocr_line' id='line_1_110' title="bbox 2304 5625 3817 5712; baseline -0.003 -21"><span class='ocrx_word' id='word_1_859' title='bbox 2304 5639 2417 5693; x_wconf 79' lang='grc' dir='ltr'>ῖῶτε</span> <span class='ocrx_word' id='word_1_860' title='bbox 2444 5638 2505 5693; x_wconf 84' lang='grc' dir='ltr'>τὸ</span> <span class='ocrx_word' id='word_1_861' title='bbox 2535 5640 2688 5709; x_wconf 78' lang='grc' dir='ltr'>ἅγιον</span> <span class='ocrx_word' id='word_1_862' title='bbox 2709 5643 2821 5706; x_wconf 86' lang='grc' dir='ltr'>τοῖς</span> <span class='ocrx_word' id='word_1_863' title='bbox 2847 5638 2995 5702; x_wconf 79' lang='grc' dir='ltr'>κυσὶ,</span> <span class='ocrx_word' id='word_1_864' title='bbox 3019 5636 3153 5712; x_wconf 85' lang='grc' dir='ltr'>μηδὲ</span> <span class='ocrx_word' id='word_1_865' title='bbox 3194 5635 3394 5711; x_wconf 85' lang='grc' dir='ltr'>βάλητε</span> <span class='ocrx_word' id='word_1_866' title='bbox 3431 5638 3550 5702; x_wconf 82' lang='grc' dir='ltr'>τοὺς</span> <span class='ocrx_word' id='word_1_867' title='bbox 3588 5625 3817 5707; x_wconf 74' lang='grc' dir='ltr'>μαργαρίε</span> 
     </span>
    </p>
   </div>
   <div class='ocr_carea' id='block_1_111' title="bbox 627 5702 1644 5777">
    <p class='ocr_par' dir='ltr' id='par_1_111' title="bbox 627 5702 1644 5777">
     <span class='ocr_line' id='line_1_111' title="bbox 627 5702 1644 5777; baseline 0.006 -23"><span class='ocrx_word' id='word_1_868' title='bbox 627 5702 913 5777; x_wconf 61' lang='grc' dir='ltr'>ταςρμῷν</span> <span class='ocrx_word' id='word_1_869' title='bbox 940 5702 1248 5775; x_wconf 77' lang='grc' dir='ltr'>ἔμπροσθεν</span> <span class='ocrx_word' id='word_1_870' title='bbox 1280 5707 1388 5760; x_wconf 86' lang='grc' dir='ltr'>τῶν</span> <span class='ocrx_word' id='word_1_871' title='bbox 1425 5702 1644 5777; x_wconf 56' lang='grc' dir='ltr'>χοίρων.</span> 
     </span>
    </p>
   </div>
   <div class='ocr_carea' id='block_1_112' title="bbox 705 5771 2222 5850">
    <p class='ocr_par' dir='ltr' id='par_1_112' title="bbox 705 5771 2222 5850">
     <span class='ocr_line' id='line_1_112' title="bbox 705 5771 2222 5850; baseline 0.004 -27"><span class='ocrx_word' id='word_1_872' title='bbox 705 5773 815 5850; x_wconf 59' lang='grc' dir='ltr'><strong>(βξ)</strong></span> <span class='ocrx_word' id='word_1_873' title='bbox 840 5771 1070 5850; x_wconf 46' lang='lat' dir='ltr'><strong>hemina</strong></span> <span class='ocrx_word' id='word_1_874' title='bbox 1099 5777 1381 5850; x_wconf 83' lang='lat' dir='ltr'><strong>metricum</strong></span> <span class='ocrx_word' id='word_1_875' title='bbox 1405 5771 1460 5850; x_wconf 74' lang='lat' dir='ltr'><strong>iii</strong></span> <span class='ocrx_word' id='word_1_876' title='bbox 1566 5796 1578 5831; x_wconf 90' lang='lat'><strong>:</strong></span> <span class='ocrx_word' id='word_1_877' title='bbox 1609 5778 1916 5850; x_wconf 75' lang='grc' dir='ltr'>Πρόρρησις</span> <span class='ocrx_word' id='word_1_878' title='bbox 1943 5772 2048 5832; x_wconf 82' lang='grc' dir='ltr'>ὦδε</span> <span class='ocrx_word' id='word_1_879' title='bbox 2090 5778 2222 5850; x_wconf 74' lang='lat' dir='ltr'><strong>Bap)</strong></span> 
     </span>
    </p>
   </div>
   <div class='ocr_carea' id='block_1_113' title="bbox 2304 5771 2775 5850">
    <p class='ocr_par' dir='ltr' id='par_1_113' title="bbox 2304 5781 2775 5850">
     <span class='ocr_line' id='line_1_113' title="bbox 2304 5781 2775 5850; baseline 0.004 -14"><span class='ocrx_word' id='word_1_880' title='bbox 2304 5798 2351 5850; x_wconf 74' lang='lat' dir='ltr'><strong>:p.</strong></span> <span class='ocrx_word' id='word_1_881' title='bbox 2384 5781 2561 5850; x_wconf 83' lang='grc' dir='ltr'>σαφὴς</span> <span class='ocrx_word' id='word_1_882' title='bbox 2605 5781 2775 5838; x_wconf 83' lang='grc' dir='ltr'>πέλει.</span> 
     </span>
    </p>
   </div>
   <div class='ocr_carea' id='block_1_114' title="bbox 700 5842 2222 5923">
    <p class='ocr_par' dir='ltr' id='par_1_114' title="bbox 700 5842 2222 5920">
     <span class='ocr_line' id='line_1_114' title="bbox 700 5842 2222 5920; baseline 0.004 -23"><span class='ocrx_word' id='word_1_883' title='bbox 700 5842 812 5907; x_wconf 80' lang='grc'><strong>(86)</strong></span> <span class='ocrx_word' id='word_1_884' title='bbox 843 5842 1062 5899; x_wconf 85' lang='lat' dir='ltr'><strong>Letntna</strong></span> <span class='ocrx_word' id='word_1_885' title='bbox 1097 5847 1379 5903; x_wconf 86' lang='lat' dir='ltr'><strong>metricum</strong></span> <span class='ocrx_word' id='word_1_886' title='bbox 1404 5847 1456 5901; x_wconf 89' lang='lat' dir='ltr'><strong>in</strong></span> <span class='ocrx_word' id='word_1_887' title='bbox 1488 5847 1527 5900; x_wconf 81' lang='grc' dir='ltr'><strong>Δ</strong></span> <span class='ocrx_word' id='word_1_888' title='bbox 1555 5862 1567 5899; x_wconf 90' lang='lat'><strong>:</strong></span> <span class='ocrx_word' id='word_1_889' title='bbox 1815 5842 1988 5918; x_wconf 87' lang='grc' dir='ltr'>λόγων</span> <span class='ocrx_word' id='word_1_890' title='bbox 2014 5842 2222 5903; x_wconf 63' lang='grc' dir='ltr'>ἐπιταῦθι</span> 
     </span>
    </p>
   </div>
   <div class='ocr_carea' id='block_1_115' title="bbox 2304 5842 2655 5923">
    <p class='ocr_par' dir='ltr' id='par_1_115' title="bbox 2304 5842 2655 5923">
     <span class='ocr_line' id='line_1_115' title="bbox 2304 5842 2655 5923; baseline 0.009 -19"><span class='ocrx_word' id='word_1_891' title='bbox 2304 5842 2360 5905; x_wconf 63' lang='grc' dir='ltr'>εὖ</span> <span class='ocrx_word' id='word_1_892' title='bbox 2399 5842 2655 5923; x_wconf 52' lang='lat' dir='ltr'><strong>undam.</strong></span> 
     </span>
    </p>
   </div>
  </div>
