4070 6422
248 401 362 466 901

1357 423 1525 482 VlTA
1562 423 1918 484 ΒΑΒΙιΛΛΜ
1955 422 2050 482 ΕΤ
2084 421 2434 484 JOASAPH.

3399 431 3507 495 902

248 519 404 592 ἥσθη
435 539 538 593 μου
564 523 598 595 ἡ
625 522 790 596 ψυχὴ,
824 529 918 581 καὶ
952 527 1174 597 εὔελπις
1195 535 1467 609 ἐγενόμην
1499 540 1588 593 διὰ
1623 540 1718 594 σοῦ
1743 540 1837 594 τοῦ

1940 532 2286 587 :onservabo.
2326 534 2409 588 Tu
2450 549 2586 590 vero
2627 533 2672 589 si
2714 535 2848 605 quid
2893 537 3167 608 ejusmodi
3211 537 3380 604 nosti,
3433 557 3507 596 ne

250 611 602 683 ποθουμένου
650 615 944 689 ἐπιτυχεῖν.
995 622 1094 676 Διά
1137 625 1294 679 τοῦτο
1332 629 1426 682 καὶ
1478 628 1669 682 θᾶττον
1718 632 1834 683 είσ-

257 701 480 792 ἡγαγόν
507 721 568 758 σε
597 707 737 776 πρὸς
763 726 832 780 με
870 712 964 764 καὶ
989 716 1279 787 προσηνῶς
1322 718 1611 790 ἐδεξάμην,
1643 720 1833 792 ῶσπερ

243 791 381 881 τινὰ
404 793 522 846 τῶν
549 796 794 868 συνήθων
819 817 908 870 μοι
934 803 1028 856 καὶ
1061 803 1386 874 ἡλικιωτῶν,
1412 808 1569 881 εἴπερ
1601 811 1662 864 οὐ
1695 791 1832 880 ψευὲ

247 879 535 954 σθήσομαι
563 887 663 958 τῆς
689 888 924 955 ἐλπίδος.
962 893 1074 946 Καὶ
1109 896 1138 948 6
1164 897 1432 971 Βαρλαὰμ
1458 879 1562 971 ἔφη
1584 919 1597 931 ο
1636 879 1834 967 καλῶς

242 971 527 1046 ἐποίησας
569 979 727 1033 τοῦτο
766 983 861 1036 καὶ
908 984 1012 1056 41
1046 987 1214 1052 ἀξίως
1246 990 1344 1060 τῆς
1394 991 1496 1061 σῆς
1540 993 1830 1064 βασιλικῆς

243 1069 760 1142 μεγαλοπρεπείας,
812 1076 895 1130 ὅτι
940 1082 1015 1150 μὴ
1053 1083 1119 1151 τῇ
1169 1085 1470 1157 φαινομένῃ
1528 1087 1833 1158 προσέσχες

241 1159 532 1232 εὐτελείᾳ,
553 1163 688 1218 ἀλλὰ
710 1166 808 1235 τῆς
834 1170 1229 1242 κεκρυμμένης
1258 1173 1448 1241 ἐγένου
1472 1175 1708 1240 ἐλπίδος.

1922 638 2110 692 ιιιιαιεο
2134 624 2188 676 id
2209 623 2461 687 reticeas,
2485 641 2678 690 verum
2700 627 2837 679 mihi
2853 643 3064 682 narres.
3083 628 3507 698 Quamprimum

1922 713 2071 769 enim
2095 729 2126 768 e
2157 715 2457 784 longinqua
2482 717 2707 786 regione
2735 726 2788 771 te
2826 717 3042 771 venisse
3085 719 3297 782 audivi,
3333 719 3508 774 animi

1923 806 2209 876 voluptate
2251 806 2487 862 affectus
2515 824 2664 872 sum,
2689 820 2856 878 atque
2884 809 2939 862 in
2967 810 3168 863 bonam
3199 825 3352 878 spem
3380 810 3508 865 veni

1923 898 2043 954 fore
2068 909 2128 954 ut
2167 915 2333 969 opera
2361 907 2454 954 tua
2498 900 2552 953 id
2596 901 2744 970 quod
2778 900 3068 970 cupiebam
3109 916 3506 970 consequerer.

1925 991 2116 1061 quue
2154 992 2380 1046 nomine
2404 991 2595 1046 statim
2625 1001 2676 1046 te
2699 992 2766 1045 ad
2791 1008 2878 1046 me
2913 991 3222 1048 introduxi.
3249 990 3512 1062 comiter-

1925 1099 2035 1154 que
2065 1091 2324 1152 tanquam
2345 1083 2700 1138 familiarium
2734 1100 2986 1138 meorqu
3009 1091 3066 1137 et
3087 1083 3383 1153 aequalium
3415 1082 3514 1137 ali-

1927 1191 2094 1246 quem
2116 1176 2328 1246 excepi.
2353 1175 2534 1246 Atque
2557 1177 2768 1230 utinam
2799 1193 2895 1246 spe
2920 1193 3040 1230 mea
3072 1177 3300 1230 minime
3321 1175 3510 1229 fallar!

237 1254 407 1312 Dixit
439 1270 626 1317 autem
669 1263 921 1320 Barlaam
961 1282 975 1319 :
1023 1266 1316 1330 Przeclare,
1351 1275 1518 1337 atque
1573 1277 1634 1323 ut
1678 1270 1827 1340 regia
1864 1274 2276 1344 magnificentia
2311 1273 2540 1341 dignum
2591 1283 2732 1338 erat,
2787 1273 2892 1327 hoc
2933 1272 3135 1335 fecisti,
3183 1280 3243 1326 ut
3283 1287 3395 1326 non
3442 1267 3514 1324 ad

237 1360 503 1408 externa:
535 1356 772 1412 vilitatis
825 1359 1067 1428 speciem
1116 1359 1364 1412 animum
1419 1359 1713 1432 adjiceres,
1760 1379 1958 1419 verum
2003 1367 2272 1420 abstrusa;
2323 1365 2443 1434 spei
2484 1365 2722 1435 teipsum
2773 1365 3040 1420 traderes.

319 1447 442 1507 Ἷίν
466 1453 574 1523 γάρ
600 1453 710 1522 (87)
744 1472 829 1518 τις
854 1454 1110 1525 βασιλεὺς
1142 1455 1316 1526 μέγας
1349 1456 1441 1510 καὶ
1479 1454 1710 1519 ἔνδοξος,
1735 1451 1832 1506 καὶ

243 1541 502 1611 ἐγένετο,
520 1542 867 1612 διερχομένου
886 1543 1051 1598 αὐτοῦ
1079 1545 1166 1615 ἐφ’
1191 1545 1440 1616 ἅρματος
1457 1542 1829 1616 χρυσοκολλή-

240 1650 353 1686 του
398 1633 492 1685 καὶ
541 1633 639 1702 τῆς
669 1635 780 1702 (88)
841 1634 1057 1704 βασιλεῖ
1103 1636 1422 1708 πρεπούσης
1482 1636 1826 1708 δορυφορίας,

245 1724 576 1794 ὑπαντῆσαι
611 1723 708 1777 δύο
752 1725 973 1796 ἄνδρας,
1007 1727 1346 1798 διερρωγότα
1376 1729 1474 1799 μὲν
1519 1725 1830 1798 ἠμφιεσμέ-

2007 1451 2136 1505 Erat
2161 1451 2304 1505 enim
2349 1451 2634 1520 aliquando
2667 1467 2888 1524 magnus
2933 1452 3144 1518 quidam
3191 1461 3246 1506 et
3289 1453 3509 1507 illustris

1937 1557 2066 1607 rex,
2095 1542 2213 1606 cui,
2243 1556 2363 1596 cum
2406 1542 2460 1595 in
2504 1557 2668 1598 aureo
2696 1558 2855 1598 curru
2876 1582 2891 1606 ,
2918 1543 3207 1598 satellitum
3238 1560 3394 1597 manu
3422 1561 3510 1598 re-

1936 1633 2040 1701 gia:
2081 1632 2347 1701 majestati
2375 1632 2535 1702 digna
2577 1633 2782 1686 cinctus
2818 1633 2918 1686 iter
2947 1633 3145 1689 faceret
3144 1674 3176 1707 J
3205 1634 3428 1702 contigit
3452 1643 3509 1688 ut

1937 1723 2074 1778 duos
2106 1725 2270 1788 viros,
2312 1723 2501 1777 laceris
2545 1737 2608 1776 ac
2655 1722 2884 1778 sordidis
2928 1724 3185 1790 vestibus,
3217 1736 3375 1794 atque
3417 1739 3515 1780 ore

244 1830 386 1878 νους
410 1814 504 1866 καὶ
537 1815 902 1884 ῥερυπωμένα
929 1816 1064 1886 (89),
1100 1817 1460 1889 ἐκτετηκότας
1475 1817 1532 1870 δὲ
1557 1817 1626 1869 τὰ
1659 1815 1829 1886 πρόσ-

1941 1817 2115 1872 macie
2142 1814 2409 1881 confecto,
2437 1831 2501 1870 ac
2547 1815 2799 1884 majorem
2829 1818 2882 1869 in
2910 1816 3123 1870 modum
3166 1816 3383 1886 pallido,
3413 1819 3511 1871 ob-

246 1922 390 1959 ωπα
451 1906 543 1958 καὶ
601 1905 724 1959 λίαν
762 1908 1256 1978 κατωχριωμένους
1283 1925 1298 1939 ο
1333 1903 1401 1979 ἦν
1447 1908 1504 1962 δέ
1545 1906 1830 1976 γινώσκων

246 1996 489 2059 τούτους
511 1999 540 2050 6
569 1995 818 2067 βασιλεὺς
846 1998 925 2067 τῷ
951 1998 1306 2070 ὐπωπβασμῷ
1335 1997 1430 2053 τοῦ
1459 1997 1713 2069 σώματος
1736 1999 1833 2052 καὶ

247 2092 376 2152 τοῖς
405 2089 503 2160 τῆς
536 2089 823 2158 ἀσκήσεως
867 2090 1155 2161 ἱδρῶβιετὸ
1191 2093 1416 2163 σαρκίον
1461 2093 1832 2161 ἐκδεδαπανη-

251 2183 453 2245 κότας.
495 2180 582 2244 Ὠς
601 2176 694 2234 οὖν
720 2177 1110 2247 εἴδενάαύτοὺς,
1136 2184 1530 2255 καταπηδήσας
1545 2185 1707 2248 εὐθὺς
1737 2180 1832 2236 τοῦ

252 2270 512 2343 ἅρματος
539 2272 634 2324 καὶ
665 2273 757 2325 ἐπὶ
781 2271 880 2342 τὴν
926 2272 1031 2343 γῆν
1070 2271 1278 2336 πεσὼν,
1314 2273 1710 2345 προσεκύνησε,
1741 2273 1837 2326 καὶ

253 2363 506 2427 ἀναστάς
566 2361 912 2436 περιεπλάκη
975 2365 1160 2430 αὐτοῖς
1214 2365 1652 2436 προσφιλέστατα
1711 2382 1839 2418 κατ-

261 2453 676 2526 ασπαζόμενος.
710 2457 770 2508 υί
813 2455 870 2508 δὲ
899 2459 1226 2526 μεγιστᾶνες
1254 2457 1419 2512 αὑτοῦ
1455 2458 1550 2512 καὶ
1581 2458 1839 2527 ἄρχοντες

258 2547 638 2618 ἐδυσχέραναν
667 2549 761 2601 ἐπὶ
784 2550 980 2620 τούτῳ,
1015 2548 1214 2614 ἀνάξια
1227 2551 1328 2620 τῆς
1368 2549 1652 2621 βασιλικῆς
1682 2549 1840 2620 δόξης

262 2639 633 2708 πεποιηκέναι
691 2641 852 2694 αὑτὸν
905 2642 1255 2712 νομίζοντες⁹
1299 2643 1375 2714 μὴ
1419 2643 1726 2714 τολμῶντες
1784 2643 1842 2695 δὲ

262 2730 415 2784 κατὰ
451 2731 743 2802 πρόσωπον
791 2732 1058 2802 ἐλέγχειν,
1106 2734 1198 2787 τὸν
1227 2736 1452 2806 γνήσιον
1481 2734 1650 2788 αὑτοῦ
1684 2735 1841 2787 ἁδελ-

264 2821 372 2892 φδν
397 2822 582 2891 ἔλεγον
604 2823 834 2894 λαλῆσαι
860 2825 936 2894 τῷ
967 2825 1176 2896 βασιλεί
1225 2827 1300 2898 μὴ
1336 2826 1398 2881 τὸ
1419 2825 1554 2896 ὕψος
1591 2826 1684 2880 τοῦ
1724 2826 1842 2879 δια-

264 2912 513 2984 δήματος
534 2914 733 2967 οὑτωσὶ
759 2914 1137 2986 καθυϐρίζειν.
1165 2917 1274 2970 Τοῦ
1305 2917 1362 2970 δέ
1387 2917 1640 2981 εἰπόντος
1671 2916 1843 2970 ταῦτα

265 3005 350 3076 τῷ
384 3005 597 3076 ἀδελφῷ
643 3007 734 3059 καὶ
762 3007 1266 3078 καταμεμψαμένου
1295 3009 1394 3080 τὴν
1419 3009 1646 3080 ἄκαιρον
1679 3005 1844 3062 αὑτοῦ

271 3098 685 3169 σμικρολογίαν,
716 3099 949 3153 δέδωκεν
985 3099 1132 3171 αύτῷ
1180 3101 1474 3173 ἀπόκρισιν
1506 3105 1534 3156 6
1565 3101 1842 3173 βασιλεὺς,

272 3186 346 3259 ἡν
377 3188 437 3240 ού
478 3188 706 3258 συνῆκεν
739 3190 767 3241 6
792 3187 1020 3258 ἀδελφὸς
1045 3187 1229 3244 αὑτοῦ.

358 3364 516 3429 Ἐθος
552 3366 662 3437 γὰρ
691 3360 759 3437 ἦν
802 3365 996 3438 ἐκείνῳ
1027 3364 1108 3439 τῷ
1158 3366 1388 3439 βασιλεῖ,
1420 3367 1548 3424 ὅταν
1573 3367 1847 3436 ἀπόφασιν

286 3452 510 3509 θανάτου
546 3456 691 3510 κατά
715 3472 861 3519 τινος
904 3456 1098 3522 ἐδίδου,
1133 3458 1352 3528 κήρυκα
1399 3457 1482 3520 είς
1529 3455 1627 3528 τὴν
1678 3455 1843 3509 αὐτοῦ

281 3544 452 3616 θύραν
478 3547 828 3600 ἀποστέλλειν
879 3547 1018 3617 μετὰ
1054 3546 1355 3617 σάλπιγγος
1403 3545 1743 3617 τεταγμένης
1769 3545 1849 3608 είς

275 3638 437 3692 τοῦτο
456 3653 472 3668 ·
505 3638 600 3692 καὶ
620 3642 688 3711 τῇ
721 3643 873 3712 φωνῇ
915 3641 1013 3712 τῆς
1049 3638 1351 3706 σάλπιγγος
1377 3637 1594 3708 ἐκείνης
1621 3635 1852 3708 ⁴ᾔσθοντο

276 3729 484 3792 πάντες
514 3729 742 3784 θανάτου
782 3731 966 3802 ἔνοχον
996 3731 1203 3783 ἐκεῖνον
1242 3728 1528 3800 ὑπάρχειν.
1578 3726 1851 3798 Ἐσπέρας

278 3819 390 3892 42
426 3817 522 3875 οὖν
559 3821 1005 3892 καταλαϐούσης,
1051 3819 1372 3874 ἀπέστειλεν
1406 3821 1434 3872 6
1467 3815 1721 3888 βασιλεὺς
1748 3816 1851 3885 τὴν

279 3917 567 3984 σάλπιγγα
614 3915 709 3969 τοῦ
744 3915 974 3968 θανάτου
1013 3911 1296 3975 σαλπίζειν
1329 3911 1423 3964 ἐπὶ⁵
1465 3913 1532 3982 τῇ
1569 3909 1709 3980 θύρᾳ
1756 3906 1850 3960 τοῦ

275 4007 431 4059 οἴκου
460 4004 555 4059 τοῦ
599 4005 831 4074 ἀδελφοῦ
869 4004 1058 4060 αὑτοῦ.
1108 4004 1198 4066 Ὠς
1233 3996 1325 4056 οὖν
1362 4001 1596 4072 ἤκουσεν
1644 4001 1852 4063 ἐκεῖνος

278 4097 380 4168 τὴν
411 4096 692 4167 σάλπιγγα
728 4096 823 4150 τοῦ
853 4096 1108 4158 θανάτου,
1136 4093 1362 4162 ἀπέγνω
1384 4093 1484 4162 τῆς
1516 4089 1708 4144 ἐαυτοῦ
1741 4107 1852 4143 σω-

278 4189 481 4260 τηρίας
510 4189 604 4243 καὶ
629 4187 833 4242 διέθετο
861 4189 930 4241 τά
965 4186 1084 4241 κατ’
1132 4185 1299 4240 αὐτὸν
1351 4184 1483 4255 ὃλην
1512 4181 1611 4253 τὴν
1641 4181 1847 4234 νύκτα·

280 4279 400 4351 ἅμα
410 4279 468 4332 δὲ
484 4277 651 4350 πρωῒ,
667 4277 1088 4350 ἀμφιασάμενος
1108 4277 1312 4348 μέλανα
1329 4274 1423 4329 καὶ
1445 4273 1694 4344 πενθήρη
1718 4271 1850 4342 (90),

285 4370 426 4442 μετὰ
465 4369 719 4437 γυναικὸς
749 4369 842 4422 καὶ
867 4368 1071 4422 τέκνων
1099 4365 1400 4436 ἀπέρχεται
1445 4364 1526 4426 εἰς
1549 4361 1648 4433 τὴν
1685 4360 1855 4430 θύραν

283 4460 382 4514 τοῦ
411 4459 673 4514 παλατίου
703 4459 902 4513 κλαίων
931 4457 1026 4512 καὶ
1055 4456 1400 4528 ὀδυρόμενος.
1441 4454 1766 4522 Είσαγαγὼν
1798 4452 1856 4506 δέ

1945 1911 2063 1962 vios
2108 1906 2353 1961 haberet.
2399 1905 2531 1975 Regi
2564 1921 2724 1975 porro
2761 1907 3089 1976 exploratum
3117 1917 3232 1961 erat
3258 1923 3352 1962 eos
3392 1923 3513 1961 cor-

1940 1997 2090 2068 poris
2119 1997 2465 2051 afﬂictatione
2488 2012 2550 2050 ac
2577 1997 2702 2052 vitae
2739 1998 2850 2052 Deo
2889 2009 3212 2054 consecrata:
3239 1999 3512 2055 laboribus

1940 2105 2131 2146 carnes
2168 2103 2294 2144 suas
2333 2088 2406 2144 ita
2453 2089 2763 2144 confecisse.
2813 2089 2879 2145 Ut
2926 2090 3084 2160 igitur
3128 2106 3224 2146 eos
3272 2092 3436 2158 vidit,
3479 2110 3512 2148 e

1943 2198 2103 2237 curru
2147 2181 2327 2237 statim
2374 2180 2652 2247 desiliens,
2683 2189 2843 2251 atque
2882 2181 3026 2236 humi
3071 2192 3387 2251 prostratus,
3416 2201 3511 2240 eos

1943 2275 2214 2342 adoravit;
2244 2290 2307 2330 ac
2331 2275 2528 2331 deinde
2571 2291 2814 2344 surgens,
2843 2275 3164 2332 amicissime
3203 2279 3514 2347 complexus

1943 2377 2054 2432 est,
2086 2377 2140 2422 et
2168 2367 2438 2420 salutavit.
2480 2366 2736 2421 Proceres
2770 2375 2948 2421 autem
2994 2367 3161 2436 ipsius
3188 2383 3251 2423 ac
3281 2369 3516 2438 pnnfecti

1945 2459 2050 2514 hoc
2093 2459 2324 2513 moleste
2362 2459 2627 2522 tulerunt,
2654 2473 2773 2511 eum
2807 2458 3010 2512 facinus
3039 2459 3182 2526 regia
3219 2460 3389 2527 gloria
3438 2463 3519 2514 in-

1943 2549 2162 2618 dignum
2203 2549 2481 2603 admisisse
2521 2548 2908 2604 existimantes.
2941 2548 3134 2604 Verum
3163 2564 3284 2604 cum
3332 2566 3514 2605 coram

1945 2639 2120 2709 ipsqu
2149 2639 2545 2706 reprehendere
2569 2639 2789 2694 minime
2815 2640 3089 2705 auderent,
3111 2655 3232 2695 cum
3260 2653 3519 2711 germano

1951 2732 2119 2800 ipsius
2161 2731 2322 2786 fratre
2351 2731 2604 2799 agebant,
2637 2738 2693 2784 ut
2720 2744 2897 2799 regem
2938 2729 3282 2798 admoneret,
3311 2745 3382 2786 ne
3407 2732 3523 2788 dia-

1946 2822 2178 2877 dematis
2203 2820 2604 2889 amplitudinem
2627 2830 2676 2874 et
2709 2819 3088 2874 sublimitatem
3115 2822 3180 2874 ad
3223 2821 3366 2877 hunc
3406 2837 3526 2876 tuo-

1948 2913 2074 2968 dum
2115 2912 2380 2967 dedecore
2407 2926 2470 2966 ac
2507 2911 2826 2964 contumelia
2871 2910 3122 2965 alliceret.
3166 2912 3297 2966 Cum
3344 2913 3525 2982 itaque

1950 3020 2066 3074 Ipse
2121 3003 2235 3057 hac
2283 3001 2434 3056 fratri
2481 3000 2737 3065 dixisset,
2785 3008 2944 3069 atque
2995 3001 3419 3070 intempestivam
3461 3010 3520 3054 et

1951 3098 2328 3162 praeposteram
2357 3089 2522 3155 ipsius
2551 3085 2897 3138 humilitatem
2929 3094 3266 3148 accusasset,
3297 3098 3520 3151 respon-

1872 3189 1918 3251 ο
1951 3194 2067 3232 sum
2108 3180 2205 3248 ipsi
2245 3193 2338 3232 rex
2381 3177 2557 3244 dedit,
2586 3175 2725 3246 quod
2764 3188 2794 3228 a
2840 3174 3002 3229 fratre
3049 3174 3266 3229 minime
3310 3174 3520 3229 intelle-

1950 3280 2092 3323 οιυιη
2122 3276 2223 3322 εει.

2023 3358 2138 3412 Mos
2161 3356 2302 3412 enim
2329 3357 2436 3425 regi
2473 3363 2588 3410 erat
2617 3364 2673 3409 ut
2714 3369 2833 3409 cum
2863 3354 3091 3423 aliquem
3120 3363 3292 3408 morte
3319 3355 3518 3408 multa-

1950 3455 2062 3510 ret,
2093 3461 2386 3516 praeconem
2409 3462 2529 3500 cum
2561 3446 2704 3510 tuba,
2729 3460 2848 3514 quas
2872 3445 3083 3512 quidem
3107 3444 3292 3498 mortis
3319 3444 3520 3499 idcirco

1949 3537 2244 3602 dicebatur,
2273 3538 2338 3591 ad
2380 3537 2543 3606 ipsius
2582 3537 2724 3592 fores
2773 3537 3034 3602 mitteret,
3063 3546 3223 3605 atque
3265 3550 3334 3590 ex
3378 3537 3519 3591 tuba:

1948 3630 2089 3685 illius
2117 3633 2364 3698 clangore
2403 3643 2587 3682 omnes
2615 3627 2667 3682 ei
2711 3626 3042 3682 moriendum
3087 3640 3211 3680 esse
3249 3625 3516 3693 intellige-

1947 3721 2094 3775 hant.
2127 3721 2307 3789 Itaque
2335 3735 2453 3775 cum
2485 3720 2914 3788 advesperasset,
2956 3717 3205 3774 lethalem
3243 3718 3420 3772 tubam
3449 3718 3517 3771 ad

1945 3811 2127 3866 fratris
2161 3815 2240 3865 sui
2285 3813 2426 3865 fores
2456 3813 2758 3880 clangorem
2807 3809 3066 3863 edituram
3107 3823 3198 3862 rex
3247 3807 3412 3861 misit.
3451 3806 3518 3860 Ut

1946 3903 2106 3975 igitur
2132 3903 2220 3958 il'e
2265 3901 2402 3956 hanc
2430 3902 2608 3956 tubam
2637 3899 2868 3963 audivit,
2899 3899 3177 3967 desperata
3208 3901 3378 3951 salute
3423 3911 3520 3962 per

1946 4003 2111 4049 totam
2228 4000 2440 4045 noctem
2539 3990 2849 4047 domesticis
2870 3991 3029 4046 rebus
3049 3988 3337 4044 consuluit.
3362 3989 3518 4042 Mane

1945 4095 2120 4140 autem
2163 4092 2278 4139 atra
2321 4099 2382 4138 ac
2428 4085 2634 4152 lugubri
2675 4093 2821 4139 veste
2852 4084 3088 4145 indutus,
3114 4096 3234 4136 cum
3265 4095 3430 4135 uxore
3456 4095 3520 4133 ac

1946 4177 2124 4231 liberis
2150 4175 2216 4229 ad
2259 4175 2434 4244 palatii
2467 4175 2606 4228 fores
2648 4173 2782 4228 fletis
2821 4187 2884 4227 ac
2915 4175 3210 4227 lamentans
3249 4171 3518 4240 profectus

1944 4277 2045 4322 est.
2073 4265 2204 4320 Cum
2235 4274 2410 4319 autem
2443 4279 2532 4320 rex
2565 4265 2736 4333 ipsum
2782 4264 2848 4318 ad
2894 4278 2954 4318 se
2992 4264 3327 4325 admisisset,
3358 4271 3522 4328 atque

1945 4360 2017 4414 ita
2054 4357 2340 4428 eiulantem
2371 4355 2622 4421 vidisset,
2651 4355 2734 4410 his
2765 4356 2942 4410 verbis
2971 4369 3100 4409 usus
3128 4362 3246 4410 est:
3283 4353 3327 4408 Ο
3355 4355 3518 4407 stulte

1946 4465 2007 4506 ac
2033 4440 2269 4515 demens,
2303 4448 2348 4502 si
2396 4447 2573 4502 fratris
2602 4447 2711 4510 tui,
2741 4461 2860 4501 cum
2891 4463 3001 4516 quo
3031 4447 3174 4500 idem
3215 4445 3308 4500 tibi
3352 4460 3522 4514 genus

284 4551 450 4604 αὐτὸν
475 4553 504 4604 6
525 4550 796 4621 βασιλεὺς,
820 4549 914 4601 καὶ
937 4545 1109 4611 οὕτως
1128 4547 1248 4599 ἰδὼν
1269 4544 1687 4616 ὀλοφυρόμενον,
1719 4542 1843 4613 ἔφη·

1946 4551 1998 4597 et
2027 4557 2124 4612 par
2154 4541 2322 4595 honor
2362 4548 2476 4606 est,
2512 4542 2564 4593 in
2594 4552 2752 4608 quem
2797 4537 2994 4592 nullius
3035 4537 3256 4590 omnino
3299 4535 3521 4590 sceleris

284 4639 357 4698 Ὦ
387 4644 616 4698 άσύνετε
643 4645 737 4698 καὶ
767 4645 960 4713 ἄφρον,
993 4642 1042 4694 εί
1090 4641 1156 4694 σὺ
1191 4639 1364 4702 οὕτως
1405 4637 1711 4701 ἐδειλίασας
1765 4637 1855 4689 τὸν

287 4736 506 4807 κήρυκα
548 4735 644 4788 τοῦ
664 4734 925 4805 ὁμοτίμου
979 4749 1073 4785 σου
1124 4728 1376 4800 ἀδελφοῦ,
1435 4730 1570 4800 πρὸς
1599 4729 1658 4782 ὃν
1705 4727 1857 4782 οὐδὲν

286 4824 428 4888 ὅλως
485 4825 677 4878 ἑαυτὸν
741 4821 1120 4893 ἡμαρτηκέναι
1177 4819 1492 4888 γινώσκεις,
1563 4818 1687 4882 πῶς
1731 4817 1858 4888 ἐμοὶ

291 4915 500 4987 μέμψιν
529 4916 804 4986 ἐπήγαγες
859 4916 916 4966 ἐν
957 4911 1290 4966 ταπεινώσει
1324 4911 1700 4981 άσπασαμένῳ
1731 4911 1858 4972 τοὺς

290 5008 543 5078 κὴρυκας
568 5005 666 5059 τοῦ
690 5003 824 5058 Θεοῦ
856 5020 981 5074 μου,
1011 5002 1137 5065 τοὺς
1161 5001 1520 5072 εύηχέστερον
1555 5002 1858 5070 σάλπιγγος

292 5096 600 5169 μηνύοντάς
665 5113 754 5166 μοι
791 5094 884 5148 τὸν
933 5093 1162 5146 θάνατον
1211 5093 1307 5146 καὶ
1347 5091 1446 5162 τὴν
1485 5091 1722 5162 φοϐερὰν
1764 5088 1861 5144 τοῦ

289 5189 561 5243 Δεσπότου
589 5187 911 5256 ὑπάντησιν,
945 5176 991 5253 ᾧ
1021 5182 1193 5236 πολλὰ
1222 5183 1318 5238 καὶ
1358 5183 1573 5253 μεγάλα
1625 5181 1863 5252 ἐμαυτὸν

1947 4632 2038 4686 tibi
2076 4630 2322 4686 conscius
2347 4643 2428 4694 es,
2474 4643 2768 4698 prmconcm
2811 4628 2880 4680 ita
2923 4626 3252 4689 extimuisti;
3284 4639 3518 4694 quonam

1949 4721 2109 4776 modo
2137 4719 2269 4774 mihi
2317 4719 2745 4789 reprehensionis
2783 4729 2962 4772 notam
3012 4717 3212 4772 idcirco
3253 4714 3522 4780 inussisti,
3593 4720 3600 4729 ‘

1950 4814 2087 4883 quod
2132 4812 2223 4866 Dei
2252 4813 2357 4867 mei
2395 4825 2687 4881 pracones,
2719 4810 2809 4879 qui
2841 4818 3102 4873 mortem,
3133 4821 3196 4862 ac
3234 4806 3439 4860 Domini
3470 4809 3525 4860 in

1951 4918 2105 4972 quem
2138 4917 2223 4956 me
2271 4905 2430 4955 multa
2460 4911 2513 4955 et
2552 4899 2733 4972 gravia
2777 4902 2978 4954 scelera
3031 4907 3366 4965 perpetrasse
3409 4897 3522 4950 scio

1951 4991 2424 5061 pertimescendum
2453 4991 2738 5044 adventum
2764 4987 2890 5041 mihi
2921 4987 3107 5054 quavis
3137 4985 3259 5039 tuba
3284 4983 3525 5037 vocalius

1952 5082 2206 5150 altiusque
2223 5079 2555 5142 denuntiant,
2582 5076 2853 5132 humiliter
2873 5091 2932 5130 ac
2954 5076 3190 5130 demisse
3216 5075 3485 5128 salutarim
3500 5075 3526 5128 ἲ

1952 5173 2028 5229 En
2058 5173 2212 5241 igitur
2251 5179 2306 5225 ut
2347 5179 2490 5223 tuam
2531 5167 2852 5222 dementiam
2897 5178 3275 5233 coarguerem,
3313 5163 3410 5217 hac
3441 5179 3527 5216 ra-

292 5279 672 5354 ἡμαρτηκέναι
710 5254 1046 5347 ἐπίσταμαις
1077 5275 1211 5327 Ἰδοὺ
1237 5273 1420 5329 τοίνυν
1452 5273 1552 5344 τὴν
1582 5273 1682 5342 σὴν
1709 5271 1843 5340 ἐλέγ-

1955 5267 2097 5318 tione
2139 5277 2266 5316 usus
2312 5275 2428 5314 sum
2452 5299 2467 5321 ,
2498 5257 2938 5328 quemadmodum
2970 5257 3129 5310 etiam
3171 5267 3268 5309 eos
3298 5254 3388 5324 qui
3429 5255 3523 5309 tibi

291 5344 622 5444 χωνάνοιαν
648 5370 824 5440 τούτῳ
868 5344 934 5439 δή
957 5366 1036 5438 τῷ
1073 5365 1260 5438 τρόπῳ
1301 5364 1646 5436 ἐχρησάμην,
1677 5361 1843 5434 ῶσπερ

1957 5364 2013 5409 ιιι
2045 5368 2132 5408 tne
2155 5349 2597 5420 reprehenderes,
2623 5347 2676 5401 in
2704 5345 2937 5399 animum
2971 5344 3322 5409 induxerunt,
3350 5344 3530 5400 statim

364 5530 476 5600 (87.)
506 5529 727 5600 Lemma
755 5526 1036 5600 metricum
1070 5526 1124 5600 i_u
1165 5522 1352 5579 codice
1379 5521 1425 5576 A
1462 5537 1476 5573 :
1509 5519 1795 5592 Παραῦολὴ
1824 5538 1843 5573 ς

1940 5535 2017 5590 ιτη
2045 5534 2108 5587 γε
2135 5515 2278 5588 αὕτη
2310 5512 2587 5584 τυγχάνει.

367 5594 480 5666 (88)
513 5599 716 5654 Forsan
744 5596 840 5650 ml.
864 5594 1156 5666 perck‘sﬁc.

392 5656 481 5739 89)
507 5668 581 5739 ne
613 5669 717 5739 hac
757 5656 977 5739 perfecti
1011 5656 1204 5739 ferina,
1241 5671 1281 5717 t.
1321 5661 1406 5739 ιιι,
1431 5675 1485 5739 ρ.
1521 5659 1756 5739 water.
1783 5658 2025 5739 ιειρειορ.
2057 5656 2275 5739 58,19.

392 5671 481 5739 89)
507 5671 581 5724 De
613 5671 717 5723 hac
757 5671 977 5735 perfecti
1011 5671 1204 5725 forma,
1241 5671 1281 5717 t.
1321 5671 1406 5726 III,
1431 5675 1485 5729 p.
1521 5671 1648 5716 459.
1671 5671 1756 5717 ut.
1783 5675 1843 5712 ιιιι

369 5671 482 5809 ίθο)
508 5737 575 5809 C,
607 5735 842 5809 μελανά.Δ
871 5733 946 5788 De
967 5734 1232 5801 adjective
1264 5732 1560 5809 μελαν-ὸς-ι.
1594 5731 1676 5796 Ill,
1711 5729 1843 5809 p._15

1940 5671 2309 5809 ’t‘féeggiiihgiz
2341 5723 2596 5796 περκνὸν,
2645 5719 2892 5794 μελανόν.
2929 5719 2994 5787 C,
3030 5716 3182 5774 πενθ.
3218 5714 3433 5790 ἱμάτια,
3487 5721 3544 5768 ιιι

304 5797 478 5883 p.11,
509 5797 571 5874 Ἰ,
599 5797 717 5880 ῥερ.
750 5803 942 5877 ἱμάτια
975 5818 989 5834 ⁸
1017 5797 1122 5874 quo
1159 5797 1374 5860 nomine
1415 5802 1570 5859 facile
1599 5797 1843 5858 carebitn‘

1956 5800 2037 5853 cr.
2062 5797 2192 5867 pag.
2226 5797 2314 5850 ιδ.
