4070 6448
562 444 669 508 903

1983 419 2357 481 ADDENDA.

3711 412 3818 475 904

565 553 783 611 stolidos
806 557 860 605 et
902 554 1143 602 amentes
1169 558 1289 600 esse
1317 543 1711 599 demonstrabo.
1742 544 1914 610 Atque
1944 542 2013 596 ita
2040 555 2133 595 cu.

2237 530 2320 587 ιῦν
2358 532 2451 585 καὶ
2478 531 2608 594 τοὺς
2641 529 3014 600 ὑποθεμένους
3036 545 3128 581 σου
3150 528 3249 599 τὴν
3280 530 3401 581 κατ’
3436 530 3573 599 ἐμοῦ
3603 529 3819 599 μέμψιν

566 655 738 697 ratum
768 652 822 696 et
859 638 1055 694 utiliter
1096 636 1408 690 instructum
1438 633 1652 687 fratrem
1698 648 1884 700 suum,
1914 632 2130 686 domum

566 734 790 791 remisit.

638 824 803 882 Iussit
829 832 1005 877 autem
1036 834 1068 874 e
1095 819 1237 888 ligno
1262 826 1488 886 quatuor
1525 830 1676 872 arcas
1701 815 1837 871 effici
1865 831 1881 869 :
1912 830 2131 884 quarum

568 933 687 974 eum
715 918 848 972 duas
872 912 1104 981 undique
1142 925 1272 965 auro
1300 911 1650 975 contexisset,
1685 909 1952 978 fetidaque
1978 909 2137 961 cada-

569 1026 749 1067 verum
779 1022 900 1063 ossa
926 1008 976 1060 in
1005 1019 1096 1060 eas
1126 1003 1434 1073 injecisset,
1465 1002 1641 1055 aureis
1670 1002 1806 1056 seris
1844 1014 1937 1055 eas
1976 1000 2138 1052 obfir-

572 1102 768 1163 mavit;
800 1098 1017 1164 reliquis
1045 1104 1222 1150 autem
1252 1094 1453 1149 duabus
1477 1093 1595 1163 pice
1623 1108 1685 1146 ac
1717 1093 1974 1146 bitumine
2001 1090 2138 1144 oblio

574 1194 663 1252 tis.
707 1190 1057 1260 pretiosisque
1104 1186 1367 1256 lapidibus
1412 1193 1465 1239 et
1510 1183 1787 1254 exquisitis
1836 1181 2136 1245 unionibus,

580 1284 834 1351 omnique
863 1279 1210 1348 unguentaria
1240 1275 1524 1344 fragrantia
1555 1274 1802 1341 impletis,
1833 1273 2140 1340 asperisque

574 1371 784 1426 funibus
804 1367 1130 1431 constrictis,
1154 1380 1405 1435 proceres
1426 1378 1539 1428 eos,
1559 1378 1586 1415 a
1609 1362 1800 1431 quibus
1819 1361 1888 1414 ob
1907 1361 2140 1414 virorum

575 1463 789 1517 illurutu
821 1472 1098 1514 occursum
1125 1456 1483 1525 reprehensus
1510 1453 1713 1517 fuerat,
1743 1452 1808 1505 ad
1838 1467 1899 1506 se
1928 1451 2138 1514 accivit,

575 1553 811 1622 ipsisque
838 1560 1060 1619 quatuor
1091 1546 1187 1600 bas
1216 1560 1367 1599 arcas
1399 1543 1703 1612 proposuit,
1740 1551 1796 1596 ut
1819 1543 2005 1611 quanti
2036 1542 2137 1605 hair,

575 1642 859 1711 quantique
903 1637 1008 1691 illas
1055 1635 1207 1704 pretii
1250 1641 1431 1688 essent
1472 1632 1815 1686 aestimarent.
1849 1630 1923 1685 llli
1963 1642 2141 1685 autem

578 1738 711 1787 duas
755 1746 848 1785 eas
891 1745 1008 1799 quae
1052 1732 1303 1781 inaurata
1347 1735 1529 1792 erant,
1562 1728 1775 1779 maximi
1827 1726 1977 1794 pretii
2025 1739 2144 1780 esse

577 1824 913 1885 asserebant;
946 1834 1114 1887 neque
1138 1820 1278 1873 enim
1309 1818 1463 1872 aliter
1491 1818 1603 1872 fieri
1632 1832 1788 1886 posse
1812 1817 2141 1885 inquiebant,

577 1917 704 1984 quin
732 1912 785 1966 in
816 1912 945 1980 ipsis
973 1911 1132 1980 regite
1176 1923 1390 1964 coronas
1428 1924 1491 1963 ac
1520 1910 1729 1979 cingula
1760 1910 2031 1964 recondita
2057 1926 2145 1966 es-

576 2013 713 2059 sent.
741 2004 841 2056 Eas
866 2010 1053 2056 contra
1080 2015 1199 2070 quae
1229 2002 1345 2069 pice
1370 2015 1434 2054 ac
1463 2002 1721 2056 bitumine
1749 2002 1930 2055 oblita:
1960 2012 2142 2069 erant,

576 2095 707 2148 viles
753 2093 970 2145 omnino
1015 2104 1081 2145 ac
1131 2092 1326 2145 nullius
1374 2091 1531 2159 pretii
1582 2106 1701 2146 esse
1747 2093 1979 2147 aiebant.
2034 2094 2146 2148 Rex

575 2193 747 2236 autem
779 2181 907 2248 ipsis
946 2179 1117 2234 dixit:
1143 2179 1219 2233 Ne
1246 2194 1333 2234 me
1357 2180 1570 2249 quidem
1619 2182 1879 2250 fugiebat,
1910 2197 2009 2238 vos
2041 2186 2144 2239 hoc

578 2276 812 2328 dicturus
836 2286 984 2337 esse;
1017 2285 1140 2325 nam
1170 2272 1510 2326 sensibilibus
1537 2274 1705 2327 oculis
1726 2288 1786 2328 ea
1809 2289 1928 2343 qua:
1957 2276 2010 2329 in
2034 2290 2149 2331 sen-

577 2382 693 2420 sum
724 2365 919 2419 cadunt
944 2362 1263 2434 perspicitis.
1289 2365 1446 2432 Atqui
1473 2379 1579 2419 non
1608 2364 1679 2418 ita
1704 2366 2000 2421 faciendum
2028 2379 2145 2434 est;

579 2474 762 2513 verum
786 2455 1126 2513 interioribus
1144 2456 1311 2511 oculis
1326 2457 1439 2511 sive
1465 2454 1713 2524 pretium,
1735 2457 1848 2513 sive
1872 2459 2146 2516 utilitatem

577 2561 633 2604 et
661 2550 975 2615 laeditatem,
1002 2562 1121 2617 qua:
1149 2547 1291 2602 intus
1315 2547 1527 2601 condita
1552 2556 1705 2615 sunt,
1730 2557 1972 2616 spectare
1991 2564 2145 2618 opor-

578 2651 671 2694 tet.
727 2642 804 2693 Ac
856 2639 1098 2706 protinus
1166 2639 1436 2691 inauratas
1501 2652 1657 2693 arcas
1718 2640 1913 2708 aperiri
1968 2640 2144 2709 jussit.

576 2732 774 2798 Quibus
797 2729 1097 2798 patefactis,
1124 2728 1301 2800 gravis
1330 2729 1544 2799 quidam
1574 2745 1637 2785 ac
1667 2738 1803 2785 teter
1823 2730 1955 2784 odor
1980 2733 2145 2785 exha-

580 2823 736 2887 lavit,
764 2831 923 2889 atque
949 2820 1441 2889 injucundissimum
1470 2824 1832 2890 spectaculum
1858 2823 2027 2877 oculis
2055 2825 2144 2878 ob-

573 2911 779 2980 jectum
807 2921 906 2965 est.

650 3003 737 3057 Ait
780 3004 955 3073 itaque
996 3017 1095 3059 rex
1130 3012 1144 3056 ξ
1185 3002 1281 3058 Hic
1322 3017 1505 3059 eorum
1555 3015 1709 3075 typus
1760 3017 1842 3064 est
1886 3009 1974 3079 qui
2020 3024 2140 3065 cum

577 3093 872 3163 splendidis
901 3106 952 3148 et
994 3094 1286 3149 illustribus
1331 3096 1564 3150 vestibus
1610 3107 1844 3162 utantur,
1875 3115 2033 3169 atque
2073 3103 2142 3158 ob

2235 628 2431 681 θᾶττον
2463 626 2807 696 ἀνοηταίνειν
2837 623 3063 690 ἐλέγξω.
3101 623 3210 674 Καὶ
3247 622 3394 676 οὕτω
3453 622 3810 691 θεραπεύσας

2232 719 2326 772 τὸν
2367 716 2595 784 ἀδελφὸν
2625 714 2793 769 αὐτοῦ
2823 715 2916 767 καὶ
2943 713 3235 783 ὠφελήσας
3260 713 3442 767 οἴκαδε
3466 715 3815 769 ἀπέστειλεν.

2316 809 2598 861 Ἑκέλευσε
2618 807 2674 861 δὲ
2696 807 2947 874 γενέσθαι
2977 808 3041 859 ὲκ
3070 805 3241 870 ξύλων
3265 804 3529 874 βαλάντια
3550 806 3817 875 τέσσαρα.

2233 902 2344 956 Καὶ
2368 901 2437 954 τά
2475 900 2575 969 μὲν
2605 900 2700 953 δύο
2728 898 3105 971 περικαλύψας
3147 898 3416 951 πάντοθεν
3447 898 3684 967 χρυσίῳ,
3724 900 3823 951 καὶ

2234 995 2369 1047 ὀστᾶ
2420 992 2632 1064 νεκρῶν
2683 992 2914 1046 ὀδωδότα
2980 991 3160 1062 βαλὼν
3216 992 3274 1043 ἐν
3329 992 3539 1053 αὐτοῖς,
3582 996 3818 1061 χρυσαῖς

2236 1086 2495 1155 περόναις
2541 1082 3017 1155 κατησφαλίσατο’
3066 1084 3135 1135 τὰ.
3178 1084 3237 1136 δὲ
3264 1084 3400 1137 ἄλλα
3448 1083 3623 1156 πίσσῃ
3652 1100 3821 1136 κατα-

2235 1176 2430 1247 χρίσας
2476 1176 2572 1228 καὶ
2619 1174 3004 1244 ἁσφαλτὼσας,
3041 1174 3330 1245 ἐπλήρωσε
3398 1174 3565 1226 λίθων
3616 1173 3819 1243 τιμίων

2236 1271 2331 1322 καὶ
2362 1268 2661 1339 μαργάρων
2684 1267 3000 1338 πολυτίμων
3026 1265 3133 1337 43
3159 1268 3254 1320 καὶ
3276 1266 3457 1334 πάσης
3508 1265 3822 1336 μυρεψικῆς

2237 1359 2487 1421 εὐωδίας.
2514 1359 2778 1429 Σχοινίοις
2818 1375 2877 1410 τε
2916 1358 3181 1428 τριχίνοις
3206 1357 3379 1411 ταῦτα
3425 1357 3821 1428 περισφίγξας,

2237 1452 2463 1507 ἐκάλεσε
2497 1453 2622 1514 τοὺς
2655 1449 3050 1521 μεμψαμένους
3081 1448 3231 1519 αὐτῷ
3264 1450 3604 1517 μεγιστᾶνας
3631 1449 3726 1501 ἐπὶ
3749 1451 3818 1518 τῇ

2235 1547 2346 1598 τῶν
2371 1544 2582 1615 ἀνδρῶν
2601 1543 2827 1596 ἐκείνων
2861 1543 3208 1613 συναντήσει,
3238 1543 3335 1594 καὶ
3349 1541 3617 1612 προέθετο
3636 1542 3824 1602 αὐτοῖς

2236 1638 2302 1690 τὰ
2324 1637 2568 1706 τέσσαρα
2586 1635 2869 1706 βαλάντια,
2912 1634 3007 1688 τοῦ
3037 1634 3489 1705 ἀποτιμήσασθαι
3518 1634 3693 1687 πόσου
3720 1634 3818 1703 μὲν

2235 1728 2434 1793 ταῦτα,
2466 1729 2633 1782 πόσου
2668 1728 2727 1782 δὲ
2774 1729 2959 1781 ἐκεῖνα
2988 1728 3304 1799 τιμήμτός
3364 1728 3505 1781 εἰσιν
3563 1725 3713 1790 ἄξια.
3753 1728 3813 1779 Οί

2237 1823 2296 1876 δὲ
2333 1824 2402 1875 τὰ
2435 1822 2533 1893 μὲν
2556 1820 2650 1875 δύο
2677 1820 2749 1875 τὰ
2802 1821 3203 1892 κεχρυσωμένα
3238 1820 3406 1891 τιμῆς
3436 1820 3519 1874 ὅτι
3557 1819 3818 1887 πλείστης

2237 1912 2377 1968 εἶναι
2437 1914 2773 1985 διωρίζοντο.
2833 1913 3055 1978 Ἔξεστι
3096 1912 3226 1983 γὰρ,
3258 1914 3442 1984 φησὶν,
3498 1914 3559 1966 ἐν
3637 1911 3820 1974 αὐτοῖς

2238 2004 2496 2076 βασιλικὰ
2539 2005 2852 2075 διαδήματα
2890 2004 2987 2057 καὶ
3030 2003 3208 2068 ζώνας
3235 2002 3586 2058 ἀποκεῖσθαι·
3646 2004 3718 2057 τά
3763 2002 3820 2055 δὲ

2234 2103 2300 2169 τῇ
2324 2099 2491 2170 πίσσῃ
2528 2094 3144 2170 κατακεχρισμένωιιαι
3177 2101 3244 2168 τῇ
3270 2097 3533 2168 ἀσφάλτῳ
3564 2097 3820 2160 εὐτελοῦς

2234 2208 2380 2254 τινος
2409 2190 2505 2243 καὶ
2549 2191 2770 2262 οἰκτροῦ
2821 2181 3439 2261 τιμήματδςήκὺπάρχει.
3490 2189 3551 2241 Ὁ
3580 2189 3641 2241 δὲ
3670 2189 3823 2257 βασι-

2234 2282 2359 2345 λεὺς
2403 2285 2509 2355 ἔφη
2549 2282 2688 2353 πρὸς
2725 2282 2954 2345 αὐτούς’
2988 2277 3120 2336 Οἶδα
3163 2280 3319 2350 κάγὼ
3354 2280 3583 2335 τοιαῦτα
3638 2280 3825 2349 λέγειν

2236 2375 2407 2445 ὑμᾶς·
2440 2377 2557 2437 τοῖς
2593 2373 2877 2444 αἰσθητοῖς
2908 2372 3019 2445 γὰρ
3056 2373 3358 2445 ὀφθαλμοῖς
3396 2376 3495 2446 τὴν
3550 2373 3824 2443 αἰσθητήν

2232 2468 2357 2537 δψιν
2420 2469 2736 2519 κατανοεῖτε
2758 2482 2773 2497 ·
2816 2466 2912 2519 καὶ
2960 2466 3066 2538 μὴν
3121 2465 3221 2536 οὐχ
3264 2466 3439 2530 οὕτως
3487 2465 3574 2519 δεῖ
3617 2470 3821 2520 ποιεῖν’

2233 2558 2371 2613 ἀλλὰ
2403 2560 2517 2622 τοῖς
2550 2558 2700 2612 ἔνδον
2732 2557 2947 2629 ὄμμασι
2981 2557 3083 2629 τὴν
3122 2557 3274 2622 ὲντδς
3310 2559 3690 2629 ἀποκειμένην
3717 2560 3823 2631 χρὴ

2237 2652 2457 2722 βλέπειν
2514 2652 2626 2705 εἴτε
2678 2651 2849 2721 τιμὴν
2901 2650 3015 2704 εἴτε
3071 2649 3317 2720 ἀτιμίαν.
3370 2651 3485 2704 Καὶ
3523 2651 3822 2705 ἐκέλευσεν

2235 2744 2519 2813 ἀνοιγῆναι
2546 2741 2614 2795 τά
2646 2741 3048 2813 κεχρυσωμένα
3074 2741 3363 2812 βαλάντια.
3388 2742 3823 2813 Διανοιχθέντων

2234 2834 2312 2900 δὲ,
2346 2836 2495 2907 δεινή
2524 2852 2609 2900 τις
2628 2835 2861 2890 ἔπνευσε
2883 2835 3120 2891 δυσωδία
3147 2835 3244 2890 καὶ
3271 2836 3582 2908 ἀηδεστάτῃ
3621 2836 3816 2909 ὠράθη

2235 2928 2356 2983 θέα.

2304 3022 2473 3090 Φησὶν
2492 3019 2587 3076 οὖν
2605 3025 2633 3077 ὁ
2656 3022 2907 3093 βασιλεύς
2928 3039 2942 3055 ο
2956 3014 3163 3087 Οὗτοςὸ
3184 3022 3355 3087 τύπος
3375 3024 3566 3077 τῶντά
3590 3023 3658 3076 λα
3667 3025 3823 3093 μπρά

2239 3114 2340 3184 μὲν
2372 3117 2468 3168 καὶ
2496 3114 2683 3180 ἔνδοξα
2708 3116 3125 3186 ὴμφιεσμένων,
3160 3116 3330 3185 πολλῇ
3370 3117 3426 3170 δὲ
3447 3116 3577 3188 δόξῃ
3605 3118 3707 3170 καὶ
3738 3117 3823 3169 δυ-

576 3187 841 3254 ingentem
864 3187 1085 3255 gloriam
1107 3197 1161 3241 et
1183 3187 1473 3255 potentiam
1499 3188 1788 3245 insolenter
1811 3206 1871 3245 se
1894 3192 2141 3261 efferant,

2242 3208 2467 3279 ναστείᾳ
2511 3207 2975 3278 σοὸαρευομένων,
3003 3208 3101 3260 καὶ
3137 3208 3339 3261 ἔσωθεν
3369 3210 3708 3274 ἀποζῶντων
3741 3226 3826 3263 νει

576 3275 715 3330 intus
741 3288 913 3330 tamen
944 3276 1119 3331 fetidis
1139 3278 1485 3333 cadaveribus
1507 3294 1568 3331 ac
1591 3279 1802 3349 ﬂagitiis
1829 3283 1969 3350 pleni
1996 3294 2141 3338 sunt.

576 3365 704 3420 Post
732 3378 937 3428 autem,
970 3382 1089 3422 cum
1121 3383 1212 3421 eas
1252 3384 1369 3434 qure
1417 3371 1531 3438 pice
1570 3386 1634 3425 ac
1677 3372 1934 3430 bitumine
1965 3376 2145 3433 oblitae

573 3465 760 3518 erant,
805 3458 998 3524 aperiri
1041 3456 1319 3525 iussisset,
1368 3475 1555 3513 omnes
1604 3476 1698 3516 eos
1746 3464 1836 3532 qui
1886 3464 2141 3531 aderant,

575 3533 864 3596 splendore
909 3542 1067 3601 atque
1108 3536 1291 3590 odoris
1334 3538 1594 3591 suavitate
1624 3553 1741 3607 quae
1786 3537 1841 3590 in
1881 3538 2012 3606 ipsis
2056 3555 2148 3593 re-

574 3619 788 3673 condita
819 3632 931 3674 erat
962 3623 1269 3680 oblectavit.
1320 3625 1562 3694 Dixitque
1587 3628 1666 3681 eis
1694 3642 1708 3679 :
1741 3627 1901 3682 Scitis
1929 3628 2141 3683 cuinam

574 3711 653 3763 rei
684 3712 764 3764 ha:
794 3726 935 3766 arcas
976 3714 1176 3769 similes
1203 3717 1342 3770 sint?
1371 3716 1654 3771 humilibus
1695 3719 1943 3773 nimirum
1986 3730 2145 3790 atque

571 3799 792 3867 abjectis
839 3800 943 3854 illis
969 3803 1118 3866 viris,
1168 3804 1463 3874 vilibusque
1493 3807 1732 3861 vestibus
1762 3808 1981 3873 indutis,
2011 3824 2147 3878 qun-

571 3900 690 3939 rum
735 3902 830 3942 vos
876 3899 1150 3943 externum
1200 3890 1436 3945 habitum
1481 3894 1772 3961 intuentes,
1810 3898 2145 3953 contumelia:

570 3989 634 4027 ac
663 3977 857 4043 probro
881 3978 1013 4031 mihi
1039 3980 1291 4047 duxistis,
1317 3982 1454 4049 quod
1486 3994 1611 4038 ante
1631 3998 1726 4039 eos
1753 3986 1805 4039 iu
1832 3994 2026 4042 terram
2055 4004 2146 4045 me

570 4066 907 4132 abjecissem.
964 4069 1074 4136 Ego
1123 4079 1299 4123 autem
1354 4086 1538 4127 eorum
1588 4074 1932 4145 dignitatem,
1981 4088 2142 4145 atque

566 4155 869 4209 animorum
902 4159 1341 4226 pulchritudinem
1372 4165 1731 4231 spiritualibus
1758 4176 1929 4222 oculis
1957 4169 2138 4223 consi-

570 4248 791 4312 derans,
825 4263 891 4301 ex
922 4252 1157 4317 ipsorum
1186 4262 1433 4308 contactu
1461 4255 1684 4325 gloriam
1713 4260 1991 4325 contraxi,
2022 4275 2142 4314 eos-

566 4352 673 4405 que
699 4341 884 4406 quavis
909 4356 1106 4397 corona
1131 4354 1187 4399 et
1223 4347 1408 4413 quavis
1438 4349 1580 4418 regia
1623 4366 1853 4419 purpura
1884 4363 2145 4422 praestan-

568 4429 733 4483 tiures
760 4432 1081 4491 existimavi.
1113 4434 1193 4489 Ad
1235 4436 1376 4492 hunc
1421 4440 1578 4509 igitur
1622 4443 1837 4497 modum
1882 4445 2142 4511 pudorem

565 4522 698 4589 ipsis
726 4523 974 4585 incussit.
1004 4540 1204 4595 eosque
1241 4528 1294 4581 in
1323 4528 1407 4583 his
1445 4531 1605 4585 rebus
1634 4548 1754 4601 quae
1784 4536 1837 4587 in
1864 4543 2139 4602 aspectum
2162 4546 2213 4607 ι)

569 4611 767 4665 cadunt
811 4613 1031 4669 minitne
1060 4616 1310 4671 oberrare
1353 4619 1564 4683 docuit,
1594 4636 1778 4676 verum
1810 4624 1876 4677 iis
1904 4624 2139 4678 animum

574 4700 866 4769 adjungere
892 4717 1011 4771 qua:
1040 4703 1309 4758 intellectu
1353 4708 1732 4776 percipiuntur.
1765 4710 1943 4778 Itaque
1968 4712 2034 4766 ad
2066 4712 2138 4780 pii

568 4797 628 4845 et
656 4792 915 4859 sapientis
959 4796 1099 4865 regis
1136 4796 1535 4853 similitudinem
1579 4801 1693 4868 ipse
1718 4816 1932 4872 quoque
1960 4818 2143 4859 acces-

566 4880 721 4945 sisti;
772 4890 832 4935 ut
872 4884 960 4951 qui
1005 4885 1144 4939 bona
1192 4899 1288 4955 spe
1342 4888 1497 4943 nixus
1537 4905 1625 4946 me
1663 4895 1983 4963 susceperis,
2025 4912 2147 4965 quae

565 4968 778 5039 quidem
798 5012 814 5037 ,
846 4981 905 5026 ut
929 4976 1142 5039 Opinor,
1174 4976 1394 5031 minime
1422 4984 1475 5034 te
1503 4978 1669 5035 fallet.
1700 4980 1839 5035 Dixit
1864 4994 2044 5038 autem
2075 4984 2143 5039 ad

566 5075 692 5115 eum
723 5061 1019 5131 Josapbat:
1057 5066 1181 5119 Hac
1221 5081 1402 5121 omnia
1451 5069 1670 5135 pulchre
1696 5082 1855 5140 atque
1883 5076 2147 5130 concinne

564 5152 767 5207 dixisti.
797 5155 995 5210 Verum
1022 5156 1148 5211 illud
1175 5158 1313 5214 scire
1341 5174 1493 5226 aveo,
1517 5162 1761 5232 quisnam
1789 5165 1858 5220 sit
1886 5175 2006 5221 tuus
2035 5166 2143 5220 Do-

568 5244 769 5307 minus.
806 5260 965 5314 quem
1010 5258 1065 5301 tu
1105 5250 1360 5306 orationis
1388 5252 1541 5308 initio
1569 5255 1637 5311 de
1682 5256 1778 5311 illo
1822 5258 2148 5315 seminature

566 5336 731 5388 verba
761 5335 953 5393 fecisse
979 5339 1216 5395 dicebas.

635 5426 768 5481 Cn.
799 5426 911 5483 Vll.
943 5459 1013 5469 —-
1050 5430 1254 5487 Rursus
1299 5433 1455 5503 igitur
1510 5450 1810 5495 sermonem
1859 5456 2138 5498 assumens

2242 3299 2393 3369 κρῶν
2425 3300 2518 3353 καὶ
2551 3299 2804 3371 πονηρῶν
2830 3298 3030 3370 ἔργων.
3056 3295 3190 3352 Εἶτα
3206 3302 3300 3353 καὶ
3319 3302 3387 3355 τά
3418 3304 3824 3373 πεπισσωμένα

2240 3390 2338 3443 καὶ
2361 3392 2870 3463 κατησφαλτωμένα
2892 3391 3159 3457 κελεύσας
3179 3394 3655 3465 ἀνακαλυφθῆναι,
3682 3397 3823 3450 πάν-

2240 3498 2339 3546 τας
2358 3481 2595 3553 εὖφρανε
2615 3486 2742 3547 τοὺς
2762 3484 3039 3555 παρόντας
3062 3487 3129 3556 τῇ
3156 3485 3265 3538 τῶν
3289 3486 3347 3538 ὲν
3377 3487 3566 3550 αὐτοῖς
3588 3488 3821 3541 ἀποκειο

2246 3571 2422 3640 μένων
2443 3571 2764 3642 φαιδρότητι
2788 3572 2886 3626 καὶ
2910 3573 3133 3645 εὐωδίᾳ.
3171 3573 3317 3646 Ἔφη
3344 3575 3400 3629 δὲ
3422 3576 3559 3647 πρὸς
3585 3578 3787 3642 αὐτούς
3806 3594 3820 3608 ·

2243 3662 2434 3715 Οἴδατε
2460 3663 2565 3717 τίνι
2586 3663 2750 3733 ὅμοια
2768 3663 2978 3726 causa;
3010 3668 3123 3728 τοῖς
3147 3669 3423 3729 ταπεινοῖς
3451 3669 3695 3733 ἐκείνοις
3729 3671 3819 3723 καὶ

2242 3752 2433 3822 εὐτελῆ
2451 3752 3140 3823 περικειμένοιςὲνδύματα
3159 3755 3290 3826 (9f),
3311 3750 3386 3809 ὧν
3404 3756 3559 3825 ὑμεῖς
3578 3758 3643 3811 τὸ
3657 3759 3820 3822 ἐκτὸς

2239 3844 2473 3914 ὁρῶντες
2501 3844 2612 3917 Μ
2636 3845 2845 3915 σχῆμα,
2873 3845 3030 3916 ’ύὸριν
3058 3848 3339 3917 ἡγήσασθε
3364 3847 3465 3919 τὴν
3494 3850 3641 3920 ἐμὴν
3672 3853 3813 3904 κατὰ

2240 3936 2535 4007 πρόσωπον
2563 3938 2746 3990 αὐτῶν
2773 3937 2867 3991 ἐπὶ
2890 3939 2995 4009 γῆς
3029 3939 3406 4010 προσκύνησιν
3423 3960 3435 3972 ·
3462 3941 3574 4011 ἐγὼ
3595 3944 3680 4010 δὲ,
3712 3945 3824 4008 τοῖς

2240 4031 2449 4100 νοεροῖς
2476 4028 2691 4099 ὄμμασι
2715 4029 2777 4082 τὸ
2805 4028 2985 4099 τίμιον
3025 4030 3209 4083 αὐτῶν
3233 4031 3329 4084 καὶ
3359 4031 3699 4102 περικαλλὲς
3727 4052 3827 4089 κα-

2239 4123 2511 4192 τανοήσας
2556 4120 2665 4175 τῶν
2704 4120 2916 4191 ψυχῶν,
2964 4122 3321 4195 ὲνεδοξάσθην
3358 4123 3461 4194 μὲν
3490 4127 3556 4194 τῇ
3607 4126 3823 4180 τούτων

2240 4214 2621 4285 προσψαύσει,
2660 4213 2860 4278 παντὸς
2901 4213 2961 4267 δὲ
3001 4215 3270 4284 στεφάνου
3309 4219 3403 4270 καὶ
3440 4218 3631 4289 πάσης
3664 4219 3822 4289 βασι-

2239 4308 2399 4378 λικῆς
2462 4307 2776 4378 ἀλουργίδος
2820 4308 3192 4380 τιμιωτέρους
3238 4311 3438 4375 αὐτοὺς
3490 4313 3816 4383 ἡγησάμην.

2240 4397 2428 4458 Οὕτως
2465 4391 2560 4450 οὖν
2592 4394 2791 4459 αὐτοὺς
2815 4394 3043 4467 ᾔσχυνε,
3074 4400 3170 4452 καὶ
3191 4399 3401 4467 ἐδίδαξε
3425 4401 3500 4474 μὴ
3548 4405 3667 4466 τοῖς
3691 4422 3818 4473 φαι-

2239 4489 2485 4557 νομένοις
2511 4486 2845 4553 πλανᾶσθαι,
2877 4488 3017 4541 ἀλλὰ
3038 4491 3151 4551 τοῖς
3170 4491 3481 4560 νοουμένοις
3502 4494 3813 4563 προσέχειν.

2241 4578 2376 4632 Κατ’
2406 4580 2612 4631 ἐκεῖνον
2661 4578 2842 4633 τοίνυν
2883 4580 2975 4634 τὸν
3027 4581 3228 4651 εὐσεΰῆ
3273 4583 3368 4636 καὶ
3398 4584 3559 4652 σοφὸν
3589 4585 3816 4653 βασιλέα

2242 4668 2337 4721 καὶ
2368 4669 2433 4721 σὺ
2469 4666 2798 4738 πεποίηκας,
2845 4672 2911 4740 τῇ
2955 4672 3134 4743 ἀγαθῇ
3167 4673 3345 4726 ἐλπίδι
3376 4672 3814 4744 προσδεξάμενός

2241 4775 2332 4830 με,
2353 4754 2422 4830 ἧς
2458 4758 2520 4810 οὐ
2552 4758 2861 4830 ψευσθήσῃ,
2910 4759 2987 4823 ὼς
3015 4760 3193 4829 ἔγωγε
3217 4757 3393 4832 οἶμαι.
3431 4759 3571 4817 Eine
3600 4765 3660 4817 δὲ
3682 4765 3812 4834 πρὸς

2232 4851 2397 4905 αὐτὸν
2430 4853 2459 4903 ὁ
2502 4848 2736 4921 Ίωάσαφ
2758 4868 2773 4883 ⁸
2807 4854 2851 4904 Τ
2853 4851 2996 4907 αὔτα
3027 4856 3125 4924 μὲν
3144 4854 3209 4924 δὴ
3240 4858 3418 4910 πάντα
3444 4856 3628 4921 καλῶς
3654 4854 3813 4919 εἶπας

2233 4943 2331 4996 καὶ
2362 4943 2714 5012 εὐαρμόστως
2733 4960 2748 4973 ·
2771 4943 2888 4997 ἀλλ’
2919 4946 3096 4998 έκεῖνο
3122 4945 3262 4999 θέλω
3293 4947 3507 5015 μαθεῖν,
3540 4950 3629 5010 τίς
3663 4951 3810 5001 ἐστιν

2235 5037 2266 5088 ὁ
2289 5035 2379 5097 σὸς
2414 5034 2711 5107 Δεσπότης,
2741 5036 2800 5089 ὃν
2837 5038 2960 5090 κατ’
3000 5037 3177 5108 ἀρχάς
3216 5038 3313 5091 τοῦ
3346 5040 3509 5108 λόγου
3551 5042 3685 5111 περὶ
3719 5041 3810 5093 τοῦ

2240 5125 2489 5197 σπορέως
2515 5125 2728 5180 ἐκείνου
2752 5128 3037 5198 εἰρηκέναι
3069 5128 3275 5198 ἔλεγες.

2294 5445 2452 5498 ΚΕΦ.
2480 5447 2551 5501 Ζ¹.
2584 5441 2750 5508 Αὖθις
2770 5441 2863 5499 οὖν
2886 5445 3170 5500 ἀναλαϐὼν
3189 5448 3279 5501 τὸν
3299 5448 3457 5515 λόγον
3484 5451 3512 5501 ὁ
3535 5446 3817 5517 Βαρλαάμ,

631 5600 742 5700 (9i)
772 5618 847 5700 ρο
869 5620 1222 5700 περιικεῖσθαί
1250 5637 1315 5700 τι.
1334 5621 1518 5676 notavi
1550 5620 1602 5700 in
1631 5620 1967 5700 Notit._niss._
1995 5636 2126 5683 tom.

2237 5669 2244 5700 ,ν
2288 5642 2350 5692 ιι,
2399 5644 2489 5697 pp.
2519 5627 2807 5700 29_etl_5l.
2834 5625 3072 5700 Joannes
3101 5626 3295 5700 Chrys.
3315 5628 3455 5697 ρ.ιὸ
3473 5628 3649 5685 Cotel.
3675 5630 3801 5699 εβαο

558 5690 742 5770 σιλεὺς
768 5686 839 5770 ei,
865 5686 1684 5770 staaﬁﬁE‘BtnﬁepEXEWal:PU“!
1717 5695 2086 5770 scribendum,
2137 5702 2143 5747 ἐ

2237 5686 2376 5769 Ξημα
2399 5686 2532 5770 περ.
2582 5697 2839 5770 Displicet
2882 5696 3120 5770 διάδημά
3148 5686 3369 5770 τι”περ.
3404 5700 3523 5769 lpse

3570 5702 3716 5755 hom.
3752 5716 3798 5751 tu

558 5762 635 5841 ἓ..
651 5761 899 5841 Lumina,
930 5776 983 5841 ι),
1014 5760 1136 5841 fg).
1164 5759 1406 5815 Combel'.
1436 5779 1449 5813 :
1482 5761 1592 5841 Τήν
1620 5762 1801 5841 σάρκα
1828 5765 1952 5841 εἰκῆ
1976 5759 2143 5840 περικ

2237 5759 2390 5825 ιεῖἱον.
2418 5759 2627 5825 ltursus
2658 5759 2871 5824 Homm.
2910 5784 2939 5823 a
2970 5759 3244 5827 M'u'ttbtnio
3272 5759 3498 5827 editis't.
3522 5770 3564 5838 Ι,
3604 5786 3656 5840 p.
3694 5770 3795 5826 80:

560 5827 641 5904 Τῇ
670 5835 814 5904 χειρὶ
838 5834 903 5903 τῇ
930 5827 1030 5903 τὴν
1050 5829 1242 5885 ἅλυσιν
1275 5827 1636 5904 περικειμένῃ
1659 5849 1672 5865 ο
1697 5827 1798 5891 ἰιὺί
1827 5827 2019 5894 editor.
