4070 6430
168 476 294 538 903

1263 453 1443 518 VITA
1482 450 1834 514 BARLAAM
1876 448 1970 511 ET
2006 447 2357 512 JOASAPH.

3319 459 3423 524 906

163 573 338 631 ιῐπεν
369 573 504 645 (9⁸2)·
541 574 606 626 El.
637 571 732 625 τὸν
773 570 906 641 ἐμὸν
938 568 1117 640 βούλει
1163 567 1444 639 Δεσπότην
1483 565 1692 639 μαθεῖν,
1729 568 1758 620 6

1870 570 2101 626 Barlaam
2122 611 2140 638 ,
2171 571 2342 626 dixit:
2371 569 2429 624 Si
2472 569 2712 638 quisnam
2759 569 3016 626 Dominus
3044 586 3192 627 meus
3231 573 3300 627 sit
3342 571 3430 626 in-

162 666 384 737 Κύριός
415 666 562 717 ἐστιν
610 659 816 732 ἰησοῦς
834 660 1092 733 Χριστὸς,
1123 661 1153 714 ὁ
1177 659 1475 730 μονογενὴς
1514 657 1644 720 Υίὸς
1659 656 1756 710 τοῦ

159 758 337 822 Θεοῦ,
377 760 406 811 ό
441 755 714 826 μακάριος
754 753 852 807 καὶ
884 754 1050 823 μόνος
1097 752 1394 823 δυνάστης,
1433 753 1464 804 ό
1490 749 1758 812 Βασιλεὺς

157 848 283 900 τῶν
319 847 712 919 βασιλευόντων
766 845 860 898 καὶ
891 845 1096 912 Κύριος
1149 843 1261 897 τῶν
1303 844 1693 912 κυριευόντων,
1728 844 1758 896 6

165 939 342 1008 μόνος
370 939 510 1009 ἔχων
547 936 872 1002 ἀθανασίαν,
916 936 1032 1004 φῶς
1075 935 1242 990 οἰκῶν
1291 936 1592 1008 ἀπρόσιτον
1615 935 1752 1008 (95),

157 1032 188 1086 ό
222 1032 334 1083 σὺν
375 1030 550 1098 Πατρὶ
593 1030 688 1082 καὶ
717 1028 857 1099 ἁγίῳ
903 1027 1180 1099 Πνεύματι
1207 1026 1584 1098 δοξαζόμενος.
1643 1030 1758 1082 Οὐκ

159 1120 291 1190 εἰμὶ
318 1120 428 1188 γὰρ
451 1119 562 1187 ἐγὼ
584 1119 692 1173 τῶν
718 1121 846 1180 τοὺς
864 1119 1090 1183 πολλοὺς
1111 1118 1335 1184 τούτους
1369 1121 1466 1174 καὶ
1485 1121 1759 1184 ἀτάκτους

160 1210 624 1280 ἀναγορευόντων
648 1209 827 1275 θεοὺς,
855 1211 950 1264 καὶ
964 1211 1035 1265 τὰ
1058 1210 1243 1282 ἀψυχα
1262 1209 1437 1265 ταῦτα
1469 1213 1564 1265 καὶ
1596 1212 1758 1280 κωφά

161 1298 492 1370 σεϐομένων
525 1301 752 1355 είδωλα’
785 1301 901 1356 ἀλλ’
926 1302 1020 1355 ἕνα
1053 1301 1187 1355 Θεὸν
1217 1302 1476 1372 γινώσκω
1502 1305 1598 1357 καὶ
1619 1306 1756 1373 ὁμο-

159 1391 322 1460 λογῶ
483 1395 538 1445 ὲν
583 1394 762 1462 τρισὶν
793 1394 1126 1447 ὑποστάσεσι
1151 1394 1531 1466 δοξαζόμενον,
1582 1395 1760 1468 Πατρί

161 1501 351 1555 φημι,
384 1487 479 1539 καὶ
510 1485 643 1556 Υίῷ,
675 1487 772 1540 καὶ
805 1489 945 1558 ἁγίῳ
971 1487 1269 1558 Πνεύματι,
1297 1489 1356 1540 ὲν
1386 1491 1484 1560 μιᾷ
1510 1489 1566 1542 δὲ
1597 1488 1760 1558 φύσει

163 1579 262 1631 καὶ
298 1579 486 1650 οὐσία.
513 1579 571 1632 ὲν
604 1571 700 1650 μιᾷ
729 1579 855 1649 δόξῃ
892 1580 987 1633 καὶ
1016 1579 1266 1652 βασιλείᾳ
1295 1581 1370 1651 μὴ
1397 1581 1756 1654 μεριζομένῃ.

163 1665 353 1735 Οὗτος
373 1667 465 1726 οὖν
488 1673 515 1724 6
545 1673 603 1725 tv
623 1672 802 1742 τρισὶν
831 1673 1194 1728 ὑποστάσεσιν
1218 1669 1299 1734 εἷς
1329 1674 1485 1740 Θεὸς,
1521 1676 1760 1747 ἄναρχός

163 1781 224 1818 τε
247 1766 358 1818 καῖ
379 1763 755 1834 ἀτελεύτητος,
781 1764 1004 1830 αἰώνιός
1029 1783 1092 1819 τε
1122 1766 1219 1820 καὶ
1248 1766 1441 1831 ἀΐδιος,
1478 1767 1757 1836 ἄκτιστος,

163 1857 451 1926 ἄτρεπτός
471 1874 530 1910 τε
553 1857 648 1910 καὶ
666 1855 984 1928 ἀσώματος,
1028 1859 1284 1930 ἀόρατος,
1315 1859 1756 1931 ἅπερίγραπτος,

1858 663 2098 733 telligere
2122 664 2296 732 cupis,
2329 662 2586 717 Dominus
2612 662 2766 718 Jesus
2792 663 3036 720 Christus
3057 675 3166 732 est,
3192 667 3432 735 unigeni-

1856 763 1963 814 tus.
1994 756 2206 823 inquam
2226 795 2241 819 ,
2275 753 2362 809 ille
2389 754 2483 808 Dei
2516 753 2700 819 Filius,
2736 754 2828 809 ille
2870 755 3058 810 beatus
3082 766 3139 811 et
3161 758 3307 812 solus
3339 774 3433 825 po-

1860 852 2001 907 tens,
2034 843 2124 898 ille
2166 843 2276 898 Rex
2307 859 2490 914 regum
2519 854 2574 898 et
2603 843 2856 900 Dominus
2885 847 3269 900 dominantium
3295 892 3309 915 ,
3341 849 3430 918 qui

1855 935 1998 989 solus
2035 935 2194 990 habet
2221 933 2673 989 immortalitatem
2692 977 2706 999 ,
2737 951 2800 990 ac
2844 936 3016 992 lucem
3047 936 3249 992 habitat
3279 939 3431 992 inac-

1855 1024 2187 1089 cesaibilem,
2218 1026 2308 1094 qui
2351 1039 2474 1080 cum
2503 1025 2659 1080 Patre
2684 1036 2738 1082 et
2763 1026 2960 1092 Spiritu
2998 1040 3183 1083 sancto
3223 1029 3430 1098 gloriﬁ-

1857 1124 2007 1170 catur
2032 1115 2082 1186 (Ι
2111 1115 2241 1169 Tim.
2268 1115 2366 1186 vr).
2393 1118 2571 1185 Neque
2592 1121 2736 1171 enim
2760 1132 2824 1172 ex
2848 1133 3030 1172 eorum
3061 1133 3290 1174 numero
3314 1135 3431 1174 sum

1859 1207 1949 1276 qui
1980 1207 2172 1261 multos
2201 1208 2300 1262 hos
2326 1218 2381 1263 et
2411 1208 2710 1277 petulantes
2733 1209 2864 1265 deos
2891 1211 3104 1274 colunt,
3135 1222 3291 1278 atque
3320 1212 3435 1266 haec

1862 1297 2054 1350 animai
2081 1298 2317 1364 expertia
2349 1307 2402 1353 et
2431 1297 2592 1352 surda
2636 1298 2920 1353 simulacra
2963 1310 3313 1365 venerantur;
3346 1314 3438 1354 ve-

1863 1401 1982 1441 rum
2013 1401 2172 1440 unum
2205 1387 2369 1442 Deum
2399 1402 2631 1456 agnosco
2655 1396 2711 1444 et
2751 1391 3034 1454 conliteor,
3067 1395 3156 1460 qni
3189 1391 3237 1443 in
3271 1393 3435 1446 tribu:

1868 1481 2131 1548 personis,
2167 1483 2266 1536 hoc
2302 1489 2386 1534 est
2425 1481 2585 1536 Patre
2627 1492 2681 1536 et
2723 1482 2861 1537 Filio
2891 1493 2944 1538 et
2987 1482 3184 1550 Spiritu
3230 1495 3436 1547 sancto,

1867 1582 2028 1636 atque
2054 1586 2152 1623 una
2202 1582 2388 1626 natura
2416 1580 2470 1626 et
2497 1573 2750 1638 essentia,
2784 1573 2835 1626 in
2866 1588 2971 1627 una
2999 1571 3166 1641 gloria
3195 1581 3248 1625 et
3279 1587 3439 1639 regno

1863 1662 2082 1715 minime
2110 1661 2284 1716 diviso
2324 1662 2669 1731 gloriﬁcatur.
2717 1663 2812 1718 Hic
2844 1665 3004 1732 igitur
3035 1667 3082 1717 in
3117 1664 3286 1716 tribus
3317 1678 3437 1731 per-

1863 1751 2008 1805 sonis
2053 1767 2188 1805 unus
2226 1751 2384 1818 Dens,
2436 1753 2680 1822 principii
2729 1767 2792 1808 ac
2839 1753 2959 1807 linis
3010 1767 3204 1821 expers
3248 1752 3437 1823 (New,

1866 1853 1995 1894 orat.
2019 1841 2085 1903 2,
2113 1843 2176 1894 de
2207 1840 2448 1911 Pasch.),
2494 1843 2869 1912 sempiternus,
2918 1843 3206 1907 increatns.
3252 1845 3440 1896 immu-

167 1949 558 2020 ἀπερινόητος,
590 1949 795 2017 ἀγαθὸς
823 1951 920 2004 καὶ
950 1949 1158 2015 δίκαιος
1194 1951 1375 2022 μόνος,
1421 1953 1451 2005 6
1480 1954 1550 2006 τά
1579 1953 1759 2010 πάντα

1870 1933 2060 1995 labilis,
2089 1947 2314 2001 corpore
2359 1948 2576 1999 vacans,
2606 1933 2885 1989 invisibilis
2904 1973 2920 1996 ,
2950 1933 3443 2000 circumscriptione

167 2039 230 2090 ἐκ
277 2037 367 2108 μὴ
385 2035 554 2091 ὄντων
596 2038 1066 2111 ὑποστησάμενος,
1105 2040 1176 2094 τά
1215 2056 1278 2092 τε
1325 2039 1498 2110 ὁρατὰ
1541 2041 1635 2093 καὶ
1690 2040 1762 2095 τὰ

172 2129 414 2199 ἀόρατα,
445 2131 660 2202 πρῶτον
692 2131 793 2202 μὲν
817 2132 1144 2203 δημιουργεῖ
1163 2130 1265 2195 τὰς
1293 2131 1579 2202 οὐρανίους
1608 2131 1762 2185 δυνά-

178 2237 299 2288 μεις
339 2221 439 2274 καὶ
479 2222 764 2293 ἀοράτους,
793 2223 1150 2294 ἀναρίθμητά
1175 2240 1298 2276 τινα
1329 2223 1509 2295 πλήθη
1535 2224 1673 2278 ἀῦλά
1699 2241 1760 2278 τε

175 2316 270 2368 καὶ
292 2315 596 2386 ἀσώματα,
629 2316 982 2387 λειτουργικὰ
1020 2317 1310 2388 πνεύματα
1357 2319 1460 2388 τῆς
1493 2319 1587 2371 τοῦ
1622 2317 1759 2371 Θεοῦ

177 2407 610 2479 μεγαλειότητος
628 2425 642 2438 ο
670 2408 861 2463 ἔπειτα
891 2410 985 2464 τὸν
1011 2410 1292 2481 ὁρώμενον
1319 2411 1527 2482 κόσμον
1543 2411 1760 2475 τοῦτον,

177 2501 411 2572 οὐρανόν
450 2519 511 2556 τε
549 2502 643 2556 καὶ
684 2503 789 2573 γῆν
842 2503 939 2556 καὶ
989 2503 1090 2574 τὴν
1121 2502 1423 2569 θάλασσαν,
1466 2505 1634 2575 ὅνπερ
1667 2504 1764 2559 καὶ

181 2592 320 2662 φωτὶ
363 2592 666 2664 φαιδρύνας
713 2595 1156 2666 κατεκόσμησεν,
1208 2595 1442 2666 οὐρανὸν
1497 2595 1596 2666 μὲν
1625 2595 1762 2666 ἡλίῳ

181 2686 273 2738 καὶ
307 2684 517 2757 σελήνη
558 2686 788 2750 καὶτοῖς
835 2687 1078 2758 ἄστροις,
1112 2688 1216 2758 γῆν
1241 2687 1298 2740 δὲ
1327 2687 1604 2751 παντοίοις
1631 2687 1761 2758 βλα-

183 2778 427 2848 στήμασι
449 2778 545 2830 καὶ
570 2776 852 2848 διαφόροις
872 2777 1053 2842 ζώοις.
1084 2779 1184 2848 τήν
1208 2795 1270 2831 τε
1299 2777 1575 2832 θάλασσαν
1600 2779 1762 2832 πάλιν

183 2867 254 2937 τῷ
304 2867 636 2939 παμπληθεῖ
678 2868 787 2922 τῶν
819 2869 1037 2940 νηκτῶν
1087 2870 1258 2940 γένει.
1319 2871 1506 2925 Ταῦτα
1558 2871 1760 2936 πάντα,

188 2961 346 3024 αὐτὸς
376 2955 522 3028 εἷπε,
555 2960 650 3014 καὶ
693 2961 1086 3033 ἐγεννήθησαν,
1117 2963 1278 3027 αὐτὸς
1312 2964 1617 3017 ἐνετείλατο
1653 2963 1762 3030 ,καὶ

187 3053 515 3126 ἐκτίσθησαν
547 3054 680 3126 (94).
737 3051 874 3108 Εῐτα
927 3055 1255 3128 δημιουργεῖ
1321 3056 1413 3111 τὸν
1476 3055 1763 3128 ἄνθρωπον

186 3149 375 3217 χερσὶν
434 3147 616 3213 ἰδίαις,
671 3148 800 3220 χοῦν
845 3149 946 3220 μὲν
984 3149 1170 3203 λαϐὼν
1226 3150 1334 3204 ἀπὸ
1377 3151 1477 3221 τῆς
1533 3151 1637 3220 γῆς
1681 3153 1763 3215 εἰς

185 3239 476 3293 διάπλασιν
506 3239 600 3294 τοῦ
657 3239 931 3310 σώματος,
971 3240 1072 3312 τὴν
1100 3241 1159 3296 δὲ
1205 3241 1385 3312 ψυχὴν
1418 3241 1642 3313 λογικὴν
1667 3243 1762 3295 καὶ
1789 3261 1830 3319 c

188 3332 382 3402 νοερὰν
403 3331 493 3385 διὰ
519 3331 614 3384 τοῦ
637 3333 843 3386 οἰκείου
876 3333 1100 3403 ὲμφυσή
1110 3349 1279 3402 ματος
1311 3333 1460 3403 αὖτῷ
1481 3333 1605 3396 δοὺς
1622 3333 1756 3404 (95),

191 3425 313 3494 ἦτις
357 3425 470 3478 κατ’
497 3427 680 3478 είκόνα
709 3426 803 3479 καὶ
843 3425 1105 3495 ὁμοίωσιν
1137 3425 1230 3480 τοῦ
1263 3425 1400 3479 Θεοῦ
1437 3425 1758 3498 δεδημιουρ-

191 3514 396 3585 γῆσθαι
429 3516 736 3587 γέγραπται
760 3516 894 3588 (96)·
927 3517 1046 3570 κατ’
1079 3517 1266 3570 εἰκόνα
1299 3517 1418 3586 μὲν,
1450 3517 1540 3571 διά
1560 3518 1620 3571 τὸ
1648 3536 1763 3572 νοε-

192 3606 281 3676 ρὸν
310 3605 410 3658 καὶ
439 3605 807 3672 αὐτεξούσιον,
851 3606 976 3661 καθ’
1013 3607 1276 3676 ὁμοίωσιν
1305 3607 1361 3661 δὲ
1403 3606 1492 3660 διὰ
1538 3608 1638 3676 τὴν
1662 3610 1762 3679 τῆς

187 3699 386 3768 ἀρετῆς
407 3697 552 3752 κατὰ
575 3699 634 3751 τὸ
656 3698 880 3750 δυνατὸν
1024 3697 1287 3768 ὁμοίωσιν
1310 3697 1444 3769 (97).
1460 3696 1662 3752 Τοῦτον
1675 3698 1765 3751 τὸν

191 3789 473 3862 ἄνθρωπον
511 3775 952 3863 αύτεξουσιότητι
1015 3793 1110 3846 καὶ
1175 3791 1448 3863 ἀθανασίᾳ
1501 3791 1764 3862 τιμήσας,

198 3882 416 3951 βασιλέα
443 3882 554 3936 τῶν
593 3883 810 3952 ὲπὶγῆς
846 3883 1204 3953 κατέστησεν*
1236 3883 1463 3952 εποίησε
1494 3883 1552 3936 δὲ
1581 3883 1641 3950 ἐξ
1668 3885 1769 3937 αὐ-

197 3973 274 4026 τοῦ
301 3975 366 4027 τὸ
395 3973 554 4042 θῆλυ,
585 3973 778 4045 βοηθὸν
810 3973 960 4045 αὐτῷ
993 3975 1118 4028 κατ’
1158 3973 1322 4028 αὐτόν
1348 3974 1486 4044 (98).

1868 2039 2079 2089 carens,
2107 2025 2266 2078 animi
2292 2023 2824 2094 comprehensionem
2850 2025 3072 2093 fugiens,
3099 2025 3246 2078 solus
3272 2023 3444 2079 bonus

1869 2133 1933 2172 ac
1956 2120 2133 2188 justus
2173 2126 2288 2183 est,
2321 2118 2410 2186 qui
2451 2119 2652 2181 omnia,
2683 2127 2788 2170 tant
2817 2131 2931 2184 quze
2959 2115 3126 2170 oculis
3155 2124 3446 2170 cernuntur

1870 2224 2027 2279 quam
2067 2222 2185 2278 qute
2223 2210 2495 2264 oculorum
2535 2210 2775 2262 obtutum
2815 2205 3061 2276 fugiunt,
3097 2223 3161 2261 ex
3196 2208 3363 2261 nihilo
3395 2211 3446 2259 in

1871 2302 2051 2347 ortum
2071 2291 2348 2362 produxit.
2375 2289 2617 2346 Primum
2639 2292 2848 2347 scilicet
2875 2293 3228 2349 invisibilium
3255 2313 3319 2351 ac
3336 2312 3446 2353 cm-

1871 2385 2089 2441 lestium
2115 2385 2379 2439 virtutum
2403 2384 2859 2440 innumerabilem
2890 2388 3180 2456 quamdam
3205 2390 3445 2445 multitu-

1871 2477 2052 2534 dinem
2071 2492 2103 2530 a
2123 2475 2350 2530 materia
2375 2484 2429 2530 et
2450 2491 2682 2546 corpore
2709 2487 3004 2542 secretam,
3033 2478 3139 2534 hoc
3165 2489 3245 2536 est
3269 2482 3446 2536 admi-

1870 2568 2288 2626 nistrosdivina:
2303 2567 2604 2637 maiestatis
2617 2570 2842 2639 spiritus
2857 2587 2872 2636 ;
2889 2569 3080 2626 deinde
3091 2580 3274 2626 autem
3290 2589 3448 2628 mun’

1873 2663 2001 2718 dum
2022 2662 2168 2717 hunc
2190 2661 2245 2716 in
2277 2670 2554 2732 aspectum
2575 2661 2878 2725 cadentem,
2899 2661 3002 2716 hoc
3026 2670 3110 2717 est
3134 2663 3356 2728 cmlum,
3385 2681 3450 2718 ac

1871 2761 2098 2814 terram,
2114 2761 2169 2806 et
2189 2767 2368 2818 mare;
2390 2767 2552 2820 quem
2569 2751 2734 2806 etiam
2764 2752 3046 2808 laetissima
3071 2753 3194 2809 luce
3217 2769 3451 2810 coorna-

1869 2845 1966 2906 vit.
2001 2845 2198 2900 caelum
2235 2859 2430 2914 nempe
2455 2844 2569 2900 sole
2603 2859 2668 2898 ac
2696 2843 2826 2898 luna
2857 2855 2912 2900 et
2933 2845 3228 2910 sideribus,
3247 2855 3450 2902 terram

1871 2949 2055 2994 autem
2089 2936 2270 2992 omnis
2299 2936 2513 3006 generis
2560 2937 2826 3008 stirpibus
2879 2952 2944 2993 ac
2989 2939 3158 2994 variis
3202 2940 3456 2995 animan-

1870 3032 2039 3094 tibus,
2062 3044 2212 3085 tnare
2231 3029 2466 3098 denique
2489 3029 2961 3084 numerosissimis
2983 3029 3216 3098 piscium
3243 3033 3457 3103 generi-

1873 3125 1998 3180 bus.
2033 3123 2159 3178 Haec
2184 3124 2367 3178 omnia
2402 3123 2519 3193 ipse
2543 3123 2705 3187 dixit,
2723 3132 2778 3178 et
2801 3121 2941 3178 facta
2971 3133 3130 3189 sunt;
3155 3124 3270 3194 ipse
3300 3141 3456 3180 man-

1874 3214 2044 3278 davit,
2071 3223 2126 3268 et
2154 3221 2339 3268 creata
2361 3222 2489 3268 sunt
2517 3211 2694 3282 (Psal.
2719 3212 2960 3280 CXLVIII).
2994 3211 3130 3268 Post
3153 3225 3332 3270 autem
3360 3216 3461 3270 ho-

1875 3304 2076 3360 minem
2105 3304 2336 3359 suismet
2363 3302 2617 3358 manibus
2645 3301 2869 3374 efﬁngit,
2898 3313 3117 3374 sumpto
3137 3305 3396 3360 nimirum
3428 3322 3457 3360 a

1876 3406 2022 3452 terra
2051 3396 2119 3450 ad
2143 3396 2390 3466 corporis
2423 3395 2874 3464 compositionem
2899 3395 3036 3461 luto,
3070 3398 3255 3452 anima
3277 3406 3458 3452 autem

1876 3491 2108 3545 rationis
2137 3499 2191 3544 et
2213 3489 2584 3559 intelligentia:
2605 3489 2868 3559 participe
2897 3503 2994 3558 per
3021 3503 3176 3543 suam
3210 3489 3458 3545 insuma-

1879 3583 2083 3637 tionem
2108 3581 2208 3651 ipsi
2233 3581 2596 3650 tributa,qua:
2613 3580 2833 3652 quidem
2854 3582 2920 3634 ad
2947 3581 3042 3634 Dei
3075 3580 3370 3651 imaginem
3406 3589 3461 3635 et

1879 3674 2292 3730 similitudinem
2323 3671 2520 3728 eﬂ‘ecta
2572 3687 2692 3727 esse
2732 3673 2942 3744 scripta
2969 3687 3054 3729 est
3095 3671 3250 3744 (Gen.
3279 3673 3360 3743 t):
3397 3674 3463 3727 ad

1881 3766 2174 3836 imaginem
2211 3765 2483 3830 videlicet,
2518 3777 2740 3835 propter
2769 3766 2878 3819 vim
2933 3765 3272 3836 intelligendi
3299 3774 3466 3836 atque

1883 3858 2098 3914 arbitrii
2120 3858 2426 3914 libertatem
2447 3876 2463 3925 ;
2489 3861 2553 3913 ad
2573 3856 2989 3912 similitudinem
3008 3865 3214 3922 autem,
3239 3866 3464 3927 propter

1887 3947 2108 4004 virtutis
2137 3949 2329 4018 ipsius,
2352 3948 2534 4018 quoad
2555 3950 2675 4018 ejus
2701 3931 2822 4002 lieri
2855 3957 3055 4018 potest,
3078 3950 3458 4002 imitationem.

206 4055 354 4113 Hunc
385 4069 552 4125 porro
592 4044 900 4118 hominem,
935 4044 1147 4108 arbitrii
1174 4053 1427 4108 libertate
1459 4058 1622 4118 atque
1662 4048 2068 4106 immortalitate
2098 4051 2359 4106 donatum
2381 4090 2397 4116 ,
2446 4062 2637 4102 eorum
2668 4060 2790 4116 quae
2821 4044 2876 4098 in
2916 4050 3060 4096 terra
3111 4049 3242 4095 sunt
3281 4056 3460 4110 regem

204 4149 488 4204 constituit
515 4163 530 4212 ;
561 4157 724 4214 atque
744 4159 808 4199 ex
843 4145 961 4215 ipso
991 4142 1269 4205 feminam,
1301 4155 1422 4206 quae
1454 4138 1554 4208 ipsi
1579 4140 1785 4194 auxilio
1816 4153 1982 4206 esset,
2009 4141 2111 4210 ipsi
2147 4140 2380 4195 similem
2413 4135 2613 4192 eli‘ecit.

277 4235 418 4299 Καὶ,
453 4231 727 4302 φυτεύσας
788 4229 1120 4300 παράδεισον
1158 4230 1216 4280 ὲν
1277 4225 1438 4296 Ἐδὲμ
1477 4223 1619 4278 κατὰ
1656 4225 1790 4278 ἀνα-

1963 4232 2298 4301 Consitoque
2322 4231 2376 4285 in
2411 4229 2560 4284 Eden
2591 4227 2656 4282 ad
2693 4227 2972 4284 Orientem
3010 4227 3284 4299 paradiso,
3308 4222 3466 4277 volu-

212 4330 399 4394 τολάς.
428 4323 768 4396 εὐφροσύνης
815 4323 910 4375 καὶ
941 4318 1209 4390 θυμηδίας
1259 4318 1441 4386 πάσης
1495 4316 1766 4387 πεπληρω

1891 4324 2058 4395 ptatis
2102 4325 2284 4380 omnis
2334 4331 2499 4394 atque
2527 4323 2915 4377 oblectamenti
2949 4323 3133 4392 pleno,
3165 4316 3465 4373 hominem.

216 4423 402 4493 μένον,
435 4418 590 4473 ἔθετο
637 4417 695 4468 ὲν
753 4412 901 4484 αύτῷ
942 4412 1034 4466 τὸν
1100 4410 1386 4481 ἄνθρωπον
1441 4409 1502 4463 ὃν
1563 4408 1792 4471 ἔπλασε,

214 4514 435 4569 πάντων
470 4510 569 4581 μὲν
596 4507 705 4563 τῶν
743 4508 925 4559 ἐκεῖσε
956 4503 1116 4557 θείων
1146 4501 1329 4571 φυτῶν
1354 4498 1618 4562 κελεύσας
1646 4500 1796 4553 ἀκω-

213 4607 392 4669 λύτως
417 4603 684 4674 μετέχειν,
717 4597 836 4660 ἐνὸς
871 4596 929 4650 δὲ
962 4596 1121 4666 μόνου
1159 4593 1386 4664 θέμενος
1415 4591 1634 4663 ἐντολὴν
1656 4590 1792 4656 ὅλως

1890 4434 2053 4488 quem
2083 4417 2386 4482 ellinxerat,
2420 4415 2474 4470 in
2510 4415 2630 4485 ipso
2679 4413 3002 4480 collocavit;
3030 4413 3111 4469 sic
3141 4410 3385 4482 quidem,
3411 4418 3472 4462 ut

1891 4511 2074 4565 divina
2095 4509 2311 4565 bonitas
2348 4508 2534 4563 omnia
2559 4507 2700 4576 ligna
2726 4521 2848 4576 qua:
2887 4505 2996 4560 illic
3023 4513 3180 4560 erant
3213 4503 3332 4558 sine
3361 4501 3475 4555 ulla

1894 4603 2287 4671 impedimento
2317 4616 2440 4656 eum
2477 4601 2756 4671 percipere
2791 4599 3046 4669 iuberet;
3087 4597 3252 4652 unius
3291 4603 3474 4650 autem

218 4695 291 4767 μὴ
309 4691 644 4764 γεύσασθαι,
689 4690 828 4758 ὅπερ
856 4686 1011 4752 ξύλον
1039 4683 1135 4738 τοῦ
1175 4682 1467 4751 γινώσκειν
1493 4683 1658 4738 καλὸν
1700 4700 1766 4736 κα

1893 4695 2162 4748 duntaxat
2179 4693 2565 4765 degustatione
2585 4694 2686 4763 ipsi
2707 4690 3058 4746 interdiceret
3074 4688 3240 4760 (quod
3255 4686 3475 4757 quidem

216 4782 460 4858 πονηρὸν
491 4782 775 4854 κέκληται,
815 4777 988 4840 οὕτως
1013 4773 1182 4830 είπών
1205 4773 1341 4846 (99)’
1379 4767 1457 4845 ⁷ῌ
1481 4772 1528 4826 δ’
1554 4773 1622 4827 ἂν
1657 4773 1794 4843 ήμὲο

287 4962 407 5031 (92)
435 4958 656 5031 Lelnma
692 4953 974 5031 metricum
1007 4952 1059 5004 in
1209 4947 1480 5031 βαρλαᾶμ

311 5020 455 5098 95)ι
501 5028 672 5093 Epist.
705 5026 770 5076 aii
793 5022 936 5098 Τὶιιι.
973 5037 1047 5079 u.
1082 5020 1168 5084 ιδ,
1206 5021 1293 5074 16.

311 5095 406 5170 94)
441 5099 580 5153 Psal.
612 5095 922 5170 πελίκη-5.

1893 4784 2102 4856 lignum
2142 4786 2386 4841 scientiae
2419 4784 2546 4846 boni
2576 4793 2630 4839 et
2673 4783 2802 4838 mali
2856 4782 3197 4853 appellatum
3227 4778 3363 4855 est),
3391 4775 3479 4829 his

1516 4939 1619 5001 ὧδε
1649 4945 1883 5010 διάλεξις
1919 4944 2169 5016 δευτέρα.

961 5161 1200 5216 ἔπλασεν
1221 5160 1252 5212 6
1275 5159 1406 5222 Θεὸς
1432 5157 1524 5210 τὸν
1553 5156 1860 5227 ἄνθρωπον,
1903 5152 2035 5224 χοῦν
2073 5152 2183 5206 ἀπὸ
2213 5153 2312 5222 τῆς
2336 5149 2461 5220 γῆς,
2487 5155 2584 5202 καὶ
2615 5145 2952 5217 ἐνεφύσησεν
2989 5145 3070 5207 είς
3097 5141 3158 5194 τὸ
3190 5139 3480 5210 πρόσωπον

226 5233 401 5299 αὑτοῦ⁷
427 5237 595 5308 πνοὴν
629 5233 800 5308 ζωῇς-

293 5276 390 5299 νιν
434 5276 593 5308 ...νην
630 5276 800 5302 νυν.

448 5309 664 5389 _Gen_.“l,
704 5303 796 5389 ειξ.
823 5335 894 5389 ῖ-
920 5299 1353 5389 ῡθννιῖτιιίεμκατς

1870 5311 1978 5348 new
2003 5293 2184 5348 videt.
2221 5289 2264 5354 1,
2297 5307 2353 5360 p.
2376 5289 2512 5358 250;
2535 5287 2895 5349 Chevrmana,
2932 5295 2970 5339 t.
2999 5279 3065 5346 ll,
3092 5297 3143 5350 p.
3173 5277 3295 5333 ΞΗ.
3323 5276 3480 5331 Lem-

231 5367 407 5437 ιιιεῖἷιί
436 5382 475 5433 Α
510 5396 523 5432 ;
557 5367 702 5445 Ὅρα
729 5375 783 5428 τί
804 5375 865 5428 τὸ
893 5372 1013 5426 κατ’
1045 5370 1230 5445 εἰκόνα
1259 5369 1500 5445 καὶᾼκαθξ
1526 5367 1800 5445 δμοίωσιν.

313 5453 431 5536 (97)
461 5450 527 5504 Et
562 5439 768 5502 ethnici
809 5459 1025 5514 quoque
1062 5443 1335 5508 sapientes
1363 5443 1415 5493 in
1452 5439 1812 5508 philosophia,
1847 5439 2068 5496 virtute,
2118 5439 2456 5486 terrestrium
2502 5439 2625 5494 ruga
2671 5439 2727 5480 et
2765 5439 2917 5505 omo,

389 5526 401 5536 .
490 5520 504 5536 ο
695 5514 712 5536 ι
745 5531 829 5536 --μ
861 5515 977 5536 -.ε.ι-
1005 5514 1054 5536 :_
1090 5511 1226 5536 -....:..
1255 5512 1318 5536 ...I
1345 5511 1532 5536 u-..:..:
1569 5507 1814 5536 ηηιηιηη.
1869 5522 1901 5536 η
1953 5504 2054 5536 Inv.
2107 5503 2204 5536 Ant
2227 5521 2240 5533 ο
2272 5501 2409 5536 ...ιηιι
2457 5499 2666 5536 li‘glclm-
2723 5497 2915 5536 Ammm

232 5497 364 5591 Paeg:
379 5497 671 5591 δίιᾶἱυτῐίᾲζ
695 5497 840 5569 Loca
861 5497 980 5591 vide
1005 5514 1058 5568 in
1089 5497 1228 5565 notis
1253 5512 1319 5591 ait
1344 5497 1533 5591 Marini
1569 5497 1757 5591 P‘ro'oln

1870 5522 1922 5573 p.
1953 5504 2074 5591 1052
2107 5503 2243 5591 ι;
2271 5501 2411 5584 apud
2457 5497 2964 5591 Fallshteri‘éon‘ttf‘rti‘t.
2989 5508 3024 5591 ρ

1847 5435 2068 5496 virtute,
2118 5431 2456 5486 terrestrium
2502 5427 2625 5494 fuga
2671 5435 2727 5480 et
2765 5423 2911 5483 odio.
2944 5428 3240 5496 posuerunt
3272 5418 3371 5496 την
3404 5415 3482 5496 τεῇ

3027 5490 3176 5546 ΙΙὶΙοίι,
3207 5503 3247 5553 1,
3282 5487 3388 5546 20:
3415 5486 3482 5540 G.

237 5556 852 5653 iii:i'.i.*?.“.::”é;z;ieig.';".i
871 5556 1227 5654 ἰξῑιςιέεςςςῑβῖ
1253 5556 1446 5654 ῖιιζξέίέ
1465 5556 1548 5644 'i‘;
1569 5556 1766 5632 "netia,

1870 5556 1974 5630 not.
1998 5556 2075 5629 ad
2117 5556 2382 5629 The'mi'st.
2419 5587 2472 5641 p.
2505 5569 2639 5634 155;
2670 5562 2947 5621 Heindorf.
2988 5556 3053 5616 ad
3088 5558 3293 5614 Theaet.
3325 5556 3352 5629 §
3383 5557 3481 5619 δίς

243 5663 381 5715 Vict.
405 5660 598 5714 Cleric.
635 5651 987 5712 adSenteni.
1021 5653 1158 5707 Plat.
1193 5668 1313 5720 pag.
1349 5651 1474 5705 519.

312 5698 598 5795 ὶὲἒῖῖἓὲἄξ
633 5698 700 5789 ff:
734 5698 1166 5796 ἔὸἶῖῗξὴῖέᾷᾇζ
1194 5698 1526 5796 ῐδὲῗιὶιῖοἶῇέιξ
1550 5719 1766 5796 Tetrast

1870 5714 2062 5796 tnGen.
2100 5730 2224 5795 pag.
2251 5710 2614 5796 hub‘uvi‘g‘ug':
2661 5707 2727 5763 de
2773 5704 2896 5760 Eva:
2931 5701 3294 5758 formatione:
3325 5698 3482 5766 Σίγα,

242 5778 603 5870 θελῖὲρᾶἐᾲὶ
624 5778 881 5870 γυναικὸς
909 5794 1007 5865 τὴν
1039 5793 1254 5846 πλάσιν·
1283 5795 1392 5847 imo
1427 5790 1529 5861 δρᾷ
1567 5791 1686 5862 τῆς,
1719 5799 1766 5843 ul

1870 5785 2000 5843 elius
2049 5778 2134 5843 est
2163 5785 2218 5840 in
2255 5782 2440 5840 codice
2475 5778 2638 5849 εδει.

316 5870 426 5941 (99)
443 5867 586 5925 (ἔθη.
621 5885 680 5933 ιι,
719 5867 806 5921 l7.

557 5966 827 6026 Ριιτιιοι..
877 5966 994 6026 Gn.
1043 5965 1260 6028 XCVI.

3109 5911 3188 5973 :29
