4070 6436
231 459 358 521 909

1326 444 1500 504 VITA
1540 435 1894 502 BARLAAM
1935 442 2029 500 ET
2067 439 2421 501 JOASAPH.

3365 462 3469 524 910

223 574 426 625 σαντο,
452 558 519 628 τῇ
550 555 768 627 γενέσει
791 554 856 609 ab
896 556 1007 610 πᾶν
1042 555 1434 626 ἐπιτρέψαντες
1456 573 1471 588 ·
1504 554 1655 612 ἄλλοι
1683 553 1810 607 πολ-

1917 553 2083 608 famm
2114 556 2447 624 invexerunt,
2474 552 2828 630 natalitiisque
2848 562 3110 619 sideribus
3130 564 3308 619 omnia
3332 579 3478 619 com-

221 647 368 712 λοὺς
392 647 545 712 θεοὺς
576 648 780 711 κακοὺς
805 648 902 702 καὶ
932 647 1267 712 πολυπαθεῖς
1294 647 1689 718 ἐσεϐάσθησαν,
1718 646 1815 700 τοῦ

220 740 385 809 ἔχειν
418 740 617 803 αὐτοὺς
645 741 755 794 τῶν
795 740 942 793 ἰδίων
974 740 1167 795 παθῶν
1204 740 1301 794 καὶ
1331 738 1521 794 δεινῶν
1559 738 1815 810 πράξεων

223 832 601 903 συνηγόρους,
617 825 691 887 ὧν
719 831 814 885 καὶ
838 831 1184 902 μορφώματα
1205 831 1558 895 τυπώσαντες
1587 831 1816 901 ἀνεστή-

218 922 417 975 λωσαν
450 922 613 987 ξόανα
646 924 807 991 κωφά
839 922 933 976 καὶ
980 922 1288 993 ἀναίσθητα
1318 924 1538 987 εἴδωλα,
1566 924 1661 976 καὶ⁸
1685 938 1817 990 συγ-

221 1018 555 1081 κλείσαντες
587 1018 646 1072 ὲν
675 1020 824 1082 ναοῖς
883 1016 1323 1088 προσεκύνησαν,
1366 1014 1720 1086 λατρεύοντες
1745 1016 1811 1084 τῇ

219 1109 417 1161 κτίσει
622 1109 712 1161 τὸν
746 1107 1023 1161 Κτίσαντα
1045 1107 1146 1179 (5),
1184 1109 1234 1159 οἰ
1274 1106 1375 1176 μὲν
1404 1105 1484 1177 τῷ
1512 1106 1670 1177 ἡλίῳ,
1713 1105 1809 1158 καὶ

218 1198 292 1267 τῇ
328 1198 555 1269 σελήνῃ,
594 1197 688 1251 καὶ
716 1199 831 1261 τοῖς
863 1196 1085 1268 ἄστροις
1121 1196 1157 1250 ἃ.
1182 1195 1335 1249 ἔθετο
1377 1196 1406 1247 ὁ
1427 1195 1559 1257 Θεὸς
1589 1194 1726 1267 πρὸς
1755 1194 1813 1247 τδ

218 1289 439 1357 φαῦσιν
486 1289 745 1360 παρέχειν
791 1288 871 1359 τῷ
937 1287 1204 1359 περιγείῳ
1243 1286 1420 1357 τούτῳ
1468 1285 1662 1355 κόσμῳ
1706 1284 1812 1356 (6),

215 1384 421 1455 ἀψυχά
446 1401 503 1437 τε
529 1384 657 1436 ὄντα
691 1383 787 1436 καὶ
819 1383 1158 1454 ἀναίσθητα,
1205 1386 1272 1453 τῇ
1318 1381 1546 1453 προνοίᾳ
1574 1380 1669 1434 τοῦ
1707 1382 1814 1451 Δη-

220 1476 500 1544 μιουργοῧ
540 1475 911 1546 φωτιζόμενα,
962 1476 1056 1528 καί⁸
1111 1473 1572 1545 διακρατούμενα,
1603 1473 1663 1526 οὐ
1706 1472 1814 1543 μὴν

216 1566 277 1620 δὲ
308 1566 529 1621 οῐκοθέν
566 1585 620 1621 τι
649 1567 760 1639 ω
803 1568 1078 1636 δυνάμενα
1097 1580 1112 1595 ⁶
1142 1568 1191 1621 οί
1219 1566 1276 1621 δὲ
1307 1566 1386 1637 τῷ
1422 1566 1554 1637 πυρὶ
1578 1565 1674 1618 καὶ
1702 1566 1815 1628 τοῖς

218 1658 393 1712 ὕδασι
453 1660 547 1713 καὶ
584 1662 698 1722 τοῖς
728 1658 938 1722 λοιποῖς
965 1658 1253 1729 στοιχείοις
1290 1658 1391 1729 τῆς
1420 1656 1548 1726 γῆς,
1579 1655 1815 1727 ἀψύχοις

218 1752 323 1804 καὶ
359 1750 710 1821 ἀναισθήτοις
742 1747 880 1805 obsis
919 1752 1014 1803 καὶ
1051 1753 1154 1804 οὐκ
1182 1750 1532 1822 ᾐσχύνθησαν
1557 1752 1605 1803 οἱ
1638 1748 1815 1819 ἐμψυ-

219 1858 310 1911 χοι
346 1845 446 1896 καὶ
490 1843 699 1911 λογικοὶ
728 1845 795 1897 τά
838 1842 1065 1897 τοιαῦτα
1097 1842 1376 1896 σέϐεσθαι’
1410 1842 1561 1896 ἄλλοι
1600 1841 1815 1914 θηρίοις

221 1934 320 1987 καὶ
382 1935 636 2005 ἑρπετοῖς
691 1936 785 1988 καὶ
841 1935 1067 2004 κτήνεσι
1124 1933 1478 2003 τετραπόδοις
1530 1933 1592 1985 τὸ
1646 1933 1812 1995 σέϐας

219 2026 552 2095 ἀπόνειμον,
594 2026 1067 2097 κτηνωδεστέρους
1096 2025 1207 2079 τῶν
1244 2025 1555 2095 σεϐομένων
1582 2024 1812 2086 ἑαυτοὺς

221 2115 675 2179 ἀποδεικνύντες·
705 2116 756 2168 οἱ
784 2115 843 2168 δὲ
886 2114 1193 2185 ἀνθρώπων
1230 2114 1393 2167 τινῶν
1437 2115 1686 2185 αἰσχρῶν
1718 2114 1810 2167 καὶ

220 2207 468 2261 εὐτελῶν
528 2208 875 2279 μορφώματα
922 2209 1365 2275 ἀνετυπώσαντο,
1417 2207 1513 2261 καὶ
1564 2207 1808 2273 τούτους,

224 2299 391 2363 θεοὺς
422 2298 711 2363 ἐκάλεσαν,
749 2300 842 2352 κα)⁸
868 2299 995 2362 τούς
1022 2299 1120 2369 μὲν
1144 2297 1326 2352 αὐτῶν
1357 2296 1617 2367 ἄρρενας,
1656 2298 1810 2361 τινας

222 2389 279 2441 δὲ
315 2389 546 2460 θηλείας
600 2390 916 2461 ὠνόμασαν,
973 2388 1065 2454 οὓς
1106 2392 1305 2444 ἐκεῖνοι
1350 2390 1504 2442 αὐτοὶ
1560 2388 1811 2452 ἐξέθεντο

229 2480 458 2548 μοιχοὺς
478 2474 615 2531 εἶναι
638 2480 731 2533 καὶ
761 2482 963 2548 φονεῖς,
991 2479 1265 2552 ὀργίλους,
1283 2480 1376 2533 καὶ
1397 2479 1673 2549 ζηλωτὰς,
1707 2480 1806 2534 καὶ

229 2569 627 2637 θυμαντικούς,
704 2570 1109 2641 πατροκτόνους
1184 2572 1281 2624 καὶ
1362 2572 1809 2641 ἀδελφοκτόνους,

227 2660 473 2725 κλέπτας
523 2663 619 2716 καὶ
677 2662 952 2733 ἅρπαγας,
1003 2663 1210 2735 χωλοὺς
1266 2665 1363 2718 καὶ
1421 2665 1671 2729 κυλλούς,
1716 2664 1812 2719 καὶ

230 2754 589 2822 φαρμακοὺς,
618 2755 714 2807 καὶ
747 2756 1130 2826 μαινομένους,
1162 2758 1255 2809 καὶ
1282 2757 1489 2811 τούτων
1516 2758 1670 2823 τινὰς
1709 2758 1809 2828 μὲν

225 2844 717 2915 τετελευτηκότας,
784 2848 937 2911 τινας
989 2848 1047 2901 δὲ
1106 2850 1651 2919 κεκεραυνωμένους,
1715 2850 1811 2903 καὶ

226 2936 630 3006 κοπτομένους,
663 2938 758 2992 καὶ
799 2938 1203 3010 θρηνουμένους
1260 2942 1355 2993 καὶ
1389 2941 1809 3007 δεδουλευκότας

226 3028 567 3100 ἀνθρώποις,
616 3032 711 3084 καὶ
741 3031 989 3100 φυγάδας
1032 3032 1382 3102 γενομένους,
1419 3033 1515 3086 καὶ
1568 3036 1649 3097 είς
1694 3034 1810 3099 ζῶα

231 3121 794 3189 μεταμορφουμένους
821 3122 913 3175 ἐπὶ
941 3125 1206 3194 πονηραῖς
1236 3125 1330 3177 καὶ
1360 3125 1616 3195 αἰσχραῖς
1656 3126 1809 3196 μίξε-

232 3212 531 3279 σιν.”οθεν,
558 3213 947 3283 ιλαμϐάνοντες
984 3216 1035 3271 oi
1102 3216 1381 3286 ἄνθρωποι
1414 3217 1672 3289 ἀφορμὰς
1698 3219 1809 3274 ἀπὸ

229 3305 345 3357 τῶν
376 3304 511 3357 θεῶν
550 3306 753 3370 αὐτῶν,
787 3306 959 3370 ἀδεῶς
1014 3309 1433 3379 κατεμιαίνοντο
1466 3310 1618 3382 πάσῃ
1663 3311 1806 3364 ἀκα-

235 3397 460 3466 θαρσία.
490 3400 598 3451 Καὶ
629 3398 776 3471 δεινὴ
804 3403 1024 3471 κατεῖχε
1062 3401 1329 3465 σκότωσις
1368 3402 1429 3455 τὸ
1456 3402 1619 3470 γένος
1649 3404 1806 3473 ἡμῶν

236 3490 298 3539 ὲν
330 3489 555 3554 ἐκείνοις
586 3493 701 3554 τοῖς
724 3492 959 3563 χρόνοις,
997 3494 1092 3547 καὶ
1139 3494 1240 3548 οὐκ
1276 3490 1344 3562 ἦν
1382 3495 1411 3547 ὁ
1445 3495 1664 3561 συνιὼν,
1700 3497 1801 3551 οὐκ

234 3579 303 3652 ἦν
334 3583 365 3633 ό
387 3582 635 3654 ἐκζητῶν
671 3584 763 3636 τὸν
795 3583 931 3637 Θεόν
956 3584 1032 3655 (7)

310 3871 571 3942 ’Δϐραάμ
596 3871 655 3924 δέ
687 3889 771 3935 τις
800 3872 857 3925 ὲν
892 3870 1076 3945 ἐκείνῃ
1106 3876 1172 3946 τῇ
1198 3875 1361 3946 γενεᾷ
1398 3873 1557 3946 μόνος
1606 3875 1805 3950 εὐρέθη

230 3963 331 4027 τὰς
374 3963 661 4032 αἰσθήσεις
702 3964 803 4032 τῆς
845 3963 1024 4034 ψυχῆς
1073 3966 1394 4037 ἐρρωμένας
1442 3966 1603 4038 ἔχων,
1644 3969 1707 4033 δς
1740 3971 1807 4039 τῇ

231 4056 441 4125 θεωρίᾳ
459 4054 566 4107 τῶν
595 4054 908 4124 κτισμάτων
930 4054 1148 4123 ἐπέγνω
1175 4058 1267 4110 τὸν
1298 4059 1662 4130 Δημιουργόν.
1696 4063 1809 4114 Κα-

229 4148 504 4218 τανοήσας
535 4146 644 4216 γὰρ
670 4145 899 4217 οὐρανὸν
946 4147 1041 4199 καὶ
1067 4147 1174 4217 γῆν
1201 4149 1295 4202 καὶ
1324 4149 1621 4215 θάλασσαν,
1655 4151 1809 4222 ἣλιον

231 4241 327 4294 καὶ
358 4239 591 4309 σελήνην
624 4239 720 4293 καὶ
750 4238 820 4293 τὰ
847 4239 1031 4304 λοιπά,
1057 4240 1339 4310 ἐθαύμασε
1360 4240 1459 4312 τήν
1488 4242 1808 4314 ἐναρμόνιον

229 4332 440 4403 ταύτην
464 4331 850 4402 διακόσμησιψ
906 4330 1028 4384 ἰδὼν
1061 4332 1118 4384 δὲ
1158 4332 1253 4385 τὸν
1285 4333 1491 4402 κόσμον
1525 4334 1618 4388 καὶ¹
1653 4334 1725 4387 τά
1753 4336 1810 4388 ἐν

230 4424 386 4495 αὐτῷ
415 4425 618 4488 πάντα,
650 4424 749 4477 οὐκ
773 4424 1097 4492 αὐτομάτως
1126 4425 1459 4493 γεγενῆσθαι
1489 4426 1585 4478 καὶ
1613 4442 1810 4495 συντη-

233 4515 453 4586 pateﬁat
489 4513 596 4586 50
635 4514 907 4584 ἐνόμισεν,
936 4513 1060 4567 οὔτε
1102 4514 1210 4586 μὴν
1236 4518 1349 4579 τοῖς
1389 4516 1678 4586 στοιχείοις
1709 4516 1809 4586 τῆς

1911 648 2190 703 miserunt.
2222 650 2323 704 Alii
2352 651 2547 705 multos
2572 652 2703 708 deos
2745 656 2934 721 malos,
2976 671 3040 710 ac
3068 657 3248 711 multis
3275 658 3479 711 vitiosis

1911 738 2282 796 affectionibus
2331 743 2633 800 laborantes
2684 746 3004 813 coluerunt,
3062 744 3167 819 quo
3221 750 3475 805 videlicet

1914 844 2127 884 suarum
2157 832 2495 889 affectionum
2524 846 2580 890 et
2605 838 2839 904 gravium
2871 837 3186 908 ﬂagitiorum
3226 840 3475 895 defenso-

1913 934 2000 975 res
2026 931 2080 975 et
2109 933 2361 991 patronos
2400 940 2492 980 eos
2522 926 2801 981 haberent.
2831 928 3066 995 Quorum
3093 930 3254 984 etiam
3279 927 3478 984 formas

1913 1012 2118 1081 pictura
2148 1018 2531 1083 exprimentes,
2561 1018 2750 1073 surdas
2778 1030 2978 1075 statuas
3008 1036 3069 1075 ac
3111 1036 3271 1076 sensu
3300 1035 3481 1076 caren-

1915 1103 1983 1157 tia
2015 1105 2300 1162 simulacra
2333 1109 2386 1163 in
2421 1110 2583 1163 altum
2613 1122 2920 1180 erexerunt,
2972 1127 3145 1183 eaque
3182 1113 3236 1169 in
3266 1114 3481 1183 templis

1916 1197 2120 1251 inclusa
2146 1199 2423 1254 coluerunt
2450 1210 2505 1255 et
2533 1201 2839 1270 adorarunt,
2883 1206 3180 1259 servientes
3227 1204 3477 1259 nimirum

1915 1298 2180 1344 creaturas
2211 1294 2385 1359 potius
2413 1308 2570 1363 quam
2597 1295 2853 1351 Creatori.
2885 1296 3111 1363 Quidam
3143 1300 3284 1352 enim
3312 1298 3478 1352 solem

1915 1387 1968 1431 et
1988 1378 2166 1433 lunam
2196 1396 2259 1435 ac
2283 1382 2481 1449 sidera,
2517 1399 2634 1454 quae
2664 1386 2804 1441 Deus
2829 1387 2895 1440 ad
2920 1387 3091 1443 lucem
3123 1397 3339 1443 terreno
3361 1387 3482 1442 huic

1916 1475 2116 1523 mundo
2145 1470 2467 1527 aﬂ‘ereudam
2511 1477 2707 1543 posoil,
2754 1478 3072 1533 coluerunt:
3104 1494 3225 1549 qua:
3266 1480 3481 1548 quidem

1916 1561 2092 1615 anima
2150 1572 2203 1616 et
2255 1577 2416 1619 sensu
2464 1566 2678 1637 carentf,
2724 1582 2790 1624 ac
2836 1569 3104 1624 Creatoris
3152 1569 3483 1639 providentia

1912 1652 2277 1709 illuminantur
2304 1664 2361 1709 et
2397 1668 2802 1724 conservantur,
2836 1676 2941 1715 non
2988 1672 3165 1716 autem
3195 1662 3481 1731 quidquam

1914 1760 2010 1815 per
2056 1762 2116 1801 se
2147 1747 2340 1801 virium
2386 1748 2601 1803 habent.
2630 1751 2734 1804 Alii
2780 1760 2955 1806 autem
2989 1736 3165 1821 ignem
3194 1762 3249 1808 et
3292 1767 3483 1823 aquam

1912 1851 1976 1891 ac
2013 1838 2215 1907 reliqua
2250 1848 2408 1893 terra:
2452 1840 2737 1909 elementa,
2787 1842 2978 1910 quibus
3023 1858 3120 1896 nec
3164 1843 3341 1896 anima
3387 1860 3486 1896 nec

1914 1942 2105 1982 sensus
2134 1930 2292 1983 inest.
2326 1929 2506 1999 Neque
2536 1946 2630 1985 eos
2653 1932 2743 2000 qui
2766 1933 2940 1986 anima
2969 1942 3022 1986 et
3050 1934 3255 1988 ratione
3276 1935 3483 2003 praediti

1912 2029 2038 2072 sunt
2066 2018 2326 2088 ejusmodi
2370 2021 2531 2075 rebus
2573 2021 2773 2076 cultum
2812 2020 3071 2078 adhibere
3119 2023 3327 2092 puduit.
3376 2028 3480 2079 Alii

1920 2109 2071 2175 feris,
2123 2121 2176 2166 et
2208 2113 2507 2181 reptilibus,
2537 2122 2593 2168 et
2637 2115 2946 2184 pecudibus,
2977 2125 3031 2171 et
3059 2118 3485 2187 quadrupedibus

1917 2202 2276 2256 animantibus
2324 2205 2717 2261 venerationem
2747 2194 3045 2262 tribuerunt
3072 2225 3086 2261 :
3112 2194 3234 2262 hinc
3279 2210 3485 2265 scilicet

1919 2308 2040 2348 sese
2087 2294 2304 2350 rationis
2348 2296 2515 2365 magis
2560 2310 2807 2365 expertes
2851 2299 3192 2354 ostendentes
3220 2314 3376 2368 quam
3420 2318 3483 2357 ea

1915 2384 2032 2453 ipsa
2057 2400 2176 2455 qua:
2218 2386 2485 2442 colebant.
2518 2389 2624 2443 Alii
2653 2390 2881 2457 turpium
2914 2392 3265 2459 quorumdam
3296 2402 3352 2448 et
3390 2395 3483 2449 ab-

1913 2476 2176 2546 jectnrum
2209 2478 2481 2532 hominum
2506 2480 2702 2536 formas
2725 2480 3098 2551 depinxerunt,
3129 2499 3329 2553 eosque
3351 2485 3481 2540 deus

1920 2569 2271 2637 appellarunt,
2325 2570 2514 2637 partim
2543 2573 2826 2636 masculos,
2858 2575 3049 2638 partim
3071 2572 3475 2644 feminas:quo~

1919 2658 2077 2712 etiam
2110 2660 2321 2725 ipsimet
2349 2659 2638 2726 adulteros,
2670 2670 2725 2715 et
2751 2660 3065 2727 homicidas,
3097 2671 3151 2717 et
3180 2664 3478 2726 iracundos,

1919 2759 1974 2802 et
1999 2750 2228 2813 invidos,
2256 2761 2311 2804 et
2340 2750 2590 2814 furiosos,
2614 2794 2617 2795 ν
2639 2761 2694 2806 et
2724 2752 3037 2820 parricidas,
3078 2764 3133 2808 et
3160 2753 3476 2816 fratricidas.

1919 2848 1975 2893 et
2002 2840 2142 2892 fures
2163 2879 2182 2907 ,
2252 2849 2310 2896 et
2377 2852 2665 2916 raptores,
2712 2871 2719 2877 -
2755 2851 2811 2897 et
2831 2843 3069 2909 claudos,
3097 2854 3153 2899 et
3176 2845 3399 2913 debiles,
3430 2857 3483 2899 ct

1921 2931 2209 2995 veneﬁcos,
2238 2938 2294 2985 et
2320 2933 2532 2985 insanus
2557 2946 2679 2987 esse
2707 2933 3065 3001 tradiderunt,
3094 2946 3256 3006 atque
3294 2938 3481 2994 horum

1924 3020 2209 3073 nonnullos
2254 3035 2478 3075 mortem
2530 3024 2745 3089 obiisse,
2798 3028 3081 3082 nonnullos
3118 3027 3339 3084 fulmine
3367 3046 3489 3100 per-

1921 3123 2105 3164 cussos
2135 3112 2316 3178 fuisse,
2347 3114 2630 3168 nonnullus
2669 3114 2970 3171 hominibus
3016 3119 3286 3186 serviisse,
3327 3129 3487 3190 atque.

1920 3203 2138 3256 exsules
2180 3205 2470 3269 exstitisse,
2518 3205 2801 3259 nonnullos
2830 3208 3048 3262 vulnera
3088 3211 3381 3279 accepisse,
3425 3228 3487 3265 ac

1919 3297 2146 3350 lamenta
2174 3294 2424 3360 edidisse,
2457 3296 2714 3366 atqueob
2762 3299 2998 3366 improba
3025 3310 3078 3353 et
3114 3298 3255 3355 foeda
3287 3303 3480 3370 flagitis.

1921 3388 1970 3440 in
2002 3387 2246 3441 animalia
2293 3402 2411 3441 sese
2443 3389 2769 3443 immutasse.
2802 3389 2917 3456 Quo
2946 3390 3103 3445 ﬁebat
3145 3400 3203 3445 ut
3247 3392 3485 3446 homines

1920 3477 1987 3530 ab
2019 3478 2145 3545 ipsis
2178 3479 2278 3532 diis
2307 3478 2645 3533 occasionem
2672 3491 2964 3548 sumentes,
2995 3483 3137 3536 omni
3168 3483 3491 3551 impuritatis

1921 3585 2120 3639 genere
2150 3586 2273 3625 sese
2318 3572 2762 3627 contaminarent.
2812 3573 2889 3629 Ac
2933 3583 3044 3628 tum
3074 3576 3334 3629 horrenda
3374 3579 3492 3646 qui-

1924 3665 2042 3714 dem
2076 3661 2246 3729 caligo
2275 3675 2441 3731 genus
2484 3671 2725 3716 nostrum
2758 3663 3003 3728 tenebat;
3035 3678 3205 3733 neque
3246 3675 3362 3720 erat
3401 3668 3489 3735 qui

1921 3750 2270 3822 intelligeret,
2298 3766 2397 3807 nec
2433 3753 2523 3823 qui
2554 3752 2718 3807 Deum
2748 3752 3044 3821 requireret
3074 3754 3245 3825 (Paul.
3278 3757 3419 3818 xm).

1988 3878 2061 3930 Ea
2108 3887 2285 3932 autem
2316 3887 2473 3935 abite
2500 3869 2769 3935 Abraham
2812 3888 2959 3937 solus
2988 3885 3237 3939 inventus
3284 3896 3366 3940 est
3394 3891 3484 3955 qui

1916 3972 2107 4026 animae
2135 3985 2347 4026 sensum
2380 3972 2592 4027 llrmum
2637 3988 2702 4029 ac
2747 3975 3010 4030 valentem
3042 3976 3282 4042 haberet,
3331 3990 3486 4048 atque

1917 4075 1985 4116 ex
2020 4077 2195 4116 rerum
2243 4064 2573 4118 conditarum
2623 4076 2907 4135 prospectu
2957 4068 3287 4123 conditorem
3323 4083 3483 4138 agno-

1920 4163 2121 4209 sceret.
2144 4158 2274 4209 Nam
2302 4170 2422 4209 cum
2455 4158 2674 4223 ccelum,
2703 4171 2766 4211 ac
2796 4166 3015 4225 terram,
3046 4168 3101 4214 et
3124 4175 3293 4228 mare,
3317 4166 3484 4216 solem

1916 4247 2044 4302 item
2090 4257 2144 4301 et
2172 4249 2345 4301 lunam
2375 4263 2437 4302 ac
2469 4249 2669 4317 reliqua
2706 4250 3134 4319 considerasset,
3181 4252 3484 4322 huiusmodi

1919 4347 2165 4391 ornatum
2189 4338 2563 4393 concinnitatis
2606 4341 2818 4408 plenum
2860 4341 3151 4398 admiratus
3195 4352 3295 4398 est.
3330 4342 3490 4399 Cum-

1919 4444 2023 4500 que
2044 4430 2320 4496 muudum,
2344 4439 2401 4485 et
2434 4446 2498 4485 ea
2525 4447 2644 4501 qua:
2675 4434 2724 4485 in
2752 4432 2867 4501 ipso
2914 4442 3060 4497 sunt,
3100 4436 3487 4503 conspexisset.

1917 4537 2024 4577 non
2053 4536 2180 4577 casu
2210 4536 2275 4576 ac
2306 4520 2523 4575 fortuito
2576 4538 2636 4576 ea
2684 4524 2957 4577 exstitisse
2984 4534 3144 4593 atque
3186 4526 3490 4581 conservari

230 4610 336 4677 γῆς
368 4606 404 4677 ή
435 4608 548 4669 τοῖς
573 4606 802 4676 ἀψύχοις
828 4605 1068 4670 εἰδώλοις
1088 4606 1187 4677 τὴν
1219 4606 1399 4662 αἰτίαν
1422 4608 1521 4677 τῆς
1552 4608 1807 4678 τοιαύτης

1920 4610 2264 4666 existimavit.
2294 4611 2401 4666 Nec
2425 4625 2635 4664 rursum
2667 4619 2821 4666 terra:
2850 4612 3148 4678 elementis,
3199 4621 3289 4671 aut
3319 4615 3491 4668 inani-

228 4698 648 4769 διακοσμήσεως
685 4696 1084 4767 προσανέθετο·
1138 4698 1278 4752 ἀλλά
1323 4699 1417 4752 τὸν
1462 4700 1637 4772 ἀληθῆ
1680 4700 1811 4754 Θεὸν

227 4788 322 4842 διὰ
356 4788 563 4843 τούτων
592 4790 825 4857 ἐπέγνω,
858 4788 954 4843 καὶ
986 4790 1146 4843 αὐτὸν
1175 4787 1315 4845 εἶναι
1345 4793 1691 4864 Δημιουργὸν
1714 4794 1808 4846 τοῦ

228 4879 438 4944 παντὸς
490 4880 587 4933 καὶ⁵
634 4881 864 4951 συνοχέα
932 4883 1190 4953 συνῆκεν.
1265 4882 1695 4954 Ἀποδεξάμενος
1752 4885 1809 4939 δὲ

226 4972 424 5025 τοῦτον
470 4972 571 5041 τῆς
625 4973 1047 5042 εὐγνωμοσύνης
1102 4975 1195 5027 καὶ
1244 4975 1415 5045 ὀρθῆς
1463 4977 1732 5049 κρίσεως,
1782 4980 1812 5030 ό

228 5063 369 5126 θεὸς
397 5064 716 5134 ἑνεεράνισεν
745 5064 908 5119 αὐτὸν
937 5064 1109 5137 αὐτῷ,
1146 5066 1209 5120 οὐ
1239 5066 1423 5130 καθὼς
1452 5067 1565 5138 ἔχει
1596 5068 1811 5136 φύσεως

230 5155 402 5224 (Θεδν
433 5156 546 5227 γάρ
592 5155 720 5210 ἰδεῖν
751 5160 983 5228 γεννητῇ
1025 5158 1187 5227 φύσει
1234 5160 1545 5230 ἀδύνατον),
1578 5160 1695 5213 ἀλλ’
1728 5162 1810 5214 οἰ-

231 5248 555 5315 κονομικαῖς
584 5263 696 5299 τισι
727 5245 1093 5315 θεοφανείαις,
1142 5248 1219 5312 ὡς
1263 5245 1406 5303 οἶδεν
1433 5251 1597 5313 αὐτός
1616 5266 1630 5279 °
1684 5253 1808 5317 καὶ,

231 5336 571 5406 τελεωτέραν
599 5337 805 5404 γνῶσιν
847 5338 1025 5402 ἐνθεὶς
1062 5339 1229 5392 αὐτοῦ
1275 5341 1342 5411 τῇ
1374 5340 1542 5411 ψυχῇ,
1568 5341 1811 5405 ὲδόξασε.

232 5430 331 5482 καὶ
360 5430 565 5483 οἰκεῖον
594 5430 745 5483 ἔθετο
786 5430 1119 5502 θεράποντα,
1146 5433 1226 5497 ὃς,
1262 5431 1362 5486 καὶ
1389 5434 1532 5487 κατά
1559 5434 1811 5505 διαδοχὴν

232 5523 347 5583 τοῖς
376 5520 439 5586 ἐξ
462 5521 629 5576 αὐτοῦ
659 5523 1037 5594 παραπέμψας
1063 5526 1163 5595 τὴν
1187 5526 1494 5589 εὐσέϐειαν,
1515 5528 1606 5581 τὸν
1633 5527 1810 5599 ἀληθῆ

232 5612 524 5683 γνωρίζειν
546 5614 755 5680 ἐδίδαξε
797 5615 953 5674 Θεόν.
983 5617 1075 5670 Διὸ
1107 5618 1203 5671 καὶ
1230 5620 1312 5682 εἰς
1352 5620 1557 5690 πλῆθος
1586 5621 1813 5692 ἄπειρον

410 5774 591 5848 Epist.
619 5772 873 5848 adnom.
905 5789 945 5848 ι,
978 5770 1051 5829 25
1084 5791 1097 5827 :
1144 5774 1559 5848 ’quﬁdsﬂqaqv
1581 5775 1677 5828 καὶ
1708 5776 1810 5829 ἐλά·

1917 5794 2041 5831 ισαν
2065 5780 2132 5847 τῇ
2168 5776 2342 5831 κτίσει
2374 5776 2528 5848 παρὰ

1920 4704 2021 4757 mis
2065 4703 2369 4757 simulacris
2396 4713 2616 4757 ornatus
2646 4703 3014 4771 hujuscemodi
3062 4720 3276 4760 causam
3321 4705 3486 4760 ascri-

1922 4796 2067 4863 psit;
2098 4794 2192 4848 sed
2222 4793 2387 4849 Deum
2419 4809 2602 4848 verum
2634 4809 2728 4863 per
2756 4794 2871 4850 haec
2899 4797 3133 4864 agnovit,
3174 4806 3335 4866 atque
3362 4796 3488 4850 uni-

1918 4884 2060 4939 versi
2109 4884 2420 4939 ell'ectorem
2466 4894 2519 4937 et
2563 4894 2991 4939 conservatorem
3039 4899 3161 4940 esse
3209 4886 3487 4940 intellexit.

1920 4978 2063 5031 Deus
2093 4986 2268 5032 autem
2297 4975 2411 5043 ejus
2441 4976 2756 5044 probitatem
2801 4979 2962 5031 animi
2989 4987 3148 5047 atque
3178 4979 3486 5039 candorem.

1920 5076 2234 5133 rectumque
2256 5064 2513 5135 judicium
2543 5068 2923 5133 comprobans,
2954 5069 3187 5137 seipsum
3214 5069 3261 5123 ei
3295 5070 3491 5136 patefe-
3534 5065 3541 5082 '

1919 5161 1992 5214 cit
2037 5160 2167 5228 (non
2222 5159 2433 5227 quidem
2483 5169 2539 5212 ut
2588 5172 2774 5213 natura
2817 5169 2919 5224 est,
2962 5174 3136 5228 neque
3177 5160 3318 5212 enim
3368 5160 3486 5215 fleri

1920 5259 2099 5318 potest
2142 5261 2199 5305 ut
2237 5258 2415 5305 creata
2462 5260 2645 5303 natura
2701 5250 2867 5303 Deum
2915 5259 3117 5315 cernat,
3170 5264 3355 5302 verum
3400 5265 3490 5317 per

1920 5344 2339 5411 dispensatorias
2359 5342 2612 5412 quasdam
2637 5341 2729 5396 Dei
2752 5340 3008 5403 visiones,
3040 5341 3485 5407 quemadmodum
3596 5386 3599 5387 ν

1924 5437 2039 5505 ipse
2065 5435 2254 5504 novit),
2288 5435 2685 5502 plenioremque
2707 5432 2787 5487 sui
2816 5432 3173 5500 cognitionem
3225 5431 3276 5485 in
3326 5431 3490 5498 ipsius

1923 5527 2103 5580 animo
2132 5526 2393 5587 inserens,
2424 5524 2586 5594 gloria
2616 5538 2737 5578 eum
2764 5522 2958 5588 affecit,
2990 5524 3197 5593 sibique
3236 5523 3490 5576 famulum

1926 5616 2137 5671 ascivit.
2185 5616 2284 5683 Qui
2315 5613 2526 5685 quidem
2574 5629 2670 5684 per
2716 5614 3110 5669 successionem
3163 5614 3248 5669 his
3290 5615 3379 5681 qui
3425 5614 3493 5665 ab

2551 5776 2641 5829 τὸν
2671 5774 2969 5830 κτίσαντα.

308 5844 385 5916 (ϐ)
409 5844 485 5916 D_e
507 5844 777 5916 adjectivp
814 5846 1114 5914 περίγειος,
1150 5851 1196 5916 ιζ
1217 5844 1305 5916 Ill,
1339 5862 1459 5913 pug.
1492 5845 1582 5916 25,
1617 5862 1670 5916 ιι.
1703 5848 1766 5909 7;
1796 5864 1809 5912 ι

1954 5848 2022 5901 48
2045 5888 2060 5907 ,
2093 5844 2147 5903 ἡ.
2177 5848 2227 5901 4.
2258 5877 2325 5888 --
2363 5844 2542 5902 δσνίιόί.
2582 5849 2631 5900 in
2666 5849 2709 5900 A
2735 5863 2750 5901 :
2773 5848 2821 5899 οἰ
2848 5846 3124 5904 Χαλδαῖοι.

310 5910 387 5986 (7)
430 5910 598 5986 Epist.
624 5914 693 5968 ad
727 5910 998 5978 Hormi",
1034 5915 1092 5968 ll
1120 5931 1135 5980 ;
1170 5912 1311 5968 Psal.
1343 5910 1471 5979 iuit,
1502 5914 1557 5970 2.
1589 5914 1673 5969 (λι.
1712 5932 1763 5986 p.
1798 5910 1893 5983 l6,
1932 5935 1988 5973 ιι.
2018 5918 2071 5969 9..
