4070 6426
241 433 278 488 ει
291 431 367 490 13
1344 417 1516 477 VITA
1557 419 1818 478 BARLA;

1949 420 2042 479 ET
2081 419 2429 483 JOASAPII.
3386 441 3442 504 91

237 539 371 591 τῆς,
403 524 433 593 ἢ
468 526 782 594 συναφείας,
810 529 866 580 ἐν
895 530 961 598 τῇ
993 528 1248 600 ἀχράντῳ
1273 531 1459 602 μήτρᾳ
1488 533 1586 602 τῆς
1617 533 1818 605 Παρθέ-

1940 534 2037 586 viri
2065 538 2267 590 semine
2293 550 2384 591 aut
2417 541 2690 596 voluntate
2711 555 2801 598 aut
2825 549 3112 604 concubitu
3133 550 3306 617 (Joan.
3344 553 3404 621 i).
3439 556 3490 608 in
3527 595 3536 602 .

237 632 348 668 ’δερυ
379 615 726 686 συλληφθεὶς,
751 619 865 670 ἀλλ’
887 622 950 672 ὲκ
973 620 1288 691 [Ινεύματος
1310 623 1466 690 ἁγίου
1494 625 1627 694 (ll),
1653 623 1818 686 καθὼς

1940 625 2073 678 labis
2091 628 2264 680 omnis
2291 642 2507 698 experte
2539 633 2766 702 Virginis
2796 645 2946 692 utero
2967 615 3275 710 conceptus,
3306 615 3400 698 sed
3424 663 3487 699 ex
3521 677 3527 681 -

239 709 354 759 καὶ
394 709 502 780 πρὸ
547 710 647 778 τῆς
680 709 992 780 συλλήψεως
1052 707 1132 774 εἷς
1161 714 1270 766 τῶν
1324 716 1682 786 ἀρχαγγέλων
1725 718 1834 770 ἀπ·-

235 817 265 850 ε
280 801 455 870 πάλη
487 801 706 871 μηνύων
723 804 787 873 τῇ
808 803 1066 875 Παρθένῳ
1093 806 1193 876 τὴν
1223 805 1378 876 ξένην
1403 806 1664 877 σύλληψιν
1684 808 1834 861 ὲκεί-

232 911 348 964 νην
392 895 491 946 καὶ
536 893 629 947 τὸν
665 893 946 965 ἄφραστον
991 897 1171 952 τόκον.
1219 898 1501 969 Ἀσπόρως
1555 897 1665 970 γάρ
1703 915 1831 952 συν-

232 985 463 1058 ελήφθη
505 989 532 1039 ό
571 986 697 1050 Υἱὸς
736 987 830 1041 τοῦ
875 987 1010 1042 Θεοῦ
1053 992 1116 1043 ὲκ
1149 990 1471 1060 Πνεῦματος
1511 992 1692 1060 ἁγίου,
1736 993 1832 1047 καὶ

233 1077 550 1148 συμπήξας
580 1078 758 1148 ἑαυτῷ
786 1079 844 1130 ὲν
882 1081 948 1148 τῇ
986 1080 1169 1152 μήτρᾳ
1200 1081 1298 1150 τῆς
1332 1082 1612 1152 Παρθένου
1650 1084 1832 1154 σάρκα

232 1167 676 1240 ἐμψυχουμένην
709 1171 855 1241 ψυχῇ
893 1172 1085 1245 λογικῇ
1118 1191 1178 1225 τε
1221 1173 1316 1228 καὶ
1344 1176 1528 1246 νοερᾷ,
1562 1176 1830 1248 προῆλθεν

230 1262 297 1310 ἐν
331 1262 442 1332 μιᾷ
487 1264 554 1334 τῇ
608 1263 928 1328 ὑποστάσει,
959 1263 1053 1317 δύο
1093 1265 1153 1318 δὲ
1182 1268 1299 1329 ταῖς
1351 1267 1569 1336 φύσεσι,
1622 1270 1829 1334 τέλειος

229 1354 387 1418 Θεὸς
427 1357 521 1408 καὶ
549 1356 752 1420 τέλειος
781 1355 1090 1428 ἄνθρωπος,
1132 1358 1370 1432 ἄφθορον
1400 1363 1499 1432 τὴν
1529 1363 1828 1434 παρθενίαν

1937 713 2136 779 Spiritu
2180 731 2388 786 sancto,
2427 725 2870 791 quemadmodum
2917 737 3040 782 ante
3087 734 3489 801 cenceptionem

1934 804 2368 878 urchangelorum
2398 827 2532 866 unus
2573 817 2766 871 missus
2794 827 2896 884 est,
2936 821 3021 888 qui
3053 835 3242 877 novam
3274 824 3412 879 illam
3436 836 3491 878 et

1926 896 2294 955 admirandam
2353 907 2752 972 conceptionem
2825 909 3022 978 Virgini
3063 915 3348 968 nuntiaret.
3401 918 3489 970 Et-

1883 1013 1891 1026 ι
1933 989 2072 1044 enim
2101 991 2191 1046 Dei
2221 993 2385 1048 Filius
2397 1010 2466 1049 ex
2487 996 2681 1065 Spiritu
2711 1011 2894 1054 saneto
2920 1002 3035 1056 sine
3062 1003 3267 1058 semine
3294 1018 3488 1059 conce-

1931 1089 2053 1148 ptus
2095 1093 2178 1136 est
2201 1099 2214 1136 :
2238 1094 2620 1154 compactaque
2659 1089 2759 1143 sibi
2790 1091 2842 1143 in
2876 1091 3105 1160 Virginis
3151 1106 3302 1148 utero
3329 1109 3490 1149 carne

1925 1173 2164 1228 animata
2185 1173 2359 1228 anima
2392 1176 2612 1230 rationis
2661 1194 2723 1234 ae
2751 1184 2944 1242 mentis
2988 1186 3264 1252 participe,
3297 1186 3489 1252 prodiit

1931 1264 1983 1315 in
2016 1281 2116 1318 una
2145 1283 2394 1334 persona,
2425 1278 2478 1322 et
2521 1268 2725 1322 duabus
2755 1274 2976 1329 naturis.
3018 1268 3283 1336 perlectus
3325 1269 3485 1333 Deus,

1925 1365 1980 1408 et
2009 1355 2166 1409 homo
2209 1357 2510 1425 perfectus;
2552 1358 2738 1411 matris
2779 1358 3130 1426 virginitatem
3168 1360 3328 1412 etiam
3368 1371 3487 1427 post

227 1448 342 1516 τῆς
388 1447 669 1520 Τεκούσης
705 1449 802 1502 καὶ
834 1450 976 1520 μετά
1004 1451 1094 1504 τὸν
1126 1451 1286 1505 τόκον
1321 1453 1583 1521 φυλάξας,
1616 1455 1732 1516 καὶ,
1767 1456 1826 1506 ὲν

229 1539 420 1591 πᾶσιν
479 1540 816 1611 ὁμοιοπαθὴς
869 1542 1002 1612 ἡμῖν
1056 1543 1348 1612 γενόμενος
1412 1547 1580 1616 χωρίς
1640 1547 1826 1617 ἀμαρ-

225 1632 372 1695 τίας
396 1631 530 1700 (12),
550 1632 646 1696 τὰς
663 1633 950 1698 ἀσθενείας
972 1635 1128 1705 ἡμῶν
1143 1636 1373 1690 ἀνέλαϐε
1399 1639 1492 1690 καὶ
1515 1639 1615 1702 τὰς
1637 1639 1826 1703 νόσους

227 1723 555 1779 ἐϐάστασεν
583 1728 716 1796 (15).
779 1727 932 1780 Ἐπεὶ
961 1729 1072 1795 γὰρ
1104 1728 1172 1782 δι’
1209 1731 1485 1802 ἁμαρτίας
1520 1731 1766 1802 εἰσῆλθεν
1794 1735 1824 1787 ό

229 1819 480 1883 θάνατος
504 1822 581 1884 εἰς
605 1820 696 1874 τὸν
727 1821 931 1892 κόσμον
962 1823 1099 1891 (14),
1124 1823 1228 1893 53
1251 1824 1355 1877 ἔδει
1374 1825 1467 1877 τὸν
1497 1825 1822 1896 λυτροῦσθαι

233 1910 514 1978 μέλλοντα
544 1891 929 1983 ἀναμάρτητον
957 1909 1098 1968 εἶναι
1136 1891 1238 1968 καὶ
1270 1915 1345 1987 μὴ
1376 1914 1453 1985 τῷ
1491 1891 1708 1987 θανάτῳ
1734 1917 1822 1972 διὰ
1857 1891 1894 1946 Β

227 2005 335 2072 τῆς
373 2001 653 2074 ἁμαρτίας
694 2003 1018 2058 ὑπεύθυνον.

315 2203 456 2259 Ἐπὶ
477 2204 774 2277 τριάκοντα
791 2203 849 2258 δὲ
873 2205 1220 2276 χρόνοις-τοίς
1251 2205 1558 2276 ἀνθρώποις
1588 2224 1819 2262 συνανα-

234 2297 544 2368 στραφεὶς,
572 2297 872 2367 ἐϐαπτίσθη
919 2299 978 2352 ὲν
1023 2297 1102 2368 τῷ
1158 2299 1409 2372 Ἰορδάνῃ⁴
1447 2299 1678 2370 ποταμῷ
1713 2299 1819 2354 ὑπὸ

241 2389 538 2452 Ἰωάννου,
581 2387 775 2458 ἀνδρὸς
815 2388 974 2456 ἁγίου
1004 2391 1098 2442 καὶ
1130 2391 1345 2445 πάντων
1383 2390 1491 2444 τῶν
1520 2392 1818 2461 προφητῶν

234 2481 668 2552 ὑπερκειμένου.
701 2475 1103 2545 Βαπτισθὲντος
1129 2482 1186 2536 δὲ
1214 2482 1404 2549 αὑτοῦ,
1433 2483 1585 2552 φωνὴ
1612 2482 1816 2553 ἠνέχθη

231 2572 534 2643 οὐρανόθεν
568 2575 633 2626 ὲκ
665 2572 760 2626 τοῦ
794 2573 932 2626 Θεοῦ
967 2574 1063 2626 καὶ
1091 2574 1325 2645 Πατρὸς,
1357 2573 1622 2643 λέγουσα’
1651 2569 1818 2639 Οὗτός

234 2664 392 2716 ἐστιν
425 2663 539 2737 (15)
569 2666 597 2717 ό
628 2664 755 2728 Υἱός
783 2677 904 2735 ῖμου
945 2667 974 2720 ό
1005 2666 1320 2736 ἀγαπητὸς,
1356 2667 1414 2718 ἐν
1448 2659 1490 2733 ᾧ
1525 2665 1813 2737 εὐδόκησα.

233 2755 349 2808 Καὶ
378 2753 438 2808 τὸ
477 2753 703 2825 Πνεῦμα
729 2754 789 2807 τὸ
817 2756 971 2824 ἅγιον
1004 2757 1062 2808 ὲν
1095 2755 1226 2809 εἴδει
1261 2758 1592 2828 περιστερᾶς
1618 2757 1816 2828 κατῆλ-

232 2846 326 2898 θεν
370 2845 459 2899 ἐπ’
500 2845 684 2900 αὐτόν.
733 2847 844 2901 Καὶ
893 2848 1124 2901 ἀποτότε
1175 2848 1379 2919 ἤρξατο
1409 2852 1611 2921 σημεῖα
1642 2853 1815 2904 ποιεῖν

233 2937 456 3006 μεγάλα
487 2937 600 3008 (16)
630 2939 724 2992 καὶ
767 2937 1096 3009 θαυμαστὰ,
1135 2941 1366 3012 νεκροὺς
1406 2941 1673 3007 ἀνιστῶν,
1723 2960 1816 2996 τυ-

230 3028 406 3098 φλοὺς
442 3030 712 3098 φωτίζων,
759 3013 1024 3101 δαίμονας
1065 3031 1410 3097 ἀπελαύνων,
1455 3034 1676 3103 κωφοὺς
1719 3033 1816 3090 καὶ

230 3120 470 3185 κυλλοὺς
491 3119 831 3193 θεραπεύων,
859 3120 1100 3194 λεπροὺς
1121 3122 1458 3193 καθαρίζων,
1483 3124 1577 3178 καὶ
1605 3141 1813 3178 παντα-

1926 1459 2133 1513 partum
2163 1449 2230 1499 ab
2257 1450 2404 1502 omni
2440 1450 2557 1503 labe
2584 1464 2928 1504 conservans.
2962 1454 3131 1516 Atque
3161 1451 3345 1504 iisdem
3373 1465 3488 1504 om-

1927 1541 2053 1589 nino
2092 1537 2290 1605 quibus
2340 1555 2456 1604 nos,
2487 1550 2715 1607 excepto
2749 1551 2987 1607 peccato,
3031 1539 3364 1606 passiouibus
3391 1541 3489 1595 ob-

1926 1628 2116 1680 noxius
2140 1627 2364 1682 eﬁ'ectus
2396 1629 2553 1696 (Heb.
2584 1630 2681 1699 iv),
2715 1627 3049 1684 inﬁrmitates
3077 1640 3284 1684 nostras
3312 1645 3494 1686 susce-

1928 1719 2024 1785 t-it,
2052 1733 2115 1774 ac
2140 1720 2356 1775 morbos
2381 1732 2592 1775 nostros
2626 1721 2848 1788 portavit
2891 1718 3026 1790 (ha.
3057 1720 3193 1787 LIII).
3233 1721 3490 1786 Quoniam

1927 1811 2068 1864 enim
2121 1826 2218 1881 per
2273 1823 2548 1881 peceatum
2603 1827 2748 1866 mors
2805 1813 2856 1866 in
2913 1813 3164 1867 mundum
3219 1815 3497 1870 introierat

1929 1899 2107 1970 (Rom.
2139 1903 2220 1968 v),
2273 1917 2495 1957 necesse
2539 1911 2652 1956 erat
2700 1912 2758 1957 ut
2796 1903 2886 1971 qui
2928 1904 3314 1973 redemptionis
3371 1923 3492 1963 mu-

1920 2007 2054 2048 nere
2183 1993 2556 2062 perfuncturus
2599 2004 2734 2059 erat,
2775 1995 2845 2050 ab
2893 1996 3039 2050 omni
3072 2005 3292 2064 peccato
3331 2012 3498 2065 purus

1925 2095 2088 2153 esset,
2111 2087 2424 2156 peccatique
2452 2089 2610 2142 morti
2639 2089 2856 2142 minime
2884 2087 3162 2144 obnoxius.

1991 2215 2228 2288 Triginta
2256 2235 2412 2288 porro
2440 2222 2590 2275 annis
2630 2236 2748 2274 cum
2783 2223 3078 2278 hominibus
3125 2234 3379 2286 versatus,
3439 2228 3495 2278 in
3531 2257 3540 2276 -.

1920 2308 2167 2366 Iordanis
2197 2313 2349 2367 undis
2377 2327 2404 2365 a
2435 2313 2640 2368 Joanne
2660 2315 2774 2369 viro
2791 2325 2996 2380 sancto,
3028 2332 3090 2370 ac
3113 2320 3490 2386 prophetarum

1920 2401 2154 2454 omnium
2185 2403 2643 2468 praestantissimo,
2670 2405 2962 2469 baptizatus
2980 2417 3078 2460 εει.
3107 2407 3292 2475 quue
3321 2407 3494 2474 bapti-

1920 2498 2040 2543 zato
2069 2505 2169 2543 vox
2200 2490 2460 2558 ejusmodi
2492 2492 2557 2546 de
2597 2494 2733 2547 coelo
2762 2509 2792 2546 a
2825 2494 2930 2548 Deo
2977 2494 3132 2549 Patre
3162 2495 3333 2548 delata
3362 2504 3444 2548 est
3472 2510 3490 2548 :

1925 2580 2019 2636 llic
2048 2590 2130 2634 est
2155 2581 2317 2635 Filius
2341 2598 2492 2636 meus
2513 2584 2757 2648 dilectus,
2815 2585 2866 2638 in
2893 2600 2996 2654 quo
3027 2585 3156 2638 mihi
3180 2585 3318 2639 bene
3340 2599 3492 2639 com-

1922 2672 2090 2741 placui
2120 2672 2294 2744 [Lucae
2324 2677 2402 2742 ιιι)
2447 2692 2460 2728 :
2517 2685 2675 2744 atque
2718 2675 2945 2743 Spiritus
2985 2688 3197 2731 sanctus
3225 2677 3484 2732 columba:

1923 2768 2101 2835 specie
2129 2766 2178 2820 in
2207 2767 2378 2836 ipsum
2407 2767 2702 2823 descendit.
2731 2770 2806 2822 Ac
2835 2771 3082 2839 deinceps
3106 2785 3292 2838 magna
3319 2780 3373 2823 et
3399 2770 3491 2822 ad-

1924 2855 2163 2910 miranda
2203 2857 2348 2926 signa
2401 2859 2614 2913 efﬁcere
2655 2861 2837 2924 etepit,
2872 2869 3106 2914 mortuos
3135 2860 3382 2912 videlzcet
3425 2860 3490 2911 ad

1923 2947 2082 3002 vitam
2108 2964 2382 3017 revocans,
2424 2951 2580 3005 caecis
2629 2952 2798 3005 lucem
2843 2951 3090 3018 aﬁ'erens,
3137 2953 3408 3006 daemones
3437 2953 3489 3005 in

1922 3039 2102 3109 fugam
2133 3052 2379 3108 vertens,
2435 3045 2626 3098 surdos
2665 3053 2719 3097 et
2748 3044 2961 3098 claudos
2991 3059 3206 3113 curans,
3257 3045 3489 3109 leprosos
3535 3090 3539 3094 .

1922 3150 2176 3206 purgans,
2213 3147 2375 3204 atque
2422 3137 2769 3191 inveteratam
2802 3143 3040 3189 naturam
3075 3145 3306 3190 nostram
3338 3136 3489 3189 undi-

232 3213 396 3284 χόθεν
429 3213 797 3277 ἀνακαινίζων
845 3213 951 3286 τὴν
978 3214 1384 3268 παλαιωθεῖσαν
1435 3215 1594 3286 ἡμῶν
1625 3214 1810 3284 φύσιν,

1922 3241 2026 3294 qtte
2047 3241 2329 3292 renovatis,
2358 3226 2716 3296 operibusque
2731 3228 3002 3291 erudiens,
3032 3242 3093 3281 ac
3112 3227 3320 3282 virtutis
3349 3230 3487 3281 viam

235 3307 390 3376 ἔργῳ
410 3321 470 3358 τε
519 3305 612 3359 καὶ
657 3304 802 3376 λόγῳ
847 3305 1120 3360 παιδεύων
1151 3306 1247 3360 καὶ
1281 3306 1547 3361 διδάσκων
1578 3307 1678 3376 τὴν
1713 3306 1814 3378 τῆς

237 3399 443 3466 ἀρετῆς
469 3397 606 3463 ὁδὸν,
647 3398 748 3468 τῆς
781 3399 879 3468 μὲν
922 3398 1132 3470 φθορᾶς
1166 3398 1420 3466 ἀπάγων,
1451 3398 1590 3468 πρὸς
1621 3398 1680 3450 δὲ
1716 3397 1814 3467 τὴν

235 3487 392 3556 ζωὴν
427 3489 676 3560 ποδηγῶν
706 3491 808 3561 τὴν
851 3491 1094 3546 αἰώνιον.
1122 3491 1286 3545 Ὅθεν
1326 3491 1420 3544 καὶ
1448 3489 1698 3561 μαθητὰς
1724 3489 1814 3556 ἐξ·

232 3579 457 3644 ιλέξατο
501 3581 732 3648 δώδεκα,
773 3582 866 3646 οὒς
911 3585 1006 3637 καὶ
1039 3581 1373 3644 ἀποστόλους
1420 3580 1680 3634 ἐκάλεσε·
1717 3579 1814 3634 καὶ

233 3669 532 3741 κηρύττειν
563 3671 744 3734 αὐτοῖς
785 3670 1056 3741 ἐπέτρεψε
1088 3671 1188 3740 τὴν
1225 3671 1477 3742 οὐράνιον
1509 3670 1809 3738 πολιτείαν,

231 3763 296 3832 ἣν
333 3759 500 3833 ἦλθεν
551 3764 643 3816 ἐπὶ
696 3764 796 3834 τῆς
835 3764 937 3834 γῆς
977 3763 1342 3830 ἐνδείξασθαι,
1389 3764 1484 3818 καὶ
1524 3765 1812 3836 οὐρανίους

232 3854 359 3916 τοὺς
399 3853 695 3918 ταπεινοὺς
726 3854 875 3925 ἡμᾶς
919 3854 1013 3907 καὶ
1047 3853 1325 3921 ἐπιγείους
1371 3855 1437 3925 τῇ
1465 3854 1631 3907 αὑτοῦ
1667 3857 1812 3908 οἰκο-

229 3945 397 4014 νομίᾳ
419 3945 681 4011 τελέσαι.ξ

294 4036 489 4108 Φθόνῳ
533 4037 591 4091 δὲ
634 4036 738 4107 τῆς
778 4035 1097 4108 θαυμαστῆς
1130 4034 1295 4091 αὐτοῦ
1332 4035 1427 4089 καὶ
1466 4031 1809 4104 θεοπρεποῦς

227 4128 509 4192 πολιτείας
539 4129 635 4182 καὶ
675 4129 786 4184 τῶν
828 4129 1071 4200 ἀπείρων
1110 4129 1402 4199 θαυμάτων
1432 4128 1482 4180 οἱ
1532 4128 1810 4198 ἀρχιερεῖς

227 4224 322 4275 καὶ
355 4220 594 4292 ἀρχηγοὶ
621 4219 736 4275 τῶν.
777 4220 1069 4282 Ἰουδαίων,
1103 4219 1234 4274 ἔνθα
1258 4219 1323 4288 δὴ
1357 4219 1454 4272 καὶ
1475 4219 1574 4282 τὰς
1605 4219 1809 4288 διατρι-

228 4314 330 4377 εάς
384 4314 659 4377 ἐποιεῖτο,
715 4313 1006 4383 μανέντες,
1065 4307 1262 4384 οἷσπερ
1317 4312 1386 4365 τά
1431 4311 1808 4383 προειρημένα

227 4403 526 4474 θαυμαστά
555 4406 760 4475 σημεῖα
785 4404 880 4458 καὶ
897 4404 1102 4474 τέρατα
1136 4404 1247 4474 (17)
1281 4406 1596 4473 πεποιήκει,
1628 4405 1804 4471 ἀμνη-

229 4498 572 4567 μονήσαντες
621 4497 873 4557 πάντων,
925 4495 1140 4566 θανάτῳ
1203 4496 1365 4550 αὑτὸν
1415 4496 1802 4557 κατεδίκασαν,

1927 3319 2180 3378 edocens,
2213 3327 2372 3387 atque
2392 3335 2420 3370 a
2449 3322 2790 3388 corruptione
2820 3319 3161 3384 abstrahens,
3182 3331 3236 3375 et
3261 3323 3326 3376 ad
3348 3337 3488 3377 sem-

1921 3409 2181 3479 piternam
2213 3411 2370 3463 vitam
2400 3410 2502 3466 iter
2545 3423 2871 3468 monstrans.
2927 3413 3075 3468 Unde
3105 3415 3261 3468 etiam
3291 3415 3487 3470 duode—

1919 3502 2024 3557 cim
2051 3502 2340 3570 discipulos
2371 3501 2531 3568 elegit
2588 3502 2800 3574 (Matth.
2837 3503 2975 3573 ιιι),
3032 3518 3166 3573 quos
3216 3505 3486 3571 apostolos

1920 3597 2234 3658 nominavit,
2264 3595 2493 3664 ipsisque
2523 3595 2788 3665 negotium
2818 3595 2966 3650 dedit
2990 3604 3046 3650 ut
3066 3597 3331 3652 caelestem
3365 3599 3488 3654 vitm

1922 3689 2182 3746 rationem
2215 3688 2588 3755 praedicarent,
2621 3703 2778 3757 quam
2814 3700 2867 3742 ut
2895 3690 2946 3742 in
2980 3698 3124 3745 terra
3155 3693 3483 3756 ostenderet,

1920 3794 1984 3833 ae
2011 3793 2109 3832 nos
2143 3779 2365 3832 humiles
2391 3787 2445 3833 et
2474 3790 2722 3832 terrenos.
2756 3794 2850 3849 per
2893 3781 3310 3835 incarnationem
3336 3797 3486 3836 suam

1921 3867 2167 3924 etelestes
2189 3867 2445 3934 efﬁceret,
2473 3878 2711 3925 venerat.

1989 4047 2058 4090 At
2087 4051 2210 4090 vero
2240 4039 2567 4092 admirandae
2613 4041 2777 4107 ipsius
2799 4057 2860 4095 ac
2893 4042 3085 4098 Deitati
3113 4054 3482 4099 consentanea:

1917 4127 2040 4180 vitae
2067 4137 2229 4195 atque
2254 4128 2575 4184 inﬁnitorum
2605 4132 2983 4188 miraculorum
3005 4134 3199 4189 invidia
3221 4147 3274 4190 et
3303 4137 3479 4190 furore

1913 4218 2166 4271 commoti
2221 4218 2526 4273 Judaeorum
2575 4223 2854 4288 pontiﬁces
2903 4238 2965 4279 ae
3005 4225 3293 4294 principes,
3341 4227 3478 4292 apud

1910 4327 2046 4379 quos
2077 4313 2283 4368 εοὶΙίορι
2315 4319 2766 4380 commorabatur,
2821 4326 2874 4370 et
2904 4317 2968 4370 ad
3010 4331 3233 4384 quorum
3282 4319 3478 4374 utilita~

1914 4416 2020 4458 tem
2052 4405 2362 4460 admiranda
2407 4406 2712 4474 liujusmodi
2741 4408 2888 4476 signa
2917 4415 2972 4462 et
3025 4409 3259 4478 prodigia
3293 4425 3476 4480 perpe-

1913 4504 2103 4562 trarat,
2119 4496 2496 4552 beneﬁciorum
2515 4501 2755 4552 omnium
2780 4500 3142 4568 immemores,
3162 4518 3280 4558 eum
3301 4514 3472 4560 morte

224 4587 339 4660 55.
367 4589 466 4641 ἕνα
497 4587 605 4640 τῶν
643 4586 902 4658 μαθητῶν
949 4585 1114 4641 αὐτοῦ
1157 4589 1236 4650 είς
1274 4587 1566 4659 προδοσίαν
1609 4604 1805 4656 συναρ-

1922 4589 2225 4654 multarunt,
2255 4606 2360 4645 uno
2385 4591 2628 4646 nimirum
2645 4607 2709 4646 ex
2728 4592 2892 4660 ipsius
2919 4592 3193 4662 discipulis
3215 4594 3279 4648 ad
3300 4597 3474 4665 ipsum

227 4687 538 4745 πάσαντεςθ
569 4683 686 4747 καὶ,
718 4681 1088 4752 κρατήσαντες
1118 4680 1301 4746 αὐτὸν,
1335 4682 1450 4742 τοῖς
1477 4681 1685 4734 ἔθνεσιν
1709 4681 1802 4734 ἕκ-

223 4772 382 4824 δετον
414 4771 511 4840 τὴν
557 4771 704 4842 ζωὴν
748 4771 858 4825 τῶν
899 4771 1156 4825 ἁπάντων
1188 4772 1534 4845 ἐποιήσαντο,
1579 4771 1804 4844 ἑκουσίᾳ

227 4861 398 4933 βουλῇ
444 4861 618 4914 ταῦτα
664 4860 1106 4933 καταδεξαμένου
1149 4861 1335 4916 αὐτοῦ.
1380 4857 1552 4915 Ἦλθε
1599 4863 1710 4934 γὰρ
1735 4862 1802 4915 δι’

224 4955 379 5024 ἡμᾶς
435 4953 619 5006 πάντα
653 4955 867 5018 παθεῖν,
915 4955 981 5006 ἵν’
1017 4955 1164 5025 ἡμᾶς
1203 4954 1314 5006 τῶν
1361 4953 1550 5007 παθῶν
1592 4955 1803 5007 ἐλευθε-

226 5043 405 5116 οὼσῃ.
453 5042 634 5097 Πολλά
669 5043 726 5096 δὲ
757 5046 838 5107 εἰς
866 5043 1031 5098 αὐτὸν
1072 5043 1463 5113 ὲνδειξάμενοι,
1495 5043 1713 5114 σταυρῷ
1741 5043 1802 5095 τὸ

1913 4679 2250 4749 prodendum
2277 4689 2509 4750 arrepto,
2543 4684 3096 4752 comprehensumque
3147 4685 3316 4751 ipsum
3346 4701 3477 4755 geu-

1913 4772 2056 4827 tibus
2079 4771 2418 4836 dediderunt,
2452 4772 2646 4839 ipsum,
2697 4772 2933 4843 inquam,
2991 4776 3079 4843 qui
3102 4777 3338 4830 omnium
3370 4778 3476 4832 vita

1912 4875 2052 4929 erat,
2079 4878 2143 4918 ac
2172 4863 2498 4931 sponteliaac
2528 4867 2864 4932 suscipiebat.
2915 4867 3026 4922 Hac
3053 4868 3193 4922 enim
3224 4867 3290 4921 de
3317 4883 3474 4924 eausa

1909 4952 2078 5017 venit,
2110 4963 2168 5006 ut
2195 4965 2371 5007 nostra
2395 4969 2552 5008 causa
2580 4954 2754 5008 omnia
2781 4965 3169 5024 perpeteretur,
3200 4973 3306 5025 quo
3322 4956 3472 5012 vide-

1907 5041 2034 5096 licet
2059 5058 2158 5097 nos
2181 5059 2210 5096 a
2239 5043 2444 5098 vitiosis
2473 5042 2843 5099 aﬁectionibus
2888 5046 2941 5100 in
2965 5046 3261 5101 libertatem
3303 5046 3474 5101 vindi-

294 5218 412 5286 (11)
443 5215 596 5272 Joan.
631 5233 670 5285 t,
697 5219 763 5272 15
789 5236 802 5272 :
840 5217 903 5271 Οἳ
932 5218 1034 5270 οὐκ
1061 5217 1123 5282 ἐξ
1153 5218 1421 5288 αἱμάτων,
1449 5218 1568 5271 οὐδὲ
1593 5219 1656 5269 ἐκ
1699 5213 1999 5285 θελήματος
2027 5212 2250 5284 σαρκὸς,
2284 5209 2405 5264 οὐδὲ
2441 5211 2506 5261 ὲκ
2529 5206 2836 5278 θελήματος
2863 5200 3078 5272 ἀνδρὸς,
3107 5200 3222 5254 ἀλλ’
3245 5201 3309 5255 ὲκ
3336 5195 3474 5253 Θεοῦ

224 5288 496 5358 ἐγεννήθη
507 5305 626 5342 σαν.

297 5340 422 5426 (Ιῖῖ
446 5340 623 5435 Epist.
647 5358 734 5435 atl‘
756 5357 919 5435 Hebr.
946 5373 1022 5435 tv,
1052 5357 1119 5410 15
1144 5372 1157 5408 :
1190 5357 1411 5435 09_*{_&p
1438 5356 1633 5435 ξχομεν
1663 5353 1928 5435 ἀρχιερέα
1959 5354 2049 5435 μὴ.
2073 5352 2372 5421 δυνάμενον
2399 5347 2753 5418 συμπαθῆσαι
2785 5346 2905 5405 ταῖς
2953 5340 3264 5404 ἀσθενείαις
3293 5340 3471 5410 ἡμῶν,

225 5431 667 5498 πεπειρασμένον
690 5427 747 5480 δὲ
779 5428 924 5480 κατά
955 5429 1133 5480 πάντα
1166 5426 1287 5480 καθ’
1308 5426 1618 5498 ὁμοιότητα,
1642 5426 1814 5496 χωρὶς

295 5497 412 5568 (15)
455 5497 640 5552 Μοιιιι.
678 5512 794 5568 vni,
820 5498 874 5551 7.

1844 5426 2138 5492 ἁμαρτίας.

296 5550 412 5637 (HI)
445 5550 708 5637 EpiSt.ad
744 5550 899 5622 lieni.
927 5583 982 5634 ν,
1014 5568 1082 5621 12
1115 5584 1128 5620 :
1156 5567 1236 5618 At‘
1273 5566 1390 5630 ἐνὸς
1417 5565 1707 5637 ἀνθρώπου
1729 5566 1763 5635 ἡ
1796 5565 2040 5637 ἁμαρτία
2071 5565 2149 5626 είς
2173 5563 2263 5616 τὸν
2281 5562 2481 5632 κόσμον
2516 5556 2757 5628 εἰσῆλθε,
2786 5557 2880 5611 καὶ
2909 5554 2994 5609 διὰ
3025 5553 3122 5624 τῆς
3148 5553 3420 5624 ἁμαρτίας
3448 5550 3477 5601 ό

229 5637 479 5699 θάνατος.

325 5708 412 5774 15)
441 5707 632 5762 Matth.
668 5723 750 5772 ιιι,
787 5709 870 5762 17.

325 5778 413 5848 16)
447 5777 638 5848 Matth.
669 5793 817 5840 xxrv,
849 5779 920 5833 Ἡ
947 5795 960 5831 :
993 5779 1234 5832 Δώσουσι
1269 5777 1702 5848 σημεῖαιμεγὰλα
1731 5775 1822 5831 καὶ
1844 5775 2066 5844 τέρατα.

329 5847 418 5915 1⁸1)
450 5847 535 5902 Cf.
565 5862 620 5917 ι).
652 5849 722 5903 50
747 5862 802 5904 et
838 5858 962 5904 nota
993 5864 1152 5918 praes.
