4070 6482
527 394 633 457 919

523 574 893 627 contaminata:
923 573 1343 629 Christianorum
1384 576 1504 631 fidei
1524 578 1668 632 velut
1693 579 1841 631 radix
1866 592 1929 632 ac
1955 593 2080 633 cer-

524 674 634 718 tum
656 665 1051 719 fundamentum
1075 665 1236 719 divini
1271 666 1519 736 baptismi
1544 668 1709 736 gratia
1735 676 1836 732 est,
1875 677 1934 724 ut
1959 684 2079 737 qum

524 755 757 809 omniaa
802 755 1077 810 nativitate
1121 767 1390 811 contracta
1438 770 1653 828 peccata
1685 762 1881 828 expiet,
1925 768 2083 828 atque

523 860 588 898 ea
619 845 1008 914 inquinamenta
1047 863 1165 915 qua:
1190 861 1255 901 ex
1286 847 1414 902 vitio
1454 851 1677 904 conllata
1707 861 1830 906 sunt
1858 865 2073 920 prorsus

525 945 803 1007 expurget.
832 936 920 992 Sic
940 938 1081 992 enim
1106 938 1349 994 Salvator
1375 941 1662 1005 mandavit,
1687 951 1742 995 ut
1770 956 1861 1010 per
1888 956 2075 1010 aquam

525 1045 587 1083 ac
606 1028 859 1098 Spiritum
890 1043 1283 1098 regeneremur,
1314 1040 1472 1098 atque
1498 1031 1562 1084 ad
1585 1042 1819 1087 veterem
1847 1032 2080 1099 dignita-

525 1131 633 1175 tem
662 1119 977 1175 redeamus:
1004 1135 1096 1189 per
1122 1122 1416 1174 orationem
1439 1121 1685 1176 videlicet
1706 1137 1769 1177 ac
1796 1124 2077 1177 salutarem

528 1213 936 1280 invocationem,
993 1213 1059 1267 ad
1107 1226 1295 1278 aquam
1326 1213 1608 1267 accedente
1643 1213 1841 1281 Spiritu
1871 1223 2077 1266 sancto.

530 1304 859 1373 Baptizamur
885 1304 1043 1374 igitur
1068 1304 1222 1372 juxta
1267 1304 1553 1359 Salvatoris
1575 1318 1875 1359 sermonem
1900 1306 1952 1358 in
1984 1320 2079 1358 no-

529 1396 671 1449 mine
697 1394 869 1449 Patris
897 1404 951 1450 et
977 1394 1094 1449 Filii
1119 1406 1173 1450 et
1193 1394 1421 1465 Spiritus
1449 1396 1611 1450 sancti
1634 1393 1849 1465 (Matth.
1868 1396 2077 1467 xxvm).

527 1489 699 1556 Atque
728 1487 799 1541 ita
819 1487 1046 1555 Spiritus
1076 1487 1242 1557 gratia
1274 1488 1326 1541 in
1354 1488 1469 1555 ejus
1515 1487 1605 1556 qui
1631 1486 1929 1554 baptizatur
1957 1488 2078 1541 ani-

530 1592 613 1631 ma
644 1578 977 1643 immoratur,
1004 1593 1121 1633 eam
1149 1578 1437 1643 illustrans,
1470 1591 1532 1632 ac
1559 1575 1796 1631 divinam
1828 1577 2079 1645 reddens,

531 1678 692 1739 atque
730 1670 1009 1739 imaginem
1034 1668 1176 1722 illam
1206 1683 1268 1722 ac
1286 1668 1683 1723 similitudinem
1707 1668 1820 1737 Dei,
1836 1670 1901 1722 ad
1924 1685 2081 1739 quam

530 1759 742 1813 condita
764 1768 867 1827 est,
898 1758 999 1828 ipsi
1029 1758 1351 1813 instaurans.
1399 1760 1476 1813 Ac
1498 1760 1767 1827 deinceps,
1816 1761 2082 1814 veteribus

531 1851 778 1905 omnibus
803 1851 915 1904 vitii
941 1850 1192 1919 operibus
1222 1851 1462 1917 abiectis,
1496 1865 1650 1905 novae
1677 1855 1799 1906 vita:
1831 1868 1949 1907 cum
1979 1856 2088 1908 Deo
2133 1832 2170 1882 Β

533 1951 738 2010 pactum
764 1942 961 1996 inimus
1009 1942 1195 2014 (Nam,
1239 1952 1371 1996 orat.
1404 1944 1466 1995 de
1493 1954 1651 1997 sanet.
1678 1943 1974 2015 Baptism.),
2024 1960 2087 2000 ac

533 2033 798 2098 puriorem
824 2031 1029 2087 vivendi
1056 2034 1320 2087 rationem
1349 2033 1683 2101 auspicamur
1713 2051 1727 2087 :
1781 2050 1887 2103 quo
1932 2035 2088 2091 nimi-

534 2138 648 2175 rum
675 2121 834 2177 etiam
882 2122 1190 2176 cohaeredes
1237 2137 1419 2175 eorum
1458 2123 1747 2178 efﬁciamur
1773 2126 1860 2194 qui
1891 2127 1956 2179 ad
1988 2128 2087 2180 im-

534 2212 904 2266 mortalitatem
962 2211 1258 2279 regenerati
1336 2220 1504 2277 sunt,
1570 2227 1633 2265 ac
1706 2215 2081 2281 sempiternam

534 2306 759 2359 salutem
826 2306 1099 2359 consecuti
1171 2314 1316 2358 sunt.
1390 2302 1533 2359 Citra
1596 2305 1914 2375 baptismum
1978 2321 2089 2361 au-

536 2409 643 2453 tem
677 2398 790 2451 ﬁeri
820 2413 924 2452 non
949 2405 1121 2465 patest
1147 2406 1204 2450 ut
1244 2397 1520 2466 quisquam
1568 2396 1759 2450 bonam
1790 2412 1935 2464 spem
1957 2412 2089 2452 con-

535 2497 811 2558 sequatur,
841 2487 1133 2557 quamlibet
1177 2488 1335 2541 etiam
1364 2488 1480 2556 pios
1509 2502 1696 2542 omnes
1725 2489 1925 2558 pietate
1945 2499 2094 2544 ante-

536 2580 799 2635 celluerit.
844 2580 932 2634 Sic
965 2578 1107 2633 enim
1144 2577 1283 2634 Deus
1337 2578 1591 2644 Verbum,
1644 2584 1755 2649 qui,
1804 2588 1865 2633 ut
1911 2582 2095 2650 generi

536 2681 721 2723 nostro
749 2669 976 2722 salutem
1000 2668 1231 2733 aﬂ‘erret,
1256 2669 1635 2724 humanitatem
1662 2672 1916 2739 suscepit,
1941 2672 2097 2727 dixit:

540 2762 707 2813 Amen
731 2759 852 2815 dico
872 2760 1048 2825 vobis,
1082 2757 1183 2814 nisi
1205 2760 1321 2829 quis
1347 2769 1684 2831 regeneratus
1700 2761 1857 2815 fuerit
1877 2778 1940 2817 ex
1963 2778 2097 2832 aqua

538 2859 593 2902 et
617 2850 814 2917 Spiritu
844 2857 1049 2916 sancto,
1078 2863 1182 2903 non
1219 2850 1432 2903 intrabit
1483 2852 1541 2905 in
1573 2866 1789 2920 regnum
1840 2853 2097 2908 caelorum

540 2941 719 3008 (Joan.
749 2941 853 3011 ιιι).
884 2941 1243 3001 Quamobrem
1267 2952 1392 2995 ante
1410 2941 1586 2995 omnia
1611 2951 1662 2998 te
1684 2958 1830 3013 rogo,
1856 2945 2099 2998 utanimo

539 3033 698 3087 ﬁdem
729 3033 976 3101 accipias,
1000 3047 1063 3087 ac
1089 3033 1266 3087 statim
1293 3033 1664 3088 ardentissimo
1692 3035 1919 3104 quodam
1948 3036 2095 3090 desi-

545 3123 697 3177 derio
720 3124 784 3177 ad
803 3125 1118 3192 baptismum
1146 3123 1389 3189 accedas,
1419 3139 1516 3179 nec
1543 3124 1702 3178 ullam
1733 3129 1949 3178 omnino
1991 3140 2100 3179 mo-

543 3228 655 3267 ratn
684 3214 957 3270 adhibeas.
989 3215 1284 3271 Periculosa
1311 3214 1567 3285 siquidem
1594 3226 1676 3270 est
1725 3215 1929 3280 dilatio,
1979 3233 2101 3283 ριύ-

544 3319 723 3373 pterea
756 3306 893 3375 quod
921 3307 1242 3374 praestitutus
1266 3305 1422 3357 morti
1447 3304 1556 3358 dies
1575 3304 1804 3358 incertus
1830 3314 1929 3360 est.
1951 3304 2101 3358 Josa-

544 3398 671 3464 pltat
704 3407 877 3451 autem
911 3396 975 3450 ad
1007 3397 1179 3465 ipsum
1217 3396 1352 3450 dixit
1384 3414 1395 3447 :
1450 3396 1514 3449 Et
1550 3411 1792 3463 quaenam
1834 3398 1969 3451 bona
2018 3397 2103 3453 illa

542 3504 664 3555 spes
693 3499 797 3553 est,
828 3490 979 3558 cujus
1018 3490 1131 3544 tieri
1163 3503 1318 3558 posse
1349 3491 1550 3558 negasti
1580 3497 1637 3543 ut
1666 3490 1944 3559 quisquam
1973 3492 2104 3548 citra

545 3584 863 3649 baptismum
891 3595 1109 3651 compos
1157 3580 1286 3634 tiat?
1332 3580 1593 3647 Quidnam
1642 3584 1799 3635 etiam
1827 3581 1959 3634 illud
2002 3594 2103 3645 est,

543 3671 684 3739 quod
707 3673 962 3726 etelorum
996 3686 1212 3742 regnum
1237 3672 1508 3740 appellas?
1559 3671 1831 3726 Undenam
1857 3671 1983 3727 item
2018 3672 2105 3728 Dei

546 3765 875 3818 humanitate
905 3764 1071 3818 induti
1120 3765 1276 3817 verba
1326 3764 1606 3817 audivisti?
1655 3763 1878 3832 Quinam
1922 3777 2106 3818 rursus

546 3867 626 3906 νει
651 3855 885 3907 incertus
916 3855 1075 3907 morti
1116 3855 1446 3923 praestitutus
1492 3852 1639 3919 dies,
1693 3856 1759 3907 de
1789 3869 1892 3922 quo
1919 3855 2104 3923 ingens

546 3946 850 3999 sollicitudo
878 3954 1061 4012 pectus
1096 3961 1270 3999 meum
1302 3947 1537 4010 subiens,
1569 3948 1885 4000 maeroribus
1909 3962 1970 4001 ac
2013 3948 2106 4002 do-

549 4037 749 4111 IOl’tbllS
772 4051 961 4091 carnes
1006 4051 1153 4090 meas
1181 4036 1413 4101 coniicit,
1447 4047 1605 4105 atque
1632 4037 1767 4091 adeo
1812 4038 2103 4106 ipsunt'os-

548 4128 687 4181 sium
713 4128 872 4181 robur
895 4130 1077 4182 exest?
1103 4128 1338 4196 Denique
1362 4142 1536 4181 utrum
1566 4129 1851 4183 morientes
1891 4131 1943 4181 in
1966 4130 2104 4182 nihi-

549 4219 656 4274 lum
687 4221 971 4274 dilabimur
993 4260 1009 4285 ,
1056 4235 1123 4274 an
1152 4230 1335 4275 contra
1385 4229 1504 4290 post
1531 4230 1849 4289 praesentem
1881 4222 2106 4288 peregri.

544 4311 815 4365 tuitionem
843 4311 942 4363 alia
972 4311 1075 4363 vita
1099 4318 1344 4378 superest
1374 4327 1387 4362 :
1436 4309 1549 4365 haec
1568 4321 1623 4364 et
1653 4310 1734 4364 his
1754 4289 2116 4363 consentanea'

546 4414 613 4453 cx
645 4411 696 4455 te
726 4402 863 4455 Scire
888 4400 1126 4453 avebam.

1956 371 2308 433 ADDENDA
2319 418 2331 430 .

596 484 688 537 Ille
713 491 888 537 autem
916 482 984 537 ad
1011 498 1130 537 eum
1161 484 1433 553 respondit
1457 503 1470 538 :
1502 487 1711 543 Sancta:
1745 487 1901 557 hujus
1920 496 1976 542 et
1995 490 2079 543 in-
2124 492 2175 545 ΑΔ

2278 484 2517 546 Ἐκεῖνος
2562 483 2624 535 δὲ
2661 481 2797 550 πρὸς
2849 478 3012 532 αὐτὸν
3060 476 3401 545 ἀπεκρίνατο
3661 472 3777 543 Τῆς

2193 577 2357 646 ἁγίας
2402 575 2607 645 ταύτης
2648 575 2744 626 καὶ
2790 572 3092 642 ἀμωμήτου
3141 567 3252 621 τῶν
3286 567 3641 636 Χριστιανῶν
3690 565 3779 617 πί-

2196 681 2367 727 στεως
2421 664 2546 734 ῥίζα
2592 662 2781 732 ὥσπερ
2834 662 2931 714 καὶ
2985 659 3234 728 ἀσφαλὴς
3294 656 3580 723 ὐποόἀθρα
3614 656 3650 723 ἡ
3684 652 3780 706 τού

2194 756 2341 810 θείου
2371 755 2750 826 βαπτίσματος
2781 752 3017 822 ὐπάρχει
3051 752 3232 820 χάρις,
3263 750 3480 801 πάντων
3517 747 3632 799 τῶν
3674 745 3781 798 ἀπὸ

2194 850 2465 919 γενέσεως
2500 847 2914 919 ἁμαρτημάτων
2943 844 3215 913 κάθαρσιν
3249 841 3469 912 ἔχουσα,
3508 840 3608 892 καὶ
3644 854 3784 891 πιν-

2194 942 2323 1012 τελῆ
2383 939 2544 1011 ρύψιν
2579 938 2688 991 τῶν
2734 937 2843 993 ἀπὸ
2899 935 3095 998 κακίας
3143 931 3575 987 ἐπεισελθόντων
3620 928 3784 999 μολυ-

2198 1035 2442 1106 σμάτων.
2492 1030 2649 1085 Οὕτω
2678 1028 2787 1100 γὰρ
2819 1030 2849 1081 ὁ
2897 1026 3086 1097 Σωτὴρ
3140 1023 3444 1078 ἐνετείλατο
3480 1020 3550 1072 δι’
3587 1019 3783 1082 ὓδατος

2198 1124 2593 1195 ἀναγεννᾶσθαι
2617 1123 2711 1176 καὶ
2737 1119 2879 1175 Πνεύ
2888 1135 3056 1190 ματος
3086 1116 3223 1185 (59),
3249 1114 3345 1168 καὶ
3367 1114 3444 1176 εἰς
3464 1112 3526 1166 τὸ
3550 1111 3785 1181 ἀρχαῖον

2197 1217 2564 1287 ἐπανάγεσθαι
2613 1213 2853 1283 ἀξίωμα,
2887 1210 2955 1263 δι’
2983 1209 3279 1273 ἐντεύξεως
3323 1205 3523 1275 δηλαδὴ
3558 1204 3658 1257 καί⁵
3686 1203 3783 1269 τῆς

2198 1308 2466 1381 σωτηρίου
2508 1303 2871 1374 ἐπικλήσεως,
2916 1296 3309 1366 ἐπιφοιτῶντος
3355 1294 3435 1363 τῷ
3482 1291 3639 1344 ὕδατι
3689 1288 3781 1340 τού

2199 1380 2363 1470 ἁγίου
2417 1397 2755 1465 Πνεύματος.
2804 1388 3193 1459 Βαπτιζόμεθα
3241 1387 3443 1449 τοίνυν,
3493 1381 3642 1435 κατὰ
3692 1380 3783 1431 τὸν

2198 1490 2357 1557 λόγον
2381 1487 2474 1542 τοῦ
2504 1484 2709 1557 Κυρίου
2733 1482 2867 1554 (40),
2892 1482 2970 1545 εἰς
2998 1480 3058 1534 τὸ
3079 1478 3249 1549 ὄνομα
3275 1475 3370 1530 τοῦ
3402 1474 3653 1543 Πατρδς,
3689 1472 3782 1524 καὶ

2197 1582 2288 1634 τοῦ
2342 1578 2496 1644 Υίοῦ,
2550 1576 2646 1631 καὶ
2678 1572 2773 1627 τοῦ
2830 1572 2999 1640 ἁγίου
3056 1570 3401 1640 ΙΙνεύματος·
3457 1566 3552 1619 καὶ
3607 1562 3783 1621 οὕτως

2198 1674 2401 1727 ἐνοικεῖ
2431 1669 2526 1725 τοῦ
2558 1668 2717 1739 ἁγίου
2754 1664 3072 1735 Πνεύματος
3104 1665 3137 1732 ἡ
3164 1661 3324 1733 χάρις
3358 1662 3425 1730 τῇ
3457 1656 3552 1711 τοῦ
3584 1654 3778 1725 βαπτι-

2200 1766 2418 1828 σθέντος
2442 1764 2611 1833 ψυχῇ,
2641 1758 3039 1832 λαμπρύνουσα
3066 1754 3238 1824 αὐτὴν
3263 1754 3353 1806 καὶ
3376 1750 3587 1819 θεοειδῆ
3609 1750 3781 1818 ἁπερ-

2200 1857 2497 1929 γαξομένη,
2529 1855 2622 1908 καὶ
2649 1848 2711 1906 τὸ
2736 1853 2855 1906 κατ’
2889 1849 3076 1905 είκόνα
3103 1847 3202 1901 καὶ
3228 1844 3350 1900 καθ’
3372 1843 3635 1915 ὁμοίωσιν
3670 1840 3777 1908 (Η)

2201 1951 2340 2021 αὐτῇ
2384 1944 2812 2009 ἀνακαινίζουσα
2836 1960 2851 1975 ·
2887 1943 2982 1997 καί
3021 1939 3209 1995 λοιπὸν
3244 1938 3424 1992 πάντα
3466 1935 3536 1987 τὰ
3571 1930 3780 1985 παλαιὰ

2198 2041 2297 2111 τῆς
2325 2039 2521 2099 κακίας
2545 2036 2683 2108 ἔργα
2714 2034 3143 2107 ἀπορρίψαντες,
3177 2028 3454 2099 συνθήκην
3481 2026 3622 2096 πρὸς
3645 2022 3780 2076 Θεὸν

2198 2132 2453 2203 δευτέρου
2501 2130 2618 2201 βίου
2673 2128 2768 2183 καὶ
2817 2126 2992 2198 ἀρχὴν
3046 2122 3441 2193 καθαρωτέρας
3498 2118 3781 2179 πολιτείας

2202 2223 2531 2295 ποιούμεθα,
2560 2221 2636 2285 ὡς
2668 2221 2733 2276 ἂν
2765 2221 2859 2274 καὶ
2905 2214 3337 2286 συγκληρονόμοι
3392 2210 3633 2281 ἐσόμεθα
3664 2209 3777 2276 (42)

2198 2317 2307 2371 τῶν
2330 2314 2465 2387 πρὸς
2490 2312 2800 2383 ἀφθαρσίαν
2822 2307 3293 2379 ἀναγεννηθέντων
3319 2303 3530 2373 καὶτῆς
3556 2301 3778 2355 αἰωνίου

2201 2408 2476 2479 σωτηρίας
2507 2404 2940 2474 ὲπιλαὸομένων.
2976 2401 3159 2471 Χωρὶς
3186 2398 3241 2451 δὲ
3273 2394 3649 2468 βαπτίσματος
3677 2394 3781 2446 οὐκ

2199 2503 2316 2556 ἔστι
2339 2500 2437 2570 τῆς
2466 2497 2675 2568 ἀγαθῆς
2707 2495 2921 2557 ἐλπίδος
2953 2493 3169 2562 ἐκείνης
3194 2489 3493 2558 ἐπιτυχεῖν,
3530 2486 3639 2556 59
3677 2484 3781 2538 κᾶν

2200 2596 2418 2648 πάντων
2471 2590 2581 2644 τῶν
2639 2587 2881 2643 εὐσεϐῶν
2933 2582 3321 2653 εὐσεϐέστερός
3384 2597 3468 2641 τις
3530 2580 3779 2648 γένηται.

2201 2687 2357 2741 Οὐτω
2385 2680 2492 2756 γὰρ
2516 2685 2543 2735 ὁ
2571 2683 2664 2735 ἐπὶ
2698 2678 2948 2750 σωτηρίᾳ
2971 2676 3067 2730 τοῦ
3100 2676 3287 2746 γένους
3317 2672 3477 2744 ἡμῶν
3505 2671 3782 2741 ὲνανθρωρ

2202 2780 2383 2850 πήσας
2426 2775 2561 2839 Θεὸς
2607 2773 2780 2841 Λόγος
2816 2767 2972 2825 εἶπεν
3007 2770 3157 2840 (45)*
3224 2767 3396 2838 ’Δμὴν
3441 2765 3585 2834 λέγω
3629 2766 3782 2833 ὑμῖν,

2201 2871 2295 2924 ἐὰν
2334 2869 2409 2939 μὴ
2451 2865 2856 2936 ἁναγεννηθῆτε
2882 2863 2946 2917 δι’
2979 2862 3172 2924 ὓδατος
3211 2860 3309 2913 καὶ
3349 2856 3692 2927 ῐῙνεύματος,
3719 2856 3780 2908 οὐ

2204 2961 2278 3035 μὴ
2317 2961 2591 3032 εἰσέλθητε
2640 2960 2718 3022 είς
2759 2957 2857 3027 τὴν
2899 2953 3175 3025 βασιλείαν
3220 2953 3329 3005 τῶν
3377 2950 3645 3021 οὐρανῶν.
3693 2948 3783 3001 Διὸ

2203 3055 2310 3126 πρὸ
2344 3054 2560 3107 πάντων
2590 3050 2726 3118 ἀξιῶ
2762 3067 2823 3102 σε
2860 3051 2926 3119 τῇ
2963 3047 3063 3118 μὲν
3089 3045 3237 3116 ψυχῇ
3268 3043 3525 3108 δέξασθαι
3560 3040 3662 3112 τὴν
3692 3039 3784 3091 πί-

2207 3165 2345 3213 στιν,
2375 3144 2692 3217 προσελθεῖν
2719 3144 2776 3197 δὲ
2813 3141 2976 3204 εὐθὺς
3008 3140 3106 3194 καὶ
3142 3138 3220 3208 τῷ
3250 3136 3592 3208 βαπτίσματι
3634 3133 3783 3202 πόθῳ

2206 3239 2525 3310 θερμοτάτῳ
2560 3238 2657 3291 καὶ
2705 3233 2949 3305 μηδόλως
2980 3231 3118 3302 πρὸς
3158 3228 3317 3282 τοῦτο
3344 3224 3779 3280 ἀναϐάλλεσθαιο

2202 3331 2541 3386 ἐπικίνδυνον
2571 3328 2682 3401 (44)
2720 3327 2829 3399 γὰρ
2855 3327 2888 3396 ἡ
2915 3323 3175 3394 ἀναϐολὴ.
3206 3321 3294 3375 διὰ
3324 3319 3383 3372 τὸ
3412 3317 3610 3387 ἄδηλον
3644 3310 3781 3369 εἶναι

2199 3423 2294 3478 τοῦ
2346 3422 2579 3476 θανάτου
2621 3420 2721 3491 τὴν
2759 3416 3119 3490 προθεσμίαν.
3164 3414 3231 3467 '0
3274 3412 3331 3465 δὲ
3377 3410 3620 3478 Ἰωάσαφ
3649 3408 3784 3478 πρὸς

2200 3514 2366 3571 αὐτὸν
2397 3508 2520 3566 εἶπε
2558 3510 2691 3585 (45)·
2722 3508 2833 3563 Καί
2870 3525 2953 3572 τις
2990 3509 3022 3578 ἠ
3058 3502 3238 3573 ἀγαθὴ
3274 3502 3428 3565 ἐλπὶς
3463 3501 3678 3568 ἐκείνη,
3718 3496 3783 3571 ἦς

2202 3608 2338 3675 ἔφης
2382 3604 2553 3676 χωρὶς
2593 3601 2970 3673 βαπτίσματος
3014 3597 3089 3669 μὴ
3138 3591 3696 3663 ὲπιτυγχάνεινλτίς
3726 3590 3778 3643 δέ

2202 3701 2349 3751 ἐστιν
2381 3698 2561 3767 ἤνπερ
2595 3693 2875 3765 βασιλείαν
2908 3690 3017 3744 τῶν
3043 3687 3288 3760 οὐρανῶν
3317 3684 3660 3749 ἀποκαλεῖς;
3690 3681 3783 3733 πό-

2203 3791 2294 3843 θεν
2337 3789 2393 3842 δὲ
2439 3788 2509 3841 τὰ
2547 3786 2642 3839 τού
2699 3783 3222 3854 ὲνανθρωπήσαντος
3271 3775 3405 3829 Θεοῦ
3454 3776 3686 3845 ῥήματα
3722 3774 3785 3825 σὺ

2202 3880 2484 3950 ἀκήκοας;
2523 3876 2606 3939 τίς
2638 3875 2695 3929 δὲ
2738 3877 2770 3946 ἡ
2806 3874 2901 3928 τοῦ
2940 3872 3171 3926 θανάτου
3203 3868 3398 3938 ἄδηλος
3446 3864 3784 3937 προθεσμία,

2204 3972 2336 4042 περὶ
2359 3966 2427 4042 ἧς
2459 3970 2702 4041 μέριμνα
2736 3965 2935 4036 πολλὴ,
2965 3967 3031 4036 τῇ
3065 3962 3263 4035 καρδία
3298 3978 3399 4031 μου
3439 3957 3785 4026 ἐνσκήψασα,

2202 4068 2261 4119 ὲν
2288 4063 2490 4124 λύπαις
2520 4061 2614 4114 καὶ
2650 4059 2863 4123 ὀδύναις
2900 4058 3117 4127 δαπανᾷ
3152 4073 3251 4126 μου
3281 4053 3380 4116 τὰς
3415 4052 3663 4121 σάρκας,
3695 4050 3787 4101 καὶ

2202 4154 2383 4210 αὐτῶν
2410 4152 2475 4224 δὴ
2502 4150 2610 4204 τῶν
2649 4149 2854 4203 ὀστέων
2888 4146 3266 4210 καθάπτεται,
3307 4143 3402 4197 καὶ
3442 4142 3493 4193 εί
3525 4136 3787 4207 τεθνεηξό⁴

2206 4263 2355 4319 μενοι
2394 4245 2470 4308 είς
2492 4242 2554 4296 τὸ
2586 4242 2661 4314 μὴ
2691 4240 2751 4294 ὃν
2778 4237 3117 4309 διαλυθῶμεν
3146 4238 3195 4290 οί
3229 4234 3527 4305 ἄνθρωποι,
3554 4231 3593 4299 ἢ
3642 4231 3787 4281 ἐστιν

2202 4337 2336 4408 ἄλλη
2366 4353 2452 4399 τις
2492 4333 2647 4405 βιοτὴ
2694 4332 2832 4404 μετὰ
2868 4330 2968 4401 τὴν
2997 4327 3247 4382 ἐντεῦθεν
3272 4324 3567 4397 ὲκδημίαν;
3605 4320 3786 4374 Ταῦτα

2203 4430 2299 4483 καὶ
2328 4428 2539 4492 τούτοις
2568 4427 2813 4497 ἑπόμενα
2840 4423 3029 4495 μαθεῖν
3056 4421 3389 4491 ἐπεθύμουν.

629 4517 865 4568 Barlaam
897 4515 1197 4582 ltnjusmodi
1251 4530 1562 4583 responsum
1594 4516 1675 4571 his
1714 4518 1894 4570 verbis
1919 4518 2065 4571 dedit
2092 4536 2095 4569 :

2274 4523 2387 4592 60
2430 4520 2487 4573 '0
2528 4519 2585 4572 δὲ
2626 4516 2893 4589 Βαρλαὰμ
2940 4513 3195 4577 τοιαύτας
3226 4511 3437 4572 τούτοις
3484 4508 3663 4562 ἐδίδου
3693 4506 3788 4569 τὰς

555 4607 697 4659 Bona
730 4621 789 4659 ea
820 4620 965 4672 spes,
1021 4607 1088 4658 de
1118 4621 1218 4675 qua
1265 4605 1470 4659 locutus
1498 4620 1637 4671 sum,
1689 4607 1835 4677 regni
1878 4610 2109 4663 caslestis

2209 4611 2530 4681 ἀποκρίσεις
2572 4608 2718 4679 (46)·
2763 4608 2829 4661 Ἡ
2873 4607 2970 4677 μὲν
3014 4604 3195 4675 ἀγαθὴ
3238 4603 3415 4666 ἐλπὶς,
3458 4601 3527 4671 ἢν
3562 4600 3787 4669 εἴρηκα,

553 4708 652 4752 cst.
679 4699 749 4750 Ea
774 4710 949 4750 autem
974 4706 1055 4750 est
1082 4696 1364 4764 ejusmodi,
1390 4706 1446 4751 ut
1473 4697 1611 4751 nulla
1636 4702 1852 4754 omnino
1879 4701 2095 4755 humana

2201 4702 2301 4771 τῆς
2338 4699 2615 4771 βασιλείας
2659 4696 2780 4752 ἐστὶ
2813 4696 2920 4749 τῶν
2958 4693 3234 4766 οὐρανῶν·
3278 4690 3418 4762 α’ύτη
3469 4689 3527 4743 δὲ
3564 4688 3790 4761 γλώσσῃ

600 4832 714 4903 (58)
755 4832 973 4888 Lemma
1001 4834 1284 4888 metricum
1318 4834 1369 4888 in
1402 4828 1495 4888 A'i
1528 4829 1733 4903 Τρίτην
1761 4829 2028 4902 Βαρλαὰμ
2047 4831 2095 4885 δι

2200 4829 2282 4898 ξιν
2308 4829 2403 4885 νῦν
2428 4830 2613 4901 βλέπε.

599 4903 716 4967 (39)
747 4904 830 4958 Cf.
859 4904 1011 4958 Joan.
1050 4920 1132 4964 ιιι.
1166 4905 1219 4959 5.

600 4972 713 5043 (40)
754 4974 836 5029 Cf.
866 4975 1063 5029 Matth.
1102 4990 1299 5041 xxvtn,
1326 4975 1411 5031 l9.

600 5044 713 5113 t-H)
744 5044 900 5099 Cunf.
934 5061 987 5114 p.
1013 5046 1102 5111 45,
1138 5062 1191 5099 ιι.
1225 5047 1279 5103 5.

601 5105 712 5187 (52)
749 5117 811 5187 _C,
839 5105 1113 5185 tempatis,
1139 5128 1191 5167 et
1214 5118 1295 5169 sic
1326 5115 1371 5168 Α
1400 5130 1431 5169 e
1455 5117 1818 5187 correctione.
1852 5115 2105 5169 Fluctnat
2129 5114 2303 5168 oratio
2330 5114 2472 5187 inter
2518 5111 2883 5187 soloecismum
2919 5120 2973 5163 et
3008 5105 3422 5187 barbarismum.
3502 5171 3521 5187 ἡ
3574 5170 3586 5187 ⁹
3730 5167 3778 5187 7-

740 5170 896 5241 Jo'an.
924 5170 1007 5253 ιιι,
1037 5170 1113 5242 δέ
1149 5188 1342 5258 ’Δμὴν,
1364 5185 1512 5257 ἀμὴν
1537 5170 1680 5257 λέγω
1704 5170 1814 5241 σοιέ
1844 5187 1938 5239 ἐὰν
1966 5187 2039 5256 μή
2068 5203 2151 5248 τις
2169 5184 2407 5257 γεννηθῇ
2430 5182 2657 5248 ἄνωθεν,
2690 5182 2750 5236 οὐ
2797 5180 3019 5233 δύναται
3056 5178 3183 5232 ἰδεῖν
3221 5175 3321 5247 τὴν
3375 5170 3660 5243 βασιλείαν
3688 5170 3780 5222 τοῦ

525 5260 683 5310 Θεοῦ.

597 5326 707 5395 (Μ)
732 5325 789 5382 C.
830 5326 1187 5389 ἐπικίνδυνος.
1236 5326 1289 5379 In
1324 5326 1522 5382 talibus
1556 5328 1909 5382 varietatibus
1950 5333 2095 5396 neuti

2235 5324 2569 5396 ῃίετιιιιιίιιιιξ⁸
2590 5321 3006 5396 prteferentlum.
3040 5317 3219 5396 _t_.
3260 5314 3310 5376 Ι,
3346 5326 3469 5396 pag.
3501 5310 3604 5396 49.,
3631 5327 3684 5396 II:
3718 5309 3778 5369 5;

527 5382 851 5452 No‘tit.'mss.
881 5408 919 5450 t.
960 5396 1047 5449 XI.
1092 5382 1174 5459 HV,
1207 5412 1259 5463 p.
1296 5398 1402 5462 89;
1446 5400 1626 5451 notnla
1659 5400 1722 5450 ad
1760 5396 1977 5449 Plutum
2006 5392 2095 5447 2οΞ

2200 5435 2203 5445 .
2234 5382 2323 5456 lV,
2356 5382 2481 5464 pag:
2505 5393 2630 5446 264.
2663 5394 2886 5464 Charite
2924 5406 3004 5464 ιιι,
3100 5404 3111 5438 :
3144 5382 3779 5464 Εὐκαταφρόνηξόνέστι

525 5468 665 5537 γυνὴ
701 5467 835 5537 μόνη
873 5468 968 5520 καὶ
1009 5452 1253 5537 ξένη.ἸῘ›ἰ
1289 5452 2095 5537 ιιιιὶἰινοροειιίιεὐκαταφρόνη

2200 5504 2211 5529 ,
2246 5452 2328 5537 vir
2359 5452 2969 5537 Idiconjet-turuntfecit
3000 5452 3775 5537 saxeum?pdvn'cov;ll‘ltotitts:

524 5521 755 5609 episl.‘l,
796 5521 835 5605 θ’
949 5554 960 5587 :
992 5521 1528 5607 ’1³οιχύλογίοίγέιρἐν⁸
1550 5538 1646 5609 μὲν
1674 5521 2095 5609 ᾁγωνιστιὶιάξς(

2200 5521 2354 5597 ίέξεσι
2384 5535 2477 5586 καὶ
2509 5521 2765 5609 ἁμίλλαις
2798 5521 3285 5609 εὐκαταφρόνητον
3305 5524 3453 5609 ξσωςο
3484 5521 3776 5605 Μυηειιιίίζτ

527 5594 823 5680 Α’ῃγίεοίαῖ
854 5594 1349 5680 Εὐκαταῄᾧρὸνητόν
1374 5594 1514 5675 ἐστι,
1537 5594 1759 5680 Γοργίοὶ,
1796 5607 1983 5677 πένης.
2010 5594 2095 5659 ΡἸε

2200 5594 2465 5658 Lucianus
2498 5594 2559 5656 l).
2593 5601 2663 5657 Μ.
2700 5618 2806 5667 xw,
2832 5603 2864 5655 5
2902 5618 2914 5652 :
2948 5601 2995 5653 οἱ
3020 5594 3217 5652 ’Ἰνδῶν
3242 5594 3530 5662 ἐλέφαντες
3557 5594 3659 5643 οὐκ
3689 5594 3773 5640 eu-

525 5694 705 5747 κατανρ
716 5676 940 5747 ρόνητόν
966 5694 1021 5728 τι
1055 5676 1235 5747 ἔργον.

598 5743 961 5808 (LfilLemma
989 5743 1272 5803 metricum
1302 5749 1355 5804 in
1388 5750 1431 5800 Α
1464 5767 1476 5801 :
1517 5748 1810 5817 Ζητήματα
1838 5745 2095 5817 πάμπολλ

2200 5744 2255 5817 ού
2295 5744 2557 5817 Ἰωάσαφ.

602 5817 712 5890 (46)
738 5817 959 5874 Lemnia
994 5820 1272 5876 metricum
1304 5820 1355 5874 in
1387 5822 1430 5873 A
1464 5836 1476 5871 :
1510 5814 1617 5871 Καὶ
1648 5814 1744 5887 τὴν
1782 5817 2049 5886 τετάρτην
2078 5815 2095 5868 ε

2200 5815 2298 5887 χὴν
2329 5814 2540 5869 ἐνταῦθ’
2579 5815 2700 5885 ὅρα.
