4070 6428
652 380 761 442 923

2071 355 2452 418 ADDENDA.
3758 377 3841 437 9‘24
3875 410 3879 431 λ

655 471 896 540 nuperin
924 469 1069 534 dixi,
1099 469 1239 539 quod
1279 468 1523 524 Salvator
1563 476 1742 522 noster
1780 466 2024 525 Christus
2059 467 2219 521 disci-
2248 495 2262 528 λ

2248 474 2294 528 Α
2322 470 2423 539 τὴν
2467 467 2677 537 ἔνδοξον
2708 468 2803 523 τοῦ
2834 468 3110 523 Δεσπότου
3151 470 3228 533 είς
3267 468 3529 541 οὐρανοὺς
3564 471 3733 528 ἄνοδον
3765 478 3843 550 τῆς

656 559 809 632 pulos
835 569 891 615 et
917 560 1188 630 apostolos
1225 561 1467 630 elegerit.
1511 560 1609 625 Qui
1653 560 1864 629 quidem
1912 561 2063 615 nobis
2103 571 2222 631 post

655 652 938 721 gloriosam
972 651 1064 706 Dei
1095 651 1145 704 in
1176 652 1341 705 caelos
1370 652 1739 705 ascensionem
1761 693 1776 717 ,
1810 652 1972 718 ipsius
1998 652 2048 705 in
2081 660 2219 705 terra

658 747 781 797 vita:
810 744 1069 797 rationem
1091 782 1106 806 ,
1138 751 1191 796 et
1219 743 1511 796 doctrinam
1552 757 1614 796 ac
1642 742 1924 808 miracula,
1969 751 2221 812 quantum

658 833 726 886 ab
774 832 1076 886 hominibus
1122 831 1361 899 praestari
1407 840 1647 898 poterat,
1695 831 1987 884 litterarum
2038 846 2224 883 monu-

658 925 853 978 mentis
881 922 1215 976 mandarunt.
1251 920 1340 975 Sic
1368 920 1562 974 etenim
1604 922 1654 974 in
1697 930 1934 974 extrema
1980 920 2101 973 libri
2141 917 2224 973 sui

659 1023 813 1083 parte
867 1013 1094 1067 eximius
1134 1013 1223 1066 ille
1260 1013 1396 1066 inter
1430 1012 1638 1066 divinos
1675 1012 2024 1081 evangelistas
2050 1012 2220 1064 dixit:

657 1108 792 1162 Sunt
815 1115 869 1160 et
893 1106 992 1159 alia
1023 1106 1214 1172 multa,
1244 1120 1361 1173 qum
1386 1104 1508 1160 fecit
1532 1106 1718 1169 .lesus,
1744 1121 1861 1174 qua:
1900 1105 1945 1159 si
1981 1105 2223 1159 scriban-

657 1206 745 1251 tur
768 1211 860 1264 per
888 1197 1121 1265 singula,
1151 1211 1249 1249 nec
1278 1196 1449 1263 ipsum
1481 1196 1708 1248 arbitror
1739 1195 1988 1247 mundum
2015 1210 2109 1249 eos
2134 1195 2224 1264 qui

661 1288 929 1341 scribendi
961 1294 1084 1339 sunt
1110 1301 1302 1354 capere
1334 1300 1487 1354 posse
1516 1285 1678 1339 libros
1706 1283 1882 1355 (Jaan.
1908 1286 2045 1354 XXI).

730 1378 784 1431 lu
820 1378 920 1431 hoc
951 1380 1104 1446 igitur
1130 1380 1308 1432 divino
1338 1378 1620 1447 Evangelio
1642 1421 1660 1443 ,
1687 1389 1793 1432 tum
1822 1378 2219 1444 incarnationis,

660 1474 773 1522 tum
812 1468 1224 1535 declarationis,
1276 1477 1383 1522 tum
1423 1470 1835 1534 miraculorum,
1874 1481 1981 1521 tum
2025 1484 2222 1537 prmce-

660 1571 868 1629 ptorum
917 1561 1081 1628 ipsius
1128 1561 1389 1626 historia,
1443 1561 1533 1614 Dei
1576 1564 1761 1628 spiritu
1807 1570 2019 1615 exarata
2049 1563 2218 1615 conti-

657 1662 834 1706 netur.
888 1654 962 1705 Ac
998 1653 1188 1707 deinde
1232 1654 1471 1720 supplicii
1512 1654 1653 1706 illius
1698 1654 1765 1705 ab
1796 1656 1938 1709 omni
1972 1655 2090 1709 labe
2138 1672 2221 1709 re-

662 1745 825 1811 moti,
853 1748 990 1813 quod
1022 1746 1271 1798 Dominus
1298 1757 1481 1797 nostra
1509 1761 1667 1799 causa
1695 1746 1888 1811 subiit,
1918 1758 2223 1817 sanctaaque

2324 561 2418 638 ἐπὶ
2451 561 2555 630 γῆς
2596 560 2763 614 αὐτοῦ
2798 561 3096 624 πολιτείας,
3126 560 3223 624 τάς
3266 577 3329 612 τε
3353 560 3683 628 διδασκαλίας
3710 568 3843 624 αὐτοῦ

2326 652 2421 705 κα)⁵
2464 652 2532 706 τὰ
2584 652 2859 723 θαύματα,
2898 652 3042 707 κατὰ
3079 652 3140 705 τδ
3178 652 3460 723 ἐγχωροῦν
3498 659 3670 726 γραφῇ
3701 674 3847 729 παρα.

2325 743 2529 799 δοῦναι.
2563 743 2722 798 Οὕτω
2759 744 2868 816 γὰρ
2911 744 3050 815 πρὸς
3085 743 3165 813 τῷ
3192 743 3341 796 τέλει
3370 742 3463 797 τοῦ
3508 745 3658 813 λόγου
3683 750 3708 801 ό
3733 750 3848 815 ἐξαί-

2332 852 2481 906 ρετος
2505 835 2614 889 τῶν
2633 836 2791 890 θείων
2813 836 3037 890 ἐκείνων
3062 834 3469 905 εὐαγγελιστῶν
3499 836 3605 908 (55)
3632 840 3847 911 είρηιεν·

2332 929 2510 994 Ἐστι,
2537 928 2690 1000 φησι,
2722 930 2815 983 καὶ
2840 928 2975 984 ἄλλα
3003 928 3172 983 πολλὰ
3194 931 3295 983 ὅσα
3318 930 3572 1001 ἐποίησεν
3598 933 3625 984 6
3658 934 3847 1004 Ἰησοῦς.

2328 1021 2488 1076 ἅτινα
2519 1021 2615 1075 ἐὰν
2641 1022 2923 1093 γράφηται
2960 1021 3084 1075 καθ’
3111 1022 3192 1089 ἒν,
3230 1022 3357 1076 οὐδὲ
3403 1023 3564 1077 αὑτὸν
3606 1019 3744 1095 οἶμαι
3777 1028 3849 1082 τὸν

2328 1113 2535 1184 κόσμον
2558 1112 2807 1183 χωρῆσαι
2836 1114 2906 1165 τὰ
2930 1111 3256 1183 γραφόμενα
3288 1111 3494 1183 βιϐλία.

2415 1377 2504 1430 Ἐν
2530 1376 2707 1449 τούτῳ
2740 1370 2834 1431 οὖν
2861 1377 2940 1448 τῷ
2974 1375 3236 1447 θειοτάτῳ
3262 1374 3579 1449 Εὑαγγελίῳ
3604 1376 3852 1448 ἐμφέρεται

2330 1469 2431 1539 τῆς
2460 1485 2521 1523 τε
2557 1468 2910 1540 σαρκώσεως,
2942 1468 3045 1539 τῆς
3076 1486 3137 1521 τε
3166 1465 3518 1532 ἀναδείξεως,
3547 1467 3647 1520 τῶν
3668 1484 3717 1521 τε
3746 1469 3852 1523 θαυ·

2336 1561 2545 1632 μάτων,
2577 1561 2688 1614 τῶν
2719 1577 2780 1613 τε
2809 1560 3154 1632 πραγμάτων
3191 1556 3385 1624 αὐτοῦ,
3428 1558 3463 1627 ή
3496 1557 3690 1627 ἱστορία
3716 1558 3850 1611 Ilvati-

2336 1673 2470 1725 ματι
2496 1655 2634 1709 Θεοῦ
2655 1654 3046 1725 γεγραμμένη,
3078 1652 3274 1705 ἔπειτα
3298 1651 3396 1703 καὶ
3429 1650 3554 1721 περὶ
3581 1650 3667 1703 τοῦ
3692 1651 3850 1722 ἀχράν-

2335 1769 2430 1805 του
2458 1750 2663 1814 πάθους
2708 1745 2878 1821 οὗπερ
2912 1751 3173 1820 ὑπέμεινε
3217 1747 3287 1801 δι’
3314 1747 3466 1818 ἡμᾶς
3497 1748 3525 1798 6
3556 1745 3756 1813 Κύριος,
3775 1746 3851 1815 τῆς

658 1839 836 1889 triduo
884 1845 1005 1904 post
1047 1838 1482 1900 resurrectionis,
1532 1849 1688 1905 atque
1732 1839 1783 1891 in
1826 1841 1990 1894 caelos
2037 1857 2224 1893 asccn-
2262 1829 2265 1882 ἶ

2262 1827 2306 1883 Β
2335 1862 2393 1897 τε
2447 1844 2611 1913 ἁγίας
2647 1843 2745 1897 καὶ
2776 1843 3079 1915 τριημέρου
3114 1842 3415 1913 ἐγὲρσεως,
3464 1838 3557 1891 καὶ
3582 1837 3674 1906 τῆς
3696 1838 3763 1899 είς
3780 1836 3849 1889 οὐ·

658 1928 857 1991 sionis,
890 1942 951 1980 ac
989 1927 1215 1995 denique
1258 1929 1476 1983 illustris
1519 1945 1582 1983 ac
1628 1931 1891 1984 metuendi
1935 1934 2095 2001 ipsius
2135 1949 2220 1988 se-

659 2019 815 2071 cundi
847 2018 1105 2073 adventus
1146 2023 1345 2074 mentio
1382 2021 1622 2075 habetur.
1670 2023 1892 2076 Rursum
1939 2025 2079 2078 enim
2127 2025 2219 2078 Dei

662 2114 827 2167 Filius
852 2129 973 2168 cum
1007 2116 1206 2183 gloria,
1239 2118 1381 2168 omni
1414 2132 1657 2171 sermone
1690 2120 2040 2185 praestantiori
2067 2130 2226 2187 atque

661 2206 862 2277 ingenti
890 2207 1131 2260 ctelestis
1164 2207 1368 2262 militia:
1398 2210 1730 2264 multitudine
1771 2212 1820 2264 in
1865 2223 2056 2264 terrain
2099 2226 2227 2264 ven-

663 2311 812 2353 torus
852 2312 967 2363 est,
1007 2310 1066 2354 ut
1106 2303 1173 2355 de
1215 2304 1513 2356 mortalium
1558 2321 1752 2373 genere
1792 2308 2104 2360 sententiam
2147 2309 2225 2361 fe-

661 2401 785 2453 tat,
829 2399 989 2456 atque
1037 2390 1319 2453 unicuique
1370 2409 1462 2452 pro
1511 2410 1572 2446 eo
1617 2410 1679 2449 ac
1726 2397 1916 2460 gessit,
1969 2397 2229 2458 rependat

657 2473 856 2541 (Luae
897 2492 990 2528 xxi
1015 2478 1053 2544 ).
1094 2477 1302 2531 Etenim
1329 2492 1449 2531 cum
1484 2477 1621 2531 Deus
1664 2478 1928 2533 hominem
1967 2476 2035 2531 ab
2074 2476 2223 2527 initio

651 2566 946 2619 efﬂuxisset
977 2568 1451 2638 (quemadmodum
1484 2570 1641 2622 etiam
1680 2569 1787 2637 jam
1830 2568 1922 2622 tibi
1962 2566 2222 2637 exposui)

651 2654 948 2710 insufflavit
988 2662 1039 2710 in
1081 2674 1201 2711 eum
1248 2658 1571 2727 spiraculum
1614 2660 1734 2713 vitae
1764 2658 1934 2730 (Gen.
1963 2657 2074 2727 ιι),
2109 2674 2224 2725 qum

655 2747 869 2812 quidem
897 2747 1071 2800 anima
1106 2748 1327 2801 rationis
1365 2758 1521 2817 atque
1562 2750 1920 2817 intelligentia:
1963 2750 2227 2818 particeps

657 2837 977 2905 appellatur.
1022 2837 1282 2902 Quoniam
1315 2849 1491 2893 autem
1524 2849 1697 2894 morte
1723 2840 1960 2894 damnati
2001 2854 2184 2894 sumus
2208 2880 2224 2904 ,

660 2926 910 2979 omnibus
941 2928 1092 2980 nobis
1134 2930 1264 2981 mori
1297 2944 1517 2983 necesse
1546 2939 1630 2982 est
1656 2946 1669 2994 ;
1700 2945 1796 2983 nec
1827 2928 1939 2983 fieri
1970 2937 2146 2996 potest
2173 2939 2232 2982 ut

658 3015 746 3069 hic
778 3017 915 3070 calix
949 3017 1215 3069 hominem
1241 3017 1415 3071 ’ullum
1447 3028 1744 3087 prmtereat.
1775 3019 1915 3073 Nihil
1946 3031 2119 3073 autem
2150 3028 2232 3074 est

660 3107 803 3159 aliud
859 3122 1003 3160 mors
1047 3123 1204 3176 quam
1251 3110 1413 3161 animi
1464 3126 1492 3163 a
1540 3124 1765 3178 corpore
1808 3110 2111 3178 disjunctio.
2156 3110 2234 3165 Ac

662 3198 877 3268 quidem
932 3198 1058 3252 illud
1106 3214 1337 3265 corpus,
1390 3201 1526 3266 quod
1577 3216 1607 3255 e
1654 3212 1787 3255 terra
1834 3201 2066 3255 effictum
2116 3211 2230 3267 est,

660 3300 1007 3357 posteaquam
1037 3290 1103 3341 ab
1133 3292 1310 3343 animo
1340 3292 1634 3359 sejunctnm
1662 3302 1775 3354 est.
1810 3292 1864 3347 in
1906 3302 2103 3347 terram
2124 3338 2139 3361 ,
2167 3310 2233 3348 ex

663 3393 764 3447 qua
799 3388 1068 3447 sumptum
1101 3378 1305 3446 fuerat,
1343 3383 1648 3448 revertitur,
1680 3400 1741 3438 ac
1783 3377 2087 3454 corruptum
2129 3386 2237 3440 dis-

657 3467 880 3523 solvitur
913 3473 929 3537 (
957 3469 1084 3523 Gen.
1116 3487 1203 3535 Ill;
1237 3470 1399 3526 Eccli.
1436 3473 1555 3543 ιιι).
1590 3476 1775 3529 Anima
1805 3487 1979 3530 autem
2013 3478 2233 3530 immor-

659 3562 778 3615 talis
808 3577 929 3617 cum
961 3565 1028 3617 sit
1053 3605 1068 3629 ,
1103 3581 1168 3618 eo
1197 3566 1552 3632 proficiscitur
1582 3584 1683 3637 quo
1711 3583 1951 3625 summus
1984 3571 2071 3623 ille
2098 3570 2229 3625 effe-

658 3666 776 3706 cmr
805 3654 1063 3722 imperat,
1094 3658 1212 3720 vel,
1243 3667 1299 3710 ut
1326 3660 1520 3713 rectius
1552 3661 1757 3729 loquar,
1788 3663 2233 3729 quemadmodum

661 3745 777 3813 ipsa
812 3745 948 3808 sibi,
978 3762 1096 3800 cum
1129 3748 1299 3802 adhuc
1332 3750 1383 3802 in
1416 3765 1572 3803 carne
1594 3762 1912 3817 versaretur,
1948 3753 2238 3821 hospitium

663 3837 1003 3903 praeparavit.
1042 3837 1109 3891 Ut
1135 3840 1274 3891 enim
1316 3840 1539 3907 quisque
1568 3842 1690 3895 vitae
1728 3857 1947 3897 munere
1988 3844 2072 3897 hic
2113 3842 2235 3898 fun-

643 3933 779 3979 ‘ctus
807 3926 993 3993 fuerit,
1028 3929 1133 3982 illic
1164 3942 1476 3997 recepturus
1502 3940 1601 3985 est.

740 4016 977 4087 Denique
1032 4020 1291 4074 confectis
1341 4022 1513 4090 longis
1562 4032 1859 4091 temporum
1912 4027 2189 4082 curriculis
2220 4070 2236 4096 ,

676 4109 819 4162 Dens
848 4121 1028 4164 noster
1053 4127 1173 4166 cum
1217 4113 1498 4166 metuenda
1541 4124 1593 4167 et
1632 4116 1892 4168 sermonis
1938 4116 2239 4173 facultatem

666 4214 951 4267 superante
1003 4201 1169 4271 gloria
1217 4203 1281 4255 ad
1309 4203 1562 4272 judicium
1595 4205 1661 4258 de
1687 4207 1815 4260 orbe
1844 4207 2116 4261 ferendum
2149 4225 2240 4263 ve-

664 4296 793 4348 niet.
842 4294 1005 4365 Cujus
1056 4308 1201 4350 metu
1252 4299 1509 4351 caelorum
1565 4299 1787 4353 virtutes
1826 4302 2241 4357 commovebun-

667 4394 775 4449 tur,
805 4396 963 4455 atque
992 4390 1165 4441 omnis
1193 4389 1500 4458 angelorum
1541 4391 1807 4443 exercitus
1849 4402 2078 4446 tremore
2116 4406 2242 4446 cor-

669 4489 852 4546 reptus
882 4496 1063 4534 coram
1092 4481 1210 4550 ipso
1238 4483 1432 4538 astabit
1458 4483 1614 4553 (Luc.
1638 4488 1758 4554 xxi)
1789 4503 1804 4539 :
1838 4494 1944 4540 tum
1972 4484 2237 4550 videlicet,
2273 4481 2314 4536 D

664 4584 787 4623 cum
829 4572 880 4624 in
920 4571 1226 4641 archangeli
1275 4588 1408 4629 voce
1452 4589 1516 4629 ac
1554 4575 1731 4629 divina
1773 4576 1895 4630 tuba
1936 4575 2130 4629 mortui
2172 4573 2279 4633 ad.

665 4662 825 4716 vitam
856 4662 1137 4729 redibunt,
1170 4678 1233 4718 ac
1260 4664 1540 4720 tremendo
1578 4666 1742 4735 ipsius
1766 4666 1956 4720 throno
1986 4665 2237 4719 sistentur

737 4867 850 4939 (55)
878 4867 1116 4924 Joannes
1146 4866 1421 4924 videlicet.

2339 1939 2535 2008 ρανοὺς
2568 1936 2777 2002 ἀνόδου,
2807 1934 2945 2007 πρὸς
2977 1935 3035 1988 δὲ
3064 1934 3286 2001 καὶτῆς
3317 1928 3529 1995 ἐνδόξου
3554 1930 3643 1983 καὶ
3666 1930 3851 1999 φοϐερᾶς

2338 2030 2505 2086 αὐτοῦ
2535 2030 2793 2101 δευτέρας
2824 2027 3150 2099 παρουσίας.
3181 2026 3388 2083 Μέλλει
3416 2026 3525 2095 γὰρ
3552 2024 3699 2077 πάλιν
3719 2024 3852 2088 όΥίδς

2335 2122 2433 2177 τοῦ
2468 2123 2605 2176 Θεοῦ
2660 2121 2835 2175 ἐλθεῖν
2878 2123 2971 2174 ἐπὶ
3014 2122 3115 2190 τῆς
3140 2121 3268 2189 γῆς,
3304 2116 3447 2188 μετὰ
3488 2116 3636 2186 δόξης
3661 2116 3850 2187 ἀρρήτου

2337 2217 2434 2271 καὶ
2464 2214 2704 2286 πλήθους
2732 2216 2833 2285 τῆς
2874 2214 3126 2285 οὐρανίου
3167 2210 3435 2282 στρατιᾶς
3463 2207 3590 2280 (56),
3624 2209 3777 2277 κρῖναι
3808 2206 3852 2258 τὸ

2336 2308 2494 2376 γένος
2536 2305 2697 2377 ήμῶν
2741 2305 2838 2357 καὶ
2882 2302 3177 2357 ἀποδοῦναι
3235 2302 3456 2369 ἑκάστῳ
3498 2298 3632 2351 κατὰ
3664 2297 3725 2349 τὰ
3750 2297 3851 2366 ἔργα.

2336 2397 2503 2453 αὑτοῦ
2528 2398 2660 2469 (57).
2686 2397 2789 2450 Τὸν
2810 2396 2917 2466 γὰρ
2941 2393 3227 2465 ἄνθρωπον
3248 2392 3311 2456 ἐξ
3329 2391 3503 2462 ἀρχῆς
3522 2389 3549 2441 6
3568 2387 3687 2450 Θεὸς
3702 2389 3754 2441 ἐκ
3770 2386 3851 2457 (58)

2338 2493 2442 2563 γῆς
2473 2492 2799 2554 διαπλάσας,
2849 2488 2992 2544 καθὰ
3039 2486 3103 2557 δὴ
3150 2488 3247 2539 καὶ
3281 2480 3570 2555 προλαϐὼν
3614 2476 3746 2534 εἶπόν
3775 2497 3850 2545 σοι,

2340 2586 2676 2657 ἐνεφύσησεν
2706 2586 2786 2649 είς
2817 2584 2980 2639 αὐτὸν
3021 2583 3195 2653 πνοὴν
3224 2580 3363 2652 (59),
3395 2580 3518 2649 ἦτις
3542 2575 3677 2647 ψυχή
3706 2574 3852 2644 λογιιιή

2337 2697 2399 2734 τε
2427 2681 2535 2752 63
2566 2680 2661 2733 καὶ
2692 2678 2857 2751 νοερὰ
2889 2675 3368 2749 προσαγορεύεται
3395 2688 3414 2705 ·
3446 2672 3567 2725 ἐπεὶ
3592 2670 3644 2723 δέ
3678 2669 3852 2723 θάνατον

2340 2774 2769 2845 κατεκρίθημεν,
2818 2772 3243 2843 ἀποθνήσκομεν
3285 2767 3523 2829 πάντες,
3558 2764 3642 2818 καὶ
3661 2762 3745 2815 οὐκ
3770 2760 3851 2813 ἔστι

2339 2867 2402 2922 τὸ
2440 2868 2700 2938 ποτήριον
2760 2864 2919 2919 τοῦτό
2972 2880 3096 2918 τινα
3152 2862 3262 2916 τῶν
3292 2858 3592 2931 ἀνθρώπων
3629 2856 3850 2927 παραδρα-

2345 2962 2466 3031 μεῖν
2497 2960 2637 3030 (60)ο
2669 2959 2786 3013 ἔστι
2834 2958 2893 3011 δέ
2934 2959 2963 3012 6
3006 2958 3234 3020 θάνατος
3272 2954 3388 3027 (6|)
3418 2951 3680 3025 χωρισμὸς
3717 2946 3851 3017 ψυχῆς

2342 3052 2451 3105 ἀπὸ
2478 3051 2573 3105 τοῦ
2619 3050 2896 3122 σώματος.
2952 3049 3164 3103 Ἐκεῖνο
3212 3047 3315 3116 μὲν
3359 3041 3455 3098 οὖν
3486 3044 3545 3097 τὸ
3574 3045 3633 3095 ἐκ
3657 3040 3744 3109 γῆς
3765 3038 3849 3091 6m-

2346 3143 2587 3200 πλασθέν
2635 3142 2819 3211 σῶμα,
2862 3140 3136 3212 χωρισθὲν
3175 3140 3277 3209 τῆς
3304 3137 3510 3209 ψυχῆς,
3545 3136 3618 3197 είς
3643 3133 3733 3201 γῆν
3757 3132 3851 3184 ὑπο·

2350 3243 2572 3316 στρέφει
2616 3238 2677 3305 ἐξ
2704 3233 2884 3311 ἧσπερ
2916 3237 3011 3290 καὶ
3058 3233 3270 3305 ἐλήφθη
3297 3232 3410 3303 (62)
3440 3230 3533 3285 καὶ
3565 3226 3850 3299 φθειρόμενον

2344 3336 2652 3393 διαλύεται’
2700 3334 2735 3404 ἡ
2780 3332 2839 3385 δὲ
2872 3328 3044 3401 ψυχὴ,
3096 3326 3372 3389 ἀθάνατος
3421 3319 3573 3385 οὖσα,
3624 3317 3851 3389 πορεύεται

2342 3430 2473 3484 ἔνθα
2500 3425 2712 3482 κελεύει
2757 3425 2786 3478 6
2835 3419 3197 3493 Δημιουργὺς,
3245 3416 3449 3490 μᾶλλον
3476 3416 3530 3469 δὲ
3558 3411 3719 3475 καθὼς
3753 3406 3850 3477 αὐτὴ

2345 3523 2753 3596 προητοίμασεν
2796 3519 2966 3588 ἐαυτῇ
3010 3514 3302 3584 κατάλυμα
3334 3512 3413 3566 ἐτι
3444 3509 3519 3581 τῷ
3556 3506 3737 3577 σαρκίῳ
3758 3519 3850 3596 συν-

2345 3593 2505 3671 ούσα.
2534 3614 2732 3677 Καθὼς
2760 3612 2869 3682 γάρ
2894 3628 2979 3674 τις
3024 3606 3416 3677 πολιτεύσηται
3445 3600 3687 3664 ἐνταῦθα,
3712 3593 3849 3668 μέλλει

2349 3705 2760 3778 ἀπολαμϐάνειν
2782 3701 3013 3756 ἐκεῖθεν.

2411 3984 2545 4043 Εἶτα
2577 3985 2713 4059 μετὰ
2765 3982 3053 4044 πλείστους
3101 3978 3332 4050 χρόνους
3361 3972 3633 4029 ἐλεύσεται
3671 3960 3847 4059 Χριστὸς

2344 4085 2374 4137 ὁ
2400 4082 2536 4145 Θεὸς
2573 4056 2731 4150 ήμῶν
2776 4078 2959 4146 κρῖναι
2998 4075 3089 4127 τὸν
3119 4072 3324 4142 κόσμον
3352 4068 3412 4122 ἐν
3436 4066 3559 4139 δόξῃ
3585 4060 3763 4159 φοϐερᾷ
3785 4056 3849 4159 sal

2341 4173 2737 4244 ἀνεκδιηγήτῳ,
2766 4165 2827 4225 οὗ
2854 4169 2931 4240 τῷ
2976 4167 3125 4237 φόϐῳ
3155 4166 3213 4219 αί
3252 4165 3511 4233 δυνάμεις
3542 4157 3642 4211 τῶν
3660 4155 3848 4252 οὐρανιῐιν

2346 4268 2776 4338 σαλευθήσονται
2817 4264 2957 4335 (65),
3016 4262 3112 4314 καὶ
3171 4260 3345 4312 πᾶσαι
3399 4256 3455 4311 αἱ
3514 4248 3737 4338 στρατια)

2347 4334 2598 4431 ἀγγέλων
2652 4334 2842 4429 τρόμιρ
2881 4354 3248 4427 παρίστανται
3292 4348 3521 4403 ἐνώπιον
3582 4337 3733 4431 αὐτοιξ
3753 4334 3845 4431 (θυι

2346 4428 2479 4503 Τότε
2502 4451 2557 4504 ἐν
2586 4428 2738 4518 φωνῇ
2762 4428 3103 4518 ἀρχαγγέλου
3127 4443 3223 4497 καὶ
3250 4442 3308 4494 ἐν
3340 4441 3593 4505 σάλπιγγι
3620 4428 3735 4487 Θεοῦ
3758 4429 3848 4526 dita:

2347 4546 2635 4615 στήσονται
2685 4542 2736 4593 οὶ
2778 4538 2963 4611 νεκροὶ
3005 4537 3158 4609 (65),
3204 4534 3301 4589 καὶ
3354 4532 3761 4604 παραστήσονται
3793 4533 3848 4584 τῳ

2348 4635 2565 4709 φοϐερῷ
2610 4632 2777 4689 αὑτοῦ
2832 4632 3028 4705 θρόνῳ.
3082 4630 3242 4686 Ἐστι
3288 4628 3348 4682 δὲ
3391 4628 3427 4699 ή
3474 4624 3739 4681 ἀνάστασις
3762 4628 3849 4667 συ*

878 4910 1589 5003 3ῖὲιῖἱὶῗιὲῖξὲΐῗὍταν
1617 4938 1676 4993 δέ
1705 4937 1835 5009 ἔλθῃ
1862 4937 1892 4991 ό
1921 4936 2051 5002 Υἱὸς
2109 4935 2205 4990 τοῦ
2246 4936 2536 5007 ἀνθρώπου
2566 4936 2626 4989 ἐν
2652 4940 2720 5009 τῇ
2751 4940 2879 5010 δόξῃ
2907 4938 3093 5005 αὐτοῦ,
3125 4934 3221 4991 καὶ
3250 4933 3451 4998 πάντες
3477 4931 3525 4987 οί
3550 4922 3742 4996 ἄγγελοι
3765 4910 3851 4986 μετ’

666 5008 855 5063 αὐτοῦ.
887 5009 972 5064 Cf.
997 5009 1131 5063 Luc.
1173 5024 1239 5073 II,
1272 5010 1359 5065 15.

733 5078 845 5149 (57)
889 5081 1045 5135 Conf.
1084 5095 1135 5147 p.
1162 5080 1254 5148 55,
1284 5097 1339 5133 tt.
1370 5079 1405 5133 4

882 5118 1474 5215 ιῖξέᾊέίῗδνὲἷῖοἶῖξιὲῖὲε
1515 5148 1662 5209 Nub.
1708 5152 1808 5207 159
1844 5169 1858 5205 :
1898 5150 2010 5205 Καὶ
2037 5147 2147 5220 γὰρ
2174 5147 2325 5204 ἔστιν
2375 5151 2440 5203 ἐκ
2478 5147 2587 5202 τῶν
2634 5149 2899 5219 τεττίγων
2943 5149 3100 5204 τοῦτο
3141 5152 3235 5204 καὶ
3279 5151 3389 5203 τῶν
3430 5141 3709 5217 ἐγκελάδων
3739 5130 3847 5189 ἰδεῖν.

663 5219 872 5275 Forsan
904 5222 1017 5275 ἐπί.

735 5289 848 5360 (59)
877 5291 1034 5345 Conf.
1071 5307 1123 5359 p.
1158 5291 1249 5352 45.
1274 5308 1326 5346 n.
1366 5291 1421 5345 2.

1502 5361 1705 5418 Christi
1747 5365 1888 5435 apud
1936 5362 2134 5419 Matth.
2165 5379 2318 5430 xxvt,

2244 5380 2318 5430 νι,
2361 5365 2431 5419 42
2470 5383 2484 5419 :
2519 5365 2583 5417 Et
2613 5364 2675 5417 οὐ
2705 5363 2925 5417 δύναται
2953 5361 3110 5417 τοῦτο
3138 5360 3198 5416 τὸ
3228 5362 3481 5436 ποτήριον
3508 5346 3759 5425 παρελθεῖν
3778 5337 3847 5395 ἀπ’

664 5430 819 5499 ἐμοῦ.

747 5498 860 5573 (tit)
892 5498 1121 5573 Lemma
1147 5504 1429 5557 metricum
1465 5504 1518 5557 in
1548 5505 1590 5557 A
1625 5523 1640 5557 :
1682 5505 1742 5557 Ὀ
1776 5505 2003 5567 θάνατος
2031 5506 2084 5557 τί
2115 5503 2160 5556 δ’
2192 5504 2341 5557 ἐστὶν

1167 5504 1429 5557 netricum
1465 5504 1518 5557 in
1548 5505 1590 5557 A
1625 5523 1640 5557 :
1682 5505 1742 5557 '0
1776 5505 2003 5567 θάνατος
2031 5506 2084 5557 τί
2115 5503 2160 5556 δ’
2192 5504 2341 5557 ἐστὶν
2370 5504 2774 5573 ἐνθάδε-βλέπε.

878 5568 1016 5649 _Gon.
1050 5588 1132 5635 ιιι,
1170 5574 1276 5649 ιβ)
1310 5574 1457 5636 Ἕως
1484 5575 1582 5628 τοῦ
1613 5576 1951 5649 ἀποστρέψαι
1984 5592 2044 5628 σε
2088 5576 2168 5639 εἰς
2196 5575 2293 5646 τὴν
2322 5593 2339 5645 Ἰ

1310 5574 1457 5636 Ἕως
1484 5575 1582 5628 τοῦ
1613 5576 1951 5649 ἀποστρέψαι
1984 5592 2044 5628 σε
2088 5576 2168 5639 εἰς
2196 5575 2293 5646 τὴν
2322 5576 2427 5645 γῆν
2460 5578 2518 5643 ἐξ
2547 5568 2615 5647 ἧς
2648 5573 2912 5649 ἐλήφθης.

735 5640 848 5708 (65)
877 5639 1007 5695 an.
1042 5657 1154 5703 XXI.
1178 5644 1267 5697 26.

734 5709 847 5779 (66)
879 5709 1007 5765 an.
1046 5728 1084 5772 ι,
1112 5712 1198 5767 19.

733 5772 848 5851 (65)
884 5781 1054 5851 Epist.
1090 5786 1157 5838 ad
1185 5784 1429 5842 Tltessal.
1457 5802 1528 5851 tv,
1568 5787 1650 5841 lli.
