  <div class='ocr_page' id='page_1' title='image "/cluster/home/n/w/nwhite01/storage/ocr_20150623/96/hvd.32044019208065/468.png"; bbox 0 0 4070 6440; ppageno 0'>
   <div class='ocr_carea' id='block_1_1' title="bbox 910 20 1540 31">
    <p class='ocr_par' dir='ltr' id='par_1_1' title="bbox 910 21 1417 29">
     <span class='ocr_line' id='line_1_1' title="bbox 910 21 1417 29; baseline -0.006 -5"><span class='ocrx_word' id='word_1_1' title='bbox 910 21 1417 29; x_wconf 41' lang='grc' dir='ltr'><strong>-ᾞ-</strong></span> 
     </span>
    </p>
   </div>
   <div class='ocr_carea' id='block_1_2' title="bbox 313 444 428 507">
    <p class='ocr_par' dir='ltr' id='par_1_2' title="bbox 313 444 428 507">
     <span class='ocr_line' id='line_1_2' title="bbox 313 444 428 507; baseline 0 0"><span class='ocrx_word' id='word_1_2' title='bbox 313 444 428 507; x_wconf 71' lang='lat'><strong>925</strong></span> 
     </span>
    </p>
   </div>
   <div class='ocr_carea' id='block_1_3' title="bbox 1411 427 2514 514">
    <p class='ocr_par' dir='ltr' id='par_1_3' title="bbox 1411 427 2514 514">
     <span class='ocr_line' id='line_1_3' title="bbox 1411 427 2514 514; baseline 0.003 -25"><span class='ocrx_word' id='word_1_3' title='bbox 1411 428 1596 489; x_wconf 82' lang='lat' dir='ltr'><strong>VITA</strong></span> <span class='ocrx_word' id='word_1_4' title='bbox 1632 427 1993 490; x_wconf 78' lang='lat' dir='ltr'><strong>BARLAAM</strong></span> <span class='ocrx_word' id='word_1_5' title='bbox 2028 428 2126 490; x_wconf 84' lang='lat' dir='ltr'><strong>ET</strong></span> <span class='ocrx_word' id='word_1_6' title='bbox 2162 430 2514 514; x_wconf 65' lang='grc' dir='ltr'><strong>,ΙΟΑΞΑΡΗτ</strong></span> 
     </span>
    </p>
   </div>
   <div class='ocr_carea' id='block_1_4' title="bbox 3446 438 3552 501">
    <p class='ocr_par' dir='ltr' id='par_1_4' title="bbox 3446 438 3552 501">
     <span class='ocr_line' id='line_1_4' title="bbox 3446 438 3552 501; baseline 0 0"><span class='ocrx_word' id='word_1_7' title='bbox 3446 438 3552 501; x_wconf 68' lang='lat'><strong>926</strong></span> 
     </span>
    </p>
   </div>
   <div class='ocr_carea' id='block_1_5' title="bbox 307 531 1908 617">
    <p class='ocr_par' dir='ltr' id='par_1_5' title="bbox 307 531 1895 607">
     <span class='ocr_line' id='line_1_5' title="bbox 307 531 1895 607; baseline -0.003 -14"><span class='ocrx_word' id='word_1_8' title='bbox 307 537 483 607; x_wconf 73' lang='grc' dir='ltr'>ἀφεια</span> <span class='ocrx_word' id='word_1_9' title='bbox 519 534 632 607; x_wconf 79' lang='grc'>(66)</span> <span class='ocrx_word' id='word_1_10' title='bbox 662 532 827 589; x_wconf 87' lang='grc' dir='ltr'>πάλιν</span> <span class='ocrx_word' id='word_1_11' title='bbox 872 533 1055 607; x_wconf 78' lang='grc' dir='ltr'>ψυχῆς</span> <span class='ocrx_word' id='word_1_12' title='bbox 1101 553 1161 591; x_wconf 87' lang='grc' dir='ltr'><strong>τε</strong></span> <span class='ocrx_word' id='word_1_13' title='bbox 1187 536 1282 591; x_wconf 68' lang='grc' dir='ltr'>καὶ</span> <span class='ocrx_word' id='word_1_14' title='bbox 1311 536 1585 605; x_wconf 84' lang='grc' dir='ltr'>σώματος.</span> <span class='ocrx_word' id='word_1_15' title='bbox 1631 535 1774 590; x_wconf 81' lang='lat' dir='ltr'>A616</span> <span class='ocrx_word' id='word_1_16' title='bbox 1799 531 1895 590; x_wconf 83' lang='lat' dir='ltr'><strong>06v</strong></span> 
     </span>
    </p>
   </div>
   <div class='ocr_carea' id='block_1_6' title="bbox 2001 531 3560 617">
    <p class='ocr_par' dir='ltr' id='par_1_6' title="bbox 2001 537 3560 617">
     <span class='ocr_line' id='line_1_6' title="bbox 2001 537 3560 617; baseline 0.007 -24"><span class='ocrx_word' id='word_1_17' title='bbox 2001 537 2053 610; x_wconf 92' lang='lat' dir='ltr'><strong>(I</strong></span> <span class='ocrx_word' id='word_1_18' title='bbox 2086 540 2265 597; x_wconf 79' lang='lat' dir='ltr'><strong>T/ms.</strong></span> <span class='ocrx_word' id='word_1_19' title='bbox 2298 545 2400 611; x_wconf 82' lang='lat' dir='ltr'><strong>iv).</strong></span> <span class='ocrx_word' id='word_1_20' title='bbox 2434 543 2528 598; x_wconf 80' lang='lat' dir='ltr'><strong>Est</strong></span> <span class='ocrx_word' id='word_1_21' title='bbox 2549 553 2724 599; x_wconf 83' lang='lat' dir='ltr'><strong>autem</strong></span> <span class='ocrx_word' id='word_1_22' title='bbox 2764 549 3112 617; x_wconf 84' lang='lat' dir='ltr'><strong>resurrectio,</strong></span> <span class='ocrx_word' id='word_1_23' title='bbox 3150 551 3340 606; x_wconf 67' lang='lat' dir='ltr'><strong>anime</strong></span> <span class='ocrx_word' id='word_1_24' title='bbox 3377 567 3560 606; x_wconf 81' lang='lat' dir='ltr'><strong>rursus</strong></span> 
     </span>
    </p>
   </div>
   <div class='ocr_carea' id='block_1_7' title="bbox 308 625 1896 697">
    <p class='ocr_par' dir='ltr' id='par_1_7' title="bbox 308 625 1896 697">
     <span class='ocr_line' id='line_1_7' title="bbox 308 625 1896 697; baseline 0.001 -18"><span class='ocrx_word' id='word_1_25' title='bbox 308 625 378 679; x_wconf 75' lang='grc' dir='ltr'>τὸ</span> <span class='ocrx_word' id='word_1_26' title='bbox 419 625 616 696; x_wconf 86' lang='grc' dir='ltr'>σῶμα,</span> <span class='ocrx_word' id='word_1_27' title='bbox 677 625 740 678; x_wconf 82' lang='grc' dir='ltr'><strong>τὸ</strong></span> <span class='ocrx_word' id='word_1_28' title='bbox 787 625 1147 697; x_wconf 82' lang='grc' dir='ltr'><strong>φθειρόμενον</strong></span> <span class='ocrx_word' id='word_1_29' title='bbox 1205 628 1300 682; x_wconf 73' lang='grc' dir='ltr'><strong>καὶ</strong></span> <span class='ocrx_word' id='word_1_30' title='bbox 1354 626 1727 696; x_wconf 80' lang='grc' dir='ltr'><strong>διαλυόμενον,</strong></span> <span class='ocrx_word' id='word_1_31' title='bbox 1763 626 1896 680; x_wconf 79' lang='grc' dir='ltr'>αὐτὸ</span> 
     </span>
    </p>
   </div>
   <div class='ocr_carea' id='block_1_8' title="bbox 310 717 1897 791">
    <p class='ocr_par' dir='ltr' id='par_1_8' title="bbox 310 717 1897 791">
     <span class='ocr_line' id='line_1_8' title="bbox 310 717 1897 791; baseline 0 -18"><span class='ocrx_word' id='word_1_32' title='bbox 310 719 681 790; x_wconf 75' lang='grc' dir='ltr'><strong>ἀναστήσεται</strong></span> <span class='ocrx_word' id='word_1_33' title='bbox 720 717 1020 787; x_wconf 79' lang='grc' dir='ltr'>ἄφθαρτον.</span> <span class='ocrx_word' id='word_1_34' title='bbox 1049 719 1162 773; x_wconf 72' lang='grc' dir='ltr'><strong>Καὶ</strong></span> <span class='ocrx_word' id='word_1_35' title='bbox 1195 719 1459 791; x_wconf 85' lang='grc' dir='ltr'><strong>μηδαμῶς</strong></span> <span class='ocrx_word' id='word_1_36' title='bbox 1510 736 1593 772; x_wconf 88' lang='grc' dir='ltr'><strong>σοι</strong></span> <span class='ocrx_word' id='word_1_37' title='bbox 1631 719 1897 784; x_wconf 80' lang='grc' dir='ltr'><strong>ἀπιστίας</strong></span> 
     </span>
    </p>
   </div>
   <div class='ocr_carea' id='block_1_9' title="bbox 307 809 1896 882">
    <p class='ocr_par' dir='ltr' id='par_1_9' title="bbox 307 809 1896 882">
     <span class='ocr_line' id='line_1_9' title="bbox 307 809 1896 882; baseline 0 -19"><span class='ocrx_word' id='word_1_38' title='bbox 307 810 579 880; x_wconf 81' lang='grc' dir='ltr'>λογισμὸς</span> <span class='ocrx_word' id='word_1_39' title='bbox 602 810 734 881; x_wconf 73' lang='grc' dir='ltr'>περὶ</span> <span class='ocrx_word' id='word_1_40' title='bbox 762 809 955 862; x_wconf 91' lang='grc' dir='ltr'>τούτου</span> <span class='ocrx_word' id='word_1_41' title='bbox 998 809 1203 881; x_wconf 77' lang='grc' dir='ltr'>ἐπέλθῃ</span> <span class='ocrx_word' id='word_1_42' title='bbox 1238 809 1350 879; x_wconf 88' lang='grc'>(67)</span> <span class='ocrx_word' id='word_1_43' title='bbox 1373 826 1388 841; x_wconf 76' lang='grc' dir='ltr'><strong>ο</strong></span> <span class='ocrx_word' id='word_1_44' title='bbox 1422 809 1524 863; x_wconf 79' lang='grc' dir='ltr'><strong>οὐκ</strong></span> <span class='ocrx_word' id='word_1_45' title='bbox 1551 809 1661 882; x_wconf 64' lang='grc'><strong>64</strong></span> <span class='ocrx_word' id='word_1_46' title='bbox 1696 810 1896 865; x_wconf 87' lang='grc' dir='ltr'>ἀδυνα-</span> 
     </span>
    </p>
   </div>
   <div class='ocr_carea' id='block_1_10' title="bbox 310 899 1895 973">
    <p class='ocr_par' dir='ltr' id='par_1_10' title="bbox 310 899 1895 973">
     <span class='ocr_line' id='line_1_10' title="bbox 310 899 1895 973; baseline -0.001 -18"><span class='ocrx_word' id='word_1_47' title='bbox 310 904 405 955; x_wconf 78' lang='grc' dir='ltr'>τεῖ</span> <span class='ocrx_word' id='word_1_48' title='bbox 430 901 538 973; x_wconf 89' lang='grc' dir='ltr'><strong>γάρ</strong></span> <span class='ocrx_word' id='word_1_49' title='bbox 580 899 661 969; x_wconf 82' lang='grc' dir='ltr'>τῷ</span> <span class='ocrx_word' id='word_1_50' title='bbox 689 899 750 965; x_wconf 77' lang='grc' dir='ltr'><strong>ἐξ</strong></span> <span class='ocrx_word' id='word_1_51' title='bbox 785 900 963 971; x_wconf 79' lang='grc' dir='ltr'>ἀρχῆς</span> <span class='ocrx_word' id='word_1_52' title='bbox 1005 902 1070 953; x_wconf 80' lang='grc' dir='ltr'>ὲκ</span> <span class='ocrx_word' id='word_1_53' title='bbox 1096 903 1197 971; x_wconf 85' lang='grc' dir='ltr'>τῆς</span> <span class='ocrx_word' id='word_1_54' title='bbox 1225 901 1328 971; x_wconf 83' lang='grc' dir='ltr'>γῆς</span> <span class='ocrx_word' id='word_1_55' title='bbox 1350 900 1709 954; x_wconf 87' lang='grc' dir='ltr'>διαπλάσαντι</span> <span class='ocrx_word' id='word_1_56' title='bbox 1740 899 1895 965; x_wconf 82' lang='grc' dir='ltr'>αὐτὸ,</span> 
     </span>
    </p>
   </div>
   <div class='ocr_carea' id='block_1_11' title="bbox 312 985 1895 1064">
    <p class='ocr_par' dir='ltr' id='par_1_11' title="bbox 312 985 1895 1064">
     <span class='ocr_line' id='line_1_11' title="bbox 312 985 1895 1064; baseline -0.001 -17"><span class='ocrx_word' id='word_1_57' title='bbox 312 989 438 1048; x_wconf 79' lang='grc' dir='ltr'>εἶτα</span> <span class='ocrx_word' id='word_1_58' title='bbox 461 993 813 1063; x_wconf 86' lang='grc' dir='ltr'>ἀποστραφὲν</span> <span class='ocrx_word' id='word_1_59' title='bbox 834 994 917 1055; x_wconf 78' lang='grc' dir='ltr'><strong>εἰς</strong></span> <span class='ocrx_word' id='word_1_60' title='bbox 940 992 1043 1062; x_wconf 81' lang='grc' dir='ltr'>γῆν</span> <span class='ocrx_word' id='word_1_61' title='bbox 1072 991 1134 1056; x_wconf 79' lang='grc' dir='ltr'>ἐξ</span> <span class='ocrx_word' id='word_1_62' title='bbox 1161 985 1229 1063; x_wconf 83' lang='grc' dir='ltr'>ἦς</span> <span class='ocrx_word' id='word_1_63' title='bbox 1251 991 1479 1062; x_wconf 76' lang='grc' dir='ltr'>ἐλήφθη.</span> <span class='ocrx_word' id='word_1_64' title='bbox 1510 993 1650 1046; x_wconf 84' lang='grc' dir='ltr'><strong>κατὰ</strong></span> <span class='ocrx_word' id='word_1_65' title='bbox 1674 992 1773 1064; x_wconf 80' lang='grc' dir='ltr'>τὴν</span> <span class='ocrx_word' id='word_1_66' title='bbox 1800 990 1895 1045; x_wconf 88' lang='grc' dir='ltr'><strong>τοῦ</strong></span> 
     </span>
    </p>
   </div>
   <div class='ocr_carea' id='block_1_12' title="bbox 312 1077 1897 1157">
    <p class='ocr_par' dir='ltr' id='par_1_12' title="bbox 312 1077 1897 1157">
     <span class='ocr_line' id='line_1_12' title="bbox 312 1077 1897 1157; baseline -0.003 -20"><span class='ocrx_word' id='word_1_67' title='bbox 312 1082 665 1157; x_wconf 81' lang='grc' dir='ltr'>Δημιουργοῦ</span> <span class='ocrx_word' id='word_1_68' title='bbox 715 1082 994 1151; x_wconf 88' lang='grc' dir='ltr'>ἀπόφασιν</span> <span class='ocrx_word' id='word_1_69' title='bbox 1054 1080 1189 1153; x_wconf 87' lang='grc'>(68),</span> <span class='ocrx_word' id='word_1_70' title='bbox 1234 1077 1392 1143; x_wconf 81' lang='grc' dir='ltr'>αὖθις</span> <span class='ocrx_word' id='word_1_71' title='bbox 1446 1081 1773 1151; x_wconf 81' lang='grc' dir='ltr'>ἀναστῆσαι.</span> <span class='ocrx_word' id='word_1_72' title='bbox 1831 1079 1897 1134; x_wconf 76' lang='lat' dir='ltr'><strong>El</strong></span> 
     </span>
    </p>
   </div>
   <div class='ocr_carea' id='block_1_13' title="bbox 312 1171 1896 1246">
    <p class='ocr_par' dir='ltr' id='par_1_13' title="bbox 312 1171 1896 1246">
     <span class='ocr_line' id='line_1_13' title="bbox 312 1171 1896 1246; baseline -0.002 -18"><span class='ocrx_word' id='word_1_73' title='bbox 312 1175 432 1246; x_wconf 77' lang='grc' dir='ltr'>γὰρ</span> <span class='ocrx_word' id='word_1_74' title='bbox 470 1176 745 1245; x_wconf 76' lang='grc' dir='ltr'><strong>ἐννοήσεις</strong></span> <span class='ocrx_word' id='word_1_75' title='bbox 786 1173 930 1226; x_wconf 89' lang='grc' dir='ltr'>πόσα</span> <span class='ocrx_word' id='word_1_76' title='bbox 965 1171 1027 1236; x_wconf 81' lang='grc' dir='ltr'>ἐξ</span> <span class='ocrx_word' id='word_1_77' title='bbox 1064 1172 1166 1225; x_wconf 83' lang='grc' dir='ltr'><strong>οὐκ</strong></span> <span class='ocrx_word' id='word_1_78' title='bbox 1202 1172 1374 1226; x_wconf 74' lang='grc' dir='ltr'>ὄντων</span> <span class='ocrx_word' id='word_1_79' title='bbox 1397 1173 1653 1242; x_wconf 78' lang='grc' dir='ltr'>ἐποίησεν</span> <span class='ocrx_word' id='word_1_80' title='bbox 1682 1174 1711 1225; x_wconf 98' lang='lat'><strong>6</strong></span> <span class='ocrx_word' id='word_1_81' title='bbox 1742 1172 1896 1246; x_wconf 77' lang='grc' dir='ltr'>Θεὸς,</span> 
     </span>
    </p>
   </div>
   <div class='ocr_carea' id='block_1_14' title="bbox 316 1244 1898 1337">
    <p class='ocr_par' dir='ltr' id='par_1_14' title="bbox 316 1244 1898 1337">
     <span class='ocr_line' id='line_1_14' title="bbox 316 1244 1898 1337; baseline -0.004 -17"><span class='ocrx_word' id='word_1_82' title='bbox 316 1244 484 1337; x_wconf 74' lang='grc' dir='ltr'>ἱκανή</span> <span class='ocrx_word' id='word_1_83' title='bbox 514 1282 597 1318; x_wconf 88' lang='grc' dir='ltr'><strong>σοι</strong></span> <span class='ocrx_word' id='word_1_84' title='bbox 616 1244 780 1317; x_wconf 75' lang='grc' dir='ltr'>ἔσται</span> <span class='ocrx_word' id='word_1_85' title='bbox 806 1261 948 1332; x_wconf 79' lang='grc' dir='ltr'>αῦτη</span> <span class='ocrx_word' id='word_1_86' title='bbox 977 1261 1272 1327; x_wconf 80' lang='grc' dir='ltr'>ἀπόδειξις.</span> <span class='ocrx_word' id='word_1_87' title='bbox 1307 1263 1420 1316; x_wconf 78' lang='grc' dir='ltr'>Καὶ</span> <span class='ocrx_word' id='word_1_88' title='bbox 1445 1263 1555 1330; x_wconf 85' lang='grc' dir='ltr'>γὰρ</span> <span class='ocrx_word' id='word_1_89' title='bbox 1583 1263 1688 1333; x_wconf 81' lang='grc' dir='ltr'>γῆν</span> <span class='ocrx_word' id='word_1_90' title='bbox 1717 1244 1898 1315; x_wconf 80' lang='grc' dir='ltr'><strong>λᾶϐὼν</strong></span> 
     </span>
    </p>
   </div>
   <div class='ocr_carea' id='block_1_15' title="bbox 313 1349 1901 1427">
    <p class='ocr_par' dir='ltr' id='par_1_15' title="bbox 313 1349 1901 1427">
     <span class='ocr_line' id='line_1_15' title="bbox 313 1349 1901 1427; baseline -0.004 -16"><span class='ocrx_word' id='word_1_91' title='bbox 313 1358 581 1427; x_wconf 67' lang='grc' dir='ltr'>ἐποίησεν</span> <span class='ocrx_word' id='word_1_92' title='bbox 625 1355 939 1427; x_wconf 81' lang='grc' dir='ltr'>ἄνθρωπον.</span> <span class='ocrx_word' id='word_1_93' title='bbox 982 1355 1087 1424; x_wconf 80' lang='grc' dir='ltr'>γῆν</span> <span class='ocrx_word' id='word_1_94' title='bbox 1130 1354 1230 1407; x_wconf 84' lang='grc' dir='ltr'><strong>ούκ</strong></span> <span class='ocrx_word' id='word_1_95' title='bbox 1253 1349 1417 1409; x_wconf 81' lang='grc' dir='ltr'>οὖσαν</span> <span class='ocrx_word' id='word_1_96' title='bbox 1446 1355 1715 1424; x_wconf 85' lang='grc' dir='ltr'>πρότερον</span> <span class='ocrx_word' id='word_1_97' title='bbox 1735 1370 1748 1383; x_wconf 92' lang='grc'><strong>·</strong></span> <span class='ocrx_word' id='word_1_98' title='bbox 1780 1352 1901 1416; x_wconf 83' lang='grc' dir='ltr'><strong>πῶς</strong></span> 
     </span>
    </p>
   </div>
   <div class='ocr_carea' id='block_1_16' title="bbox 311 1441 1901 1518">
    <p class='ocr_par' dir='ltr' id='par_1_16' title="bbox 311 1441 1901 1518">
     <span class='ocr_line' id='line_1_16' title="bbox 311 1441 1901 1518; baseline -0.004 -14"><span class='ocrx_word' id='word_1_99' title='bbox 311 1446 416 1504; x_wconf 76' lang='grc' dir='ltr'><strong>οὖν</strong></span> <span class='ocrx_word' id='word_1_100' title='bbox 458 1450 493 1518; x_wconf 85' lang='grc' dir='ltr'>ὴ</span> <span class='ocrx_word' id='word_1_101' title='bbox 524 1449 594 1517; x_wconf 84' lang='grc' dir='ltr'>γῆ</span> <span class='ocrx_word' id='word_1_102' title='bbox 638 1448 863 1515; x_wconf 87' lang='grc' dir='ltr'>γέγονεν</span> <span class='ocrx_word' id='word_1_103' title='bbox 902 1445 1210 1518; x_wconf 59' lang='grc' dir='ltr'>ἄνθρωπος</span> <span class='ocrx_word' id='word_1_104' title='bbox 1244 1446 1360 1510; x_wconf 83' lang='grc' dir='ltr'>πῶς</span> <span class='ocrx_word' id='word_1_105' title='bbox 1380 1446 1437 1500; x_wconf 88' lang='grc' dir='ltr'>δὲ</span> <span class='ocrx_word' id='word_1_106' title='bbox 1470 1444 1610 1517; x_wconf 80' lang='grc' dir='ltr'>αῦτη</span> <span class='ocrx_word' id='word_1_107' title='bbox 1638 1446 1739 1499; x_wconf 83' lang='grc' dir='ltr'><strong>οὐκ</strong></span> <span class='ocrx_word' id='word_1_108' title='bbox 1767 1441 1901 1499; x_wconf 82' lang='grc' dir='ltr'>οὖσα</span> 
     </span>
    </p>
   </div>
   <div class='ocr_carea' id='block_1_17' title="bbox 314 1536 1899 1612">
    <p class='ocr_par' dir='ltr' id='par_1_17' title="bbox 314 1536 1899 1612">
     <span class='ocr_line' id='line_1_17' title="bbox 314 1536 1899 1612; baseline -0.004 -17"><span class='ocrx_word' id='word_1_109' title='bbox 314 1542 639 1612; x_wconf 79' lang='grc' dir='ltr'>παρήγετο;</span> <span class='ocrx_word' id='word_1_110' title='bbox 676 1538 838 1592; x_wconf 87' lang='grc' dir='ltr'>ποίαν</span> <span class='ocrx_word' id='word_1_111' title='bbox 856 1538 914 1592; x_wconf 82' lang='grc' dir='ltr'><strong>δὲ</strong></span> <span class='ocrx_word' id='word_1_112' title='bbox 957 1538 1277 1609; x_wconf 82' lang='grc' dir='ltr'>ὑποὸάθραν</span> <span class='ocrx_word' id='word_1_113' title='bbox 1301 1538 1453 1608; x_wconf 79' lang='grc' dir='ltr'>ἔχει;</span> <span class='ocrx_word' id='word_1_114' title='bbox 1487 1538 1604 1601; x_wconf 86' lang='grc' dir='ltr'><strong>πῶς</strong></span> <span class='ocrx_word' id='word_1_115' title='bbox 1632 1536 1690 1590; x_wconf 84' lang='grc' dir='ltr'><strong>δὲ</strong></span> <span class='ocrx_word' id='word_1_116' title='bbox 1718 1536 1779 1602; x_wconf 84' lang='grc' dir='ltr'>ὲξ</span> <span class='ocrx_word' id='word_1_117' title='bbox 1799 1536 1899 1590; x_wconf 88' lang='grc' dir='ltr'>αύ-</span> 
     </span>
    </p>
   </div>
   <div class='ocr_carea' id='block_1_18' title="bbox 312 1628 1900 1704">
    <p class='ocr_par' dir='ltr' id='par_1_18' title="bbox 312 1628 1900 1704">
     <span class='ocr_line' id='line_1_18' title="bbox 312 1628 1900 1704; baseline -0.001 -18"><span class='ocrx_word' id='word_1_118' title='bbox 312 1634 421 1704; x_wconf 83' lang='grc' dir='ltr'>τῆς</span> <span class='ocrx_word' id='word_1_119' title='bbox 453 1631 817 1703; x_wconf 83' lang='grc' dir='ltr'>παρήχθησαν</span> <span class='ocrx_word' id='word_1_120' title='bbox 839 1630 909 1683; x_wconf 85' lang='grc' dir='ltr'>τὰ</span> <span class='ocrx_word' id='word_1_121' title='bbox 928 1631 1036 1684; x_wconf 86' lang='grc' dir='ltr'><strong>τῶν</strong></span> <span class='ocrx_word' id='word_1_122' title='bbox 1058 1632 1270 1700; x_wconf 82' lang='grc' dir='ltr'><strong>ἀλόγων</strong></span> <span class='ocrx_word' id='word_1_123' title='bbox 1291 1632 1497 1703; x_wconf 80' lang='grc' dir='ltr'>ἄπειρα</span> <span class='ocrx_word' id='word_1_124' title='bbox 1517 1630 1673 1700; x_wconf 87' lang='grc' dir='ltr'>γένη,</span> <span class='ocrx_word' id='word_1_125' title='bbox 1699 1629 1767 1683; x_wconf 87' lang='grc' dir='ltr'><strong>τά</strong></span> <span class='ocrx_word' id='word_1_126' title='bbox 1790 1628 1900 1684; x_wconf 87' lang='grc' dir='ltr'>τῶν</span> 
     </span>
    </p>
   </div>
   <div class='ocr_carea' id='block_1_19' title="bbox 316 1720 1903 1795">
    <p class='ocr_par' dir='ltr' id='par_1_19' title="bbox 316 1720 1903 1795">
     <span class='ocr_line' id='line_1_19' title="bbox 316 1720 1903 1795; baseline -0.004 -18"><span class='ocrx_word' id='word_1_127' title='bbox 316 1724 683 1795; x_wconf 82' lang='grc' dir='ltr'><strong>σπερμάτων,</strong></span> <span class='ocrx_word' id='word_1_128' title='bbox 725 1721 795 1774; x_wconf 87' lang='grc' dir='ltr'>τὰ</span> <span class='ocrx_word' id='word_1_129' title='bbox 822 1720 932 1774; x_wconf 85' lang='grc' dir='ltr'>τῶν</span> <span class='ocrx_word' id='word_1_130' title='bbox 972 1721 1187 1789; x_wconf 85' lang='grc' dir='ltr'>φυτῶν;</span> <span class='ocrx_word' id='word_1_131' title='bbox 1251 1720 1411 1775; x_wconf 84' lang='grc' dir='ltr'>Ἀλλά</span> <span class='ocrx_word' id='word_1_132' title='bbox 1450 1720 1546 1775; x_wconf 71' lang='grc' dir='ltr'><strong>καὶ</strong></span> <span class='ocrx_word' id='word_1_133' title='bbox 1583 1720 1681 1773; x_wconf 90' lang='grc' dir='ltr'><strong>νῦν</strong></span> <span class='ocrx_word' id='word_1_134' title='bbox 1730 1736 1903 1773; x_wconf 87' lang='grc' dir='ltr'>κατα-</span> 
     </span>
    </p>
   </div>
   <div class='ocr_carea' id='block_1_20' title="bbox 314 1811 1902 1887">
    <p class='ocr_par' dir='ltr' id='par_1_20' title="bbox 314 1811 1902 1887">
     <span class='ocr_line' id='line_1_20' title="bbox 314 1811 1902 1887; baseline -0.003 -19"><span class='ocrx_word' id='word_1_135' title='bbox 314 1818 519 1887; x_wconf 82' lang='grc' dir='ltr'>νόησον</span> <span class='ocrx_word' id='word_1_136' title='bbox 545 1816 640 1868; x_wconf 74' lang='grc' dir='ltr'><strong>ἐπὶ</strong></span> <span class='ocrx_word' id='word_1_137' title='bbox 664 1813 766 1883; x_wconf 82' lang='grc' dir='ltr'>τῆς</span> <span class='ocrx_word' id='word_1_138' title='bbox 788 1814 1099 1883; x_wconf 80' lang='grc' dir='ltr'>γεννήσεως</span> <span class='ocrx_word' id='word_1_139' title='bbox 1123 1814 1220 1882; x_wconf 85' lang='grc' dir='ltr'>τῆς</span> <span class='ocrx_word' id='word_1_140' title='bbox 1246 1813 1522 1883; x_wconf 81' lang='grc' dir='ltr'>ἡμετέρας</span> <span class='ocrx_word' id='word_1_141' title='bbox 1543 1830 1557 1843; x_wconf 74' lang='grc' dir='ltr'><strong>ο</strong></span> <span class='ocrx_word' id='word_1_142' title='bbox 1589 1812 1650 1865; x_wconf 83' lang='grc' dir='ltr'><strong>ού</strong></span> <span class='ocrx_word' id='word_1_143' title='bbox 1678 1811 1902 1882; x_wconf 88' lang='grc' dir='ltr'>σπέρμα</span> 
     </span>
    </p>
   </div>
   <div class='ocr_carea' id='block_1_21' title="bbox 1989 635 3559 710">
    <p class='ocr_par' dir='ltr' id='par_1_21' title="bbox 1989 635 3559 710">
     <span class='ocr_line' id='line_1_21' title="bbox 1989 635 3559 710; baseline 0.007 -24"><span class='ocrx_word' id='word_1_144' title='bbox 1989 646 2111 686; x_wconf 90' lang='lat' dir='ltr'><strong>cum</strong></span> <span class='ocrx_word' id='word_1_145' title='bbox 2136 646 2360 702; x_wconf 88' lang='lat' dir='ltr'><strong>corpore</strong></span> <span class='ocrx_word' id='word_1_146' title='bbox 2384 635 2704 703; x_wconf 86' lang='lat' dir='ltr'><strong>conjunctio.</strong></span> <span class='ocrx_word' id='word_1_147' title='bbox 2746 638 3005 703; x_wconf 85' lang='lat' dir='ltr'><strong>Quocirca</strong></span> <span class='ocrx_word' id='word_1_148' title='bbox 3028 641 3127 694; x_wconf 93' lang='lat' dir='ltr'><strong>hoc</strong></span> <span class='ocrx_word' id='word_1_149' title='bbox 3153 642 3322 710; x_wconf 82' lang='lat' dir='ltr'><strong>ipsum</strong></span> <span class='ocrx_word' id='word_1_150' title='bbox 3345 656 3559 710; x_wconf 82' lang='lat' dir='ltr'><strong>corpus,</strong></span> 
     </span>
    </p>
   </div>
   <div class='ocr_carea' id='block_1_22' title="bbox 1990 720 3597 800">
    <p class='ocr_par' dir='ltr' id='par_1_22' title="bbox 1990 720 3597 800">
     <span class='ocr_line' id='line_1_22' title="bbox 1990 720 3597 800; baseline 0.007 -26"><span class='ocrx_word' id='word_1_151' title='bbox 1990 720 2133 790; x_wconf 89' lang='lat' dir='ltr'><strong>quod</strong></span> <span class='ocrx_word' id='word_1_152' title='bbox 2158 722 2339 777; x_wconf 83' lang='lat' dir='ltr'><strong>interit</strong></span> <span class='ocrx_word' id='word_1_153' title='bbox 2364 737 2426 777; x_wconf 91' lang='lat' dir='ltr'><strong>ac</strong></span> <span class='ocrx_word' id='word_1_154' title='bbox 2452 723 2778 791; x_wconf 73' lang='lat' dir='ltr'><strong>dissolvitur,</strong></span> <span class='ocrx_word' id='word_1_155' title='bbox 2805 730 2872 781; x_wconf 89' lang='lat' dir='ltr'><strong>ita</strong></span> <span class='ocrx_word' id='word_1_156' title='bbox 2904 739 3176 800; x_wconf 78' lang='lat' dir='ltr'><strong>resurget,</strong></span> <span class='ocrx_word' id='word_1_157' title='bbox 3206 741 3262 785; x_wconf 91' lang='lat' dir='ltr'><strong>ut</strong></span> <span class='ocrx_word' id='word_1_158' title='bbox 3308 731 3559 799; x_wconf 73' lang='lat' dir='ltr'><strong>deinceps</strong></span> <span class='ocrx_word' id='word_1_159' title='bbox 3596 750 3597 753; x_wconf 63' lang='lat'>‘</span> 
     </span>
    </p>
   </div>
   <div class='ocr_carea' id='block_1_23' title="bbox 1991 810 3559 887">
    <p class='ocr_par' dir='ltr' id='par_1_23' title="bbox 1991 810 3559 887">
     <span class='ocr_line' id='line_1_23' title="bbox 1991 810 3559 887; baseline 0.008 -23"><span class='ocrx_word' id='word_1_160' title='bbox 1991 810 2215 867; x_wconf 88' lang='lat' dir='ltr'><strong>interire</strong></span> <span class='ocrx_word' id='word_1_161' title='bbox 2242 824 2470 882; x_wconf 75' lang='lat' dir='ltr'><strong>nequeat</strong></span> <span class='ocrx_word' id='word_1_162' title='bbox 2498 812 2553 882; x_wconf 92' lang='grc' dir='ltr'>(Ι</span> <span class='ocrx_word' id='word_1_163' title='bbox 2577 812 2695 870; x_wconf 86' lang='lat' dir='ltr'><strong>Cor.</strong></span> <span class='ocrx_word' id='word_1_164' title='bbox 2724 815 2840 887; x_wconf 83' lang='lat' dir='ltr'><strong>xv).</strong></span> <span class='ocrx_word' id='word_1_165' title='bbox 2869 817 2976 873; x_wconf 86' lang='lat' dir='ltr'><strong>Nec</strong></span> <span class='ocrx_word' id='word_1_166' title='bbox 3000 835 3128 874; x_wconf 89' lang='lat' dir='ltr'><strong>vero</strong></span> <span class='ocrx_word' id='word_1_167' title='bbox 3156 820 3275 875; x_wconf 89' lang='lat' dir='ltr'><strong>huic</strong></span> <span class='ocrx_word' id='word_1_168' title='bbox 3299 823 3375 877; x_wconf 91' lang='lat' dir='ltr'><strong>rei</strong></span> <span class='ocrx_word' id='word_1_169' title='bbox 3402 824 3559 878; x_wconf 80' lang='lat' dir='ltr'><strong>(idem</strong></span> 
     </span>
    </p>
   </div>
   <div class='ocr_carea' id='block_1_24' title="bbox 1999 902 3563 983">
    <p class='ocr_par' dir='ltr' id='par_1_24' title="bbox 1999 902 3563 983">
     <span class='ocr_line' id='line_1_24' title="bbox 1999 902 3563 983; baseline 0.009 -26"><span class='ocrx_word' id='word_1_170' title='bbox 1999 902 2111 957; x_wconf 89' lang='lat' dir='ltr'><strong>ullo</strong></span> <span class='ocrx_word' id='word_1_171' title='bbox 2149 903 2308 957; x_wconf 90' lang='lat' dir='ltr'><strong>modo</strong></span> <span class='ocrx_word' id='word_1_172' title='bbox 2351 907 2610 973; x_wconf 78' lang='lat' dir='ltr'><strong>abrogare</strong></span> <span class='ocrx_word' id='word_1_173' title='bbox 2649 908 2701 959; x_wconf 92' lang='lat' dir='ltr'><strong>in</strong></span> <span class='ocrx_word' id='word_1_174' title='bbox 2743 917 2973 963; x_wconf 90' lang='lat' dir='ltr'><strong>mentem</strong></span> <span class='ocrx_word' id='word_1_175' title='bbox 3016 910 3105 964; x_wconf 84' lang='lat' dir='ltr'><strong>tibi</strong></span> <span class='ocrx_word' id='word_1_176' title='bbox 3145 914 3341 966; x_wconf 88' lang='lat' dir='ltr'><strong>veniat.</strong></span> <span class='ocrx_word' id='word_1_177' title='bbox 3382 913 3563 983; x_wconf 80' lang='lat' dir='ltr'><strong>Neque</strong></span> 
     </span>
    </p>
   </div>
   <div class='ocr_carea' id='block_1_25' title="bbox 1997 992 3559 1073">
    <p class='ocr_par' dir='ltr' id='par_1_25' title="bbox 1997 992 3559 1073">
     <span class='ocr_line' id='line_1_25' title="bbox 1997 992 3559 1073; baseline 0.009 -27"><span class='ocrx_word' id='word_1_178' title='bbox 1997 992 2139 1047; x_wconf 87' lang='lat' dir='ltr'><strong>enim</strong></span> <span class='ocrx_word' id='word_1_179' title='bbox 2167 992 2218 1047; x_wconf 90' lang='lat' dir='ltr'><strong>ei</strong></span> <span class='ocrx_word' id='word_1_180' title='bbox 2244 994 2330 1061; x_wconf 89' lang='lat' dir='ltr'><strong>qui</strong></span> <span class='ocrx_word' id='word_1_181' title='bbox 2362 995 2533 1063; x_wconf 89' lang='lat' dir='ltr'><strong>ipsum</strong></span> <span class='ocrx_word' id='word_1_182' title='bbox 2563 997 2791 1065; x_wconf 88' lang='lat' dir='ltr'><strong>primum</strong></span> <span class='ocrx_word' id='word_1_183' title='bbox 2828 1013 2861 1053; x_wconf 82' lang='grc' dir='ltr'><strong>ε</strong></span> <span class='ocrx_word' id='word_1_184' title='bbox 2898 1008 3035 1054; x_wconf 90' lang='lat' dir='ltr'><strong>terra</strong></span> <span class='ocrx_word' id='word_1_185' title='bbox 3065 1001 3310 1068; x_wconf 78' lang='lat' dir='ltr'><strong>eiﬂnxit,</strong></span> <span class='ocrx_word' id='word_1_186' title='bbox 3353 1012 3559 1073; x_wconf 86' lang='lat' dir='ltr'><strong>postea-</strong></span> 
     </span>
    </p>
   </div>
   <div class='ocr_carea' id='block_1_26' title="bbox 2000 1084 3561 1163">
    <p class='ocr_par' dir='ltr' id='par_1_26' title="bbox 2000 1084 3561 1163">
     <span class='ocr_line' id='line_1_26' title="bbox 2000 1084 3561 1163; baseline 0.008 -26"><span class='ocrx_word' id='word_1_187' title='bbox 2000 1097 2160 1152; x_wconf 83' lang='lat' dir='ltr'><strong>quam</strong></span> <span class='ocrx_word' id='word_1_188' title='bbox 2193 1084 2244 1137; x_wconf 90' lang='lat' dir='ltr'><strong>in</strong></span> <span class='ocrx_word' id='word_1_189' title='bbox 2272 1094 2469 1139; x_wconf 85' lang='lat' dir='ltr'><strong>terram</strong></span> <span class='ocrx_word' id='word_1_190' title='bbox 2512 1101 2579 1140; x_wconf 79' lang='lat' dir='ltr'><strong>ex</strong></span> <span class='ocrx_word' id='word_1_191' title='bbox 2624 1102 2726 1157; x_wconf 89' lang='lat' dir='ltr'><strong>qua</strong></span> <span class='ocrx_word' id='word_1_192' title='bbox 2764 1100 3032 1158; x_wconf 91' lang='lat' dir='ltr'><strong>sumptum</strong></span> <span class='ocrx_word' id='word_1_193' title='bbox 3074 1102 3154 1146; x_wconf 89' lang='lat' dir='ltr'><strong>est</strong></span> <span class='ocrx_word' id='word_1_194' title='bbox 3192 1093 3381 1160; x_wconf 77' lang='lat' dir='ltr'><strong>rediit,</strong></span> <span class='ocrx_word' id='word_1_195' title='bbox 3411 1095 3561 1163; x_wconf 81' lang='lat' dir='ltr'><strong>juxta</strong></span> 
     </span>
    </p>
   </div>
   <div class='ocr_carea' id='block_1_27' title="bbox 1990 1170 3563 1254">
    <p class='ocr_par' dir='ltr' id='par_1_27' title="bbox 1990 1170 3563 1254">
     <span class='ocr_line' id='line_1_27' title="bbox 1990 1170 3563 1254; baseline 0.006 -25"><span class='ocrx_word' id='word_1_196' title='bbox 1990 1170 2256 1229; x_wconf 82' lang='lat' dir='ltr'><strong>Creatoris</strong></span> <span class='ocrx_word' id='word_1_197' title='bbox 2276 1177 2592 1231; x_wconf 86' lang='lat' dir='ltr'><strong>sententiam</strong></span> <span class='ocrx_word' id='word_1_198' title='bbox 2618 1192 2802 1232; x_wconf 85' lang='lat' dir='ltr'><strong>rursus</strong></span> <span class='ocrx_word' id='word_1_199' title='bbox 2824 1179 2888 1233; x_wconf 84' lang='lat' dir='ltr'><strong>ad</strong></span> <span class='ocrx_word' id='word_1_200' title='bbox 2917 1181 3076 1235; x_wconf 88' lang='lat' dir='ltr'><strong>vitam</strong></span> <span class='ocrx_word' id='word_1_201' title='bbox 3101 1184 3335 1238; x_wconf 78' lang='lat' dir='ltr'><strong>excitare</strong></span> <span class='ocrx_word' id='word_1_202' title='bbox 3363 1184 3563 1254; x_wconf 84' lang='lat' dir='ltr'><strong>impos-</strong></span> 
     </span>
    </p>
   </div>
   <div class='ocr_carea' id='block_1_28' title="bbox 1991 1264 3561 1338">
    <p class='ocr_par' dir='ltr' id='par_1_28' title="bbox 1991 1264 3561 1338">
     <span class='ocr_line' id='line_1_28' title="bbox 1991 1264 3561 1338; baseline 0.006 -19"><span class='ocrx_word' id='word_1_203' title='bbox 1991 1264 2147 1321; x_wconf 87' lang='lat' dir='ltr'><strong>sibile</strong></span> <span class='ocrx_word' id='word_1_204' title='bbox 2173 1275 2274 1321; x_wconf 90' lang='lat' dir='ltr'><strong>est.</strong></span> <span class='ocrx_word' id='word_1_205' title='bbox 2302 1266 2433 1321; x_wconf 84' lang='lat' dir='ltr'><strong>Nam</strong></span> <span class='ocrx_word' id='word_1_206' title='bbox 2463 1269 2509 1323; x_wconf 85' lang='lat' dir='ltr'><strong>si</strong></span> <span class='ocrx_word' id='word_1_207' title='bbox 2540 1270 2680 1338; x_wconf 90' lang='lat' dir='ltr'><strong>quod</strong></span> <span class='ocrx_word' id='word_1_208' title='bbox 2710 1268 2824 1325; x_wconf 80' lang='lat' dir='ltr'><strong>Rex</strong></span> <span class='ocrx_word' id='word_1_209' title='bbox 2849 1270 2988 1326; x_wconf 90' lang='lat' dir='ltr'><strong>Deus</strong></span> <span class='ocrx_word' id='word_1_210' title='bbox 3021 1286 3085 1326; x_wconf 80' lang='lat' dir='ltr'><strong>ex</strong></span> <span class='ocrx_word' id='word_1_211' title='bbox 3118 1274 3282 1327; x_wconf 85' lang='lat' dir='ltr'><strong>nihilo</strong></span> <span class='ocrx_word' id='word_1_212' title='bbox 3309 1276 3360 1328; x_wconf 86' lang='lat' dir='ltr'><strong>in</strong></span> <span class='ocrx_word' id='word_1_213' title='bbox 3386 1285 3561 1330; x_wconf 89' lang='lat' dir='ltr'><strong>ortum</strong></span> 
     </span>
    </p>
   </div>
   <div class='ocr_carea' id='block_1_29' title="bbox 1994 1356 3564 1434">
    <p class='ocr_par' dir='ltr' id='par_1_29' title="bbox 1994 1356 3564 1434">
     <span class='ocr_line' id='line_1_29' title="bbox 1994 1356 3564 1434; baseline 0.007 -25"><span class='ocrx_word' id='word_1_214' title='bbox 1994 1356 2337 1426; x_wconf 79' lang='lat' dir='ltr'><strong>produxerit,</strong></span> <span class='ocrx_word' id='word_1_215' title='bbox 2371 1367 2542 1413; x_wconf 90' lang='lat' dir='ltr'><strong>tecum</strong></span> <span class='ocrx_word' id='word_1_216' title='bbox 2574 1369 2790 1430; x_wconf 87' lang='lat' dir='ltr'><strong>reputes</strong></span> <span class='ocrx_word' id='word_1_217' title='bbox 2814 1400 2829 1425; x_wconf 92' lang='lat'><strong>,</strong></span> <span class='ocrx_word' id='word_1_218' title='bbox 2864 1361 2999 1416; x_wconf 82' lang='lat' dir='ltr'><strong>istud</strong></span> <span class='ocrx_word' id='word_1_219' title='bbox 3030 1364 3158 1417; x_wconf 84' lang='lat' dir='ltr'><strong>satis</strong></span> <span class='ocrx_word' id='word_1_220' title='bbox 3188 1379 3379 1434; x_wconf 70' lang='lat' dir='ltr'><strong>magno</strong></span> <span class='ocrx_word' id='word_1_221' title='bbox 3407 1379 3564 1434; x_wconf 75' lang='lat' dir='ltr'><strong>argu-</strong></span> 
     </span>
    </p>
   </div>
   <div class='ocr_carea' id='block_1_30' title="bbox 1995 1449 3563 1528">
    <p class='ocr_par' dir='ltr' id='par_1_30' title="bbox 1995 1449 3563 1528">
     <span class='ocr_line' id='line_1_30' title="bbox 1995 1449 3563 1528; baseline 0.007 -25"><span class='ocrx_word' id='word_1_222' title='bbox 1995 1457 2176 1503; x_wconf 89' lang='lat' dir='ltr'><strong>mento</strong></span> <span class='ocrx_word' id='word_1_223' title='bbox 2202 1449 2296 1503; x_wconf 89' lang='lat' dir='ltr'><strong>tibi</strong></span> <span class='ocrx_word' id='word_1_224' title='bbox 2326 1451 2556 1505; x_wconf 79' lang='lat' dir='ltr'><strong>futurum</strong></span> <span class='ocrx_word' id='word_1_225' title='bbox 2597 1462 2700 1507; x_wconf 87' lang='lat' dir='ltr'><strong>est.</strong></span> <span class='ocrx_word' id='word_1_226' title='bbox 2742 1453 2950 1508; x_wconf 79' lang='lat' dir='ltr'><strong>Etenim</strong></span> <span class='ocrx_word' id='word_1_227' title='bbox 2991 1467 3203 1525; x_wconf 90' lang='lat' dir='ltr'><strong>sumpta</strong></span> <span class='ocrx_word' id='word_1_228' title='bbox 3243 1466 3415 1527; x_wconf 86' lang='lat' dir='ltr'><strong>terra,</strong></span> <span class='ocrx_word' id='word_1_229' title='bbox 3443 1474 3563 1528; x_wconf 64' lang='lat' dir='ltr'><strong>qua</strong></span> 
     </span>
    </p>
   </div>
   <div class='ocr_carea' id='block_1_31' title="bbox 1992 1541 3565 1617">
    <p class='ocr_par' dir='ltr' id='par_1_31' title="bbox 1992 1541 3565 1617">
     <span class='ocr_line' id='line_1_31' title="bbox 1992 1541 3565 1617; baseline 0.006 -23"><span class='ocrx_word' id='word_1_230' title='bbox 1992 1541 2145 1611; x_wconf 85' lang='lat' dir='ltr'><strong>prius</strong></span> <span class='ocrx_word' id='word_1_231' title='bbox 2174 1556 2278 1595; x_wconf 92' lang='lat' dir='ltr'><strong>non</strong></span> <span class='ocrx_word' id='word_1_232' title='bbox 2307 1552 2458 1606; x_wconf 88' lang='lat' dir='ltr'><strong>erat,</strong></span> <span class='ocrx_word' id='word_1_233' title='bbox 2493 1543 2761 1617; x_wconf 78' lang='lat' dir='ltr'><strong>hominem</strong></span> <span class='ocrx_word' id='word_1_234' title='bbox 2797 1549 3091 1613; x_wconf 79' lang='lat' dir='ltr'><strong>procreavit</strong></span> <span class='ocrx_word' id='word_1_235' title='bbox 3117 1547 3270 1615; x_wconf 84' lang='lat' dir='ltr'><strong>(Gen.</strong></span> <span class='ocrx_word' id='word_1_236' title='bbox 3294 1563 3330 1603; x_wconf 92' lang='grc' dir='ltr'><strong>ιι</strong></span> <span class='ocrx_word' id='word_1_237' title='bbox 3354 1550 3393 1617; x_wconf 91' lang='grc'>).</span> <span class='ocrx_word' id='word_1_238' title='bbox 3423 1551 3565 1615; x_wconf 81' lang='lat' dir='ltr'><strong>Quo-</strong></span> 
     </span>
    </p>
   </div>
   <div class='ocr_carea' id='block_1_32' title="bbox 1996 1633 3563 1705">
    <p class='ocr_par' dir='ltr' id='par_1_32' title="bbox 1996 1633 3563 1705">
     <span class='ocr_line' id='line_1_32' title="bbox 1996 1633 3563 1705; baseline 0.007 -20"><span class='ocrx_word' id='word_1_239' title='bbox 1996 1647 2118 1686; x_wconf 89' lang='lat' dir='ltr'><strong>nam</strong></span> <span class='ocrx_word' id='word_1_240' title='bbox 2149 1633 2308 1701; x_wconf 77' lang='lat' dir='ltr'><strong>igitur</strong></span> <span class='ocrx_word' id='word_1_241' title='bbox 2337 1636 2496 1689; x_wconf 88' lang='lat' dir='ltr'><strong>modo</strong></span> <span class='ocrx_word' id='word_1_242' title='bbox 2522 1651 2553 1691; x_wconf 87' lang='lat' dir='ltr'><strong>e</strong></span> <span class='ocrx_word' id='word_1_243' title='bbox 2584 1646 2724 1691; x_wconf 89' lang='lat' dir='ltr'><strong>terra</strong></span> <span class='ocrx_word' id='word_1_244' title='bbox 2768 1637 2925 1691; x_wconf 91' lang='lat' dir='ltr'><strong>homo</strong></span> <span class='ocrx_word' id='word_1_245' title='bbox 2965 1639 3134 1694; x_wconf 79' lang='lat' dir='ltr'><strong>factus</strong></span> <span class='ocrx_word' id='word_1_246' title='bbox 3162 1641 3287 1694; x_wconf 84' lang='lat' dir='ltr'><strong>est?</strong></span> <span class='ocrx_word' id='word_1_247' title='bbox 3323 1641 3563 1705; x_wconf 81' lang='lat' dir='ltr'><strong>Quonam</strong></span> 
     </span>
    </p>
   </div>
   <div class='ocr_carea' id='block_1_33' title="bbox 1992 1729 3561 1800">
    <p class='ocr_par' dir='ltr' id='par_1_33' title="bbox 1992 1729 3561 1800">
     <span class='ocr_line' id='line_1_33' title="bbox 1992 1729 3561 1800; baseline 0.004 -19"><span class='ocrx_word' id='word_1_248' title='bbox 1992 1729 2151 1781; x_wconf 83' lang='lat' dir='ltr'><strong>modo</strong></span> <span class='ocrx_word' id='word_1_249' title='bbox 2194 1730 2309 1796; x_wconf 89' lang='lat' dir='ltr'><strong>ipsa</strong></span> <span class='ocrx_word' id='word_1_250' title='bbox 2354 1746 2420 1784; x_wconf 81' lang='lat' dir='ltr'><strong>ex</strong></span> <span class='ocrx_word' id='word_1_251' title='bbox 2469 1730 2640 1785; x_wconf 88' lang='lat' dir='ltr'><strong>nihilo</strong></span> <span class='ocrx_word' id='word_1_252' title='bbox 2690 1732 2942 1797; x_wconf 83' lang='lat' dir='ltr'><strong>producta</strong></span> <span class='ocrx_word' id='word_1_253' title='bbox 2988 1733 3106 1788; x_wconf 82' lang='lat' dir='ltr'><strong>est?</strong></span> <span class='ocrx_word' id='word_1_254' title='bbox 3150 1733 3390 1800; x_wconf 84' lang='lat' dir='ltr'><strong>Quonam</strong></span> <span class='ocrx_word' id='word_1_255' title='bbox 3435 1735 3561 1789; x_wconf 87' lang='lat' dir='ltr'><strong>item</strong></span> 
     </span>
    </p>
   </div>
   <div class='ocr_carea' id='block_1_34' title="bbox 2001 1817 3559 1893">
    <p class='ocr_par' dir='ltr' id='par_1_34' title="bbox 2001 1817 3559 1893">
     <span class='ocr_line' id='line_1_34' title="bbox 2001 1817 3559 1893; baseline 0.004 -22"><span class='ocrx_word' id='word_1_256' title='bbox 2001 1817 2349 1873; x_wconf 80' lang='lat' dir='ltr'><strong>fundamento</strong></span> <span class='ocrx_word' id='word_1_257' title='bbox 2379 1821 2605 1876; x_wconf 77' lang='lat' dir='ltr'><strong>nititur?</strong></span> <span class='ocrx_word' id='word_1_258' title='bbox 2634 1822 2871 1889; x_wconf 80' lang='lat' dir='ltr'><strong>Quonam</strong></span> <span class='ocrx_word' id='word_1_259' title='bbox 2902 1823 3127 1892; x_wconf 88' lang='lat' dir='ltr'><strong>denique</strong></span> <span class='ocrx_word' id='word_1_260' title='bbox 3153 1824 3309 1879; x_wconf 86' lang='lat' dir='ltr'><strong>modo</strong></span> <span class='ocrx_word' id='word_1_261' title='bbox 3336 1839 3402 1879; x_wconf 78' lang='lat' dir='ltr'><strong>ex</strong></span> <span class='ocrx_word' id='word_1_262' title='bbox 3443 1827 3559 1893; x_wconf 81' lang='lat' dir='ltr'><strong>ipsa</strong></span> 
     </span>
    </p>
   </div>
   <div class='ocr_carea' id='block_1_35' title="bbox 319 1896 1908 1985">
    <p class='ocr_par' dir='ltr' id='par_1_35' title="bbox 319 1896 1901 1980">
     <span class='ocr_line' id='line_1_35' title="bbox 319 1896 1901 1980; baseline -0.003 -18"><span class='ocrx_word' id='word_1_263' title='bbox 319 1908 504 1980; x_wconf 74' lang='grc' dir='ltr'>βραχὺ</span> <span class='ocrx_word' id='word_1_264' title='bbox 553 1907 759 1961; x_wconf 81' lang='grc' dir='ltr'>ὲνίεται</span> <span class='ocrx_word' id='word_1_265' title='bbox 807 1908 888 1969; x_wconf 82' lang='grc' dir='ltr'>εἰς</span> <span class='ocrx_word' id='word_1_266' title='bbox 922 1907 1021 1976; x_wconf 79' lang='grc' dir='ltr'><strong>τὴν</strong></span> <span class='ocrx_word' id='word_1_267' title='bbox 1062 1905 1467 1975; x_wconf 82' lang='grc' dir='ltr'>ὑποδεχομένην</span> <span class='ocrx_word' id='word_1_268' title='bbox 1499 1905 1712 1975; x_wconf 82' lang='grc' dir='ltr'>μήτραν</span> <span class='ocrx_word' id='word_1_269' title='bbox 1739 1896 1901 1971; x_wconf 66' lang='grc' dir='ltr'>ἆύτόθς</span> 
     </span>
    </p>
   </div>
   <div class='ocr_carea' id='block_1_36' title="bbox 2001 1896 3559 1985">
    <p class='ocr_par' dir='ltr' id='par_1_36' title="bbox 2001 1909 3559 1985">
     <span class='ocr_line' id='line_1_36' title="bbox 2001 1909 3559 1985; baseline 0.003 -21"><span class='ocrx_word' id='word_1_270' title='bbox 2001 1909 2204 1967; x_wconf 80' lang='lat' dir='ltr'><strong>inﬁnita</strong></span> <span class='ocrx_word' id='word_1_271' title='bbox 2234 1920 2347 1965; x_wconf 88' lang='lat' dir='ltr'><strong>tum</strong></span> <span class='ocrx_word' id='word_1_272' title='bbox 2375 1913 2650 1967; x_wconf 88' lang='lat' dir='ltr'><strong>brutorum</strong></span> <span class='ocrx_word' id='word_1_273' title='bbox 2671 1953 2685 1978; x_wconf 88' lang='lat'><strong>,</strong></span> <span class='ocrx_word' id='word_1_274' title='bbox 2716 1924 2822 1968; x_wconf 87' lang='lat' dir='ltr'><strong>tum</strong></span> <span class='ocrx_word' id='word_1_275' title='bbox 2847 1915 3110 1969; x_wconf 89' lang='lat' dir='ltr'><strong>seminum</strong></span> <span class='ocrx_word' id='word_1_276' title='bbox 3138 1956 3154 1982; x_wconf 92' lang='lat'><strong>,</strong></span> <span class='ocrx_word' id='word_1_277' title='bbox 3182 1924 3291 1969; x_wconf 90' lang='lat' dir='ltr'><strong>tum</strong></span> <span class='ocrx_word' id='word_1_278' title='bbox 3320 1916 3559 1985; x_wconf 76' lang='lat' dir='ltr'><strong>stirpium</strong></span> 
     </span>
    </p>
   </div>
   <div class='ocr_carea' id='block_1_37' title="bbox 318 1992 1585 2066">
    <p class='ocr_par' dir='ltr' id='par_1_37' title="bbox 318 1992 1585 2066">
     <span class='ocr_line' id='line_1_37' title="bbox 318 1992 1585 2066; baseline -0.002 -16"><span class='ocrx_word' id='word_1_279' title='bbox 318 1997 492 2049; x_wconf 79' lang='grc' dir='ltr'>πόθεν</span> <span class='ocrx_word' id='word_1_280' title='bbox 517 1992 608 2050; x_wconf 81' lang='grc' dir='ltr'><strong>οῦν</strong></span> <span class='ocrx_word' id='word_1_281' title='bbox 637 1998 670 2066; x_wconf 87' lang='grc' dir='ltr'><strong>ή</strong></span> <span class='ocrx_word' id='word_1_282' title='bbox 704 1993 942 2065; x_wconf 83' lang='grc' dir='ltr'><strong>τοσαύτη</strong></span> <span class='ocrx_word' id='word_1_283' title='bbox 969 1993 1062 2048; x_wconf 90' lang='grc' dir='ltr'><strong>τοῦ</strong></span> <span class='ocrx_word' id='word_1_284' title='bbox 1086 1992 1226 2060; x_wconf 80' lang='grc' dir='ltr'>ζώου</span> <span class='ocrx_word' id='word_1_285' title='bbox 1255 1994 1544 2056; x_wconf 82' lang='grc' dir='ltr'>διάπλασις</span> <span class='ocrx_word' id='word_1_286' title='bbox 1570 2013 1585 2059; x_wconf 90' lang='grc'><strong>;</strong></span> 
     </span>
    </p>
   </div>
   <div class='ocr_carea' id='block_1_38' title="bbox 1991 2004 3564 2077">
    <p class='ocr_par' dir='ltr' id='par_1_38' title="bbox 1991 2004 3564 2077">
     <span class='ocr_line' id='line_1_38' title="bbox 1991 2004 3564 2077; baseline 0.004 -22"><span class='ocrx_word' id='word_1_287' title='bbox 1991 2015 2191 2072; x_wconf 76' lang='lat' dir='ltr'><strong>genera</strong></span> <span class='ocrx_word' id='word_1_288' title='bbox 2228 2004 2482 2070; x_wconf 87' lang='lat' dir='ltr'><strong>producta</strong></span> <span class='ocrx_word' id='word_1_289' title='bbox 2523 2007 2687 2060; x_wconf 83' lang='lat' dir='ltr'><strong>sunt?</strong></span> <span class='ocrx_word' id='word_1_290' title='bbox 2716 2005 3015 2072; x_wconf 86' lang='lat' dir='ltr'><strong>Quinetiam</strong></span> <span class='ocrx_word' id='word_1_291' title='bbox 3047 2009 3097 2061; x_wconf 88' lang='lat' dir='ltr'><strong>in</strong></span> <span class='ocrx_word' id='word_1_292' title='bbox 3137 2017 3316 2062; x_wconf 87' lang='lat' dir='ltr'><strong>nostro</strong></span> <span class='ocrx_word' id='word_1_293' title='bbox 3354 2024 3564 2077; x_wconf 88' lang='lat' dir='ltr'><strong>quoque</strong></span> 
     </span>
    </p>
   </div>
   <div class='ocr_carea' id='block_1_39' title="bbox 310 2081 3576 2162">
    <p class='ocr_par' dir='ltr' id='par_1_39' title="bbox 310 2081 3576 2162">
     <span class='ocr_line' id='line_1_39' title="bbox 310 2081 3576 2162; baseline 0.004 -30"><span class='ocrx_word' id='word_1_294' title='bbox 310 2084 443 2133; x_wconf 82' lang='lat' dir='ltr'><strong>ortu</strong></span> <span class='ocrx_word' id='word_1_295' title='bbox 472 2081 633 2134; x_wconf 81' lang='lat' dir='ltr'><strong>velim</strong></span> <span class='ocrx_word' id='word_1_296' title='bbox 665 2081 765 2135; x_wconf 86' lang='lat' dir='ltr'><strong>hoc</strong></span> <span class='ocrx_word' id='word_1_297' title='bbox 798 2081 1135 2137; x_wconf 91' lang='lat' dir='ltr'><strong>consideres.</strong></span> <span class='ocrx_word' id='word_1_298' title='bbox 1161 2082 1245 2135; x_wconf 84' lang='lat' dir='ltr'><strong>An</strong></span> <span class='ocrx_word' id='word_1_299' title='bbox 1276 2098 1385 2137; x_wconf 90' lang='lat' dir='ltr'><strong>non</strong></span> <span class='ocrx_word' id='word_1_300' title='bbox 1413 2083 1559 2138; x_wconf 91' lang='lat' dir='ltr'><strong>enim</strong></span> <span class='ocrx_word' id='word_1_301' title='bbox 1592 2084 1947 2154; x_wconf 82' lang='lat' dir='ltr'><strong>perexiguum</strong></span> <span class='ocrx_word' id='word_1_302' title='bbox 1978 2100 2161 2141; x_wconf 88' lang='lat' dir='ltr'><strong>semen</strong></span> <span class='ocrx_word' id='word_1_303' title='bbox 2192 2090 2248 2142; x_wconf 93' lang='lat' dir='ltr'><strong>in</strong></span> <span class='ocrx_word' id='word_1_304' title='bbox 2279 2096 2503 2153; x_wconf 88' lang='lat' dir='ltr'><strong>terram,</strong></span> <span class='ocrx_word' id='word_1_305' title='bbox 2535 2091 2638 2143; x_wconf 87' lang='lat' dir='ltr'><strong>hoc</strong></span> <span class='ocrx_word' id='word_1_306' title='bbox 2662 2101 2746 2144; x_wconf 84' lang='lat' dir='ltr'><strong>est</strong></span> <span class='ocrx_word' id='word_1_307' title='bbox 2771 2092 2825 2145; x_wconf 89' lang='lat' dir='ltr'><strong>in</strong></span> <span class='ocrx_word' id='word_1_308' title='bbox 2854 2093 3067 2146; x_wconf 84' lang='lat' dir='ltr'><strong>vulvam</strong></span> <span class='ocrx_word' id='word_1_309' title='bbox 3098 2093 3272 2161; x_wconf 88' lang='lat' dir='ltr'><strong>ipsum</strong></span> <span class='ocrx_word' id='word_1_310' title='bbox 3296 2093 3576 2162; x_wconf 78' lang='lat' dir='ltr'><strong>excipien-</strong></span> 
     </span>
    </p>
   </div>
   <div class='ocr_carea' id='block_1_40' title="bbox 316 2173 2035 2246">
    <p class='ocr_par' dir='ltr' id='par_1_40' title="bbox 316 2173 2035 2246">
     <span class='ocr_line' id='line_1_40' title="bbox 316 2173 2035 2246; baseline 0.005 -19"><span class='ocrx_word' id='word_1_311' title='bbox 316 2182 429 2228; x_wconf 85' lang='lat' dir='ltr'><strong>tem</strong></span> <span class='ocrx_word' id='word_1_312' title='bbox 460 2173 758 2228; x_wconf 84' lang='lat' dir='ltr'><strong>emittitur?</strong></span> <span class='ocrx_word' id='word_1_313' title='bbox 794 2174 955 2230; x_wconf 89' lang='lat' dir='ltr'><strong>Unde</strong></span> <span class='ocrx_word' id='word_1_314' title='bbox 983 2175 1151 2246; x_wconf 79' lang='lat' dir='ltr'><strong>igitur</strong></span> <span class='ocrx_word' id='word_1_315' title='bbox 1175 2176 1290 2232; x_wconf 75' lang='lat' dir='ltr'><strong>hzec</strong></span> <span class='ocrx_word' id='word_1_316' title='bbox 1318 2186 1466 2233; x_wconf 87' lang='lat' dir='ltr'><strong>tanta</strong></span> <span class='ocrx_word' id='word_1_317' title='bbox 1495 2177 1751 2233; x_wconf 87' lang='lat' dir='ltr'><strong>animalis</strong></span> <span class='ocrx_word' id='word_1_318' title='bbox 1777 2176 2035 2235; x_wconf 67' lang='lat' dir='ltr'><strong>effectio?</strong></span> 
     </span>
    </p>
   </div>
   <div class='ocr_carea' id='block_1_41' title="bbox 386 2258 1895 2335">
    <p class='ocr_par' dir='ltr' id='par_1_41' title="bbox 386 2258 1895 2335">
     <span class='ocr_line' id='line_1_41' title="bbox 386 2258 1895 2335; baseline -0.005 -16"><span class='ocrx_word' id='word_1_319' title='bbox 386 2264 481 2335; x_wconf 86' lang='grc' dir='ltr'><strong>Τῷ</strong></span> <span class='ocrx_word' id='word_1_320' title='bbox 505 2259 599 2319; x_wconf 83' lang='grc' dir='ltr'><strong>οὖν</strong></span> <span class='ocrx_word' id='word_1_321' title='bbox 622 2262 797 2317; x_wconf 89' lang='grc' dir='ltr'>ταῦτα</span> <span class='ocrx_word' id='word_1_322' title='bbox 826 2263 1006 2317; x_wconf 79' lang='grc' dir='ltr'>πάντα</span> <span class='ocrx_word' id='word_1_323' title='bbox 1025 2260 1496 2331; x_wconf 83' lang='grc' dir='ltr'>δημιουργήσαντι</span> <span class='ocrx_word' id='word_1_324' title='bbox 1524 2260 1586 2310; x_wconf 61' lang='grc' dir='ltr'>ἐκ</span> <span class='ocrx_word' id='word_1_325' title='bbox 1619 2258 1694 2331; x_wconf 83' lang='grc' dir='ltr'><strong>μὴ</strong></span> <span class='ocrx_word' id='word_1_326' title='bbox 1724 2258 1895 2313; x_wconf 81' lang='grc' dir='ltr'>ὄντων</span> 
     </span>
    </p>
   </div>
   <div class='ocr_carea' id='block_1_42' title="bbox 313 2349 1896 2428">
    <p class='ocr_par' dir='ltr' id='par_1_42' title="bbox 313 2349 1896 2428">
     <span class='ocr_line' id='line_1_42' title="bbox 313 2349 1896 2428; baseline -0.008 -14"><span class='ocrx_word' id='word_1_327' title='bbox 313 2360 417 2415; x_wconf 72' lang='grc' dir='ltr'>καὶ</span> <span class='ocrx_word' id='word_1_328' title='bbox 437 2358 520 2413; x_wconf 72' lang='grc' dir='ltr'>ἐτι</span> <span class='ocrx_word' id='word_1_329' title='bbox 552 2354 971 2428; x_wconf 79' lang='grc' dir='ltr'>δημιουργοῦντι</span> <span class='ocrx_word' id='word_1_330' title='bbox 999 2354 1098 2407; x_wconf 79' lang='grc' dir='ltr'><strong>οὐκ</strong></span> <span class='ocrx_word' id='word_1_331' title='bbox 1135 2352 1395 2406; x_wconf 85' lang='grc' dir='ltr'>ἀδύνατον</span> <span class='ocrx_word' id='word_1_332' title='bbox 1421 2351 1485 2403; x_wconf 86' lang='grc' dir='ltr'>ὲκ</span> <span class='ocrx_word' id='word_1_333' title='bbox 1513 2349 1618 2419; x_wconf 79' lang='grc' dir='ltr'>γῆς</span> <span class='ocrx_word' id='word_1_334' title='bbox 1643 2349 1716 2403; x_wconf 85' lang='grc' dir='ltr'>τὰ</span> <span class='ocrx_word' id='word_1_335' title='bbox 1745 2367 1896 2403; x_wconf 90' lang='grc' dir='ltr'>νενε-</span> 
     </span>
    </p>
   </div>
   <div class='ocr_carea' id='block_1_43' title="bbox 314 2442 1899 2523">
    <p class='ocr_par' dir='ltr' id='par_1_43' title="bbox 314 2442 1899 2523">
     <span class='ocr_line' id='line_1_43' title="bbox 314 2442 1899 2523; baseline -0.006 -18"><span class='ocrx_word' id='word_1_336' title='bbox 314 2450 585 2523; x_wconf 86' lang='grc' dir='ltr'>κρωμένα</span> <span class='ocrx_word' id='word_1_337' title='bbox 626 2450 721 2504; x_wconf 72' lang='grc' dir='ltr'><strong>καὶ</strong></span> <span class='ocrx_word' id='word_1_338' title='bbox 753 2446 1128 2518; x_wconf 77' lang='grc' dir='ltr'>διαφθαρέντα</span> <span class='ocrx_word' id='word_1_339' title='bbox 1168 2443 1399 2514; x_wconf 86' lang='grc' dir='ltr'>σώματα</span> <span class='ocrx_word' id='word_1_340' title='bbox 1437 2443 1762 2511; x_wconf 86' lang='grc' dir='ltr'>ἀναστῆσαι,</span> <span class='ocrx_word' id='word_1_341' title='bbox 1812 2442 1899 2495; x_wconf 82' lang='grc' dir='ltr'><strong>ἵνα</strong></span> 
     </span>
    </p>
   </div>
   <div class='ocr_carea' id='block_1_44' title="bbox 314 2533 1903 2612">
    <p class='ocr_par' dir='ltr' id='par_1_44' title="bbox 314 2533 1903 2612">
     <span class='ocr_line' id='line_1_44' title="bbox 314 2533 1903 2612; baseline -0.006 -13"><span class='ocrx_word' id='word_1_342' title='bbox 314 2548 553 2607; x_wconf 70' lang='grc' dir='ltr'>ἕκαστος</span> <span class='ocrx_word' id='word_1_343' title='bbox 600 2540 849 2612; x_wconf 80' lang='grc' dir='ltr'>ἀπολάϐῃ</span> <span class='ocrx_word' id='word_1_344' title='bbox 897 2538 1041 2592; x_wconf 87' lang='grc' dir='ltr'>κατὰ</span> <span class='ocrx_word' id='word_1_345' title='bbox 1072 2537 1143 2590; x_wconf 84' lang='grc' dir='ltr'>τὰ</span> <span class='ocrx_word' id='word_1_346' title='bbox 1178 2535 1317 2607; x_wconf 76' lang='grc' dir='ltr'>ἔργα</span> <span class='ocrx_word' id='word_1_347' title='bbox 1360 2533 1562 2588; x_wconf 81' lang='grc' dir='ltr'><strong>αὐτοῦ⁹</strong></span> <span class='ocrx_word' id='word_1_348' title='bbox 1606 2534 1903 2606; x_wconf 86' lang='grc' dir='ltr'>Ἐργασίας</span> 
     </span>
    </p>
   </div>
   <div class='ocr_carea' id='block_1_45' title="bbox 317 2626 1903 2710">
    <p class='ocr_par' dir='ltr' id='par_1_45' title="bbox 317 2626 1903 2710">
     <span class='ocr_line' id='line_1_45' title="bbox 317 2626 1903 2710; baseline -0.009 -18"><span class='ocrx_word' id='word_1_349' title='bbox 317 2640 454 2710; x_wconf 75' lang='grc' dir='ltr'>γάρ,</span> <span class='ocrx_word' id='word_1_350' title='bbox 484 2635 671 2707; x_wconf 77' lang='grc' dir='ltr'>φησὶν,</span> <span class='ocrx_word' id='word_1_351' title='bbox 701 2634 812 2703; x_wconf 89' lang='grc'><strong>(69)</strong></span> <span class='ocrx_word' id='word_1_352' title='bbox 834 2634 861 2686; x_wconf 89' lang='lat'><strong>6</strong></span> <span class='ocrx_word' id='word_1_353' title='bbox 882 2631 1075 2702; x_wconf 86' lang='grc' dir='ltr'>παρὼν</span> <span class='ocrx_word' id='word_1_354' title='bbox 1110 2629 1325 2701; x_wconf 81' lang='grc' dir='ltr'>καιρὸς,</span> <span class='ocrx_word' id='word_1_355' title='bbox 1356 2631 1383 2682; x_wconf 89' lang='grc' dir='ltr'>ὁ</span> <span class='ocrx_word' id='word_1_356' title='bbox 1406 2627 1463 2680; x_wconf 85' lang='grc' dir='ltr'>δὲ</span> <span class='ocrx_word' id='word_1_357' title='bbox 1531 2626 1748 2697; x_wconf 83' lang='grc' dir='ltr'>μέλλων</span> <span class='ocrx_word' id='word_1_358' title='bbox 1777 2627 1903 2680; x_wconf 86' lang='grc' dir='ltr'>άντ-</span> 
     </span>
    </p>
   </div>
   <div class='ocr_carea' id='block_1_46' title="bbox 318 2716 1900 2792">
    <p class='ocr_par' dir='ltr' id='par_1_46' title="bbox 318 2716 1900 2792">
     <span class='ocr_line' id='line_1_46' title="bbox 318 2716 1900 2792; baseline -0.009 -7"><span class='ocrx_word' id='word_1_359' title='bbox 318 2730 653 2792; x_wconf 84' lang='grc' dir='ltr'>αποδόσεως.</span> <span class='ocrx_word' id='word_1_360' title='bbox 672 2726 824 2779; x_wconf 72' lang='grc' dir='ltr'>Ἐπεὶ</span> <span class='ocrx_word' id='word_1_361' title='bbox 850 2726 953 2779; x_wconf 87' lang='grc' dir='ltr'><strong>ποῦ</strong></span> <span class='ocrx_word' id='word_1_362' title='bbox 981 2726 1043 2777; x_wconf 78' lang='grc' dir='ltr'>τὸ</span> <span class='ocrx_word' id='word_1_363' title='bbox 1061 2721 1268 2776; x_wconf 84' lang='grc' dir='ltr'>δίκαιον</span> <span class='ocrx_word' id='word_1_364' title='bbox 1288 2720 1385 2774; x_wconf 85' lang='grc' dir='ltr'><strong>τοῦ</strong></span> <span class='ocrx_word' id='word_1_365' title='bbox 1406 2718 1564 2783; x_wconf 87' lang='grc' dir='ltr'>Θεοῦ,</span> <span class='ocrx_word' id='word_1_366' title='bbox 1587 2720 1636 2772; x_wconf 85' lang='grc' dir='ltr'><strong>εί</strong></span> <span class='ocrx_word' id='word_1_367' title='bbox 1667 2717 1741 2788; x_wconf 79' lang='grc' dir='ltr'>μὴ</span> <span class='ocrx_word' id='word_1_368' title='bbox 1766 2716 1900 2771; x_wconf 83' lang='grc' dir='ltr'>ἀνά-</span> 
     </span>
    </p>
   </div>
   <div class='ocr_carea' id='block_1_47' title="bbox 326 2809 1903 2891">
    <p class='ocr_par' dir='ltr' id='par_1_47' title="bbox 326 2809 1903 2891">
     <span class='ocr_line' id='line_1_47' title="bbox 326 2809 1903 2891; baseline -0.008 -15"><span class='ocrx_word' id='word_1_369' title='bbox 326 2838 522 2885; x_wconf 83' lang='grc' dir='ltr'>στασις</span> <span class='ocrx_word' id='word_1_370' title='bbox 549 2816 655 2891; x_wconf 78' lang='grc' dir='ltr'>ἦνς</span> <span class='ocrx_word' id='word_1_371' title='bbox 686 2818 871 2871; x_wconf 73' lang='grc' dir='ltr'>πολλοὶ</span> <span class='ocrx_word' id='word_1_372' title='bbox 910 2816 1047 2887; x_wconf 85' lang='grc' dir='ltr'>γὰρ,</span> <span class='ocrx_word' id='word_1_373' title='bbox 1087 2814 1286 2868; x_wconf 88' lang='grc' dir='ltr'>δίκαιοι</span> <span class='ocrx_word' id='word_1_374' title='bbox 1311 2814 1486 2877; x_wconf 75' lang='grc' dir='ltr'>ὄντες,</span> <span class='ocrx_word' id='word_1_375' title='bbox 1515 2812 1688 2866; x_wconf 80' lang='grc' dir='ltr'>πολλὰ</span> <span class='ocrx_word' id='word_1_376' title='bbox 1716 2815 1773 2865; x_wconf 80' lang='grc' dir='ltr'>ὲν</span> <span class='ocrx_word' id='word_1_377' title='bbox 1823 2809 1903 2882; x_wconf 83' lang='grc' dir='ltr'><strong>τῷ</strong></span> 
     </span>
    </p>
   </div>
   <div class='ocr_carea' id='block_1_48' title="bbox 322 2901 1905 2987">
    <p class='ocr_par' dir='ltr' id='par_1_48' title="bbox 322 2901 1905 2987">
     <span class='ocr_line' id='line_1_48' title="bbox 322 2901 1905 2987; baseline -0.009 -18"><span class='ocrx_word' id='word_1_378' title='bbox 322 2914 559 2987; x_wconf 80' lang='grc' dir='ltr'>παρόντι</span> <span class='ocrx_word' id='word_1_379' title='bbox 584 2912 683 2983; x_wconf 78' lang='grc' dir='ltr'><strong>βίῳ</strong></span> <span class='ocrx_word' id='word_1_380' title='bbox 704 2908 1141 2981; x_wconf 87' lang='grc' dir='ltr'>κακουχηθέντες</span> <span class='ocrx_word' id='word_1_381' title='bbox 1173 2907 1267 2960; x_wconf 73' lang='grc' dir='ltr'>καὶ</span> <span class='ocrx_word' id='word_1_382' title='bbox 1290 2904 1696 2977; x_wconf 76' lang='grc' dir='ltr'>τιμωρηθέντες</span> <span class='ocrx_word' id='word_1_383' title='bbox 1715 2901 1905 2973; x_wconf 84' lang='grc' dir='ltr'>βιαίως</span> 
     </span>
    </p>
   </div>
   <div class='ocr_carea' id='block_1_49' title="bbox 321 2995 1905 3078">
    <p class='ocr_par' dir='ltr' id='par_1_49' title="bbox 321 2995 1905 3078">
     <span class='ocr_line' id='line_1_49' title="bbox 321 2995 1905 3078; baseline -0.009 -18"><span class='ocrx_word' id='word_1_384' title='bbox 321 3005 676 3078; x_wconf 80' lang='grc' dir='ltr'>ἀνῃρέθησαν</span> <span class='ocrx_word' id='word_1_385' title='bbox 695 3019 709 3035; x_wconf 88' lang='grc'><strong>·</strong></span> <span class='ocrx_word' id='word_1_386' title='bbox 743 3002 875 3056; x_wconf 78' lang='grc' dir='ltr'>ἔνιοι</span> <span class='ocrx_word' id='word_1_387' title='bbox 899 3001 975 3067; x_wconf 83' lang='grc' dir='ltr'><strong>δὲ,</strong></span> <span class='ocrx_word' id='word_1_388' title='bbox 1016 2998 1234 3061; x_wconf 75' lang='grc' dir='ltr'>ἀσεϐεῖς</span> <span class='ocrx_word' id='word_1_389' title='bbox 1259 2997 1414 3060; x_wconf 76' lang='grc' dir='ltr'>ὄντες</span> <span class='ocrx_word' id='word_1_390' title='bbox 1455 2997 1549 3050; x_wconf 70' lang='grc' dir='ltr'><strong>καὶ</strong></span> <span class='ocrx_word' id='word_1_391' title='bbox 1574 2995 1905 3066; x_wconf 85' lang='grc' dir='ltr'>παράνομοι,</span> 
     </span>
    </p>
   </div>
   <div class='ocr_carea' id='block_1_50' title="bbox 320 3082 1911 3168">
    <p class='ocr_par' dir='ltr' id='par_1_50' title="bbox 320 3082 1911 3168">
     <span class='ocr_line' id='line_1_50' title="bbox 320 3082 1911 3168; baseline -0.01 -17"><span class='ocrx_word' id='word_1_392' title='bbox 320 3102 386 3150; x_wconf 81' lang='grc' dir='ltr'><strong>ἐν</strong></span> <span class='ocrx_word' id='word_1_393' title='bbox 418 3098 599 3168; x_wconf 83' lang='grc' dir='ltr'>τρυφῇ</span> <span class='ocrx_word' id='word_1_394' title='bbox 641 3093 737 3148; x_wconf 71' lang='grc' dir='ltr'>καὶ</span> <span class='ocrx_word' id='word_1_395' title='bbox 778 3091 1048 3164; x_wconf 78' lang='grc' dir='ltr'>εὐημερίᾳ</span> <span class='ocrx_word' id='word_1_396' title='bbox 1075 3089 1174 3160; x_wconf 84' lang='grc' dir='ltr'>τὴν</span> <span class='ocrx_word' id='word_1_397' title='bbox 1202 3087 1491 3159; x_wconf 87' lang='grc' dir='ltr'>παροῦσαν</span> <span class='ocrx_word' id='word_1_398' title='bbox 1520 3084 1667 3156; x_wconf 80' lang='grc' dir='ltr'>ζωὴν</span> <span class='ocrx_word' id='word_1_399' title='bbox 1696 3082 1911 3155; x_wconf 84' lang='grc' dir='ltr'>ἀνήλω-</span> 
     </span>
    </p>
   </div>
   <div class='ocr_carea' id='block_1_51' title="bbox 2069 2260 3560 2333">
    <p class='ocr_par' dir='ltr' id='par_1_51' title="bbox 2069 2260 3560 2333">
     <span class='ocr_line' id='line_1_51' title="bbox 2069 2260 3560 2333; baseline 0 -16"><span class='ocrx_word' id='word_1_400' title='bbox 2069 2262 2427 2329; x_wconf 86' lang='lat' dir='ltr'><strong>Quamohrem</strong></span> <span class='ocrx_word' id='word_1_401' title='bbox 2480 2263 2529 2318; x_wconf 91' lang='lat' dir='ltr'><strong>ei</strong></span> <span class='ocrx_word' id='word_1_402' title='bbox 2580 2260 2670 2333; x_wconf 91' lang='lat' dir='ltr'><strong>qui</strong></span> <span class='ocrx_word' id='word_1_403' title='bbox 2716 2262 2893 2317; x_wconf 88' lang='lat' dir='ltr'><strong>omnia</strong></span> <span class='ocrx_word' id='word_1_404' title='bbox 2940 2276 3009 2315; x_wconf 79' lang='lat' dir='ltr'><strong>ex</strong></span> <span class='ocrx_word' id='word_1_405' title='bbox 3059 2261 3226 2316; x_wconf 84' lang='lat' dir='ltr'><strong>nihilo</strong></span> <span class='ocrx_word' id='word_1_406' title='bbox 3271 2261 3560 2330; x_wconf 83' lang='lat' dir='ltr'><strong>produxit.</strong></span> 
     </span>
    </p>
   </div>
   <div class='ocr_carea' id='block_1_52' title="bbox 1996 2351 3562 2423">
    <p class='ocr_par' dir='ltr' id='par_1_52' title="bbox 1996 2351 3562 2423">
     <span class='ocr_line' id='line_1_52' title="bbox 1996 2351 3562 2423; baseline 0 -15"><span class='ocrx_word' id='word_1_407' title='bbox 1996 2363 2155 2423; x_wconf 91' lang='lat' dir='ltr'><strong>atque</strong></span> <span class='ocrx_word' id='word_1_408' title='bbox 2188 2354 2480 2408; x_wconf 88' lang='lat' dir='ltr'><strong>etiamnum</strong></span> <span class='ocrx_word' id='word_1_409' title='bbox 2521 2353 2795 2423; x_wconf 85' lang='lat' dir='ltr'><strong>producit,</strong></span> <span class='ocrx_word' id='word_1_410' title='bbox 2844 2351 3063 2406; x_wconf 91' lang='lat' dir='ltr'><strong>minime</strong></span> <span class='ocrx_word' id='word_1_411' title='bbox 3108 2351 3430 2419; x_wconf 88' lang='lat' dir='ltr'><strong>impossibile</strong></span> <span class='ocrx_word' id='word_1_412' title='bbox 3477 2362 3562 2408; x_wconf 76' lang='lat' dir='ltr'><strong>est</strong></span> 
     </span>
    </p>
   </div>
   <div class='ocr_carea' id='block_1_53' title="bbox 1993 2444 3559 2512">
    <p class='ocr_par' dir='ltr' id='par_1_53' title="bbox 1993 2444 3559 2512">
     <span class='ocr_line' id='line_1_53' title="bbox 1993 2444 3559 2512; baseline -0.001 -15"><span class='ocrx_word' id='word_1_413' title='bbox 1993 2458 2221 2509; x_wconf 88' lang='lat' dir='ltr'><strong>corpora</strong></span> <span class='ocrx_word' id='word_1_414' title='bbox 2272 2459 2333 2498; x_wconf 88' lang='lat' dir='ltr'><strong>ea</strong></span> <span class='ocrx_word' id='word_1_415' title='bbox 2360 2458 2479 2512; x_wconf 71' lang='lat' dir='ltr'><strong>qua:</strong></span> <span class='ocrx_word' id='word_1_416' title='bbox 2504 2452 2676 2497; x_wconf 84' lang='lat' dir='ltr'><strong>morte</strong></span> <span class='ocrx_word' id='word_1_417' title='bbox 2697 2444 2931 2497; x_wconf 80' lang='lat' dir='ltr'><strong>extincta</strong></span> <span class='ocrx_word' id='word_1_418' title='bbox 2954 2450 3112 2511; x_wconf 86' lang='lat' dir='ltr'><strong>atque</strong></span> <span class='ocrx_word' id='word_1_419' title='bbox 3145 2451 3391 2510; x_wconf 91' lang='lat' dir='ltr'><strong>corrupta</strong></span> <span class='ocrx_word' id='word_1_420' title='bbox 3414 2452 3559 2508; x_wconf 87' lang='lat' dir='ltr'><strong>sunt,</strong></span> 
     </span>
    </p>
   </div>
   <div class='ocr_carea' id='block_1_54' title="bbox 1994 2532 3562 2601">
    <p class='ocr_par' dir='ltr' id='par_1_54' title="bbox 1994 2532 3562 2601">
     <span class='ocr_line' id='line_1_54' title="bbox 1994 2532 3562 2601; baseline -0.001 -15"><span class='ocrx_word' id='word_1_421' title='bbox 1994 2547 2026 2586; x_wconf 89' lang='lat' dir='ltr'><strong>e</strong></span> <span class='ocrx_word' id='word_1_422' title='bbox 2055 2540 2201 2587; x_wconf 86' lang='lat' dir='ltr'><strong>terra</strong></span> <span class='ocrx_word' id='word_1_423' title='bbox 2229 2533 2297 2587; x_wconf 84' lang='lat' dir='ltr'><strong>ad</strong></span> <span class='ocrx_word' id='word_1_424' title='bbox 2328 2534 2489 2588; x_wconf 91' lang='lat' dir='ltr'><strong>vitam</strong></span> <span class='ocrx_word' id='word_1_425' title='bbox 2519 2548 2799 2597; x_wconf 85' lang='lat' dir='ltr'><strong>revocare,</strong></span> <span class='ocrx_word' id='word_1_426' title='bbox 2841 2541 2897 2585; x_wconf 92' lang='lat' dir='ltr'><strong>ut</strong></span> <span class='ocrx_word' id='word_1_427' title='bbox 2936 2532 3296 2601; x_wconf 83' lang='lat' dir='ltr'><strong>unusquisque</strong></span> <span class='ocrx_word' id='word_1_428' title='bbox 3338 2547 3562 2587; x_wconf 87' lang='lat' dir='ltr'><strong>consen-</strong></span> 
     </span>
    </p>
   </div>
   <div class='ocr_carea' id='block_1_55' title="bbox 1996 2623 3558 2697">
    <p class='ocr_par' dir='ltr' id='par_1_55' title="bbox 1996 2623 3558 2697">
     <span class='ocr_line' id='line_1_55' title="bbox 1996 2623 3558 2697; baseline -0.001 -16"><span class='ocrx_word' id='word_1_429' title='bbox 1996 2636 2205 2681; x_wconf 86' lang='lat' dir='ltr'><strong>taneam</strong></span> <span class='ocrx_word' id='word_1_430' title='bbox 2235 2626 2485 2697; x_wconf 83' lang='lat' dir='ltr'><strong>operibus</strong></span> <span class='ocrx_word' id='word_1_431' title='bbox 2512 2626 2619 2680; x_wconf 84' lang='lat' dir='ltr'><strong>suis</strong></span> <span class='ocrx_word' id='word_1_432' title='bbox 2646 2625 2945 2681; x_wconf 83' lang='lat' dir='ltr'><strong>mercedem</strong></span> <span class='ocrx_word' id='word_1_433' title='bbox 2977 2625 3196 2695; x_wconf 87' lang='lat' dir='ltr'><strong>recipiat</strong></span> <span class='ocrx_word' id='word_1_434' title='bbox 3236 2623 3325 2695; x_wconf 86' lang='lat' dir='ltr'><strong>(II</strong></span> <span class='ocrx_word' id='word_1_435' title='bbox 3346 2624 3463 2679; x_wconf 84' lang='lat' dir='ltr'><strong>Cor.</strong></span> <span class='ocrx_word' id='word_1_436' title='bbox 3489 2641 3558 2690; x_wconf 86' lang='lat' dir='ltr'><strong>v;</strong></span> 
     </span>
    </p>
   </div>
   <div class='ocr_carea' id='block_1_56' title="bbox 1995 2716 3563 2789">
    <p class='ocr_par' dir='ltr' id='par_1_56' title="bbox 1995 2716 3563 2789">
     <span class='ocr_line' id='line_1_56' title="bbox 1995 2716 3563 2789; baseline 0.001 -19"><span class='ocrx_word' id='word_1_437' title='bbox 1995 2716 2201 2772; x_wconf 80' lang='lat' dir='ltr'><strong>Psalm.</strong></span> <span class='ocrx_word' id='word_1_438' title='bbox 2229 2718 2369 2788; x_wconf 81' lang='lat' dir='ltr'><strong>ut).</strong></span> <span class='ocrx_word' id='word_1_439' title='bbox 2400 2718 2623 2774; x_wconf 85' lang='lat' dir='ltr'><strong>Laboris</strong></span> <span class='ocrx_word' id='word_1_440' title='bbox 2651 2718 2793 2772; x_wconf 88' lang='lat' dir='ltr'><strong>enim</strong></span> <span class='ocrx_word' id='word_1_441' title='bbox 2824 2726 2938 2783; x_wconf 87' lang='lat' dir='ltr'><strong>est,</strong></span> <span class='ocrx_word' id='word_1_442' title='bbox 2970 2718 3137 2787; x_wconf 87' lang='lat' dir='ltr'><strong>inquit</strong></span> <span class='ocrx_word' id='word_1_443' title='bbox 3172 2718 3294 2785; x_wconf 87' lang='lat' dir='ltr'><strong>ille,</strong></span> <span class='ocrx_word' id='word_1_444' title='bbox 3327 2730 3563 2789; x_wconf 64' lang='lat' dir='ltr'><strong>prmseqs</strong></span> 
     </span>
    </p>
   </div>
   <div class='ocr_carea' id='block_1_57' title="bbox 1997 2810 3558 2882">
    <p class='ocr_par' dir='ltr' id='par_1_57' title="bbox 1997 2810 3558 2882">
     <span class='ocr_line' id='line_1_57' title="bbox 1997 2810 3558 2882; baseline -0.001 -17"><span class='ocrx_word' id='word_1_445' title='bbox 1997 2820 2242 2882; x_wconf 87' lang='lat' dir='ltr'><strong>tempus;</strong></span> <span class='ocrx_word' id='word_1_446' title='bbox 2271 2812 2505 2867; x_wconf 80' lang='lat' dir='ltr'><strong>futurum</strong></span> <span class='ocrx_word' id='word_1_447' title='bbox 2529 2821 2705 2866; x_wconf 90' lang='lat' dir='ltr'><strong>autem</strong></span> <span class='ocrx_word' id='word_1_448' title='bbox 2724 2851 2739 2875; x_wconf 89' lang='lat'><strong>,</strong></span> <span class='ocrx_word' id='word_1_449' title='bbox 2767 2811 3047 2865; x_wconf 90' lang='lat' dir='ltr'><strong>mercedis.</strong></span> <span class='ocrx_word' id='word_1_450' title='bbox 3074 2810 3315 2878; x_wconf 80' lang='lat' dir='ltr'><strong>Alioqui,</strong></span> <span class='ocrx_word' id='word_1_451' title='bbox 3348 2810 3558 2864; x_wconf 82' lang='lat' dir='ltr'><strong>ubinam</strong></span> 
     </span>
    </p>
   </div>
   <div class='ocr_carea' id='block_1_58' title="bbox 1995 2901 3561 2975">
    <p class='ocr_par' dir='ltr' id='par_1_58' title="bbox 1995 2901 3561 2975">
     <span class='ocr_line' id='line_1_58' title="bbox 1995 2901 3561 2975; baseline -0.004 -11"><span class='ocrx_word' id='word_1_452' title='bbox 1995 2908 2091 2963; x_wconf 90' lang='lat' dir='ltr'><strong>Dei</strong></span> <span class='ocrx_word' id='word_1_453' title='bbox 2112 2906 2317 2975; x_wconf 83' lang='lat' dir='ltr'><strong>justitia</strong></span> <span class='ocrx_word' id='word_1_454' title='bbox 2342 2906 2443 2960; x_wconf 90' lang='lat' dir='ltr'><strong>erit</strong></span> <span class='ocrx_word' id='word_1_455' title='bbox 2465 2945 2480 2970; x_wconf 94' lang='lat'><strong>,</strong></span> <span class='ocrx_word' id='word_1_456' title='bbox 2507 2905 2613 2960; x_wconf 86' lang='lat' dir='ltr'><strong>nisi</strong></span> <span class='ocrx_word' id='word_1_457' title='bbox 2638 2905 2710 2958; x_wconf 88' lang='lat' dir='ltr'><strong>sit</strong></span> <span class='ocrx_word' id='word_1_458' title='bbox 2734 2903 3085 2958; x_wconf 79' lang='lat' dir='ltr'><strong>resurrectio?</strong></span> <span class='ocrx_word' id='word_1_459' title='bbox 3114 2901 3381 2970; x_wconf 84' lang='lat' dir='ltr'><strong>Siquidcm</strong></span> <span class='ocrx_word' id='word_1_460' title='bbox 3408 2902 3561 2957; x_wconf 88' lang='lat' dir='ltr'><strong>multi</strong></span> 
     </span>
    </p>
   </div>
   <div class='ocr_carea' id='block_1_59' title="bbox 2000 2992 3564 3068">
    <p class='ocr_par' dir='ltr' id='par_1_59' title="bbox 2000 2992 3564 3068">
     <span class='ocr_line' id='line_1_59' title="bbox 2000 2992 3564 3068; baseline -0.004 -17"><span class='ocrx_word' id='word_1_461' title='bbox 2000 2997 2152 3068; x_wconf 79' lang='lat' dir='ltr'><strong>probi</strong></span> <span class='ocrx_word' id='word_1_462' title='bbox 2193 2995 2326 3057; x_wconf 84' lang='lat' dir='ltr'><strong>viri.</strong></span> <span class='ocrx_word' id='word_1_463' title='bbox 2370 3010 2488 3048; x_wconf 88' lang='lat' dir='ltr'><strong>cum</strong></span> <span class='ocrx_word' id='word_1_464' title='bbox 2538 2994 2591 3048; x_wconf 92' lang='lat' dir='ltr'><strong>in</strong></span> <span class='ocrx_word' id='word_1_465' title='bbox 2642 2994 2740 3048; x_wconf 91' lang='lat' dir='ltr'><strong>hac</strong></span> <span class='ocrx_word' id='word_1_466' title='bbox 2778 2995 2883 3046; x_wconf 81' lang='lat' dir='ltr'><strong>vita</strong></span> <span class='ocrx_word' id='word_1_467' title='bbox 2924 2992 3117 3045; x_wconf 88' lang='lat' dir='ltr'><strong>multas</strong></span> <span class='ocrx_word' id='word_1_468' title='bbox 3145 2992 3475 3045; x_wconf 85' lang='lat' dir='ltr'><strong>calamitates</strong></span> <span class='ocrx_word' id='word_1_469' title='bbox 3500 3005 3564 3045; x_wconf 89' lang='lat' dir='ltr'><strong>ac</strong></span> 
     </span>
    </p>
   </div>
   <div class='ocr_carea' id='block_1_60' title="bbox 2002 3080 3565 3155">
    <p class='ocr_par' dir='ltr' id='par_1_60' title="bbox 2002 3080 3565 3155">
     <span class='ocr_line' id='line_1_60' title="bbox 2002 3080 3565 3155; baseline -0.003 -16"><span class='ocrx_word' id='word_1_470' title='bbox 2002 3087 2169 3141; x_wconf 86' lang='lat' dir='ltr'><strong>multa</strong></span> <span class='ocrx_word' id='word_1_471' title='bbox 2201 3086 2455 3155; x_wconf 84' lang='lat' dir='ltr'><strong>supplicia</strong></span> <span class='ocrx_word' id='word_1_472' title='bbox 2488 3086 2770 3150; x_wconf 83' lang='lat' dir='ltr'><strong>tulissent,</strong></span> <span class='ocrx_word' id='word_1_473' title='bbox 2804 3098 2899 3151; x_wconf 86' lang='lat' dir='ltr'><strong>per</strong></span> <span class='ocrx_word' id='word_1_474' title='bbox 2926 3082 3029 3135; x_wconf 85' lang='lat' dir='ltr'><strong>vim</strong></span> <span class='ocrx_word' id='word_1_475' title='bbox 3062 3081 3270 3135; x_wconf 84' lang='lat' dir='ltr'><strong>tandem</strong></span> <span class='ocrx_word' id='word_1_476' title='bbox 3298 3081 3363 3134; x_wconf 83' lang='lat' dir='ltr'><strong>de</strong></span> <span class='ocrx_word' id='word_1_477' title='bbox 3389 3080 3565 3135; x_wconf 85' lang='lat' dir='ltr'><strong>medio</strong></span> 
     </span>
    </p>
   </div>
   <div class='ocr_carea' id='block_1_61' title="bbox 326 3169 1908 3255">
    <p class='ocr_par' dir='ltr' id='par_1_61' title="bbox 326 3174 1905 3251">
     <span class='ocr_line' id='line_1_61' title="bbox 326 3174 1905 3251; baseline -0.01 -10"><span class='ocrx_word' id='word_1_478' title='bbox 326 3204 467 3241; x_wconf 89' lang='grc' dir='ltr'>σαν·</span> <span class='ocrx_word' id='word_1_479' title='bbox 516 3188 544 3238; x_wconf 97' lang='lat'><strong>6</strong></span> <span class='ocrx_word' id='word_1_480' title='bbox 592 3184 650 3238; x_wconf 76' lang='grc' dir='ltr'>δὲ</span> <span class='ocrx_word' id='word_1_481' title='bbox 693 3183 849 3246; x_wconf 74' lang='grc' dir='ltr'>θεὸς,</span> <span class='ocrx_word' id='word_1_482' title='bbox 900 3180 1088 3251; x_wconf 75' lang='grc' dir='ltr'>ἐπειδὴ</span> <span class='ocrx_word' id='word_1_483' title='bbox 1133 3177 1338 3247; x_wconf 84' lang='grc' dir='ltr'>ἁγαθός</span> <span class='ocrx_word' id='word_1_484' title='bbox 1388 3180 1505 3230; x_wconf 76' lang='grc' dir='ltr'>ἐστι</span> <span class='ocrx_word' id='word_1_485' title='bbox 1542 3175 1637 3229; x_wconf 75' lang='grc' dir='ltr'>καὶ</span> <span class='ocrx_word' id='word_1_486' title='bbox 1675 3174 1905 3237; x_wconf 85' lang='grc' dir='ltr'>δίκαιος,</span> 
     </span>
    </p>
   </div>
   <div class='ocr_carea' id='block_1_62' title="bbox 2001 3169 3564 3255">
    <p class='ocr_par' dir='ltr' id='par_1_62' title="bbox 2002 3169 3564 3239">
     <span class='ocr_line' id='line_1_62' title="bbox 2002 3169 3564 3239; baseline -0.004 -10"><span class='ocrx_word' id='word_1_487' title='bbox 2002 3177 2196 3231; x_wconf 91' lang='lat' dir='ltr'><strong>sublati</strong></span> <span class='ocrx_word' id='word_1_488' title='bbox 2225 3183 2368 3229; x_wconf 90' lang='lat' dir='ltr'><strong>sunt.</strong></span> <span class='ocrx_word' id='word_1_489' title='bbox 2398 3174 2645 3229; x_wconf 84' lang='lat' dir='ltr'><strong>Nonnulli</strong></span> <span class='ocrx_word' id='word_1_490' title='bbox 2671 3181 2855 3227; x_wconf 89' lang='lat' dir='ltr'><strong>contra</strong></span> <span class='ocrx_word' id='word_1_491' title='bbox 2888 3172 3032 3239; x_wconf 91' lang='lat' dir='ltr'><strong>impii</strong></span> <span class='ocrx_word' id='word_1_492' title='bbox 3063 3185 3124 3224; x_wconf 88' lang='lat' dir='ltr'><strong>ac</strong></span> <span class='ocrx_word' id='word_1_493' title='bbox 3153 3169 3430 3226; x_wconf 81' lang='lat' dir='ltr'><strong>facinorosi</strong></span> <span class='ocrx_word' id='word_1_494' title='bbox 3464 3170 3564 3223; x_wconf 87' lang='lat' dir='ltr'><strong>ho-</strong></span> 
     </span>
    </p>
   </div>
   <div class='ocr_carea' id='block_1_63' title="bbox 326 3265 1902 3349">
    <p class='ocr_par' dir='ltr' id='par_1_63' title="bbox 326 3265 1902 3349">
     <span class='ocr_line' id='line_1_63' title="bbox 326 3265 1902 3349; baseline -0.01 -17"><span class='ocrx_word' id='word_1_495' title='bbox 326 3280 531 3349; x_wconf 81' lang='grc' dir='ltr'>ὦρισεν</span> <span class='ocrx_word' id='word_1_496' title='bbox 571 3275 784 3346; x_wconf 84' lang='grc' dir='ltr'>ἡμέραν</span> <span class='ocrx_word' id='word_1_497' title='bbox 811 3272 1160 3334; x_wconf 84' lang='grc' dir='ltr'>ἀναστάσεως</span> <span class='ocrx_word' id='word_1_498' title='bbox 1205 3271 1299 3323; x_wconf 80' lang='grc' dir='ltr'><strong>καὶ</strong></span> <span class='ocrx_word' id='word_1_499' title='bbox 1332 3269 1595 3331; x_wconf 83' lang='grc' dir='ltr'>ὲτάσεως,</span> <span class='ocrx_word' id='word_1_500' title='bbox 1628 3266 1733 3332; x_wconf 77' lang='grc' dir='ltr'>ἵνα,</span> <span class='ocrx_word' id='word_1_501' title='bbox 1762 3265 1902 3318; x_wconf 88' lang='grc' dir='ltr'>ἀπο-</span> 
     </span>
    </p>
   </div>
   <div class='ocr_carea' id='block_1_64' title="bbox 330 3356 1904 3436">
    <p class='ocr_par' dir='ltr' id='par_1_64' title="bbox 330 3356 1904 3436">
     <span class='ocr_line' id='line_1_64' title="bbox 330 3356 1904 3436; baseline -0.011 -11"><span class='ocrx_word' id='word_1_502' title='bbox 330 3369 576 3426; x_wconf 74' lang='grc' dir='ltr'>λαϐοῦσα</span> <span class='ocrx_word' id='word_1_503' title='bbox 616 3368 822 3436; x_wconf 79' lang='grc' dir='ltr'>ἑκάστη</span> <span class='ocrx_word' id='word_1_504' title='bbox 870 3363 1019 3435; x_wconf 80' lang='grc' dir='ltr'><strong>ψυχὴ</strong></span> <span class='ocrx_word' id='word_1_505' title='bbox 1057 3363 1118 3416; x_wconf 81' lang='grc' dir='ltr'>τὸ</span> <span class='ocrx_word' id='word_1_506' title='bbox 1161 3362 1290 3415; x_wconf 83' lang='grc' dir='ltr'>ίδιον</span> <span class='ocrx_word' id='word_1_507' title='bbox 1320 3359 1500 3430; x_wconf 84' lang='grc' dir='ltr'>σῶμα,</span> <span class='ocrx_word' id='word_1_508' title='bbox 1529 3360 1557 3412; x_wconf 88' lang='lat'><strong>6</strong></span> <span class='ocrx_word' id='word_1_509' title='bbox 1588 3358 1688 3427; x_wconf 84' lang='grc' dir='ltr'><strong>μὲν</strong></span> <span class='ocrx_word' id='word_1_510' title='bbox 1710 3356 1904 3422; x_wconf 81' lang='grc' dir='ltr'>κακὸς,</span> 
     </span>
    </p>
   </div>
   <div class='ocr_carea' id='block_1_65' title="bbox 334 3441 1907 3527">
    <p class='ocr_par' dir='ltr' id='par_1_65' title="bbox 334 3441 1907 3527">
     <span class='ocr_line' id='line_1_65' title="bbox 334 3441 1907 3527; baseline -0.01 -11"><span class='ocrx_word' id='word_1_511' title='bbox 334 3460 566 3518; x_wconf 76' lang='grc' dir='ltr'>ἐνταῦθα</span> <span class='ocrx_word' id='word_1_512' title='bbox 616 3460 688 3513; x_wconf 69' lang='grc' dir='ltr'><strong>τὰ</strong></span> <span class='ocrx_word' id='word_1_513' title='bbox 736 3456 919 3527; x_wconf 84' lang='grc' dir='ltr'>ἁγαθά</span> <span class='ocrx_word' id='word_1_514' title='bbox 972 3452 1288 3517; x_wconf 76' lang='grc' dir='ltr'>ἀπολαϐὼν,</span> <span class='ocrx_word' id='word_1_515' title='bbox 1332 3451 1439 3522; x_wconf 79' lang='lat'><strong>65</strong></span> <span class='ocrx_word' id='word_1_516' title='bbox 1500 3452 1617 3504; x_wconf 73' lang='grc' dir='ltr'>ἐκεῖ</span> <span class='ocrx_word' id='word_1_517' title='bbox 1655 3450 1784 3521; x_wconf 75' lang='grc' dir='ltr'>περ).</span> <span class='ocrx_word' id='word_1_518' title='bbox 1828 3441 1907 3503; x_wconf 82' lang='grc' dir='ltr'>ὧν</span> 
     </span>
    </p>
   </div>
   <div class='ocr_carea' id='block_1_66' title="bbox 330 3539 1911 3624">
    <p class='ocr_par' dir='ltr' id='par_1_66' title="bbox 330 3539 1911 3624">
     <span class='ocr_line' id='line_1_66' title="bbox 330 3539 1911 3624; baseline -0.008 -19"><span class='ocrx_word' id='word_1_519' title='bbox 330 3554 550 3624; x_wconf 59' lang='grc' dir='ltr'><strong>⁴ἥμαρτε</strong></span> <span class='ocrx_word' id='word_1_520' title='bbox 588 3548 850 3619; x_wconf 82' lang='grc' dir='ltr'>κολασθῇ,</span> <span class='ocrx_word' id='word_1_521' title='bbox 876 3549 905 3601; x_wconf 87' lang='lat'><strong>6</strong></span> <span class='ocrx_word' id='word_1_522' title='bbox 948 3546 1005 3599; x_wconf 82' lang='grc' dir='ltr'>δὲ</span> <span class='ocrx_word' id='word_1_523' title='bbox 1037 3543 1262 3613; x_wconf 80' lang='grc' dir='ltr'>ἀγαθὸς,</span> <span class='ocrx_word' id='word_1_524' title='bbox 1308 3540 1541 3596; x_wconf 85' lang='grc' dir='ltr'>ἐνταῦθα</span> <span class='ocrx_word' id='word_1_525' title='bbox 1573 3539 1911 3612; x_wconf 77' lang='grc' dir='ltr'>τιμωρηθεὶς</span> 
     </span>
    </p>
   </div>
   <div class='ocr_carea' id='block_1_67' title="bbox 331 3630 1912 3714">
    <p class='ocr_par' dir='ltr' id='par_1_67' title="bbox 331 3630 1912 3714">
     <span class='ocr_line' id='line_1_67' title="bbox 331 3630 1912 3714; baseline -0.009 -17"><span class='ocrx_word' id='word_1_526' title='bbox 331 3644 469 3714; x_wconf 83' lang='grc' dir='ltr'>περὶ</span> <span class='ocrx_word' id='word_1_527' title='bbox 505 3636 580 3696; x_wconf 82' lang='grc' dir='ltr'>ὧν</span> <span class='ocrx_word' id='word_1_528' title='bbox 607 3642 877 3711; x_wconf 79' lang='grc' dir='ltr'>ἥμαρτεν,</span> <span class='ocrx_word' id='word_1_529' title='bbox 908 3638 1026 3690; x_wconf 76' lang='grc' dir='ltr'>ἐκεῖ</span> <span class='ocrx_word' id='word_1_530' title='bbox 1053 3635 1162 3689; x_wconf 83' lang='grc' dir='ltr'>τῶν</span> <span class='ocrx_word' id='word_1_531' title='bbox 1192 3633 1414 3703; x_wconf 83' lang='grc' dir='ltr'>ἀγαθῶν</span> <span class='ocrx_word' id='word_1_532' title='bbox 1444 3632 1782 3702; x_wconf 83' lang='grc' dir='ltr'>κληρονόμος</span> <span class='ocrx_word' id='word_1_533' title='bbox 1812 3630 1912 3700; x_wconf 84' lang='grc' dir='ltr'>γέ-</span> 
     </span>
    </p>
   </div>
   <div class='ocr_carea' id='block_1_68' title="bbox 328 3724 1912 3805">
    <p class='ocr_par' dir='ltr' id='par_1_68' title="bbox 328 3724 1912 3805">
     <span class='ocr_line' id='line_1_68' title="bbox 328 3724 1912 3805; baseline -0.008 -16"><span class='ocrx_word' id='word_1_534' title='bbox 328 3751 536 3805; x_wconf 77' lang='grc' dir='ltr'>νηταιο</span> <span class='ocrx_word' id='word_1_535' title='bbox 603 3731 950 3786; x_wconf 83' lang='grc' dir='ltr'>Ἀκούσονται</span> <span class='ocrx_word' id='word_1_536' title='bbox 1003 3729 1134 3797; x_wconf 85' lang='grc' dir='ltr'>γάρ,</span> <span class='ocrx_word' id='word_1_537' title='bbox 1187 3726 1350 3795; x_wconf 69' lang='grc' dir='ltr'>φησὶν</span> <span class='ocrx_word' id='word_1_538' title='bbox 1399 3724 1429 3776; x_wconf 88' lang='lat'><strong>6</strong></span> <span class='ocrx_word' id='word_1_539' title='bbox 1480 3725 1706 3792; x_wconf 81' lang='grc' dir='ltr'>Κύριος,</span> <span class='ocrx_word' id='word_1_540' title='bbox 1755 3725 1805 3776; x_wconf 79' lang='grc' dir='ltr'><strong>οἱ</strong></span> <span class='ocrx_word' id='word_1_541' title='bbox 1852 3724 1912 3776; x_wconf 84' lang='grc' dir='ltr'>ὲν</span> 
     </span>
    </p>
   </div>
   <div class='ocr_carea' id='block_1_69' title="bbox 331 3813 1915 3897">
    <p class='ocr_par' dir='ltr' id='par_1_69' title="bbox 331 3813 1915 3897">
     <span class='ocr_line' id='line_1_69' title="bbox 331 3813 1915 3897; baseline -0.009 -16"><span class='ocrx_word' id='word_1_542' title='bbox 331 3831 448 3892; x_wconf 83' lang='grc' dir='ltr'>τοῖς</span> <span class='ocrx_word' id='word_1_543' title='bbox 481 3826 769 3897; x_wconf 87' lang='grc' dir='ltr'>μνημείοις</span> <span class='ocrx_word' id='word_1_544' title='bbox 814 3824 912 3893; x_wconf 80' lang='grc' dir='ltr'>τῆς</span> <span class='ocrx_word' id='word_1_545' title='bbox 958 3821 1143 3890; x_wconf 80' lang='grc' dir='ltr'>φωνῆς</span> <span class='ocrx_word' id='word_1_546' title='bbox 1170 3818 1265 3872; x_wconf 85' lang='grc' dir='ltr'><strong>τοῦ</strong></span> <span class='ocrx_word' id='word_1_547' title='bbox 1315 3815 1451 3870; x_wconf 88' lang='grc' dir='ltr'>Υἱοῦ</span> <span class='ocrx_word' id='word_1_548' title='bbox 1484 3816 1579 3869; x_wconf 88' lang='grc' dir='ltr'><strong>τοῦ</strong></span> <span class='ocrx_word' id='word_1_549' title='bbox 1623 3813 1785 3882; x_wconf 83' lang='grc' dir='ltr'>Θεοῦ,</span> <span class='ocrx_word' id='word_1_550' title='bbox 1816 3814 1915 3868; x_wconf 70' lang='grc' dir='ltr'>καὶ</span> 
     </span>
    </p>
   </div>
   <div class='ocr_carea' id='block_1_70' title="bbox 333 3905 1915 3983">
    <p class='ocr_par' dir='ltr' id='par_1_70' title="bbox 333 3905 1915 3983">
     <span class='ocr_line' id='line_1_70' title="bbox 333 3905 1915 3983; baseline -0.008 -13"><span class='ocrx_word' id='word_1_551' title='bbox 333 3916 713 3983; x_wconf 75' lang='grc' dir='ltr'>ἐξελεύσονται</span> <span class='ocrx_word' id='word_1_552' title='bbox 746 3914 798 3967; x_wconf 81' lang='grc' dir='ltr'><strong>οί</strong></span> <span class='ocrx_word' id='word_1_553' title='bbox 826 3912 895 3966; x_wconf 85' lang='grc' dir='ltr'>τὰ</span> <span class='ocrx_word' id='word_1_554' title='bbox 925 3910 1106 3979; x_wconf 83' lang='grc' dir='ltr'>ἀγαθά</span> <span class='ocrx_word' id='word_1_555' title='bbox 1140 3908 1469 3978; x_wconf 82' lang='grc' dir='ltr'>ποιήσαντες</span> <span class='ocrx_word' id='word_1_556' title='bbox 1507 3908 1586 3969; x_wconf 81' lang='grc' dir='ltr'><strong>είς</strong></span> <span class='ocrx_word' id='word_1_557' title='bbox 1615 3905 1915 3958; x_wconf 77' lang='grc' dir='ltr'>ἀνάστασιν</span> 
     </span>
    </p>
   </div>
   <div class='ocr_carea' id='block_1_71' title="bbox 334 3995 1917 4079">
    <p class='ocr_par' dir='ltr' id='par_1_71' title="bbox 334 3995 1917 4079">
     <span class='ocr_line' id='line_1_71' title="bbox 334 3995 1917 4079; baseline -0.009 -17"><span class='ocrx_word' id='word_1_558' title='bbox 334 4009 519 4079; x_wconf 73' lang='grc' dir='ltr'>ζωῆς,</span> <span class='ocrx_word' id='word_1_559' title='bbox 558 4009 607 4060; x_wconf 74' lang='lat' dir='ltr'><strong>oi</strong></span> <span class='ocrx_word' id='word_1_560' title='bbox 635 4007 692 4060; x_wconf 76' lang='grc' dir='ltr'>δὲ</span> <span class='ocrx_word' id='word_1_561' title='bbox 722 4006 791 4058; x_wconf 88' lang='grc' dir='ltr'><strong>τά</strong></span> <span class='ocrx_word' id='word_1_562' title='bbox 821 4004 1005 4074; x_wconf 84' lang='grc' dir='ltr'>φαῦλα</span> <span class='ocrx_word' id='word_1_563' title='bbox 1037 4002 1340 4072; x_wconf 83' lang='grc' dir='ltr'>πράξαντες</span> <span class='ocrx_word' id='word_1_564' title='bbox 1372 4000 1451 4061; x_wconf 72' lang='grc' dir='ltr'>εἰς</span> <span class='ocrx_word' id='word_1_565' title='bbox 1472 4000 1767 4052; x_wconf 85' lang='grc' dir='ltr'>ἀνάστασιν</span> <span class='ocrx_word' id='word_1_566' title='bbox 1795 3995 1917 4068; x_wconf 80' lang='grc' dir='ltr'>κρί-</span> 
     </span>
    </p>
   </div>
   <div class='ocr_carea' id='block_1_72' title="bbox 339 4088 1917 4166">
    <p class='ocr_par' dir='ltr' id='par_1_72' title="bbox 339 4088 1917 4166">
     <span class='ocr_line' id='line_1_72' title="bbox 339 4088 1917 4166; baseline -0.007 -14"><span class='ocrx_word' id='word_1_567' title='bbox 339 4116 485 4162; x_wconf 84' lang='grc' dir='ltr'>σεως</span> <span class='ocrx_word' id='word_1_568' title='bbox 520 4096 656 4166; x_wconf 85' lang='grc'>(70),</span> <span class='ocrx_word' id='word_1_569' title='bbox 686 4095 849 4166; x_wconf 79' lang='grc' dir='ltr'>ἡνίκα</span> <span class='ocrx_word' id='word_1_570' title='bbox 890 4094 983 4147; x_wconf 73' lang='grc' dir='ltr'><strong>καὶ</strong></span> <span class='ocrx_word' id='word_1_571' title='bbox 1016 4092 1195 4163; x_wconf 87' lang='grc' dir='ltr'>θρόνοι</span> <span class='ocrx_word' id='word_1_572' title='bbox 1218 4092 1567 4162; x_wconf 87' lang='grc' dir='ltr'>τεθήσονται,</span> <span class='ocrx_word' id='word_1_573' title='bbox 1614 4088 1711 4143; x_wconf 75' lang='grc' dir='ltr'>καὶ</span> <span class='ocrx_word' id='word_1_574' title='bbox 1748 4089 1777 4141; x_wconf 88' lang='lat'><strong>6</strong></span> <span class='ocrx_word' id='word_1_575' title='bbox 1802 4089 1917 4141; x_wconf 82' lang='lat' dir='ltr'><strong>Ila.-</strong></span> 
     </span>
    </p>
   </div>
   <div class='ocr_carea' id='block_1_73' title="bbox 338 4180 1918 4259">
    <p class='ocr_par' dir='ltr' id='par_1_73' title="bbox 338 4180 1918 4259">
     <span class='ocr_line' id='line_1_73' title="bbox 338 4180 1918 4259; baseline -0.006 -16"><span class='ocrx_word' id='word_1_576' title='bbox 338 4190 498 4252; x_wconf 83' lang='grc' dir='ltr'>λαιὸς</span> <span class='ocrx_word' id='word_1_577' title='bbox 538 4188 646 4242; x_wconf 84' lang='grc' dir='ltr'><strong>τῶν</strong></span> <span class='ocrx_word' id='word_1_578' title='bbox 672 4187 894 4259; x_wconf 85' lang='grc' dir='ltr'>ἡμερῶν</span> <span class='ocrx_word' id='word_1_579' title='bbox 932 4185 1027 4239; x_wconf 71' lang='grc' dir='ltr'>καὶ</span> <span class='ocrx_word' id='word_1_580' title='bbox 1057 4185 1272 4239; x_wconf 83' lang='grc' dir='ltr'>πάντων</span> <span class='ocrx_word' id='word_1_581' title='bbox 1306 4182 1647 4254; x_wconf 72' lang='grc' dir='ltr'>Δημιουργδτ,</span> <span class='ocrx_word' id='word_1_582' title='bbox 1675 4180 1918 4251; x_wconf 85' lang='grc' dir='ltr'>προκαθ-</span> 
     </span>
    </p>
   </div>
   <div class='ocr_carea' id='block_1_74' title="bbox 1529 4270 1920 4342">
    <p class='ocr_par' dir='ltr' id='par_1_74' title="bbox 1529 4270 1920 4342">
     <span class='ocr_line' id='line_1_74' title="bbox 1529 4270 1920 4342; baseline 0.003 -18"><span class='ocrx_word' id='word_1_583' title='bbox 1529 4270 1641 4342; x_wconf 75' lang='grc'>(72)</span> <span class='ocrx_word' id='word_1_584' title='bbox 1698 4270 1920 4325; x_wconf 86' lang='grc' dir='ltr'>πάντων</span> 
     </span>
    </p>
   </div>
   <div class='ocr_carea' id='block_1_75' title="bbox 344 4274 1450 4350">
    <p class='ocr_par' dir='ltr' id='par_1_75' title="bbox 344 4274 1450 4350">
     <span class='ocr_line' id='line_1_75' title="bbox 344 4274 1450 4350; baseline -0.007 -17"><span class='ocrx_word' id='word_1_585' title='bbox 344 4280 455 4333; x_wconf 81' lang='grc' dir='ltr'>ίσει</span> <span class='ocrx_word' id='word_1_586' title='bbox 507 4278 643 4350; x_wconf 82' lang='grc'>(71),</span> <span class='ocrx_word' id='word_1_587' title='bbox 699 4278 793 4331; x_wconf 75' lang='grc' dir='ltr'><strong>καὶ</strong></span> <span class='ocrx_word' id='word_1_588' title='bbox 846 4274 1019 4345; x_wconf 77' lang='grc' dir='ltr'>βίϐλοι</span> <span class='ocrx_word' id='word_1_589' title='bbox 1071 4274 1450 4342; x_wconf 87' lang='grc' dir='ltr'>ἀνοιγήσονται</span> 
     </span>
    </p>
   </div>
   <div class='ocr_carea' id='block_1_76' title="bbox 2002 3255 3564 3331">
    <p class='ocr_par' dir='ltr' id='par_1_76' title="bbox 2002 3255 3564 3331">
     <span class='ocr_line' id='line_1_76' title="bbox 2002 3255 3564 3331; baseline -0.005 -10"><span class='ocrx_word' id='word_1_590' title='bbox 2002 3268 2206 3331; x_wconf 87' lang='lat' dir='ltr'><strong>mines,</strong></span> <span class='ocrx_word' id='word_1_591' title='bbox 2249 3264 2303 3319; x_wconf 89' lang='lat' dir='ltr'><strong>in</strong></span> <span class='ocrx_word' id='word_1_592' title='bbox 2346 3265 2549 3319; x_wconf 89' lang='lat' dir='ltr'><strong>deliciis</strong></span> <span class='ocrx_word' id='word_1_593' title='bbox 2592 3278 2655 3317; x_wconf 91' lang='lat' dir='ltr'><strong>ac</strong></span> <span class='ocrx_word' id='word_1_594' title='bbox 2698 3261 2966 3331; x_wconf 87' lang='lat' dir='ltr'><strong>prosperis</strong></span> <span class='ocrx_word' id='word_1_595' title='bbox 3008 3275 3184 3314; x_wconf 88' lang='lat' dir='ltr'><strong>rerum</strong></span> <span class='ocrx_word' id='word_1_596' title='bbox 3228 3255 3564 3314; x_wconf 83' lang='lat' dir='ltr'><strong>successibus</strong></span> 
     </span>
    </p>
   </div>
   <div class='ocr_carea' id='block_1_77' title="bbox 2004 3350 3563 3417">
    <p class='ocr_par' dir='ltr' id='par_1_77' title="bbox 2004 3350 3563 3417">
     <span class='ocr_line' id='line_1_77' title="bbox 2004 3350 3563 3417; baseline -0.005 -5"><span class='ocrx_word' id='word_1_597' title='bbox 2004 3366 2323 3414; x_wconf 62' lang='lat' dir='ltr'><strong>urasentem</strong></span> <span class='ocrx_word' id='word_1_598' title='bbox 2366 3354 2529 3408; x_wconf 86' lang='lat' dir='ltr'><strong>vitam</strong></span> <span class='ocrx_word' id='word_1_599' title='bbox 2574 3359 3132 3417; x_wconf 85' lang='lat' dir='ltr'><strong>consumpserunt:at</strong></span> <span class='ocrx_word' id='word_1_600' title='bbox 3169 3350 3343 3413; x_wconf 85' lang='lat' dir='ltr'><strong>Deus,</strong></span> <span class='ocrx_word' id='word_1_601' title='bbox 3389 3351 3563 3415; x_wconf 84' lang='lat' dir='ltr'><strong>utqui</strong></span> 
     </span>
    </p>
   </div>
   <div class='ocr_carea' id='block_1_78' title="bbox 2008 3441 3572 3516">
    <p class='ocr_par' dir='ltr' id='par_1_78' title="bbox 2008 3441 3572 3516">
     <span class='ocr_line' id='line_1_78' title="bbox 2008 3441 3572 3516; baseline -0.01 -5"><span class='ocrx_word' id='word_1_602' title='bbox 2008 3454 2163 3511; x_wconf 80' lang='lat' dir='ltr'><strong>simul</strong></span> <span class='ocrx_word' id='word_1_603' title='bbox 2192 3461 2246 3506; x_wconf 90' lang='lat' dir='ltr'><strong>et</strong></span> <span class='ocrx_word' id='word_1_604' title='bbox 2272 3451 2506 3506; x_wconf 80' lang='lat' dir='ltr'><strong>bonitate</strong></span> <span class='ocrx_word' id='word_1_605' title='bbox 2547 3456 2603 3503; x_wconf 88' lang='lat' dir='ltr'><strong>et</strong></span> <span class='ocrx_word' id='word_1_606' title='bbox 2641 3447 2840 3516; x_wconf 88' lang='lat' dir='ltr'><strong>justitia</strong></span> <span class='ocrx_word' id='word_1_607' title='bbox 2884 3452 3124 3515; x_wconf 65' lang='lat' dir='ltr'><strong>praestet,</strong></span> <span class='ocrx_word' id='word_1_608' title='bbox 3168 3441 3572 3497; x_wconf 87' lang='lat' dir='ltr'><strong>resurrectionis</strong></span> 
     </span>
    </p>
   </div>
   <div class='ocr_carea' id='block_1_79' title="bbox 2014 3535 3573 3601">
    <p class='ocr_par' dir='ltr' id='par_1_79' title="bbox 2014 3535 3573 3601">
     <span class='ocr_line' id='line_1_79' title="bbox 2014 3535 3573 3601; baseline -0.01 -2"><span class='ocrx_word' id='word_1_609' title='bbox 2014 3559 2078 3599; x_wconf 91' lang='lat' dir='ltr'><strong>ac</strong></span> <span class='ocrx_word' id='word_1_610' title='bbox 2106 3542 2505 3598; x_wconf 77' lang='lat' dir='ltr'><strong>referendarum</strong></span> <span class='ocrx_word' id='word_1_611' title='bbox 2533 3540 2797 3593; x_wconf 88' lang='lat' dir='ltr'><strong>rationum</strong></span> <span class='ocrx_word' id='word_1_612' title='bbox 2826 3536 2964 3591; x_wconf 89' lang='lat' dir='ltr'><strong>diem</strong></span> <span class='ocrx_word' id='word_1_613' title='bbox 2994 3535 3298 3601; x_wconf 80' lang='lat' dir='ltr'><strong>constituit,</strong></span> <span class='ocrx_word' id='word_1_614' title='bbox 3328 3542 3420 3600; x_wconf 94' lang='lat' dir='ltr'><strong>ut,</strong></span> <span class='ocrx_word' id='word_1_615' title='bbox 3450 3546 3573 3585; x_wconf 90' lang='lat' dir='ltr'><strong>cum</strong></span> 
     </span>
    </p>
   </div>
   <div class='ocr_carea' id='block_1_80' title="bbox 2016 3623 3576 3703">
    <p class='ocr_par' dir='ltr' id='par_1_80' title="bbox 2016 3623 3576 3703">
     <span class='ocr_line' id='line_1_80' title="bbox 2016 3623 3576 3703; baseline -0.008 -15"><span class='ocrx_word' id='word_1_616' title='bbox 2016 3647 2238 3703; x_wconf 69' lang='lat' dir='ltr'><strong>quaequo</strong></span> <span class='ocrx_word' id='word_1_617' title='bbox 2281 3631 2458 3685; x_wconf 88' lang='lat' dir='ltr'><strong>anima</strong></span> <span class='ocrx_word' id='word_1_618' title='bbox 2512 3642 2705 3695; x_wconf 89' lang='lat' dir='ltr'><strong>corpus</strong></span> <span class='ocrx_word' id='word_1_619' title='bbox 2753 3642 2905 3682; x_wconf 87' lang='lat' dir='ltr'><strong>suum</strong></span> <span class='ocrx_word' id='word_1_620' title='bbox 2958 3627 3244 3693; x_wconf 84' lang='lat' dir='ltr'><strong>receperit,</strong></span> <span class='ocrx_word' id='word_1_621' title='bbox 3298 3623 3576 3691; x_wconf 86' lang='lat' dir='ltr'><strong>improbus</strong></span> 
     </span>
    </p>
   </div>
   <div class='ocr_carea' id='block_1_81' title="bbox 2014 3714 3575 3796">
    <p class='ocr_par' dir='ltr' id='par_1_81' title="bbox 2014 3714 3575 3796">
     <span class='ocr_line' id='line_1_81' title="bbox 2014 3714 3575 3796; baseline -0.01 -15"><span class='ocrx_word' id='word_1_622' title='bbox 2014 3726 2225 3796; x_wconf 92' lang='lat' dir='ltr'><strong>quidem</strong></span> <span class='ocrx_word' id='word_1_623' title='bbox 2272 3734 2327 3779; x_wconf 91' lang='lat' dir='ltr'><strong>et</strong></span> <span class='ocrx_word' id='word_1_624' title='bbox 2370 3723 2696 3785; x_wconf 90' lang='lat' dir='ltr'><strong>sceleratus,</strong></span> <span class='ocrx_word' id='word_1_625' title='bbox 2742 3718 2831 3787; x_wconf 93' lang='lat' dir='ltr'><strong>qui</strong></span> <span class='ocrx_word' id='word_1_626' title='bbox 2876 3717 2964 3771; x_wconf 90' lang='lat' dir='ltr'><strong>hic</strong></span> <span class='ocrx_word' id='word_1_627' title='bbox 3009 3717 3186 3771; x_wconf 87' lang='lat' dir='ltr'><strong>omnia</strong></span> <span class='ocrx_word' id='word_1_628' title='bbox 3233 3714 3463 3769; x_wconf 89' lang='lat' dir='ltr'><strong>secunda</strong></span> <span class='ocrx_word' id='word_1_629' title='bbox 3509 3726 3575 3765; x_wconf 86' lang='lat' dir='ltr'><strong>ac</strong></span> 
     </span>
    </p>
   </div>
   <div class='ocr_carea' id='block_1_82' title="bbox 2014 3804 3577 3878">
    <p class='ocr_par' dir='ltr' id='par_1_82' title="bbox 2014 3804 3577 3878">
     <span class='ocr_line' id='line_1_82' title="bbox 2014 3804 3577 3878; baseline -0.01 -7"><span class='ocrx_word' id='word_1_630' title='bbox 2014 3818 2134 3872; x_wconf 65' lang='lat' dir='ltr'><strong>laeta</strong></span> <span class='ocrx_word' id='word_1_631' title='bbox 2182 3815 2453 3878; x_wconf 83' lang='lat' dir='ltr'><strong>habuerit,</strong></span> <span class='ocrx_word' id='word_1_632' title='bbox 2504 3813 2611 3866; x_wconf 87' lang='lat' dir='ltr'><strong>illic</strong></span> <span class='ocrx_word' id='word_1_633' title='bbox 2657 3811 2915 3865; x_wconf 89' lang='lat' dir='ltr'><strong>scelerum</strong></span> <span class='ocrx_word' id='word_1_634' title='bbox 2958 3822 3142 3877; x_wconf 64' lang='lat' dir='ltr'><strong>poenas</strong></span> <span class='ocrx_word' id='word_1_635' title='bbox 3185 3808 3330 3870; x_wconf 83' lang='lat' dir='ltr'><strong>luat;</strong></span> <span class='ocrx_word' id='word_1_636' title='bbox 3378 3804 3577 3873; x_wconf 87' lang='lat' dir='ltr'><strong>probus</strong></span> 
     </span>
    </p>
   </div>
   <div class='ocr_carea' id='block_1_83' title="bbox 2015 3894 3577 3973">
    <p class='ocr_par' dir='ltr' id='par_1_83' title="bbox 2015 3894 3577 3973">
     <span class='ocr_line' id='line_1_83' title="bbox 2015 3894 3577 3973; baseline -0.01 -10"><span class='ocrx_word' id='word_1_637' title='bbox 2015 3916 2199 3964; x_wconf 86' lang='lat' dir='ltr'><strong>contra</strong></span> <span class='ocrx_word' id='word_1_638' title='bbox 2246 3920 2428 3960; x_wconf 87' lang='lat' dir='ltr'><strong>eorum</strong></span> <span class='ocrx_word' id='word_1_639' title='bbox 2476 3918 2595 3973; x_wconf 62' lang='lat' dir='ltr'><strong>quas</strong></span> <span class='ocrx_word' id='word_1_640' title='bbox 2640 3903 2821 3971; x_wconf 92' lang='lat' dir='ltr'><strong>inique</strong></span> <span class='ocrx_word' id='word_1_641' title='bbox 2864 3901 3119 3971; x_wconf 78' lang='lat' dir='ltr'><strong>gesserit,</strong></span> <span class='ocrx_word' id='word_1_642' title='bbox 3166 3897 3334 3966; x_wconf 65' lang='lat' dir='ltr'><strong>pinnis</strong></span> <span class='ocrx_word' id='word_1_643' title='bbox 3377 3896 3430 3949; x_wconf 92' lang='lat' dir='ltr'><strong>in</strong></span> <span class='ocrx_word' id='word_1_644' title='bbox 3477 3894 3577 3949; x_wconf 89' lang='lat' dir='ltr'><strong>hac</strong></span> 
     </span>
    </p>
   </div>
   <div class='ocr_carea' id='block_1_84' title="bbox 2015 3995 3575 4073">
    <p class='ocr_par' dir='ltr' id='par_1_84' title="bbox 2015 3995 3575 4073">
     <span class='ocr_line' id='line_1_84' title="bbox 2015 3995 3575 4073; baseline -0.011 -13"><span class='ocrx_word' id='word_1_645' title='bbox 2015 4006 2122 4060; x_wconf 82' lang='lat' dir='ltr'><strong>vita</strong></span> <span class='ocrx_word' id='word_1_646' title='bbox 2160 4002 2480 4073; x_wconf 89' lang='lat' dir='ltr'><strong>persolutis,</strong></span> <span class='ocrx_word' id='word_1_647' title='bbox 2526 4000 2637 4055; x_wconf 91' lang='lat' dir='ltr'><strong>illic</strong></span> <span class='ocrx_word' id='word_1_648' title='bbox 2679 3999 2939 4053; x_wconf 90' lang='lat' dir='ltr'><strong>bonorum</strong></span> <span class='ocrx_word' id='word_1_649' title='bbox 2981 3995 3348 4049; x_wconf 55' lang='lat' dir='ltr'><strong>hereditatem</strong></span> <span class='ocrx_word' id='word_1_650' title='bbox 3385 4004 3575 4044; x_wconf 85' lang='lat' dir='ltr'><strong>conse-</strong></span> 
     </span>
    </p>
   </div>
   <div class='ocr_carea' id='block_1_85' title="bbox 2013 4083 3579 4166">
    <p class='ocr_par' dir='ltr' id='par_1_85' title="bbox 2013 4083 3579 4166">
     <span class='ocr_line' id='line_1_85' title="bbox 2013 4083 3579 4166; baseline -0.011 -15"><span class='ocrx_word' id='word_1_651' title='bbox 2013 4104 2229 4166; x_wconf 87' lang='lat' dir='ltr'><strong>quatur.</strong></span> <span class='ocrx_word' id='word_1_652' title='bbox 2259 4095 2489 4149; x_wconf 79' lang='lat' dir='ltr'><strong>Audient</strong></span> <span class='ocrx_word' id='word_1_653' title='bbox 2517 4092 2657 4147; x_wconf 89' lang='lat' dir='ltr'><strong>enim</strong></span> <span class='ocrx_word' id='word_1_654' title='bbox 2678 4131 2695 4157; x_wconf 92' lang='lat'><strong>,</strong></span> <span class='ocrx_word' id='word_1_655' title='bbox 2728 4088 2897 4159; x_wconf 90' lang='lat' dir='ltr'><strong>inquit</strong></span> <span class='ocrx_word' id='word_1_656' title='bbox 2926 4088 3178 4142; x_wconf 89' lang='lat' dir='ltr'><strong>Dominus</strong></span> <span class='ocrx_word' id='word_1_657' title='bbox 3197 4126 3213 4152; x_wconf 92' lang='lat'><strong>,</strong></span> <span class='ocrx_word' id='word_1_658' title='bbox 3244 4085 3329 4154; x_wconf 91' lang='lat' dir='ltr'><strong>qui</strong></span> <span class='ocrx_word' id='word_1_659' title='bbox 3371 4083 3423 4136; x_wconf 92' lang='lat' dir='ltr'><strong>in</strong></span> <span class='ocrx_word' id='word_1_660' title='bbox 3460 4097 3579 4136; x_wconf 91' lang='lat' dir='ltr'><strong>mo-</strong></span> 
     </span>
    </p>
   </div>
   <div class='ocr_carea' id='block_1_86' title="bbox 2013 4173 3574 4249">
    <p class='ocr_par' dir='ltr' id='par_1_86' title="bbox 2013 4173 3574 4249">
     <span class='ocr_line' id='line_1_86' title="bbox 2013 4173 3574 4249; baseline -0.012 -7"><span class='ocrx_word' id='word_1_661' title='bbox 2013 4186 2287 4242; x_wconf 84' lang='lat' dir='ltr'><strong>numentis</strong></span> <span class='ocrx_word' id='word_1_662' title='bbox 2408 4188 2579 4249; x_wconf 87' lang='lat' dir='ltr'><strong>sunt,</strong></span> <span class='ocrx_word' id='word_1_663' title='bbox 2686 4194 2867 4233; x_wconf 84' lang='lat' dir='ltr'><strong>vocem</strong></span> <span class='ocrx_word' id='word_1_664' title='bbox 2900 4178 3016 4232; x_wconf 80' lang='lat' dir='ltr'><strong>Filii</strong></span> <span class='ocrx_word' id='word_1_665' title='bbox 3057 4177 3168 4229; x_wconf 89' lang='lat' dir='ltr'><strong>Dei.</strong></span> <span class='ocrx_word' id='word_1_666' title='bbox 3212 4175 3279 4229; x_wconf 86' lang='lat' dir='ltr'><strong>Et</strong></span> <span class='ocrx_word' id='word_1_667' title='bbox 3316 4173 3574 4236; x_wconf 78' lang='lat' dir='ltr'><strong>exibunt,</strong></span> 
     </span>
    </p>
   </div>
   <div class='ocr_carea' id='block_1_87' title="bbox 2015 4264 3575 4348">
    <p class='ocr_par' dir='ltr' id='par_1_87' title="bbox 2015 4264 3575 4348">
     <span class='ocr_line' id='line_1_87' title="bbox 2015 4264 3575 4348; baseline -0.012 -15"><span class='ocrx_word' id='word_1_668' title='bbox 2015 4278 2105 4348; x_wconf 89' lang='lat' dir='ltr'><strong>qui</strong></span> <span class='ocrx_word' id='word_1_669' title='bbox 2132 4278 2269 4332; x_wconf 86' lang='lat' dir='ltr'><strong>bona</strong></span> <span class='ocrx_word' id='word_1_670' title='bbox 2294 4275 2532 4329; x_wconf 83' lang='lat' dir='ltr'><strong>fecerunt</strong></span> <span class='ocrx_word' id='word_1_671' title='bbox 2557 4273 2611 4325; x_wconf 92' lang='lat' dir='ltr'><strong>in</strong></span> <span class='ocrx_word' id='word_1_672' title='bbox 2638 4270 3075 4326; x_wconf 87' lang='lat' dir='ltr'><strong>resurrectionem</strong></span> <span class='ocrx_word' id='word_1_673' title='bbox 3101 4268 3222 4319; x_wconf 78' lang='lat' dir='ltr'><strong>vitae</strong></span> <span class='ocrx_word' id='word_1_674' title='bbox 3246 4281 3263 4331; x_wconf 89' lang='lat'><strong>;</strong></span> <span class='ocrx_word' id='word_1_675' title='bbox 3287 4264 3374 4329; x_wconf 86' lang='lat' dir='ltr'><strong>qui</strong></span> <span class='ocrx_word' id='word_1_676' title='bbox 3400 4271 3575 4317; x_wconf 87' lang='lat' dir='ltr'><strong>autem</strong></span> 
     </span>
    </p>
   </div>
   <div class='ocr_carea' id='block_1_88' title="bbox 336 4352 1908 4441">
    <p class='ocr_par' dir='ltr' id='par_1_88' title="bbox 336 4362 1908 4441">
     <span class='ocr_line' id='line_1_88' title="bbox 336 4362 1908 4441; baseline -0.006 -18"><span class='ocrx_word' id='word_1_677' title='bbox 336 4370 506 4441; x_wconf 82' lang='grc' dir='ltr'><strong>ἡμῶν</strong></span> <span class='ocrx_word' id='word_1_678' title='bbox 560 4368 660 4431; x_wconf 89' lang='grc' dir='ltr'><strong>τάς</strong></span> <span class='ocrx_word' id='word_1_679' title='bbox 718 4363 975 4437; x_wconf 81' lang='grc' dir='ltr'>πράξεις’,</span> <span class='ocrx_word' id='word_1_680' title='bbox 1007 4364 1133 4427; x_wconf 82' lang='grc' dir='ltr'>τοὺς</span> <span class='ocrx_word' id='word_1_681' title='bbox 1180 4362 1398 4432; x_wconf 84' lang='grc' dir='ltr'>λόγους,</span> <span class='ocrx_word' id='word_1_682' title='bbox 1446 4363 1547 4427; x_wconf 85' lang='grc' dir='ltr'>τὰς</span> <span class='ocrx_word' id='word_1_683' title='bbox 1593 4362 1908 4433; x_wconf 80' lang='grc' dir='ltr'>ἐνθυμήσεις</span> 
     </span>
    </p>
   </div>
   <div class='ocr_carea' id='block_1_89' title="bbox 2001 4352 3573 4441">
    <p class='ocr_par' dir='ltr' id='par_1_89' title="bbox 2023 4352 3573 4437">
     <span class='ocr_line' id='line_1_89' title="bbox 2023 4352 3573 4437; baseline -0.01 -16"><span class='ocrx_word' id='word_1_684' title='bbox 2023 4368 2159 4422; x_wconf 87' lang='lat' dir='ltr'><strong>mala</strong></span> <span class='ocrx_word' id='word_1_685' title='bbox 2189 4373 2440 4437; x_wconf 77' lang='lat' dir='ltr'><strong>egerunt,</strong></span> <span class='ocrx_word' id='word_1_686' title='bbox 2468 4365 2523 4417; x_wconf 89' lang='lat' dir='ltr'><strong>in</strong></span> <span class='ocrx_word' id='word_1_687' title='bbox 2548 4361 2989 4418; x_wconf 88' lang='lat' dir='ltr'><strong>resurrectionem</strong></span> <span class='ocrx_word' id='word_1_688' title='bbox 3024 4357 3209 4427; x_wconf 86' lang='lat' dir='ltr'><strong>judioii</strong></span> <span class='ocrx_word' id='word_1_689' title='bbox 3252 4353 3448 4425; x_wconf 85' lang='lat' dir='ltr'><strong>(Joan.</strong></span> <span class='ocrx_word' id='word_1_690' title='bbox 3479 4369 3510 4406; x_wconf 93' lang='lat' dir='ltr'><strong>v</strong></span> <span class='ocrx_word' id='word_1_691' title='bbox 3529 4352 3573 4425; x_wconf 95' lang='lat'><strong>).</strong></span> 
     </span>
    </p>
   </div>
   <div class='ocr_carea' id='block_1_90' title="bbox 338 4453 1921 4530">
    <p class='ocr_par' dir='ltr' id='par_1_90' title="bbox 338 4453 1921 4530">
     <span class='ocr_line' id='line_1_90' title="bbox 338 4453 1921 4530; baseline -0.006 -16"><span class='ocrx_word' id='word_1_692' title='bbox 338 4456 807 4530; x_wconf 80' lang='grc' dir='ltr'>ἐγγεγραμμένας</span> <span class='ocrx_word' id='word_1_693' title='bbox 850 4456 1104 4526; x_wconf 77' lang='grc' dir='ltr'>ἔχουσαι,</span> <span class='ocrx_word' id='word_1_694' title='bbox 1143 4456 1241 4509; x_wconf 73' lang='grc' dir='ltr'><strong>καὶ</strong></span> <span class='ocrx_word' id='word_1_695' title='bbox 1282 4455 1527 4524; x_wconf 76' lang='grc' dir='ltr'>ποταμὸς</span> <span class='ocrx_word' id='word_1_696' title='bbox 1557 4454 1730 4525; x_wconf 84' lang='grc' dir='ltr'>πυρὸς</span> <span class='ocrx_word' id='word_1_697' title='bbox 1766 4453 1921 4505; x_wconf 84' lang='grc' dir='ltr'>’ἑλκε-</span> 
     </span>
    </p>
   </div>
   <div class='ocr_carea' id='block_1_91' title="bbox 2019 4444 3576 4525">
    <p class='ocr_par' dir='ltr' id='par_1_91' title="bbox 2019 4444 3576 4525">
     <span class='ocr_line' id='line_1_91' title="bbox 2019 4444 3576 4525; baseline -0.01 -14"><span class='ocrx_word' id='word_1_698' title='bbox 2019 4458 2133 4525; x_wconf 87' lang='lat' dir='ltr'><strong>Quo</strong></span> <span class='ocrx_word' id='word_1_699' title='bbox 2172 4458 2375 4511; x_wconf 86' lang='lat' dir='ltr'><strong>scilicet</strong></span> <span class='ocrx_word' id='word_1_700' title='bbox 2422 4464 2660 4520; x_wconf 89' lang='lat' dir='ltr'><strong>tempore</strong></span> <span class='ocrx_word' id='word_1_701' title='bbox 2705 4451 2860 4506; x_wconf 89' lang='lat' dir='ltr'><strong>sedes</strong></span> <span class='ocrx_word' id='word_1_702' title='bbox 2906 4462 3116 4517; x_wconf 86' lang='lat' dir='ltr'><strong>quoque</strong></span> <span class='ocrx_word' id='word_1_703' title='bbox 3160 4444 3576 4505; x_wconf 82' lang='lat' dir='ltr'><strong>collocabuntur,</strong></span> 
     </span>
    </p>
   </div>
   <div class='ocr_carea' id='block_1_92' title="bbox 337 4540 1908 4619">
    <p class='ocr_par' dir='ltr' id='par_1_92' title="bbox 337 4540 1908 4619">
     <span class='ocr_line' id='line_1_92' title="bbox 337 4540 1908 4619; baseline -0.006 -16"><span class='ocrx_word' id='word_1_704' title='bbox 337 4569 436 4604; x_wconf 88' lang='grc' dir='ltr'><strong>ται</strong></span> <span class='ocrx_word' id='word_1_705' title='bbox 485 4548 624 4619; x_wconf 82' lang='grc'>(75),</span> <span class='ocrx_word' id='word_1_706' title='bbox 661 4548 755 4600; x_wconf 76' lang='grc' dir='ltr'>καὶ</span> <span class='ocrx_word' id='word_1_707' title='bbox 792 4546 972 4600; x_wconf 88' lang='grc' dir='ltr'>πάντα</span> <span class='ocrx_word' id='word_1_708' title='bbox 1010 4548 1083 4596; x_wconf 87' lang='grc' dir='ltr'><strong>τά</strong></span> <span class='ocrx_word' id='word_1_709' title='bbox 1118 4543 1479 4614; x_wconf 84' lang='grc' dir='ltr'>κεκρυμμένα</span> <span class='ocrx_word' id='word_1_710' title='bbox 1513 4540 1908 4597; x_wconf 72' lang='grc' dir='ltr'>ἀνακαλύπτον·</span> 
     </span>
    </p>
   </div>
   <div class='ocr_carea' id='block_1_93' title="bbox 2001 4540 3578 4619">
    <p class='ocr_par' dir='ltr' id='par_1_93' title="bbox 2019 4541 3578 4618">
     <span class='ocr_line' id='line_1_93' title="bbox 2019 4541 3578 4618; baseline -0.011 -16"><span class='ocrx_word' id='word_1_711' title='bbox 2019 4558 2177 4618; x_wconf 90' lang='lat' dir='ltr'><strong>atque</strong></span> <span class='ocrx_word' id='word_1_712' title='bbox 2217 4549 2477 4613; x_wconf 78' lang='lat' dir='ltr'><strong>Antiquus</strong></span> <span class='ocrx_word' id='word_1_713' title='bbox 2522 4544 2728 4599; x_wconf 91' lang='lat' dir='ltr'><strong>dierum</strong></span> <span class='ocrx_word' id='word_1_714' title='bbox 2772 4541 2934 4611; x_wconf 86' lang='lat' dir='ltr'><strong>(Dan.</strong></span> <span class='ocrx_word' id='word_1_715' title='bbox 2975 4545 3070 4605; x_wconf 86' lang='lat' dir='ltr'><strong>vn)</strong></span> <span class='ocrx_word' id='word_1_716' title='bbox 3094 4578 3110 4604; x_wconf 91' lang='lat'><strong>,</strong></span> <span class='ocrx_word' id='word_1_717' title='bbox 3142 4548 3423 4602; x_wconf 87' lang='lat' dir='ltr'><strong>rerumque</strong></span> <span class='ocrx_word' id='word_1_718' title='bbox 3459 4547 3578 4587; x_wconf 90' lang='lat' dir='ltr'><strong>om-</strong></span> 
     </span>
    </p>
   </div>
   <div class='ocr_carea' id='block_1_94' title="bbox 337 4634 1913 4708">
    <p class='ocr_par' dir='ltr' id='par_1_94' title="bbox 337 4634 1913 4708">
     <span class='ocr_line' id='line_1_94' title="bbox 337 4634 1913 4708; baseline -0.006 -11"><span class='ocrx_word' id='word_1_719' title='bbox 337 4662 459 4699; x_wconf 83' lang='grc' dir='ltr'>ται.</span> <span class='ocrx_word' id='word_1_720' title='bbox 494 4641 683 4705; x_wconf 76' lang='grc' dir='ltr'>Ούδεὶς</span> <span class='ocrx_word' id='word_1_721' title='bbox 716 4641 836 4692; x_wconf 79' lang='grc' dir='ltr'>ἐκεῖ</span> <span class='ocrx_word' id='word_1_722' title='bbox 879 4638 1197 4708; x_wconf 85' lang='grc' dir='ltr'>συνήγορος,</span> <span class='ocrx_word' id='word_1_723' title='bbox 1234 4636 1270 4707; x_wconf 83' lang='grc' dir='ltr'>ἢ</span> <span class='ocrx_word' id='word_1_724' title='bbox 1310 4637 1602 4706; x_wconf 88' lang='grc' dir='ltr'>πιθανότης</span> <span class='ocrx_word' id='word_1_725' title='bbox 1630 4634 1913 4706; x_wconf 78' lang='grc' dir='ltr'>ῥημάτων,</span> 
     </span>
    </p>
   </div>
   <div class='ocr_carea' id='block_1_95' title="bbox 2022 4625 3581 4707">
    <p class='ocr_par' dir='ltr' id='par_1_95' title="bbox 2022 4625 3581 4707">
     <span class='ocr_line' id='line_1_95' title="bbox 2022 4625 3581 4707; baseline -0.01 -14"><span class='ocrx_word' id='word_1_726' title='bbox 2022 4640 2167 4694; x_wconf 89' lang='lat' dir='ltr'><strong>nium</strong></span> <span class='ocrx_word' id='word_1_727' title='bbox 2198 4651 2389 4707; x_wconf 88' lang='lat' dir='ltr'><strong>parens</strong></span> <span class='ocrx_word' id='word_1_728' title='bbox 2414 4645 2469 4691; x_wconf 90' lang='lat' dir='ltr'><strong>et</strong></span> <span class='ocrx_word' id='word_1_729' title='bbox 2496 4635 2813 4690; x_wconf 85' lang='lat' dir='ltr'><strong>architectus</strong></span> <span class='ocrx_word' id='word_1_730' title='bbox 2845 4629 3163 4702; x_wconf 71' lang='lat' dir='ltr'><strong>praesidebit.</strong></span> <span class='ocrx_word' id='word_1_731' title='bbox 3192 4630 3269 4682; x_wconf 78' lang='lat' dir='ltr'><strong>Ac</strong></span> <span class='ocrx_word' id='word_1_732' title='bbox 3296 4625 3417 4680; x_wconf 89' lang='lat' dir='ltr'><strong>libri</strong></span> <span class='ocrx_word' id='word_1_733' title='bbox 3444 4638 3581 4693; x_wconf 90' lang='lat' dir='ltr'><strong>ape-</strong></span> 
     </span>
    </p>
   </div>
   <div class='ocr_carea' id='block_1_96' title="bbox 341 4720 1908 4806">
    <p class='ocr_par' dir='ltr' id='par_1_96' title="bbox 341 4723 1908 4806">
     <span class='ocr_line' id='line_1_96' title="bbox 341 4723 1908 4806; baseline -0.006 -19"><span class='ocrx_word' id='word_1_734' title='bbox 341 4738 381 4804; x_wconf 81' lang='grc' dir='ltr'><strong>ἧ</strong></span> <span class='ocrx_word' id='word_1_735' title='bbox 412 4734 616 4806; x_wconf 73' lang='grc' dir='ltr'>ψευδὴς</span> <span class='ocrx_word' id='word_1_736' title='bbox 666 4729 931 4797; x_wconf 84' lang='grc' dir='ltr'>ἀπολογία</span> <span class='ocrx_word' id='word_1_737' title='bbox 951 4771 966 4795; x_wconf 92' lang='grc'><strong>,</strong></span> <span class='ocrx_word' id='word_1_738' title='bbox 998 4728 1033 4800; x_wconf 82' lang='grc' dir='ltr'>ἢ</span> <span class='ocrx_word' id='word_1_739' title='bbox 1079 4727 1315 4781; x_wconf 86' lang='grc' dir='ltr'>πλούτου</span> <span class='ocrx_word' id='word_1_740' title='bbox 1345 4727 1657 4788; x_wconf 83' lang='grc' dir='ltr'>δυναστεία.</span> <span class='ocrx_word' id='word_1_741' title='bbox 1686 4725 1720 4796; x_wconf 86' lang='grc' dir='ltr'>ἢ</span> <span class='ocrx_word' id='word_1_742' title='bbox 1753 4723 1908 4789; x_wconf 80' lang='grc' dir='ltr'>ἀξιω-</span> 
     </span>
    </p>
   </div>
   <div class='ocr_carea' id='block_1_97' title="bbox 2001 4720 3581 4806">
    <p class='ocr_par' dir='ltr' id='par_1_97' title="bbox 2024 4720 3581 4797">
     <span class='ocr_line' id='line_1_97' title="bbox 2024 4720 3581 4797; baseline -0.01 -14"><span class='ocrx_word' id='word_1_743' title='bbox 2024 4729 2251 4797; x_wconf 91' lang='lat' dir='ltr'><strong>riuntur,</strong></span> <span class='ocrx_word' id='word_1_744' title='bbox 2296 4727 2346 4781; x_wconf 90' lang='lat' dir='ltr'><strong>in</strong></span> <span class='ocrx_word' id='word_1_745' title='bbox 2385 4726 2576 4796; x_wconf 85' lang='lat' dir='ltr'><strong>quibus</strong></span> <span class='ocrx_word' id='word_1_746' title='bbox 2614 4726 2848 4780; x_wconf 89' lang='lat' dir='ltr'><strong>omnium</strong></span> <span class='ocrx_word' id='word_1_747' title='bbox 2888 4731 3125 4777; x_wconf 87' lang='lat' dir='ltr'><strong>nostrum</strong></span> <span class='ocrx_word' id='word_1_748' title='bbox 3160 4720 3427 4781; x_wconf 88' lang='lat' dir='ltr'><strong>actiones,</strong></span> <span class='ocrx_word' id='word_1_749' title='bbox 3467 4729 3581 4770; x_wconf 83' lang='lat' dir='ltr'><strong>ser-</strong></span> 
     </span>
    </p>
   </div>
   <div class='ocr_carea' id='block_1_98' title="bbox 347 4805 1908 4896">
    <p class='ocr_par' dir='ltr' id='par_1_98' title="bbox 347 4805 1908 4896">
     <span class='ocr_line' id='line_1_98' title="bbox 347 4805 1908 4896; baseline -0.008 -15"><span class='ocrx_word' id='word_1_750' title='bbox 347 4829 540 4896; x_wconf 77' lang='grc' dir='ltr'>μάτων</span> <span class='ocrx_word' id='word_1_751' title='bbox 575 4805 767 4894; x_wconf 80' lang='grc' dir='ltr'>δγκος,</span> <span class='ocrx_word' id='word_1_752' title='bbox 800 4822 1051 4894; x_wconf 79' lang='grc' dir='ltr'>ἢδώρων</span> <span class='ocrx_word' id='word_1_753' title='bbox 1088 4820 1311 4889; x_wconf 82' lang='grc' dir='ltr'>ἄφθονοι</span> <span class='ocrx_word' id='word_1_754' title='bbox 1338 4819 1545 4884; x_wconf 82' lang='grc' dir='ltr'>δόσεις,</span> <span class='ocrx_word' id='word_1_755' title='bbox 1589 4816 1786 4887; x_wconf 79' lang='grc' dir='ltr'>κλέψαι</span> <span class='ocrx_word' id='word_1_756' title='bbox 1821 4814 1908 4887; x_wconf 71' lang='grc' dir='ltr'>τὴι</span> 
     </span>
    </p>
   </div>
   <div class='ocr_carea' id='block_1_99' title="bbox 2001 4805 3585 4896">
    <p class='ocr_par' dir='ltr' id='par_1_99' title="bbox 2023 4805 3585 4886">
     <span class='ocr_line' id='line_1_99' title="bbox 2023 4805 3585 4886; baseline -0.012 -13"><span class='ocrx_word' id='word_1_757' title='bbox 2023 4832 2247 4883; x_wconf 91' lang='lat' dir='ltr'><strong>mones,</strong></span> <span class='ocrx_word' id='word_1_758' title='bbox 2296 4818 2646 4886; x_wconf 78' lang='lat' dir='ltr'><strong>cogitationes</strong></span> <span class='ocrx_word' id='word_1_759' title='bbox 2691 4813 2959 4882; x_wconf 76' lang='lat' dir='ltr'><strong>inscripta:</strong></span> <span class='ocrx_word' id='word_1_760' title='bbox 3006 4809 3359 4865; x_wconf 77' lang='lat' dir='ltr'><strong>continentur.</strong></span> <span class='ocrx_word' id='word_1_761' title='bbox 3414 4805 3585 4872; x_wconf 78' lang='lat' dir='ltr'><strong>Atque</strong></span> 
     </span>
    </p>
   </div>
   <div class='ocr_carea' id='block_1_100' title="bbox 339 4905 1908 4990">
    <p class='ocr_par' dir='ltr' id='par_1_100' title="bbox 339 4909 1908 4990">
     <span class='ocr_line' id='line_1_100' title="bbox 339 4909 1908 4990; baseline -0.006 -20"><span class='ocrx_word' id='word_1_762' title='bbox 339 4917 514 4990; x_wconf 79' lang='grc' dir='ltr'>ὀρθὴν</span> <span class='ocrx_word' id='word_1_763' title='bbox 555 4916 736 4989; x_wconf 84' lang='grc' dir='ltr'>κρίσιν</span> <span class='ocrx_word' id='word_1_764' title='bbox 769 4913 1079 4985; x_wconf 82' lang='grc' dir='ltr'>ἰσχύουσιν·</span> <span class='ocrx_word' id='word_1_765' title='bbox 1126 4910 1243 4965; x_wconf 82' lang='grc' dir='ltr'>ἀλλ’</span> <span class='ocrx_word' id='word_1_766' title='bbox 1290 4912 1320 4964; x_wconf 88' lang='grc' dir='ltr'>ὁ</span> <span class='ocrx_word' id='word_1_767' title='bbox 1367 4911 1667 4972; x_wconf 87' lang='grc' dir='ltr'>ἀδέκαστος</span> <span class='ocrx_word' id='word_1_768' title='bbox 1711 4909 1908 4970; x_wconf 78' lang='grc' dir='ltr'>ἐκεῖνος</span> 
     </span>
    </p>
   </div>
   <div class='ocr_carea' id='block_1_101' title="bbox 2001 4905 3588 4990">
    <p class='ocr_par' dir='ltr' id='par_1_101' title="bbox 2029 4905 3588 4978">
     <span class='ocr_line' id='line_1_101' title="bbox 2029 4905 3588 4978; baseline -0.01 -15"><span class='ocrx_word' id='word_1_769' title='bbox 2029 4909 2216 4978; x_wconf 71' lang='lat' dir='ltr'><strong>igneus</strong></span> <span class='ocrx_word' id='word_1_770' title='bbox 2245 4906 2437 4962; x_wconf 84' lang='lat' dir='ltr'><strong>ﬂuvius</strong></span> <span class='ocrx_word' id='word_1_771' title='bbox 2464 4906 2649 4974; x_wconf 89' lang='lat' dir='ltr'><strong>rapido</strong></span> <span class='ocrx_word' id='word_1_772' title='bbox 2678 4920 2834 4960; x_wconf 89' lang='lat' dir='ltr'><strong>cursu</strong></span> <span class='ocrx_word' id='word_1_773' title='bbox 2861 4905 3124 4967; x_wconf 91' lang='lat' dir='ltr'><strong>volvetur,</strong></span> <span class='ocrx_word' id='word_1_774' title='bbox 3150 4907 3441 4967; x_wconf 86' lang='lat' dir='ltr'><strong>cunctaque</strong></span> <span class='ocrx_word' id='word_1_775' title='bbox 3470 4909 3588 4963; x_wconf 70' lang='lat' dir='ltr'><strong>qua:</strong></span> 
     </span>
    </p>
   </div>
   <div class='ocr_carea' id='block_1_102' title="bbox 424 5057 1908 5143">
    <p class='ocr_par' dir='ltr' id='par_1_102' title="bbox 424 5063 1908 5143">
     <span class='ocr_line' id='line_1_102' title="bbox 424 5063 1908 5143; baseline -0.009 -14"><span class='ocrx_word' id='word_1_776' title='bbox 424 5072 535 5143; x_wconf 85' lang='lat'>(66)</span> <span class='ocrx_word' id='word_1_777' title='bbox 576 5070 1112 5143; x_wconf 80' lang='lat' dir='ltr'><strong>Lemmametricum</strong></span> <span class='ocrx_word' id='word_1_778' title='bbox 1145 5068 1199 5122; x_wconf 92' lang='lat' dir='ltr'><strong>in</strong></span> <span class='ocrx_word' id='word_1_779' title='bbox 1240 5068 1325 5122; x_wconf 84' lang='lat' dir='ltr'><strong>A:</strong></span> <span class='ocrx_word' id='word_1_780' title='bbox 1367 5065 1688 5143; x_wconf 72' lang='grc' dir='ltr'>’Δνάστασις</span> <span class='ocrx_word' id='word_1_781' title='bbox 1716 5063 1908 5143; x_wconf 48' lang='grc' dir='ltr'>τίδ’-ὲ]</span> 
     </span>
    </p>
   </div>
   <div class='ocr_carea' id='block_1_103' title="bbox 2001 5057 2517 5143">
    <p class='ocr_par' dir='ltr' id='par_1_103' title="bbox 2001 5057 2517 5143">
     <span class='ocr_line' id='line_1_103' title="bbox 2001 5057 2517 5143; baseline -0.027 -11"><span class='ocrx_word' id='word_1_782' title='bbox 2001 5060 2099 5143; x_wconf 79' lang='grc' dir='ltr'>,μὴ</span> <span class='ocrx_word' id='word_1_783' title='bbox 2128 5057 2517 5143; x_wconf 59' lang='grc' dir='ltr'>παροίξρξίμηςε</span> 
     </span>
    </p>
   </div>
   <div class='ocr_carea' id='block_1_104' title="bbox 424 5123 2776 5213">
    <p class='ocr_par' dir='ltr' id='par_1_104' title="bbox 424 5123 2776 5213">
     <span class='ocr_line' id='line_1_104' title="bbox 424 5123 2776 5213; baseline -0.011 -14"><span class='ocrx_word' id='word_1_784' title='bbox 424 5123 536 5213; x_wconf 57' lang='grc' dir='ltr'>(ᾗ)</span> <span class='ocrx_word' id='word_1_785' title='bbox 566 5123 956 5213; x_wconf 49' lang='grc' dir='ltr'>ιῖἀξέπέλθοιί</span> <span class='ocrx_word' id='word_1_786' title='bbox 975 5139 1393 5213; x_wconf 63' lang='lat' dir='ltr'><strong>Saepiusnotata</strong></span> <span class='ocrx_word' id='word_1_787' title='bbox 1415 5123 1700 5213; x_wconf 67' lang='lat' dir='ltr'><strong>synchysis</strong></span> <span class='ocrx_word' id='word_1_788' title='bbox 1725 5135 1815 5213; x_wconf 74' lang='lat' dir='ltr'><strong>illa</strong></span> <span class='ocrx_word' id='word_1_789' title='bbox 1840 5134 1961 5213; x_wconf 73' lang='lat' dir='ltr'><strong>[ui_t.</strong></span> <span class='ocrx_word' id='word_1_790' title='bbox 1993 5123 2484 5213; x_wconf 49' lang='lat' dir='ltr'><strong>l&#39;gti&#39;atius&#39;b‘ab.</strong></span> <span class='ocrx_word' id='word_1_791' title='bbox 2507 5123 2776 5213; x_wconf 43' lang='lat'><strong>228929</strong></span> 
     </span>
    </p>
   </div>
   <div class='ocr_carea' id='block_1_105' title="bbox 346 5200 2227 5285">
    <p class='ocr_par' dir='ltr' id='par_1_105' title="bbox 346 5200 2227 5285">
     <span class='ocr_line' id='line_1_105' title="bbox 346 5200 2227 5285; baseline -0.007 -18"><span class='ocrx_word' id='word_1_792' title='bbox 346 5200 485 5285; x_wconf 76' lang='grc' dir='ltr'>ἧξεν</span> <span class='ocrx_word' id='word_1_793' title='bbox 514 5200 591 5285; x_wconf 73' lang='grc' dir='ltr'>εἰς</span> <span class='ocrx_word' id='word_1_794' title='bbox 618 5200 813 5285; x_wconf 76' lang='grc' dir='ltr'>δὸύλην</span> <span class='ocrx_word' id='word_1_795' title='bbox 843 5200 1088 5285; x_wconf 76' lang='grc' dir='ltr'>Κύπρις’·</span> <span class='ocrx_word' id='word_1_796' title='bbox 1133 5209 1198 5285; x_wconf 79' lang='grc' dir='ltr'><em>ᾞ</em></span> <span class='ocrx_word' id='word_1_797' title='bbox 1247 5208 1291 5261; x_wconf 79' lang='grc' dir='ltr'>δ’</span> <span class='ocrx_word' id='word_1_798' title='bbox 1316 5202 1395 5285; x_wconf 68' lang='grc' dir='ltr'><strong>⁸αὖ</strong></span> <span class='ocrx_word' id='word_1_799' title='bbox 1424 5200 1669 5285; x_wconf 48' lang='grc' dir='ltr'>..ἐτίμα</span> <span class='ocrx_word' id='word_1_800' title='bbox 1696 5204 1800 5285; x_wconf 65' lang='grc' dir='ltr'><strong>τὴν</strong></span> <span class='ocrx_word' id='word_1_801' title='bbox 1846 5202 1972 5285; x_wconf 74' lang='grc' dir='ltr'>θεὰν</span> <span class='ocrx_word' id='word_1_802' title='bbox 2147 5202 2227 5285; x_wconf 35' lang='grc' dir='ltr'>ήλμ</span> 
     </span>
    </p>
   </div>
   <div class='ocr_carea' id='block_1_106' title="bbox 354 5271 2098 5353">
    <p class='ocr_par' dir='ltr' id='par_1_106' title="bbox 354 5271 2098 5353">
     <span class='ocr_line' id='line_1_106' title="bbox 354 5271 2098 5353; baseline -0.006 -15"><span class='ocrx_word' id='word_1_803' title='bbox 354 5271 457 5353; x_wconf 53' lang='grc' dir='ltr'><strong>,λέν</strong></span> <span class='ocrx_word' id='word_1_804' title='bbox 491 5271 593 5337; x_wconf 81' lang='grc' dir='ltr'><strong>Τὸν</strong></span> <span class='ocrx_word' id='word_1_805' title='bbox 623 5271 792 5353; x_wconf 82' lang='grc' dir='ltr'>ἀνδρὰ</span> <span class='ocrx_word' id='word_1_806' title='bbox 826 5271 1087 5351; x_wconf 76' lang='grc' dir='ltr'>πημαίνω</span> <span class='ocrx_word' id='word_1_807' title='bbox 1116 5278 1245 5348; x_wconf 86' lang='grc' dir='ltr'>γὰρ,</span> <span class='ocrx_word' id='word_1_808' title='bbox 1278 5277 1337 5330; x_wconf 84' lang='grc' dir='ltr'><strong>οὑ</strong></span> <span class='ocrx_word' id='word_1_809' title='bbox 1370 5271 1614 5353; x_wconf 48' lang='grc' dir='ltr'>ποθῶεσέ</span> <span class='ocrx_word' id='word_1_810' title='bbox 1645 5291 1730 5344; x_wconf 88' lang='grc' dir='ltr'><strong>γε.</strong></span> <span class='ocrx_word' id='word_1_811' title='bbox 1753 5271 1947 5330; x_wconf 75' lang='lat' dir='ltr'><strong>Codex</strong></span> <span class='ocrx_word' id='word_1_812' title='bbox 1993 5271 2098 5328; x_wconf 73' lang='lat'><strong>299</strong></span> 
     </span>
    </p>
   </div>
   <div class='ocr_carea' id='block_1_107' title="bbox 358 5346 1572 5416">
    <p class='ocr_par' dir='ltr' id='par_1_107' title="bbox 358 5346 1572 5416">
     <span class='ocr_line' id='line_1_107' title="bbox 358 5346 1572 5416; baseline -0.007 -8"><span class='ocrx_word' id='word_1_813' title='bbox 358 5346 531 5409; x_wconf 61' lang='lat' dir='ltr'><strong>Velim</strong></span> <span class='ocrx_word' id='word_1_814' title='bbox 560 5346 735 5406; x_wconf 61' lang='lat' dir='ltr'><strong>etiam&#39;</strong></span> <span class='ocrx_word' id='word_1_815' title='bbox 765 5354 816 5405; x_wconf 90' lang='lat' dir='ltr'><strong>in</strong></span> <span class='ocrx_word' id='word_1_816' title='bbox 842 5346 981 5403; x_wconf 63' lang='lat' dir='ltr'><strong>malo</strong></span> <span class='ocrx_word' id='word_1_817' title='bbox 1004 5359 1176 5402; x_wconf 88' lang='lat' dir='ltr'><strong>metro</strong></span> <span class='ocrx_word' id='word_1_818' title='bbox 1195 5346 1387 5415; x_wconf 81' lang='lat' dir='ltr'><strong>reponi</strong></span> <span class='ocrx_word' id='word_1_819' title='bbox 1417 5346 1572 5416; x_wconf 73' lang='grc' dir='ltr'>φησι.</span> 
     </span>
    </p>
   </div>
   <div class='ocr_carea' id='block_1_108' title="bbox 427 5417 1567 5495">
    <p class='ocr_par' dir='ltr' id='par_1_108' title="bbox 427 5417 1567 5495">
     <span class='ocr_line' id='line_1_108' title="bbox 427 5417 1567 5495; baseline -0.008 -17"><span class='ocrx_word' id='word_1_820' title='bbox 427 5424 538 5495; x_wconf 86' lang='grc'>(68)</span> <span class='ocrx_word' id='word_1_821' title='bbox 564 5423 695 5495; x_wconf 82' lang='lat' dir='ltr'><strong>Gen.</strong></span> <span class='ocrx_word' id='word_1_822' title='bbox 724 5437 809 5495; x_wconf 87' lang='grc' dir='ltr'>ιιι,</span> <span class='ocrx_word' id='word_1_823' title='bbox 838 5421 926 5495; x_wconf 80' lang='lat' dir='ltr'><strong>l9_._</strong></span> <span class='ocrx_word' id='word_1_824' title='bbox 950 5418 1111 5474; x_wconf 83' lang='lat' dir='ltr'><strong>Conf.</strong></span> <span class='ocrx_word' id='word_1_825' title='bbox 1146 5432 1266 5495; x_wconf 49' lang='lat' dir='ltr'><strong>pag:</strong></span> <span class='ocrx_word' id='word_1_826' title='bbox 1299 5418 1385 5479; x_wconf 78' lang='grc'>65,</span> <span class='ocrx_word' id='word_1_827' title='bbox 1425 5417 1567 5495; x_wconf 87' lang='lat' dir='ltr'><strong>n._</strong></span> 
     </span>
    </p>
   </div>
   <div class='ocr_carea' id='block_1_109' title="bbox 428 5486 1593 5566">
    <p class='ocr_par' dir='ltr' id='par_1_109' title="bbox 428 5486 1593 5566">
     <span class='ocr_line' id='line_1_109' title="bbox 428 5486 1593 5566; baseline -0.007 -18"><span class='ocrx_word' id='word_1_828' title='bbox 428 5486 542 5566; x_wconf 62' lang='grc'>(69)</span> <span class='ocrx_word' id='word_1_829' title='bbox 574 5494 866 5566; x_wconf 62' lang='lat' dir='ltr'><strong>gregarius</strong></span> <span class='ocrx_word' id='word_1_830' title='bbox 890 5490 1020 5566; x_wconf 62' lang='grc' dir='ltr'>Νειῑέ</span> <span class='ocrx_word' id='word_1_831' title='bbox 1055 5498 1196 5541; x_wconf 87' lang='lat' dir='ltr'><strong>orat.</strong></span> <span class='ocrx_word' id='word_1_832' title='bbox 1231 5488 1285 5553; x_wconf 91' lang='lat'><strong>9,</strong></span> <span class='ocrx_word' id='word_1_833' title='bbox 1315 5503 1446 5566; x_wconf 48' lang='lat' dir='ltr'><strong>pag;</strong></span> 
     </span>
    </p>
   </div>
   <div class='ocr_carea' id='block_1_110' title="bbox 431 5527 1590 5635">
    <p class='ocr_par' dir='ltr' id='par_1_110' title="bbox 431 5527 1590 5635">
     <span class='ocr_line' id='line_1_110' title="bbox 431 5527 1590 5635; baseline -0.009 -16"><span class='ocrx_word' id='word_1_834' title='bbox 431 5527 542 5635; x_wconf 60' lang='grc' dir='ltr'><strong>ὶῖὶὅς</strong></span> <span class='ocrx_word' id='word_1_835' title='bbox 574 5527 1590 5635; x_wconf 37' lang='lat' dir='ltr'><strong>§éﬁi§éiElifﬁggiﬁmi’{Eilis}:</strong></span> 
     </span>
    </p>
   </div>
   <div class='ocr_carea' id='block_1_111' title="bbox 2231 5109 3599 5269">
    <p class='ocr_par' dir='ltr' id='par_1_111' title="bbox 2231 5109 3599 5269">
     <span class='ocr_line' id='line_1_111' title="bbox 2231 5109 3599 5243; baseline -0.015 -65"><span class='ocrx_word' id='word_1_836' title='bbox 2231 5109 2402 5180; x_wconf 44' lang='lat' dir='ltr'><strong>.Fab.‘</strong></span> <span class='ocrx_word' id='word_1_837' title='bbox 2507 5124 2613 5180; x_wconf 73' lang='lat'><strong>228</strong></span> <span class='ocrx_word' id='word_1_838' title='bbox 2642 5123 2979 5243; x_wconf 50' lang='lat' dir='ltr'><strong>Coraganm:</strong></span> <span class='ocrx_word' id='word_1_839' title='bbox 3021 5118 3239 5189; x_wconf 80' lang='grc' dir='ltr'>Ἀνδρὸς</span> <span class='ocrx_word' id='word_1_840' title='bbox 3269 5109 3431 5164; x_wconf 87' lang='grc' dir='ltr'>πόθον</span> <span class='ocrx_word' id='word_1_841' title='bbox 3464 5124 3599 5193; x_wconf 64' lang='grc' dir='ltr'>μεττ</span> 
     </span>
     <span class='ocr_line' id='line_1_112' title="bbox 2231 5179 3599 5269; baseline -0.013 -18"><span class='ocrx_word' id='word_1_842' title='bbox 2231 5198 2383 5269; x_wconf 83' lang='grc' dir='ltr'>ἐραν,</span> <span class='ocrx_word' id='word_1_843' title='bbox 2418 5196 2564 5258; x_wconf 85' lang='grc' dir='ltr'>Ἕως</span> <span class='ocrx_word' id='word_1_844' title='bbox 2596 5191 2742 5269; x_wconf 31' lang='grc' dir='ltr'>’καθ’</span> <span class='ocrx_word' id='word_1_845' title='bbox 2815 5206 2987 5269; x_wconf 38' lang='grc' dir='ltr'>’πνους</span> <span class='ocrx_word' id='word_1_846' title='bbox 3018 5189 3181 5269; x_wconf 79' lang='grc' dir='ltr'>φησιν</span> <span class='ocrx_word' id='word_1_847' title='bbox 3205 5204 3223 5269; x_wconf 52' lang='grc' dir='ltr'>ί</span> <span class='ocrx_word' id='word_1_848' title='bbox 3246 5183 3343 5267; x_wconf 57' lang='grc' dir='ltr'>μὴ</span> <span class='ocrx_word' id='word_1_849' title='bbox 3370 5179 3599 5269; x_wconf 39' lang='lat' dir='ltr'><strong>fuisse</strong></span> 
     </span>
    </p>
   </div>
   <div class='ocr_carea' id='block_1_112' title="bbox 2107 5248 3598 5335">
    <p class='ocr_par' dir='ltr' id='par_1_112' title="bbox 2107 5248 3598 5335">
     <span class='ocr_line' id='line_1_113' title="bbox 2107 5248 3598 5335; baseline -0.015 -10"><span class='ocrx_word' id='word_1_850' title='bbox 2107 5272 2129 5325; x_wconf 82' lang='lat' dir='ltr'><strong>i</strong></span> <span class='ocrx_word' id='word_1_851' title='bbox 2153 5248 2226 5325; x_wconf 69' lang='lat' dir='ltr'><strong>&#39;K&quot;</strong></span> <span class='ocrx_word' id='word_1_852' title='bbox 2234 5248 2382 5323; x_wconf 59' lang='lat'><strong>135:6</strong></span> <span class='ocrx_word' id='word_1_853' title='bbox 2411 5248 2704 5335; x_wconf 64' lang='grc' dir='ltr'>ποιμαίνω,</span> <span class='ocrx_word' id='word_1_854' title='bbox 2737 5263 2831 5319; x_wconf 86' lang='lat' dir='ltr'><strong>sed</strong></span> <span class='ocrx_word' id='word_1_855' title='bbox 2860 5248 3113 5332; x_wconf 72' lang='lat' dir='ltr'><strong>proprius</strong></span> <span class='ocrx_word' id='word_1_856' title='bbox 3145 5255 3282 5329; x_wconf 85' lang='grc' dir='ltr'>φιλῶ</span> <span class='ocrx_word' id='word_1_857' title='bbox 3310 5248 3407 5326; x_wconf 81' lang='lat' dir='ltr'><strong>pro</strong></span> <span class='ocrx_word' id='word_1_858' title='bbox 3428 5248 3598 5303; x_wconf 83' lang='grc' dir='ltr'>ποθῶ.</span> 
     </span>
    </p>
   </div>
   <div class='ocr_carea' id='block_1_113' title="bbox 2104 5199 2117 5219">
    <p class='ocr_par' dir='ltr' id='par_1_113' title="bbox 2104 5199 2117 5219">
     <span class='ocr_line' id='line_1_114' title="bbox 2104 5199 2117 5219; baseline 0 0"><span class='ocrx_word' id='word_1_859' title='bbox 2104 5199 2117 5219; x_wconf 74' lang='grc' dir='ltr'><strong>ν</strong></span> 
     </span>
    </p>
   </div>
   <div class='ocr_carea' id='block_1_114' title="bbox 431 5613 3097 5704">
    <p class='ocr_par' dir='ltr' id='par_1_114' title="bbox 431 5613 3097 5704">
     <span class='ocr_line' id='line_1_115' title="bbox 431 5613 3097 5704; baseline -0.008 -17"><span class='ocrx_word' id='word_1_860' title='bbox 579 5613 956 5704; x_wconf 66' lang='lat'><strong><em>5</em></strong></span> <span class='ocrx_word' id='word_1_861' title='bbox 993 5613 1302 5704; x_wconf 69' lang='grc' dir='ltr'>Ἐθεώρουν</span> <span class='ocrx_word' id='word_1_862' title='bbox 1318 5613 1425 5704; x_wconf 54' lang='grc' dir='ltr'><strong>ἕως</strong></span> <span class='ocrx_word' id='word_1_863' title='bbox 1457 5613 1578 5704; x_wconf 66' lang='grc' dir='ltr'>ὅτου</span> <span class='ocrx_word' id='word_1_864' title='bbox 1600 5624 1871 5704; x_wconf 46' lang='grc' dir='ltr'>Αοξθρόνοι</span> <span class='ocrx_word' id='word_1_865' title='bbox 1900 5622 2168 5704; x_wconf 44' lang='grc' dir='ltr'>έτέλθησαν</span> <span class='ocrx_word' id='word_1_866' title='bbox 2194 5623 2289 5675; x_wconf 83' lang='grc' dir='ltr'><strong>καὶ</strong></span> <span class='ocrx_word' id='word_1_867' title='bbox 2322 5620 2558 5684; x_wconf 77' lang='grc' dir='ltr'>Παλαιὸς</span> <span class='ocrx_word' id='word_1_868' title='bbox 2586 5617 2809 5691; x_wconf 75' lang='grc' dir='ltr'>ἡμερῶν</span> <span class='ocrx_word' id='word_1_869' title='bbox 2844 5613 3097 5685; x_wconf 76' lang='grc' dir='ltr'>ἐκάθητο.</span> 
     </span>
    </p>
   </div>
   <div class='ocr_carea' id='block_1_115' title="bbox 434 5693 2169 5773">
    <p class='ocr_par' dir='ltr' id='par_1_115' title="bbox 434 5693 2169 5773">
     <span class='ocr_line' id='line_1_116' title="bbox 434 5693 2169 5773; baseline -0.007 -13"><span class='ocrx_word' id='word_1_870' title='bbox 434 5693 548 5773; x_wconf 69' lang='lat' dir='ltr'><strong>ire}</strong></span> <span class='ocrx_word' id='word_1_871' title='bbox 565 5703 711 5773; x_wconf 70' lang='lat' dir='ltr'><strong>tum,</strong></span> <span class='ocrx_word' id='word_1_872' title='bbox 744 5693 851 5754; x_wconf 79' lang='lat' dir='ltr'><strong>to:</strong></span> <span class='ocrx_word' id='word_1_873' title='bbox 876 5693 1184 5773; x_wconf 38' lang='lat' dir='ltr'><strong>spirulas</strong></span> <span class='ocrx_word' id='word_1_874' title='bbox 1210 5697 1565 5773; x_wconf 37' lang='grc' dir='ltr'>ἐκάθισε-κα).</span> <span class='ocrx_word' id='word_1_875' title='bbox 1596 5693 1770 5773; x_wconf 46' lang='lat' dir='ltr'><strong>male;</strong></span> <span class='ocrx_word' id='word_1_876' title='bbox 1795 5693 2169 5773; x_wconf 71' lang='grc' dir='ltr'>ἠνεῴχθησαν.</span> 
     </span>
    </p>
   </div>
   <div class='ocr_carea' id='block_1_116' title="bbox 433 5763 2137 5845">
    <p class='ocr_par' dir='ltr' id='par_1_116' title="bbox 433 5763 2137 5845">
     <span class='ocr_line' id='line_1_117' title="bbox 433 5763 2137 5845; baseline -0.007 -16"><span class='ocrx_word' id='word_1_877' title='bbox 433 5763 840 5845; x_wconf 49' lang='lat' dir='ltr'><strong>(magna.</strong></span> <span class='ocrx_word' id='word_1_878' title='bbox 874 5763 1115 5824; x_wconf 64' lang='grc' dir='ltr'>ιλίυέᾱι.</span> <span class='ocrx_word' id='word_1_879' title='bbox 1173 5767 1389 5845; x_wconf 79' lang='lat' dir='ltr'><strong>quidem</strong></span> <span class='ocrx_word' id='word_1_880' title='bbox 1443 5763 1614 5845; x_wconf 50' lang='grc' dir='ltr'>ιιῑρεξ</span> <span class='ocrx_word' id='word_1_881' title='bbox 1660 5763 2137 5845; x_wconf 38' lang='lat' dir='ltr'><strong>notasse-.96;</strong></span> 
     </span>
    </p>
   </div>
   <div class='ocr_carea' id='block_1_117' title="bbox 2175 5738 3606 5833">
    <p class='ocr_par' dir='ltr' id='par_1_117' title="bbox 2175 5738 3606 5833">
     <span class='ocr_line' id='line_1_118' title="bbox 2175 5738 3606 5833; baseline -0.017 -15"><span class='ocrx_word' id='word_1_882' title='bbox 2175 5764 2324 5818; x_wconf 74' lang='grc' dir='ltr'>ἕλκει</span> <span class='ocrx_word' id='word_1_883' title='bbox 2366 5759 2675 5833; x_wconf 74' lang='grc' dir='ltr'>ἔμπροσθεν</span> <span class='ocrx_word' id='word_1_884' title='bbox 2725 5756 2908 5814; x_wconf 80' lang='grc' dir='ltr'>αὑτοῦ.</span> <span class='ocrx_word' id='word_1_885' title='bbox 2949 5756 3054 5812; x_wconf 82' lang='lat' dir='ltr'><strong>Sed</strong></span> <span class='ocrx_word' id='word_1_886' title='bbox 3084 5765 3165 5811; x_wconf 88' lang='lat' dir='ltr'><strong>est</strong></span> <span class='ocrx_word' id='word_1_887' title='bbox 3190 5752 3409 5807; x_wconf 75' lang='grc' dir='ltr'>ἕλκεται</span> <span class='ocrx_word' id='word_1_888' title='bbox 3465 5738 3606 5813; x_wconf 75' lang='lat' dir='ltr'><strong>apud</strong></span> 
     </span>
    </p>
   </div>
   <div class='ocr_carea' id='block_1_118' title="bbox 357 5835 2045 5916">
    <p class='ocr_par' dir='ltr' id='par_1_118' title="bbox 357 5835 2045 5916">
     <span class='ocr_line' id='line_1_119' title="bbox 357 5835 2045 5916; baseline -0.008 -15"><span class='ocrx_word' id='word_1_889' title='bbox 357 5835 585 5916; x_wconf 73' lang='lat' dir='ltr'><strong>Gregor.</strong></span> <span class='ocrx_word' id='word_1_890' title='bbox 618 5835 775 5909; x_wconf 55' lang='lat' dir='ltr'><strong>Nan,</strong></span> <span class='ocrx_word' id='word_1_891' title='bbox 805 5856 965 5912; x_wconf 85' lang='lat' dir='ltr'><strong>quem</strong></span> <span class='ocrx_word' id='word_1_892' title='bbox 993 5848 1177 5896; x_wconf 74' lang='grc' dir='ltr'>ηοειει·</span> <span class='ocrx_word' id='word_1_893' title='bbox 1191 5835 1469 5907; x_wconf 71' lang='lat' dir='ltr'><strong>sequitur.</strong></span> <span class='ocrx_word' id='word_1_894' title='bbox 1502 5836 1586 5894; x_wconf 82' lang='lat' dir='ltr'><strong>Cl&#39;.</strong></span> <span class='ocrx_word' id='word_1_895' title='bbox 1618 5847 1743 5894; x_wconf 89' lang='lat' dir='ltr'><strong>nota</strong></span> <span class='ocrx_word' id='word_1_896' title='bbox 1774 5835 2045 5908; x_wconf 76' lang='lat' dir='ltr'><strong>proxima.</strong></span> 
     </span>
    </p>
   </div>
  </div>
