4070 6440
254 446 377 511 9'29
1368 443 1546 503 VITA
1583 442 1945 503 BARLAAM
1987 446 2082 506 ET
2117 449 2468 511 .IOASAPII.
2497 493 2511 508 .
3398 477 3502 538 93,0

244 541 413 635 :(cﬁ
442 538 649 635 τούτων
673 541 983 635 ἀπόδειξιςι
1007 547 1100 600 καὶ
1124 547 1260 612 πῶς,
1288 548 1350 602 τὸ
1375 550 1516 614 τέως
1547 549 1624 622 μὴ
1653 550 1839 604 θεαθὲν

1948 553 2214 627 gestarum
2242 577 2467 617 examen
2497 576 2559 616 ac
2584 577 2806 619 merces.
2843 565 3036 619 Verum
3064 579 3168 635 quo
3195 580 3508 634 argumento

249 629 566 722 μαθόντες,
590 629 766 695 οὕτως
812 633 1100 705 ἀραρότως
1139 637 1235 691 καὶ
1266 637 1686 709 ἀναμφιλέκτως
1723 642 1839 695 ἐπι-

1947 649 2063 704 htec
2091 652 2331 720 probas?
2377 664 2431 707 et
2457 668 2685 720 quonam
2713 655 2763 708 ei
2793 655 2867 708 rei
2900 669 3017 722 qua
3065 654 3297 709 nondum
3340 658 3507 709 oculis

247 721 558 787 στεύσατες
599 721 681 776 Τά
731 724 833 794 μὲν
878 726 986 796 γὰρ
1031 727 1130 799 ἥδη
1166 729 1478 799 πραχθέντα
1516 732 1612 785 καὶ
1659 731 1839 804 ἔργοις

1946 751 2219 809 perspecta
2269 752 2350 795 est
2396 744 2590 797 audita:
2632 753 2792 811 atque
2836 721 3117 798 intellectae
3162 760 3328 813 usque
3374 746 3508 799 adeo

245 813 669 885 φανερωθέντα,
693 815 796 869 κᾶν
823 817 978 870 αὐτοὶ
1001 819 1103 871 οὐκ
1123 818 1313 877 εἴδετε.
1341 820 1479 874 ἀλλά
1497 821 1607 876 τῶν
1631 824 1839 896 ἱστορη-

1945 834 2147 887 tirmam
2178 841 2232 888 et
2262 833 2618 888 indubitatam
2645 834 2800 889 tidem
2829 835 3185 889 adhibuistis?
3225 835 3354 890 Nam
3388 853 3506 905 qua:

245 905 480 960 σάντων
507 906 810 976 ἠκούσατεο
843 908 961 972 πῶς
991 910 1070 974 δὲ,
1103 913 1199 965 καὶ
1223 913 1492 983 περὶτῶν
1534 915 1839 985 μελλόντων

1939 922 2048 992 jam
2079 935 2224 993 gesta
2256 940 2318 979 ac
2346 940 2404 980 re
2434 926 2546 993 ipsa
2573 928 2837 981 declarata
2868 941 2990 981 sunt
3011 967 3026 990 .
3054 929 3258 982 etiamsi
3287 931 3383 995 ipsi
3416 933 3506 983 mi~

236 997 489 1051 τοιαῦτα
522 999 736 1069 μεγάλα
765 1000 860 1053 καὶ.
887 1001 1169 1072 ὑπέρογκα
1195 1003 1584 1075 κηρύττοντες,
1619 1007 1839 1079 ἀσφαλῆ

1942 1016 2088 1068 nime
2116 1015 2358 1072 videritis
2380 1056 2395 1080 ,
2429 1026 2483 1070 at
2511 1019 2577 1070 ah
2608 1017 2670 1070 iis
2697 1020 2782 1085 qui
2808 1033 2869 1070 ea
2896 1019 3140 1072 viderunt
3164 1058 3179 1081 ,
3214 1033 3274 1071 ac
3306 1035 3506 1072 memo-

234 1090 357 1163 τὴν
388 1091 516 1162 περὶ
549 1091 728 1145 αὐτῶν
765 1093 1033 1165 κέκτησθε
1071 1094 1482 1168 πληροφορίανς

1941 1108 2035 1165 rite
2064 1109 2433 1178 prodiderunt,
2462 1110 2754 1164 audivistis.
2779 1110 3015 1177 Quonam
3043 1125 3217 1164 autem
3249 1112 3406 1164 modo
3439 1111 3506 1165 de

1947 1199 2112 1255 rebus
2137 1197 2330 1254 futuris
2361 1210 2465 1253 tam
2497 1215 2684 1268 magna
2712 1208 2764 1252 et
2791 1200 3094 1268 prmtumida
3125 1200 3496 1267 praedicantes,

320 1351 439 1407 Καί
465 1369 627 1424 φησιν
657 1353 686 1404 6
730 1353 1024 1425 Βαρλαάμ·
1071 1355 1166 1410 Ἐκ
1199 1357 1309 1410 τῶν
1345 1359 1446 1430 ἥδη
1478 1361 1837 1432 πραχθέντων

1941 1300 2139 1346 certam
2167 1289 2236 1345 de
2259 1290 2325 1344 iis
2353 1289 2508 1345 (idem
2541 1293 2678 1344 nacti
2707 1291 2876 1344 estis?

233 1446 578 1516 ἐκτησάμην
611 1448 706 1500 καὶ
736 1447 845 1500 τῶν
877 1447 1180 1518 μελλόντων
1217 1449 1317 1522 τὴν
1350 1451 1757 1524 πληροφορίανο
1787 1457 1837 1509 οἱ

232 1537 366 1609 γὰρ
402 1537 576 1591 ταῦτα
608 1537 949 1609 κηρύξαντες
985 1541 1044 1594 ὲν
1076 1541 1252 1596 οὐδενὶ
1293 1542 1395 1613 τῆς
1427 1544 1693 1615 ἀληθείας
1754 1547 1837 1600 δι-

233 1631 619 1736 αμαρτόντεςτ,
647 1631 784 1686 ἀλλά
813 1633 1060 1703 σημείοις
1087 1635 1183 1689 καὶ
1208 1635 1401 1707 τέρασι
1433 1640 1529 1692 καὶ
1558 1638 1836 1704 ποικίλαις

1941 1660 2056 1714 Ι]ωο
2086 1659 2458 1726 praedicarunt,
2486 1673 2584 1714 nec
2610 1658 2714 1712 ulla
2748 1661 2799 1712 in
2832 1673 2890 1712 re
2918 1675 2947 1711 a
2994 1673 3122 1712 vero
3167 1659 3500 1720 aberrarunt,

231 1719 516 1790 δυνάμεσι
567 1719 679 1790 (84)
731 1721 799 1774 τά
845 1721 1102 1792 λεχθέντα
1142 1724 1629 1796 ὲμπεδωσάμενοι,
1679 1728 1836 1782 αὐτοὶ

1939 1763 2123 1802 verum
2156 1763 2248 1817 per
2276 1748 2425 1818 signa
2454 1759 2506 1802 et
2533 1749 2797 1816 prodigia,
2830 1749 3114 1818 variasque
3145 1749 3364 1802 virtutes
3389 1763 3502 1802 ser-

231 1811 366 1919 ξε
404 1813 497 1865 καὶ
532 1812 664 1882 περὶ
699 1813 810 1866 τῶν
843 1815 1153 1884 μελλόντων
1186 1819 1572 1889 εἰσηγήσαντο.
1619 1821 1834 1894 Ὥσπερ

1940 1838 2188 1892 monibus
2217 1838 2327 1892 suis
2359 1839 2522 1893 robur
2547 1839 2898 1893 conciliarunt
2919 1878 2932 1903 ,
2963 1838 3120 1891 iidem
3147 1840 3304 1893 etiam
3334 1841 3400 1893 de
3426 1841 3502 1891 fu-

233 1905 342 1957 οὖν
374 1905 606 1958 ἐνταῦθα
630 1905 782 1960 οὐδὲν
811 1909 998 1960 σκαιὸν
1027 1910 1121 1962 καὶ
1148 1911 1533 1980 πεπλασμένον
1564 1913 1826 1980 ἐδίδαξαν,

1943 1926 2074 1979 turis
2118 1940 2216 1980 nos
2260 1926 2670 1980 admonuerunt.
2723 1926 3177 1992 Quemadmodum
3223 1927 3379 1995 igitur
3419 1927 3502 1982 hic

233 1994 392 2084 ἀλλά
429 1997 608 2050 πάντα
651 1998 1008 2070 φαιδρότερον
1037 2000 1189 2072 ήλίου
1222 2000 1474 2072 ἔλαμψαν
1504 2003 1614 2074 (85)
1644 2006 1744 2059 ὅσα
1772 2023 1832 2060 τε

1937 2014 2069 2069 nihil
2102 2025 2482 2084 praposterutn
2512 2031 2575 2070 ac
2605 2016 2783 2070 [ictum
2815 2017 3143 2082 docuerunt,
3176 1994 3358 2069 verum
3391 2034 3500 2070 om-

234 2082 405 2140 εἷπον
438 2089 535 2142 καὶ
565 2090 851 2163 ἐποίησαν,
880 2092 1056 2157 οὕτως
1087 2099 1250 2149 κακεί
1281 2097 1512 2164 ἀληθινὰ
1539 2099 1834 2169 ἐδογμάτι-

1937 2106 2021 2160 nia
2052 2082 2114 2160 ea
2139 2082 2257 2175 quin
2290 2107 2356 2160 ab
2384 2107 2512 2174 ipsis
2546 2107 2683 2160 dicta
2709 2115 2763 2161 et
2793 2105 2932 2159 facta
2963 2115 3119 2169 sunt,
3152 2105 3264 2160 sole
3310 2107 3501 2159 clarius

239 2197 382 2233 σαν·
414 2180 575 2235 ama
619 2183 713 2236 καὶ
743 2184 908 2248 αὐτὸς
939 2188 967 2239 ό
1001 2186 1209 2258 Κύριος
1252 2188 1410 2260 ἡμῶν
1440 2192 1534 2244 καὶ
1563 2191 1834 2265 δεσπότης

1936 2195 2287 2263 effulserunt,
2341 2198 2528 2251 eodem
2575 2213 2787 2267 quoque
2828 2198 2987 2252 modo
3027 2198 3134 2252 illic
3166 2213 3290 2252 vere
3330 2202 3502 2252 omnia

248 2269 473 2342 Ἰησοῦς
518 2273 756 2344 Χριστὸς
805 2274 950 2347 λόγῳ
1002 2293 1063 2330 τε
1117 2280 1212 2332 καὶ
1267 2278 1416 2351 ἔργῳ
1463 2281 1829 2339 ἐπιστώσατο;

1937 2287 2289 2343 tradiderunt.
2319 2287 2446 2354 Quae
2475 2287 2689 2355 quidem
2716 2288 2873 2341 etiam
2901 2287 3013 2357 ipse
3042 2287 3294 2342 Dominus
3324 2300 3504 2341 noster

249 2364 437 2435 ’Δμὴν
459 2365 591 2437 γὰρ,
625 2366 758 2438 φησὶ
780 2365 914 2438 (86),
937 2367 1082 2436 λέγω
1112 2370 1240 2441 ὑμῖν
1269 2370 1349 2424 ὅτι
1371 2371 1590 2440 ἔρχεται
1615 2372 1757 2446 ὥρα,
1775 2377 1833 2429 ἐν

1936 2393 1998 2432 ac
2029 2379 2187 2432 herus
2213 2378 2368 2432 Jesus
2395 2379 2667 2444 Christus,
2712 2387 2820 2434 tum
2867 2394 3144 2444 sermone,
3185 2389 3294 2431 tum
3335 2391 3500 2446 opere

239 2448 273 2528 ᾖ
301 2456 514 2517 πάντες
542 2457 590 2508 οἱ
621 2458 678 2510 ἐν
709 2459 823 2519 τοῖς
856 2461 1146 2529 μνημείοις
1175 2460 1502 2516 ἀκούσονται
1524 2463 1626 2534 τῆς
1649 2468 1834 2537 φωνῆς

1935 2468 2299 2524 confirmavit.
2329 2467 2497 2523 Amen
2529 2469 2708 2532 enim,
2745 2469 2950 2537 inquit,
2995 2467 3115 2521 thco
3146 2467 3328 2528 vobis,
3380 2480 3500 2534 quia

239 2545 343 2600 τοῦ
381 2546 512 2601 Υἱοῦ
544 2546 640 2601 τοῦ
670 2548 830 2613 Θεοῦ,
859 2552 958 2604 καὶ
989 2553 1038 2606 οἱ
1067 2552 1404 2619 ἀκούσαντες
1426 2556 1706 2628 ζήσονται’
1738 2560 1834 2614 καὶ

1935 2559 2081 2612 venit
2112 2558 2262 2622 hora,
2295 2559 2507 2628 quando
2533 2559 2724 2612 mortui
2754 2558 2969 2612 audient
2990 2572 3174 2611 vocem
3217 2556 3317 2610 Flii
3359 2556 3495 2625 Dei,

243 2632 427 2700 αὖθις·
463 2636 724 2708 Ἔρχεται
765 2638 906 2712 ὥρα,
946 2642 1036 2696 ὅτε
1070 2645 1120 2696 οἱ
1149 2646 1336 2718 νεκροὶ
1370 2647 1698 2704 ἀκούσονται
1731 2652 1834 2722 τῆς

1935 2658 1989 2702 et
2017 2647 2110 2717 qui
2137 2647 2432 2710 audierint,
2460 2648 2639 2702 vivent
2668 2648 2846 2715 (Iona.
2873 2644 2991 2717 xu).
3018 2648 3096 2700 Ac
3122 2661 3328 2700 rursum
3352 2661 3366 2698 :
3398 2644 3500 2700 γε·

242 2727 438 2798 φωνῆς
470 2728 672 2793 αὐτοῦ,
705 2731 798 2784 καὶ
821 2732 1250 2802 ἐκπορεύσονται
1279 2737 1329 2790 oi
1356 2736 1427 2790 τά
1458 2739 1642 2807 ἀγαθά
1679 2745 1836 2813 ποιή-

241 2842 448 2888 σαντες
479 2827 561 2890 sic
593 2825 893 2880 ἀνάστασιν
923 2825 1091 2898 ζωῆς,
1120 2828 1172 2880 οἱ
1199 2828 1256 2881 δὲ
1285 2828 1356 2882 τὰ
1380 2829 1562 2899 φαῦλα
1591 2832 1838 2902 πράξαν-

2012 1472 2308 1551 Respondit
2334 1481 2575 1535 Barlaam
2609 1498 2622 1533 :
2657 1480 2731 1533 Ex
2765 1479 2828 1534 iis
2856 1493 2974 1549 qua:
2999 1478 3104 1546 jam
3137 1478 3502 1548 contigerunt.

1941 1570 2008 1626 de
2039 1571 2227 1625 futuris
2255 1573 2415 1624 etiam
2444 1578 2645 1625 certam
2676 1570 2835 1624 fidem
2864 1579 3047 1624 nactus
3079 1585 3218 1622 sum.
3257 1570 3386 1622 Nam
3417 1571 3503 1634 qui

1936 2738 2016 2794 nit
2043 2739 2170 2792 hora
2192 2778 2206 2802 ,
2240 2739 2290 2792 in
2320 2753 2419 2806 qua
2450 2752 2636 2791 omnes
2661 2739 2750 2806 qui
2783 2740 2834 2790 in
2865 2737 3223 2791 monumentis
3253 2745 3374 2792 sunt
3405 2751 3500 2789 au-

1935 2829 2084 2884 dient
2105 2842 2289 2883 vocem
2321 2829 2436 2882 Filii
2458 2830 2572 2882 Dei.
2589 2829 2651 2881 Et
2675 2829 2967 2896 procedent
2991 2827 3076 2896 qui
3103 2828 3235 2880 bona
3261 2826 3498 2881 fecerunt

238 2941 340 2988 τες
388 2926 471 2988 είς
525 2924 828 2978 ἀνάστασιν
885 2923 1141 2997 κρίσεωςο
1199 2927 1296 2980 καὶ
1329 2927 1492 2982 πάλιν
1555 2933 1685 3004 περὶ
1735 2932 1836 3002 τῆς

239 3017 605 3081 ἀναστάσεως
633 3035 767 3087 φησι
798 3015 907 3070 τῶν
936 3018 1166 3089 νεκρῶν·
1202 3020 1318 3074 Οὐκ
1343 3021 1617 3090 ἀνέγνωτε
1649 3024 1710 3078 τὸ
1740 3025 1839 3096 ρηέ

244 3110 344 3163 θὲν
377 3110 508 3180 ὑμῖν
539 3109 645 3163 ὑπὸ
681 3109 776 3164 τοῦ
807 3108 943 3163 Θεοῦ
978 3109 1253 3180 λέγοντοςο
1312 3112 1455 3182 Ἐγώ
1492 3115 1610 3186 εἰμι
1638 3116 1668 3168 6
1704 3116 1838 3181 Θεὸς

257 3201 517 3272 Ἀϐραὰμ
539 3202 632 3255 καὶ
662 3203 691 3254 6
719 3201 852 3266 Θεὸς
908 3200 1092 3256 Ἰσαὰκ
1125 3204 1220 3256 καὶ
1255 3206 1282 3258 6
1307 3205 1440 3270 Θεὸς
1483 3206 1699 3261 Ἰακιέοϐο
1734 3208 1836 3262 οὐκ

1936 2920 1988 2972 in
2021 2918 2470 2973 resurrectionem
2509 2913 2668 2978 vitae;
2701 2915 2791 2982 qui
2821 2928 2947 2968 vero
2977 2916 3116 2967 mala
3143 2924 3402 2980 egerunt,
3445 2914 3498 2966 in

1936 3007 2384 3061 resurrectionem
2409 3003 2595 3072 judicii
2628 3003 2647 3071 (
2676 3001 2829 3054 Lucae
2863 3017 2927 3054 xx
2954 3000 2996 3070 ).
3040 3001 3117 3056 Ac
3146 3015 3355 3055 rursum
3386 3002 3459 3052 ait
3485 3017 3497 3052 :

1939 3097 2012 3150 De
2065 3106 2394 3149 mortuorum
2451 3103 2626 3148 autem
2685 3091 3086 3146 resurrectione
3141 3104 3246 3144 non
3303 3088 3500 3158 legistis

1934 3185 2073 3254 quod
2118 3183 2314 3238 dictum
2358 3191 2441 3237 est
2482 3182 2630 3236 vobis
2669 3194 2700 3234 a
2743 3181 2880 3243 Deo,
2922 3179 3180 3232 dicente:
3229 3177 3338 3244 Ego
3383 3193 3500 3230 sum

247 3265 401 3349 εστιν
429 3298 458 3348 ό
479 3265 612 3359 ea.
648 3296 781 3360 Θεὸς
815 3295 1044 3368 νεκρῶν,
1083 3297 1221 3353 ἀλλὰ
1247 3265 1465 3362 ζώντων
1493 3301 1626 3373 (87)-
1646 3304 1835 3377 ὥσπερ

1938 3275 2071 3328 Deus
2099 3273 2364 3326 Abraham
2384 3311 2400 3338 ,
2431 3269 2572 3324 Deus
2615 3265 2760 3322 Isaac
2779 3309 2794 3333 ,
2835 3276 2891 3322 et
2933 3267 3072 3321 Deus
3103 3265 3313 3321 Jacobi
3361 3266 3502 3319 Deus

253 3387 372 3460 γὰρ
393 3387 708 3457 συλλέγεται
735 3389 805 3442 τὰ
838 3389 1058 3455 ζιζάνια
1089 3390 1187 3444 καὶ
1218 3393 1355 3464 πυρὶ
1375 3393 1595 3448 καίεται
1614 3435 1630 3460 ,
1661 3395 1836 3462 οὕτως

254 3481 411 3536 ἔσται
441 3484 496 3536 ἐν
523 3485 589 3553 τῇ
622 3483 908 3555 συντελείᾳ
938 3481 1035 3537 τοῦ
1069 3483 1268 3549 αἰῶνος
1296 3485 1511 3540 τούτου·

249 3574 282 3626 6
307 3572 434 3636 Υίὸς
452 3573 550 3628 τοῦ
576 3572 712 3627 Θεοῦ
738 3575 864 3638 τοὺς
892 3575 1162 3644 ἀγγέλους
1189 3575 1359 3630 αὑτοῦ
1388 3578 1485 3632 καὶ⁴
1519 3579 1836 3646 συλλέξουσι

248 3667 436 3722 πάντα
467 3667 540 3722 τά
564 3668 838 3722 σκάνδαλα
863 3669 958 3722 καὶ
983 3669 1110 3733 τοὺς
1136 3669 1425 3735 ποιοῦντας
1454 3671 1555 3743 τὴν
1579 3663 1834 3744 ἀνομίαν,

247 3761 347 3814 καὶ
381 3757 640 3828 βαλοῦσιν
691 3761 890 3825 αὐτοὺς
943 3761 1024 3825 είς
1067 3761 1169 3833 τὴν
1212 3762 1452 3834 κάμινον
1493 3763 1589 3818 τοῦ
1637 3768 1834 3838 πυρός’

247 3851 372 3904 ἐκεῖ
401 3849 561 3905 ἔσται
589 3853 618 3904 6
648 3851 928 3923 κλαυθμός
965 3853 1060 3908 καὶ
1081 3855 1110 3908 ό
1151 3853 1402 3926 βρυγμὸς
1435 3856 1546 3910 τῶν
1582 3857 1832 3913 ὀδόντων·

244 3942 374 3996 τότε
399 3943 452 3996 oi
473 3941 669 3996 δίκαιοι
692 3944 1066 4015 ἐκλάμψουσιν
1089 3946 1166 4011 ὡς
1191 3948 1220 4000 6
1241 3947 1394 4019 ἥλιος
1420 3950 1480 4003 ἐν
1493 3952 1561 4022 τῇ
1587 3949 1836 4026 βασιλείᾳ

246 4032 344 4087 τοῦ
379 4033 594 4106 [ἰατρὸς
623 4035 800 4090 αὐτῶν
829 4035 962 4108 (88).

319 4127 513 4181 Ταῦτα
546 4127 716 4182 εἰπὼν
737 4170 752 4194 ,
797 4130 1133 4203 προσέθετο·
1196 4132 1255 4186 '0
1287 4131 1428 4204 ἔχων
1467 4133 1582 4190 ὦτα
1614 4136 1836 4193 ἀκούειν

244 4219 520 4276 ἀκουέτω.
556 4221 838 4286 Τοιούτοις
873 4223 974 4293 μὲν
1019 4223 1203 4290 λόγοις
1243 4225 1337 4279 καὶ
1371 4225 1582 4298 ἑτέροις
1622 4229 1836 4285 πλείοσι

246 4309 349 4381 τὴν
382 4310 497 4382 69
545 4309 654 4364 τῶν
705 4312 976 4382 σωμάτων
1023 4313 1181 4384 ἡμῶν
1233 4315 1529 4370 ἀνάστασιν
1555 4317 1584 4370 6
1629 4319 1837 4390 Κύριος

247 4403 627 4474 ἐφανέρωσεν·
667 4403 816 4475 ἔργῳ
843 4403 900 4458 δὲ
927 4405 1057 4468 τοὺς
1084 4405 1280 4473 λόγους
1311 4407 1674 4475 ἐπιστώσατο,
1709 4410 1838 4465 πολ-

248 4493 377 4557 λοὺς
407 4493 632 4566 ἐγείρας
660 4496 889 4566 νεκροὺς
907 4535 923 4561 ,
952 4497 1090 4568 πρὸς
1113 4497 1170 4552 δὲ
1200 4497 1278 4570 τῷ
1305 4498 1453 4553 τέλει
1479 4501 1582 4572 τῆς
1607 4503 1702 4555 ἐπὶ
1730 4503 1837 4574 γῆς

1935 3383 2094 3437 porro
2119 3376 2449 3420 mortuorum
2482 3364 2621 3418 Deus
2650 3377 2754 3415 non
2783 3370 2900 3425 est,
2931 3359 3026 3413 sed
3071 3358 3381 3412 viventium.
3436 3356 3501 3410 Ut

1933 3457 2073 3514 enim
2103 3445 2422 3525 colliguntur
2451 3453 2685 3515 zizania,
2726 3459 2782 3504 et
2824 3449 3228 3511 comburuntur,
3277 3446 3355 3500 sic
3398 3445 3500 3500 erit

1934 3549 1986 3602 in
2020 3547 2478 3601 consummatione
2500 3541 2682 3597 surculi
2708 3540 2868 3608 hujus
2893 3537 3104 3610 (Matth.
3126 3534 3306 3604 xxiv).
3332 3535 3501 3588 Mittet

1935 3638 2098 3693 Filius
2130 3637 2220 3692 Dei
2247 3636 2466 3704 angelos
2490 3647 2618 3688 suos
2640 3672 2654 3696 ,
2685 3626 2738 3684 εἰ
2767 3629 3020 3698 colligent
3063 3629 3130 3681 dc
3173 3639 3338 3694 regno
3382 3622 3501 3692 ejus

1930 3731 2110 3788 omnia
2151 3729 2398 3785 scandala
2426 3769 2441 3794 ,
2491 3736 2547 3782 et
2587 3739 2684 3779 eos
2711 3724 2799 3792 qui
2831 3723 3030 3776 faciunt
3058 3719 3406 3787 iniquitatem.
3435 3716 3501 3771 Et

1931 3822 2144 3876 mittent
2187 3834 2282 3876 eos
2331 3819 2383 3872 in
2428 3820 2696 3871 caminum
2751 3813 2934 3882 ignis:
2983 3810 3094 3864 illic
3119 3811 3220 3863 erit
3249 3809 3400 3862 ﬂetus
3442 3815 3497 3862 et

1928 3914 2126 3970 stridor
2150 3913 2408 3969 dentium.
2442 3913 2592 3964 'l‘mtc
2632 3907 2764 3977 justi
2814 3905 3087 3976 fulgebunt
3132 3903 3274 3958 sicut
3311 3902 3393 3958 sol
3435 3901 3490 3956 in

1931 4018 2099 4075 regno
2127 4001 2298 4056 Patris
2325 4017 2506 4055 eorum

2013 4143 2134 4196 Hmc
2169 4141 2352 4196 dicens
2395 4129 2642 4189 addidit?
2667 4136 2763 4202 Qui
2805 4135 2964 4190 habet
3015 4152 3172 4196 aures
3224 4137 3500 4205 audiendi,

1942 4235 2116 4287 audiat
2160 4231 2309 4291 (Luc.
2352 4228 2559 4291 11).,His
2603 4227 2756 4295 igitur
2783 4226 3129 4296 pluribusque
3175 4226 3293 4280 aliis
3371 4236 3496 4276 ver-

1928 4318 2017 4373 bis
2081 4314 2345 4374 Duminus
2413 4328 2692 4386 Corporum
2717 4317 3161 4372 resurrectionem
3191 4315 3500 4371 declaravit.

1936 4411 2126 4478 Reipsa
2170 4417 2343 4462 autem
2369 4407 2706 4462 sermonibus
2751 4406 2860 4461 suis
2911 4407 3069 4460 tidem
3098 4406 3350 4466 astruxit.
3380 4419 3502 4458 cum

1939 4512 2174 4554 mortuos
2199 4497 2261 4550 ad
2293 4499 2452 4549 vitam
2500 4496 2795 4560 revocavit,
2841 4511 2904 4550 ac
2956 4495 3054 4548 sub
3095 4494 3360 4548 terrestris
3386 4493 3502 4546 vita:

247 4584 418 4638 αὑτοῦ
455 4585 763 4651 πολιτείας,
796 4587 893 4640 καὶ
929 4590 1249 4660 τεταρταῖον
1279 4591 1382 4661 ἤδη
1415 4593 1837 4666 καταφθαρέντα

1937 4607 2046 4646 suae
2067 4588 2434 4656 catastrophen
2459 4587 2712 4642 Lamrum
2747 4586 3026 4656 quemdam
3060 4585 3290 4638 amicum
3322 4599 3496 4648 suum,

246 4677 346 4730 καὶ
375 4676 611 4730 ὀδωδότα
650 4678 900 4748 Λάζαρόν
931 4696 1053 4733 τινα
1079 4680 1193 4751 (89)
1228 4681 1382 4749 φίλον
1413 4684 1610 4738 ἐαυτοῦ
1649 4687 1714 4741 ἐκ
1739 4689 1830 4742 τοῦ

1935 4683 2021 4751 qui
2050 4681 2156 4751 jam
2181 4677 2465 4747 quatriduo
2495 4687 2733 4732 mortuus
2765 4686 2900 4740 erat,
2929 4691 2992 4729 ac
3019 4674 3256 4736 fmtebat,
3311 4688 3341 4727 e
3383 4689 3498 4725 mo.

251 4769 543 4840 μνήματος
565 4758 824 4835 καλέσας,
858 4771 951 4823 καὶ
979 4770 1158 4835 ζῶντα
1185 4771 1276 4825 τὸν
1303 4772 1510 4827 ἄπνουν
1557 4793 1839 4848 παραστη-

1935 4779 2185 4826 numento
2214 4769 2433 4836 vocavit,
2464 4782 2688 4837 eumque
2714 4766 2801 4835 qui
2827 4767 3056 4820 animam
3086 4763 3380 4824 efﬂaverat,
3421 4762 3500 4815 vi—

249 4862 513 4932 σάμενος.
560 4860 686 4916 Ἐπὶ
716 4860 932 4926 τούτοις
976 4863 1035 4916 δὲ
1077 4865 1169 4917 καὶ
1208 4865 1373 4928 αὐτὸς
1413 4867 1444 4920 6
1482 4867 1687 4940 Κύριος
1731 4874 1839 4928 ἀπ-

1935 4877 2056 4915 vum
2089 4861 2326 4914 exhibuit
2349 4856 2525 4928 (Joan.
2559 4858 2664 4926 ιι).
2693 4856 2827 4922 Quin
2859 4854 2972 4922 ipse
2998 4867 3208 4922 quoque
3242 4851 3500 4904 Dominus

247 4953 396 5024 αρχὴ
410 4953 523 5024 (90)
547 4953 646 5024 τῆς
669 4952 884 5016 τελείας
910 4955 1004 5006 καὶ
1037 4954 1233 5025 μηκέτι
1254 4955 1473 5029 θανάτῳ
1504 4959 1839 5016 ὑποπιπτού-

1935 4953 2239 5020 perfectam,
2271 4964 2370 5003 nec
2389 4949 2498 5018 jam
2529 4947 2686 5004 morti
2721 4947 3011 5015 subjectam
3047 4943 3495 4998 resurrectionem

252 5061 354 5114 σης
379 5043 731 5108 ἀναστάσεως
751 5042 964 5113 γέγονε,
995 5046 1164 5116 σαρκὶ
1181 5045 1277 5100 τοῦ
1302 5047 1535 5103 θανάτου
1562 5052 1839 5122 γευσάμε-

1935 5045 2227 5111 auspicatus
2252 5051 2329 5094 est
2365 5057 2377 5093 :
2403 5040 2594 5109 quippe
2613 5040 2700 5106 qui
2731 5049 2902 5092 morte
2931 5037 2982 5090 in
3008 5051 3168 5090 carne
3196 5033 3496 5102 degustata,

251 5151 344 5198 νος
373 5134 509 5205 (9i),
535 5134 777 5197 ἀναστὰς
800 5134 858 5188 δέ
886 5133 1182 5205 τριήμερος
1204 5135 1428 5191 καὶτῶν
1449 5138 1660 5209 νεκρῶν
1691 5158 1839 5211 πρω-

1935 5133 2106 5186 triduo
2128 5139 2247 5200 post
2271 5131 2336 5185 ad
2365 5130 2524 5183 vitam
2554 5128 2728 5194 rediit,
2768 5142 2832 5182 ac
2875 5137 3199 5182 mortuorum
3230 5124 3490 5192 primogu.

329 5317 442 5380 (8.4)
473 5317 592 5370 Act.
629 5317 730 5384 Ap.
765 5332 823 5374 ll.
853 5314 926 5367 22
960 5333 972 5368 :
1011 5316 1217 5386 Ἀνδρα
1255 5317 1367 5370 ἀπὸ
1391 5319 1486 5373 τοῦ
1527 5320 1665 5375 Θεοῦ
1698 5321 1837 5376 ἀποδ

254 5388 416 5443 Lonf.
449 5402 570 5443 pag.
603 5385 694 5443 55.
724 5402 777 5439 ιι.
808 5386 862 5440 5.

1935 5318 2152 5393 ιγμένον
2181 5321 2264 5386 εἰς
2291 5321 2438 5393 ὑμᾶς
2471 5320 2737 5391 δυνάμεσι
2775 5319 2870 5373 καὶ
2899 5315 3092 5389 τέρασι
3135 5315 3228 5370 καὶ
3263 5315 3517 5387 σημείας

300 5402 416 5442 om.
449 5402 570 5454 pag.
603 5402 694 5447 ao,
724 5402 777 5439 n.
808 5402 862 5440 ο.
3028 5425 3035 5432 .

351 5402 416 5441 tt.
449 5402 570 5456 pag.
603 5402 694 5447 oo,
724 5402 777 5439 n.
808 5402 862 5440 ο.

351 5456 443 5522 85)
476 5455 701 5510 Locutio
733 5455 948 5510 bihlica.
981 5454 1311 5511 Conferatur
1350 5473 1476 5513 mox
1507 5469 1633 5514 nota
1665 5461 1754 5518 88.

351 5525 442 5594 86)
475 5528 626 5593 Apud
654 5523 810 5578 Joan.
844 5541 894 5590 ν,
922 5526 1015 5588 25,
1046 5526 1138 5579 28.

328 5595 444 5662 (87)
479 5595 640 5650 Marc.
672 5611 769 5657 xu,
801 5595 890 5657 26,
921 5595 991 5648 27
1024 5613 1037 5649 :
1072 5596 1218 5652 conf.
1252 5597 1383 5652 Luc.
1416 5615 1508 5664 xx,
1540 5600 1631 5660 57.
1661 5601 1749 5656 38.

324 5665 442 5736 (88)
472 5664 661 5719 Matth.
694 5680 813 5724 xm,
844 5665 1028 5720 40-45.

472 5736 628 5825 {03".
657 5750 741 5825 ξι,
765 5736 894 5825 ξθρῖ
917 5736 1058 5806 Ἤδη
1087 5737 1201 5825 δέει
1227 5751 1240 5766 ⁶
1270 5741 1594 5825 ςτεταρταξος
1624 5741 1734 5825 γάρ
1761 5743 1899 5825 ἐστι.

330 5805 444 5874 (90)
476 5807 494 5879 ί
525 5805 697 5874 Epist.
730 5805 958 5879 πλοῦν.
1107 5807 1178 5879 25
1211 5826 1223 5860 :
1257 5805 1481 5879 ἀπαρχὴ
1513 5805 1770 5878 Χριστός.
1810 5814 1839 5868 C

1935 5831 2050 5872 mox
2095 5833 2148 5871 n.
2182 5815 2234 5868 4.

326 5873 442 5946 ιω)
473 5873 606 5940 Luc.
637 5893 712 5932 ιι.
746 5873 814 5928 9.7
850 5893 864 5930 :
896 5876 958 5930 Οἳ
991 5877 1052 5931 οὐ
1087 5875 1164 5951 μὴ
1193 5873 1490 5946 γεύσωνται
1530 5873 1783 5937 θανάτου.
