4070 6436
588 426 687 491 931

580 529 720 582 nitus
741 526 963 585 cﬂ'ectus
990 536 1074 585 est
1101 530 1151 600 (ι
1185 527 1308 584 Cor.
1332 530 1469 597 xvi).
1514 528 1822 598 Quanquam
1867 531 2007 582 enim
2052 530 2140 585 alii
2172 529 2217 579 Α

580 623 789 678 quoque
812 626 840 663 a
872 620 1045 666 morte
1070 612 1137 667 ad
1166 612 1326 667 vitam
1352 612 1564 669 excitati
1592 623 1737 681 sunt,
1763 620 1936 669 morte
1963 624 2151 675 tamen,

578 714 764 755 rursus
790 699 954 756 functi
1002 710 1148 770 sunt,
1193 718 1291 757 nec
1339 702 1529 758 futurae
1556 720 1695 759 verae
1742 706 2146 761 resurrectionis

576 788 862 860 imaginem
890 792 1143 847 exhibere
1171 800 1472 859 potuerunt.
1514 792 1671 849 Solus
1713 803 1889 849 autem
1914 794 2029 863 ipse
2054 809 2146 849 re-

576 883 925 938 surrectionis
946 884 1087 938 illius
1119 892 1305 938 auctor
1327 900 1390 940 ac
1418 885 1662 955 princeps
1689 887 1911 951 exstitit,
1962 896 2019 940 ut
2055 886 2145 953 qui

579 973 866 1028 immortali
896 973 1289 1028 resurrectione
1315 974 1378 1027 ad
1407 974 1569 1028 vitam
1616 976 1850 1031 redierit.
1900 975 2026 1030 Haec
2066 974 2145 1028 illi

575 1062 733 1115 etiam
762 1060 852 1131 qui
882 1063 949 1117 ab
978 1062 1130 1117 initio
1157 1073 1485 1131 spectatores
1504 1079 1568 1118 ac
1594 1065 1822 1121 ministri
1848 1065 1996 1120 verbi
2033 1064 2142 1118 l'ue-

574 1162 719 1221 runt,
748 1155 1122 1222 pradicarunt.
1144 1157 1230 1209 Ait
1246 1157 1385 1211 enim
1408 1157 1590 1211 beatus
1609 1158 1822 1223 Paulus,
1840 1158 1929 1228 qui
1956 1172 2058 1212 non
2079 1155 2143 1210 ah

574 1242 900 1310 hominibus,
932 1245 1025 1300 sed
1055 1262 1086 1301 e
1110 1248 1247 1301 coelo
1274 1257 1492 1304 vocatus
1529 1256 1613 1303 est
1639 1246 1781 1317 (Gal.
1816 1248 1857 1317 ι)
1908 1267 1921 1301 :
1953 1250 2142 1307 Notum

571 1335 727 1389 vobis
748 1336 903 1401 iacio,
935 1336 1148 1403 fratres,
1180 1338 1521 1409 Evangelium
1551 1339 1691 1409 quod
1714 1340 2019 1395 annuntiavi
2046 1356 2144 1395 vo-

575 1427 678 1481 bis.
706 1427 917 1482 Tradidi
939 1429 1078 1483 enim
1094 1428 1244 1483 vobis
1267 1429 1321 1482 in
1342 1429 1521 1497 primis
1542 1428 1682 1497 quod
1703 1439 1756 1484 et
1778 1429 1978 1498 accepi,
2002 1430 2142 1500 quod

577 1520 820 1575 Christus
848 1530 1090 1576 mortuus
1119 1530 1201 1577 est
1228 1537 1322 1591 pro
1348 1523 1579 1591 peccatis
1622 1524 1817 1579 nostris
1852 1525 2140 1581 secundum

573 1611 897 1681 Scripturas,
935 1623 989 1668 et
1012 1614 1150 1683 quod
1189 1615 1428 1682 sepultus
1456 1616 1557 1681 est,
1588 1626 1642 1670 et
1661 1616 1802 1684 quod
1829 1618 2139 1685 resurrexit,

570 1703 863 1756 secundum
892 1703 1188 1770 Scripturas
1219 1704 1393 1772 (Rom.
1425 1705 1523 1774 iv).
1573 1705 1628 1759 Si
1678 1716 1853 1760 autem
1898 1706 2141 1762 Christus

570 1792 888 1859 prmdicatur
917 1793 1057 1862 quod
1087 1774 1371 1848 resurrein
1401 1809 1430 1847 a
1461 1795 1703 1861 mortuis,
1743 1797 2008 1865 quomodo
2054 1798 2137 1864 di-

569 1891 697 1935 cunt
726 1884 959 1952 quidam,
990 1884 1129 1957 quod
1174 1886 1491 1941 resurrectio
1520 1895 1846 1942 mortuorum
1874 1902 1977 1941 non
2007 1898 2089 1943 est
2114 1890 2139 1942 ἲ

573 1969 706 2025 Nam
748 1974 789 2026 si
824 1974 1016 2027 mortui
1044 1990 1147 2028 non
1179 1985 1483 2045 resurgunt,
1524 1991 1593 2031 ne
1638 1978 1879 2031 Christus
1925 1979 2135 2048 quidem

571 2065 883 2118 resurrexit.
917 2064 975 2120 Si
1004 2076 1179 2121 autem
1209 2067 1455 2122 Christus
1475 2083 1578 2123 non
1626 2071 1932 2135 resurrexit,
1964 2071 2133 2126 inanis

568 2163 650 2207 est
678 2155 807 2210 ﬁdes
828 2167 1023 2213 vestra.
1053 2159 1236 2213 Adhuc
1264 2161 1394 2215 estis
1425 2162 1477 2215 in
1505 2163 1736 2229 peccatis
1755 2165 1965 2217 vestris.
1997 2163 2054 2220 Si
2079 2164 2133 2219 in

565 2243 667 2298 hac
690 2253 889 2299 tantum
915 2247 1021 2300 vita
1060 2258 1333 2317 sperantes
1362 2265 1543 2304 sumus
1572 2252 1623 2304 in
1652 2250 1887 2320 Christo,
1915 2252 2136 2307 misera-

567 2332 785 2388 biliores
809 2350 993 2390 sumus
1013 2338 1258 2391 omnibus
1282 2340 1601 2394 hominibus.
1624 2340 1772 2395 Nunc
1791 2351 1967 2397 autem
1988 2340 2136 2397 Chri-

564 2428 680 2476 stus
704 2426 995 2479 resurrexit
1015 2440 1044 2479 a
1059 2429 1303 2493 mortuis,
1326 2428 1570 2496 primitiae
1581 2430 1972 2486 dormientium.
1994 2433 2134 2500 Quo-

564 2514 704 2567 niam
726 2516 938 2585 quidem
962 2530 1055 2586 per
1076 2517 1341 2575 hominem
1366 2536 1531 2587 mors,
1556 2538 1651 2591 per
1672 2524 1936 2579 hominem
1957 2536 2131 2582 autem

564 2608 889 2663 resurrectio
938 2619 1289 2667 mortuorum.
1339 2613 1406 2669 Ut
1448 2615 1590 2670 enim
1637 2617 1691 2670 in
1732 2615 1902 2672 Adam
1948 2633 2133 2675 omnes

565 2698 860 2753 moriuntur
890 2737 908 2766 ,
981 2700 1056 2755 ita
1108 2702 1160 2755 in
1215 2702 1431 2758 Christo
1485 2720 1672 2760 omnes
1726 2707 2134 2764 viviﬁcabuntur

567 2782 621 2855 (ι
652 2784 768 2841 Cor.
802 2790 917 2855 xv).
951 2790 1016 2844 Et
1044 2795 1221 2860 paucis
1249 2795 1537 2863 interjectis
1566 2812 1582 2849 :
1611 2796 1833 2865 Oportet
1850 2799 2015 2867 enim,
2046 2800 2132 2854 in-

562 2876 697 2945 quit,
744 2880 1093 2948 corruptibile
1142 2885 1241 2937 hoc
1289 2884 1508 2939 induere
1556 2887 2025 2955 incorruptionem,
2078 2899 2134 2944 et

563 2968 788 3021 mortale
832 2969 933 3024 hoc
982 2970 1202 3027 induere
1248 2973 1715 3032 immortalitatem.
1769 2977 1902 3034 Cum
1953 2986 2155 3035 autem»

566 3058 794 3111 mortale
824 3059 924 3115 hoc
950 3060 1181 3116 induerit
1200 3063 1674 3131 immortalitatem,
1704 3076 1829 3124 tunc
1849 3069 1939 3125 ﬂet
1956 3085 2134 3127 sermo

564 3147 653 3214 qui
713 3151 942 3220 scriptus
1002 3161 1101 3216 est,
1148 3152 1409 3222 Absorpta
1462 3163 1545 3210 est
1602 3172 1748 3213 mors
1792 3159 1847 3214 in
1888 3159 2128 3217 victoria.

564 3234 665 3291 Ubi
714 3240 1246 3303 est,inors,victoria
1291 3244 1416 3299 tua?
1464 3245 1562 3301 Ubi
1603 3250 2132 3315 est,mors,stimulus

563 3328 716 3381 tuus?
736 3318 741 3327 ”
763 3328 1072 3386 Destruetur
1112 3344 1291 3389 autem
1329 3350 1546 3404 prorsus
1573 3351 1635 3392 ac
1660 3338 1919 3396 delebitur
1941 3345 2129 3397 mortis

563 3419 819 3485 potentia,
851 3430 906 3473 ut
934 3436 1055 3490 quae
1081 3421 1188 3491 jam
1217 3423 1323 3477 vim
1377 3438 1527 3480 suam
1573 3440 1676 3482 non
1715 3437 1917 3497 exerat,
1944 3445 2128 3485 verum

562 3508 813 3579 deinceps
838 3510 1139 3569 hominibus
1167 3515 1538 3571 immortalitas
1565 3527 1723 3588 atque
1750 3520 2127 3590 incorruptibi-

563 3602 684 3657 litas
705 3605 1027 3673 sempiterna
1045 3607 1391 3661 concedatur.
1410 3608 1522 3662 Erit
1543 3610 1720 3678 igitur,
1747 3612 1868 3677 erit,
1891 3613 2127 3682 inquam,

562 3694 681 3748 sine
709 3695 815 3748 ulla
845 3695 1173 3751 dubitatione
1198 3707 1531 3752 mortuorum
1582 3701 1917 3767 resurrectio,
1969 3701 2129 3771 idque

562 3786 864 3840 certissime
885 3787 1171 3843 credimus.
1203 3789 1500 3855 Quinetiam
1526 3805 1701 3845 rerum
1730 3794 1783 3846 in
1806 3795 1911 3847 vita
1957 3806 2130 3862 gesta-

565 3892 706 3942 rum,
738 3893 959 3934 examen
989 3895 1052 3937 ac
1077 3884 1291 3948 praemia
1320 3892 1376 3938 et
1418 3900 1601 3953 poenas
1644 3886 1757 3941 fore
1800 3897 2128 3955 perspectum

568 3965 849 4036 habemus,
874 3970 927 4023 in
958 3973 1243 4027 metuendo
1272 3974 1516 4030 videlicet
1543 3978 1798 4032 adventus
1818 3976 2017 4034 Christi
2044 3980 2132 4034 die

561 4053 615 4125 (1
643 4055 758 4112 Pet.
792 4060 878 4125 ιι),
910 4060 960 4113 in
986 4074 1091 4130 quo
1135 4063 1256 4116 coeli
1302 4064 1421 4133 igne
1466 4066 1735 4121 solventur
1780 4076 1829 4123 et
1869 4070 2129 4123 elementa

564 4147 757 4203 ardore
778 4150 1173 4218 contabescent,
1192 4164 1245 4208 ut
1264 4154 1494 4225 theologi
1514 4155 1786 4225 cujusdam
1798 4158 1971 4213 verbis
1988 4166 2127 4215 utar.

561 4236 739 4292 Novos
757 4248 933 4295 autem
963 4244 1148 4310 ctelos,
1180 4259 1243 4299 ac
1272 4262 1467 4301 novam
1497 4258 1691 4303 terram
1724 4250 2012 4306 secundum
2050 4251 2131 4321 ip-

562 4329 675 4383 sius
703 4334 1105 4399 promissionem
1138 4346 1526 4406 exspectamus.
1553 4339 1682 4394 Nam
1704 4342 1846 4411 quod
1874 4342 1982 4397 illic
2001 4357 2130 4412 ope-

558 4434 677 4473 rutn
708 4425 923 4488 praemia
947 4434 1001 4477 et
1021 4439 1191 4494 poenae
1210 4429 1336 4495 sint,
1365 4430 1599 4499 nihilque
1625 4433 1842 4487 omnino
1870 4434 2127 4489 bonorum

558 4509 642 4562 vel
670 4512 931 4567 malorum
975 4517 1290 4588 negligatur,
1319 4535 1500 4575 verum
1526 4531 1579 4575 et
1606 4524 1897 4589 actionum,
1929 4535 1983 4580 et
2010 4543 2126 4582 ver-
2164 4547 2216 4606 υ

558 4600 771 4671 borum,
808 4612 863 4658 et
884 4607 1260 4675 cogitationum
1288 4628 1495 4667 merces
1522 4615 1792 4668 recondita
1815 4616 1902 4679 sit,
1931 4633 1997 4672 ex
2044 4620 2123 4673 his

553 4692 749 4749 Christi
782 4698 957 4753 verbis
983 4712 1187 4755 constat
1215 4719 1229 4755 :
1254 4704 1563 4774 Quicunque
1589 4717 1768 4774 potum
1794 4708 2000 4763 dederit
2028 4712 2121 4765 uni

551 4796 620 4837 ex
648 4784 880 4841 minimis
910 4788 1027 4842 istis
1052 4790 1272 4845 calicem
1301 4806 1451 4860 aquae
1480 4793 1699 4861 frigida,
1732 4804 1931 4850 tantum
1960 4798 2013 4851 in
2034 4812 2127 4853 no-

553 4873 701 4929 mine
720 4875 987 4946 discipuli,
1012 4896 1117 4935 non
1136 4882 1322 4948 perdet
1336 4886 1631 4940 mercedem
1645 4901 1794 4941 suam
1813 4886 2026 4956 (Matth.
2042 4890 2119 4959 x).

653 5110 723 5165 95

562 5249 805 5323 Χριστοῦ
837 5251 930 5323 καὶ⁵
955 5250 1090 5304 Θεοῦ
1117 5252 1352 5323 [ξατρός.

654 5318 743 5396 ἓξ)
776 5319 999 5396 i_l£pis_t.
1031 5323 1096 5396 ad
1127 5318 1255 5377 Cor;
1287 5340 1376 5396 xv.
1408 5326 1432 5379 1
1471 5340 1592 5396 sqq.

566 5528 1001 5599 παροιμιῶδες...
1030 5531 1161 5586 Cod.
1194 5533 1335 5589 2720
1366 5552 1378 5587 :
1411 5535 1565 5591 ἔσται
1600 5555 1682 5591 σοι
1716 5528 1867 5592 ἔσται
1894 5542 2060 5597 οὐκ...

774 5600 923 5673 ᾒειι·ἶ
953 5601 992 5654 ΙΙ
1022 5599 1192 5673 Epist.
1226 5620 1309 5669 ιιι,
1347 5604 1434 5673 12,
1468 5607 1556 5661 15.

630 5668 741 5737 (99)
772 5668 966 5724 Matth.
1000 5668 1175 5734 me.

626 5740 705 5809 (l)
739 5738 829 5794 Sic
858 5742 1073 5795 codices
1099 5743 1208 5796 AC.

622 5810 701 5880 (2)
734 5809 923 5867 Matth.
956 5827 1081 5877 xxv,
1113 5811 1175 5865 51
1212 5829 1366 5883 seqq.

1941 404 2293 473 ADDENDA
2306 458 2321 474 .

3723 417 3833 477 932

2245 520 2467 582 τότοκος
2502 517 2794 588 γενόμενος
2850 516 2985 587 (92).
3043 514 3385 587 Ἠγέρθησαν
3439 516 3541 587 μὲν
3581 516 3695 588 γὰρ
3743 527 3844 574 και

2244 612 2393 668 ἄλλοι
2422 613 2487 665 ἐκ
2513 612 2623 664 τῶν
2660 610 2872 681 νεκρῶν
2892 648 2907 672 ,
2939 608 3056 663 ἀλλ’
3094 604 3256 672 αὖθις
3293 609 3568 663 ἀπέθανον
3597 611 3694 663 καὶ
3735 611 3841 665 οὐκ

2246 703 2490 773 ἔφθασαν
2511 701 2699 755 είκόνα
2726 701 2828 771 τῆς
2864 698 3170 771 μελλούσης
3195 699 3455 771 ἀληθινῆς
3481 700 3843 764 ἀναστάσεως

2248 796 2600 870 παραστῆσαι
2619 812 2633 826 ’
2674 794 2836 865 μόνος
2860 794 2918 847 δέ
2944 793 3101 857 αὐτὸς
3128 795 3229 862 τῆς
3255 794 3611 857 ἀναστάσεως
3628 794 3846 861 ἐκείνης

2246 891 2491 963 ἀρχηγὸς
2546 888 2801 957 ἐγένετο,
2851 886 3072 958 πρῶτος
3124 885 3226 957 τήν
3274 886 3547 940 ἀθάνατον
3591 885 3848 958 ἐγερθεὶς

2247 985 2563 1039 ἀνάστασιν.
2608 982 2797 1037 Ταῦτα
2848 982 2945 1036 καὶ
2987 981 3038 1033 oi
3076 981 3171 1034 ἀπ’
3210 981 3384 1051 ἀρχῆς
3422 981 3697 1033 αὐτόπται
3747 980 3845 1032 »αἱ

2247 1078 2517 1150 ὑπηρέται
2545 1077 2831 1147 γενόμενοι
2863 1075 2959 1127 τοῦ
2998 1073 3157 1142 λόγου
3202 1072 3480 1144 ἐκήρυξαν
3522 1074 3660 1144 (93).
3702 1074 3843 1142 Φησὶ

2247 1172 2355 1243 γὰρ
2384 1168 2414 1225 6
2460 1170 2730 1242 μακάριος
2776 1166 3032 1231 Παῦλος,
3082 1160 3144 1218 οῦ
3188 1167 3222 1236 ή
3263 1166 3459 1236 κλῆσις
3500 1166 3603 1218 οὐκ
3653 1164 3714 1229 ἐξ
3750 1167 3846 1217 ἀν-

2248 1259 2502 1334 Θρὼπων,
2535 1259 2653 1312 ἀλλ’
2686 1255 2983 1330 οὐρανόθεν
3018 1254 3131 1327 (94)
3171 1255 3395 1324 γέγονε*
3435 1254 3699 1325 Γνωρίζω
3726 1254 3841 1323 (95)

2248 1356 2397 1426 ὑμῖν,
2429 1353 2666 1421 ἀδελφοὶ,
2697 1351 2760 1404 τὸ
2790 1348 3123 1419 Εὐαγγὲλιον
3153 1348 3182 1401 6
3211 1347 3658 1418 εὐηγγελισάμην
3689 1348 3839 1416 ὑμῖν·

2249 1446 2541 1519 παρέδωκα
2570 1445 2678 1516 γὰρ
2702 1444 2832 1515 ὑμῖν
2868 1444 2927 1496 ἐν
2956 1440 3195 1513 πρώτοις
3217 1440 3246 1493 ὃ
3272 1441 3366 1492 καὶ
3392 1438 3726 1511 παρέλαὸον.
3758 1440 3845 1491 ὅτι

2248 1539 2482 1610 Χριστὸς
2531 1537 2799 1591 ἀπέθανεν
2834 1534 2975 1605 ὺπέρ
3012 1533 3122 1587 τῶν
3151 1533 3439 1603 ἁμαρτιῶν
3472 1531 3651 1602 ήμῶν,
3700 1532 3842 1585 κατά

2248 1631 2346 1695 τὰς
2386 1631 2629 1701 Γραφάς·
2668 1630 2718 1680 εί
2756 1628 2815 1680 δέ
2856 1625 3096 1697 Χριστὸς
3143 1623 3503 1696 κηρύσσεται,
3534 1623 3620 1675 ὅτι
3656 1624 3722 1676 ἐκ
3750 1640 3839 1675 νε-

2249 1721 2397 1793 κρῶν
2421 1721 2739 1792 ἐγήγερται,
2769 1718 2877 1788 ⁷ο
2909 1715 3028 1779 πῶς
3065 1714 3286 1783 λέγουσί
3311 1731 3456 1777 τινες
3482 1714 3567 1767 ὅτι
3602 1713 3841 1767 ἀνάστα-

2252 1832 2335 1879 σις
2366 1814 2468 1867 οὐκ
2511 1811 2691 1877 ἐστιν;
2731 1811 2781 1864 εί
2824 1810 2935 1880 γὰρ
2984 1808 3162 1879 νεκροὶ
3196 1807 3298 1861 οὐκ
3337 1805 3684 1876 ἐγείρονται,
3717 1805 3840 1857 οὐδὲ

2251 1906 2489 1980 Χριστὸς
2526 1905 2827 1975 ἐγήγερται
2851 1918 2865 1932 ·
2909 1902 2957 1954 εί
2987 1900 3046 1954 δέ
3077 1900 3313 1971 Χριστὸς
3353 1900 3454 1953 οὐκ
3493 1900 3800 1969 ἐγήγερται
3823 1939 3837 1961 ,

2250 1996 2456 2068 ματαία
2494 1998 2528 2066 ή
2577 1994 2764 2057 πίστις
2800 1991 2982 2063 ἡμῶν,
3025 1990 3107 2043 ἐτι
3138 1990 3265 2042 ἐστέ
3310 1990 3369 2043 ἐν
3410 1990 3533 2052 ταῖς
3580 1988 3839 2059 ἀνομίαις

2246 2090 2434 2162 ὑμῶν·
2469 2091 2519 2142 εί
2552 2089 2611 2140 ἐν
2642 2089 2710 2157 τῇ
2744 2086 2857 2156 ζωῇ
2898 2084 3070 2154 ταύτῃ
3092 2082 3389 2153 ἠλπικότες
3416 2083 3587 2153 ἐσμὲν
3611 2083 3673 2134 ἐν
3701 2082 3839 2151 Χρι-

2247 2181 2357 2253 στῷ
2403 2181 2584 2252 μόνον,
2629 2177 2981 2248 ἐλεεινότεροι
3020 2176 3239 2230 πάντων
3282 2173 3591 2245 ἀνθρώπων
3644 2174 3836 2244 ἐσμέν.

2246 2274 2384 2328 Νυνὶ⁸
2412 2273 2469 2325 δὲ
2490 2270 2734 2342 Χριστὸς
2770 2270 3069 2341 ἐγήγερται
3107 2269 3171 2321 ἐκ
3195 2266 3428 2338 νεκρῶν,
3460 2266 3689 2339 ἀπαρχὴ
3730 2266 3841 2318 τῶν

2246 2361 2663 2432 κεκοιμημένων
2694 2360 3022 2431 γενόμενος’
3060 2357 3248 2430 ἐπειδὴ
3280 2358 3391 2430 γάρ
3434 2357 3503 2410 δι’
3541 2356 3836 2428 ἀνθρώπου

2245 2456 2274 2507 6
2303 2452 2566 2518 θάνατος,
2619 2450 2717 2505 καὶ
2769 2449 2838 2502 δι’
2890 2447 3181 2518 ἀνθρώπου
3228 2448 3529 2511 ἀνάστασις
3580 2446 3800 2518 νεκρῶν
3823 2465 3838 2479 ·

2244 2545 2434 2617 ὥσπερ
2455 2543 2564 2616 γὰρ
2586 2544 2644 2596 ἐν
2682 2542 2762 2614 τῷ
2795 2542 2970 2609 Ἀδὰμ
2992 2542 3191 2604 πάντες
3219 2538 3675 2611 ἀποθνήσκουσιν,
3696 2538 3842 2594 οὕτω

2244 2638 2341 2691 καὶ⁵
2387 2638 2445 2689 ἐν
2497 2635 2577 2706 τῷ
2611 2634 2836 2707 Χριστῷ
2890 2634 3092 2697 πάντες
3137 2631 3640 2703 ζωοποιηθήσονται
3693 2632 3837 2702 (96).

2243 2729 2355 2781 Καὶ
2383 2726 2501 2798 μετ’
2526 2726 2704 2794 ὀλίγαο
2728 2728 2821 2777 Δεῖ
2845 2724 2954 2796 γάρ
2975 2724 3038 2776 τὸ
3062 2722 3301 2794 φθαρτὸν
3321 2722 3481 2776 τοῦτο
3506 2720 3838 2775 ἐνδύσασθαι

2242 2819 2557 2891 ἀφθαρσίαν
2607 2818 2703 2871 καὶ
2738 2816 2801 2870 τὸ
2842 2816 3037 2886 θνητὸν
3069 2814 3228 2869 τοῦτο
3263 2813 3593 2869 ἐνδύσασθαι
3634 2814 3839 2867 ἀθαναο

2245 2915 2389 2966 σίαν·
2428 2913 2558 2966 ὅταν
2589 2911 2647 2964 δὲ
2668 2911 2730 2964 τὸ
2758 2909 3003 2980 φθαρτὸν
3025 2909 3187 2963 τοῦτο
3208 2908 3498 2979 ἐνδύσηται
3521 2908 3837 2980 ἀφθαρσίαν

2242 3006 2336 3058 καὶ
2363 3005 2424 3058 τὸ
2453 3003 2645 3075 θνητὸν
2675 3004 2834 3057 τοῦτο
2862 3002 3151 3073 ἐνδύσηται
3176 3001 3501 3065 ἀθανασίαν,
3532 3000 3659 3054 τότε
3697 3001 3837 3072 πλη-

2246 3097 2550 3171 ρωθήσεται
2570 3098 2599 3151 6
2625 3096 2784 3167 λόγος
2806 3097 2836 3149 ό
2856 3094 3265 3167 γεγραμμένος·
3289 3093 3585 3166 Κατεπόθη
3617 3095 3646 3147 6
3673 3094 3837 3148 θάνα-

2168 3212 2211 3269 C
2243 3208 2332 3254 τος
2354 3193 2434 3254 είς
2463 3193 2633 3255 νῖκος’
2660 3190 2765 3243 ποῦ
2799 3206 2916 3253 σου,
2942 3188 3163 3251 θάνατε,
3195 3188 3256 3241 τὸ
3280 3187 3539 3258 κέντρον;
3576 3186 3685 3240 ποῦ
3719 3205 3835 3251 σου,

2244 3280 2368 3353 ᾷδη,
2388 3280 2450 3333 τὺ
2471 3283 2647 3345 νῖκος;
2671 3281 3047 3352 Καταργεῖται
3070 3278 3180 3350 γὰρ
3204 3279 3396 3332 τέλεον
3416 3280 3451 3349 ή
3473 3278 3568 3331 τοῦ
3596 3278 3836 3332 θανάτου

2241 3375 2470 3446 δύναμις
2490 3373 2614 3428 τότε
2637 3374 2732 3427 καὶ
2754 3370 3098 3441 ἀφανίζεται,
3131 3370 3329 3441 μηκέτι
3352 3369 3489 3432 ὅλως
3511 3368 3835 3440 ἐνεργοῦσα,

2242 3468 2356 3521 ἀλλ’
2383 3465 2656 3521 ἀθανασία
2685 3462 2871 3517 λοιπὸν
2900 3461 2997 3518 καὶ
3029 3460 3311 3532 ἀφθαρσία
3342 3460 3553 3513 δίδοται
3585 3463 3707 3523 τοῖς
3739 3461 3837 3512 ἀν-

2243 3560 2480 3633 θρώποις
2526 3555 2762 3619 αἰώνιος.
2798 3556 2993 3608 Ἔσται
3024 3548 3142 3619 οὖν,
3176 3552 3327 3606 ἔσται
3343 3552 3454 3622 (97)
3489 3552 3831 3621 ἀναμφιλέκ-

2240 3669 2349 3716 τως
2385 3653 2419 3721 ή
2457 3650 2565 3703 τῶν
2597 3647 2805 3719 νεκρῶν
2842 3646 3135 3707 ἀνάστασις
3164 3685 3180 3711 ,
3209 3643 3303 3697 καὶ
3345 3642 3503 3697 τοῦτο
3554 3642 3830 3696 ἀνενδοιά-

2244 3763 2383 3809 στως
2405 3744 2751 3814 πιστεύομεν
2778 3741 2915 3798 ἀλλά
2950 3741 3045 3795 καὶ
3071 3738 3307 3809 ἀμοιϐὰς
3338 3736 3431 3790 κα)⁵
3460 3734 3699 3799 εὐθύνας
3729 3733 3833 3788 τῶν

2244 3837 2588 3908 βεϐιωμένων
2634 3834 2982 3906 γινώσκομεν
3011 3832 3150 3887 κατά
3195 3830 3293 3902 τὴν
3350 3827 3589 3898 φοϐερὰν
3620 3826 3831 3896 ἡμέραν

2241 3931 2342 4000 τῆς
2375 3928 2469 3983 τοῦ
2494 3929 2730 4001 Χριστοῦ
2764 3926 3090 4000 παρουσίας,
3121 3926 3188 3978 δι’
3217 3920 3284 3997 ἦς
3313 3923 3534 3992 οὐρανοὶ
3556 3918 3834 3990 πυρούμε-

2240 4038 2322 4075 νοι
2351 4020 2675 4093 λυθήσονται
2700 4021 2795 4075 καὶ
2825 4020 3062 4088 στοιχεῖα
3105 4016 3453 4083 καυσούμενα
3481 4012 3737 4082 τήκεται,
3761 4009 3835 4074 ὦς

2241 4115 2375 4184 φησί
2397 4131 2479 4177 τις
2504 4112 2614 4184 (98)
2640 4113 2750 4164 τῶν
2783 4109 3082 4182 θεηγόρων,
3106 4108 3209 4177 71
3235 4106 3452 4167 καινοὺς
3474 4104 3530 4157 δὲ
3560 4104 3831 4174 οὐρανοὺς

2239 4206 2335 4259 καὶ
2375 4204 2569 4274 καινήν
2601 4204 2705 4271 γῆν
2724 4242 2741 4267 ,
2773 4202 2914 4255 κατά
2937 4200 3000 4253 τὸ
3036 4197 3365 4267 ἐπάγγελμα
3390 4195 3555 4249 αὐτοῦ
3593 4196 3831 4263 προσδο-

2240 4298 2446 4368 κῶμεν.
2488 4296 2612 4350 Ὅτι
2643 4295 2753 4366 γὰρ
2783 4294 3012 4365 ἀμοιδαὶ
3049 4293 3141 4346 καὶ
3179 4290 3401 4344 εὐθύναι
3448 4290 3558 4341 εἰσὶ
3588 4288 3706 4342 τῶν
3743 4289 3831 4359 ἑρ-

2238 4404 2352 4459 γων
2375 4389 2511 4454 ἐκεῖ,
2537 4386 2635 4441 καὶ
2656 4386 2810 4440 οὐδὲν
2835 4385 2973 4448 ὅλως
2997 4383 3105 4437 τῶν
3136 4381 3359 4451 ἀγαθῶν
3382 4380 3415 4450 ἦ
3438 4379 3547 4432 τῶν
3572 4379 3829 4449 πονηρῶν

2240 4480 2694 4553 παροφθήσεται,
2739 4478 2877 4532 ἀλλά
2922 4476 3019 4531 καὶ
3059 4476 3240 4547 ἔργων
3291 4474 3391 4527 καὶ
3424 4472 3697 4543 ῥημάτων
3733 4473 3826 4524 καὶ

2242 4571 2592 4640 ἐνθυμήσεων
2633 4566 3021 4630 ἀνταποδόσεις
3062 4565 3410 4626 ἀπόκεινται,
3440 4562 3645 4632 δῆλονο
3694 4560 3828 4631 φησι

2242 4663 2350 4733 γὰρ
2378 4663 2408 4715 6
2434 4661 2672 4732 Κύριος*
2707 4660 2805 4722 ⁸ος
2837 4658 2949 4728 (99)
2982 4657 3077 4710 ἐὰν
3106 4656 3307 4729 ποτίσῃ
3336 4655 3433 4707 ἓνα
3462 4655 3573 4706 τῶν
3609 4652 3826 4722 μικρῶν

2240 4753 2448 4808 τούτων
2469 4752 2730 4824 ποτήριον
2752 4748 2996 4821 ψυχροῦν
3029 4749 3105 4819 (1)
3135 4749 3297 4819 μόνον
3324 4747 3404 4809 εἰς
3436 4744 3611 4813 ὄνομα
3648 4743 3825 4813 μαθη-

2243 4843 2369 4908 τοῦ,
2395 4843 2456 4897 οὐ
2499 4843 2573 4914 μὴ
2626 4843 2869 4913 ἀπολέσῃ
2902 4841 2994 4894 τὸν
3030 4840 3223 4911 μισθὸν
3267 4837 3460 4892 αὐτοῦ.
3497 4836 3612 4889 Καὶ
3662 4834 3823 4888 πάλιν

2242 4936 2413 5005 λέγει’
2453 4933 2625 4990 Ὅταν
2669 4935 2747 5004 (2)
2780 4933 2911 5008 ἐλθῃ
2957 4936 2986 4987 6
3019 4933 3148 4997 Υίὸς
3195 4930 3291 4985 τοῦ
3329 4928 3617 5001 ἀνθρώπου
3662 4928 3725 4979 ἐν
3756 4928 3823 4996 τῇ

654 5037 745 5131 ﬁ)
775 5038 947 5131 Fpist.
978 5039 1047 5131 at;
1072 5040 1281 5131 quosns‘.
1317 5058 1357 5107 ι,
1393 5045 1577 5131 18ηρθ
1605 5043 1728 5131 Ιεειι
1764 5068 1796 5131 :_
1811 5048 1912 5131 ’ος
1941 5049 2095 5131 ἐστιν
2112 5050 2137 5103 ἁ

2242 5068 2278 5122 ι,
2310 5050 2743 5131 πρωτότοκοςέκ
2771 5047 3003 5131 νεκρῶν.
3132 5117 3146 5131 .
3411 5114 3434 5125 _

774 5109 920 5204 ἔτυμ’.
941 5127 982 5177 ’ν
1013 5111 1328 5204 ἓξηιῖαβίυς
1355 5109 1666 5204 “fade
1691 5118 1825 5200 ἡμῖν
1848 5109 1903 5204 9‘
1941 5120 2037 5204 ἐπ’
2072 5109 2276 5204 satis?
2292 5109 2556 5204 sitsic”:
2590 5109 2686 5174 κάκ
2715 5109 2985 5204 visst
3005 5117 3304 5204 ,γινόμενοι
3343 5113 3678 5204 τεῦ,λὲτξυ;.
3699 5202 3709 5204 Α

631 5111 743 5247 (93;
774 5111 908 5166 Luc.
941 5127 982 5177 ι,
1013 5111 1049 5163 2
1080 5129 1094 5165 :
1128 5112 1328 5177 Καθὼς
1355 5111 1666 5186 παρέδοσαν
1691 5118 1825 5188 ήμῖν
1848 5120 1899 5170 oi
1941 5120 2037 5172 ἀπ’
2072 5121 2137 5191 ἀρ

629 5179 721 5251 (94
774 5180 1044 5263 ξρίει.ξό
1063 5180 1252 5263 ﬁniat.
1287 5200 1326 5263 ι,
1360 5185 1385 5238 1
1425 5204 1438 5239 :
1471 5185 1706 5255 Παῦλος,
1757 5188 2057 5250 ἀπόστολος
2099 5208 2137 5243 οι

2242 5111 2556 5177 ἶάὐτόπται
2590 5111 2686 5174 καὶ
2715 5111 2985 5190 ὐπηρέται
3022 5117 3304 5204 γενόμενοι
3343 5114 3439 5198 τοῦ
3470 5113 3654 5203 λόγουζ
3789 5184 3814 5195 ο

2242 5191 2329 5245 ἀπ’
2377 5190 2670 5263 ἀνθρώπου
2712 5190 2834 5243 οὐδὲ
2881 5188 2950 5241 δι’
2993 5188 3308 5259 ἀνθρωπου,
3341 5184 3480 5239 ἀλλὰ
3512 5185 3604 5236 δια
3656 5185 3818 5255 Ιησου

653 5388 747 5468 99)
781 5390 916 5468 ῌίηέε
944 5389 1383 5468 Palllinoiﬁpiﬂ.
1412 5397 1484 5468 ad
1506 5388 1803 5453 Musonium
1835 5399 1889 5464 2,
1922 5401 2172 5457 Christus
2201 5403 2378 5458 dictus
2398 5412 2503 5468 est,
2540 5419 2559 5452 ι
2598 5400 2944 5455 Mortalitatis
2966 5400 3077 5453 vita
3103 5407 3303 5454 nostrae
3331 5405 3384 5451 et
3413 5408 3561 5468 mors
3593 5396 3766 5468 necis.
3795 5414 3835 5468 ι·

781 5391 916 5444 Hinc
944 5391 1190 5458 Paulino,
1225 5394 1383 5461 epist.
1416 5397 1484 5450 ad
1506 5391 1803 5453 Ausonium
1835 5399 1889 5464 2,
1922 5401 2137 5457 Christi:

728 5391 747 5528 i
780 5460 829 5540 A_
850 5461 971 5544 sine
1000 5462 1172 5544 altero
1195 5462 1378 5544 ἔσται.
1411 5465 1658 5544 i’hntius.
1687 5469 1849 5544 epist.
1883 5471 1941 5544 71
1985 5491 1997 5526 :
2034 5474 2096 5526 Ei
2126 5473 2137 5525 ε

2242 5404 2378 5458 ictus
2398 5412 2503 5468 est,
2540 5419 2559 5452 ι
2598 5400 2944 5455 Mortalitatis
2966 5400 3077 5453 vita
3103 5407 3303 5454 nostrae
3331 5405 3384 5451 et
3413 5408 3561 5449 mors
3593 5396 3766 5448 necis.
3796 5414 3813 5445 ι

2242 5491 2293 5526 οι
2331 5475 2427 5527 καὶ
2462 5472 2645 5544 ληρεῖν
2676 5470 2914 5542 δόξαιμι,
2942 5470 3095 5524 ἔσται
3136 5486 3241 5523 σοιι
3268 5469 3369 5523 οὐκ
3400 5467 3480 5529 είς
3507 5465 3732 5535 μακρὰν
3760 5466 3817 5517 τὸ
