4070 6432
572 406 677 470 935

1915 401 2292 462 ADDENDA.

3738 432 3846 491 936

572 502 778 561 bentes,
825 500 952 555 vidit
992 500 1100 555 illic
1132 499 1401 556 hominem
1451 514 1553 553 non
1585 501 1831 555 vestitum
1866 510 2011 555 veste
2038 517 2107 555 nu

2252 511 2404 564 ἄλλοι
2434 514 2911 586 προσεκλήθησαν·
2945 519 3039 571 καὶ
3065 519 3314 592 ἐπλήσθη
3343 524 3374 575 6
3402 524 3583 595 γάμός
3612 527 3839 581 άνακει·

572 593 737 663 pliali.
767 593 831 647 Et
852 593 986 647 dixit
1006 594 1054 647 ei
1078 611 1093 647 :
1118 593 1322 657 Amice,
1347 594 1610 660 quomodo
1640 594 1741 647 huc
1768 594 1992 659 intrasti,
2026 609 2132 649 non

569 685 770 739 habens
799 697 998 740 vestem
1049 684 1373 753 nuptialem?
1422 688 1487 737 At
1534 685 1618 738 ille
1657 686 1937 739 obmutuit.
1988 684 2132 739 Tunc

566 779 695 832 dixit
717 794 806 832 rex
839 779 1131 831 ministris:
1163 778 1355 845 Ligutis
1381 778 1599 845 pedibus
1626 793 1686 831 ac
1716 778 1962 831 manibus
1988 778 2128 846 ejus,

566 870 735 923 tollite
780 884 921 933 eum,
962 877 1016 922 et
1064 869 1255 921 mittite
1300 872 1350 921 in
1406 870 1652 923 tenebras
1680 870 1991 924 exteriores.
2025 869 2132 922 Illic

565 961 665 1012 erit
697 961 847 1012 ﬂetus
875 969 927 1011 et
948 960 1143 1014 stridor
1170 959 1427 1013 dentium.
1458 958 1557 1013 Per
1588 960 1683 1013 hos
1712 974 1869 1027 porro
1908 959 1996 1027 qui
2036 974 2132 1011 nu-

567 1052 689 1121 ptiis
720 1052 974 1107 interesse
1006 1066 1335 1115 recusarunt,
1368 1068 1465 1105 nec
1490 1052 1540 1106 ei
1584 1067 1613 1104 a
1663 1068 1767 1119 quo
1808 1052 2133 1105 Vocabantur

572 1147 679 1197 ullo
707 1148 865 1196 modo
895 1159 1093 1199 morem
1123 1155 1419 1213 gesserunt,
1454 1144 1524 1197 illi
1553 1142 1912 1211 signiﬁcantur
1949 1146 2035 1210 qui
2066 1144 2128 1195 ad

568 1236 765 1288 Citrsti
798 1237 952 1289 Iidem
985 1238 1197 1290 miniute
1228 1248 1588 1302 accurrerunt,
1617 1251 1793 1289 verum
1821 1244 1911 1288 aut
1939 1236 1989 1288 in
2020 1236 2132 1289 ido-

568 1326 739 1379 lorum
768 1328 934 1390 cultu,
968 1338 1057 1380 aut
1089 1330 1138 1381 in
1180 1329 1348 1395 alithu
1382 1328 1569 1381 hieresi
1624 1327 1982 1393 perStiterunt.
2033 1327 2132 1381 Per

567 1432 687 1469 eum
715 1426 889 1471 autem
919 1420 1005 1485 qui
1050 1432 1192 1470 veSte
1220 1421 1411 1485 nuptiis
1435 1427 1785 1471 consentanea
1821 1419 2055 1478 carebat.
2088 1418 2131 1470 is

569 1510 782 1564 demum
836 1511 1166 1578 intelligitur,
1215 1512 1300 1577 qui
1336 1510 1434 1563 lide
1475 1510 1685 1577 quidem
1734 1508 1980 1576 praeditus
2011 1508 2127 1573 fuit,

564 1610 811 1654 cmterum
839 1602 1158 1667 spiritualem
1183 1612 1380 1653 vestem
1406 1602 1622 1665 impuris
1647 1601 1853 1667 ﬂagitiis
1874 1613 2131 1667 conspur-

565 1692 722 1752 cavit,
756 1693 1048 1759 meritoque
1080 1689 1297 1759 proinde
1320 1706 1349 1743 a
1400 1688 1650 1758 nuptialis
1682 1689 1900 1743 thalami
1945 1688 2129 1743 latitia

566 1786 844 1838 submotus
874 1793 975 1838 est.

625 1926 761 1990 Quin
808 1925 961 1979 aliam
1000 1941 1209 1994 quoque
1252 1926 1547 1993 huiusmodi
1592 1928 1894 1995 parabolam
1926 1928 2116 1981 eodem

556 2021 903 2086 pertinentem
946 2020 1135 2083 attulit,
1168 2023 1449 2089 propositis
1493 2024 1737 2077 nimirum
1780 2025 1963 2077 decem
1992 2040 2106 2090 qni-

552 2107 775 2160 husdatn
803 2108 1107 2173 virginibus,
1134 2126 1354 2178 quarum
1379 2115 1611 2181 quinque
1632 2117 1915 2184 prudo-ntes
1938 2121 2107 2174 erant,

547 2206 603 2249 ct
628 2212 853 2265 qu~nque
888 2197 1044 2250 fatuae
1075 2200 1288 2269 (Matth.
1320 2205 1465 2272 xxv).
1498 2205 1626 2270 Quae
1671 2205 1884 2273 quidem
1932 2205 2107 2265 fatuae.

551 2288 780 2352 acceptis
807 2288 1132 2355 lampadibus
1153 2292 1283 2355 suis,
1315 2308 1417 2347 non
1449 2304 1794 2362 sumpserunt
1820 2294 1993 2348 oleum
2022 2310 2110 2347 se-

550 2390 691 2439 cum,
725 2379 1011 2444 prudentes
1038 2388 1214 2434 autem
1246 2394 1604 2446 sumpserunt.
1640 2386 1749 2439 Hoc
1777 2396 1952 2437 autem
1995 2386 2110 2438 loco

545 2481 640 2535 per
666 2472 838 2522 oleum
884 2469 1166 2537 probarunt
1202 2475 1465 2529 actionum
1493 2477 1884 2545 possessionem
1907 2475 2107 2545 signiﬁ-

543 2559 699 2612 cavit.

614 2702 777 2757 Metlia
800 2714 971 2759 autem
994 2714 1168 2766 nocte,
1194 2704 1381 2771 inquit,
1410 2706 1607 2759 clamor
1639 2706 1805 2760 lactus
1826 2715 1936 2759 est:
1968 2704 2105 2759 Ecce

538 2807 764 2861 sponsus
791 2794 956 2857 venit,
992 2794 1131 2847 exite
1168 2795 1373 2847 obviam
1413 2797 1485 2851 ei.
1548 2796 1709 2849 Porro
1751 2812 1845 2863 per
1875 2797 2103 2850 mediam

539 2895 745 2939 noctem
770 2887 872 2939 diei
902 2886 1039 2939 illius
1062 2887 1483 2940 iucertitudiuetn
1510 2887 1787 2941 indicavit.
1812 2888 1961 2940 Tunc
1983 2902 2103 2941 sur-

543 2985 791 3057 rexerput
821 2991 1007 3029 omnes
1041 2977 1268 3045 virgines
1298 2977 1438 3043 illae;
1476 2988 1527 3030 et
1557 2994 1673 3046 qua:
1704 2988 1896 3046 parata:
1925 2987 2098 3043 erant,

537 3065 778 3119 exierunt
809 3068 1015 3119 obviam
1055 3081 1273 3133 sponso,
1306 3075 1359 3121 et
1390 3068 1715 3121 intraverunt
1762 3082 1880 3121 cum
1932 3083 1997 3120 eo
2036 3066 2102 3120 ad

537 3158 766 3223 nuptias,
803 3167 853 3208 et
878 3157 1055 3209 clausa
1096 3167 1172 3210 est
1201 3156 1382 3224 janua.
1427 3159 1555 3223 Quae
1608 3167 1784 3212 autem
1833 3158 2103 3227 imparatzn

536 3254 689 3298 erant
722 3253 873 3314 (quas
894 3252 1053 3299 etiam
1086 3246 1279 3300 idcirco
1306 3262 1409 3300 non
1441 3248 1535 3301 abs
1566 3262 1622 3302 re
1649 3248 1838 3301 stultas
1867 3249 2102 3317 appella-

532 3335 653 3405 vit),
684 3350 801 3388 cum
835 3338 1099 3402 lampades
1127 3352 1251 3391 suus
1282 3338 1537 3405 exstingui
1597 3339 1977 3404 perSpicereut,
2034 3337 2100 3391 ad

534 3427 711 3479 oleum
742 3428 1023 3480 emendum
1055 3442 1173 3482 sese
1212 3431 1569 3483 contulerunt.
1606 3429 1921 3496 Posteaque,
1950 3430 2102 3483 clau-

528 3517 601 3569 sis
617 3518 723 3582 jam
750 3518 968 3584 foribus,
989 3522 1321 3586 accedentes,
1343 3520 1658 3588 clamabant,
1684 3522 1920 3576 dicentes
1951 3539 1965 3575 :
1999 3522 2100 3576 Do-

530 3606 691 3668 mine,
725 3606 964 3673 Domine,
998 3612 1142 3677 aperi
1174 3612 1345 3663 nobis.
1390 3611 1506 3677 Ipse
1533 3620 1707 3664 autem
1748 3611 2096 3678 respondens,

527 3696 663 3748 dixit
689 3697 803 3749 eis:
835 3699 1001 3751 Amen
1041 3699 1156 3751 dico
1183 3700 1539 3762 vobis,uescio
1563 3715 1674 3753 vos.
1705 3700 1781 3753 Ex
1813 3700 1895 3754 Itis
1922 3702 2100 3755 omni-

529 3786 629 3839 bus
646 3786 916 3853 perspicue
935 3797 1160 3851 constat,
1186 3788 1436 3856 improbi~
1458 3789 1770 3853 actionibus,
1788 3799 1946 3859 atque
1962 3791 2098 3844 adeo

528 3878 883 3941 sermonibus,
908 3878 1139 3945 ipsisque
1160 3882 1316 3932 etiam
1343 3879 1767 3951 cogitationibus,
1792 3895 1942 3936 suam
1973 3896 2096 3938 esse

527 3967 823 4021 mercedem
851 3967 1210 4023 constitutam.

593 4092 734 4146 Dixit
758 4092 898 4147 enim
940 4092 1222 4149 Salvator:
1258 4094 1386 4147 Dico
1406 4093 1580 4159 vobis,
1609 4095 1748 4163 quod
1787 4109 1944 4150 omne
1972 4110 2089 4149 ver-

521 4181 645 4236 bum
668 4186 891 4235 Otiosum
924 4184 1063 4252 quod
1089 4185 1244 4238 locuti
1270 4185 1462 4238 {nerint
1492 4186 1755 4248 homines,
1776 4185 1999 4239 reddent
2019 4187 2087 4240 de

519 4288 585 4326 eo
614 4275 869 4327 rationem
908 4274 961 4327 in
1009 4274 1095 4328 die
1134 4275 1316 4344 iudicii
1349 4275 1560 4345 (Matth.
1590 4275 1711 4343 xtt).
1742 4280 1817 4329 Ac
1842 4291 2083 4330 rursum:

522 4364 690 4418 Vestri
723 4380 851 4420 vero
880 4375 931 4419 et
961 4365 1135 4434 capilli
1183 4366 1364 4433 capitis
1417 4380 1602 4419 omnes
1648 4367 1909 4420 numerati
1964 4375 2087 4421 sunt

520 4452 731 4523 (Matth.
782 4455 856 4523 κ).
898 4455 1020 4521 Quo
1043 4458 1242 4510 scilicet
1270 4456 1389 4510 loco
1419 4472 1509 4525 per
1534 4455 1753 4524 capillos
1792 4461 2086 4513 minutissi-

521 4559 637 4597 mas
685 4547 841 4598 etiam
905 4546 1351 4603 considerationes
1401 4551 1667 4619 animique
1732 4551 2079 4618 cogitationes
2132 4569 2175 4623 ι)

520 4632 851 4701 signiﬁcavit.
898 4633 1257 4692 Consentanea
1302 4649 1477 4693 autem
1520 4641 1600 4695 his
1647 4656 1855 4711 quoque
1897 4643 2083 4697 beatus

520 4724 715 4779 Paulus
748 4726 906 4779 tradit
939 4743 951 4780 :
990 4727 1147 4782 Vivus
1173 4738 1273 4793 est,
1310 4732 1495 4800 inquit,
1528 4748 1703 4786 sermo
1735 4733 1849 4801 Dei,
1882 4742 1936 4788 et
1962 4735 2079 4788 elli-

517 4831 636 4881 rax,
664 4831 728 4871 ac
751 4818 1126 4886 penetrabilior
1151 4824 1292 4875 omni
1325 4824 1497 4891 gladio
1524 4825 1760 4893 ancipiti,
1790 4835 1843 4880 et
1872 4826 2077 4893 pertin-

514 4920 643 4973 gens
665 4921 829 4977 usque
859 4908 923 4962 ad
949 4909 1258 4965 divisionem
1286 4914 1475 4967 animze
1500 4923 1553 4967 et
1578 4918 1830 4982 corporis,
1855 4917 2077 4985 spiritus

516 5012 726 5067 quoque
770 5010 824 5054 et
866 5015 1178 5072 compagum
1219 5018 1280 5059 ac
1319 5004 1687 5071 medullarum,
1726 5016 1780 5061 et
1820 5008 2078 5062 discretur

684 5190 749 5275 ᾗ,
778 5191 999 5275 βάλετε.
1026 5196 1088 5263 C,
1122 5199 1409 5269 ἐμϐάλετε.
1446 5202 1634 5275 Vulgo,
1668 5207 1950 5265 ἐκϐάλετε.

575 5262 651 5323 (9)
685 5262 876 5317 Matth.
909 5281 1035 5321 xxv.

2253 604 2454 675 μένων.
2486 606 2759 661 Είσελθὼν
2787 608 2845 661 δὲ
2875 612 2904 663 6
2932 608 3186 678 βασιλεὺς
3214 613 3516 670 θεάσασθαι
3550 618 3678 682 τοὺς
3703 619 3844 673 ἀνα·

2250 698 2573 768 κειμένους,
2633 697 2775 754 εῐδεν
2822 704 2942 757 ἐκεῖ
2990 704 3278 775 ἄνθρωπον
3327 708 3429 762 οὐκ
3480 709 3843 782 ἐνδεδυμένοι

2248 784 2453 858 ἔνδυμα
2486 791 2664 860 γάμου
2686 832 2698 856 ,
2731 793 2826 844 καὶ
2859 793 3007 860 λέγει
3044 796 3215 865 αὐτῷ·
3255 797 3475 868 Ἑταῖρε
3497 841 3513 866 ,
3553 802 3674 864 πῶς
3717 804 3843 855 ιίσ-

2249 878 2413 950 ἦλθες
2445 873 2547 933 ὦδε
2590 881 2665 953 μὴ
2698 883 2837 953 ἔχων
2886 884 3089 956 ἔνδυμα
3117 887 3334 958 γάμου;
3375 892 3440 943 '0
3467 892 3525 944 δὲ
3555 893 3841 963 ἐφιμώθη.

2249 971 2383 1025 Τότε
2421 969 2576 1026 εἶπεν
2603 976 2631 1027 6
2664 975 2919 1045 βασιλεὺς
2949 981 3061 1043 τοῖς
3102 978 3391 1045 διακόνοις·
3428 984 3711 1053 Δήσαντες
3742 985 3844 1038 αὑ-

2245 1062 2341 1117 τοῦ
2372 1067 2562 1135 χεῖρας
2586 1067 2681 1120 καὶ
2703 1067 2893 1132 πόδας,
2921 1068 3093 1140 ἄρατε
3119 1072 3300 1137 αὑτὸν,
3335 1074 3431 1127 καὶ
3456 1076 3733 1144 ἐμϐάλετε
3760 1077 3839 1147 (8)

2247 1157 2329 1218 εἰς
2364 1157 2426 1209 τὸ
2463 1159 2654 1221 σκότος
2687 1159 2749 1212 τὸ
2790 1160 3077 1233 ἐξώτερον·
3128 1166 3243 1217 ἐκεῖ
3282 1164 3438 1219 ἔσται
3483 1170 3511 1219 6
3556 1168 3841 1240 κλαυθμὸς

2247 1250 2341 1302 καὶ
2371 1252 2399 1303 6
2430 1251 2676 1323 βρυγμὸς
2703 1253 2813 1306 τῶν
2843 1255 3090 1313 ὀδόντων.
3128 1260 3191 1313 Οἱ
3225 1260 3324 1328 μὲν
3352 1257 3449 1316 οὖν
3480 1266 3840 1335 παραιτησὰμ

2250 1360 2399 1414 μενοι
2427 1344 2523 1399 καὶ
2561 1346 2809 1416 μηδόλως
2837 1350 2937 1419 τῆς
2967 1351 3216 1422 κλήσεως
3240 1353 3666 1419 ὑπακούσαντες
3698 1360 3840 1410 είσὶν

2245 1437 2293 1489 οἰ
2335 1437 2411 1507 μὴ
2446 1440 2893 1510 προσδραμόντες
2935 1446 3002 1514 τῇ
3047 1443 3143 1497 τοῦ
3195 1446 3436 1516 Χριστοῦ
3479 1450 3685 1512 πίστει,
3718 1450 3838 1503 ἀλλ’

2242 1531 2353 1583 εἴτε
2373 1534 2437 1602 τῇ
2468 1532 2911 1607 είδωλολατρείᾳ,
2932 1536 3043 1588 εἴτε
3070 1538 3284 1607 αἱρέσει
3310 1541 3418 1593 τινὶ
3446 1543 3829 1612 ἐμμείναντεςσ

2241 1626 2270 1676 6
2292 1624 2347 1677 δὲ
2378 1626 2452 1695 μὴ
2479 1625 2619 1696 ἔχων
2648 1628 2709 1680 τὸ
2736 1628 2831 1681 τοῦ
2855 1629 3036 1698 γάμου
3063 1630 3271 1701 ἔνδυμα
3300 1634 3453 1687 ἐστὶν
3477 1638 3504 1688 6
3526 1637 3829 1701 πιστεύσας

2244 1715 2364 1784 μὲν,
2395 1718 2626 1787 πράξεσι
2651 1720 2709 1772 δὲ
2742 1722 3016 1792 ῥυπαραῖς
3044 1723 3107 1777 τὸ
3133 1727 3325 1796 νοητὸν
3355 1728 3563 1798 ἔνδυμα
3596 1730 3826 1800 κηλιδώ-

2243 1826 2361 1874 σας,
2394 1810 2451 1874 ὃς
2486 1813 2579 1865 καὶ
2620 1812 2848 1879 δικαίως
2889 1815 3157 1889 ἐξεϐλήθη
3201 1821 3302 1890 τῆς
3339 1825 3515 1892 χαρᾶς
3561 1824 3657 1876 τοῦ
3690 1841 3829 1895 νυμ-

2240 1917 2437 1970 φωνος.

2308 1995 2420 2048 Καὶ
2451 1997 2618 2065 ἄλλην
2656 1999 2714 2052 δὲ
2748 2002 3067 2074 παραϐολήν
3095 2003 3270 2077 ταύτῃ
3316 2008 3654 2078 συνᾴδουσαν
3689 2028 3827 2082 παρ-

2238 2087 2422 2160 έθηκε,
2444 2092 2577 2145 δέκα
2605 2094 2759 2158 τινὰς
2787 2096 3096 2169 παρθένους
3118 2100 3376 2165 τυπώσας
3399 2103 3500 2171 (9).
3531 2097 3608 2157 ὧν
3636 2106 3696 2157 αἱ
3731 2106 3829 2174 μὲν

2237 2181 2401 2235 πέντε
2432 2178 2573 2253 ἦσαν
2628 2189 2920 2258 φρόνιμοι,
2956 2192 3013 2243 αί
3050 2191 3107 2244 δὲ
3143 2193 3307 2246 πέντε
3362 2195 3565 2265 μωραί.
3609 2198 3829 2262 Δί’-τινες

2236 2275 2345 2347 74
2403 2280 2607 2349 μωραὶ,
2659 2280 2923 2336 λαϐοῦσαι
2972 2283 3074 2345 τὰς
3125 2286 3417 2355 λαμπάδας
3468 2291 3674 2354 αὐτῶν,
3729 2294 3823 2345 οἰκ

2234 2370 2428 2423 ἔλαϐον
2472 2372 2589 2442 μεθ’
2632 2374 2847 2428 ἑαυτῶν
2880 2376 3094 2430 ἔλαιον·
3128 2381 3184 2433 αἱ
3225 2380 3281 2434 δὲ
3327 2382 3582 2453 φρόνιμοι
3634 2384 3824 2438 ἔλαϐον

2234 2460 2432 2515 ἔλαιον·
2461 2463 2549 2517 διὰ
2576 2465 2671 2519 τοῦ
2697 2465 2882 2520 ἐλαίου
2912 2468 3012 2539 τὴν
3037 2468 3146 2523 τῶν
3175 2471 3397 2540 ἀγαθῶν
3422 2473 3603 2546 ἔργων
3632 2480 3823 2547 κτῆσιν

2235 2552 2543 2623 σημαίνων.

2302 2733 2492 2803 Μέσης
2520 2734 2578 2787 δὲ
2604 2737 2700 2807 τῆς
2720 2738 2935 2802 νυκτὸς,
2966 2739 3124 2808 φησὶ,
3157 2743 3375 2813 κραυγὴ
3402 2742 3651 2812 γέγονε-,ν⁸
3690 2746 3818 2799 Ἰδοὺ

2230 2826 2509 2897 δνυμφίος
2538 2828 2777 2899 ἔρχεταιο
2804 2829 3092 2902 ἐξέρχεσθε
3125 2834 3235 2905 (10)
3270 2837 3349 2899 είς
3378 2838 3694 2905 ἀπάντησιν
3728 2840 3818 2891 αύ-

2229 2920 2368 2975 τοῦσ
2405 2921 2495 2976 διὰ
2528 2923 2624 2976 τοῦ
2680 2928 3036 2995 μεσονυκτίου
3088 2929 3149 2981 τὸ
3200 2928 3396 3000 ἄδηλον
3452 2932 3551 3001 τῆς
3602 2934 3816 3001 ἡμέρας

2228 3013 2446 3082 ἐκείνης
2471 3018 2854 3088 παραστήσας.
2886 3019 3023 3072 Τότε
3048 3020 3364 3091 ἠγέρθησαν
3386 3024 3558 3075 πᾶσαι
3582 3026 3640 3077 αἱ
3676 3041 3813 3095 παρ-

2230 3104 2372 3158 θένοι
2404 3108 2630 3162 ἐκεῖναι.
2664 3112 2727 3162 Αἱ
2760 3112 2857 3181 μὲν
2883 3108 2975 3165 οὖν
3010 3111 3221 3181 ἕτοιμοι
3264 3114 3488 3183 ἐξῆλθον
3526 3116 3609 3178 εἰς
3640 3116 3813 3168 ἀπάν·

2152 3215 2197 3278 C
2227 3213 2386 3269 τησιν
2415 3199 2510 3253 τοῦ
2539 3203 2799 3273 νυμφίου,
2828 3206 2922 3258 καὶ
2953 3206 3206 3276 εἰσῆλθον
3241 3209 3357 3277 μετ’
3380 3208 3546 3261 αὑτοῦ
3575 3210 3662 3271 εἰς
3689 3212 3812 3276 τοὺς

2226 3294 2460 3361 γάμους,
2494 3296 2588 3348 καὶ
2635 3296 2948 3369 ἑκλείσθηή
3003 3298 3161 3368 θύρα·
3200 3299 3257 3352 αἱ
3296 3299 3353 3353 δὲ
3392 3301 3699 3371 ἀνέτοιμοι,
3748 3303 3811 3366 άς

2222 3386 2450 3450 εἰκότως
2488 3388 2678 3459 μωρὰς
2708 3388 2959 3453 ἐκάλεσε,
2991 3390 3359 3462 σϐεννυμένας
3389 3394 3487 3457 τάς
3513 3393 3807 3464 λαμπάδας

2222 3479 2430 3535 ἑαυτῶν
2463 3482 2694 3552 δρῶσαι,
2728 3483 2974 3552 ἀπῆλθον
3003 3486 3275 3555 ἀγοράσαι
3309 3487 3509 3542 ἔλαιον.
3543 3491 3805 3559 Παραγε-

2218 3571 2440 3641 νόμεναι
2469 3572 2525 3626 δὲ
2560 3574 2903 3645 κλεισθείσης
2927 3576 3026 3647 ήδη
3075 3576 3178 3647 τῆς
3211 3578 3401 3649 θύρας,
3446 3580 3686 3652 ἔκραζον
3712 3584 3799 3635 λέ-

2217 3678 2440 3731 γουσαι’
2474 3664 2672 3735 Κύριε,
2720 3665 2918 3738 κύριε,
2950 3668 3162 3735 ἄνοιξον
3208 3673 3362 3743 ἡμῖν.
3411 3675 3469 3727 ’0
3508 3674 3567 3728 δὲ
3614 3678 3801 3747 φησὶν,

2216 3754 2537 3826 ἀποκριθεὶς
2563 3751 2718 3809 εἶπεν
2737 3774 2751 3790 σ
2788 3758 2983 3830 Ἀμὴν,
3014 3758 3159 3827 λέγω
3180 3761 3331 3832 ὑμῖν,
3360 3762 3460 3817 οὐκ
3482 3762 3603 3819 οἶδα
3630 3768 3796 3836 ὑμᾶς.

2214 3846 2315 3899 Διά
2349 3846 2557 3901 τούτων
2602 3844 2695 3903 οὖν
2741 3850 2999 3905 ἁπάντων
3032 3851 3192 3921 δῆλον
3240 3854 3392 3907 ἐστιν
3430 3857 3798 3911 ἀνταπόδοσιν

2213 3935 2351 3991 εἶναι
2399 3940 2460 3992 οὐ
2514 3941 2677 4010 μόνον
2720 3941 2829 3995 τῶν
2875 3943 3135 3998 ἐναντίων
3179 3945 3456 4018 πράξεων,
3508 3948 3652 4003 ἀλλά
3707 3953 3801 4004 καὶ

2212 4030 2475 4102 ῥημάτων
2509 4033 2602 4085 κα)⁹
2628 4033 2809 4087 αὐτῶν
2843 4034 2953 4087 τῶν
2982 4035 3357 4107 ἐνθυμήσεων.

2282 4119 2454 4176 Εἶπεν
2481 4124 2590 4195 γὰρ
2611 4126 2640 4178 6
2666 4125 2880 4195 Σωτήρ·
2915 4126 3074 4195 Λέγω
3102 4129 3213 4198 (II)
3244 4130 3371 4200 ὑμῖν
3396 4131 3479 4184 ὅτι
3506 4134 3618 4186 πᾶν
3648 4136 3801 4206 ῥῆμα

2209 4214 2379 4285 ἀργὸν
2421 4215 2450 4268 ὃ
2501 4216 2595 4270 ἐὰν
2643 4216 2953 4287 λαλήσωσιν
2997 4222 3047 4273 οἱ
3081 4222 3395 4293 ἄνθρωποι,
3447 4226 3799 4281 ἀποδώσουσι

2209 4307 2340 4378 περὶ
2376 4308 2542 4362 αὐτοῦ
2582 4308 2740 4378 λόγον
2786 4312 2844 4364 ἐν
2882 4314 3067 4384 ἡμέρᾳ
3116 4316 3369 4384 κρίσεως.
3419 4319 3534 4370 Καὶ
3590 4318 3794 4385 αὖθις’

2218 4400 2404 4470 ’Υμῶν
2441 4400 2518 4464 δὲ,
2569 4403 2703 4471 φησὶ
2736 4404 2886 4475 (12),
2937 4407 3031 4459 καὶ
3074 4409 3129 4461 αἱ
3179 4409 3365 4479 τρίχες
3405 4412 3506 4481 τῆς
3542 4417 3793 4486 κεφαλῆς

2203 4490 2578 4562 ἠριθμημέναι
2606 4496 2732 4547 εἰσί·
2763 4495 2851 4549 διὰ
2878 4498 2990 4549 τῶν
3017 4500 3219 4569 τριχῶν
3248 4502 3317 4555 τὰ
3345 4502 3655 4558 λεπτότατα
3686 4508 3792 4561 τῶν

2202 4581 2568 4650 διαλογισμῶν
2624 4585 2731 4655 75
2787 4587 2882 4639 καὶ
2947 4588 3299 4660 ἐνθυμήσεων
3357 4594 3784 4664 παραδηλώσας.

2199 4672 2418 4742 Συνῳδά
2448 4672 2505 4725 δὲ
2536 4674 2750 4738 τούτοις
2779 4677 2875 4729 καὶ⁵
2900 4679 2928 4729 6
2958 4678 3229 4749 μακάριος
3263 4680 3507 4738 διδάσκει
3543 4685 3779 4749 Παῦλος·

2198 4762 2314 4817 Ζῶν
2338 4763 2469 4834 γὰρ,
2505 4767 2673 4836 φησὶν
2698 4768 2833 4838 (15),
2859 4770 2888 4821 6
2916 4768 3071 4836 λόγος
3102 4770 3195 4824 τοῦ
3224 4772 3358 4826 Θεοῦ
3390 4781 3485 4828 καὶ
3514 4777 3778 4849 ἐνεργὴς,

2195 4856 2289 4908 καὶ
2319 4855 2635 4927 τομώτερος
2663 4858 2803 4930 ὑπὲρ
2837 4861 3021 4914 πᾶσαν
3054 4864 3332 4935 μάχαιραν
3360 4866 3617 4938 δίστομον
3638 4912 3652 4933 ,
3687 4873 3779 4922 καὶ

2190 4948 2561 5020 διῖκνούμενος
2586 4953 2713 5023 ἄχρι
2741 4955 3013 5025 μερισμοῦ
3036 4957 3213 5029 ψυχῆς
3234 4976 3294 5011 τε
3327 4961 3420 5013 καὶ
3443 4962 3772 5031 πνεύματος,

2192 5044 2386 5114 ἁρμῶν
2419 5062 2480 5098 τε
2505 5045 2603 5098 καὶ
2633 5047 2872 5117 μυελῶν,
2905 5053 3000 5102 καὶ
3030 5051 3276 5121 κριτικὸς
3301 5052 3655 5125 ἐνθυμήσεων
3682 5058 3771 5109 καὶ

574 5328 1162 5432 ἒέίὲὶίὲιέὲῗρὲξξίίῆιξι
1199 5340 1389 5432 Fessi
1424 5346 1657 5432 suidel"
1712 5348 2010 5432 ίηηηίιῖνιιε
2054 5368 2108 5432 Pr

2225 5354 2523 5424 mperativo
2566 5358 2705 5411 sumi
2734 5358 2847 5432 κρῖ.
2884 5370 2921 5417 t.
2976 5361 3060 5429 III,
3109 5379 3161 5432 p.
3194 5362 3354 5430 I24);
3389 5364 3483 5419 sed
3546 5378 3763 5432 ριτεειειι

499 5396 814 5482 ἐξέρχεσθε,
847 5396 916 5457 εί
934 5396 1164 5482 varietas
1193 5427 1222 5465 e
1249 5396 1657 5481 permutatione
1682 5396 2104 5477 86ιέἶόπῖῧόὠῖ

2245 5396 2306 5477 αἵ
2343 5435 2396 5479 et
2426 5442 2452 5477 ε
2499 5439 2619 5479 nata
2652 5396 2755 5482 est].

2792 5431 2964 5505 Quam
3017 5431 3467 5505 perutntattonetn
3503 5453 3608 5489 nun
3648 5456 3757 5491 ute—

1082 5474 1658 5574 ριιᾼηιέῖιιιίβιςειηιω,
1839 5492 1937 5574 _ubi
1968 5493 2367 5574 dfpyewtépatc,
2411 5474 2871 5574 ειιίιιιαιινενιθιῖει
2905 5474 3194 5559 Ιεοιῖιοιιειιι
3244 5505 3446 5559 codicis
3477 5507 3753 5574 cujusdam

500 5542 902 5624 οφναιωτέραις
932 5561 1051 5600 esse
1079 5564 1175 5616 pro
1206 5554 1583 5624 ἀφνεωτέραις
1638 5542 2104 5618 ἰιειὶεὲιὶιιὶιῖιίξιὶιε]

2225 5542 2263 5620 ξι
2290 5542 2487 5621 nomen

498 5611 755 5681 mendose
784 5611 1069 5681 Scriptum.

566 5679 675 5747 (II)
710 5679 1024 5747 Mattltixtt,
1057 5689 1142 5741 56.

565 5748 675 5814 (I2)
711 5750 899 5807 Matth.
934 5770 989 5817 κ,
1020 5757 1108 5811 50.

562 5819 673 5884 (I3)
714 5822 881 5883 Episn
913 5828 979 5881 ad
1010 5826 1174 5887 IIebr.
1209 5846 1283 5899 tv,
1316 5834 1399 5901 12,
1436 5835 1522 5890 15.

2545 5570 2951 5643 ἁφναιωτέραις
3001 5586 3166 5645 atque
3214 5570 3610 5645 άφνεωτέραίς,
3663 5586 3753 5632 θεά
