4070 6430
217 431 340 496 937

1345 434 1517 508 vim
1557 440 1913 512 BARLAAM
1951 440 2046 513 ET
2083 445 2433 520 JOASAPH.

3392 467 3496 533 938

211 538 454 592 ἐννοιῶν
478 536 728 613 καρδίας·
753 546 849 599 καὶ
868 546 967 600 οὐκ
996 546 1114 602 ἔστι
1147 549 1324 615 κτίσις
1345 553 1556 626 ἀφανὴς
1583 557 1801 611 ὲνώπιοη

1940 567 2314 636 cegitationum
2342 577 2397 625 et
2423 572 2769 627 intentionum
2797 573 2992 630 cordis.
3026 576 3091 631 Et
3127 593 3231 633 non
3260 589 3342 634 est
3389 581 3494 635 ulla

208 630 419 695 αὐτοῦ,
465 635 642 688 πάντα
687 635 745 689 δὲ
789 639 973 709 γυμνά
1036 642 1130 695 καὶ
1178 640 1653 717 τετραχηλισμένα
1699 656 1812 715 τοῖς

207 726 529 799 ὀφθαλμοῖς
559 731 746 798 αὑτοῦ,
776 735 914 805 πρὸς
942 735 1000 789 ὃν
1023 740 1161 808 ἡμῖν
1188 740 1216 792 6
1243 740 1420 809 λόγος.

289 907 489 964 Ταῦτα
517 911 610 964 καὶ
639 914 689 966 οἱ
715 917 989 986 προφῆται
1014 919 1120 990 πρὸ
1141 920 1348 992 χρόνων
1371 923 1582 978 πολλῶν
1614 929 1680 998 τῇ
1714 927 1810 980 τοῦ

206 999 552 1092 Πνεῦματος
583 1002 929 1077 λαμπόμενοι
975 1009 1160 1082 χάριτι
1193 1014 1556 1086 ἀριδηλότατα
1603 1022 1811 1092 κατήγ-

111 1159 114 1162 ”
204 1090 434 1159 γειλαν.
462 1095 601 1165 Φησὶ
631 1095 740 1168 γὰρ
771 1099 801 1151 6
853 1099 1079 1167 Ἡσαΐας
1105 1120 1120 1135 ο
1172 1104 1313 1174 Ἐγὼ
1340 1107 1412 1161 τὰ
1456 1108 1596 1180 ἔργα
1628 1090 1810 1166 αὐτών

205 1186 313 1238 καὶ
350 1188 478 1250 τοὺς
510 1187 810 1262 λογισμοὺς
849 1193 1151 1266 ἐπίσταμαι
1181 1197 1277 1251 καὶ
1313 1199 1680 1256 ἀνταποδώσω
1711 1205 1810 1257 αὐ-

200 1280 336 1343 τοῖς
363 1296 378 1311 “
423 1281 533 1334 ίδοὺ
569 1287 902 1353 συναγαγεῖν
942 1287 1176 1359 ἔρχομαι
1208 1290 1389 1346 πάντα
1429 1292 1500 1347 τὰ
1546 1293 1675 1365 ἔθνη
1714 1297 1811 1350 καὶ

199 1369 315 1434 τὰς
364 1371 644 1440 γλώσσας,
685 1376 781 1430 καὶ
812 1375 1039 1448 ἥξουσι,
1102 1381 1198 1434 καὶ
1241 1381 1466 1453 ὄψονται
1509 1385 1609 1456 τὴν
1652 1387 1809 1452 δόξαν

205 1480 323 1532 μου
361 1464 493 1535 (14)⁸
527 1467 619 1520 καὶ
642 1466 796 1522 ἔσται
821 1472 849 1522 6
877 1470 1103 1543 οὐρανὸς
1124 1473 1312 1538 καινὸς
1338 1476 1432 1530 καὶ⁵
1459 1479 1493 1548 ἡ
1521 1478 1595 1548 γῆ
1619 1480 1804 1551 καινὴ,

198 1555 239 1608 ἃ
287 1555 416 1624 ἐγὼ
447 1558 586 1612 ποιῶ
624 1559 724 1630 μὲν
765 1560 999 1618 ἐνώπιόν
1034 1579 1160 1636 μου·
1197 1567 1293 1619 καὶ
1328 1566 1448 1637 ἥξει
1486 1569 1636 1623 πᾶσα
1671 1572 1806 1644 σὰρξ

196 1644 306 1699 τοῦ
349 1649 725 1720 προσκυνῆσαι
761 1651 994 1706 ἐνώπιόν
1044 1670 1184 1724 μου,
1229 1654 1379 1724 λέγει
1429 1656 1669 1729 Κύριος,
1711 1661 1808 1715 καὶ

200 1737 620 1804 ἐξελεύσονται,
655 1744 752 1797 καὶ
787 1743 1011 1814 ὄψονται
1044 1746 1113 1801 τὰ
1150 1746 1300 1800 κῶλα
1342 1747 1452 1802 τῶν
1477 1751 1805 1822 ἀνθρώπων,

199 1833 322 1888 τῶν
363 1836 833 1908 παραϐεϐηκότων
875 1840 934 1894 ὲν
973 1841 1121 1911 ἐμοί·
1163 1843 1192 1896 6
1223 1843 1334 1914 γὰρ
1367 1845 1583 1917 σκώληξ
1626 1848 1805 1902 αὐτῶν

200 1923 266 1976 οὐ
308 1924 665 1998 τελευτήσει,
699 1928 796 1983 καὶ
842 1930 903 1984 τὸ
935 1930 1048 2003 πῦρ
1076 1933 1259 1987 αὐτῶν
1296 1935 1358 1988 οὐ
1407 1936 1800 2009 σϐεσθήσεται,
1835 1921 1876 1978 Β

201 2017 303 2071 καὶ
339 2015 562 2074 ἔσονται
600 2022 682 2086 είς
716 2023 908 2092 ὅρασιν
939 2024 1092 2098 πάσῃ
1131 2026 1316 2099 σαρκί.
1351 2028 1461 2081 Καὶ
1489 2023 1646 2094 αὖθις
1674 2031 1804 2100 περὶ

202 2110 306 2180 τῆς
354 2113 570 2185 ἡμέρας
608 2114 827 2187 ἐκείνης
857 2115 1040 2186 λέγει’
1093 2119 1204 2172 Καὶ
1238 2119 1348 2189 (15)
1387 2121 1738 2194 εἰληθήσεται
1773 2124 1802 2177 6

201 2202 446 2276 οὐρανὸς
474 2203 551 2268 ὠς
581 2204 826 2276 βιϐλίον,
854 2208 950 2262 καὶ
982 2207 1166 2264 πάντα
1195 2209 1265 2264 τά
1297 2210 1474 2283 ἄστρα
1503 2212 1800 2268 πεσοῦνται

204 2293 279 2361 ὡς
314 2296 501 2365 φύλλα
528 2297 588 2364 ἐξ
631 2298 903 2370 ἀμπέλου·
939 2300 1049 2354 ίδοὺ
1085 2302 1198 2374 (16)
1237 2303 1345 2375 γάρ
1377 2304 1565 2377 ἡμέρα
1592 2307 1800 2378 Κυρίου

208 2388 461 2459 ἔρχεται,
485 2390 708 2456 ἀνίατος
738 2391 915 2463 Θυμοῦ
944 2394 1040 2448 καὶ
1067 2393 1261 2469 όργῆς,
1295 2395 1466 2462 θεῖναι
1494 2395 1594 2470 τὴν
1623 2399 1803 2452 οἰκον·-

214 2481 385 2552 μένην
423 2482 553 2554 ὃλην
583 2482 792 2555 ἔρημον
829 2485 926 2539 καὶ
968 2487 1097 2551 τοὺς
1132 2486 1495 2559 ἁμαρτωλοὺς
1533 2489 1798 2545 ἀπολέσαι

209 2572 266 2637 ἐξ
293 2574 506 2646 αὐτ-ἦς’
549 2569 600 2628 οί
647 2575 757 2646 γὰρ
801 2577 1030 2647 ἀστέρες
1065 2577 1160 2631 τοῦ
1209 2578 1443 2651 οὐρανοῦ
1489 2575 1598 2652 76
1637 2582 1733 2636 καὶ
1769 2583 1799 2635 6

219 2666 418 2738 Ὠρίων
449 2668 545 2722 καὶ
573 2671 683 2734 πᾶς
707 2669 736 2722 6
761 2671 967 2742 κόσμος
991 2670 1086 2724 τοῦ
1117 2671 1350 2743 οὐρανοῦ
1383 2672 1447 2726 τὸ
1476 2672 1593 2742 φῶς
1618 2675 1798 2728 αὐτῶν

204 2759 265 2812 οὐ
296 2759 557 2826 δώσουσι,
587 2761 682 2814 καὶ
710 2761 1132 2833 σκοτισθήσεται
1163 2762 1257 2816 τοῦ
1289 2763 1442 2833 ἡλίου
1481 2764 1798 2820 ἀνατέλλον-

201 2867 317 2917 τος,
360 2855 458 2908 καὶ
487 2855 520 2926 ὴ
551 2854 750 2926 σελήνη
777 2855 838 2908 οὗ
859 2853 1018 2908 δώσει
1043 2855 1103 2908 τὸ
1131 2855 1246 2924 φῶς
1267 2856 1457 2926 αὐτῆς·
1493 2858 1588 2912 καὶ
1610 2858 1796 2912 ἀπολῶ

205 2943 373 3017 ὓϐριν
419 2945 638 3015 ἀνόμων
684 2947 779 3000 καὶ
824 2945 982 3018 ὓϐριν
1037 2947 1405 3018 ὑπερηφάνων
1446 2948 1791 3004 ταπεινώσω.

203 3039 320 3092 Καὶ
372 3037 540 3091 πάλιν
588 3037 762 3107 λέγει’
816 3039 953 3091 Οὐαὶ
1004 3039 1115 3109 (17)
1168 3041 1218 3092 οί
1271 3037 1647 3109 ἐπισπώμενοι
1695 3040 1797 3105 τὰς

203 3130 491 3202 ἁμαρτίας
537 3129 718 3185 αὐτῶν
756 3129 831 3194 ὡς
868 3129 1088 3201 σχοινίῳ
1127 3129 1327 3201 μακρῷ
1373 3133 1468 3184 καὶ
1499 3131 1575 3196 ὡς
1624 3131 1792 3202 ζυγοῦ

206 3222 398 3293 ίμάντι
435 3222 721 3292 δαμάλεως
753 3224 854 3286 τὰς
895 3223 1157 3293 ἀνομίας⁴
1198 3226 1334 3279 Οὐαὶ
1366 3229 1414 3280 οί
1447 3227 1702 3298 λέγοντες
1732 3231 1794 3284 τὸ

204 3309 452 3380 πονηρὸν
477 3309 642 3364 καλὸν
665 3311 760 3364 καὶ
788 3311 850 3364 τὸ
888 3312 1052 3365 καλὸν
1089 3315 1325 3385 πονηρὸν
1343 3357 1358 3379 ,
1388 3319 1436 3371 οἱ
1467 3319 1706 3385 τιθέντες
1736 3324 1796 3377 τὸ

209 3400 407 3465 σκότος
430 3401 540 3468 φώς
569 3401 663 3454 xal
687 3402 748 3455 τδ
772 3403 888 3471 φῶς
920 3403 1131 3467 σκότος,
1157 3408 1207 3458 οἱ
1239 3407 1478 3474 τιθέντες
1510 3410 1568 3464 τὸ
1597 3415 1795 3484 πικρὸν

205 3493 388 3560 γλυκὺ
417 3493 509 3546 καὶ
534 3494 594 3546 τὸ
621 3493 796 3563 γλυκὺ
829 3497 1047 3568 πικρόν
1080 3499 1206 3552 οὐαὶ
1234 3501 1284 3554 οἱ
1322 3501 1599 3572 ἰσχύοντες
1639 3506 1796 3578 ὑμῶν

201 3587 253 3638 οί
281 3587 570 3650 δυνάσται,
602 3589 653 3641 οἱ
685 3587 978 3661 κιρνῶντες
1010 3589 1072 3643 τὸ
1113 3591 1330 3664 σίκερα,
1369 3596 1418 3647 οἱ
1460 3594 1796 3663 δικαιοῦντες

200 3677 292 3732 τὸν
321 3677 498 3750 ἀσεϐῆ
539 3679 725 3732 ἕνεκεν
759 3678 949 3750 δώρων
974 3681 1070 3734 καὶ
1102 3679 1161 3733 τὸ
1189 3681 1397 3736 δίκαιον
1444 3684 1538 3738 τοῦ
1577 3685 1792 3741 δικαίου

203 3771 455 3842 αἴροντες
481 3770 615 3844 (18),
644 3772 694 3824 οί
722 3771 1064 3836 ἐκκλίνοντες
1089 3772 1202 3843 (19)
1233 3774 1416 3846 κρίσιν
1439 3777 1671 3848 πτωχῶν
1695 3782 1789 3833 καὶ

205 3862 552 3933 ἁρπάζοντες
573 3862 749 3934 κρίμα
777 3863 1050 3932 πενήτων,
1075 3861 1217 3916 ὥστε
1246 3860 1387 3920 εἶναι
1412 3867 1593 3933 αὐτοῖς
1616 3870 1792 3941 χήραν

203 3954 280 4016 είς
307 3953 572 4024 ἁρπαγὴν
601 3954 693 4008 καὶ
720 3954 954 4026 ὀρφανὸν
980 3956 1060 4018 είς
1090 3958 1393 4028 προνομήν.
1424 3960 1535 4013 Καὶ
1552 3960 1605 4013 τί
1625 3965 1788 4036 ποιή-

203 4061 359 4100 σουσι
420 4049 488 4115 τῇ
557 4047 740 4119 ἡμέρα
792 4047 892 4118 τῆς
939 4047 1292 4127 ἐπισκοπῆςς
1344 4052 1438 4104 καὶ
1487 4053 1626 4125 πρὸς
1666 4055 1789 4109 τίνα

203 4138 643 4210 καταφεύξονται
666 4138 759 4193 τοῦ
779 4139 1113 4212 βοηθηθῆναι
1129 4159 1144 4208 ;
1163 4143 1256 4194 καὶ
1273 4142 1376 4197 ποῦ
1398 4146 1784 4218 καταλείψουσι

1945 667 2186 712 creatura
2229 660 2506 716 invisibilis
2543 663 2598 717 in
2634 673 2921 732 conSpectu
2947 665 3082 734 ejus,
3113 670 3289 723 omnia
3318 681 3494 724 autem

1937 750 2076 804 nuda
2102 760 2156 805 et
2191 760 2370 817 aperta
2400 762 2523 807 sunt
2547 753 2600 807 in
2623 755 2794 809 oculis
2819 755 2954 824 ejus,
2978 756 3043 810 ad
3063 772 3217 827 quem
3241 761 3393 814 nobis
3413 772 3496 816 est

1936 854 2110 895 sermo
2141 841 2326 911 (Hebr.
2353 842 2424 912 tv)
2438 871 2451 894 ι

2005 932 2130 987 Haec
2158 935 2318 988 etiam
2349 935 2620 1002 prophetae
2649 935 2820 1006 longis
2864 938 2932 992 ab
2975 939 3097 994 hinc
3145 942 3492 1011 temporibus,

1935 1022 2164 1092 Spiritus
2191 1027 2358 1079 sancti
2397 1028 2564 1093 gratia
2591 1027 2862 1098 illustrati,
2904 1032 3239 1117 apertissime
3287 1038 3496 1088 nuntia.

1933 1127 2140 1168 verunt.
2168 1116 2256 1169 Ait
2281 1117 2422 1171 enim
2452 1116 2612 1172 Isaias
2658 1135 2671 1172 :
2707 1119 2815 1188 Ego
2841 1116 3002 1188 Opera
3031 1120 3235 1176 illorum
3265 1124 3411 1187 novi,
3442 1135 3496 1180 et

1931 1205 2147 1260 reddam
2178 1207 2277 1262 eis.
2323 1208 2460 1264 Ecce
2489 1211 2644 1264 venio
2674 1219 2731 1264 ut
2755 1226 3068 1284 congregem
3096 1229 3282 1269 omnes
3309 1225 3494 1286 gentes

1931 1307 1984 1351 et
2012 1297 2244 1366 linguas;
2272 1310 2326 1354 et
2351 1302 2583 1370 venient,
2609 1315 2664 1358 et
2687 1304 2940 1361 videbunt
2963 1306 3184 1376 gloriam
3209 1322 3379 1364 meam
3404 1327 3417 1374 ;
3443 1319 3498 1364 et

1932 1389 2037 1443 erit
2063 1393 2258 1447 caelum
2291 1410 2506 1458 novum.
2536 1407 2588 1452 et
2618 1408 2755 1453 terra
2797 1414 2956 1466 nova,
3006 1415 3125 1469 qua:
3167 1417 3266 1472 ego
3303 1402 3492 1458 faciam

1929 1496 2146 1536 manere
2175 1498 2351 1538 coram
2375 1502 2480 1540 me.
2514 1489 2578 1541 Et
2598 1490 2776 1543 veniet
2803 1490 2976 1546 omnis
2996 1507 3142 1558 caro,
3175 1503 3227 1546 et
3253 1493 3496 1548 adorabit

1926 1584 2012 1624 me
2041 1571 2094 1625 in
2119 1586 2406 1642 conspectu
2436 1591 2574 1644 meo,
2603 1577 2728 1633 dicit
2757 1578 3040 1646 Dominus;
3068 1593 3122 1636 et
3167 1583 3406 1648 exibunt,
3438 1593 3495 1638 et

1929 1661 2458 1721 videbuntcadavera
2491 1667 2784 1735 hominum,
2810 1671 2896 1738 qui
2930 1674 3257 1740 prmvaricati
3286 1685 3411 1728 sunt
3440 1676 3494 1730 in

1924 1768 2028 1809 me.
2062 1754 2192 1809 Nam
2222 1759 2420 1812 vermis
2439 1773 2621 1814 eorum
2650 1775 2754 1816 non
2777 1763 3048 1828 morietur,
3071 1774 3123 1819 et
3145 1765 3281 1830 ignis
3298 1779 3485 1821 eorum

1928 1860 2032 1900 non
2061 1849 2447 1920 exstinguetur.
2472 1852 2533 1906 Et
2557 1862 2710 1906 erunt
2737 1869 2903 1924 usque
2925 1855 2991 1910 ad
3013 1858 3310 1911 satietatem
3334 1858 3496 1913 visio-

1926 1936 2009 1992 nis
2029 1938 2171 1992 omni
2193 1940 2334 1993 carni
2363 1939 2499 2010 (lca.
2524 1944 2688 2011 mi).
2718 1946 2795 2000 Ac
2821 1959 3027 2000 rursum
3057 1946 3124 2000 de
3150 1947 3238 2002 die
3263 1949 3356 2002 illo
3372 1947 3446 2002 ait
3475 1968 3490 2004 :

1925 2024 1992 2078 Et
2010 2024 2307 2081 involvetur
2334 2030 2527 2083 cmlum
2548 2032 2684 2086 sicut
2710 2032 2864 2099 liber,
2896 2049 3082 2090 omnes
3103 2037 3270 2091 stellae
3299 2036 3494 2092 cadent

1930 2115 2069 2169 sicut
2111 2116 2294 2172 folium
2334 2120 2400 2174 de
2429 2118 2604 2176 vinea.
2632 2121 2768 2178 Ecce
2798 2126 2937 2178 enim
2967 2124 3081 2181 dies
3109 2127 3314 2182 Domini
3345 2129 3492 2183 venit

1921 2205 2109 2272 plenus
2138 2205 2316 2263 furore
2358 2217 2412 2263 et
2446 2210 2544 2275 ira,
2589 2211 2657 2266 ad
2684 2213 2981 2281 ponendam
3009 2223 3202 2272 terram
3223 2217 3276 2270 in
3301 2218 3490 2272 solitu-

1918 2297 2116 2368 dinem,
2145 2310 2199 2354 et
2214 2313 2522 2370 peccatores
2537 2306 2652 2374 ejus
2666 2309 3018 2364 conterendos
3040 2324 3101 2364 ex
3122 2325 3204 2366 ea.
3225 2312 3487 2379 Quoniam

1916 2389 2088 2445 stella:
2115 2392 2237 2446 cmli
2267 2404 2322 2447 et
2349 2394 2600 2462 splendor
2625 2412 2807 2452 earum
2833 2413 2939 2454 non
2972 2401 3278 2469 expandent
3307 2403 3485 2457 lumen

1918 2493 2096 2534 suum.
2126 2480 2194 2534 Et
2220 2482 2654 2542 obtenebrabitur
2672 2488 2752 2544 sol
2781 2488 2834 2543 in
2860 2497 2981 2544 ortu
3001 2505 3120 2555 suo,
3143 2502 3196 2546 et
3222 2491 3346 2548 luna
3376 2508 3482 2547 non

1913 2572 2215 2639 splendebit
2243 2577 2294 2629 in
2320 2577 2519 2634 lumine
2545 2595 2663 2634 suo.
2691 2581 2754 2634 Et
2775 2580 3051 2652 quiescere
3080 2581 3270 2638 faciam
3299 2597 3484 2652 super-

1913 2660 2053 2716 biam
2083 2664 2397 2732 infidelium,
2440 2678 2495 2724 et
2529 2671 2884 2739 arrogantiam
2929 2671 3140 2726 fortium
3189 2673 3482 2729 humiliabo

1914 2751 2046 2821 (ha.
2076 2758 2216 2828 xm).
2247 2764 2324 2814 Ac
2349 2776 2531 2815 rursus
2553 2763 2626 2816 ait
2652 2780 2665 2815 :
2696 2763 2784 2818 Va:
2803 2765 2889 2832 qui
2910 2752 3127 2818 trahitis
3147 2764 3477 2834 iniquitatem

1913 2846 1966 2901 in
2009 2846 2257 2906 funiculis
2304 2854 2573 2917 vanitatis,
2621 2863 2676 2909 et
2717 2854 2868 2920 quasi
2913 2857 3184 2911 vinculum
3235 2859 3477 2925 plaustri.

1905 2945 2198 3000 peccatum.
2225 2936 2315 2992 Va
2358 2940 2449 3006 qui
2497 2937 2672 2992 dicitis
2715 2939 2911 2993 malum
2951 2939 3168 3006 bonum,
3219 2949 3478 3010 ponentes

1910 3037 2145 3078 amarum
2176 3027 2228 3081 in
2257 3027 2433 3094 dulce,
2464 3037 2516 3083 et
2547 3026 2701 3084 dulce
2730 3029 2782 3083 in
2809 3043 3066 3084 amarum.
3104 3031 3191 3083 Vm
3236 3031 3325 3096 qui
3383 3046 3478 3098 pu-

1915 3123 2083 3169 tentes
2110 3117 2238 3170 estis
2259 3118 2324 3172 ad
2359 3118 2642 3174 bibendum
2671 3120 2869 3181 vinum.
2899 3126 2956 3173 et
2977 3119 3072 3172 viri
3098 3119 3259 3173 fortes
3283 3121 3348 3172 ad
3378 3119 3480 3173 mi-

1908 3205 2156 3259 scendam
2180 3207 2514 3264 ebrietatem.
2540 3209 2639 3276 Qui
2655 3209 2956 3278 jnstificatis
2985 3207 3202 3278 impium
3225 3223 3324 3278 pro
3353 3224 3472 3262 mu-

1825 3284 1870 3342 C
1911 3295 2144 3360 neribus,
2175 3304 2231 3350 et
2263 3297 2520 3364 justitiam
2613 3300 2749 3372 justi
2819 3296 3049 3353 aufertis
3125 3316 3130 3324 ·
3160 3299 3229 3353 ab
3257 3314 3341 3352 eo.
3371 3298 3474 3365 Qui

1908 3382 2185 3437 declinatis
2199 3386 2449 3452 judicium
2472 3401 2782 3454 pauperum,
2801 3397 2856 3442 et
2874 3389 3100 3457 diripitis
3121 3389 3470 3443 substantiam

1908 3484 2217 3538 egenorum,
2247 3483 2305 3526 ut
2341 3475 2406 3528 sit
2431 3474 2581 3527 vobis
2605 3477 2872 3544 orphanus
2899 3479 2948 3530 in
2974 3477 3227 3544 praedam.
3260 3476 3324 3531 Et
3346 3475 3472 3544 quid

1907 3561 2116 3616 facietis
2143 3563 2193 3615 in
2223 3562 2309 3616 die
2342 3563 2694 3619 visitationis?
2720 3576 2770 3619 et
2798 3566 2861 3619 ad
2893 3581 3048 3635 quem
3077 3567 3391 3634 confugietis
3416 3569 3469 3621 in

1907 3655 2200 3707 auxilium?
2221 3665 2275 3708 et
2298 3655 2384 3710 ubi
2409 3657 2784 3724 derelinquetis
2806 3657 3022 3726 gloriam
3047 3665 3300 3721 vestram,
3331 3673 3396 3712 ne
3416 3657 3470 3712 in

1910 3745 2267 3800 visitationem
2298 3747 2581 3800 incidatis!
2631 3747 2856 3816 Propter
2902 3747 3022 3815 hoc,
3071 3749 3208 3802 sicut
3253 3750 3474 3803 devorat

1904 3836 2149 3904 stipulam
2191 3836 2372 3906 lingua
2412 3837 2572 3906 ignis,
2603 3845 2658 3892 et
2685 3838 2832 3892 calor
2862 3836 3091 3893 ﬂammae
3138 3839 3345 3905 exurit,
3389 3839 3468 3892 sic

1904 3926 2051 3979 radix
2081 3941 2263 3981 eorum
2299 3931 2446 3996 quasi
2483 3929 2654 3984 favilla
2698 3930 2818 3996 erit,
2849 3931 2904 3984 et
2945 3945 3158 4001 germen
3185 3945 3369 3984 eorum
3410 3940 3470 3983 ut

1903 4015 2092 4082 pulvis.
2139 4015 2462 4083 Abjecerunt
2486 4017 2624 4069 enim
2656 4017 2822 4085 legem
2876 4016 3081 4070 Dumini
3118 4020 3466 4083 exercituum,

1904 4115 1956 4160 et
1977 4105 2240 4175 eloquium
2264 4108 2432 4161 sancti
2459 4107 2617 4162 lsrael
2647 4109 3142 4177 blasphemaverunt
3171 4107 3393 4177 (Isa.v).

200 4231 297 4302 τὴν
341 4231 502 4299 δόξαν
533 4231 716 4285 αὐτῶν
759 4231 854 4284 τοῦ
1015 4234 1278 4330 ξμπξεσεζν
1321 4236 1401 4299 εἰς
1442 4237 1788 4330 ᾁπαγωγήν;
1834 4242 1933 4304 Ὃν
1959 4251 2162 4324 τρόπον
2231 4253 2569 4326 καυθήσεται
2596 4256 2818 4328 καλάμη
2852 4256 2959 4312 ὑπὸ
3003 4257 3275 4330 ἄνθρακος
3305 4257 3478 4328 πυρός

197 4327 294 4378 καὶ
331 4323 780 4417 συγκαυθήαῖεται
832 4324 940 4378 ὑπὸ
988 4325 1185 4394 φλογὸς
1232 4326 1555 4402 ἀνημμένης
1588 4331 1724 4404 (2οἣ
1757 4338 1790 4408 ἡ
1863 4342 1990 4413 ῥίζα
2053 4345 2233 4399 αὐτῶν
2263 4345 2337 4410 ὣς
2371 4323 2534 4417 χνοῦς
2566 4323 2868 4414 ἔσταιξκαὶ
2894 4350 2957 4404 τὸ
2988 4323 3148 4414 ἄνθος
3179 4349 3361 4404 αὐτῶν
3384 4323 3477 4412 ’ώς

198 4416 483 4492 κονιορτὸς
523 4415 886 4488 ἀναϐήσεταιο
921 4419 981 4472 οὐ
1025 4419 1133 4491 γὰρ
1167 4418 1444 4494 ἠθέλησαν
1493 4423 1589 4480 τὸν
1625 4427 1792 4499 νόμον
1830 4433 2036 4506 Κυρίου
2071 4437 2323 4506 Σαϐαὼθ,
2372 4415 2524 4494 -ἀλλά
2571 4442 2632 4496 τὸ
2674 4443 2853 4512 λόγιον
2895 4443 2989 4498 τοῦ
3060 4445 3218 4512 ἁγίου
3261 4441 3478 4514 Ἰσραὴλ

197 4507 534 4580 παρώξυναν

264 4601 465 4672 Τούτῳ
496 4601 738 4674 συνᾴδων
770 4602 866 4656 καὶ
902 4602 1091 4674 ἔτερος
1127 4605 1415 4678 προφήτης
1451 4607 1617 4679 φησίν
1651 4611 1787 4681 (ει)-

1971 4626 2169 4681 Eodem
2208 4626 2430 4693 accedit,
2463 4626 2603 4694 quod
2626 4629 2697 4681 ait
2724 4627 2859 4682 alius
2881 4627 3132 4695 propheta
3164 4646 3178 4683 :
3206 4627 3360 4682 Juxta
3383 4635 3464 4682 est

197 4693 305 4765 77
358 4694 558 4764 Ἔγγὺς
599 4696 633 4766 ὴ
671 4695 855 4768 ἡμέρα
885 4696 1091 4768 Κυρίου
1125 4698 1159 4768 ἡ
1206 4698 1448 4770 μεγάλη»
1486 4703 1655 4772 ἐγγὺς
1695 4707 1790 4758 καὶ

1903 4719 2017 4772 dies
2048 4719 2257 4772 Domini
2289 4735 2473 4790 magna
2506 4729 2559 4772 et
2586 4720 2735 4773 velox
2767 4721 2943 4775 nimis.
2977 4720 3091 4774 Vox
3120 4720 3224 4774 diei
3255 4718 3463 4774 Domini

195 4785 406 4856 ταχινή
452 4786 677 4858 σφόδραο
715 4785 868 4856 φωνὴ
917 4789 952 4858 ἡ
997 4789 1212 4860 ἡμέρας
1251 4791 1458 4861 Κυρίου
1495 4795 1670 4866 πικρὰ
1698 4798 1794 4850 καὶ

1916 4823 2096 4871 tmara,
2123 4785 2461 4864 tribulabitur
2490 4809 2660 4865 fortis.
2689 4811 2812 4865 Dies
2841 4811 2932 4866 ira)
2953 4811 3066 4865 dies
3092 4811 3201 4875 illa,
3231 4811 3344 4864 dies
3371 4809 3463 4863 Iri-

200 4878 421 4948 σκληρά
468 4877 771 4932 τέτακται*
811 4878 1013 4950 δυνατὴ
1067 4880 1252 4953 ἡμέρα
1303 4883 1472 4954 ὀργῆς
1521 4886 1555 4956 ἡ
1609 4886 1792 4957 ἡμέρα

1916 4901 2180 4955 iulationis
2203 4910 2256 4955 et
2291 4902 2566 4966 angustiae,
2607 4901 2722 4956 dies
2768 4902 3085 4957 calamitatis
3110 4912 3165 4957 et
3209 4903 3458 4965 miseriae,

197 4969 391 5039 ἐκείνη
412 5009 428 5034 ,
460 4970 642 5041 ἡμέρα
682 4969 917 5041 θλίψεως
949 4972 1043 5025 καὶ
1071 4973 1350 5044 ἀνάγκης,
1382 4975 1565 5047 ἡμέρα
1602 4978 1794 5031 ταλαι-

1916 4991 2006 5045 lies
2033 4992 2374 5045 tenebrarum
2404 5000 2458 5046 et
2481 4991 2744 5059 caliginis,
2767 4990 2881 5045 dies
2903 4993 3110 5045 nebulae
3130 5000 3182 5045 et
3206 4990 3456 5054 turbinis,

200 5061 423 5134 πωρίας
456 5063 551 5116 καὶ
580 5063 918 5134 ἀφανισμοῦ,
954 5064 1137 5135 ἡμέρα
1177 5065 1399 5127 σκότους
1433 5069 1528 5121 καὶ
1564 5069 1788 5138 γνόφου,

1916 5081 2007 5136 lies
2035 5082 2174 5135 tubas
2203 5090 2257 5136 et
2277 5079 2541 5150 clangoris
2560 5096 2722 5149 super
2743 5083 2983 5135 civitates
3005 5082 3255 5142 munitas,
3285 5089 3337 5134 et
3367 5098 3461 5134 su-

272 5268 392 5338 (H)
423 5267 529 5324 lsa.
560 5285 707 5330 uvt.
740 5271 850 5328 18..

274 5340 395 5410 (15)
429 5339 565 5410 ibid.
601 5357 785 5404 xxxw,
816 5349 870 5409 4.

277 5410 396 5482 (ιθ)
430 5409 564 5482 una.
597 5429 718 5472 xm,
749 5416 802 5476 9,
840 5417 923 5482 to,
959 5417 1018 5471 il

279 5481 398 5550 (l7)
433 5481 538 5535 lsa.
575 5497 626 5547 ν,
661 5484 794 5539 18...

283 5553 329 5621 (ί
343 5553 524 5633 .8).S.i°
553 5557 800 5633 “EMEA
830 5560 997 5633 ριίηις
1033 5576 1174 5614 nunc
1203 5576 1234 5617 e
1254 5563 1613 5627 correctione,
1647 5561 1709 5614 τὺ
1741 5561 1801 5616 ἄδ

1916 5580 1926 5609 ο
1952 5561 2046 5615 τοῦ
2081 5562 2131 5617 δ.
2155 5561 2272 5633 αἴρ.
2302 5560 2455 5629 Quod
2485 5561 2606 5616 dedi
2652 5566 2736 5615 est
2775 5559 2888 5629 ipsa
2922 5558 3070 5615 Isaia:
3116 5556 3274 5614 lectio
3302 5574 3354 5622 ν,
3384 5557 3477 5613 ‘23.

208 5620 273 5686 C,
521 5639 574 5675 τ.
609 5623 658 5677 δ.
675 5620 1033 5700 Ααίρούμενοί.

285 5690 408 5835 (l9;
432 5691 539 5746 lsa.
583 5710 638 5757 χ,
668 5695 724 5748 2.

293 5764 412 5835 (207
441 5763 591 5835 Isaia:
643 5774 724 5818 tex

293 5763 414 5844 (2ολ
441 5763 591 5845 Isaia:
638 5774 821 5844 textus
860 5771 1090 5845 exhibet
1117 5788 1171 5835 ν,
1200 5774 1295 5840 24,
1331 5773 1642 5845 ἀνειμένης.
1695 5790 1801 5844 quo

1916 5791 2000 5830 ton
2055 5773 2402 5845 praetulerim.
2437 5773 2613 5831 Poetae
2667 5771 2840 5828 Gravi
2889 5773 3143 5828 dixerunt
3195 5767 3484 5839 αἰθόμενον

219 5832 521 5916 πῦῖίξὶριξε
551 5833 720 5916 Isaias
751 5855 824 5916 tv,
844 5841 909 5916 _5,
941 5844 1111 5913 πυρὸς
1144 5832 1434 5916 καιομένου
1458 5832 1484 5898 ἰ
1527 5832 1796 5912 Χ,”17,’ὲν

1916 5847 1963 5915 pl
1996 5832 2290 5916 καιομένῳ.

295 5904 408 5974 (21)
443 5902 686 5973 Sophon.
723 5923 762 5968 t.
799 5909 863 5964 H
891 5902 1044 5981 seqq'.

545 6007 819 6064 l’nnOL.
867 6002 984 6063 Gs.
1035 6001 1253 6068 XCVI.

3081 6005 3164 6068 30
