4070 6428
636 468 743 530 939

2012 450 2371 511 'ADDEND'A
2384 498 2396 508 .

3756 452 3837 511 940

634 597 733 654 per
760 575 979 647 angulos
1000 572 1265 631 excelsos.
1297 570 1365 625 Et
1391 566 1655 624 tribulabo
1697 564 1976 637 malignos,
2007 574 2061 617 et
2101 578 2207 615 ain-

2266 566 2297 620 ὶ
2325 561 2522 654 ἡμέραν
2547 558 2775 629 νεφέλης
2820 556 3203 628 καιδμίχλης,
3248 556 3433 627 ἡμέρα
3469 557 3739 627 σάλπιγγος
3770 566 3841 618 καὶ

635 672 891 729 bulabunt
917 670 1075 739 caeci,-
1096 666 1219 736 quia
1242 663 1466 719 Domino
1492 669 1872 732 peccaverunt;
1900 668 1954 711 et
1973 654 2206 710 effunde-

636 775 722 819 tur
749 763 961 832 sanguis
981 774 1164 814 eorum
1187 755 1324 812 sicut
1347 755 1557 818 humus,
1583 760 1639 807 et
1653 762 1844 816 corpus
1866 762 2048 804 eorum
2068 746 2207 800 sicut

638 865 895 910 stercora.
928 851 1032 905 Sed
1060 861 1113 904 et
1143 856 1421 917 argentum
1451 858 1653 906 eorum,
1696 852 1748 894 et
1788 853 1974 894 aurum
2021 850 2203 891 eorum

635 960 741 999 non
768 941 1202 1013 poteritliberare
1223 950 1316 991 eos
1346 936 1396 989 in
1422 933 1507 987 die
1531 931 1720 985 furoris
1748 929 1974 982 Domini.
2000 928 2054 980 lu
2084 927 2207 995 igne

636 1036 735 1090 zeli
768 1035 881 1104 cjus
909 1032 1247 1097 devorabjtur
1274 1026 1446 1081 omnis
1488 1034 1648 1085 terra,
1699 1023 1819 1090 quia
1871 1029 2206 1071 consumma-

639 1131 835 1182 tionem
874 1140 992 1178 cum
1027 1120 1364 1177 festinatione
1393 1118 1550 1175 faciet
1601 1115 1805 1170 cunctis
1848 1108 2206 1165 habitantibus

639 1226 835 1271 terram
867 1214 1058 1284 (Soph.
1089 1216 1149 1281 t).
1182 1212 1398 1279 Insuper
1426 1208 1586 1263 etiam
1638 1203 1798 1258 David
1842 1216 1936 1256 rex
1983 1206 2038 1253 et
2083 1213 2210 1267 pro-

637 1310 797 1380 pheta
819 1307 883 1361 ad
908 1308 1047 1361 hunc
1069 1305 1281 1359 modum
1307 1303 1529 1357 clamat:
1548 1299 1692 1352 Deus
1714 1290 1992 1349 manifeste
2013 1288 2208 1353 veniet,

638 1402 781 1457 Deus
804 1410 1011 1467 noster,
1044 1410 1098 1454 et
1128 1415 1233 1453 non
1264 1397 1460 1451 silebit.
1494 1394 1632 1462 Ignis
1677 1391 1731 1443 in
1776 1397 2061 1457 conspectu
2094 1384 2209 1453 ejus

637 1492 972 1557 exardescet,
1005 1500 1057 1545 et
1086 1490 1147 1543 in-
1169 1487 1387 1543 circuitu
1418 1485 1533 1555 ejus
1562 1490 1849 1550 tempestas
1874 1478 2065 1531 valida.
2100 1475 2211 1529 Ad-

644 1582 851 1636 vocahit
875 1582 1068 1635 coelum
1092 1581 1390 1640 desursum,
1421 1587 1471 1629 et
1503 1584 1695 1627 terram
1719 1572 2019 1625 discernere
2046 1581 2212 1635 popu-

637 1674 748 1728 lum
775 1687 929 1727 suum
962 1669 1133 1741 (Ρεαι.
1166 1668 1333 1736 xux).
1359 1671 1432 1721 Ac
1461 1679 1666 1719 rursum
1698 1679 1711 1714 :
1749 1661 2005 1727 Exsurge,
2046 1657 2208 1720 Deus,

638 1762 830 1830 inquit,
880 1770 934 1816 et
964 1760 1140 1828 judica
1172 1768 1388 1820 terram,
1418 1754 1671 1825 quoniam
1693 1751 1939 1818 cogitatio
1980 1746 2211 1799 hominis

637 1852 976 1908 conﬁtebitur
1002 1851 1095 1904 tibi
1119 1848 1591 1917 (Psahn.'"Lxthl).
1618 1843 1693 1897 Ac
1716 1855 1924 1896 rursum
1950 1855 1964 1892 :
1990 1837 2069 1890 Tu
2094 1836 2212 1889 red-

606 1946 735 2005 ,des
786 1944 1071 2011 unicuique
1116 1941 1264 2009 juxta
1320 1951 1481 2006 Opera
1536 1949 1651 1989 sua.
1682 1929 1987 2000 ‘Complura
2032 1938 2207 1982 autem

638 2038 797 2092 etiam
843 2036 946 2090 alia
979 2034 1301 2104 hujusmodi,
1356 2043 1463 2084 tum
1523 2028 1818 2089 Psalmista,
1866 2035 1975 2078 tum
2025 2033 2211 2076 Omnes

636 2129 911 2199 prophetae
938 2128 1115 2182 divino
1145 2126 1341 2194 Spiritu
1368 2122 1558 2186 edocti,
1596 2120 1663 2174 de
1693 2119 1867 2171 futuro
1892 2113 2114 2185 -judicio
2150 2126 2212 2165 ac

640 2223 886 2275 mercede
925 2219 1304 2290 praedicarunt.
1364 2214 1597 2280 Quorum
1649 2221 1925 2265 sermones
1969 2204 2213 2261 Salvator

644 2326 858 2382 quoque
888 2309 1185 2365 certissime
1215 2305 1558 2366 conﬁrmans,
1607 2316 1703 2355 nos
1754 2308 2075 2353 monitorum
2129 2308 2212 2346 re-

640 2406 1046 2471 surrectionem,
1097 2416 1381 2469 rerumque
1437 2398 1492 2451 in
1542 2398 1648 2449 vita
1701 2403 1968 2461 gestarum
2012 2399 2213 2441 merce-

639 2498 970 2567 detn,atque
1001 2493 1351 2551 immortalem
1382 2488 1541 2544 futuri
1569 2486 1745 2541 smculi
1794 2480 1954 2535 vitam
1992 2476 2211 2533 credere

641 2592 843 2644 docuit.

713 2682 840 2739 Car.
871 2678 1268 2747 X.—Josaphat
1307 2684 1482 2730 autem
1530 2668 1731 2740 ingenti
1774 2667 1842 2721 ob
1890 2665 2003 2717 haec
2033 2658 2191 2714 verba

646 2774 812 2828 animi
841 2769 1252 2841 compunctione
1282 2767 1491 2835 plenus,
1511 2760 1758 2831 lacrymis
1776 2752 2209 2826 perfundebatur,

628 2860 805 2932 latque
830 2862 912 2916 his
938 2860 1003 2915 ad
1029 2874 1211 2914 senem
1243 2856 1419 2911 verbis
1442 2865 1566 2906 usus
1594 2860 1676 2904 est
1697 2865 1710 2901 :
1730 2847 1914 2902 Omnia
1941 2841 2065 2895 mihi
2090 2854 2211 2905 per-

646 2955 830 3023 spicue
851 2949 1161 3017 ‘declarasti,
1187 2962 1251 3001 ac
1277 2942 1590 3001 horrendam
1616 2940 1751 2995 hanc
1773 2948 1825 2991 et
1850 2932 2211 2989 admirandam

648 3043 1009 3099 narrationem
1045 3040 1313 3095 luculenta
1362 3035 1601 3091 oratione
1640 3029 1947 3097 complexus
1988 3038 2067 3079 es.
2120 3021 2211 3075 His

648 3140 829 3207 itaque
859 3135 1014 3190 nobis
1041 3130 1352 3203 propositis,
1382 3128 1506 3196 quid
1530 3126 1747 3179 tandem
1779 3119 2074 3175 faciendum
2107 3122 2209 3176 est,

649 3240 706 3282 ut
733 3244 793 3282 ea
822 3226 1083 3296 supplicia
1115 3237 1233 3292 qua:
1263 3218 1535 3275 sceleratis
1570 3213 1870 3269 hominibus
1892 3216 2068 3278 parata
2091 3212 2210 3257 sunt

650 3320 985 3388 e'ﬁ‘ugiamus,
1018 3330 1087 3373 ac,
1103 3313 1368 3380 justorum
1400 3308 1645 3377 gaudium
1683 3294 2107 3369 consequamur?

740 3433 1034 3503 Respondit
1066 3430 1307 3485 Barlaam
1340 3444 1355 3482 :
1386 3427 1607 3483 Litteris
1633 3423 1800 3478 sacris
1850 3418 2114 3489 proditum
2144 3422 2224 3468 est

664 3530 803 3597 (Act.
839 3529 920 3595 ιι),
943 3525 1083 3596 quod
1114 3540 1233 3578 cum
1254 3522 1465 3585 Petrus,
1483 3520 1569 3588 qui
1599 3515 1953 3587 apostolorum
1980 3511 2223 3579 princeps

662 3631 886 3673 vocatus
914 3628 1018 3683 est,
1052 3618 1259 3685 plebem
1283 3614 1522 3669 doctrina
1554 3612 1860 3669 instrueret,
1885 3608 2047 3657 corde
2071 3616 2222 3656 com-

664 3712 847 3782 puncti
876 3719 1021 3774 sunt,
1050 3707 1493 3779 quemadmodum
1535 3702 1737 3756 scilicet
1782 3707 1836 3751 tu
1889 3707 2099 3763 quoque
2122 3692 2224 3744 ho-

660 3810 850 3857 dierno
897 3801 1005 3855 die.
1052 3800 1287 3868 Cumque
1316 3796 1577 3850 dixissent
1608 3809 1622 3845 :
1653 3789 1789 3855 Quid
1819 3784 2106 3841 faciemus?
2128 3783 2223 3836 Pe-

644 3907 777 3949 'trus
803 3894 871 3949 ad
903 3908 998 3949 eos
1027 3893 1157 3946 dixit
1190 3906 1206 3947 ε
1242 3887 1614 3943 Pmnitentiam
1653 3884 1812 3952 agite,
1845 3889 1899 3935 et
1926 3876 2224 3945 baptizatur

658 3986 1026 4053 unusquisque
1051 3991 1286 4036 vestrum
1312 3982 1362 4033 in
1388 3977 1755 4032 remissionem
1787 3979 2147 4040 peccatorum,
2168 3972 2224 4020 et

658 4074 935 4142 accipietis
957 4072 1155 4126 donum
1180 4069 1410 4138 Spiritus
1432 4068 1623 4122 sancti.
1651 4065 1814 4119 Vobis
1836 4063 1976 4115 enim
2000 4067 2081 4114 est
2103 4071 2223 4124 pro-

653 4166 864 4230 missio,
912 4171 968 4217 et
1021 4162 1139 4215 ﬁliis
1169 4160 1383 4223 vestris,
1415 4167 1468 4211 et
1490 4156 1735 4211 omnibus
1766 4152 1857 4224 qui
1890 4151 2048 4221 longe
2076 4156 2223 4211 sunt,

657 4268 1009 4328 quoscunque
1051 4250 1389 4307 advocaverit
1422 4249 1690 4303 Dominus
1733 4247 2112 4301 Deusnoster.
2146 4241 2222 4294 En

654 4348 819 4418 igitur
865 4345 983 4413 ipse
1029 4339 1410 4396 misericordiae
1460 4353 1574 4393 sua:
1618 4337 1831 4391 divitias
1859 4337 1910 4389 in
1941 4344 1992 4388 te
2017 4331 2221 4394 effudit,

658 4449 819 4505 teque
842 4436 931 4506 qui
962 4436 1143 4487 animo
1170 4444 1232 4485 ac
1261 4432 1533 4483 voluntate
1561 4428 1743 4495 procul
1784 4428 1850 4480 ab
1899 4440 1964 4478 eo
2009 4424 2227 4479 dissitus

664 4537 807 4588 era‘s,
842 4535 896 4578 et
922 4523 1131 4586 alienis,
1158 4538 1262 4574 non
1285 4520 1457 4573 dicam
1482 4518 1606 4580 diis,
1629 4517 1719 4569 sed
1748 4515 2013 4584 pestiferis
2032 4512 2225 4565 daemo-

2326 653 2575 725 κραυγῆς
2599 668 2613 683 ·
2646 652 2742 706 καὶ
2758 650 2997 721 ἐκθλίψω
3021 651 3144 713 τοὺς
3173 652 3467 720 πονηροὺς,
3491 651 3581 703 καὶ
3604 655 3848 721 πορεύσον-

2325 761 2415 797 ται
2437 744 2513 806 ὡς
2536 741 2746 811 τυφλοὶ,
2770 742 2850 795 ὅτι
2877 741 2955 810 τῷ
2979 740 3171 810 Κυρίῳ
3192 740 3519 809 ἐξήμαρτον·
3541 742 3627 793 καὶ
3646 744 3699 796 τὸ
3714 747 3849 816 ἀργύ-

2334 853 2448 907 ριον
2480 834 2658 888 αὐτῶν
2688 834 2783 887 καὶ
2813 832 2873 885 τὸ
2903 832 3123 905 χρυσίον
3152 833 3213 884 ού
3253 830 3330 901 μὴ
3369 830 3588 901 δύνηται
3621 832 3848 897 ἐξελέσθαι

2329 929 2528 991 αὐτοὺς
2561 928 2618 982 ἐν
2647 927 2832 998 ἡμέρᾳ
2862 926 3032 997 ὀργῆς
3066 924 3291 994 Κυρέοιν
3336 925 3395 975 ἐν
3424 925 3553 993 πυρὶ
3584 924 3679 996 γὰρ
3719 926 3849 999 ζήλου

2328 1020 2493 1074 αὐτοῦ
2517 1019 3036 1089 καταναλωθήσεται
3071 1018 3218 1069 πᾶσα
3246 1016 3280 1085 ἡ
3311 1015 3409 1083 γῆ,
3438 1015 3566 1067 διότι
3597 1018 3850 1073 συντέλειαν

2330 1114 2547 1185 ποιήσει
2578 1112 2901 1175 ἐπιπαντας
2923 1111 3050 1172 τοὺς
3073 1105 3471 1169 κατοικοῦντας
3491 1105 3585 1177 τὴν
3607 1107 3716 1175 γῆν,
3740 1111 3849 1181 Πρὴς

2327 1206 2540 1270 τούτοις
2568 1205 2662 1260 καὶ
2690 1205 2851 1257 Δαυὶδ
2881 1205 2909 1256 6
2939 1201 3196 1273 βασιλεὺς
3241 1199 3339 1253 καὶ
3369 1200 3641 1271 προφήτης
3674 1201 3769 1270 βοᾷο
3805 1204 3849 1254 ὐ

2328 1298 2460 1361 Θεὸς
2486 1298 2597 1367 (22)
2626 1295 2889 1367 ἐμφανῶς
2905 1294 3058 1365 ἥξει,
3091 1295 3120 1346 6
3151 1292 3285 1354 Θεὸς
3316 1290 3494 1362 ἡμῶν,
3526 1291 3613 1343 καὶ
3636 1291 3688 1343 οὗ
3714 1309 3849 1363 παρα-

2332 1391 2705 1461 σιωπήσεται·
2747 1388 2858 1458 πῦρ
2892 1388 3124 1440 ἐνώπιον
3170 1383 3339 1437 αὑτοῦ
3389 1381 3735 1451 καυθήσεται,
3776 1388 3849 1437 καὶ

2330 1483 2516 1554 κύκλῳ
2548 1482 2712 1536 αὑτοῦ
2756 1480 3011 1548 καταιγὶς
3060 1477 3290 1548 σφοδρά·
3341 1475 3748 1547 προσκαλέσεται
3782 1477 3851 1529 τὸν

2330 1574 2558 1644 οὐρανὸν
2594 1572 2705 1626 ἄνω
2752 1572 2847 1627 καὶ
2887 1571 2985 1641 τὴν
3029 1569 3161 1639 γῆν,
3197 1568 3295 1621 τοῦ
3341 1567 3610 1638 διακρῖναι
3640 1567 3716 1619 τὸν
3754 1570 3849 1621 λαὸν

2332 1660 2523 1722 αὑτοῦ.
2538 1665 2651 1718 Καὶ⁵
2669 1660 2844 1724 αὖθις·
2882 1662 3138 1724 Ἀνάστα,
3162 1661 3335 1731 φησιν
3358 1659 3493 1729 (25),
3513 1660 3540 1712 6
3554 1658 3690 1722 Θεὸς,
3709 1661 3848 1728 κρῖνον

2330 1760 2429 1831 τὴν
2454 1760 2580 1831 γῆν,
2610 1759 2693 1812 ὅτι
2718 1757 2973 1829 ἐνθύμιον
3001 1755 3113 1825 (24)
3140 1747 3437 1825 ἀνθρώπου
3460 1750 3849 1823 ἐξομολογήσεταί

2338 1867 2453 1904 σοι·
2487 1850 2582 1903 καὶ
2622 1848 2735 1919 (‘25)
2771 1848 2835 1901 σὺ
2878 1844 3182 1908 ἀποδώσεις
3225 1844 3446 1913 ἑκάστῳ
3490 1842 3624 1896 κατὰ
3656 1842 3712 1894 τὰ
3750 1842 3848 1913 ἔργα

2334 1944 2523 2000 αὐτοῦ.
2557 1941 2735 1997 Πολλὰ
2768 1941 2824 1993 δὲ
2870 1941 2967 1993 καὶ
3009 1938 3175 2009 ἓτερα
3207 1936 3435 1989 τοιαῦτα
3468 1937 3496 1989 ὃ
3523 1951 3588 1988 τε
3618 1934 3849 2004 ψαλμῳδδς

2334 2037 2431 2091 καὶ
2460 2036 2663 2099 πάντες
2692 2037 2739 2088 oi
2772 2033 3049 2106 προφῆται
3079 2029 3191 2101 (26)
3213 2029 3295 2099 τῷ
3329 2028 3461 2100 θείῳ
3482 2026 3727 2098 πνεύματι
3745 2044 3849 2097 μυή-

2337 2130 2522 2193 θέντες
2553 2129 2679 2198 περὶ
2720 2126 2817 2195 τῆς
2851 2122 3152 2195 μελλούσης
3190 2121 3432 2194 κρίσεως
3476 2121 3567 2173 καὶ
3612 2118 3847 2172 ἀνταποδόι

2337 2240 2476 2285 σεως
2508 2217 2799 2292 ἐκήρυξαν·
2834 2212 2909 2271 ὧν
2946 2217 3072 2279 τοὺς
3109 2215 3304 2284 λόγους
3339 2213 3437 2266 καὶ
3467 2213 3496 2265 6
3521 2210 3692 2281 Σωτὴρ
3716 2210 3846 2277 ἀσφα-

2335 2310 2570 2364 λέστατα
2614 2309 2724 2379 78
2776 2306 3114 2379 βεϐαιώσας,
3162 2303 3407 2368 ἐδίδαξεν
3452 2304 3594 2374 ἡμᾶς
3631 2301 3845 2354 πιστεύειν

2336 2406 2635 2461 ἀνάστασιν
2663 2403 2875 2475 νεκρῶν
2907 2402 3001 2455 καὶ
3026 2401 3387 2456 ἀνταπόδοσιν
3415 2398 3520 2452 τῶν
3546 2394 3844 2467 βεόιωμὲνων,

2338 2491 2485 2566 ξωήν
2523 2511 2583 2547 τε
2623 2492 2981 2562 ἀτελεύτητον
3026 2488 3121 2544 τοῦ
3165 2489 3457 2562 μέλλοντος
3486 2486 3685 2549 αἰῶνος.

2266 1910 2309 1964 Β

2409 2696 2568 2749 ΚΕΦ.
2609 2695 2667 2749 ῐ’.
2706 2694 2781 2747 Ὅ
2808 2693 2875 2746 ’δὲ
2919 2692 3173 2763 Ἰωάσαφ,
3217 2691 3563 2757 κατανύξεως
3592 2690 3761 2760 πολλῆς
3783 2690 3845 2742 ἐπὶ

2336 2788 2549 2851 τούτοις
2596 2786 2935 2859 πληρωθεὶς,
2989 2785 3298 2857 σύνδακρυς
3347 2784 3469 2848 ὅλος
3502 2780 3585 2855 ἦν.
3631 2782 3724 2835 Καῐ
3754 2796 3844 2850 φησι

2340 2885 2477 2955 πρὸς
2506 2882 2598 2935 τὸν
2626 2880 2882 2951 γέροντα’
2915 2880 3099 2933 Πάντα
3132 2897 3223 2949 μοι
3250 2878 3444 2948 σαφῶς
3478 2874 3761 2947 ἐγνώρισάς,
3782 2873 3843 2925 καὶ

2338 2974 2597 3044 ἀσφαλῶς
2637 2971 2912 3043 διεξῆλθες
2957 2972 3055 3043 τὴν
3103 2969 3346 3043 φρικτὴν
3389 2968 3586 3039 ταύτην
3629 2965 3712 3020 καλ
3752 2964 3843 3017 Ouu-

2343 3063 2555 3137 μαστὴν
2593 3064 2865 3134 διήγησιν.
2899 3062 3118 3115 Τούτων
3150 3059 3243 3116 οὖν
3273 3060 3643 3135 προκειμένων
3668 3058 3789 3127 ἡμῖν,
3810 3051 3843 3105 τί

2340 3160 2447 3230 χρὴ
2494 3160 2707 3225 ποιεῖν,
2759 3154 2854 3210 τοῦ
2904 3157 3165 3224 ἐκφυγεῖν
3216 3154 3320 3218 τὰς
3354 3150 3738 3226 ἡτοιμασμένας
3769 3147 3845 3206 τοῖς

2266 3262 2306 3318 C
2340 3250 2688 3323 ἁμαρτωλοῖς
2719 3249 2992 3313 κολάσεις,
3024 3248 3120 3303 καὶ
3150 3246 3453 3319 ἀξιωθῆναι
3483 3244 3577 3314 τῆς
3604 3242 3749 3314 χαρᾶς
3771 3238 3843 3291 τῶν

2337 3344 2562 3399 δικαίων
2583 3360 2598 3409 ;

2410 3436 2519 3491 Καὶ
2565 3438 2593 3490 6
2637 3433 2906 3504 Βαρλαάμ
2952 3432 3321 3503 ἀπεκρίνατοο
3360 3430 3656 3501 Γέγραπται
3684 3426 3753 3478 ὅτι
3788 3422 3842 3473 δι-

2338 3528 2630 3591 δάσκοντός
2673 3544 2803 3580 ποτε
2837 3524 2932 3579 τοῦ
2967 3525 3175 3595 Πέτρου
3207 3524 3299 3577 τὸν
3334 3524 3463 3576 λαὸν
3484 3560 3499 3586 ,
3530 3520 3585 3584 ὃς
3624 3518 3705 3570 καὶ
3725 3530 3841 3583 κορυ-

2340 3624 2496 3693 φαῖος
2533 3619 2737 3689 ἐκλήθη
2771 3617 2881 3671 τῶν
2914 3617 3250 3681 ἀποστόλων,
3283 3614 3653 3682 κατενύγησαν
3680 3606 3759 3678 (27)
3788 3606 3836 3671 τῇ

2339 3713 2556 3785 καρδίᾳ,
2589 3712 2844 3783 καθάπερ
2874 3711 2968 3765 καὶ
2996 3709 3060 3764 σὺ
3094 3713 3357 3780 σήμερον,
3390 3708 3504 3770 καὶ,
3531 3703 3751 3756 εἰπόντων
3770 3695 3836 3748 αὖ·

2339 3805 2483 3859 τῶν
2516 3784 2598 3859 (Ti
2648 3805 2988 3877 ποιήσομεν;
3036 3803 3069 3855 6
3112 3802 3317 3872 Πέτρος
3369 3800 3471 3868 ἔφη
3513 3795 3639 3864 πρὸς
3678 3784 3835 3847 simi?

2340 3900 2747 3972 Μετανοήσατε,
2799 3898 2895 3953 καὶ
2937 3895 3295 3968 βαπτισθήτω
3351 3894 3575 3952 ἕκαστος
3619 3880 3747 3954 ὑμῶν
3785 3878 3837 3938 Ei;

2340 3997 2535 4063 ἄφεσιν
2580 3967 3068 4063 νάμαρτιῶν,κα“ι
3122 3987 3363 4060 λήψεσθε
3419 3986 3515 4054 τὴν
3563 3978 3741 4048 δωρεὰν
3775 3967 3840 4022 τοῦ

2354 4087 2537 4156 Ἀγίου
2571 4084 2912 4156 Πνεύματοςο
2950 4084 3079 4153 ύμῖν
3106 4082 3214 4152 γάρ
3245 4082 3396 4133 ἐστιν
3426 4081 3459 4147 ἡ
3493 4066 3756 4141 ἐπαγγελία
3777 4062 3842 4116 καὶ

2339 4181 2452 4242 τοῖς
2493 4177 2706 4240 τέκνοις
2740 4175 2895 4246 ὑμῶν
2930 4176 3025 4229 καὶ
3069 4176 3203 4227 πᾶσι
3237 4175 3350 4235 τοῖς
3397 4171 3475 4232 εἰς
3505 4163 3697 4238 μακρὰν
3729 4159 3841 4211 ὅσους

2343 4270 2409 4325 ἂν
2435 4267 2845 4341 προκαλέσηται
2867 4264 3072 4338 Κύριος
3101 4268 3130 4319 ὁ
3158 4264 3292 4328 Θεὸς
3319 4262 3497 4336 ήμῶν.
3535 4256 3652 4311 Ἰδοὺ
3678 4247 3755 4305 οὖν
3778 4250 3841 4299 καὶ

2343 4363 2434 4417 ἐπί
2462 4361 2522 4415 σέ
2560 4359 2744 4430 ἐξέχεε
2775 4358 2836 4412 τὸ
2892 4357 3147 4412 πλούσιον
3185 4356 3335 4421 ἕλεος
3380 4348 3567 4416 αὐτοῦ,
3597 4345 3680 4401 καὶ
3716 4354 3839 4410 προσ-

2342 4453 2500 4507 εκαλέ
2510 4450 2639 4505 σατό
2656 4468 2735 4514 σε,
2754 4448 2843 4505 τὸν
2864 4449 3082 4521 μακρὰν
3107 4445 3273 4501 αὐτοῦ
3292 4449 3361 4519 τῇ
3390 4443 3573 4516 γνώμῃ
3594 4437 3838 4503 ὑπάρχοντι

2346 4542 2439 4595 καὶ
2488 4539 2790 4611 ἀλλοτρίοις
2832 4538 3163 4609 λατρεύοντα
3198 4539 3261 4591 οὐ
3300 4538 3461 4600 θεοῖς,
3495 4530 3620 4587 ἀλλά
3651 4524 3841 4591 δαίμοσιν

667 4613 844 4674 uibus,
872 4621 928 4665 et
954 4610 1130 4664 surdis
1157 4624 1220 4662 ac
1246 4622 1436 4661 sensus
1488 4605 1791 4674 expertibus
1820 4603 2007 4657 statuis
2030 4600 2216 4655 cultum

2270 4612 2315 4668 Ῑ)
2347 4630 2611 4701 ὀλεθρίοις
2656 4600 3001 4694 καὶ-ξοάνοις
3033 4631 3238 4696 κωφοῖς
3281 4628 3393 4699 (28)
3426 4625 3514 4681 καὶ
3545 4614 3837 4701 ἀναισθήτοιςῖ

668 4700 989 4765 adhibebas,
1019 4700 1231 4753 accivit.
1254 4697 1523 4764 Quocirca
1551 4705 1674 4749 ante
1703 4692 1970 4747 omniaad
2000 4704 2120 4745 eum
2142 4690 2231 4757 qui

673 4804 726 4848 te
750 4793 957 4846 vocavit
977 4791 1201 4853 accede,
1230 4804 1259 4843 a
1286 4804 1391 4859 quo
1416 4804 1596 4844 veram
1627 4797 1734 4841 tant
1762 4800 1949 4840 eorum
1972 4800 2088 4850 quae
2113 4798 2231 4837 ocu-

668 4883 737 4936 lis
756 4891 1069 4945 cernuntur,
1112 4896 1271 4949 quam
1299 4896 1417 4949 quae
1443 4879 1513 4933 ab
1536 4879 1812 4932 oculorum
1839 4891 1999 4931 sensu
2029 4884 2232 4930 remota

671 4982 819 5040 sunt,
849 4973 1206 5043 cognitionem
1229 4972 1600 5040 consequeris.
1627 4970 1778 5037 Quod
1808 4970 1853 5024 si
1890 4979 2231 5038 posteaquam

672 5076 896 5119 vocatus
922 5079 982 5119 es
1010 5064 1268 5118 accedere
1296 5077 1538 5129 recusas,
1569 5073 1660 5115 aut
1689 5077 1865 5116 moras
1890 5059 2076 5122 nectis,
2092 5058 2235 5126 justo

671 5154 765 5209 Dei
790 5154 997 5223 judicio
1017 5153 1259 5207 exhaares
1289 5153 1420 5217 eris,
1462 5168 1524 5208 ac
1552 5151 1936 5222 repudiaberis,
1980 5150 2098 5217 quia
2123 5148 2236 5215 ipse

673 5247 994 5318 repudiasti.
1024 5246 1102 5299 Ad
1128 5244 1266 5300 hunc
1290 5247 1432 5301 enim
1476 5246 1690 5302 modum
1732 5248 1843 5317 ipse
1871 5258 2078 5314 quoque
2109 5257 2237 5311 apo-

736 5482 850 5550 (3‘2)
883 5481 1030 5539 Psnl.
1060 5498 1212 5547 xctx,
1241 5485 1295 5547 5,
1326 5488 1378 5541 4.

738 5552 852 5620 (23)
889 5552 1033 5606 Psal.
1059 5568 1244 5616 Lxxxt,
1277 5560 1329 5608 8.

737 5624 853 5691 (Ἡ)
883 5620 1024 5691 Psal.
1061 5638 1222 5686 Lxxv,
1256 5626 1338 5681 10.

739 5690 854 5763 (25)
884 5690 1027 5763 Psal.
1060 5709 1172 5763 th,
1206 5694 1291 5749 52.

732 5761 851 5834 (‘35)
883 5761 1026 5818 L003
1064 5779 1096 5819 ε
1119 5762 1316 5821 ναίετε
1344 5764 1696 5823 Testamento
1738 5769 1803 5822 de
1849 5772 2247 5828 resurrectione
2291 5774 2501 5831 collegit
2534 5772 2881 5830 Laubrttssel.
2930 5771 3008 5825 De
3051 5769 3219 5823 alutsu
3254 5768 3488 5831 criticcs,
3520 5771 3555 5816 t.

737 5835 851 5909 (27)
873 5834 980 5909 Res
1010 5845 1262 5909 narratur
1290 5837 1493 5909 inAct.
1530 5838 1771 5909 Apostol.
1811 5854 1872 5902 tl,
1903 5841 2040 5897 37...

734 5908 851 5977 (:28)
885 5906 1081 5963 llultac.
1117 5922 1176 5975 ιι,
1214 5908 1315 5962 l8:
1353 5906 1590 5979 Ποιῆσαι
1614 5910 1804 5965 εἴδωλα
1831 5914 2009 5981 κωφά.

2348 4723 2439 4776 Διὸ
2468 4694 2563 4775 καὶ
2605 4722 2711 4792 πρὸ
2749 4723 2967 4776 πάντων
3005 4694 3391 4792 πρόσελθε-τῶ
3429 4710 3719 4784 κεκληκότι,
3745 4694 3837 4792 παρ’

2346 4807 2407 4866 οὗ
2437 4812 2583 4884 λήψῃ
2608 4788 2716 4864 τῶν
2740 4811 3033 4882 ὁρωμένων
3051 4788 3153 4863 *καὶ
3182 4810 3291 4862 τῶν
3318 4788 3556 4881 ἀοράτων
3581 4794 3751 4870 ἀᾲευδῆ
3770 4788 3839 4855 τὴν

2345 4906 2567 4977 γνῶσιν.
2602 4904 2667 4958 Εἰ
2696 4904 2753 4958 δέ
2788 4904 2925 4974 μετὰ
2953 4904 3015 4957 τὸ
3045 4902 3314 4975 κληθῆναι
3343 4904 3404 4958 οὐ
3440 4900 3602 4960 θέλεις
3634 4892 3661 4963 ἢ

2345 4970 2477 5065 νεις,
2508 4997 2694 5070 δικαίᾳ
2724 4970 2858 5049 Θεοῦ
2890 4995 3071 5068 κρίσει
3099 4970 3408 5066 ἀπόκληρος
3438 4993 3549 5061 ἔσῃ,
3577 4983 3645 5054 τῷ
3672 4970 3836 5070 79-μῆ

2346 5095 2572 5166 θελῆσαι
2596 5065 2680 5165 μὴν
2696 5065 2964 5162 θεληθείς⁶
2990 5088 3133 5142 οὕτω
3155 5088 3264 5160 γάρ
3288 5088 3382 5143 καὶ
3398 5088 3425 5141 6
3446 5081 3594 5143 αὐτὸς
3608 5065 3836 5166 dmi“???

2349 5153 2556 5257 Πέτοος
2584 5153 2724 5254 iiiP-6;
2751 5153 2875 5236 τινα
2901 5181 3013 5236 τῶν
3050 5153 3309 5253 μαθητῶν
3336 5177 3630 5244 λελάληκεν.
3666 5153 3833 5257 Ἐγὼ-δὲ

2347 5243 2588 5332 πιστεύω
2629 5277 2711 5331 ὅτι
2744 5276 2839 5329 καὶ
2880 5243 3202 5346 ὑπήκσυσας
3245 5274 3345 5345 τῆς
3391 5270 3633 5341 κλήσεως,
3662 5249 3740 5309 καὶ
3778 5243 3835 5296 ἔτι

3582 5751 3616 5819 ι,
3644 5757 3743 5818 pag,
3758 5730 3822 5787 50.
