4070 6426
260 454 369 516 941

1374 450 1548 513 VITA
1586 450 1941 510 BARLAAM
1982 448 2076 507 ET
2114 450 2463 518 JOASAPH.

3412 466 3517 529 942

249 559 580 631 τρανότερον
625 558 943 626 ὑπακούσας
991 561 1143 636 ἀρεῖς
1183 562 1296 634 (29)
1334 564 1427 616 τὸν
1468 565 1697 635 σταυρὸν
1746 565 1837 618 καὶ

1952 572 2118 627 stolus
2148 574 2337 630 Petrus
2362 576 2430 629 ad
2462 576 2743 641 quemdam
2771 578 3090 650 discipulum
3144 584 3276 638 dixit
3302 600 3319 638 :
3394 586 3509 659 Ego

248 650 642 723 ἀκολουθήσεις
672 653 784 723 (50)
811 652 889 724 τῷ
919 654 1172 708 καλοῦντί
1203 671 1261 707 σε
1291 654 1410 725 Θεῷ
1438 656 1535 708 καὶ
1566 656 1831 729 Δεσπότῃ,

249 743 318 807 ὃς
351 744 737 815 προσκαλεῖταί
786 762 847 799 σε
884 745 992 800 ἀπὸ
1027 746 1260 800 θανάτου
1295 749 1375 810 είς
1412 747 1558 818 ζωὴν
1602 748 1698 802 καὶ
1727 749 1836 802 ἀπὸ

249 836 485 898 σκότους
530 838 611 899 είς
644 836 782 906 φῶς.
823 836 914 909 Τῷ
962 836 1076 891 ὄντι
1120 839 1230 910 γὰρ
1262 841 1295 910 ὴ
1331 838 1425 892 τοῦ
1459 839 1595 893 Θεοῦ
1641 840 1834 908 ἄγνοια

249 926 450 988 σκότος
482 927 596 979 ἐστὶ
641 930 735 982 καὶ
780 928 1008 994 Θάνατος
1050 931 1233 1003 ψυχῆς
1258 973 1272 995 ,
1321 934 1419 987 καὶ
1466 934 1529 987 τὸ
1560 934 1834 988 δουλεύειν

246 1016 499 1080 είδώλοις
545 1019 632 1071 ἐπ’
680 1020 888 1093 ὀλέθρῳ
942 1023 1046 1093 τῆς
1091 1025 1307 1094 φύσεως
1339 1025 1523 1097 πάσης
1571 1045 1662 1097 μοι
1691 1027 1837 1081 δοκεῖ

248 1102 399 1162 ἐῐναι
429 1108 788 1182 ἀναισθησίας
819 1114 913 1168 καὶ
941 1114 1255 1187 ἀφροσύνης
1284 1117 1565 1173 ἐπέκεινα.

324 1286 440 1349 Οὓς
470 1287 581 1356 (5|)
618 1289 724 1342 τίνι
754 1289 1008 1360 ὁμοιώσω
1032 1333 1047 1357 ,
1098 1293 1191 1347 καὶ
1220 1295 1474 1366 ποταπήν
1522 1312 1604 1348 σοι
1650 1296 1836 1349 εἰκόνα

246 1379 353 1450 τῆς
391 1382 596 1436 τούτων
630 1384 962 1456 ἀδελτηρίας
993 1391 1367 1459 παραστήσω;
1424 1388 1585 1443 Ἀλλά
1620 1407 1700 1441 σοι
1733 1407 1837 1442 πα-

251 1472 483 1542 ραθήσω
501 1475 808 1546 ὑπόδειγμα
829 1477 940 1547 (52)
959 1479 1111 1548 παρά
1134 1496 1280 1542 τινος
1302 1480 1494 1550 ἀνδρὸς
1519 1480 1833 1548 σοφωτάτου

247 1562 445 1633 λεχθὲν
472 1567 608 1636 πρός
640 1584 727 1637 με.
764 1569 955 1637 Ἔλεγε
988 1570 1097 1639 γάρ
1137 1571 1218 1624 ὅτι
1250 1571 1426 1641 ὅμοιοί
1455 1572 1595 1624 είσιν
1630 1573 1680 1624 οἱ
1726 1572 1836 1627 τῶν

247 1655 494 1711 εἰδώλων
520 1661 897 1731 προσκυνηταὶ
925 1661 1198 1734 ἀνθρώπῳ
1230 1662 1411 1734 ίξευτῇ
1429 1704 1444 1729 ,
1473 1663 1531 1726 ὃς
1575 1661 1836 1733 κατέσχεν

249 1746 311 1799 ἐν
332 1749 447 1802 τῶν
467 1754 847 1821 σμικροτάτων
865 1755 1180 1825 στρουθίων·
1196 1754 1398 1826 ἀηδόνα
1417 1754 1574 1808 τοῦτο
1588 1754 1832 1809 καλοῦσι.

246 1840 454 1895 Λαϐὼν
491 1843 550 1896 δὲ
594 1844 872 1917 μάχαιραν
901 1847 996 1900 τοῦ
1048 1847 1250 1917 σφάξαι
1288 1847 1419 1901 αὐτὸ
1460 1848 1558 1902 καὶ
1601 1848 1833 1916 φαγεῖν,

1950 674 2126 721 autem
2151 667 2315 721 credo
2344 667 2484 735 quod
2515 677 2568 722 et
2596 668 2872 725 obedivisti
2903 674 3188 742 vocationi,
3236 685 3290 731 et
3332 677 3509 733 adhuc

1948 754 2209 811 sincerius
2233 757 2509 824 obediens,
2561 774 2777 814 crucem
2809 762 2983 828 tolles,
3015 764 3285 833 Deumque
3314 783 3378 823 ac
3405 769 3505 822 Do-

1952 848 2154 903 minum
2185 857 2238 905 te
2265 860 2544 905 vocantem
2569 853 2829 922 sequeris,
2874 870 2964 924 qm
2994 868 3045 910 te
3073 872 3101 909 a
3141 868 3315 914 morte
3342 861 3407 914 ad
3437 864 3515 914 vl-

1953 948 2084 1003 tam,
2108 949 2161 996 et
2191 956 2221 995 a
2251 941 2487 997 tenebris
2513 944 2579 996 ad
2638 943 2807 999 lucem
2848 946 3054 1002 invitat.
3101 948 3232 1003 Nam
3276 951 3515 1019 profecto

1956 1028 2050 1082 Dei
2078 1031 2359 1099 ignoratio,
2392 1033 2583 1087 anima:
2609 1036 2780 1104 caligo
2806 1052 2868 1089 ac
2896 1052 3039 1092 mors
3068 1051 3179 1105 est;
3222 1051 3274 1095 et
3298 1043 3516 1096 simula-

1953 1133 2043 1172 cra
2091 1120 2269 1176 colere
2319 1121 2386 1175 ad
2438 1133 2641 1179 naturae
2693 1127 2934 1194 exitium,
2988 1133 3272 1186 amentiam
3300 1147 3513 1189 omnem

1954 1210 2181 1266 excedit.

2022 1299 2165 1365 Quos
2193 1302 2402 1369 quidem
2435 1303 2675 1359 homines
2703 1306 2913 1360 cuinam
2944 1309 3022 1363 rei
3054 1310 3257 1364 similes
3279 1324 3400 1363 esse
3426 1310 3514 1364 di-

1949 1389 2104 1442 cam?
2124 1400 2179 1444 et
2202 1407 2427 1459 quanam
2461 1395 2691 1462 imagine
2713 1412 2897 1451 eorum
2919 1399 3265 1454 stoliditatem
3314 1401 3407 1455 tibi
3445 1401 3515 1456 ob

1948 1478 2133 1532 oculos
2158 1481 2383 1547 ponam?
2411 1482 2513 1535 Sed
2545 1493 2721 1538 tamen
2767 1488 3074 1556 exemplum
3124 1489 3392 1559 quoddam
3420 1491 3514 1546 tibi

1948 1581 2259 1636 proponam,
2291 1573 2429 1639 quod
2460 1574 2588 1627 mihi
2616 1589 2645 1628 a
2675 1576 2787 1630 viro
2811 1579 3036 1646 quodam
3059 1594 3266 1636 summa
3296 1583 3502 1651 sapien-

1954 1658 2026 1711 tia
2053 1660 2279 1727 przedito
2308 1675 2776 1721 commemoratum
2797 1677 2899 1722 est.
2929 1670 3119 1725 Aiebat
3147 1673 3313 1742 enim,
3346 1675 3513 1730 simu-

1958 1747 2225 1805 lacrorum
2247 1753 2482 1811 cultores
2508 1758 2697 1826 aucupi
2718 1760 2921 1814 similes
2944 1776 3084 1831 esse,
3109 1765 3197 1833 qui
3219 1781 3337 1820 cum
3355 1765 3515 1820 lusci-

1956 1838 2123 1904 niam,
2155 1845 2495 1913 perexiguam
2541 1849 2823 1914 aviculam,
2883 1852 3135 1920 cepisset,
3180 1854 3515 1927 gladiumque

252 1933 415 2005 ἐδόθη
447 1938 512 2007 τῇ
540 1937 726 2007 ἀηδόνι
756 1938 907 2009 φωνὴ
957 1938 1241 2010 ἔναρθρος.
1279 1940 1389 1994 Καί
1419 1958 1552 2012 φησι
1581 1940 1720 2009 πρὸς
1748 1940 1840 1994 τὸν

1956 1929 2269 1998 arripuisset
2289 1942 2349 1988 ut
2374 1950 2491 1988 eam
2520 1934 2787 2005 jugularet
2816 1954 2878 1994 ac
2924 1942 3248 2008 comederet,
3278 1960 3358 2015 ea,
3387 1961 3515 2000 con-
3544 2012 3551 2015 _

254 2026 501 2097 ίξευτήνο
556 2028 621 2081 Τί
666 2030 777 2100 80
820 2048 901 2084 σοι
951 2031 1163 2099 ὄφελος,
1221 2033 1512 2104 ἄνθρωπε,
1562 2033 1665 2102 τῆς
1701 2034 1842 2105 ἐμῆς

254 2120 518 2189 σφαγῆς;
557 2121 619 2174 ού
654 2122 862 2194 δυνήσῃ
894 2123 1003 2194 γὰρ
1031 2124 1098 2177 δι’
1129 2124 1265 2194 ἐμοῦ
1296 2126 1399 2196 τὴν
1427 2125 1526 2197 σὴν
1560 2126 1840 2196 ἐμπλῆσαι

252 2210 521 2282 γαστέρα.
570 2212 714 2266 Ἀλλ’
752 2215 806 2268 εἴ
853 2233 919 2285 με
972 2216 1081 2269 τῶν
1138 2216 1353 2287 δεσμῶν
1405 2217 1837 2289 ἐλευθερώσεις,

254 2299 415 2354 δώσω
454 2320 536 2356 σοι
564 2304 784 2367 ἐντολὰς
814 2308 984 2376 τρεῖς,
1028 2306 1095 2369 ἃς
1129 2307 1413 2377 φυλάττων
1464 2308 1675 2378 μεγάλα
1709 2307 1840 2379 παρ’

253 2394 383 2465 ὃλην
416 2413 509 2449 σου
546 2397 642 2468 τὴν
677 2397 821 2470 ζωὴν
846 2398 1199 2471 ὠφεληθήσῃ.
1237 2401 1305 2452 '0
1337 2400 1413 2464 δὲ,
1443 2399 1747 2471 θαμὸηθεὶς
1773 2401 1839 2470 τῇ

255 2486 463 2557 ταύτης
493 2488 667 2561 λαλιᾷ,
708 2489 1097 2559 ἐπηγγείλατο,
1143 2493 1191 2544 εί
1220 2492 1406 2547 καινόν
1434 2510 1486 2545 τι
1513 2493 1644 2563 παρ’
1672 2492 1842 2563 αὐτῆς

253 2581 548 2649 ἀκούσειε,
589 2582 782 2637 θᾶττον
817 2584 1184 2655 ἐλευθερῶσαι
1235 2586 1338 2655 τῆς
1380 2584 1641 2656 κατοχῆς.
1685 2585 1840 2638 Ἐπι-

257 2676 562 2742 στραφεῖσα
594 2674 650 2728 δὲ
682 2677 715 2745 ή
749 2676 928 2748 ἀηδὼν
955 2676 1103 2746 λέγει
1130 2675 1207 2747 τῷ
1237 2674 1530 2747 ἀνθρώπῳ·
1555 2675 1840 2746 Μηδέποτέ

254 2782 406 2828 τινος
432 2765 539 2819 τῶν
570 2768 878 2837 ἀνεφίκτων
907 2767 1273 2839 ἐπιχειρήσῃς
1295 2766 1583 2835 ἐφικέσθαι
1604 2806 1619 2831 ,
1643 2765 1739 2819 καὶ
1762 2767 1838 2837 μὴ

258 2856 567 2929 μεταμελοῦ
633 2861 747 2931 (55)
806 2860 900 2914 ἐπὶ
961 2860 1253 2931 πράγματι
1317 2857 1687 2929 παρελθόντι,
1745 2859 1840 2913 καὶ⁵

255 2949 488 3005 ἄπιστον
518 2950 670 3022 ῥῆμα
693 2951 913 3004 πώποτε
949 2950 1023 3023 μὴ
1050 2950 1366 3022 πιστεύσῃς.
1396 2950 1613 3013 Ταύτας
1644 2950 1709 3022 δὴ
1739 2952 1837 3015 τάς

253 3044 405 3113 τρεῖς
428 3041 644 3105 ἐντολὰς
665 3041 925 3111 φύλαττε,
947 3042 1044 3095 καὶ
1066 3037 1125 3096 εὖ
1152 3060 1234 3095 σοι
1255 3043 1503 3113 γένηται.
1538 3042 1840 3113 Ἀγάμενος

256 3131 311 3185 δέ
337 3135 369 3185 ὁ
395 3132 535 3202 ἀνὴρ
561 3132 622 3185 τὸ
650 3132 979 3186 εὐσύνοπτον
1019 3134 1113 3186 καὶ
1153 3134 1370 3187 συνετὸν
1406 3134 1516 3188 τῶν
1548 3134 1838 3206 ῥημάτων,

258 3224 428 3287 λύσας
457 3223 624 3295 αὐτὴν
648 3224 756 3277 τῶν
780 3222 996 3294 δεσμῶν
1031 3222 1173 3277 κατὰ
1198 3223 1293 3276 τοῦ
1324 3224 1482 3295 ἀέρος
1517 3223 1835 3287 ἐξαπέστει-

261 3315 349 3369 λεν
374 3316 506 3386 (54).
545 3316 612 3369 Ἠ
650 3311 742 3369 οὖν
770 3314 949 3385 ἀηδὼν
981 3314 1212 3368 θέλουσα
1243 3314 1437 3384 μαθεῖν
1472 3317 1519 3367 εἰ
1554 3314 1773 3383 ἐπέγνω
1812 3317 1841 3367 ὁ

267 3410 405 3479 ἀνὴρ
428 3408 533 3462 τῶν
562 3408 859 3480 λεχθέντων
893 3408 1044 3477 αὐτῷ
1074 3409 1338 3479 ῥημάτων
1362 3406 1461 3477 τὴν
1486 3406 1715 3477 δύναμιν
1747 3406 1842 3459 καὶ⁴

266 3503 311 3553 εί
363 3498 725 3570 ἐκαρπώσατό
772 3517 895 3553 τινα
937 3500 1244 3568 ὠφέλειαν,
1293 3497 1440 3567 λέγει
1489 3499 1625 3570 πρὸς
1678 3500 1840 3553 αὑτὸν

263 3594 532 3663 ῖπταμὲνη
564 3594 621 3644 ἐν
665 3592 743 3662 τῷ
796 3592 940 3663 ἀέρι·
989 3591 1094 3644 Φεῦ
1138 3608 1233 3644 σου
1263 3594 1365 3661 τῆς
1408 3591 1708 3655 ἀϐουλίας,
1742 3591 1841 3645 ἄν·

262 3684 449 3755 θρωπε
469 3686 481 3736 !
508 3687 689 3738 ὁποῖον
711 3683 982 3754 θησαυρὸν
1001 3685 1241 3754 σήμερον
1260 3682 1547 3746 ἀπώλεσας
1570 3684 1581 3735 !
1606 3683 1840 3753 ὑπάρχει

260 3777 368 3847 γάρ
395 3777 455 3829 ἐν
486 3777 597 3837 τοῖς
623 3776 873 3844 ἐγκάτοις
909 3792 1009 3844 μου
1045 3773 1419 3846 μαργαρίτης,
1457 3773 1739 3846 ὑπερέχων
1762 3774 1841 3844 τῷ

264 3869 490 3941 μεγέθει
520 3868 1000 3939 στρουθοκαμήλου
1031 3866 1159 3922 ὼόν.
1202 3866 1293 3929 Ὠς
1318 3863 1411 3920 οῦν
1438 3868 1638 3937 ήκουσε
1667 3866 1842 3920 ταῦτα

259 3963 288 4015 ὁ
309 3961 550 4031 ίξευτὴς,
580 3959 847 4030 συνεχύθη
879 3962 943 4029 τῇ
967 3958 1113 4032 λύπῃ
1148 3959 1587 4029 μεταμελόμενος
1642 3960 1724 4013 ὅτι
1754 3958 1842 4025 ἐξ·

262 4053 466 4123 έφυγεν
496 4055 530 4123 ἡ
554 4051 733 4123 ἀηδὼν
757 4051 939 4121 ἐκείνη
962 4051 1059 4113 τὰς
1085 4054 1272 4121 χεῖρας
1299 4050 1486 4104 αὐτοῦ’
1506 4052 1624 4117 καὶ,
1641 4049 1843 4121 πειρώ-

266 4165 430 4220 μενος
466 4143 621 4209 αὖθις
662 4148 955 4215 κατασχεῖν
1000 4144 1206 4215 αὐτὴν,
1242 4138 1385 4196 εἶπεσ
1426 4141 1601 4214 Δεῦρο
1652 4142 1711 4194 ἐν
1765 4142 1841 4213 τῷ

262 4242 399 4310 οἴκῳ
437 4257 542 4309 μου
568 4279 582 4302 ,
623 4238 719 4291 καὶ
739 4277 754 4301 ,
785 4234 1326 4307 φιλοφρονησάμενός
1357 4252 1416 4287 σε
1449 4234 1631 4298 καλῶς
1650 4275 1665 4298 ,
1698 4236 1841 4288 ἐντί-

268 4352 382 4404 μως
411 4332 520 4403 81
553 4329 918 4396 ἐξαποστελῶ.
964 4328 1032 4380 Ἢ
1073 4326 1130 4380 δὲ
1161 4326 1339 4398 ἀηδὼν
1374 4326 1478 4397 ἔφη
1507 4326 1690 4398 αὐτῷ’
1728 4326 1843 4381 Νῦν

267 4426 439 4494 ἔγνων
485 4421 719 4493 ἰσχυρῶς
759 4418 1094 4490 ἀνοηταίνειν
1132 4436 1192 4471 σε
1218 4436 1232 4451 ο
1284 4416 1577 4489 δεξάμενος
1619 4420 1730 4492 γὰρ
1776 4420 1844 4475 τά

266 4517 531 4588 λεχθέντα
559 4532 640 4568 σοι
662 4511 956 4586 προθύμως
980 4513 1073 4564 καὶ
1098 4510 1270 4582 ἡδέως
1298 4510 1559 4577 ἀκούσας,
1587 4510 1842 4582 οὐδεμίαν

266 4611 325 4678 ἐξ
352 4607 535 4664 αὐτῶν
560 4607 828 4676 ὠφέλειαν
857 4607 1144 4675 ἐπεκτήσω
1176 4604 1311 4674 (55).
1339 4601 1505 4658 Εἷπόν
1529 4620 1611 4657 σοι
1645 4603 1721 4676 μὴ
1749 4622 1843 4677 με-
1875 4628 1919 4682 ι)

1957 2032 2103 2073 cessa
2131 2021 2233 2075 sibi
2281 2026 2567 2105 articulata.
2586 2042 2735 2092 voce,
2762 2029 2829 2082 ad
2857 2044 3115 2099 aucupem
3144 2033 3276 2087 dixit
3308 2051 3321 2087 :
3352 2035 3515 2102 Quid—

1956 2123 2099 2176 nam,
2133 2124 2166 2164 ο
2191 2110 2374 2177 homo,
2401 2130 2465 2168 ex
2496 2131 2611 2170 mea
2640 2132 2771 2173 nece
2790 2119 2856 2173 ad
2880 2129 2934 2175 te
2960 2122 3198 2178 utilitatis
3222 2124 3512 2180 rediturum

1953 2200 2067 2253 est?
2094 2216 2265 2271 neque
2289 2203 2430 2259 enim
2456 2221 2550 2273 per
2575 2224 2660 2262 me
2688 2221 2929 2267 ventrem
2966 2224 3112 2270 tuum
3158 2217 3373 2285 explere
3419 2234 3513 2286 po-

1955 2291 2103 2345 teris.
2133 2294 2202 2347 At
2226 2296 2271 2347 si
2291 2310 2377 2350 me
2403 2298 2630 2353 vinculis
2656 2298 2991 2368 liberaveris,
3007 2304 3109 2359 tria
3132 2315 3391 2377 pmcepta
3414 2309 3511 2363 tibi

1949 2381 2154 2434 tradam
2185 2399 2199 2435 :
2227 2385 2417 2452 quibus
2463 2386 2509 2441 si
2538 2390 2800 2457 parueris,
2828 2393 3032 2461 magnis
3074 2409 3168 2463 per
3194 2406 3405 2452 onmem
3433 2397 3512 2451 vi—

1955 2482 2061 2528 tam
2085 2480 2379 2535 commodis
2403 2482 2780 2541 afficierilele
2794 2497 2972 2542 autem
2994 2504 3057 2545 ex
3078 2491 3243 2560 ipsius
3265 2508 3513 2551 sermons

1950 2564 2303 2625 admiratione
2325 2582 2643 2639 commotus,
2674 2591 2793 2633 sese
2837 2577 3095 2635 facturum
3121 2585 3347 2653 recepit,
3379 2593 3438 2640 ut
3465 2586 3509 2641 si

1949 2670 2143 2711 novum
2195 2660 2393 2729 aliquid
2447 2663 2515 2719 ab
2562 2679 2623 2719 ea
2662 2666 2890 2733 audiret,
2914 2672 3094 2725 statim
3124 2688 3240 2728 eam
3268 2676 3512 2731 libertate

1951 2744 2194 2814 donaret,
2219 2763 2281 2804 ac
2301 2752 2516 2813 missam
2537 2753 2756 2811 faceret.
2770 2756 3040 2815 Conversa
3062 2763 3240 2833 itaque
3261 2763 3506 2830 luscinia,

1950 2834 2153 2891 homini
2181 2839 2293 2894 ait:
2326 2840 2602 2910 Nunquam
2634 2860 2760 2900 rem-
2793 2862 2951 2917 quam
2994 2854 3245 2922 consequi
3276 2870 3509 2925 nequeas

1949 2928 2253 2995 aggredere.
2279 2930 2558 3002 Nunquam
2590 2938 2667 2990 rei
2698 2941 2982 3005 praeteritae
3024 2951 3075 2997 te
3105 2945 3381 3012 paeniteat.
3412 2947 3509 3002 Rei

1951 3014 2247 3073 incredibili
2269 3035 2535 3090 nunquam
2560 3023 2716 3079 fidem
2745 3028 2957 3083 adhibe.
2985 3030 3108 3086 llaec
3139 3034 3236 3087 tria
3262 3036 3508 3091 mandata

1945 3122 2117 3173 serva,
2222 3120 2279 3165 et
2350 3110 2610 3179 praeclare
2706 3126 2879 3174 tecum
2928 3131 3132 3191 agetur.
3183 3125 3279 3180 llle
3330 3138 3509 3181 autem

1949 3199 2137 3255 horum
2161 3204 2444 3261 verborum
2466 3211 2804 3278 sagacitatem
2827 3228 2891 3269 ac
2912 3216 3246 3284 prudentiam
3278 3221 3511 3275 admira-

1867 3282 1908 3337 C
1952 3297 2057 3354 tus,
2080 3305 2195 3345 eam
2226 3295 2449 3350 vinculis
2470 3299 2695 3354 solutam
2728 3302 2780 3356 in
2809 3282 2986 3358 aerem
3019 3307 3216 3362 emisit.
3258 3309 3508 3366 Luscinia

1950 3378 2126 3444 itaque
2154 3382 2444 3448 periculum
2476 3385 2653 3442 facere
2696 3390 2915 3460 cupiens
2957 3409 3023 3447 an
3077 3394 3169 3451 ille
3217 3399 3505 3459 verborum

1946 3480 2128 3521 eorum
2155 3485 2273 3539 quae
2302 3474 2542 3530 audierat
2569 3479 2676 3532 vim
2704 3481 3248 3556 intellexisset,atqne
3276 3489 3507 3548 aliquam

1951 3572 2015 3612 ex
2046 3560 2175 3628 ipsis
2204 3562 2483 3620 utilitatem
2530 3573 2876 3642 percepisset,
2911 3590 3005 3645 per
3033 3593 3211 3633 aerem
3258 3581 3506 3649 volitans,

1944 3647 2009 3736 ad
2035 3665 2153 3703 eum
2183 3652 2316 3707 dixit
2342 3669 2358 3707 :
2390 3655 2561 3711 Proh!
2595 3676 2751 3728 quam
2781 3664 2908 3717 nihil
2946 3677 3030 3721 est
3059 3668 3113 3720 in
3138 3676 3190 3722 te
3215 3671 3437 3736 consilii,
3473 3647 3508 3727 o

1946 3735 2140 3830 homo!
2171 3742 2382 3808 qualem
2404 3745 2711 3803 thesaurum
2743 3749 2900 3807 hodie
2930 3755 3190 3810 amisisti!
3219 3758 3313 3812 Est
3339 3735 3509 3830 siqui-

1942 3823 2061 3878 dem
2092 3827 2144 3880 in
2167 3831 2297 3887 meis
2325 3834 2618 3892 visceribus
2644 3841 2790 3905 unio,
2843 3844 3157 3901 struthionis
3196 3862 3355 3903 ovum
3391 3823 3508 3905 ma-

1942 3914 2217 3981 gnitudine
2267 3922 2556 3978 excedens.
2604 3926 2732 3991 Qua:
2763 3938 2819 3982 ut
2879 3930 2966 3986 ille
3003 3934 3223 4001 audivit,
3273 3953 3504 3995 mmrore

1946 4005 2291 4061 conturbatus
2321 4020 2422 4076 est,
2451 4027 2681 4082 eumque
2707 4018 2952 4083 paenituit
2996 4023 3137 4090 quod
3194 4026 3410 4081 luscinia
3438 4043 3504 4083 ex

1945 4092 2114 4160 ipsius
2157 4100 2405 4155 manibus
2454 4103 2743 4173 effugisset.
2785 4111 2956 4178 Atque
2984 4127 3099 4167 eam
3131 4130 3342 4171 rursum
3371 4121 3506 4173 arri-

1944 4199 2074 4251 pere
2124 4196 2355 4254 tentans,
2403 4191 2536 4246 dixit
2585 4212 2599 4249 :
2644 4195 2797 4259 Veni,
2828 4214 3024 4267 quaeso,
3066 4204 3118 4257 in
3149 4207 3292 4260 aedes
3320 4224 3503 4274 meas;

1944 4286 2103 4347 atque
2131 4281 2218 4336 ubi
2252 4286 2504 4352 praeclare
2532 4297 2586 4341 et
2612 4288 2912 4346 humaniter
2939 4309 2967 4345 a
2999 4310 3086 4351 me
3129 4312 3344 4368 accepta
3393 4302 3505 4356 fue-

1946 4371 2041 4439 ris,
2064 4372 2349 4431 lionoriflce
2369 4379 2714 4434 tedimittam.
2730 4382 2975 4439 Luscinia
2998 4397 3173 4443 autem
3204 4391 3301 4459 ipsi
3328 4392 3462 4446 dixit
3486 4409 3502 4445 :

1946 4459 2093 4516 Nunc
2114 4464 2269 4533 plane
2292 4476 2344 4521 te
2372 4468 2618 4524 stolidum
2647 4485 2710 4526 ac
2750 4475 3030 4531 vecordem
3060 4494 3179 4535 csse
3207 4484 3338 4537 scio.
3370 4483 3503 4538 Nam

1948 4564 2295 4626 posteaquam
2319 4573 2382 4614 ea
2411 4575 2530 4629 qua
2551 4561 2615 4615 ad
2647 4570 2700 4618 te
2724 4562 2863 4619 dicta
2902 4579 3026 4625 sunt
3056 4582 3301 4642 prompto
3327 4577 3505 4629 animo

347 4728 458 4812 (3.9)
488 4728 574 4812 Αν.
589 4726 751 4812 5931‘-
780 4723 980 4812 Εθδίῖφ
1011 4723 1350 4812 ΡῩΪἛΨΡΒΡῘἎ
1366 4722 1655 4812 ,ίηηῗῗεέΨῖ
1671 4724 1844 4812 .“9bm.

1951 4729 2109 4812 acies
2147 4727 2609 4812 οὶσυζὲνὲεειβ
2647 4727 2782 4799 μηδὲ
2816 4726 3028 4812 seu”.
3049 4720 3508 4812 ἔρετςξέθίὶξξξιὶ

270 4803 337 4858 de
356 4792 613 4869 'eligendo
632 4792 824 4869 futuro
848 4794 990 4869 nulla
1017 4792 1104 4869 est
1126 4793 1411 4869 dubitatip,
1442 4808 1601 4869 quem
1632 4803 1687 4869 et
1719 4799 1855 4863 praei:

1975 4800 2103 4853 mihi
2138 4800 2260 4855 cod.
2294 4792 2435 4869 2—812
2463 4792 2530 4869 Α,
2572 4792 2623 4852 in
2648 4792 2759 4869 quo
2803 4798 2988 4869 ἀρήςο⁸
3016 4792 3512 4869 ἱάᾳίηλοηίιηιάρεῖς

271 4883 325 4927 et
350 4863 514 4941 ἀρῆς,
567 4868 671 4941 hoc
712 4867 871 4941 male,
904 4865 1034 4918 illud
1068 4863 1329 4941 scriptum
1360 4864 1515 4941 bene.
1546 4865 1613 4916 At
1652 4865 1711 4941 in
1743 4870 2003 4941 sententia
2036 4870 2155 4938 plus
2196 4880 2281 4941 est
2322 4863 2898 4941 difﬁcult_atis_.:_Scr_ibo

2931 4866 3006 4947 ei
3047 4864 3112 4947 ,δὲ
3151 4863 3224 4929 δον
3253 4871 3308 4919 ει
3334 4861 3511 4947 ιιεὲιζεο
3574 4901 3579 4915 π

274 4942 352 5024 μὴ
382 4930 484 5009 pro
502 4930 775 5006 particula
805 4933 1245 5017 interrogationis
1278 4949 1290 4984 :
1329 4951 1347 4981 ι
1385 4932 1464 4985 An
1495 4949 1622 4984 vero
1652 4934 1855 5019 ignavia

274 5027 426 5051 Μιηιει
455 5006 721 5051 ineieeium
752 5016 838 5051 est
869 5004 1117 5051 formula.
1146 5002 1452 5051 Atschvlns.
1485 5001 1656 5051 Theb.
1688 5004 1793 5051 55:;
1825 5025 1837 5051 ε

1952 4930 2195 4993 assumes
2220 4940 2244 4992 ‘i
2273 4958 2291 4990 ι
2325 4938 2393 4992 Ει
2420 4938 2499 4991 sic
2538 4938 2776 5006 intelligo
2807 4930 3218 4990 Trachiniarum
3248 4947 3309 5012 ν..
3344 4930 3506 5013 1185,

1985 5009 2088 5051 σῖγ’
2113 5026 2124 5037 ο
2166 5008 2330 5051 metu
2356 5006 2510 5051 τῶνδ’
2543 5008 2688 5051 lost:
2729 5006 2873 5051 κατὰ
2912 5004 3118 5051 πτόλιν-
3152 5001 3221 5051 ΕΙ.
3258 5002 3346 5051 hic
3375 5014 3509 5051 scri-

271 5001 426 5080 cujtis
455 5001 721 5079 ipsissima
752 5016 838 5060 est
869 5001 1117 5058 formula.
1145 5001 1452 5072 1E5chylus.
1485 5001 1656 5056 Theb.
1688 5004 1837 5086 535.:

271 5080 494 5123 πεονὶηι-
532 5077 605 5123 wh
629 5076 675 5123 δ’
703 5074 827 5123 ἓν...
878 5073 1101 5123 πτόλιν;
1147 5092 1165 5123 ι
1202 5073 1284 5123 An
1325 5087 1453 5123 vero
1494 5072 1681 5123 horum
1717 5079 1844 5123 sum

1985 5009 2088 5075 σῖγ’
2112 5026 2128 5073 ;
2164 5008 2330 5079 μηδὲν
2356 5006 2510 5061 τῶνδ’
2543 5008 2688 5077 ἐρεῖς
2710 5001 2873 5060 ’κατά
2912 5004 3118 5058 πτόλιν.
3139 5001 3221 5084 ,Ει
3258 5001 3346 5056 hic
3375 5003 3509 5082 scri-

1947 5079 2053 5123 ξιξςῖ
2079 5097 2098 5123 ι
2134 5078 2263 5123 num.
2304 5078 2755 5123 interrogationes
2802 5089 2908 5123 non
2939 5084 3066 5123 sunt
3106 5087 3225 5123 sine
3268 5070 3509 5123 prolubi-

271 5072 498 5150 θεὶς-ἱππ,
530 5076 675 5150 μηδ’
703 5074 827 5150 ἓν...
878 5073 1101 5139 πτόλιν;
1147 5092 1165 5124 ι
1202 5073 1284 5125 An
1325 5087 1453 5126 vero
1494 5072 1681 5126 borum
1717 5076 1844 5144 quid

1947 5072 2263 5145 :es?’rQuae
2304 5072 2755 5146 interrogationes
2802 5089 2908 5129 non
2939 5084 3066 5129 sunt
3106 5073 3225 5127 sine
3268 5072 3478 5138 pronibi

273 5147 436 5208 tionis
465 5147 870 5217 significatione.

365 5222 433 5276 30
484 5214 566 5274 CT.
597 5217 762 5271 Marc.
793 5230 911 5275 vm,
941 5214 1031 5270 54.

340 5221 459 5364 ἒῦίζ
492 5290 815 5364 Sic_codex._
831 5285 946 5339 Non
978 5287 1027 5353 pl

342 5292 459 5364 (51)
492 5292 581 5344 Sic
609 5292 946 5369 codex._Non
978 5292 1133 5353 plene
1159 5292 1200 5339 lii

275 5369 547 5430 praeeunte
576 5358 774 5430 Latino
804 5365 1101 5430 interprete
1131 5375 1144 5410 :
1181 5374 1200 5407 ι

492 5290 581 5344 Sic
609 5290 802 5342 codex.
831 5285 946 5339 Non
978 5287 1133 5353 plene
1158 5285 1327 5354 liquet
1356 5282 1421 5337 ad
1451 5299 1589 5352 quos
1616 5285 1710 5348 οῦς
1742 5287 1854 5342 refe

497 5369 547 5411 te
576 5358 774 5413 Latino
804 5358 1101 5421 interprete
1131 5375 1144 5410 :
1181 5374 1200 5407 ι
1235 5354 1382 5421 Quos
1418 5356 1503 5409 cui
1536 5355 1850 5412 assimilabo

1947 5305 2029 5343 ur.
2058 5287 2177 5343 Non
2206 5287 2365 5343 aliter
2398 5285 2590 5341 Billius
2616 5305 2630 5341 :
2660 5305 2679 5338 ι
2712 5286 2753 5341 Α
2779 5285 2868 5354 qui
2892 5282 2963 5337 les
2994 5279 3328 5350 comparerai
3356 5277 3457 5347 je?
3486 5297 3503 5328 ›

1947 5379 1954 5406 ι

1286 5369 1382 5407 UOS
1418 5371 1503 5409 CUI
1536 5369 1850 5412 assnmilabo
1875 5369 1899 5412 ἶ
1935 5377 1954 5411 ι

344 5431 456 5498 (52)
487 5428 759 5515 lnncodice
789 5429 831 5481 Α
856 5425 1056 5515 ξιξιιφρ
1087 5428 1367 5515 me‘tlricptn
1400 5425 1787 5515 illapadoltbv
1810 5427 1855 5480 έν.

1947 5427 2025 5493 ξιν
2060 5429 2293 5515 ἐνταῦθα
2336 5427 2522 5499 βλέπε.

241 5504 243 5511 '
346 5493 459 5569 (35)
489 5499 599 5565 AC,
643 5493 958 5582 peragat}:
989 5497 1118 5582 Pag.
1150 5496 1237 5582 iii,
1269 5493 1824 5582 {,rutit‘ur’inlinitivo

1947 5500 2301 5582 ςαμελεῖσθαι.
2336 5493 2347 5499 ⁷
2648 5563 2861 5582 λήμη
2938 5562 2954 5582 ,
2982 5560 3121 5582 ειη,

349 5557 460 5639 (54)
490 5573 555 5632 Α,
585 5557 727 5639 καίτά
766 5557 858 5619 τὸν
886 5565 1026 5637 ἀέρα
1067 5557 1414 5639 ἀπέστειλεν.
1442 5564 1597 5639 διενο
1628 5569 1705 5621 sic
1736 5583 1855 5639 pere

1947 5579 1960 5622 ι
1989 5557 2409 5639 compositorum
2459 5563 2885 5639 praepositiones.
2937 5560 3213 5639 Libanius,
3246 5570 3285 5614 ι.
3318 5557 3359 5639 l_.
3382 5572 3506 5626 pag.

280 5641 383 5696 212
413 5659 427 5695 :
459 5642 617 5693 Δοκεῖ
660 5638 717 5691 δέ

764 5655 852 5708 μοι
905 5635 999 5689 καὶ
1045 5637 1228 5708 Κῦρος
1266 5635 1362 5688 καὶ
1385 5638 1615 5708 ᾼαρεῖος
1640 5635 1746 5691 και
1775 5638 2001 5708 Ξέρξης,
2054 5635 2438 5707 στρατεύοντες

2501 5628 2586 5706 ἐφ⁶
2627 5634 2700 5706 γῆν
2744 5632 2910 5706 οῠπωλ
2939 5628 3105 5706 εἶχον,
3169 5629 3510 5706 μεμφόμενοι

283 5711 417 5785 (cod.
454 5710 614 5785 ιθοο,
646 5700 996 5785 καταμεμφ.)
1040 5711 1107 5779 τῇ
1137 5700 1277 5780 τύχῃ
1317 5700 1695 5762 τοῦτο’ποιεῖν.
1743 5700 1855 5763 ΙόειῘ

1951 5700 2075 5779 pist.
2110 5700 2285 5764 i075:
2321 5710 2428 5761 πᾶν
2469 5700 2804 5773 τὸ’πέλαγος
2827 5702 3131 5773 ἐπλεύσθη’
3167 5700 3334 5785 codex
3369 5700 3505 5752 idem

284 5778 507 5851 plenius,
539 5778 885 5851 διεπλεύσθη.

356 5851 463 5920 (⁵⁵)
480 5836 563 5945 3*-
589 5853 826 5945 ειτηεξιιν
848 5836 2419 5945 ’δίέἷὲἓῖηὲἷὲθυβὲῗξὶῗηὶὶἐξίῖεέἓ;-δὲίέῗῗ¹.³.⁶3,9ῗῗὲἓῖἒὲῖ.-ἷ·
2434 5842 3217 5945 llum}.11523333:
3243 5836 3508 5907 “FW

292 5915 454 5992 μεῆοέ
478 5915 686 5992 ἐσφάλη
711 5915 819 5976 ⁷τοῦ
851 5915 1377 5992 πρέποντοςξῦοιιοχ
1403 5919 1564 5990 2552,
1594 5920 1765 5975 ταῦτα
1807 5922 1982 5976 πάντα
2014 5915 2409 5992 παρωᾶάμενος
2432 5915 2757 5989 παρεσφάλη
2791 5915 2884 5968 τοῦ
2917 5915 3236 5983 πρέποντος.
