4070 6440
522 484 627 546 943
1620 460 1623 463 '
1896 461 2111 519 ADDEJ

2217 463 2279 517 Α.
3657 455 3767 517 944

531 586 809 653 excepisti,
844 600 905 639 ac
946 584 1171 638 libenter
1216 582 1447 645 audiisti,
1507 582 1635 635 nihil
1684 597 1747 635 ex
1779 582 1854 634 eis
1882 596 2085 636 emotu-

2221 568 2544 639 ἀμελεῖσθαι
2572 569 2667 620 ἐπὶ
2694 568 2980 637 πράγματι
3010 562 3354 633 παρελθόντιο
3381 562 3480 612 καὶ
3512 557 3625 611 ἰδοὺ
3646 574 3778 609 συν-

528 682 687 733 menti
714 688 1030 732 consecutus
1062 690 1140 731 es.
1174 676 1438 732 AdmOnui
1469 678 1610 729 enim
1644 687 1715 733 te.
1750 692 1818 728 ne
1862 674 1931 729 ob
1971 690 2086 729 retu

2218 661 2387 731 χύθης
2415 662 2480 731 τῇ
2514 658 2658 731 λύπῃ
2691 660 2770 712 ὅτι
2804 675 2896 710 σου
2928 657 3027 719 τὰς
3058 656 3248 724 χεῖρας
3276 650 3561 719 ἐξέφυγον,
3598 664 3777 716 μετα-

528 769 846 835 przeteritam
905 768 1211 835 poenitentia
1260 766 1561 830 ducereris;
1612 775 1666 820 et
1704 779 1829 820 ecce
1858 779 2088 819 mterore

2217 753 2485 823 ιελόμενος
2528 753 2621 805 ἐπὶ
2661 752 2945 822 πράγματι
2985 745 3331 817 παρελθόντι.
3382 740 3778 809 Ἐνετειλάμην

526 832 873 913 conturbatus
904 832 982 923 es,
1018 867 1295 927 pr0pterea
1326 859 1464 927 quod
1495 874 1525 911 e
1549 857 1791 910 manibus
1836 856 1941 910 tuis
1970 857 2087 926 fuga

2217 861 2274 896 rat
2323 844 2398 915 μὴ
2452 845 2749 914 ἐπιχειρεῖν
2795 841 2904 894 τῶν
2951 838 3255 907 ἀνεφίκτων
3311 832 3624 903 ἐφικέσθαι,
3676 832 3781 884 καὶ

526 966 609 1004 me
630 950 997 1015 sultduxerim,
1028 951 1336 1016 paenitentia
1365 950 1613 1003 videlicet
1637 948 1709 1002 ob
1748 963 1861 1002 rem
1892 958 2086 1015 prtete-

2217 937 2358 1007 τειρᾷ
2390 936 2682 1005 κατασχεῖν
2715 951 2779 1003 με
2802 973 2817 996 ,
2853 931 2927 1003 μὴ
2957 931 3252 1000 δυνάμενος
3281 928 3383 997 τῆς
3410 924 3779 1023 ὲμῆὶὲφικέῖ

529 1044 681 1095 ritam
714 1042 956 1096 allectus.
1010 1042 1243 1108 Princepi
1291 1042 1385 1095 tibi
1418 1058 1485 1095 ne
1510 1057 1570 1095 ea
1599 1056 1714 1109 qua!
1746 1039 1955 1107 assequi
1988 1052 2090 1089 non

2217 1027 2323 1079 ιθαι
2352 1025 2596 1095 πορείας.
2628 1023 2771 1095 Πρὸς
2797 1021 3008 1082 τούτοις
3034 1018 3093 1072 δὲ
3123 1016 3215 1069 καὶ
3254 1016 3480 1069 ἄπιστον
3514 1012 3670 1082 ῥῆμα
3701 1011 3783 1079 μὴ

529 1148 714 1200 pnsses
740 1132 1130 1200 aggredereris,
1160 1143 1213 1186 et
1244 1143 1418 1185 tamen
1466 1133 1701 1198 arripere
1752 1144 1837 1183 me
1860 1129 2091 1189 conaris,

2217 1120 2478 1173 τιστεύειν
2539 1136 2622 1171 σοι
2672 1115 3041 1183 διετειλάμην·
3095 1110 3209 1164 ἀλλ’
3276 1108 3384 1161 ἰδοὺ
3441 1106 3781 1200 ἐπίστευσας

529 1239 647 1276 cum
680 1227 778 1277 iter
802 1239 975 1277 meum
1009 1224 1218 1290 assequi
1247 1239 1497 1291 nequeas.
1519 1223 1595 1274 Ad
1628 1226 1741 1274 haec
1772 1221 1821 1273 id
1845 1219 2093 1288 quodque

2217 1212 2465 1281 incipan
2491 1212 2549 1263 ὲν
2576 1213 2687 1273 τοῖς
2716 1207 2971 1275 ὲγκάτοις
3001 1221 3102 1275 μου
3135 1201 3480 1274 μαργαρίτην
3507 1195 3781 1267 ὑπερϐαί-

540 1313 631 1365 tibi
658 1311 826 1377 edixi,
860 1328 927 1365 ne
953 1312 1249 1367 incredibili
1281 1311 1512 1366 sermoni
1536 1311 1689 1364 tidem
1717 1325 2011 1377 arrogares,
2042 1317 2097 1361 ct

2217 1321 2356 1357 νοντα
2376 1304 2438 1357 τὸ
2467 1303 2662 1374 μέτρον
2683 1301 2785 1371 τῆς
2804 1300 3025 1370 ἡλικίας
3058 1314 3180 1367 μου,
3213 1295 3307 1349 καὶ
3335 1294 3435 1347 οὐκ
3463 1290 3783 1362 ὲφρόνησας

535 1412 712 1456 tamen
733 1402 784 1454 in
809 1404 1103 1456 visceribus
1134 1403 1267 1455 meis
1294 1401 1539 1455 unionem
1568 1410 1783 1455 statura:
1823 1414 1954 1452 mea:
1980 1411 2100 1451 tuo-

2217 1396 2439 1449 ξυνιέναι
2468 1396 2549 1447 ὅτι
2570 1394 2667 1469 ὅλη
2694 1391 2803 1461 ἐγὼ
2832 1391 2932 1445 οὐκ
2957 1387 3285 1458 ὲφικνοῠμαι
3313 1384 3390 1455 τῷ
3420 1382 3645 1453 μεγέθει
3668 1379 3785 1432 τῶν

534 1492 660 1545 dum
709 1494 1055 1546 excedentem
1089 1494 1260 1546 inesse
1291 1489 1595 1555 credidisti;
1644 1504 1813 1556 neque
1839 1488 2099 1542 tantulum

2217 1484 2293 1573 Ξοῦ
2327 1485 2727 1556 στρουθομήλου
2762 1482 2906 1547 ώῶν,
2938 1482 3033 1535 καί⁵
3061 1479 3176 1542 πῶς
3217 1475 3563 1547 μαργαρίτην
3598 1470 3783 1524 τοιοῦσ-

537 1583 630 1637 tibi
664 1584 956 1651 prudentia:
986 1584 1106 1647 fuit,
1133 1593 1190 1637 ut
1219 1583 1547 1651 intelligeres
1586 1596 1671 1635 me
1720 1589 1883 1634 toram
1922 1581 1987 1635 ad
2017 1582 2102 1635 ovi

2217 1595 2292 1632 τον
2320 1578 2575 1649 ἐχώρησα
2606 1581 2662 1630 ὲν
2692 1578 2837 1647 ἐμοί.

536 1676 865 1731 struthionis
905 1669 1335 1741 magnitudinem
1375 1666 1601 1720 minime
1641 1665 1926 1720 accedere.
1964 1666 2211 1730 Quonam
2245 1665 2432 1732 itaque
2467 1672 2627 1731 pacto
2674 1672 2885 1716 tantum
2918 1664 3178 1718 unionem
3214 1663 3606 1731 corpusculum
3645 1660 3793 1714 istud

538 1772 790 1841 caperet?

605 1859 682 1910 Ad
711 1858 851 1910 hunc
872 1857 1255 1925 igiturmodum
1282 1856 1354 1909 illi
1376 1871 1585 1926 quoque
1608 1857 1659 1911 in
1683 1872 1888 1911 summa
1920 1858 2097 1911 stulti-

2280 1853 2468 1918 Οὕτως
2514 1852 2607 1909 οὖν
2642 1853 3025 1926 ἀνοηταίνουσι
3071 1852 3169 1905 καὶ
3226 1852 3275 1903 oi
3321 1848 3649 1910 πεποιθότες
3689 1847 3786 1900 ἐπὶ

546 1949 612 2002 tia
644 1958 938 2013 versantur,
982 1949 1069 2015 qui
1121 1948 1173 2000 in
1219 1948 1523 2001 simulacris
1554 1947 1851 2002 confidunt.
1881 1948 2007 2001 Nam
2039 1963 2099 2002 ea

546 2041 786 2094 manibus
810 2040 920 2093 suis
951 2039 1264 2101 etl‘ccerunt,
1294 2048 1346 2091 ct.
1388 2054 1544 2107 opera
1576 2039 1863 2110 digitorum
1889 2054 2103 2095 suorum

542 2134 784 2194 adorant,
839 2131 1113 2184 dicentes:
1147 2129 1210 2183 Hi
1256 2129 1475 2197 opiﬁces
1525 2131 1691 2183 nostri
1738 2139 1879 2184 sunt.
1919 2132 2015 2196 Qui
2050 2133 2105 2185 lit

546 2220 701 2286 igitur
720 2228 778 2272 ut
798 2233 893 2272 eos
920 2232 1055 2287 quos
1075 2217 1367 2271 effecerunt
1393 2227 1445 2269 et
1473 2218 1845 2284 condiderunt,
1890 2220 2107 2288 opiﬁces

545 2322 668 2361 suos
695 2320 815 2361 esse
841 2305 1128 2360 censeant?
1156 2306 1291 2371 Quin
1317 2306 1474 2359 etiam
1519 2320 1638 2360 cum
1665 2322 1723 2361 ea
1756 2322 1947 2377 magno
1994 2318 2106 2362 stu-

545 2398 633 2451 dio
653 2395 975 2460 cuStodiant,
1001 2411 1067 2449 ne
1087 2410 1117 2447 a
1147 2394 1354 2449 furibus
1386 2393 1766 2463 subripiantur,
1814 2408 1990 2452 tamen
2019 2414 2107 2451 sa-

544 2488 671 2543 lutis
700 2503 810 2543 suae
838 2488 1088 2543 custodes
1109 2497 1439 2555 nuncupant.
1482 2491 1661 2557 Atqui,
1694 2506 1809 2559 quae
1837 2491 1951 2545 haec
1975 2492 2108 2545 stul-

549 2579 663 2631 titia
684 2589 787 2643 est,
818 2578 949 2633 illud
982 2592 1084 2631 non
1115 2576 1408 2647 intelligere
1438 2577 1548 2633 ﬁeri
1582 2593 1686 2632 non
1717 2594 1891 2648 posse,
1938 2590 1995 2633 ut
2023 2581 2108 2647 qui

548 2667 651 2721 sibi
686 2668 815 2735 ipsis
834 2682 988 2737 opem
1014 2668 1149 2721 ferre
1174 2681 1236 2721 ac
1254 2682 1313 2720 se
1342 2668 1476 2721 tueri
1499 2677 1793 2735 nequeunt,
1821 2669 1952 2722 alios
1973 2671 2109 2724 tueri

552 2770 614 2811 ac
637 2771 849 2811 servare
871 2757 1111 2825 possint?
1136 2758 1209 2810 Ac
1239 2766 1494 2825 praeterea
1516 2772 1646 2824 opes
1669 2774 1791 2811 suas
1812 2759 2107 2823 effundunt,

551 2849 676 2901 dum
694 2856 896 2901 statuas
920 2859 971 2901 et
987 2847 1269 2900 simulacra
1289 2846 1618 2901 daemonibus
1635 2852 1888 2910 excitant,
1916 2864 2113 2913 eosque

553 2940 812 2993 bonorum
857 2938 1069 2991 datores
1120 2952 1238 2991 esse
1264 2948 1545 3006 nugantur,
1590 2946 1657 2993 ab
1684 2943 1747 2994 iis
1774 2956 1833 2995 ea
1862 2942 1962 2995 sibi
1993 2943 2109 2995 dari

555 3045 673 3091 qure
702 3044 801 3083 nec
827 3029 930 3097 ipsi
960 3044 1191 3097 unquam
1217 3030 1530 3096 habuerunt,
1566 3048 1663 3085 nec
1711 3048 1936 3100 unquam
1970 3034 2115 3087 habi-

556 3120 656 3173 turi
687 3129 829 3171 sunt.
861 3119 1041 3187 quue
1068 3121 1280 3173 nomine
1332 3121 1585 3190 scriptum
1617 3132 1698 3175 est
1732 3140 1743 3174 :
1774 3122 1984 3177 Similes
2013 3116 2115 3176 ilzis

2208 1946 2321 2006 τοῖς
2358 1944 2601 2007 εἰδώλοις
2623 1960 2639 1978 ο
2675 1943 3006 2015 είργὰσαντο
3057 1942 3166 2010 γὰρ
3214 1939 3389 1993 ταῦτα
3431 1940 3555 2001 ταῖς
3584 1938 3782 2008 χερσὶν

2209 2035 2412 2101 αὐτῶν,
2451 2036 2549 2090 καὶ
2587 2033 2991 2107 προσκυνοῦσιν
3041 2032 3077 2087 ἃ
3127 2032 3392 2098 ἐποίησαν
3430 2030 3480 2083 οἱ
3532 2028 3789 2083 δάκτυλοι

2210 2127 2389 2181 αὐτῶν
2431 2128 2563 2199 (56),
2600 2128 2885 2196 λέγοντεςο
2922 2121 3084 2180 Οὗτοι
3119 2126 3168 2176 oi
3206 2122 3578 2193 πλαστουργοὶ
3603 2122 3789 2191 ἡμῶν.

2213 2217 2336 2282 Πῶς
2371 2214 2463 2271 οὖν
2502 2217 2917 2288 πλαστουργοὺς
2956 2218 3082 2279 τοὺς
3112 2215 3204 2269 ὑπ’
3236 2214 3417 2267 αὐτῶν
3444 2215 3791 2283 δημιουργπ-

2212 2310 2405 2373 θέντας
2455 2311 2551 2363 καὶ
2596 2309 3030 2371 διαπλασθέντας
3079 2307 3434 2378 νομίζουσινς
3482 2305 3648 2359 Ἀλλά
3697 2307 3791 2356 καὶ

2210 2403 2503 2472 τηροῦντες
2534 2402 2673 2456 αὐτὰ
2704 2402 2763 2455 ὲν
2803 2401 3109 2472 ἀσφαλείᾳ,
3160 2398 3255 2452 τοῦ
3293 2398 3369 2469 μὴ
3398 2397 3504 2450 ὑπὸ
3537 2396 3794 2449 κλεπτῶν

2214 2493 2537 2564 συληθῆναι,
2570 2494 2822 2562 φύλακας
2857 2490 3264 2546 ἀποκαλοῦνται
3291 2489 3394 2551 τῆς
3427 2488 3580 2557 σφῶν
3611 2504 3790 2555 σωτη-

2216 2586 2334 2656 ρίας
2358 2601 2372 2614 ο
2399 2585 2489 2638 καί
2516 2602 2597 2638 τοι
2622 2601 2687 2652 γε
2719 2584 2891 2653 πόσης
2935 2584 3111 2637 ταῦτα
3143 2582 3474 2652 ἀφροσύνης,
3506 2580 3604 2632 καὶ
3633 2579 3698 2630 τὸ
3720 2580 3792 2647 μὴ

2211 2677 2501 2745 γινώσκειν
2530 2677 2642 2740 ὅτι,
2673 2676 2775 2728 οὐκ
2819 2674 3181 2743 ὲξαρκοῦντες
3226 2671 3457 2733 ἑαυτοὺς
3490 2670 3795 2739 φυλάσσειν

2212 2768 2305 2821 καὶ
2340 2767 2578 2838 βοηθεῖν,
2623 2767 2740 2829 πῶς
2770 2766 2879 2836 82
2919 2765 3099 2827 ἄλλοις
3142 2764 3383 2833 γένοιντο
3412 2761 3664 2830 φύλακες
3702 2762 3796 2812 καὶ

2216 2860 2459 2930 σωτῆρες
2487 2875 2501 2924 ;
2537 2859 2603 2911 Τί
2632 2857 2762 2927 γάρ,
2807 2857 2973 2926 φησὶν
3007 2855 3147 2927 (57),
3179 2852 3469 2923 ὲκζητοῦσι
3516 2852 3650 2921 περὶ
3684 2851 3795 2904 τῶν

2215 2949 2433 3012 ζώντων
2461 2951 2590 3012 τοὺς
2627 2947 2892 3018 νεκρούς;
2922 2944 3303 3001 Κατακενοῦσι
3350 2947 3636 3016 χρήματα,
3667 2944 3796 3009 στῆ·

2214 3043 2311 3105 λάς
2339 3045 2452 3105 τοῖς
2481 3042 2700 3111 δαίμοσι
2740 3042 2835 3092 καὶ
2862 3040 3157 3108 ἀγάλματα
3190 3040 3423 3107 ἐγεῖραι,
3460 3036 3555 3089 καὶ
3590 3033 3795 3102 φληνα-

2220 3134 2411 3201 φοῦσιν
2437 3132 2657 3201 ἀγαθῶν
2699 3131 2973 3201 παρόχους
3020 3131 3219 3192 αὐτοὺς
3259 3129 3546 3197 ὑπάρχειν,
3574 3122 3795 3178 alteriv-

557 3210 705 3271 liant,
735 3209 823 3276 qui
855 3209 1050 3262 faciunt
1080 3224 1161 3272 ea,
1195 3219 1250 3265 et
1269 3225 1455 3264 omnes
1484 3213 1571 3280 qui
1616 3212 1893 3267 conﬁdunt
1937 3215 1988 3267 in
2034 3216 2111 3268 eis

2217 3243 2306 3287 τες
2352 3226 2481 3295 παρ’
2531 3224 2710 3277 αύτῶν
2742 3223 2929 3276 λαϐεῖν
2971 3222 3114 3294 ἅπερ
3172 3220 3297 3273 οὔτε
3350 3218 3574 3270 πώποτε
3627 3216 3788 3283 ἐκτήο

552 3297 730 3363 (Psal.
757 3298 933 3369 cxnt).
960 3302 1055 3362 Qui
1078 3302 1287 3366 quidem
1312 3302 1534 3356 aurilice
1575 3304 1819 3357 mercede
1859 3315 2115 3358 conducto

553 3390 904 3443 simulacrum
935 3405 1092 3444 manu
1110 3393 1421 3456 elTecerunt,
1442 3408 1505 3449 ac
1522 3410 1687 3463 prono
1706 3411 1923 3465 corpore
1947 3400 2115 3465 ipsum

551 3478 860 3533 adorarunt.
894 3480 1141 3535 Humeris
1172 3484 1298 3535 illud
1330 3485 1520 3537 tollunt
1566 3500 1629 3539 ac
1676 3487 2113 3554 proﬁciscuntur;

552 3571 594 3621 si
621 3579 795 3624 autem
822 3572 991 3636 ipsum
1025 3575 1227 3640 uspiam
1256 3578 1588 3644 collocarint,
1632 3581 1737 3635 illic
1784 3592 1985 3647 manet,
2022 3598 2116 3636 nec

560 3665 762 3715 moveri
788 3673 979 3728 potest.
1010 3664 1077 3718 Et
1098 3668 1485 3733 quantumlibet
1509 3671 1628 3737 quis
1658 3668 1755 3738 ipsi
1786 3673 2114 3736 clamaverit,

555 3764 660 3803 non
705 3753 974 3818 exaudiet,
1028 3770 1126 3807 nec
1180 3772 1245 3809 ex
1290 3759 1682 3814 calamitatibus
1732 3777 1853 3815 eum
1904 3766 2113 3829 eripiet.

558 3842 915 3906 Quamobrem
938 3843 1333 3900 confundantur
1360 3850 1448 3916 qui
1492 3850 1545 3903 in
1590 3850 1919 3920 sculptilibus
1958 3856 2118 3907 cnttlio

544 3936 688 3985 dunt
719 3951 733 3986 :
763 3946 815 3987 et
842 3936 930 4003 qui
960 3937 1142 3990 dicunt
1191 3940 1253 3991 iis
1300 3934 1418 4006 q’um
1458 3942 1682 3995 conﬂata
1713 3954 1835 3997 sunt
1868 3961 1881 3997 :
1920 3944 2021 3999 Vos
2048 3947 2117 3998 dii

563 4025 729 4079 nostri
752 4026 899 4079 estis.
930 4026 1341 4082 lmmolaverunt
1384 4032 1525 4084 enim
1575 4031 1875 4099 dzrmoniis,
1925 4045 1975 4086 et
2016 4050 2117 4088 non

560 4118 688 4178 Deo.
736 4116 837 4171 diis
876 4134 1009 4186 quos
1057 4121 1387 4187 ignorabant.
1422 4122 1551 4176 Novi
1582 4136 1928 4193 recentesque
1954 4141 2119 4179 vene-

557 4221 699 4272 runt,
724 4226 859 4279 quos
889 4228 990 4265 non
1018 4216 1295 4272 coluerunt
1338 4226 1517 4285 patres
1573 4234 1777 4272 eorum.
1835 4217 2118 4273 Generatio

554 4300 695 4352 enim
727 4316 973 4367 perversa
997 4314 1098 4370 est,
1153 4321 1249 4358 nec
1284 4307 1389 4373 jam
1432 4308 1563 4362 ﬁdes
1608 4309 1734 4376 ipsis
1764 4309 1902 4363 inest
1930 4307 2108 4361 (De-ut.

557 4391 754 4459 xuii).

626 4692 698 4744 Ex
733 4694 829 4745 bac
873 4691 1027 4761 igitur
1083 4709 1327 4760 perversa
1352 4701 1405 4746 et
1451 4693 1719 4747 incredula
1768 4693 2105 4762 generatione

552 4780 810 4833 Dominus
860 4788 910 4833 te
952 4790 1126 4842 vocat,
1161 4780 1241 4833 his
1272 4782 1450 4836 verbis
1480 4793 1631 4836 utens
1671 4802 1684 4836 :
1718 4782 1815 4836 Exi
1846 4784 1910 4835 de
1942 4784 2114 4835 medio

552 4887 763 4931 eorum,
788 4884 850 4922 ac
880 4885 1151 4938 separare,
1174 4881 1227 4926 et
1255 4873 1580 4927 immundum
1625 4875 1729 4927 noli
1760 4885 1992 4941 tangere.
2023 4890 2112 4927 ve.-

552 4976 668 5013 rum
702 4977 730 5013 a
759 4961 1103 5029 generatione
1130 4964 1225 5015 hac
1254 4977 1498 5032 perversa
1532 4975 1583 5019 te
1604 4966 1748 5033 eripe
1772 4964 1953 5033 (Num.
1982 4966 2109 5032 ut).

554 5057 724 5123 Surge
748 5062 804 5106 et
830 5054 1067 5116 ambula,
1097 5057 1219 5124 quia
1238 5071 1340 5108 non
1365 5056 1527 5111 habes
1559 5058 1642 5112 ltic
1665 5060 1897 5126 requiem
1924 5058 2109 5125 (Mle/1.

557 5152 634 5210 ιι).
664 5145 868 5198 Etenim
896 5146 1166 5214 multiplex
1201 5151 1439 5211 deorum,
1470 5150 1558 5216 qui
1607 5165 1634 5201 a
1665 5151 1813 5203 vobis
1843 5152 2109 5213 enitimur,

627 5332 744 5415 $56).
767 5333 871 5387 lsa.
912 5350 1047 5415 ιῑξιίι.⁸
1072 5334 1103 5386 8
1131 5352 1141 5384 :
1166 5336 1281 5414 ,Κατ
1317 5335 1484 5415 οὐρὴ
1518 5334 1833 5397 πεποιθύῖες

556 5401 590 5453 ἃ
623 5403 887 5471 ἐποίησαν
916 5406 963 5455 οἱ
994 5404 1245 5457 δάκτυλοι
1281 5401 1474 5456 αὐτῶν.

629 5474 737 5536 (37)
775 5473 875 5527 Isa.
906 5490 1024 5535 vm.
1069 5476 1150 5527 19.
1544 5474 1547 5477 λ

649 5542 739 5611 58)
771 5543 913 5597 Psal.
939 5560 1088 5599 exul.
1116 5548 1146 5593 8
1171 5564 1181 5603 ;
1211 5562 1429 5603 tfx'xxn'.
1462 5544 1545 5601 18,

649 5545 739 5611 58)
771 5545 913 5597 Psal.
939 5560 1088 5599 exul.
1116 5548 1146 5593 8
1171 5564 1181 5603 ;
1211 5564 1222 5595 (

626 5545 739 5681 ί59)
771 5614 874 5667 Isa.
906 5628 1048 5674 sur,
1091 5616 1141 5666 (ί,
1176 5618 1222 5667 7,

628 5684 739 5750 (tu)
777 5684 879 5737 Isa.
914 5699 1042 5739 ml.
1090 5686 1171 5737 17.

2219 3332 2416 3378 σαντο,
2466 3313 2589 3368 οὔτε
2640 3314 2744 3385 μὴν
2804 3313 2884 3366 ἔτι
2935 3314 3250 3382 κτήσονται.
3309 3310 3399 3363 Διδ
3445 3311 3791 3377 γέγραπται-

2220 3408 2431 3476 Ὂμοιοι
2466 3404 2577 3475 (58)
2610 3406 2794 3468 αὐτοῖς
2835 3405 3081 3473 γένοιντο
3125 3405 3176 3456 οἱ
3203 3402 3485 3463 ποιοῦντες
3523 3399 3674 3452 αὐτὰ
3704 3400 3794 3451 καὶ

2218 3500 2416 3562 πάντες
2443 3501 2492 3551 οἱ
2523 3497 2840 3559 πεποιθότες
2863 3497 2948 3549 ἐπ’
2986 3497 3173 3559 αὐτοῖς
3195 3512 3208 3526 ο
3241 3495 3457 3559 οἵτινες,
3488 3493 3629 3561 φησὶ
3663 3490 3789 3559 (59).

2222 3591 2625 3660 μισθωσάμενοι
2680 3590 3004 3662 χρυσοχόον,
3063 3588 3355 3657 ὲποίησανι
3389 3584 3743 3657 χειροποίητα
3769 3622 3784 3643 ,

2220 3682 2316 3734 καὶ
2398 3682 2667 3751 κύψαντες
2754 3679 3168 3751 προσεκύνησαν
3268 3679 3469 3739 αὐτοῖς.
3539 3676 3788 3745 Αἶρουειν

2220 3774 2363 3828 αὐτὰ
2418 3776 2511 3827 ἐπὶ
2548 3773 2658 3827 τῶν
2711 3772 2878 3844 ὤμων
2932 3774 3026 3826 καὶ
3060 3770 3421 3841 πορεύονται’
3456 3767 3553 3821 ὲάν
3611 3767 3669 3820 δὲ
3704 3765 3798 3817 θῶ·

2225 3884 2307 3919 σιν
2355 3867 2494 3919 αὐτὰ
2528 3868 2618 3918 επὶ
2662 3865 2757 3918 τοῦ
2814 3866 2983 3919 τόπου
3012 3904 3026 3927 ,
3074 3866 3228 3934 μενεῖ
3268 3865 3326 3915 ὲν
3381 3859 3570 3930 αὐτῷ,
3629 3860 3694 3911 οὐ
3729 3858 3801 3927 μὴ

2225 3958 2444 4029 κινηθῇ.
2480 3959 2590 4010 Καὶ
2620 3957 2691 4026 1ὃς
2721 3958 2787 4011 ἂν
2841 3957 3011 4029 βοήσῃ
3057 3957 3193 4028 πρὸς
3239 3952 3401 4017 αὐτὰ,
3445 3952 3508 4005 ού
3562 3952 3642 4022 μὴ
3690 3954 3801 4002 εἱσ-

2223 4048 2434 4120 ακούση
2454 4047 2642 4112 αὐτοῦ,
2682 4048 2790 4101 ἀπὸ
2816 4048 3003 4101 κακῶν
3022 4048 3081 4099 ού
3107 4047 3182 4117 μὴ
3210 4044 3360 4118 σώσῃ
3383 4044 3569 4097 αὐτόν.
3599 4043 3694 4095 Διὸ
3724 4044 3807 4094 al-

2226 4140 2488 4210 σχύνθητε
2525 4138 2635 4210 (40)
2686 4139 2945 4209 αἰσχύνην
2977 4138 3217 4201 αἰώνιον,
3250 4138 3299 4189 οἱ
3338 4136 3671 4197 πεποιθότες
3712 4135 3804 4187 ἐπὶ

2222 4236 2335 4296 τοῖς
2367 4232 2656 4300 γλυπτοῖς,
2700 4232 2749 4283 οἱ
2785 4231 3035 4298 λέγοντες
3081 4232 3195 4292 τοῖς
3229 4230 3524 4299 χωνευτοῖς
3545 4242 3560 4257 ·
3594 4226 3797 4295 ’Υμεῖς

2226 4326 2347 4377 ἐστὲ
2378 4324 2488 4377 θεοὶ
2508 4324 2685 4394 ἡμῶν.
2722 4323 2960 4375 ’Έθυσαν
2996 4322 3127 4391 γὰρ,
3161 4321 3296 4391 φησι
3327 4320 3464 4391 (ll),
3496 4319 3801 4388 δαιμονίοις

2226 4417 2319 4470 καὶ
2343 4415 2405 4469 ού
2430 4415 2572 4485 Θεῷ,
2601 4415 2741 4477 θεοῖς
2767 4410 2847 4477 οἷς
2873 4416 2976 4467 οὐκ
3005 4414 3225 4484 ᾔδεισαν
3250 4414 3299 4464 οἱ
3335 4410 3575 4479 πατέρες
3598 4409 3799 4462 αὐτῶν·

2156 4524 2199 4578 ι)
2229 4506 2403 4559 καινοὶ
2448 4504 2543 4557 καὶ
2586 4504 2886 4574 πρόσφατοι
2913 4504 3145 4573 ἥκασινη,
3177 4503 3259 4555 ὅτι
3284 4500 3448 4569 γενεά
3491 4498 3803 4570 ὲξεστραμ-

2230 4598 2362 4668 μένη
2391 4597 2510 4648 ἐστὶ
2544 4597 2636 4649 καὶ
2661 4596 2760 4648 ούκ
2787 4594 2903 4647 ἔστι
2932 4596 3115 4657 πίστις
3154 4595 3212 4647 ἐν
3238 4593 3444 4654 αὐτοῖς.

2309 4685 2406 4737 Ἐκ
2438 4682 2647 4753 ταύτης
2675 4680 2767 4736 οὖν
2812 4684 2912 4753 τῆς
2944 4685 3187 4754 πονηρᾶς
3217 4683 3414 4749 γενεᾶς
3442 4681 3539 4734 καὶ
3570 4681 3800 4735 ἀπίστου

2228 4775 2618 4846 προσκαλεῖταί
2673 4793 2731 4829 σε
2774 4776 3017 4847 Κύριος,
3067 4775 3239 4844 λέγων
3294 4790 3418 4827 σοι’
3480 4771 3710 4836 Ἔξελθε
3742 4778 3804 4827 ὲκ

2234 4868 2397 4936 μέσου
2450 4867 2630 4920 αὐτῶν
2677 4868 2771 4920 καὶ
2820 4866 3173 4938 ἀφορίσθητι,
3229 4867 3326 4918 καὶ
3375 4868 3692 4941 ἀκαθάρτου
3734 4867 3805 4937 μὴ

2231 4960 2342 5031 ἅψῃ
2378 4957 2523 5028 (42),
2556 4957 2691 5011 ἀλλά
2727 4957 2931 5028 σώθητι
2973 4960 3036 5011 ὲκ
3080 4958 3177 5026 τῆς
3206 4960 3401 5025 γενεᾶς
3436 4962 3538 5030 τῆς
3586 4960 3805 5021 σκολιᾶς

2232 5053 2435 5121 ταύτης
2470 5052 2581 5121 (45)
2609 5068 2622 5083 ο
2661 5051 2928 5121 ἀνάστηθι
2982 5052 3076 5103 κα).
3106 5049 3341 5120 πορεύου
3374 5090 3387 5111 ,
3422 5051 3505 5104 ὅτι
3544 5053 3647 5105 οὐκ
3693 5051 3805 5104 ἔστι

2232 5160 2313 5196 σοι
2357 5142 2494 5214 αὕτη
2548 5143 2853 5204 ἀνάπαυσις
2882 5158 2897 5174 ο
2941 5143 2975 5211 ἠ
3023 5141 3131 5210 γὰρ
3170 5140 3474 5211 πολυαρχία
3519 5141 3631 5194 τῶν
3680 5140 3804 5211 παρ’

1873 5329 2003 5387 ὦσιν
2036 5334 2127 5384 ἐπὶ
2173 5336 2283 5395 τοῖς
2320 5333 2542 5403 βωμοῖς,
2573 5330 2694 5384 οὐδὲ
2723 5332 2816 5383 ὲπὶ
2858 5333 2969 5392 τοῖς
3002 5329 3181 5402 ἔργοις
3222 5328 3327 5381 τῶν
3370 5329 3573 5399 χειρῶν
3608 5330 3804 5387 αὐτῶν,

632 5755 744 5824 (41)
782 5755 934 5824 Deut.
974 5769 1141 5813 xxxii.
1176 5757 1302 5809 l7...
1330 5756 1419 5808 ρο.
1457 5755 1625 5810 Verba
1659 5758 1705 5809 οἱ
1742 5774 1869 5809 πατ,
1904 5756 2025 5807 αὐτ.
2060 5772 2109 5809 at

2226 5758 2263 5809 it
2294 5757 2344 5809 in
2367 5754 2407 5809 (Σ
2445 5773 2632 5810 ttmttus
2664 5752 2949 5809 recentior.

625 5822 740 5891 (4'2)
781 5822 822 5876 11
853 5824 1022 5891 Epist.
1057 5830 1120 5878 ad
1148 5826 1270 5878 Cor.
1313 5842 1383 5887 vr,
1427 5827 1507 5877 Π.

630 5896 741 5965 (43)
777 5898 895 5950 Act.
926 5893 1114 5965 Apost.
1150 5914 1207 5961 ιι,
1246 5896 1327 5949 40.
