4070 6434
331 446 439 508 945

1427 440 1606 500 νιΤΑ
1643 441 2000 501 BARLAA‘M
2037 444 2134 503 ET
2169 447 2521 507 JOASAPH.

3405 510 3412 517 _
3454 442 3557 504 946

334 547 467 617 ὑμῖν
499 545 638 600 θεῶν
667 546 762 601 καὶ
785 547 895 618 83
923 547 1157 604 ἄτακτον
1196 551 1291 604 καὶ
1319 551 1616 615 στασιῶδες
1653 552 1746 605 καὶ
1771 569 1909 606 παν-

2022 558 2338 625 principatus
2369 563 2728 626 praeposterus
2753 563 2856 615 est,
2877 563 3066 607 etcum
3099 549 3321 605 dissidio
3350 548 3560 616 conjun-

330 639 505 704 τελῶς
543 639 914 711 ἀνύπαρκτον.
958 640 1122 713 Ἡμῖν
1151 642 1209 695 δὲ
1237 643 1336 714 οὐχ
1365 643 1537 709 οὕτως
1573 645 1745 711 ἐστὶν,
1789 645 1910 699 οὐδὲ

329 729 523 783 πολλοὶ
553 729 667 783 θεοὶ
705 730 800 784 καὶ
837 729 1018 802 κύριοι
1047 748 1059 762 ·
1095 732 1212 786 ἀλλ’
1251 727 1336 796 εἷς
1370 733 1504 797 Θεὸς
1532 735 1561 786 6
1600 734 1814 804 Πατὴρ,
1850 734 1910 801 ἐξ

326 817 392 876 οῦ
427 823 497 876 τὰ
545 823 726 876 πάντα
760 823 853 877 καὶ
895 826 1058 895 ἡμεῖς
1095 825 1179 888 είς
1211 824 1408 879 αὐτόν’
1445 825 1540 880 καὶ
1579 823 1659 890 εἷς
1704 826 1910 898 Κύριος

341 917 559 991 Ἰησοῦς
613 917 872 988 Χριστὸς,
911 916 979 971 δι’
1024 909 1085 972 οὗ
1135 917 1203 972 τὰ
1256 918 1438 973 πάντα
1474 919 1571 974 καὶ
1628 920 1791 991 ἡμεῖς
1841 920 1915 972 δι’

326 984 536 1071 αύτδῦ,
572 1006 632 1070 ὃς
671 1006 784 1077 (44)
817 1008 966 1060 ἐστιν
1005 1006 1173 1062 εἰκὼν
1199 1007 1296 1062 τοῦ
1331 1007 1467 1061 Θεοῦ
1502 1005 1598 1062 τοῦ
1648 1011 1908 1080 ἀοράτου,

325 1099 679 1168 πρωτότοκος
727 1099 948 1168 ἀπάσης
974 1099 1076 1169 τῆς
1127 1099 1362 1164 κτίσεως
1408 1099 1505 1153 καὶ
1543 1101 1760 1154 πάντων
1799 1101 1911 1155 τῶν

325 1190 570 1253 αἰώνων,
611 1191 694 1243 ὅτι
737 1191 796 1244 ἐν
836 1190 988 1261 αὐτῷ
1016 1190 1246 1264 ἐκτίσθη
1272 1191 1340 1246 τὰ
1370 1191 1573 1257 πάντα,
1603 1191 1673 1246 τά
1711 1193 1768 1246 ὲν
1798 1195 1912 1255 τοῖς

323 1280 583 1350 οὐρανοῖς
611 1280 704 1332 καὶ
739 1277 810 1332 τὰ
841 1279 935 1332 ἐπὶ
965 1279 1067 1350 τῆς
1113 1281 1218 1351 γῆς
1243 1320 1259 1346 ,
1288 1281 1358 1334 τὰ
1387 1281 1560 1352 ὁρατά
1600 1284 1694 1336 καὶ
1718 1282 1788 1336 τά
1816 1283 1910 1336 ἀό-

331 1388 508 1440 ρατα,
541 1369 650 1422 εἴτε
684 1369 874 1442 Θρόνοι
903 1409 920 1434 ,
955 1371 1063 1426 εἴτε
1115 1373 1476 1442 Κυριότητες,
1511 1373 1621 1427 εἴτε
1688 1375 1904 1445 Ἀρχαὶ,

327 1462 446 1517 εἴτε
489 1459 760 1528 Ἐξουσίαι
782 1477 796 1490 ·
819 1462 890 1515 τά
916 1462 1095 1516 πάντα
1118 1464 1227 1534 (45)
1259 1464 1327 1516 δι’
1355 1464 1521 1518 αὑτοῦ
1549 1466 1791 1533 ἐγένετο,
1818 1467 1913 1519 καὶ

326 1554 507 1624 χωρὶς
533 1553 702 1608 αὐτοῦ
720 1554 940 1623 ἐγένετο
954 1555 1076 1608 οὐδὲ
1103 1555 1160 1608 ἓν
1181 1556 1209 1609 ὃ
1228 1557 1422 1626 γέγονε
1439 1573 1452 1587 ο
1477 1557 1571 1610 καὶ
1593 1556 1651 1609 ἓν
1685 1557 1913 1628 Πνεῦμα

332 1648 514 1716 ἅγιον,
543 1647 600 1698 ὲν
627 1640 670 1714 ᾧ
689 1645 760 1698 τὰ
789 1646 990 1711 πάντα,
1027 1648 1092 1700 τὸ
1114 1647 1323 1720 Κύριον
1357 1648 1450 1702 καὶ
1473 1647 1742 1712 ζωοποιὸν
1774 1648 1911 1719 (ιίϐ),

326 1739 469 1792 Θεὸν
497 1739 590 1792 καὶ
613 1737 916 1802 θεοποιοῦν,
948 1738 1174 1810 Πνεῦμα
1211 1740 1438 1808 ἀγαθὸν,
1475 1739 1702 1810 Πνεῦμα
1733 1740 1914 1805 εύθὲς,

328 1831 565 1902 Πνεῦμα
588 1831 964 1903 παράκλητον,
991 1832 1219 1904 Πνεῦμα
1243 1833 1517 1897 υἱοθεσίας
1534 1833 1670 1904 (47).
1693 1833 1916 1888 Τούτων

2017 660 2152 713 elus,
2204 660 2359 716 atque
2403 646 2686 716 ejusmodi,
2736 646 2823 711 qui
2877 646 3021 695 nullo
3077 642 3232 696 modo
3282 640 3572 694 consistere

2016 749 2192 804 queat.
2221 740 2374 807 Apud
2408 754 2505 791 nos
2529 749 2706 790 autem
2739 749 2841 787 non
2887 743 3014 786 sunt
3041 733 3112 786 dii
3154 732 3322 794 multi,
3350 747 3445 783 nec
3478 730 3571 780 llu-

2027 831 2152 884 mini
2185 833 2359 896 multi,
2387 846 2567 883 verum
2598 842 2731 880 unus
2763 826 2900 878 Deus
2946 824 3118 882 Pater,
3152 838 3213 875 ex
3246 837 3348 889 quo
3376 823 3573 879 omnia,

2020 933 2072 975 et
2104 938 2198 976 uos
2230 922 2281 975 in
2327 920 2530 988 ipsum;
2557 929 2610 972 et
2639 932 2774 970 tinus
2806 916 3058 970 Dominus
3105 913 3259 967 Jesus
3314 913 3576 971 Christus,

2021 1029 2114 1082 per
2144 1027 2299 1080 quem
2331 1011 2532 1077 unmia,
2565 1019 2616 1062 et
2645 1023 2742 1061 nos
2772 1023 2860 1076 per
2891 1006 3060 1073 ipsum
3095 1003 3139 1073 (ι
3169 1003 3287 1056 Cor.
3313 1001 3446 1070 vni),
3491 1015 3578 1065 qui

2020 1115 2100 1158 est
2145 1107 2318 1171 imago
2349 1101 2441 1156 Dei
2492 1099 2788 1160 invisibilis,
2820 1097 3193 1165 primogenitus
3222 1091 3397 1147 omnis
3423 1105 3576 1144 crea-

2024 1206 2177 1254 turae,
2208 1201 2262 1246 et
2285 1191 2521 1245 omnium
2546 1189 2885 1249 saeculorum,
2902 1185 3150 1253 quoniam
3179 1185 3230 1237 in
3262 1183 3376 1248 ipso
3396 1183 3578 1234 creata

2021 1286 2145 1327 sunt
2172 1274 2370 1337 omnia,
2401 1283 2504 1324 tam
2529 1285 2646 1334 quae
2677 1270 2730 1321 in
2779 1271 2927 1322 cmlis
2967 1283 3120 1336 quam
3170 1281 3286 1333 qua:
3320 1266 3368 1316 in
3415 1271 3575 1321 terra,

2023 1376 2130 1419 tam
2159 1366 2384 1421 visibilis
2412 1379 2568 1428 quam
2594 1362 2896 1421 invisibilia,
2923 1361 3037 1414 sive
3061 1357 3260 1420 throni,
3288 1356 3396 1409 sive
3413 1355 3583 1408 domi-

2025 1456 2289 1519 nationes,
2319 1457 2428 1510 sive
2457 1455 2802 1524 principatus,
2831 1454 2941 1506 sive
2969 1459 3253 1516 potestates
3276 1447 3492 1515 (Coluss.
3521 1448 3580 1513 i).

2022 1550 2209 1602 Omnia
2243 1565 2336 1616 per
2366 1550 2533 1617 ipsum
2566 1546 2697 1598 facta
2727 1554 2871 1609 sunt,
2899 1551 2953 1596 et
2982 1544 3095 1594 sine
3141 1540 3256 1606 ipso
3286 1539 3479 1591 factum
3502 1546 3586 1590 est

2023 1641 2148 1694 nihil
2174 1641 2308 1704 quod
2341 1639 2532 1692 factum
2557 1646 2637 1690 est
2659 1636 2833 1704 (Joan.
2862 1636 2930 1702 i);
2961 1645 3012 1688 et
3041 1648 3175 1685 unus
3202 1632 3435 1697 Spiritus
3459 1646 3583 1683 san-

2023 1739 2157 1792 ctus,
2190 1729 2239 1781 iu
2267 1744 2372 1797 quo
2399 1730 2597 1789 omnia,
2621 1727 2708 1794 qui
2738 1726 2987 1779 Dominus
3009 1734 3112 1788 est,
3138 1733 3192 1777 et
3218 1723 3469 1782 viviﬁcat.
3494 1722 3582 1789 qui

2032 1817 2169 1870 Deus
2195 1816 2298 1880 est,
2333 1828 2386 1871 et
2415 1818 2744 1870 divinitatem
2774 1815 2947 1878 aﬂ'ert,
2989 1815 3218 1882 Spiritus
3242 1815 3430 1873 bonus.
3462 1814 3583 1880 Spi-

323 1924 467 1988 Θεὺς
491 1924 591 1995 μὲν
619 1924 852 1978 ἕκαστον
878 1924 1002 1978 καθ’
1033 1925 1194 1977 ἑαυτὸ
1222 1925 1622 1995 θεωρούμενον,
1650 1925 1728 1989 ὡς
1753 1929 1780 1979 6
1803 1927 1915 1980 Πα-

2027 1907 2160 1961 ritus
2191 1919 2388 1969 rectus,
2423 1909 2650 1970 Spiritus
2674 1907 2978 1974 paraclilus,
3030 1907 3257 1971 Spiritus
3285 1906 3588 1973 adoptionis

323 2014 438 2084 τὴρ
465 2013 562 2067 καὶ
589 2014 618 2066 6
653 2014 780 2077 Υἱὸς
805 2054 822 2080 ,
852 2014 930 2078 ὡς
956 2016 984 2067 6
1019 2014 1148 2078 Υἱὸς
1175 2015 1270 2069 καὶ
1299 2016 1359 2068 τὸ
1388 2014 1616 2086 Πνεῦμα
1642 2016 1704 2069 τὸ
1737 2017 1915 2086 ἆγιρν,

328 2107 450 2176 (48)
471 2101 554 2172 εἷς
580 2108 638 2161 δὲ
665 2107 799 2171 Θεὸς
828 2109 886 2161 ὲν
912 2109 1062 2177 τρισὶ
1086 2147 1101 2173 ,
1135 2107 1236 2178 μία
1267 2107 1462 2176 φύσις,
1498 2108 1598 2179 μία
1639 2108 1914 2180 βασιλεία,

334 2199 441 2268 μία
473 2199 701 2270 δύναμις
722 2240 739 2265 ,
780 2196 880 2269 μία
911 2199 1074 2265 δόξα,
1111 2199 1208 2269 μία
1253 2200 1411 2253 οὐσία
1436 2240 1452 2266 ,
1500 2200 1747 2272 διαιρετὴ
1795 2205 1919 2267 ταῖς

331 2293 670 2346 ὑποστάσεσι
702 2295 796 2346 καὶ
831 2295 1013 2362 μόνον.
1042 2286 1137 2356 Εἷς
1161 2293 1271 2364 γὰρ
1294 2293 1322 2344 6
1355 2293 1568 2363 Πατὴρ,
1594 2285 1638 2360 ᾧ
1665 2295 1759 2347 καὶ
1784 2293 1919 2348 ἴδιον

330 2385 367 2453 ἠ
419 2384 751 2456 ἀγεννησία⁶
810 2379 891 2448 εἷς
939 2385 997 2438 δὲ
1028 2387 1056 2439 6
1099 2383 1396 2454 μονογενὴς
1434 2385 1601 2450 Υἱὸς,
1646 2387 1741 2439 καὶ
1786 2385 1918 2440 ἴδιον

329 2473 484 2542 αὖτῷ
512 2476 546 2542 ή
587 2473 839 2544 γέννησις
861 2492 876 2507 °
913 2473 973 2528 ἓν
1000 2475 1057 2528 δὲ
1088 2474 1150 2528 τὸ
1180 2474 1336 2543 ἆγιον
1373 2474 1600 2546 Πνεῦμα
1626 2515 1640 2541 ,
1668 2477 1764 2529 καὶ
1787 2475 1919 2528 ἴδιον

331 2567 486 2637 αὐτῷ
520 2570 552 2638 ἡ
584 2569 936 2640 ὲκπόρευσις.
973 2567 1130 2621 Οὕτω
1154 2568 1269 2640 (49)
1296 2570 1406 2639 γάρ
1431 2570 1618 2640 ἡμεῖς,
1654 2569 1719 2621 ἐκ
1743 2567 1921 2635 φωτὸς

332 2659 430 2715 τοῦ
484 2660 599 2733 ﬂ
635 2661 852 2734 Πατρὸς
886 2661 1001 2732 φῶς
1048 2661 1528 2734 περιλαμφθέντες
1577 2662 1668 2714 τὸν
1703 2661 1833 2714 Υἱὸν
1863 2664 1922 2714 ἐν

334 2754 480 2821 φωτὶ
504 2753 584 2824 τῷ
614 2754 756 2825 ἁγίῳ
790 2753 1096 2826 Πνεύματι,
1134 2753 1264 2824 μίαν
1289 2753 1586 2824 δοξάζομεν
1608 2753 1839 2825 θεότητα
1862 2755 1922 2806 ἐν

332 2846 516 2917 τρισὶν
574 2847 940 2900 ὑποστάσεσιο
987 2847 1083 2900 καὶ
1123 2847 1288 2909 αὑτός
1339 2848 1487 2900 ἐστιν
1535 2846 1788 2920 ἀληθινὸς
1827 2847 1924 2901 καὶ

337 2939 503 3009 μόνος
535 2938 668 3003 Θεὸς
705 2938 818 3012 (50)
838 2979 854 3004 ,
887 2940 915 2992 6
957 2941 1014 2992 ὲν
1045 2940 1240 3010 Τριάδι
1277 2939 1716 3010 γινωσκόμενος,
1744 2941 1829 2994 ὅτι
1861 2937 1921 3006 ἐξ

331 3031 504 3086 αὑτοῦ
536 3033 631 3086 καὶ
659 3032 727 3086 δι’
755 3032 922 3085 αὐτοῦ
957 3032 1051 3086 καὶ
1080 3034 1162 3094 εἰς
1185 3033 1348 3085 αὑτὸν
1382 3033 1452 3086 τὰ
1478 3033 1658 3086 πάντα
1690 3031 1830 3102 (51).

2028 1999 2276 2052 ﬁliorum.
2307 2001 2501 2052 Horum
2530 2000 2885 2065 unusquisque
2927 1998 3066 2050 Deus
3091 2004 3192 2059 est,
3225 1996 3270 2049 si
3301 1996 3603 2062 separatim

2025 2089 2388 2140 consideretur
2421 2106 2433 2140 :
2463 2099 2518 2138 ut
2540 2087 2716 2152 Pater,
2747 2086 2824 2140 sic
2850 2085 3041 2150 Filius;
3067 2096 3126 2139 ut
3150 2083 3340 2150 Filius,
3367 2086 3444 2138 sic
3467 2087 3585 2152 Spi-

2025 2181 2158 2232 ritns
2205 2188 2437 2233 sanctus.
2485 2179 2631 2234 Unus
2659 2187 2833 2232 autem
2879 2177 3018 2232 Deus
3045 2177 3096 2230 in
3128 2179 3294 2231 tribus
3318 2180 3582 2244 personis.

2037 2287 2135 2322 una
2167 2282 2370 2331 natura,
2401 2287 2557 2322 unum
2590 2286 2831 2339 regnum,
2857 2285 2960 2323 una
2986 2280 3238 2338 potentia,
3269 2286 3368 2322 una
3394 2269 3582 2338 gloria,

2028 2375 2127 2412 una
2161 2359 2453 2414 substantia
2488 2378 2502 2414 :
2535 2377 2650 2427 quia:
2697 2377 3038 2430 personarum
3068 2372 3269 2414 ratione
3312 2361 3584 2427 dividitur,

2028 2448 2122 2502 sed
2161 2449 2376 2502 Deitatis
2403 2459 2642 2515 respectu
2675 2465 2774 2502 una
2804 2459 2906 2503 est.
2953 2448 3099 2504 Unus
3125 2451 3265 2503 enim
3295 2459 3378 2504 est
3408 2450 3586 2502 Pater.

2028 2541 2111 2590 cui
2146 2539 2416 2604 pmprium
2462 2550 2542 2591 est
2569 2540 2800 2606 genitum
2837 2554 2940 2591 non
2966 2554 3106 2592 esse.
3139 2539 3285 2593 Unus
3316 2541 3437 2592 item
3469 2540 3585 2592 uni-

2024 2630 2230 2695 IIenitus
2260 2629 2446 2694 Filius,
2480 2632 2562 2683 cui
2596 2631 2866 2700 proprium
2896 2631 3231 2697 estgenitnm
3263 2645 3398 2684 esse.
3436 2631 3580 2683 Unus

2032 2719 2256 2789 denique
2300 2721 2527 2788 Spiritus
2570 2731 2804 2784 sanctus,
2853 2722 2935 2774 cui
2971 2723 3235 2789 proprium
3268 2731 3347 2774 est
3375 2735 3587 2786 proco-s-

2029 2813 2186 2865 sisse.
2213 2812 2299 2865 Sic
2324 2812 2462 2865 enim
2497 2828 2591 2865 nos
2622 2829 2684 2864 ex
2719 2813 2936 2876 lumine,
2965 2811 3068 2865 hoc
3097 2822 3176 2866 est
3205 2828 3267 2864 ex
3303 2811 3476 2875 Patre,
3510 2811 3588 2864 lu-

2028 2921 2169 2968 men,
2194 2905 2241 2957 id
2265 2916 2345 2958 est
2375 2905 2582 2969 Filium,
2618 2907 2668 2958 in
2717 2907 2918 2961 lumine
2948 2906 3118 2976 (Psal.
3163 2910 3348 2974 xxxv),
3380 2913 3477 2960 hoc
3507 2916 3589 2960 est

2029 2995 2228 3064 Spiritu
2277 3005 2480 3062 sancto,
2530 3008 2830 3064 cernentes,
2863 2997 2914 3050 in
2950 2997 3115 3050 tribus
3148 3001 3385 3064 personis
3430 3015 3585 3050 unam

327 3107 676 3165 divinitatem
724 3112 887 3167 laude
935 3129 999 3168 ac
1045 3114 1213 3184 gloria
1244 3113 1531 3168 efﬁcimus.
1563 3113 1742 3182 Atque
1775 3111 1894 3181 ipse
1924 3123 2091 3162 verus
2120 3125 2184 3164 ac
2224 3125 2374 3164 εοιιιε
2394 3110 2542 3163 Deus
2570 3117 2674 3174 est,
2703 3110 2796 3180 qui
2838 3111 2894 3166 in
2935 3111 3204 3164 Trinitate
3243 3113 3578 3181 agnoscitur,

328 3206 596 3275 quoniam
625 3223 692 3262 ex
738 3207 880 3277 ipso,
914 3217 970 3263 et
1006 3224 1104 3278 per
1146 3209 1348 3278 ipsum,
1389 3218 1446 3265 et
1473 3210 1529 3264 in
1569 3209 1690 3278 ipso
1719 3199 1903 3261 omnia
1940 3211 2069 3258 sunt
2101 3203 2274 3273 (Rom.
2300 3204 2395 3272 χι).
2465 3252 2470 3258 .

397 3307 605 3360 Τούτου
636 3310 701 3378 τῇ
734 3310 919 3378 χάριτι
975 3310 1046 3363 τὰ
1079 3311 1222 3364 κατὰ
1253 3314 1312 3364 σὲ
1345 3313 1508 3380 γνοὺς
1548 3312 1705 3379 κάγὼ
1731 3349 1748 3374 ,
1793 3311 1906 3364 ἀπ-

2085 3296 2260 3365 Hujus
2280 3296 2550 3351 beneficio
2572 3305 2627 3351 et
2647 3297 2820 3367 gratia
2842 3297 2958 3366 ipse
2983 3312 3221 3367 quoque,
3251 3313 3372 3352 cum
3397 3298 3465 3352 de
3491 3305 3584 3353 tuo

331 3398 561 3467 εστάλην
592 3399 798 3466 διδάξαι
851 3418 910 3455 σε
942 3400 978 3455 ἃ
1032 3402 1332 3473 μεμάθηκα
1373 3405 1468 3458 καὶ
1521 3405 1800 3475 τετήρηκα
1853 3403 1916 3468 ἐξ

329 3489 503 3559 ἀρχῆς
539 3491 621 3552 εἰς
649 3490 808 3562 τήνδε
845 3491 944 3562 τὴν
975 3494 1190 3549 πολιάν.
1231 3495 1294 3548 Ei
1340 3491 1435 3550 οὖν
1470 3497 1785 3561 πιστεύσεις
1815 3498 1912 3552 καὶ

326 3579 677 3652 βαπτισθῇς,
721 3583 984 3657 σωθήσῃο
1032 3586 1082 3637 εἰ
1129 3585 1188 3639 δὲ
1231 3588 1596 3659 ἀπιστήσεις,
1645 3605 1916 3662 κατακρι-

323 3672 470 3744 θήσῃ
509 3673 644 3743 (52).
677 3675 860 3728 Ταῦτα
907 3677 1015 3749 γὰρ
1043 3676 1079 3730 ἃ
1121 3680 1362 3750 σήμερον
1392 3681 1526 3751 ὁρᾷς
1576 3681 1672 3733 καὶ
1707 3675 1790 3745 οἷς
1823 3697 1914 3734 σε-

325 3765 531 3837 μνύνῃ.
556 3767 590 3837 ἠ
624 3784 682 3820 τε
712 3767 840 3833 δόξα
879 3771 975 3822 καὶ
1002 3772 1184 3841 τρυφὴ
1207 3771 1304 3825 καὶ
1328 3774 1358 3825 6
1390 3772 1619 3838 πλοῦτος
1645 3773 1740 3828 καὶ
1761 3776 1915 3828 πᾶσα

321 3858 358 3926 ή
380 3857 480 3910 τοῦ
515 3857 632 3927 βίου
663 3860 873 3930 ἀπάτη,
903 3861 1028 3914 ὅσον
1057 3861 1212 3917 οῦπω
1232 3864 1595 3936 παρέρχεται,
1620 3865 1916 3920 ἐκϐαλοῦσι

320 3949 385 4002 δέ
419 3967 481 4003 σε
509 3953 606 4005 καὶ
631 3951 706 4024 μὴ
741 3953 1067 4024 βουλόμενον
1090 3957 1364 4016 ἐντεῦθεν.
1392 3959 1504 4012 Καὶ
1526 3959 1588 4014 τὸ
1625 3960 1726 4030 μὲν
1754 3961 1918 4031 σῶμα

323 4045 863 4116 κατακλεισθήσεται
911 4051 1266 4121 σμικροτάτῳ
1300 4052 1549 4121 μνήματι
1599 4051 1916 4122 μονώτατον

325 4136 697 4205 καταλειφθὲν
723 4137 837 4209 (53)
861 4179 877 4204 ,
912 4140 1095 4210 πάσης
1121 4157 1182 4193 τε
1206 4141 1582 4214 ἀποστερηθὲν
1615 4143 1786 4211 φίλων
1822 4145 1918 4197 καὶ

326 4231 614 4298 συγγενῶν
659 4231 935 4303 ἑταιρείας
960 4249 974 4265 ⁸
1016 4233 1300 4304 οἰχήσεται
1338 4233 1397 4286 δὲ
1444 4234 1513 4288 τά
1564 4233 1781 4306 τερπνὰ
1823 4234 1918 4290 τοῦ

325 4323 543 4392 κόσμου
570 4360 585 4386 ,
616 4323 711 4376 καὶ
759 4324 930 4395 πολλὴ
975 4325 1134 4394 ἀηδία
1162 4326 1257 4378 καὶ
1286 4325 1532 4397 δυσώδης
1560 4326 1760 4398 φθορὰ,
1796 4327 1919 4381 ἀντὶ

323 4418 432 4486 τῆς
477 4417 598 4469 νυνὶ
637 4415 903 4486 καλλονῆς
954 4419 1047 4471 καὶ
1087 4417 1350 4488 εὐοσμίας
1378 4460 1394 4485 ,
1443 4419 1912 4491 περιχυθήσεταν

326 4507 431 4576 τὴν
461 4506 520 4560 δὲ
549 4505 726 4578 ψυχήν
757 4524 851 4560 σου
881 4508 1137 4578 βαλοῦσιν
1166 4513 1224 4564 ὲν
1255 4512 1370 4575 τοῖς
1400 4512 1777 4583 καταχθονίοις
1809 4511 1909 4582 τῆς

403 4699 521 4771 tu)
558 4701 734 4770 EpiSI.
765 4701 831 4756 ad
862 4702 1072 4759 Coloss.
1110 4720 1150 4768 ι,
1196 4703 1394 4768 15.16.

403 4772 519 4839 (45)
547 4771 703 4826 Joan.
739 4789 779 4837 ι,
813 4772 867 4826 5.

403 4843 518 4910 (46)
545 4842 703 4898 Joan.
732 4860 806 4904 vt,
841 4844 910 4896 65
942 4864 957 4901 :
985 4845 1059 4898 T6
1089 4844 1306 4911 πνεῦμά
1333 4848 1446 4900 ἐστι
1480 4847 1539 4899 τὸ
1562 4847 1882 4911 ζωοποιοῦν.

405 4914 520 4980 (Π)
553 4914 721 4982 Epist.
750 4916 814 4966 ad
847 4913 1007 4969 Rom.
1041 4931 1158 4974 VIII.
1183 4913 1251 4970 15
1284 4936 1297 4970 :

326 4982 782 5055 lavitGregorius
808 4985 939 5038 Naz.
973 4999 1115 5039 orat.
1142 4987 1230 5048 57.
1268 5004 1321 5055 p.
1351 4988 1475 5042 610.

404 5054 518 5126 (48)
667 5053 893 5126 Gregnr.
931 5055 1063 5110 Naz.
1093 5073 1174 5108 or.
1208 5053 1294 5119 xu,
1329 5072 1448 5126 pag.
1475 5056 1598 5113 668.

2016 3398 2158 3443 statu
2177 3390 2382 3443 certior
2396 3389 2574 3445 factus
2589 3405 2788 3452 essem,
2806 3389 3008 3443 missus
3030 3405 3170 3453 sum,
3197 3398 3251 3441 ut
3271 3405 3334 3443 ea
3353 3398 3403 3442 te
3424 3389 3586 3443 doce-

2017 3494 2129 3533 rem
2147 3497 2268 3549 quae
2287 3481 2480 3538 didici.
2495 3489 2660 3550 atque
2672 3482 2739 3536 ab
2755 3482 2978 3535 ineunte
2991 3490 3149 3535 aetate
3168 3495 3340 3551 usque
3360 3481 3426 3534 ad
3449 3481 3586 3534 hanc

2016 3572 2272 3626 canitiem
2291 3573 2801 3639 servavi.Quocirca
2816 3575 2860 3628 si
2877 3573 3261 3634 credideris,ct
3279 3573 3588 3642 baptizatus

2014 3665 2203 3720 fueris.
2225 3665 2408 3720 salvus
2421 3667 2553 3731 eris;
2573 3667 2616 3721 si
2637 3674 2818 3721 autem
2843 3683 2950 3720 non
2979 3667 3586 3729 credideris,'condem—

2015 3756 2238 3811 naberis
2267 3758 2453 3827 (Marc.
2469 3760 2598 3830 xw).
2617 3760 2750 3814 Nam
2770 3775 2832 3815 ea
2851 3776 2971 3829 qua:
2988 3759 3256 3814 hodierno
3273 3759 3361 3814 die
3383 3759 3584 3820 cernis,

2016 3860 2070 3903 et
2084 3850 2286 3919 quibus
2303 3851 2576 3920 gloriaris,
2595 3851 2700 3906 hoc
2717 3862 2819 3913 est,
2837 3852 3030 3922 gloria,
3045 3862 3100 3907 et
3116 3853 3344 3908 deliciae.
3361 3861 3416 3906 et
3434 3867 3585 3920 opes.

2015 3939 2504 4012 etomnishujusce
2517 3941 3098 4012 vitaeimpostura.jam
3113 3945 3333 4014 jamque
3353 3942 3588 4010 prmteri-

2016 4031 2174 4095 bunt,
2208 4040 2372 4102 teque
2401 4033 2632 4088 invitum
2651 4034 2818 4088 etiam
2841 4050 2904 4089 ac
2927 4042 3321 4105 repugnantem
3350 4035 3477 4088 hinc
3497 4035 3588 4104 eji-

2019 4123 2186 4177 cient.
2202 4124 2280 4179 Ac
2297 4140 2498 4194 corpus
2519 4126 2740 4195 quidem
2767 4127 3061 4196 perexiguo
3079 4127 3330 4196 sepulcro
3350 4126 3590 4180 include-

2021 4225 2130 4275 tur,
2155 4215 2333 4268 solum
2357 4216 2629 4280 relictum,
2647 4227 2810 4287 atque
2828 4219 2976 4272 omni
2999 4219 3369 4273 amicorumet
3387 4234 3588 4289 cogna-

2022 4313 2204 4359 torum
2227 4315 2373 4362 metu
2399 4309 2742 4364 destitutum.
2772 4311 3064 4366 Facessent
3085 4319 3267 4364 autem
3291 4311 3482 4363 mundi
3501 4311 3590 4380 ju-

2021 4398 2352 4458 cunditales.
2371 4409 2534 4468 atque
2554 4400 2743 4471 ingens
2757 4402 3002 4470 quaedam
3028 4402 3328 4456 insuavitas
3341 4417 3404 4455 ac
3423 4400 3589 4454 fetida

2023 4490 2310 4559 corruptio
2328 4492 2616 4560 praesentis
2631 4493 3126 4562 pulchritudiniset
3143 4493 3453 4563 fragrantia:
3468 4493 3589 4547 locu

1335 4917 1560 4970 ὲλάὁετε
1593 4919 1813 4988 πνεῦμα
1843 4920 1915 4972 uit

2022 4919 2138 4982 πίας.
2171 4949 2237 4959 --
2267 4917 2388 4974 Haec
2418 4927 2473 4974 et
2499 4918 2600 4971 alia
2647 4916 2882 4986 Spiritus
2924 4916 3106 4982 sancti,
3127 4916 3364 4984 epitheta
3411 4927 3600 4966 cumu»

408 5122 522 5192 (4")
553 5125 617 5197 Ο,
649 5125 682 5192 ἠ
717 5122 973 5196 γέννησις
999 5145 1013 5158 ·
1043 5127 1206 5188 οῦτω,
1243 5122 1433 5181 ιιι(ιᾶἰῶ
1470 5130 1705 5184 omissis.
1743 5129 1909 5182 Adlim

2032 5140 2219 5183 noster
2249 5129 2498 5190 Gregorii
2539 5128 2797 5197 Theologi
2845 5127 3054 5197 verbis:
3094 5137 3232 5177 ornt.
3268 5123 3360 5197 257.
3393 5139 3445 5197 ρ,
3475 5122 3602 5175 4:29..

279 5218 287 5224 -
331 5195 789 5269 Ριιιξκπὸρευσις
817 5207 900 5250 est
927 5201 1064 5266 apud
1096 5197 1413 5266 Gregorium
1450 5198 1746 5269 ἔκπεμψις.
1781 5200 1915 5255 Conl

2022 5211 2092 5254 at.
2123 5199 2297 5268 ejusd.
2323 5199 2413 5262 26,
2441 5215 2493 5266 p.
2525 5199 2631 5252 445
2657 5215 2670 5263 ;
2701 5195 2983 5252 Tliemlulﬁ
3021 5196 3286 5263 Excerpta
3316 5196 3382 5247 de
3416 5195 3508 5261 Sp.
3544 5197 3600 5246 S.

332 5285 386 5336 ι).
416 5267 540 5319 1⁵21.

558 5335 624 5399 Ο,
654 5335 771 5409 φᾲῶς
804 5336 1002 5398 εἰδότες
1041 5338 1126 5406 (ἃ,
1169 5337 1663 5408 περιλαμφθέντες)
1690 5340 1780 5393 τὸν
1809 5340 1923 5393 υἱὸν
1960 5342 2016 5392 ὲν
2041 5359 2098 5409 ῳ.
2128 5359 2177 5395 τ.
2204 5341 2258 5393 ἀ.
2293 5357 2385 5394 πν.
2417 5337 2760 5409 ἁγιαζόμεθά
2790 5339 2847 5389 ὲν
2882 5338 3057 5408 τρισὶν
3100 5335 3430 5409 ὑποστάσεσι
3470 5332 3604 5409 μίαν

331 5402 933 5482 δοξάἔδῖιεεςθερῖῃταο
968 5402 1075 5482 ,κάξ
1109 5402 1277 5482 αὑτόξ
1311 5402 1458 5482 me
1483 5402 1687 5482 ἀληθής
1723 5411 1816 5465 καὶ
1842 5413 1870 5462 δ

2024 5402 2080 5473 ος
2111 5411 2158 5464 θ.
2195 5409 2382 5482 Lectio
2425 5402 2766 5478 περιλαμφθ.
2814 5402 3059 5460 lirniatur
3111 5422 3138 5458 a
3180 5405 3444 5476 Gregorio
3470 5402 3601 5456 Naz.
3638 5439 3644 5451 .

333 5477 605 5552 οινειιχ-ιίθε
640 5495 691 5552 p.
724 5479 828 5552 668
865 5478 988 5552 ξ-Ού
1016 5480 1294 5552 φθάνω-τὸ
1339 5479 1396 5531 ἓν
1427 5477 1766 5550 νοῆσάιίκτιὶ
1787 5485 1896 5544 τοῖς
1922 5477 2070 5552 τρισὶ
2110 5477 2550 5552 περιλάμπομαι.

408 5547 522 5618 (51)
555 5547 732 5618 Epist.
764 5549 830 5602 ad
864 5547 1019 5601 Rom.
1061 5567 1136 5608 XI,
1168 5549 1256 5603 36.

411 5617 524 5691 (ᾇτ’.)
550 5617 717 5691 Marc.
748 5634 864 5691 ιινι.Δ
899 5619 966 5673 16
996 5637 1009 5672 :
1054 5621 1112 5671 ὐ
1137 5619 1442 5691 πιστεύσας
1472 5622 1566 5674 καὶ
1598 5621 1916 5691 βαπτισθεὶς
1950 5622 2278 5690 σωθήσεται.
2313 5623 2341 5673 6
2369 5621 2424 5673 δὲ
2453 5620 2776 5691 ἀπιστήσας
2794 5618 3282 5691 κατακριθήσεται.

412 5685 524 5755 (755)
559 5689 621 5749 C.
662 5688 931 5762 μνημείῳ.
972 5719 1043 5728 --
1083 5689 1310 5762 lllAng.
1353 5692 1439 5754 19,
1477 5693 1543 5746 10
1576 5685 1914 5761 ε’ύπολέλειμ

2053 5685 2164 5760 ἐίτὼ
2195 5691 2524 5760 μονώτατος.
2560 5685 2711 5762 Acis
2740 5685 3043 5762 Ειιειςιιιιιί,Δ
3062 5685 3112 5754 ιι.
3137 5690 3207 5742 ‘20
3233 5685 3471 5762 :_v_i3v_6.1:
3508 5700 3600 5762 μο-

334 5754 578 5823 νώτατος
609 5754 1122 5830 καταλελειμμένος.
1159 5754 1378 5815 Nicétas
1405 5762 1596 5831 Pnplil.
1637 5754 1896 5816 Eucomio

2022 5754 2205 5814 sta'tliii
2236 5780 2288 5829 p.
2319 5763 2378 5815 5|
2417 5779 2428 5813 :
2457 5765 2514 5812 ἐν
2544 5760 2751 5831 ἐρημία
2779 5760 2882 5812 τινὶ
2915 5758 3220 5830 μονώτατον
3252 5754 3604 5831 ἀπειλημμές

336 5848 428 5882 νον
453 5847 468 5860 ·
496 5821 654 5896 quem
687 5831 798 5883 vid.
824 5841 878 5882 et
903 5821 958 5897 ii:
991 5821 1097 5891 56,—
1120 5831 1183 5892 7;
1220 5847 1274 5900 p.
1308 5832 1398 5887 63.
1441 5821 1590 5888 Adde
1624 5835 1756 5886 Acta
1793 5834 1920 5886 Elim
1967 5821 2316 5899 Juniorist.
2371 5832 2502 5896 Μῦς
2537 5821 2828 5900 l’iaiindeni
2866 5821 2924 5883 ἱέρ’
2947 5831 3240 5885 Anecdotis
3289 5821 3628 5889 liiscetJL,

337 5915 393 5973 ιι.
427 5902 550 5957 35h
584 5901 838 5969 Exempla
873 5900 1030 5969 hujus
1065 5898 1376 5968 super—lativi
1411 5914 1712 5959 tractaruut
1744 5905 1832 5960 alii
1861 5922 1874 5960 :
1905 5906 2014 5958 vid.
2052 5898 2359 5958 Osanu.rad
2396 5902 2622 5957 Philem.
2665 5901 2690 5970 ᾗ
2742 5898 2857 5953 ΗΞ.
