4070 6428
224 414 343 475 953

1355 403 1533 466 VlTA
1570 406 1930 465 BARLAAM
1970 406 2065 466 ET
2095 404 2448 476 IOASAPII.

3382 426 3488 489 954

231 521 413 593 Μωρέ
433 560 449 584 ,
482 517 666 591 ἔνοχος
686 519 839 573 ἔσται
864 520 947 583 είς
978 519 1080 592 τὴν
1109 520 1337 590 γέενναν
1364 520 1464 572 τοῦ
1491 521 1664 591 πυρός
1686 536 1700 549 ·
1731 518 1828 573 καὶ

1940 524 2180 593 ςοιιοιιιιίο
2206 524 2372 592 ignis.
2392 527 2468 577 Ac
2492 537 2710 576 rursum
2734 523 2818 576 :Si
2841 521 3002 579 offers
3023 539 3226 581 munus
3247 534 3402 581 tuum
3424 528 3491 581 ad

229 618 343 681 ὅτι,
392 614 516 670 Ἐὰν
545 614 869 686 προσφέρῃς
894 614 957 667 τὸ
981 613 1157 688 δῶρόν
1186 631 1281 667 σου
1311 614 1406 666 ἐπὶ
1431 615 1497 668 τὸ
1529 613 1820 684 θυσιαστή-

232 724 384 778 ριον,
408 706 571 760 κάκεῖ
604 704 849 777 μνησθῇς
879 705 964 758 ὄτι
999 707 1028 758 6
1051 705 1282 775 ἀδελφός
1311 721 1405 759 σου
1444 704 1557 776 ἕχει
1596 721 1650 758 τι
1677 706 1820 759 κατά

230 801 360 868 σοῦ,
393 801 529 869 ἄφες
556 801 675 853 ἐκεῖ
702 799 764 852 τὸ
807 797 982 864 δῶρόν
1034 815 1127 851 σου
1173 799 1267 852 ἐπὶ
1308 799 1370 851 τὸ
1400 798 1817 870 θυσιαστήριον,

227 894 330 947 καὶ
364 890 613 946 ἀπελθὼν
644 890 858 961 πρῶτον
886 890 1205 961 διαλλάγηθι
1238 890 1315 961 τῷ
1344 889 1559 960 ἀδελφῷ
1584 907 1698 943 σου’
1723 890 1819 943 καὶ

228 986 317 1037 ὅτι
358 984 477 1046 Πᾶς
520 982 634 1052 (87)
664 982 695 1034 6
724 982 1015 1052 ἐμϐλέπων
1045 984 1283 1050 γυναῖκα
1312 980 1417 1050 91
1447 982 1587 1053 πρὸς
1609 982 1670 1035 τὸ
1702 982 1819 1034 ἐπι-

227 1076 513 1147 θυμῆσαι,
541 1076 642 1147 ήδη
671 1075 989 1145 ἐμοίχευσεν
1016 1076 1187 1145 αὐτὴν
1208 1077 1265 1127 ὲν
1293 1077 1359 1145 τῇ
1392 1074 1591 1145 καρδίᾳ
1616 1072 1783 1129 αὑτοῦ
1801 1090 1817 1105 ·

227 1174 324 1225 τὸν
363 1171 643 1243 μολυσμὸν
672 1171 770 1241 τῆς
809 1169 989 1240 ψυχῆς
1021 1170 1116 1223 κα).
1141 1170 1239 1239 τὴν
1261 1170 1356 1222 τοῦ
1384 1169 1592 1232 πάθους
1623 1185 1822 1237 συγκα-

224 1266 465 1321 τάθεσιν
493 1264 740 1337 μοιχείαν
772 1264 1031 1327 καλέσας.
1083 1262 1247 1316 Ἀλλά
1275 1263 1369 1316 καὶ
1395 1262 1490 1316 τοῦ
1525 1262 1695 1333 νόμου
1722 1260 1821 1332 τὴν

226 1360 528 1432 ἐπιορκίαν
556 1358 886 1420 κωλύοντος,
926 1356 955 1407 6
988 1355 1227 1424 Χριστὸς
1253 1354 1377 1409 οὐδὲ
1409 1355 1548 1417 ὅλως
1573 1354 1819 1425 ὀμνύειν,

227 1452 379 1523 πλὴν
404 1452 502 1506 τοῦ
532 1451 639 1505 Ναί
662 1451 759 1505 καὶ
785 1450 881 1503 τοῦ
908 1446 1329 1513 Οὖ,ὲνετείλατο
1358 1447 1494 1519 (88).
1512 1447 1821 1516 Ὀφθαλμὸν

228 1546 358 1599 ἀντὶ
390 1543 675 1615 ὀφθαλμοῦ
728 1542 825 1596 κα).
869 1542 1062 1595 ὀδόντα
1102 1541 1226 1596 ἀντὶ
1265 1542 1479 1604 ὀδόντος
1523 1542 1641 1594 ἐκεῖ
1670 1539 1818 1609 (89)*

228 1635 479 1689 ἐνταῦθα
518 1634 613 1687 δέ·
651 1635 841 1696 Ὅστις
873 1626 1189 1702 σε’ραπίσει
1226 1635 1309 1696 εἰς
1344 1633 1448 1705 τὴν
1489 1632 1671 1697 δεξιὰν
1704 1649 1823 1685 σια-

228 1728 390 1795 γόνα,
429 1726 657 1799 στρέψον
686 1725 856 1795 αὐτῷ,
894 1727 1030 1794 φησὶ
1061 1724 1195 1795 (90),
1228 1726 1322 1779 κα).
1342 1724 1439 1797 τὴν
1479 1725 1649 1796 ἀλλην
1672 1740 1686 1755 ⁸
1727 1724 1824 1779 κα)⁹

227 1818 307 1889 τῷ
342 1820 558 1873 θέλοντί
588 1835 671 1872 σοι
708 1819 964 1889 κριθῆναι
994 1819 1089 1872 καὶ
1120 1818 1214 1871 τὸν
1246 1818 1455 1889 χιτῶνά
1484 1836 1579 1871 σου
1612 1818 1820 1881 λαϐεῖν,

1924 616 2182 679 altare,et
2205 614 2321 669 illic
2349 615 2669 669 recordatus
2687 615 2859 669 fueris
2876 615 3021 684 quod
3059 617 3227 673 frater
3247 624 3375 674 tuus
3394 619 3492 671 lia—

1924 708 2018 763 bet
2044 705 2250 778 aliquid
2281 708 2573 761 adversum
2602 716 2673 771 te,
2701 707 2949 777 relinque
2972 706 3087 762 illic
3119 723 3315 765 munus
3340 720 3492 764 tuum

1925 812 2052 854 ante
2075 800 2268 863 altare,
2298 806 2353 854 et
2379 798 2517 853 vade
2544 799 2697 868 prius
2719 798 3065 853 reconciliari
3098 799 3252 853 fratri
3280 809 3394 856 tuo.
3432 801 3498 855 Et

1923 893 2236 962 quicunque
2247 892 2446 945 viderit
2463 891 2743 946 mulierem
2757 891 2825 945 ad
2839 906 3010 945 concu
3022 892 3336 961 piscendum
3351 910 3496 961 eam,

1921 984 2031 1053 jam
2059 985 2368 1038 mtechatus
2391 994 2475 1038 est
2499 999 2621 1037 eam
2651 983 2707 1036 in
2743 984 2904 1037 corde
2925 998 3026 1037 suo
3044 984 3388 1053 (spurcitiem
3412 988 3493 1038 ni-

1927 1076 2128 1130 mirum
2151 1078 2366 1141 animae,
2386 1089 2449 1129 ac
2472 1074 2717 1130 libidinis
2736 1090 3043 1141 assensum,
3068 1076 3392 1129 adulterium
3416 1092 3500 1128 vo-

1926 1168 2104 1233 cans).
2136 1165 2218 1219 Ad
2245 1166 2381 1231 haec,
2406 1180 2529 1221 cum
2556 1164 2643 1219 lex
2671 1164 2969 1234 perjuriun;
2999 1166 3307 1234 prohibeat,
3340 1167 3501 1222 Chri-

1931 1264 2049 1310 stus
2069 1255 2256 1323 jurare
2286 1256 2508 1309 omnino
2536 1262 2705 1319 vetat,
2736 1270 2841 1310 nec
2870 1256 3170 1325 quidquam
3202 1256 3347 1311 aliud
3378 1270 3502 1327 per-

1926 1346 2115 1408 mittit,
2138 1361 2325 1414 quam,
2352 1344 2471 1410 Est,
2489 1354 2602 1411 est;
2625 1345 2766 1411 Non,
2791 1361 2922 1402 non.
2945 1347 3174 1402 Oculum
3199 1366 3297 1419 pro
3319 1353 3499 1416 oculo,

1927 1446 1982 1489 et
2005 1437 2223 1490 dentem
2256 1450 2356 1505 pro
2382 1436 2581 1502 dente,
2612 1436 2756 1501 illic;
2791 1437 2879 1492 hic
2910 1448 3095 1493 autem
3129 1459 3143 1496 :
3180 1440 3505 1514 Quicunque

1930 1530 2267 1598 percusserit
2284 1539 2335 1583 te
2358 1528 2411 1581 in
2434 1528 2711 1582 dexteram
2729 1531 3028 1597 maxillam,
3046 1536 3221 1601 praebe
3236 1535 3284 1588 ei
3303 1544 3355 1589 et
3372 1537 3507 1592 alte-

1926 1636 2064 1675 ram.
2084 1619 2149 1673 Et
2166 1621 2255 1688 qui
2275 1629 2450 1675 tecum
2470 1621 2585 1675 vult
2600 1620 2808 1690 judicio
2825 1624 3177 1691 contendere,
3193 1634 3244 1680 et
3262 1628 3505 1683 tunicam

1930 1719 2078 1765 tuam
2111 1712 2323 1777 tollere,
2349 1712 2566 1768 dimitte
2593 1714 2642 1768 ei
2669 1721 2723 1767 et
2748 1714 2991 1783 pallium.
3023 1716 3089 1771 Et
3117 1718 3430 1789 quicunque
3453 1728 3508 1776 te

1925 1806 2295 1873 angariaverit
2315 1805 2464 1859 mille
2482 1821 2701 1875 passus,
2724 1808 2858 1863 vade
2876 1824 3000 1862 cum
3019 1809 3112 1863 illo
3130 1812 3235 1865 alia
3256 1812 3382 1866 duo.
3404 1811 3507 1879 Qui

231 1913 377 1979 ἄφες
413 1911 567 1981 αὐτῷ
601 1912 698 1965 κα).
722 1910 781 1964 τὸ
807 1911 1059 1981 ἱμάτιον·
1091 1913 1185 1963 καὶ
1212 1912 1359 1971 ὅστις
1391 1927 1449 1963 σε
1486 1909 1827 1982 ἀγγαρεύσει

1940 1897 2067 1966 petit
2089 1905 2213 1963 ate,
2236 1897 2303 1951 da
2325 1897 2395 1953 ei.
2420 1897 2485 1952 Et
2504 1900 2772 1956 volentem
2798 1908 2902 1955 ate
2926 1904 3165 1956 mutuari
3183 1919 3250 1958 ne
3267 1912 3506 1958 avertas.

235 2004 425 2073 μίλιον
472 2003 551 2068 ἓν,
600 2002 785 2072 ὓπαγε
835 2005 955 2074 μετ’
991 2002 1155 2056 αὐτοῦ
1198 2001 1327 2055 δύο’
1372 2000 1450 2072 τῷ
1486 2002 1735 2057 αίτοῦντί
1770 2019 1829 2055 σε

232 2097 409 2160 δίδου,
477 2096 573 2150 καὶ
634 2096 727 2149 τὸν
778 2095 1002 2148 θέλοντα
1051 2095 1160 2147 ἀπὸ
1207 2098 1302 2147 σοῦ
1345 2094 1699 2147 δανείσασθαι
1758 2094 1833 2165 μὴ

235 2189 629 2258 ἀποστραφῇς·
660 2188 915 2255 ἀγαπᾶτε
944 2187 1073 2248 τοὺς
1093 2184 1325 2257 ἐχθροὺς
1349 2185 1529 2255 ὑμῶν,
1558 2184 1832 2253 εὐλογεῖτε

236 2279 365 2341 τοὺς
403 2279 835 2349 καταρωμένους
857 2279 1023 2347 ὑμᾶς,
1058 2276 1239 2339 καλῶς
1268 2279 1474 2329 ποιεῖτε
1498 2279 1610 2339 τοῖς
1641 2274 1833 2346 μισοῦ-

242 2390 322 2425 σιν
354 2372 531 2442 ὑμᾶς,
568 2371 663 2424 καὶ
696 2370 1068 2441 προσεύχεσθε
1104 2370 1245 2440 ὑπὲρ
1272 2368 1385 2422 τῶν
1413 2368 1834 2441 ἐπηρεαζόντων

243 2464 390 2535 ὑμᾶς
427 2464 522 2517 καὶ
549 2463 878 2527 διωκόντων,
909 2464 1059 2526 ὅπως
1092 2461 1327 2533 γένησθε
1357 2462 1463 2515 uio).
1491 2462 1586 2515 τοῦ
1619 2462 1835 2533 Πατρός

243 2556 399 2627 ὑμῶν
431 2556 525 2609 τοῦ
557 2557 613 2609 ὲν
642 2558 754 2618 τοῖς
783 2556 1053 2626 οὐρανοῖς,
1085 2557 1168 2609 ὄτι
1195 2556 1287 2608 τὸν
1310 2555 1463 2627 ἥλιον
1498 2554 1666 2609 αὑτοῦ
1698 2557 1832 2609 ἀνα-

242 2648 426 2701 τέλλει
468 2650 562 2700 ἐπὶ
606 2648 879 2717 πονηροὺς
930 2648 1025 2700 καὶ
1066 2648 1328 2714 ἀγαθοὺς,
1362 2647 1457 2700 καὶ
1502 2646 1687 2717 βρέχει
1742 2647 1835 2700 ἐπ).

240 2740 493 2803 δικαίους
520 2740 613 2793 κα)⁵
642 2740 886 2803 ἀδίκους.
921 2741 1014 2812 Μὴ
1052 2740 1163 2807 (91)
1202 2741 1443 2813 κρίνετε,
1482 2740 1570 2792 ἴνα
1602 2739 1678 2810 μὴ
1704 2757 1826 2811 κρι-

242 2831 371 2902 θῆτε
403 2847 422 2864 ·
456 2832 623 2899 ἄφετε
651 2832 761 2901 (92)
782 2869 798 2895 ,
822 2830 917 2885 καὶ
946 2831 1286 2901 ἀφεθήσεται
1318 2831 1465 2901 ὑμῖν.
1502 2830 1595 2902 Μὴ
1626 2830 1834 2901 θησαυ-

247 2924 435 2994 ρίζετε
467 2925 576 2993 (95)
622 2924 751 2994 ὑμῖν
782 2922 1097 2993 θησαυροὺς
1126 2924 1218 2977 ἐπὶ
1258 2923 1359 2993 τῆς
1387 2925 1491 2994 γῆς
1514 2964 1528 2987 ,
1571 2924 1705 2976 ὅπου
1735 2924 1835 2994 σὴς

244 3019 337 3070 καὶ
374 3016 584 3087 βρῶσις
619 3015 873 3085 ἀφανίζει
919 3016 1014 3069 κα).
1052 3016 1189 3069 ὅπου
1224 3015 1457 3068 κλέπται
1489 3014 1835 3086 διορύσσουσι

246 3108 339 3160 καὶ
380 3108 680 3161 κλέπτουσι
703 3125 716 3138 ο
765 3106 1126 3179 θησαυρίζετε
1164 3106 1220 3162 δὲ
1251 3107 1383 3177 ὑμῖν
1429 3107 1740 3180 θησαυροὺς
1777 3110 1836 3161 ὲν

248 3198 502 3270 οὐρανῷ,
541 3201 672 3253 ὅπου
720 3197 846 3253 οὔτε
899 3199 998 3267 σὴς
1039 3197 1162 3252 οὕτε
1196 3198 1401 3269 βρῶσις
1436 3198 1690 3269 ἀφανίζει
1741 3201 1836 3251 καὶ

1926 1989 2175 2045 Audistis
2207 1990 2337 2060 quia
2364 1991 2570 2046 dictum
2599 2002 2722 2049 est:
2758 1994 2960 2065 Diliges
2993 1996 3298 2064 proximum
3324 2005 3506 2062 tuum,

1947 2106 2000 2151 et
2023 2096 2146 2149 odio
2165 2096 2380 2151 habebis
2397 2096 2667 2152 inimicum
2690 2107 2855 2152 tuum.
2876 2098 2983 2165 Ego
2998 2106 3175 2151 autem
3196 2097 3314 2150 dico
3333 2097 3507 2148 vobis:

1952 2188 2161 2257 Diligite
2191 2187 2433 2243 inimicos
2456 2197 2681 2252 vestros,
2709 2189 3000 2243 benefacite
3040 2188 3121 2241 bis
3151 2188 3241 2257 qui
3287 2187 3514 2242 oderunt

1946 2293 2063 2345 vos,
2084 2288 2137 2332 et
2153 2288 2302 2332 orate
2316 2295 2411 2345 pro
2426 2281 2859 2349 persequentibus
2872 2290 2925 2335 et
2940 2278 3375 2335 calumniantibus
3393 2292 3513 2343 vos,

1948 2377 2004 2420 ut
2034 2369 2149 2422 sitis
2200 2368 2289 2423 lilii
2315 2367 2487 2425 Patris
2513 2373 2672 2425 vestri
2703 2372 2788 2440 qui
2840 2372 2891 2425 in
2920 2372 3070 2427 caelis
3096 2382 3197 2434 est,
3227 2372 3314 2438 qui
3347 2370 3514 2424 solem

1951 2471 2102 2510 suum
2132 2456 2256 2513 facit
2284 2460 2412 2513 oriri
2442 2474 2600 2529 super
2623 2462 2791 2514 bonus
2815 2472 2866 2514 et
2897 2462 3082 2527 malos,
3113 2471 3164 2514 et
3189 2459 3319 2527 pluit
3348 2474 3511 2525 super

1946 2549 2118 2614 justos
2144 2560 2196 2602 et
2237 2550 2461 2618 injustos
2505 2550 2651 2617 (Luc.
2681 2552 2778 2620 vn).
2824 2551 2996 2605 Nolite
3019 2551 3276 2619 judicare,
3321 2559 3380 2602 ut
3408 2562 3514 2602 non

1946 2638 2276 2708 judicernini.
2306 2641 2582 2704 Dimittite,
2613 2652 2666 2696 et
2692 2643 2985 2695 dimittetur
3007 2641 3175 2694 vobis.
3204 2640 3375 2693 Nolite
3403 2640 3515 2693 tlte-

1950 2731 2217 2783 saurizare
2237 2730 2387 2783 vobis
2412 2734 2684 2784 thesauros
2715 2733 2767 2784 in
2790 2740 2950 2793 terra,
2978 2732 3062 2784 ubi
3087 2745 3262 2799 aerugo
3287 2741 3341 2784 et
3371 2734 3511 2783 tinea

1950 2817 2256 2885 demolitur,
2279 2828 2333 2875 et
2352 2820 2493 2874 fures
2513 2821 2767 2874 etl'odiunt
2786 2832 2838 2875 et
2862 2820 3117 2873 furantur.
3141 2819 3517 2873 Thesaurizate

1951 2924 2129 2968 autem
2153 2916 2302 2969 vobis
2326 2915 2601 2969 thesauros
2623 2916 2674 2969 in
2697 2916 2853 2978 creto,
2886 2915 2972 2968 ubi
3003 2928 3173 2983 neque
3200 2928 3395 2979 aerugo,
3425 2926 3519 2965 ne-

1953 3017 2056 3070 que
2084 3004 2226 3058 tinea
2265 3004 2580 3069 demolitur,
2622 3014 2678 3059 et
2714 3005 2799 3058 ubi
2831 3004 2975 3057 fures
3005 3018 3109 3056 non
3135 3001 3393 3056 eli’udiunt
3421 3014 3518 3054 nec

1955 3096 2217 3151 furantur.
2266 3097 2365 3153 Ubi.
2401 3100 2539 3152 enim
2572 3105 2655 3153 est
2702 3099 2979 3152 thesaurus
3023 3106 3165 3161 tuus,
3212 3096 3281 3148 ibi
3330 3103 3384 3147 et
3425 3108 3519 3148 cor

1955 3195 2126 3241 tuum.
2170 3187 2247 3241 Ne
2269 3188 2482 3243 solliciti
2508 3190 2623 3242 sitis
2651 3188 2840 3241 animm
2864 3197 3054 3241 vestra:
3079 3186 3203 3255 quid
3235 3185 3518 3239 manduce-

252 3293 383 3345 ὅτου
417 3291 644 3344 κλέπται
673 3291 734 3344 οὺ
760 3290 1163 3363 διορύσσουσιν,
1185 3290 1306 3347 οὐδὲ
1335 3291 1662 3346 κλέπτουσιν
1682 3309 1695 3321 ·
1725 3291 1831 3362 92

1956 3280 2047 3345 tis,
2077 3294 2251 3349 neque
2278 3282 2485 3349 corpori
2518 3289 2694 3335 vestro
2720 3279 2845 3349 quid
2874 3279 3200 3343 induamini;
3231 3281 3331 3332 scit
3375 3277 3518 3331 enim

258 3385 393 3437 ὅπου
435 3384 544 3455 γάρ
580 3385 729 3437 ἐστιν
758 3386 787 3437 6
816 3381 1087 3454 θησαυρὸς
1128 3382 1301 3453 ὑμῶν,
1336 3385 1453 3437 ἐκεῖ
1486 3385 1638 3438 ἔσται
1674 3384 1767 3438 κα).
1801 3388 1834 3454 ὴ

259 3477 456 3547 καρδία
484 3476 660 3547 ὑμῶν.
692 3478 785 3547 Μὴ
830 3476 1133 3547 μεριμνᾶτε
1162 3475 1272 3545 (94)
1304 3478 1371 3547 τῇ
1401 3475 1546 3547 ψυχῇ
1594 3476 1749 3546 ὑμῶν
1782 3476 1836 3529 τί

255 3572 472 3640 φάγητε
512 3570 607 3623 κα).
640 3569 693 3624 τί
733 3569 917 3641 πίητε,
951 3567 1089 3639 μηδὲ
1124 3566 1202 3638 τῷ
1234 3568 1449 3638 σώματι
1485 3568 1640 3638 ὑμῶν
1669 3569 1719 3620 τί
1752 3570 1841 3621 ὲν-

251 3662 522 3734 δύσησθεο
558 3659 668 3716 οἶδε
704 3661 817 3730 (95)
865 3661 977 3732 γάρ
1020 3664 1047 3714 ό
1088 3660 1279 3737 Πατὴρ
1313 3662 1467 3733 ὑμῶν
1515 3663 1544 3715 6
1591 3662 1840 3733 οὐράνιος

252 3758 331 3810 ὅτι
378 3756 619 3829 χρῄζετε
666 3755 872 3809 τούτων
918 3755 1196 3809 ἁπάντων.
1261 3755 1320 3808 '0
1362 3751 1458 3809 οὖν
1505 3756 1609 3826 τὴν
1657 3756 1839 3827 ψυχὴν

253 3852 375 3916 δοὺς
419 3853 518 3906 καὶ
552 3852 617 3906 τὸ
665 3851 826 3922 σῶμα
849 3891 864 3915 ,
898 3850 1061 3904 δώσει
1109 3851 1330 3915 πάντως
1364 3852 1460 3906 καὶ
1506 3850 1716 3921 τροφὴν
1748 3850 1842 3902 καὶ

253 3945 467 4015 ἔνδυμα
491 3985 507 4010 ,
541 3946 570 3998 6
606 3943 675 3997 τὰ
704 3944 927 3997 πετεινά
959 3943 1055 3997 τοῦ
1102 3943 1332 4017 ούρανοῦ
1371 3944 1589 4016 τρέφων
1644 3944 1739 3996 καὶ
1773 3943 1842 3995 τὰ

254 4038 425 4107 κρίνα
475 4034 570 4089 τοῦ
609 4034 782 4105 ἀγροῦ
816 4035 1039 4105 τοιαύτῃ
1086 4034 1311 4104 κοσμῶν
1353 4034 1651 4106 ὡραιότητι
1706 4033 1839 4103 (96).

257 4128 489 4196 Ζητεῖτε
524 4124 635 4197 (97)
680 4125 759 4190 δὲ,
806 4126 960 4195 φησὶ,
1009 4125 1229 4196 πρῶτον
1279 4128 1377 4197 τὴν
1416 4125 1697 4196 βασιλείαν
1749 4125 1842 4179 τοῦ

256 4217 401 4271 Θεοῦ
428 4217 525 4270 κα).
559 4216 658 4289 τὴν
691 4216 1039 4288 δικαιοσύνην
1070 4216 1235 4271 αὐτοῦ
1256 4260 1270 4282 ,
1313 4218 1405 4274 καὶ
1440 4215 1615 4273 ταῦτα
1662 4216 1845 4271 πάντα

260 4307 700 4380 προστεθήσεται
723 4308 871 4379 ὑμῖν.
904 4310 996 4380 Μὴ
1024 4311 1492 4381 μεριμνήσητεεξς
1517 4309 1615 4381 τὴν
1632 4307 1843 4379 αὔριονο

259 4403 292 4471 ἡ
323 4400 444 4471 γὰρ
476 4398 669 4473 αὔριον
688 4400 755 4455 τὰ
782 4401 982 4470 ἑαυτῆς
1018 4403 1367 4472 μεριμνήσει.
1398 4402 1583 4455 Πάντα
1612 4402 1711 4455 ὅσα
1734 4400 1844 4473 (98)

262 4493 326 4546 ἂν
366 4492 566 4562 θέλητε
597 4494 684 4547 ἵνα
731 4494 960 4548 ποιῶσιν

1958 3368 2115 3424 Pater
2139 3378 2315 3424 vester
2337 3372 2570 3435 cthestis
2591 3371 2839 3436 quoniam
2868 3371 2948 3423 his
2975 3369 3222 3423 omnibus
3249 3368 3516 3438 indigetis.

1958 3461 2132 3523 Quare
2172 3461 2261 3528 qui
2303 3462 2529 3514 animam
2574 3470 2629 3515 et
2670 3476 2863 3528 corpus
2900 3459 3067 3523 dedit,
3096 3474 3317 3527 prorsus
3359 3458 3519 3511 etiam

1957 3551 2132 3606 cibum
2159 3560 2213 3607 et
2244 3540 2609 3607 i‘ndumentnm
2641 3552 2818 3616 dabit;
2863 3552 2971 3620 ille,
3006 3552 3238 3619 inquam,
3281 3549 3368 3617 qui
3397 3549 3520 3603 coeli

1960 3655 2084 3694 aves
2130 3643 2326 3702 nutrit.
2371 3652 2423 3696 et
2452 3643 2561 3711 agri
2594 3643 2703 3696 lilia
2753 3652 2891 3696 tanta
2925 3620 3315 3709 pulchritudine
3342 3650 3517 3693 ornat.

1963 3731 2192 3797 Quaerite
2216 3742 2390 3787 autem
2419 3733 2643 3802 primum
2667 3748 2879 3802 regnum
2905 3730 2997 3787 Dei
3018 3741 3070 3786 et
3093 3730 3351 3800 justitiam
3380 3730 3519 3800 ejus,

1930 3820 2017 3873 ‘et
2055 3823 2165 3875 hinc
2199 3824 2378 3876 omnia
2411 3824 2727 3892 adjicientnr
2758 3824 2923 3879 vobis.
2958 3822 3133 3878 Nolite
3169 3823 3375 3884 suiliciti
3398 3837 3522 3879 esse

1938 3912 2005 3963 de
2022 3910 2288 3975 crastino,
2309 3927 2431 3964 nam
2450 3912 2724 3965 crastinus
2743 3912 2859 3967 dies
2880 3913 2981 3966 sibi
3002 3914 3102 3981 ipsi
3124 3911 3394 3967 sollicitus
3417 3916 3524 3976 eri;

1940 4001 2157 4067 (Matth.
2182 4004 2278 4072 vi).
2302 4003 2495 4057 Omnia
2513 4020 2851 4074 quaecunque
2872 4006 3037 4060 vultis
3063 4014 3119 4058 ut
3139 4006 3344 4061 faciant
3361 4007 3521 4062 vobis

1939 4093 2211 4159 homines,
2235 4098 2420 4151 eadem
2441 4104 2494 4151 et
2512 4111 2609 4150 vos
2633 4096 2795 4151 facite
2814 4098 2921 4151 illis
2942 4096 3091 4167 (Luc.
3118 4100 3293 4167 xvut).
3316 4098 3523 4156 Intrate

1939 4178 2334 4255 perangustam
2365 4196 2600 4255 portant,
2621 4190 2749 4257 quia
2772 4190 2881 4242 lata
2900 4203 2983 4243 εει
3011 4199 3257 4258 porta,et
3285 4191 3524 4257 spatiosa

1938 4279 2047 4339 via,
2073 4294 2193 4347 qua:
2218 4280 2367 4333 ducit
2395 4282 2461 4333 ad
2498 4290 2752 4346 mortem,
2778 4290 2832 4335 et
2856 4282 3009 4335 multi
3037 4292 3163 4337 sunt
3188 4284 3279 4351 qui
3314 4280 3523 4335 intrant

1943 4385 2039 4438 per
2066 4385 2207 4426 eam.
2240 4370 2510 4437 Quoniam
2537 4384 2767 4441 angusta
2795 4384 2874 4427 est
2900 4382 3077 4442 porta,
3103 4381 3157 4428 et
3186 4375 3378 4428 stricta
3407 4378 3512 4437 via,

1009 4496 1139 4560 ὑμῖν
1169 4496 1218 4547 oi
1250 4494 1549 4560 ἄνθρωποι,
1579 4494 1724 4549 οὕτω
1753 4495 1831 4550 κα¹

1940 4479 2062 4532 qua:
2085 4465 2235 4518 ducit
2264 4466 2327 4517 ad
2353 4467 2540 4529 vitam,
2563 4475 2614 4518 et
2638 4465 2942 4533 paueisunt
2965 4464 3057 4534 qui
3088 4466 3371 4518 inveniant
3400 4479 3518 4517 eam

264 4588 431 4656 ὑμεῖς
456 4556 659 4640 ποιεῖτε
690 4587 896 4650 αὐτοῖς.
930 4556 1215 4640 Εξσέλθετε
1254 4556 1365 4659 (99)
1401 4588 1490 4643 διὰ
1521 4556 1619 4659 τῆς
1656 4589 1831 4659 στενῆς

1940 4556 2155 4629 (Matth.
2193 4574 2299 4623 vn;
2343 4556 2471 4611 Luc.
2501 4559 2645 4623 xm).
2693 4558 2810 4611 Non
2838 4560 3021 4612 onmis
3068 4558 3161 4627 qui
3193 4557 3327 4611 dicit
3362 4556 3517 4619 mihi,

264 4677 471 4747 πύλης,
504 4677 586 4730 ὅτι
612 4677 843 4731 πλατεῖα
873 4680 907 4749 ή
951 4678 1096 4749 πύλη
1126 4680 1222 4733 καὶ
1251 4680 1566 4750 εὐρύχωρος
1592 4682 1626 4749 ή
1668 4680 1785 4743 όδὸς
1815 4681 1847 4750 ἡ

1942 4650 2192 4715 Domine,
2221 4649 2469 4713 Domine,
2497 4650 2722 4703 intrabit
2752 4650 2803 4703 in
2844 4665 3070 4719 regnum
3099 4649 3386 4713 cmlorum,
3418 4648 3516 4704 sed

265 4740 564 4838 ἀπάγουσα
619 4772 699 4833 εἰς
744 4769 843 4843 τὴν
892 4740 1192 4836 ἀπώλειαν,
1242 4740 1337 4826 κα).
1377 4740 1565 4825 πολλοί
1614 4740 1829 4828 εἰσιννο

1942 4742 2033 4809 qui
2069 4740 2197 4794 facit
2231 4741 2565 4795 voluntatem
2604 4740 2784 4794 Patris
2828 4742 2970 4806 mei,
3011 4740 3104 4810 qui
3138 4741 3193 4793 in
3240 4741 3398 4795 ccelis
3438 4744 3523 4793 est

267 4862 649 4934 εἰσερχόμενοι
699 4862 767 4916 δι’
816 4863 1024 4933 αὐτῆς·
1084 4862 1245 4934 στενὴ
1302 4864 1396 4916 κα).
1439 4864 1847 4938 τεθλιμμένηή

344 5022 457 5093 (87)
493 5022 683 5093 Μοιιιι.
722 5039 773 5075 v.
800 5021 892 5075 es.

1944 4829 2294 4904 (Matt/avri).
2311 4832 2414 4899 Qui
2436 4833 2610 4904 diligit
2632 4844 2839 4903 patrem
2861 4840 3198 4888 autmatrem
3218 4834 3338 4903 plus
3355 4846 3518 4902 quam

487 5092 677 5168 Matth.
705 5110 757 5168 v,
784 5093 873 5153 54,
907 5090 1044 5168 57_:_
1065 5091 1204 5161 Ἐγὼ
1235 5091 1291 5168 δὲ
1322 5091 1470 5168 λέγω
1498 5094 1641 5168 ὑμῖν-
1662 5094 1735 5168 μὴ
1763 5095 1959 5168 ὀμόσαι
1987 5096 2190 5161 ὅλως...
2222 5098 2359 5151 ἔστω
2398 5097 2453 5151 δὲ
2486 5099 2514 5150 ὁ
2543 5098 2696 5165 λόγος
2727 5096 2901 5167 ὑμῶν,
2933 5095 3060 5157 Ναὶ,
3093 5094 3179 5147 ναί
3203 5109 3218 5124 ο
3248 5092 3343 5151 Οὒ,
3379 5088 3463 5146 οὗ.

370 5165 459 5231 89)
494 5162 715 5217 Scilicet
740 5166 791 5217 in
828 5164 995 5231 veteri
1034 5162 1147 5231 lege
1175 5181 1187 5215 :
1214 5161 1284 5215 cf.
1321 5161 1511 5215 Matth.
1539 5161 1589 5227 ι’,
1614 5161 1705 5220 58.

372 5230 464 5299 90)
488 5234 739 5287 Christus
769 5235 910 5301 apud
939 5230 1245 5287 Manlianum
1282 5249 1331 5299 ν,
1355 5232 1547 5289 39-45.

375 5306 466 5370 91)
498 5303 632 5358 Ibid.
667 5320 762 5369 vn,
795 5304 846 5356 1.

352 5372 574 5447 (92)(31.
606 5374 735 5447 (ibid.
774 5390 847 5437 vt,
878 5372 964 5427 M.

354 5444 467 5517 (93)
503 5444 649 5517 ibid.
680 5460 751 5507 Vl,
788 5447 919 5517 ιο...

357 5515 467 5586 (94)
503 5515 693 5569 Matth.
726 5531 802 5576 νι,

359 5581 470 5655 ('95)
499 5587 630 5640 tum.
658 5601 731 5650 Vl,
756 5588 846 5640 ω.

385 5660 471 5727 96)
497 5657 582 5712 Cf.
608 5655 796 5710 Matth.
829 5673 900 5717 vt,
922 5658 1011 5721 96,
1044 5658 1130 5713 9.8.

386 5731 474 5795 9n
512 5729 642 5782 una.
679 5728 866 5787 v1.33.

365 5802 471 5868 (98)
499 5798 688 5853 Matth.
718 5814 810 5855 vn.
852 5801 933 5853 I2.

366 5872 471 5942 (99;
494 5870 627 5925 Ibid.
662 5868 746 5934 ιδ,
778 5869 856 5922 ιι.
