  <div class='ocr_page' id='page_1' title='image "/cluster/home/n/w/nwhite01/storage/ocr_20150623/96/hvd.32044019208065/484.png"; bbox 0 0 4070 6480; ppageno 0'>
   <div class='ocr_carea' id='block_1_1' title="bbox 188 451 306 516">
    <p class='ocr_par' dir='ltr' id='par_1_1' title="bbox 188 451 306 516">
     <span class='ocr_line' id='line_1_1' title="bbox 188 451 306 516; baseline -0.025 0"><span class='ocrx_word' id='word_1_1' title='bbox 188 451 306 516; x_wconf 85' lang='lat'><strong>957</strong></span> 
     </span>
    </p>
   </div>
   <div class='ocr_carea' id='block_1_2' title="bbox 1315 455 3497 528">
    <p class='ocr_par' dir='ltr' id='par_1_2' title="bbox 1315 455 3497 528">
     <span class='ocr_line' id='line_1_2' title="bbox 1315 455 3497 528; baseline 0.005 -10"><span class='ocrx_word' id='word_1_2' title='bbox 1315 456 1492 518; x_wconf 66' lang='lat' dir='ltr'><strong>VlTA</strong></span> <span class='ocrx_word' id='word_1_3' title='bbox 1531 455 1889 517; x_wconf 80' lang='lat' dir='ltr'><strong>BARLAAM</strong></span> <span class='ocrx_word' id='word_1_4' title='bbox 1924 455 2021 516; x_wconf 85' lang='lat' dir='ltr'><strong>ET</strong></span> <span class='ocrx_word' id='word_1_5' title='bbox 2056 455 2406 520; x_wconf 82' lang='lat' dir='ltr'><strong>JOASAPH.</strong></span> <span class='ocrx_word' id='word_1_6' title='bbox 3393 465 3497 528; x_wconf 88' lang='lat'><strong>958</strong></span> 
     </span>
    </p>
   </div>
   <div class='ocr_carea' id='block_1_3' title="bbox 186 562 1806 646">
    <p class='ocr_par' dir='ltr' id='par_1_3' title="bbox 186 562 1804 645">
     <span class='ocr_line' id='line_1_3' title="bbox 186 562 1804 645; baseline 0.009 -33"><span class='ocrx_word' id='word_1_7' title='bbox 186 563 546 638; x_wconf 58' lang='grc' dir='ltr'><strong>⁸παραλυθῇ,</strong></span> <span class='ocrx_word' id='word_1_8' title='bbox 579 562 758 628; x_wconf 77' lang='grc' dir='ltr'>ἔξεστι</span> <span class='ocrx_word' id='word_1_9' title='bbox 803 567 866 621; x_wconf 84' lang='grc' dir='ltr'>τὺ</span> <span class='ocrx_word' id='word_1_10' title='bbox 909 570 1190 641; x_wconf 78' lang='grc' dir='ltr'>σαθρωθέν</span> <span class='ocrx_word' id='word_1_11' title='bbox 1223 575 1339 636; x_wconf 80' lang='grc' dir='ltr'>τοῖς</span> <span class='ocrx_word' id='word_1_12' title='bbox 1373 575 1680 645; x_wconf 78' lang='grc' dir='ltr'>πταίσμασι</span> <span class='ocrx_word' id='word_1_13' title='bbox 1737 575 1804 644; x_wconf 84' lang='grc' dir='ltr'>τῇ</span> 
     </span>
    </p>
   </div>
   <div class='ocr_carea' id='block_1_4' title="bbox 1923 562 3500 646">
    <p class='ocr_par' dir='ltr' id='par_1_4' title="bbox 1937 563 3500 646">
     <span class='ocr_line' id='line_1_4' title="bbox 1937 563 3500 646; baseline 0.012 -32"><span class='ocrx_word' id='word_1_14' title='bbox 1937 563 2074 630; x_wconf 80' lang='lat' dir='ltr'><strong>quod</strong></span> <span class='ocrx_word' id='word_1_15' title='bbox 2102 579 2198 632; x_wconf 89' lang='lat' dir='ltr'><strong>per</strong></span> <span class='ocrx_word' id='word_1_16' title='bbox 2225 579 2442 634; x_wconf 86' lang='lat' dir='ltr'><strong>peccata</strong></span> <span class='ocrx_word' id='word_1_17' title='bbox 2483 579 2784 639; x_wconf 88' lang='lat' dir='ltr'><strong>corruptum</strong></span> <span class='ocrx_word' id='word_1_18' title='bbox 2830 581 2931 636; x_wconf 86' lang='lat' dir='ltr'><strong>est,</strong></span> <span class='ocrx_word' id='word_1_19' title='bbox 2980 565 3303 643; x_wconf 72' lang='lat' dir='ltr'><strong>pmnitentite</strong></span> <span class='ocrx_word' id='word_1_20' title='bbox 3344 581 3500 646; x_wconf 88' lang='lat' dir='ltr'><strong>adju-</strong></span> 
     </span>
    </p>
   </div>
   <div class='ocr_carea' id='block_1_5' title="bbox 192 654 1807 733">
    <p class='ocr_par' dir='ltr' id='par_1_5' title="bbox 192 654 1807 733">
     <span class='ocr_line' id='line_1_5' title="bbox 192 654 1807 733; baseline 0.003 -24"><span class='ocrx_word' id='word_1_21' title='bbox 192 660 485 731; x_wconf 65' lang='grc' dir='ltr'>μετανοία</span> <span class='ocrx_word' id='word_1_22' title='bbox 507 654 662 722; x_wconf 81' lang='grc' dir='ltr'>αὖθις</span> <span class='ocrx_word' id='word_1_23' title='bbox 692 659 1040 713; x_wconf 80' lang='grc' dir='ltr'><strong>ἀνακαινίσαι</strong></span> <span class='ocrx_word' id='word_1_24' title='bbox 1076 660 1175 730; x_wconf 82' lang='lat'><strong>(8).</strong></span> <span class='ocrx_word' id='word_1_25' title='bbox 1215 661 1426 732; x_wconf 84' lang='grc' dir='ltr'><strong>Πλῆθος</strong></span> <span class='ocrx_word' id='word_1_26' title='bbox 1453 662 1563 733; x_wconf 83' lang='grc' dir='ltr'><strong>γὰρ</strong></span> <span class='ocrx_word' id='word_1_27' title='bbox 1596 664 1807 732; x_wconf 79' lang='grc' dir='ltr'>οἰκτιρ-</span> 
     </span>
    </p>
   </div>
   <div class='ocr_carea' id='block_1_6' title="bbox 199 749 1808 826">
    <p class='ocr_par' dir='ltr' id='par_1_6' title="bbox 199 749 1808 826">
     <span class='ocr_line' id='line_1_6' title="bbox 199 749 1808 826; baseline 0.004 -24"><span class='ocrx_word' id='word_1_28' title='bbox 199 749 336 820; x_wconf 82' lang='grc' dir='ltr'>μῶν</span> <span class='ocrx_word' id='word_1_29' title='bbox 386 750 528 804; x_wconf 80' lang='grc' dir='ltr'>Θεοῦ</span> <span class='ocrx_word' id='word_1_30' title='bbox 560 750 869 822; x_wconf 86' lang='grc' dir='ltr'>ἀριθμῆσαι</span> <span class='ocrx_word' id='word_1_31' title='bbox 891 752 986 804; x_wconf 72' lang='grc' dir='ltr'><strong>καὶ</strong></span> <span class='ocrx_word' id='word_1_32' title='bbox 1022 751 1254 822; x_wconf 83' lang='grc' dir='ltr'>μέγεθος</span> <span class='ocrx_word' id='word_1_33' title='bbox 1289 753 1476 816; x_wconf 87' lang='grc' dir='ltr'>ἐλέους</span> <span class='ocrx_word' id='word_1_34' title='bbox 1509 754 1678 808; x_wconf 81' lang='grc' dir='ltr'>αὐτοῦ</span> <span class='ocrx_word' id='word_1_35' title='bbox 1713 771 1808 826; x_wconf 87' lang='grc' dir='ltr'>με-</span> 
     </span>
    </p>
   </div>
   <div class='ocr_carea' id='block_1_7' title="bbox 189 840 1807 917">
    <p class='ocr_par' dir='ltr' id='par_1_7' title="bbox 189 840 1807 917">
     <span class='ocr_line' id='line_1_7' title="bbox 189 840 1807 917; baseline 0.006 -25"><span class='ocrx_word' id='word_1_36' title='bbox 189 840 428 912; x_wconf 82' lang='grc' dir='ltr'>τρῆσαι</span> <span class='ocrx_word' id='word_1_37' title='bbox 451 843 715 896; x_wconf 86' lang='grc' dir='ltr'>ἀδύνατον</span> <span class='ocrx_word' id='word_1_38' title='bbox 739 860 754 874; x_wconf 73' lang='grc' dir='ltr'><strong><em>ο</em></strong></span> <span class='ocrx_word' id='word_1_39' title='bbox 789 843 1166 914; x_wconf 84' lang='grc' dir='ltr'>ἁμαρτήματα</span> <span class='ocrx_word' id='word_1_40' title='bbox 1185 844 1241 897; x_wconf 80' lang='grc' dir='ltr'>δὲ</span> <span class='ocrx_word' id='word_1_41' title='bbox 1263 841 1464 917; x_wconf 75' lang='grc' dir='ltr'>οἷάπερ</span> <span class='ocrx_word' id='word_1_42' title='bbox 1489 846 1557 900; x_wconf 79' lang='grc' dir='ltr'><strong>ἂν</strong></span> <span class='ocrx_word' id='word_1_43' title='bbox 1588 840 1690 899; x_wconf 80' lang='grc' dir='ltr'>ὦσι</span> <span class='ocrx_word' id='word_1_44' title='bbox 1712 845 1807 900; x_wconf 74' lang='grc' dir='ltr'><strong>καὶ</strong></span> 
     </span>
    </p>
   </div>
   <div class='ocr_carea' id='block_1_8' title="bbox 193 933 1805 1008">
    <p class='ocr_par' dir='ltr' id='par_1_8' title="bbox 193 933 1805 1008">
     <span class='ocr_line' id='line_1_8' title="bbox 193 933 1805 1008; baseline 0.002 -21"><span class='ocrx_word' id='word_1_45' title='bbox 193 934 541 1004; x_wconf 76' lang='grc' dir='ltr'>πταίσματα</span> <span class='ocrx_word' id='word_1_46' title='bbox 585 934 772 1006; x_wconf 82' lang='grc' dir='ltr'>μέτρῳ</span> <span class='ocrx_word' id='word_1_47' title='bbox 819 936 1138 990; x_wconf 80' lang='grc' dir='ltr'><strong>ὑπόκεινται</strong></span> <span class='ocrx_word' id='word_1_48' title='bbox 1193 938 1289 991; x_wconf 72' lang='grc' dir='ltr'><strong>καὶ</strong></span> <span class='ocrx_word' id='word_1_49' title='bbox 1330 937 1614 1008; x_wconf 84' lang='grc' dir='ltr'>ἀριθμητά</span> <span class='ocrx_word' id='word_1_50' title='bbox 1663 933 1805 991; x_wconf 76' lang='grc' dir='ltr'>εἶναι</span> 
     </span>
    </p>
   </div>
   <div class='ocr_carea' id='block_1_9' title="bbox 194 1022 1804 1099">
    <p class='ocr_par' dir='ltr' id='par_1_9' title="bbox 194 1022 1804 1099">
     <span class='ocr_line' id='line_1_9' title="bbox 194 1022 1804 1099; baseline 0.003 -22"><span class='ocrx_word' id='word_1_51' title='bbox 194 1023 536 1094; x_wconf 73' lang='grc' dir='ltr'>συμϐαίνει.</span> <span class='ocrx_word' id='word_1_52' title='bbox 577 1025 658 1078; x_wconf 84' lang='grc' dir='ltr'>Τὰ</span> <span class='ocrx_word' id='word_1_53' title='bbox 687 1022 786 1079; x_wconf 83' lang='grc' dir='ltr'><strong>οὖν</strong></span> <span class='ocrx_word' id='word_1_54' title='bbox 840 1026 1024 1096; x_wconf 85' lang='grc' dir='ltr'>μέτρῳ</span> <span class='ocrx_word' id='word_1_55' title='bbox 1065 1027 1160 1080; x_wconf 77' lang='grc' dir='ltr'><strong>καὶ</strong></span> <span class='ocrx_word' id='word_1_56' title='bbox 1207 1027 1424 1098; x_wconf 81' lang='grc' dir='ltr'>ἀριθμῷ</span> <span class='ocrx_word' id='word_1_57' title='bbox 1469 1028 1804 1099; x_wconf 86' lang='grc' dir='ltr'>ὑποκείμενα</span> 
     </span>
    </p>
   </div>
   <div class='ocr_carea' id='block_1_10' title="bbox 194 1117 1806 1191">
    <p class='ocr_par' dir='ltr' id='par_1_10' title="bbox 194 1117 1806 1191">
     <span class='ocr_line' id='line_1_10' title="bbox 194 1117 1806 1191; baseline 0.003 -21"><span class='ocrx_word' id='word_1_58' title='bbox 194 1118 542 1188; x_wconf 77' lang='grc' dir='ltr'>πταίσματα</span> <span class='ocrx_word' id='word_1_59' title='bbox 579 1119 736 1188; x_wconf 77' lang='grc' dir='ltr'>ἡμῶν</span> <span class='ocrx_word' id='word_1_60' title='bbox 928 1118 990 1171; x_wconf 83' lang='grc' dir='ltr'><strong>τὸ</strong></span> <span class='ocrx_word' id='word_1_61' title='bbox 1016 1120 1326 1191; x_wconf 81' lang='grc' dir='ltr'><strong>ἀμέτρητον</strong></span> <span class='ocrx_word' id='word_1_62' title='bbox 1355 1119 1504 1184; x_wconf 75' lang='grc' dir='ltr'>ἔλεος</span> <span class='ocrx_word' id='word_1_63' title='bbox 1539 1123 1635 1174; x_wconf 80' lang='grc' dir='ltr'><strong>καὶ</strong></span> <span class='ocrx_word' id='word_1_64' title='bbox 1679 1121 1806 1187; x_wconf 81' lang='grc' dir='ltr'>τοὺς</span> 
     </span>
    </p>
   </div>
   <div class='ocr_carea' id='block_1_11' title="bbox 194 1209 1806 1282">
    <p class='ocr_par' dir='ltr' id='par_1_11' title="bbox 194 1209 1806 1282">
     <span class='ocr_line' id='line_1_11' title="bbox 194 1209 1806 1282; baseline 0.005 -22"><span class='ocrx_word' id='word_1_65' title='bbox 194 1209 634 1280; x_wconf 79' lang='grc' dir='ltr'><strong>ἀναριθμήτους</strong></span> <span class='ocrx_word' id='word_1_66' title='bbox 675 1210 996 1280; x_wconf 79' lang='grc' dir='ltr'>οίκτιρμοὺς</span> <span class='ocrx_word' id='word_1_67' title='bbox 1022 1209 1117 1264; x_wconf 85' lang='grc' dir='ltr'>τοῦ</span> <span class='ocrx_word' id='word_1_68' title='bbox 1143 1210 1282 1265; x_wconf 75' lang='grc' dir='ltr'>Θεοῦ</span> <span class='ocrx_word' id='word_1_69' title='bbox 1310 1212 1532 1282; x_wconf 77' lang='grc' dir='ltr'>νικῆσαι</span> <span class='ocrx_word' id='word_1_70' title='bbox 1557 1213 1621 1266; x_wconf 83' lang='grc' dir='ltr'><strong>ού</strong></span> <span class='ocrx_word' id='word_1_71' title='bbox 1646 1212 1806 1268; x_wconf 75' lang='grc' dir='ltr'>δύναο</span> 
     </span>
    </p>
   </div>
   <div class='ocr_carea' id='block_1_12' title="bbox 189 1315 312 1354">
    <p class='ocr_par' dir='ltr' id='par_1_12' title="bbox 189 1315 312 1354">
     <span class='ocr_line' id='line_1_12' title="bbox 189 1315 312 1354; baseline -0.016 -4"><span class='ocrx_word' id='word_1_72' title='bbox 189 1315 312 1354; x_wconf 76' lang='grc' dir='ltr'>ται.</span> 
     </span>
    </p>
   </div>
   <div class='ocr_carea' id='block_1_13' title="bbox 265 1390 1806 1468">
    <p class='ocr_par' dir='ltr' id='par_1_13' title="bbox 265 1390 1806 1468">
     <span class='ocr_line' id='line_1_13' title="bbox 265 1390 1806 1468; baseline 0.004 -23"><span class='ocrx_word' id='word_1_73' title='bbox 265 1390 374 1445; x_wconf 65' lang='lat' dir='ltr'><strong>me</strong></span> <span class='ocrx_word' id='word_1_74' title='bbox 437 1393 502 1447; x_wconf 81' lang='grc' dir='ltr'><strong>οὖ</strong></span> <span class='ocrx_word' id='word_1_75' title='bbox 563 1393 1024 1466; x_wconf 85' lang='grc' dir='ltr'>προσετάχθημεν</span> <span class='ocrx_word' id='word_1_76' title='bbox 1076 1395 1170 1448; x_wconf 77' lang='grc' dir='ltr'>ἐπὶ</span> <span class='ocrx_word' id='word_1_77' title='bbox 1218 1397 1335 1460; x_wconf 80' lang='grc' dir='ltr'>τοῖς</span> <span class='ocrx_word' id='word_1_78' title='bbox 1395 1396 1806 1468; x_wconf 72' lang='grc' dir='ltr'><strong>ἡμαρτημένοις</strong></span> 
     </span>
    </p>
   </div>
   <div class='ocr_carea' id='block_1_14' title="bbox 193 1482 1805 1558">
    <p class='ocr_par' dir='ltr' id='par_1_14' title="bbox 193 1482 1805 1558">
     <span class='ocr_line' id='line_1_14' title="bbox 193 1482 1805 1558; baseline 0.005 -24"><span class='ocrx_word' id='word_1_79' title='bbox 193 1482 654 1549; x_wconf 83' lang='grc' dir='ltr'>ἀπογινώσκειν,</span> <span class='ocrx_word' id='word_1_80' title='bbox 687 1484 802 1540; x_wconf 86' lang='grc' dir='ltr'>ἀλλ’</span> <span class='ocrx_word' id='word_1_81' title='bbox 831 1483 1220 1555; x_wconf 75' lang='grc' dir='ltr'><strong>ἐπιγινώσκειν</strong></span> <span class='ocrx_word' id='word_1_82' title='bbox 1246 1487 1346 1557; x_wconf 84' lang='grc' dir='ltr'>τὴν</span> <span class='ocrx_word' id='word_1_83' title='bbox 1376 1487 1693 1558; x_wconf 86' lang='grc' dir='ltr'>ἀγαθότητα</span> <span class='ocrx_word' id='word_1_84' title='bbox 1711 1488 1805 1542; x_wconf 78' lang='grc' dir='ltr'>τοῦ</span> 
     </span>
    </p>
   </div>
   <div class='ocr_carea' id='block_1_15' title="bbox 196 1573 1801 1651">
    <p class='ocr_par' dir='ltr' id='par_1_15' title="bbox 196 1573 1801 1651">
     <span class='ocr_line' id='line_1_15' title="bbox 196 1573 1801 1651; baseline 0.004 -25"><span class='ocrx_word' id='word_1_85' title='bbox 196 1573 371 1636; x_wconf 78' lang='grc' dir='ltr'>Θεοῦ,</span> <span class='ocrx_word' id='word_1_86' title='bbox 417 1575 514 1629; x_wconf 76' lang='grc' dir='ltr'>καὶ</span> <span class='ocrx_word' id='word_1_87' title='bbox 562 1575 999 1644; x_wconf 81' lang='grc' dir='ltr'>καταγινώσκειν</span> <span class='ocrx_word' id='word_1_88' title='bbox 1039 1578 1150 1632; x_wconf 83' lang='grc' dir='ltr'><strong>τῶν</strong></span> <span class='ocrx_word' id='word_1_89' title='bbox 1201 1579 1620 1650; x_wconf 79' lang='grc' dir='ltr'><strong>ἁμαρτημάτων</strong></span> <span class='ocrx_word' id='word_1_90' title='bbox 1661 1575 1736 1632; x_wconf 79' lang='grc' dir='ltr'>ὧν</span> <span class='ocrx_word' id='word_1_91' title='bbox 1766 1582 1801 1651; x_wconf 77' lang='grc' dir='ltr'><strong>ἡ</strong></span> 
     </span>
    </p>
   </div>
   <div class='ocr_carea' id='block_1_16' title="bbox 195 1664 1807 1743">
    <p class='ocr_par' dir='ltr' id='par_1_16' title="bbox 195 1664 1807 1743">
     <span class='ocr_line' id='line_1_16' title="bbox 195 1664 1807 1743; baseline 0.004 -26"><span class='ocrx_word' id='word_1_92' title='bbox 195 1664 418 1734; x_wconf 75' lang='grc' dir='ltr'>ἄφεσις</span> <span class='ocrx_word' id='word_1_93' title='bbox 445 1667 734 1736; x_wconf 82' lang='grc' dir='ltr'>πρόκειται</span> <span class='ocrx_word' id='word_1_94' title='bbox 760 1667 1294 1743; x_wconf 51' lang='grc' dir='ltr'>διάμριλανθρωπίαν</span> <span class='ocrx_word' id='word_1_95' title='bbox 1325 1670 1419 1724; x_wconf 79' lang='grc' dir='ltr'>τοῦ</span> <span class='ocrx_word' id='word_1_96' title='bbox 1451 1669 1716 1742; x_wconf 81' lang='grc' dir='ltr'>Χριστοῦ,</span> <span class='ocrx_word' id='word_1_97' title='bbox 1748 1670 1807 1734; x_wconf 81' lang='grc' dir='ltr'>ὃς</span> 
     </span>
    </p>
   </div>
   <div class='ocr_carea' id='block_1_17' title="bbox 200 1755 1804 1835">
    <p class='ocr_par' dir='ltr' id='par_1_17' title="bbox 200 1755 1804 1835">
     <span class='ocr_line' id='line_1_17' title="bbox 200 1755 1804 1835; baseline 0.005 -26"><span class='ocrx_word' id='word_1_98' title='bbox 200 1755 354 1828; x_wconf 76' lang='grc' dir='ltr'>ὑπὲρ</span> <span class='ocrx_word' id='word_1_99' title='bbox 391 1758 510 1810; x_wconf 85' lang='grc' dir='ltr'><strong>τῶν</strong></span> <span class='ocrx_word' id='word_1_100' title='bbox 554 1757 839 1830; x_wconf 77' lang='grc' dir='ltr'>ἁμαρτιῶν</span> <span class='ocrx_word' id='word_1_101' title='bbox 881 1761 1041 1831; x_wconf 82' lang='grc' dir='ltr'>ἡμῶν</span> <span class='ocrx_word' id='word_1_102' title='bbox 1088 1761 1151 1814; x_wconf 80' lang='grc' dir='ltr'>τὸ</span> <span class='ocrx_word' id='word_1_103' title='bbox 1202 1762 1336 1815; x_wconf 79' lang='grc' dir='ltr'>ἴδιον</span> <span class='ocrx_word' id='word_1_104' title='bbox 1381 1761 1598 1832; x_wconf 80' lang='grc' dir='ltr'>ἐξέχεεν</span> <span class='ocrx_word' id='word_1_105' title='bbox 1642 1759 1804 1835; x_wconf 74' lang='grc' dir='ltr'>αἷμα.</span> 
     </span>
    </p>
   </div>
   <div class='ocr_carea' id='block_1_18' title="bbox 202 1848 1807 1926">
    <p class='ocr_par' dir='ltr' id='par_1_18' title="bbox 202 1848 1807 1926">
     <span class='ocr_line' id='line_1_18' title="bbox 202 1848 1807 1926; baseline 0.004 -25"><span class='ocrx_word' id='word_1_106' title='bbox 202 1848 559 1920; x_wconf 82' lang='grc' dir='ltr'>Πολλαχόθεν</span> <span class='ocrx_word' id='word_1_107' title='bbox 589 1850 647 1904; x_wconf 85' lang='grc' dir='ltr'>δὲ</span> <span class='ocrx_word' id='word_1_108' title='bbox 672 1850 779 1920; x_wconf 83' lang='grc' dir='ltr'>τῆς</span> <span class='ocrx_word' id='word_1_109' title='bbox 809 1851 1032 1922; x_wconf 80' lang='grc' dir='ltr'><strong>γραφῆς</strong></span> <span class='ocrx_word' id='word_1_110' title='bbox 1052 1851 1420 1923; x_wconf 83' lang='grc' dir='ltr'>διδασκόμεθα</span> <span class='ocrx_word' id='word_1_111' title='bbox 1453 1853 1552 1926; x_wconf 82' lang='grc' dir='ltr'><strong>τὴν</strong></span> <span class='ocrx_word' id='word_1_112' title='bbox 1578 1854 1807 1925; x_wconf 87' lang='grc' dir='ltr'>δύναμιν</span> 
     </span>
    </p>
   </div>
   <div class='ocr_carea' id='block_1_19' title="bbox 1936 656 3500 734">
    <p class='ocr_par' dir='ltr' id='par_1_19' title="bbox 1936 656 3500 734">
     <span class='ocr_line' id='line_1_19' title="bbox 1936 656 3500 734; baseline 0.012 -28"><span class='ocrx_word' id='word_1_113' title='bbox 1936 665 2114 708; x_wconf 87' lang='lat' dir='ltr'><strong>mento</strong></span> <span class='ocrx_word' id='word_1_114' title='bbox 2140 656 2342 711; x_wconf 79' lang='lat' dir='ltr'><strong>sarcire</strong></span> <span class='ocrx_word' id='word_1_115' title='bbox 2360 673 2424 713; x_wconf 89' lang='lat' dir='ltr'><strong>ac</strong></span> <span class='ocrx_word' id='word_1_116' title='bbox 2446 672 2703 716; x_wconf 85' lang='lat' dir='ltr'><strong>renovare</strong></span> <span class='ocrx_word' id='word_1_117' title='bbox 2730 662 2872 716; x_wconf 88' lang='lat' dir='ltr'><strong>licet.</strong></span> <span class='ocrx_word' id='word_1_118' title='bbox 2896 663 3082 734; x_wconf 81' lang='lat' dir='ltr'><strong>Neque</strong></span> <span class='ocrx_word' id='word_1_119' title='bbox 3104 669 3243 721; x_wconf 90' lang='lat' dir='ltr'><strong>enim</strong></span> <span class='ocrx_word' id='word_1_120' title='bbox 3277 676 3500 724; x_wconf 87' lang='lat' dir='ltr'><strong>misera-</strong></span> 
     </span>
    </p>
   </div>
   <div class='ocr_carea' id='block_1_20' title="bbox 1938 742 3506 825">
    <p class='ocr_par' dir='ltr' id='par_1_20' title="bbox 1938 742 3506 825">
     <span class='ocr_line' id='line_1_20' title="bbox 1938 742 3506 825; baseline 0.014 -30"><span class='ocrx_word' id='word_1_121' title='bbox 1938 742 2138 798; x_wconf 87' lang='lat' dir='ltr'><strong>tiunum</strong></span> <span class='ocrx_word' id='word_1_122' title='bbox 2169 745 2262 801; x_wconf 87' lang='lat' dir='ltr'><strong>Dei</strong></span> <span class='ocrx_word' id='word_1_123' title='bbox 2303 748 2585 804; x_wconf 87' lang='lat' dir='ltr'><strong>multitudo</strong></span> <span class='ocrx_word' id='word_1_124' title='bbox 2615 756 2878 808; x_wconf 89' lang='lat' dir='ltr'><strong>numerari</strong></span> <span class='ocrx_word' id='word_1_125' title='bbox 2908 767 3114 825; x_wconf 86' lang='lat' dir='ltr'><strong>potest,</strong></span> <span class='ocrx_word' id='word_1_126' title='bbox 3146 775 3246 814; x_wconf 88' lang='lat' dir='ltr'><strong>nec</strong></span> <span class='ocrx_word' id='word_1_127' title='bbox 3291 765 3506 816; x_wconf 90' lang='lat' dir='ltr'><strong>miseri-</strong></span> 
     </span>
    </p>
   </div>
   <div class='ocr_carea' id='block_1_21' title="bbox 1935 836 3499 927">
    <p class='ocr_par' dir='ltr' id='par_1_21' title="bbox 1935 836 3499 927">
     <span class='ocr_line' id='line_1_21' title="bbox 1935 836 3499 927; baseline 0.015 -40"><span class='ocrx_word' id='word_1_128' title='bbox 1935 836 2130 890; x_wconf 59' lang='lat' dir='ltr'><strong>cordias</strong></span> <span class='ocrx_word' id='word_1_129' title='bbox 2160 838 2325 904; x_wconf 83' lang='lat' dir='ltr'><strong>ipsius</strong></span> <span class='ocrx_word' id='word_1_130' title='bbox 2349 843 2655 910; x_wconf 73' lang='lat' dir='ltr'><strong>magnitudo</strong></span> <span class='ocrx_word' id='word_1_131' title='bbox 2693 846 2744 900; x_wconf 91' lang='lat' dir='ltr'><strong>in</strong></span> <span class='ocrx_word' id='word_1_132' title='bbox 2796 863 3100 906; x_wconf 84' lang='lat' dir='ltr'><strong>mensuram</strong></span> <span class='ocrx_word' id='word_1_133' title='bbox 3145 855 3285 907; x_wconf 80' lang='lat' dir='ltr'><strong>cadit</strong></span> <span class='ocrx_word' id='word_1_134' title='bbox 3330 855 3499 927; x_wconf 76' lang='lat' dir='ltr'><strong>(Psal.</strong></span> 
     </span>
    </p>
   </div>
   <div class='ocr_carea' id='block_1_22' title="bbox 1935 931 3501 1010">
    <p class='ocr_par' dir='ltr' id='par_1_22' title="bbox 1935 931 3501 1010">
     <span class='ocr_line' id='line_1_22' title="bbox 1935 931 3501 1010; baseline 0.014 -28"><span class='ocrx_word' id='word_1_135' title='bbox 1935 939 2130 1000; x_wconf 80' lang='lat' dir='ltr'><strong>cxuv).</strong></span> <span class='ocrx_word' id='word_1_136' title='bbox 2155 931 2372 989; x_wconf 85' lang='lat' dir='ltr'><strong>Peccata</strong></span> <span class='ocrx_word' id='word_1_137' title='bbox 2400 946 2603 1003; x_wconf 90' lang='lat' dir='ltr'><strong>contra,</strong></span> <span class='ocrx_word' id='word_1_138' title='bbox 2634 953 2959 1010; x_wconf 69' lang='lat' dir='ltr'><strong>quaecunque</strong></span> <span class='ocrx_word' id='word_1_139' title='bbox 3004 945 3212 1000; x_wconf 92' lang='lat' dir='ltr'><strong>tandem</strong></span> <span class='ocrx_word' id='word_1_140' title='bbox 3257 948 3345 1001; x_wconf 89' lang='lat' dir='ltr'><strong>illa</strong></span> <span class='ocrx_word' id='word_1_141' title='bbox 3386 947 3501 1004; x_wconf 81' lang='lat' dir='ltr'><strong>fue-</strong></span> 
     </span>
    </p>
   </div>
   <div class='ocr_carea' id='block_1_23' title="bbox 1935 1022 3498 1108">
    <p class='ocr_par' dir='ltr' id='par_1_23' title="bbox 1935 1022 3498 1108">
     <span class='ocr_line' id='line_1_23' title="bbox 1935 1022 3498 1108; baseline 0.013 -34"><span class='ocrx_word' id='word_1_142' title='bbox 1935 1022 2061 1086; x_wconf 93' lang='lat' dir='ltr'><strong>rint,</strong></span> <span class='ocrx_word' id='word_1_143' title='bbox 2091 1039 2351 1080; x_wconf 64' lang='lat' dir='ltr'><strong>mensurae</strong></span> <span class='ocrx_word' id='word_1_144' title='bbox 2373 1041 2436 1081; x_wconf 89' lang='lat' dir='ltr'><strong>ac</strong></span> <span class='ocrx_word' id='word_1_145' title='bbox 2460 1044 2678 1084; x_wconf 77' lang='lat' dir='ltr'><strong>nurnero</strong></span> <span class='ocrx_word' id='word_1_146' title='bbox 2705 1031 3077 1102; x_wconf 76' lang='lat' dir='ltr'><strong>subjiciuntur.</strong></span> <span class='ocrx_word' id='word_1_147' title='bbox 3107 1037 3221 1104; x_wconf 87' lang='lat' dir='ltr'><strong>Quo</strong></span> <span class='ocrx_word' id='word_1_148' title='bbox 3247 1039 3305 1092; x_wconf 77' lang='lat' dir='ltr'><strong>lit</strong></span> <span class='ocrx_word' id='word_1_149' title='bbox 3328 1050 3383 1093; x_wconf 86' lang='lat' dir='ltr'><strong>ut</strong></span> <span class='ocrx_word' id='word_1_150' title='bbox 3412 1058 3498 1108; x_wconf 88' lang='lat' dir='ltr'><strong>ea,</strong></span> 
     </span>
    </p>
   </div>
   <div class='ocr_carea' id='block_1_24' title="bbox 1934 1115 3498 1194">
    <p class='ocr_par' dir='ltr' id='par_1_24' title="bbox 1934 1115 3498 1194">
     <span class='ocr_line' id='line_1_24' title="bbox 1934 1115 3498 1194; baseline 0.012 -27"><span class='ocrx_word' id='word_1_151' title='bbox 1934 1126 2053 1167; x_wconf 84' lang='lat' dir='ltr'><strong>eum</strong></span> <span class='ocrx_word' id='word_1_152' title='bbox 2098 1115 2151 1169; x_wconf 92' lang='lat' dir='ltr'><strong>in</strong></span> <span class='ocrx_word' id='word_1_153' title='bbox 2193 1131 2497 1173; x_wconf 86' lang='lat' dir='ltr'><strong>mensuram</strong></span> <span class='ocrx_word' id='word_1_154' title='bbox 2534 1134 2597 1174; x_wconf 90' lang='lat' dir='ltr'><strong>ac</strong></span> <span class='ocrx_word' id='word_1_155' title='bbox 2637 1137 2910 1178; x_wconf 87' lang='lat' dir='ltr'><strong>numerum</strong></span> <span class='ocrx_word' id='word_1_156' title='bbox 2941 1128 3154 1194; x_wconf 83' lang='lat' dir='ltr'><strong>cadam,</strong></span> <span class='ocrx_word' id='word_1_157' title='bbox 3187 1132 3498 1188; x_wconf 80' lang='lat' dir='ltr'><strong>immensam</strong></span> 
     </span>
    </p>
   </div>
   <div class='ocr_carea' id='block_1_25' title="bbox 1939 1202 3500 1279">
    <p class='ocr_par' dir='ltr' id='par_1_25' title="bbox 1939 1202 3500 1279">
     <span class='ocr_line' id='line_1_25' title="bbox 1939 1202 3500 1279; baseline 0.013 -23"><span class='ocrx_word' id='word_1_158' title='bbox 1939 1202 2034 1257; x_wconf 82' lang='lat' dir='ltr'><strong>Dei</strong></span> <span class='ocrx_word' id='word_1_159' title='bbox 2061 1205 2474 1261; x_wconf 84' lang='lat' dir='ltr'><strong>misericordiam</strong></span> <span class='ocrx_word' id='word_1_160' title='bbox 2504 1219 2661 1279; x_wconf 89' lang='lat' dir='ltr'><strong>atque</strong></span> <span class='ocrx_word' id='word_1_161' title='bbox 2692 1213 3105 1272; x_wconf 87' lang='lat' dir='ltr'><strong>innumerabiles</strong></span> <span class='ocrx_word' id='word_1_162' title='bbox 3132 1220 3500 1277; x_wconf 65' lang='lat' dir='ltr'><strong>miserationes</strong></span> 
     </span>
    </p>
   </div>
   <div class='ocr_carea' id='block_1_26' title="bbox 1933 1298 2451 1369">
    <p class='ocr_par' dir='ltr' id='par_1_26' title="bbox 1933 1298 2451 1369">
     <span class='ocr_line' id='line_1_26' title="bbox 1933 1298 2451 1369; baseline 0 -19"><span class='ocrx_word' id='word_1_163' title='bbox 1933 1298 2143 1352; x_wconf 87' lang='lat' dir='ltr'><strong>vincere</strong></span> <span class='ocrx_word' id='word_1_164' title='bbox 2167 1309 2451 1369; x_wconf 73' lang='lat' dir='ltr'><strong>nequeant.</strong></span> 
     </span>
    </p>
   </div>
   <div class='ocr_carea' id='block_1_27' title="bbox 2004 1392 3493 1462">
    <p class='ocr_par' dir='ltr' id='par_1_27' title="bbox 2004 1392 3493 1462">
     <span class='ocr_line' id='line_1_27' title="bbox 2004 1392 3493 1462; baseline 0.011 -18"><span class='ocrx_word' id='word_1_165' title='bbox 2004 1394 2079 1445; x_wconf 80' lang='lat' dir='ltr'><strong>Ac</strong></span> <span class='ocrx_word' id='word_1_166' title='bbox 2104 1392 2323 1459; x_wconf 78' lang='lat' dir='ltr'><strong>proinde</strong></span> <span class='ocrx_word' id='word_1_167' title='bbox 2349 1395 2417 1448; x_wconf 92' lang='lat' dir='ltr'><strong>ob</strong></span> <span class='ocrx_word' id='word_1_168' title='bbox 2447 1404 2779 1462; x_wconf 76' lang='lat' dir='ltr'><strong>peccatorum</strong></span> <span class='ocrx_word' id='word_1_169' title='bbox 2823 1399 3210 1456; x_wconf 89' lang='lat' dir='ltr'><strong>multitudinem</strong></span> <span class='ocrx_word' id='word_1_170' title='bbox 3261 1406 3493 1460; x_wconf 82' lang='lat' dir='ltr'><strong>animum</strong></span> 
     </span>
    </p>
   </div>
   <div class='ocr_carea' id='block_1_28' title="bbox 1930 1478 3493 1555">
    <p class='ocr_par' dir='ltr' id='par_1_28' title="bbox 1930 1478 3493 1555">
     <span class='ocr_line' id='line_1_28' title="bbox 1930 1478 3493 1555; baseline 0.013 -25"><span class='ocrx_word' id='word_1_171' title='bbox 1930 1478 2263 1546; x_wconf 85' lang='lat' dir='ltr'><strong>despondere</strong></span> <span class='ocrx_word' id='word_1_172' title='bbox 2331 1484 2549 1539; x_wconf 88' lang='lat' dir='ltr'><strong>minime</strong></span> <span class='ocrx_word' id='word_1_173' title='bbox 2585 1486 2863 1555; x_wconf 81' lang='lat' dir='ltr'><strong>jubemur,</strong></span> <span class='ocrx_word' id='word_1_174' title='bbox 2911 1490 3005 1543; x_wconf 92' lang='lat' dir='ltr'><strong>sed</strong></span> <span class='ocrx_word' id='word_1_175' title='bbox 3065 1492 3154 1545; x_wconf 86' lang='lat' dir='ltr'><strong>Dei</strong></span> <span class='ocrx_word' id='word_1_176' title='bbox 3200 1493 3493 1550; x_wconf 68' lang='lat' dir='ltr'><strong>boliitatetn</strong></span> 
     </span>
    </p>
   </div>
   <div class='ocr_carea' id='block_1_29' title="bbox 1933 1584 3492 1656">
    <p class='ocr_par' dir='ltr' id='par_1_29' title="bbox 1933 1584 3492 1656">
     <span class='ocr_line' id='line_1_29' title="bbox 1933 1584 3492 1656; baseline 0.013 -34"><span class='ocrx_word' id='word_1_177' title='bbox 1933 1585 2242 1638; x_wconf 78' lang='lat' dir='ltr'><strong>agnoscere,</strong></span> <span class='ocrx_word' id='word_1_178' title='bbox 2273 1588 2334 1628; x_wconf 89' lang='lat' dir='ltr'><strong>ac</strong></span> <span class='ocrx_word' id='word_1_179' title='bbox 2373 1587 2588 1655; x_wconf 76' lang='lat' dir='ltr'><strong>peccata</strong></span> <span class='ocrx_word' id='word_1_180' title='bbox 2633 1592 2810 1633; x_wconf 74' lang='lat' dir='ltr'><strong>nosua</strong></span> <span class='ocrx_word' id='word_1_181' title='bbox 2855 1584 3239 1650; x_wconf 84' lang='lat' dir='ltr'><strong>condemnare,</strong></span> <span class='ocrx_word' id='word_1_182' title='bbox 3268 1602 3492 1656; x_wconf 91' lang='lat' dir='ltr'><strong>quorum</strong></span> 
     </span>
    </p>
   </div>
   <div class='ocr_carea' id='block_1_30' title="bbox 1931 1666 3492 1748">
    <p class='ocr_par' dir='ltr' id='par_1_30' title="bbox 1931 1666 3492 1748">
     <span class='ocr_line' id='line_1_30' title="bbox 1931 1666 3492 1748; baseline 0.01 -28"><span class='ocrx_word' id='word_1_183' title='bbox 1931 1666 2174 1720; x_wconf 76' lang='lat' dir='ltr'><strong>remissio</strong></span> <span class='ocrx_word' id='word_1_184' title='bbox 2201 1681 2417 1736; x_wconf 87' lang='lat' dir='ltr'><strong>propter</strong></span> <span class='ocrx_word' id='word_1_185' title='bbox 2442 1670 2637 1724; x_wconf 85' lang='lat' dir='ltr'><strong>Christi</strong></span> <span class='ocrx_word' id='word_1_186' title='bbox 2679 1671 3053 1742; x_wconf 74' lang='lat' dir='ltr'><strong>benignitatem</strong></span> <span class='ocrx_word' id='word_1_187' title='bbox 3083 1681 3350 1746; x_wconf 88' lang='lat' dir='ltr'><strong>proposita</strong></span> <span class='ocrx_word' id='word_1_188' title='bbox 3377 1692 3492 1748; x_wconf 82' lang='lat' dir='ltr'><strong>est,</strong></span> 
     </span>
    </p>
   </div>
   <div class='ocr_carea' id='block_1_31' title="bbox 1927 1761 3494 1834">
    <p class='ocr_par' dir='ltr' id='par_1_31' title="bbox 1927 1761 3494 1834">
     <span class='ocr_line' id='line_1_31' title="bbox 1927 1761 3494 1834; baseline 0.011 -25"><span class='ocrx_word' id='word_1_189' title='bbox 1927 1762 2016 1826; x_wconf 82' lang='lat' dir='ltr'><strong>qui</strong></span> <span class='ocrx_word' id='word_1_190' title='bbox 2050 1773 2144 1828; x_wconf 93' lang='lat' dir='ltr'><strong>pro</strong></span> <span class='ocrx_word' id='word_1_191' title='bbox 2171 1761 2461 1816; x_wconf 86' lang='lat' dir='ltr'><strong>sceleribus</strong></span> <span class='ocrx_word' id='word_1_192' title='bbox 2489 1764 2685 1818; x_wconf 89' lang='lat' dir='ltr'><strong>nostris</strong></span> <span class='ocrx_word' id='word_1_193' title='bbox 2727 1767 3037 1834; x_wconf 89' lang='lat' dir='ltr'><strong>sanguinem</strong></span> <span class='ocrx_word' id='word_1_194' title='bbox 3086 1783 3239 1823; x_wconf 86' lang='lat' dir='ltr'><strong>suum</strong></span> <span class='ocrx_word' id='word_1_195' title='bbox 3288 1771 3494 1827; x_wconf 70' lang='lat' dir='ltr'><strong>elfudit.</strong></span> 
     </span>
    </p>
   </div>
   <div class='ocr_carea' id='block_1_32' title="bbox 1932 1849 3492 1927">
    <p class='ocr_par' dir='ltr' id='par_1_32' title="bbox 1932 1849 3492 1927">
     <span class='ocr_line' id='line_1_32' title="bbox 1932 1849 3492 1927; baseline 0.009 -23"><span class='ocrx_word' id='word_1_196' title='bbox 1932 1849 2098 1904; x_wconf 86' lang='lat' dir='ltr'><strong>Porro</strong></span> <span class='ocrx_word' id='word_1_197' title='bbox 2119 1866 2239 1905; x_wconf 90' lang='lat' dir='ltr'><strong>cum</strong></span> <span class='ocrx_word' id='word_1_198' title='bbox 2267 1867 2331 1906; x_wconf 79' lang='lat' dir='ltr'><strong>ex</strong></span> <span class='ocrx_word' id='word_1_199' title='bbox 2363 1855 2540 1908; x_wconf 87' lang='lat' dir='ltr'><strong>multis</strong></span> <span class='ocrx_word' id='word_1_200' title='bbox 2570 1855 2857 1924; x_wconf 62' lang='lat' dir='ltr'><strong>Scriptura</strong></span> <span class='ocrx_word' id='word_1_201' title='bbox 2881 1859 3008 1912; x_wconf 91' lang='lat' dir='ltr'><strong>locis</strong></span> <span class='ocrx_word' id='word_1_202' title='bbox 3033 1862 3356 1927; x_wconf 57' lang='lat' dir='ltr'><strong>paenitentiae</strong></span> <span class='ocrx_word' id='word_1_203' title='bbox 3383 1863 3492 1918; x_wconf 91' lang='lat' dir='ltr'><strong>vim</strong></span> 
     </span>
    </p>
   </div>
   <div class='ocr_carea' id='block_1_33' title="bbox 201 1941 1806 2018">
    <p class='ocr_par' dir='ltr' id='par_1_33' title="bbox 201 1941 1806 2018">
     <span class='ocr_line' id='line_1_33' title="bbox 201 1941 1806 2018; baseline 0.003 -24"><span class='ocrx_word' id='word_1_204' title='bbox 201 1941 300 2011; x_wconf 81' lang='grc' dir='ltr'>τῆς</span> <span class='ocrx_word' id='word_1_205' title='bbox 333 1942 672 2012; x_wconf 77' lang='grc' dir='ltr'>μετανοίας,</span> <span class='ocrx_word' id='word_1_206' title='bbox 716 1942 810 1996; x_wconf 78' lang='grc' dir='ltr'><strong>καὶ</strong></span> <span class='ocrx_word' id='word_1_207' title='bbox 839 1942 1076 2014; x_wconf 67' lang='grc' dir='ltr'>μάλιστα</span> <span class='ocrx_word' id='word_1_208' title='bbox 1115 1945 1180 1998; x_wconf 89' lang='grc' dir='ltr'><strong>ἐκ</strong></span> <span class='ocrx_word' id='word_1_209' title='bbox 1214 1945 1325 1998; x_wconf 84' lang='grc' dir='ltr'><strong>τῶν</strong></span> <span class='ocrx_word' id='word_1_210' title='bbox 1369 1946 1806 2018; x_wconf 79' lang='grc' dir='ltr'>προσταγμάτων</span> 
     </span>
    </p>
   </div>
   <div class='ocr_carea' id='block_1_34' title="bbox 1923 1941 3491 2018">
    <p class='ocr_par' dir='ltr' id='par_1_34' title="bbox 1931 1941 3491 2013">
     <span class='ocr_line' id='line_1_34' title="bbox 1931 1941 3491 2013; baseline 0.011 -20"><span class='ocrx_word' id='word_1_211' title='bbox 1931 1941 2298 2008; x_wconf 83' lang='lat' dir='ltr'><strong>addiscamus,</strong></span> <span class='ocrx_word' id='word_1_212' title='bbox 2330 1953 2437 1997; x_wconf 90' lang='lat' dir='ltr'><strong>tum</strong></span> <span class='ocrx_word' id='word_1_213' title='bbox 2468 1946 2796 2013; x_wconf 83' lang='lat' dir='ltr'><strong>putissimum</strong></span> <span class='ocrx_word' id='word_1_214' title='bbox 2826 1963 2892 2002; x_wconf 79' lang='lat' dir='ltr'><strong>ex</strong></span> <span class='ocrx_word' id='word_1_215' title='bbox 2935 1948 3138 2005; x_wconf 83' lang='lat' dir='ltr'><strong>Domini</strong></span> <span class='ocrx_word' id='word_1_216' title='bbox 3169 1956 3334 2008; x_wconf 84' lang='lat' dir='ltr'><strong>nostri</strong></span> <span class='ocrx_word' id='word_1_217' title='bbox 3364 1955 3491 2011; x_wconf 83' lang='lat' dir='ltr'><strong>Jesu</strong></span> 
     </span>
    </p>
   </div>
   <div class='ocr_carea' id='block_1_35' title="bbox 201 2030 1807 2109">
    <p class='ocr_par' dir='ltr' id='par_1_35' title="bbox 201 2030 1807 2109">
     <span class='ocr_line' id='line_1_35' title="bbox 201 2030 1807 2109; baseline 0.003 -23"><span class='ocrx_word' id='word_1_218' title='bbox 201 2032 296 2086; x_wconf 78' lang='grc' dir='ltr'><strong>καὶ</strong></span> <span class='ocrx_word' id='word_1_219' title='bbox 345 2030 691 2104; x_wconf 77' lang='grc' dir='ltr'>παρασολῶν</span> <span class='ocrx_word' id='word_1_220' title='bbox 723 2033 817 2086; x_wconf 85' lang='grc' dir='ltr'>τοῦ</span> <span class='ocrx_word' id='word_1_221' title='bbox 867 2035 1074 2105; x_wconf 81' lang='grc' dir='ltr'>Κυρίου</span> <span class='ocrx_word' id='word_1_222' title='bbox 1103 2035 1265 2106; x_wconf 81' lang='grc' dir='ltr'>ἡμῶν</span> <span class='ocrx_word' id='word_1_223' title='bbox 1320 2036 1494 2108; x_wconf 84' lang='grc' dir='ltr'><strong>Ἰησοῦ</strong></span> <span class='ocrx_word' id='word_1_224' title='bbox 1545 2037 1807 2109; x_wconf 77' lang='grc' dir='ltr'>Χριστοῦ.</span> 
     </span>
    </p>
   </div>
   <div class='ocr_carea' id='block_1_36' title="bbox 217 2121 1812 2199">
    <p class='ocr_par' dir='ltr' id='par_1_36' title="bbox 217 2121 1812 2199">
     <span class='ocr_line' id='line_1_36' title="bbox 217 2121 1812 2199; baseline 0.004 -22"><span class='ocrx_word' id='word_1_225' title='bbox 217 2121 352 2177; x_wconf 58' lang='lat' dir='ltr'><strong>una</strong></span> <span class='ocrx_word' id='word_1_226' title='bbox 380 2125 517 2178; x_wconf 88' lang='grc' dir='ltr'>τότε</span> <span class='ocrx_word' id='word_1_227' title='bbox 551 2123 690 2196; x_wconf 85' lang='grc' dir='ltr'>γὰρ,</span> <span class='ocrx_word' id='word_1_228' title='bbox 725 2127 892 2196; x_wconf 67' lang='grc' dir='ltr'>φησιν</span> <span class='ocrx_word' id='word_1_229' title='bbox 935 2125 1038 2198; x_wconf 84' lang='lat'><strong>(9).</strong></span> <span class='ocrx_word' id='word_1_230' title='bbox 1071 2127 1278 2198; x_wconf 75' lang='grc' dir='ltr'>ἧρξατο</span> <span class='ocrx_word' id='word_1_231' title='bbox 1318 2131 1346 2182; x_wconf 86' lang='grc' dir='ltr'>ὁ</span> <span class='ocrx_word' id='word_1_232' title='bbox 1399 2129 1615 2199; x_wconf 81' lang='grc' dir='ltr'>Ἰησοῦς</span> <span class='ocrx_word' id='word_1_233' title='bbox 1667 2129 1812 2184; x_wconf 81' lang='grc' dir='ltr'>διδά-</span> 
     </span>
    </p>
   </div>
   <div class='ocr_carea' id='block_1_37' title="bbox 206 2215 1813 2294">
    <p class='ocr_par' dir='ltr' id='par_1_37' title="bbox 206 2215 1813 2294">
     <span class='ocr_line' id='line_1_37' title="bbox 206 2215 1813 2294; baseline 0.004 -25"><span class='ocrx_word' id='word_1_234' title='bbox 206 2231 359 2269; x_wconf 87' lang='grc' dir='ltr'>σκειν</span> <span class='ocrx_word' id='word_1_235' title='bbox 414 2216 516 2270; x_wconf 77' lang='grc' dir='ltr'><strong>καὶ</strong></span> <span class='ocrx_word' id='word_1_236' title='bbox 549 2215 726 2284; x_wconf 89' lang='grc' dir='ltr'>λέγειν</span> <span class='ocrx_word' id='word_1_237' title='bbox 746 2233 760 2247; x_wconf 87' lang='grc'><strong>·</strong></span> <span class='ocrx_word' id='word_1_238' title='bbox 809 2218 1138 2272; x_wconf 81' lang='grc' dir='ltr'>Μετανοεῖτε</span> <span class='ocrx_word' id='word_1_239' title='bbox 1164 2235 1177 2249; x_wconf 79' lang='lat'>&#39;</span> <span class='ocrx_word' id='word_1_240' title='bbox 1215 2220 1415 2292; x_wconf 78' lang='grc' dir='ltr'>ἦγγικε</span> <span class='ocrx_word' id='word_1_241' title='bbox 1447 2222 1556 2293; x_wconf 85' lang='grc' dir='ltr'>γὰρ</span> <span class='ocrx_word' id='word_1_242' title='bbox 1583 2223 1616 2294; x_wconf 82' lang='grc' dir='ltr'><strong>ή</strong></span> <span class='ocrx_word' id='word_1_243' title='bbox 1657 2221 1813 2293; x_wconf 84' lang='grc' dir='ltr'>βασι-</span> 
     </span>
    </p>
   </div>
   <div class='ocr_carea' id='block_1_38' title="bbox 206 2305 1810 2384">
    <p class='ocr_par' dir='ltr' id='par_1_38' title="bbox 206 2305 1810 2384">
     <span class='ocr_line' id='line_1_38' title="bbox 206 2305 1810 2384; baseline 0.004 -24"><span class='ocrx_word' id='word_1_244' title='bbox 206 2305 325 2360; x_wconf 84' lang='grc' dir='ltr'>λεία</span> <span class='ocrx_word' id='word_1_245' title='bbox 356 2305 482 2361; x_wconf 84' lang='grc' dir='ltr'>τῶν</span> <span class='ocrx_word' id='word_1_246' title='bbox 507 2306 774 2378; x_wconf 82' lang='grc' dir='ltr'>οὐρανῶν.</span> <span class='ocrx_word' id='word_1_247' title='bbox 817 2308 979 2362; x_wconf 86' lang='grc' dir='ltr'>Ἀλλά</span> <span class='ocrx_word' id='word_1_248' title='bbox 1008 2310 1104 2364; x_wconf 82' lang='grc' dir='ltr'>καὶ</span> <span class='ocrx_word' id='word_1_249' title='bbox 1135 2312 1194 2364; x_wconf 87' lang='grc' dir='ltr'><strong>ἐν</strong></span> <span class='ocrx_word' id='word_1_250' title='bbox 1218 2311 1506 2384; x_wconf 79' lang='grc' dir='ltr'>παραϐολῇ</span> <span class='ocrx_word' id='word_1_251' title='bbox 1538 2314 1655 2368; x_wconf 86' lang='grc' dir='ltr'>υἱόν</span> <span class='ocrx_word' id='word_1_252' title='bbox 1687 2332 1810 2370; x_wconf 88' lang='grc' dir='ltr'>τινα</span> 
     </span>
    </p>
   </div>
   <div class='ocr_carea' id='block_1_39' title="bbox 218 2399 1810 2475">
    <p class='ocr_par' dir='ltr' id='par_1_39' title="bbox 218 2399 1810 2475">
     <span class='ocr_line' id='line_1_39' title="bbox 218 2399 1810 2475; baseline 0.006 -24"><span class='ocrx_word' id='word_1_253' title='bbox 218 2399 541 2467; x_wconf 72' lang='grc' dir='ltr'>εἰσηγεῖται</span> <span class='ocrx_word' id='word_1_254' title='bbox 574 2399 714 2470; x_wconf 80' lang='grc'><strong>(10),</strong></span> <span class='ocrx_word' id='word_1_255' title='bbox 747 2399 984 2456; x_wconf 77' lang='grc' dir='ltr'>λαὸόντα</span> <span class='ocrx_word' id='word_1_256' title='bbox 1001 2401 1101 2471; x_wconf 83' lang='grc' dir='ltr'>τὴν</span> <span class='ocrx_word' id='word_1_257' title='bbox 1129 2402 1226 2456; x_wconf 83' lang='grc' dir='ltr'>τοῦ</span> <span class='ocrx_word' id='word_1_258' title='bbox 1263 2405 1474 2475; x_wconf 86' lang='grc' dir='ltr'>πατρὸς</span> <span class='ocrx_word' id='word_1_259' title='bbox 1499 2405 1688 2461; x_wconf 87' lang='grc' dir='ltr'>οὐσίαν</span> <span class='ocrx_word' id='word_1_260' title='bbox 1713 2410 1810 2462; x_wconf 74' lang='grc' dir='ltr'><strong>καὶ</strong></span> 
     </span>
    </p>
   </div>
   <div class='ocr_carea' id='block_1_40' title="bbox 217 2489 1809 2570">
    <p class='ocr_par' dir='ltr' id='par_1_40' title="bbox 217 2489 1809 2570">
     <span class='ocr_line' id='line_1_40' title="bbox 217 2489 1809 2570; baseline 0.006 -29"><span class='ocrx_word' id='word_1_261' title='bbox 217 2491 287 2553; x_wconf 76' lang='grc' dir='ltr'><strong>εἰς</strong></span> <span class='ocrx_word' id='word_1_262' title='bbox 312 2489 516 2560; x_wconf 82' lang='grc' dir='ltr'>χώραν</span> <span class='ocrx_word' id='word_1_263' title='bbox 547 2491 983 2564; x_wconf 79' lang='grc' dir='ltr'>ἀποδημήσαντα</span> <span class='ocrx_word' id='word_1_264' title='bbox 1017 2493 1236 2566; x_wconf 83' lang='grc' dir='ltr'>μακρὰν</span> <span class='ocrx_word' id='word_1_265' title='bbox 1258 2534 1275 2558; x_wconf 86' lang='grc'><strong>,</strong></span> <span class='ocrx_word' id='word_1_266' title='bbox 1309 2497 1476 2550; x_wconf 86' lang='grc' dir='ltr'>κάκεῖ</span> <span class='ocrx_word' id='word_1_267' title='bbox 1511 2498 1570 2550; x_wconf 86' lang='grc' dir='ltr'><strong>ἐν</strong></span> <span class='ocrx_word' id='word_1_268' title='bbox 1595 2498 1809 2570; x_wconf 80' lang='grc' dir='ltr'>ἀσωτίᾳ</span> 
     </span>
    </p>
   </div>
   <div class='ocr_carea' id='block_1_41' title="bbox 216 2579 1808 2658">
    <p class='ocr_par' dir='ltr' id='par_1_41' title="bbox 216 2579 1808 2658">
     <span class='ocr_line' id='line_1_41' title="bbox 216 2579 1808 2658; baseline 0.006 -26"><span class='ocrx_word' id='word_1_269' title='bbox 216 2579 388 2633; x_wconf 82' lang='grc' dir='ltr'>πάντα</span> <span class='ocrx_word' id='word_1_270' title='bbox 434 2579 900 2636; x_wconf 86' lang='grc' dir='ltr'>καταναλώσαντα</span> <span class='ocrx_word' id='word_1_271' title='bbox 947 2581 1061 2654; x_wconf 78' lang='lat' dir='ltr'><strong>(ll)</strong></span> <span class='ocrx_word' id='word_1_272' title='bbox 1087 2624 1104 2651; x_wconf 90' lang='lat'><strong>,</strong></span> <span class='ocrx_word' id='word_1_273' title='bbox 1138 2580 1258 2638; x_wconf 71' lang='grc' dir='ltr'>εἶτα</span> <span class='ocrx_word' id='word_1_274' title='bbox 1284 2625 1300 2649; x_wconf 98' lang='grc'><strong>,</strong></span> <span class='ocrx_word' id='word_1_275' title='bbox 1341 2584 1502 2656; x_wconf 82' lang='grc' dir='ltr'>λιμοῦ</span> <span class='ocrx_word' id='word_1_276' title='bbox 1535 2587 1677 2640; x_wconf 87' lang='grc' dir='ltr'><strong>κατά</strong></span> <span class='ocrx_word' id='word_1_277' title='bbox 1708 2589 1808 2658; x_wconf 79' lang='grc' dir='ltr'>τὴν</span> 
     </span>
    </p>
   </div>
   <div class='ocr_carea' id='block_1_42' title="bbox 213 2667 1809 2748">
    <p class='ocr_par' dir='ltr' id='par_1_42' title="bbox 213 2667 1809 2748">
     <span class='ocr_line' id='line_1_42' title="bbox 213 2667 1809 2748; baseline 0.008 -26"><span class='ocrx_word' id='word_1_278' title='bbox 213 2667 396 2742; x_wconf 81' lang='grc' dir='ltr'>χώραν</span> <span class='ocrx_word' id='word_1_279' title='bbox 420 2670 642 2742; x_wconf 80' lang='grc' dir='ltr'>ἐκείνην</span> <span class='ocrx_word' id='word_1_280' title='bbox 663 2673 982 2744; x_wconf 78' lang='grc' dir='ltr'>γενομένου,</span> <span class='ocrx_word' id='word_1_281' title='bbox 1011 2673 1320 2729; x_wconf 85' lang='grc' dir='ltr'>ἀπελθόντα</span> <span class='ocrx_word' id='word_1_282' title='bbox 1349 2677 1443 2730; x_wconf 66' lang='grc' dir='ltr'><strong>καὶ¹</strong></span> <span class='ocrx_word' id='word_1_283' title='bbox 1475 2677 1809 2748; x_wconf 85' lang='grc' dir='ltr'>κολληθέντα</span> 
     </span>
    </p>
   </div>
   <div class='ocr_carea' id='block_1_43' title="bbox 213 2762 1808 2842">
    <p class='ocr_par' dir='ltr' id='par_1_43' title="bbox 213 2762 1808 2842">
     <span class='ocr_line' id='line_1_43' title="bbox 213 2762 1808 2842; baseline 0.007 -28"><span class='ocrx_word' id='word_1_284' title='bbox 213 2762 292 2815; x_wconf 77' lang='grc' dir='ltr'>ἐνὶ</span> <span class='ocrx_word' id='word_1_285' title='bbox 315 2762 440 2816; x_wconf 85' lang='grc' dir='ltr'><strong>τῶν</strong></span> <span class='ocrx_word' id='word_1_286' title='bbox 465 2765 724 2836; x_wconf 83' lang='grc' dir='ltr'>πονηρῶν</span> <span class='ocrx_word' id='word_1_287' title='bbox 745 2765 982 2820; x_wconf 84' lang='grc' dir='ltr'>πολιτῶν</span> <span class='ocrx_word' id='word_1_288' title='bbox 1009 2767 1108 2837; x_wconf 83' lang='grc' dir='ltr'>τῆς</span> <span class='ocrx_word' id='word_1_289' title='bbox 1136 2766 1596 2840; x_wconf 84' lang='grc' dir='ltr'>πολυαμαρτήτου</span> <span class='ocrx_word' id='word_1_290' title='bbox 1624 2769 1808 2842; x_wconf 84' lang='grc' dir='ltr'>χώρας</span> 
     </span>
    </p>
   </div>
   <div class='ocr_carea' id='block_1_44' title="bbox 211 2851 1799 2927">
    <p class='ocr_par' dir='ltr' id='par_1_44' title="bbox 211 2851 1799 2927">
     <span class='ocr_line' id='line_1_44' title="bbox 211 2851 1799 2927; baseline 0.003 -21"><span class='ocrx_word' id='word_1_291' title='bbox 211 2851 477 2924; x_wconf 82' lang='grc' dir='ltr'>ἐκείνης’</span> <span class='ocrx_word' id='word_1_292' title='bbox 535 2853 594 2918; x_wconf 83' lang='grc' dir='ltr'>ὃς</span> <span class='ocrx_word' id='word_1_293' title='bbox 637 2853 734 2909; x_wconf 81' lang='grc' dir='ltr'>καὶ</span> <span class='ocrx_word' id='word_1_294' title='bbox 777 2853 1026 2927; x_wconf 73' lang='grc' dir='ltr'>ἔπεμψεν</span> <span class='ocrx_word' id='word_1_295' title='bbox 1061 2856 1247 2922; x_wconf 86' lang='grc' dir='ltr'>αὐτὸν,</span> <span class='ocrx_word' id='word_1_296' title='bbox 1297 2856 1487 2926; x_wconf 81' lang='grc' dir='ltr'>φησὶν,</span> <span class='ocrx_word' id='word_1_297' title='bbox 1535 2857 1618 2920; x_wconf 83' lang='grc' dir='ltr'><strong>είς</strong></span> <span class='ocrx_word' id='word_1_298' title='bbox 1671 2861 1799 2923; x_wconf 85' lang='grc' dir='ltr'>τοὺς</span> 
     </span>
    </p>
   </div>
   <div class='ocr_carea' id='block_1_45' title="bbox 213 2945 1807 3021">
    <p class='ocr_par' dir='ltr' id='par_1_45' title="bbox 213 2945 1807 3021">
     <span class='ocr_line' id='line_1_45' title="bbox 213 2945 1807 3021; baseline 0.003 -22"><span class='ocrx_word' id='word_1_299' title='bbox 213 2945 421 3016; x_wconf 84' lang='grc' dir='ltr'>ἀγροὺς</span> <span class='ocrx_word' id='word_1_300' title='bbox 463 2945 630 2999; x_wconf 82' lang='grc' dir='ltr'>αὐτοῦ</span> <span class='ocrx_word' id='word_1_301' title='bbox 664 2946 881 3016; x_wconf 86' lang='grc' dir='ltr'>βόσκειν</span> <span class='ocrx_word' id='word_1_302' title='bbox 915 2947 1168 3019; x_wconf 82' lang='grc' dir='ltr'>χοίρους·</span> <span class='ocrx_word' id='word_1_303' title='bbox 1205 2947 1306 3018; x_wconf 86' lang='grc' dir='ltr'><strong>τὴν</strong></span> <span class='ocrx_word' id='word_1_304' title='bbox 1332 2949 1677 3021; x_wconf 85' lang='grc' dir='ltr'>τραχυτάτην</span> <span class='ocrx_word' id='word_1_305' title='bbox 1712 2953 1807 3004; x_wconf 81' lang='grc' dir='ltr'><strong>καὶ</strong></span> 
     </span>
    </p>
   </div>
   <div class='ocr_carea' id='block_1_46' title="bbox 213 3036 1808 3114">
    <p class='ocr_par' dir='ltr' id='par_1_46' title="bbox 213 3036 1808 3114">
     <span class='ocr_line' id='line_1_46' title="bbox 213 3036 1808 3114; baseline -0.003 -23"><span class='ocrx_word' id='word_1_306' title='bbox 213 3036 486 3108; x_wconf 81' lang='grc' dir='ltr'>βδελυρὰν</span> <span class='ocrx_word' id='word_1_307' title='bbox 526 3038 806 3109; x_wconf 82' lang='grc' dir='ltr'>ἁμαρτίαν</span> <span class='ocrx_word' id='word_1_308' title='bbox 831 3037 976 3092; x_wconf 78' lang='grc' dir='ltr'>οὕτω</span> <span class='ocrx_word' id='word_1_309' title='bbox 1009 3039 1266 3104; x_wconf 85' lang='grc' dir='ltr'>καλέσας.</span> <span class='ocrx_word' id='word_1_310' title='bbox 1298 3041 1478 3095; x_wconf 89' lang='grc' dir='ltr'>Πολλά</span> <span class='ocrx_word' id='word_1_311' title='bbox 1504 3038 1598 3096; x_wconf 79' lang='grc' dir='ltr'><strong>οὖν</strong></span> <span class='ocrx_word' id='word_1_312' title='bbox 1634 3047 1808 3114; x_wconf 73' lang='grc' dir='ltr'>μογή-</span> 
     </span>
    </p>
   </div>
   <div class='ocr_carea' id='block_1_47' title="bbox 217 3129 1808 3206">
    <p class='ocr_par' dir='ltr' id='par_1_47' title="bbox 217 3129 1808 3206">
     <span class='ocr_line' id='line_1_47' title="bbox 217 3129 1808 3206; baseline 0.006 -26"><span class='ocrx_word' id='word_1_313' title='bbox 217 3145 347 3192; x_wconf 83' lang='grc' dir='ltr'>σας,</span> <span class='ocrx_word' id='word_1_314' title='bbox 385 3130 491 3183; x_wconf 75' lang='grc' dir='ltr'><strong>καὶ</strong></span> <span class='ocrx_word' id='word_1_315' title='bbox 522 3131 602 3194; x_wconf 86' lang='grc' dir='ltr'><strong>είς</strong></span> <span class='ocrx_word' id='word_1_316' title='bbox 653 3130 894 3201; x_wconf 76' lang='grc' dir='ltr'>ἐσχάτην</span> <span class='ocrx_word' id='word_1_317' title='bbox 943 3129 1226 3201; x_wconf 84' lang='grc' dir='ltr'>ἐληλακὼς</span> <span class='ocrx_word' id='word_1_318' title='bbox 1276 3131 1678 3206; x_wconf 87' lang='grc' dir='ltr'>ταλαιπωρίαν,</span> <span class='ocrx_word' id='word_1_319' title='bbox 1731 3135 1808 3199; x_wconf 86' lang='grc' dir='ltr'>ὡς</span> 
     </span>
    </p>
   </div>
   <div class='ocr_carea' id='block_1_48' title="bbox 217 3222 1805 3301">
    <p class='ocr_par' dir='ltr' id='par_1_48' title="bbox 217 3222 1805 3301">
     <span class='ocr_line' id='line_1_48' title="bbox 217 3222 1805 3301; baseline 0.003 -24"><span class='ocrx_word' id='word_1_320' title='bbox 217 3222 353 3294; x_wconf 77' lang='grc' dir='ltr'>μηδὲ</span> <span class='ocrx_word' id='word_1_321' title='bbox 395 3222 505 3295; x_wconf 83' lang='grc' dir='ltr'>τῆς</span> <span class='ocrx_word' id='word_1_322' title='bbox 541 3222 859 3295; x_wconf 84' lang='grc' dir='ltr'>βρομώδους</span> <span class='ocrx_word' id='word_1_323' title='bbox 907 3225 1017 3278; x_wconf 81' lang='grc' dir='ltr'>τῶν</span> <span class='ocrx_word' id='word_1_324' title='bbox 1067 3225 1266 3296; x_wconf 86' lang='grc' dir='ltr'>χοίρων</span> <span class='ocrx_word' id='word_1_325' title='bbox 1299 3229 1508 3298; x_wconf 83' lang='grc' dir='ltr'>τροφῆς</span> <span class='ocrx_word' id='word_1_326' title='bbox 1537 3229 1636 3301; x_wconf 79' lang='grc' dir='ltr'>τὴν</span> <span class='ocrx_word' id='word_1_327' title='bbox 1669 3229 1805 3284; x_wconf 84' lang='grc' dir='ltr'>ίδίαν</span> 
     </span>
    </p>
   </div>
   <div class='ocr_carea' id='block_1_49' title="bbox 223 3295 1874 3390">
    <p class='ocr_par' dir='ltr' id='par_1_49' title="bbox 223 3295 1874 3390">
     <span class='ocr_line' id='line_1_49' title="bbox 223 3295 1874 3390; baseline 0.005 -23"><span class='ocrx_word' id='word_1_328' title='bbox 223 3313 432 3385; x_wconf 68' lang='grc' dir='ltr'>ἰσχύειν</span> <span class='ocrx_word' id='word_1_329' title='bbox 485 3314 778 3386; x_wconf 83' lang='grc' dir='ltr'>ἐμπλῆσαι</span> <span class='ocrx_word' id='word_1_330' title='bbox 829 3295 1116 3388; x_wconf 86' lang='grc' dir='ltr'>γαστέρα,</span> <span class='ocrx_word' id='word_1_331' title='bbox 1164 3319 1247 3382; x_wconf 87' lang='grc' dir='ltr'><strong>είς</strong></span> <span class='ocrx_word' id='word_1_332' title='bbox 1293 3295 1648 3390; x_wconf 65' lang='grc' dir='ltr'>συναίσθησιν</span> <span class='ocrx_word' id='word_1_333' title='bbox 1707 3295 1874 3390; x_wconf 63' lang='grc' dir='ltr'><strong>όψὲϐ</strong></span> 
     </span>
    </p>
   </div>
   <div class='ocr_carea' id='block_1_50' title="bbox 221 3407 1806 3484">
    <p class='ocr_par' dir='ltr' id='par_1_50' title="bbox 221 3407 1806 3484">
     <span class='ocr_line' id='line_1_50' title="bbox 221 3407 1806 3484; baseline 0.004 -25"><span class='ocrx_word' id='word_1_334' title='bbox 221 3424 352 3460; x_wconf 88' lang='grc' dir='ltr'>ποτε</span> <span class='ocrx_word' id='word_1_335' title='bbox 373 3407 489 3480; x_wconf 69' lang='grc'><strong>(12)</strong></span> <span class='ocrx_word' id='word_1_336' title='bbox 517 3407 689 3462; x_wconf 85' lang='grc' dir='ltr'>ἐλθὼν</span> <span class='ocrx_word' id='word_1_337' title='bbox 717 3410 818 3480; x_wconf 80' lang='grc' dir='ltr'><strong>τῆς</strong></span> <span class='ocrx_word' id='word_1_338' title='bbox 851 3407 1113 3480; x_wconf 84' lang='grc' dir='ltr'>τοιαύτης</span> <span class='ocrx_word' id='word_1_339' title='bbox 1139 3409 1426 3481; x_wconf 78' lang='grc' dir='ltr'>αἰσχύνης,</span> <span class='ocrx_word' id='word_1_340' title='bbox 1455 3411 1566 3482; x_wconf 78' lang='lat'><strong>96</strong></span> <span class='ocrx_word' id='word_1_341' title='bbox 1591 3413 1806 3484; x_wconf 84' lang='grc' dir='ltr'>θρηνῶν</span> 
     </span>
    </p>
   </div>
   <div class='ocr_carea' id='block_1_51' title="bbox 222 3500 1805 3576">
    <p class='ocr_par' dir='ltr' id='par_1_51' title="bbox 222 3500 1805 3576">
     <span class='ocr_line' id='line_1_51' title="bbox 222 3500 1805 3576; baseline 0.004 -24"><span class='ocrx_word' id='word_1_342' title='bbox 222 3500 411 3555; x_wconf 78' lang='grc' dir='ltr'>ἑαυτὸν</span> <span class='ocrx_word' id='word_1_343' title='bbox 440 3500 592 3570; x_wconf 73' lang='grc' dir='ltr'>ἔλεγε</span> <span class='ocrx_word' id='word_1_344' title='bbox 611 3516 625 3530; x_wconf 84' lang='lat'><strong><em>°</em></strong></span> <span class='ocrx_word' id='word_1_345' title='bbox 658 3500 824 3554; x_wconf 86' lang='grc' dir='ltr'>Πόσοι</span> <span class='ocrx_word' id='word_1_346' title='bbox 869 3501 1076 3572; x_wconf 84' lang='grc' dir='ltr'>μίσθιοι</span> <span class='ocrx_word' id='word_1_347' title='bbox 1103 3501 1199 3555; x_wconf 78' lang='grc' dir='ltr'>τοῦ</span> <span class='ocrx_word' id='word_1_348' title='bbox 1229 3503 1438 3574; x_wconf 88' lang='grc' dir='ltr'>πατρός</span> <span class='ocrx_word' id='word_1_349' title='bbox 1469 3520 1571 3576; x_wconf 85' lang='grc' dir='ltr'><strong>μου</strong></span> <span class='ocrx_word' id='word_1_350' title='bbox 1606 3521 1805 3576; x_wconf 84' lang='grc' dir='ltr'>περισ-</span> 
     </span>
    </p>
   </div>
   <div class='ocr_carea' id='block_1_52' title="bbox 221 3590 1807 3666">
    <p class='ocr_par' dir='ltr' id='par_1_52' title="bbox 221 3590 1807 3666">
     <span class='ocr_line' id='line_1_52' title="bbox 221 3590 1807 3666; baseline 0.005 -23"><span class='ocrx_word' id='word_1_351' title='bbox 221 3590 470 3647; x_wconf 87' lang='grc' dir='ltr'>σεύονται</span> <span class='ocrx_word' id='word_1_352' title='bbox 496 3592 714 3665; x_wconf 78' lang='grc' dir='ltr'>ἀρτωνί</span> <span class='ocrx_word' id='word_1_353' title='bbox 741 3593 854 3663; x_wconf 84' lang='grc' dir='ltr'><strong>ἐγὼ</strong></span> <span class='ocrx_word' id='word_1_354' title='bbox 884 3593 942 3646; x_wconf 90' lang='grc' dir='ltr'><strong>δέ</strong></span> <span class='ocrx_word' id='word_1_355' title='bbox 967 3593 1115 3665; x_wconf 83' lang='grc' dir='ltr'>λιμῷ</span> <span class='ocrx_word' id='word_1_356' title='bbox 1147 3595 1483 3666; x_wconf 88' lang='grc' dir='ltr'>ἀπόλλυμαι.</span> <span class='ocrx_word' id='word_1_357' title='bbox 1539 3597 1807 3658; x_wconf 85' lang='grc' dir='ltr'>Ἀναστὰς</span> 
     </span>
    </p>
   </div>
   <div class='ocr_carea' id='block_1_53' title="bbox 220 3685 1800 3762">
    <p class='ocr_par' dir='ltr' id='par_1_53' title="bbox 220 3685 1800 3762">
     <span class='ocr_line' id='line_1_53' title="bbox 220 3685 1800 3762; baseline 0.004 -25"><span class='ocrx_word' id='word_1_358' title='bbox 220 3685 562 3757; x_wconf 82' lang='grc' dir='ltr'>πορεύσομαι</span> <span class='ocrx_word' id='word_1_359' title='bbox 601 3685 740 3758; x_wconf 83' lang='grc' dir='ltr'>πρὸς</span> <span class='ocrx_word' id='word_1_360' title='bbox 767 3686 859 3740; x_wconf 83' lang='grc' dir='ltr'><strong>τὸν</strong></span> <span class='ocrx_word' id='word_1_361' title='bbox 905 3687 1120 3758; x_wconf 88' lang='grc' dir='ltr'>πατέρα</span> <span class='ocrx_word' id='word_1_362' title='bbox 1153 3705 1288 3759; x_wconf 91' lang='grc' dir='ltr'>μου,</span> <span class='ocrx_word' id='word_1_363' title='bbox 1334 3690 1431 3742; x_wconf 76' lang='grc' dir='ltr'><strong>καὶ</strong></span> <span class='ocrx_word' id='word_1_364' title='bbox 1469 3690 1580 3760; x_wconf 87' lang='grc' dir='ltr'><strong>ἐρῶ</strong></span> <span class='ocrx_word' id='word_1_365' title='bbox 1613 3689 1764 3762; x_wconf 81' lang='grc' dir='ltr'>αὐτῷ</span> <span class='ocrx_word' id='word_1_366' title='bbox 1785 3706 1800 3721; x_wconf 77' lang='grc' dir='ltr'><strong>ο</strong></span> 
     </span>
    </p>
   </div>
   <div class='ocr_carea' id='block_1_54' title="bbox 219 3777 1803 3850">
    <p class='ocr_par' dir='ltr' id='par_1_54' title="bbox 219 3777 1803 3850">
     <span class='ocr_line' id='line_1_54' title="bbox 219 3777 1803 3850; baseline 0.001 -16"><span class='ocrx_word' id='word_1_367' title='bbox 219 3777 417 3850; x_wconf 77' lang='grc' dir='ltr'>πάτερ,</span> <span class='ocrx_word' id='word_1_368' title='bbox 455 3777 704 3850; x_wconf 75' lang='grc' dir='ltr'>ἥμαρτον</span> <span class='ocrx_word' id='word_1_369' title='bbox 751 3780 831 3844; x_wconf 75' lang='grc' dir='ltr'><strong>εἰς</strong></span> <span class='ocrx_word' id='word_1_370' title='bbox 859 3779 953 3832; x_wconf 83' lang='grc' dir='ltr'><strong>τὸν</strong></span> <span class='ocrx_word' id='word_1_371' title='bbox 979 3779 1211 3844; x_wconf 79' lang='grc' dir='ltr'>οὐρανὸν</span> <span class='ocrx_word' id='word_1_372' title='bbox 1253 3780 1348 3834; x_wconf 75' lang='grc' dir='ltr'>καὶ</span> <span class='ocrx_word' id='word_1_373' title='bbox 1395 3778 1629 3836; x_wconf 86' lang='grc' dir='ltr'>ἐνώπιόν</span> <span class='ocrx_word' id='word_1_374' title='bbox 1668 3799 1763 3835; x_wconf 84' lang='grc' dir='ltr'><strong>σου</strong></span> <span class='ocrx_word' id='word_1_375' title='bbox 1787 3824 1803 3848; x_wconf 97' lang='grc'><strong>,</strong></span> 
     </span>
    </p>
   </div>
   <div class='ocr_carea' id='block_1_55' title="bbox 221 3868 1805 3944">
    <p class='ocr_par' dir='ltr' id='par_1_55' title="bbox 221 3868 1805 3944">
     <span class='ocr_line' id='line_1_55' title="bbox 221 3868 1805 3944; baseline 0.001 -22"><span class='ocrx_word' id='word_1_376' title='bbox 221 3869 310 3923; x_wconf 77' lang='grc' dir='ltr'>καὶ</span> <span class='ocrx_word' id='word_1_377' title='bbox 323 3870 435 3923; x_wconf 81' lang='grc' dir='ltr'><strong>οὐκ</strong></span> <span class='ocrx_word' id='word_1_378' title='bbox 461 3869 582 3939; x_wconf 73' lang='grc' dir='ltr'>εἰμὶ</span> <span class='ocrx_word' id='word_1_379' title='bbox 598 3869 746 3934; x_wconf 79' lang='grc' dir='ltr'>ἄξιος</span> <span class='ocrx_word' id='word_1_380' title='bbox 775 3868 1041 3940; x_wconf 82' lang='grc' dir='ltr'>κληθῆναι</span> <span class='ocrx_word' id='word_1_381' title='bbox 1063 3871 1180 3935; x_wconf 86' lang='grc' dir='ltr'>υἱός</span> <span class='ocrx_word' id='word_1_382' title='bbox 1207 3888 1300 3925; x_wconf 90' lang='grc' dir='ltr'><strong>σου</strong></span> <span class='ocrx_word' id='word_1_383' title='bbox 1325 3887 1340 3902; x_wconf 75' lang='grc' dir='ltr'><strong>ο</strong></span> <span class='ocrx_word' id='word_1_384' title='bbox 1377 3871 1603 3944; x_wconf 90' lang='grc' dir='ltr'>ποίησόν</span> <span class='ocrx_word' id='word_1_385' title='bbox 1629 3888 1696 3942; x_wconf 88' lang='grc' dir='ltr'><strong>με</strong></span> <span class='ocrx_word' id='word_1_386' title='bbox 1729 3871 1805 3935; x_wconf 85' lang='grc' dir='ltr'>ὡς</span> 
     </span>
    </p>
   </div>
   <div class='ocr_carea' id='block_1_56' title="bbox 219 3959 1806 4035">
    <p class='ocr_par' dir='ltr' id='par_1_56' title="bbox 219 3959 1806 4035">
     <span class='ocr_line' id='line_1_56' title="bbox 219 3959 1806 4035; baseline 0.003 -21"><span class='ocrx_word' id='word_1_387' title='bbox 219 3960 310 4016; x_wconf 73' lang='grc' dir='ltr'>ενα</span> <span class='ocrx_word' id='word_1_388' title='bbox 337 3962 458 4016; x_wconf 82' lang='grc' dir='ltr'>τῶν</span> <span class='ocrx_word' id='word_1_389' title='bbox 490 3961 718 4033; x_wconf 86' lang='grc' dir='ltr'>μισθίων</span> <span class='ocrx_word' id='word_1_390' title='bbox 765 3979 880 4017; x_wconf 92' lang='grc' dir='ltr'>σου.</span> <span class='ocrx_word' id='word_1_391' title='bbox 924 3964 1038 4018; x_wconf 79' lang='grc' dir='ltr'><strong>Καὶ</strong></span> <span class='ocrx_word' id='word_1_392' title='bbox 1086 3963 1332 4027; x_wconf 82' lang='grc' dir='ltr'>ἀναστὰς</span> <span class='ocrx_word' id='word_1_393' title='bbox 1381 3959 1513 4034; x_wconf 75' lang='grc' dir='ltr'>ἦλθε</span> <span class='ocrx_word' id='word_1_394' title='bbox 1547 3963 1684 4035; x_wconf 83' lang='grc' dir='ltr'>πρὸς</span> <span class='ocrx_word' id='word_1_395' title='bbox 1711 3962 1806 4018; x_wconf 81' lang='grc' dir='ltr'>τὸν</span> 
     </span>
    </p>
   </div>
   <div class='ocr_carea' id='block_1_57' title="bbox 222 4051 1804 4126">
    <p class='ocr_par' dir='ltr' id='par_1_57' title="bbox 222 4051 1804 4126">
     <span class='ocr_line' id='line_1_57' title="bbox 222 4051 1804 4126; baseline 0.001 -20"><span class='ocrx_word' id='word_1_396' title='bbox 222 4055 435 4122; x_wconf 79' lang='grc' dir='ltr'>πατέρα</span> <span class='ocrx_word' id='word_1_397' title='bbox 456 4051 647 4108; x_wconf 78' lang='grc' dir='ltr'>αὐτοῦ.</span> <span class='ocrx_word' id='word_1_398' title='bbox 695 4052 756 4107; x_wconf 83' lang='lat'><strong>‘0</strong></span> <span class='ocrx_word' id='word_1_399' title='bbox 793 4053 870 4118; x_wconf 84' lang='grc' dir='ltr'>δὲ,</span> <span class='ocrx_word' id='word_1_400' title='bbox 900 4053 1187 4126; x_wconf 78' lang='grc' dir='ltr'>πόρρωθεν</span> <span class='ocrx_word' id='word_1_401' title='bbox 1223 4053 1345 4107; x_wconf 78' lang='grc' dir='ltr'>ἰδὼν</span> <span class='ocrx_word' id='word_1_402' title='bbox 1375 4055 1561 4121; x_wconf 73' lang='grc' dir='ltr'>αὐτὸν,</span> <span class='ocrx_word' id='word_1_403' title='bbox 1594 4053 1804 4108; x_wconf 86' lang='grc' dir='ltr'>ἐσπλα-</span> 
     </span>
    </p>
   </div>
   <div class='ocr_carea' id='block_1_58' title="bbox 223 4145 1805 4218">
    <p class='ocr_par' dir='ltr' id='par_1_58' title="bbox 223 4145 1805 4218">
     <span class='ocr_line' id='line_1_58' title="bbox 223 4145 1805 4218; baseline 0.001 -19"><span class='ocrx_word' id='word_1_404' title='bbox 223 4146 481 4216; x_wconf 83' lang='grc' dir='ltr'>γχνίσθη,</span> <span class='ocrx_word' id='word_1_405' title='bbox 515 4146 609 4200; x_wconf 72' lang='grc' dir='ltr'><strong>καὶ</strong></span> <span class='ocrx_word' id='word_1_406' title='bbox 641 4145 1013 4218; x_wconf 88' lang='grc' dir='ltr'>προσδραμὼν</span> <span class='ocrx_word' id='word_1_407' title='bbox 1042 4146 1442 4217; x_wconf 86' lang='grc' dir='ltr'>ἐνηγκαλίσατο</span> <span class='ocrx_word' id='word_1_408' title='bbox 1464 4145 1556 4200; x_wconf 79' lang='grc' dir='ltr'><strong>καὶ</strong></span> <span class='ocrx_word' id='word_1_409' title='bbox 1587 4163 1805 4215; x_wconf 86' lang='grc' dir='ltr'>συμπα-</span> 
     </span>
    </p>
   </div>
   <div class='ocr_carea' id='block_1_59' title="bbox 220 4232 1798 4306">
    <p class='ocr_par' dir='ltr' id='par_1_59' title="bbox 220 4232 1798 4306">
     <span class='ocr_line' id='line_1_59' title="bbox 220 4232 1798 4306; baseline 0.002 -20"><span class='ocrx_word' id='word_1_410' title='bbox 220 4232 321 4298; x_wconf 82' lang='grc' dir='ltr'>θῶς</span> <span class='ocrx_word' id='word_1_411' title='bbox 352 4233 725 4305; x_wconf 83' lang='grc' dir='ltr'>κατεφίλησε·</span> <span class='ocrx_word' id='word_1_412' title='bbox 758 4233 875 4298; x_wconf 71' lang='grc' dir='ltr'>καὶ,</span> <span class='ocrx_word' id='word_1_413' title='bbox 901 4233 1007 4305; x_wconf 80' lang='grc' dir='ltr'><strong>τῆς</strong></span> <span class='ocrx_word' id='word_1_414' title='bbox 1033 4233 1310 4306; x_wconf 82' lang='grc' dir='ltr'>προτέρας</span> <span class='ocrx_word' id='word_1_415' title='bbox 1337 4234 1580 4300; x_wconf 81' lang='grc' dir='ltr'>ἀξιώσας</span> <span class='ocrx_word' id='word_1_416' title='bbox 1608 4234 1798 4305; x_wconf 80' lang='grc' dir='ltr'>τιμῆς,</span> 
     </span>
    </p>
   </div>
   <div class='ocr_carea' id='block_1_60' title="bbox 220 4320 1803 4398">
    <p class='ocr_par' dir='ltr' id='par_1_60' title="bbox 220 4320 1803 4398">
     <span class='ocr_line' id='line_1_60' title="bbox 220 4320 1803 4398; baseline 0.003 -23"><span class='ocrx_word' id='word_1_417' title='bbox 220 4320 412 4396; x_wconf 65' lang='grc' dir='ltr'>ἑορτὴν</span> <span class='ocrx_word' id='word_1_418' title='bbox 449 4324 794 4395; x_wconf 86' lang='grc' dir='ltr'>χαρμόσυνον</span> <span class='ocrx_word' id='word_1_419' title='bbox 828 4324 921 4378; x_wconf 74' lang='grc' dir='ltr'><strong>ἐπὶ</strong></span> <span class='ocrx_word' id='word_1_420' title='bbox 971 4327 1039 4396; x_wconf 80' lang='grc' dir='ltr'>τῇ</span> <span class='ocrx_word' id='word_1_421' title='bbox 1086 4323 1257 4379; x_wconf 76' lang='grc' dir='ltr'>αὑτοῦ</span> <span class='ocrx_word' id='word_1_422' title='bbox 1289 4325 1576 4397; x_wconf 85' lang='grc' dir='ltr'>ἀνευρέσει</span> <span class='ocrx_word' id='word_1_423' title='bbox 1610 4326 1803 4398; x_wconf 81' lang='grc' dir='ltr'>ἐποιή-</span> 
     </span>
    </p>
   </div>
   <div class='ocr_carea' id='block_1_61' title="bbox 222 4415 1805 4488">
    <p class='ocr_par' dir='ltr' id='par_1_61' title="bbox 222 4415 1805 4488">
     <span class='ocr_line' id='line_1_61' title="bbox 222 4415 1805 4488; baseline 0.002 -21"><span class='ocrx_word' id='word_1_424' title='bbox 222 4432 371 4480; x_wconf 87' lang='grc' dir='ltr'>σατο,</span> <span class='ocrx_word' id='word_1_425' title='bbox 404 4415 581 4481; x_wconf 83' lang='grc' dir='ltr'>θύσας</span> <span class='ocrx_word' id='word_1_426' title='bbox 622 4416 714 4472; x_wconf 84' lang='grc' dir='ltr'><strong>τὸν</strong></span> <span class='ocrx_word' id='word_1_427' title='bbox 747 4417 949 4488; x_wconf 87' lang='grc' dir='ltr'>μόσχον</span> <span class='ocrx_word' id='word_1_428' title='bbox 992 4418 1083 4471; x_wconf 85' lang='grc' dir='ltr'><strong>τὸν</strong></span> <span class='ocrx_word' id='word_1_429' title='bbox 1125 4418 1392 4472; x_wconf 88' lang='grc' dir='ltr'>σιτευτόν.</span> <span class='ocrx_word' id='word_1_430' title='bbox 1437 4418 1571 4472; x_wconf 80' lang='grc' dir='ltr'>Ἰδοὺ</span> <span class='ocrx_word' id='word_1_431' title='bbox 1598 4417 1805 4488; x_wconf 88' lang='grc' dir='ltr'>ταύτην</span> 
     </span>
    </p>
   </div>
   <div class='ocr_carea' id='block_1_62' title="bbox 220 4505 1804 4580">
    <p class='ocr_par' dir='ltr' id='par_1_62' title="bbox 220 4505 1804 4580">
     <span class='ocr_line' id='line_1_62' title="bbox 220 4505 1804 4580; baseline 0.004 -22"><span class='ocrx_word' id='word_1_432' title='bbox 220 4505 314 4576; x_wconf 74' lang='grc' dir='ltr'>τὴν</span> <span class='ocrx_word' id='word_1_433' title='bbox 339 4506 665 4579; x_wconf 76' lang='grc' dir='ltr'>παραϐολὴν</span> <span class='ocrx_word' id='word_1_434' title='bbox 685 4508 814 4578; x_wconf 77' lang='grc' dir='ltr'>περὶ</span> <span class='ocrx_word' id='word_1_435' title='bbox 827 4508 937 4562; x_wconf 84' lang='grc' dir='ltr'><strong>τῶν</strong></span> <span class='ocrx_word' id='word_1_436' title='bbox 965 4508 1026 4575; x_wconf 83' lang='grc' dir='ltr'><strong>ἐξ</strong></span> <span class='ocrx_word' id='word_1_437' title='bbox 1047 4509 1333 4580; x_wconf 83' lang='grc' dir='ltr'>ἁμαρτιῶν</span> <span class='ocrx_word' id='word_1_438' title='bbox 1355 4509 1804 4580; x_wconf 79' lang='grc' dir='ltr'>ύποστρεφόντων</span> 
     </span>
    </p>
   </div>
   <div class='ocr_carea' id='block_1_63' title="bbox 221 4597 1799 4673">
    <p class='ocr_par' dir='ltr' id='par_1_63' title="bbox 221 4597 1799 4673">
     <span class='ocr_line' id='line_1_63' title="bbox 221 4597 1799 4673; baseline 0.004 -25"><span class='ocrx_word' id='word_1_439' title='bbox 221 4597 310 4650; x_wconf 68' lang='grc' dir='ltr'>καὶ</span> <span class='ocrx_word' id='word_1_440' title='bbox 343 4599 406 4653; x_wconf 82' lang='grc' dir='ltr'><strong>ἐν</strong></span> <span class='ocrx_word' id='word_1_441' title='bbox 465 4599 728 4670; x_wconf 78' lang='grc' dir='ltr'>μετανοίᾳ</span> <span class='ocrx_word' id='word_1_442' title='bbox 775 4601 1235 4671; x_wconf 87' lang='grc' dir='ltr'>προσπιπτόντων</span> <span class='ocrx_word' id='word_1_443' title='bbox 1284 4604 1418 4673; x_wconf 82' lang='grc' dir='ltr'>ἡμῖν</span> <span class='ocrx_word' id='word_1_444' title='bbox 1467 4601 1799 4672; x_wconf 83' lang='grc' dir='ltr'>ἐξηγήσατο.</span> 
     </span>
    </p>
   </div>
   <div class='ocr_carea' id='block_1_64' title="bbox 1927 2032 3483 2115">
    <p class='ocr_par' dir='ltr' id='par_1_64' title="bbox 1927 2032 3483 2115">
     <span class='ocr_line' id='line_1_64' title="bbox 1927 2032 3483 2115; baseline 0.009 -28"><span class='ocrx_word' id='word_1_445' title='bbox 1927 2032 2122 2087; x_wconf 84' lang='lat' dir='ltr'><strong>Christi</strong></span> <span class='ocrx_word' id='word_1_446' title='bbox 2150 2035 2441 2090; x_wconf 88' lang='lat' dir='ltr'><strong>actionibus</strong></span> <span class='ocrx_word' id='word_1_447' title='bbox 2482 2053 2542 2092; x_wconf 89' lang='lat' dir='ltr'><strong>ac</strong></span> <span class='ocrx_word' id='word_1_448' title='bbox 2581 2040 2869 2107; x_wconf 88' lang='lat' dir='ltr'><strong>parabolis.</strong></span> <span class='ocrx_word' id='word_1_449' title='bbox 2911 2043 2985 2094; x_wconf 76' lang='lat' dir='ltr'><strong>Ex</strong></span> <span class='ocrx_word' id='word_1_450' title='bbox 3035 2049 3156 2099; x_wconf 89' lang='lat' dir='ltr'><strong>tunc</strong></span> <span class='ocrx_word' id='word_1_451' title='bbox 3201 2046 3360 2113; x_wconf 91' lang='lat' dir='ltr'><strong>enim,</strong></span> <span class='ocrx_word' id='word_1_452' title='bbox 3391 2051 3483 2115; x_wconf 87' lang='lat' dir='ltr'><strong>ait,</strong></span> 
     </span>
    </p>
   </div>
   <div class='ocr_carea' id='block_1_65' title="bbox 1930 2124 3483 2206">
    <p class='ocr_par' dir='ltr' id='par_1_65' title="bbox 1930 2124 3483 2206">
     <span class='ocr_line' id='line_1_65' title="bbox 1930 2124 3483 2206; baseline 0.01 -30"><span class='ocrx_word' id='word_1_453' title='bbox 1930 2124 2092 2192; x_wconf 73' lang='lat' dir='ltr'><strong>coapit</strong></span> <span class='ocrx_word' id='word_1_454' title='bbox 2115 2124 2271 2180; x_wconf 81' lang='lat' dir='ltr'><strong>.lesus</strong></span> <span class='ocrx_word' id='word_1_455' title='bbox 2309 2127 2518 2193; x_wconf 89' lang='lat' dir='ltr'><strong>docere,</strong></span> <span class='ocrx_word' id='word_1_456' title='bbox 2565 2137 2620 2183; x_wconf 91' lang='lat' dir='ltr'><strong>et</strong></span> <span class='ocrx_word' id='word_1_457' title='bbox 2659 2129 2877 2186; x_wconf 79' lang='lat' dir='ltr'><strong>dicere:</strong></span> <span class='ocrx_word' id='word_1_458' title='bbox 2910 2132 3277 2190; x_wconf 76' lang='grc' dir='ltr'>Ρωιιὶιεηιίειιη</span> <span class='ocrx_word' id='word_1_459' title='bbox 3322 2140 3483 2206; x_wconf 82' lang='lat' dir='ltr'><strong>agite,</strong></span> 
     </span>
    </p>
   </div>
   <div class='ocr_carea' id='block_1_66' title="bbox 1928 2217 3485 2296">
    <p class='ocr_par' dir='ltr' id='par_1_66' title="bbox 1928 2217 3485 2296">
     <span class='ocr_line' id='line_1_66' title="bbox 1928 2217 3485 2296; baseline 0.012 -30"><span class='ocrx_word' id='word_1_460' title='bbox 1928 2217 2368 2286; x_wconf 78' lang='lat' dir='ltr'><strong>appropinquavit</strong></span> <span class='ocrx_word' id='word_1_461' title='bbox 2413 2221 2553 2272; x_wconf 91' lang='lat' dir='ltr'><strong>enim</strong></span> <span class='ocrx_word' id='word_1_462' title='bbox 2597 2235 2812 2290; x_wconf 91' lang='lat' dir='ltr'><strong>regnum</strong></span> <span class='ocrx_word' id='word_1_463' title='bbox 2856 2225 3108 2277; x_wconf 74' lang='lat' dir='ltr'><strong>cmlorum</strong></span> <span class='ocrx_word' id='word_1_464' title='bbox 3140 2225 3353 2296; x_wconf 78' lang='lat' dir='ltr'><strong>(Matth.</strong></span> <span class='ocrx_word' id='word_1_465' title='bbox 3379 2230 3485 2296; x_wconf 90' lang='grc' dir='ltr'>ιιι).</span> 
     </span>
    </p>
   </div>
   <div class='ocr_carea' id='block_1_67' title="bbox 1925 2308 3481 2380">
    <p class='ocr_par' dir='ltr' id='par_1_67' title="bbox 1925 2308 3481 2380">
     <span class='ocr_line' id='line_1_67' title="bbox 1925 2308 3481 2380; baseline 0.005 -20"><span class='ocrx_word' id='word_1_466' title='bbox 1925 2308 2062 2372; x_wconf 80' lang='lat' dir='ltr'><strong>Quin</strong></span> <span class='ocrx_word' id='word_1_467' title='bbox 2100 2310 2256 2362; x_wconf 83' lang='lat' dir='ltr'><strong>etiam</strong></span> <span class='ocrx_word' id='word_1_468' title='bbox 2303 2308 2358 2363; x_wconf 92' lang='lat' dir='ltr'><strong>in</strong></span> <span class='ocrx_word' id='word_1_469' title='bbox 2406 2310 2653 2374; x_wconf 87' lang='lat' dir='ltr'><strong>parabola</strong></span> <span class='ocrx_word' id='word_1_470' title='bbox 2702 2312 2865 2365; x_wconf 85' lang='lat' dir='ltr'><strong>lilium</strong></span> <span class='ocrx_word' id='word_1_471' title='bbox 2915 2316 3192 2379; x_wconf 83' lang='lat' dir='ltr'><strong>quemdam</strong></span> <span class='ocrx_word' id='word_1_472' title='bbox 3243 2317 3481 2380; x_wconf 81' lang='lat' dir='ltr'><strong>inducit,</strong></span> 
     </span>
    </p>
   </div>
   <div class='ocr_carea' id='block_1_68' title="bbox 1926 2400 3485 2473">
    <p class='ocr_par' dir='ltr' id='par_1_68' title="bbox 1926 2400 3485 2473">
     <span class='ocr_line' id='line_1_68' title="bbox 1926 2400 3485 2473; baseline 0.005 -19"><span class='ocrx_word' id='word_1_473' title='bbox 1926 2401 2076 2470; x_wconf 86' lang='lat' dir='ltr'><strong>(Luc.</strong></span> <span class='ocrx_word' id='word_1_474' title='bbox 2107 2400 2219 2470; x_wconf 80' lang='lat' dir='ltr'><strong>xv),</strong></span> <span class='ocrx_word' id='word_1_475' title='bbox 2245 2403 2335 2470; x_wconf 83' lang='lat' dir='ltr'><strong>qui</strong></span> <span class='ocrx_word' id='word_1_476' title='bbox 2372 2416 2492 2455; x_wconf 92' lang='lat' dir='ltr'><strong>cum</strong></span> <span class='ocrx_word' id='word_1_477' title='bbox 2535 2404 2764 2471; x_wconf 88' lang='lat' dir='ltr'><strong>acceptis</strong></span> <span class='ocrx_word' id='word_1_478' title='bbox 2795 2407 3026 2472; x_wconf 88' lang='lat' dir='ltr'><strong>paternis</strong></span> <span class='ocrx_word' id='word_1_479' title='bbox 3055 2407 3240 2473; x_wconf 89' lang='lat' dir='ltr'><strong>opibus</strong></span> <span class='ocrx_word' id='word_1_480' title='bbox 3277 2407 3329 2461; x_wconf 90' lang='lat' dir='ltr'><strong>in</strong></span> <span class='ocrx_word' id='word_1_481' title='bbox 3370 2408 3485 2462; x_wconf 87' lang='lat' dir='ltr'><strong>lon-</strong></span> 
     </span>
    </p>
   </div>
   <div class='ocr_carea' id='block_1_69' title="bbox 1924 2493 3480 2565">
    <p class='ocr_par' dir='ltr' id='par_1_69' title="bbox 1924 2493 3480 2565">
     <span class='ocr_line' id='line_1_69' title="bbox 1924 2493 3480 2565; baseline 0.005 -21"><span class='ocrx_word' id='word_1_482' title='bbox 1924 2495 2170 2562; x_wconf 88' lang='lat' dir='ltr'><strong>ginqnam</strong></span> <span class='ocrx_word' id='word_1_483' title='bbox 2194 2494 2462 2560; x_wconf 76' lang='lat' dir='ltr'><strong>regionem</strong></span> <span class='ocrx_word' id='word_1_484' title='bbox 2495 2493 2756 2560; x_wconf 84' lang='lat' dir='ltr'><strong>prolectus</strong></span> <span class='ocrx_word' id='word_1_485' title='bbox 2785 2493 2987 2556; x_wconf 79' lang='lat' dir='ltr'><strong>luisset,</strong></span> <span class='ocrx_word' id='word_1_486' title='bbox 3015 2511 3212 2565; x_wconf 88' lang='lat' dir='ltr'><strong>easque</strong></span> <span class='ocrx_word' id='word_1_487' title='bbox 3240 2501 3292 2549; x_wconf 92' lang='lat' dir='ltr'><strong>in</strong></span> <span class='ocrx_word' id='word_1_488' title='bbox 3335 2501 3480 2552; x_wconf 88' lang='lat' dir='ltr'><strong>omni</strong></span> 
     </span>
    </p>
   </div>
   <div class='ocr_carea' id='block_1_70' title="bbox 1925 2583 3477 2656">
    <p class='ocr_par' dir='ltr' id='par_1_70' title="bbox 1925 2583 3477 2656">
     <span class='ocr_line' id='line_1_70' title="bbox 1925 2583 3477 2656; baseline 0.005 -20"><span class='ocrx_word' id='word_1_489' title='bbox 1925 2585 2086 2636; x_wconf 79' lang='lat' dir='ltr'><strong>luxus</strong></span> <span class='ocrx_word' id='word_1_490' title='bbox 2129 2594 2288 2651; x_wconf 90' lang='lat' dir='ltr'><strong>atque</strong></span> <span class='ocrx_word' id='word_1_491' title='bbox 2338 2583 2756 2650; x_wconf 66' lang='lat' dir='ltr'><strong>intemperantiae</strong></span> <span class='ocrx_word' id='word_1_492' title='bbox 2799 2599 2995 2654; x_wconf 91' lang='lat' dir='ltr'><strong>genere</strong></span> <span class='ocrx_word' id='word_1_493' title='bbox 3045 2589 3477 2656; x_wconf 89' lang='lat' dir='ltr'><strong>consumpsisset,</strong></span> 
     </span>
    </p>
   </div>
   <div class='ocr_carea' id='block_1_71' title="bbox 1923 2675 3484 2743">
    <p class='ocr_par' dir='ltr' id='par_1_71' title="bbox 1923 2675 3484 2743">
     <span class='ocr_line' id='line_1_71' title="bbox 1923 2675 3484 2743; baseline 0.006 -17"><span class='ocrx_word' id='word_1_494' title='bbox 1923 2685 2127 2743; x_wconf 79' lang='lat' dir='ltr'><strong>postea,</strong></span> <span class='ocrx_word' id='word_1_495' title='bbox 2169 2675 2382 2742; x_wconf 83' lang='lat' dir='ltr'><strong>regione</strong></span> <span class='ocrx_word' id='word_1_496' title='bbox 2407 2676 2494 2729; x_wconf 90' lang='lat' dir='ltr'><strong>illa</strong></span> <span class='ocrx_word' id='word_1_497' title='bbox 2523 2678 2656 2728; x_wconf 79' lang='lat' dir='ltr'><strong>fame</strong></span> <span class='ocrx_word' id='word_1_498' title='bbox 2701 2675 2973 2730; x_wconf 86' lang='lat' dir='ltr'><strong>laborante</strong></span> <span class='ocrx_word' id='word_1_499' title='bbox 2997 2677 3144 2742; x_wconf 83' lang='lat' dir='ltr'><strong>abiit,</strong></span> <span class='ocrx_word' id='word_1_500' title='bbox 3175 2688 3229 2732; x_wconf 91' lang='lat' dir='ltr'><strong>et</strong></span> <span class='ocrx_word' id='word_1_501' title='bbox 3258 2680 3484 2735; x_wconf 63' lang='lat' dir='ltr'><strong>adhaesit</strong></span> 
     </span>
    </p>
   </div>
   <div class='ocr_carea' id='block_1_72' title="bbox 1929 2765 3481 2837">
    <p class='ocr_par' dir='ltr' id='par_1_72' title="bbox 1929 2765 3481 2837">
     <span class='ocr_line' id='line_1_72' title="bbox 1929 2765 3481 2837; baseline 0.003 -19"><span class='ocrx_word' id='word_1_502' title='bbox 1929 2765 2017 2820; x_wconf 88' lang='lat' dir='ltr'><strong>uni</strong></span> <span class='ocrx_word' id='word_1_503' title='bbox 2033 2767 2222 2820; x_wconf 80' lang='lat' dir='ltr'><strong>civium</strong></span> <span class='ocrx_word' id='word_1_504' title='bbox 2236 2767 2466 2837; x_wconf 86' lang='lat' dir='ltr'><strong>regionis</strong></span> <span class='ocrx_word' id='word_1_505' title='bbox 2493 2767 2651 2820; x_wconf 91' lang='lat' dir='ltr'><strong>illius.</strong></span> <span class='ocrx_word' id='word_1_506' title='bbox 2666 2767 2930 2832; x_wconf 87' lang='lat' dir='ltr'><strong>Quietiam</strong></span> <span class='ocrx_word' id='word_1_507' title='bbox 2950 2768 3092 2820; x_wconf 86' lang='lat' dir='ltr'><strong>illum</strong></span> <span class='ocrx_word' id='word_1_508' title='bbox 3118 2772 3168 2820; x_wconf 93' lang='lat' dir='ltr'><strong>in</strong></span> <span class='ocrx_word' id='word_1_509' title='bbox 3189 2784 3393 2836; x_wconf 81' lang='lat' dir='ltr'><strong>agrum,</strong></span> <span class='ocrx_word' id='word_1_510' title='bbox 3423 2780 3481 2823; x_wconf 90' lang='lat' dir='ltr'><strong>ut</strong></span> 
     </span>
    </p>
   </div>
   <div class='ocr_carea' id='block_1_73' title="bbox 1925 2859 3481 2929">
    <p class='ocr_par' dir='ltr' id='par_1_73' title="bbox 1925 2859 3481 2929">
     <span class='ocr_line' id='line_1_73' title="bbox 1925 2859 3481 2929; baseline -0.001 -15"><span class='ocrx_word' id='word_1_511' title='bbox 1925 2875 2134 2929; x_wconf 87' lang='lat' dir='ltr'><strong>porcos,</strong></span> <span class='ocrx_word' id='word_1_512' title='bbox 2165 2859 2266 2914; x_wconf 88' lang='lat' dir='ltr'><strong>hoc</strong></span> <span class='ocrx_word' id='word_1_513' title='bbox 2292 2869 2372 2914; x_wconf 85' lang='lat' dir='ltr'><strong>est</strong></span> <span class='ocrx_word' id='word_1_514' title='bbox 2397 2862 2746 2927; x_wconf 89' lang='lat' dir='ltr'><strong>asperrimum</strong></span> <span class='ocrx_word' id='word_1_515' title='bbox 2777 2869 2829 2912; x_wconf 92' lang='lat' dir='ltr'><strong>et</strong></span> <span class='ocrx_word' id='word_1_516' title='bbox 2865 2861 3241 2913; x_wconf 80' lang='lat' dir='ltr'><strong>exsecrandum</strong></span> <span class='ocrx_word' id='word_1_517' title='bbox 3294 2877 3481 2928; x_wconf 81' lang='lat' dir='ltr'><strong>pecca-</strong></span> 
     </span>
    </p>
   </div>
   <div class='ocr_carea' id='block_1_74' title="bbox 1922 2946 3478 3019">
    <p class='ocr_par' dir='ltr' id='par_1_74' title="bbox 1922 2946 3478 3019">
     <span class='ocr_line' id='line_1_74' title="bbox 1922 2946 3478 3019; baseline -0.001 -16"><span class='ocrx_word' id='word_1_518' title='bbox 1922 2959 2058 3015; x_wconf 83' lang='lat' dir='ltr'><strong>tum,</strong></span> <span class='ocrx_word' id='word_1_519' title='bbox 2089 2959 2348 3019; x_wconf 84' lang='lat' dir='ltr'><strong>pasceret,</strong></span> <span class='ocrx_word' id='word_1_520' title='bbox 2375 2948 2541 3001; x_wconf 90' lang='lat' dir='ltr'><strong>misit.</strong></span> <span class='ocrx_word' id='word_1_521' title='bbox 2583 2946 2714 3001; x_wconf 88' lang='lat' dir='ltr'><strong>Cum</strong></span> <span class='ocrx_word' id='word_1_522' title='bbox 2757 2947 2932 3016; x_wconf 83' lang='lat' dir='ltr'><strong>itaque</strong></span> <span class='ocrx_word' id='word_1_523' title='bbox 2959 2950 3136 3000; x_wconf 86' lang='lat' dir='ltr'><strong>multis</strong></span> <span class='ocrx_word' id='word_1_524' title='bbox 3162 2948 3478 3002; x_wconf 87' lang='lat' dir='ltr'><strong>calamitati-</strong></span> 
     </span>
    </p>
   </div>
   <div class='ocr_carea' id='block_1_75' title="bbox 1922 3037 3479 3105">
    <p class='ocr_par' dir='ltr' id='par_1_75' title="bbox 1922 3037 3479 3105">
     <span class='ocr_line' id='line_1_75' title="bbox 1922 3037 3479 3105; baseline -0.001 -12"><span class='ocrx_word' id='word_1_525' title='bbox 1922 3037 2022 3093; x_wconf 82' lang='lat' dir='ltr'><strong>bus</strong></span> <span class='ocrx_word' id='word_1_526' title='bbox 2049 3038 2268 3093; x_wconf 67' lang='lat' dir='ltr'><strong>allectus</strong></span> <span class='ocrx_word' id='word_1_527' title='bbox 2293 3038 2498 3103; x_wconf 78' lang='lat' dir='ltr'><strong>fuisset,</strong></span> <span class='ocrx_word' id='word_1_528' title='bbox 2525 3047 2681 3105; x_wconf 91' lang='lat' dir='ltr'><strong>atque</strong></span> <span class='ocrx_word' id='word_1_529' title='bbox 2709 3037 2759 3090; x_wconf 91' lang='lat' dir='ltr'><strong>in</strong></span> <span class='ocrx_word' id='word_1_530' title='bbox 2783 3047 2978 3091; x_wconf 85' lang='lat' dir='ltr'><strong>tantam</strong></span> <span class='ocrx_word' id='word_1_531' title='bbox 3010 3038 3275 3092; x_wconf 78' lang='lat' dir='ltr'><strong>miseriam</strong></span> <span class='ocrx_word' id='word_1_532' title='bbox 3303 3040 3479 3092; x_wconf 82' lang='lat' dir='ltr'><strong>venis-</strong></span> 
     </span>
    </p>
   </div>
   <div class='ocr_carea' id='block_1_76' title="bbox 1918 3129 3475 3197">
    <p class='ocr_par' dir='ltr' id='par_1_76' title="bbox 1918 3129 3475 3197">
     <span class='ocr_line' id='line_1_76' title="bbox 1918 3129 3475 3197; baseline -0.003 -11"><span class='ocrx_word' id='word_1_533' title='bbox 1918 3139 2032 3194; x_wconf 88' lang='lat' dir='ltr'><strong>set,</strong></span> <span class='ocrx_word' id='word_1_534' title='bbox 2062 3139 2122 3184; x_wconf 92' lang='lat' dir='ltr'><strong>ut</strong></span> <span class='ocrx_word' id='word_1_535' title='bbox 2165 3143 2232 3185; x_wconf 90' lang='lat' dir='ltr'><strong>ne</strong></span> <span class='ocrx_word' id='word_1_536' title='bbox 2277 3144 2553 3197; x_wconf 85' lang='lat' dir='ltr'><strong>porcorum</strong></span> <span class='ocrx_word' id='word_1_537' title='bbox 2597 3129 2808 3197; x_wconf 89' lang='lat' dir='ltr'><strong>quidem</strong></span> <span class='ocrx_word' id='word_1_538' title='bbox 2849 3130 3050 3197; x_wconf 80' lang='lat' dir='ltr'><strong>siliquis</strong></span> <span class='ocrx_word' id='word_1_539' title='bbox 3097 3129 3194 3194; x_wconf 90' lang='lat' dir='ltr'><strong>ipsi</strong></span> <span class='ocrx_word' id='word_1_540' title='bbox 3237 3140 3475 3182; x_wconf 82' lang='lat' dir='ltr'><strong>ventrem</strong></span> 
     </span>
    </p>
   </div>
   <div class='ocr_carea' id='block_1_77' title="bbox 1919 3219 3472 3288">
    <p class='ocr_par' dir='ltr' id='par_1_77' title="bbox 1919 3219 3472 3288">
     <span class='ocr_line' id='line_1_77' title="bbox 1919 3219 3472 3288; baseline 0 -14"><span class='ocrx_word' id='word_1_541' title='bbox 1919 3235 2072 3274; x_wconf 83' lang='lat' dir='ltr'><strong>suurn</strong></span> <span class='ocrx_word' id='word_1_542' title='bbox 2100 3221 2322 3288; x_wconf 90' lang='lat' dir='ltr'><strong>implere</strong></span> <span class='ocrx_word' id='word_1_543' title='bbox 2353 3220 2550 3282; x_wconf 73' lang='lat' dir='ltr'><strong>liceret,</strong></span> <span class='ocrx_word' id='word_1_544' title='bbox 2584 3219 2792 3272; x_wconf 82' lang='lat' dir='ltr'><strong>tandem</strong></span> <span class='ocrx_word' id='word_1_545' title='bbox 2840 3221 3119 3286; x_wconf 78' lang='lat' dir='ltr'><strong>aliquando</strong></span> <span class='ocrx_word' id='word_1_546' title='bbox 3147 3219 3279 3270; x_wconf 89' lang='lat' dir='ltr'><strong>hanc</strong></span> <span class='ocrx_word' id='word_1_547' title='bbox 3305 3235 3472 3284; x_wconf 83' lang='lat' dir='ltr'><strong>usque</strong></span> 
     </span>
    </p>
   </div>
   <div class='ocr_carea' id='block_1_78' title="bbox 1917 3309 3479 3382">
    <p class='ocr_par' dir='ltr' id='par_1_78' title="bbox 1917 3309 3479 3382">
     <span class='ocr_line' id='line_1_78' title="bbox 1917 3309 3479 3382; baseline -0.001 -18"><span class='ocrx_word' id='word_1_548' title='bbox 1917 3315 2052 3367; x_wconf 87' lang='lat' dir='ltr'><strong>adeo</strong></span> <span class='ocrx_word' id='word_1_549' title='bbox 2078 3327 2289 3382; x_wconf 88' lang='lat' dir='ltr'><strong>gravem</strong></span> <span class='ocrx_word' id='word_1_550' title='bbox 2319 3311 2659 3381; x_wconf 84' lang='lat' dir='ltr'><strong>ignominiam</strong></span> <span class='ocrx_word' id='word_1_551' title='bbox 2688 3323 3008 3380; x_wconf 81' lang='lat' dir='ltr'><strong>agnoscens,</strong></span> <span class='ocrx_word' id='word_1_552' title='bbox 3041 3309 3304 3374; x_wconf 85' lang='lat' dir='ltr'><strong>vitamque</strong></span> <span class='ocrx_word' id='word_1_553' title='bbox 3330 3323 3479 3363; x_wconf 87' lang='lat' dir='ltr'><strong>suam</strong></span> 
     </span>
    </p>
   </div>
   <div class='ocr_carea' id='block_1_79' title="bbox 1917 3396 3481 3470">
    <p class='ocr_par' dir='ltr' id='par_1_79' title="bbox 1917 3396 3481 3470">
     <span class='ocr_line' id='line_1_79' title="bbox 1917 3396 3481 3470; baseline -0.003 -14"><span class='ocrx_word' id='word_1_554' title='bbox 1917 3404 2122 3470; x_wconf 88' lang='lat' dir='ltr'><strong>lugens,</strong></span> <span class='ocrx_word' id='word_1_555' title='bbox 2153 3401 2360 3456; x_wconf 88' lang='lat' dir='ltr'><strong>dicebat</strong></span> <span class='ocrx_word' id='word_1_556' title='bbox 2392 3419 2407 3455; x_wconf 89' lang='lat'><strong>:</strong></span> <span class='ocrx_word' id='word_1_557' title='bbox 2441 3401 2629 3467; x_wconf 86' lang='lat' dir='ltr'><strong>Quanti</strong></span> <span class='ocrx_word' id='word_1_558' title='bbox 2674 3399 2984 3453; x_wconf 82' lang='lat' dir='ltr'><strong>mercenarii</strong></span> <span class='ocrx_word' id='word_1_559' title='bbox 3019 3398 3070 3449; x_wconf 92' lang='lat' dir='ltr'><strong>in</strong></span> <span class='ocrx_word' id='word_1_560' title='bbox 3113 3396 3271 3450; x_wconf 90' lang='lat' dir='ltr'><strong>domu</strong></span> <span class='ocrx_word' id='word_1_561' title='bbox 3320 3400 3481 3463; x_wconf 86' lang='lat' dir='ltr'><strong>patris</strong></span> 
     </span>
    </p>
   </div>
   <div class='ocr_carea' id='block_1_80' title="bbox 1918 3487 3480 3558">
    <p class='ocr_par' dir='ltr' id='par_1_80' title="bbox 1918 3487 3480 3558">
     <span class='ocr_line' id='line_1_80' title="bbox 1918 3487 3480 3558; baseline -0.004 -12"><span class='ocrx_word' id='word_1_562' title='bbox 1918 3493 2021 3546; x_wconf 90' lang='lat' dir='ltr'><strong>mei</strong></span> <span class='ocrx_word' id='word_1_563' title='bbox 2048 3491 2316 3546; x_wconf 90' lang='lat' dir='ltr'><strong>abundant</strong></span> <span class='ocrx_word' id='word_1_564' title='bbox 2348 3492 2590 3558; x_wconf 84' lang='lat' dir='ltr'><strong>panibus,</strong></span> <span class='ocrx_word' id='word_1_565' title='bbox 2621 3503 2720 3558; x_wconf 90' lang='lat' dir='ltr'><strong>ego</strong></span> <span class='ocrx_word' id='word_1_566' title='bbox 2747 3500 2922 3544; x_wconf 87' lang='lat' dir='ltr'><strong>autem</strong></span> <span class='ocrx_word' id='word_1_567' title='bbox 2953 3487 3089 3541; x_wconf 77' lang='lat' dir='ltr'><strong>fame</strong></span> <span class='ocrx_word' id='word_1_568' title='bbox 3128 3500 3305 3553; x_wconf 85' lang='lat' dir='ltr'><strong>pereo.</strong></span> <span class='ocrx_word' id='word_1_569' title='bbox 3350 3488 3480 3541; x_wconf 88' lang='lat' dir='ltr'><strong>Sur-</strong></span> 
     </span>
    </p>
   </div>
   <div class='ocr_carea' id='block_1_81' title="bbox 1915 3574 3479 3652">
    <p class='ocr_par' dir='ltr' id='par_1_81' title="bbox 1915 3574 3479 3652">
     <span class='ocr_line' id='line_1_81' title="bbox 1915 3574 3479 3652; baseline -0.003 -18"><span class='ocrx_word' id='word_1_570' title='bbox 1915 3597 2059 3652; x_wconf 88' lang='lat' dir='ltr'><strong>gam,</strong></span> <span class='ocrx_word' id='word_1_571' title='bbox 2087 3592 2142 3638; x_wconf 90' lang='lat' dir='ltr'><strong>et</strong></span> <span class='ocrx_word' id='word_1_572' title='bbox 2180 3582 2267 3637; x_wconf 90' lang='lat' dir='ltr'><strong>ibo</strong></span> <span class='ocrx_word' id='word_1_573' title='bbox 2293 3581 2358 3636; x_wconf 90' lang='lat' dir='ltr'><strong>ad</strong></span> <span class='ocrx_word' id='word_1_574' title='bbox 2387 3591 2590 3650; x_wconf 90' lang='lat' dir='ltr'><strong>patrem</strong></span> <span class='ocrx_word' id='word_1_575' title='bbox 2635 3593 2808 3633; x_wconf 89' lang='lat' dir='ltr'><strong>meum</strong></span> <span class='ocrx_word' id='word_1_576' title='bbox 2828 3618 2844 3640; x_wconf 84' lang='lat'><em>.</em></span> <span class='ocrx_word' id='word_1_577' title='bbox 2875 3585 2930 3631; x_wconf 88' lang='lat' dir='ltr'><strong>et</strong></span> <span class='ocrx_word' id='word_1_578' title='bbox 2953 3578 3124 3630; x_wconf 86' lang='lat' dir='ltr'><strong>dicam</strong></span> <span class='ocrx_word' id='word_1_579' title='bbox 3165 3576 3216 3630; x_wconf 90' lang='lat' dir='ltr'><strong>ei</strong></span> <span class='ocrx_word' id='word_1_580' title='bbox 3247 3592 3262 3628; x_wconf 89' lang='lat'><strong>:</strong></span> <span class='ocrx_word' id='word_1_581' title='bbox 3293 3574 3479 3642; x_wconf 81' lang='lat' dir='ltr'><strong>Pater,</strong></span> 
     </span>
    </p>
   </div>
   <div class='ocr_carea' id='block_1_82' title="bbox 1919 3667 3480 3746">
    <p class='ocr_par' dir='ltr' id='par_1_82' title="bbox 1919 3667 3480 3746">
     <span class='ocr_line' id='line_1_82' title="bbox 1919 3667 3480 3746; baseline -0.006 -16"><span class='ocrx_word' id='word_1_582' title='bbox 1919 3675 2129 3746; x_wconf 86' lang='lat' dir='ltr'><strong>peccavi</strong></span> <span class='ocrx_word' id='word_1_583' title='bbox 2158 3677 2210 3728; x_wconf 86' lang='lat' dir='ltr'><strong>in</strong></span> <span class='ocrx_word' id='word_1_584' title='bbox 2238 3674 2431 3728; x_wconf 70' lang='lat' dir='ltr'><strong>cadum</strong></span> <span class='ocrx_word' id='word_1_585' title='bbox 2460 3683 2515 3727; x_wconf 89' lang='lat' dir='ltr'><strong>et</strong></span> <span class='ocrx_word' id='word_1_586' title='bbox 2541 3686 2718 3726; x_wconf 88' lang='lat' dir='ltr'><strong>coram</strong></span> <span class='ocrx_word' id='word_1_587' title='bbox 2749 3681 2821 3734; x_wconf 90' lang='lat' dir='ltr'><strong>te,</strong></span> <span class='ocrx_word' id='word_1_588' title='bbox 2847 3683 2954 3738; x_wconf 68' lang='lat' dir='ltr'><strong>1am</strong></span> <span class='ocrx_word' id='word_1_589' title='bbox 2999 3682 3103 3722; x_wconf 92' lang='lat' dir='ltr'><strong>non</strong></span> <span class='ocrx_word' id='word_1_590' title='bbox 3131 3681 3246 3720; x_wconf 87' lang='lat' dir='ltr'><strong>sum</strong></span> <span class='ocrx_word' id='word_1_591' title='bbox 3292 3667 3480 3734; x_wconf 89' lang='lat' dir='ltr'><strong>dignus</strong></span> 
     </span>
    </p>
   </div>
   <div class='ocr_carea' id='block_1_83' title="bbox 1919 3753 3482 3825">
    <p class='ocr_par' dir='ltr' id='par_1_83' title="bbox 1919 3753 3482 3825">
     <span class='ocr_line' id='line_1_83' title="bbox 1919 3753 3482 3825; baseline -0.007 -7"><span class='ocrx_word' id='word_1_592' title='bbox 1919 3762 2096 3818; x_wconf 86' lang='lat' dir='ltr'><strong>vocari</strong></span> <span class='ocrx_word' id='word_1_593' title='bbox 2123 3762 2260 3817; x_wconf 84' lang='lat' dir='ltr'><strong>ﬁlius</strong></span> <span class='ocrx_word' id='word_1_594' title='bbox 2291 3772 2408 3815; x_wconf 88' lang='lat' dir='ltr'><strong>tuus</strong></span> <span class='ocrx_word' id='word_1_595' title='bbox 2427 3801 2442 3825; x_wconf 90' lang='lat'><strong>,</strong></span> <span class='ocrx_word' id='word_1_596' title='bbox 2473 3760 2558 3814; x_wconf 81' lang='lat' dir='ltr'><strong>fac</strong></span> <span class='ocrx_word' id='word_1_597' title='bbox 2586 3775 2671 3814; x_wconf 90' lang='lat' dir='ltr'><strong>me</strong></span> <span class='ocrx_word' id='word_1_598' title='bbox 2694 3760 2831 3813; x_wconf 89' lang='lat' dir='ltr'><strong>sicut</strong></span> <span class='ocrx_word' id='word_1_599' title='bbox 2854 3771 3017 3811; x_wconf 90' lang='lat' dir='ltr'><strong>unum</strong></span> <span class='ocrx_word' id='word_1_600' title='bbox 3046 3755 3115 3810; x_wconf 92' lang='lat' dir='ltr'><strong>de</strong></span> <span class='ocrx_word' id='word_1_601' title='bbox 3142 3753 3482 3809; x_wconf 85' lang='lat' dir='ltr'><strong>mercenariis</strong></span> 
     </span>
    </p>
   </div>
   <div class='ocr_carea' id='block_1_84' title="bbox 1917 3844 3476 3922">
    <p class='ocr_par' dir='ltr' id='par_1_84' title="bbox 1917 3844 3476 3922">
     <span class='ocr_line' id='line_1_84' title="bbox 1917 3844 3476 3922; baseline -0.009 -13"><span class='ocrx_word' id='word_1_602' title='bbox 1917 3857 2042 3909; x_wconf 83' lang='lat' dir='ltr'><strong>tuis.</strong></span> <span class='ocrx_word' id='word_1_603' title='bbox 2076 3857 2140 3908; x_wconf 82' lang='lat' dir='ltr'><strong>Et</strong></span> <span class='ocrx_word' id='word_1_604' title='bbox 2167 3867 2390 3922; x_wconf 83' lang='lat' dir='ltr'><strong>surgens</strong></span> <span class='ocrx_word' id='word_1_605' title='bbox 2419 3851 2560 3905; x_wconf 81' lang='lat' dir='ltr'><strong>venit</strong></span> <span class='ocrx_word' id='word_1_606' title='bbox 2585 3850 2649 3903; x_wconf 83' lang='lat' dir='ltr'><strong>ad</strong></span> <span class='ocrx_word' id='word_1_607' title='bbox 2689 3860 2891 3917; x_wconf 86' lang='lat' dir='ltr'><strong>patrem</strong></span> <span class='ocrx_word' id='word_1_608' title='bbox 2937 3862 3108 3901; x_wconf 90' lang='lat' dir='ltr'><strong>suum.</strong></span> <span class='ocrx_word' id='word_1_609' title='bbox 3141 3844 3271 3899; x_wconf 88' lang='lat' dir='ltr'><strong>Cum</strong></span> <span class='ocrx_word' id='word_1_610' title='bbox 3300 3854 3476 3896; x_wconf 88' lang='lat' dir='ltr'><strong>autem</strong></span> 
     </span>
    </p>
   </div>
   <div class='ocr_carea' id='block_1_85' title="bbox 1915 3933 3479 4009">
    <p class='ocr_par' dir='ltr' id='par_1_85' title="bbox 1915 3933 3479 4009">
     <span class='ocr_line' id='line_1_85' title="bbox 1915 3933 3479 4009; baseline -0.01 -9"><span class='ocrx_word' id='word_1_611' title='bbox 1915 3945 2090 4000; x_wconf 89' lang='lat' dir='ltr'><strong>adhuc</strong></span> <span class='ocrx_word' id='word_1_612' title='bbox 2117 3944 2274 4009; x_wconf 86' lang='lat' dir='ltr'><strong>longe</strong></span> <span class='ocrx_word' id='word_1_613' title='bbox 2300 3955 2459 4008; x_wconf 90' lang='lat' dir='ltr'><strong>esset,</strong></span> <span class='ocrx_word' id='word_1_614' title='bbox 2489 3941 2621 3996; x_wconf 82' lang='lat' dir='ltr'><strong>vidit</strong></span> <span class='ocrx_word' id='word_1_615' title='bbox 2645 3941 2790 3994; x_wconf 90' lang='lat' dir='ltr'><strong>illum</strong></span> <span class='ocrx_word' id='word_1_616' title='bbox 2822 3948 2970 4007; x_wconf 89' lang='lat' dir='ltr'><strong>pater</strong></span> <span class='ocrx_word' id='word_1_617' title='bbox 2995 3952 3143 4002; x_wconf 89' lang='lat' dir='ltr'><strong>suus,</strong></span> <span class='ocrx_word' id='word_1_618' title='bbox 3173 3945 3231 3990; x_wconf 85' lang='lat' dir='ltr'><strong>et</strong></span> <span class='ocrx_word' id='word_1_619' title='bbox 3274 3933 3479 3988; x_wconf 80' lang='lat' dir='ltr'><strong>iniseri-</strong></span> 
     </span>
    </p>
   </div>
   <div class='ocr_carea' id='block_1_86' title="bbox 1916 4027 3476 4098">
    <p class='ocr_par' dir='ltr' id='par_1_86' title="bbox 1916 4027 3476 4098">
     <span class='ocr_line' id='line_1_86' title="bbox 1916 4027 3476 4098; baseline -0.006 -8"><span class='ocrx_word' id='word_1_620' title='bbox 1916 4037 2093 4091; x_wconf 88' lang='lat' dir='ltr'><strong>cordia</strong></span> <span class='ocrx_word' id='word_1_621' title='bbox 2120 4043 2296 4088; x_wconf 90' lang='lat' dir='ltr'><strong>mutus</strong></span> <span class='ocrx_word' id='word_1_622' title='bbox 2324 4043 2423 4098; x_wconf 87' lang='lat' dir='ltr'><strong>est,</strong></span> <span class='ocrx_word' id='word_1_623' title='bbox 2455 4047 2518 4087; x_wconf 88' lang='lat' dir='ltr'><strong>ac</strong></span> <span class='ocrx_word' id='word_1_624' title='bbox 2559 4045 2814 4086; x_wconf 88' lang='lat' dir='ltr'><strong>accurens</strong></span> <span class='ocrx_word' id='word_1_625' title='bbox 2839 4030 3031 4085; x_wconf 90' lang='lat' dir='ltr'><strong>cecidit</strong></span> <span class='ocrx_word' id='word_1_626' title='bbox 3075 4043 3135 4082; x_wconf 90' lang='lat' dir='ltr'><strong>su</strong></span> <span class='ocrx_word' id='word_1_627' title='bbox 3149 4043 3240 4096; x_wconf 91' lang='lat' dir='ltr'><strong>per</strong></span> <span class='ocrx_word' id='word_1_628' title='bbox 3282 4027 3476 4081; x_wconf 88' lang='lat' dir='ltr'><strong>collum</strong></span> 
     </span>
    </p>
   </div>
   <div class='ocr_carea' id='block_1_87' title="bbox 1917 4116 3478 4193">
    <p class='ocr_par' dir='ltr' id='par_1_87' title="bbox 1917 4116 3478 4193">
     <span class='ocr_line' id='line_1_87' title="bbox 1917 4116 3478 4193; baseline -0.005 -14"><span class='ocrx_word' id='word_1_629' title='bbox 1917 4128 2054 4193; x_wconf 87' lang='lat' dir='ltr'><strong>ejus,</strong></span> <span class='ocrx_word' id='word_1_630' title='bbox 2081 4134 2135 4179; x_wconf 90' lang='lat' dir='ltr'><strong>et</strong></span> <span class='ocrx_word' id='word_1_631' title='bbox 2161 4124 2425 4181; x_wconf 87' lang='lat' dir='ltr'><strong>osculatus</strong></span> <span class='ocrx_word' id='word_1_632' title='bbox 2453 4133 2534 4178; x_wconf 89' lang='lat' dir='ltr'><strong>est</strong></span> <span class='ocrx_word' id='word_1_633' title='bbox 2558 4138 2712 4188; x_wconf 90' lang='lat' dir='ltr'><strong>eum,</strong></span> <span class='ocrx_word' id='word_1_634' title='bbox 2741 4130 2899 4187; x_wconf 88' lang='lat' dir='ltr'><strong>atque</strong></span> <span class='ocrx_word' id='word_1_635' title='bbox 2927 4123 2978 4173; x_wconf 91' lang='lat' dir='ltr'><strong>in</strong></span> <span class='ocrx_word' id='word_1_636' title='bbox 3009 4117 3210 4188; x_wconf 90' lang='lat' dir='ltr'><strong>pristini</strong></span> <span class='ocrx_word' id='word_1_637' title='bbox 3261 4116 3478 4171; x_wconf 88' lang='lat' dir='ltr'><strong>honoris</strong></span> 
     </span>
    </p>
   </div>
   <div class='ocr_carea' id='block_1_88' title="bbox 1917 4208 3475 4281">
    <p class='ocr_par' dir='ltr' id='par_1_88' title="bbox 1917 4208 3475 4281">
     <span class='ocr_line' id='line_1_88' title="bbox 1917 4208 3475 4281; baseline -0.004 -13"><span class='ocrx_word' id='word_1_638' title='bbox 1917 4215 2089 4269; x_wconf 92' lang='lat' dir='ltr'><strong>locum</strong></span> <span class='ocrx_word' id='word_1_639' title='bbox 2118 4215 2369 4279; x_wconf 87' lang='lat' dir='ltr'><strong>restituit,</strong></span> <span class='ocrx_word' id='word_1_640' title='bbox 2396 4223 2448 4268; x_wconf 92' lang='lat' dir='ltr'><strong>et</strong></span> <span class='ocrx_word' id='word_1_641' title='bbox 2476 4214 2545 4268; x_wconf 91' lang='lat' dir='ltr'><strong>ob</strong></span> <span class='ocrx_word' id='word_1_642' title='bbox 2573 4213 2740 4281; x_wconf 83' lang='lat' dir='ltr'><strong>ipsius</strong></span> <span class='ocrx_word' id='word_1_643' title='bbox 2765 4210 3119 4265; x_wconf 90' lang='lat' dir='ltr'><strong>inventionem</strong></span> <span class='ocrx_word' id='word_1_644' title='bbox 3149 4208 3475 4261; x_wconf 65' lang='lat' dir='ltr'><strong>laetissimum</strong></span> 
     </span>
    </p>
   </div>
   <div class='ocr_carea' id='block_1_89' title="bbox 1915 4295 3478 4369">
    <p class='ocr_par' dir='ltr' id='par_1_89' title="bbox 1915 4295 3478 4369">
     <span class='ocr_line' id='line_1_89' title="bbox 1915 4295 3478 4369; baseline -0.006 -10"><span class='ocrx_word' id='word_1_645' title='bbox 1915 4303 2108 4361; x_wconf 77' lang='lat' dir='ltr'><strong>featum</strong></span> <span class='ocrx_word' id='word_1_646' title='bbox 2135 4303 2460 4369; x_wconf 84' lang='lat' dir='ltr'><strong>celebravit,</strong></span> <span class='ocrx_word' id='word_1_647' title='bbox 2493 4302 2668 4356; x_wconf 89' lang='lat' dir='ltr'><strong>occiso</strong></span> <span class='ocrx_word' id='word_1_648' title='bbox 2705 4300 2868 4354; x_wconf 89' lang='lat' dir='ltr'><strong>vitulo</strong></span> <span class='ocrx_word' id='word_1_649' title='bbox 2915 4298 3170 4366; x_wconf 82' lang='lat' dir='ltr'><strong>saginato.</strong></span> <span class='ocrx_word' id='word_1_650' title='bbox 3214 4295 3294 4350; x_wconf 86' lang='lat' dir='ltr'><strong>En</strong></span> <span class='ocrx_word' id='word_1_651' title='bbox 3342 4297 3478 4349; x_wconf 84' lang='lat' dir='ltr'><strong>hanc</strong></span> 
     </span>
    </p>
   </div>
   <div class='ocr_carea' id='block_1_90' title="bbox 1918 4386 3477 4463">
    <p class='ocr_par' dir='ltr' id='par_1_90' title="bbox 1918 4386 3477 4463">
     <span class='ocr_line' id='line_1_90' title="bbox 1918 4386 3477 4463; baseline -0.004 -18"><span class='ocrx_word' id='word_1_652' title='bbox 1918 4394 2220 4463; x_wconf 85' lang='lat' dir='ltr'><strong>parabolam</strong></span> <span class='ocrx_word' id='word_1_653' title='bbox 2249 4392 2316 4446; x_wconf 92' lang='lat' dir='ltr'><strong>de</strong></span> <span class='ocrx_word' id='word_1_654' title='bbox 2341 4393 2406 4446; x_wconf 89' lang='lat' dir='ltr'><strong>iis</strong></span> <span class='ocrx_word' id='word_1_655' title='bbox 2443 4391 2532 4461; x_wconf 88' lang='lat' dir='ltr'><strong>qui</strong></span> <span class='ocrx_word' id='word_1_656' title='bbox 2570 4405 2602 4445; x_wconf 86' lang='lat' dir='ltr'><strong>a</strong></span> <span class='ocrx_word' id='word_1_657' title='bbox 2647 4391 2874 4459; x_wconf 84' lang='lat' dir='ltr'><strong>peccatis</strong></span> <span class='ocrx_word' id='word_1_658' title='bbox 2920 4388 3179 4452; x_wconf 89' lang='lat' dir='ltr'><strong>resiliunt,</strong></span> <span class='ocrx_word' id='word_1_659' title='bbox 3222 4395 3378 4454; x_wconf 89' lang='lat' dir='ltr'><strong>atque</strong></span> <span class='ocrx_word' id='word_1_660' title='bbox 3407 4386 3477 4439; x_wconf 88' lang='lat' dir='ltr'><strong>ad</strong></span> 
     </span>
    </p>
   </div>
   <div class='ocr_carea' id='block_1_91' title="bbox 1917 4478 3477 4553">
    <p class='ocr_par' dir='ltr' id='par_1_91' title="bbox 1917 4478 3477 4553">
     <span class='ocr_line' id='line_1_91' title="bbox 1917 4478 3477 4553; baseline -0.005 -13"><span class='ocrx_word' id='word_1_661' title='bbox 1917 4484 2278 4553; x_wconf 74' lang='lat' dir='ltr'><strong>pmnitentiam</strong></span> <span class='ocrx_word' id='word_1_662' title='bbox 2299 4491 2604 4548; x_wconf 89' lang='lat' dir='ltr'><strong>accurrunt,</strong></span> <span class='ocrx_word' id='word_1_663' title='bbox 2629 4483 2780 4537; x_wconf 87' lang='lat' dir='ltr'><strong>nobis</strong></span> <span class='ocrx_word' id='word_1_664' title='bbox 2797 4481 3249 4536; x_wconf 88' lang='lat' dir='ltr'><strong>commemoravit.</strong></span> <span class='ocrx_word' id='word_1_665' title='bbox 3277 4478 3477 4546; x_wconf 86' lang='lat' dir='ltr'><strong>Quine-</strong></span> 
     </span>
    </p>
   </div>
   <div class='ocr_carea' id='block_1_92' title="bbox 1919 4567 3470 4644">
    <p class='ocr_par' dir='ltr' id='par_1_92' title="bbox 1919 4567 3470 4644">
     <span class='ocr_line' id='line_1_92' title="bbox 1919 4567 3470 4644; baseline -0.006 -16"><span class='ocrx_word' id='word_1_666' title='bbox 1919 4575 2043 4629; x_wconf 89' lang='lat' dir='ltr'><strong>tiam</strong></span> <span class='ocrx_word' id='word_1_667' title='bbox 2069 4577 2266 4628; x_wconf 88' lang='lat' dir='ltr'><strong>bonum</strong></span> <span class='ocrx_word' id='word_1_668' title='bbox 2295 4573 2574 4644; x_wconf 87' lang='lat' dir='ltr'><strong>quemdam</strong></span> <span class='ocrx_word' id='word_1_669' title='bbox 2602 4581 2865 4641; x_wconf 90' lang='lat' dir='ltr'><strong>pastorem</strong></span> <span class='ocrx_word' id='word_1_670' title='bbox 2893 4584 3072 4624; x_wconf 91' lang='lat' dir='ltr'><strong>rursus</strong></span> <span class='ocrx_word' id='word_1_671' title='bbox 3100 4569 3296 4622; x_wconf 89' lang='lat' dir='ltr'><strong>inducit</strong></span> <span class='ocrx_word' id='word_1_672' title='bbox 3321 4567 3470 4634; x_wconf 85' lang='lat' dir='ltr'><strong>(Luc.</strong></span> 
     </span>
    </p>
   </div>
   <div class='ocr_carea' id='block_1_93' title="bbox 233 4651 1806 4765">
    <p class='ocr_par' dir='ltr' id='par_1_93' title="bbox 233 4651 1805 4765">
     <span class='ocr_line' id='line_1_93' title="bbox 233 4651 1805 4765; baseline 0.004 -23"><span class='ocrx_word' id='word_1_673' title='bbox 233 4651 396 4744; x_wconf 64' lang='lat' dir='ltr'><strong>me;</strong></span> <span class='ocrx_word' id='word_1_674' title='bbox 419 4651 515 4744; x_wconf 57' lang='grc' dir='ltr'>κὲιι</span> <span class='ocrx_word' id='word_1_675' title='bbox 545 4651 780 4762; x_wconf 68' lang='grc' dir='ltr'>ποιμένα</span> <span class='ocrx_word' id='word_1_676' title='bbox 805 4651 1805 4765; x_wconf 43' lang='lat' dir='ltr'><strong>eamea}:e;&#39;;&#39;s,..;z;g)‘si-</strong></span> 
     </span>
    </p>
   </div>
   <div class='ocr_carea' id='block_1_94' title="bbox 1923 4651 3476 4765">
    <p class='ocr_par' dir='ltr' id='par_1_94' title="bbox 1923 4655 3476 4736">
     <span class='ocr_line' id='line_1_94' title="bbox 1923 4655 3476 4736; baseline -0.007 -16"><span class='ocrx_word' id='word_1_677' title='bbox 1923 4664 2038 4736; x_wconf 73' lang='lat' dir='ltr'><strong>xv),</strong></span> <span class='ocrx_word' id='word_1_678' title='bbox 2069 4665 2158 4734; x_wconf 93' lang='lat' dir='ltr'><strong>qui</strong></span> <span class='ocrx_word' id='word_1_679' title='bbox 2180 4679 2300 4719; x_wconf 91' lang='lat' dir='ltr'><strong>cum</strong></span> <span class='ocrx_word' id='word_1_680' title='bbox 2329 4673 2538 4718; x_wconf 91' lang='lat' dir='ltr'><strong>centum</strong></span> <span class='ocrx_word' id='word_1_681' title='bbox 2564 4676 2691 4717; x_wconf 85' lang='lat' dir='ltr'><strong>oves</strong></span> <span class='ocrx_word' id='word_1_682' title='bbox 2719 4661 2959 4729; x_wconf 85' lang='lat' dir='ltr'><strong>haberet,</strong></span> <span class='ocrx_word' id='word_1_683' title='bbox 2988 4670 3145 4728; x_wconf 88' lang='lat' dir='ltr'><strong>atque</strong></span> <span class='ocrx_word' id='word_1_684' title='bbox 3172 4673 3324 4710; x_wconf 90' lang='lat' dir='ltr'><strong>unam</strong></span> <span class='ocrx_word' id='word_1_685' title='bbox 3345 4655 3476 4710; x_wconf 87' lang='lat' dir='ltr'><strong>ami-</strong></span> 
     </span>
    </p>
   </div>
   <div class='ocr_carea' id='block_1_95' title="bbox 175 4779 1799 4856">
    <p class='ocr_par' dir='ltr' id='par_1_95' title="bbox 175 4779 1799 4856">
     <span class='ocr_line' id='line_1_95' title="bbox 175 4779 1799 4856; baseline 0.003 -23"><span class='ocrx_word' id='word_1_686' title='bbox 175 4799 178 4801; x_wconf 52' lang='grc' dir='ltr'><strong>λ</strong></span> <span class='ocrx_word' id='word_1_687' title='bbox 221 4779 310 4834; x_wconf 81' lang='grc' dir='ltr'>τὸν</span> <span class='ocrx_word' id='word_1_688' title='bbox 338 4783 617 4854; x_wconf 83' lang='grc' dir='ltr'>ἐσχηκότα</span> <span class='ocrx_word' id='word_1_689' title='bbox 659 4784 912 4856; x_wconf 80' lang='grc' dir='ltr'>πρόϐατα</span> <span class='ocrx_word' id='word_1_690' title='bbox 965 4787 1096 4852; x_wconf 78' lang='grc' dir='ltr'>καὶ,</span> <span class='ocrx_word' id='word_1_691' title='bbox 1135 4784 1231 4839; x_wconf 78' lang='grc' dir='ltr'>τοῦ</span> <span class='ocrx_word' id='word_1_692' title='bbox 1262 4785 1381 4849; x_wconf 79' lang='grc' dir='ltr'>ἐνὸς</span> <span class='ocrx_word' id='word_1_693' title='bbox 1417 4785 1758 4850; x_wconf 88' lang='grc' dir='ltr'>ἀπολωλότος</span> <span class='ocrx_word' id='word_1_694' title='bbox 1782 4825 1799 4851; x_wconf 94' lang='grc'><strong>,</strong></span> 
     </span>
    </p>
   </div>
   <div class='ocr_carea' id='block_1_96' title="bbox 225 4872 1800 4947">
    <p class='ocr_par' dir='ltr' id='par_1_96' title="bbox 225 4872 1800 4947">
     <span class='ocr_line' id='line_1_96' title="bbox 225 4872 1800 4947; baseline 0.003 -23"><span class='ocrx_word' id='word_1_695' title='bbox 225 4872 598 4928; x_wconf 85' lang='grc' dir='ltr'>καταλιπόντα</span> <span class='ocrx_word' id='word_1_696' title='bbox 639 4874 710 4932; x_wconf 80' lang='grc' dir='ltr'>τὰ</span> <span class='ocrx_word' id='word_1_697' title='bbox 759 4876 1282 4946; x_wconf 85' lang='grc' dir='ltr'>ὲνενηκονταεννέα,</span> <span class='ocrx_word' id='word_1_698' title='bbox 1336 4876 1418 4939; x_wconf 83' lang='grc' dir='ltr'><strong>είς</strong></span> <span class='ocrx_word' id='word_1_699' title='bbox 1472 4875 1800 4947; x_wconf 81' lang='grc' dir='ltr'>ἐπιζήτησιν</span> 
     </span>
    </p>
   </div>
   <div class='ocr_carea' id='block_1_97' title="bbox 224 4962 1799 5040">
    <p class='ocr_par' dir='ltr' id='par_1_97' title="bbox 224 4962 1799 5040">
     <span class='ocr_line' id='line_1_97' title="bbox 224 4962 1799 5040; baseline 0.004 -26"><span class='ocrx_word' id='word_1_700' title='bbox 224 4962 315 5018; x_wconf 76' lang='grc' dir='ltr'>τοῦ</span> <span class='ocrx_word' id='word_1_701' title='bbox 360 4966 647 5036; x_wconf 84' lang='grc' dir='ltr'>ἀλωμένου</span> <span class='ocrx_word' id='word_1_702' title='bbox 694 4966 954 5032; x_wconf 80' lang='grc' dir='ltr'>ἐξελθεῖν,</span> <span class='ocrx_word' id='word_1_703' title='bbox 990 4967 1096 5030; x_wconf 74' lang='grc' dir='ltr'>ἕως</span> <span class='ocrx_word' id='word_1_704' title='bbox 1139 4965 1317 5040; x_wconf 86' lang='grc' dir='ltr'>εὑρὼν</span> <span class='ocrx_word' id='word_1_705' title='bbox 1350 4967 1484 5020; x_wconf 83' lang='grc' dir='ltr'>αὐτὸ</span> <span class='ocrx_word' id='word_1_706' title='bbox 1507 5009 1522 5034; x_wconf 97' lang='grc'><strong>,</strong></span> <span class='ocrx_word' id='word_1_707' title='bbox 1561 4967 1799 5032; x_wconf 74' lang='grc' dir='ltr'>καὶτοῖς</span> 
     </span>
    </p>
   </div>
   <div class='ocr_carea' id='block_1_98' title="bbox 228 5053 1800 5130">
    <p class='ocr_par' dir='ltr' id='par_1_98' title="bbox 228 5053 1800 5130">
     <span class='ocr_line' id='line_1_98' title="bbox 228 5053 1800 5130; baseline -0.01 -5"><span class='ocrx_word' id='word_1_708' title='bbox 228 5053 392 5124; x_wconf 68' lang='grc' dir='ltr'><strong>ὤμοις</strong></span> <span class='ocrx_word' id='word_1_709' title='bbox 425 5058 716 5114; x_wconf 79' lang='grc' dir='ltr'>ἀναλαϐὼν</span> <span class='ocrx_word' id='word_1_710' title='bbox 740 5099 756 5123; x_wconf 94' lang='grc'><strong>,</strong></span> <span class='ocrx_word' id='word_1_711' title='bbox 787 5062 900 5119; x_wconf 84' lang='grc' dir='ltr'>τοῖς</span> <span class='ocrx_word' id='word_1_712' title='bbox 938 5059 1201 5114; x_wconf 87' lang='grc' dir='ltr'>ἀπλανέσι</span> <span class='ocrx_word' id='word_1_713' title='bbox 1231 5057 1622 5130; x_wconf 81' lang='grc' dir='ltr'>συγκατέμιξε,</span> <span class='ocrx_word' id='word_1_714' title='bbox 1667 5076 1800 5128; x_wconf 88' lang='grc' dir='ltr'>συγ-</span> 
     </span>
    </p>
   </div>
   <div class='ocr_carea' id='block_1_99' title="bbox 232 5146 1791 5222">
    <p class='ocr_par' dir='ltr' id='par_1_99' title="bbox 232 5146 1791 5222">
     <span class='ocr_line' id='line_1_99' title="bbox 232 5146 1791 5222; baseline 0.004 -24"><span class='ocrx_word' id='word_1_715' title='bbox 232 5146 457 5215; x_wconf 82' lang='grc' dir='ltr'>καλέσας</span> <span class='ocrx_word' id='word_1_716' title='bbox 486 5153 615 5216; x_wconf 79' lang='grc' dir='ltr'>τοὺς</span> <span class='ocrx_word' id='word_1_717' title='bbox 651 5151 840 5221; x_wconf 83' lang='grc' dir='ltr'>φίλους</span> <span class='ocrx_word' id='word_1_718' title='bbox 871 5151 967 5205; x_wconf 82' lang='grc' dir='ltr'><strong>καὶ</strong></span> <span class='ocrx_word' id='word_1_719' title='bbox 995 5152 1122 5215; x_wconf 83' lang='grc' dir='ltr'>τοὺς</span> <span class='ocrx_word' id='word_1_720' title='bbox 1155 5151 1407 5220; x_wconf 84' lang='grc' dir='ltr'>γείτονας</span> <span class='ocrx_word' id='word_1_721' title='bbox 1441 5152 1524 5214; x_wconf 81' lang='grc' dir='ltr'><strong>είς</strong></span> <span class='ocrx_word' id='word_1_722' title='bbox 1553 5151 1791 5222; x_wconf 85' lang='grc' dir='ltr'>εὐωχίαν</span> 
     </span>
    </p>
   </div>
   <div class='ocr_carea' id='block_1_100' title="bbox 1916 4748 3474 4826">
    <p class='ocr_par' dir='ltr' id='par_1_100' title="bbox 1916 4748 3474 4826">
     <span class='ocr_line' id='line_1_100' title="bbox 1916 4748 3474 4826; baseline -0.008 -14"><span class='ocrx_word' id='word_1_723' title='bbox 1916 4759 2094 4826; x_wconf 88' lang='lat' dir='ltr'><strong>sisset,</strong></span> <span class='ocrx_word' id='word_1_724' title='bbox 2125 4760 2324 4813; x_wconf 75' lang='lat' dir='ltr'><strong>relictis</strong></span> <span class='ocrx_word' id='word_1_725' title='bbox 2371 4757 2652 4826; x_wconf 87' lang='lat' dir='ltr'><strong>nonaginta</strong></span> <span class='ocrx_word' id='word_1_726' title='bbox 2695 4767 2906 4818; x_wconf 84' lang='lat' dir='ltr'><strong>novem,</strong></span> <span class='ocrx_word' id='word_1_727' title='bbox 2955 4752 3021 4805; x_wconf 91' lang='lat' dir='ltr'><strong>ad</strong></span> <span class='ocrx_word' id='word_1_728' title='bbox 3064 4748 3474 4818; x_wconf 88' lang='lat' dir='ltr'><strong>conquirendam</strong></span> 
     </span>
    </p>
   </div>
   <div class='ocr_carea' id='block_1_101' title="bbox 1914 4839 3476 4920">
    <p class='ocr_par' dir='ltr' id='par_1_101' title="bbox 1914 4839 3476 4920">
     <span class='ocr_line' id='line_1_101' title="bbox 1914 4839 3476 4920; baseline -0.01 -14"><span class='ocrx_word' id='word_1_729' title='bbox 1914 4865 2030 4906; x_wconf 86' lang='lat' dir='ltr'><strong>eam</strong></span> <span class='ocrx_word' id='word_1_730' title='bbox 2062 4864 2181 4920; x_wconf 68' lang='lat' dir='ltr'><strong>quae</strong></span> <span class='ocrx_word' id='word_1_731' title='bbox 2207 4851 2486 4905; x_wconf 80' lang='lat' dir='ltr'><strong>aberrabat</strong></span> <span class='ocrx_word' id='word_1_732' title='bbox 2513 4848 2776 4918; x_wconf 80' lang='lat' dir='ltr'><strong>profectus</strong></span> <span class='ocrx_word' id='word_1_733' title='bbox 2819 4853 2924 4912; x_wconf 87' lang='lat' dir='ltr'><strong>est,</strong></span> <span class='ocrx_word' id='word_1_734' title='bbox 2952 4845 3120 4898; x_wconf 91' lang='lat' dir='ltr'><strong>donec</strong></span> <span class='ocrx_word' id='word_1_735' title='bbox 3165 4856 3283 4896; x_wconf 92' lang='lat' dir='ltr'><strong>eam</strong></span> <span class='ocrx_word' id='word_1_736' title='bbox 3328 4839 3476 4893; x_wconf 89' lang='lat' dir='ltr'><strong>inve-</strong></span> 
     </span>
    </p>
   </div>
   <div class='ocr_carea' id='block_1_102' title="bbox 1918 4929 3475 5010">
    <p class='ocr_par' dir='ltr' id='par_1_102' title="bbox 1918 4929 3475 5010">
     <span class='ocr_line' id='line_1_102' title="bbox 1918 4929 3475 5010; baseline -0.008 -16"><span class='ocrx_word' id='word_1_737' title='bbox 1918 4942 2104 5006; x_wconf 84' lang='lat' dir='ltr'><strong>nisset,</strong></span> <span class='ocrx_word' id='word_1_738' title='bbox 2136 4949 2294 5010; x_wconf 88' lang='lat' dir='ltr'><strong>atque</strong></span> <span class='ocrx_word' id='word_1_739' title='bbox 2320 4939 2552 4994; x_wconf 88' lang='lat' dir='ltr'><strong>humeris</strong></span> <span class='ocrx_word' id='word_1_740' title='bbox 2575 4938 2857 5003; x_wconf 89' lang='lat' dir='ltr'><strong>sublatam,</strong></span> <span class='ocrx_word' id='word_1_741' title='bbox 2889 4949 3008 4989; x_wconf 91' lang='lat' dir='ltr'><strong>cum</strong></span> <span class='ocrx_word' id='word_1_742' title='bbox 3032 4934 3096 4986; x_wconf 91' lang='lat' dir='ltr'><strong>iis</strong></span> <span class='ocrx_word' id='word_1_743' title='bbox 3116 4946 3234 5000; x_wconf 74' lang='lat' dir='ltr'><strong>qua:</strong></span> <span class='ocrx_word' id='word_1_744' title='bbox 3259 4929 3475 4984; x_wconf 87' lang='lat' dir='ltr'><strong>minime</strong></span> 
     </span>
    </p>
   </div>
   <div class='ocr_carea' id='block_1_103' title="bbox 1916 5024 3474 5101">
    <p class='ocr_par' dir='ltr' id='par_1_103' title="bbox 1916 5024 3474 5101">
     <span class='ocr_line' id='line_1_103' title="bbox 1916 5024 3474 5101; baseline -0.007 -16"><span class='ocrx_word' id='word_1_745' title='bbox 1916 5031 2297 5088; x_wconf 85' lang='lat' dir='ltr'><strong>aberraverunt</strong></span> <span class='ocrx_word' id='word_1_746' title='bbox 2340 5032 2720 5101; x_wconf 81' lang='lat' dir='ltr'><strong>conjunxisset.</strong></span> <span class='ocrx_word' id='word_1_747' title='bbox 2761 5029 2862 5095; x_wconf 87' lang='lat' dir='ltr'><strong>Qui</strong></span> <span class='ocrx_word' id='word_1_748' title='bbox 2905 5029 3062 5082; x_wconf 84' lang='lat' dir='ltr'><strong>etiam</strong></span> <span class='ocrx_word' id='word_1_749' title='bbox 3113 5025 3214 5078; x_wconf 90' lang='lat' dir='ltr'><strong>hoc</strong></span> <span class='ocrx_word' id='word_1_750' title='bbox 3264 5024 3474 5077; x_wconf 88' lang='lat' dir='ltr'><strong>nomine</strong></span> 
     </span>
    </p>
   </div>
   <div class='ocr_carea' id='block_1_104' title="bbox 1916 5114 3473 5177">
    <p class='ocr_par' dir='ltr' id='par_1_104' title="bbox 1916 5114 3473 5177">
     <span class='ocr_line' id='line_1_104' title="bbox 1916 5114 3473 5177; baseline -0.008 -1"><span class='ocrx_word' id='word_1_751' title='bbox 1916 5123 2114 5177; x_wconf 89' lang='lat' dir='ltr'><strong>amicos</strong></span> <span class='ocrx_word' id='word_1_752' title='bbox 2141 5136 2204 5176; x_wconf 88' lang='lat' dir='ltr'><strong>ac</strong></span> <span class='ocrx_word' id='word_1_753' title='bbox 2232 5123 2432 5176; x_wconf 88' lang='lat' dir='ltr'><strong>vicinos</strong></span> <span class='ocrx_word' id='word_1_754' title='bbox 2457 5122 2523 5174; x_wconf 91' lang='lat' dir='ltr'><strong>ad</strong></span> <span class='ocrx_word' id='word_1_755' title='bbox 2551 5119 2850 5174; x_wconf 84' lang='lat' dir='ltr'><strong>cunviviutn</strong></span> <span class='ocrx_word' id='word_1_756' title='bbox 2879 5117 2947 5170; x_wconf 92' lang='lat' dir='ltr'><strong>ob</strong></span> <span class='ocrx_word' id='word_1_757' title='bbox 2971 5129 3086 5168; x_wconf 86' lang='lat' dir='ltr'><strong>eam</strong></span> <span class='ocrx_word' id='word_1_758' title='bbox 3106 5114 3365 5167; x_wconf 89' lang='lat' dir='ltr'><strong>inventam</strong></span> <span class='ocrx_word' id='word_1_759' title='bbox 3386 5125 3473 5164; x_wconf 91' lang='lat' dir='ltr'><strong>ce-</strong></span> 
     </span>
    </p>
   </div>
   <div class='ocr_carea' id='block_1_105' title="bbox 301 5326 1806 5401">
    <p class='ocr_par' dir='ltr' id='par_1_105' title="bbox 301 5326 1806 5401">
     <span class='ocr_line' id='line_1_105' title="bbox 301 5326 1806 5401; baseline 0.002 -22"><span class='ocrx_word' id='word_1_760' title='bbox 301 5326 375 5396; x_wconf 82' lang='grc'><strong>(8)</strong></span> <span class='ocrx_word' id='word_1_761' title='bbox 405 5327 608 5384; x_wconf 84' lang='lat' dir='ltr'><strong>Paulus</strong></span> <span class='ocrx_word' id='word_1_762' title='bbox 638 5327 810 5401; x_wconf 88' lang='lat' dir='ltr'><strong>Epist.</strong></span> <span class='ocrx_word' id='word_1_763' title='bbox 845 5329 912 5384; x_wconf 89' lang='lat' dir='ltr'><strong>ad</strong></span> <span class='ocrx_word' id='word_1_764' title='bbox 950 5327 1226 5401; x_wconf 77' lang='lat' dir='ltr'><strong>Hebr.__vr,</strong></span> <span class='ocrx_word' id='word_1_765' title='bbox 1266 5327 1319 5388; x_wconf 70' lang='grc'>4,</span> <span class='ocrx_word' id='word_1_766' title='bbox 1344 5328 1398 5392; x_wconf 88' lang='grc'>9,</span> <span class='ocrx_word' id='word_1_767' title='bbox 1435 5326 1602 5401; x_wconf 83' lang='lat' dir='ltr'><strong>multo</strong></span> <span class='ocrx_word' id='word_1_768' title='bbox 1636 5328 1806 5382; x_wconf 87' lang='lat' dir='ltr'><strong>severi</strong></span> 
     </span>
    </p>
   </div>
   <div class='ocr_carea' id='block_1_106' title="bbox 1923 5326 3486 5401">
    <p class='ocr_par' dir='ltr' id='par_1_106' title="bbox 1923 5327 3486 5401">
     <span class='ocr_line' id='line_1_106' title="bbox 1923 5327 3486 5401; baseline -0.004 -16"><span class='ocrx_word' id='word_1_769' title='bbox 1923 5340 2017 5385; x_wconf 63' lang='lat' dir='ltr'><strong>*st:</strong></span> <span class='ocrx_word' id='word_1_770' title='bbox 2067 5331 2355 5384; x_wconf 81' lang='grc' dir='ltr'>Ἀδύνατον</span> <span class='ocrx_word' id='word_1_771' title='bbox 2388 5330 2497 5401; x_wconf 79' lang='grc' dir='ltr'>γὰρ</span> <span class='ocrx_word' id='word_1_772' title='bbox 2534 5331 2663 5393; x_wconf 83' lang='grc' dir='ltr'>τοὺς</span> <span class='ocrx_word' id='word_1_773' title='bbox 2703 5328 2849 5395; x_wconf 67' lang='grc' dir='ltr'>ἅπαξ</span> <span class='ocrx_word' id='word_1_774' title='bbox 2893 5327 3350 5397; x_wconf 84' lang='grc' dir='ltr'>φωτισθέντας,...</span> <span class='ocrx_word' id='word_1_775' title='bbox 3395 5327 3486 5380; x_wconf 78' lang='grc' dir='ltr'>καὶ</span> 
     </span>
    </p>
   </div>
   <div class='ocr_carea' id='block_1_107' title="bbox 235 5397 1679 5470">
    <p class='ocr_par' dir='ltr' id='par_1_107' title="bbox 235 5397 1679 5470">
     <span class='ocr_line' id='line_1_107' title="bbox 235 5397 1679 5470; baseline 0.001 -24"><span class='ocrx_word' id='word_1_776' title='bbox 235 5401 666 5470; x_wconf 82' lang='grc' dir='ltr'>παραπεσόντας,</span> <span class='ocrx_word' id='word_1_777' title='bbox 684 5397 860 5454; x_wconf 70' lang='grc' dir='ltr'>’πάλιν</span> <span class='ocrx_word' id='word_1_778' title='bbox 883 5397 1252 5462; x_wconf 76' lang='grc' dir='ltr'>ἀνακαινίζειν</span> <span class='ocrx_word' id='word_1_779' title='bbox 1275 5401 1356 5462; x_wconf 87' lang='grc' dir='ltr'><strong>είς</strong></span> <span class='ocrx_word' id='word_1_780' title='bbox 1387 5397 1679 5470; x_wconf 86' lang='grc' dir='ltr'>μετάνοιαν</span> 
     </span>
    </p>
   </div>
   <div class='ocr_carea' id='block_1_108' title="bbox 301 5467 1523 5534">
    <p class='ocr_par' dir='ltr' id='par_1_108' title="bbox 301 5467 1523 5534">
     <span class='ocr_line' id='line_1_108' title="bbox 301 5467 1523 5534; baseline 0.003 -12"><span class='ocrx_word' id='word_1_781' title='bbox 301 5467 374 5534; x_wconf 81' lang='lat'><strong>(9)</strong></span> <span class='ocrx_word' id='word_1_782' title='bbox 395 5469 590 5524; x_wconf 84' lang='lat' dir='ltr'><strong>Matth.</strong></span> <span class='ocrx_word' id='word_1_783' title='bbox 621 5485 696 5532; x_wconf 85' lang='grc' dir='ltr'><strong>ιν,</strong></span> <span class='ocrx_word' id='word_1_784' title='bbox 727 5470 814 5524; x_wconf 81' lang='grc'><strong>17.</strong></span> <span class='ocrx_word' id='word_1_785' title='bbox 1391 5467 1400 5470; x_wconf 60' lang='grc'>⁷</span> <span class='ocrx_word' id='word_1_786' title='bbox 1516 5486 1523 5492; x_wconf 90' lang='grc'>·</span> 
     </span>
    </p>
   </div>
   <div class='ocr_carea' id='block_1_109' title="bbox 300 5537 1144 5610">
    <p class='ocr_par' dir='ltr' id='par_1_109' title="bbox 300 5537 1144 5610">
     <span class='ocr_line' id='line_1_109' title="bbox 300 5537 1144 5610; baseline 0.005 -20"><span class='ocrx_word' id='word_1_787' title='bbox 300 5537 406 5608; x_wconf 78' lang='lat' dir='ltr'><strong>(lli)</strong></span> <span class='ocrx_word' id='word_1_788' title='bbox 436 5542 589 5609; x_wconf 79' lang='lat' dir='ltr'><strong>Apud</strong></span> <span class='ocrx_word' id='word_1_789' title='bbox 615 5539 745 5595; x_wconf 87' lang='lat' dir='ltr'><strong>Luc.</strong></span> <span class='ocrx_word' id='word_1_790' title='bbox 775 5555 866 5606; x_wconf 79' lang='lat' dir='ltr'><strong>xv,</strong></span> <span class='ocrx_word' id='word_1_791' title='bbox 897 5540 984 5607; x_wconf 82' lang='grc' dir='ltr'>Η,</span> <span class='ocrx_word' id='word_1_792' title='bbox 1021 5555 1144 5610; x_wconf 87' lang='lat' dir='ltr'><strong>sqq.</strong></span> 
     </span>
    </p>
   </div>
   <div class='ocr_carea' id='block_1_110' title="bbox 303 5607 3442 5690">
    <p class='ocr_par' dir='ltr' id='par_1_110' title="bbox 303 5607 3442 5690">
     <span class='ocr_line' id='line_1_110' title="bbox 303 5607 3442 5690; baseline -0 -27"><span class='ocrx_word' id='word_1_793' title='bbox 303 5607 408 5690; x_wconf 62' lang='lat' dir='ltr'><strong>(ll)</strong></span> <span class='ocrx_word' id='word_1_794' title='bbox 445 5607 508 5690; x_wconf 61' lang='grc' dir='ltr'>ᾼ,</span> <span class='ocrx_word' id='word_1_795' title='bbox 535 5611 868 5690; x_wconf 41' lang='lat' dir='ltr'><strong>adservata}.</strong></span> <span class='ocrx_word' id='word_1_796' title='bbox 895 5607 1081 5689; x_wconf 72' lang='lat' dir='ltr'><strong>Lucas</strong></span> <span class='ocrx_word' id='word_1_797' title='bbox 1102 5607 1117 5664; x_wconf 74' lang='grc' dir='ltr'><em>ἐ</em></span> <span class='ocrx_word' id='word_1_798' title='bbox 1140 5609 1624 5690; x_wconf 64' lang='grc' dir='ltr'>δαπανήσαντοςδὲ</span> <span class='ocrx_word' id='word_1_799' title='bbox 1657 5607 1820 5690; x_wconf 64' lang='grc' dir='ltr'>ανξιτοῦ</span> <span class='ocrx_word' id='word_1_800' title='bbox 1851 5609 2048 5663; x_wconf 87' lang='grc' dir='ltr'>πάντα.</span> <span class='ocrx_word' id='word_1_801' title='bbox 2137 5680 2176 5690; x_wconf 53' lang='grc' dir='ltr'>η</span> <span class='ocrx_word' id='word_1_802' title='bbox 2245 5681 2292 5690; x_wconf 46' lang='grc' dir='ltr'>Η</span> <span class='ocrx_word' id='word_1_803' title='bbox 2527 5681 2567 5690; x_wconf 48' lang='grc' dir='ltr'>κ</span> <span class='ocrx_word' id='word_1_804' title='bbox 2608 5680 2619 5690; x_wconf 84' lang='lat'><em>_</em></span> <span class='ocrx_word' id='word_1_805' title='bbox 2756 5678 2860 5690; x_wconf 41' lang='lat' dir='ltr'><strong>Mn</strong></span> <span class='ocrx_word' id='word_1_806' title='bbox 2949 5681 2960 5690; x_wconf 31' lang='grc' dir='ltr'><strong>Α</strong></span> <span class='ocrx_word' id='word_1_807' title='bbox 3041 5677 3085 5690; x_wconf 49' lang='grc' dir='ltr'><em>Μ</em></span> <span class='ocrx_word' id='word_1_808' title='bbox 3117 5678 3158 5690; x_wconf 53' lang='grc' dir='ltr'>Η</span> <span class='ocrx_word' id='word_1_809' title='bbox 3423 5673 3442 5690; x_wconf 42' lang='grc' dir='ltr'><strong>η</strong></span> 
     </span>
    </p>
   </div>
   <div class='ocr_carea' id='block_1_111' title="bbox 305 5677 1806 5750">
    <p class='ocr_par' dir='ltr' id='par_1_111' title="bbox 305 5677 1806 5750">
     <span class='ocr_line' id='line_1_111' title="bbox 305 5677 1806 5750; baseline -0.001 -19"><span class='ocrx_word' id='word_1_810' title='bbox 305 5679 408 5750; x_wconf 72' lang='lat'><strong>(1‘2)</strong></span> <span class='ocrx_word' id='word_1_811' title='bbox 439 5679 480 5734; x_wconf 78' lang='lat' dir='ltr'><strong><em>C</em></strong></span> <span class='ocrx_word' id='word_1_812' title='bbox 503 5679 622 5750; x_wconf 84' lang='lat' dir='ltr'><strong>sine</strong></span> <span class='ocrx_word' id='word_1_813' title='bbox 641 5679 762 5750; x_wconf 75' lang='grc' dir='ltr'><strong>ὀψέ.</strong></span> <span class='ocrx_word' id='word_1_814' title='bbox 801 5679 1008 5748; x_wconf 66' lang='grc' dir='ltr'>διιδβίιιε</span> <span class='ocrx_word' id='word_1_815' title='bbox 1031 5679 1323 5750; x_wconf 66' lang='grc' dir='ltr'>Ῑιιιιείιὸψέ</span> <span class='ocrx_word' id='word_1_816' title='bbox 1342 5677 1508 5750; x_wconf 66' lang='grc' dir='ltr'>ποτε,</span> <span class='ocrx_word' id='word_1_817' title='bbox 1543 5678 1628 5733; x_wconf 74' lang='lat' dir='ltr'><strong>Jo.</strong></span> <span class='ocrx_word' id='word_1_818' title='bbox 1655 5680 1806 5750; x_wconf 73' lang='lat' dir='ltr'><strong>Chry:</strong></span> 
     </span>
    </p>
   </div>
   <div class='ocr_carea' id='block_1_112' title="bbox 1923 5677 3486 5750">
    <p class='ocr_par' dir='ltr' id='par_1_112' title="bbox 1923 5677 3486 5750">
     <span class='ocr_line' id='line_1_112' title="bbox 1923 5677 3486 5750; baseline -0.003 -17"><span class='ocrx_word' id='word_1_819' title='bbox 1923 5696 2094 5734; x_wconf 80' lang='lat' dir='ltr'><strong>ornus.</strong></span> <span class='ocrx_word' id='word_1_820' title='bbox 2137 5680 2293 5734; x_wconf 75' lang='lat' dir='ltr'><strong>Verbi</strong></span> <span class='ocrx_word' id='word_1_821' title='bbox 2336 5695 2497 5750; x_wconf 84' lang='lat' dir='ltr'><strong>causa</strong></span> <span class='ocrx_word' id='word_1_822' title='bbox 2527 5680 2641 5735; x_wconf 79' lang='lat' dir='ltr'><strong>Ecl.</strong></span> <span class='ocrx_word' id='word_1_823' title='bbox 2675 5695 2727 5748; x_wconf 90' lang='lat' dir='ltr'><strong>p.</strong></span> <span class='ocrx_word' id='word_1_824' title='bbox 2755 5678 2863 5734; x_wconf 75' lang='lat'><strong>205</strong></span> <span class='ocrx_word' id='word_1_825' title='bbox 2895 5697 2907 5731; x_wconf 90' lang='lat'>:</span> <span class='ocrx_word' id='word_1_826' title='bbox 2935 5677 3343 5750; x_wconf 68' lang='grc' dir='ltr'>Διαϐλέψωμεν,</span> <span class='ocrx_word' id='word_1_827' title='bbox 3381 5677 3486 5750; x_wconf 68' lang='grc' dir='ltr'>κᾶν</span> 
     </span>
    </p>
   </div>
   <div class='ocr_carea' id='block_1_113' title="bbox 239 5742 3480 5822">
    <p class='ocr_par' dir='ltr' id='par_1_113' title="bbox 239 5742 3480 5822">
     <span class='ocr_line' id='line_1_113' title="bbox 239 5742 3480 5822; baseline -0 -21"><span class='ocrx_word' id='word_1_828' title='bbox 355 5742 498 5816; x_wconf 78' lang='grc' dir='ltr'>ποτε,</span> <span class='ocrx_word' id='word_1_829' title='bbox 526 5749 602 5822; x_wconf 61' lang='grc' dir='ltr'><strong>ως</strong></span> <span class='ocrx_word' id='word_1_830' title='bbox 627 5742 753 5822; x_wconf 80' lang='grc' dir='ltr'>χρὴ,</span> <span class='ocrx_word' id='word_1_831' title='bbox 787 5742 925 5822; x_wconf 70' lang='grc' dir='ltr'>πρὸς</span> <span class='ocrx_word' id='word_1_832' title='bbox 945 5742 1428 5822; x_wconf 65' lang='grc' dir='ltr'>τά’μέλλοντα.....</span> <span class='ocrx_word' id='word_1_833' title='bbox 1489 5749 1616 5818; x_wconf 73' lang='grc' dir='ltr'><strong>Ὀψὲ</strong></span> <span class='ocrx_word' id='word_1_834' title='bbox 1638 5742 1784 5817; x_wconf 50' lang='grc' dir='ltr'>γοῦν</span> <span class='ocrx_word' id='word_1_835' title='bbox 1811 5766 1942 5822; x_wconf 82' lang='grc' dir='ltr'>ποτε</span> <span class='ocrx_word' id='word_1_836' title='bbox 1972 5750 2070 5819; x_wconf 80' lang='grc' dir='ltr'>τὴν</span> <span class='ocrx_word' id='word_1_837' title='bbox 2094 5753 2249 5806; x_wconf 83' lang='grc' dir='ltr'>νόσον</span> <span class='ocrx_word' id='word_1_838' title='bbox 2303 5749 2575 5804; x_wconf 82' lang='grc' dir='ltr'>ἀπόθεσθε</span> <span class='ocrx_word' id='word_1_839' title='bbox 2623 5742 2719 5821; x_wconf 72' lang='grc' dir='ltr'>τῆς</span> <span class='ocrx_word' id='word_1_840' title='bbox 2742 5751 2852 5803; x_wconf 85' lang='grc' dir='ltr'><strong>τῶν</strong></span> <span class='ocrx_word' id='word_1_841' title='bbox 2895 5742 3480 5821; x_wconf 53' lang='grc' dir='ltr'>χμσίωνέτὲθυμίας.</span> 
     </span>
    </p>
   </div>
   <div class='ocr_carea' id='block_1_114' title="bbox 245 5812 1935 5892">
    <p class='ocr_par' dir='ltr' id='par_1_114' title="bbox 245 5812 1935 5892">
     <span class='ocr_line' id='line_1_114' title="bbox 245 5812 1935 5892; baseline 0.005 -29"><span class='ocrx_word' id='word_1_842' title='bbox 245 5812 511 5892; x_wconf 58' lang='lat' dir='ltr'><strong>ltursusp.</strong></span> <span class='ocrx_word' id='word_1_843' title='bbox 719 5812 1172 5891; x_wconf 51' lang='grc' dir='ltr'>ἀναὰῶμενόῲέ</span> <span class='ocrx_word' id='word_1_844' title='bbox 1197 5820 1327 5892; x_wconf 80' lang='grc' dir='ltr'>γοῦν</span> <span class='ocrx_word' id='word_1_845' title='bbox 1363 5835 1510 5874; x_wconf 84' lang='grc' dir='ltr'>ποτε.</span> <span class='ocrx_word' id='word_1_846' title='bbox 1547 5812 1696 5876; x_wconf 62' lang='lat' dir='ltr'><strong>Adde</strong></span> <span class='ocrx_word' id='word_1_847' title='bbox 1727 5837 1780 5891; x_wconf 84' lang='lat' dir='ltr'><strong>p.</strong></span> <span class='ocrx_word' id='word_1_848' title='bbox 1815 5817 1935 5874; x_wconf 66' lang='lat'><strong>“6.</strong></span> 
     </span>
    </p>
   </div>
   <div class='ocr_carea' id='block_1_115' title="bbox 308 5887 1009 5959">
    <p class='ocr_par' dir='ltr' id='par_1_115' title="bbox 308 5887 1009 5959">
     <span class='ocr_line' id='line_1_115' title="bbox 308 5887 1009 5959; baseline 0.009 -20"><span class='ocrx_word' id='word_1_849' title='bbox 308 5887 411 5958; x_wconf 75' lang='lat' dir='ltr'><strong>(t3)</strong></span> <span class='ocrx_word' id='word_1_850' title='bbox 430 5890 599 5959; x_wconf 80' lang='lat' dir='ltr'><strong>Apud.</strong></span> <span class='ocrx_word' id='word_1_851' title='bbox 634 5891 767 5946; x_wconf 85' lang='lat' dir='ltr'><strong>Luc.</strong></span> <span class='ocrx_word' id='word_1_852' title='bbox 799 5908 888 5958; x_wconf 66' lang='lat' dir='ltr'><strong>sv,</strong></span> <span class='ocrx_word' id='word_1_853' title='bbox 912 5887 1009 5946; x_wconf 57' lang='grc'><strong>4⁷...</strong></span> 
     </span>
    </p>
   </div>
  </div>
