4070 6480
605 440 713 503 959

599 640 646 677 ei
663 626 704 675 it
730 626 781 676 in
803 625 938 678 cmlo
958 640 1115 694 super
1136 641 1239 680 uno
1268 638 1540 695 peccatore
1565 630 1925 697 paenitentiam
1946 642 2153 700 agente,

1975 428 2342 488 ADDENDA-
2818 493 2823 499 ,

607 534 912 589 tentandum
951 522 1209 591 invitavit.
1255 537 1353 603 lla,
1398 536 1567 607 inquit
1609 537 1871 605 Salvator,
1909 545 2155 611 gaudium

2266 541 2324 591 ὲν
2352 541 2417 608 τῇ
2449 539 2637 592 τούτου
2665 539 2900 611 εὑρέσει.
2935 538 3113 603 Οῦτω,
3162 537 3327 609 φησὶν
3357 540 3385 592 6
3411 539 3638 609 Σωτὴρ,
3679 542 3826 611 χαρὰ

3712 435 3815 499 960

2264 630 2415 682 ἔσται
2440 631 2496 683 ὲν
2531 631 2742 700 οὐρανῷ
2775 632 2866 684 ἐπὶ
2896 630 2980 684 ἐνὶ
3019 629 3326 700 ἁμαρτωλῷ
3360 630 3711 699 μετανοοῦντι
3738 671 3753 692 ,
3792 634 3821 699 ἦ

604 727 758 778 quain
782 728 941 782 super
967 718 1247 782 nonaginta
1278 734 1463 774 novem
1479 720 1659 789 justis,
1688 722 1776 791 qui
1798 738 1900 776 non
1923 724 2155 792 indigent

2266 719 2355 771 ἐπὶ
2408 722 2888 791 ὲνενηκονταεννέα
2938 722 3206 786 δικαίοις,
3260 722 3457 785 οἵτινες
3514 721 3576 773 ού
3635 722 3824 790 χρείαν

604 803 913 867 paenitentia

683 891 865 962 Atque
972 895 1110 953 adeo
1241 898 1614 964 discipulorum
1662 901 1905 970 princeps
1952 900 2157 963 Petrus.

603 983 689 1037 illa
720 985 930 1053 inquam
952 986 1071 1042 ﬁdei
1104 998 1267 1056 petra,
1293 991 1407 1059 ipso
1430 991 1715 1047 salutiferze
1736 995 1993 1061 passionis
2019 1005 2155 1048 tein-
2214 1000 2219 1005 '

605 1090 732 1141 pore
759 1087 907 1130 certo
935 1080 1161 1148 quodam
1202 1084 1421 1137 consilio
1447 1084 1827 1154 aliquantisper
1853 1102 1882 1140 a
1930 1087 2039 1141 Deo
2069 1089 2159 1142 de-

601 1174 777 1218 sertus
808 1167 1022 1237 (nempe
1052 1180 1105 1221 ut
1145 1170 1387 1226 humana:
1418 1173 1790 1228 imbecillitatis
1820 1175 2067 1230 vilitatem
2097 1192 2158 1232 ac

604 1253 868 1308 iniseriam
914 1270 1239 1327 perspectam
1274 1262 1532 1331 haberet),
1568 1277 1630 1315 eo
1660 1265 1855 1330 peccati
1889 1269 2158 1334 prolapsus

602 1354 702 1406 est,
736 1355 794 1398 ut
842 1347 1115 1401 Dominum
1146 1352 1411 1417 ahjuraret
1443 1353 1589 1420 (Luc.
1624 1357 1774 1416 xxu).
1822 1356 1943 1410 Post
1984 1369 2157 1413 autem

604 1436 903 1503 conleSIim,
930 1440 1118 1507 inquit,
1140 1444 1412 1495 verborum
1441 1443 1641 1495 Domini
1664 1446 1988 1511 recordatus,
2020 1449 2156 1502 foras

603 1528 787 1591 exivit,
818 1540 873 1581 et
901 1530 1043 1583 ﬂevit
1073 1544 1273 1596 amare,
1297 1545 1359 1584 ac
1390 1548 1481 1598 per
1503 1535 1731 1588 calentes
1758 1536 1873 1589 illas
1899 1538 2156 1606 lacrymas

600 1632 874 1689 acceptum
900 1624 1269 1679 detrimentum
1295 1632 1527 1693 sarcivit,
1554 1632 1928 1699 victoriamque
1948 1636 1999 1688 in
2029 1638 2156 1691 alte-

2264 809 2447 878 ἔχουσι
2484 811 2787 879 μετανοίας.

2346 900 2561 970 Ἀμέλει
2600 902 2696 954 καὶ
2739 903 2767 954 6
2805 902 3099 972 κορυφαῖος
3141 901 3249 954 τῶν
3281 901 3540 970 μαθητῶν
3583 904 3825 973 Πέτρος,

2262 994 2296 1062 ἡ
2328 992 2429 1062 τῆς
2459 994 2693 1056 πίστεως
2744 993 2923 1063 πέτρα
2947 1035 2963 1059 ,
2999 993 3120 1045 κατ’
3154 993 3315 1047 αὑτὸν
3362 993 3452 1046 τὸν
3493 994 3691 1063 καιρὸν
3734 995 3826 1047 τοῦ

2266 1083 2534 1153 σωτηρίου
2568 1083 2805 1148 πάθους,
2843 1083 2980 1154 πρὸς
3033 1084 3225 1152 μικρὸν
3265 1082 3722 1151 ἐγκαταλειφθεὶς
3749 1086 3827 1137 oi-

2268 1178 2530 1245 κονομικῇ
2559 1192 2665 1228 τινι
2696 1173 3105 1244 ἐγκαταλείψει,
3136 1176 3209 1238 ὡς
3239 1176 3307 1228 ἂν
3337 1175 3449 1244 γνῷ
3487 1176 3587 1245 τῆς
3611 1177 3825 1244 ἀνθρωο

2264 1267 2428 1336 πίνης
2474 1268 2757 1331 ἀσθενείας
2787 1269 2847 1321 τὸ
2875 1268 3089 1329 εὐτελὲς
3119 1270 3213 1319 κα)⁵
3242 1267 3619 1337 ταλαίπωρον,
3655 1268 3827 1337 ἀρνή-

2266 1375 2403 1421 σεως
2428 1359 2843 1425 περιπέπτωκεν
2872 1358 3178 1427 ἐγκλήματι
3198 1374 3212 1387 ο
3239 1354 3336 1409 εἴτ’
3365 1357 3529 1420 εὐθὺς
3565 1358 3827 1427 μνησθεὶς

2265 1449 2373 1502 τῶν
2398 1449 2490 1501 τοῦ
2512 1450 2619 1518 97
2649 1449 2851 1519 Κυρίου
2893 1450 3173 1519 ῥημάτων,
3206 1448 3433 1512 ἐξελθὼν
3464 1448 3567 1513 ἔξω
3596 1448 3829 1501 ἐκλαυσε

2265 1540 2479 1613 πικρῶς
2510 1541 2621 1611 (14)
2644 1556 2659 1572 ·
2692 1541 2806 1607 καὶ,
2830 1542 2943 1605 τοῖς
2966 1541 3187 1611 θερμοῖς
3220 1541 3447 1603 ἐκείνοις
3471 1539 3706 1609 δάκρυσι
3732 1538 3831 1609 τὴν

2264 1627 2438 1702 ἧτταν
2466 1630 2957 1699 ἀνακαλεσάμενος,
2997 1627 3297 1697 ἑτεραλκέα
3327 1628 3425 1698 τὴν
3452 1628 3613 1697 νίκην
3638 1628 3829 1697 εἰργά-

600 1725 713 1763 ram
742 1722 944 1780 partem
978 1716 1195 1771 inﬂexit.
1227 1717 1355 1772 Nam
1384 1734 1503 1774 cum
1552 1723 1631 1777 rei
1676 1726 1915 1780 militaris
1961 1729 2155 1792 peritus

2270 1737 2419 1773 σατο.
2438 1721 2930 1790 Ἑμπειροπόλεμος
2944 1720 3053 1789 γάρ
3084 1718 3179 1779 ὢν.
3210 1721 3257 1771 εἰ
3276 1720 3369 1771 καὶ
3386 1720 3702 1779 πέπτωκεν,
3729 1720 3827 1770 οὐκ

598 1812 761 1864 esset,
790 1805 996 1857 etiamsi
1022 1810 1247 1875 cecidit;
1276 1826 1378 1864 non
1408 1822 1582 1867 tamen
1612 1816 1787 1868 animo
1825 1818 2022 1872 fractus
2047 1830 2142 1885 est,

599 1910 696 1946 nec
723 1896 907 1948 salutis
932 1909 1041 1949 sum
1067 1911 1212 1965 Spem
1243 1901 1466 1967 abjecit;
1500 1919 1676 1958 verum
1708 1907 1968 1973 resiliens,
1999 1924 2150 1965 acer-

597 1986 842 2040 lnssimas
869 2002 933 2042 ex
965 2004 1219 2055 Oppresso
1249 2005 1459 2059 peetore
1509 1994 1769 2065 lacrymas
1813 1998 2062 2066 profudit,
2090 2016 2152 2055 ac

596 2080 770 2130 statim
802 2086 859 2131 ut
886 2095 975 2133 eas
993 2081 1157 2136 hostis
1179 2087 1471 2152 conspexit,
1499 2103 1599 2141 non
1626 2104 1779 2143 secus
1803 2101 1960 2159 atque
1988 2094 2152 2147 vehe-

597 2168 937 2223 mentissima:
957 2170 1229 2241 cujusdam
1254 2174 1478 2228 ﬂammm
1494 2180 1678 2232 ardore
1694 2180 1947 2235 ambustis
1961 2186 2149 2250 Oculis,

597 2259 779 2323 pedem
823 2263 1027 2327 retulit,
1060 2265 1242 2330 procul
1274 2267 1496 2335 fugiens,
1526 2278 1681 2338 atque
1732 2272 2049 2329 horrendum
2094 2276 2149 2330 iti

594 2349 808 2402 modum
839 2350 1063 2418 ejulans.
1091 2352 1283 2407 Contra
1305 2363 1478 2410 autem
1512 2358 1601 2412 ille
1629 2361 1911 2429 principem
1942 2378 2150 2422 rursum

594 2438 762 2490 locum
795 2439 990 2504 tenuit;
1022 2444 1465 2509 quemadmodum
1515 2454 1671 2501 totius
1716 2450 1858 2504 orbis
1903 2455 2150 2521 magister

592 2528 863 2583 institutus
884 2530 1050 2586 fui-rat
1068 2572 1083 2596 ,
1114 2533 1185 2587 ita
1213 2539 1368 2589 ctiam
1394 2542 1710 2605 pendentia:
1731 2546 1995 2611 exemplar
2021 2547 2149 2602 elle-

592 2631 729 2674 ctus.
760 2621 884 2675 Post
912 2627 1350 2679 resurrectionem
1380 2638 1553 2683 autem
1575 2674 1588 2695 ,
1624 2648 1741 2684 cum
1771 2634 2008 2688 Christus
2039 2647 2147 2691 ter-

591 2710 664 2763 tio
695 2710 758 2763 ad
805 2725 924 2765 eum
954 2712 1194 2779 dixisset,
1223 2715 1410 2781 Petre,
1438 2735 1582 2772 amas
1611 2723 1726 2775 me?
1758 2726 2010 2789 triplicem
2056 2730 2147 2779 ab-

586 2797 904 2864 jurationem
965 2808 1235 2869 correxit,
1286 2811 1613 2875 respondens
1659 2815 1897 2879 Scilicet,
1941 2819 2143 2883 Etiam,

590 2890 834 2956 Domine,
868 2903 919 2944 tu
950 2895 1051 2946 scis
1074 2896 1190 2961 quia
1219 2911 1337 2949 anio
1369 2908 1434 2953 te.

672 2994 745 3038 ω
788 2988 868 3040 his
898 2990 1053 3056 igitur
1095 2990 1357 3057 omnibus,
1382 2994 1601 3060 aliisque
1628 2995 2045 3062 quamplurimis,
2074 3005 2151 3048 at-

596 3091 699 3146 que
728 3078 861 3131 adeo
904 3093 1180 3132 numerum
1211 3094 1419 3136 omnem
1463 3085 1830 3150 superantibus
1874 3085 2149 3153 exemplis,

597 3168 949 3238 lacrymarum
978 3183 1039 3223 ac
1068 3173 1388 3237 pcenitentite
1416 3174 1516 3226 vim
1539 3174 1897 3243 intelligimus.
1929 3176 2148 3230 Tantum

598 3274 759 3328 opera
785 3260 959 3324 detur,
991 3270 1047 3315 ut
1072 3264 1202 3329 ipsa,
1234 3267 1670 3332 quemadmodum
1702 3267 1890 3322 rationi
1919 3282 2147 3323 consen-

597 3360 808 3407 taneum
835 3363 934 3419 est,
970 3352 1080 3420 fiat,
1108 3357 1207 3409 hoc
1233 3369 1312 3410 εει
1342 3372 1405 3411 ex
1452 3357 1639 3413 atl‘ectu
1683 3368 1954 3428 peccatum
1997 3374 2148 3414 exse-

595 3451 797 3503 crante.
829 3443 1104 3510 ipsumque
1128 3444 1250 3497 odio
1276 3447 1582 3509 insectante,
1611 3458 1767 3514 atque
1788 3451 2145 3502 condemnan-

598 3545 669 3598 te,
696 3549 756 3589 ac
799 3534 1058 3604 lacrymas
1101 3538 1392 3600 emittente,
1424 3540 1864 3605 quemadmodum
1909 3544 1983 3594 ait
2028 3556 2146 3609 pro-

593 3624 748 3693 pheta
780 3622 944 3678 Da-Iid
978 3642 993 3679 :
1033 3624 1289 3679 Laboravi
1318 3629 1368 3680 in
1395 3628 1593 3696 gemitu
1643 3645 1761 3684 meo
1781 3670 1796 3693 ,
1828 3629 2012 3683 lavabo
2059 3645 2149 3697 per

590 3715 827 3779 singulas
856 3725 1040 3769 noctes
1069 3716 1259 3770 lectum
1283 3733 1476 3780 meum,
1508 3720 1751 3788 lacrymis
1775 3722 1905 3775 meis
1925 3730 2146 3773 stratum

593 3818 769 3855 meum
800 3805 979 3872 rigabo
1000 3804 1170 3871 (Psal.
1198 3807 1290 3875 vi).
1325 3810 1397 3859 Ac
1421 3816 1528 3861 tum
1557 3821 1885 3877 peccatorum
1910 3811 2148 3877 purgatio

596 3910 691 3960 per
717 3894 910 3947 Christi
942 3909 1182 3948 crum-em
1218 3899 1272 3948 in
1300 3901 1670 3952 misericordiae
1694 3901 1853 3967 ipsius
1884 3902 2144 3965 magnitu-

593 3978 719 4031 dine
745 3994 810 4034 ac
838 3980 1250 4036 miserationum
1279 3984 1622 4041 multitudine
1658 3990 1956 4059 continget.
1989 3991 2162 4059 Ipsius

591 4067 733 4120 enim
762 4069 875 4123 haec
904 4072 1065 4125 verba
1085 4083 1244 4127 sunt:
1269 4074 1323 4128 Si
1352 4076 1553 4130 fuerint
1574 4089 1792 4147 peccata
1819 4090 1995 4135 vestra
2025 4084 2165 4137 sicut

590 4159 893 4225 coccinum,
925 4167 1078 4231 quasi
1105 4166 1191 4218 nix
1218 4166 1643 4238 dealbabuntur;
1677 4172 1721 4225 si
1745 4180 1924 4227 autem
1958 4182 2017 4228 ut
2047 4190 2166 4230 ver-

588 4252 846 4316 miculus,
880 4258 1034 4322 quasi
1071 4257 1192 4310 lana
1231 4259 1350 4313 alba
1387 4271 1587 4335 erunt.

659 4342 785 4397 llaec
811 4347 1028 4415 quidem
1065 4348 1146 4403 sic
1179 4365 1238 4404 se
1268 4352 1468 4406 habent
1498 4364 1553 4407 et
1602 4370 1662 4409 ea
1686 4366 1769 4411 est
1801 4357 1934 4414 fides
1955 4367 2161 4414 nostra.

2267 1807 2510 1877 ἐξελύθη,
2528 1807 2635 1861 οὐδ’
2650 1808 2870 1875 ἀπέγνω
2892 1806 3222 1876 έαυτόν(15)·
3237 1807 3349 1859 ἀλλ’
3369 1807 3700 1869 ἁναποδίσας
3720 1808 3825 1875 (lli)

2269 1900 2586 1969 προσήγαγε
2611 1898 2910 1968 πικρότατα
2938 1899 3153 1970 δάκρυα
3180 1898 3287 1952 ἀπὸ
3317 1897 3549 1968 καρδίας
3581 1896 3831 1966 θλιϐομέ-

2266 2006 2384 2058 νης’
2402 1991 2493 2042 κα)⁵
2524 1990 2831 2059 παραυτίκα
2854 1992 2881 2042 6
2905 1989 3160 2058 πολέμιος
3176 1987 3508 2057 θεασάμενος
3529 1988 3692 2046 αὐτὰ,
3723 1989 3830 2040 ῶσ-

2269 2098 2376 2151 περ
2410 2080 2515 2133 ὑπὸ
2546 2079 2737 2147 φλογὸς
2765 2079 3129 2150 σφοδροτάτης
3163 2078 3262 2140 τὰς
3289 2078 3441 2146 ὄψεις
3472 2077 3831 2145 φλεγόμενος,

2268 2170 2587 2241 ἀπεπήδησε
2616 2170 2830 2237 φεύγων
2874 2169 3089 2239 μακρὰν
3120 2169 3212 2222 καὶ
3234 2168 3417 2232 δεινῶς
3442 2169 3739 2231 ὀλολύζων.
3778 2171 3833 2224 '0

2267 2262 2322 2315 δὲ
2350 2263 2645 2331 κορυφαῖος
2673 2261 2967 2331 κορυφαῖος
2993 2256 3061 2330 ἦν
3078 2256 3233 2323 αὖθις
3256 2300 3271 2325 ,
3296 2260 3485 2330 ὥσπερ
3512 2260 3834 2324 διδάσκαλος

2268 2353 2367 2422 τῆς
2389 2352 2711 2419 οἰκουμένης
2734 2350 3153 2422 χειροτονηθεὶς,
3176 2350 3316 2402 οὓτω
3338 2352 3401 2423 δὴ
3421 2354 3519 2405 καὶ
3544 2353 3836 2423 μετανοίας

2269 2442 2632 2512 ύπογραμμδς
2662 2442 2972 2511 γενόμενος.
2995 2444 3147 2496 Μετὰ
3173 2444 3229 2496 δὲ
3250 2443 3347 2512 τὴν
3369 2445 3519 2497 Θείαν
3546 2445 3838 2515 ἀνέγερσιν

2268 2533 2452 2603 τρίτον
2480 2530 2793 2603 προσειπὼν
2815 2532 2843 2585 ὀ
2874 2533 3107 2604 Χριστὸς
3131 2534 3262 2605 (l7),
3293 2535 3493 2607 Πέτρε,
3522 2536 3708 2605 φιλεῖς
3738 2552 3837 2603 με;

2268 2625 2330 2677 τὸ
2361 2626 2580 2694 τρισσὸν
2623 2625 2723 2692 τῆς
2752 2625 3032 2694 ἀρνήσεως
3064 2625 3440 2694 διωρθώσατο,
3469 2626 3566 2679 τοῦ
3603 2626 3840 2679 ἁποςτό-

2269 2718 2359 2769 λου
2426 2716 2893 2787 ἀποκρινομένου·
2943 2716 3091 2781 Ναὶ,
3149 2718 3321 2788 Κύριε
3355 2759 3371 2784 ,
3428 2720 3493 2772 σὺ
3548 2713 3703 2780 οἶδας
3760 2718 3842 2771 ὅτι

2270 2827 2411 2880 φιλω
2437 2827 2517 2862 σε.

2352 2982 2447 3034 Ἐκ
2490 2981 2708 3033 πάντων
2748 2975 2841 3033 οῦν
2878 2982 3082 3035 τούτων
3126 2986 3217 3035 καὶ
3264 2983 3435 3037 ἄλλων
3484 2985 3702 3037 πολλῶν
3749 2986 3838 3038 καὶ

2195 3080 2235 3137 C
2269 3073 2501 3144 ἀριθμοῦ
2542 3073 2946 3144 ὑπερκειμένων
2985 3075 3442 3145 παραδειγμάτων
3488 3075 3835 3145 μανθάνομεν

2268 3164 2366 3235 τὴν
2391 3164 2619 3234 δύναμιν
2646 3165 2753 3216 τῶν
2782 3164 3028 3235 δακρύων
3055 3168 3147 3220 καὶ
3175 3170 3275 3234 τῆς
3315 3167 3602 3235 μετανοίας
3622 3182 3637 3195 ⁸
3678 3167 3835 3235 μόνον

2269 3258 2297 3309 6
2329 3254 2549 3324 τρόποις
2586 3252 2786 3325 ταύτης
2828 3254 3121 3325 ἀξιόλογος,
3156 3256 3396 3323 γενέσθω
3441 3257 3506 3308 ἐκ
3540 3254 3837 3320 διαθέσεως

2271 3348 2700 3420 βδελυσσομένης
2744 3347 2844 3415 τὴν
2883 3347 3178 3417 ἁμαρτίαν,
3224 3346 3487 3417 μισούσης
3533 3364 3594 3400 τε
3631 3348 3836 3418 ταύτην

2269 3440 2364 3494 καὶ
2383 3437 2916 3507 καταγινωσκούσης,
2941 3438 3165 3509 δάκρυσι
3188 3438 3243 3491 δὲ
3265 3438 3625 3508 κεχρημένης,
3654 3439 3837 3503 καθὼς

2269 3547 2432 3602 φησιν
2457 3529 2485 3585 ὁ
2514 3530 2796 3601 προφήτης
2824 3528 2986 3583 Δαυίδ
3016 3528 3124 3598 (18)
3145 3545 3160 3558 ο
3202 3528 3501 3582 Ἐκοπίασα
3535 3529 3589 3579 ἐν
3615 3529 3688 3596 τῷ
3718 3527 3838 3598 98

2271 3621 2560 3692 στεναγμῷ
2596 3637 2724 3691 μου⁸
2755 3619 2930 3673 λούσω
2966 3619 3085 3672 καθ’
3114 3619 3349 3688 ἑκάστην
3381 3618 3549 3672 νύκτα
3588 3618 3682 3689 τήν
3712 3619 3836 3671 κλί-

2269 3729 2368 3782 νην
2410 3730 2508 3782 μου
2530 3728 2544 3741 ⁸
2577 3713 2633 3764 ὲν
2658 3710 2887 3782 δάκρυσί
2923 3728 3021 3781 μου
3048 3711 3143 3780 τὴν
3175 3712 3465 3780 στρωμνήν
3504 3728 3604 3780 μου
3635 3709 3836 3780 βρέξω.

2268 3803 2379 3857 Καὶ
2421 3802 2604 3854 λοιπὸν
2634 3803 2662 3854 6
2700 3801 3036 3870 καθαρισμὸς
3076 3800 3183 3852 τῶν
3217 3800 3629 3871 ἁμαρτημάτων
3677 3801 3838 3869 γενή-

2270 3911 2422 3948 σεται
2463 3892 2551 3946 διὰ
2588 3892 2683 3945 τοῦ
2713 3893 2942 3961 αἵματος
2982 3891 3073 3944 τοῦ
3106 3891 3361 3961 Χριστοῦ,
3411 3891 3467 3943 ὲν
3502 3891 3578 3959 τῷ
3616 3890 3835 3959 μεγέθει

2267 3985 2361 4038 τοῦ
2395 3986 2575 4048 ἐλέους
2612 3982 2796 4048 αὐτοῦ,
2828 3984 2920 4037 καὶ
2954 3982 3030 4053 τῷ
3060 3982 3251 4051 πλήθει
3276 3983 3382 4034 τῶν
3409 3982 3713 4053 οἰκτιρμῶν
3741 3980 3834 4033 τοῦ

2268 4076 2403 4129 Θεοῦ
2442 4076 2534 4129 τοῦ
2577 4076 2820 4137 εἰπόντος
2849 4074 2957 4143 (l9)
3007 4075 3110 4134 ὅτι,
3150 4072 3275 4125 Ἐὰν
3304 4067 3435 4125 ὦσιν
3473 4074 3525 4124 αί
3567 4073 3834 4141 ἁμαρτίαι

2271 4167 2423 4238 ὑμῶν
2452 4167 2525 4229 ὠς
2553 4163 2851 4234 φοινικοῦν,
2876 4163 2948 4225 ὡς
2975 4163 3125 4233 χιόνα
3151 4162 3414 4228 λευκανῶ,
3444 4162 3541 4215 καὶ
3566 4164 3641 4217 τὰ
3664 4161 3829 4229 ἑξῆςη

2337 4340 2521 4394 Ταῦτα
2559 4341 2655 4410 μὲν
2681 4333 2773 4393 οῦν
2797 4339 2969 4402 οὕτως
3000 4338 3111 4409 ἔχει
3140 4341 3233 4391 καὶ
3265 4338 3436 4402 οὕτως
3466 4338 3797 4408 πιστεύομεν
3815 4356 3829 4370 ·

588 4431 781 4499 Operae
808 4437 1041 4502 pretium
1083 4448 1168 4492 est
1205 4440 1389 4511 itaque
1433 4454 1490 4497 ut
1528 4458 1882 4516 posteaquam
1915 4450 2155 4505 veritatis

2272 4434 2376 4504 χρὴ
2417 4434 2493 4495 δὲ,
2537 4432 2669 4502 μετὰ
2720 4432 2783 4484 τὸ
2828 4432 3011 4484 λαϐεῖν
3054 4431 3153 4501 τὴν
3206 4431 3497 4497 ἐπίγνωσιν
3545 4432 3646 4499 τῆς
3696 4432 3827 4500 ἀλη-

586 4526 949 4592 cognitionem
984 4533 1314 4599 accepimus,
1340 4545 1504 4603 atque
1530 4543 1998 4608 regenerationem
2021 4553 2078 4597 et
2106 4543 2167 4597 fi-

585 4611 783 4669 liorum
816 4618 1158 4686 adoptionem
1182 4627 1459 4679 consecuti
1492 4643 1700 4695 sumus,
1730 4630 2024 4702 divinaque
2053 4650 2166 4705 my-

586 4706 753 4760 steria
778 4710 1139 4778 percepimus,
1177 4717 1321 4768 omni
1356 4717 1537 4773 studio
1573 4735 1639 4775 ac
1665 4722 1944 4793 diligentia
1980 4728 2164 4793 provi-

586 4798 834 4862 deamus,
859 4814 927 4853 ne
944 4815 1285 4862 corruamus.
1307 4807 1493 4875 Neque
1517 4812 1661 4866 enim
1685 4817 1883 4869 cadere
1904 4816 2161 4871 athletam

584 4885 760 4954 decet,
785 4890 1221 4962 quandoquidem
1278 4900 1451 4966 multi,
1478 4918 1600 4956 cum
1645 4904 1978 4961 cecidissent
2042 4925 2162 4963 sese

688 5027 796 5095 (14)
823 5026 952 5079 Luc.
986 5043 1119 5087 χχιι.
1156 5029 1244 5081 σε.

2272 4523 2420 4584 θείας
2450 4522 2582 4590 (20),
2609 4522 2703 4573 xui.
2729 4520 2829 4591 τῆς
2858 4522 3264 4591 ἀναγεννήσεως
3301 4521 3392 4571 καὶ
3420 4520 3691 4582 υἱοθεσίας
3716 4521 3825 4590 (21)

2270 4612 2594 4680 ἀξιωθῆναι,
2636 4610 2732 4663 καὶ
2770 4611 3079 4681 μυστηρίων
3119 4610 3415 4678 γεύσασθαι
3451 4609 3631 4674 θείων,
3680 4612 3829 4681 πάσῃ

2269 4704 2493 4772 δυνάμει
2534 4701 2921 4771 ἁσφαλίζεσθαι
2958 4700 3052 4754 τοῦ
3086 4701 3160 4771 μὴ
3203 4701 3442 4755 πίπτειν.
3473 4701 3544 4753 Τὸ
3585 4702 3695 4769 γάρ
3737 4702 3827 4752 πί-

2270 4810 2425 4846 πτειν
2455 4792 2515 4844 ού
2555 4792 2750 4859 πρέπει
2778 4790 2855 4860 τῷ
2880 4790 3101 4860 ἀθλητῇ,
3145 4790 3329 4858 ἐπειδὴ
3358 4789 3540 4841 πολλοὶ
3571 4790 3826 4849 πεσόντες

2272 4881 2568 4951 ἀναστῆναι
2608 4880 2707 4932 οὐκ
2735 4878 3096 4949 ἠδυνήθησαν*
3132 4881 3179 4930 oi
3220 4878 3336 4948 μὲν,
3361 4882 3475 4942 τοῖς
3506 4879 3701 4932 πάθεσι
3733 4879 3830 4930 06-

687 5097 797 5171 t
828 5096 888 5171 ρ,
922 5098 1133 5171 έαυτοῡέ
1152 5098 1337 5171 Supra
1368 5114 1487 5169 pag.
1517 5100 1551 5151 2
1583 5118 1595 5152 :
1628 5100 1717 5169 Μὴ
1740 5101 2132 5168 ἀπογινώσκειν
2167 5101 2572 5171 παρασκευάζει
2597 5102 2694 5171 τῆς
2726 5102 2948 5170 πορείας
2982 5100 3042 5153 τὸ
3066 5101 3343 5154 δύσκολον.

688 5166 796 5231 (16)
822 5163 887 5224 C,
922 5163 1294 5235 ἀναπηδήσας,
1343 5163 1482 5249 quod
1517 5180 1565 5221 et
1607 5163 1980 5249 ads-criminin
2016 5174 2155 5249 Anim

2266 5163 2514 5225 salteraa
2540 5163 3001 5232 Εδι’άναποδίσας
3045 5183 3183 5223 retro
3216 5174 3397 5227 cedens
3430 5194 3491 5249 ac
3528 5176 3707 5243 pedem
3737 5190 3821 5223 re-

616 5234 806 5302 ferens.
833 5244 1100 5302 respectu,
1134 5234 1282 5302 puto,
1314 5241 1378 5289 ad
1405 5238 1560 5291 Lucae
1592 5234 2033 5302 ιοτὺει,’ὲξελθὼν
2056 5239 2179 5302 ἔξω.

686 5300 795 5369 (l7)
825 5300 978 5355 Joatt.
1012 5300 1332 5367 “gilii-l7.

688 5372 798 5438 tl8)
833 5371 970 5422 l’sal.
1005 5388 1079 5435 vt,
1107 5374 1159 5426 6.
1183 5404 1250 5412 —

1273 5374 1439 5439 Quem
1475 5375 1688 5429 Daviilis
1722 5376 1894 5430 locum
1932 5377 2160 5445 respexi.
2196 5376 2487 5445 Gregorius
2518 5376 2907 5446 Nazianzenus,
2936 5382 3178 5432 oratione
3202 5380 3290 5440 59,
3320 5398 3370 5446 ιι.
3409 5383 3509 5446 (151
3537 5403 3547 5433 :
3575 5377 3707 5433 ora;
3735 5382 3827 5431 καὶ

616 5441 861 5514 πέμπτον
892 5439 968 5489 ἔτι
994 5440 1315 5511 (βάπτισμα)
1362 5444 1469 5494 τῶν
1497 5446 1764 5513 δακρύων,
1794 5446 1908 5498 ἀλλ’
1938 5439 2364 5516 ἐπιπονώτερον·
2400 5447 2473 5508 ὼς
2504 5448 2531 5497 6
2568 5445 2736 5498 λούων
2766 5447 2884 5499 καθ’
2913 5450 3145 5517 ἑκάστην
3174 5439 3340 5502 νύκτα
3371 5453 3467 5522 τὴν
3509 5451 3698 5517 κλίνην
3732 5450 3824 5499 αύ-

616 5507 945 5583 τούὶκαὶιτὴν
971 5507 1252 5583 στρωμνὴν
1281 5507 1389 5574 τοῖς
1415 5507 1691 5583 δάκρυσιν.

686 5576 794 5648 (l9)
826 5578 919 5648 lsa.
952 5592 989 5635 ι,
1022 5576 1221 5632 18.1.1.
1243 5596 1293 5648 p.
1326 5583 1414 5640 36.
1446 5586 1498 5637 9.

687 5631 795 5712 (20')
824 5631 1044 5724 Locutio
1077 5631 1584 5724 Paliliilajlnltlpist.
1625 5654 1689 5709 ad
1733 5656 1870 5709 Tim.
1909 5671 1966 5721 ll,
2006 5658 2039 5711 «l
2074 5674 2085 5709 :
2122 5672 2144 5707 ε

2266 5655 2534 5721 νπίγνωσιν
2578 5631 2834 5724 ἀληθείας
2879 5654 3051 5711 ἐλθεῖν
3076 5673 3087 5685 ·
3118 5672 3190 5722 tv,
3214 5657 3247 5711 3
3274 5674 3288 5715 :
3336 5661 3446 5720 τοῖς
3476 5659 3688 5717 πιστοῖς
3734 5654 3821 5707 καὶ

617 5714 1069 5787 ἐπεγνωκόσι-τὴν
1097 5716 1377 5787 ᾼὰλήθειαν.

690 5783 795 5850 121)
823 5781 975 5837 Couf.
1006 5800 1055 5851 p.
1084 5785 1134 5847 4,
1168 5781 1274 5840 tibi.
1312 5788 1396 5841 li}.
