4070 6426
168 464 278 526 961

1286 453 1462 515 VlTA
1503 447 1855 509 BARLAAM
1896 446 1990 505 ET
2026 445 2374 506 JOASAPH.

3324 437 3430 500 962

171 586 281 640 ραν
301 566 610 631 ἀνοίξαντες
629 563 762 634 (22),
783 562 874 614 καὶ
894 561 1362 623 δυσαποσπάστως
1375 559 1573 623 αὐτοῖς,
1595 572 1762 628 προσ-

1889 567 2078 635 erigere
2107 564 2323 617 minime
2363 568 2660 630 potuerunt.
2709 557 2912 611 Etenim
2945 554 3051 618 alii,
3099 569 3216 609 cum
3252 551 3442 622 januas

178 661 480 732 μείναντες
516 658 617 710 οὒκ
642 655 720 708 ἔτι
751 656 976 724 ἴσχυσαν
1009 652 1146 724 πρὸς
1175 652 1461 724 μετάνοιαν
1480 649 1767 721 παλινδρο-

175 752 384 822 μῆσαι·
406 750 456 803 οἱ
474 748 552 810 δὲ,
581 741 1130 819 προαναρπασθέντες
1150 743 1254 796 ὑπὸ
1277 743 1369 796 τοῦ
1396 743 1648 807 θανάτου,
1674 739 1768 794 καὶ

172 843 254 915 μὴ
297 843 604 914 φθάσαντες
643 839 730 893 διὰ
775 837 1164 909 μεταγνώσεως
1202 837 1426 900 ἑαυτοὺς
1461 834 1554 888 τοῦ
1592 832 1766 905 ῥύπου

168 937 280 1008 τῆς
331 934 606 1007 ἁμαρτίας
657 931 938 993 emtam,
984 928 1476 999 κατεδικάσθησαν.
1527 928 1638 980 Καὶ
1679 925 1768 979 διὰ

169 1029 344 1082 τοῦτο
361 1027 700 1082 ἐπικίνδυνον
721 1024 782 1077 τὸ
803 1025 1023 1077 πίπτειν
1045 1025 1103 1076 ὲν
1120 1023 1416 1092 οίῳδήποτε
1448 1020 1608 1075 πάθει
1623 1036 1637 1050 ο
1674 1019 1769 1073 ἐὰν

171 1123 229 1175 δὲ
265 1122 455 1193 συμϐῇ
486 1123 693 1182 πεσεῖν,
728 1116 886 1180 εὐθὺς
917 1116 1261 1187 ἀναπηδῆσαι
1293 1115 1422 1184 χρὴ,
1451 1115 1543 1167 καὶ
1575 1112 1768 1180 στῆναι

175 1213 352 1268 πάλιν
385 1216 464 1276 εἰς
498 1212 591 1265 τὸν
622 1211 786 1265 καλὸν
810 1209 920 1279 99
943 1207 1158 1277 ἀγῶναο
1192 1207 1287 1260 καὶ
1312 1207 1500 1268 ὁσάκις
1526 1205 1590 1257 ἂν
1613 1203 1770 1256 τοῦτο

175 1305 398 1376 συμϐῇ,
427 1306 647 1358 κάκεῖνο
681 1303 878 1355 αὐτίκα
927 1301 1068 1354 ἔστω
1116 1299 1176 1352 τὸ
1217 1299 1318 1368 τῆς
1363 1299 1631 1369 ὲγέρσεως
1676 1296 1770 1350 καὶ

175 1398 435 1461 στάσεως
462 1397 567 1458 ἓως
605 1394 706 1465 τῆς
745 1391 1024 1464 τελευτῆς.
1067 1390 1474 1463 Ἐπιστρὰφητε
1517 1387 1626 1458 (25)
1664 1387 1772 1458 γὰρ

175 1488 324 1559 πρός
361 1503 452 1559 με,
479 1487 574 1539 καὶ
602 1483 1088 1555 ὲπιστραφὴσομαι
1122 1482 1258 1554 πρὸς
1287 1482 1455 1554 ὑμᾶς,
1484 1480 1632 1549 λέγει
1660 1478 1776 1532 Κύ-

178 1597 302 1652 ριος
335 1582 367 1635 6
401 1580 553 1642 Θεός.

251 1847 517 1901 ΚΕΦΑΛ.
541 1846 640 1901 lB'.
663 1875 732 1887 —
759 1847 904 1917 Πρὸς
928 1844 1099 1900 ταῦτα
1125 1846 1154 1898 6
1191 1843 1429 1913 Ἰωάσαφ
1462 1837 1586 1896 εἷπε
1603 1858 1618 1873 ο
1647 1840 1773 1905 Πῶς

1875 658 2077 712 vitiosis
2121 652 2484 708 all'ectionibus
2532 650 2898 718 aperuissent,
2943 656 3102 714 atque
3143 646 3442 699 arctissimo

1863 761 2021 801 'uexu
2049 746 2176 814 ipsts
2210 742 2506 806 lmsissent,
2537 754 2641 794 non
2671 740 2776 805 jam
2807 737 2870 790 ad
2917 737 3278 805 penitentiam
3326 749 3444 787 sese

1875 845 2184 891 convertere
2215 838 2511 902 potuerunt.
2541 830 2640 882 Alii
2669 840 2844 882 autem
2885 838 3054 881 morte
3076 828 3218 894 prius
3241 824 3442 888 abrepti

1877 943 2033 996 quam
2061 933 2357 980 cautractas
2400 923 2644 976 vitiorum
2695 919 2879 973 sordes
2940 932 3034 986 per
3082 915 3443 984 pumilentiam

1881 1016 2268 1077 abstersissem,
2301 1011 2635 1067 condemnati
2675 1018 2816 1064 sunt.
2863 1009 3143 1076 Propterea
3191 1005 3447 1076 periculo-

1878 1124 1995 1162 sum
2016 1117 2098 1161 est
2124 1107 2176 1160 in
2199 1106 2406 1168 vitium,
2430 1102 2778 1169 quodcunque
2801 1099 3013 1154 tandem
3043 1097 3170 1151 illud
3201 1097 3290 1158 sit,
3316 1094 3441 1147 labi.

1879 1198 2165 1260 Caeterum,
2216 1197 2260 1250 si
2304 1194 2407 1248 labi
2444 1193 2761 1260 contigerit,
2809 1191 2986 1244 statim
3028 1186 3328 1240 enitendum
3365 1190 3448 1236 est

1882 1300 1938 1343 ut
1979 1289 2296 1352 resiliamus,
2347 1299 2663 1353 rursumque
2707 1282 2772 1334 ad
2817 1279 3128 1350 praeclarum
3175 1285 3445 1330 certamen

1881 1377 2182 1432 obeundum
2211 1386 2432 1430 stemus.
2465 1375 2530 1426 Et
2573 1371 2783 1441 quoties
2811 1370 3003 1424 cadere
3030 1367 3329 1434 contigerit,
3363 1373 3448 1416 to-

1881 1469 1978 1522 ties
2003 1469 2162 1522 etiam
2188 1467 2365 1519 statim
2395 1477 2560 1530 usque
2589 1463 2654 1515 ad
2683 1469 2978 1516 extremum
3019 1458 3141 1510 vita:
3169 1456 3308 1509 diem
3355 1466 3448 1507 cu-

1879 1560 2100 1615 randum
2130 1566 2232 1624 est,
2265 1566 2321 1610 ut
2348 1569 2706 1622 resurgatnus,
2736 1561 2892 1620 atque
2923 1550 2976 1604 in
3021 1547 3292 1617 procinctu
3340 1552 3449 1597 ste-

1880 1663 2017 1704 mus.
2048 1645 2424 1703 Convertimini
2453 1646 2594 1698 enim
2619 1643 2683 1696 ad
2716 1658 2820 1707 me,
2850 1650 2903 1694 et
2933 1653 3030 1708 ego
3058 1643 3342 1693 convertar
3377 1633 3446 1685 ad

1881 1754 1995 1808 vos,
2025 1740 2095 1792 ait
2123 1737 2378 1791 Dominus
2397 1735 2643 1804 (lac/tur.
2677 1731 2739 1804 ι).

1954 1829 2081 1884 ου».
2117 1828 2228 1882 ΧΙΙ.
2250 1856 2321 1868 -
2342 1829 2420 1880 Ad
2457 1826 2571 1880 haec
2597 1835 2771 1878 autem
2799 1821 3055 1889 Josaphat
3098 1819 3229 1874 dixit
3254 1835 3269 1874 :
3300 1817 3448 1886 Qua-

182 1937 280 1993 οὖν
315 1958 404 2004 τις
436 1939 663 2010 φυλάξει
692 1910 884 1994 ἑαυτὸν
929 1939 1067 2009 μετὰ
1104 1937 1165 1992 τὸ
1209 1910 1490 2008 βάπτισμα
1534 1934 1774 2004 καθαρὸν

1889 1935 2009 1974 nam
2037 1920 2195 1987 igitur
2217 1919 2421 1972 ratione
2442 1918 2672 1984 seipsum
2703 1913 2961 1982 quispiam
2991 1918 3108 1978 post
3131 1910 3446 1975 baptismum

189 2033 302 2085 ἀπὸ
343 2032 526 2103 πάσης
557 2031 866 2102 ἀμαρτίας;
915 2031 1036 2085 Κᾶν
1084 2030 1196 2102 γάρ
1241 2031 1410 2093 ἐστιν,
1454 2026 1530 2092 ὡς
1561 2027 1772 2096 λέγεις,

185 2125 302 2185 τοῖς
369 2123 624 2176 πταίουσι
666 2122 955 2193 μετάνοια,
1001 2121 1116 2176 ἀλλ’
1167 2122 1224 2174 ὲν
1256 2120 1409 2190 κόπῳ
1456 2121 1552 2172 καὶ
1605 2118 1774 2189 πόνῳ,

189 2211 466 2283 κλαυθμῷ
497 2230 559 2266 τε
583 2213 680 2267 καὶ
706 2213 917 2278 πένθει,
951 2209 1094 2284 άπερ
1119 2211 1218 2264 οὐκ
1255 2209 1636 2281 εύκατόρθωτα
1667 2209 1779 2272 τοῖς

193 2305 413 2369 πολλοῖς
447 2302 590 2360 εἶναί
632 2323 724 2377 μοι
767 2304 907 2358 δοκῶ
956 2303 1067 2375 (24)
1088 2321 1103 2334 ο
1149 2302 1286 2357 ἀλλά
1343 2301 1541 2373 μᾶλλον
1587 2300 1779 2372 ἡθελον

197 2395 376 2468 εὑρεῖν
401 2395 522 2450 ὁδὸν
550 2395 645 2450 τοῦ
686 2397 978 2466 φυλάττειν
1002 2394 1246 2466 ἀκριϐῶς
1277 2394 1346 2448 τὰ
1380 2393 1780 2466 προστάγματα

197 2487 286 2542 τοῦ
325 2488 465 2542 Θεοῦ
505 2490 604 2542 καὶ
639 2490 714 2562 μὴ
758 2489 1030 2544 ἐκκλίνειν
1065 2490 1159 2542 ἀπ’
1203 2487 1410 2552 αὐτῶν,
1447 2488 1604 2558 μηδὲ,
1641 2489 1778 2557 μετὰ

193 2581 291 2654 τὴν
336 2581 685 2655 συγχώρησιν
710 2581 818 2635 τῶν
864 2583 1146 2654 προτέρων
1175 2582 1387 2647 κακῶν,
1426 2580 1783 2652 παροργίζειν

195 2669 294 2730 αὗθ
305 2691 356 2740 ις
383 2675 475 2729 τὸν
507 2673 847 2745 γλυκύτατον
876 2675 1158 2746 Δεσπότην
1185 2674 1280 2728 καὶ
1309 2673 1462 2728 Θεόν.

274 2852 421 2908 Ὀδδ
460 2851 731 2924 Βαρλαάμ
777 2851 881 2925 ἔφη
908 2868 923 2884 ·
949 2851 1149 2916 Καλῶς
1188 2847 1350 2917 εἶπας
1378 2851 1577 2920 ταῦτα,
1626 2851 1783 2925 κύριέ

197 2960 306 3014 μου
355 2943 606 3014 βασιλεῦ·
643 2944 802 2998 τοῦτο
852 2944 946 2998 καὶ
987 2943 1114 3012 ἐμοὶ
1160 2945 1497 3018 καταθύμιον
1524 2945 1782 3017 ὑπάρχει.

205 3034 358 3089 Ἀλλ’
395 3035 632 3109 ἐργῶδές
679 3037 798 3090 ἐστι
845 3036 941 3090 καὶ
991 3036 1191 3107 κομιδῆ
1239 3036 1501 3090 ἀδύνατον
1538 3036 1600 3090 τὸ
1651 3037 1786 3108 πυρὶ

196 3126 780 3198 συναναστρεφόμενόν
819 3142 942 3180 τινα
995 3126 1068 3198 μὴ
1117 3126 1500 3191 καπνίζεσθαι.
1537 3127 1785 3181 Δυσκατ-

197 3219 447 3292 ὀρθωτον
516 3216 614 3273 οὖν
654 3220 748 3273 καὶ
776 3219 898 3273 λίαν
946 3219 1176 3283 ἀναντες
1216 3219 1501 3290 δεδεμένον
1541 3221 1654 3283 τοῖς
1690 3219 1784 3274 τοῦ

200 3313 324 3384 βίου
381 3311 672 3383 πράγμασι
715 3314 810 3366 καὶ.
845 3313 966 3377 ταῖς
1018 3313 1184 3366 αὐτοῦ
1235 3313 1635 3384 ἀσχολούμενον
1684 3331 1781 3384 με-

202 3404 436 3474 ρίμναις
477 3405 574 3458 καὶ
609 3406 908 3475 ταραχαῖς.
957 3404 1175 3476 πλούτῳ
1221 3422 1280 3459 τε
1327 3407 1422 3460 καὶ
1459 3409 1640 3478 τρυφῇ
1690 3425 1785 3460 συ-

201 3494 412 3559 ζῶντα,
459 3494 695 3558 ἀκλινῶς
731 3495 966 3566 βαδίζειν
1007 3497 1108 3563 τὴν
1139 3497 1256 3550 ὁδὸν
1285 3498 1392 3550 τῶν
1423 3499 1653 3551 ἐντολῶν
1691 3497 1786 3552 τοῦ

202 3589 440 3659 Κυρίου,
484 3589 580 3642 καὶ
615 3588 855 3659 καθαρὸν
899 3589 1090 3642 ἑαυτὸν
1128 3591 1192 3642 ἐκ
1231 3590 1437 3643 τούτων
1475 3591 1789 3662 περισώσα-

205 3680 358 3736 σθαι.
384 3681 524 3752 Φησὶ
558 3680 668 3750 γὰρ
694 3683 722 3734 6
764 3680 1000 3752 Κύριος’
1030 3683 1223 3747 Οὐδεὶς
1253 3683 1366 3754 (25)
1411 3685 1634 3738 δύναται
1669 3685 1790 3739 δυσὶ

205 3773 425 3844 κυρίοις
447 3773 752 3828 δουλεύειν·
790 3775 951 3844 ιοο
981 3773 1013 3844 ἢ
1043 3775 1152 3846 γὰρ
1179 3776 1271 3829 τὸν
1312 3776 1409 3829 ἕνα
1438 3779 1661 3850 μισήσει
1696 3779 1790 3833 κα)⁸

206 3864 299 3919 τὸν
326 3865 516 3936 ἓτερον
543 3866 844 3938 ἀγαπήσει,
886 3865 920 3937 ἢ
962 3865 1056 3920 τοῦ
1085 3867 1203 3930 ἐνὸς
1231 3868 1515 3932 ἀνθέξεται
1556 3872 1651 3925 καὶ
1693 3871 1789 3925 τοῦ

208 3957 402 4029 ἑτέρου
433 3959 874 4029 καταφρονήσει·
902 3958 963 4012 ού
995 3958 1225 4013 δύνασθε
1248 3959 1368 4030 Θεῷ
1397 3961 1670 4016 δουλεύειν
1698 3965 1793 4017 καὶ

209 4051 472 4120 μαμωνᾷ.
517 4049 725 4120 Γράφει
771 4049 830 4102 δὲ
871 4049 970 4103 καὶ⁸
1007 4053 1036 4104 6
1069 4051 1429 4123 ὴγαπημὲνος
1471 4054 1634 4107 αὐτοῦ
1684 4073 1792 4125 μα·-

207 4139 382 4212 θητὴς
425 4140 569 4212 (26),
608 4141 862 4212 Ἰωάννης
891 4143 920 4196 6
948 4142 1340 4213 εύαγγελιστὴς
1385 4145 1480 4198 καὶ
1511 4145 1790 4216 θεολόγος,

208 4234 268 4287 ὲν
293 4237 366 4305 τῇ
397 4233 518 4288 κατ’
544 4234 709 4288 αὑτὸν
737 4233 998 4305 ἐπιστολῇ
1029 4233 1234 4298 οὕτως’
1267 4235 1360 4307 Μὴ
1395 4237 1506 4309 (27)
1539 4239 1793 4308 ἀγαπᾶτε

205 4324 304 4380 τὸν
337 4325 566 4395 κόσμον,
615 4325 750 4396 μηδὲ
778 4325 848 4380 τὰ
882 4328 944 4380 ὲν
982 4326 1060 4396 τῷ
1094 4328 1314 4398 κόσμῳ·
1351 4329 1446 4382 ὲάν
1493 4347 1576 4394 τις
1604 4331 1796 4405 ἀγαπᾷ

203 4416 304 4470 τὸν
334 4415 561 4489 κόσμον,
585 4417 685 4470 οὐκ
711 4415 857 4470 ἐστιν
885 4419 919 4488 ἡ
949 4417 1140 4488 ἀγάπη
1166 4418 1260 4470 τοῦ
1287 4419 1500 4490 Πατρὸς
1527 4422 1584 4473 ὲν
1620 4421 1796 4491 αὐτῷ,

206 4508 293 4562 ὅτι
335 4510 445 4561 πᾶν
471 4507 533 4560 τδ
561 4510 618 4562 ὲν
641 4507 720 4578 τῷ
747 4509 956 4579 κόσμῳ,
985 4511 1019 4578 ὴ
1047 4509 1316 4580 ἐπιθυμία
1337 4511 1438 4581 τῆς
1467 4511 1672 4583 σαρκὸς
1700 4513 1796 4566 καὶ

207 4601 242 4668 ἡ
266 4599 542 4670 ἐπιθυμία
565 4600 676 4652 τῶν
703 4599 999 4670 ὀφθαλμῶν
1026 4601 1121 4654 καὶ
1149 4603 1180 4664 ἡ
1211 4603 1502 4667 ἀλαζονεία
1530 4604 1625 4658 τοῦ
1654 4605 1792 4676 βίου,
1829 4613 1874 4666 D

206 4695 314 4747 οὐκ
351 4691 498 4746 ἔστιν
524 4694 588 4745 ὲκ
625 4692 722 4746 τοῦ
755 4693 990 4765 Πατρὸς,
1017 4693 1132 4747 ἀλλ’
1175 4695 1240 4748 ὲκ
1266 4696 1360 4750 τοῦ
1405 4697 1614 4769 κόσμου
1657 4701 1794 4754 ἐστί.

211 4788 331 4842 Καὶ
372 4787 403 4838 6
431 4785 633 4856 κόσμος
680 4787 986 4858 παράγεται
1035 4788 1129 4842 καὶ
1158 4790 1192 4860 ἡ
1231 4789 1494 4861 ἐπιθυμία
1532 4792 1698 4846 αὑτοῦ
1721 4811 1734 4824 ·
1768 4797 1798 4847 6

207 4878 269 4933 δὲ
295 4878 469 4932 ποιῶν
489 4878 551 4932 τὸ
579 4877 790 4951 θέλημα
824 4879 919 4933 τοῦ
947 4879 1082 4933 Θεοῦ
1121 4879 1272 4951 μένει
1300 4883 1379 4945 είς
1406 4883 1499 4936 τὸν
1529 4883 1723 4939 αἰῶνα.

1887 2011 1955 2064 ab
1983 2010 2125 2063 omni
2156 2009 2354 2077 peccati
2385 2008 2504 2061 labe
2533 2019 2720 2074 purum
2747 2003 3009 2058 servabit?
3035 2001 3162 2054 Nam
3201 2000 3299 2054 etsi
3328 2013 3448 2067 pec-

1885 2104 2143 2167 cantibus,
2173 2111 2232 2155 ut
2265 2104 2376 2170 ipse
2402 2099 2498 2165 ais,
2531 2098 2840 2168 poenitentia
2865 2106 3024 2166 patet,
3059 2104 3234 2149 tamen
3266 2094 3450 2148 labore

1885 2206 1938 2248 et
1965 2195 2295 2266 fatigatione,
2331 2207 2394 2244 ac
2420 2190 2545 2244 ﬂetu
2572 2196 2626 2244 et
2653 2189 2796 2242 luctu
2827 2201 2959 2255 opus
3005 2195 3085 2238 est
3122 2201 3136 2238 :
3167 2198 3286 2252 quae
3330 2183 3446 2251 qui-

1889 2287 2009 2340 dem
2039 2283 2299 2353 ejusmodi
2331 2282 2458 2336 mibi
2487 2295 2605 2335 esse
2649 2279 2916 2344 videntur,
2949 2285 3006 2330 ut
3051 2289 3154 2328 non
3194 2289 3257 2328 ea
3299 2271 3451 2326 tuulti

1890 2377 2042 2430 facile
2068 2374 2319 2438 consequi
2349 2373 2574 2441 possint.
2607 2370 2863 2436 Quocirca
2892 2369 3032 2420 viam
3070 2366 3244 2435 potius
3269 2363 3453 2417 nanci-

1890 2471 1965 2522 sci
1995 2481 2266 2536 cuperem,
2293 2477 2393 2534 qua
2420 2463 2628 2517 sincere
2672 2470 2829 2527 atque
2857 2466 3042 2511 exacte
3067 2454 3161 2510 Dei
3194 2462 3454 2523 praecepta

1891 2574 2178 2628 servarem,
2213 2571 2312 2612 nec
2335 2558 2403 2635 ab
2445 2555 2508 2608 iis
2536 2551 2894 2616 deﬂecterem,
2925 2562 3023 2603 nec
3052 2554 3173 2616 post
3219 2545 3454 2612 priorum

1897 2665 2233 2718 peccatorum
2285 2649 2489 2702 veniam
2522 2645 2876 2712 impetratam,
2906 2637 3277 2694 suavissimum
3306 2637 3455 2692 illum

1894 2743 2170 2798 Dominum
2197 2755 2260 2794 ac
2299 2739 2462 2793 Deum
2493 2737 2560 2789 ad
2591 2733 2913 2788 iracundiam
2946 2742 3311 2799 provocarem.

1965 2829 2252 2900 Respondit
2279 2839 2454 2882 autem
2489 2825 2726 2878 Barlaam
2753 2821 2954 2876 :Recte
2982 2820 3096 2873 haec
3124 2816 3330 2882 dixisti,
3361 2813 3458 2868 do-

1895 2924 2036 2977 mine
2062 2921 2132 2974 mi
2161 2933 2224 2974 ac
2252 2933 2366 2980 rex,
2396 2926 2556 2984 atque
2580 2915 2682 2968 hoc
2729 2912 2857 2966 mihi
2891 2919 3189 2979 pergratum
3215 2917 3334 2965 est;
3366 2919 3461 2958 ve-

1898 3030 2014 3068 rum
2035 3011 2254 3066 arduum
2279 3018 2380 3075 est,
2410 3023 2478 3060 ne
2516 3005 2685 3060 dicam
2712 3001 3057 3069 impossibile,
3093 3008 3148 3052 ut
3194 2995 3456 3068 quispiam

1896 3105 1949 3158 in
1976 3108 2096 3170 igne
2125 3108 2390 3159 versetur,
2419 3110 2516 3150 nec
2537 3106 2710 3148 tamen
2739 3093 2886 3146 fumo
2910 3090 3232 3144 offundatur.
3256 3087 3455 3141 Eodem

1896 3193 2020 3246 item
2068 3190 2224 3243 modo
2253 3187 2474 3241 arduum
2508 3194 2590 3238 est
2615 3198 2677 3236 ac
2720 3195 2967 3251 perquam
3009 3177 3223 3232 difﬁcile
3265 3185 3326 3230 ut
3368 3175 3457 3244 qui

1813 3257 1856 3316 Β
1901 3285 2118 3351 hujusce
2156 3281 2276 3332 vitae
2322 3275 2546 3347 negotiis
2587 3283 2829 3342 tanquam
2877 3269 3102 3323 vinculis
3146 3265 3456 3333 quibusdam

1897 3376 2144 3428 astrictus
2173 3378 2403 3430 tenetur,
2434 3368 2654 3434 ejusque
2684 3364 2826 3417 curis
2855 3376 2916 3414 ac
2945 3358 3254 3414 tumultibus
3301 3357 3456 3409 disti-

1900 3471 2075 3526 netur,
2107 3467 2264 3526 atque
2296 3459 2345 3508 in
2373 3455 2560 3523 opibus
2586 3467 2648 3505 ac
2674 3450 2878 3505 deliciis
2905 3450 3048 3516 vivit,
3079 3447 3194 3501 sine
3225 3446 3328 3498 ulla
3378 3445 3458 3497 in-

1901 3551 2125 3606 ﬂexione
2153 3547 2520 3601 mandatorum
2555 3543 2643 3597 Dei
2685 3543 2820 3595 viam
2857 3548 3115 3608 peragret,
3165 3551 3460 3606 purumque

1897 3641 2130 3710 seipsum
2171 3648 2329 3704 atque
2375 3635 2694 3689 incolumem
2724 3633 2792 3685 ab
2834 3632 2898 3684 iis
2945 3637 3142 3685 servet.
3187 3633 3276 3682 Ait
3319 3627 3459 3682 enim

1904 3734 2151 3787 Dominus
2180 3727 2393 3800 (Matth.
2425 3727 2493 3793 vt)
2526 3743 2540 3780 :
2571 3724 2738 3778 Nemo
2762 3732 2936 3792 potest
2980 3721 3186 3774 duobus
3230 3720 3463 3773 dominis

1900 3824 2120 3877 servire.
2158 3822 2254 3874 Aut
2275 3822 2414 3872 enim
2443 3831 2602 3869 unum
2633 3813 2758 3865 odio
2784 3812 3015 3870 habebit.
3038 3819 3091 3864 et
3120 3811 3343 3863 alterum
3374 3809 3458 3862 di-

1902 3917 2067 3984 liget;
2099 3922 2187 3966 aut
2213 3912 2302 3964 uni
2333 3909 2640 3972 adhaerebit,
2667 3915 2720 3960 et
2740 3905 2961 3956 altermn
2989 3910 3310 3956 contemnet.
3344 3901 3455 3954 Non

1903 4005 2122 4074 potestis
2153 4003 2258 4056 Deo
2285 4004 2484 4054 servire
2513 4009 2566 4052 et
2609 4009 2942 4048 mammonm.
2973 3995 3105 4058 Quin
3133 3994 3292 4046 etiam
3332 3992 3462 4045 cha-

1903 4111 1994 4153 rus
2025 4097 2186 4162 ipsius
2229 4093 2515 4161 discipulus
2539 4089 2768 4143 Joannes
2797 4086 3115 4155 evangelista
3143 4096 3192 4139 et
3234 4084 3461 4138 Theolo-

1904 4203 1999 4256 gus
2047 4187 2100 4240 iu
2142 4184 2360 4251 epistola
2411 4195 2505 4234 sua
2553 4179 2623 4231 ait
2655 4194 2669 4231 :
2701 4177 2874 4230 Nolite
2919 4176 3139 4236 diligere
3185 4175 3459 4236 mundum,

1906 4293 2077 4346 neque
2101 4290 2163 4329 ea
2201 4289 2319 4341 quin
2349 4274 2396 4324 in
2425 4269 2617 4323 mundo
2644 4276 2786 4321 sunt.
2817 4268 3072 4333 Quoniam
3117 4279 3273 4318 omne
3320 4264 3459 4332 quod

1906 4375 1989 4421 est
2016 4366 2068 4418 iu
2095 4365 2311 4426 mundo,
2335 4369 2425 4414 aut
2455 4359 2880 4424 concupiscentia
2904 4356 3078 4408 carnis
3101 4364 3201 4417 est,
3225 4363 3314 4407 aut
3337 4367 3465 4408 con-

1907 4454 2226 4523 capisceutia
2253 4451 2550 4513 oculorum,
2576 4455 2667 4500 aut
2709 4446 2952 4515 superbia
2997 4445 3138 4510 vitae,
3188 4458 3308 4511 quas
3354 4459 3460 4496 non

1907 4556 1990 4602 est
2015 4559 2086 4600 ex
2113 4542 2289 4607 Patre,
2317 4542 2409 4597 sed
2438 4556 2504 4593 ex
2537 4537 2736 4592 mundo
2760 4545 2863 4591 est.
2899 4536 2964 4590 Et
3009 4536 3234 4589 mundus
3279 4533 3466 4589 transit

1910 4647 1966 4692 et
1999 4631 2420 4701 concupiscentia
2451 4629 2586 4697 ejus.
2635 4627 2731 4694 Qui
2762 4638 2937 4681 autem
2990 4626 3114 4680 facit
3143 4626 3465 4677 voluntatem

1917 4727 2031 4788 Dei.
2059 4731 2236 4780 manet
2266 4724 2316 4775 in
2346 4732 2599 4776 aeternum
2630 4718 2676 4770 tl
2710 4716 2863 4770 Joan.
2897 4726 2981 4785 tt).

242 5130 254 5142 ο
286 5055 406 5138 (2?)
439 5056 517 5110 De
542 5057 858 5142 metaphora
888 5055 1070 5142 suam
1093 5056 1329 5142 ἀνοίγειν
1360 5057 1534 5140 dicam
1565 5059 1738 5141 infra;_
1767 5077 1787 5131 ι

1889 5063 1971 5118 7-1.
1999 5067 2164 5142 —-_5't,
2193 5067 2504 5136 ἀνοίξαντες
2525 5069 2633 5142 οὐκ
2665 5069 2767 5142 ἔτι,
2805 5069 2997 5124 mediis
3038 5071 3272 5142 omissis.
3303 5069 3485 5125 Omis-

212 5129 391 5182 sionis
421 5143 582 5182 causa
613 5143 735 5180 ease
763 5129 971 5181 videtur
996 5130 1047 5181 itt
1073 5129 1238 5181 simili
1268 5129 1568 5182 desinentia
1606 5129 1787 5196 partici

216 5198 479 5253 librariis.
506 5195 744 5250 lsaacius
781 5196 1046 5253 Proubvr.
1083 5199 1155 5251 De
1177 5206 1446 5253 nrteterm.
1475 5199 1649 5253 p.286
1679 5219 1692 5253 ε
1728 5203 1787 5253 [ll

1901 5151 2038 5220 rum.
2075 5135 2270 5191 Notqu
2303 5129 2386 5192 est
2419 5129 2893 5209 citipowséXsura
2919 5155 3060 5206 saepe
3097 5141 3263 5193 fuisse
3305 5141 3482 5194 fraudi

1893 5221 1992 5253 τας
2021 5207 2196 5253 πύλας
2226 5211 2324 5253 τῆς
2355 5209 2553 5253 'l‘nm'm:
2575 5211 2665 5253 τὸν
2699 5210 2865 5253 ἵππον
2895 5210 3182 5253 ἠρεμαίαις
3223 5213 3482 5253 ὶνῖυτετταυ

217 5203 483 5337 ε’ἓῖἷτῖῗὲξ
506 5203 1155 5337 ῗδὲοῗξῗίἐεέῗὟἙὲῖιὲέθ
1172 5206 1525 5336 ἓῖίξῗῖἕῖίίιῗέ
1544 5203 1649 5323 ῗῗῗῗ
1675 5203 3079 5337 εεῗῖἓῖιεέῗέῗοῖὶῗξιῗῇῗυῖςῧέἔκιῖῗῗτέἒῖπῗεῗέἓ
3088 5210 3485 5337 ίξὲῗῗλοῗένὲἕὲοἷ

625 5279 642 5368 ι
1172 5279 1955 5368 ξιξἹιίίιέιιιίιιδυεέκιῖξζλληνες,
1989 5279 2381 5348 εὐωχουμένων
2404 5280 2513 5332 τῶν
2547 5279 2773 5351 Τρώων,
2815 5281 2909 5334 καὶ
2949 5283 3068 5344 ταῖς
3098 5281 3292 5345 πύλαις
3341 5279 3490 5334 οὕτω

216 5336 602 5460 προσήγΞισαν
625 5354 640 5368 ο
665 5336 780 5388 ἀλλ’
817 5336 1151 5391 ύπεπόδισαν
1184 5337 1446 5408 Ἕλληνες
1471 5355 1485 5370 ο
1518 5342 1615 5394 καὶ
1643 5336 1897 5412 Τρῶεςζη

291 5408 403 5479 (εὖ)
485 5409 736 5479 uellant,
774 5407 826 5460 5.
896 5477 905 5479 Ξ
1249 5477 1258 5479 _

317 5476 410 5535 ἐν.)
445 5481 509 5535 Α,
547 5476 715 5529 δοκεῖ’
746 5493 850 5535 qua
878 5477 944 5530 de
971 5477 1371 5535 permutatione
1397 5478 1481 5535 cui
1509 5481 1575 5533 ad
1606 5483 1787 5535 Arista

1889 5501 2007 5535 una.
2036 5487 2162 5535 567-
2189 5487 2510 5535 Chnririusi

218 5479 410 5601 Cogitet)
426 5479 850 5600 εέδξοδῗᾷίλυδ
878 5479 944 5598 ag
971 5479 1371 5598 Ρῗτηὶξηθίίθηθ
1397 5479 1481 5548 θεῖ
1509 5481 1575 5561 af,
1606 5483 1860 5561 Arisu‘m'
1886 5501 2007 5570 βίη-εξ.
2036 5487 2162 5542 547.
2189 5487 2474 5542 Choririus
2497 5488 2549 5542 in
2578 5488 2804 5555 Procop.
2833 5489 2860 5561 §
2883 5489 2951 5545 55
2976 5508 2990 5545 :
3020 5491 3114 5544 καί
3140 5507 3228 5561 μοι
3259 5490 3482 5548 δοκεῖ...

220 5619 249 5669 ὅ
284 5634 339 5670 τι
361 5634 420 5670 τε
445 5585 674 5686 βέλτιᾶτ.
708 5561 1133 5685 ἔχμοικαιὲκιὲ.τι
1150 5547 1312 5670 iriiri}
1332 5548 1878 5689 Mpeotgifétuggltéscézp.
1901 5556 2048 5679 30.4.:
2083 5558 2217 5656 Περὶ
2254 5559 2357 5625 τῆς
2389 5558 2672 5629 βασιλικῆς
2698 5558 3000 5661 άνθρῶπων
3022 5561 3341 5661 ἡγεμονίας,
3361 5565 3485 5615 καθ.

228 5689 231 5690 ν
312 5689 315 5690 ν
409 5687 446 5690 -
714 5687 723 5690 -
855 5685 891 5690 -—
942 5689 945 5690 ν
1197 5689 1201 5690 ν
1315 5659 1338 5690 ’κ
1526 5637 1564 5690 μ
1657 5639 1685 5684 ς
1740 5638 1769 5690 ρ
1823 5643 1871 5686 Vo
1933 5644 2043 5680 οιω
2067 5645 2158 5690 μοι
2190 5629 2457 5690 χρήσιμον
2477 5625 2710 5686 είναι....
2741 5628 2963 5685 Frustra
2983 5633 3147 5687 edttot
3181 5631 3326 5686 δοκει
3354 5649 3485 5688 con-

220 5628 249 5696 ο
284 5634 339 5698 τι
361 5634 420 5670 τε
445 5628 673 5686 βέλτιστ’
708 5628 840 5685 εχει,
872 5628 994 5669 καθ’
1016 5628 1044 5670 ο
1080 5633 1133 5668 τι
1164 5628 1329 5682 νοσεῖ,
1361 5628 1685 5690 βουλόμενος
1707 5628 1787 5690 Ep:

218 5698 371 5756 jemt.
408 5687 612 5740 Forsan
641 5687 738 5739 καὶ
774 5685 894 5739 καθ’
922 5689 950 5739 ὃ
971 5705 1024 5740 τι
1061 5689 1224 5749 νοσεῖ,
1263 5689 1345 5743 vel
1373 5691 1495 5743 καθ’
1524 5693 1552 5744 ὃ
1572 5709 1624 5744 τι
1643 5709 1701 5746 τε
1729 5711 1787 5746 νο

295 5758 410 5828 (9.5)
441 5757 628 5828 Matth.
658 5773 725 5820 vt,

1901 5628 2043 5710 δοκῶ
2067 5628 2457 5698 μοιχρήσιμον
2477 5628 2710 5686 sint..."
2741 5628 2963 5685 Frustra
2983 5628 3158 5687 editor
3181 5631 3328 5686 δοκεῖ
3354 5649 3488 5688 cou-

1889 5740 1891 5748 .
1927 5698 2012 5751 (.f.
2044 5715 2204 5769 supra
2240 5715 2360 5768 pag.
2385 5699 2477 5765 23,
2507 5699 2598 5754 20.

298 5826 409 5895 (διδ)
438 5826 594 5881 Joan.
621 5842 743 5889 xttt.
772 5827 882 5891 9.5;
913 5843 1024 5889 ut,
1052 5829 1143 5885 Q0.

297 5897 416 5971 (⁵17)
440 5897 598 5951 Joau.
629 5896 842 5966 ll‘lpist.
878 5915 939 5963 tt,
965 5899 1170 5970 15,16,
1196 5898 1280 5955 Π.
