4070 6436
209 458 339 514 €385

210 554 588 624 καθάραντες.
629 552 782 608 Ἐπεὶ
806 553 865 607 δὲ
890 555 989 608 οὐκ
1021 552 1196 617 ἄλλως
1222 554 1401 617 τοῦτο,
1428 555 1567 608 ἀλλὰ
1589 556 1675 608 διὰ

209 647 478 716 φυλακῆς
530 645 638 698 τῶν
697 644 929 699 ἐντολῶν
968 644 1066 698 τοῦ
1102 645 1350 717 (Χριστοῦ
1409 647 1806 718 κατορθοῦσθαι

207 736 499 804 ἔγνωσαν,
518 738 617 809 τὴν
643 737 697 791 δὲ
727 738 975 808 φυλακὴν
1000 737 1111 791 τῶν
1137 738 1364 792 ἐντολῶν
1395 740 1490 792 καὶ
1518 741 1618 811 τὴν
1637 741 1807 812 ἐργα-

212 830 349 883 σίαν
374 830 483 882 τῶν
509 830 719 900 ἀρετῶν
758 828 1035 900 δυσχερῶς
1063 829 1120 881 ἐν
1163 830 1313 900 μέσῳ
1335 830 1443 882 τῶν
1470 830 1562 885 τοῦ
1599 822 1815 901 κόσμου’

209 918 474 991 θορύϐων
509 920 896 990 προσγίνεσθαι
936 921 1288 993 κατενόησαν,
1331 922 1489 976 ἄλλον
1530 922 1654 977 τινὰ
1693 924 1807 994 βίον

209 1012 377 1079 ξένον
406 1014 502 1068 καὶ
538 1013 938 1083 ἐνηλλαγμένον
972 1015 1183 1078 ἑαυτοῖς
1212 1014 1660 1084 ὲπετηδεύσαντο,
1690 1016 1803 1080 καὶ,

207 1106 365 1157 κατὰ
403 1105 506 1175 τὴν
553 1105 702 1157 θείαν
748 1105 933 1176 φωνὴν
983 1106 1117 1175 (55),
1163 1105 1343 1158 πάντα
1380 1105 1806 1168 καταλιπόντες,

207 1196 427 1260 γονεῖς,
466 1192 653 1253 τέκνα.
684 1194 895 1263 φίλους,
942 1196 1246 1261 συγγενεῖς,
1280 1194 1506 1247 πλοῦτον
1537 1195 1630 1247 καὶ
1678 1212 1807 1265 τρυ-

206 1284 354 1355 φὴν,
374 1288 467 1339 καὶ
484 1287 659 1339 πάντα
680 1286 747 1338 τὰ
767 1289 826 1339 ὲν
855 1285 933 1355 τῷ
962 1287 1151 1356 κόσμῳ
1176 1286 1525 1357 μισήσαντες,
1555 1286 1689 1356 πρὸς
1710 1287 1807 1349 τὰς

205 1377 490 1445 ἐρήμους,
516 1374 701 1446 ὥσπερ
745 1376 888 1438 τινὲς
931 1376 1168 1445 φυγάδες
1212 1375 1436 1447 ῷχοντο,
1470 1375 1801 1446 ὑστερούμε-

206 1482 300 1517 νοι
357 1466 503 1536 (54),
555 1466 898 1534 θλιϐόμενοι,
946 1464 1409 1535 κακουχούμενοι,
1454 1466 1513 1518 ἐν
1545 1465 1807 1535 ἐρημίαις

207 1557 573 1628 πλανώμενοι
599 1559 692 1610 καὶ
732 1558 882 1629 ὄρεσι
913 1559 1007 1611 καὶ
1042 1558 1324 1630 σπηλαίοις
1364 1560 1460 1612 καὶ
1489 1559 1609 1621 ταῖς
1646 1559 1807 1622 ὀπαῖς

203 1650 321 1717 τῆς
348 1651 470 1720 γῆς,
512 1650 730 1702 πάντων
758 1651 866 1703 τῶν
897 1651 989 1702 ἐπὶ
1018 1651 1121 1720 γῆς
1156 1650 1405 1722 τερπνῶν
1444 1668 1505 1703 τε
1540 1652 1636 1704 καὶ
1674 1652 1809 1704 ἀπο-

206 1740 534 1794 λαυστικῶν
570 1741 798 1803 ἑαυτοὺς
840 1742 1239 1812 μακρύναντες,
1286 1743 1381 1795 καὶ
1422 1742 1586 1796 αὐτοῦ
1624 1742 1682 1795 δὲ
1709 1743 1804 1797 τοῦ

208 1833 391 1902 ἄρτου
433 1834 528 1886 καὶ
563 1833 950 1904 σκεπάσματος
979 1834 1098 1886 λίαν
1130 1834 1284 1904 ιθ3
1312 1834 1507 1898 ἐνδεῶς
1550 1834 1766 1906 ἔχοντες
1786 1853 1799 1865 ·

1332 445 1507 506 νΙΤΑ
1544 446 1901 506 BARLAAM
1941 447 2035 508 ET
2070 448 2418 511 JOASAPH.

3376 458 3481 519 966

1708 559 1805 653 ἷῆς
1836 566 1883 622 Α
1908 593 2043 649 rent,
2076 584 2383 653 seipsosque
2405 584 2471 636 ab
2500 583 2643 635 omni
2682 583 2856 637 carnis
2884 590 2939 637 et
2970 581 3183 652 spiritus
3220 581 3457 652 inquina-

1910 683 2090 728 mento
2119 680 2482 742 repurgarent.
2512 671 2767 738 Quoniam
2797 680 2971 725 autem
2997 672 3094 724 hoc
3115 688 3217 725 non
3255 671 3355 724 alia
3381 686 3461 722 ra-

1910 763 2076 830 tione,
2108 779 2262 831 quam
2292 778 2387 831 per
2414 764 2776 817 mandatorum
2798 761 2992 815 Christi
3018 761 3464 826 observationem,

1910 871 1939 907 a
1970 872 2028 909 se
2060 857 2295 922 praestari
2320 868 2474 922 posse
2508 853 2888 922 intelligebant,
2919 854 3281 906 mandaturum
3312 867 3468 920 porro

1909 946 2332 999 observationem
2362 959 2423 999 ac
2451 945 2699 998 virtutum
2731 944 2927 997 cultum
2960 945 3009 996 in
3051 941 3239 996 mediis
3288 942 3466 994 tnundi

1909 1040 2220 1094 tumultibus
2266 1053 2405 1108 agre
2457 1036 2712 1106 coosequi
2760 1050 2818 1090 se
2868 1050 3021 1101 posse
3061 1034 3466 1101 perspiciebant,

1910 1147 2101 1185 novum
2131 1130 2395 1198 quoddam
2428 1138 2586 1197 atque
2615 1130 2681 1181 ab
2700 1128 2818 1182 aliis
2846 1128 3111 1180 diversum
3142 1127 3260 1178 vita:
3302 1138 3467 1191 genus

1907 1223 2139 1291 sibiipsis
2164 1223 2520 1284 instituerunt,
2543 1220 2768 1288 acjuxta
2793 1220 3017 1271 divinam
3038 1231 3244 1280 vocem,
3269 1215 3466 1269 relictis

1907 1311 2152 1364 omnzbus
2178 1312 2357 1375 rebus,
2381 1310 2482 1363 hoc
2525 1319 2605 1362 est
2648 1307 2971 1376 parentibus,
3018 1305 3216 1368 liberis,
3259 1305 3463 1369 amicis,

1908 1402 2162 1470 Cognatis,
2190 1403 2396 1469 opibus,
2432 1399 2654 1464 deliciis,
2685 1399 2993 1467 cunctisque
3021 1395 3200 1449 mundi
3232 1409 3470 1447 commo-

1912 1494 1994 1545 dis
2016 1494 2352 1559 contemptis,
2387 1491 2439 1543 in
2467 1491 2800 1551 solitudines,
2833 1498 3076 1556 tanquam
3110 1487 3318 1537 exsules
3347 1486 3468 1552 qui-

1910 1588 2054 1649 dam,
2083 1596 2201 1635 sese
2228 1582 2585 1641 contulerunt,
2630 1588 2871 1647 egentes,
2920 1576 3223 1646 angustiati,
3262 1575 3466 1638 alﬂicti,

1909 1673 2101 1742 quibus
2129 1672 2318 1740 dignus
2342 1687 2443 1723 non
2476 1678 2590 1725 erat
2629 1669 2853 1722 mundus
2883 1667 3066 1736 (Hebr.
3098 1669 3171 1735 ιι)
3205 1682 3220 1720 :
3252 1667 3302 1718 in
3333 1666 3467 1726 soli—

1910 1761 2177 1815 tudinibus
2203 1773 2462 1824 errantes,
2505 1761 2555 1814 in
2600 1759 2887 1823 montibus,
2919 1765 2972 1810 et
2999 1756 3295 1825 speluncis,
3331 1768 3385 1811 et
3417 1759 3468 1811 in

1908 1858 2148 1909 cavernis
2171 1862 2346 1912 terrae,
2378 1867 2437 1902 ac
2458 1852 2661 1914 seipsos
2684 1852 2750 1901 ab
2769 1849 3014 1901 omnibus
3041 1850 3263 1902 terrenis
3280 1847 3469 1915 jucun-

210 1924 315 1976 δύο
354 1924 527 1978 ταῦτα
568 1928 1143 1996 πραγματευσάμενοι,
1186 1926 1292 1989 ἵνα,
1334 1926 1408 1998 μὴ
1438 1927 1671 1998 ὁρῶντες
1706 1929 1805 1993 τὰς

1910 1940 2166 1995 ιιίιιιιίὶιιις
2204 1937 2650 2006 etvoluptatihus
2692 1936 2882 2006 procul
2921 1947 3284 1999 removentes,
3319 1947 3481 2004 atque

210 2015 362 2079 ὔλας
386 2016 496 2071 τῶν
530 2018 741 2083 παθῶν,
790 2019 1127 2090 προρρίζους
1156 2018 1335 2074 αὐτῶν
1373 2021 1474 2084 τὰς
1507 2021 1804 2091 ἐπιθυμίας

212 2111 281 2161 ἐκ
324 2110 430 2178 τῆς
462 2110 640 2180 ψυχῆς
670 2111 1052 2173 ἀνασπάσωσι,
1084 2110 1202 2173 καὶ,
1238 2111 1337 2175 τὰς
1374 2111 1557 2165 αὐτῶν
1596 2111 1805 2177 ἐξαλεί-

211 2202 424 2271 ψαντες
464 2204 705 2274 μνήμας,
734 2204 913 2274 ἔρωτα
944 2203 1039 2256 καὶ
1079 2201 1242 2256 πόθον
1270 2202 1380 2257 τῶν
1408 2202 1567 2256 θείων
1594 2203 1689 2257 καὶ
1713 2203 1804 2255 ού-

221 2291 429 2359 ρανίων
461 2293 521 2344 ἐν
558 2293 772 2355 ἑαυτοῖς
813 2292 1229 2363 ὲμφυτεύσωσιδ
1258 2293 1396 2363 πρὸς
1422 2292 1655 2357 τούτοις,
1694 2294 1803 2361 ἵνα,

220 2378 311 2431 διὰ
334 2379 437 2450 τῆς
461 2381 835 2444 κακοπαθείας
861 2382 920 2434 τὸ
954 2383 1179 2452 σαρκίον
1203 2382 1680 2454 ἐκδαπανήσαντες
1708 2386 1804 2437 καὶ

226 2471 505 2541 μάρτυρες
537 2474 604 2543 τῇ
648 2474 968 2543 προαιρέσει
1011 2474 1317 2544 γενόμενοι,
1367 2475 1441 2545 μὴ
1488 2475 1803 2546 ἀποτύχωσι

221 2565 325 2633 τῆς
366 2565 618 2628 εὐκλείας
669 2566 778 2620 τῶν
827 2567 894 2621 δι’
937 2570 1167 2640 αἵματος
1212 2569 1633 2634 τελειωθέντων,
1668 2569 1803 2623 ἀλλά

223 2657 469 2726 μιμηταὶ
520 2658 617 2710 καὶ
664 2659 819 2712 αὐτοὶ
856 2660 963 2714 τῶν
1009 2660 1104 2714 τοῦ
1147 2660 1388 2732 Χριστοῦ
1436 2661 1802 2732 παθημάτων,

216 2750 349 2800 ὅσον
380 2749 444 2801 τὺ
474 2749 564 2802 ἐπ’
592 2751 798 2817 αὐτοῖς,
842 2753 1148 2823 γενόμενοι,
1181 2754 1276 2807 καὶ
1304 2754 1405 2823 τῆς
1446 2752 1806 2825 ἀτελευτήτου

215 2839 504 2908 βασιλείας
564 2843 897 2914 συμμέτοχοι
951 2844 1182 2899 ἔσονται.
1221 2844 1408 2909 Οὕτως
1457 2840 1553 2898 οὖν
1610 2845 1810 2913 ἄριστα

214 2932 691 3006 διασκεψάμενοι,
733 2938 821 2990 τὸν
873 2939 1071 3009 μονάδα
1118 2940 1214 2992 καὶ
1263 2937 1487 3009 ἡσύχιον
1541 2938 1808 3009 μετῆλθον

222 3043 372 3115 βίον.

1902 2032 2037 2086 adeo
2065 2030 2224 2099 panis
2251 2030 2414 2083 etiam
2445 2035 2499 2081 et
2520 2027 2963 2081 vestimentorum
2981 2026 3131 2095 gravi
3164 2025 3387 2093 penuria
3407 2025 3483 2077 la-

1905 2123 2179 2177 borantes.
2205 2118 2356 2185 Quod
2392 2127 2450 2171 ut
2470 2118 2735 2180 lacerent,
2759 2116 2953 2184 duplex
2972 2130 3065 2170 eos
3094 2129 3251 2168 causa
3288 2114 3478 2183 impel-

1903 2214 2070 2268 lebat:
2088 2211 2358 2278 altera,ut
2383 2208 2699 2263 vitiosarum
2720 2205 3066 2261 aﬂ'ectionum
3103 2205 3361 2259 materias
3384 2207 3483 2258 mi-

1902 2307 2050 2360 nime
2072 2312 2381 2367 cernentes,
2410 2316 2597 2356 earum
2631 2299 2955 2369 cupiditates
2988 2297 3249 2352 radicitus
3282 2312 3344 2350 ex
3366 2299 3485 2349 ani-

1906 2398 2007 2450 mis
2034 2394 2151 2450 suis
2183 2392 2501 2454 evellerent,
2531 2403 2830 2457 earumque
2850 2386 3171 2441 memoriam
3200 2385 3483 2439 oblittera-

1904 2498 2045 2553 rent,
2080 2503 2145 2541 ac
2184 2486 2492 2540 divinarum
2519 2491 2573 2535 et
2606 2481 2911 2537 caelestium
2946 2494 3125 2533 rerum
3155 2493 3393 2533 amorem
3427 2487 3482 2531 et

1903 2579 2227 2635 desiderium
2246 2578 2299 2630 in
2327 2577 2521 2645 scipsis
2546 2574 2890 2639 insererent;
2916 2572 3111 2635 altera,
3134 2580 3191 2624 ιιι
3218 2586 3317 2640 per
3343 2567 3481 2622 aﬂli—

1902 2675 2137 2727 ctionem
2172 2683 2371 2738 corpus
2394 2666 2760 2730 conﬁcerent,
2789 2665 3080 2734 animoque
3103 2677 3166 2719 ac
3199 2662 3483 2716 voluntate

1904 2774 2172 2835 martyres
2190 2761 2391 2826 eﬂ‘eeti,
2421 2774 2482 2814 ea
2502 2758 2698 2829 gloria,
2724 2771 2885 2826 quam
2906 2754 2941 2809 ii
2972 2754 3062 2824 qui
3083 2752 3347 2824 martyrio
3362 2768 3484 2822 per-

1902 2858 2070 2921 functi
2103 2864 2252 2918 sunt,
2280 2854 2548 2917 obtinent,
2585 2850 2808 2904 minime
2831 2855 3113 2911 carerent;
3139 2862 3325 2901 verum
3359 2858 3480 2898 cum

1904 2951 2002 3021 ipsi
2026 2964 2265 3019 quoque,
2288 2955 2551 3017 quantum
2575 2943 2627 2996 in
2661 2957 2721 2997 se
2749 2950 2913 3006 esset,
2938 2938 3141 2993 Christi
3173 2937 3482 3007 passionem

1906 3041 2329 3113 expressissent,
2352 3037 2525 3107 ipsius
2547 3049 2761 3104 quoque
2781 3032 2930 3100 regni
2964 3031 3257 3100 participes
3278 3038 3479 3085 essent.

210 3134 300 3186 Ad
360 3134 503 3186 hunc
550 3131 716 3203 igitur
771 3135 989 3189 modum
1044 3136 1245 3207 Optima
1293 3137 1730 3194 consideratione
1778 3141 2042 3202 adhibita,
2088 3133 2447 3189 monasticam
2490 3143 2555 3183 ac
2610 3126 2911 3183 solitariam
2968 3125 3139 3177 vitam
3184 3121 3482 3178 consectati

214 3239 374 3283 sunt.

288 3328 451 3389 Τινὲς
494 3325 591 3397 μὲν
626 3322 825 3394 αἴθριοι
868 3320 1419 3391 διακαρτερήσαντες,
1450 3313 1529 3386 τῷ
1573 3308 1801 3383 φλογμῷ

1978 3321 2149 3389 Atque
2177 3316 2265 3370 alii
2292 3313 2502 3384 quidem
2531 3313 2628 3366 sub
2653 3311 2739 3363 dio
2765 3309 3037 3370 durantes,
3065 3302 3194 3357 solis
3215 3309 3369 3360 testu,
3399 3306 3479 3348 at-

218 3418 326 3474 τοῦ
362 3416 636 3479 καύσωνος
676 3416 770 3470 καὶ
798 3416 1030 3485 κρυμοῖς
1063 3412 1277 3482 ἀγρίοις
1314 3411 1408 3463 καὶ
1447 3408 1673 3479 ὄμϐροις
1707 3404 1806 3458 καὶ

219 3512 488 3582 ταραχαῖς
535 3508 751 3576 ἀνέμων
785 3504 1293 3574 ταλαιπωρούμενοι
1329 3500 1442 3571 (ξὸ)
1466 3516 1479 3527 ·
1511 3500 1560 3552 οἱ
1593 3498 1672 3562 δὲ,
1704 3513 1806 3550 καο

217 3602 397 3666 λύϐας
432 3601 757 3671 πηξάμενοι,
792 3599 825 3669 ἢ
868 3596 1153 3666 σπηλαίοις
1183 3595 1278 3647 καὶ
1315 3593 1530 3663 ἄντροις
1567 3590 1808 3658 ὐποκρυ-

220 3694 438 3758 ϐέντες,
464 3691 740 3763 διέζησαν.
767 3688 923 3743 Οὕτω
948 3688 1003 3740 δὲ
1030 3686 1130 3758 τὴν
1161 3685 1362 3757 ἀρετὴν
1397 3680 1807 3754 μετερχόμενοι,

223 3787 416 3839 πᾶσαν
449 3786 717 3855 σαρκικὴν
764 3781 1109 3852 παράκλησιν
1139 3780 1234 3833 καὶ
1264 3777 1570 3832 ἀνάπαυσιν
1606 3775 1686 3837 είς
1724 3771 1813 3824 τέ-

222 3877 325 3940 λος
358 3876 769 3947 ἀπηρνήσαντο,
808 3873 1056 3942 λαχάνων
1114 3867 1282 3940 ὠμῶν
1330 3869 1423 3922 καὶ
1471 3864 1728 3937 βοτανῶν,
1774 3862 1810 3933 ἢ

225 3967 574 4039 ἀκροδρύων,
603 3966 637 4037 ἦ
671 3965 833 4037 ἄρτου
872 3963 1036 4034 ξηροῦ
1071 3961 1165 4015 καὶ
1194 3961 1337 4015 πάνυ
1377 3957 1636 4029 σκληροῦ,
1668 3972 1812 4008 στοι-

225 4061 503 4130 χήσαντες
529 4058 729 4129 διαίτῃ,
762 4056 836 4127 μὴ
860 4058 927 4125 τῇ
954 4053 1199 4125 ποιότητι
1227 4052 1387 4121 μόνον
1410 4046 1815 4117 άποταξάμενοι

223 4152 345 4206 τῶν
379 4151 568 4221 ἡδέων,
606 4150 763 4213 ἀλλὰ,
791 4147 870 4220 τῷ
908 4149 1148 4218 περιόντι
1195 4145 1295 4215 τῆς
1327 4139 1676 4212 ἐγκρατείας,
1720 4138 1815 4191 καὶ

226 4243 376 4314 πρὸς
406 4241 504 4313 τὴν
544 4241 816 4310 ποσότητα
861 4239 923 4292 τὸ
956 4238 1236 4307 φιλότιμον
1284 4233 1498 4288 ἑαυτῶν
1547 4230 1817 4303 παρατεί-

227 4353 453 4399 ναντες.
495 4336 761 4389 Τοσοῦτον
796 4334 904 4405 γὰρ
938 4334 1032 4387 κα)⁸
1074 4331 1254 4385 αὐτῶν
1294 4331 1403 4383 τῶν
1441 4327 1678 4382 εὐτελῶν
1723 4334 1815 4380 καὶ

227 4427 687 4496 ἀναγκαιοτάτων
721 4423 1129 4496 μετελάμϐανον
1158 4420 1486 4492 βρωμάτων,
1527 4420 1652 4472 ὅσον
1683 4419 1819 4470 ἀπο-

194 4554 199 4557 ι
231 4521 345 4590 ζῇν
381 4519 561 4589 μόνον.
603 4518 667 4570 Οἱ
704 4518 803 4585 μὲν
848 4516 957 4586 γὰρ
996 4514 1196 4578 αὐτῶν,
1242 4513 1369 4575 ὅλας
1398 4511 1498 4573 τὰς
1527 4510 1626 4581 τῆς
1666 4508 1820 4562 ἐϐδο-

235 4613 415 4685 μάδος
444 4609 654 4682 ἡμέρας
692 4612 867 4664 ἄσιτοι
908 4606 1295 4673 διατελοῦντες,
1322 4607 1388 4676 τῇ
1423 4604 1662 4674 κυριακῇ
1698 4616 1822 4671 τρο-

231 4706 355 4775 φῆς
406 4701 848 4773 μετελάμϐανον*
895 4701 945 4753 oi.
975 4700 1033 4753 δὲ
1060 4699 1141 4761 δὶς
1181 4698 1279 4766 τῆς
1329 4694 1488 4766 104,
1526 4692 1821 4763 ἑϐδομάδος

238 4793 457 4863 ταύτης
494 4792 836 4865 μεμνημένοι
889 4789 1037 4861 (56)’
1092 4787 1242 4841 ἄλλοι
1294 4786 1351 4840 δὲ
1406 4783 1559 4854 παρὰ
1590 4784 1743 4853 μίαν,
1793 4780 1828 4852 ἢ

1911 3427 2013 3480 que
2050 3408 2356 3478 asperrimis
2403 3392 2690 3470 frigoribus
2738 3414 2801 3452 ac
2841 3395 3052 3466 pluviis,
3099 3401 3152 3446 et
3201 3398 3477 3443 ventorum

1920 3477 2221 3558 turbinibus
2249 3496 2656 3552 afﬂictabantur.
2706 3492 2807 3545 Alii
2865 3487 3181 3543 constructis
3233 3477 3478 3549 tuguriis,

1922 3603 2012 3646 aut
2039 3594 2089 3645 in
2114 3590 2380 3661 speluncis
2402 3597 2457 3641 et
2481 3584 2650 3638 antris
2671 3596 2787 3636 sese
2807 3578 3153 3640 occultantes,
3180 3573 3338 3625 vitam
3362 3582 3485 3638 age-

1915 3686 2058 3738 bant.
2081 3682 2273 3748 Sicque
2296 3678 2540 3732 virtutem
2563 3674 2815 3736 colentes,
2834 3682 3047 3723 onmem
3071 3666 3337 3718 carnalem
3365 3674 3487 3714 con-

1917 3775 2230 3830 solationem
2262 3779 2315 3826 et
2338 3769 2567 3840 quietem
2597 3767 2663 3821 ad
2707 3775 3004 3819 extremum
3047 3771 3215 3826 usque
3241 3751 3488 3823 repudia-

1918 3876 2062 3932 ruuto,
2091 3864 2269 3920 crudis
2300 3861 2533 3916 oleribus
2561 3868 2613 3913 et
2643 3856 2844 3921 herbis,
2875 3862 2965 3906 aut
2990 3850 3182 3921 pomis,
3214 3856 3304 3900 aut
3329 3845 3489 3899 etiam

1921 3958 2064 4012 sicco
2093 3970 2156 4009 ac
2175 3950 2458 4009 durissimo
2490 3965 2625 4019 pane
2654 3948 2816 4001 vitam
2862 3944 3178 4004 tolerantes;
3223 3950 3322 3991 nec
3366 3950 3492 3987 sua-

1924 4048 2071 4103 vium
2096 4045 2334 4100 ciborum
2364 4040 2603 4111 qualitati
2643 4038 2901 4092 duntaxat
2948 4031 3186 4085 nuntium
3215 4027 3492 4081 remitten-

1924 4148 2026 4207 tes,
2057 4136 2151 4191 sed
2183 4150 2289 4203 pra:
2315 4128 2632 4187 exuberanti
2656 4126 2882 4194 quadam
2933 4118 3261 4177 continentia
3291 4114 3499 4184 magni-

1926 4229 2161 4283 tudinem
2190 4222 2348 4279 animi
2376 4222 2458 4276 sui
2482 4221 2547 4274 ad
2580 4220 2747 4285 ipsam
2775 4228 2984 4285 quoque
3011 4208 3358 4281 quantitatem
3400 4218 3497 4257 ex-

1929 4319 2226 4375 tendentes.
2259 4313 2545 4368 Tantulum
2574 4308 2713 4363 enim
2746 4307 3021 4367 duntaxat,
3067 4300 3227 4355 etiam
3253 4312 3317 4351 ex
3368 4294 3499 4364 ipsis

1930 4410 2121 4465 vilibus
2177 4395 2871 4470 maximequeJtecessariis
2907 4393 3039 4446 cibis
3092 4387 3497 4458 percipiebant,

1933 4511 2180 4572 quantum
2205 4498 2268 4551 ad
2298 4492 2627 4550 tolerandam
2667 4488 2859 4543 famem
2906 4484 3036 4537 satis
3066 4488 3230 4535 esset.
3275 4475 3499 4545 Quidam

1850 4624 1897 4679 ι)
1934 4565 2073 4650 enim
2129 4602 2312 4645 eorum
2374 4587 2634 4653 integram
2688 4574 3073 4633 hebdomadam
3126 4586 3219 4640 per
3272 4565 3500 4621 inediam

2346 4678 2371 4679 ί
2482 4677 2489 4679 λ
2539 4675 2548 4679 “
2677 4671 2688 4679 ·
2934 4665 2965 4679 ι’
3046 4662 3145 4679 γ’·νγ
3191 4677 3201 4679 μ
3260 4657 3477 4679 -Α-..ξ..,.

1937 4683 2309 4752 transigentes,
2346 4675 2619 4730 Dominico
2658 4671 2870 4724 detnum
2915 4665 3004 4720 die
3032 4662 3207 4718 cibum
3256 4657 3505 4712 admitte-

1939 4775 2083 4832 bant.
2107 4745 2337 4839 buidam
2382 4768 2459 4821 bis
2506 4774 2703 4817 tantum
2735 4755 3063 4813 hebdomada
3106 4764 3314 4821 quaque
3344 4745 3508 4816 ip~ius

239 4885 348 4939 καὶ
378 4839 790 4953 καθΤὲὲπέιραν,
818 4839 1095 4932 ἐσιτοῦντο
1118 4878 1242 4931 ὅσον
1276 4876 1435 4945 μόνον
1464 4839 1672 4945 τιροςρῆς
1699 4874 1809 4925 ἀπο

1940 4868 2318 4928 meminerant;
2348 4861 2439 4915 alii
2461 4856 2678 4913 alternis
2713 4853 2899 4907 diebus
2928 4850 3026 4901 sub
3068 4858 3341 4913 vesperam
3385 4839 3508 4893 ede-

2560 4952 2567 4953 ,
2840 4943 2855 4953 ,
2998 4952 3003 4953 ί
3148 4948 3191 4953 ,ν
3242 4931 3481 4953 unum

242 4974 537 5044 γεύεσθαι.
583 4931 790 5043 Εὐχαῖς
829 4988 887 5025 τε
932 4973 1029 5024 καὶ
1081 4931 1413 5040 ἀγρυπνίαις
1452 4931 1652 5037 μίκροῦ
1699 4963 1805 5034 πρὸ

1943 4964 2090 5027 bant,
2123 4959 2208 5013 sic
2250 4967 2306 5010 ut
2335 4955 2510 5010 cibum
2541 4952 2796 5003 duntaxat
2823 4943 3198 5012 degustarent;
3242 4931 3513 5005 precibus-

245 5030 349 5123 τὸν
378 5068 482 5122 τῶν
528 5030 784 5136 ἀγγέλων
812 5030 1306 5138 παρημιλλήθήσαν
1348 5030 1487 5132 βίον,
1524 5030 1809 5129 χαίρειν-εἰ

1945 5067 2047 5122 que
2094 5065 2157 5105 ac
2201 5046 2390 5118 vigiliis
2450 5039 2829 5114 propemodum
2884 5048 3003 5089 cum
3056 5030 3255 5101 angelis
3304 5038 3514 5096 quoque

251 5165 455 5225 πάντες
490 5124 716 5233 χρύσίου
749 5162 845 5215 καὶ
874 5124 1140 5232 ἀργυρίου
1178 5124 1245 5227 τῇ
1272 5124 1466 5226 κτησει
1496 5124 1809 5205 παντάπασι

1947 5147 2233 5201 certantes,
2256 5148 2413 5205 atque
2443 5134 2553 5186 auri
2582 5140 2636 5185 et
2662 5127 2863 5195 argenti
2896 5124 3254 5193 possessione,
3287 5124 3515 5182 emptio-

330 5378 440 5447 (33)
470 5372 660 5447 Matth.
700 5384 817 5447 xix,
848 5365 959 5447 2Q:
983 5358 1257 5447 .Kaljtig,
1293 5354 1592 5447 ὃςέφῇκεν
1606 5349 1820 5447 ρίκίας,
1858 5348 1892 5421 ἢ
1929 5316 2192 5413 ἀδελφοὺς
2220 5339 2254 5411 ἢ
2285 5333 2540 5404 ἀδελφὰς,
2570 5332 2603 5403 ἢ
2637 5328 2851 5399 πατέρα
2879 5325 2912 5396 ἢ
2966 5320 3199 5394 μητέρα,
3228 5316 3262 5389 ἢ
3288 5315 3521 5385 γυναῖκα

252 5451 292 5522 ἢ
899 5434 1043 5502 ζωὴν
1075 5428 1292 5522 αἰώνέὲν
1321 5422 1751 5495 κληρονομήσει.

333 5496 743 5586 Boiam-'3'.“
777 5496 949 5586 “tibi:
974 5496 1170 5586 £12.57,
1202 5496 1334 5586 335:.
1391 5564 1449 5586 λ-

675 5561 805 5634 ﬁaz.
837 5583 978 5658 ora}.
1003 5561 1119 5658 '16,.1
1144 5586 1197 5636 p.
1226 5565 1356 5658 2‘17,
1787 5577 1802 5613 :

261 5638 476 5729 ἀγρνίοίς
504 5638 896 5720 καὶνταραχαῖς
923 5644 1141 5723 ἀνέμων
1158 5638 1523 5720 ,ταλαιπωρού
1534 5647 1726 5712 μενοι..

344 5727 459 5795 (56)
489 5724 713 5795 Locutio
748 5713 1173 5795 veterrimas-LIII
1206 5707 1809 5795 alitibus“53:3”)???le

1910 5697 2081 5795 ωσι
2107 5678 2958 5795 spirisdei."$5,322.:
2982 5667 3384 5795 ιῗίειίῖντὲξὲνξς,

344 5734 459 5795 (56)
489 5734 713 5778 Locutio
759 5734 1060 5771 veterrima:
1099 5734 1173 5763 ιιιι
1206 5734 1405 5762 arti-ma
1450 5734 1504 5756 ῠι
1540 5734 1809 5755 "mamma

264 5816 321 5853 τι
354 5797 528 5857 σίτου,
560 5790 684 5846 Οἴη*
711 5788 873 5858 εὐνῆς
894 5800 909 5813 ·
937 5794 994 5838 et
1022 5780 1175 5858 2l6_:
1208 5776 1349 5858 ρΰτε
1402 5772 1569 5858 φόϐου
1597 5787 1809 5858 *μεμνηγ

1910 5734 2842 5858 ivirvobérdgempic.Vide-Elei?
2886 5748 2950 5801 ad
2982 5745 3044 5800 ll.
3080 5734 3144 5810 Β,
3173 5734 3298 5806 686,
3321 5734 3384 5789 οὐ
3432 5745 3530 5785 m-

2019 5835 2123 5858 οιει
2154 5851 2169 5858 -
2244 5846 2353 5858 ..-Α
2384 5828 2438 5858 2:.-
2477 5827 2656 5858 ..;..,..,.
2713 5839 2778 5858 ..υ
2825 5833 2954 5858 nam

266 5821 321 5853 τι
354 5821 528 5857 σιτυυ,
560 5821 666 5846 υυι.
711 5821 871 5858 ιντερ,
938 5821 994 5838 ν·
1026 5821 1126 5836 ...ν
1160 5821 1175 5834 .
1213 5821 1348 5831 ν-.-
1409 5821 1562 5843 τ----
1608 5821 1709 5852 Γ..
1734 5821 1739 5822 ,
1763 5821 1809 5851 τι

266 5869 459 5939 meum
479 5862 753 5934 ἐμνώοντο
782 5873 794 5887 ο
828 5870 946 5927 qua:
967 5849 1286 5909 contulerim
1319 5860 1441 5904 cum
1469 5842 1619 5899 Theo
1633 5851 1809 5898 crttet:

2019 5835 2127 5893 245
2154 5851 2171 5888 :
2205 5821 2354 5900 ἄφαρ
2383 5821 2440 5881 δὲ
2475 5827 2656 5897 μάχης
2678 5821 2974 5893 ἐμνήσατο.

1845 5555 2012 5627 Ἡλίῳ
2046 5553 2142 5608 καὶ
2184 5550 2355 5613 κόνει,
2388 5545 2503 5598 ἔστι
2550 5542 2593 5595 δ’
2633 5542 2721 5594 ὅτε
2754 5538 2848 5593 καὶ
2893 5533 3121 5607 ὄμϐροις
3166 5527 3262 5582 καὶ
3296 5522 3527 5595 κρυμοῖς
