4070 6490
524 442 627 506 967
1984 431 2131 489 ADD

2230 429 2362 489 ’1)Ᾱ.
3716 435 3837 495 968

545 567 803 635 nibusque
831 574 884 621 et
912 563 1300 619 venditionibus
1329 577 1544 629 prorsus
1573 562 1745 615 valere
1764 562 1945 631 jussi~,
1976 562 2114 614 inter
2143 577 2152 603 Α

2227 543 2450 610 πράσεις
2497 554 2554 591 τε
2603 540 2696 592 καὶ
2741 536 3045 608 ἀγορασίας
3077 531 3459 603 ἐπιλαθόμενοι
3496 527 3641 587 εἶναι
3675 534 3834 595 ὅλως

545 634 786 708 homines
814 656 1029 708 omnino
1056 669 1114 709 se
1135 668 1254 708 esse
1284 654 1759 707 obliviscebantur.
1919 696 1927 702 .

1027 679 1029 696 ι
1056 669 1114 709 se
1135 668 1254 708 esse
1284 654 1759 707 obliviscebantur.
1919 696 1927 702 .
2218 636 2278 686 έν
2306 634 2634 705 ἀνθρώποις.

614 744 830 799 Invidite
857 754 1031 799 autem
1066 754 1118 798 et
1158 744 1316 797 animi
1348 743 1583 809 elationi,
1638 758 1753 812 qua:
1785 743 2113 810 potissimum

2286 728 2483 791 Φθόνος
2519 728 2574 779 δὲ
2611 728 2704 780 καί
2756 728 3022 796 ἔπαρσις,
3057 725 3105 776 οἱ
3138 722 3376 792 μάλιστα
3420 723 3535 783 τοῖς
3572 718 3833 787 ἀγαθοῖς

547 835 809 890 bonorum
853 850 1073 905 operum
1118 836 1339 890 comites
1367 849 1485 889 esse
1536 834 1727 899 solent,
1783 834 1928 887 locus
1978 835 2114 888 inter

2221 820 2398 891 ἔργοις
2436 820 2749 874 ἀκολουθεῖν
2796 817 3068 881 εἰωθότες,
3098 820 3199 868 οὐκ
3230 814 3385 884 ἔσχον
3412 814 3599 886 χώραν
3631 815 3702 865 ὲν
3728 812 3828 863 αὑ-

542 940 638 979 eos
666 926 840 980 nullus
869 936 1002 980 erat.
1036 926 1212 993 Neque
1241 928 1380 979 enim
1412 928 1455 978 is
1476 925 1565 995 qui
1611 925 1660 978 in
1706 923 1823 978 vitre
1858 927 2113 979 monasti-

2227 914 2349 974 τοῖς.
2400 912 2535 965 Οὐδὲ
2574 912 2685 979 γὰρ
2727 911 2755 961 6
2803 909 3046 962 ἐλάττων
3096 908 3154 959 ἐν
3188 908 3301 969 τοῖς
3351 905 3451 975 τῆς
3514 906 3834 973 ἀσκήσεως

545 1030 620 1070 ca:
650 1015 1119 1071 exercitationibus
1148 1015 1445 1070 inferimem
1476 1016 1647 1070 locum
1672 1016 1902 1080 tenebat,
1929 1017 2117 1069 adVer-

2226 1000 2407 1071 ἱδρῶσι
2457 1003 2599 1055 κατά
2650 1001 2742 1054 τοῦ
2809 998 3013 1071 μᾶλλον
3053 997 3452 1068 διαλάμποντος
3501 993 3833 1065 βασκανίας

544 1122 638 1163 sus
659 1125 777 1163 eum
804 1109 954 1177 cujus
983 1108 1235 1162 illustrior
1271 1111 1438 1161 virtus
1466 1118 1602 1172 erat,
1634 1108 1814 1161 livoris
1838 1109 2115 1175 cogitatio-

2225 1095 2477 1166 λογισμὸν
2514 1095 2653 1159 ὅλως
2698 1097 2756 1149 ὲν
2808 1091 2992 1163 ἐαυτῷ
3038 1091 3366 1161 ὑπεδέχετο’
3402 1089 3514 1142 οὐδ’
3548 1086 3620 1141 αὖ
3646 1088 3832 1141 πάλιν

547 1216 666 1253 nem
693 1203 743 1254 iu
773 1202 1006 1253 animum
1040 1201 1387 1253 admittebat:
1418 1214 1517 1253 nec
1544 1215 1725 1252 rurStts
1748 1214 1868 1253 eum
1897 1200 1984 1268 qui
2014 1200 2118 1251 vir-

2225 1190 2306 1241 :6v
2348 1189 2561 1258 μεγάλα
2606 1187 2982 1258 κατορθοῦντα
3028 1184 3172 1238 κατά
3228 1183 3338 1236 τῶν
3394 1182 3832 1251 ἀσθενεστέρων

547 1294 741 1345 tutilius
776 1292 1002 1360 pollebat
1031 1292 1328 1358 arrogantia
1445 1295 1502 1347 et
1573 1288 1747 1349 fastus
1860 1292 2117 1345 adversus

2233 1282 2354 1352 πρὸς
2402 1281 2578 1350 οἴησιν
2629 1281 2834 1351 ἐπῆρεν
2889 1281 2921 1347 ἡ
2961 1276 3320 1345 ἀλαζονείαῆ
3375 1274 3675 1338 ἐξουθενεῖν
3725 1273 3840 1324 τὸν

547 1384 918 1437 imbeetlliores
946 1384 1229 1451 ellerebat,
1272 1394 1431 1451 atque
1463 1385 1511 1435 in
1550 1382 1683 1437 hanc
1730 1384 1968 1439 fraudem
2010 1385 2114 1438 im-

2223 1375 2468 1445 πλησίον,
2504 1374 2536 1444 ἦ
2589 1372 2965 1442 ἐγκαυχᾶσθαι
3020 1373 3086 1441 τῇ
3121 1370 3387 1436 ἀσκήσει,
3437 1368 3533 1419 καὶ
3568 1365 3830 1435 μεγαλο-

544 1474 771 1543 pellebat
801 1482 859 1526 ut
904 1475 1201 1541 proximum
1243 1474 1389 1526 nihili
1442 1475 1712 1541 penderet,
1746 1485 1838 1528 aut
1876 1476 1943 1530 de
1997 1476 2118 1529 teli-

2221 1469 2437 1537 φρονεῖν
2466 1467 2558 1518 ἐπὶ
2591 1468 2703 1528 τοῖς
2742 1463 3189 1532 κατορθώμασιν,
3219 1463 3575 1529 ἀπατήσασα.
3611 1458 3671 1510 '0
3701 1458 3828 1525 γάρ

545 1566 690 1633 giosa
738 1565 1117 1619 exercitatione
1166 1566 1502 1635 gloriaretur,
1534 1567 1603 1620 ob
1633 1583 1801 1635 eaque
1831 1584 1947 1638 quae
1994 1585 2115 1622 cum

2220 1558 2275 1611 τὸ
2328 1557 2488 1610 πλέον
2543 1554 2681 1626 ἔχων
2731 1557 2810 1616 είς
2863 1553 3085 1624 ἀρετὴν,
3113 1554 3173 1605 οὗ
3207 1553 3389 1613 πόνοις
3421 1549 3613 1611 ἰδίοις,
3674 1548 3827 1600 ἀλλὰ

549 1656 701 1709 laude
731 1656 1084 1721 prasstitiSset,
1118 1656 1391 1723 mugnilice
1421 1667 1577 1725 atque
1621 1671 1932 1727 arroganter
1960 1659 2026 1714 de
2055 1675 2115 1713 se

2218 1649 2353 1703 Θεοῦ
2408 1648 2675 1718 δυνάμει,
2740 1647 2801 1701 τὸ
2855 1649 2965 1699 πᾶν
3019 1645 3366 1716 ἐπιγράφων,
3418 1641 3825 1711 ταπεινόφρονι

542 1746 786 1799 sentiret.
820 1746 949 1799 Nam
1003 1746 1088 1813 qui
1140 1749 1332 1800 virtute
1369 1747 1591 1801 alterum
1637 1750 2005 1817 antecellebat,
2063 1752 2114 1805 id

2217 1738 2413 1811 γνώμῃ
2444 1738 2661 1791 ἔπειθεν
2690 1737 2881 1792 ἑαυτὸν
2915 1736 3083 1806 μηδὲν
3108 1735 3246 1798 ὅλως
3280 1733 3640 1805 ἐργάζεσθαι,
3679 1730 3824 1784 ἀλλά

546 1844 711 1889 totum
742 1850 843 1889 non
869 1838 977 1889 suis
1022 1835 1312 1903 laboribus,
1343 1839 1434 1890 sed
1490 1837 1581 1892 Dei
1609 1840 1788 1893 virtuti
1819 1843 2112 1904 ascribeus,

2220 1832 2315 1885 καὶ
2342 1831 2603 1884 πλειόνων
2633 1829 2921 1901 ὀφειλέτην
2956 1828 3121 1889 εἶναι.
3152 1827 3295 1881 καθά
3320 1843 3484 1896 φησιν
3514 1828 3544 1878 6
3571 1823 3787 1893 Κύριος
3806 1839 3818 1850 ·

546 1925 728 1979 humili
760 1936 934 1979 mente
963 1925 1063 1979 hoc
1104 1927 1204 1980 sibi
1248 1932 1618 1995 persuadebat,
1648 1946 1706 1985 se
1738 1932 1866 1986 nihil
1898 1936 2115 1988 omnino
2150 1904 2153 1956 Τ

2223 1924 2391 1977 Ὅταν
2427 1922 2536 1994 (57)
2587 1925 2850 1991 ποιήσητε
2912 1922 3092 1974 πάντα
3129 1920 3198 1973 τά
3247 1918 3616 1989 διαταχθέντα
3664 1919 3818 1986 ὑμῖν,

543 2016 774 2084 efﬁcere,
801 2032 980 2071 verum
1005 2018 1171 2072 inulto
1193 2020 1341 2087 plura
1367 2022 1466 2074 sibi
1488 2024 1785 2089 praestanda
1806 2040 1943 2087 esse,
1963 2027 2113 2095 juxta

2221 2016 2434 2084 λέγετε,
2471 2014 2553 2067 ὅτι
2598 2014 2833 2085 ’Δχρεῖοι
2882 2013 3058 2067 δοῦλοί
3104 2015 3292 2084 ἐσμεν,
3322 2013 3405 2066 ὅτι
3437 2011 3464 2064 δ
3496 2010 3817 2079 ὠφείλομεν

544 2107 672 2163 illud
698 2108 837 2177 quod
887 2112 960 2162 ait
1012 2108 1305 2163 Dominus:
1358 2110 1485 2164 Cum
1516 2113 1743 2167 feceritis
1788 2116 1965 2170 omnia
1994 2133 2111 2187 quae

2222 2109 2445 2178 ποιῆσαι
2498 2109 2903 2176 πεποιήκαμεν.
2959 2106 3022 2158 Ol
3075 2104 3133 2157 δὲ
3192 2104 3355 2158 πάλιν
3408 2102 3533 2155 οὐδὲ
3586 2100 3820 2168 ποιῆσαί

542 2210 804 2269 praecepta
835 2208 959 2253 sunt
1011 2201 1182 2266 vobis,
1208 2202 1393 2255 dicite
1421 2220 1433 2255 :
1466 2203 1616 2259 Servi
1663 2205 1874 2259 inutiles
1902 2221 2108 2273 sumus,

2222 2216 2354 2255 ποτε
2379 2201 2450 2253 τά
2473 2197 2873 2267 διατεταγμένα
2898 2196 3115 2250 ἔπειθον
3139 2194 3384 2261 ἑαυτοὺς,
3414 2194 3558 2248 ἀλλὰ
3588 2194 3815 2246 πλείονα

538 2306 657 2361 qua}
687 2290 965 2344 debuimus
996 2291 1169 2345 facere
1192 2293 1409 2347 fecimus
1438 2294 1587 2349 (Luc.
1618 2296 1779 2366 xvu).
1811 2306 1880 2352 Ac
1897 2300 2108 2365 quidam

2222 2292 2363 2350 εἶναι
2397 2295 2508 2347 τῶν
2538 2292 2640 2364 ήδη
2683 2289 3140 2361 κατωρθωμένων
3167 2290 3236 2343 τὰ
3267 2289 3617 2342 ἐλλείποντα.
3652 2288 3758 2340 Καὶ
3780 2286 3809 2338 ὁ

540 2385 699 2437 etiam
732 2383 831 2435 hoc
859 2383 963 2435 sibt
1003 2385 1414 2451 persnadebaut,
1458 2399 1517 2439 se
1548 2402 1613 2440 ne
1654 2400 1717 2440 ea
1755 2387 1968 2456 quidem
2003 2392 2109 2443 ullo

2222 2386 2615 2457 ἐλαττούμενος
2656 2386 2819 2440 πάλιν
2860 2387 2918 2438 ἐν
2957 2386 3021 2454 τῇ
3054 2385 3311 2454 ἀσκήσει,
3361 2382 3451 2435 διὰ
3483 2380 3808 2449 σωματικὴν

548 2474 704 2525 modo
734 2474 945 2536 feeisse,
995 2492 1111 2542 qua:
1143 2478 1267 2545 ipsis
1314 2492 1344 2530 a
1378 2479 1486 2532 Deo
1515 2489 1776 2549 prtecepta
1804 2495 1999 2543 essent,
2032 2496 2123 2535 νε·-

2227 2480 2382 2551 105
2417 2482 2549 2544 ἴσως
2576 2478 2882 2541 ἀσθένειαν,
2916 2476 3221 2543 ἐξευτέλιζε
3256 2475 3571 2539 ταλανίζων
3600 2474 3812 2534 ἑαυτὸν,

546 2578 663 2617 rum
697 2567 862 2619 multo
889 2568 1038 2634 plura
1063 2583 1183 2621 esse
1207 2585 1325 2636 quae
1353 2571 1452 2623 sibi
1483 2572 1748 2637 deessent,
1801 2587 1957 2642 quam
2000 2589 2119 2642 qua:

2226 2571 2470 2645 ῥᾳθυμίᾳ
2509 2569 2770 2640 γνώμης,
2804 2568 2926 2638 οὐχὶ
2956 2567 3173 2637 φύσεως
3215 2566 3509 2636 ἀσθενείᾳ,
3545 2564 3612 2616 τὺ
3662 2562 3816 2615 ὑστέ-

541 2654 650 2722 jam
682 2657 1072 2724 prmstitiSsent.
1104 2659 1330 2713 Rursum
1362 2661 1404 2714 is
1428 2663 1515 2731 qui
1565 2664 1613 2714 in
1639 2663 1881 2732 religiosa
1910 2666 2118 2718 excrci-

2225 2683 2379 2737 ρημα
2404 2664 2777 2734 λογιζόμενος.
2804 2661 2989 2724 Οὕτως
3008 2656 3101 2713 οὖν
3124 2660 3281 2723 ἄλλος
3305 2658 3465 2713 ἄλλον
3482 2657 3585 2710 καὶ
3615 2655 3818 2710 πάντες

551 2745 771 2811 talione,
805 2747 873 2802 ob
893 2754 1132 2817 corporis
1177 2749 1401 2804 fortasse
1446 2752 1856 2808 imbecillitatem
1906 2756 2122 2810 inferior

2228 2758 2490 2812 ἁπάντων
2529 2754 2671 2828 ἦσαν
2715 2754 3098 2824 μετριώτεροι.
3136 2751 3457 2817 Κενοδοξίας
3487 2749 3547 2802 δὲ
3580 2746 3817 2816 πάθοςῆ

548 2846 683 2903 erat,
709 2837 946 2903 seipsum
991 2840 1139 2893 nihili
1182 2843 1467 2910 pendebat,
1493 2859 1554 2897 ac
1587 2847 1836 2899 miserum
1889 2847 2122 2916 dicebat,

2221 2844 2743 2919 ἀνθρωπαρεσκειας
2766 2844 2868 2897 ποῦ
2904 2846 2960 2897 ἐν
2985 2844 3247 2911 ἐκείνοις;
3271 2844 3490 2907 οἵτινες,
3512 2842 3618 2911 τὴν
3634 2842 3819 2893 οίκουο

549 2927 714 2980 animi
740 2928 938 2982 scilicet
986 2930 1231 2999 ignavize,
1288 2948 1348 2985 ac
1379 2949 1481 2988 non
1532 2946 1734 2989 natura:
1776 2935 2122 2992 imbecillitati

2226 2942 2396 3013 μένην
2447 2940 2735 3010 φυγόντες,
2764 2939 2850 2991 διὰ
2896 2938 3053 2992 τοῦτο
3080 2934 3290 2990 οἰκοῦσι
3321 2937 3421 3004 τὴν
3450 2936 3691 3004 ἔρημον.
3728 2933 3820 2985 οὐκ

549 3015 815 3071 delectum
845 3033 996 3074 suum
1023 3023 1320 3089 assignans.
1350 3024 1424 3077 Ita
1452 3025 1537 3079 alii
1582 3025 1721 3089 aliis,
1747 3036 1905 3096 atque
1934 3043 2121 3084 omnes

2221 3033 2551 3104 ἀνθρώποις,
2597 3031 2733 3087 ἀλλά
2781 3030 2901 3101 Θεῷ
2972 3031 3041 3084 τά
3089 3027 3492 3099 κατορθώματα
3542 3025 3820 3079 δεικνύναι

551 3108 795 3160 omnibus
828 3110 1173 3165 modestiores
1200 3126 1259 3166 se
1283 3114 1604 3180 prmbcbant.
1636 3116 1808 3170 Inanis
1835 3132 1992 3186 porro
2012 3121 2123 3188 glo-

2224 3127 2560 3198 βουλόμενοι,
2631 3124 2761 3195 παρ’
2811 3117 2871 3177 οῦ
2921 3124 3015 3176 καὶ
3067 3122 3174 3175 τῶν
3225 3120 3679 3191 κατορθωμάτων
3725 3121 3818 3181 τὰς

554 3195 648 3249 rite
676 3197 917 3264 allectus,
952 3209 1044 3253 aut
1092 3203 1393 3257 hominibus
1424 3205 1663 3272 placendi
1700 3208 1953 3273 studium,
1991 3226 2161 3289 qno-A

2225 3219 2459 3289 ἀμοιϐὰς
2506 3216 2817 3280 ἐλπίζουσι·
2871 3214 3047 3277 καλῶς
3088 3213 3440 3283 ἐπιστάμενοι
3482 3213 3566 3264 ὅτι
3630 3212 3691 3264 αἱ
3739 3211 3818 3263 ea

554 3302 673 3339 nam
707 3289 917 3343 tandem
951 3302 1103 3355 pacto
1131 3293 1180 3345 in
1215 3294 1316 3345 illis
1346 3266 1565 3359 inesset,
1585 3297 1782 3365 quippe
1811 3298 1899 3367 qui
1930 3266 2025 3354 hac
2056 3301 2120 3354 de
2148 3270 2161 3322 ⁴

2228 3266 2537 3374 κενοδοξίαν
2560 3307 2977 3377 ἐπιτελούμεναι
3000 3306 3264 3377 ἀσκήσεις
3286 3303 3528 3376 ἀμισθοιο
3556 3303 3627 3355 δι’
3660 3306 3818 3355 ἔπαι-

552 3390 709 3431 causa
740 3382 922 3435 orbem
956 3380 1073 3449 luga
1108 3383 1456 3450 reliquerant,
1491 3395 1649 3455 atque
1674 3388 1724 3441 in
1754 3390 1979 3444 desertis
2010 3407 2123 3445 tuo-

2232 3421 2322 3457 νον
2348 3403 2456 3473 γὰρ
2488 3400 2791 3473 ἀνθρώπων
2825 3401 2961 3469 (58),
3000 3401 3092 3452 καὶ
3128 3400 3189 3451 οὐ
3223 3398 3311 3451 διὰ
3345 3397 3437 3451 τὸν
3481 3397 3621 3449 Θεὸν
3644 3397 3820 3465 γίνον-

552 3472 826 3534 rabantur,
873 3484 929 3527 ut
958 3476 1174 3530 virtutes
1200 3491 1324 3531 suas
1355 3495 1458 3532 non
1492 3482 1815 3547 hominibus,
1844 3486 1938 3539 sed
1988 3486 2116 3549 Deo.

2234 3514 2353 3551 ται·
2380 3496 2504 3549 ὅθεν
2527 3497 2622 3550 καὶ
2645 3494 2848 3556 διπλῶς
2876 3494 2926 3546 οἱ
2953 3492 3186 3546 τοιοῦτοι
3212 3490 3547 3555 ἀδικοῦνται,
3573 3490 3638 3544 τὸ
3659 3489 3818 3559 σῶμα

552 3576 581 3613 a
610 3576 714 3630 quo
754 3563 1004 3617 virtutum
1051 3583 1261 3635 quoque
1310 3572 1523 3633 przetnia
1554 3575 1858 3640 sperabant,
1897 3576 2122 3631 deumn-

2235 3590 2636 3660 κατατήκοντες
2666 3588 2761 3641 κοιλ⁵
2795 3585 2985 3657 μισθὸν
3019 3586 3093 3655 μὴ
3115 3584 3508 3654 λαμϐάνοντες.
3541 3582 3607 3635 Ol
3636 3580 3691 3633 δὲ
3718 3581 3815 3647 τῆς

551 3662 803 3749 θξτξπεηί·
838 3657 966 3749 m'ld
997 3659 1190 3728 ηυίρρο
1221 3664 1383 3727 Prolte
1431 3674 1639 3732 "omni,
1686 3667 1931 3738 religiosa
1972 3686 2125 3724 exer-
2233 3678 2344 3730 ἄνω
2374 3657 2530 3749 δόξης
2561 3676 2881 3748 ὀρεγόμενοι
2926 3674 3023 3728 καὶ
3052 3674 3189 3744 πρὸς
3216 3672 3420 3744 ταύτην
3442 3671 3815 3741 ἐπειγόμενοι.

550 3745 699 3805 citia.
752 3761 870 3814 qua:
917 3748 1092 3802 inanis
1133 3750 1313 3817 gloria:
1360 3767 1518 3806 causa
1560 3755 1844 3824 obeuntur,
1879 3763 2125 3816 mercede

2234 3769 2414 3839 πάσης
2456 3745 2556 3838 si};
2590 3745 2838 3837 ἐπιγείου
2868 3766 2962 3820 καὶ
2992 3764 3342 3835 ἀνθρωπίνης
3375 3763 3816 3835 κατεφρόνησαν.

549 3871 764 3921 carere,
796 3868 854 3913 ut
895 3873 1013 3927 qua:
1059 3874 1164 3913 non
1204 3858 1322 3927 Dei,
1357 3859 1453 3915 sed
1493 3858 1745 3913 humanae
1786 3858 1963 3913 laudis
1995 3873 2161 3912 causa
2203 3864 2355 3913 liant.
2403 3865 2483 3915 Ac
2526 3864 2749 3930 proinde
2795 3863 3102 3930 hujusmodi
3138 3863 3382 3913 homines
3419 3856 3625 3925 duplici
3660 3858 3825 3912 detri-

552 3966 737 4011 mento
774 3954 1098 4021 alliciuntur,
1129 3957 1255 4010 dum
1287 3956 1542 4009 nimirum
1569 3970 1769 4025 corpus
1809 3955 2125 4017 conﬁciunt,
2168 3971 2267 4011 nec
2298 3966 2475 4012 tamen
2508 3958 2813 4016 mercedem
2843 3958 3006 4014 ullam
3040 3960 3241 4016 lerunt.
3288 3959 3388 4027 Qui
3436 3969 3620 4012 autem
3664 3955 3825 4010 cale.

553 4052 654 4109 stis
688 4052 872 4120 gloriae
902 4051 1174 4108 desiderio
1228 4050 1478 4122 ﬂagrant,
1513 4058 1677 4119 atque
1725 4051 1791 4104 ad
1840 4064 1960 4104 eam
1987 4051 2134 4104 omni
2164 4052 2443 4108 celeritate
2479 4056 2837 4119 contendunt.
2868 4064 3140 4111 terrenam
3180 4072 3395 4113 omnem
3432 4064 3487 4112 et
3531 4055 3824 4109 humanam

554 4158 942 4207 aspernantur.

624 4232 700 4286 Ex
734 4231 1035 4299 huiusmodi
1074 4246 1234 4301 porro
1262 4232 1564 4288 hominibus
1589 4233 1675 4288 alii
1716 4235 1794 4288 sic
1816 4234 2035 4303 degunt,
2070 4245 2127 4289 ttt

2306 4230 2609 4303 Ἔχουσιδέ
2628 4228 2727 4294 τὰς
2755 4228 3000 4300 οἰκήσεις
3028 4228 3078 4281 οἱ
3111 4225 3209 4297 μὲν
3230 4227 3289 4278 ἐν
3316 4222 3575 4277 παντελεῖ
3598 4224 3821 4294 ἀναχω-

554 4322 608 4376 in
638 4337 852 4377 secessu
879 4337 941 4377 ac
968 4323 1253 4377 solitudine
1283 4324 1494 4393 pietatis
1522 4334 1789 4380 certamen
1827 4328 2044 4389 obeant,
2076 4335 2128 4380 et

2233 4323 2391 4395 ρήσει
2418 4322 2513 4376 καὶ
2550 4320 2709 4394 μονίᾳ
2739 4322 2831 4373 τὸν
2858 4318 3048 4389 ἀγῶνα
3077 4316 3406 4378 διανύοντες,
3439 4314 3822 4385 μακρύνάντες

554 4415 622 4470 ab
645 4413 913 4470 hominum
940 4416 1290 4470 contubernio
1322 4430 1415 4484 per
1442 4430 1600 4471 omne
1629 4417 1749 4470 vitae
1777 4427 1988 4486 tempus
2008 4430 2129 4471 sese

2231 4416 2460 4479 ἑαυτοὺς
2493 4415 2591 4485 τῆς
2617 4413 2726 4466 τῶν
2755 4412 2852 4466 ἀνθ
2863 4410 3061 4483 ρώπων
3091 4407 3382 4470 συναυλίας
3403 4406 3536 4476 παρ’
3568 4404 3694 4458 ὅλον
3719 4406 3818 4459 αύ-

559 4514 893 4573 removeant,
919 4518 1083 4576 atque
1114 4506 1179 4560 ad
1215 4507 1378 4561 Deum
1408 4507 1852 4579 appropinqucnt.
1889 4510 1992 4564 Alii
2015 4524 2132 4578 ιιι-ο·
2162 4549 2166 4599 1

2231 4508 2343 4562 τῶν
2375 4508 2467 4560 τὸν
2498 4501 2596 4576 τῆς
2628 4505 2770 4575 ζωῆς
2795 4504 2987 4575 χρόνον
3018 4503 3112 4557 καὶ
3141 4501 3261 4572 Θεῷ
3289 4499 3740 4567 πλησιάσαντεςξ
3771 4499 3817 4549 οι

556 4594 643 4647 cul
675 4592 812 4648 inter
831 4609 889 4648 se
918 4596 1241 4650 constructis
1283 4598 1544 4662 aadicnlis,
1601 4600 1889 4655 Dominicis
1944 4601 2134 4655 diebus

2229 4603 2309 4667 δὲ,
2334 4600 2620 4672 πόρρωθεν
2648 4599 2896 4670 ἀλλήλων
2926 4598 3023 4661 τὰς
3058 4598 3301 4667 οἰκήσεις
3331 4594 3663 4665 πηξάμενοι,
3700 4594 3820 4653 ταῖς

558 4686 625 4738 ad
658 4701 814 4741 unam
841 4697 894 4741 et
940 4690 1184 4742 eamdem
1231 4688 1513 4743 ecclesiam
1558 4701 1802 4759 pergunt,
1845 4706 1907 4747 ac
1959 4692 2133 4745 divina

2228 4691 2538 4760 Κυριακαῖς
2557 4691 2637 4753 εἰς
2656 4689 2953 4758 ἐκκλησίαν
2973 4687 3102 4757 μίαν
3121 4686 3368 4756 φοιτῶσι,
3387 4683 3609 4737 καὶτῶν
3635 4682 3814 4743 θείων,

561 4776 839 4846 mysteria,
869 4775 968 4830 hoc
989 4785 1070 4831 est
1097 4778 1429 4831 incruentum
1475 4779 1592 4849 puri
1621 4783 1859 4851 corporis
1901 4797 1965 4838 ac
2016 4798 2137 4850 pre-

2233 4781 2549 4853 μυστηρίων
2575 4778 2913 4841 κοινωνοῦσι,
2941 4780 3039 4849 τῆς
3071 4778 3410 4847 ἀναιμάκτου
3439 4775 3583 4847 φημὶ
3601 4774 3815 4833 θυσίας,

564 4868 685 4923 tiosi
714 4869 986 4937 sanguinis
1031 4870 1229 4926 Christi
1274 4873 1594 4928 sacriﬁcium
1642 4876 1981 4943 percipiunt:
2016 4891 2133 4945 qua:

2227 4871 2322 4925 τοῦ
2356 4871 2624 4943 ἀχράντου
2664 4869 2916 4942 σώματος
2958 4873 3052 4924 καὶ
3095 4869 3188 4923 τοῦ
3222 4869 3406 4937 τιμίου
3452 4866 3691 4936 αἵματος
3722 4863 3815 4917 τοῦ

563 4962 777 5031 quidem
810 4962 1060 5017 Dominus
1086 4964 1184 5031 piis
1214 4963 1265 5018 in
1292 4976 1627 5033 peccatorum
1656 4967 2049 5031 remissionem,
2074 4983 2139 5022 ae

2230 4962 2494 5035 Χριστοῦ,
2520 4962 2557 5017 ἀ
2585 4966 2697 5025 τοῖς
2728 4965 2943 5024 πιστοῖς
2968 4964 3049 5023 εἰς
3078 4961 3273 5031 ἄφεσιν
3308 4957 3619 5030 ἁμαρτιῶν,
3650 4974 3817 5024 φωτι-

566 5066 677 5110 tum
703 5055 867 5110 animi
897 5065 1005 5110 tum
1033 5057 1273 5124 corporis
1303 5057 1741 5115 illutninationem
1768 5070 1822 5115 et
1844 5059 2139 5115 sanctiﬁca-

2238 5056 2375 5125 σμόν
2411 5072 2472 5108 τε
2507 5055 2602 5109 καὶ
2627 5054 2895 5124 ἁγιασμὸν
2916 5053 3096 5124 ψυχῆς
3126 5053 3219 5106 καὶ
3253 5050 3525 5123 σώματος,
3556 5052 3585 5103 6
3613 5050 3818 5118 Κύριος

564 5149 762 5199 tionem
788 5146 1028 5200 donavit.
1054 5149 1225 5209 At«;ue
1254 5147 1553 5203 divinorum
1577 5150 1913 5204 oraculorum
1934 5151 2139 5205 exerci-

2237 5148 2583 5218 ὲδωρήσατο⁶
2620 5149 2743 5209 καὶ,
2774 5144 3060 5208 ἑστιῶντες
3100 5143 3362 5213 ἀλλήλους
3400 5141 3682 5213 γυμνασίᾳ
3711 5140 3815 5192 τῶν

566 5239 789 5298 latione.
817 5238 1254 5307 mirabilibusque
1299 5240 1539 5296 consiliis
1588 5251 1643 5295 et
1686 5243 2140 5300 cohortationibus

2236 5238 2397 5289 θείων
2423 5236 2596 5303 λόγων
2638 5234 2733 5289 καὶ
2763 5235 2881 5295 ταῖς
2917 5232 3135 5303 ἠθικαῖς
3177 5232 3552 5302 παραινέσεσι,
3603 5231 3732 5293 τούς
3760 5246 3816 5281 τε

568 5339 753 5383 mutuo
786 5345 905 5385 sese
936 5342 1232 5398 pascentes,
1265 5342 1319 5387 et
1342 5334 1548 5388 occulta
1582 5335 1811 5389 hostium
1845 5336 1976 5392 bella
2008 5350 2140 5406 pate-

2237 5329 2519 5399 κρυπτοὺς
2563 5326 2672 5379 τῶν
2709 5325 3020 5379 ἀντιπάλων
3065 5324 3481 5396 δημοσιεύοντες
3521 5321 3816 5392 πολέμους,

570 5424 827 5478 lacientes
857 5426 948 5495 (ne
967 5427 1086 5495 quis
1118 5426 1367 5483 videlicet
1389 5427 1623 5481 luctandi
1654 5428 1827 5483 adhuc
1844 5429 2056 5498 ignarus
2076 5431 2142 5483 ab

2236 5419 2377 5472 ὥστε
2412 5421 2488 5489 μὴ
2526 5418 2731 5472 ἁλῶναι
2763 5418 2973 5481 τούτοις
3005 5416 3129 5469 τινά
3167 5417 3265 5486 τῆς
3302 5415 3481 5483 πάλης
3517 5414 3822 5481 ἀγνοοῦντι

570 5516 637 5570 iis
650 5517 976 5587 superetur),
1002 5517 1218 5572 domum
1248 5534 1429 5573 rursus
1450 5518 1640 5588 singuli
1670 5519 2143 5586 redeunt,virtutis

2240 5512 2403 5582 106
2432 5513 2532 5581 τὴν
2579 5511 2821 5580 μέθοδον,
2865 5511 3048 5565 οἴκαδε
3085 5511 3247 5563 πάλιν
3296 5509 3526 5571 ἕκαστος
3584 5506 3822 5575 ἐπανέρς

574 5606 679 5660 incl
706 5608 758 5663 in
787 5617 1056 5675 pictorum
1098 5624 1317 5663 suorum
1347 5610 1477 5662 lavis
1504 5608 1742 5663 studiose
1772 5610 2143 5674 recontlentes,

2237 5618 2457 5673 χονται,
2484 5602 2546 5654 τὸ
2589 5602 2688 5671 τῆς
2718 5601 2919 5673 ἀρετῆς
2953 5601 3077 5671 μέλι
3103 5603 3220 5664 τοῖς
3258 5599 3508 5671 σίμϐλοις
3545 5598 3655 5651 τῶν
3689 5611 3818 5666 καρ-

644 5798 709 5825 σεεν

644 5798 709 5825 ’Ὗ

764 5794 1302 5924 Ῑίὲῦίιῦζιῖιίοῖῗίουιιι
1336 5862 1386 5917 in
1422 5860 1463 5916 Α
1501 5881 1511 5915 :
1556 5862 2061 5936 Ἀνθρωπιρέσκων
2098 5862 2283 5918 ἱνθάδε
2312 5861 2502 5916 σκόπει
2531 5859 2679 5931 giae.
