4070 6436
210 397 341 458 969

1319 413 1492 472 VITA
1532 415 1887 478 BARLAAM
1928 419 2021 477 ET
2058 419 2422 486 IOASAI’Hu

3381 434 3486 497 970

207 512 362 568 διῶν
412 515 712 586 φιλοτίμως
770 520 1220 588 ὲναποτιθέντες,
1278 528 1372 580 καὶ
1433 531 1806 602 γεωργοῦντες

1909 541 2403 610 suavissimumqne
2427 540 2661 597 fructum
2701 559 2763 598 ac
2804 544 3009 600 cmlesti
3043 559 3227 601 mensa
3257 544 3480 616 dignum

209 609 441 678 καρπὸν
485 609 821 678 γλυκύτατον
866 615 960 668 καὶ
1003 616 1102 685 τῆς
1145 618 1471 690 ἐπουρανίου
1520 625 1801 698 τραπέζης

207 699 472 765 ἐπάξιον.

299 791 488 846 ’Δλλοι
531 793 587 846 δὲ
618 795 960 851 κοινοόιακὸν
1006 802 1359 874 μετέρχονται
1403 805 1516 876 βίον
1541 825 1555 838 ·
1583 809 1799 874 οἵτινες,

209 879 410 952 πλήθη
439 883 842 958 πολυάνθρωπα
864 890 957 942 ἐπὶ
971 891 1032 944 τὸ
1048 895 1177 947 αὐτὸ
1191 895 1590 968 ἀθροισθέντες,
1615 901 1706 970 ὑφ’
1721 903 1804 955 ὲν).

207 971 496 1045 ταξιάρχῃ
541 978 636 1028 καὶ
671 979 1008 1048 προεστῶτι,
1034 983 1112 1054 τῷ
1139 987 1358 1047 πάντων
1385 989 1800 1064 διαφορωτάτῳ,

209 1063 456 1157 ἑαυτοὺς
488 1066 704 1134 ἔταξαν,
754 1073 863 1125 πᾶν
914 1073 1128 1147 θέλημα
1173 1079 1383 1134 ἑαυτῶν
1436 1085 1682 1156 μαχαίρᾳ
1703 1063 1805 1157 τῆς

212 1156 478 1227 ὑπακοῆς
520 1162 968 1232 ἀποσφάξαντεςι
1007 1173 1103 1223 καὶ
1145 1170 1365 1238 δούλους
1401 1175 1645 1246 ὠνητοὺς
1680 1179 1807 1232 ἑαυ-

211 1249 351 1311 τοὺς
401 1251 665 1318 ἑκουσίως
709 1256 1083 1330 λογισάμενοι,
1130 1264 1232 1318 οὐκ
1271 1265 1352 1320 ἔτι
1378 1268 1589 1334 ἑαυτοῖς
1614 1271 1802 1338 ζῶσιν,

212 1340 344 1392 ἀλλ’
382 1337 428 1410 ᾧ
451 1347 559 1416 (59)
587 1349 675 1402 διὰ
703 1351 792 1404 τὸν
822 1355 915 1406 τοῦ
946 1356 1181 1426 Χριστοῦ
1218 1360 1384 1413 πόθον
1405 1362 1634 1428 ἑαυτοὺς
1666 1337 1805 1418 καθέ-

213 1435 539 1502 υπέταξαν·
573 1442 900 1515 οἰκειότερον
952 1447 1011 1499 δὲ
1055 1450 1256 1519 μᾶλλον
1285 1455 1480 1521 είπεῖν,
1514 1457 1680 1521 ζῶσιν
1708 1460 1808 1512 ούκ

213 1527 308 1580 ἔτι
338 1530 574 1599 ἑαυτοῖς,
611 1535 676 1606 ζῇ
700 1536 758 1589 δὲ
791 1540 850 1590 ὲν
871 1540 1054 1603 αὐτοῖς
1079 1544 1108 1594 ὁ
1147 1546 1400 1615 Χριστὸς,
1427 1541 1472 1615 ᾧ
1508 1550 1808 1622 ἠκολούθη-

218 1636 333 1676 σαν
363 1627 544 1678 πάντα
568 1627 1045 1701 ἀπαρνησάμενοι.
1081 1634 1252 1688 Τοῦτο
1277 1637 1387 1708 γάρ
1411 1641 1560 1693 ἐστιν
1591 1642 1809 1712 ἀναχώ-

221 1731 415 1783 ρησις,
449 1719 648 1790 κόσμου
687 1723 936 1778 ἑκούσιον
976 1729 1154 1795 μῖσος,
1188 1731 1282 1783 καὶ
1324 1731 1553 1803 ἄρνησις
1595 1733 1812 1802 φύσεως

219 1805 552 1880 πόθῳ’τῶν
614 1813 755 1884 ὑπὲρ
807 1812 992 1882 φύσιν.
1029 1813 1190 1873 Οὗτοι
1242 1822 1422 1876 τοίνυν
1464 1825 1541 1889 ώς
1589 1827 1810 1894 ἄγγελοι

1909 633 2130 687 excolen
2140 645 2238 688 tes.

1977 818 2082 872 Alii
2115 827 2291 873 autem
2323 821 2705 875 cmuoliiticam
2739 823 2908 875 vitam
2943 831 3348 880 consectantur.
3380 825 3482 893 Qui

1908 910 2128 980 quidem
2174 912 2416 966 maximo
2471 927 2697 967 numero
2745 914 2797 966 in
2839 928 3004 967 unum
3054 916 3268 980 coacti,
3323 917 3486 974 unius

1910 1003 2149 1074 praefecti
2183 1013 2345 1071 atque
2374 1005 2636 1058 antistitis
2676 1006 2805 1074 (qui
2837 1007 3091 1063 omnibus
3121 1009 3319 1062 virtute
3347 1024 3486 1077 prae-

1907 1096 2050 1166 stat)
2103 1095 2332 1164 imperio
2381 1111 2442 1150 se
2488 1097 2634 1165 ipsos
2685 1098 2928 1154 subdunt
2979 1114 2996 1150 :
3044 1113 3109 1154 ac
3155 1100 3486 1158 voluntatem

1909 1203 2064 1242 suam
2083 1187 2406 1242 obedientim
2425 1202 2688 1243 mucrone
2708 1205 2932 1260 prorsus
2957 1201 3295 1256 truncantes,
3319 1207 3488 1262 seque

1907 1278 2052 1330 velut
2077 1279 2325 1346 emptitia
2373 1279 2642 1350 mancipia
2679 1280 2824 1334 ultro
2856 1291 3206 1350 reputantes,
3246 1298 3352 1336 non
3373 1283 3486 1350 jam

1907 1371 2011 1425 sibi
2039 1369 2174 1438 ipsis
2203 1373 2415 1438 vivunt,
2444 1375 2540 1427 sed
2566 1373 2615 1427 ei
2648 1373 2737 1428 cui
2769 1373 2839 1427 ob
2871 1372 3074 1428 Christi
3103 1389 3343 1430 amorem
3367 1389 3487 1430 sese

1906 1464 2286 1520 submiserunt
2307 1506 2322 1530 ,
2351 1465 2434 1519 vel
2459 1476 2518 1519 ut
2554 1467 2734 1533 aptius
2767 1465 2987 1534 loquar,
3019 1467 3207 1521 vivunt
3231 1467 3342 1536 jam
3377 1483 3484 1522 non

1907 1558 2008 1614 sibi
2032 1559 2187 1629 ipsis,
2211 1559 2345 1612 vivit
2366 1567 2547 1613 autem
2569 1560 2623 1614 in
2665 1559 2752 1614 bis
2775 1559 3022 1614 Christus
3050 1559 3192 1629 (Gal.
3215 1562 3295 1631 ιι),
3323 1575 3484 1631 quem

1910 1652 2073 1704 rebus
2120 1649 2376 1704 omnibus
2421 1650 2683 1719 alijuratis
2715 1651 2886 1705 secuti
2926 1661 3071 1704 sunt.
3115 1649 3251 1705 Nam
3292 1652 3344 1706 in
3384 1652 3488 1707 hoc

1909 1741 2128 1796 demum
2161 1755 2411 1796 secessus
2443 1756 2472 1793 a
2505 1741 2708 1795 mundo
2738 1741 3012 1806 consistit,
3044 1751 3100 1795 ut
3137 1753 3361 1813 propter
3393 1757 3486 1798 ea-

1913 1848 2028 1886 rnm
2057 1847 2235 1886 rerum
2260 1849 2378 1901 quze
2410 1843 2601 1886 natura
2620 1833 2966 1888 sublimiores
2988 1843 3114 1887 sunt
3135 1834 3483 1903 cupiditatem

221 1902 323 1954 ἐπὶ
350 1904 456 1973 τῆς
476 1903 579 1973 γῆς
620 1907 1012 1975 πολιτεύονται,
1045 1911 1292 1982 ψαλμοὺς
1325 1916 1421 1968 καὶ
1451 1915 1650 1986 ὕμνους
1678 1922 1810 1990 ὁμο-

1911 1925 2272 1978 voluntarium
2301 1926 2386 1980 sui
2415 1925 2585 1995 ipsius
2607 1925 2790 1979 odium
2816 1927 3082 1996 quispiam
3107 1929 3399 1996 concipiat,
3421 1941 3484 1982 ac

224 1992 478 2062 θυμαδὸν
531 1996 610 2067 τῷ
647 1999 839 2071 Κυρίῳ
879 2002 1132 2073 ᾄδοντες,
1173 2008 1269 2059 καὶ
1317 2009 1650 2080 ὁμολογηταὶ
1703 2017 1818 2076 τοῖς

223 2084 417 2149 ἄθλοις
460 2088 560 2158 τῆς
593 2091 839 2162 ὑπακοῆς
875 2095 1338 2165 χρηματίζοντες·
1373 2102 1460 2169 ἐφ’
1501 2096 1582 2165 οἷς
1636 2105 1728 2157 καὶ
1759 2106 1821 2158 τὸ

224 2175 552 2233 δεσποτικὸν
587 2183 888 2252 πληροῦται
917 2187 1115 2256 λόγιον.
1141 2192 1279 2261 Φησὶ
1308 2192 1449 2264 γάρ·
1492 2195 1667 2248 Ὅπου
1705 2198 1818 2266 (40)

226 2269 347 2321 εἰσί
366 2270 462 2324 δύο
489 2273 521 2342 ἢ
557 2277 705 2344 τρεῖς
757 2280 1088 2350 συνηγμένοι
1121 2282 1201 2346 είς
1239 2284 1302 2336 τὸ
1333 2285 1463 2355 ὲμὸν
1489 2287 1680 2356 ὄνομα,
1704 2291 1821 2343 ἐκεῖ

231 2362 356 2431 εἰμὶ
402 2366 461 2417 ἐν
497 2367 648 2438 μέσῳ
677 2369 878 2424 αὐτῶν.
908 2373 1022 2426 Ούκ
1055 2375 1136 2437 είς
1181 2375 1340 2429 τοῦτο
1384 2379 1446 2430 τὸ
1477 2381 1676 2450 μέτρον
1718 2384 1816 2452 τὴν

235 2456 335 2508 ἐπὶ
357 2457 438 2528 τῷ
463 2459 688 2529 ὀνόματι
713 2463 878 2516 αὑτοῦ
907 2468 1230 2538 συναγωγὴν
1272 2472 1647 2542 περικλείσας,
1681 2475 1818 2528 ἀλλά

231 2547 326 2600 διὰ
354 2550 464 2602 τῶν
480 2551 576 2604 δύο
598 2553 630 2624 ἢ
657 2555 825 2623 τριῶν
847 2557 1152 2628 ἀδιόριστον
1182 2561 1270 2613 τὸν
1293 2562 1526 2632 ἀριθμὸν
1545 2564 1814 2634 δηλώσας.

237 2637 366 2691 Εἴτε
390 2639 500 2711 γὰρ
531 2641 722 2712 ὀλίγοι,
749 2645 860 2698 είτε
888 2645 1076 2700 πολλοὶ
1105 2647 1194 2702 διά
1218 2650 1280 2702 τὸ
1308 2651 1462 2718 ἆγιον
1491 2653 1656 2707 αὐτοῦ
1687 2673 1817 2708 συν-

234 2731 484 2799 αχθῶσιν
528 2733 734 2804 ὄνομα,
766 2738 915 2810 αὐτῷ
958 2739 1209 2811 διαπύρῳ
1257 2743 1612 2816 λατρεύοντες
1644 2747 1816 2817 πόθῳ,

232 2821 361 2872 ἐκεῖ
389 2826 643 2894 παρεῖναι
673 2825 861 2881 τοῦτον
889 2829 1213 2900 πιστεύομεν
1247 2832 1306 2885 ὲν
1339 2834 1488 2905 μέσῳ
1511 2835 1619 2888 τῶν
1649 2836 1816 2890 αὑτοῦ

233 2911 467 2967 δούλων.

1910 2029 2162 2072 naturam
2195 2018 2431 2086 abjuret.
2464 2017 2526 2072 Hi
2563 2019 2727 2087 igitur
2753 2018 3065 2090 angelorum
3096 2019 3268 2074 instar
3294 2020 3344 2074 in
3371 2021 3481 2073 vita

1913 2122 2223 2174 versantur,
2248 2111 2488 2180 psalmos
2519 2112 2774 2166 videlicet
2799 2120 2854 2166 et
2879 2113 3108 2182 hymnos
3129 2111 3483 2166 concordibus

1907 2209 2106 2264 animis
2149 2207 2377 2261 Domino
2423 2216 2715 2270 canentes,
2765 2215 2825 2259 et
2870 2203 3242 2260 confessorum
3288 2219 3481 2258 nomen

1909 2309 2130 2369 propter
2152 2299 2475 2353 obedientia:
2504 2299 2802 2352 certamina
2838 2298 3174 2354 obtinentes.
3199 2296 3255 2352 ln
3285 2299 3483 2366 quibus

1908 2393 2069 2444 etiam
2106 2390 2444 2444 Dominicum
2477 2389 2604 2442 illud
2635 2389 2911 2443 oraculum
2939 2390 3223 2459 expletur:
3247 2387 3485 2444 Ubicun-

1909 2501 2014 2554 que
2042 2483 2246 2539 fuerint
2275 2486 2381 2538 duo
2408 2484 2486 2536 vel
2521 2492 2631 2536 tres
2661 2483 2972 2552 congregati
3005 2483 3058 2536 in
3090 2481 3310 2536 nomine
3341 2494 3481 2544 meo,

1909 2578 2019 2631 illic
2041 2592 2160 2631 sum
2184 2577 2235 2630 in
2259 2578 2435 2630 medio
2454 2576 2666 2629 illorum
2689 2574 2905 2646 (Matth.
2929 2573 3108 2646 xvnt).
3131 2575 3335 2639 Quibus
3355 2587 3482 2625 ver-

1906 2669 1990 2724 bis
2019 2685 2123 2722 non
2159 2670 2260 2722 hoc
2291 2670 2554 2721 duntaxat
2593 2681 2820 2720 numero
2849 2681 2944 2720 eos
2975 2665 3064 2733 qui
3094 2665 3148 2718 in
3181 2662 3350 2732 ipsius
3378 2677 3480 2716 no-

1913 2763 2060 2816 mine
2087 2771 2489 2831 congregantur
2513 2760 2959 2829 circnmscripsit,
2999 2773 3187 2812 verum
3222 2771 3319 2824 per
3347 2755 3482 2808 duos

1906 2863 2000 2906 aut
2028 2863 2138 2907 tres
2167 2850 2506 2905 indeﬁnitum
2533 2864 2817 2904 numerum
2841 2847 3184 2918 significavit.
3211 2843 3344 2899 Nam
3365 2844 3482 2898 sive

1909 2943 2066 3011 pauci
2107 2942 2222 2996 sive
2251 2942 2404 2994 multi
2433 2943 2502 2994 ob
2530 2951 2778 2994 sanctum
2813 2941 2977 3008 ipsius
3011 2939 3204 2992 nomen
3234 2937 3288 2990 in
3312 2950 3477 2988 unum

221 3019 577 3080 conveniant,
603 3019 760 3087 eique
785 3020 998 3074 ardenti
1033 3035 1218 3076 amore
1253 3022 1456 3076 cultum
1498 3023 1810 3095 adhibeant,
1843 3030 1953 3086 illic
1992 3047 2116 3086 eum
2152 3032 2205 3084 in
2252 3032 2430 3084 medio
2458 3045 2736 3086 servorum
2768 3045 2985 3083 suorum
3029 3029 3218 3082 adesse
3255 3026 3479 3080 minime

221 3111 562 3165 dubitamus.

292 3179 526 3244 Τούτοις
571 3186 685 3248 τοῖς
729 3187 920 3252 τύποις
954 3193 1045 3245 καὶ
1076 3197 1198 3257 ταῖς
1239 3199 1522 3264 τοιαύταις
1560 3203 1808 3272 ἀγωγαῖς
1836 3223 1878 3279 C

1979 3223 2078 3276 Per
2103 3223 2215 3276 btet:
2244 3223 2508 3291 exempla,
2548 3229 2600 3274 et
2630 3237 2722 3289 per
2763 3221 3065 3288 hujusinodi
3114 3222 3372 3274 coitiones
3419 3235 3474 3275 et

224 3272 392 3342 107
431 3276 476 3327 οἱ
522 3277 698 3346 γήϊνοι
745 3283 838 3334 καὶ
881 3287 1056 3352 χοϊκοὶ
1100 3288 1192 3340 τὸν
1229 3287 1342 3358 βίον
1377 3293 1655 3363 ἐζήλωσαν
1702 3300 1810 3354 τῶν

1907 3313 2160 3374 actiones,
2190 3311 2387 3365 terreni
2411 3314 2642 3365 caelitum
2691 3311 2849 3362 vitam
2892 3311 3082 3362 imitati
3111 3321 3250 3373 sunt,
3285 3322 3338 3362 ut
3383 3311 3471 3379 qui

221 3362 514 3432 οὐρανίων,
552 3369 611 3420 ὲν
652 3373 930 3439 νηστείαις
973 3378 1067 3430 καὶ
1092 3379 1278 3448 εὐχαῖς
1330 3385 1424 3436 καὶ
1452 3386 1810 3457 ἀγρυπνίαις,

225 3453 288 3505 ἐν
345 3453 571 3526 δάκρυσι
617 3459 840 3532 θερμοῖς
890 3465 984 3518 καὶ
1035 3467 1429 3542 ἀμετεωρίστῳ
1480 3474 1700 3542 πένθει,
1752 3479 1811 3530 ἐν

222 3546 466 3640 ξενιτείᾳ
499 3553 594 3604 καὶ
629 3556 818 3627 μνήμῃ
853 3556 1086 3612 θανάτου
1111 3600 1125 3626 ,
1153 3563 1211 3613 ὲν
1247 3564 1518 3636 πραότητι
1559 3568 1653 3621 καὶ
1683 3570 1812 3640 ἀορ-

220 3638 420 3711 γησίᾳ,
446 3642 504 3694 ἐν
535 3647 713 3715 σιωπῇ
746 3640 990 3716 χειλέων,
1031 3652 1091 3703 ἐν
1115 3653 1473 3728 ἀκτημοσύνῃ
1509 3659 1605 3710 καὶ
1660 3678 1808 3715 πτω-

221 3733 386 3803 χείᾳ,
444 3734 504 3786 ὲν
550 3736 743 3808 ἁγνείᾳ
795 3741 891 3793 καὶ
936 3745 1282 3818 σωφροσύνῃ,
1317 3751 1376 3800 ὲν
1424 3754 1810 3824 ταπεινόφρονι

220 3824 425 3896 γνώμῃ
458 3827 552 3879 καὶ
577 3831 801 3902 ἡσυχίᾳ,
844 3833 903 3885 ὲν
941 3834 1133 3908 ἀγάπῃ
1175 3837 1358 3910 τελείᾳ
1389 3843 1528 3911 πρὸς
1555 3845 1647 3897 τὸν
1676 3846 1809 3899 Θεὸν

222 3919 322 3969 καὶ
349 3919 444 3971 τὸν
469 3920 720 3991 πλησίον,
751 3925 842 3978 τὸν
872 3929 1118 3997 παρόντα
1146 3931 1531 3998 ἐκτελέσαντες
1570 3936 1683 4006 βίον
1713 3940 1810 3992 καὶ

219 4011 448 4078 ἄγγελοι
475 4016 588 4078 τοῖς
616 4018 840 4087 τρόποις
869 4020 1178 4092 γενόμενοι.
1214 4025 1378 4078 Ὅθεν
1405 4027 1536 4091 Θεὸς
1563 4029 1808 4100 θαύμασι

220 4106 318 4156 καὶ
359 4107 609 4176 σημείοις
657 4111 752 4162 καὶ
781 4112 1052 4177 ποικίλαις
1082 4115 1375 4186 δυνάμεσιν
1407 4119 1607 4183 αὐτοὺς
1678 4139 1808 4174 κατ-

220 4195 533 4284 εκόσμησε,
565 4200 656 4252 καὶ
687 4200 778 4254 τὸν
828 4202 1065 4273 φθόγγον
1097 4207 1195 4277 τῆς
1253 4208 1574 4279 θαυμαστῆς
1628 4213 1809 4266 αὐτῶν

225 4286 508 4353 πολιτείας
559 4293 638 4354 είς
683 4291 749 4346 τὰ
794 4297 1009 4364 πέρατα
1054 4296 1363 4368 διηχεῖσθαι
1409 4302 1508 4370 τῆς
1547 4304 1808 4373 οἰκουμέ-

221 4397 321 4449 νης
356 4382 472 4451 (Η)
510 4385 800 4454 πεποίηκε.
837 4388 947 4441 Kal.
980 4388 1140 4458 εἰπερ
1185 4408 1268 4444 σοι
1297 4393 1389 4445 τὸν
1423 4392 1538 4463 βίον
1569 4396 1688 4458 ἑνὸς
1712 4397 1809 4448 αύ-

219 4472 332 4523 τῶν
353 4473 451 4525 ἐπὶ
485 4475 753 4545 στόματος
783 4477 966 4550 φέρων
999 4483 1140 4535 κατά
1171 4483 1338 4553 μέρος
1360 4484 1714 4557 διηγήσομαι,
1747 4487 1807 4552 ὃς

1908 3401 1958 3453 in
1983 3401 2219 3470 jejuniis,
2247 3410 2300 3453 et
2347 3400 2591 3469 precibus
2630 3415 2690 3452 ac
2734 3399 2941 3467 vigiliis,
2977 3400 3028 3452 in
3056 3399 3350 3452 calentibus
3388 3402 3469 3453 la-

1908 3494 2104 3563 crymis
2130 3504 2183 3546 et
2212 3493 2352 3546 luctu
2384 3492 2450 3546 ab
2478 3491 2621 3546 omni
2645 3491 2808 3545 animi
2837 3491 3179 3544 distractione
3209 3491 3376 3546 libero
3418 3493 3470 3544 in

1909 3583 2332 3652 peregrinatione
2358 3597 2420 3634 ac
2449 3583 2632 3634 mortis
2677 3581 2957 3643 memoria,
3007 3582 3059 3634 in
3090 3581 3301 3635 lenitate
3353 3581 3468 3634 ani-

1909 3675 2086 3743 mique
2112 3673 2299 3728 affectu
2331 3676 2397 3726 ah
2425 3675 2691 3726 iracundia
2741 3683 2968 3737 remoto,
3004 3674 3058 3727 in
3110 3673 3369 3726 labiorum
3397 3674 3470 3728 si-

1909 3767 2088 3829 lentio,
2119 3765 2170 3818 in
2202 3773 2510 3834 paupertate
2536 3772 2693 3831 atque
2717 3764 2916 3832 in0pia,
2945 3765 2996 3817 in
3029 3764 3270 3817 castitate
3296 3779 3359 3817 ac
3386 3781 3469 3828 pu-

1908 3855 2104 3919 dieitia,
2135 3855 2188 3906 in
2210 3855 2503 3907 humilitate
2528 3863 2583 3907 et
2610 3855 2802 3922 quiete,
2835 3869 2898 3909 ac
2944 3853 3174 3922 denique
3219 3853 3271 3907 in
3301 3855 3472 3921 perfe—

1905 3955 1990 3997 cta
2021 3957 2144 4010 erga
2169 3943 2329 3996 Deum
2366 3952 2417 3996 et
2448 3944 2751 4011 proximum
2774 3943 3029 3997 charitate
3053 3946 3328 4011 pmsentis
3352 3946 3471 3999 vita:

1905 4032 2218 4087 curriculum
2251 4032 2595 4096 confecerint,
2619 4035 2941 4103 angelosque
2981 4037 3216 4089 moribus
3246 4051 3465 4106 expres-

1911 4123 2096 4176 serint.
2123 4123 2202 4176 0b
2222 4138 2446 4192 eamque
2467 4139 2680 4177 causam
2717 4125 2853 4178 Deus
2883 4125 3152 4179 miraculis
3189 4141 3252 4180 ac
3300 4128 3470 4195 signis

1909 4213 2175 4281 variisque
2199 4213 2481 4266 virtutibus
2519 4230 2614 4268 eos
2641 4215 2936 4281 exornavit,
2987 4216 3269 4286 effecitque
3295 4228 3352 4271 ut
3371 4219 3470 4271 ad-

1907 4303 2160 4357 mirandae
2182 4317 2366 4357 eorum
2393 4306 2512 4357 vitae
2537 4305 2755 4358 rationis
2779 4320 2934 4369 sono,
2971 4307 3068 4373 ipsi
3095 4322 3303 4376 quoque
3319 4308 3470 4381 orbis

1907 4403 2164 4446 terrarum
2191 4392 2323 4447 ﬁnes
2350 4405 2656 4462 personent.
2691 4399 2767 4449 Ac
2797 4397 2840 4450 si
2884 4397 3041 4452 unius
3084 4399 3336 4466 ipsorum,
3369 4399 3470 4452 hoc

1908 4493 1993 4538 est
2035 4485 2269 4550 Antonii,
2318 4487 2407 4554 qui
2451 4487 2608 4540 etiam
2653 4489 2958 4544 monasticm
2999 4489 3122 4544 vita:
3166 4505 3369 4559 auspex
3408 4505 3472 4545 ac

222 4566 321 4617 καὶ
341 4567 590 4637 ἀρχηγὸς
608 4572 936 4642 γεγενῆσθαι
951 4574 1050 4643 τῆς
1073 4574 1216 4628 κατὰ
1237 4579 1506 4646 μοναχοὺς
1530 4579 1806 4644 πολιτείας

1911 4576 2154 4645 princeps
2191 4578 2463 4633 exstitisse
2490 4578 2703 4645 dicitur,
2732 4580 2893 4633 vitam
2935 4581 3028 4634 tibi
3072 4581 3338 4651 sigillatim
3366 4599 3468 4638 ex-

219 4658 482 4731 λὲγεται(
503 4662 786 4728 Ἀντώνιος
805 4665 860 4719 δὲ
887 4667 1057 4735 ὄνομα
1076 4670 1270 4740 αὐτῷ),
1293 4670 1480 4741 γνώσῃ
1503 4673 1721 4736 πάντως
1742 4676 1806 4726 ὲκ

219 4751 320 4804 τοῦ
349 4753 469 4817 ἑνὸς
487 4755 705 4827 δένδρου
729 4757 836 4810 τῶν
860 4761 1137 4828 ὁμογενῶν
1166 4763 1260 4814 καὶ
1284 4763 1545 4832 ὁμοειδῶν
1575 4767 1806 4835 καρπῶν

221 4845 323 4916 τὴν
350 4845 694 4919 γλυκύτητα,
726 4851 819 4903 καὶ
839 4852 956 4906 οίαν
981 4853 1190 4916 ἐκεῖνος
1217 4854 1370 4908 ἔθετο
1401 4856 1500 4926 τῆς
1519 4857 1807 4927 ἀσκήσεως

223 4940 568 5010 ὑποϐάθραν,
609 4942 728 4994 οἵαν
757 4943 813 4996 δὲ
840 4944 937 5014 τὴν
963 4946 1168 5016 ὀροφὴν
1189 4947 1451 5016 ἐπήξατο,
1482 4950 1581 5001 καὶ
1607 4950 1808 5002 ὁποίων

223 5033 439 5104 ἠξιώθη
468 5036 621 5105 παρά
648 5036 742 5088 τοῦ
774 5037 1024 5108 Σωτῆρος
1048 5043 1231 5109 τυχεῖν
1264 5041 1640 5111 χαρισμάτων.
1675 5043 1809 5094 Πολ-

225 5127 311 5178 λοὶ
343 5126 404 5178 δὲ
431 5128 527 5180 καὶ
554 5127 704 5181 ἄλλοι
738 5129 856 5196 μετ’
896 5131 1104 5182 ἐκεῖνον
1134 5131 1228 5184 τὸν
1258 5131 1372 5186 ἴσον
1403 5133 1807 5203 ἀγωνισάμενοι

225 5217 420 5287 ἀγῶνα
453 5218 562 5271 τῶν
589 5221 791 5291 ὁμοίων
820 5221 1010 5291 ἔτυχον
1046 5224 1326 5292 στεφάνων
1350 5242 1408 5276 τε
1439 5226 1533 5278 καὶ
1554 5225 1752 5296 γερῶν.

300 5399 581 5469 Μακάριοι
627 5391 773 5454 οὗτοι
822 5399 917 5454 καὶ
959 5400 1386 5482 τρισμαὴκάριοι,
1425 5403 1473 5454 oi
1522 5402 1613 5454 τὸν
1676 5402 1812 5455 Θεὸν

230 5491 648 5558 ἀγαπήσαντες,
681 5492 776 5544 καὶ
803 5490 893 5545 διὰ
933 5491 1032 5562 τὴν
1079 5493 1301 5563 ἀγάπην
1338 5491 1504 5546 αὑτοῦ
1538 5510 1814 5563 καταφρο-

231 5581 502 5650 νήσαντες
535 5580 777 5635 πάντων.
809 5580 1150 5652 Ἐδάκρυσαν
1181 5581 1291 5653 γὰρ
1319 5581 1645 5646 πενθοῦντες
1674 5584 1812 5652 ἠμέ-

450 5715 650 5792 _t'_;los_sa
676 5716 744 5770 ad
775 5717 1075 5792 marginem
1106 5718 1163 5773 in
1188 5719 1233 5774 A
1259 5737 1274 5775 :
1300 5717 1378 5790 τῷ
1414 5720 1768 5792 καθηγεμόνι.

307 5788 422 5855 (40)
446 5787 634 5839 Matth.
674 5801 825 5845 xvm.
853 5787 944 5844 20.

308 5856 609 5928 (41)(ὶυηί.
640 5874 692 5926 p.
720 5857 841 5922 101,
873 5875 928 5912 ιι.
955 5859 1044 5914 51.
1130 5929 1134 5935 1

562 5965 838 6023 Pnnon.
857 5959 1004 6037 "Gn.
1051 5958 1270 6022 XCVI.

1906 4684 2181 4739 ponerem,
2212 4671 2458 4724 nimirum
2479 4686 2543 4726 ex
2567 4687 2667 4724 una
2693 4673 2884 4727 arbore
2906 4671 3129 4727 fructum
3159 4689 3342 4728 eorum
3376 4673 3466 4743 qui

1908 4761 2147 4829 ejusdem
2216 4763 2458 4834 generis
2538 4779 2600 4821 ac
2679 4761 2878 4835 speciei
2960 4769 3083 4830 sint,
3134 4765 3467 4820 dulcedinem

1905 4854 2476 4924 prorsusjntelligeres
2495 4893 2510 4920 ,
2554 4856 2924 4924 quodnamque
2949 4857 3040 4910 ille
3070 4857 3466 4912 exercitationis

1907 4942 2165 5012 religiosae
2195 4945 2590 4999 fundamentum
2615 4947 2765 5014 jecit,
2809 4956 2864 5000 et
2903 4947 3167 5015 quodnam
3201 4947 3464 5016 fastigium

1905 5035 2114 5100 struxit,
2145 5046 2199 5091 et
2227 5048 2449 5106 quantas
2495 5052 2524 5089 a
2574 5036 2852 5092 Salvatore
2905 5037 3104 5105 gratias
3150 5049 3466 5094 consecutus

1905 5136 2006 5180 est.
2033 5126 2278 5197 Plerique
2302 5129 2459 5181 etiam
2487 5127 2576 5180 alii
2629 5138 2747 5195 post
2773 5141 2892 5181 eum
2939 5129 3127 5181 eodem
3173 5128 3464 5182 certamine

1907 5217 2188 5286 perfuncti,
2219 5220 2284 5273 ad
2307 5221 2520 5274 easdem
2550 5233 2775 5274 coronas
2801 5228 2857 5273 et
2880 5219 3064 5274 eadem
3094 5219 3308 5290 praemia
3339 5235 3465 5289 per-

1907 5320 2188 5363 venerunt.
3025 5355 3030 5362 ι

1978 5403 2118 5455 Beati
2149 5412 2293 5456 certe
2338 5401 2410 5455 illi
2437 5415 2500 5456 ac
2530 5411 2610 5456 ter
2635 5401 2797 5466 beati,
2827 5413 2883 5456 ut
2909 5404 2996 5472 qui
3023 5402 3117 5457 Dei
3147 5418 3330 5458 amore
3367 5404 3466 5459 fla-

1904 5500 2138 5559 grarnnt,
2162 5501 2322 5557 atque
2343 5492 2411 5545 ob
2440 5493 2604 5560 ipsius
2631 5493 2945 5548 charitatem
2963 5496 3140 5548 omnia
3171 5510 3271 5564 pro
3298 5496 3466 5552 nihilo

1906 5581 2182 5634 duxerunt.
2232 5579 2506 5649 Siquidem
2554 5581 2816 5652 lacrymas
2857 5581 3237 5652 profuderunt,
3269 5583 3465 5655 diuque

3084 5946 3167 6013 31
