4070 6436
570 416 672 479 971

1998 400 2378 461 ADDENDA.

3710 394 3823 461 972

564 559 628 598 ac
660 550 814 596 noctu
865 539 918 594 in
948 540 1089 594 luctu
1119 538 1311 593 versati
1340 545 1481 601 siint,
1508 543 1568 590 ut
1596 544 1902 604 perpetuam
1930 546 2121 587 conso-

2249 534 2328 580 >ας
2350 515 2445 570 καὶ
2474 515 2689 581 νυκτὸς,
2728 516 2813 570 ἵνα
2843 517 2944 586 τῆς
2971 514 3208 585 ἀλήκτου
3256 512 3465 582 τύχωσι
3516 510 3813 577 παρακλήο

565 633 812 686 lationem
865 630 1313 699 adipiscerentur;
1366 641 1424 681 se
1470 625 1615 696 ipsos
1662 626 1801 679 ultro
1847 623 2123 691 depresse-

564 734 709 791 runt,
732 731 790 778 ut
808 723 915 778 illic
936 724 987 777 in
1015 722 1177 775 altum
1195 720 1595 781 attollerentur;
1621 732 1810 773 carnes
1836 731 1960 769 suas
1986 716 2125 769 fame

566 827 627 867 ac
654 813 743 867 siti
781 821 836 867 et
862 812 1054 879 vigiliis
1081 811 1461 873 confecerunt,
1492 819 1551 863 ut
1578 809 1688 863 illic
1722 808 1955 877 paradisi
1992 805 2127 859 dcli~

567 903 666 958 cia
691 912 746 958 et
768 904 1056 959 exsultatio
1083 903 1229 970 ipsos
1259 904 1586 971 exciperent.
1618 900 1843 965 Spiritus
1865 897 2028 953 sancti
2052 906 2129 949 ta-

568 997 907 1053 bernaculum
936 1012 1029 1065 per
1055 995 1229 1050 cordis
1257 994 1538 1064 puritatem
1571 993 1908 1055 exstiterunt,
1945 1001 2122 1056 quem.

572 1085 853 1140 admodum
885 1086 1139 1152 scriptum
1164 1093 1241 1137 est
1276 1099 1289 1134 :
1322 1081 1709 1136 lnhabitabo-in
1738 1080 1864 1147 ipsis
1885 1089 1935 1132 et
1963 1079 2132 1131 inam-

576 1175 765 1230 bulabo
809 1172 892 1242 (11
931 1174 1048 1228 Cor.
1098 1175 1194 1241 γι).
1241 1174 1459 1241 Seipsos
1502 1170 1698 1225 mundo
1750 1169 2131 1223 crttcilixerunt

578 1262 791 1335 (Ep/tes.
820 1264 917 1333 v1),
948 1277 1005 1319 ut
1034 1264 1096 1318 ad
1125 1263 1317 1318 Christi
1351 1263 1627 1316 dexteram
1654 1269 1893 1323 starent;
1918 1259 2131 1311 lumbos

576 1366 703 1406 suos
748 1352 800 1405 in
853 1353 1075 1406 veritate
1120 1352 1530 1411 succinxerunt,
1580 1358 1736 1416 atque
1784 1348 1835 1401 in
1887 1357 2129 1416 promptu

578 1457 790 1509 Semper
823 1442 1093 1511 lampades
1124 1444 1440 1503 habuerunt,
1479 1440 1793 1491 immortalis
1830 1438 2007 1507 sponsi
2034 1436 2130 1488 ad-

579 1541 791 1587 ventum
821 1542 1185 1600 exspectantes
1207 1532 1416 1600 (Mauh.
1447 1533 1597 1599 xxv).
1626 1530 1752 1581 Nam
1780 1544 1901 1582 cuin
1938 1527 2133 1581 mentis

580 1623 747 1676 acutis
771 1622 971 1690 praediti
1002 1631 1196 1683 essent,
1230 1619 1549 1673 horrendum
1582 1620 1727 1672 illum
1756 1619 1895 1673 diem
1925 1631 2135 1687 semper

582 1712 1009 1781 proSpiciebant:
1042 1721 1199 1781 atque
1240 1720 1348 1765 tum
1384 1711 1679 1764 futurorum
1711 1712 1995 1773 bonorum,
2024 1719 2133 1764 tum

587 1802 746 1856 futuri
788 1802 1030 1872 supplicii
1074 1802 1573 1869 contemplationem
1609 1801 1681 1854 ita
1710 1802 1761 1854 in
1788 1814 2012 1866 corpore
2040 1802 2136 1855 de-

588 1897 743 1949 fixam
788 1895 1059 1962 gerebant,
1088 1904 1147 1946 ut
1174 1894 1241 1947 ab
1270 1895 1378 1961 ipsa
1425 1907 1690 1961 nunquam
1737 1891 2139 1944 divellerentur.

588 1989 757 2052 Atque
787 1985 871 2037 hic
898 1984 1140 2037 laborare
1168 1984 1515 2043 studuerunt,
1561 1992 1617 2034 ut
1666 1982 2003 2049 sempiternae
2032 1980 2142 2047 glo-

589 2077 680 2127 ria:
705 2082 975 2140 compotes
999 2082 1200 2127 essent.
1232 2070 1701 2126 Perturbationum.
1718 2080 1992 2136 expertes,
2037 2084 2143 2122 non

587 2178 740 2218 secus
771 2172 927 2232 atque
971 2162 1162 2231 angeli,
1193 2162 1435 2226 fuerunt;
1469 2174 1532 2213 ac
1572 2173 1707 2212 nunc
1735 2171 1855 2212 cum
1886 2159 1989 2211 illis
2014 2172 2145 2223 quo-

587 2270 707 2309 rum
734 2255 892 2307 vitam
928 2252 1115 2306 imitati
1146 2260 1291 2318 sunt,
1335 2252 1560 2305 choreas
1586 2256 1767 2318 agunt.
1801 2246 1947 2301 Beati
1976 2244 2054 2300 illi
2082 2261 2145 2301 ac

590 2360 671 2401 ter
697 2345 858 2408 beati,
890 2343 1137 2411 quoniam
1180 2342 1345 2395 firmis
1376 2340 1568 2395 mentis
1596 2339 1761 2394 oculis
1805 2338 2141 2406 praesentium

591 2450 765 2489 rerum
796 2433 1105 2499 vanitatem,
1130 2440 1288 2501 atque
1314 2430 1559 2484 humanae
1587 2427 1956 2497 prosperitatis
1980 2426 2148 2480 incer-

592 2526 864 2580 titudiuem
895 2532 952 2578 et
978 2523 1384 2577 inconstantiam
1420 2530 1822 2591 perspexerunt,
1857 2532 2024 2588 eaque
2064 2534 2149 2572 re-

592 2616 751 2683 iecta,
779 2612 1098 2681 sempiterna
1125 2611 1260 2665 bona
1290 2611 1389 2665 sibi
1421 2611 1547 2676 ipsis
1577 2610 1954 2674 condiderunt,
1978 2626 2041 2662 ac
2065 2614 2146 2663 vi-

590 2714 693 2751 ιειιιι
726 2715 843 2752 eam
874 2718 990 2768 quae
1010 2719 1271 2771 nunquam
1300 2706 1519 2772 occidit,
1553 2722 1650 2761 nec
1677 2716 1845 2760 morte
1866 2705 2151 2762 interrum-

597 2796 754 2859 pitur,
787 2792 1141 2861 arripuerunt.

1123 2873 1139 2895 κ

668 2973 771 3025 llos
797 2974 952 3041 igitur
974 2971 1313 3025 admirandos
1340 2982 1394 3026 et
1421 2982 1634 3026 sanctos
1658 2972 1800 3025 viros
1821 2986 1920 3025 nos
1939 2983 2151 3041 quoque

594 3064 793 3132 indigni
821 3077 883 3116 ac
911 3062 1261 3130 despicabiles
1301 3063 1494 3116 imitari
1529 3062 1828 3126 studemus;
1856 3076 2039 3116 verum
2063 3074 2151 3114 eo-

594 3168 710 3206 rum
739 3153 860 3206 vitze
883 3153 1119 3207 caelestis
1147 3153 1411 3219 fastigium
1444 3152 1658 3206 minime
1684 3152 2036 3219 assequimnr,
2059 3150 2151 3203 sed

592 3259 689 3313 pro
718 3244 1034 3299 infirmitatis
1073 3254 1267 3299 nostrae
1290 3259 1353 3299 ac
1390 3245 1600 3298 miserae
1644 3243 1909 3298 facultatis
1937 3242 2154 3297 modqu

593 3350 774 3389 eorum
805 3337 962 3388 vitam
1007 3336 1375 3405 exprimimus.
1424 3337 1596 3401 Atque
1645 3336 1878 3403 ipsorum
1912 3333 2149 3387 habitum

590 3424 843 3493 gerimus,
875 3424 1079 3479 etiamsi
1106 3440 1267 3493 opera
1309 3441 1411 3478 non
1441 3439 1811 3494 assequamur.
1844 3424 2052 3479 Etenim
2074 3424 2154 3478 di-

596 3514 765 3566 vinam
789 3515 923 3568 hanc
945 3514 1325 3583 professionem
1357 3526 1629 3583 peccatum
1650 3515 1978 3583 propulsare,
1996 3523 2154 3584 atque

590 3605 997 3672 incorruptionis
1026 3620 1120 3673 per
1147 3607 1382 3660 divinum
1412 3606 1672 3673 baptisma
1702 3607 1856 3662 nobis
1887 3621 2153 3662 concessae

591 3695 789 3749 sociam
835 3704 889 3750 et
914 3697 1307 3764 opitulatricem
1360 3712 1482 3751 esse
1514 3709 1847 3765 perspectum
1877 3697 2150 3752 habemus.

594 3790 669 3840 Ac
697 3787 969 3841 beatorum
1018 3787 1225 3843 illorum
1269 3788 1502 3841 virorum
1532 3788 1870 3842 sermonibus
1901 3789 2148 3852 adducti,

591 3879 818 3931 caducas
854 3887 1010 3948 atque
1056 3879 1291 3933 interitui
1338 3880 1595 3933 obnoxias
1643 3880 1860 3948 hujusce
1903 3881 2021 3934 vita:
2066 3895 2152 3935 res

592 3980 912 4036 magnopere
939 3969 1372 4035 condemnamus,
1406 3969 1455 4021 in
1488 3968 1679 4037 quibus
1708 3968 1837 4021 nihil
1868 3968 2075 4022 firmum
2096 3976 2152 4022 et

591 4054 871 4120 aequabile,
903 4055 1146 4123 quodque
1167 4055 1412 4110 eumdem
1441 4070 1656 4122 semper
1680 4066 1873 4108 statum
1900 4057 2149 4118 retineat.

494 4142 495 4145 “
533 4208 543 4221 ς
591 4142 813 4197 inveniri
845 4152 1046 4211 potest:
1082 4160 1261 4199 verum
1316 4146 1489 4199 omnia
1539 4146 1744 4199 vanitas
1783 4155 1906 4199 sunt
1933 4155 1986 4199 et
2006 4147 2151 4199 affli-

587 4233 694 4287 ctio
719 4235 934 4303 spiritus
964 4234 1156 4305 (Eccle.
1190 4238 1284 4303 n);
1314 4236 1509 4289 multas
1542 4236 1794 4305 temporis
1823 4246 2017 4305 puncto
2042 4252 2151 4292 mu-

542 4365 550 4400 ,
583 4326 827 4381 .tationes
850 4329 1061 4381 ferens:
1093 4328 1353 4396 siquidem
1382 4330 1432 4381 in
1456 4328 1701 4391 somniis,
1742 4338 1796 4383 et
1822 4329 2047 4393 umbris,
2088 4344 2150 4383 ac

590 4419 763 4473 ventis
791 4435 969 4473 aerem
1002 4419 1343 4488 perﬂantibus
1369 4421 1710 4475 imbecilliora
1740 4429 1885 4475 sunt.
1914 4421 2149 4487 Quorum

587 4524 755 4577 parva
787 4519 841 4562 et
857 4510 1036 4563 brevis
1059 4510 1324 4579 voluptas,
1348 4510 1455 4564 imo
1480 4527 1580 4565 non
1601 4512 1863 4580 voluptas,
1885 4512 1978 4565 sed
2002 4511 2148 4565 fraus

2233 625 2369 671 σεως
2387 625 2401 637 ·
2431 606 2804 660 ἐταπείνωσαν
2840 607 3067 668 ἑαυτοὺς
3096 604 3379 666 ἑκουσίως,
3415 603 3481 655 ἶν’
3516 603 3636 653 ἐκεῖ
3666 600 3815 668 ὑψω-

2232 701 2367 755 θῶσι
2399 699 2547 770 (A12)-
2586 699 2894 768 κατέτηξαν
2935 696 3037 762 τὰς
3064 696 3276 750 ἑαυτῶν
3316 695 3528 765 σάρκας
3561 691 3726 761 πείνῃ
3755 708 3817 742 τε

2232 794 2327 846 καὶ
2369 792 2496 863 δίψῃ
2542 794 2639 845 καὶ
2679 792 2839 862 108
2882 789 3185 861 ἀγρυπνίᾳ,
3221 789 3288 841 ἶν’
3336 788 3454 840 ἐκεῖ
3498 784 3816 851 διαδέξηται

2233 887 2432 949 αὐτοὺς
2478 888 2512 958 ἡ
2567 887 2749 957 τρυφὴ
2786 885 2882 938 καὶ
2925 883 3251 952 ἀγαλλίασις
3294 880 3390 935 τοῦ
3438 876 3778 949 παραδείσου
3803 892 3819 903 ·

2235 980 2503 1049 σκήνωμα
2543 978 2801 1047 γεγόνασι
2842 976 2940 1030 τοῦ
2970 975 3129 1044 ἁγίου
3173 973 3493 1042 Πνεύματος
3539 972 3607 1038 τῇ
3645 968 3819 1020 καθα-

2238 1072 2424 1143 ρότητι
2437 1072 2536 1142 τῆς
2548 1071 2795 1143 καρδίας,
2813 1069 2997 1132 καθὼς
3013 1068 3342 1139 γέγραπται·
3376 1064 3681 1132 Ἐνοικήσω
3703 1062 3819 1127 (43)

2238 1168 2297 1219 ὲν
2324 1166 2508 1229 αὐτοῖς
2545 1165 2640 1218 κα).
2672 1164 3142 1233 ὲμπεριπατήσω·
3185 1159 3549 1229 ἐσταύρωσαν
3587 1155 3821 1215 ἑαυτοὺς

2236 1258 2315 1329 τῷ
2338 1258 2529 1328 κόσμῳ
2555 1257 2689 1327 (44),
2728 1256 2796 1309 ἵν’
2819 1258 2884 1309 ὲκ
2920 1254 3111 1319 δεξιῶν
3139 1253 3249 1323 (45)
3281 1251 3375 1305 τοῦ
3408 1249 3821 1321 παυρωθέντος

2239 1350 2482 1406 σταθῶσι
2506 1366 2520 1380 ·
2555 1350 2965 1421 περιεξώσαντο
2996 1348 3098 1411 τὰς
3136 1346 3349 1415 ὀσφύας
3378 1344 3564 1399 αὐτῶν
3611 1344 3670 1394 ὲν
3716 1341 3817 1394 ἀ).-

2239 1447 2400 1518 ηθείᾳ
2441 1447 2576 1518 (46),
2609 1446 2705 1499 καὶ
2742 1445 2991 1515 ἑτοίμους
3030 1444 3187 1513 ἔσχον
3234 1442 3324 1494 ἀεὶ
3370 1441 3470 1501 τὰς
3504 1436 3825 1507 λαμπάδας,

2241 1541 2653 1614 προσδοκῶντες
2671 1540 2768 1612 τὴν
2788 1539 2999 1593 ἐλευσιν
3022 1538 3117 1591 τοῦ
3135 1535 3407 1589 ἀθανάτου
3426 1531 3668 1602 νυμφίου
3684 1530 3821 1595 (Π).

2241 1636 2483 1707 Νοεροὺς
2512 1634 2622 1706 γὰρ
2669 1632 3003 1704 κτησάμενοι
3051 1629 3387 1699 ὀφθαλμοὺς,
3425 1623 3731 1695 προεώρων
3750 1621 3828 1673 δι-

2243 1729 2455 1801 ηνεκῶς
2495 1728 2593 1799 τὴν
2644 1725 2878 1799 φρικτὴν
2906 1724 3057 1795 ὥραν
3094 1723 3333 1790 ἐκείνην,
3361 1721 3461 1790 τήν
3486 1735 3549 1771 τε
3589 1715 3828 1785 Θεωρίαν

2242 1825 2352 1877 τῶν
2399 1822 2701 1894 μελλόντων
2742 1817 2964 1888 ἀγαθῶν
3002 1817 3097 1870 καὶ
3125 1815 3225 1885 τῆς
3270 1813 3491 1868 αἰωνίου
3544 1808 3827 1869 κολάσεως

2246 1915 2551 1986 ἀχώριστον
2588 1913 2689 1985 τῆς
2737 1911 2946 1965 ἑαυτῶν
2989 1909 3146 1979 ἔσχον
3181 1906 3433 1979 καρδίας·
3480 1903 3581 1955 καὶ
3626 1898 3828 1953 ἐσπού-

2243 2011 2414 2063 δασαν
2447 2008 2670 2077 καμεῖν,
2706 2005 2795 2058 ἵνα
2840 2006 2940 2073 τῆς
2969 2002 3143 2056 ἀϊδίου
3182 1999 3339 2068 δόξης
3373 1996 3449 2066 μὴ
3480 1990 3826 2060 ἀποτύχωσι.

2244 2068 2542 2168 Γεγόνασιν
2595 2068 2827 2159 ἀπαθεῖς
2877 2068 3067 2163 ῶσπερ
3122 2089 3343 2159 ἄγγελοι
3386 2087 3536 2159 (68)·
3582 2084 3689 2137 καὶ
3737 2079 3830 2133 νῦν
3888 2068 3895 2081 ’

2252 2194 2370 2262 μετ’
2403 2191 2631 2244 ἐκείνων
2671 2188 3012 2259 χορεύουσιν,
3070 2177 3144 2237 ὧν
3200 2182 3297 2235 καὶ
3340 2180 3431 2233 τὸν
3464 2178 3583 2248 βίον
3625 2174 3830 2244 ἐμιμή·

2251 2301 2433 2338 σαντο.
2464 2281 2741 2352 Μακάριοι
2775 2274 2922 2333 οὗτοι
2959 2278 3055 2331 καὶ
3082 2273 3497 2346 τρισμακάριοι,
3530 2270 3618 2323 ὅτι
3661 2268 3824 2321 ἀπλα-

2249 2377 2367 2430 νέσι
2404 2378 2514 2439 τόίς
2558 2374 2653 2428 τοῦ
2686 2372 2806 2436 νοδς
2838 2369 3140 2440 ὀφθαλμοῖς
3185 2364 3521 2432 κατενόησαν
3566 2360 3675 2431 τὴν
3721 2359 3824 2441 τῶν

2251 2470 2541 2541 παρόντοιν
2568 2466 2916 2539 ηματαιότητα
2935 2506 2950 2527 ,
2993 2464 3090 2516 καὶ
3116 2461 3215 2531 τῆς
3242 2457 3596 2528 ἀνθρωπίνης
3630 2456 3831 2523 εὐπρα-

2250 2563 2374 2631 γίας
2419 2560 2480 2614 τὸ
2533 2560 2768 2614 άστατον
2817 2558 2911 2611 καὶ
2960 2554 3247 2624 ἀνώμαλον
3276 2551 3409 2623 (49),
3456 2550 3578 2612 καὶ,
3626 2546 3832 2614 ταύτην

2250 2653 2738 2726 ἀπαρνησάμενοι,
2795 2650 2865 2703 τά
2928 2646 3123 2701 αἰώνια
3187 2646 3403 2707 ἑαυτοῖς
3456 2640 3834 2710 ἐθησαύρισαν

2250 2746 2437 2816 ἀγαθὰ
2480 2746 2615 2815 (50),
2666 2744 2761 2797 καὶ
2800 2742 2901 2811 τῆς
2951 2738 3221 2811 μηδέποτε
3262 2732 3667 2801 διαπιπτούσης
3702 2732 3834 2799 μήτε

2253 2838 2471 2909 θανάτῳ
2500 2833 2936 2904 διακοπτομένης
2968 2829 3299 2882 ἐπελάϐοντο
3322 2826 3469 2896 ζωῆς
3503 2822 3645 2894 (51).

2323 2931 2561 2994 Τούτους
2592 2924 2687 2982 οὖν
2715 2926 2844 2989 τοὺς
2887 2922 3227 2994 θαυμασίους
3260 2920 3356 2973 καὶ
3395 2918 3586 2985 ἁγίους
3632 2914 3837 2981 ἄνδρας

2254 3024 2348 3078 καὶ
2380 3024 2546 3094 ἡμεῖς
2576 3021 2626 3074 οἱ
2653 3018 2893 3081 εὐτελεῖς
2925 3017 3020 3071 καὶ
3050 3014 3259 3080 ἀνάξιοι
3288 3008 3574 3082 μιμεῖσθαι
3600 3006 3838 3059 σπουδά-

2262 3118 2454 3189 ζομεν.
2493 3113 2653 3184 109
2681 3113 2781 3165 οὐκ
2806 3108 3176 3180 ὲφικνούμεθα
3202 3106 3258 3159 δὲ
3288 3103 3367 3175 τῷ
3395 3100 3519 3171 ὖψει
3676 3097 3838 3189 ούρα-

2254 3184 2533 3264 νοπολίτου
2561 3203 2741 3257 αὐτῶν
2768 3199 3046 3268 διαγωγῆς
3068 3214 3082 3228 ·
3118 3194 3275 3261 ἀλλὰ,
3306 3191 3448 3247 κατὰ
3478 3190 3537 3243 τὺ
3572 3188 3697 3241 ὲνδν
3740 3184 3836 3251 τῆς

2255 3299 2515 3363 ἀσθενοῦς
2536 3297 2695 3370 ἡμῶν
2725 3295 2823 3348 καὶ
2860 3288 3210 3361 ταλαιπώρου
3250 3286 3555 3355 δυνάμεως,
3599 3278 3693 3332 τὸν
3719 3276 3837 3370 βίον

2257 3390 2438 3447 αὐτῶν
2492 3368 2976 3460 χαρακτηρίζομεν
3023 3380 3118 3433 xu‘t
3155 3378 3217 3431 τὸ
3268 3375 3458 3445 σχῆμα
3496 3368 3835 3442 περιδεδλήυ

2260 3483 2421 3556 μεθα,
2452 3482 2557 3537 κᾶν
2582 3480 2692 3532 τῶν
2717 3479 2895 3549 ἔργων
2921 3471 3400 3544 διαμαρτάνωμεν.
3426 3464 3700 3535 Πρόξενον
3726 3461 3837 3530 γὰρ

2256 3573 2677 3646 ἀναμαρτησίας
2697 3571 2758 3624 τὸ
2788 3570 2930 3622 θεῖον
2953 3566 3279 3634 ἐπάγγελμα
3303 3559 3483 3624 τοῦτο,
3515 3558 3612 3610 καὶ
3642 3571 3834 3624 συνερ-

2256 3668 2353 3736 γὸν
2408 3666 2511 3736 τῆς
2551 3667 2616 3718 ὲκ
2661 3663 2756 3716 τοῦ
2788 3661 2935 3714 θείου
2980 3658 3356 3730 βαπτίσματος
3403 3650 3649 3719 δοθείσης
3695 3649 3831 3716 ἡμῖν

2258 3758 2570 3830 ἀφθαρσίας
2604 3752 2968 3824 ἐπιστάμεθα.
3022 3751 3153 3814 Καὶ,
3195 3750 3307 3810 τοῖς
3350 3746 3532 3814 λόγοις
3579 3742 3837 3811 ἑπόμενοι

2258 3850 2369 3904 τῶν
2406 3847 2692 3921 μακαρίων
2736 3845 2981 3907 ἐκείνων,
3018 3841 3159 3896 πάνυ
3201 3837 3693 3905 καταγινώσκομεν
3730 3830 3837 3883 τῶν

2261 3940 2517 4012 φθαρτῶν
2540 3938 2747 3992 τούτων
2767 3936 2859 3989 καὶ
2883 3933 3165 4004 ἐπικήρων
3203 3930 3300 3983 τοῦ
3330 3928 3445 3999 βίου
3468 3924 3838 3998 πραγμάτων,

2262 4037 2321 4089 ὲν
2348 4029 2427 4097 οἷς
2458 4032 2609 4086 οὐδὲν
2634 4031 2780 4085 ἐστιν
2818 4029 3000 4099 εὑρεῖν
3033 4025 3271 4097 βέϐαιον,
3295 4022 3415 4075 οὐδὲ
3442 4017 3672 4090 ὁμαλὸν,
3722 4015 3840 4069 0-35:

2263 4123 2488 4180 ἐπὶτῶν
2520 4121 2698 4177 αὐτῶν
2730 4119 3018 4190 ἱστάμενον
3049 4115 3162 4187 (52)
3182 4132 3197 4145 ·
3230 4113 3365 4167 ἀλλά
3398 4109 3705 4183 ματαιότης
3728 4108 3844 4159 ἐστὶ

2262 4219 2333 4273 τὰ
2361 4218 2540 4273 πάντα
2568 4213 2665 4269 καὶ
2694 4212 3013 4285 προαίρεσις
3040 4205 3349 4276 πνεύματος
3379 4205 3517 4273 (53),
3548 4199 3758 4261 πολλάς
3788 4200 3843 4249 ἐν

2262 4311 2451 4382 ἀτόμῳ
2477 4308 2709 4379 φέροντα
2731 4304 2833 4367 τὰς
2856 4300 3157 4373 μεταϐολάς
3187 4298 3299 4369 (54)
3317 4312 3331 4328 ο
3360 4293 3587 4364 ὀνείρων
3609 4292 3723 4360 γὰρ
3753 4289 3843 4342 καὶ

2265 4405 2443 4470 σκιᾶς,
2460 4401 2554 4455 καὶ
2569 4398 2742 4469 αὔρας
2758 4398 2897 4449 κατὰ
2909 4395 2997 4447 τὸν
3011 4392 3148 4463 ἀέρα
3164 4388 3453 4457 πνεούσης,
3468 4403 3491 4438 ε
3502 4387 3609 4438 ἰσὶν
3626 4382 3842 4438 ἀσθενέ-

2272 4513 2439 4568 στερα
2458 4511 2473 4526 ·
2510 4492 2682 4564 μικρά
2710 4490 2805 4544 xui.
2838 4489 2976 4557 πρὸς
3008 4486 3189 4553 ὀλίγον
3216 4485 3249 4553 ἡ
3273 4483 3453 4553 χάρις,
3478 4478 3577 4531 καὶ
3603 4476 3727 4529 οὐδὲ
3750 4474 3840 4544 χά-

589 4554 677 4577 ,.-.
702 4554 755 4562 ,κ
790 4554 841 4562 --
859 4554 1036 4563 -.-ην
1071 4554 1324 4579 ...._,-_-,
1350 4554 1453 4564 ...η
1481 4554 1580 4565 ..νη
1610 4554 1863 4580 ww"--.
1885 4554 1978 4565 -..-
2002 4554 2143 4565 ......-

586 4598 829 4667 quaedam
846 4608 899 4653 et
914 4600 982 4651 im
990 4609 1205 4667 postura
1224 4598 1586 4668 perversitatis
1602 4598 1814 4663 mundi,
1834 4615 1989 4668 quem
2004 4599 2143 4653 nullo

2274 4554 2382 4660 ptg:
2408 4554 2544 4640 ἀλλά
2582 4554 2756 4651 πλάνη
2795 4554 2999 4642 τις-καὶ
3024 4578 3207 4645 ἀπάτη
3235 4577 3335 4646 τῆς
3373 4572 3467 4626 τοῦ
3496 4571 3708 4639 κόσμου
3744 4584 3838 4619 κα-

582 4688 742 4742 modo
754 4689 1176 4759 diligere,verum
1191 4691 1365 4760 potius
1377 4706 1440 4745 ex
1454 4692 1632 4746 animo
1649 4691 1826 4747 odisse
1840 4702 2000 4761 atque
2013 4692 2145 4746 iuse-

2265 4679 2411 4740 κίας,
2426 4676 2595 4747 ὅνπερ
2618 4674 2695 4745 μὴ
2710 4673 2934 4743 ἀγαπᾷν
2957 4670 3113 4735 ὅλως,
3143 4671 3319 4739 μισεῖν
3336 4667 3393 4719 δὲ
3412 4667 3619 4737 μᾶλλον
3637 4668 3702 4719 ἐκ
3718 4681 3836 4735 καρ-

663 4862 775 4930 (42)
806 4861 995 4916 Matth.
1022 4875 1179 4926 xxltt,
1205 4859 1274 4913 12
1301 4877 1316 4915 :
1352 4860 1541 4924 Ὅστις
1566 4861 1893 4914 ταπεινώσει
1923 4860 2116 4915 ἑαυτὸν
2142 4882 2143 4889 η

2249 4858 2509 4930 ιθήσεται.
2540 4857 2626 4914 Cf.
2665 4855 2798 4911 Luc.
2835 4870 2947 4917 xlv,
2984 4852 3085 4920 H;
3118 4866 3271 4913 xvnt,
3309 4850 3396 4903 14.

687 4933 775 4997 45)
812 4932 853 4985 ll
888 4931 1057 4998 Epist.
1093 4933 1157 4984 ad
1184 4931 1309 4986 Cor.
1338 4947 1411 4996 vn,
1441 4931 1528 4985 16.

685 5004 774 5071 64)
808 5000 962 5057 Conf.
1001 5016 1053 5071 p.
1091 5002 1173 5057 10.

684 5074 774 5142 45)
804 5072 960 5126 Conf.
984 5088 1036 5140 p.
1057 5072 1144 5124 71.

811 5136 997 5218 Epist.-
1028 5144 1095 5196 ad
1130 5141 1319 5218 I'Ipltes.
1343 5156 1430 5218 vi,
1454 5142 1522 5196 M
1550 5142 1769 5218 :AZrﬁte
1791 5139 1884 5218 οξν
1907 5144 2143 5218 περιζωο

2249 5160 2349 5197 ενοι
2375 5142 2473 5213 τὴν
2498 5141 2668 5209 ὀσφὺν
2696 5138 2849 5210 ὑμῶν
2877 5141 2933 5191 ὲν
2960 5136 3206 5207 ἀληθείᾳ.

660 5212 774 5286 (47)
806 5212 1073 5286 Bespectn
1111 5215 1177 5286 all
1206 5212 1522 5286 parabolain
1564 5215 1629 5286 de
1649 5216 1855 5286 rqua‘cf.
1880 5229 1930 5281 p.
1965 5216 2050 5268 75.

660 5272 880 5354 (483170.
903 5272 1102 5354 Chrys.
1131 5272 1312 5351 Βοῖος.
1345 5282 1528 5354 ρ.254
1562 5301 1575 5336 :
1614 5272 1902 5354 Ἀγγελους
1928 5288 2054 5348 τοὺς
2083 5286 2143 5337 ἀν

2249 5285 2403 5345 ιπους
2424 5284 2648 5352 ἐποίησε
2680 5284 2726 5353 (ὀ
2756 5279 3028 5354 σταυρός).
3054 5276 3136 5331 Cf.
3171 5291 3258 5354 pp.
3284 5273 3496 5354 ’5,106,
3527 5272 3653 5327 107.

662 5344 772 5423 (49)
806 5344 1033 5425 (ἔνορκοι-ξ
1066 5353 1199 5425 Nae.
1221 5344 1359 5425 otiati
1390 5352 1476 5425 16,
1505 5369 1626 5425 pag.
1654 5344 1755 5406 2.5-1
1794 5373 1806 5407 :
1844 5344 1941 5407 Διά
1966 5344 2143 5425 τὸτῆς

2253 5344 2531 5424 θρωπίνης
2563 5344 2867 5422 εὐπραγίας
2895 5344 3125 5403 ἄστατον
3154 5348 3246 5397 xui.
3271 5344 3584 5413 ἀνώμαλον.

664 5421 774 5492 (50⁷)
808 5421 993 5492 Matth.
1033 5438 1107 5484 νι,
1140 5422 1229 5476 20.
1255 5421 1335 5475 Cf.
1372 5438 1424 5491 p.
1453 5424 1543 5478 91.

660 5490 774 5561 (51)
801 5491 955 5547 Conf.
986 5509 1037 5557 ῃ.
1065 5492 1153 5546 60.

663 5557 778 5636 (52)
811 5562 1101 5636 Gregorius
1142 5561 1404 5636 _Nagianz_.
1441 5561 1686 5636 oratione
1727 5564 1815 5623 16.
1860 5580 1978 5634 pag.
2012 5566 2143 5621 250:

2249 5566 2356 5619 ὗσει
2392 5566 2492 5636 μὲν
2536 5564 2644 5634 γὰρ
2677 5564 2829 5616 οὐδὲν
2876 5562 2984 5614 τῶν
3025 5558 3385 5629 ἀνθρωπίνων
3424 5557 3675 5628 βέϐαιον,
3724 5558 3839 5611 οὐδὲ

589 5630 886 5707 upupam.
912 5632 1045 5707 ὀὐδὲ
1070 5632 1165 5707 ξπ),
1192 5632 1301 5685 τῶν
1330 5630 1507 5684 αὐτῶν
1540 5633 1851 5703 ἱστάμενον.

660 5703 774 5777 (55)
802 5700 979 5777 Ιεξςριο.
1002 5717 1043 5777 t,
1073 5703 1161 5757 14.

659 5769 968 5847 (δυ-ϐψς.
999 5770 1132 5847 N_az.
1167 5786 1221 5847 ρ.
1250 5770 1349 5847 ξ51
1388 5789 1401 5824 :
1436 5770 1650 5847 Kéxlog
1677 5791 1759 5847 τις
1790 5774 1897 5828 τῶν
1927 5775 2211 5847 ἡμετέρων
2255 5776 2564 5847 περιτρέχει
2600 5773 2965 5846 πραγμάτων,
3002 5771 3189 5826 ἄλλοτε
3222 5770 3389 5834 ἄλλας
3421 5770 3517 5824 ἐπὶ
3539 5770 3674 5842 μιᾶς
3702 5769 3832 5840 ἠμέν

593 5840 691 5918 ρας
712 5840 990 5910 πολλάκις,
1029 5840 1144 5895 ἐστι
1171 5842 1216 5896 δ’
1246 5842 1335 5895 ὅτε
1365 5840 1460 5895 καὶ
1479 5840 1646 5912 ὥρας,
1678 5844 1859 5915 φέρων
1884 5840 2215 5917 μεταϐολάς.
