4070 6446
593 472 709 551 975,

1980 451 2361 514 ADDENDA.

3726 441 3832 504 976

654 579 1006 650 Quamobrem
1036 592 1128 632 eos
1173 577 1260 646 qui
1340 581 1449 629 tam
1539 576 1794 648 pestifero
1881 590 1941 628 ac
2024 582 2146 619 cru-

2325 564 2466 627 Τοὺς
2500 563 2598 632 μὲν
2627 563 2720 616 οῦν
2749 563 2973 633 τοιούτῳ
3004 559 3352 625 δουλεύοντας
3374 560 3583 630 ἀπηνεῖ
3611 560 3706 613 καὶ
3734 576 3836 612 σοο-

584 674 689 727 deli
712 672 928 727 domino
956 671 1213 733 serviunt,
1245 668 1439 737 quique
1468 681 1498 720 a
1536 667 1677 720 bono
1705 679 1767 718 ac
1790 664 2016 729 benigno
2061 674 2153 726 per

583 778 843 817 summam
872 761 1191 816 dementiam
1220 759 1425 826 seipsos
1452 763 1805 818 removentes,
1833 752 1993 807 rebus
2015 765 2152 819 pra:-

587 855 822 909 sentibus
851 853 1057 907 inhiant
1076 862 1130 905 et
1155 848 1513 914 intabescunt,
1543 861 1641 900 nec
1664 846 1837 899 futura
1867 842 1976 896 ullo
1997 838 2155 895 modo

586 945 840 1013 cogitant,
873 956 1055 994 verum
1085 940 1150 993 ad
1174 952 1461 1007 corporeas
1484 936 1696 1005 quidem
1720 935 2018 1002 voluptates
2040 932 2157 984 sine

590 1040 695 1090 ulla
748 1033 1148 1088 intermissione
1195 1044 1315 1084 sese
1363 1028 1678 1090 conferunt,
1724 1028 1925 1079 animas
1978 1032 2155 1077 autem

585 1145 709 1183 snas
740 1128 879 1181 fame
906 1123 1119 1189 conﬁci,
1150 1133 1204 1178 et
1249 1123 1541 1178 innumeris
1585 1120 1739 1174 malis
1767 1117 2057 1173 conﬂictari
2086 1118 2159 1169 si-

589 1228 739 1278 nunt,
773 1215 971 1269 homini
1006 1229 1036 1267 a
1064 1214 1290 1269 furentis
1308 1212 1578 1266 unicornis
1605 1210 1739 1264 facie
1766 1207 1983 1277 fugienti
2012 1206 2160 1261 simi-

589 1311 665 1365 les
695 1325 813 1365 esse
841 1323 1065 1371 censeo,
1095 1308 1183 1375 qui
1211 1321 1332 1359 cum
1365 1305 1613 1358 clamoris
1643 1303 1807 1369 ipsius
1848 1316 2038 1353 sonum
2079 1308 2161 1353 at-

588 1421 689 1469 que
706 1402 999 1456 horrendos
1022 1400 1250 1469 mugitus
1267 1398 1407 1453 ferre
1426 1406 1675 1466 nequeat,
1703 1409 1899 1463 magno
1936 1395 2159 1460 impetu,

591 1512 657 1548 ne
686 1495 781 1562 ipsi
807 1497 856 1546 in
890 1492 1120 1561 praedam
1150 1492 1328 1556 cedat,
1352 1489 1575 1556 aufugit.
1614 1489 1746 1540 Dum
1777 1496 1955 1539 autem
1976 1484 2163 1538 celeri-

592 1598 672 1639 ter
719 1587 906 1650 currit,
938 1585 991 1637 in
1035 1582 1303 1650 ingentem
1335 1580 1615 1648 quamdam
1658 1579 1903 1631 scrobem
1934 1576 2060 1639 ruit,
2101 1589 2162 1627 ac

592 1678 794 1732 ruendo
817 1691 1004 1730 manus
1030 1673 1342 1731 extendens.
1369 1672 1613 1725 arborem
1637 1671 1921 1739 quamdam
1952 1667 2159 1735 arripit,

593 1784 815 1838 eamque
850 1766 1144 1820 arctissime
1179 1764 1389 1829 retinet,
1430 1770 1591 1830 atque
1617 1761 1784 1831 gradu
1814 1758 2044 1829 quodam
2090 1760 2167 1811 al-

593 1862 815 1917 ﬁrmatis
862 1858 1118 1929 pedibus,
1150 1866 1337 1926 pacata
1384 1854 1635 1923 deinceps
1664 1856 1864 1913 omnia,
1911 1859 2071 1919 atque
2100 1847 2169 1901 ab

2252 653 2407 725 νηρῷ
2440 655 2678 731 δεσπότῃ
2714 654 2807 707 τοῦ
2836 653 3043 722 ἀγαθοῦ
3072 654 3166 706 xui.
3218 651 3609 721 φιλανθρώπου
3643 669 3841 722 φρενοο

2254 744 2471 809 ὁλαὸῶς
2508 746 2736 808 ἑαυτοὺς
2789 744 3205 815 μακρύναντας,
3262 744 3340 807 είς
3380 743 3449 795 τά
3495 742 3746 813 παρόντα
3782 742 3843 795 δὲ

2255 838 2555 907 κεχηνότας
2605 837 2908 905 πράγματα
2957 837 3053 888 xui
3103 834 3313 897 τούτοις
3362 831 3840 904 προστετηκότας,

2261 929 2506 999 μηδόλως
2553 930 2663 981 τῶν
2702 927 3009 998 μελλόντων
3052 926 3432 996 λαμῦάνοντας
3472 926 3711 984 ἔννοιαν,
3748 926 3846 976 xui.

2263 1020 2421 1089 112
2461 1021 2539 1082 είς
2574 1020 2671 1088 μὲν
2705 1018 2802 1081 τὰς
2854 1017 3176 1087 σωματικάς
3222 1016 3557 1079 ἀπολαύσεις
3600 1014 3847 1069 ἀδιαλεί-

2260 1126 2408 1171 πτως
2449 1107 2857 1177 ἐπειγομένους,
2890 1106 2987 1168 τὰς
3033 1106 3089 1159 δὲ
3124 1106 3303 1175 ψυχὰς
3334 1104 3541 1167 ἐῶντας
3571 1103 3719 1174 λιμῷ
3744 1121 3848 1155 κα-

2259 1200 2592 1271 τατήκεσθαι
2660 1200 2754 1253 καὶ
2820 1200 3039 1271 μυρίοις
3088 1197 3561 1269 ταλαιπωρεῖσθαι
3626 1199 3849 1257 κακοῖς,

2262 1293 2484 1361 ὁμοίους
2535 1287 2675 1343 εἶναι
2719 1290 2862 1343 δοκῶ
2908 1291 3064 1361 ἀνδρὶ
3096 1290 3351 1359 φεύγοντι
3392 1288 3503 1341 ἀπὸ
3544 1286 3851 1357 προσώπου

2268 1384 2598 1453 μαινομένου
2626 1382 3017 1452 μονοκέρωτος,
3049 1382 3127 1444 ὃς,
3163 1381 3235 1451 μὴ
3265 1381 3446 1451 φέρων
3471 1379 3566 1431 τὸν
3589 1374 3726 1447 ἦχον
3752 1378 3855 1445 τῆς

2267 1475 2433 1529 αὑτοῦ
2469 1475 2596 1544 βοῆς
2643 1475 2736 1528 xui.
2766 1474 2857 1526 τὸν
2891 1473 3120 1543 φοϐερὸν
3161 1472 3324 1525 αὑτοῦ
3375 1472 3694 1541 μυκηθμὸν,
3736 1469 3856 1521 ἀλλ’

2271 1567 2505 1638 ἰσχυρῶς
2532 1566 2943 1636 ἀποδιδράσκων
2970 1565 3063 1617 τοῦ
3083 1564 3157 1635 μὴ
3184 1566 3437 1633 γενέσθαι
3459 1563 3659 1616 τούτου
3686 1562 3858 1613 κατά-

2272 1658 2471 1729 ϐρωμα
2498 1696 2512 1719 ,
2548 1658 2607 1709 έν
2639 1657 2717 1726 τῷ
2761 1656 2975 1729 τρέχειν
3020 1656 3185 1709 αὑτὸν
3232 1654 3401 1719 ὀξέως
3456 1652 3689 1723 μεγάλῳ
3747 1652 3858 1705 τινὶ

2272 1750 2665 1819 περιπέπτωκε
2694 1747 2873 1819 βόθρῳ
2892 1766 2905 1780 ο
2936 1749 2995 1801 ὲν
3021 1746 3180 1816 δὲτῷ
3209 1745 3505 1815 ἐμπίπτειν
3535 1744 3695 1812 αύτῷ
3720 1742 3855 1810 (63),

2270 1839 2370 1903 τὰς
2404 1842 2593 1909 χεῖρας
2628 1840 2908 1904 ἐκτείνας,
2956 1839 3051 1892 καὶ
3086 1837 3255 1906 φυτοῦ
3287 1854 3433 1899 τινος
3485 1834 3857 1906 δραξάμενος,

594 1953 735 2005 omni
762 1950 994 2019 periculo
1020 1949 1193 2003 aliena
1227 1962 1348 2001 esse
1391 1947 1701 2000 arbitratur.
1730 1944 2046 2011 Respiciens
2073 1956 2169 1994 au-

2282 1932 2554 2001 κραταιῶς
2582 1932 2738 1984 τοῦτο
2769 1932 3026 2001 κατέσχε,
3058 1931 3153 1983 καὶ
3184 1931 3277 1983 ἐπὶ
3306 1927 3519 1999 βάσεώς
3550 1943 3707 1988 τινος
3734 1927 3863 1987 τοὺς

595 2055 719 2109 tem,
744 2043 879 2096 duos
908 2055 1085 2094 mures
1116 2039 1309 2102 cernit,
1336 2039 1560 2093 alterum
1595 2036 1904 2103 candidum,
1937 2034 2166 2088 alterum

596 2148 787 2199 atrum,
820 2133 1029 2187 arboris
1074 2132 1219 2185 illius
1248 2145 1405 2198 quam
1434 2131 1735 2199 arripuerat
1770 2128 2004 2182 radicem
2048 2140 2171 2195 per-

598 2238 753 2294 petuo
802 2224 1169 2287 corrodentes,
1209 2222 1425 2292 jamque
1468 2236 1601 2290 pene
1644 2236 1759 2275 eam
1809 2227 2167 2286 amputantes.

600 2324 769 2385 Atque
814 2316 1056 2383 insuper,
1107 2314 1363 2381 c0nject!S
1395 2314 1445 2365 in
1489 2312 1649 2366 imam
1682 2312 1926 2366 scrobem
1974 2308 2166 2372 oculis,

602 2406 924 2463 horrendum
956 2407 1242 2459 draconem
1289 2402 1570 2471 conspicit,
1615 2411 1830 2471 aspectu
1858 2402 1974 2471 ipso
1996 2401 2170 2471 ignem

601 2501 911 2570 spirantem,
942 2512 1003 2551 ac
1032 2497 1195 2550 torvis
1242 2494 1410 2549 oculis
1459 2495 1634 2563 ipsum
1667 2495 1983 2558 intuentem,
2043 2492 2172 2546 hor-
2199 2513 2219 2530 ~~

603 2592 870 2660 rcndeque
901 2592 997 2659 ipsi
1049 2586 1353 2642 devorando
1389 2586 1704 2640 inhiantem.
1750 2586 1828 2641 Ac
1868 2600 2078 2640 rursum
2118 2583 2172 2637 in

603 2688 768 2755 gradu
798 2685 907 2749 illo,
941 2685 1025 2738 cui
1080 2682 1241 2751 pedes
1277 2682 1446 2751 ipsius
1474 2682 1853 2744 innitebantur,
1897 2681 2173 2736 oculorum

604 2781 717 2831 acie
746 2779 940 2842 dvlixa,
970 2786 1196 2845 quatuor
1224 2774 1466 2844 aspidum
1494 2777 1664 2843 capita
1696 2775 1857 2839 videt,
1894 2789 1923 2829 e
1952 2775 2173 2843 pariete,

606 2872 656 2925 in
684 2886 787 2936 quo
814 2869 1157 2933 consistebat,
1196 2868 1570 2935 prominentia.
1604 2868 1825 2923 Sursum
1854 2877 2027 2921 autem
2050 2880 2179 2920 ocu-

608 2966 686 3015 los
714 2971 1035 3014 couvcrtens
1054 2999 1069 3023 ,
1097 2958 1339 3012 nonnihil
1369 2958 1541 3013 mellis
1575 2975 1639 3013 ex
1682 2959 1888 3013 arboris
1921 2958 2065 3011 illius
2092 2971 2178 3011 ra—

612 3053 713 3105 mis
744 3052 950 3105 stillans
994 3049 1259 3118 perSpicit.
1288 3050 1545 3117 Quocirca
1589 3049 1946 3103 calamitatum
1992 3062 2177 3102 earum

618 3146 810 3210 quibus
864 3144 1093 3213 undique
1138 3143 1481 3197 obsidebatur
1525 3152 1580 3197 et
1628 3145 1930 3212 urgebatur,
1982 3143 2179 3197 omissa

612 3236 1060 3302 consideratione,
1097 3235 1344 3288 nimirum
1375 3250 1602 3304 quonam
1636 3245 1789 3303 pacto
1817 3245 2036 3288 externe
2068 3234 2180 3303 qui-

612 3329 730 3382 dem
766 3328 1037 3381 unicornis
1064 3326 1375 3381 vehementi
1407 3329 1585 3381 lurore
1616 3328 1851 3392 percitus
1874 3341 1992 3379 eum
2017 3324 2181 3379 devo-

612 3432 730 3472 rare
779 3424 1059 3485 quaereret,
1111 3416 1177 3469 ab
1230 3415 1481 3471 inferiore
1529 3427 1705 3471 autem
1764 3426 1913 3485 parte
1958 3418 2185 3471 acerbus

613 3511 772 3562 draco
805 3522 923 3560 eum
955 3506 1217 3574 deglutire
1266 3506 1612 3561 vehementer
1638 3518 1934 3575 expeteret,
1976 3523 2038 3561 ac
2070 3524 2185 3560 rur-

613 3613 703 3652 sus
752 3598 910 3652 arbor
939 3612 1001 3652 ea
1044 3614 1201 3664 quam
1252 3598 1551 3667 arripuerat
1592 3598 1701 3667 jam
1739 3599 1953 3668 jamque
2001 3613 2188 3664 ampu-

620 3690 775 3743 tanda
805 3697 968 3753 esset,
1020 3689 1181 3755 pedes
1211 3689 1443 3758 denique
1489 3689 1654 3756 ipsius
1684 3690 1890 3743 lubrico
1920 3698 1975 3742 et
2021 3688 2186 3741 inﬁdo

614 3778 796 3849 gradui
830 3778 1221 3842 inniterentur;
1256 3779 1464 3848 horum,
1494 3780 1997 3846 inquam,tantorum
2045 3779 2183 3846 peri-

620 3869 858 3921 culorum
905 3869 1123 3932 oblitns,
1180 3868 1231 3921 in
1275 3869 1449 3937 exigui
1502 3869 1640 3920 illius
1689 3868 1862 3921 mellis
1908 3868 2187 3922 dulcedine

621 3958 959 4027 percipienda
987 3958 1218 4026 seipsum
1247 3958 1549 4027 occupavit.

691 4128 814 4182 Hrec
855 4143 1039 4182 eorum
1083 4132 1171 4196 qui
1226 4133 1505 4197 praesentis
1538 4143 1660 4185 vane
1700 4132 1940 4187 ludibriis
1979 4135 2191 4191 intabe-

622 4229 775 4273 scunt
804 4220 970 4289 ﬁgura
1001 4231 1086 4274 est
1118 4239 1129 4271 :
1162 4221 1315 4291 cujus
1362 4222 1578 4291 quidem
1609 4223 2041 4290 explanationem
2072 4240 2193 4293 pro-

623 4319 762 4373 linus
793 4318 885 4371 tibi
929 4333 1218 4387 exponam.
1252 4318 1539 4374 Unicornis
1582 4320 1742 4387 igitur
1793 4321 1981 4373 mortis
2013 4332 2193 4389 typum

622 4411 775 4478 gerit,
804 4426 920 4478 qua:
949 4426 1159 4478 semper
1189 4411 1491 4465 mortalium
1518 4427 1687 4479 genus
1705 4414 2080 4483 persequitur,
2109 4422 2193 4463 at-

621 4515 725 4562 que
749 4500 983 4567 arripere
1010 4500 1301 4555 contendit.
1347 4502 1546 4555 Scrobs
1573 4511 1748 4553 autem
1799 4501 2029 4555 mundus
2073 4510 2187 4566 est,

621 4593 711 4659 qui
756 4591 931 4644 omnis
966 4593 1177 4659 generis
1209 4592 1363 4644 malis
1396 4606 1459 4645 ac
1489 4590 1777 4645 mortiferis
1827 4593 2031 4659 laqueis
2071 4605 2192 4645 sca-

623 4692 717 4736 tet.
748 4682 918 4736 Arbor
942 4696 1005 4734 ea
1032 4696 1187 4749 quam
1217 4681 1535 4749 compressis
1564 4682 1806 4735 manibus
1834 4690 2097 4745 tenemus,
2138 4690 2192 4733 ct

623 4790 741 4841 qua:
762 4788 789 4825 a
818 4772 1026 4826 duobus
1050 4772 1288 4826 muribus
1315 4770 1679 4827 indesinenter
1701 4772 1988 4835 arroditur,
2012 4772 2192 4841 cujus-

623 4880 727 4932 que
756 4865 986 4917 bominis
1013 4864 1134 4916 vitae
1163 4861 1482 4915 curriculum
1510 4874 1592 4916 est
1625 4881 1636 4916 :
1685 4863 1825 4931 quod
1856 4864 2066 4929 quidem
2099 4877 2191 4931 per

624 4956 729 5009 diei
778 4970 840 5008 ac
889 4954 1060 5006 noctis
1112 4952 1270 5006 horas
1309 4953 1606 5007 absumitur
1662 4964 1716 5007 et
1768 4956 2083 5017 conﬁcitur,
2132 4970 2196 5009 ac

629 5047 881 5115 paulatim
911 5045 975 5097 ad
998 5042 1323 5098 excisionem
1348 5044 1572 5099 accedit.
1604 5046 1842 5111 Quatuor
1861 5055 2039 5099 autem
2063 5049 2198 5113 aspi-

625 5139 744 5198 des,
784 5135 998 5189 humani
1027 5135 1269 5203 corporis
1313 5149 1471 5201 super
1500 5145 1728 5203 quatuor
1758 5135 1967 5189 lubrica
2010 5147 2065 5191 et
2107 5136 2198 5189 in-

627 5228 833 5281 stabilia
861 5228 1121 5281 elementa
1153 5226 1587 5280 constitutionem
1616 5226 1896 5295 designant
1925 5244 1938 5279 :
1969 5228 2196 5296 quicum

630 5317 977 5371 immoderate
1032 5332 1091 5371 se
1136 5318 1333 5371 habent
1391 5334 1452 5371 ac
1495 5318 1905 5386 perturbantur,
1958 5321 2199 5390 corporis

630 5422 912 5478 compages
942 5411 1269 5465 dissolvitur.
1312 5411 1392 5466 Ad
1424 5411 1540 5467 inec
1594 5412 1781 5482 igneus
1812 5414 1900 5468 ille
1936 5428 1998 5468 ac
2022 5426 2197 5468 trucu-

632 5499 806 5554 lentus
830 5503 1010 5567 draco,
1042 5503 1364 5558 horrendum
1394 5504 1584 5559 inferni
1610 5515 1850 5560 ventrem
1890 5506 2196 5571 adumbrat,

2228 4638 2272 4692 ι)

2276 2026 2445 2087 πόδας
2496 2024 2774 2097 στηρίξας,
2812 2024 2989 2091 ἔδοξεν
3035 2026 3093 2077 ὲν
3126 2025 3318 2095 εἰρήνῃ
3359 2020 3547 2075 λοιπὸν
3588 2014 3733 2072 εἶναι
3768 2018 3866 2071 καὶ

2277 2118 2568 2190 ἀσφαλείᾳ.
2610 2119 2821 2187 Βλέψας
2854 2118 2911 2170 δὲ
2942 2120 3044 2189 ὁρᾷ
3082 2116 3174 2169 δύο
3215 2114 3376 2186 μῦας,
3406 2113 3607 2166 λευκὸν
3644 2112 3747 2181 μὲν
3775 2110 3866 2161 τὸν

2277 2210 2396 2273 ἕνα,
2453 2210 2657 2279 μέλανα
2708 2211 2765 2264 δὲ
2807 2210 2899 2262 τὸν
2937 2208 3145 2278 ἓτερον,
3193 2206 3529 2266 διεσθίοντας
3556 2203 3862 2263 ἀπαύστως

2279 2297 2377 2369 τὴν
2408 2298 2563 2369 ῥίζαν
2587 2298 2682 2351 τοῦ
2726 2299 2894 2367 φυτοῦ
2920 2337 2934 2360 ,
2982 2290 3042 2350 οὗ
3067 2293 3135 2367 ἦν
3165 2294 3571 2365 ἐξηρτημένος,
3612 2295 3708 2344 καὶ
3736 2292 3858 2343 ὅσον

2280 2390 2433 2445 οῦπω
2483 2389 2804 2459 ὲγγίζοντας
2847 2388 3053 2459 ταύτην
3094 2388 3365 2457 ἐκτεμεῖν.
3404 2384 3773 2453 Κατανοήσας
3803 2380 3863 2433 ἃ

2280 2483 2372 2535 τὸν
2404 2482 2656 2551 πυθμένα
2698 2480 2792 2534 τοῦ
2828 2481 3045 2552 βόθρου,
3085 2479 3359 2549 δράκοντα
3393 2472 3502 2529 εἶδε
3536 2472 3777 2544 φοϐερὸν
3800 2474 3866 2541 τῇ

2284 2574 2401 2645 θέᾳ,
2441 2573 2553 2646 πῦρ
2603 2573 2835 2626 πνέοντα
2866 2573 2961 2624 xui.
3008 2570 3315 2641 δριμύτατα
3372 2566 3774 2638 βλοσυροῦντα,
3809 2563 3867 2613 τὺ

2286 2664 2459 2732 στόμα
2483 2680 2544 2714 τε
2579 2662 2768 2723 δεινῶς
2798 2660 3207 2732 περιχάσκοντα
3238 2659 3332 2711 xui.
3373 2657 3677 2711 καταπιεῖν
3709 2653 3866 2707 αὑτὸν

2284 2755 2657 2825 ἐπειγόμενον.
2704 2753 3015 2816 Ἀντενίσας
3044 2752 3101 2805 δὲ
3146 2751 3301 2814 αὖθις
3350 2753 3416 2820 τῇ
3448 2748 3611 2818 βάσει
3661 2745 3864 2816 ἐκείνῃ,

2285 2849 2370 2917 ἐφ’
2414 2842 2449 2918 ᾗ
2486 2847 2613 2909 τοὺς
2658 2846 2825 2909 πόδας
2871 2840 3019 2914 εἶχεν
3069 2842 3523 2914 ἐρηρεισμένους,
3584 2838 3867 2907 τέσσαρας

2234 2930 2238 2934 ’
2288 2936 2394 2993 εἶδε
2451 2938 2694 3008 κεφαλὰς
2744 2938 2988 2991 ἀσπίδων
3029 2936 3124 2989 τοῦ
3166 2936 3346 3006 τοίχου
3398 2930 3869 3004 προὸεὸληκυίας,

2290 3035 2374 3103 ἐφ’
2406 3027 2466 3087 οὗ
2497 3033 2885 3103 ὲπεστήρικτο.
2924 3026 3259 3096 Ἀναϐλέψας
3286 3025 3343 3078 δὲ
3368 3025 3493 3086 τοὺς
3523 3021 3867 3090 ὀφθαλμοὺς,

2289 3128 2391 3198 ὁρᾷ
2419 3128 2483 3179 ἐκ
2525 3126 2634 3179 τῶν
2662 3124 2873 3178 κλάδων
2919 3121 3014 3175 τοῦ
3048 3117 3217 3188 φυτοῦ
3252 3117 3461 3169 ἐκείνου
3496 3113 3700 3184 μικρὸν
3733 3113 3868 3164 ἀπο-

2295 3220 2489 3282 στάζον
2538 3218 2680 3288 μέλι.
2739 3216 2939 3278 Ἐάσας
2989 3212 3081 3266 οῦν
3127 3208 3525 3278 διασκέψασθαι
3578 3204 3714 3273 περὶ
3766 3200 3871 3252 τῶν

2291 3311 2664 3383 περιεχουσῶν
2697 3307 2847 3373 αύτῷ
2886 3304 3206 3376 συμφορῶν,
3262 3300 3417 3370 113
3465 3300 3616 3360 ὅπως
3671 3294 3871 3359 ἔξωθεν

2249 3429 2260 3441 ·
2294 3404 2393 3473 μὲν
2434 3404 2461 3454 6
2492 3401 2801 3471 μονόκερως
2850 3396 3036 3458 δεινῶς
3066 3394 3325 3464 ἐκμανεὶς
3353 3391 3507 3462 ζητεῖ
3540 3386 3736 3440 τοῦτον
3770 3402 3869 3438 καη

2289 3494 2579 3561 ταφαγεῖν,
2614 3489 2861 3543 κάτωθεν
2896 3489 2952 3541 δὲ
2985 3488 3013 3539 6
3051 3486 3249 3556 πικρὸς
3275 3484 3493 3555 δράκων
3536 3480 3737 3550 κέχηνε
3767 3495 3871 3529 και

2290 3586 2526 3647 ταπιεῐν,
2557 3582 2619 3634 τὸ
2642 3582 2699 3634 δὲ
2730 3578 2897 3649 φυτὸν
2920 3578 2950 3630 ὁ
2980 3574 3403 3646 περιεδέδρακτο
3429 3572 3559 3623 ὅσον
3598 3566 3747 3620 οὔπω
3770 3568 3871 3617 ὲκο

2293 3674 2592 3728 κόπτεσθαι
2629 3672 2823 3742 ἔμελλε
2844 3711 2858 3731 ,
2906 3667 3031 3730 τούς
3062 3683 3124 3718 τε
3157 3665 3325 3725 πόδας
3360 3661 3445 3714 ἐπ’
3478 3658 3745 3728 ὀλισθηρᾷ
3771 3655 3873 3708 καὶ

2292 3765 2508 3833 ἀπίστῳ
2541 3763 2696 3833 βάσει
2752 3761 3121 3829 ὲπεστήρικτο
3141 3773 3153 3785 ·
3199 3755 3311 3807 τῶν
3349 3751 3624 3805 τοσούτων
3654 3746 3748 3801 οῦν
3777 3746 3875 3798 καὶ

2291 3856 2548 3909 τοιούτων
2583 3854 2826 3924 φρικτῶν
2867 3851 3159 3921 θεαμάτων
3207 3846 3508 3914 ἀλογίστως
3540 3840 3872 3907 ὲπιλαθόμε·

2294 3965 2411 4012 νος,
2437 3948 2543 4016 ὅλῳ
2578 3944 2658 3999 νοῒ
2694 3945 2915 4016 μέλιτος
2943 3942 3152 3996 ἐκείνου
3181 3938 3274 3991 τοῦ
3317 3934 3515 4008 μικροῦ
3548 3931 3753 4003 γέγονε
3780 3932 3875 3998 τῆς

2294 4040 2557 4110 ἡδύτητος
2585 4037 2886 4107 ὲκκρεμής,

2364 4132 2515 4201 Λῦτη
2561 4133 2594 4201 ἡ
2646 4130 2905 4199 ὁμοίωσις
2957 4126 3066 4177 τῶν
3113 4126 3179 4193 τῇ
3237 4122 3423 4192 ἀπάτῃ
3462 4116 3559 4171 τοῦ
3608 4114 3875 4188 παρόντος

2296 4223 2749 4297 προστετηκότων
2793 4219 2931 4288 βίου,
2967 4214 3149 4289 ἧσπερ
3192 4213 3291 4285 τὴν
3328 4213 3633 4281 σαφήνειαν
3681 4206 3876 4259 αὐτίκα

2296 4320 2434 4385 λέξω
2470 4335 2573 4369 σοι.
2617 4317 2676 4367 '0
2706 4314 2803 4383 μὲν
2833 4310 3142 4381 μονόκερως
3169 4306 3340 4367 τύπος
3369 4304 3435 4357 ἂν
3466 4303 3553 4372 εἴη
3581 4299 3682 4353 τοῦ
3714 4299 3877 4352 θανά-

2298 4428 2411 4469 του,
2450 4409 2545 4461 τοῦ
2577 4404 2861 4467 διώκοντος
2895 4403 2984 4457 ἀεὶ
3025 4400 3119 4454 καὶ
3154 4393 3482 4452 καταλαϐεῖν
3512 4389 3878 4459 ἐπειγομένου

2298 4503 2360 4554 τὸ
2400 4500 2711 4568 ’Λδαμιαίον
2741 4497 2895 4564 γένος
2912 4510 2926 4524 ’
2956 4494 2984 4544 6
3008 4492 3065 4544 δὲ
3091 4490 3280 4560 βόθρος
3301 4487 3329 4540 6
3356 4485 3559 4553 κόσμος
3585 4480 3711 4534 ἐστὶ
3741 4478 3874 4547 πλή-

2304 4608 2404 4661 ρης
2455 4589 2715 4661 ὑπάρχων
2770 4582 3039 4637 παντοίων
3091 4577 3277 4633 κακῶν
3331 4576 3427 4628 xui.
3483 4568 3881 4639 θανατηφόρων

2300 4660 2544 4750 παγίδων
2572 4660 2585 4710 ἕ
2614 4678 2675 4730 τὸ
2719 4676 2884 4745 φυτὸν
2916 4675 2973 4727 δὲ
3012 4671 3073 4725 τὸ
3112 4669 3219 4724 ὑπὸ
3244 4669 3350 4722 τῶν
3384 4666 3477 4720 δύο
3508 4663 3662 4735 μυῶν
3698 4660 3880 4714 ἀπαύο

2299 4794 2441 4838 στως
2481 4772 2959 4842 συγκοπτὸμενον,
3003 4767 3031 4819 ὃ
3084 4763 3530 4835 περιεδέδρακτο,
3578 4759 3610 4810 ὁ
3661 4753 3879 4814 δίαυλος

2298 4868 2534 4936 ὑπάρχει
2565 4865 2662 4933 τῆς
2707 4864 2936 4915 ἑκάστου
2990 4857 3155 4925 ζωῆς,
3187 4857 3216 4908 6
3243 4850 3631 4919 δαπανώμενος
3664 4848 3761 4900 xui.
3787 4846 3881 4898 ἀν-

2298 4956 2658 5025 αλισκόμενος
2696 4952 2784 5004 διά
2815 4950 2924 5001 τῶν
2946 4947 3100 5019 ὼρῶν
3119 4945 3213 4997 τοῦ
3249 4940 3650 5014 ἡμερονυκτίου
3682 4937 3779 4991 xui.
3811 4937 3879 5003 τῇ

2302 5049 2511 5116 ἐκτομῇ
2546 5043 2690 5097 κατὰ
2730 5040 2925 5113 μικρὸν
2973 5034 3369 5111 προσεγγίζων·
3414 5034 3470 5086 αἱ
3507 5032 3562 5084 δὲ
3609 5030 3881 5097 τέσσαρες

2304 5138 2530 5199 ἀσπίδες
2576 5136 2675 5205 τὴν
2709 5134 2803 5186 ἐπὶ
2844 5130 3125 5199 τεσσάρων
3160 5125 3448 5196 σφαλερῶν
3492 5122 3588 5175 καὶ
3626 5121 3879 5175 ἀστάτων

2306 5229 2584 5300 στοιχείων
2616 5227 2875 5280 σύστασιν
2903 5222 2996 5275 τοῦ
3027 5218 3369 5291 ἀνθρωπείου
3405 5218 3661 5284 σώματος
3704 5212 3877 5266 civi:-

2303 5339 2509 5384 τονται,
2557 5314 2632 5373 ὧν
2666 5314 3044 5370 ἀτακτούντων
3084 5312 3179 5364 καὶ
3231 5305 3652 5378 ταραττομένων
3704 5304 3741 5373 ὴ
3784 5302 3879 5353 τοῦ

2308 5412 2559 5483 σώματος
2608 5408 2933 5464 καταλύεται
2979 5404 3254 5464 σύστασις.
3291 5400 3434 5469 Πρὸς
3470 5397 3683 5458 τούτοις
3729 5395 3824 5448 καὶ
3850 5396 3880 5446 6

2306 5504 2559 5573 πυρώδης
2594 5505 2798 5561 ἐκεῖνος
2829 5499 2921 5551 xui.
2965 5496 3179 5567 ἀπηνὴς
3220 5493 3435 5565 δράκων
3487 5490 3589 5560 τὴν
3636 5488 3879 5557 φοΰερὰν

713 5661 825 5733 (63)
856 5666 921 5728 Α,
948 5680 1013 5720 ex
1063 5664 1332 5719 additione
1358 5662 1657 5718 recentiore
1688 5663 1755 5733 ἐν,
1792 5662 1958 5731 αύτῷ.
1996 5661 2059 5725 C,
2095 5662 2178 5733 ἐπ’

2282 5658 2392 5733 ιιιιῷ.Δ
2436 5657 2587 5733 Saepe
2621 5656 2866 5733 confusa:
2900 5663 3028 5733 sunt
3077 5650 3177 5703 ill:e
3220 5643 3880 5733 praepositi‘onles;nl:£sias

640 5714 787 5798 an;
808 5714 939 5804 ’ρει-ἐ.
953 5714 1373 5802 summa:
1388 5714 1411 5786 ς
1428 5714 1558 5796 τάξ
1573 5714 1670 5804 ea
1800 5714 2031 5803 ίπσλιμφ
2045 5714 2178 5801 ’τύχε

2282 5714 2436 5804 ιοινάς
2477 5714 2728 5782 ἁπάντων
2774 5723 3075 5804 ἀνθρώπων
3108 5714 3439 5804 νομίζοντες..
3468 5716 3608 5804 βοάἶ
3635 5714 3802 5804 ξοὶῖ,
3825 5715 3883 5765 ἐν

642 5784 1096 5874 itii‘goifﬁuinﬁ'
1128 5784 2013 5872 diversitatem"'judicet'Lebaeus:
2046 5784 2159 5871 qui”
2176 5784 2238 5854 ad
2259 5784 2531 5874 edendam
2586 5813 2704 5853 eam
2744 5784 3067 5857 orationem,
3116 5784 3268 5845 libris
3314 5788 3516 5844 criticis
3556 5796 3614 5841 et
3642 5784 3881 5856 Lysiacae

645 5871 894 5933 dictionis
922 5876 1076 5947 plena
1108 5874 1410 5945 cognitione
1440 5871 1749 5937 instructus,
1784 5889 1923 5927 nunc
1952 5875 2127 5942 ipsum
2158 5871 2473 5938 accingitur.
