4070 6444
241 422 386 514 977"

1333 452 1509 513 VITA
1547 441 2038 510 BARLAAM‘ET
2075 447 2446 508 JOASAPH..

3401 439 3512 506 978

236 558 506 625 dmvlet
529 557 627 613 τοῦ
655 557 782 631 ᾅδου
812 559 1078 630 γαστέρα,
1100 557 1198 630 τὴν
1235 560 1657 630 μαιμάσσουσαν
1688 558 1824 610 ὑπο-

1955 559 2026 628 [ui
2050 573 2146 614 eos
2183 559 2462 629 suscipere
2505 557 2670 631 gestit
2721 555 2815 626 qui
2859 561 3154 622 praesentes
3202 551 3512 622 voluptates

236 650 509 717 δέξασθαι
550 651 678 714 τοὺς
709 651 778 704 τά
822 652 1070 723 παρόντα
1109 652 1320 722 τερπνὰ
1358 651 1470 703 τῶν
1522 648 1822 720 μελλόντων

238 743 476 813 ἀγαθῶν
504 744 920 814 προκρίναντας.
959 744 1018 797 '0
1052 744 1110 796 δὲ
1141 742 1236 796 τού
1267 742 1482 814 μέλιτος
1509 741 1825 811 σταλαγμὸς

240 837 354 906 τὴν
379 834 694 907 γλυκύτητα
717 836 976 906 ἐμφαίνει
1003 834 1112 888 τῶν
1136 835 1232 888 τοῦ
1272 834 1480 904 κόσμου
1521 834 1693 903 ἡδέων
1710 871 1725 895 ,
1756 831 1826 885 δι’

243 922 318 999 ἧς
361 927 564 990 ἐκεῖνος
599 925 827 980 ἀπατῶν
853 927 983 988 τοὺς
1027 925 1224 979 ἑαυτοῦ
1263 924 1471 994 φίλους,
1502 923 1602 976 ούκ
1631 923 1697 995 ἐᾷ
1727 921 1828 993 τῆς

249 1017 408 1086 σφῶν
445 1016 858 1088 προνοήσασθαι
893 1014 1193 1087 σωτηρίας.

319 1109 484 1162 ΚΕΦ.
521 1108 620 1162 Il".
670 1106 828 1178 114
865 1105 1082 1177 Ταύτην
1121 1106 1151 1160 ὁ
1193 1104 1430 1174 Ἰωάσαφ
1477 1103 1600 1158 λίαν
1636 1103 1834 1158 ἀποδε-

248 1198 489 1269 ξάμενος
515 1197 617 1270 τὴν
650 1195 968 1268 παραϐολὴν
990 1236 1008 1260 ,
1040 1196 1145 1266 ἔφη
1165 1211 1180 1225 ·
1223 1196 1314 1259 Ὣς
1356 1194 1566 1266 ἀληθὴς
1612 1195 1642 1248 ὁ
1673 1195 1834 1264 λόγος

245 1285 410 1354 οὗτος
436 1291 533 1344 καὶ
555 1289 697 1344 πάνυ
724 1287 1164 1360 ἀρμοδιώτατοςι
1195 1287 1288 1359 Μὴ
1318 1283 1414 1342 οὗν
1449 1288 1685 1358 ὀκνήσῃς
1717 1303 1836 1340 τοι-

247 1381 448 1444 ούτους
488 1379 576 1436 ἀεί
612 1397 703 1451 μοι
733 1380 942 1445 τύπους
967 1379 1366 1445 ὑποδεικνύειν,
1401 1379 1492 1433 ἵνα
1523 1378 1638 1446 γνῶ
1671 1378 1836 1449 ἀκρι-

249 1471 367 1536 ϐῶς
395 1472 576 1533 ὁποῖος
601 1469 838 1541 ὑπάρχει
859 1470 890 1522 ὁ
918 1469 1040 1523 καθ’
1067 1470 1218 1539 ἡμᾶς
1248 1467 1383 1538 βίος,
1413 1466 1511 1520 καὶ
1530 1465 1693 1518 τίνων
1719 1464 1834 1528 τοῖς

251 1561 454 1616 ἐαυτοῦ
483 1560 656 1630 φίλοις
682 1560 943 1634 πρόξενος
967 1560 1199 1630 γίνεται.

342 1655 403 1708 '0
425 1654 483 1708 δὲ
509 1655 689 1724 γέρων
721 1651 896 1708 εἶπεν·
924 1654 1145 1723 Ὅμοιοι
1167 1652 1325 1716 αὖθίς
1351 1653 1490 1708 εἰσιν
1510 1653 1558 1706 oi
1583 1651 1841 1724 ἐρασθέν-

251 1767 352 1814 τες
385 1748 498 1802 τῶν
536 1747 632 1801 τοῦ
668 1749 782 1820 βίου
823 1747 1072 1818 τερπνῶν
1117 1749 1213 1801 καὶ
1250 1749 1318 1817 τῇ
1361 1745 1553 1801 τούτου
1597 1746 1839 1816 γλυκαν-

1937 651 2133 707 futuris
2163 652 2318 707 bouis
2363 659 2720 720 anteponunt.
2749 649 2929 703 Mellis
2987 661 3117 702 vero
3155 645 3366 716 guttula
3395 645 3511 699 dis-

1936 743 2137 810 tillans,
2165 741 2758 810 mundijucunditatem
2781 751 2836 796 et
2858 739 3196 795 dulcedinem
3217 738 3510 808 signilicat,

1933 850 2032 905 per
2051 850 2211 905 quam
2239 834 2568 890 ille-amicos
2595 847 2727 888 suos
2759 831 3068 899 ludilicans,
3085 845 3181 885 eos
3208 829 3371 885 saluti
3400 843 3516 886 sua:

1933 930 2248 1000 prospicere
2280 927 2507 982 minime
2535 927 2687 982 sinit.

2004 1113 2134 1169 CAP.
2172 1112 2314 1168 XIII.
2345 1139 2418 1152 —
2454 1110 2607 1166 Hanc
2657 1110 2966 1180 parabolam
3013 1111 3274 1179 majorem
3313 1108 3369 1162 in
3399 1123 3517 1162 mo-

1935 1205 2063 1260 dum
2094 1205 2460 1276 comprobans
2487 1199 2772 1272 Josaphat,
2809 1201 2946 1256 dixit
2985 1216 2999 1254 :
3030 1199 3202 1268 Quam
3234 1215 3398 1256 verus
3426 1199 3518 1254 hic

1935 1310 2119 1351 sermo
2143 1304 2221 1352 est
2249 1334 2264 1360 ,
2295 1308 2359 1348 ac
2400 1292 2788 1348 concinnitatis
2816 1293 2996 1348 omnis
3037 1292 3275 1362 plenus!
3309 1290 3518 1358 Quam-

1935 1387 2124 1444 obrem
2154 1402 2222 1442 ne
2251 1395 2322 1452 te,
2347 1401 2550 1455 quaeso.
2575 1385 2885 1456 hujusmodi
2911 1385 3112 1456 liguras
3135 1385 3270 1440 mihi
3297 1385 3522 1442 assidue

1937 1482 2316 1537 demonstrare
2339 1482 2543 1551 pigeat,
2575 1496 2684 1551 quo
2704 1489 2857 1535 certo
2888 1479 3185 1551 intelligam
3211 1480 3390 1549 qualis
3421 1495 3520 1535 no-

1937 1583 2054 1631 stra
2082 1574 2190 1628 vita
2225 1575 2319 1639 sit,
2356 1584 2412 1629 et
2441 1589 2578 1645 quas
2619 1588 2709 1629 res
2739 1573 2934 1628 amicis
2962 1574 3076 1629 suis
3109 1583 3376 1629 accersat.

2014 1665 2160 1721 Dixit
2215 1678 2396 1722 autem
2460 1683 2627 1724 senex
2683 1686 2699 1725 :
2763 1668 2981 1724 Similes
3037 1683 3254 1724 rursum
3303 1677 3433 1722 sunt
3484 1667 3522 1720 ii

1935 1758 2028 1830 qui
2078 1759 2416 1830 voluptatum
2471 1762 2634 1830 hujus
2668 1761 2790 1816 vitae
2843 1774 3032 1843 amore
3078 1761 3256 1830 capti,
3301 1773 3524 1814 earum-

255 1838 449 1901 θέντες
482 1836 734 1908 ήδύτητι,
763 1837 873 1890 τῶν
914 1835 1216 1904 μελλόντων
1257 1853 1321 1888 τε
1355 1835 1451 1888 καὶ
1504 1834 1580 1906 μὴ
1619 1835 1843 1888 σαλευοο

1955 1866 2045 1921 ιυο
2071 1853 2337 1908 suavitate
2379 1854 2582 1910 deliniti
2607 1899 2621 1922 ,
2672 1869 2763 1911 res
2794 1834 2971 1910 ﬂuxas
3004 1862 3060 1910 et
3104 1853 3398 1910 imbecilles
3437 1853 3525 1908 Iu-

258 1930 444 1999 μένων
471 1929 541 1983 τά
593 1929 795 1998 ῥευστά
836 1929 931 1983 καὶ
975 1927 1180 1997 ἀσθενῆ
1231 1928 1696 1998 προτιμήσαντες,
1745 1927 1841 1980 ἀν-

1955 1948 2087 2001 ιιτίε
2139 1957 2304 2016 atque
2359 1963 2388 2001 a
2435 1945 2735 2014 iactatione
2787 1948 2982 2003 alienis
3033 1947 3370 2017 antiquiores
3431 1948 3527 2000 ha-

257 2021 468 2094 θρώπῳ
498 2023 605 2075 τινὶ
631 2023 780 2092 τρεῖς
814 2020 1074 2092 ἐσχηκότι
1107 2019 1292 2088 φίλους
1315 2060 1330 2084 ,
1360 2011 1436 2072 ὧν
1462 2020 1591 2082 τοὺς
1621 2017 1723 2088 μὲν
1751 2017 1846 2073 δύο

258 2113 587 2184 περιπαθῶς
629 2113 796 2181 ἐτίμα
817 2151 832 2177 ,
870 2111 965 2164 καὶ
999 2110 1246 2180 σφοδρῶς
1284 2109 1386 2179 τῆς
1411 2109 1594 2163 αὐτῶν
1623 2109 1846 2179 ἀγάπης

257 2207 577 2276 ἀντείχετο,
610 2205 774 2276 μέχρι
798 2203 1031 2257 Θανάτου
1062 2202 1204 2273 ὑπὲρ
1231 2201 1412 2255 αὐτῶν
1441 2199 1844 2272 ἀγωνιζόμενος

258 2300 360 2351 καὶ
397 2296 840 2368 προκινδυνεύειν
881 2295 1210 2367 αἱρούμενος
1230 2310 1246 2327 ο
1279 2295 1419 2367 πρὸς
1455 2295 1514 2348 δὲ
1542 2294 1634 2349 τὸν
1663 2295 1846 2366 τρίτον

263 2388 438 2460 πολλῇ
471 2389 699 2459 ἐφέρετο
725 2388 1156 2457 καταφρονήσει,
1186 2386 1324 2458 μήτε
1359 2387 1547 2456 τιμῆς,
1580 2387 1721 2459 μήτε
1745 2388 1846 2457 τῆς

263 2479 656 2553 προσηκούσης
699 2479 862 2534 αὑτὸν
900 2477 1122 2532 πώποτε
1153 2477 1395 2542 ἀξιώσας
1435 2479 1660 2550 ἀγάπης
1681 2519 1698 2544 ,
1729 2479 1846 2533 ἀλλ’

261 2575 297 2644 ἦ
345 2572 549 2644 μικράν
576 2589 700 2626 τινα
731 2575 826 2627 καὶ
857 2572 1156 2644 ούδαμινὴν
1192 2575 1272 2638 είς
1305 2574 1470 2629 αὑτὸν
1514 2575 1848 2646 προσποιούο

266 2681 432 2736 μενος
464 2663 668 2734 φιλίαν.
701 2665 1230 2736 Καταλαμϐάνουσιν
1265 2665 1358 2720 οὖν
1387 2668 1445 2720 ἐν
1484 2668 1583 2738 μιᾷ
1623 2667 1847 2738 φοϐεροί

263 2772 413 2817 τινες
441 2757 535 2809 καὶ
567 2755 790 2820 ἐξαίσιοι
827 2757 1188 2824 στρατιῶται,
1226 2743 1549 2821 σπεύδοντες
1584 2758 1848 2829 ταχύτητι

264 2847 441 2918 πολλῇ
479 2847 611 2919 πρὸς
643 2849 734 2901 τὸν
765 2847 990 2917 βασιλέα
1019 2847 1212 2902 τοῦτον
1241 2849 1490 2918 ἀγαγεῖν,
1530 2849 1688 2918 λόγον
1716 2852 1850 2904 ἁπο-

260 2937 509 2991 δώσοντα
537 2939 677 3008 ὑπὲρ
715 2939 939 3009 ὀφειλῆς
981 2940 1192 3011 μυρίων
1234 2940 1536 2996 ταλάντων.
1577 2942 1849 3012 Στενοχωο

265 3029 535 3102 ρούμενος
554 3029 630 3096 δὲ,
659 3031 868 3094 ἐκεῖνος
893 3031 1076 3101 ἐζήτει
1106 3029 1320 3102 βοηθὸν,
1348 3033 1440 3086 τὸν
1469 3031 1850 3087 συναντιλαϐέ-

265 3124 400 3178 σθαι
447 3123 596 3194 αύτῷ
642 3125 702 3178 ἐν
736 3122 817 3194 τῷ
867 3123 1082 3192 φρικτῷ
1119 3123 1213 3177 τοῦ
1250 3123 1514 3193 βασιλέως
1557 3123 1850 3194 λογυθεσίῳ

264 3217 590 3285 δυνάμενον.
623 3215 860 3286 Δραμὼν
886 3211 979 3269 οὖν
1015 3215 1150 3286 πρὸς
1183 3215 1274 3269 τὸν
1308 3216 1530 3285 πρῶτον
1560 3216 1725 3270 αὑτοῦ
1757 3217 1850 3270 καὶ

266 3311 491 3364 πάντων
518 3307 890 3382 γνησιώτατον
910 3285 1086 3378 φίλον,
1114 3307 1282 3376 λέγει’
1317 3304 1500 3372 Οἶδας,
1530 3301 1575 3361 ὧ
1602 3307 1744 3378 φίλε,
1776 3308 1852 3372 ὡς
1879 3285 1922 3342 C

269 3402 366 3456 ἀεὶ
397 3400 594 3471 ἐθέμην
636 3399 736 3472 τὴν
779 3401 958 3470 ψυχήν
1001 3417 1101 3469 μου
1154 3399 1294 3469 ὑπὲρ
1333 3399 1426 3452 σοῦ
1462 3400 1572 3470 (64)
1598 3416 1612 3430 ·
1644 3401 1764 3453 νυνὶ
1795 3399 1853 3452 δὲ

270 3493 464 3566 χρῄζω
490 3493 742 3566 βοηθείας
773 3494 832 3547 ἐν
860 3496 926 3563 τῇ
959 3492 1144 3564 ἡμέρᾳ
1171 3491 1344 3566 ταύτῃ
1381 3491 1483 3562 τῆς
1517 3491 1855 3563 κατεχούσης

269 3604 344 3658 με
373 3587 638 3657 ἀνάγκης.
672 3586 861 3640 Πόσων
891 3581 984 3640 οὖν
1023 3585 1339 3656 ἐπαγγέλλῃ
1375 3584 1856 3639 συναντιλαὸέσθαι

269 3694 368 3747 μοι
402 3676 560 3746 115
583 3677 714 3744 νῦν;
747 3677 841 3731 καὶ
869 3677 953 3741 τίς
973 3679 1006 3747 ἡ
1038 3677 1188 3747 παρὰ
1211 3675 1306 3731 σοῦ
1332 3676 1732 3747 προσγινομένη
1764 3692 1857 3746 μοι

265 3768 452 3832 ἐλπὶς,
483 3769 953 3838 προσφιλέστατε;
992 3768 1338 3840 Ἀποκριθεὶς
1368 3765 1463 3822 οὖν
1492 3769 1700 3830 ἐκεῖνος
1728 3767 1854 3836 ἔφη’

265 3859 393 3912 υύκ
419 3859 532 3930 εἰμί
561 3876 654 3912 σου
686 3859 860 3929 φίλος,
889 3860 1170 3930 ἄνθρωπε·
1205 3859 1305 3913 οὐκ
1340 3860 1643 3932 ἐπίσταμαι
1670 3859 1754 3923 τίς
1783 3856 1855 3917 εἷ.

270 3951 508 4013 ’Δλλους
541 3951 650 4022 γὰρ
673 3951 782 4022 ἔχω
807 3952 1147 4022 προσφιλεῖς,
1175 3950 1293 4022 μεθ’
1323 3946 1395 4007 ὧν
1418 3951 1498 4005 δεῖ
1525 3970 1593 4023 με
1620 3953 1860 4026 σήμερον

265 4041 686 4110 εὐφραίνεσθαι,
724 4041 819 4094 καὶ
867 4040 1057 4110 φίλους
1102 4041 1303 4104 αὐτοὺς
1351 4043 1432 4104 είς
1462 4042 1526 4094 τὸ
1565 4042 1691 4111 ἑξῆς
1726 4044 1859 4111 κτή-

267 4135 490 4188 σασθαι.
527 4133 760 4205 Παρέχω
788 4132 844 4186 δέ
889 4151 971 4186 σοι
1008 4133 1115 4188 ίδοὺ
1151 4133 1318 4204 ῥάκια
1345 4133 1462 4200 δύο,
1495 4135 1590 4188 τοῦ
1623 4134 1767 4204 ἔχειν
1799 4150 1859 4186 σε

265 4227 448 4280 ταῦτα
473 4228 534 4279 ἐν
562 4229 626 4296 τῇ
654 4225 760 4296 ὁδῷ
850 4225 1081 4299 πορεύῃ,
1115 4227 1276 4281 ἅτινα
1307 4226 1460 4280 οὐδέν
1489 4243 1549 4279 σε
1583 4227 1642 4280 τὸ
1679 4227 1861 4296 παρά-

268 4336 385 4373 παν
433 4318 801 4388 ὠφελήσουσι.
849 4319 963 4374 Καὶ
1019 4319 1292 4390 μηδεμίαν
1333 4319 1500 4390 ἄλλην
1552 4319 1682 4389 παρ’
1726 4317 1861 4388 ἐμοῦ

269 4413 663 4484 προσδοκήσῃς
711 4413 926 4467 ἐλπίδα.
971 4413 1191 4468 Τούτων
1225 4414 1465 4477 ἀκούσας
1516 4414 1722 4474 ἐκεῖνος
1768 4411 1864 4464 καὶ

274 4505 556 4572 ἀπογνοὺς
604 4505 674 4576 ἢν
725 4505 786 4571 ἐξ
832 4505 998 4560 αὑτοῦ
1046 4505 1300 4577 βοήθειαν
1342 4504 1560 4577 ⁴ἤλπιζε,
1599 4503 1733 4572 πρὸς
1771 4502 1863 4556 τὸν

273 4596 468 4665 ἕτερον
503 4597 796 4667 πορεύεται
850 4598 1026 4668 φίλον,
1082 4597 1178 4651 καί
1228 4614 1397 4669 φησι·
1447 4596 1765 4666 Μέμνησαι,
1817 4589 1862 4649 ὦ

269 4689 485 4760 ἑταῖρε,
511 4689 644 4762 ὅσης
671 4690 990 4762 ἀπήλαυσας
1017 4691 1147 4761 παρ’
1188 4691 1322 4760 ἐμοῦ
1345 4691 1512 4762 τιμῆς
1535 4691 1630 4743 καὶ
1655 4690 1859 4758 εύγνω-

275 4780 542 4852 μοσύνης·
589 4784 830 4854 σήμερον
870 4783 948 4848 δὲ,
996 4782 1174 4852 θλίψει
1225 4782 1541 4852 περιπεσὼν
1577 4784 1672 4835 καὶ
1717 4798 1859 4852 συμ-

270 4872 426 4944 φορᾷ
459 4873 722 4944 μεγίστη,
759 4873 947 4944 χρῄζω
990 4873 1277 4944 συνεργοῦ.
1318 4875 1492 4927 Πόσον
1529 4871 1622 4927 οὖν
1657 4873 1862 4943 ἰσχύεις

278 4982 377 5035 μοι
407 4968 808 5033 συγκοπιὰσαι;
843 4966 904 5030 ἐξ
931 4967 1102 5035 αὐτῆς
1129 4964 1398 5036 γνώρισόν
1428 4983 1541 5034 μοι.
1588 4965 1648 5020 ’0
1672 4966 1728 5018 δέ
1758 4982 1860 5035 φη-

277 5073 393 5110 σιν’
428 5058 502 5111 Οὐ
537 5057 784 5126 σχολάζω
814 5059 1055 5128 σήμερον
1082 5056 1556 5125 συναγωνίσασθαί
1596 5073 1680 5109 σοι
1701 5072 1714 5085 °
1762 5072 1861 5126 με-

277 5149 502 5220 ρίμναις
538 5149 649 5218 γὰρ
694 5149 852 5218 κάγὼ
886 5149 980 5201 καὶ
1020 5151 1376 5220 περιστάσεσι
1419 5146 1768 5217 περιπεσὼν,
1801 5149 1861 5200 ἐν

279 5239 463 5308 θλίψει
495 5240 630 5310 εἰμί.
664 5240 875 5311 Μικρὸν
905 5239 950 5293 δ’
979 5240 1129 5310 ὅμως
1157 5239 1460 5296 συνοδεύσω
1488 5256 1588 5304 σοι,
1621 5240 1725 5292 κᾶν
1757 5255 1862 5309 μη-

277 5333 374 5386 δὲν
403 5331 672 5404 ὠφελήσω
722 5349 801 5386 σε’
839 5332 932 5388 καὶ
959 5375 973 5398 ,
1008 5333 1203 5387 θᾶττον
1251 5331 1594 5403 ὑποστρέψας
1641 5333 1858 5394 οἶκαδε,

279 5428 406 5486 ταῖς
438 5424 594 5487 ἰδίαις
622 5425 817 5495 ἔσομαι
861 5426 1259 5496 ἀσχολούμενος
1298 5425 1612 5497 μερίμναις.
1661 5426 1863 5486 Κεναῖς

279 5509 378 5566 οὗν
423 5518 680 5568 κακεῖυεν
732 5517 1080 5585 ὑποστρέψας
1126 5517 1313 5588 χερσὶν
1366 5519 1394 5570 ὁ
1435 5517 1720 5588 ἄνθρωπος
1771 5518 1868 5570 κει)⁸

279 5602 552 5656 πάντοθεν
629 5605 1037 5676 ἀπορούμενος,
1117 5607 1433 5672 ἐταλάνιζεν
1496 5608 1688 5660 ἑαυτὸν
1765 5610 1867 5679 τῆς

284 5696 523 5765 ματαίας
560 5697 775 5760 ἐλπίδος
818 5697 926 5750 τῶν
969 5699 1302 5767 ἀγνωμόνων
1345 5699 1509 5754 αὑτοῦ
1547 5701 1736 5769 φίλων,
1770 5705 1866 5754 καὶ

1949 2038 2222 2102 buerunt,
2276 2037 2526 2104 homini,
2586 2038 2678 2108 qui
2734 2049 2846 2094 tres
2905 2037 3112 2094 amicos
3167 2037 3393 2102 habuit,
3455 2053 3524 2093 ex

1950 2128 2148 2197 quibus
2203 2129 2342 2184 duos
2396 2130 2616 2200 quidem
2663 2130 2872 2200 ingenti
2919 2131 3086 2185 animi
3137 2130 3334 2186 alfectu
3385 2131 3528 2186 cole-

1946 2224 2078 2290 bat,
2114 2238 2178 2279 ac
2221 2225 2574 2281 vehementer
2609 2226 2862 2291 amabat,
2901 2229 3036 2282 adeo
3079 2236 3137 2281 ut
3178 2227 3246 2282 ad
3297 2236 3526 2281 mortem

1949 2330 2123 2385 usque
2189 2331 2288 2385 pro
2357 2317 2489 2387 ipsis
2555 2318 2822 2373 dimicare
2890 2333 2953 2374 ac
3018 2319 3258 2388 pericula
3325 2321 3528 2388 quaevis

1949 2409 2103 2463 adire
2133 2409 2356 2465 minime
2395 2421 2710 2476 recusaret,
2749 2412 2970 2467 tertimu
3020 2421 3198 2466 autem
3237 2412 3526 2467 admodum

1950 2500 2384 2568 aspernabatur,
2435 2503 2505 2556 ita
2544 2512 2600 2556 ut
2651 2518 2751 2558 nec
2805 2504 3070 2558 honorem
3125 2519 3395 2572 unquam,
3430 2518 3532 2557 nec

1949 2605 2112 2660 quam
2148 2604 2246 2662 par
2297 2603 2417 2647 erat
2450 2593 2881 2648 benevolentiam
2923 2593 3024 2663 ipsi
3074 2601 3394 2664 przestaret,
3434 2595 3530 2650 sed

1957 2681 2202 2746 exiguam
2247 2680 2528 2748 quamdam
2559 2681 2841 2748 duntaxat,
2871 2697 3095 2750 eamque
3139 2683 3313 2736 liclam
3355 2697 3418 2734 ac
3459 2685 3530 2735 si-

1955 2772 2211 2826 mulatam
2241 2773 2527 2826 amicitiam
2559 2760 2857 2827 exhiberet.
2890 2773 3162 2828 Venerunt
3193 2787 3370 2826 autem
3392 2789 3526 2840 quo-

1955 2863 2077 2919 dam
2109 2863 2197 2918 die
2243 2864 2507 2919 immanes
2555 2874 2714 2933 atque
2743 2865 2992 2919 horrendi
3025 2865 3238 2928 milites,
3277 2863 3367 2933 qui
3407 2879 3528 2917 cum

1954 2972 2160 3011 summa
2187 2973 2308 3012 cum
2340 2957 2678 3013 l'esﬁnatione
2706 2957 2771 3011 ad
2803 2973 2979 3027 regem
3011 2959 3305 3021 traherent,
3348 2965 3406 3013 ut
3432 2956 3528 3012 de-

1956 3065 2072 3106 cem
2095 3052 2318 3106 millium
2344 3053 2686 3116 talentorum,
2714 3069 2833 3122 qua:
2855 3053 3101 3118 debebat.
3130 3052 3388 3110 rationem
3412 3055 3526 3109 red-

1955 3147 2127 3202 deret.
2160 3145 2252 3200 IIIe
2290 3144 2448 3214 igitur
2504 3147 2557 3199 in
2606 3159 2870 3200 summam
2921 3146 3219 3214 angustiam
3261 3145 3525 3210 redactus,

1955 3237 2190 3305 aliquem
2244 3237 2534 3306 quaerebat,
2576 3236 2667 3306 qui
2710 3237 2762 3290 in
2809 3235 3094 3290 metuenda
3125 3236 3214 3290 illa
3265 3237 3530 3291 rationum

1957 3329 2096 3397 apud
2125 3342 2304 3397 regem
2337 3327 2636 3382 redditione
2661 3341 2815 3395 opem
2847 3326 2944 3392 ipsi
2975 3325 3155 3382 ferret.
3187 3325 3419 3381 Currens
3440 3325 3530 3380 ita-

1958 3433 2064 3489 que
2106 3418 2174 3473 ad
2230 3417 2495 3487 primum,
2526 3417 2872 3487 omniumque
2897 3417 3121 3471 aliorum
3159 3415 3533 3471 charissimum

1958 3513 2208 3574 amicum,
2236 3510 2303 3564 ad
2350 3525 2472 3565 eum
2502 3511 2576 3564 ait
2613 3527 2626 3563 :
2660 3509 2772 3564 Non
2807 3519 2857 3564 te
2881 3510 3031 3579 fugit,
3063 3525 3095 3564 ο
3122 3511 3312 3574 amice,
3342 3523 3532 3576 quem-

1961 3601 2248 3656 admodum
2279 3609 2368 3655 tua
2397 3615 2556 3654 causa
2585 3602 2748 3655 vitam
2785 3614 2958 3653 meam
3004 3613 3216 3669 semper
3255 3599 3311 3653 in
3347 3597 3535 3654 discri-

1960 3707 2083 3747 men
2111 3692 2452 3756 adduxerim;
2485 3705 2628 3746 nunc
2659 3700 2834 3744 autem
2867 3690 3127 3744 hodierno
3162 3689 3268 3756 die,
3313 3701 3536 3758 urgente

1960 3787 2304 3848 necessitate,
2335 3799 2434 3853 ope
2464 3793 2550 3839 tua
2589 3795 2746 3853 atque
2795 3783 2994 3838 auxilio
3045 3784 3277 3856 indigeo.
3331 3784 3532 3852 Ecquid

1961 3893 2088 3949 ergo
2121 3887 2173 3932 te
2203 3877 2330 3930 mihi
2361 3876 2567 3932 auxilio
2594 3875 2712 3932 fore
2773 3876 3079 3943 polliceris?
3112 3888 3164 3930 et
3192 3891 3438 3944 quasnam
3481 3874 3533 3929 in

1963 3980 2036 4036 te,
2056 3970 2139 4023 vir
2167 3969 2504 4030 charissime.
2538 3981 2660 4036 spes
2680 3965 2813 4021 mihi
2836 3967 3122 4021 constituta
3155 3965 3535 4034 estllteSpon-

1962 4063 2099 4117 dens
2123 4072 2298 4116 autem
2325 4061 2433 4120 ille.
2457 4058 2531 4113 ait
2561 4077 2575 4113 :
2607 4059 2826 4113 Amicus
2849 4069 2970 4113 tuus
2998 4074 3104 4113 non
3133 4073 3274 4123 sum,
3297 4072 3332 4113 ο
3355 4059 3533 4119 homo,

1962 4170 2061 4209 nec
2096 4155 2184 4222 qui
2215 4154 2289 4207 sis
2321 4152 2466 4206 novi.
2498 4153 2636 4207 Sunt
2673 4153 2812 4207 enim
2845 4152 2977 4204 mihi
3008 4151 3096 4204 alii
3127 4151 3304 4214 amici,
3328 4150 3536 4220 quibus

1962 4241 2084 4300 cum
2118 4245 2277 4298 hodie
2303 4242 2560 4299 oblectari
2591 4257 2677 4297 me
2726 4250 2957 4313 oportet,
2985 4255 3226 4310 quosque
3256 4241 3308 4294 in
3358 4247 3508 4308 poste

1964 4349 2081 4390 rum
2112 4348 2208 4402 pro
2236 4334 2426 4387 amicis
2474 4331 2750 4386 habiturus
2793 4347 2935 4386 sum.
2977 4332 3152 4399 Quare
3199 4330 3304 4384 duo
3334 4338 3535 4384 tantum

1963 4427 2134 4481 cilicia
2162 4425 2255 4480 tibi
2285 4424 2519 4493 porrigo,
2553 4433 2610 4478 ut
2630 4439 2693 4478 ea
2734 4425 2785 4477 in
2837 4424 2924 4476 via
2969 4436 3070 4492 qua
3100 4423 3276 4491 pergis
3305 4421 3501 4476 habeas
3521 4463 3536 4485 .

1964 4534 2085 4588 qua:
2110 4519 2270 4572 etiam
2301 4517 2412 4585 ipsa
2452 4515 2582 4570 nihil
2613 4515 2710 4570 tibi
2737 4515 3082 4569 emolumenti
3111 4515 3336 4568 allatura
3381 4525 3535 4578 sunt;

1967 4625 2065 4665 nec
2102 4608 2349 4678 estquod
2439 4625 2468 4665 a
2543 4623 2630 4662 me
2713 4604 3003 4676 quidquam
3080 4615 3378 4675 exspectes.
3415 4607 3537 4661 "ch

1968 4701 2059 4756 ille
2081 4700 2323 4761 audiens,
2357 4714 2420 4753 ac
2446 4700 2514 4754 de
2541 4699 2764 4763 auxilio,
2798 4698 2938 4768 quod
2971 4697 3037 4752 ab
3078 4712 3142 4751 eo
3171 4699 3536 4769 exspectabat,

1967 4808 2118 4862 spem
2141 4807 2354 4846 omnem
2381 4791 2663 4858 ahjiciens,
2689 4791 2755 4844 ad
2779 4791 3072 4845 secundum
3096 4789 3320 4844 amicum
3343 4806 3400 4844 se
3420 4805 3536 4844 con-

1969 4881 2093 4946 I'ert,
2124 4882 2188 4935 ad
2218 4895 2446 4950 eumque
2489 4881 2602 4934 ait:
2637 4880 2959 4944 Recordare,
3005 4879 3194 4942 amice,
3232 4887 3484 4947 quantum
3512 4895 3539 4932 a

1971 4986 2059 5026 me
2085 4971 2305 5025 honoris
2327 4981 2382 5026 et
2417 4970 2797 5024 beneﬁciorum
2823 4969 3113 5038 acceperis.
3151 4968 3418 5022 Hodierno
3445 4966 3538 5022 au-

1965 5073 2073 5117 tem
2096 5064 2181 5117 die
2207 5065 2258 5116 in
2287 5064 2574 5116 maximam
2599 5062 2954 5115 calamitatem
2981 5069 3032 5114 et
3049 5059 3389 5113 alﬂictionem
3417 5074 3537 5126 pro-

1965 5156 2180 5222 lapsus,
2236 5153 2556 5221 opitulatore
2623 5152 2798 5220 aliquo
2839 5164 2973 5218 opus
3023 5150 3213 5204 habeo.
3269 5149 3532 5215 Quidnam

1964 5244 2122 5313 igitur
2149 5242 2440 5313 adjumenti
2471 5257 2611 5296 nunc
2638 5242 2767 5295 mihi
2795 5240 2989 5296 alferre
3009 5255 3190 5310 queas.
3234 5240 3317 5294 lac
3344 5240 3532 5295 sciam.

1962 5336 2056 5392 Ille
2077 5345 2250 5390 autem
2270 5334 2369 5388 ait:
2394 5333 2562 5388 Hodie
2582 5333 2711 5386 mibi
2732 5348 2825 5402 per
2847 5333 3056 5402 negotia
3072 5340 3243 5386 tecum
3260 5340 3529 5385 certamen

1964 5427 2144 5482 subire
2182 5427 2403 5481 minime
2435 5426 2578 5480 licet.
2631 5423 2785 5479 Curis
2816 5424 2960 5479 enim
2995 5432 3048 5478 et
3090 5423 3536 5478 sollicitudinibus

1973 5517 2205 5586 undique
2243 5531 2454 5584 urgeor,
2486 5524 2646 5584 atque
2697 5514 2750 5569 in
2790 5514 3083 5569 afﬂictione
3135 5528 3274 5568 sum.
3310 5514 3531 5569 Paulum

1976 5617 2151 5662 tamen
2181 5615 2354 5662 tecum
2392 5618 2630 5676 pergam,
2669 5603 2912 5673 quamvis
2938 5604 3067 5658 nihil
3109 5603 3229 5660 hinc
3265 5603 3531 5660 commodi

361 5876 471 5943 (64)
504 5873 655 5930 Jnatt.
699 5893 812 5942 xm,
856 5876 961 5930 37:
999 5879 1107 5947 Τὴν
1136 5877 1313 5950 ψυχήν
1353 5895 1450 5950 μου
1488 5878 1626 5949 ὑπὲρ
1661 5877 1752 5930 σοῦ
1785 5876 1954 5948 θήσω.
