4042 6432
552 425 658 489 979
690 426 695 441 '

2010 425 2363 486 ADDEND.\
2376 475 2388 487 .
3719 438 3755 499 9
3768 442 3824 501 δέ)

544 554 613 601 ait
635 560 684 602 te
704 546 989 602 rediturum
1025 547 1123 613 sit,
1154 562 1217 603 ac
1243 555 1360 616 pist
1379 550 1557 603 Statim
1588 549 1797 604 domum
1822 558 2093 614 reversus,

2228 533 2339 585 τῶν
2366 535 2643 600 ἀνονήτων
2666 535 2779 604 (65)
2808 536 3198 608 ταλαιπωριῶν
3218 532 3293 593 ὧν
3317 538 3460 609 ὺπέρ
3478 538 3579 609 τῆς
3602 541 3829 599 ἐκείνων

544 639 773 707 negotiis
798 639 929 693 meis
949 653 1161 708 operam
1185 639 1342 693 dabo.

615 729 860 786 lnanibus
890 732 1053 801 igitur
1078 732 1317 787 manibus
1348 732 1506 786 homo
1553 734 1675 787 inde
1722 748 1989 796 reversus,
2015 741 2100 785 at-

542 837 646 889 que
668 826 811 875 omni
839 837 904 877 ex
934 832 1082 891 parte
1121 824 1324 878 auxilio
1364 824 1668 889 destitutus,
1700 826 1768 880 de
1808 841 1939 878 vana
1987 840 2102 894 spe,

466 901 491 908 ”
544 927 701 980 quam
731 913 781 965 in
816 913 1031 978 perfidis
1060 923 1114 967 et
1139 914 1357 983 ingratis
1376 914 1561 969 amicis
1585 916 1696 969 suis
1723 915 2026 979 collocarat,
2054 924 2105 968 et

544 1002 612 1056 de
643 1002 912 1057 inutilibus
943 1004 1213 1059 laboribus
1232 1044 1247 1071 ,
1274 1020 1420 1074 quos.
1436 1021 1532 1075 pro
1560 1020 1658 1059 suo
1684 1021 1808 1075 erga
1838 1021 1930 1058 eos
1960 1020 2106 1058 amt;-

544 1106 604 1147 re
650 1102 999 1162 susceperat,
1037 1095 1269 1164 seipsum
1321 1095 1652 1165 deplorabat.
1696 1095 1874 1162 Pergit
1926 1101 2104 1148 autem

542 1199 702 1254 etiam
741 1200 805 1251 ad
843 1199 1050 1251 tertium
1091 1203 1338 1259 amicum,
1378 1214 1534 1264 quem
1578 1213 1672 1251 nec
1707 1199 1818 1251 ullo
1861 1210 2085 1263 unquam

543 1290 661 1343 loco
679 1290 954 1351 habuerat,
978 1304 1074 1342 nec
1096 1289 1288 1341 latitia:
1312 1302 1423 1341 suae
1444 1288 1640 1339 socium
1678 1287 1957 1339 asciverat.
1999 1290 2091 1338 Δια

540 1391 645 1444 qtre
665 1377 728 1429 ad
750 1393 866 1430 eum
891 1378 1193 1444 pudibundo
1214 1386 1267 1429 et
1290 1376 1341 1429 in
1365 1384 1558 1429 ter-ram
1589 1376 1795 1442 dejecto
1816 1376 1964 1428 vultu
2006 1376 2086 1427 his

539 1465 714 1518 verbis
735 1480 855 1518 usus
877 1478 950 1518 est
978 1483 992 1520 :
1022 1466 1117 1519 Vix
1145 1465 1272 1519 mibi
1304 1465 1369 1518 ad
1408 1476 1461 1518 te
1498 1465 1743 1532 loquendi
1785 1465 2085 1517 facultatem

541 1568 602 1607 os
620 1554 878 1610 concedit.
903 1556 1107 1608 Etenim
1132 1555 1255 1609 illud
1281 1555 1767 1621 perspectissimum
1790 1554 1980 1615 habeo,
2007 1570 2090 1607 me

541 1661 807 1714 nunquam
832 1646 921 1699 tibi
950 1647 1173 1714 benigne
1199 1646 1406 1709 fecisse,
1431 1661 1527 1699 nec
1548 1649 1718 1700 amico
1739 1661 1863 1715 erga
1902 1657 1954 1700 te
1978 1647 2090 1699 ani-

541 1750 630 1789 mo
653 1734 831 1789 fuisse.
855 1737 1134 1800 ueterum,
1158 1736 1401 1802 quoniam
1441 1737 1751 1804 gravissima
1792 1736 2092 1789 calamitate

541 1838 821 1892 Oppressus
842 1823 892 1876 in
915 1824 1124 1891 reliquis
1145 1825 1276 1877 meis
1296 1825 1478 1878 amicis
1500 1825 1694 1878 nullam
1718 1825 1905 1878 salutis
1938 1840 2090 1892 spem

2223 626 2449 695 ἀγάπης
2481 628 2716 697 ὑπέστη.

2298 718 2461 789 116
2499 720 2825 791 Ἀπέρχεται
2865 721 3055 775 λοιπὸν
3104 724 3242 793 πρὸς
3286 725 3377 777 τὸν
3426 725 3620 797 τρίτον
3673 726 3828 795 φίλον

2224 809 2413 876 αὑτοῦ,
2443 810 2503 863 ὃν
2532 812 2791 866 οὐδέποτε
2824 814 3227 885 ἐθεράπευσεν,
3272 816 3394 870 οὐδὲ
3426 819 3694 873 κοινωνὸν
3727 822 3829 891 τῆς

2223 901 2418 954 ἑαυτοῦ
2468 904 2811 975 εὐφροσύνης
2844 908 3290 977 προσεκαλέσατο
3314 926 3328 939 ·
3365 910 3461 962 καί
3501 929 3640 981 φησι
3691 916 3829 984 πρὸς

2222 992 2385 1045 αὐτὸν
2424 997 2863 1067 κατῃσχυμμένῳ
2905 1015 2965 1051 τε
2993 1000 3087 1052 καὶ
3134 1001 3471 1071 κατηφιῶντι
3524 1003 3608 1074 τῷ
3654 1024 3831 1077 προσ-

2222 1086 2379 1157 ώπῳ⁶
2435 1088 2551 1141 Οὐκ
2605 1087 2714 1159 ἔχω
2781 1092 2958 1163 στόμα
2999 1092 3184 1165 διᾶραι
3235 1096 3369 1165 πρὸς
3407 1097 3501 1158 σὲ,
3538 1097 3830 1165 γινώσκων

2223 1180 2469 1252 ἀκριϐῶς
2500 1182 2582 1234 ὅτι
2607 1182 2669 1234 οὐ
2708 1184 2986 1254 μέμνησαί
3025 1203 3129 1255 μου
3164 1186 3384 1241 πώποτε
3418 1189 3826 1261 εὐεργετήσειν-

2222 1273 2316 1337 τός
2337 1290 2421 1339 σε,
2446 1273 2479 1345 ἢ
2509 1276 2827 1346 προσφιλῶς
2846 1277 3187 1344 διατεθέντος
3213 1298 3317 1335 σοι.
3361 1283 3503 1335 Ἀλλ’
3528 1284 3655 1336 ἐπεὶ
3687 1302 3827 1355 συμ-

2227 1366 2369 1437 φορά
2420 1384 2487 1437 με
2522 1366 2793 1421 κατέλαϐε
2841 1372 3205 1444 χαλεπωτάτη
3228 1413 3242 1437 ,
3278 1374 3586 1445 οὐδαμόθεν
3614 1376 3673 1429 δὲ
3717 1377 3830 1429 τῶν

2224 1458 2430 1511 λοιπῶν
2463 1476 2567 1529 μου
2596 1460 2766 1528 φίλων
2788 1455 2947 1531 εὗρον
2976 1465 3248 1533 σωτηρίας
3280 1465 3492 1530 ἐλπίδα,
3521 1469 3828 1536 παρεγενό-

2230 1567 2338 1619 μην
2380 1551 2518 1621 πρὸς
2561 1552 2642 1616 σὲ,
2679 1552 2983 1619 δυσωπῶν,
3034 1558 3082 1609 εἰ
3113 1556 3229 1609 ἔστι
3265 1574 3346 1610 σοι
3385 1559 3579 1628 ἰσχὺς,
3621 1563 3827 1632 μικράν

2223 1659 2344 1696 τινα
2379 1642 2632 1716 βοήθειαν
2675 1651 2977 1718 παρασχεῖν
3008 1666 3118 1718 μοι.
3152 1651 3241 1719 Μὴ
3273 1645 3366 1703 οὖν
3398 1652 3822 1723 ἀπαγορεύσῃ,

2228 1738 2464 1806 μηνίσας
2502 1738 2614 1810 (66)
2664 1757 2767 1810 μου
2800 1741 2909 1811 τῆς
2956 1743 3371 1813 ἀγνωμοσύνης.
3435 1743 3498 1799 '0
3547 1746 3609 1798 δέ
3660 1765 3825 1817 φησιν

2227 1828 2398 1899 ἱλαρῷ
2439 1831 2535 1883 καὶ
2580 1832 2825 1903 χαρίεντι
2873 1832 3186 1905 προσώπῳο
3227 1837 3337 1890 Ναὶ
3380 1838 3445 1908 δὴ
3483 1839 3645 1905 φίλον
3693 1842 3826 1909 ἐμὸν

542 1916 737 1979 inveni,
759 1914 821 1967 ad
847 1923 895 1967 te
917 1915 1131 1977 accedo,
1154 1923 1306 1981 teque
1329 1929 1456 1982 rogo
1492 1922 1651 1982 atque
1687 1915 1925 1978 obsecro,
1951 1923 2010 1967 ut
2047 1914 2093 1967 si

2227 1900 2874 1994 γνησιώτατονὸμολογῶ
2906 1900 2967 1977 σε
2991 1900 3282 1998 ὑπάρχειψ
3318 1900 3445 1993 καὶ,
3471 1900 3578 1999 τῆς
3617 1900 3822 2002 μικρίς

540 2005 777 2069 exiguam
800 2004 1024 2071 aliquam
1046 2017 1198 2070 opem
1221 2003 1346 2055 milii
1388 2002 1575 2057 afferre
1595 2018 1779 2071 queas,
1806 2017 1871 2056 nc
1914 2003 1987 2069 id,
2012 2003 2092 2056 in-

540 2091 866 2159 gratitudinis
899 2106 1030 2145 mea:
1070 2105 1290 2155 memor,
1315 2091 1484 2145 facere
1524 2105 1758 2144 recuses.
1786 2091 1880 2144 Ille
1914 2101 2090 2144 autem

542 2184 691 2239 hilari
714 2194 765 2237 et
783 2197 991 2241 ammno
1008 2183 1154 2237 vultu
1186 2183 1293 2235 ait:
1320 2182 1458 2236 Sane
1496 2180 1910 2234 sincerissimum
1954 2181 2091 2233 ami—

539 2286 659 2327 Cnm
682 2287 851 2324 meum
877 2281 930 2327 te
951 2286 1070 2325 esse
1094 2272 1360 2337 profiteor,
1383 2280 1538 2339 atque
1560 2285 1763 2337 exrguac
1804 2269 1947 2323 illius
1989 2282 2091 2323 tuae

538 2377 662 2431 erga
685 2376 767 2414 mc
793 2362 1148 2419 beneficentia.-
1173 2374 1393 2424 memor,
1414 2375 1528 2417 eam
1570 2360 1662 2414 tibi
1705 2360 1963 2414 hodierno
2008 2359 2094 2414 die

540 2468 659 2508 cum
685 2451 866 2506 fenore
888 2453 1191 2517 rependam.
1214 2452 1471 2517 Quocirca
1507 2466 1572 2504 ne
1595 2460 1798 2505 metuas
1835 2464 1898 2503 ac
1935 2451 2094 2517 perti-

541 2556 768 2601 mescas.
791 2541 917 2595 Nam
938 2555 1035 2609 ego
1052 2550 1173 2594 ante
1193 2550 1242 2594 te
1265 2540 1582 2607 proficiscar,
1597 2554 1879 2611 regemque
1900 2547 1989 2593 tuo
2005 2554 2096 2592 no-

542 2631 685 2684 mine
707 2628 1016 2691 obsecrabo,
1042 2644 1105 2682 ne
1127 2638 1177 2681 te
1197 2629 1424 2682 hostium
1454 2630 1695 2683 manibus
1716 2629 1894 2682 dedat.
1920 2628 2094 2694 Quare

542 2720 625 2777 fac
651 2721 789 2781 bono
823 2720 998 2774 animo
1018 2720 1112 2781 sis,
1138 2720 1217 2773 vir
1259 2720 1598 2781 amicissime.
1643 2735 1739 2775 nec
1779 2733 1828 2773 te
1869 2735 2094 2774 itimrore

541 2811 834 2865 excrucies.
859 2809 990 2863 Tum
1015 2809 1103 2863 ille
1125 2812 1529 2878 compunctione
1568 2810 1807 2876 affectus,
1827 2821 1877 2864 et
1920 2811 2092 2879 lacry-

541 2899 643 2957 mis
684 2898 1176 2968 perfusus,dicebat
1218 2916 1231 2951 :
1277 2899 1387 2955 Heu
1428 2914 1512 2954 me
1552 2899 2092 2968 miserum,quidnam

541 2987 685 3057 prius
705 2987 907 3042 deﬂebo
932 3002 993 3041 ac
1014 2987 1382 3042 lamentabor?
1407 2988 1676 3047 Vanamne
1697 3005 1866 3046 meam
1909 2991 1959 3043 in
1998 2989 2095 3042 im-

2224 2012 2440 2083 ὲκείνης
2469 2016 2819 2086 μεμνημένος
2850 2034 2942 2070 σου
2970 2019 3244 2084 εὐποιίας,
3272 2021 3371 2074 σὺν
3399 2024 3546 2093 τόκῳ
3577 2026 3825 2095 σήμερον

2224 2105 2490 2160 ἀποδώσω
2529 2124 2633 2161 σοι.
2670 2109 2762 2181 Μὴ
2800 2110 2968 2179 φοϐοῦ
3006 2112 3213 2177 τοίνυν,
3266 2114 3400 2184 μηδὲ
3444 2114 3656 2167 δέδιθι·
3715 2116 3824 2183 ἐγώ

2225 2215 2318 2251 σου
2350 2198 2460 2271 γὰρ
2505 2202 2996 2274 προπορεύσομαι,
3030 2205 3142 2273 ἐγὼ
3172 2206 3396 2279 δυσωπὴ
3412 2225 3490 2261 σω
3536 2208 3687 2278 ὑπὲρ
3728 2210 3817 2263 τοῦ

2222 2292 2313 2345 τὸν
2339 2291 2589 2363 βασιλέα,
2612 2295 2710 2347 καὶ
2736 2298 2797 2349 οὐ
2829 2297 2906 2368 μὴ
2932 2299 3163 2368 παραδῶ
3191 2318 3251 2353 σε
3277 2302 3359 2363 είς
3389 2306 3588 2373 χεῖρας
3611 2303 3814 2374 ἐχθρῶν

2224 2401 2340 2439 σου.
2364 2385 2568 2457 Θάρσει
2592 2382 2707 2452 οὗν,
2738 2390 3200 2459 προσφιλέστατε,
3228 2393 3322 2445 καὶ⁸
3351 2395 3426 2463 μὴ
3452 2394 3657 2449 λυποῦ.
3683 2397 3816 2449 Τότε

2224 2480 2551 2548 κατανυγεὶς
2597 2481 2804 2545 ἐκεῖνος
2842 2481 2998 2551 ἔλεγε
3032 2485 3171 2555 μετὰ
3200 2486 3487 2557 δακρύων
3536 2489 3732 2560 Οῖμοιε
3768 2489 3820 2542 τί

2222 2570 2443 2641 πρῶτον
2487 2570 2785 2641 θρηνήσω,
2819 2573 2916 2627 καὶ
2960 2573 3016 2626 τί
3064 2575 3373 2647 κλαύσομαι
3419 2580 3685 2650 πρῶτον;
3722 2580 3818 2648 τῆς

2226 2666 2463 2737 ματαίας
2518 2684 2619 2738 μου
2668 2668 3097 2741 καταγνώσομαι
3135 2675 3521 2744 προσπαθείας
3561 2678 3648 2739 είς
3692 2677 3819 2739 τοὺς

2222 2759 2547 2829 ἀμνήμονας
2573 2760 2670 2813 καὶ
2697 2761 3032 2832 ἀχαρίστους
3059 2766 3155 2818 καὶ
3184 2766 3401 2835 ψευδεῖς
3440 2770 3639 2837 φίλους
3670 2768 3818 2821 ἐκεί-

2221 2867 2344 2913 νους
2369 2866 2383 2915 ;
2413 2849 2447 2919 ἢ
2500 2849 2601 2921 τὴν
2643 2852 2989 2925 φρενοϐλαϐἦ
3027 2856 3303 2911 ταλανίσω
3356 2860 3515 2929 117
3554 2860 3816 2930 ἀγνωμο-

2222 2945 2411 3015 σύνην,
2442 2945 2621 3016 ἥνπερ
2648 2945 2726 3017 τῷ
2751 2946 2947 3018 άληθεῖ
2970 2948 3151 3021 τούτῳ
3177 2952 3275 3004 καὶ
3303 2952 3511 3023 γνησίῳ
3541 2952 3816 3019 ὲνεδειξάυ

2223 3053 2329 3105 μην
2352 3035 2525 3108 sum;

536 3117 810 3159 memores
849 3115 903 3158 et
935 3106 1176 3176 ingratos
1206 3108 1370 3164 falsos
1412 3110 1532 3167 illos
1576 3113 1783 3168 amicos
1817 3113 2244 3168 benevolentiam
2292 3106 2709 3167 condemnabo?
2745 3128 2814 3168 an
2850 3114 3034 3184 potius
3082 3114 3328 3170 insanam
3376 3133 3495 3171 eam
3525 3119 3821 3188 ingratius.

538 3198 745 3265 dinem,
773 3212 880 3270 qua
913 3200 966 3256 in
996 3203 1141 3257 hunc
1172 3219 1359 3260 verum
1386 3215 1440 3261 et
1466 3206 1740 3260 sincerum
1767 3207 1999 3261 amicum
2032 3222 2163 3263 usus
2193 3224 2339 3272 sum,
2374 3206 2731 3264 insectabor?

612 3293 865 3362 Josapltat
883 3306 1057 3348 autem
1080 3300 1218 3349 hunc
1237 3310 1531 3352 sermonem
1574 3315 1677 3351 non
1719 3297 1833 3351 sine
1870 3300 2099 3353 admira-
2132 3299 2179 3358 C

542 3384 685 3436 tione
706 3380 1019 3452 suscipiens,
1040 3384 1156 3453 ejus
1178 3387 1582 3453 explicationem
1603 3387 1927 3456 requirebat.
1954 3389 2098 3443 Dixit

543 3472 717 3538 itaque
738 3473 973 3528 Barlaam
1003 3491 1016 3525 :
1042 3474 1247 3528 Primus
1268 3477 1489 3540 amicus,
1509 3491 1668 3546 opum
1703 3481 1853 3545 conia
1892 3488 1998 3545 est,
2045 3491 2099 3535 et

542 3562 843 3616 divitiarum
865 3577 1036 3627 amor,
1058 3564 1128 3618 ob
1148 3580 1303 3632 quem
1330 3564 1486 3622 homo
1510 3567 1561 3620 in
1590 3577 1840 3623 sexcenta
1865 3573 2097 3639 pericula

541 3652 745 3715 incidit,
768 3667 829 3705 ac
850 3652 1040 3707 multas
1061 3669 1322 3709 aerumnas
1362 3656 1575 3724 perfert.
1617 3658 1745 3711 Cum
1784 3669 1958 3715 autem
1998 3676 2095 3715 ex-

542 3753 739 3794 tremus
762 3742 1011 3797 vitae'dies
1030 3744 1239 3799 clausus
1261 3754 1363 3806 est.
1385 3761 1447 3799 ex
1473 3746 1577 3800 illis
1599 3748 1843 3804 onmibus
1882 3750 2091 3819 opibus,

541 3842 734 3907 praeter
755 3832 967 3888 inutiles
986 3836 1239 3903 quosdam
1264 3851 1487 3903 pannos,
1509 3838 1601 3906 qui
1637 3839 1703 3891 ad
1747 3841 1905 3895 funus
1943 3841 2096 3895 adbi-

540 3922 755 3987 bentur,
779 3922 908 3975 nihil
930 3924 1149 3976 omnino
1170 3940 1352 3978 secum
1374 3927 1585 3993 accipit.
1610 3926 1882 3982 Secundus
1920 3938 2095 3985 autem

540 4012 764 4076 amicus,
790 4026 923 4067 uxor
945 4027 1007 4067 ac
1028 4012 1177 4067 liberi
1199 4026 1353 4079 sunt,
1379 4018 1662 4085 czeterique
1680 4019 1886 4086 cognati
1926 4029 1980 4074 et
2021 4021 2097 4074 fa-

541 4088 773 4157 miliares
792 4144 807 4168 ,
830 4118 1051 4171 quorum
1078 4103 1354 4169 aﬂectione
1374 4122 1436 4161 ac
1472 4107 1835 4163 benevolentia
1876 4113 2099 4167 constri-

539 4195 612 4253 cti
633 4206 893 4263 tenemur,
915 4208 969 4250 ut
990 4197 1057 4252 ab
1100 4197 1181 4255 bis
1220 4199 1397 4253 divelli
1440 4201 1524 4254 vix
1565 4217 1840 4271 queamus,
1881 4218 1944 4256 ac
1990 4218 2098 4270 pm

538 4298 722 4341 eorum
745 4298 927 4338 amore
950 4300 1143 4353 corpus
1163 4289 1319 4344 etiam
1359 4298 1414 4343 et
1451 4290 1683 4345 animam
1725 4302 1958 4346 nostram
1999 4310 2091 4346 ne-

538 4374 819 4443 gligemus.
852 4376 925 4429 Ex
948 4376 1078 4444 ipsis
1100 4394 1258 4445 porro
1282 4396 1437 4440 nemo
1459 4381 1510 4435 in
1542 4383 1727 4437 mortis
1749 4384 1875 4437 liora
1901 4385 2097 4438 utilita-

538 4464 605 4515 tis
646 4464 843 4530 aliquid
880 4465 1124 4534 percipit,
1153 4469 1250 4521 nisi
1300 4470 1441 4537 quod
1480 4470 1547 4524 ad
1587 4473 1888 4539 sepulcrum
1934 4488 2098 4540 usque

541 4555 798 4615 duntaxat
839 4555 1067 4609 cadaver
1108 4559 1444 4624 comitantur,
1504 4577 1567 4617 ac
1606 4563 1844 4635 protinus
1883 4564 2095 4618 domum

543 4644 794 4705 reversis,
823 4643 933 4704 suis
961 4644 1103 4703 curis
1124 4661 1186 4701 ac
1210 4648 1434 4717 negotiis
1474 4666 1692 4716 operam
1719 4654 1866 4718 dant,
1896 4670 2097 4709 memo-

537 4734 673 4794 riam
699 4733 833 4801 ejus,
860 4734 947 4802 qui
975 4737 1236 4802 quondam
1269 4740 1394 4806 ipsis
1420 4740 1612 4793 cbarns
1634 4753 1768 4807 erat,
1793 4760 1897 4797 non
1920 4743 2095 4800 minus

536 4823 788 4876 ublivioni
815 4866 831 4891 ,
886 4840 1043 4893 quam
1089 4842 1278 4897 corpus
1323 4833 1565 4898 sepulcro
1610 4834 1982 4899 relinquentes.
2028 4836 2097 4894 At

537 4929 667 4967 vero
695 4916 882 4969 tertius
910 4919 1138 4984 amicus,
1169 4920 1256 4987 qui
1289 4925 1611 4991 contemptui
1638 4939 1699 4978 ac
1727 4925 1935 4980 fastidio
1958 4936 2091 4991 erat,

534 5005 788 5072 cujusque
816 5004 1015 5060 aditum
1042 5008 1320 5063 horremus
1344 5022 1398 5065 et
1426 5026 1751 5079 aversamur,
1775 5016 2091 5082 Optimorum

535 5106 756 5160 alterum
767 5094 959 5149 chorus
970 5105 1069 5163 est,
1088 5096 1187 5152 hoc
1196 5108 1296 5161 est,
1311 5100 1459 5166 fides,
1475 5116 1616 5171 spes,
1633 5102 1883 5170 cbaritas,
1899 5108 2102 5161 miseri—

538 5183 716 5236 cordia
736 5222 752 5248 ,
800 5183 1117 5253 benignitas,
1145 5189 1486 5258 reliquusque
1513 5193 1758 5247 virtutum
1783 5204 1982 5248 cretus:
2007 5198 2094 5264 qui

535 5273 746 5341 quidem
780 5284 903 5331 ante
939 5291 1058 5345 nos,
1085 5291 1203 5332 cum
1240 5294 1271 5333 e
1307 5294 1530 5350 corpore
1567 5282 1892 5350 excedimus,
1928 5287 2091 5353 proli-

847 5439 1112 5523 (Ξινοῄτωνιτ
1150 5442 1289 5523 μιᾳ.
1319 5443 1410 5506 22,
1443 5444 1513 5523 4,.
1534 5444 1643 5523 ΐιιὶι-
1684 5448 2096 5523 ρτίιιεωάνοητοι

2234 5450 2315 5523 A;
2366 5454 2481 5514 scd,
2513 5452 2714 5523 inserto
2748 5453 2918 5508 altero
2966 5470 3056 5523 ny,

532 5502 797 5569 atljecliva
831 5502 1052 5563 confusa
1088 5502 1265 5566 fuisse
1306 5502 1515 5567 ostettdi
1556 5529 1594 5570 ι.
1630 5502 1760 5583 Ι.ἰ›.
1798 5519 1921 5573 451.
1964 5502 2095 5573 Vide

532 5572 757 5610 ηοξιηηφη
791 5578 1015 5610 Πῖκον..
1044 5580 1285 5610 ΩηΑ-ιμ.-
1330 5585 1465 5610 ...-).-
1491 5586 1629 5610 0-3-.
1661 5588 1698 5610 b-
1733 5589 1942 5610 ___-J:!,
1971 5609 1978 5610 ,
2002 5608 2013 5610 _
2052 5593 2096 5610 νε

2221 5502 2481 5610 ista;
2510 5502 3056 5610 ίηέέλξςῖιξῖξιεά’
3093 5502 3200 5610 ei}.

2289 3296 2347 3349 ὐ
2379 3296 2435 3349 δὲ
2474 3299 2747 3367 Ἰωάσαφ,
2789 3300 2883 3353 καὶ
2927 3299 3119 3353 τοῦτον
3144 3300 3299 3372 ’μετὰ
3338 3300 3619 3371 θαύματος
3654 3301 3811 3366 δεξά⁹

2217 3403 2376 3452 μενος
2408 3387 2501 3441 τὸν
2545 3388 2726 3456 λόγον,
2761 3388 2860 3458 τὴν
2910 3391 3213 3461 σαφήνειαν
3243 3391 3450 3463 ἐζήτει.
3483 3392 3598 3446 Καί
3639 3411 3810 3464 φησιν

2214 3477 2242 3528 ὁ
2269 3476 2558 3547 Βαρλαάμ·
2611 3477 2670 3531 '0
2703 3477 2924 3547 πρῶτος
2957 3479 3114 3548 φίλος
3151 3481 3217 3534 ἂν
3242 3482 3326 3552 εἴη
3373 3484 3407 3554 ή
3439 3482 3537 3535 τοῦ
3573 3483 3807 3536 πλούτου

2216 3569 2504 3640 περιουσία
2537 3571 2632 3624 καὶ
2676 3571 2705 3623 6
2754 3571 2856 3641 τῆς
2914 3572 3362 3645 φιλοχρηματίας
3415 3575 3561 3648 ἔρως
3585 3618 3598 3638 ,
3632 3578 3717 3644 ἐφ’
3754 3570 3803 3644 ᾧ

2218 3668 2477 3741 μυρίοιςὸ
2494 3669 2784 3739 ἄνθρωπος
2808 3670 3137 3742 περιπίπτει
3159 3669 3450 3735 κινδύνοις,
3481 3670 3580 3721 καὶ
3604 3669 3805 3731 πολλὰς

2216 3761 2477 3829 ὑπομένει
2515 3761 2896 3833 ταλαιπωρίας
2921 3779 2937 3793 °
2974 3761 3242 3832 ἐλθούσης
3269 3762 3327 3816 δὲ
3358 3763 3462 3833 τῆς
3489 3763 3811 3825 τελευταίας

2212 3853 2309 3906 τοῦ
2343 3854 2577 3909 θανάτου
2608 3855 2978 3926 προθεσμίας,
3008 3855 3166 3909 οὐδὲν
3198 3856 3264 3908 ἐκ
3292 3854 3521 3908 πάντων
3556 3855 3808 3917 ἐκείνων,

2214 3945 2373 4016 εἰμὴ
2419 3946 2490 3998 τά
2542 3946 2681 4017 πρὸς
2727 3947 2952 4017 κηδείαν
2996 3946 3238 4017 ἀνόνητα
3285 3946 3477 4017 ῥάκια,
3512 3945 3809 4016 λαμϐάνει.

2215 4033 2479 4106 Δεύτερος
2508 4035 2565 4089 δὲ
2597 4035 2752 4105 φίλος
2783 4035 3047 4105 κέκληται
3088 4036 3227 4105 γυνή
3259 4052 3321 4087 τε
3351 4038 3451 4089 καὶ
3474 4035 3647 4088 τέκνα
3673 4077 3691 4099 ,
3718 4038 3814 4089 καὶ

2213 4129 2265 4181 οἱ
2288 4128 2469 4180 λοιποὶ
2490 4130 2780 4195 συγγενεῖς
2807 4145 2867 4180 τε
2893 4128 2988 4182 καὶ
3015 4129 3231 4193 οἰκεῖοι,
3262 4120 3339 4181 ὧν
3367 4131 3433 4199 τῇ
3458 4128 3815 4200 προσαιτιιθείςι⁵

2215 4218 2612 4289 κεκολλημένοι
2640 4219 3079 4283 δυσαποπάστως
3115 4220 3317 4291 ἔχομεν
3335 4263 3351 4286 ,
3380 4220 3553 4289 αὐτῆς
3576 4222 3680 4290 τῆς
3711 4220 3815 4289 ψυ-

2214 4311 2318 4381 χῆς
2354 4312 2450 4364 καὶ
2487 4309 2584 4364 τοῦ
2615 4309 2869 4381 σώματος
2905 4312 3094 4368 ἕνεκεν
3126 4312 3228 4382 τῆς
3270 4311 3453 4364 αὐτῶν
3493 4310 3816 4382 ὑπερορῶν-

2213 4421 2304 4466 τες
2339 4406 2581 4475 ἀγάπης
2630 4404 2892 4475 οὐδεμιᾶς
2942 4403 3001 4456 δέ
3051 4420 3135 4466 τις
3192 4402 3255 4469 ἐξ
3313 4404 3497 4458 αὐτῶν
3548 4404 3813 4456 ἀπώνατο

2214 4494 2483 4562 ὠφελείας
2515 4497 2581 4565 τῇ
2613 4494 2734 4566 ὥρᾳ
2764 4494 2863 4549 τοῦ
2898 4494 3130 4549 θανάτου
3152 4513 3166 4527 ο
3204 4495 3322 4549 ἀλλ’
3359 4495 3392 4566 ἦ
3428 4496 3593 4566 μόνον
3644 4496 3809 4566 μέχρι

2212 4586 2308 4639 τοῦ
2338 4588 2622 4657 μνήματος
2648 4586 3026 4641 συνοδεύουσιν
3054 4587 3206 4658 αὐτῷ
3243 4589 3653 4659 παρεπόμενοι,
3688 4586 3807 4655 εἶτ’,

2142 4654 2187 4710 D
2215 4654 2379 4740 εὐθυς
2405 4654 2943 4747 ἐπαναστραφέντες,
2967 4676 3075 4732 τῶν
3103 4654 3252 4732 ἰδίων
3279 4654 3496 4749 ἕέονται
3519 4682 3810 4750 μεριμνῶν

2214 4771 2309 4823 καὶ
2339 4771 2742 4841 περιστάσεων,
2770 4771 2873 4823 οὐκ
2909 4770 3133 4824 ἔλαττον
3165 4771 3305 4843 λήθῃ
3340 4771 3439 4843 τὴν
3477 4774 3728 4844 μνήμην,
3773 4774 3805 4844 ἦ

2214 4861 2276 4915 τὸ
2306 4862 2467 4932 σῶμα
2495 4862 2592 4915 τοῦ
2623 4878 2754 4915 ποτε
2784 4862 3119 4933 προσφιλοῦς
3148 4863 3491 4933 καλύψαντες
3522 4866 3701 4935 τάφῳ.
3747 4866 3807 4919 '0

2214 4956 2261 5008 δ’
2286 4955 2356 5008 αὖ
2391 4954 2573 5024 τρίτος
2611 4955 2766 5025 φίλος
2806 4958 2836 5008 6
2870 4957 3299 5026 παρεωραμένος
3334 4957 3432 5010 καὶ⁵
3462 4959 3747 5027 φορτικὸς,
3780 4963 3810 5012 ὀ

2219 5046 2293 5114 μὴ
2329 5045 2621 5114 προσιτὸς,
2672 5044 2812 5097 ἀλλὰ
2844 5046 3080 5114 φευκτὸς
3115 5048 3211 5101 καὶ
3244 5043 3359 5102 οἷον
3407 5048 3806 5119 ἀποτρόπαιος,

2217 5136 2245 5184 ὁ
2271 5136 2381 5188 τῶν
2407 5135 2650 5207 ἀρίστων
2674 5135 2853 5207 ἔργων
2876 5138 3038 5207 χορὸς
3062 5138 3421 5209 καθέστηκεν,
3453 5136 3567 5193 οἷον
3593 5142 3803 5208 πίστις,

2218 5226 2394 5290 ἐλπὶς,
2432 5229 2643 5298 ἀγάπη,
2677 5228 3042 5298 ἐλεημοσύνη,
3072 5231 3478 5304 φιλανθρωπία,
3516 5235 3614 5286 καὶ
3640 5237 3671 5287 6
3696 5234 3803 5287 λοι-

2214 5317 2314 5380 πὸς
2342 5318 2451 5369 τῶν
2476 5318 2688 5387 ἀρετῶν
2717 5319 2904 5388 ὅμιλος
2925 5362 2940 5384 ,
2968 5322 2996 5374 ὁ
3028 5321 3329 5391 δυνάμενος
3360 5326 3808 5397 προπορεύεσθαι

3100 5466 3182 5529 est
3223 5474 3363 5511 nunc
3398 5460 3679 5529 ἀνόνητος.
3717 5460 3805 5514 Illa

3252 5546 3319 5580 πε
3331 5531 3504 5600 ρισσάν
3531 5531 3807 5600 κάνόνητα

791 5578 1015 5665 Iulii-new
1042 5580 1299 5665 βαρείαις
1329 5585 1630 5665 προςνθεῶν
1656 5572 2015 5665 δυσπραξίαις
2052 5589 2286 5665 ’ξΕφασχ’
2309 5593 2338 5642 ὁ
2361 5572 2755 5665 μάντιςηόστίς
2785 5594 3076 5662 ἀνθρώπου
3104 5572 3275 5665 ⁶φύσιν

535 5648 1078 5745 μὴ.κατἈᾷνθρέι›πον
1110 5648 1317 5737 φρονεῖ.
1354 5648 1442 5736 lbi.
1469 5656 1638 5745 fert'ue
1683 5648 2011 5745 pt'wt'ulerini
2046 5662 2096 5715 ἀι

2298 5648 2516 5741 priipler
2536 5648 2760 5745 ultima,-
2808 5648 3033 5745 μὴ’,καί
3063 5648 3593 5745 ἇνῖθρωπον
3615 5648 3807 5738 ﬁdique

533 5716 714 5793 statim
745 5718 874 5785 {ian
898 5716 1073 5782 ίᾶνους
1100 5716 1385 5793 κάίφρόνως
1420 5725 1579 5793 ἁμειιζ

1461 5729 1795 5812 μειψάμενος
1831 5731 2096 5801 εὑρίσκετε

2221 5732 2317 5812 Sec
2340 5729 3084 5812 satis-connubii}:Vdvévqto;
3114 5729 3246 5805 Aiax
3282 5729 3576 5805 diceretur,
3613 5729 3808 5808 qui-de

534 5785 884 5882 Urgei‘spl'ant
913 5794 1129 5882 egregie
1157 5785 1332 5882 fuerat
1365 5785 1611 5882 inperitus.
1636 5785 1807 5852 .(lonl'.
1830 5785 1961 5882 et'v.
1994 5804 2094 5859 l25

2223 5803 2271 5858 bi
2305 5804 2349 5855 οἱ
2379 5803 2672 5874 ε’)ρύνωτοι
2707 5804 2883 5872 φῶτες
2913 5785 3045 5861 υιόί
3080 5785 3404 5880 φρονοῦντες
3432 5785 3805 5882 opponantur.

604 5856 716 5928 (δῦ)
744 5860 937 5919 Glossa
951 5856 1024 5919 'iu
1049 5856 1097 5917 Ἀ
1124 5882 1135 5917 :
1178 5864 1501 5935 ὐργισθε“ις,
1540 5872 1975 5937 μνησικακήσας.
