  <div class='ocr_page' id='page_1' title='image "/cluster/home/n/w/nwhite01/storage/ocr_20150623/96/hvd.32044019208065/496.png"; bbox 0 0 4042 6428; ppageno 0'>
   <div class='ocr_carea' id='block_1_1' title="bbox 265 442 380 507">
    <p class='ocr_par' dir='ltr' id='par_1_1' title="bbox 265 442 380 507">
     <span class='ocr_line' id='line_1_1' title="bbox 265 442 380 507; baseline 0.026 -4"><span class='ocrx_word' id='word_1_1' title='bbox 265 442 380 507; x_wconf 82' lang='grc'><strong>981</strong></span> 
     </span>
    </p>
   </div>
   <div class='ocr_carea' id='block_1_2' title="bbox 1374 431 2468 508">
    <p class='ocr_par' dir='ltr' id='par_1_2' title="bbox 1374 431 2468 508">
     <span class='ocr_line' id='line_1_2' title="bbox 1374 431 2468 508; baseline -0.015 0"><span class='ocrx_word' id='word_1_2' title='bbox 1374 446 1551 508; x_wconf 83' lang='grc' dir='ltr'><strong>νΙΤΑ</strong></span> <span class='ocrx_word' id='word_1_3' title='bbox 1588 437 1948 505; x_wconf 76' lang='lat' dir='ltr'><strong>BARLAAM</strong></span> <span class='ocrx_word' id='word_1_4' title='bbox 1983 437 2079 498; x_wconf 86' lang='lat' dir='ltr'><strong>ET</strong></span> <span class='ocrx_word' id='word_1_5' title='bbox 2114 431 2468 497; x_wconf 68' lang='lat' dir='ltr'><strong>JOASAPH.</strong></span> 
     </span>
    </p>
   </div>
   <div class='ocr_carea' id='block_1_3' title="bbox 3404 427 3510 490">
    <p class='ocr_par' dir='ltr' id='par_1_3' title="bbox 3404 427 3510 490">
     <span class='ocr_line' id='line_1_3' title="bbox 3404 427 3510 490; baseline 0 -1"><span class='ocrx_word' id='word_1_6' title='bbox 3404 427 3510 490; x_wconf 75' lang='lat'><strong>982</strong></span> 
     </span>
    </p>
   </div>
   <div class='ocr_carea' id='block_1_4' title="bbox 270 552 1876 632">
    <p class='ocr_par' dir='ltr' id='par_1_4' title="bbox 270 555 1860 632">
     <span class='ocr_line' id='line_1_4' title="bbox 270 555 1860 632; baseline -0.004 -19"><span class='ocrx_word' id='word_1_7' title='bbox 270 561 308 630; x_wconf 83' lang='grc' dir='ltr'>ἠ</span> <span class='ocrx_word' id='word_1_8' title='bbox 319 558 441 630; x_wconf 85' lang='grc' dir='ltr'>μῶν</span> <span class='ocrx_word' id='word_1_9' title='bbox 463 559 837 632; x_wconf 80' lang='grc' dir='ltr'><strong>ἐξερχομένων</strong></span> <span class='ocrx_word' id='word_1_10' title='bbox 865 558 961 612; x_wconf 89' lang='grc' dir='ltr'><strong>τοῦ</strong></span> <span class='ocrx_word' id='word_1_11' title='bbox 985 559 1260 630; x_wconf 84' lang='grc' dir='ltr'>σώματος,</span> <span class='ocrx_word' id='word_1_12' title='bbox 1289 558 1432 631; x_wconf 74' lang='grc' dir='ltr'>ὑπὲρ</span> <span class='ocrx_word' id='word_1_13' title='bbox 1461 557 1621 630; x_wconf 79' lang='grc' dir='ltr'>ἡμῶν</span> <span class='ocrx_word' id='word_1_14' title='bbox 1650 573 1712 610; x_wconf 89' lang='grc' dir='ltr'><strong>τε</strong></span> <span class='ocrx_word' id='word_1_15' title='bbox 1733 555 1860 610; x_wconf 79' lang='grc' dir='ltr'>δυσ-</span> 
     </span>
    </p>
   </div>
   <div class='ocr_carea' id='block_1_5' title="bbox 1986 552 3521 632">
    <p class='ocr_par' dir='ltr' id='par_1_5' title="bbox 1986 552 3521 621">
     <span class='ocr_line' id='line_1_5' title="bbox 1986 552 3521 621; baseline -0.001 -15"><span class='ocrx_word' id='word_1_16' title='bbox 1986 553 2129 616; x_wconf 89' lang='lat' dir='ltr'><strong>:isci,</strong></span> <span class='ocrx_word' id='word_1_17' title='bbox 2187 567 2248 606; x_wconf 86' lang='lat' dir='ltr'><strong>ac</strong></span> <span class='ocrx_word' id='word_1_18' title='bbox 2303 561 2478 606; x_wconf 89' lang='lat' dir='ltr'><strong>nostra</strong></span> <span class='ocrx_word' id='word_1_19' title='bbox 2531 567 2687 606; x_wconf 89' lang='lat' dir='ltr'><strong>causa</strong></span> <span class='ocrx_word' id='word_1_20' title='bbox 2738 552 2900 608; x_wconf 86' lang='lat' dir='ltr'><strong>Deum</strong></span> <span class='ocrx_word' id='word_1_21' title='bbox 2941 552 3179 621; x_wconf 86' lang='lat' dir='ltr'><strong>precibus</strong></span> <span class='ocrx_word' id='word_1_22' title='bbox 3215 552 3521 616; x_wconf 74' lang='lat' dir='ltr'><strong>inﬂectere,</strong></span> 
     </span>
    </p>
   </div>
   <div class='ocr_carea' id='block_1_6' title="bbox 270 645 1865 724">
    <p class='ocr_par' dir='ltr' id='par_1_6' title="bbox 270 645 1865 724">
     <span class='ocr_line' id='line_1_6' title="bbox 270 645 1865 724; baseline -0.004 -20"><span class='ocrx_word' id='word_1_23' title='bbox 270 653 502 722; x_wconf 85' lang='grc' dir='ltr'>ωπῆσαι</span> <span class='ocrx_word' id='word_1_24' title='bbox 536 651 627 707; x_wconf 74' lang='grc' dir='ltr'>τὸν</span> <span class='ocrx_word' id='word_1_25' title='bbox 658 652 897 724; x_wconf 77' lang='grc' dir='ltr'><strong>Κύριον,</strong></span> <span class='ocrx_word' id='word_1_26' title='bbox 934 653 1030 706; x_wconf 74' lang='grc' dir='ltr'>καὶ</span> <span class='ocrx_word' id='word_1_27' title='bbox 1059 651 1168 706; x_wconf 85' lang='grc' dir='ltr'><strong>τῶν</strong></span> <span class='ocrx_word' id='word_1_28' title='bbox 1202 651 1414 723; x_wconf 83' lang='grc' dir='ltr'>ἐχθρῶν</span> <span class='ocrx_word' id='word_1_29' title='bbox 1457 651 1604 722; x_wconf 75' lang='grc' dir='ltr'>ἡμᾶς</span> <span class='ocrx_word' id='word_1_30' title='bbox 1638 645 1865 718; x_wconf 85' lang='grc' dir='ltr'>λυτρού-</span> 
     </span>
    </p>
   </div>
   <div class='ocr_carea' id='block_1_7' title="bbox 276 739 1868 816">
    <p class='ocr_par' dir='ltr' id='par_1_7' title="bbox 276 739 1868 816">
     <span class='ocr_line' id='line_1_7' title="bbox 276 739 1868 816; baseline -0.004 -19"><span class='ocrx_word' id='word_1_31' title='bbox 276 761 448 814; x_wconf 85' lang='grc' dir='ltr'>μενος</span> <span class='ocrx_word' id='word_1_32' title='bbox 486 745 583 798; x_wconf 75' lang='grc' dir='ltr'><strong>καὶ</strong></span> <span class='ocrx_word' id='word_1_33' title='bbox 619 744 808 798; x_wconf 80' lang='grc' dir='ltr'>δεινῶν</span> <span class='ocrx_word' id='word_1_34' title='bbox 853 744 1188 816; x_wconf 85' lang='grc' dir='ltr'>φορολόγων,</span> <span class='ocrx_word' id='word_1_35' title='bbox 1236 742 1342 797; x_wconf 86' lang='grc' dir='ltr'>τῶν</span> <span class='ocrx_word' id='word_1_36' title='bbox 1386 742 1695 811; x_wconf 80' lang='grc' dir='ltr'>λογοθὲσιον</span> <span class='ocrx_word' id='word_1_37' title='bbox 1735 739 1868 810; x_wconf 83' lang='grc' dir='ltr'>ἡμῖν</span> 
     </span>
    </p>
   </div>
   <div class='ocr_carea' id='block_1_8' title="bbox 271 833 1866 908">
    <p class='ocr_par' dir='ltr' id='par_1_8' title="bbox 271 833 1866 908">
     <span class='ocr_line' id='line_1_8' title="bbox 271 833 1866 908; baseline -0.003 -20"><span class='ocrx_word' id='word_1_38' title='bbox 271 838 484 907; x_wconf 79' lang='grc' dir='ltr'>πικρὸν</span> <span class='ocrx_word' id='word_1_39' title='bbox 515 839 576 890; x_wconf 89' lang='grc' dir='ltr'><strong>ἐν</strong></span> <span class='ocrx_word' id='word_1_40' title='bbox 599 836 679 908; x_wconf 83' lang='grc' dir='ltr'><strong>τῷ</strong></span> <span class='ocrx_word' id='word_1_41' title='bbox 713 838 837 908; x_wconf 78' lang='grc' dir='ltr'>ἀέρι</span> <span class='ocrx_word' id='word_1_42' title='bbox 878 837 1200 900; x_wconf 86' lang='grc' dir='ltr'><strong>κινούντων,</strong></span> <span class='ocrx_word' id='word_1_43' title='bbox 1232 836 1328 890; x_wconf 80' lang='grc' dir='ltr'>καὶ</span> <span class='ocrx_word' id='word_1_44' title='bbox 1363 833 1734 906; x_wconf 80' lang='grc' dir='ltr'><strong>χειρώσασθαι</strong></span> <span class='ocrx_word' id='word_1_45' title='bbox 1774 849 1866 884; x_wconf 82' lang='grc' dir='ltr'>πι-</span> 
     </span>
    </p>
   </div>
   <div class='ocr_carea' id='block_1_9' title="bbox 272 923 1868 1002">
    <p class='ocr_par' dir='ltr' id='par_1_9' title="bbox 272 923 1868 1002">
     <span class='ocr_line' id='line_1_9' title="bbox 272 923 1868 1002; baseline -0.003 -22"><span class='ocrx_word' id='word_1_46' title='bbox 272 931 434 1000; x_wconf 78' lang='grc' dir='ltr'><strong>κρῶς</strong></span> <span class='ocrx_word' id='word_1_47' title='bbox 465 929 794 1002; x_wconf 78' lang='grc' dir='ltr'>ζητούντων.</span> <span class='ocrx_word' id='word_1_48' title='bbox 834 925 1004 993; x_wconf 76' lang='grc' dir='ltr'>Οὗτός</span> <span class='ocrx_word' id='word_1_49' title='bbox 1031 933 1180 983; x_wconf 86' lang='grc' dir='ltr'>ἐστιν</span> <span class='ocrx_word' id='word_1_50' title='bbox 1204 931 1232 983; x_wconf 98' lang='lat'><strong>6</strong></span> <span class='ocrx_word' id='word_1_51' title='bbox 1260 927 1561 998; x_wconf 79' lang='grc' dir='ltr'>εὐγνώμων</span> <span class='ocrx_word' id='word_1_52' title='bbox 1590 925 1743 996; x_wconf 87' lang='grc' dir='ltr'>φίλος</span> <span class='ocrx_word' id='word_1_53' title='bbox 1773 923 1868 977; x_wconf 76' lang='grc' dir='ltr'><strong>καὶ</strong></span> 
     </span>
    </p>
   </div>
   <div class='ocr_carea' id='block_1_10' title="bbox 270 1015 1868 1094">
    <p class='ocr_par' dir='ltr' id='par_1_10' title="bbox 270 1015 1868 1094">
     <span class='ocr_line' id='line_1_10' title="bbox 270 1015 1868 1094; baseline -0.003 -20"><span class='ocrx_word' id='word_1_54' title='bbox 270 1022 510 1088; x_wconf 79' lang='grc' dir='ltr'>ἀγαθὸς,</span> <span class='ocrx_word' id='word_1_55' title='bbox 535 1027 563 1078; x_wconf 94' lang='lat'><strong>6</strong></span> <span class='ocrx_word' id='word_1_56' title='bbox 593 1025 755 1094; x_wconf 81' lang='lat'><strong>118</strong></span> <span class='ocrx_word' id='word_1_57' title='bbox 785 1023 876 1076; x_wconf 70' lang='grc' dir='ltr'>καὶ</span> <span class='ocrx_word' id='word_1_58' title='bbox 899 1022 998 1094; x_wconf 83' lang='grc' dir='ltr'><strong>τὴν</strong></span> <span class='ocrx_word' id='word_1_59' title='bbox 1027 1022 1230 1094; x_wconf 84' lang='grc' dir='ltr'>μικρὰν</span> <span class='ocrx_word' id='word_1_60' title='bbox 1252 1021 1410 1092; x_wconf 83' lang='grc' dir='ltr'>ἡμῶν</span> <span class='ocrx_word' id='word_1_61' title='bbox 1440 1019 1747 1090; x_wconf 79' lang='grc' dir='ltr'>εὐπραγίαν</span> <span class='ocrx_word' id='word_1_62' title='bbox 1775 1015 1868 1070; x_wconf 75' lang='grc' dir='ltr'><strong>ἐπὶ</strong></span> 
     </span>
    </p>
   </div>
   <div class='ocr_carea' id='block_1_11' title="bbox 276 1110 1862 1189">
    <p class='ocr_par' dir='ltr' id='par_1_11' title="bbox 276 1110 1862 1189">
     <span class='ocr_line' id='line_1_11' title="bbox 276 1110 1862 1189; baseline -0.007 -16"><span class='ocrx_word' id='word_1_63' title='bbox 276 1120 511 1187; x_wconf 84' lang='grc' dir='ltr'>μνήμης</span> <span class='ocrx_word' id='word_1_64' title='bbox 536 1119 718 1189; x_wconf 83' lang='grc' dir='ltr'>φέρων</span> <span class='ocrx_word' id='word_1_65' title='bbox 748 1117 844 1170; x_wconf 78' lang='grc' dir='ltr'><strong>καὶ</strong></span> <span class='ocrx_word' id='word_1_66' title='bbox 873 1116 972 1170; x_wconf 79' lang='grc' dir='ltr'><strong>σὺν</strong></span> <span class='ocrx_word' id='word_1_67' title='bbox 1006 1117 1150 1186; x_wconf 84' lang='grc' dir='ltr'><strong>τόκῳ</strong></span> <span class='ocrx_word' id='word_1_68' title='bbox 1179 1116 1312 1186; x_wconf 76' lang='grc' dir='ltr'>ἡμῖν</span> <span class='ocrx_word' id='word_1_69' title='bbox 1343 1117 1526 1167; x_wconf 83' lang='grc' dir='ltr'>πᾶσαν</span> <span class='ocrx_word' id='word_1_70' title='bbox 1555 1110 1862 1174; x_wconf 89' lang='grc' dir='ltr'>ἀποδιδούς.</span> 
     </span>
    </p>
   </div>
   <div class='ocr_carea' id='block_1_12' title="bbox 356 1279 1869 1356">
    <p class='ocr_par' dir='ltr' id='par_1_12' title="bbox 356 1279 1869 1356">
     <span class='ocr_line' id='line_1_12' title="bbox 356 1279 1869 1356; baseline -0.002 -17"><span class='ocrx_word' id='word_1_71' title='bbox 356 1287 521 1340; x_wconf 79' lang='grc' dir='ltr'><strong>ΚΕΦ.</strong></span> <span class='ocrx_word' id='word_1_72' title='bbox 559 1288 656 1341; x_wconf 77' lang='grc' dir='ltr'><strong>ιΔο.</strong></span> <span class='ocrx_word' id='word_1_73' title='bbox 697 1282 866 1351; x_wconf 79' lang='grc' dir='ltr'>Αὖθις</span> <span class='ocrx_word' id='word_1_74' title='bbox 909 1281 1003 1339; x_wconf 80' lang='grc' dir='ltr'><strong>οὖν</strong></span> <span class='ocrx_word' id='word_1_75' title='bbox 1041 1287 1070 1339; x_wconf 88' lang='lat'><strong>6</strong></span> <span class='ocrx_word' id='word_1_76' title='bbox 1127 1286 1396 1356; x_wconf 73' lang='grc' dir='ltr'>Ἰωάσαφο</span> <span class='ocrx_word' id='word_1_77' title='bbox 1434 1279 1505 1338; x_wconf 82' lang='grc' dir='ltr'><strong>Εὖ</strong></span> <span class='ocrx_word' id='word_1_78' title='bbox 1535 1301 1618 1338; x_wconf 91' lang='grc' dir='ltr'><strong>σοι</strong></span> <span class='ocrx_word' id='word_1_79' title='bbox 1659 1283 1869 1353; x_wconf 80' lang='grc' dir='ltr'>γένοιτο</span> 
     </span>
    </p>
   </div>
   <div class='ocr_carea' id='block_1_13' title="bbox 275 1373 1865 1452">
    <p class='ocr_par' dir='ltr' id='par_1_13' title="bbox 275 1373 1865 1452">
     <span class='ocr_line' id='line_1_13' title="bbox 275 1373 1865 1452; baseline 0 -20"><span class='ocrx_word' id='word_1_80' title='bbox 275 1381 440 1452; x_wconf 82' lang='grc' dir='ltr'><strong>παρά</strong></span> <span class='ocrx_word' id='word_1_81' title='bbox 469 1381 676 1452; x_wconf 82' lang='grc' dir='ltr'>Κυρίου</span> <span class='ocrx_word' id='word_1_82' title='bbox 700 1380 795 1434; x_wconf 89' lang='grc' dir='ltr'><strong>τοῦ</strong></span> <span class='ocrx_word' id='word_1_83' title='bbox 821 1379 979 1444; x_wconf 81' lang='grc' dir='ltr'>Θεοῦ,</span> <span class='ocrx_word' id='word_1_84' title='bbox 1003 1373 1049 1434; x_wconf 78' lang='grc' dir='ltr'><strong>ὦ</strong></span> <span class='ocrx_word' id='word_1_85' title='bbox 1078 1379 1360 1450; x_wconf 79' lang='grc' dir='ltr'>σοφώτατε</span> <span class='ocrx_word' id='word_1_86' title='bbox 1389 1379 1499 1434; x_wconf 84' lang='grc' dir='ltr'><strong>τῶν</strong></span> <span class='ocrx_word' id='word_1_87' title='bbox 1529 1376 1865 1450; x_wconf 78' lang='grc' dir='ltr'>ἀνθρώπωνί</span> 
     </span>
    </p>
   </div>
   <div class='ocr_carea' id='block_1_14' title="bbox 277 1472 1868 1545">
    <p class='ocr_par' dir='ltr' id='par_1_14' title="bbox 277 1472 1868 1545">
     <span class='ocr_line' id='line_1_14' title="bbox 277 1472 1868 1545; baseline -0.001 -21"><span class='ocrx_word' id='word_1_88' title='bbox 277 1473 567 1544; x_wconf 74' lang='grc' dir='ltr'>εὖφρανας</span> <span class='ocrx_word' id='word_1_89' title='bbox 595 1473 702 1545; x_wconf 89' lang='grc' dir='ltr'><strong>γάρ</strong></span> <span class='ocrx_word' id='word_1_90' title='bbox 743 1491 844 1544; x_wconf 88' lang='grc' dir='ltr'><strong>μου</strong></span> <span class='ocrx_word' id='word_1_91' title='bbox 886 1474 985 1545; x_wconf 80' lang='grc' dir='ltr'>τὴν</span> <span class='ocrx_word' id='word_1_92' title='bbox 1022 1473 1203 1545; x_wconf 79' lang='grc' dir='ltr'>ψυχὴν</span> <span class='ocrx_word' id='word_1_93' title='bbox 1231 1474 1346 1537; x_wconf 87' lang='grc' dir='ltr'>τοῖς</span> <span class='ocrx_word' id='word_1_94' title='bbox 1382 1472 1742 1543; x_wconf 82' lang='grc' dir='ltr'>καταλλήλοις</span> <span class='ocrx_word' id='word_1_95' title='bbox 1772 1488 1868 1524; x_wconf 89' lang='grc' dir='ltr'><strong>σου</strong></span> 
     </span>
    </p>
   </div>
   <div class='ocr_carea' id='block_1_15' title="bbox 277 1553 1871 1638">
    <p class='ocr_par' dir='ltr' id='par_1_15' title="bbox 277 1553 1871 1638">
     <span class='ocr_line' id='line_1_15' title="bbox 277 1553 1871 1638; baseline 0.001 -21"><span class='ocrx_word' id='word_1_96' title='bbox 277 1565 384 1618; x_wconf 77' lang='grc' dir='ltr'>καὶ</span> <span class='ocrx_word' id='word_1_97' title='bbox 408 1567 650 1636; x_wconf 74' lang='grc' dir='ltr'>ἀρίστοις</span> <span class='ocrx_word' id='word_1_98' title='bbox 675 1553 906 1637; x_wconf 63' lang='grc' dir='ltr'>ρήμασιέ</span> <span class='ocrx_word' id='word_1_99' title='bbox 932 1566 1236 1638; x_wconf 81' lang='grc' dir='ltr'>Τοιγαροῦν</span> <span class='ocrx_word' id='word_1_100' title='bbox 1266 1563 1628 1620; x_wconf 89' lang='grc' dir='ltr'>ἀνατύπωσόν</span> <span class='ocrx_word' id='word_1_101' title='bbox 1658 1581 1748 1635; x_wconf 90' lang='grc' dir='ltr'><strong>μοι</strong></span> <span class='ocrx_word' id='word_1_102' title='bbox 1775 1565 1871 1618; x_wconf 74' lang='grc' dir='ltr'><strong>καὶ</strong></span> 
     </span>
    </p>
   </div>
   <div class='ocr_carea' id='block_1_16' title="bbox 279 1657 1871 1729">
    <p class='ocr_par' dir='ltr' id='par_1_16' title="bbox 279 1657 1871 1729">
     <span class='ocr_line' id='line_1_16' title="bbox 279 1657 1871 1729; baseline -0.001 -20"><span class='ocrx_word' id='word_1_103' title='bbox 279 1657 372 1710; x_wconf 76' lang='grc' dir='ltr'><strong>ἔτι</strong></span> <span class='ocrx_word' id='word_1_104' title='bbox 398 1659 579 1712; x_wconf 79' lang='grc' dir='ltr'>εἰκόνα</span> <span class='ocrx_word' id='word_1_105' title='bbox 605 1659 706 1729; x_wconf 84' lang='grc' dir='ltr'><strong>τῆς</strong></span> <span class='ocrx_word' id='word_1_106' title='bbox 738 1659 1101 1729; x_wconf 78' lang='grc' dir='ltr'><strong>ματαιότητος</strong></span> <span class='ocrx_word' id='word_1_107' title='bbox 1132 1658 1227 1712; x_wconf 85' lang='grc' dir='ltr'><strong>τοῦ</strong></span> <span class='ocrx_word' id='word_1_108' title='bbox 1267 1659 1501 1729; x_wconf 83' lang='grc' dir='ltr'>κόσμου,</span> <span class='ocrx_word' id='word_1_109' title='bbox 1539 1657 1634 1711; x_wconf 71' lang='grc' dir='ltr'>καὶ</span> <span class='ocrx_word' id='word_1_110' title='bbox 1660 1657 1777 1722; x_wconf 83' lang='grc' dir='ltr'>πῶς</span> <span class='ocrx_word' id='word_1_111' title='bbox 1805 1657 1871 1712; x_wconf 85' lang='grc' dir='ltr'><strong>ἀν</strong></span> 
     </span>
    </p>
   </div>
   <div class='ocr_carea' id='block_1_17' title="bbox 280 1751 1538 1823">
    <p class='ocr_par' dir='ltr' id='par_1_17' title="bbox 280 1751 1538 1823">
     <span class='ocr_line' id='line_1_17' title="bbox 280 1751 1538 1823; baseline 0.001 -19"><span class='ocrx_word' id='word_1_112' title='bbox 280 1769 374 1816; x_wconf 90' lang='grc' dir='ltr'><strong>τις</strong></span> <span class='ocrx_word' id='word_1_113' title='bbox 399 1754 459 1805; x_wconf 86' lang='grc' dir='ltr'><strong>ἐν</strong></span> <span class='ocrx_word' id='word_1_114' title='bbox 490 1753 676 1823; x_wconf 80' lang='grc' dir='ltr'>εἰρήνῃ</span> <span class='ocrx_word' id='word_1_115' title='bbox 699 1752 796 1806; x_wconf 79' lang='grc' dir='ltr'>καὶ</span> <span class='ocrx_word' id='word_1_116' title='bbox 823 1751 1094 1823; x_wconf 78' lang='grc' dir='ltr'>ἀσφαλείᾳ</span> <span class='ocrx_word' id='word_1_117' title='bbox 1109 1751 1302 1806; x_wconf 87' lang='grc' dir='ltr'>τοῦτον</span> <span class='ocrx_word' id='word_1_118' title='bbox 1320 1751 1538 1806; x_wconf 81' lang='grc' dir='ltr'>διέλθοι.</span> 
     </span>
    </p>
   </div>
   <div class='ocr_carea' id='block_1_18' title="bbox 371 1931 1870 2004">
    <p class='ocr_par' dir='ltr' id='par_1_18' title="bbox 371 1931 1870 2004">
     <span class='ocr_line' id='line_1_18' title="bbox 371 1931 1870 2004; baseline -0.005 -14"><span class='ocrx_word' id='word_1_119' title='bbox 371 1935 686 1992; x_wconf 74' lang='grc' dir='ltr'>Ἀναλασὼν</span> <span class='ocrx_word' id='word_1_120' title='bbox 705 1936 760 1990; x_wconf 84' lang='grc' dir='ltr'>δὲ</span> <span class='ocrx_word' id='word_1_121' title='bbox 786 1936 880 1989; x_wconf 77' lang='grc' dir='ltr'><strong>τὸν</strong></span> <span class='ocrx_word' id='word_1_122' title='bbox 899 1935 1058 2000; x_wconf 86' lang='grc' dir='ltr'>λόγον</span> <span class='ocrx_word' id='word_1_123' title='bbox 1085 1934 1114 1988; x_wconf 89' lang='lat'><strong>6</strong></span> <span class='ocrx_word' id='word_1_124' title='bbox 1136 1932 1404 2004; x_wconf 85' lang='grc' dir='ltr'>Βαρλαάμ</span> <span class='ocrx_word' id='word_1_125' title='bbox 1429 1931 1532 2000; x_wconf 81' lang='grc' dir='ltr'><strong>ἔφη</strong></span> <span class='ocrx_word' id='word_1_126' title='bbox 1550 1947 1563 1962; x_wconf 91' lang='grc'><strong>·</strong></span> <span class='ocrx_word' id='word_1_127' title='bbox 1599 1932 1870 1984; x_wconf 77' lang='grc' dir='ltr'>’Ἄκουσον</span> 
     </span>
    </p>
   </div>
   <div class='ocr_carea' id='block_1_19' title="bbox 280 2022 1874 2101">
    <p class='ocr_par' dir='ltr' id='par_1_19' title="bbox 280 2022 1874 2101">
     <span class='ocr_line' id='line_1_19' title="bbox 280 2022 1874 2101; baseline -0.004 -18"><span class='ocrx_word' id='word_1_128' title='bbox 280 2032 386 2083; x_wconf 76' lang='grc' dir='ltr'>καὶ</span> <span class='ocrx_word' id='word_1_129' title='bbox 407 2030 602 2082; x_wconf 88' lang='grc' dir='ltr'>τούτου</span> <span class='ocrx_word' id='word_1_130' title='bbox 626 2029 690 2101; x_wconf 83' lang='grc' dir='ltr'>δὴ</span> <span class='ocrx_word' id='word_1_131' title='bbox 717 2027 812 2082; x_wconf 89' lang='grc' dir='ltr'><strong>τοῦ</strong></span> <span class='ocrx_word' id='word_1_132' title='bbox 840 2027 1054 2100; x_wconf 78' lang='grc' dir='ltr'>προὸλή</span> <span class='ocrx_word' id='word_1_133' title='bbox 1066 2045 1232 2097; x_wconf 83' lang='grc' dir='ltr'>ματος</span> <span class='ocrx_word' id='word_1_134' title='bbox 1250 2025 1535 2096; x_wconf 85' lang='grc' dir='ltr'>ὁμοίωσιν.</span> <span class='ocrx_word' id='word_1_135' title='bbox 1562 2022 1726 2076; x_wconf 87' lang='grc' dir='ltr'>Πόλιν</span> <span class='ocrx_word' id='word_1_136' title='bbox 1750 2023 1874 2076; x_wconf 80' lang='grc' dir='ltr'>τινὰ</span> 
     </span>
    </p>
   </div>
   <div class='ocr_carea' id='block_1_20' title="bbox 286 2116 1872 2194">
    <p class='ocr_par' dir='ltr' id='par_1_20' title="bbox 286 2116 1872 2194">
     <span class='ocr_line' id='line_1_20' title="bbox 286 2116 1872 2194; baseline -0.006 -17"><span class='ocrx_word' id='word_1_137' title='bbox 286 2124 589 2194; x_wconf 85' lang='grc' dir='ltr'>μεμάθηκα</span> <span class='ocrx_word' id='word_1_138' title='bbox 621 2122 887 2194; x_wconf 78' lang='grc' dir='ltr'>μεγάλην,</span> <span class='ocrx_word' id='word_1_139' title='bbox 914 2116 983 2193; x_wconf 80' lang='grc' dir='ltr'>ἧς</span> <span class='ocrx_word' id='word_1_140' title='bbox 1010 2123 1061 2175; x_wconf 79' lang='lat' dir='ltr'><strong>oi</strong></span> <span class='ocrx_word' id='word_1_141' title='bbox 1097 2120 1313 2176; x_wconf 79' lang='grc' dir='ltr'>πολῖται</span> <span class='ocrx_word' id='word_1_142' title='bbox 1345 2117 1603 2187; x_wconf 78' lang='grc' dir='ltr'>τοιαύτην</span> <span class='ocrx_word' id='word_1_143' title='bbox 1637 2116 1872 2186; x_wconf 87' lang='grc' dir='ltr'>ἐσχήκε-</span> 
     </span>
    </p>
   </div>
   <div class='ocr_carea' id='block_1_21' title="bbox 285 2206 1870 2285">
    <p class='ocr_par' dir='ltr' id='par_1_21' title="bbox 285 2206 1870 2285">
     <span class='ocr_line' id='line_1_21' title="bbox 285 2206 1870 2285; baseline -0.005 -18"><span class='ocrx_word' id='word_1_144' title='bbox 285 2233 391 2269; x_wconf 86' lang='grc' dir='ltr'><strong>σαν</strong></span> <span class='ocrx_word' id='word_1_145' title='bbox 439 2215 677 2269; x_wconf 79' lang='grc' dir='ltr'>ἔκπαλαι</span> <span class='ocrx_word' id='word_1_146' title='bbox 726 2213 1054 2285; x_wconf 88' lang='grc' dir='ltr'>συνήθειαν,</span> <span class='ocrx_word' id='word_1_147' title='bbox 1097 2211 1158 2266; x_wconf 81' lang='grc' dir='ltr'>τὸ</span> <span class='ocrx_word' id='word_1_148' title='bbox 1195 2208 1669 2280; x_wconf 81' lang='grc' dir='ltr'>ἐπιλαμϐάνεσθαι</span> <span class='ocrx_word' id='word_1_149' title='bbox 1720 2206 1870 2272; x_wconf 81' lang='grc' dir='ltr'>ξένου</span> 
     </span>
    </p>
   </div>
   <div class='ocr_carea' id='block_1_22' title="bbox 282 2298 1875 2375">
    <p class='ocr_par' dir='ltr' id='par_1_22' title="bbox 282 2298 1875 2375">
     <span class='ocr_line' id='line_1_22' title="bbox 282 2298 1875 2375; baseline -0.005 -16"><span class='ocrx_word' id='word_1_150' title='bbox 282 2306 434 2371; x_wconf 73' lang='grc' dir='ltr'>τινος</span> <span class='ocrx_word' id='word_1_151' title='bbox 476 2306 572 2360; x_wconf 79' lang='grc' dir='ltr'>καὶ</span> <span class='ocrx_word' id='word_1_152' title='bbox 619 2305 899 2374; x_wconf 86' lang='grc' dir='ltr'>ἀγνώστου</span> <span class='ocrx_word' id='word_1_153' title='bbox 949 2304 1178 2375; x_wconf 78' lang='grc' dir='ltr'>ἀνδρὸς,</span> <span class='ocrx_word' id='word_1_154' title='bbox 1209 2302 1376 2374; x_wconf 77' lang='grc' dir='ltr'>μηδὲν</span> <span class='ocrx_word' id='word_1_155' title='bbox 1416 2300 1525 2355; x_wconf 83' lang='grc' dir='ltr'><strong>τῶν</strong></span> <span class='ocrx_word' id='word_1_156' title='bbox 1557 2300 1740 2370; x_wconf 90' lang='grc' dir='ltr'>νόμων</span> <span class='ocrx_word' id='word_1_157' title='bbox 1775 2298 1875 2367; x_wconf 80' lang='grc' dir='ltr'>τῆς</span> 
     </span>
    </p>
   </div>
   <div class='ocr_carea' id='block_1_23' title="bbox 286 2389 1874 2468">
    <p class='ocr_par' dir='ltr' id='par_1_23' title="bbox 286 2389 1874 2468">
     <span class='ocr_line' id='line_1_23' title="bbox 286 2389 1874 2468; baseline -0.004 -18"><span class='ocrx_word' id='word_1_158' title='bbox 286 2397 499 2461; x_wconf 78' lang='grc' dir='ltr'>πόλεως</span> <span class='ocrx_word' id='word_1_159' title='bbox 525 2398 623 2452; x_wconf 59' lang='grc' dir='ltr'><strong>καὶ⁸</strong></span> <span class='ocrx_word' id='word_1_160' title='bbox 649 2396 1002 2468; x_wconf 84' lang='grc' dir='ltr'>παραδόσεων</span> <span class='ocrx_word' id='word_1_161' title='bbox 1031 2397 1170 2459; x_wconf 80' lang='grc' dir='ltr'>ὅλως</span> <span class='ocrx_word' id='word_1_162' title='bbox 1203 2393 1592 2464; x_wconf 83' lang='grc' dir='ltr'>ἐπισταμένου,</span> <span class='ocrx_word' id='word_1_163' title='bbox 1622 2391 1718 2445; x_wconf 75' lang='grc' dir='ltr'>καὶ</span> <span class='ocrx_word' id='word_1_164' title='bbox 1746 2389 1874 2444; x_wconf 89' lang='grc' dir='ltr'>τοῦ-</span> 
     </span>
    </p>
   </div>
   <div class='ocr_carea' id='block_1_24' title="bbox 284 2479 1874 2559">
    <p class='ocr_par' dir='ltr' id='par_1_24' title="bbox 284 2479 1874 2559">
     <span class='ocr_line' id='line_1_24' title="bbox 284 2479 1874 2559; baseline -0.006 -17"><span class='ocrx_word' id='word_1_165' title='bbox 284 2506 382 2543; x_wconf 88' lang='grc' dir='ltr'><strong>τον</strong></span> <span class='ocrx_word' id='word_1_166' title='bbox 433 2488 659 2559; x_wconf 81' lang='grc' dir='ltr'>βασιλέα</span> <span class='ocrx_word' id='word_1_167' title='bbox 709 2487 972 2557; x_wconf 85' lang='grc' dir='ltr'>καθιστᾷν</span> <span class='ocrx_word' id='word_1_168' title='bbox 1012 2487 1263 2550; x_wconf 77' lang='grc' dir='ltr'>ἑαυτοῖς,</span> <span class='ocrx_word' id='word_1_169' title='bbox 1303 2483 1489 2553; x_wconf 82' lang='grc' dir='ltr'>πάσης</span> <span class='ocrx_word' id='word_1_170' title='bbox 1526 2479 1874 2536; x_wconf 81' lang='grc' dir='ltr'>ἀπολαύοντα</span> 
     </span>
    </p>
   </div>
   <div class='ocr_carea' id='block_1_25' title="bbox 286 2571 1875 2645">
    <p class='ocr_par' dir='ltr' id='par_1_25' title="bbox 286 2571 1875 2645">
     <span class='ocr_line' id='line_1_25' title="bbox 286 2571 1875 2645; baseline -0.006 -13"><span class='ocrx_word' id='word_1_171' title='bbox 286 2581 541 2645; x_wconf 81' lang='grc' dir='ltr'>ἐξουσίας</span> <span class='ocrx_word' id='word_1_172' title='bbox 586 2579 816 2634; x_wconf 75' lang='grc' dir='ltr'>καὶτῶν</span> <span class='ocrx_word' id='word_1_173' title='bbox 852 2578 1017 2632; x_wconf 82' lang='grc' dir='ltr'>αὐτοῦ</span> <span class='ocrx_word' id='word_1_174' title='bbox 1053 2577 1376 2645; x_wconf 88' lang='grc' dir='ltr'>θελημάτων</span> <span class='ocrx_word' id='word_1_175' title='bbox 1409 2571 1705 2635; x_wconf 79' lang='grc' dir='ltr'>ἀκωλύτως</span> <span class='ocrx_word' id='word_1_176' title='bbox 1753 2571 1875 2642; x_wconf 82' lang='grc' dir='ltr'>ἑχό-</span> 
     </span>
    </p>
   </div>
   <div class='ocr_carea' id='block_1_26' title="bbox 249 2661 1871 2754">
    <p class='ocr_par' dir='ltr' id='par_1_26' title="bbox 249 2661 1871 2754">
     <span class='ocr_line' id='line_1_26' title="bbox 249 2661 1871 2754; baseline -0.008 -23"><span class='ocrx_word' id='word_1_177' title='bbox 249 2747 254 2754; x_wconf 91' lang='lat'><em>_</em></span> <span class='ocrx_word' id='word_1_178' title='bbox 287 2695 473 2748; x_wconf 86' lang='grc' dir='ltr'>μενον,</span> <span class='ocrx_word' id='word_1_179' title='bbox 497 2677 625 2749; x_wconf 81' lang='grc' dir='ltr'>ἄχρι</span> <span class='ocrx_word' id='word_1_180' title='bbox 649 2675 1102 2748; x_wconf 79' lang='grc' dir='ltr'>συμπληρώσεως</span> <span class='ocrx_word' id='word_1_181' title='bbox 1130 2669 1462 2725; x_wconf 78' lang='grc' dir='ltr'>ἐνιαυσιαίου</span> <span class='ocrx_word' id='word_1_182' title='bbox 1489 2670 1704 2741; x_wconf 89' lang='grc' dir='ltr'>χρόνου.</span> <span class='ocrx_word' id='word_1_183' title='bbox 1734 2661 1871 2732; x_wconf 77' lang='grc' dir='ltr'>Εἶτ’,</span> 
     </span>
    </p>
   </div>
   <div class='ocr_carea' id='block_1_27' title="bbox 286 2758 1870 2842">
    <p class='ocr_par' dir='ltr' id='par_1_27' title="bbox 286 2758 1870 2842">
     <span class='ocr_line' id='line_1_27' title="bbox 286 2758 1870 2842; baseline -0.009 -17"><span class='ocrx_word' id='word_1_184' title='bbox 286 2773 553 2842; x_wconf 78' lang='grc' dir='ltr'>ἐξαίφνης</span> <span class='ocrx_word' id='word_1_185' title='bbox 598 2773 657 2825; x_wconf 89' lang='grc' dir='ltr'><strong>ἐν</strong></span> <span class='ocrx_word' id='word_1_186' title='bbox 711 2773 861 2842; x_wconf 80' lang='grc' dir='ltr'>πάσῃ</span> <span class='ocrx_word' id='word_1_187' title='bbox 917 2767 1084 2823; x_wconf 82' lang='grc' dir='ltr'>αὑτοῦ</span> <span class='ocrx_word' id='word_1_188' title='bbox 1129 2765 1491 2835; x_wconf 87' lang='grc' dir='ltr'>τυγχάνοντος</span> <span class='ocrx_word' id='word_1_189' title='bbox 1545 2758 1870 2832; x_wconf 80' lang='grc' dir='ltr'>ἀμεριμνίᾳ,</span> 
     </span>
    </p>
   </div>
   <div class='ocr_carea' id='block_1_28' title="bbox 279 2852 1875 2938">
    <p class='ocr_par' dir='ltr' id='par_1_28' title="bbox 279 2852 1875 2938">
     <span class='ocr_line' id='line_1_28' title="bbox 279 2852 1875 2938; baseline -0.009 -20"><span class='ocrx_word' id='word_1_190' title='bbox 279 2864 602 2938; x_wconf 77' lang='grc' dir='ltr'>τρυφῶντάς</span> <span class='ocrx_word' id='word_1_191' title='bbox 629 2881 690 2918; x_wconf 87' lang='grc' dir='ltr'><strong>τε</strong></span> <span class='ocrx_word' id='word_1_192' title='bbox 718 2864 815 2918; x_wconf 82' lang='grc' dir='ltr'>καὶ</span> <span class='ocrx_word' id='word_1_193' title='bbox 837 2859 1223 2923; x_wconf 84' lang='grc' dir='ltr'>σπαταλῶντος</span> <span class='ocrx_word' id='word_1_194' title='bbox 1249 2857 1445 2922; x_wconf 83' lang='grc' dir='ltr'>ἀδεῶς.</span> <span class='ocrx_word' id='word_1_195' title='bbox 1468 2855 1564 2910; x_wconf 74' lang='grc' dir='ltr'><strong>καὶ</strong></span> <span class='ocrx_word' id='word_1_196' title='bbox 1589 2852 1875 2907; x_wconf 88' lang='grc' dir='ltr'>συνδιαιω-</span> 
     </span>
    </p>
   </div>
   <div class='ocr_carea' id='block_1_29' title="bbox 283 2947 1875 3028">
    <p class='ocr_par' dir='ltr' id='par_1_29' title="bbox 283 2947 1875 3028">
     <span class='ocr_line' id='line_1_29' title="bbox 283 2947 1875 3028; baseline -0.008 -19"><span class='ocrx_word' id='word_1_197' title='bbox 283 2958 459 3022; x_wconf 77' lang='grc' dir='ltr'>νίζειν</span> <span class='ocrx_word' id='word_1_198' title='bbox 491 2955 641 3028; x_wconf 87' lang='grc' dir='ltr'>αύτῷ</span> <span class='ocrx_word' id='word_1_199' title='bbox 667 2955 766 3027; x_wconf 79' lang='grc' dir='ltr'>τὴν</span> <span class='ocrx_word' id='word_1_200' title='bbox 794 2953 1072 3026; x_wconf 84' lang='grc' dir='ltr'>βασιλείαν</span> <span class='ocrx_word' id='word_1_201' title='bbox 1102 2951 1278 3006; x_wconf 72' lang='grc' dir='ltr'>εἰσαεὶ</span> <span class='ocrx_word' id='word_1_202' title='bbox 1303 2947 1627 3011; x_wconf 79' lang='grc' dir='ltr'>δοκοῦντος,</span> <span class='ocrx_word' id='word_1_203' title='bbox 1661 2947 1875 3014; x_wconf 88' lang='grc' dir='ltr'>ἐπεγει-</span> 
     </span>
    </p>
   </div>
   <div class='ocr_carea' id='block_1_30' title="bbox 285 3037 1873 3121">
    <p class='ocr_par' dir='ltr' id='par_1_30' title="bbox 285 3037 1873 3121">
     <span class='ocr_line' id='line_1_30' title="bbox 285 3037 1873 3121; baseline -0.008 -19"><span class='ocrx_word' id='word_1_204' title='bbox 285 3051 516 3121; x_wconf 86' lang='grc' dir='ltr'>ρόμενοι</span> <span class='ocrx_word' id='word_1_205' title='bbox 547 3049 671 3103; x_wconf 86' lang='grc' dir='ltr'>κατ’</span> <span class='ocrx_word' id='word_1_206' title='bbox 713 3046 912 3113; x_wconf 83' lang='grc' dir='ltr'>αὐτοῦ,</span> <span class='ocrx_word' id='word_1_207' title='bbox 959 3045 1054 3100; x_wconf 73' lang='grc' dir='ltr'>καὶ</span> <span class='ocrx_word' id='word_1_208' title='bbox 1090 3045 1190 3115; x_wconf 82' lang='grc' dir='ltr'>τὴν</span> <span class='ocrx_word' id='word_1_209' title='bbox 1231 3039 1516 3114; x_wconf 83' lang='grc' dir='ltr'>βασιλικὴν</span> <span class='ocrx_word' id='word_1_210' title='bbox 1547 3037 1873 3109; x_wconf 87' lang='grc' dir='ltr'>ἀφελόμενοι</span> 
     </span>
    </p>
   </div>
   <div class='ocr_carea' id='block_1_31' title="bbox 286 3129 1874 3212">
    <p class='ocr_par' dir='ltr' id='par_1_31' title="bbox 286 3129 1874 3212">
     <span class='ocr_line' id='line_1_31' title="bbox 286 3129 1874 3212; baseline -0.008 -17"><span class='ocrx_word' id='word_1_211' title='bbox 286 3142 524 3212; x_wconf 81' lang='grc' dir='ltr'>στολὴν,</span> <span class='ocrx_word' id='word_1_212' title='bbox 562 3141 771 3210; x_wconf 90' lang='grc' dir='ltr'>γυμνόν</span> <span class='ocrx_word' id='word_1_213' title='bbox 799 3157 859 3192; x_wconf 87' lang='grc' dir='ltr'><strong>τε</strong></span> <span class='ocrx_word' id='word_1_214' title='bbox 903 3137 1009 3192; x_wconf 88' lang='grc' dir='ltr'><strong>ἀνά</strong></span> <span class='ocrx_word' id='word_1_215' title='bbox 1040 3139 1223 3190; x_wconf 84' lang='grc' dir='ltr'>πᾶσαν</span> <span class='ocrx_word' id='word_1_216' title='bbox 1265 3131 1738 3206; x_wconf 78' lang='grc' dir='ltr'>θριαμϐεύσαντες</span> <span class='ocrx_word' id='word_1_217' title='bbox 1774 3129 1874 3200; x_wconf 78' lang='grc' dir='ltr'>τὴν</span> 
     </span>
    </p>
   </div>
   <div class='ocr_carea' id='block_1_32' title="bbox 1972 645 3515 711">
    <p class='ocr_par' dir='ltr' id='par_1_32' title="bbox 1972 645 3515 711">
     <span class='ocr_line' id='line_1_32' title="bbox 1972 645 3515 711; baseline 0 -15"><span class='ocrx_word' id='word_1_218' title='bbox 1972 653 2129 711; x_wconf 82' lang='lat' dir='ltr'><strong>atque</strong></span> <span class='ocrx_word' id='word_1_219' title='bbox 2154 645 2226 697; x_wconf 79' lang='lat' dir='ltr'><strong>ab</strong></span> <span class='ocrx_word' id='word_1_220' title='bbox 2257 645 2493 699; x_wconf 75' lang='lat' dir='ltr'><strong>hostibus</strong></span> <span class='ocrx_word' id='word_1_221' title='bbox 2530 645 2726 698; x_wconf 92' lang='lat' dir='ltr'><strong>nostris</strong></span> <span class='ocrx_word' id='word_1_222' title='bbox 2761 654 2816 699; x_wconf 87' lang='lat' dir='ltr'><strong>et</strong></span> <span class='ocrx_word' id='word_1_223' title='bbox 2852 645 3126 699; x_wconf 86' lang='lat' dir='ltr'><strong>horrendis</strong></span> <span class='ocrx_word' id='word_1_224' title='bbox 3163 645 3515 709; x_wconf 77' lang='lat' dir='ltr'><strong>exactoribus,</strong></span> 
     </span>
    </p>
   </div>
   <div class='ocr_carea' id='block_1_33' title="bbox 1971 734 3486 804">
    <p class='ocr_par' dir='ltr' id='par_1_33' title="bbox 1971 734 3486 804">
     <span class='ocr_line' id='line_1_33' title="bbox 1971 734 3486 804; baseline 0.003 -20"><span class='ocrx_word' id='word_1_225' title='bbox 1971 737 2060 804; x_wconf 88' lang='lat' dir='ltr'><strong>qui</strong></span> <span class='ocrx_word' id='word_1_226' title='bbox 2085 735 2152 788; x_wconf 91' lang='lat' dir='ltr'><strong>de</strong></span> <span class='ocrx_word' id='word_1_227' title='bbox 2179 734 2468 789; x_wconf 79' lang='lat' dir='ltr'><strong>referendis</strong></span> <span class='ocrx_word' id='word_1_228' title='bbox 2495 735 2785 789; x_wconf 78' lang='lat' dir='ltr'><strong>rationibus</strong></span> <span class='ocrx_word' id='word_1_229' title='bbox 2813 736 3054 791; x_wconf 82' lang='lat' dir='ltr'><strong>acerbam</strong></span> <span class='ocrx_word' id='word_1_230' title='bbox 3103 737 3254 790; x_wconf 90' lang='lat' dir='ltr'><strong>nobis</strong></span> <span class='ocrx_word' id='word_1_231' title='bbox 3298 736 3350 789; x_wconf 92' lang='lat' dir='ltr'><strong>in</strong></span> <span class='ocrx_word' id='word_1_232' title='bbox 3395 752 3486 789; x_wconf 88' lang='lat' dir='ltr'><strong>aer</strong></span> 
     </span>
    </p>
   </div>
   <div class='ocr_carea' id='block_1_34' title="bbox 1974 826 3498 896">
    <p class='ocr_par' dir='ltr' id='par_1_34' title="bbox 1974 826 3498 896">
     <span class='ocr_line' id='line_1_34' title="bbox 1974 826 3498 896; baseline -0.001 -16"><span class='ocrx_word' id='word_1_233' title='bbox 1974 827 2114 880; x_wconf 88' lang='lat' dir='ltr'><strong>litem</strong></span> <span class='ocrx_word' id='word_1_234' title='bbox 2142 837 2376 887; x_wconf 85' lang='lat' dir='ltr'><strong>movent,</strong></span> <span class='ocrx_word' id='word_1_235' title='bbox 2402 840 2463 880; x_wconf 87' lang='lat' dir='ltr'><strong>ac</strong></span> <span class='ocrx_word' id='word_1_236' title='bbox 2489 826 2772 881; x_wconf 75' lang='lat' dir='ltr'><strong>crudeliter</strong></span> <span class='ocrx_word' id='word_1_237' title='bbox 2801 843 2894 880; x_wconf 91' lang='lat' dir='ltr'><strong>nos</strong></span> <span class='ocrx_word' id='word_1_238' title='bbox 2919 828 3150 896; x_wconf 86' lang='lat' dir='ltr'><strong>arripere</strong></span> <span class='ocrx_word' id='word_1_239' title='bbox 3175 828 3498 880; x_wconf 91' lang='lat' dir='ltr'><strong>contendunt</strong></span> 
     </span>
    </p>
   </div>
   <div class='ocr_carea' id='block_1_35' title="bbox 1974 901 3520 982">
    <p class='ocr_par' dir='ltr' id='par_1_35' title="bbox 1974 901 3520 982">
     <span class='ocr_line' id='line_1_35' title="bbox 1974 901 3520 982; baseline 0.002 -13"><span class='ocrx_word' id='word_1_240' title='bbox 1974 916 2201 971; x_wconf 87' lang='lat' dir='ltr'><strong>liberare</strong></span> <span class='ocrx_word' id='word_1_241' title='bbox 2241 927 2430 982; x_wconf 85' lang='lat' dir='ltr'><strong>potest.</strong></span> <span class='ocrx_word' id='word_1_242' title='bbox 2476 918 2570 972; x_wconf 83' lang='lat' dir='ltr'><strong>Hic</strong></span> <span class='ocrx_word' id='word_1_243' title='bbox 2607 918 2853 971; x_wconf 86' lang='lat' dir='ltr'><strong>nimirum</strong></span> <span class='ocrx_word' id='word_1_244' title='bbox 2891 929 2974 973; x_wconf 81' lang='lat' dir='ltr'><strong>est</strong></span> <span class='ocrx_word' id='word_1_245' title='bbox 3010 901 3263 973; x_wconf 82' lang='lat' dir='ltr'><strong>candidus</strong></span> <span class='ocrx_word' id='word_1_246' title='bbox 3317 919 3408 972; x_wconf 90' lang='lat' dir='ltr'><strong>ille</strong></span> <span class='ocrx_word' id='word_1_247' title='bbox 3459 933 3520 972; x_wconf 81' lang='lat' dir='ltr'><strong>ac</strong></span> 
     </span>
    </p>
   </div>
   <div class='ocr_carea' id='block_1_36' title="bbox 1976 1007 3518 1077">
    <p class='ocr_par' dir='ltr' id='par_1_36' title="bbox 1976 1007 3518 1077">
     <span class='ocr_line' id='line_1_36' title="bbox 1976 1007 3518 1077; baseline 0.001 -18"><span class='ocrx_word' id='word_1_248' title='bbox 1976 1007 2172 1074; x_wconf 89' lang='lat' dir='ltr'><strong>probus</strong></span> <span class='ocrx_word' id='word_1_249' title='bbox 2207 1016 2262 1061; x_wconf 88' lang='lat' dir='ltr'><strong>et</strong></span> <span class='ocrx_word' id='word_1_250' title='bbox 2295 1017 2472 1077; x_wconf 88' lang='lat' dir='ltr'><strong>gratus</strong></span> <span class='ocrx_word' id='word_1_251' title='bbox 2506 1009 2726 1070; x_wconf 85' lang='lat' dir='ltr'><strong>amicus,</strong></span> <span class='ocrx_word' id='word_1_252' title='bbox 2765 1007 2851 1076; x_wconf 89' lang='lat' dir='ltr'><strong>qui</strong></span> <span class='ocrx_word' id='word_1_253' title='bbox 2887 1009 3178 1074; x_wconf 78' lang='lat' dir='ltr'><strong>quamlibet</strong></span> <span class='ocrx_word' id='word_1_254' title='bbox 3213 1009 3370 1062; x_wconf 84' lang='lat' dir='ltr'><strong>etiam</strong></span> <span class='ocrx_word' id='word_1_255' title='bbox 3409 1010 3518 1062; x_wconf 84' lang='lat' dir='ltr'><strong>exi-</strong></span> 
     </span>
    </p>
   </div>
   <div class='ocr_carea' id='block_1_37' title="bbox 1973 1099 3518 1166">
    <p class='ocr_par' dir='ltr' id='par_1_37' title="bbox 1973 1099 3518 1166">
     <span class='ocr_line' id='line_1_37' title="bbox 1973 1099 3518 1166; baseline 0 -15"><span class='ocrx_word' id='word_1_256' title='bbox 1973 1114 2130 1165; x_wconf 84' lang='lat' dir='ltr'><strong>guum</strong></span> <span class='ocrx_word' id='word_1_257' title='bbox 2168 1099 2361 1155; x_wconf 91' lang='lat' dir='ltr'><strong>bonum</strong></span> <span class='ocrx_word' id='word_1_258' title='bbox 2399 1108 2635 1153; x_wconf 89' lang='lat' dir='ltr'><strong>nostrum</strong></span> <span class='ocrx_word' id='word_1_259' title='bbox 2673 1114 2805 1166; x_wconf 88' lang='lat' dir='ltr'><strong>opus</strong></span> <span class='ocrx_word' id='word_1_260' title='bbox 2834 1101 3085 1154; x_wconf 84' lang='lat' dir='ltr'><strong>memoria</strong></span> <span class='ocrx_word' id='word_1_261' title='bbox 3117 1106 3276 1165; x_wconf 86' lang='lat' dir='ltr'><strong>tenet,</strong></span> <span class='ocrx_word' id='word_1_262' title='bbox 3304 1115 3368 1153; x_wconf 82' lang='lat' dir='ltr'><strong>ac</strong></span> <span class='ocrx_word' id='word_1_263' title='bbox 3395 1114 3518 1152; x_wconf 78' lang='lat' dir='ltr'><strong>cum</strong></span> 
     </span>
    </p>
   </div>
   <div class='ocr_carea' id='block_1_38' title="bbox 1974 1190 2766 1260">
    <p class='ocr_par' dir='ltr' id='par_1_38' title="bbox 1974 1190 2766 1260">
     <span class='ocr_line' id='line_1_38' title="bbox 1974 1190 2766 1260; baseline -0.004 -14"><span class='ocrx_word' id='word_1_264' title='bbox 1974 1193 2154 1246; x_wconf 77' lang='lat' dir='ltr'><strong>fenore</strong></span> <span class='ocrx_word' id='word_1_265' title='bbox 2182 1191 2332 1246; x_wconf 91' lang='lat' dir='ltr'><strong>nobis</strong></span> <span class='ocrx_word' id='word_1_266' title='bbox 2355 1191 2477 1246; x_wconf 91' lang='lat' dir='ltr'><strong>illud</strong></span> <span class='ocrx_word' id='word_1_267' title='bbox 2508 1190 2766 1260; x_wconf 79' lang='lat' dir='ltr'><strong>rependit.</strong></span> 
     </span>
    </p>
   </div>
   <div class='ocr_carea' id='block_1_39' title="bbox 2042 1277 3520 1348">
    <p class='ocr_par' dir='ltr' id='par_1_39' title="bbox 2042 1277 3520 1348">
     <span class='ocr_line' id='line_1_39' title="bbox 2042 1277 3520 1348; baseline -0.004 -14"><span class='ocrx_word' id='word_1_268' title='bbox 2042 1283 2172 1336; x_wconf 75' lang='lat' dir='ltr'><strong>CAP.</strong></span> <span class='ocrx_word' id='word_1_269' title='bbox 2203 1279 2338 1335; x_wconf 74' lang='lat' dir='ltr'><strong>XIV.</strong></span> <span class='ocrx_word' id='word_1_270' title='bbox 2367 1309 2438 1322; x_wconf 90' lang='lat'><strong>-—</strong></span> <span class='ocrx_word' id='word_1_271' title='bbox 2461 1280 2686 1336; x_wconf 87' lang='lat' dir='ltr'><strong>Rursum</strong></span> <span class='ocrx_word' id='word_1_272' title='bbox 2716 1281 2872 1348; x_wconf 87' lang='lat' dir='ltr'><strong>igitur</strong></span> <span class='ocrx_word' id='word_1_273' title='bbox 2895 1279 3148 1347; x_wconf 83' lang='lat' dir='ltr'><strong>Josaphat</strong></span> <span class='ocrx_word' id='word_1_274' title='bbox 3175 1277 3308 1331; x_wconf 85' lang='lat' dir='ltr'><strong>dixit</strong></span> <span class='ocrx_word' id='word_1_275' title='bbox 3349 1295 3364 1332; x_wconf 89' lang='lat'><strong>:</strong></span> <span class='ocrx_word' id='word_1_276' title='bbox 3407 1278 3520 1333; x_wconf 79' lang='lat' dir='ltr'><strong>Uti-</strong></span> 
     </span>
    </p>
   </div>
   <div class='ocr_carea' id='block_1_40' title="bbox 1975 1367 3520 1435">
    <p class='ocr_par' dir='ltr' id='par_1_40' title="bbox 1975 1367 3520 1435">
     <span class='ocr_line' id='line_1_40' title="bbox 1975 1367 3520 1435; baseline -0.001 -14"><span class='ocrx_word' id='word_1_277' title='bbox 1975 1385 2094 1424; x_wconf 87' lang='lat' dir='ltr'><strong>natu</strong></span> <span class='ocrx_word' id='word_1_278' title='bbox 2122 1371 2215 1425; x_wconf 91' lang='lat' dir='ltr'><strong>tibi</strong></span> <span class='ocrx_word' id='word_1_279' title='bbox 2240 1385 2272 1425; x_wconf 86' lang='lat' dir='ltr'><strong>a</strong></span> <span class='ocrx_word' id='word_1_280' title='bbox 2302 1371 2521 1424; x_wconf 88' lang='lat' dir='ltr'><strong>Domino</strong></span> <span class='ocrx_word' id='word_1_281' title='bbox 2545 1371 2653 1424; x_wconf 90' lang='lat' dir='ltr'><strong>Deo</strong></span> <span class='ocrx_word' id='word_1_282' title='bbox 2681 1378 2769 1424; x_wconf 92' lang='lat' dir='ltr'><strong>tuo</strong></span> <span class='ocrx_word' id='word_1_283' title='bbox 2795 1369 2969 1424; x_wconf 85' lang='lat' dir='ltr'><strong>omnia</strong></span> <span class='ocrx_word' id='word_1_284' title='bbox 2998 1367 3167 1420; x_wconf 81' lang='lat' dir='ltr'><strong>fausta</strong></span> <span class='ocrx_word' id='word_1_285' title='bbox 3202 1377 3256 1420; x_wconf 88' lang='lat' dir='ltr'><strong>et</strong></span> <span class='ocrx_word' id='word_1_286' title='bbox 3289 1367 3520 1435; x_wconf 84' lang='lat' dir='ltr'><strong>jucunda</strong></span> 
     </span>
    </p>
   </div>
   <div class='ocr_carea' id='block_1_41' title="bbox 1973 1457 3522 1523">
    <p class='ocr_par' dir='ltr' id='par_1_41' title="bbox 1973 1457 3522 1523">
     <span class='ocr_line' id='line_1_41' title="bbox 1973 1457 3522 1523; baseline -0.002 -11"><span class='ocrx_word' id='word_1_287' title='bbox 1973 1460 2099 1520; x_wconf 76' lang='lat' dir='ltr'><strong>sint.</strong></span> <span class='ocrx_word' id='word_1_288' title='bbox 2129 1459 2397 1513; x_wconf 86' lang='lat' dir='ltr'><strong>hominum</strong></span> <span class='ocrx_word' id='word_1_289' title='bbox 2426 1458 2833 1515; x_wconf 86' lang='lat' dir='ltr'><strong>sauientissime.</strong></span> <span class='ocrx_word' id='word_1_290' title='bbox 2863 1457 3135 1523; x_wconf 87' lang='lat' dir='ltr'><strong>Siquidem</strong></span> <span class='ocrx_word' id='word_1_291' title='bbox 3163 1459 3374 1522; x_wconf 88' lang='lat' dir='ltr'><strong>optimis</strong></span> <span class='ocrx_word' id='word_1_292' title='bbox 3420 1458 3522 1509; x_wconf 89' lang='lat' dir='ltr'><strong>tuis</strong></span> 
     </span>
    </p>
   </div>
   <div class='ocr_carea' id='block_1_42' title="bbox 1984 1532 3521 1605">
    <p class='ocr_par' dir='ltr' id='par_1_42' title="bbox 1984 1532 3521 1605">
     <span class='ocr_line' id='line_1_42' title="bbox 1984 1532 3521 1605; baseline -0.003 -16"><span class='ocrx_word' id='word_1_293' title='bbox 1984 1553 2224 1605; x_wconf 76' lang='lat' dir='ltr'><strong>aptisque</strong></span> <span class='ocrx_word' id='word_1_294' title='bbox 2242 1539 2576 1593; x_wconf 83' lang='lat' dir='ltr'><strong>sermonibus</strong></span> <span class='ocrx_word' id='word_1_295' title='bbox 2595 1540 2823 1590; x_wconf 85' lang='lat' dir='ltr'><strong>animum</strong></span> <span class='ocrx_word' id='word_1_296' title='bbox 2847 1553 3018 1590; x_wconf 88' lang='lat' dir='ltr'><strong>meum</strong></span> <span class='ocrx_word' id='word_1_297' title='bbox 3040 1535 3360 1589; x_wconf 67' lang='lat' dir='ltr'><strong>exhilarasti.</strong></span> <span class='ocrx_word' id='word_1_298' title='bbox 3383 1532 3521 1598; x_wconf 85' lang='lat' dir='ltr'><strong>Quo-</strong></span> 
     </span>
    </p>
   </div>
   <div class='ocr_carea' id='block_1_43' title="bbox 1979 1623 3525 1698">
    <p class='ocr_par' dir='ltr' id='par_1_43' title="bbox 1979 1623 3525 1698">
     <span class='ocr_line' id='line_1_43' title="bbox 1979 1623 3525 1698; baseline -0.005 -14"><span class='ocrx_word' id='word_1_299' title='bbox 1979 1631 2115 1684; x_wconf 88' lang='lat' dir='ltr'><strong>circa</strong></span> <span class='ocrx_word' id='word_1_300' title='bbox 2155 1632 2399 1684; x_wconf 82' lang='lat' dir='ltr'><strong>vanitatis</strong></span> <span class='ocrx_word' id='word_1_301' title='bbox 2428 1629 2592 1698; x_wconf 83' lang='lat' dir='ltr'><strong>hujus</strong></span> <span class='ocrx_word' id='word_1_302' title='bbox 2629 1629 2805 1683; x_wconf 83' lang='lat' dir='ltr'><strong>mundi</strong></span> <span class='ocrx_word' id='word_1_303' title='bbox 2845 1643 3048 1681; x_wconf 88' lang='lat' dir='ltr'><strong>rursum</strong></span> <span class='ocrx_word' id='word_1_304' title='bbox 3090 1627 3366 1696; x_wconf 75' lang='lat' dir='ltr'><strong>imaginem</strong></span> <span class='ocrx_word' id='word_1_305' title='bbox 3398 1623 3525 1677; x_wconf 91' lang='lat' dir='ltr'><strong>mihi</strong></span> 
     </span>
    </p>
   </div>
   <div class='ocr_carea' id='block_1_44' title="bbox 1978 1717 3526 1785">
    <p class='ocr_par' dir='ltr' id='par_1_44' title="bbox 1978 1717 3526 1785">
     <span class='ocr_line' id='line_1_44' title="bbox 1978 1717 3526 1785; baseline -0.003 -15"><span class='ocrx_word' id='word_1_306' title='bbox 1978 1719 2234 1784; x_wconf 79' lang='lat' dir='ltr'><strong>exprime,</strong></span> <span class='ocrx_word' id='word_1_307' title='bbox 2268 1729 2322 1772; x_wconf 92' lang='lat' dir='ltr'><strong>et</strong></span> <span class='ocrx_word' id='word_1_308' title='bbox 2347 1734 2445 1785; x_wconf 87' lang='lat' dir='ltr'><strong>qua</strong></span> <span class='ocrx_word' id='word_1_309' title='bbox 2475 1719 2678 1772; x_wconf 87' lang='lat' dir='ltr'><strong>ratione</strong></span> <span class='ocrx_word' id='word_1_310' title='bbox 2703 1719 2836 1771; x_wconf 89' lang='lat' dir='ltr'><strong>hanc</strong></span> <span class='ocrx_word' id='word_1_311' title='bbox 2863 1717 3021 1769; x_wconf 88' lang='lat' dir='ltr'><strong>vitam</strong></span> <span class='ocrx_word' id='word_1_312' title='bbox 3049 1717 3100 1768; x_wconf 93' lang='lat' dir='ltr'><strong>in</strong></span> <span class='ocrx_word' id='word_1_313' title='bbox 3132 1729 3259 1782; x_wconf 86' lang='lat' dir='ltr'><strong>pace</strong></span> <span class='ocrx_word' id='word_1_314' title='bbox 3288 1727 3350 1768; x_wconf 87' lang='lat' dir='ltr'><strong>ac</strong></span> <span class='ocrx_word' id='word_1_315' title='bbox 3375 1728 3526 1768; x_wconf 89' lang='lat' dir='ltr'><strong>secu-</strong></span> 
     </span>
    </p>
   </div>
   <div class='ocr_carea' id='block_1_45' title="bbox 1981 1809 2680 1877">
    <p class='ocr_par' dir='ltr' id='par_1_45' title="bbox 1981 1809 2680 1877">
     <span class='ocr_line' id='line_1_45' title="bbox 1981 1809 2680 1877; baseline -0.004 -15"><span class='ocrx_word' id='word_1_316' title='bbox 1981 1809 2136 1864; x_wconf 83' lang='lat' dir='ltr'><strong>ritate</strong></span> <span class='ocrx_word' id='word_1_317' title='bbox 2164 1823 2444 1877; x_wconf 79' lang='lat' dir='ltr'><strong>peragrare</strong></span> <span class='ocrx_word' id='word_1_318' title='bbox 2470 1823 2680 1877; x_wconf 88' lang='lat' dir='ltr'><strong>queam.</strong></span> 
     </span>
    </p>
   </div>
   <div class='ocr_carea' id='block_1_46' title="bbox 1902 1887 3531 1963">
    <p class='ocr_par' dir='ltr' id='par_1_46' title="bbox 1902 1887 3531 1963">
     <span class='ocr_line' id='line_1_46' title="bbox 1902 1887 3531 1963; baseline -0.001 -13"><span class='ocrx_word' id='word_1_319' title='bbox 1902 1905 1945 1960; x_wconf 84' lang='lat' dir='ltr'><strong>B</strong></span> <span class='ocrx_word' id='word_1_320' title='bbox 2052 1897 2332 1963; x_wconf 84' lang='lat' dir='ltr'><strong>Excipiens</strong></span> <span class='ocrx_word' id='word_1_321' title='bbox 2364 1895 2522 1962; x_wconf 84' lang='lat' dir='ltr'><strong>igitur</strong></span> <span class='ocrx_word' id='word_1_322' title='bbox 2547 1908 2842 1948; x_wconf 86' lang='lat' dir='ltr'><strong>sermonem</strong></span> <span class='ocrx_word' id='word_1_323' title='bbox 2873 1893 3142 1959; x_wconf 80' lang='lat' dir='ltr'><strong>Barlaam,</strong></span> <span class='ocrx_word' id='word_1_324' title='bbox 3161 1889 3235 1943; x_wconf 60' lang='lat' dir='ltr'><strong>ait</strong></span> <span class='ocrx_word' id='word_1_325' title='bbox 3256 1903 3272 1941; x_wconf 71' lang='grc' dir='ltr'><strong>ε</strong></span> <span class='ocrx_word' id='word_1_326' title='bbox 3297 1887 3531 1955; x_wconf 74' lang='lat' dir='ltr'><strong>Huiusce</strong></span> 
     </span>
    </p>
   </div>
   <div class='ocr_carea' id='block_1_47' title="bbox 1987 1979 3528 2054">
    <p class='ocr_par' dir='ltr' id='par_1_47' title="bbox 1987 1979 3528 2054">
     <span class='ocr_line' id='line_1_47' title="bbox 1987 1979 3528 2054; baseline -0.004 -17"><span class='ocrx_word' id='word_1_327' title='bbox 1987 1999 2195 2054; x_wconf 87' lang='lat' dir='ltr'><strong>quoque</strong></span> <span class='ocrx_word' id='word_1_328' title='bbox 2222 1985 2531 2052; x_wconf 73' lang='lat' dir='ltr'><strong>quazstionis</strong></span> <span class='ocrx_word' id='word_1_329' title='bbox 2560 1983 2951 2036; x_wconf 86' lang='lat' dir='ltr'><strong>similitudinem</strong></span> <span class='ocrx_word' id='word_1_330' title='bbox 2976 1982 3116 2034; x_wconf 90' lang='lat' dir='ltr'><strong>audi.</strong></span> <span class='ocrx_word' id='word_1_331' title='bbox 3134 1979 3328 2035; x_wconf 86' lang='lat' dir='ltr'><strong>Urbem</strong></span> <span class='ocrx_word' id='word_1_332' title='bbox 3346 1994 3528 2044; x_wconf 89' lang='lat' dir='ltr'><strong>quam-</strong></span> 
     </span>
    </p>
   </div>
   <div class='ocr_carea' id='block_1_48' title="bbox 1981 2069 3528 2141">
    <p class='ocr_par' dir='ltr' id='par_1_48' title="bbox 1981 2069 3528 2141">
     <span class='ocr_line' id='line_1_48' title="bbox 1981 2069 3528 2141; baseline -0.003 -16"><span class='ocrx_word' id='word_1_333' title='bbox 1981 2075 2098 2125; x_wconf 86' lang='lat' dir='ltr'><strong>dam</strong></span> <span class='ocrx_word' id='word_1_334' title='bbox 2129 2087 2366 2141; x_wconf 87' lang='lat' dir='ltr'><strong>maguam</strong></span> <span class='ocrx_word' id='word_1_335' title='bbox 2397 2072 2659 2126; x_wconf 83' lang='lat' dir='ltr'><strong>exstitisse</strong></span> <span class='ocrx_word' id='word_1_336' title='bbox 2695 2073 2900 2141; x_wconf 89' lang='lat' dir='ltr'><strong>accepi,</strong></span> <span class='ocrx_word' id='word_1_337' title='bbox 2931 2074 2985 2125; x_wconf 92' lang='lat' dir='ltr'><strong>in</strong></span> <span class='ocrx_word' id='word_1_338' title='bbox 3020 2087 3121 2140; x_wconf 91' lang='lat' dir='ltr'><strong>qua</strong></span> <span class='ocrx_word' id='word_1_339' title='bbox 3160 2071 3302 2125; x_wconf 86' lang='lat' dir='ltr'><strong>cives</strong></span> <span class='ocrx_word' id='word_1_340' title='bbox 3340 2069 3439 2122; x_wconf 91' lang='lat' dir='ltr'><strong>hoc</strong></span> <span class='ocrx_word' id='word_1_341' title='bbox 3478 2069 3528 2122; x_wconf 88' lang='lat' dir='ltr'><strong>in</strong></span> 
     </span>
    </p>
   </div>
   <div class='ocr_carea' id='block_1_49' title="bbox 1983 2159 3528 2231">
    <p class='ocr_par' dir='ltr' id='par_1_49' title="bbox 1983 2159 3528 2231">
     <span class='ocr_line' id='line_1_49' title="bbox 1983 2159 3528 2231; baseline -0.003 -14"><span class='ocrx_word' id='word_1_342' title='bbox 1983 2179 2129 2217; x_wconf 90' lang='lat' dir='ltr'><strong>more</strong></span> <span class='ocrx_word' id='word_1_343' title='bbox 2166 2172 2322 2229; x_wconf 79' lang='lat' dir='ltr'><strong>atque</strong></span> <span class='ocrx_word' id='word_1_344' title='bbox 2360 2164 2598 2217; x_wconf 89' lang='lat' dir='ltr'><strong>instituto</strong></span> <span class='ocrx_word' id='word_1_345' title='bbox 2628 2165 2852 2231; x_wconf 87' lang='lat' dir='ltr'><strong>positum</strong></span> <span class='ocrx_word' id='word_1_346' title='bbox 2893 2162 3175 2228; x_wconf 87' lang='lat' dir='ltr'><strong>habebant,</strong></span> <span class='ocrx_word' id='word_1_347' title='bbox 3207 2167 3263 2213; x_wconf 92' lang='lat' dir='ltr'><strong>ut</strong></span> <span class='ocrx_word' id='word_1_348' title='bbox 3298 2159 3528 2228; x_wconf 84' lang='lat' dir='ltr'><strong>peregri-</strong></span> 
     </span>
    </p>
   </div>
   <div class='ocr_carea' id='block_1_50' title="bbox 1983 2253 3524 2322">
    <p class='ocr_par' dir='ltr' id='par_1_50' title="bbox 1983 2253 3524 2322">
     <span class='ocr_line' id='line_1_50' title="bbox 1983 2253 3524 2322; baseline -0.003 -16"><span class='ocrx_word' id='word_1_349' title='bbox 1983 2269 2104 2306; x_wconf 87' lang='lat' dir='ltr'><strong>num</strong></span> <span class='ocrx_word' id='word_1_350' title='bbox 2135 2253 2412 2320; x_wconf 88' lang='lat' dir='ltr'><strong>quemdam</strong></span> <span class='ocrx_word' id='word_1_351' title='bbox 2451 2262 2502 2307; x_wconf 91' lang='lat' dir='ltr'><strong>et</strong></span> <span class='ocrx_word' id='word_1_352' title='bbox 2537 2253 2773 2322; x_wconf 86' lang='lat' dir='ltr'><strong>ignotum</strong></span> <span class='ocrx_word' id='word_1_353' title='bbox 2813 2253 3001 2318; x_wconf 86' lang='lat' dir='ltr'><strong>virum,</strong></span> <span class='ocrx_word' id='word_1_354' title='bbox 3030 2267 3090 2306; x_wconf 91' lang='lat' dir='ltr'><strong>ac</strong></span> <span class='ocrx_word' id='word_1_355' title='bbox 3120 2253 3292 2319; x_wconf 82' lang='lat' dir='ltr'><strong>legum</strong></span> <span class='ocrx_word' id='word_1_356' title='bbox 3320 2261 3374 2305; x_wconf 91' lang='lat' dir='ltr'><strong>et</strong></span> <span class='ocrx_word' id='word_1_357' title='bbox 3400 2264 3524 2305; x_wconf 82' lang='lat' dir='ltr'><strong>con-</strong></span> 
     </span>
    </p>
   </div>
   <div class='ocr_carea' id='block_1_51' title="bbox 1982 2340 3526 2411">
    <p class='ocr_par' dir='ltr' id='par_1_51' title="bbox 1982 2340 3526 2411">
     <span class='ocr_line' id='line_1_51' title="bbox 1982 2340 3526 2411; baseline -0.001 -17"><span class='ocrx_word' id='word_1_358' title='bbox 1982 2343 2318 2396; x_wconf 85' lang='lat' dir='ltr'><strong>suetudinum</strong></span> <span class='ocrx_word' id='word_1_359' title='bbox 2351 2344 2576 2396; x_wconf 84' lang='lat' dir='ltr'><strong>civitatis</strong></span> <span class='ocrx_word' id='word_1_360' title='bbox 2601 2345 2815 2397; x_wconf 90' lang='lat' dir='ltr'><strong>omnino</strong></span> <span class='ocrx_word' id='word_1_361' title='bbox 2839 2343 3025 2397; x_wconf 83' lang='lat' dir='ltr'><strong>rudem</strong></span> <span class='ocrx_word' id='word_1_362' title='bbox 3050 2351 3102 2396; x_wconf 93' lang='lat' dir='ltr'><strong>et</strong></span> <span class='ocrx_word' id='word_1_363' title='bbox 3127 2341 3363 2411; x_wconf 88' lang='lat' dir='ltr'><strong>ignarum</strong></span> <span class='ocrx_word' id='word_1_364' title='bbox 3391 2340 3526 2394; x_wconf 81' lang='lat' dir='ltr'><strong>acci-</strong></span> 
     </span>
    </p>
   </div>
   <div class='ocr_carea' id='block_1_52' title="bbox 1985 2420 3529 2501">
    <p class='ocr_par' dir='ltr' id='par_1_52' title="bbox 1985 2420 3529 2501">
     <span class='ocr_line' id='line_1_52' title="bbox 1985 2420 3529 2501; baseline -0.001 -17"><span class='ocrx_word' id='word_1_365' title='bbox 1985 2420 2190 2500; x_wconf 81' lang='lat' dir='ltr'><strong>pereat,</strong></span> <span class='ocrx_word' id='word_1_366' title='bbox 2221 2448 2446 2500; x_wconf 91' lang='lat' dir='ltr'><strong>eumque</strong></span> <span class='ocrx_word' id='word_1_367' title='bbox 2473 2434 2571 2486; x_wconf 87' lang='lat' dir='ltr'><strong>sibi</strong></span> <span class='ocrx_word' id='word_1_368' title='bbox 2603 2433 2730 2501; x_wconf 85' lang='lat' dir='ltr'><strong>ipsis</strong></span> <span class='ocrx_word' id='word_1_369' title='bbox 2750 2449 2925 2501; x_wconf 84' lang='lat' dir='ltr'><strong>regem</strong></span> <span class='ocrx_word' id='word_1_370' title='bbox 2948 2433 3343 2494; x_wconf 81' lang='lat' dir='ltr'><strong>constituerent,</strong></span> <span class='ocrx_word' id='word_1_371' title='bbox 3369 2442 3529 2497; x_wconf 86' lang='lat' dir='ltr'><strong>penes</strong></span> 
     </span>
    </p>
   </div>
   <div class='ocr_carea' id='block_1_53' title="bbox 1983 2519 3529 2591">
    <p class='ocr_par' dir='ltr' id='par_1_53' title="bbox 1983 2519 3529 2591">
     <span class='ocr_line' id='line_1_53' title="bbox 1983 2519 3529 2591; baseline -0.002 -18"><span class='ocrx_word' id='word_1_372' title='bbox 1983 2537 2137 2591; x_wconf 86' lang='lat' dir='ltr'><strong>quem</strong></span> <span class='ocrx_word' id='word_1_373' title='bbox 2168 2537 2261 2590; x_wconf 89' lang='lat' dir='ltr'><strong>per</strong></span> <span class='ocrx_word' id='word_1_374' title='bbox 2289 2523 2442 2576; x_wconf 91' lang='lat' dir='ltr'><strong>unius</strong></span> <span class='ocrx_word' id='word_1_375' title='bbox 2471 2523 2594 2576; x_wconf 91' lang='lat' dir='ltr'><strong>anni</strong></span> <span class='ocrx_word' id='word_1_376' title='bbox 2620 2523 2939 2576; x_wconf 90' lang='lat' dir='ltr'><strong>curriculum</strong></span> <span class='ocrx_word' id='word_1_377' title='bbox 2971 2535 3146 2574; x_wconf 88' lang='lat' dir='ltr'><strong>rerum</strong></span> <span class='ocrx_word' id='word_1_378' title='bbox 3173 2519 3406 2572; x_wconf 86' lang='lat' dir='ltr'><strong>omnium</strong></span> <span class='ocrx_word' id='word_1_379' title='bbox 3435 2533 3529 2586; x_wconf 91' lang='lat' dir='ltr'><strong>po-</strong></span> 
     </span>
    </p>
   </div>
   <div class='ocr_carea' id='block_1_54' title="bbox 1985 2611 3529 2682">
    <p class='ocr_par' dir='ltr' id='par_1_54' title="bbox 1985 2611 3529 2682">
     <span class='ocr_line' id='line_1_54' title="bbox 1985 2611 3529 2682; baseline -0.003 -13"><span class='ocrx_word' id='word_1_380' title='bbox 1985 2625 2148 2669; x_wconf 85' lang='lat' dir='ltr'><strong>testas</strong></span> <span class='ocrx_word' id='word_1_381' title='bbox 2173 2624 2334 2678; x_wconf 88' lang='lat' dir='ltr'><strong>esset,</strong></span> <span class='ocrx_word' id='word_1_382' title='bbox 2364 2611 2556 2682; x_wconf 83' lang='lat' dir='ltr'><strong>quique</strong></span> <span class='ocrx_word' id='word_1_383' title='bbox 2584 2613 2746 2667; x_wconf 89' lang='lat' dir='ltr'><strong>libere</strong></span> <span class='ocrx_word' id='word_1_384' title='bbox 2774 2622 2827 2668; x_wconf 90' lang='lat' dir='ltr'><strong>et</strong></span> <span class='ocrx_word' id='word_1_385' title='bbox 2860 2612 2974 2667; x_wconf 85' lang='lat' dir='ltr'><strong>sine</strong></span> <span class='ocrx_word' id='word_1_386' title='bbox 3011 2612 3119 2666; x_wconf 92' lang='lat' dir='ltr'><strong>ullo</strong></span> <span class='ocrx_word' id='word_1_387' title='bbox 3157 2611 3529 2678; x_wconf 81' lang='lat' dir='ltr'><strong>impedimento</strong></span> 
     </span>
    </p>
   </div>
   <div class='ocr_carea' id='block_1_55' title="bbox 1982 2702 3529 2773">
    <p class='ocr_par' dir='ltr' id='par_1_55' title="bbox 1982 2702 3529 2773">
     <span class='ocr_line' id='line_1_55' title="bbox 1982 2702 3529 2773; baseline -0.001 -16"><span class='ocrx_word' id='word_1_388' title='bbox 1982 2704 2232 2773; x_wconf 88' lang='lat' dir='ltr'><strong>quidquid</strong></span> <span class='ocrx_word' id='word_1_389' title='bbox 2264 2705 2442 2767; x_wconf 78' lang='lat' dir='ltr'><strong>vellet,</strong></span> <span class='ocrx_word' id='word_1_390' title='bbox 2475 2708 2688 2759; x_wconf 76' lang='lat' dir='ltr'><strong>faceret.</strong></span> <span class='ocrx_word' id='word_1_391' title='bbox 2715 2704 2838 2757; x_wconf 87' lang='lat' dir='ltr'><strong>Post</strong></span> <span class='ocrx_word' id='word_1_392' title='bbox 2869 2713 3064 2769; x_wconf 88' lang='lat' dir='ltr'><strong>autem,</strong></span> <span class='ocrx_word' id='word_1_393' title='bbox 3095 2704 3219 2758; x_wconf 90' lang='lat' dir='ltr'><strong>dum</strong></span> <span class='ocrx_word' id='word_1_394' title='bbox 3260 2702 3347 2757; x_wconf 92' lang='lat' dir='ltr'><strong>ille</strong></span> <span class='ocrx_word' id='word_1_395' title='bbox 3385 2703 3529 2755; x_wconf 91' lang='lat' dir='ltr'><strong>omni</strong></span> 
     </span>
    </p>
   </div>
   <div class='ocr_carea' id='block_1_56' title="bbox 1985 2793 3528 2866">
    <p class='ocr_par' dir='ltr' id='par_1_56' title="bbox 1985 2793 3528 2866">
     <span class='ocr_line' id='line_1_56' title="bbox 1985 2793 3528 2866; baseline -0.002 -17"><span class='ocrx_word' id='word_1_396' title='bbox 1985 2811 2200 2866; x_wconf 60' lang='lat' dir='ltr'><strong>prorsus</strong></span> <span class='ocrx_word' id='word_1_397' title='bbox 2225 2812 2350 2852; x_wconf 87' lang='lat' dir='ltr'><strong>cura</strong></span> <span class='ocrx_word' id='word_1_398' title='bbox 2381 2811 2575 2850; x_wconf 88' lang='lat' dir='ltr'><strong>vacuus</strong></span> <span class='ocrx_word' id='word_1_399' title='bbox 2611 2797 2844 2865; x_wconf 78' lang='lat' dir='ltr'><strong>degeret,</strong></span> <span class='ocrx_word' id='word_1_400' title='bbox 2871 2805 3029 2866; x_wconf 90' lang='lat' dir='ltr'><strong>atque</strong></span> <span class='ocrx_word' id='word_1_401' title='bbox 3058 2797 3111 2848; x_wconf 93' lang='lat' dir='ltr'><strong>in</strong></span> <span class='ocrx_word' id='word_1_402' title='bbox 3147 2795 3271 2848; x_wconf 86' lang='lat' dir='ltr'><strong>luxu</strong></span> <span class='ocrx_word' id='word_1_403' title='bbox 3306 2804 3360 2848; x_wconf 91' lang='lat' dir='ltr'><strong>et</strong></span> <span class='ocrx_word' id='word_1_404' title='bbox 3393 2793 3528 2846; x_wconf 71' lang='lat' dir='ltr'><strong>del--</strong></span> 
     </span>
    </p>
   </div>
   <div class='ocr_carea' id='block_1_57' title="bbox 1987 2882 3530 2952">
    <p class='ocr_par' dir='ltr' id='par_1_57' title="bbox 1987 2882 3530 2952">
     <span class='ocr_line' id='line_1_57' title="bbox 1987 2882 3530 2952; baseline -0.003 -13"><span class='ocrx_word' id='word_1_405' title='bbox 1987 2887 2082 2939; x_wconf 90' lang='lat' dir='ltr'><strong>ciis</strong></span> <span class='ocrx_word' id='word_1_406' title='bbox 2118 2900 2235 2939; x_wconf 58' lang='lat' dir='ltr'><strong>sine</strong></span> <span class='ocrx_word' id='word_1_407' title='bbox 2278 2885 2384 2938; x_wconf 89' lang='lat' dir='ltr'><strong>ullo</strong></span> <span class='ocrx_word' id='word_1_408' title='bbox 2423 2896 2563 2939; x_wconf 86' lang='lat' dir='ltr'><strong>metu</strong></span> <span class='ocrx_word' id='word_1_409' title='bbox 2603 2897 2897 2939; x_wconf 80' lang='lat' dir='ltr'><strong>versaretur</strong></span> <span class='ocrx_word' id='word_1_410' title='bbox 2921 2923 2938 2950; x_wconf 94' lang='lat'><strong>,</strong></span> <span class='ocrx_word' id='word_1_411' title='bbox 2978 2893 3393 2952; x_wconf 89' lang='lat' dir='ltr'><strong>perpetuumque</strong></span> <span class='ocrx_word' id='word_1_412' title='bbox 3430 2882 3530 2935; x_wconf 88' lang='lat' dir='ltr'><strong>sibi</strong></span> 
     </span>
    </p>
   </div>
   <div class='ocr_carea' id='block_1_58' title="bbox 1982 2975 3529 3049">
    <p class='ocr_par' dir='ltr' id='par_1_58' title="bbox 1982 2975 3529 3049">
     <span class='ocr_line' id='line_1_58' title="bbox 1982 2975 3529 3049; baseline -0.005 -16"><span class='ocrx_word' id='word_1_413' title='bbox 1982 2993 2198 3049; x_wconf 80' lang='lat' dir='ltr'><strong>regnum</strong></span> <span class='ocrx_word' id='word_1_414' title='bbox 2229 2981 2339 3032; x_wconf 86' lang='lat' dir='ltr'><strong>lore</strong></span> <span class='ocrx_word' id='word_1_415' title='bbox 2364 2979 2716 3041; x_wconf 76' lang='lat' dir='ltr'><strong>exisumaret,</strong></span> <span class='ocrx_word' id='word_1_416' title='bbox 2742 2987 2959 3046; x_wconf 85' lang='lat' dir='ltr'><strong>repente</strong></span> <span class='ocrx_word' id='word_1_417' title='bbox 2986 2979 3238 3030; x_wconf 84' lang='lat' dir='ltr'><strong>adversus</strong></span> <span class='ocrx_word' id='word_1_418' title='bbox 3280 2991 3401 3030; x_wconf 91' lang='lat' dir='ltr'><strong>eum</strong></span> <span class='ocrx_word' id='word_1_419' title='bbox 3448 2975 3529 3027; x_wconf 80' lang='lat' dir='ltr'><strong>in-</strong></span> 
     </span>
    </p>
   </div>
   <div class='ocr_carea' id='block_1_59' title="bbox 1983 3067 3530 3138">
    <p class='ocr_par' dir='ltr' id='par_1_59' title="bbox 1983 3067 3530 3138">
     <span class='ocr_line' id='line_1_59' title="bbox 1983 3067 3530 3138; baseline -0.004 -16"><span class='ocrx_word' id='word_1_420' title='bbox 1983 3079 2278 3138; x_wconf 81' lang='lat' dir='ltr'><strong>surgentes,</strong></span> <span class='ocrx_word' id='word_1_421' title='bbox 2301 3069 2602 3137; x_wconf 66' lang='lat' dir='ltr'><strong>reg-iamque</strong></span> <span class='ocrx_word' id='word_1_422' title='bbox 2628 3068 2726 3136; x_wconf 81' lang='lat' dir='ltr'><strong>ipsi</strong></span> <span class='ocrx_word' id='word_1_423' title='bbox 2749 3079 2946 3124; x_wconf 88' lang='lat' dir='ltr'><strong>vestem</strong></span> <span class='ocrx_word' id='word_1_424' title='bbox 2973 3067 3328 3130; x_wconf 86' lang='lat' dir='ltr'><strong>detrahentes,</strong></span> <span class='ocrx_word' id='word_1_425' title='bbox 3352 3080 3413 3118; x_wconf 87' lang='lat' dir='ltr'><strong>ac</strong></span> <span class='ocrx_word' id='word_1_426' title='bbox 3437 3080 3530 3116; x_wconf 80' lang='lat' dir='ltr'><strong>nu-</strong></span> 
     </span>
    </p>
   </div>
   <div class='ocr_carea' id='block_1_60' title="bbox 1983 3157 3530 3228">
    <p class='ocr_par' dir='ltr' id='par_1_60' title="bbox 1983 3157 3530 3228">
     <span class='ocr_line' id='line_1_60' title="bbox 1983 3157 3530 3228; baseline -0.002 -17"><span class='ocrx_word' id='word_1_427' title='bbox 1983 3158 2108 3212; x_wconf 87' lang='lat' dir='ltr'><strong>dum</strong></span> <span class='ocrx_word' id='word_1_428' title='bbox 2142 3175 2236 3227; x_wconf 91' lang='lat' dir='ltr'><strong>per</strong></span> <span class='ocrx_word' id='word_1_429' title='bbox 2262 3167 2424 3212; x_wconf 76' lang='lat' dir='ltr'><strong>tutam</strong></span> <span class='ocrx_word' id='word_1_430' title='bbox 2457 3159 2640 3212; x_wconf 88' lang='lat' dir='ltr'><strong>urbem</strong></span> <span class='ocrx_word' id='word_1_431' title='bbox 2670 3170 2916 3228; x_wconf 88' lang='lat' dir='ltr'><strong>tanquam</strong></span> <span class='ocrx_word' id='word_1_432' title='bbox 2943 3158 2995 3212; x_wconf 88' lang='lat' dir='ltr'><strong>in</strong></span> <span class='ocrx_word' id='word_1_433' title='bbox 3027 3157 3342 3225; x_wconf 89' lang='lat' dir='ltr'><strong>triumphum</strong></span> <span class='ocrx_word' id='word_1_434' title='bbox 3374 3171 3530 3224; x_wconf 80' lang='lat' dir='ltr'><strong>agen-</strong></span> 
     </span>
    </p>
   </div>
   <div class='ocr_carea' id='block_1_61' title="bbox 284 3222 1876 3320">
    <p class='ocr_par' dir='ltr' id='par_1_61' title="bbox 284 3222 1874 3300">
     <span class='ocr_line' id='line_1_61' title="bbox 284 3222 1874 3300; baseline -0.007 -15"><span class='ocrx_word' id='word_1_435' title='bbox 284 3233 450 3285; x_wconf 83' lang='grc' dir='ltr'>πόλιν</span> <span class='ocrx_word' id='word_1_436' title='bbox 471 3272 486 3295; x_wconf 92' lang='grc'><strong>,</strong></span> <span class='ocrx_word' id='word_1_437' title='bbox 515 3231 791 3300; x_wconf 75' lang='grc' dir='ltr'>ἐξόριστον</span> <span class='ocrx_word' id='word_1_438' title='bbox 821 3228 1069 3299; x_wconf 74' lang='grc' dir='ltr'>ἔπεμπον</span> <span class='ocrx_word' id='word_1_439' title='bbox 1103 3228 1184 3290; x_wconf 91' lang='grc' dir='ltr'><strong>είς</strong></span> <span class='ocrx_word' id='word_1_440' title='bbox 1222 3224 1444 3296; x_wconf 80' lang='grc' dir='ltr'>μακράν</span> <span class='ocrx_word' id='word_1_441' title='bbox 1479 3222 1874 3292; x_wconf 83' lang='grc' dir='ltr'>ἀπῳκισμένην</span> 
     </span>
    </p>
   </div>
   <div class='ocr_carea' id='block_1_62' title="bbox 1986 3222 3530 3320">
    <p class='ocr_par' dir='ltr' id='par_1_62' title="bbox 1987 3247 3530 3320">
     <span class='ocr_line' id='line_1_62' title="bbox 1987 3247 3530 3320; baseline -0.004 -16"><span class='ocrx_word' id='word_1_442' title='bbox 1987 3259 2085 3315; x_wconf 90' lang='lat' dir='ltr'><strong>tes,</strong></span> <span class='ocrx_word' id='word_1_443' title='bbox 2118 3252 2170 3305; x_wconf 89' lang='lat' dir='ltr'><strong>in</strong></span> <span class='ocrx_word' id='word_1_444' title='bbox 2197 3264 2435 3319; x_wconf 87' lang='lat' dir='ltr'><strong>magnam</strong></span> <span class='ocrx_word' id='word_1_445' title='bbox 2507 3253 2792 3320; x_wconf 88' lang='lat' dir='ltr'><strong>quamdam</strong></span> <span class='ocrx_word' id='word_1_446' title='bbox 2889 3263 2954 3303; x_wconf 89' lang='lat' dir='ltr'><strong>ac</strong></span> <span class='ocrx_word' id='word_1_447' title='bbox 3047 3247 3202 3319; x_wconf 89' lang='lat' dir='ltr'><strong>longe</strong></span> <span class='ocrx_word' id='word_1_448' title='bbox 3275 3257 3530 3302; x_wconf 77' lang='lat' dir='ltr'><strong>remotam</strong></span> 
     </span>
    </p>
   </div>
   <div class='ocr_carea' id='block_1_63' title="bbox 288 3313 1878 3395">
    <p class='ocr_par' dir='ltr' id='par_1_63' title="bbox 288 3313 1878 3395">
     <span class='ocr_line' id='line_1_63' title="bbox 288 3313 1878 3395; baseline -0.008 -17"><span class='ocrx_word' id='word_1_449' title='bbox 288 3327 390 3380; x_wconf 76' lang='grc' dir='ltr'>καὶ</span> <span class='ocrx_word' id='word_1_450' title='bbox 440 3323 683 3395; x_wconf 84' lang='grc' dir='ltr'>μεγάλην</span> <span class='ocrx_word' id='word_1_451' title='bbox 710 3321 835 3375; x_wconf 88' lang='grc' dir='ltr'>τινὰ</span> <span class='ocrx_word' id='word_1_452' title='bbox 864 3322 1049 3391; x_wconf 84' lang='grc' dir='ltr'>νῆσον,</span> <span class='ocrx_word' id='word_1_453' title='bbox 1085 3320 1143 3374; x_wconf 90' lang='grc' dir='ltr'><strong>ἐν</strong></span> <span class='ocrx_word' id='word_1_454' title='bbox 1169 3315 1225 3393; x_wconf 84' lang='grc' dir='ltr'>ᾖ,</span> <span class='ocrx_word' id='word_1_455' title='bbox 1261 3319 1398 3390; x_wconf 86' lang='grc' dir='ltr'>μήτε</span> <span class='ocrx_word' id='word_1_456' title='bbox 1445 3315 1743 3387; x_wconf 84' lang='grc' dir='ltr'>διατροφῆς</span> <span class='ocrx_word' id='word_1_457' title='bbox 1788 3313 1878 3367; x_wconf 83' lang='grc' dir='ltr'>εὐ-</span> 
     </span>
    </p>
   </div>
   <div class='ocr_carea' id='block_1_64' title="bbox 293 3405 1879 3488">
    <p class='ocr_par' dir='ltr' id='par_1_64' title="bbox 293 3405 1879 3488">
     <span class='ocr_line' id='line_1_64' title="bbox 293 3405 1879 3488; baseline -0.009 -17"><span class='ocrx_word' id='word_1_458' title='bbox 293 3417 483 3488; x_wconf 81' lang='grc' dir='ltr'>πορῶν</span> <span class='ocrx_word' id='word_1_459' title='bbox 535 3416 674 3487; x_wconf 80' lang='grc' dir='ltr'>μήτε</span> <span class='ocrx_word' id='word_1_460' title='bbox 727 3413 1077 3484; x_wconf 87' lang='grc' dir='ltr'>ἐνδυμάτων,</span> <span class='ocrx_word' id='word_1_461' title='bbox 1126 3413 1185 3465; x_wconf 89' lang='grc' dir='ltr'><strong>ἐν</strong></span> <span class='ocrx_word' id='word_1_462' title='bbox 1234 3410 1380 3482; x_wconf 87' lang='grc' dir='ltr'>λιμῷ</span> <span class='ocrx_word' id='word_1_463' title='bbox 1431 3409 1528 3462; x_wconf 78' lang='grc' dir='ltr'><strong>καὶ</strong></span> <span class='ocrx_word' id='word_1_464' title='bbox 1575 3405 1879 3478; x_wconf 86' lang='grc' dir='ltr'>γυμνότητι</span> 
     </span>
    </p>
   </div>
   <div class='ocr_carea' id='block_1_65' title="bbox 291 3494 1880 3578">
    <p class='ocr_par' dir='ltr' id='par_1_65' title="bbox 291 3494 1880 3578">
     <span class='ocr_line' id='line_1_65' title="bbox 291 3494 1880 3578; baseline -0.008 -15"><span class='ocrx_word' id='word_1_465' title='bbox 291 3509 483 3573; x_wconf 78' lang='grc' dir='ltr'>δεινῶς</span> <span class='ocrx_word' id='word_1_466' title='bbox 511 3506 896 3578; x_wconf 86' lang='grc' dir='ltr'>κατετρύχετο,</span> <span class='ocrx_word' id='word_1_467' title='bbox 927 3505 1026 3575; x_wconf 81' lang='grc' dir='ltr'>τῆς</span> <span class='ocrx_word' id='word_1_468' title='bbox 1061 3503 1193 3574; x_wconf 83' lang='grc' dir='ltr'>παρ’</span> <span class='ocrx_word' id='word_1_469' title='bbox 1223 3502 1416 3556; x_wconf 81' lang='grc' dir='ltr'>ἐλπίδα</span> <span class='ocrx_word' id='word_1_470' title='bbox 1444 3499 1698 3570; x_wconf 81' lang='grc' dir='ltr'>δοθείσης</span> <span class='ocrx_word' id='word_1_471' title='bbox 1728 3494 1880 3567; x_wconf 82' lang='grc' dir='ltr'>αὑτῷ</span> 
     </span>
    </p>
   </div>
   <div class='ocr_carea' id='block_1_66' title="bbox 285 3587 1879 3672">
    <p class='ocr_par' dir='ltr' id='par_1_66' title="bbox 285 3587 1879 3672">
     <span class='ocr_line' id='line_1_66' title="bbox 285 3587 1879 3672; baseline -0.009 -16"><span class='ocrx_word' id='word_1_472' title='bbox 285 3601 508 3672; x_wconf 80' lang='grc' dir='ltr'>τρυφῆς</span> <span class='ocrx_word' id='word_1_473' title='bbox 539 3601 634 3654; x_wconf 75' lang='grc' dir='ltr'><strong>καὶ</strong></span> <span class='ocrx_word' id='word_1_474' title='bbox 671 3598 940 3670; x_wconf 85' lang='grc' dir='ltr'>θυμηδίας</span> <span class='ocrx_word' id='word_1_475' title='bbox 970 3598 1050 3659; x_wconf 87' lang='grc' dir='ltr'><strong>είς</strong></span> <span class='ocrx_word' id='word_1_476' title='bbox 1079 3595 1260 3666; x_wconf 86' lang='grc' dir='ltr'>λύπην</span> <span class='ocrx_word' id='word_1_477' title='bbox 1305 3589 1463 3656; x_wconf 80' lang='grc' dir='ltr'>αὖθις</span> <span class='ocrx_word' id='word_1_478' title='bbox 1494 3591 1590 3646; x_wconf 73' lang='grc' dir='ltr'><strong>καὶ</strong></span> <span class='ocrx_word' id='word_1_479' title='bbox 1626 3590 1760 3663; x_wconf 82' lang='grc' dir='ltr'>παρ’</span> <span class='ocrx_word' id='word_1_480' title='bbox 1787 3587 1879 3642; x_wconf 82' lang='grc' dir='ltr'>ἐλ-</span> 
     </span>
    </p>
   </div>
   <div class='ocr_carea' id='block_1_67' title="bbox 287 3685 1640 3762">
    <p class='ocr_par' dir='ltr' id='par_1_67' title="bbox 287 3685 1640 3762">
     <span class='ocr_line' id='line_1_67' title="bbox 287 3685 1640 3762; baseline -0.007 -14"><span class='ocrx_word' id='word_1_481' title='bbox 287 3695 425 3748; x_wconf 80' lang='grc' dir='ltr'>πίδα</span> <span class='ocrx_word' id='word_1_482' title='bbox 459 3695 637 3748; x_wconf 75' lang='grc' dir='ltr'>πᾶσαν</span> <span class='ocrx_word' id='word_1_483' title='bbox 663 3691 758 3745; x_wconf 72' lang='grc' dir='ltr'><strong>καὶ</strong></span> <span class='ocrx_word' id='word_1_484' title='bbox 786 3687 1120 3762; x_wconf 87' lang='grc' dir='ltr'>προσδοκίαν</span> <span class='ocrx_word' id='word_1_485' title='bbox 1151 3685 1640 3758; x_wconf 87' lang='grc' dir='ltr'>μεταμειφθείσης.</span> 
     </span>
    </p>
   </div>
   <div class='ocr_carea' id='block_1_68' title="bbox 367 3953 1883 4036">
    <p class='ocr_par' dir='ltr' id='par_1_68' title="bbox 367 3953 1883 4036">
     <span class='ocr_line' id='line_1_68' title="bbox 367 3953 1883 4036; baseline -0.009 -15"><span class='ocrx_word' id='word_1_486' title='bbox 367 3965 531 4021; x_wconf 82' lang='grc' dir='ltr'>Κατά</span> <span class='ocrx_word' id='word_1_487' title='bbox 552 3963 614 4018; x_wconf 83' lang='grc' dir='ltr'><strong>τὸ</strong></span> <span class='ocrx_word' id='word_1_488' title='bbox 641 3959 1143 4036; x_wconf 81' lang='grc' dir='ltr'>παρακολουθῆσαν</span> <span class='ocrx_word' id='word_1_489' title='bbox 1162 3957 1346 4012; x_wconf 83' lang='grc' dir='ltr'>τοίνυν</span> <span class='ocrx_word' id='word_1_490' title='bbox 1367 3955 1490 4018; x_wconf 89' lang='grc' dir='ltr'>ἔθος</span> <span class='ocrx_word' id='word_1_491' title='bbox 1513 3953 1624 4008; x_wconf 85' lang='grc' dir='ltr'>τῶν</span> <span class='ocrx_word' id='word_1_492' title='bbox 1651 3953 1883 4008; x_wconf 82' lang='grc' dir='ltr'>πολιτῶν</span> 
     </span>
    </p>
   </div>
   <div class='ocr_carea' id='block_1_69' title="bbox 290 4046 1883 4128">
    <p class='ocr_par' dir='ltr' id='par_1_69' title="bbox 290 4046 1883 4128">
     <span class='ocr_line' id='line_1_69' title="bbox 290 4046 1883 4128; baseline -0.01 -13"><span class='ocrx_word' id='word_1_493' title='bbox 290 4061 564 4125; x_wconf 78' lang='grc' dir='ltr'>ἐκείνων,</span> <span class='ocrx_word' id='word_1_494' title='bbox 611 4053 1006 4128; x_wconf 85' lang='grc' dir='ltr'>προεχειρίσθη</span> <span class='ocrx_word' id='word_1_495' title='bbox 1048 4070 1134 4116; x_wconf 87' lang='grc' dir='ltr'><strong>τις</strong></span> <span class='ocrx_word' id='word_1_496' title='bbox 1170 4051 1312 4121; x_wconf 86' lang='grc' dir='ltr'>ἀνὴρ</span> <span class='ocrx_word' id='word_1_497' title='bbox 1351 4051 1432 4113; x_wconf 88' lang='grc' dir='ltr'><strong>είς</strong></span> <span class='ocrx_word' id='word_1_498' title='bbox 1463 4048 1564 4119; x_wconf 85' lang='grc' dir='ltr'>τὴν</span> <span class='ocrx_word' id='word_1_499' title='bbox 1603 4046 1883 4119; x_wconf 84' lang='grc' dir='ltr'>βασιλείαν</span> 
     </span>
    </p>
   </div>
   <div class='ocr_carea' id='block_1_70' title="bbox 297 4138 1884 4224">
    <p class='ocr_par' dir='ltr' id='par_1_70' title="bbox 297 4138 1884 4224">
     <span class='ocr_line' id='line_1_70' title="bbox 297 4138 1884 4224; baseline -0.008 -19"><span class='ocrx_word' id='word_1_500' title='bbox 297 4153 466 4224; x_wconf 79' lang='lat'><strong>119</strong></span> <span class='ocrx_word' id='word_1_501' title='bbox 505 4149 720 4204; x_wconf 79' lang='grc' dir='ltr'>συνέσει</span> <span class='ocrx_word' id='word_1_502' title='bbox 764 4147 936 4219; x_wconf 81' lang='grc' dir='ltr'>πολλῇ</span> <span class='ocrx_word' id='word_1_503' title='bbox 971 4144 1064 4199; x_wconf 83' lang='grc' dir='ltr'><strong>τὸν</strong></span> <span class='ocrx_word' id='word_1_504' title='bbox 1117 4141 1379 4212; x_wconf 87' lang='grc' dir='ltr'>λογισμὸν</span> <span class='ocrx_word' id='word_1_505' title='bbox 1415 4139 1725 4210; x_wconf 87' lang='grc' dir='ltr'>κατάκομον</span> <span class='ocrx_word' id='word_1_506' title='bbox 1772 4138 1884 4210; x_wconf 78' lang='grc'><strong>(67)</strong></span> 
     </span>
    </p>
   </div>
   <div class='ocr_carea' id='block_1_71' title="bbox 292 4228 1885 4318">
    <p class='ocr_par' dir='ltr' id='par_1_71' title="bbox 292 4228 1885 4318">
     <span class='ocr_line' id='line_1_71' title="bbox 292 4228 1885 4318; baseline -0.014 -18"><span class='ocrx_word' id='word_1_507' title='bbox 292 4248 460 4318; x_wconf 77' lang='grc' dir='ltr'>ἔχων,</span> <span class='ocrx_word' id='word_1_508' title='bbox 490 4244 550 4307; x_wconf 82' lang='grc' dir='ltr'>ὃς</span> <span class='ocrx_word' id='word_1_509' title='bbox 579 4240 780 4296; x_wconf 82' lang='grc' dir='ltr'>αὐτίκα</span> <span class='ocrx_word' id='word_1_510' title='bbox 804 4239 881 4311; x_wconf 78' lang='grc' dir='ltr'>μὴ</span> <span class='ocrx_word' id='word_1_511' title='bbox 916 4233 1323 4306; x_wconf 72' lang='grc' dir='ltr'>συναρπασθεὶς</span> <span class='ocrx_word' id='word_1_512' title='bbox 1347 4235 1414 4304; x_wconf 79' lang='grc' dir='ltr'>τῇ</span> <span class='ocrx_word' id='word_1_513' title='bbox 1446 4228 1885 4304; x_wconf 74' lang='grc' dir='ltr'>ἐξαίφνης”αὒτῷ</span> 
     </span>
    </p>
   </div>
   <div class='ocr_carea' id='block_1_72' title="bbox 295 4323 1885 4408">
    <p class='ocr_par' dir='ltr' id='par_1_72' title="bbox 295 4323 1885 4408">
     <span class='ocr_line' id='line_1_72' title="bbox 295 4323 1885 4408; baseline -0.009 -16"><span class='ocrx_word' id='word_1_514' title='bbox 295 4333 692 4408; x_wconf 80' lang='grc' dir='ltr'>προσπεσούσῃ</span> <span class='ocrx_word' id='word_1_515' title='bbox 723 4331 970 4401; x_wconf 76' lang='grc' dir='ltr'>εύθηνίᾳ,</span> <span class='ocrx_word' id='word_1_516' title='bbox 1009 4326 1144 4400; x_wconf 85' lang='grc' dir='ltr'><strong>μηδέ</strong></span> <span class='ocrx_word' id='word_1_517' title='bbox 1167 4326 1276 4380; x_wconf 83' lang='grc' dir='ltr'>τῶν</span> <span class='ocrx_word' id='word_1_518' title='bbox 1305 4323 1885 4397; x_wconf 75' lang='grc' dir='ltr'>προϐεϐασιλευκότων</span> 
     </span>
    </p>
   </div>
   <div class='ocr_carea' id='block_1_73' title="bbox 293 4413 1882 4494">
    <p class='ocr_par' dir='ltr' id='par_1_73' title="bbox 293 4413 1882 4494">
     <span class='ocr_line' id='line_1_73' title="bbox 293 4413 1882 4494; baseline -0.01 -11"><span class='ocrx_word' id='word_1_519' title='bbox 293 4431 396 4483; x_wconf 76' lang='grc' dir='ltr'>καὶ</span> <span class='ocrx_word' id='word_1_520' title='bbox 441 4427 646 4488; x_wconf 84' lang='grc' dir='ltr'>ἀθλίως</span> <span class='ocrx_word' id='word_1_521' title='bbox 683 4421 1063 4494; x_wconf 73' lang='grc' dir='ltr'>ἐκϐληθέντων</span> <span class='ocrx_word' id='word_1_522' title='bbox 1108 4419 1208 4491; x_wconf 82' lang='grc' dir='ltr'>τὴν</span> <span class='ocrx_word' id='word_1_523' title='bbox 1239 4416 1577 4489; x_wconf 86' lang='grc' dir='ltr'>ἀμεριμνίαν</span> <span class='ocrx_word' id='word_1_524' title='bbox 1608 4413 1882 4486; x_wconf 79' lang='grc' dir='ltr'>ζηλώσας,</span> 
     </span>
    </p>
   </div>
   <div class='ocr_carea' id='block_1_74' title="bbox 293 4506 1886 4593">
    <p class='ocr_par' dir='ltr' id='par_1_74' title="bbox 293 4506 1886 4593">
     <span class='ocr_line' id='line_1_74' title="bbox 293 4506 1886 4593; baseline -0.01 -18"><span class='ocrx_word' id='word_1_525' title='bbox 293 4522 643 4593; x_wconf 81' lang='grc' dir='ltr'>ἐμμέριμνον</span> <span class='ocrx_word' id='word_1_526' title='bbox 687 4513 803 4587; x_wconf 80' lang='grc' dir='ltr'>εἶχε</span> <span class='ocrx_word' id='word_1_527' title='bbox 842 4515 938 4569; x_wconf 73' lang='grc' dir='ltr'>καὶ</span> <span class='ocrx_word' id='word_1_528' title='bbox 974 4510 1270 4581; x_wconf 84' lang='grc' dir='ltr'>ἐναγώνιον</span> <span class='ocrx_word' id='word_1_529' title='bbox 1314 4509 1415 4580; x_wconf 85' lang='grc' dir='ltr'>τὴν</span> <span class='ocrx_word' id='word_1_530' title='bbox 1460 4507 1638 4580; x_wconf 80' lang='grc' dir='ltr'>ψυχὴν</span> <span class='ocrx_word' id='word_1_531' title='bbox 1670 4507 1788 4571; x_wconf 83' lang='grc' dir='ltr'>πῶς</span> <span class='ocrx_word' id='word_1_532' title='bbox 1819 4506 1886 4561; x_wconf 85' lang='grc' dir='ltr'><strong>ἂν</strong></span> 
     </span>
    </p>
   </div>
   <div class='ocr_carea' id='block_1_75' title="bbox 1983 3336 3530 3410">
    <p class='ocr_par' dir='ltr' id='par_1_75' title="bbox 1983 3336 3530 3410">
     <span class='ocr_line' id='line_1_75' title="bbox 1983 3336 3530 3410; baseline -0.007 -11"><span class='ocrx_word' id='word_1_533' title='bbox 1983 3345 2206 3400; x_wconf 88' lang='lat' dir='ltr'><strong>insulam</strong></span> <span class='ocrx_word' id='word_1_534' title='bbox 2235 3357 2353 3397; x_wconf 90' lang='lat' dir='ltr'><strong>eum</strong></span> <span class='ocrx_word' id='word_1_535' title='bbox 2384 3340 2706 3409; x_wconf 77' lang='lat' dir='ltr'><strong>relegabant,</strong></span> <span class='ocrx_word' id='word_1_536' title='bbox 2739 3340 2790 3392; x_wconf 91' lang='lat' dir='ltr'><strong>in</strong></span> <span class='ocrx_word' id='word_1_537' title='bbox 2820 3354 2922 3410; x_wconf 91' lang='lat' dir='ltr'><strong>qua</strong></span> <span class='ocrx_word' id='word_1_538' title='bbox 2960 3353 3056 3394; x_wconf 90' lang='lat' dir='ltr'><strong>nec</strong></span> <span class='ocrx_word' id='word_1_539' title='bbox 3084 3341 3222 3391; x_wconf 86' lang='lat' dir='ltr'><strong>victu</strong></span> <span class='ocrx_word' id='word_1_540' title='bbox 3253 3351 3349 3391; x_wconf 94' lang='lat' dir='ltr'><strong>nec</strong></span> <span class='ocrx_word' id='word_1_541' title='bbox 3376 3336 3530 3390; x_wconf 90' lang='lat' dir='ltr'><strong>indu-</strong></span> 
     </span>
    </p>
   </div>
   <div class='ocr_carea' id='block_1_76' title="bbox 1983 3424 3543 3498">
    <p class='ocr_par' dir='ltr' id='par_1_76' title="bbox 1983 3424 3543 3498">
     <span class='ocr_line' id='line_1_76' title="bbox 1983 3424 3543 3498; baseline -0.006 -12"><span class='ocrx_word' id='word_1_542' title='bbox 1983 3430 2176 3486; x_wconf 83' lang='lat' dir='ltr'><strong>mentis</strong></span> <span class='ocrx_word' id='word_1_543' title='bbox 2216 3429 2651 3498; x_wconf 88' lang='lat' dir='ltr'><strong>suppetentibus,</strong></span> <span class='ocrx_word' id='word_1_544' title='bbox 2694 3428 2831 3482; x_wconf 83' lang='lat' dir='ltr'><strong>fame</strong></span> <span class='ocrx_word' id='word_1_545' title='bbox 2867 3441 2928 3480; x_wconf 86' lang='lat' dir='ltr'><strong>ac</strong></span> <span class='ocrx_word' id='word_1_546' title='bbox 2967 3425 3200 3479; x_wconf 88' lang='lat' dir='ltr'><strong>nuditate</strong></span> <span class='ocrx_word' id='word_1_547' title='bbox 3237 3424 3543 3477; x_wconf 53' lang='lat' dir='ltr'><strong>miserrime.</strong></span> 
     </span>
    </p>
   </div>
   <div class='ocr_carea' id='block_1_77' title="bbox 1983 3513 3510 3590">
    <p class='ocr_par' dir='ltr' id='par_1_77' title="bbox 1983 3513 3510 3590">
     <span class='ocr_line' id='line_1_77' title="bbox 1983 3513 3510 3590; baseline -0.007 -15"><span class='ocrx_word' id='word_1_548' title='bbox 1983 3520 2341 3590; x_wconf 88' lang='lat' dir='ltr'><strong>premebatur,</strong></span> <span class='ocrx_word' id='word_1_549' title='bbox 2371 3518 2640 3584; x_wconf 79' lang='lat' dir='ltr'><strong>voluptate</strong></span> <span class='ocrx_word' id='word_1_550' title='bbox 2657 3516 2858 3571; x_wconf 88' lang='lat' dir='ltr'><strong>scilicet</strong></span> <span class='ocrx_word' id='word_1_551' title='bbox 2877 3525 3033 3585; x_wconf 85' lang='lat' dir='ltr'><strong>atque</strong></span> <span class='ocrx_word' id='word_1_552' title='bbox 3059 3514 3218 3568; x_wconf 89' lang='lat' dir='ltr'><strong>animi</strong></span> <span class='ocrx_word' id='word_1_553' title='bbox 3248 3513 3510 3566; x_wconf 82' lang='lat' dir='ltr'><strong>hilaritate</strong></span> 
     </span>
    </p>
   </div>
   <div class='ocr_carea' id='block_1_78' title="bbox 1983 3606 3530 3684">
    <p class='ocr_par' dir='ltr' id='par_1_78' title="bbox 1983 3606 3530 3684">
     <span class='ocr_line' id='line_1_78' title="bbox 1983 3606 3530 3684; baseline -0.006 -18"><span class='ocrx_word' id='word_1_554' title='bbox 1983 3628 2100 3684; x_wconf 75' lang='lat' dir='ltr'><strong>qua:</strong></span> <span class='ocrx_word' id='word_1_555' title='bbox 2129 3620 2322 3680; x_wconf 67' lang='lat' dir='ltr'><strong>prazter</strong></span> <span class='ocrx_word' id='word_1_556' title='bbox 2340 3625 2486 3677; x_wconf 82' lang='lat' dir='ltr'><strong>spem</strong></span> <span class='ocrx_word' id='word_1_557' title='bbox 2511 3611 2607 3677; x_wconf 92' lang='lat' dir='ltr'><strong>ipsi</strong></span> <span class='ocrx_word' id='word_1_558' title='bbox 2635 3619 2882 3664; x_wconf 88' lang='lat' dir='ltr'><strong>concessa</strong></span> <span class='ocrx_word' id='word_1_559' title='bbox 2910 3609 3098 3672; x_wconf 80' lang='lat' dir='ltr'><strong>fuerat,</strong></span> <span class='ocrx_word' id='word_1_560' title='bbox 3146 3606 3200 3660; x_wconf 93' lang='lat' dir='ltr'><strong>in</strong></span> <span class='ocrx_word' id='word_1_561' title='bbox 3251 3619 3530 3660; x_wconf 71' lang='lat' dir='ltr'><strong>maerorem</strong></span> 
     </span>
    </p>
   </div>
   <div class='ocr_carea' id='block_1_79' title="bbox 1985 3697 3529 3770">
    <p class='ocr_par' dir='ltr' id='par_1_79' title="bbox 1985 3697 3529 3770">
     <span class='ocr_line' id='line_1_79' title="bbox 1985 3697 3529 3770; baseline -0.006 -13"><span class='ocrx_word' id='word_1_562' title='bbox 1985 3716 2168 3757; x_wconf 86' lang='lat' dir='ltr'><strong>rursus</strong></span> <span class='ocrx_word' id='word_1_563' title='bbox 2196 3710 2383 3770; x_wconf 79' lang='lat' dir='ltr'><strong>praeter</strong></span> <span class='ocrx_word' id='word_1_564' title='bbox 2407 3715 2554 3758; x_wconf 86' lang='lat' dir='ltr'><strong>spem</strong></span> <span class='ocrx_word' id='word_1_565' title='bbox 2585 3714 2794 3755; x_wconf 86' lang='lat' dir='ltr'><strong>omnem</strong></span> <span class='ocrx_word' id='word_1_566' title='bbox 2822 3709 2877 3755; x_wconf 90' lang='lat' dir='ltr'><strong>et</strong></span> <span class='ocrx_word' id='word_1_567' title='bbox 2898 3697 3354 3768; x_wconf 78' lang='lat' dir='ltr'><strong>exspectationem</strong></span> <span class='ocrx_word' id='word_1_568' title='bbox 3381 3710 3529 3750; x_wconf 84' lang='lat' dir='ltr'><strong>com-</strong></span> 
     </span>
    </p>
   </div>
   <div class='ocr_carea' id='block_1_80' title="bbox 1987 3800 3256 3847">
    <p class='ocr_par' dir='ltr' id='par_1_80' title="bbox 1987 3800 3256 3847">
     <span class='ocr_line' id='line_1_80' title="bbox 1987 3800 3256 3847; baseline 0.006 -3"><span class='ocrx_word' id='word_1_569' title='bbox 1987 3800 2202 3847; x_wconf 86' lang='lat' dir='ltr'><strong>mutata.</strong></span> <span class='ocrx_word' id='word_1_570' title='bbox 3253 3806 3256 3808; x_wconf 68' lang='lat'><strong>&#39;</strong></span> 
     </span>
    </p>
   </div>
   <div class='ocr_carea' id='block_1_81' title="bbox 2063 3938 3536 4022">
    <p class='ocr_par' dir='ltr' id='par_1_81' title="bbox 2063 3938 3536 4022">
     <span class='ocr_line' id='line_1_81' title="bbox 2063 3938 3536 4022; baseline -0.016 -14"><span class='ocrx_word' id='word_1_571' title='bbox 2063 3951 2294 4022; x_wconf 79' lang='lat' dir='ltr'><strong>Contigit</strong></span> <span class='ocrx_word' id='word_1_572' title='bbox 2319 3962 2447 4019; x_wconf 86' lang='lat' dir='ltr'><strong>ergo</strong></span> <span class='ocrx_word' id='word_1_573' title='bbox 2475 3955 2532 4002; x_wconf 91' lang='lat' dir='ltr'><strong>ut</strong></span> <span class='ocrx_word' id='word_1_574' title='bbox 2558 3960 2653 4015; x_wconf 88' lang='lat' dir='ltr'><strong>pro</strong></span> <span class='ocrx_word' id='word_1_575' title='bbox 2678 3942 2890 4010; x_wconf 86' lang='lat' dir='ltr'><strong>antiquo</strong></span> <span class='ocrx_word' id='word_1_576' title='bbox 2917 3938 3358 3994; x_wconf 66' lang='lat' dir='ltr'><strong>civiumillorum.</strong></span> <span class='ocrx_word' id='word_1_577' title='bbox 3390 3946 3536 3985; x_wconf 87' lang='lat' dir='ltr'><strong>more</strong></span> 
     </span>
    </p>
   </div>
   <div class='ocr_carea' id='block_1_82' title="bbox 1995 4021 3542 4114">
    <p class='ocr_par' dir='ltr' id='par_1_82' title="bbox 1995 4021 3542 4114">
     <span class='ocr_line' id='line_1_82' title="bbox 1995 4021 3542 4114; baseline -0.017 -15"><span class='ocrx_word' id='word_1_578' title='bbox 1995 4055 2155 4114; x_wconf 86' lang='lat' dir='ltr'><strong>atque</strong></span> <span class='ocrx_word' id='word_1_579' title='bbox 2180 4021 2438 4102; x_wconf 86' lang='lat' dir='ltr'><strong>instituto,</strong></span> <span class='ocrx_word' id='word_1_580' title='bbox 2467 4039 2547 4092; x_wconf 87' lang='lat' dir='ltr'><strong>vir</strong></span> <span class='ocrx_word' id='word_1_581' title='bbox 2574 4035 2784 4106; x_wconf 90' lang='lat' dir='ltr'><strong>quidam</strong></span> <span class='ocrx_word' id='word_1_582' title='bbox 2834 4043 3022 4100; x_wconf 84' lang='lat' dir='ltr'><strong>magno</strong></span> <span class='ocrx_word' id='word_1_583' title='bbox 3067 4023 3261 4095; x_wconf 78' lang='lat' dir='ltr'><strong>ingenii</strong></span> <span class='ocrx_word' id='word_1_584' title='bbox 3303 4021 3542 4076; x_wconf 88' lang='lat' dir='ltr'><strong>acumine</strong></span> 
     </span>
    </p>
   </div>
   <div class='ocr_carea' id='block_1_83' title="bbox 1996 4112 3545 4206">
    <p class='ocr_par' dir='ltr' id='par_1_83' title="bbox 1996 4112 3545 4206">
     <span class='ocr_line' id='line_1_83' title="bbox 1996 4112 3545 4206; baseline -0.016 -17"><span class='ocrx_word' id='word_1_585' title='bbox 1996 4112 2246 4206; x_wconf 59' lang='lat' dir='ltr'><strong>prsiditus</strong></span> <span class='ocrx_word' id='word_1_586' title='bbox 2276 4133 2341 4184; x_wconf 84' lang='lat' dir='ltr'><strong>ad</strong></span> <span class='ocrx_word' id='word_1_587' title='bbox 2368 4144 2585 4198; x_wconf 83' lang='lat' dir='ltr'><strong>regnum</strong></span> <span class='ocrx_word' id='word_1_588' title='bbox 2613 4129 2980 4179; x_wconf 80' lang='lat' dir='ltr'><strong>ascisceretur.</strong></span> <span class='ocrx_word' id='word_1_589' title='bbox 3008 4119 3105 4184; x_wconf 88' lang='lat' dir='ltr'><strong>Qui</strong></span> <span class='ocrx_word' id='word_1_590' title='bbox 3149 4119 3324 4170; x_wconf 89' lang='lat' dir='ltr'><strong>statim</strong></span> <span class='ocrx_word' id='word_1_591' title='bbox 3370 4112 3545 4167; x_wconf 88' lang='lat' dir='ltr'><strong>subita</strong></span> 
     </span>
    </p>
   </div>
   <div class='ocr_carea' id='block_1_84' title="bbox 1999 4207 3546 4289">
    <p class='ocr_par' dir='ltr' id='par_1_84' title="bbox 1999 4207 3546 4289">
     <span class='ocr_line' id='line_1_84' title="bbox 1999 4207 3546 4289; baseline -0.018 -8"><span class='ocrx_word' id='word_1_592' title='bbox 1999 4239 2063 4280; x_wconf 89' lang='lat' dir='ltr'><strong>ea</strong></span> <span class='ocrx_word' id='word_1_593' title='bbox 2089 4222 2359 4280; x_wconf 72' lang='lat' dir='ltr'><strong>felicitate.</strong></span> <span class='ocrx_word' id='word_1_594' title='bbox 2387 4232 2503 4289; x_wconf 62' lang='lat' dir='ltr'><strong>qua:</strong></span> <span class='ocrx_word' id='word_1_595' title='bbox 2531 4216 2628 4284; x_wconf 90' lang='lat' dir='ltr'><strong>ipsi</strong></span> <span class='ocrx_word' id='word_1_596' title='bbox 2655 4214 2931 4282; x_wconf 88' lang='lat' dir='ltr'><strong>obtigerat,</strong></span> <span class='ocrx_word' id='word_1_597' title='bbox 2959 4207 3096 4262; x_wconf 89' lang='lat' dir='ltr'><strong>haud</strong></span> <span class='ocrx_word' id='word_1_598' title='bbox 3125 4218 3380 4274; x_wconf 88' lang='lat' dir='ltr'><strong>quaquam</strong></span> <span class='ocrx_word' id='word_1_599' title='bbox 3412 4216 3546 4269; x_wconf 63' lang='lat' dir='ltr'><strong>pra:«</strong></span> 
     </span>
    </p>
   </div>
   <div class='ocr_carea' id='block_1_85' title="bbox 1999 4289 3546 4381">
    <p class='ocr_par' dir='ltr' id='par_1_85' title="bbox 1999 4289 3546 4381">
     <span class='ocr_line' id='line_1_85' title="bbox 1999 4289 3546 4381; baseline -0.019 -12"><span class='ocrx_word' id='word_1_600' title='bbox 1999 4326 2126 4381; x_wconf 89' lang='lat' dir='ltr'><strong>ceps</strong></span> <span class='ocrx_word' id='word_1_601' title='bbox 2152 4313 2425 4376; x_wconf 84' lang='lat' dir='ltr'><strong>abreptus,</strong></span> <span class='ocrx_word' id='word_1_602' title='bbox 2454 4319 2552 4360; x_wconf 90' lang='lat' dir='ltr'><strong>nec</strong></span> <span class='ocrx_word' id='word_1_603' title='bbox 2573 4317 2754 4360; x_wconf 90' lang='lat' dir='ltr'><strong>eorum</strong></span> <span class='ocrx_word' id='word_1_604' title='bbox 2789 4299 2880 4370; x_wconf 88' lang='lat' dir='ltr'><strong>qui</strong></span> <span class='ocrx_word' id='word_1_605' title='bbox 2908 4307 3029 4352; x_wconf 88' lang='lat' dir='ltr'><strong>ante</strong></span> <span class='ocrx_word' id='word_1_606' title='bbox 3055 4309 3112 4350; x_wconf 90' lang='lat' dir='ltr'><strong>se</strong></span> <span class='ocrx_word' id='word_1_607' title='bbox 3140 4292 3334 4362; x_wconf 83' lang='lat' dir='ltr'><strong>regiam</strong></span> <span class='ocrx_word' id='word_1_608' title='bbox 3369 4289 3546 4358; x_wconf 88' lang='lat' dir='ltr'><strong>digni—</strong></span> 
     </span>
    </p>
   </div>
   <div class='ocr_carea' id='block_1_86' title="bbox 2005 4381 3546 4466">
    <p class='ocr_par' dir='ltr' id='par_1_86' title="bbox 2005 4381 3546 4466">
     <span class='ocr_line' id='line_1_86' title="bbox 2005 4381 3546 4466; baseline -0.021 -3"><span class='ocrx_word' id='word_1_609' title='bbox 2005 4418 2164 4462; x_wconf 88' lang='lat' dir='ltr'><strong>tatem</strong></span> <span class='ocrx_word' id='word_1_610' title='bbox 2183 4405 2540 4464; x_wconf 90' lang='lat' dir='ltr'><strong>obtinuerant,</strong></span> <span class='ocrx_word' id='word_1_611' title='bbox 2561 4399 2859 4464; x_wconf 85' lang='lat' dir='ltr'><strong>misereque</strong></span> <span class='ocrx_word' id='word_1_612' title='bbox 2875 4391 3027 4466; x_wconf 88' lang='lat' dir='ltr'><strong>ejeeti</strong></span> <span class='ocrx_word' id='word_1_613' title='bbox 3053 4388 3276 4451; x_wconf 83' lang='lat' dir='ltr'><strong>fuerant,</strong></span> <span class='ocrx_word' id='word_1_614' title='bbox 3296 4381 3546 4439; x_wconf 78' lang='lat' dir='ltr'><strong>incuriam</strong></span> 
     </span>
    </p>
   </div>
   <div class='ocr_carea' id='block_1_87' title="bbox 2004 4477 3549 4562">
    <p class='ocr_par' dir='ltr' id='par_1_87' title="bbox 2004 4477 3549 4562">
     <span class='ocr_line' id='line_1_87' title="bbox 2004 4477 3549 4562; baseline -0.019 -8"><span class='ocrx_word' id='word_1_615' title='bbox 2004 4499 2264 4562; x_wconf 89' lang='lat' dir='ltr'><strong>imitatus,</strong></span> <span class='ocrx_word' id='word_1_616' title='bbox 2291 4495 2468 4548; x_wconf 83' lang='lat' dir='ltr'><strong>animo</strong></span> <span class='ocrx_word' id='word_1_617' title='bbox 2495 4491 2651 4547; x_wconf 86' lang='lat' dir='ltr'><strong>anxio</strong></span> <span class='ocrx_word' id='word_1_618' title='bbox 2678 4502 2742 4546; x_wconf 75' lang='lat' dir='ltr'><strong>ac</strong></span> <span class='ocrx_word' id='word_1_619' title='bbox 2765 4485 2987 4544; x_wconf 84' lang='lat' dir='ltr'><strong>sollicito</strong></span> <span class='ocrx_word' id='word_1_620' title='bbox 3031 4482 3080 4534; x_wconf 88' lang='lat' dir='ltr'><strong>id</strong></span> <span class='ocrx_word' id='word_1_621' title='bbox 3128 4477 3389 4548; x_wconf 83' lang='lat' dir='ltr'><strong>agitabat,</strong></span> <span class='ocrx_word' id='word_1_622' title='bbox 3419 4489 3549 4542; x_wconf 83' lang='lat' dir='ltr'><strong>quo-</strong></span> 
     </span>
    </p>
   </div>
   <div class='ocr_carea' id='block_1_88' title="bbox 293 4570 1876 4675">
    <p class='ocr_par' dir='ltr' id='par_1_88' title="bbox 293 4570 1876 4675">
     <span class='ocr_line' id='line_1_88' title="bbox 293 4570 1876 4675; baseline -0.01 -9"><span class='ocrx_word' id='word_1_623' title='bbox 293 4570 708 4668; x_wconf 53' lang='lat' dir='ltr'><strong>;gricerr’rdt’irbv</strong></span> <span class='ocrx_word' id='word_1_624' title='bbox 733 4570 793 4661; x_wconf 70' lang='grc' dir='ltr'>ἒῦ</span> <span class='ocrx_word' id='word_1_625' title='bbox 822 4570 1189 4675; x_wconf 37' lang='grc' dir='ltr'>διάθοιτοίΤῇ</span> <span class='ocrx_word' id='word_1_626' title='bbox 1219 4570 1392 4673; x_wconf 79' lang='grc' dir='ltr'>συχνῇ</span> <span class='ocrx_word' id='word_1_627' title='bbox 1418 4570 1487 4654; x_wconf 46' lang='grc' dir='ltr'><strong>δὲ·</strong></span> <span class='ocrx_word' id='word_1_628' title='bbox 1505 4570 1703 4673; x_wconf 62' lang='grc' dir='ltr'>μελέτῃ</span> <span class='ocrx_word' id='word_1_629' title='bbox 1725 4599 1876 4669; x_wconf 88' lang='grc' dir='ltr'>ἀκρι-</span> 
     </span>
    </p>
   </div>
   <div class='ocr_carea' id='block_1_89' title="bbox 1986 4570 3552 4675">
    <p class='ocr_par' dir='ltr' id='par_1_89' title="bbox 2011 4570 3552 4658">
     <span class='ocr_line' id='line_1_89' title="bbox 2011 4570 3552 4658; baseline -0.02 -13"><span class='ocrx_word' id='word_1_630' title='bbox 2011 4604 2134 4645; x_wconf 87' lang='lat' dir='ltr'><strong>nam</strong></span> <span class='ocrx_word' id='word_1_631' title='bbox 2161 4596 2314 4658; x_wconf 85' lang='lat' dir='ltr'><strong>pacto</strong></span> <span class='ocrx_word' id='word_1_632' title='bbox 2339 4584 2507 4642; x_wconf 80' lang='lat' dir='ltr'><strong>rebus</strong></span> <span class='ocrx_word' id='word_1_633' title='bbox 2535 4582 2646 4636; x_wconf 90' lang='lat' dir='ltr'><strong>suis</strong></span> <span class='ocrx_word' id='word_1_634' title='bbox 2681 4579 2878 4646; x_wconf 89' lang='lat' dir='ltr'><strong>optime</strong></span> <span class='ocrx_word' id='word_1_635' title='bbox 2917 4571 3236 4629; x_wconf 89' lang='lat' dir='ltr'><strong>consuleret.</strong></span> <span class='ocrx_word' id='word_1_636' title='bbox 3273 4570 3399 4625; x_wconf 91' lang='lat' dir='ltr'><strong>Dum</strong></span> <span class='ocrx_word' id='word_1_637' title='bbox 3426 4578 3552 4632; x_wconf 82' lang='lat' dir='ltr'><strong>ergo</strong></span> 
     </span>
    </p>
   </div>
   <div class='ocr_carea' id='block_1_90' title="bbox 294 4689 1880 4774">
    <p class='ocr_par' dir='ltr' id='par_1_90' title="bbox 294 4689 1880 4774">
     <span class='ocr_line' id='line_1_90' title="bbox 294 4689 1880 4774; baseline -0.009 -18"><span class='ocrx_word' id='word_1_638' title='bbox 294 4703 654 4774; x_wconf 78' lang='grc' dir='ltr'>ϐωσάμενος,</span> <span class='ocrx_word' id='word_1_639' title='bbox 689 4699 832 4769; x_wconf 87' lang='grc' dir='ltr'>ἔγνω</span> <span class='ocrx_word' id='word_1_640' title='bbox 867 4697 957 4753; x_wconf 91' lang='grc' dir='ltr'><strong>διά</strong></span> <span class='ocrx_word' id='word_1_641' title='bbox 1007 4712 1154 4758; x_wconf 88' lang='grc' dir='ltr'>τινος</span> <span class='ocrx_word' id='word_1_642' title='bbox 1206 4692 1520 4763; x_wconf 84' lang='grc' dir='ltr'>σοφωτάτου</span> <span class='ocrx_word' id='word_1_643' title='bbox 1570 4689 1880 4761; x_wconf 78' lang='grc' dir='ltr'>συμϐούλου</span> 
     </span>
    </p>
   </div>
   <div class='ocr_carea' id='block_1_91' title="bbox 293 4782 1882 4867">
    <p class='ocr_par' dir='ltr' id='par_1_91' title="bbox 293 4782 1882 4867">
     <span class='ocr_line' id='line_1_91' title="bbox 293 4782 1882 4867; baseline -0.01 -18"><span class='ocrx_word' id='word_1_644' title='bbox 293 4796 401 4866; x_wconf 79' lang='grc' dir='ltr'>τὴν</span> <span class='ocrx_word' id='word_1_645' title='bbox 434 4794 724 4867; x_wconf 81' lang='grc' dir='ltr'>συνήθειαν</span> <span class='ocrx_word' id='word_1_646' title='bbox 751 4792 863 4846; x_wconf 85' lang='grc' dir='ltr'><strong>τῶν</strong></span> <span class='ocrx_word' id='word_1_647' title='bbox 890 4788 1158 4852; x_wconf 85' lang='grc' dir='ltr'>πολιτῶν,</span> <span class='ocrx_word' id='word_1_648' title='bbox 1194 4785 1290 4840; x_wconf 79' lang='grc' dir='ltr'>καὶ</span> <span class='ocrx_word' id='word_1_649' title='bbox 1330 4785 1423 4838; x_wconf 85' lang='grc' dir='ltr'><strong>τὸν</strong></span> <span class='ocrx_word' id='word_1_650' title='bbox 1448 4783 1614 4838; x_wconf 86' lang='grc' dir='ltr'>τόπον</span> <span class='ocrx_word' id='word_1_651' title='bbox 1651 4782 1756 4853; x_wconf 83' lang='grc' dir='ltr'><strong>τῆς</strong></span> <span class='ocrx_word' id='word_1_652' title='bbox 1798 4782 1882 4834; x_wconf 88' lang='grc' dir='ltr'>δι-</span> 
     </span>
    </p>
   </div>
   <div class='ocr_carea' id='block_1_92' title="bbox 294 4875 1889 4958">
    <p class='ocr_par' dir='ltr' id='par_1_92' title="bbox 294 4875 1889 4958">
     <span class='ocr_line' id='line_1_92' title="bbox 294 4875 1889 4958; baseline -0.008 -18"><span class='ocrx_word' id='word_1_653' title='bbox 294 4886 534 4958; x_wconf 83' lang='grc' dir='ltr'>ηνεκοῦς</span> <span class='ocrx_word' id='word_1_654' title='bbox 565 4885 802 4955; x_wconf 85' lang='grc' dir='ltr'>ἐξορίας·</span> <span class='ocrx_word' id='word_1_655' title='bbox 836 4885 985 4946; x_wconf 84' lang='grc' dir='ltr'>ὅπως</span> <span class='ocrx_word' id='word_1_656' title='bbox 1026 4899 1086 4934; x_wconf 91' lang='grc' dir='ltr'><strong>τε</strong></span> <span class='ocrx_word' id='word_1_657' title='bbox 1129 4879 1236 4951; x_wconf 84' lang='grc' dir='ltr'>χρὴ</span> <span class='ocrx_word' id='word_1_658' title='bbox 1261 4877 1452 4932; x_wconf 75' lang='grc' dir='ltr'>ἐαυτὸν</span> <span class='ocrx_word' id='word_1_659' title='bbox 1481 4875 1889 4946; x_wconf 88' lang='grc' dir='ltr'>ἀσφαλίσασθαι</span> 
     </span>
    </p>
   </div>
   <div class='ocr_carea' id='block_1_93' title="bbox 298 4967 1889 5049">
    <p class='ocr_par' dir='ltr' id='par_1_93' title="bbox 298 4967 1889 5049">
     <span class='ocr_line' id='line_1_93' title="bbox 298 4967 1889 5049; baseline -0.008 -16"><span class='ocrx_word' id='word_1_660' title='bbox 298 4979 564 5042; x_wconf 84' lang='grc' dir='ltr'>ἀπλανῶς</span> <span class='ocrx_word' id='word_1_661' title='bbox 592 4978 871 5049; x_wconf 85' lang='grc' dir='ltr'>ἐδιδάχθη.</span> <span class='ocrx_word' id='word_1_662' title='bbox 901 4974 1064 5031; x_wconf 85' lang='grc' dir='ltr'>Ταῦτ’</span> <span class='ocrx_word' id='word_1_663' title='bbox 1095 4973 1188 5028; x_wconf 82' lang='grc' dir='ltr'><strong>οῦν</strong></span> <span class='ocrx_word' id='word_1_664' title='bbox 1222 4971 1298 5036; x_wconf 87' lang='grc' dir='ltr'>ὠς</span> <span class='ocrx_word' id='word_1_665' title='bbox 1336 4969 1478 5039; x_wconf 81' lang='grc' dir='ltr'>ἔγνω</span> <span class='ocrx_word' id='word_1_666' title='bbox 1501 5007 1516 5033; x_wconf 87' lang='grc'><strong>,</strong></span> <span class='ocrx_word' id='word_1_667' title='bbox 1555 4971 1651 5022; x_wconf 82' lang='grc' dir='ltr'><strong>καὶ</strong></span> <span class='ocrx_word' id='word_1_668' title='bbox 1697 4970 1780 5023; x_wconf 85' lang='grc' dir='ltr'><strong>ὅτι</strong></span> <span class='ocrx_word' id='word_1_669' title='bbox 1808 4967 1889 5027; x_wconf 84' lang='grc' dir='ltr'><strong>δεῖ</strong></span> 
     </span>
    </p>
   </div>
   <div class='ocr_carea' id='block_1_94' title="bbox 298 5059 1885 5136">
    <p class='ocr_par' dir='ltr' id='par_1_94' title="bbox 298 5059 1885 5136">
     <span class='ocr_line' id='line_1_94' title="bbox 298 5059 1885 5136; baseline -0.008 -12"><span class='ocrx_word' id='word_1_670' title='bbox 298 5071 470 5125; x_wconf 74' lang='grc' dir='ltr'>αὐτὸν</span> <span class='ocrx_word' id='word_1_671' title='bbox 497 5073 622 5125; x_wconf 83' lang='grc' dir='ltr'>ὅσον</span> <span class='ocrx_word' id='word_1_672' title='bbox 655 5069 808 5123; x_wconf 77' lang='grc' dir='ltr'>οὔπω</span> <span class='ocrx_word' id='word_1_673' title='bbox 841 5066 1056 5136; x_wconf 85' lang='grc' dir='ltr'>ἐκείνην</span> <span class='ocrx_word' id='word_1_674' title='bbox 1086 5062 1535 5134; x_wconf 79' lang='grc' dir='ltr'>καταλαμϐάνειν</span> <span class='ocrx_word' id='word_1_675' title='bbox 1564 5061 1665 5130; x_wconf 86' lang='grc' dir='ltr'><strong>τὴν</strong></span> <span class='ocrx_word' id='word_1_676' title='bbox 1701 5059 1885 5130; x_wconf 80' lang='grc' dir='ltr'>νῆσον,</span> 
     </span>
    </p>
   </div>
   <div class='ocr_carea' id='block_1_95' title="bbox 231 5150 1890 5238">
    <p class='ocr_par' dir='ltr' id='par_1_95' title="bbox 231 5150 1890 5238">
     <span class='ocr_line' id='line_1_95' title="bbox 231 5150 1890 5238; baseline -0.008 -21"><span class='ocrx_word' id='word_1_677' title='bbox 231 5229 238 5238; x_wconf 29' lang='grc' dir='ltr'><strong>ν</strong></span> <span class='ocrx_word' id='word_1_678' title='bbox 296 5163 406 5236; x_wconf 82' lang='grc' dir='ltr'>τὴν</span> <span class='ocrx_word' id='word_1_679' title='bbox 451 5162 495 5215; x_wconf 90' lang='grc' dir='ltr'>δ’</span> <span class='ocrx_word' id='word_1_680' title='bbox 542 5162 841 5231; x_wconf 81' lang='grc' dir='ltr'>ἐπίκτητον</span> <span class='ocrx_word' id='word_1_681' title='bbox 886 5159 1091 5230; x_wconf 89' lang='grc' dir='ltr'>ταύτην</span> <span class='ocrx_word' id='word_1_682' title='bbox 1134 5158 1231 5212; x_wconf 72' lang='grc' dir='ltr'><strong>καὶ</strong></span> <span class='ocrx_word' id='word_1_683' title='bbox 1281 5154 1572 5225; x_wconf 84' lang='grc' dir='ltr'>ἀλλοτρίαν</span> <span class='ocrx_word' id='word_1_684' title='bbox 1613 5150 1890 5224; x_wconf 88' lang='grc' dir='ltr'>βασιλείαν</span> 
     </span>
    </p>
   </div>
   <div class='ocr_carea' id='block_1_96' title="bbox 299 5243 1888 5327">
    <p class='ocr_par' dir='ltr' id='par_1_96' title="bbox 299 5243 1888 5327">
     <span class='ocr_line' id='line_1_96' title="bbox 299 5243 1888 5327; baseline -0.009 -16"><span class='ocrx_word' id='word_1_685' title='bbox 299 5255 615 5327; x_wconf 84' lang='grc' dir='ltr'>ἀλλοτρίοις</span> <span class='ocrx_word' id='word_1_686' title='bbox 661 5253 818 5318; x_wconf 78' lang='grc' dir='ltr'>αὖθις</span> <span class='ocrx_word' id='word_1_687' title='bbox 863 5251 1337 5322; x_wconf 79' lang='grc' dir='ltr'>καταλιμπάνειν,</span> <span class='ocrx_word' id='word_1_688' title='bbox 1373 5247 1594 5312; x_wconf 80' lang='grc' dir='ltr'>ἀνοίξας</span> <span class='ocrx_word' id='word_1_689' title='bbox 1622 5247 1749 5309; x_wconf 80' lang='grc' dir='ltr'>τοὺς</span> <span class='ocrx_word' id='word_1_690' title='bbox 1788 5243 1888 5315; x_wconf 80' lang='grc' dir='ltr'>οη-</span> 
     </span>
    </p>
   </div>
   <div class='ocr_carea' id='block_1_97' title="bbox 2005 4657 3554 4736">
    <p class='ocr_par' dir='ltr' id='par_1_97' title="bbox 2005 4657 3554 4736">
     <span class='ocr_line' id='line_1_97' title="bbox 2005 4657 3554 4736; baseline -0.019 0"><span class='ocrx_word' id='word_1_691' title='bbox 2005 4657 2189 4736; x_wconf 78' lang='lat' dir='ltr'><strong>crebra</strong></span> <span class='ocrx_word' id='word_1_692' title='bbox 2220 4674 2559 4735; x_wconf 88' lang='lat' dir='ltr'><strong>meditatione</strong></span> <span class='ocrx_word' id='word_1_693' title='bbox 2599 4669 2711 4724; x_wconf 84' lang='lat' dir='ltr'><strong>haec</strong></span> <span class='ocrx_word' id='word_1_694' title='bbox 2736 4681 2913 4722; x_wconf 84' lang='lat' dir='ltr'><strong>secum</strong></span> <span class='ocrx_word' id='word_1_695' title='bbox 2944 4675 3194 4726; x_wconf 87' lang='lat' dir='ltr'><strong>versaret,</strong></span> <span class='ocrx_word' id='word_1_696' title='bbox 3225 4675 3319 4728; x_wconf 90' lang='lat' dir='ltr'><strong>per</strong></span> <span class='ocrx_word' id='word_1_697' title='bbox 3344 4657 3554 4724; x_wconf 85' lang='lat' dir='ltr'><strong>sapien-</strong></span> 
     </span>
    </p>
   </div>
   <div class='ocr_carea' id='block_1_98' title="bbox 2008 4753 3553 4836">
    <p class='ocr_par' dir='ltr' id='par_1_98' title="bbox 2008 4753 3553 4836">
     <span class='ocr_line' id='line_1_98' title="bbox 2008 4753 3553 4836; baseline -0.018 -10"><span class='ocrx_word' id='word_1_698' title='bbox 2008 4772 2270 4828; x_wconf 88' lang='lat' dir='ltr'><strong>tissimum</strong></span> <span class='ocrx_word' id='word_1_699' title='bbox 2295 4765 2573 4836; x_wconf 85' lang='lat' dir='ltr'><strong>quemdam</strong></span> <span class='ocrx_word' id='word_1_700' title='bbox 2603 4759 2981 4822; x_wconf 82' lang='lat' dir='ltr'><strong>consiliarium,</strong></span> <span class='ocrx_word' id='word_1_701' title='bbox 3012 4756 3078 4808; x_wconf 87' lang='lat' dir='ltr'><strong>de</strong></span> <span class='ocrx_word' id='word_1_702' title='bbox 3115 4753 3303 4806; x_wconf 83' lang='lat' dir='ltr'><strong>civium</strong></span> <span class='ocrx_word' id='word_1_703' title='bbox 3333 4762 3553 4803; x_wconf 82' lang='lat' dir='ltr'><strong>consue-</strong></span> 
     </span>
    </p>
   </div>
   <div class='ocr_carea' id='block_1_99' title="bbox 2013 4845 3557 4927">
    <p class='ocr_par' dir='ltr' id='par_1_99' title="bbox 2013 4845 3557 4927">
     <span class='ocr_line' id='line_1_99' title="bbox 2013 4845 3557 4927; baseline -0.019 -9"><span class='ocrx_word' id='word_1_704' title='bbox 2013 4862 2195 4920; x_wconf 84' lang='lat' dir='ltr'><strong>tudine</strong></span> <span class='ocrx_word' id='word_1_705' title='bbox 2218 4874 2277 4913; x_wconf 86' lang='lat' dir='ltr'><strong>ac</strong></span> <span class='ocrx_word' id='word_1_706' title='bbox 2292 4854 2526 4927; x_wconf 90' lang='lat' dir='ltr'><strong>perpetui</strong></span> <span class='ocrx_word' id='word_1_707' title='bbox 2556 4851 2723 4908; x_wconf 76' lang='lat' dir='ltr'><strong>exsilii</strong></span> <span class='ocrx_word' id='word_1_708' title='bbox 2747 4851 2864 4905; x_wconf 90' lang='lat' dir='ltr'><strong>loco</strong></span> <span class='ocrx_word' id='word_1_709' title='bbox 2892 4848 3085 4903; x_wconf 89' lang='lat' dir='ltr'><strong>certior</strong></span> <span class='ocrx_word' id='word_1_710' title='bbox 3105 4845 3268 4898; x_wconf 83' lang='lat' dir='ltr'><strong>lactus</strong></span> <span class='ocrx_word' id='word_1_711' title='bbox 3295 4849 3393 4904; x_wconf 89' lang='lat' dir='ltr'><strong>est,</strong></span> <span class='ocrx_word' id='word_1_712' title='bbox 3421 4853 3557 4906; x_wconf 90' lang='lat' dir='ltr'><strong>quo-</strong></span> 
     </span>
    </p>
   </div>
   <div class='ocr_carea' id='block_1_100' title="bbox 2011 4930 3561 5020">
    <p class='ocr_par' dir='ltr' id='par_1_100' title="bbox 2011 4930 3561 5020">
     <span class='ocr_line' id='line_1_100' title="bbox 2011 4930 3561 5020; baseline -0.021 -10"><span class='ocrx_word' id='word_1_713' title='bbox 2011 4969 2131 5010; x_wconf 89' lang='lat' dir='ltr'><strong>nam</strong></span> <span class='ocrx_word' id='word_1_714' title='bbox 2159 4959 2312 5020; x_wconf 87' lang='lat' dir='ltr'><strong>pacto</strong></span> <span class='ocrx_word' id='word_1_715' title='bbox 2337 4949 2452 5003; x_wconf 89' lang='lat' dir='ltr'><strong>sine</strong></span> <span class='ocrx_word' id='word_1_716' title='bbox 2479 4946 2586 5000; x_wconf 88' lang='lat' dir='ltr'><strong>ullo</strong></span> <span class='ocrx_word' id='word_1_717' title='bbox 2621 4956 2800 4999; x_wconf 89' lang='lat' dir='ltr'><strong>errore</strong></span> <span class='ocrx_word' id='word_1_718' title='bbox 2837 4941 2949 5008; x_wconf 89' lang='lat' dir='ltr'><strong>ipse</strong></span> <span class='ocrx_word' id='word_1_719' title='bbox 2985 4936 3084 4991; x_wconf 88' lang='lat' dir='ltr'><strong>sibi</strong></span> <span class='ocrx_word' id='word_1_720' title='bbox 3121 4947 3306 4988; x_wconf 82' lang='lat' dir='ltr'><strong>cavere</strong></span> <span class='ocrx_word' id='word_1_721' title='bbox 3342 4930 3561 4983; x_wconf 88' lang='lat' dir='ltr'><strong>deberet</strong></span> 
     </span>
    </p>
   </div>
   <div class='ocr_carea' id='block_1_101' title="bbox 2013 5023 3557 5105">
    <p class='ocr_par' dir='ltr' id='par_1_101' title="bbox 2013 5023 3557 5105">
     <span class='ocr_line' id='line_1_101' title="bbox 2013 5023 3557 5105; baseline -0.019 -7"><span class='ocrx_word' id='word_1_722' title='bbox 2013 5041 2294 5099; x_wconf 82' lang='lat' dir='ltr'><strong>intellexit.</strong></span> <span class='ocrx_word' id='word_1_723' title='bbox 2331 5039 2464 5092; x_wconf 89' lang='lat' dir='ltr'><strong>Cum</strong></span> <span class='ocrx_word' id='word_1_724' title='bbox 2501 5037 2657 5105; x_wconf 90' lang='lat' dir='ltr'><strong>igitur</strong></span> <span class='ocrx_word' id='word_1_725' title='bbox 2697 5034 2798 5086; x_wconf 90' lang='lat' dir='ltr'><strong>hoc</strong></span> <span class='ocrx_word' id='word_1_726' title='bbox 2833 5026 3180 5097; x_wconf 87' lang='lat' dir='ltr'><strong>cognovisset,</strong></span> <span class='ocrx_word' id='word_1_727' title='bbox 3220 5023 3557 5085; x_wconf 79' lang='lat' dir='ltr'><strong>futurumque</strong></span> 
     </span>
    </p>
   </div>
   <div class='ocr_carea' id='block_1_102' title="bbox 2014 5116 3565 5201">
    <p class='ocr_par' dir='ltr' id='par_1_102' title="bbox 2014 5116 3565 5201">
     <span class='ocr_line' id='line_1_102' title="bbox 2014 5116 3565 5201; baseline -0.018 -14"><span class='ocrx_word' id='word_1_728' title='bbox 2014 5147 2179 5201; x_wconf 87' lang='lat' dir='ltr'><strong>pr0pe</strong></span> <span class='ocrx_word' id='word_1_729' title='bbox 2213 5130 2352 5184; x_wconf 91' lang='lat' dir='ltr'><strong>diem</strong></span> <span class='ocrx_word' id='word_1_730' title='bbox 2374 5138 2432 5181; x_wconf 91' lang='lat' dir='ltr'><strong>ut</strong></span> <span class='ocrx_word' id='word_1_731' title='bbox 2467 5126 2533 5180; x_wconf 89' lang='lat' dir='ltr'><strong>ad</strong></span> <span class='ocrx_word' id='word_1_732' title='bbox 2571 5125 2716 5179; x_wconf 87' lang='lat' dir='ltr'><strong>illam</strong></span> <span class='ocrx_word' id='word_1_733' title='bbox 2755 5119 2975 5175; x_wconf 87' lang='lat' dir='ltr'><strong>insulam</strong></span> <span class='ocrx_word' id='word_1_734' title='bbox 3013 5116 3369 5183; x_wconf 89' lang='lat' dir='ltr'><strong>ablegaretur,</strong></span> <span class='ocrx_word' id='word_1_735' title='bbox 3406 5119 3565 5177; x_wconf 83' lang='lat' dir='ltr'><strong>atque</strong></span> 
     </span>
    </p>
   </div>
   <div class='ocr_carea' id='block_1_103' title="bbox 2015 5201 3566 5278">
    <p class='ocr_par' dir='ltr' id='par_1_103' title="bbox 2015 5201 3566 5278">
     <span class='ocr_line' id='line_1_103' title="bbox 2015 5201 3566 5278; baseline -0.017 -1"><span class='ocrx_word' id='word_1_736' title='bbox 2015 5219 2358 5278; x_wconf 84' lang='lat' dir='ltr'><strong>adventitium</strong></span> <span class='ocrx_word' id='word_1_737' title='bbox 2386 5217 2512 5274; x_wconf 90' lang='lat' dir='ltr'><strong>illud</strong></span> <span class='ocrx_word' id='word_1_738' title='bbox 2541 5226 2596 5272; x_wconf 86' lang='lat' dir='ltr'><strong>et</strong></span> <span class='ocrx_word' id='word_1_739' title='bbox 2621 5212 2856 5268; x_wconf 88' lang='lat' dir='ltr'><strong>alienum</strong></span> <span class='ocrx_word' id='word_1_740' title='bbox 2888 5220 3107 5278; x_wconf 90' lang='lat' dir='ltr'><strong>regnum</strong></span> <span class='ocrx_word' id='word_1_741' title='bbox 3133 5204 3251 5258; x_wconf 86' lang='lat' dir='ltr'><strong>aliis</strong></span> <span class='ocrx_word' id='word_1_742' title='bbox 3297 5201 3566 5268; x_wconf 57' lang='lat' dir='ltr'><strong>relinquec</strong></span> 
     </span>
    </p>
   </div>
   <div class='ocr_carea' id='block_1_104' title="bbox 379 5373 1876 5482">
    <p class='ocr_par' dir='ltr' id='par_1_104' title="bbox 379 5399 1876 5482">
     <span class='ocr_line' id='line_1_104' title="bbox 379 5399 1876 5482; baseline -0.01 -18"><span class='ocrx_word' id='word_1_743' title='bbox 379 5410 495 5482; x_wconf 86' lang='lat'><strong>(67)</strong></span> <span class='ocrx_word' id='word_1_744' title='bbox 523 5404 1088 5482; x_wconf 53' lang='lat' dir='ltr'><strong>constantinusblan.</strong></span> <span class='ocrx_word' id='word_1_745' title='bbox 1109 5404 1318 5482; x_wconf 61' lang='lat' dir='ltr'><strong>Chron.</strong></span> <span class='ocrx_word' id='word_1_746' title='bbox 1361 5418 1483 5482; x_wconf 83' lang='lat' dir='ltr'><strong>pag.</strong></span> <span class='ocrx_word' id='word_1_747' title='bbox 1514 5402 1653 5457; x_wconf 76' lang='lat'><strong>109:</strong></span> <span class='ocrx_word' id='word_1_748' title='bbox 1703 5399 1876 5482; x_wconf 58' lang='grc' dir='ltr'>χάρισι</span> 
     </span>
    </p>
   </div>
   <div class='ocr_carea' id='block_1_105' title="bbox 1986 5373 3575 5482">
    <p class='ocr_par' dir='ltr' id='par_1_105' title="bbox 1986 5373 3575 5482">
     <span class='ocr_line' id='line_1_105' title="bbox 1986 5373 3575 5482; baseline -0.018 -32"><span class='ocrx_word' id='word_1_749' title='bbox 1986 5401 2253 5468; x_wconf 77' lang='grc' dir='ltr'>ιτάκομος.</span> <span class='ocrx_word' id='word_1_750' title='bbox 2293 5392 2412 5447; x_wconf 79' lang='lat' dir='ltr'><strong>Jam</strong></span> <span class='ocrx_word' id='word_1_751' title='bbox 2446 5387 2672 5482; x_wconf 47' lang='lat' dir='ltr'><strong>poster.</strong></span> <span class='ocrx_word' id='word_1_752' title='bbox 2700 5400 2753 5455; x_wconf 91' lang='lat' dir='ltr'><strong>p.</strong></span> <span class='ocrx_word' id='word_1_753' title='bbox 3045 5373 3444 5482; x_wconf 46' lang='grc' dir='ltr'>πξσιηηρρὲξὲῗ</span> <span class='ocrx_word' id='word_1_754' title='bbox 3473 5388 3575 5482; x_wconf 52' lang='lat'><strong>3::-</strong></span> 
     </span>
    </p>
   </div>
   <div class='ocr_carea' id='block_1_106' title="bbox 302 5447 1876 5551">
    <p class='ocr_par' dir='ltr' id='par_1_106' title="bbox 302 5447 1876 5551">
     <span class='ocr_line' id='line_1_106' title="bbox 302 5447 1876 5551; baseline -0.008 -15"><span class='ocrx_word' id='word_1_755' title='bbox 302 5447 1255 5551; x_wconf 51' lang='grc' dir='ltr'>τάὲθέοξ</span> 
     </span>
    </p>
   </div>
   <div class='ocr_carea' id='block_1_107' title="bbox 1986 5447 3574 5551">
    <p class='ocr_par' dir='ltr' id='par_1_107' title="bbox 1986 5447 3574 5551">
     <span class='ocr_line' id='line_1_107' title="bbox 1986 5447 3574 5536; baseline -0.019 -14"><span class='ocrx_word' id='word_1_756' title='bbox 1986 5447 2397 5536; x_wconf 40' lang='grc' dir='ltr'>ιτῆξιῖιιῖιηοιιιο</span> <span class='ocrx_word' id='word_1_757' title='bbox 2435 5457 2666 5513; x_wconf 86' lang='lat' dir='ltr'><strong>Achillis</strong></span> <span class='ocrx_word' id='word_1_758' title='bbox 2695 5447 2758 5509; x_wconf 70' lang='lat' dir='ltr'><strong>ac</strong></span> <span class='ocrx_word' id='word_1_759' title='bbox 2801 5451 3004 5506; x_wconf 83' lang='lat' dir='ltr'><strong>Priami</strong></span> <span class='ocrx_word' id='word_1_760' title='bbox 3041 5449 3106 5502; x_wconf 87' lang='lat' dir='ltr'><strong>de</strong></span> <span class='ocrx_word' id='word_1_761' title='bbox 3155 5447 3574 5530; x_wconf 44' lang='lat' dir='ltr'><strong>Polyxenenuo</strong></span> 
     </span>
     <span class='ocr_line' id='line_1_108' title="bbox 2050 5517 3574 5551; baseline -0.019 15"><span class='ocrx_word' id='word_1_762' title='bbox 2050 5541 2080 5551; x_wconf 31' lang='grc' dir='ltr'><em>Ἀ</em></span> <span class='ocrx_word' id='word_1_763' title='bbox 2207 5535 2304 5551; x_wconf 70' lang='lat' dir='ltr'><strong>nn-</strong></span> <span class='ocrx_word' id='word_1_764' title='bbox 2370 5532 2434 5551; x_wconf 5' lang='lat' dir='ltr'><strong>res</strong></span> <span class='ocrx_word' id='word_1_765' title='bbox 2490 5525 2743 5551; x_wconf 49' lang='grc' dir='ltr'><strong>Ἀραὶ-ι..-</strong></span> <span class='ocrx_word' id='word_1_766' title='bbox 2768 5523 2865 5551; x_wconf 65' lang='lat'><strong>-2-</strong></span> <span class='ocrx_word' id='word_1_767' title='bbox 2910 5519 3136 5551; x_wconf 61' lang='grc' dir='ltr'><strong>...Μηυξρ</strong></span> <span class='ocrx_word' id='word_1_768' title='bbox 3162 5517 3366 5551; x_wconf 51' lang='lat'><strong>“&quot;1&quot;”.</strong></span> <span class='ocrx_word' id='word_1_769' title='bbox 3394 5528 3574 5551; x_wconf 47' lang='lat' dir='ltr'><strong>mnum</strong></span> 
     </span>
    </p>
   </div>
   <div class='ocr_carea' id='block_1_108' title="bbox 304 5541 1876 5626">
    <p class='ocr_par' dir='ltr' id='par_1_108' title="bbox 304 5541 1876 5626">
     <span class='ocr_line' id='line_1_109' title="bbox 304 5541 1876 5626; baseline -0.009 -19"><span class='ocrx_word' id='word_1_770' title='bbox 304 5541 762 5626; x_wconf 37' lang='lat' dir='ltr'><strong>ptiisjcolloqitio;</strong></span> <span class='ocrx_word' id='word_1_771' title='bbox 793 5548 936 5626; x_wconf 66' lang='lat' dir='ltr'><strong>quod</strong></span> <span class='ocrx_word' id='word_1_772' title='bbox 970 5547 1182 5626; x_wconf 79' lang='lat' dir='ltr'><strong>Paridis</strong></span> <span class='ocrx_word' id='word_1_773' title='bbox 1202 5541 1470 5626; x_wconf 35' lang='lat' dir='ltr'><strong>‘perlidja&#39;</strong></span> <span class='ocrx_word' id='word_1_774' title='bbox 1486 5541 1653 5626; x_wconf 75' lang='lat' dir='ltr'><strong>rupit,</strong></span> <span class='ocrx_word' id='word_1_775' title='bbox 1699 5541 1876 5626; x_wconf 60' lang='lat' dir='ltr'><strong>svrsﬁf</strong></span> 
     </span>
    </p>
   </div>
   <div class='ocr_carea' id='block_1_109' title="bbox 1986 5541 2768 5626">
    <p class='ocr_par' dir='ltr' id='par_1_109' title="bbox 2012 5541 2768 5626">
     <span class='ocr_line' id='line_1_110' title="bbox 2012 5541 2768 5626; baseline 0 0"><span class='ocrx_word' id='word_1_776' title='bbox 2012 5541 2089 5626; x_wconf 69' lang='grc' dir='ltr'><strong>³ίὲ</strong></span> <span class='ocrx_word' id='word_1_777' title='bbox 2123 5554 2176 5626; x_wconf 80' lang='lat' dir='ltr'><strong>P:</strong></span> <span class='ocrx_word' id='word_1_778' title='bbox 2207 5541 2462 5626; x_wconf 54' lang='lat'><strong>&quot;5:532-</strong></span> <span class='ocrx_word' id='word_1_779' title='bbox 2482 5541 2768 5626; x_wconf 58' lang='grc' dir='ltr'><strong>ἶλέίτῗίίῗὲπ</strong></span> 
     </span>
    </p>
   </div>
   <div class='ocr_carea' id='block_1_110' title="bbox 1717 5601 2772 5673">
    <p class='ocr_par' dir='ltr' id='par_1_110' title="bbox 1717 5601 2772 5673">
     <span class='ocr_line' id='line_1_111' title="bbox 1717 5601 2772 5673; baseline -0.019 -7"><span class='ocrx_word' id='word_1_780' title='bbox 1717 5629 1745 5666; x_wconf 77' lang='grc' dir='ltr'><strong>ν</strong></span> <span class='ocrx_word' id='word_1_781' title='bbox 1785 5613 1814 5664; x_wconf 89' lang='lat'><strong>6</strong></span> <span class='ocrx_word' id='word_1_782' title='bbox 1843 5601 2027 5673; x_wconf 79' lang='grc' dir='ltr'>ἄθλιος</span> <span class='ocrx_word' id='word_1_783' title='bbox 2067 5601 2218 5670; x_wconf 76' lang='grc' dir='ltr'>ἐντὸς</span> <span class='ocrx_word' id='word_1_784' title='bbox 2246 5601 2464 5673; x_wconf 77' lang='grc' dir='ltr'>εἰσῆλθε</span> <span class='ocrx_word' id='word_1_785' title='bbox 2494 5601 2656 5652; x_wconf 85' lang='grc' dir='ltr'>πάλιν</span> <span class='ocrx_word' id='word_1_786' title='bbox 2677 5601 2772 5673; x_wconf 79' lang='grc' dir='ltr'><strong>τοῦ</strong></span> 
     </span>
    </p>
   </div>
   <div class='ocr_carea' id='block_1_111' title="bbox 307 5612 1724 5690">
    <p class='ocr_par' dir='ltr' id='par_1_111' title="bbox 307 5612 1724 5690">
     <span class='ocr_line' id='line_1_112' title="bbox 307 5612 1724 5690; baseline -0.01 -12"><span class='ocrx_word' id='word_1_787' title='bbox 307 5612 698 5683; x_wconf 63' lang='grc' dir='ltr'>συνελεύσεώς,</span> <span class='ocrx_word' id='word_1_788' title='bbox 726 5612 756 5673; x_wconf 84' lang='grc' dir='ltr'><strong>ό</strong></span> <span class='ocrx_word' id='word_1_789' title='bbox 794 5612 1042 5690; x_wconf 82' lang='grc' dir='ltr'>Πρίαμος</span> <span class='ocrx_word' id='word_1_790' title='bbox 1075 5618 1171 5690; x_wconf 73' lang='grc' dir='ltr'><strong>καὶ</strong></span> <span class='ocrx_word' id='word_1_791' title='bbox 1198 5612 1483 5690; x_wconf 23' lang='grc' dir='ltr'>διάᾲταῦτα</span> <span class='ocrx_word' id='word_1_792' title='bbox 1511 5612 1724 5690; x_wconf 55' lang='grc' dir='ltr'>όγέραω</span> 
     </span>
    </p>
   </div>
   <div class='ocr_carea' id='block_1_112' title="bbox 2123 5512 3574 5646">
    <p class='ocr_par' dir='ltr' id='par_1_112' title="bbox 2123 5512 3574 5646">
     <span class='ocr_line' id='line_1_113' title="bbox 2123 5512 3574 5646; baseline -0.021 -54"><span class='ocrx_word' id='word_1_793' title='bbox 2123 5512 2743 5607; x_wconf 21' lang='grc' dir='ltr'>ᾔϋξέίίξνδιίγὰληθείας</span> <span class='ocrx_word' id='word_1_794' title='bbox 2768 5523 2865 5646; x_wconf 59' lang='grc' dir='ltr'>τὲς</span> <span class='ocrx_word' id='word_1_795' title='bbox 2909 5519 3136 5588; x_wconf 86' lang='grc' dir='ltr'>φονικῆς</span> <span class='ocrx_word' id='word_1_796' title='bbox 3162 5512 3366 5584; x_wconf 82' lang='grc' dir='ltr'>ταύτης</span> <span class='ocrx_word' id='word_1_797' title='bbox 3394 5512 3574 5566; x_wconf 80' lang='grc' dir='ltr'>αὐτῶν</span> 
     </span>
     <span class='ocr_line' id='line_1_114' title="bbox 2123 5582 3574 5646; baseline -0.008 0"><span class='ocrx_word' id='word_1_798' title='bbox 2123 5609 2218 5646; x_wconf 59' lang='grc' dir='ltr'>ηλρ</span> <span class='ocrx_word' id='word_1_799' title='bbox 2246 5601 2464 5646; x_wconf 57' lang='lat' dir='ltr'><strong>stantis</strong></span> <span class='ocrx_word' id='word_1_800' title='bbox 2494 5597 2656 5646; x_wconf 80' lang='grc' dir='ltr'>πάλιν</span> <span class='ocrx_word' id='word_1_801' title='bbox 2677 5594 2772 5646; x_wconf 83' lang='grc' dir='ltr'><strong>τοῦ</strong></span> <span class='ocrx_word' id='word_1_802' title='bbox 2841 5608 3010 5646; x_wconf 71' lang='lat' dir='ltr'><strong>orem;</strong></span> <span class='ocrx_word' id='word_1_803' title='bbox 3050 5591 3117 5646; x_wconf 79' lang='grc' dir='ltr'>τῆ</span> <span class='ocrx_word' id='word_1_804' title='bbox 3147 5587 3291 5646; x_wconf 85' lang='grc' dir='ltr'>λύπη</span> <span class='ocrx_word' id='word_1_805' title='bbox 3347 5582 3574 5637; x_wconf 82' lang='grc' dir='ltr'>κατάκο-</span> 
     </span>
    </p>
   </div>
   <div class='ocr_carea' id='block_1_113' title="bbox 2841 5582 3577 5658">
    <p class='ocr_par' dir='ltr' id='par_1_113' title="bbox 2841 5582 3577 5658">
     <span class='ocr_line' id='line_1_115' title="bbox 2841 5582 3577 5658; baseline -0.015 -13"><span class='ocrx_word' id='word_1_806' title='bbox 2841 5582 3010 5653; x_wconf 78' lang='grc' dir='ltr'>στέως</span> <span class='ocrx_word' id='word_1_807' title='bbox 3050 5582 3118 5658; x_wconf 75' lang='grc' dir='ltr'>τῇ</span> <span class='ocrx_word' id='word_1_808' title='bbox 3147 5587 3292 5656; x_wconf 83' lang='grc' dir='ltr'>λύπη</span> <span class='ocrx_word' id='word_1_809' title='bbox 3310 5582 3577 5658; x_wconf 42' lang='grc' dir='ltr'>ίκατάκο-</span> 
     </span>
    </p>
   </div>
   <div class='ocr_carea' id='block_1_114' title="bbox 355 5654 1876 5760">
    <p class='ocr_par' dir='ltr' id='par_1_114' title="bbox 355 5654 1876 5760">
     <span class='ocr_line' id='line_1_116' title="bbox 355 5654 1876 5690; baseline -0.009 -12"><span class='ocrx_word' id='word_1_810' title='bbox 355 5654 698 5683; x_wconf 63' lang='grc' dir='ltr'><strong>υνιηςρυυτ-ων,</strong></span> <span class='ocrx_word' id='word_1_811' title='bbox 726 5654 756 5673; x_wconf 83' lang='grc' dir='ltr'><strong>υ</strong></span> <span class='ocrx_word' id='word_1_812' title='bbox 798 5654 1040 5690; x_wconf 43' lang='lat' dir='ltr'><strong>upupa,</strong></span> <span class='ocrx_word' id='word_1_813' title='bbox 1078 5654 1171 5670; x_wconf 72' lang='grc' dir='ltr'><strong>η...</strong></span> <span class='ocrx_word' id='word_1_814' title='bbox 1198 5654 1286 5669; x_wconf 78' lang='grc' dir='ltr'><strong>ν...</strong></span> <span class='ocrx_word' id='word_1_815' title='bbox 1321 5654 1483 5668; x_wconf 60' lang='grc' dir='ltr'>πη...</span> <span class='ocrx_word' id='word_1_816' title='bbox 1515 5654 1541 5665; x_wconf 82' lang='grc'><strong>..</strong></span> <span class='ocrx_word' id='word_1_817' title='bbox 1576 5654 1742 5683; x_wconf 52' lang='grc' dir='ltr'><strong>...νυν</strong></span> <span class='ocrx_word' id='word_1_818' title='bbox 1788 5654 1813 5664; x_wconf 66' lang='grc' dir='ltr'>ν</span> <span class='ocrx_word' id='word_1_819' title='bbox 1844 5654 1876 5665; x_wconf 89' lang='grc'><strong>...</strong></span> 
     </span>
     <span class='ocr_line' id='line_1_117' title="bbox 355 5682 1876 5760; baseline -0.008 -14"><span class='ocrx_word' id='word_1_820' title='bbox 355 5711 437 5756; x_wconf 87' lang='grc' dir='ltr'>ος.</span> <span class='ocrx_word' id='word_1_821' title='bbox 476 5693 582 5746; x_wconf 85' lang='lat' dir='ltr'><strong>Pro</strong></span> <span class='ocrx_word' id='word_1_822' title='bbox 611 5691 679 5743; x_wconf 88' lang='grc' dir='ltr'>δι’</span> <span class='ocrx_word' id='word_1_823' title='bbox 723 5690 985 5760; x_wconf 84' lang='grc' dir='ltr'>ἀληθείας</span> <span class='ocrx_word' id='word_1_824' title='bbox 1016 5698 1099 5742; x_wconf 88' lang='lat' dir='ltr'><strong>est</strong></span> <span class='ocrx_word' id='word_1_825' title='bbox 1127 5685 1476 5757; x_wconf 83' lang='grc' dir='ltr'>διαληθείσας</span> <span class='ocrx_word' id='word_1_826' title='bbox 1511 5686 1562 5738; x_wconf 91' lang='lat' dir='ltr'><strong>iu</strong></span> <span class='ocrx_word' id='word_1_827' title='bbox 1605 5684 1727 5760; x_wconf 73' lang='lat' dir='ltr'><strong>cod.</strong></span> <span class='ocrx_word' id='word_1_828' title='bbox 1773 5682 1876 5760; x_wconf 67' lang='lat' dir='ltr'><strong>8l7</strong></span> 
     </span>
    </p>
   </div>
   <div class='ocr_carea' id='block_1_115' title="bbox 1986 5654 3572 5760">
    <p class='ocr_par' dir='ltr' id='par_1_115' title="bbox 1986 5654 3572 5760">
     <span class='ocr_line' id='line_1_118' title="bbox 1986 5654 3572 5760; baseline -0.006 9"><span class='ocrx_word' id='word_1_829' title='bbox 1986 5654 2118 5735; x_wconf 61' lang='grc' dir='ltr'>ὶῖιιῖί</span> <span class='ocrx_word' id='word_1_830' title='bbox 2136 5654 2536 5760; x_wconf 57' lang='grc' dir='ltr'>δῐέιλὶέδέίςηεκ</span> <span class='ocrx_word' id='word_1_831' title='bbox 2557 5667 2699 5760; x_wconf 51' lang='lat' dir='ltr'><strong>ea“</strong></span> <span class='ocrx_word' id='word_1_832' title='bbox 2717 5654 3572 5760; x_wconf 40' lang='lat' dir='ltr'><strong>istisistis.latissimi:</strong></span> 
     </span>
    </p>
   </div>
   <div class='ocr_carea' id='block_1_116' title="bbox 307 5713 3572 5830">
    <p class='ocr_par' dir='ltr' id='par_1_116' title="bbox 307 5713 3572 5830">
     <span class='ocr_line' id='line_1_119' title="bbox 355 5713 3262 5760; baseline -0.008 -14"><span class='ocrx_word' id='word_1_833' title='bbox 355 5713 437 5756; x_wconf 84' lang='grc' dir='ltr'>ος.</span> <span class='ocrx_word' id='word_1_834' title='bbox 476 5713 582 5746; x_wconf 74' lang='grc' dir='ltr'><strong>ι’Γο</strong></span> <span class='ocrx_word' id='word_1_835' title='bbox 611 5713 660 5743; x_wconf 81' lang='grc' dir='ltr'><strong>οι</strong></span> <span class='ocrx_word' id='word_1_836' title='bbox 723 5713 984 5760; x_wconf 63' lang='lat' dir='ltr'><strong>aliquem;</strong></span> <span class='ocrx_word' id='word_1_837' title='bbox 1016 5713 1099 5742; x_wconf 70' lang='lat' dir='ltr'><strong>cat</strong></span> <span class='ocrx_word' id='word_1_838' title='bbox 1127 5713 1474 5757; x_wconf 59' lang='grc' dir='ltr'>υιαληυιιωιις</span> <span class='ocrx_word' id='word_1_839' title='bbox 1512 5713 1562 5738; x_wconf 90' lang='lat' dir='ltr'><strong>Ill</strong></span> <span class='ocrx_word' id='word_1_840' title='bbox 1605 5713 1727 5737; x_wconf 68' lang='lat' dir='ltr'><strong>cuu.</strong></span> <span class='ocrx_word' id='word_1_841' title='bbox 1773 5713 1872 5736; x_wconf 77' lang='lat' dir='ltr'><strong>ou</strong></span> <span class='ocrx_word' id='word_1_842' title='bbox 1899 5723 1916 5748; x_wconf 84' lang='lat'><strong>,</strong></span> <span class='ocrx_word' id='word_1_843' title='bbox 1951 5713 2096 5735; x_wconf 71' lang='lat' dir='ltr'><strong>uuuu</strong></span> <span class='ocrx_word' id='word_1_844' title='bbox 2138 5713 2504 5742; x_wconf 69' lang='grc' dir='ltr'><strong>νιυιιι-νννσ-ιη</strong></span> <span class='ocrx_word' id='word_1_845' title='bbox 2559 5713 2699 5737; x_wconf 66' lang='grc' dir='ltr'><strong>Ὶ-ν*</strong></span> <span class='ocrx_word' id='word_1_846' title='bbox 2747 5713 2841 5746; x_wconf 38' lang='lat' dir='ltr'><strong>vv:</strong></span> <span class='ocrx_word' id='word_1_847' title='bbox 2876 5713 3022 5744; x_wconf 44' lang='grc' dir='ltr'><strong>-ῖννκ</strong></span> <span class='ocrx_word' id='word_1_848' title='bbox 3196 5729 3206 5738; x_wconf 56' lang='grc'><em>,</em></span> <span class='ocrx_word' id='word_1_849' title='bbox 3248 5713 3262 5724; x_wconf 90' lang='grc'>.</span> 
     </span>
     <span class='ocr_line' id='line_1_120' title="bbox 307 5713 3572 5830; baseline -0.014 -10"><span class='ocrx_word' id='word_1_850' title='bbox 307 5713 536 5827; x_wconf 45' lang='lat' dir='ltr'><strong>iaciam,</strong></span> <span class='ocrx_word' id='word_1_851' title='bbox 569 5763 732 5830; x_wconf 82' lang='lat' dir='ltr'><strong>idque</strong></span> <span class='ocrx_word' id='word_1_852' title='bbox 763 5761 938 5814; x_wconf 81' lang='lat' dir='ltr'><strong>facile.</strong></span> <span class='ocrx_word' id='word_1_853' title='bbox 969 5759 1106 5830; x_wconf 74' lang='lat' dir='ltr'><strong>Nam</strong></span> <span class='ocrx_word' id='word_1_854' title='bbox 1142 5774 1179 5826; x_wconf 93' lang='grc' dir='ltr'><strong>η</strong></span> <span class='ocrx_word' id='word_1_855' title='bbox 1207 5768 1261 5812; x_wconf 89' lang='lat' dir='ltr'><strong>et</strong></span> <span class='ocrx_word' id='word_1_856' title='bbox 1293 5775 1322 5808; x_wconf 87' lang='grc' dir='ltr'><strong>υ</strong></span> <span class='ocrx_word' id='word_1_857' title='bbox 1369 5765 1640 5830; x_wconf 76' lang='lat' dir='ltr'><strong>pertuutat</strong></span> <span class='ocrx_word' id='word_1_858' title='bbox 1680 5751 2194 5830; x_wconf 58' lang='lat' dir='ltr'><strong>iotacisrtius,_tlt10tl</strong></span> <span class='ocrx_word' id='word_1_859' title='bbox 2225 5746 2336 5830; x_wconf 69' lang='lat' dir='ltr'><strong>jam</strong></span> <span class='ocrx_word' id='word_1_860' title='bbox 2385 5743 3014 5830; x_wconf 26' lang='lat' dir='ltr'><strong>l&#39;u‘itna‘mt:</strong></span> <span class='ocrx_word' id='word_1_861' title='bbox 3062 5729 3572 5830; x_wconf 47' lang='lat' dir='ltr'><strong>illoglltglnmﬁlnﬁx;</strong></span> 
     </span>
    </p>
   </div>
   <div class='ocr_carea' id='block_1_117' title="bbox 310 5811 2825 5903">
    <p class='ocr_par' dir='ltr' id='par_1_117' title="bbox 310 5811 2825 5903">
     <span class='ocr_line' id='line_1_121' title="bbox 310 5811 2825 5903; baseline -0.011 -16"><span class='ocrx_word' id='word_1_862' title='bbox 310 5811 542 5888; x_wconf 62' lang='lat' dir='ltr'><strong>initiatio</strong></span> <span class='ocrx_word' id='word_1_863' title='bbox 570 5811 1239 5903; x_wconf 41' lang='lat' dir='ltr'><strong>eq&#39;gﬂaliolococjusdcm</strong></span> <span class='ocrx_word' id='word_1_864' title='bbox 1279 5811 1482 5884; x_wconf 79' lang='lat' dir='ltr'><strong>codicis</strong></span> <span class='ocrx_word' id='word_1_865' title='bbox 1527 5825 1662 5880; x_wconf 84' lang='lat' dir='ltr'><strong>abiit</strong></span> <span class='ocrx_word' id='word_1_866' title='bbox 1705 5824 1761 5878; x_wconf 88' lang='lat' dir='ltr'><strong>iu</strong></span> <span class='ocrx_word' id='word_1_867' title='bbox 1793 5839 1909 5888; x_wconf 79' lang='grc' dir='ltr'>σας,</span> <span class='ocrx_word' id='word_1_868' title='bbox 1961 5811 2388 5891; x_wconf 57' lang='grc' dir='ltr'>ιὼἰξιιτοᾟοηο</span> <span class='ocrx_word' id='word_1_869' title='bbox 2434 5811 2580 5868; x_wconf 88' lang='lat' dir='ltr'><strong>edito</strong></span> <span class='ocrx_word' id='word_1_870' title='bbox 2633 5823 2825 5878; x_wconf 83' lang='grc' dir='ltr'>πυρσω</span> 
     </span>
    </p>
   </div>
   <div class='ocr_carea' id='block_1_118' title="bbox 312 5899 1208 5974">
    <p class='ocr_par' dir='ltr' id='par_1_118' title="bbox 312 5899 1208 5974">
     <span class='ocr_line' id='line_1_122' title="bbox 312 5899 1208 5974; baseline -0.009 -15"><span class='ocrx_word' id='word_1_871' title='bbox 312 5905 534 5974; x_wconf 83' lang='lat' dir='ltr'><strong>scripsit</strong></span> <span class='ocrx_word' id='word_1_872' title='bbox 567 5899 705 5958; x_wconf 75' lang='lat' dir='ltr'><strong>male</strong></span> <span class='ocrx_word' id='word_1_873' title='bbox 733 5899 1130 5972; x_wconf 83' lang='grc' dir='ltr'>πυρσωοείσας.</span> <span class='ocrx_word' id='word_1_874' title='bbox 1203 5921 1208 5925; x_wconf 81' lang='grc'><strong><em>-</em></strong></span> 
     </span>
    </p>
   </div>
   <div class='ocr_carea' id='block_1_119' title="bbox 2829 5791 3580 5888">
    <p class='ocr_par' dir='ltr' id='par_1_119' title="bbox 2829 5791 3580 5888">
     <span class='ocr_line' id='line_1_123' title="bbox 2829 5791 3580 5888; baseline -0.017 -31"><span class='ocrx_word' id='word_1_875' title='bbox 2829 5802 3014 5873; x_wconf 84' lang='grc' dir='ltr'>Οείσης</span> <span class='ocrx_word' id='word_1_876' title='bbox 3064 5816 3115 5871; x_wconf 84' lang='lat' dir='ltr'><strong>p.</strong></span> <span class='ocrx_word' id='word_1_877' title='bbox 3164 5798 3293 5862; x_wconf 72' lang='lat'><strong>502,</strong></span> <span class='ocrx_word' id='word_1_878' title='bbox 3325 5791 3580 5888; x_wconf 75' lang='lat' dir='ltr'><strong>librarius</strong></span> 
     </span>
    </p>
   </div>
  </div>
