4042 6484
1737 407 1752 436 Ι

519 431 623 498 983

1955 435 2332 497 ADDENDA.

3635 415 3720 472 1H
3735 413 3760 472 ι

511 574 611 624 ret,
647 559 916 630 patefactis
943 557 1200 614 thesauris
1222 557 1352 621 suis,
1371 570 1588 624 quorum
1613 563 1736 608 tunc
1759 563 2056 620 promptum

2197 541 2415 612 ταυρούς
2446 540 2610 596 αὐτοῦ
2639 533 2823 612 ὧνπερ
2843 538 2979 600 τέως
3003 535 3294 604 ἀνειμένην
3324 527 3435 602 εἶχε
3476 532 3574 584 xui.
3603 529 3772 582 άκὼο

461 670 463 672 ·
511 665 571 706 ac
609 640 826 704 liberum
850 664 1000 703 usum
1026 648 1270 711 habebat,
1295 645 1510 713 aurique
1545 652 1701 709 atque
1737 642 1959 713 argenti,
1999 655 2060 694 ac

512 744 862 812 pretiosorum
904 741 1133 809 lapidum
1172 738 1366 808 ingenti
1408 735 1546 789 mole
1585 733 1789 786 famulis
1837 733 2057 801 quibus-

511 835 655 900 dam,
684 847 814 897 quos
844 831 1125 884 ﬁdissimos
1164 829 1408 894 habebat,
1439 826 1646 889 tradita,
1679 825 1744 877 ad
1772 837 1886 876 eam
1919 821 2062 875 insu-

523 921 626 977 lam
686 921 749 975 ad
788 935 943 990 quam
982 919 1316 974 abducendus
1351 924 1465 972 erat
1501 915 1770 984 praemisit.
1815 911 2064 967 Vertente

521 1021 697 1066 autem
726 1025 866 1064 anno
887 1010 1048 1072 cives,
1075 1017 1336 1062 commota
1363 1004 1642 1068 seditione,
1673 1002 1868 1056 nudum
1919 1017 2060 1067 eum,

521 1100 963 1168 quemadmodum
988 1099 1286 1167 superiores
1314 1111 1485 1166 reges,
1535 1095 1586 1148 in
1618 1096 1856 1149 exsilium
1909 1093 2068 1147 mise-

521 1199 664 1246 runt.
695 1191 767 1243 Ac
795 1188 975 1245 caeteri
1003 1189 1209 1256 quidem
1239 1195 1495 1250 amentes,
1529 1198 1580 1240 et
1611 1187 1783 1239 brevis
1811 1185 2064 1252 temporis

525 1295 705 1350 reges,
735 1280 1038 1346 gravissima
1065 1280 1199 1333 fame
1243 1279 1546 1331 laborabant
1575 1293 1587 1326 ε
1621 1275 1710 1330 ille
1751 1285 1933 1328 contra
1979 1273 2067 1343 qui

523 1383 651 1436 Opes
676 1382 799 1420 suas
836 1368 1181 1434 praemiserat,
1212 1369 1262 1418 in
1303 1375 1551 1432 perpetua
1592 1380 1765 1418 rerum
1807 1364 1956 1431 copia
1993 1362 2071 1416 vi-

522 1469 626 1511 tam
654 1460 874 1523 ducens,
905 1467 1062 1525 atque
1091 1457 1287 1511 inﬁnita
1322 1458 1582 1522 voluptate
1610 1455 1810 1519 (ruens,
1839 1454 2073 1523 perﬁdo-

524 1563 639 1601 rum
667 1563 730 1602 ac
766 1549 1139 1602 sceleratorum
1178 1547 1367 1600 civium
1408 1557 1546 1600 metu
1588 1560 1804 1614 prorsus
1841 1547 2072 1611 abjecto,

523 1639 894 1706 sapientissimi
917 1637 1120 1690 consilii
1149 1637 1231 1691 sui
1260 1637 1471 1692 nomine
1493 1636 1702 1689 beatum
1724 1651 1781 1688 se
1806 1635 2062 1705 przedica-

523 1727 629 1786 bat.

595 1817 690 1870 llic
718 1831 874 1884 porro
914 1832 1008 1884 per
1037 1817 1298 1869 civitatem
1325 1830 1509 1868 vanum
1535 1817 1672 1868 hunc
1707 1825 1863 1886 atque
1900 1816 2072 1884 impo-

2177 636 2334 688 λυτον
2384 634 2485 703 τὴν
2538 634 2754 704 χρῆσιν,
2803 631 2897 684 καὶ
2940 629 3120 682 λαϐὼν
3172 626 3473 698 χρημάτων
3523 623 3774 688 πλῆθος,

2178 726 2382 800 χρυσοῦ
2421 744 2481 779 τε
2512 727 2607 780 καὶ
2635 724 2880 796 ἀργύρου
2912 722 3006 775 καί
3034 721 3198 773 λίθων
3229 719 3428 784 τιμίων
3458 717 3777 786 άδρότατον

2178 820 2360 888 ὄγκον,
2397 817 2739 878 πιστοτάτοις
2777 814 3052 885 παραδοὺς
3096 811 3369 872 οἰκέταις,
3417 810 3499 870 εἰς
3540 807 3780 872 ἐκείνην

2180 906 2554 980 προέπεμψεν,
2586 908 2667 968 εἰς
2695 904 2762 974 ἢν
2789 901 3012 973 ἔμελλεν
3041 897 3371 967 ἀπάγεσθαι,
3405 895 3593 963 νῆσον.
3628 891 3781 942 Συν-

2180 1000 2520 1061 τελεσθέντος
2551 997 2607 1050 δὲ
2639 996 2732 1050 τοῦ
2783 991 3171 1064 ἐμπροθέσμου
3219 985 3488 1047 ἐνιαυτοῦ,
3537 980 3784 1036 στασιάο

2185 1107 2374 1153 σαντες
2406 1089 2456 1142 οἰ
2495 1087 2708 1140 πολῖται
2741 1083 2948 1153 γυμνὸν
2997 1080 3180 1143 αὐτὸν,
3220 1077 3294 1140 ὡς
3341 1076 3436 1129 καὶ
3475 1074 3606 1135 τοὺς

2182 1179 2386 1245 αὐτοῦ,
2420 1180 2486 1249 τῇ
2535 1176 2721 1247 ἐξορία
2763 1171 3158 1244 παρέπεμψαν.
3195 1170 3256 1220 Οί
3297 1167 3394 1234 μὲν
3435 1163 3531 1217 οὖν
3580 1161 3782 1214 λοιποί

2184 1274 2398 1342 ἀνόητοι
2436 1272 2530 1324 καὶ
2569 1269 2896 1339 πρόσκαιροι
2935 1264 3178 1336 βασιλεῖς
3203 1259 3390 1321 δεινῶς
3423 1258 3780 1326 ἐλίμωττον·

2183 1370 2210 1420 ὁ
2239 1367 2315 1429 δὲ,
2344 1365 2434 1419 τὸν
2465 1362 2692 1416 πλοῦτον
2724 1361 2882 1430 120
2909 1355 3354 1429 προαποθέμενος
3385 1353 3596 1404 ἐκεῖνον
3615 1389 3632 1410 ,
3674 1348 3745 1399 εὐ
3767 1376 3781 1386 -

2186 1457 2345 1529 θηνίᾳ
2382 1457 2620 1527 διηνεκεῖ
2663 1453 2839 1517 συζῶν
2888 1450 2984 1504 καὶ
3020 1447 3234 1519 τρυφὴν
3274 1445 3551 1498 ἀδάπανον
3600 1440 3779 1509 ἔχων,

2187 1550 2350 1618 φόϐον
2384 1566 2444 1601 τε
2479 1545 2830 1599 παντάπασιν
2878 1540 3314 1607 ἀποσεισάμενος
3362 1536 3469 1588 τῶν
3507 1535 3781 1587 ἀτάκτων

2187 1643 2281 1696 καὶ
2321 1639 2576 1710 πονηρῶν
2607 1635 2860 1698 πολιτῶν,
2900 1638 2999 1704 τῆς
3032 1632 3349 1702 σοφωτάτης
3387 1629 3583 1681 ἑαυτὸν
3627 1627 3778 1693 ἐμα-

2191 1732 2350 1804 κάριζ
2355 1750 2410 1785 εν
2438 1729 2742 1791 εὐϐουλίας.

2259 1826 2422 1879 Πόλιν
2450 1819 2543 1876 οὐν
2586 1821 2697 1874 νόει
2735 1836 2826 1890 μοι
2871 1816 2960 1869 τὸν
2994 1815 3222 1884 μάταιον
3254 1809 3442 1864 τοῦτον
3487 1809 3587 1861 καὶ
3627 1809 3770 1860 άπαο

527 1915 722 1960 storem
747 1906 994 1958 mundum
1015 1903 1260 1972 intellige.
1295 1905 1394 1957 Per
1419 1905 1561 1957 cives
1591 1914 1784 1970 autem,
1819 1904 2076 1974 principa-

2197 1919 2364 1973 τεῶνα
2393 1917 2618 1985 κόσμον,
2653 1911 2880 1972 πολίτας
2909 1909 2964 1961 δέ
3007 1907 3105 1969 τὰς
3145 1903 3319 1976 ἀρχὰς
3351 1904 3448 1955 καὶ
3480 1901 3585 1963 τὰς
3622 1898 3780 1960 ἐξου-

531 2005 613 2048 tus
640 2006 692 2050 et
718 2002 1000 2062 potestates
1023 1995 1342 2059 daemonum,
1371 2009 1430 2047 ac
1456 1995 1633 2047 mundi
1666 2005 1896 2049 rectores
1928 2005 2076 2050 tene-

531 2087 739 2139 brarum
771 2086 925 2154 hujus
954 2087 1151 2150 saeculi,
1183 2089 1268 2155 qui
1302 2102 1396 2138 nos
1446 2102 1538 2152 per
1585 2088 1864 2152 voluptatis
1904 2088 2075 2140 molli-

524 2175 648 2228 (ictu
680 2177 950 2239 inescant,
979 2186 1136 2242 atque
1165 2177 1215 2226 in
1245 2177 1478 2228 animum
1530 2177 1681 2230 nobis
1732 2175 1981 2228 inducunt
2033 2183 2089 2222 ut

523 2271 590 2323 de
617 2270 778 2322 rebus
805 2269 1018 2323 caducis
1045 2279 1097 2322 et
1124 2269 1434 2335 interituris,
1451 2269 1597 2322 velut
1617 2269 1682 2322 de
1702 2264 2091 2320 immortalibus

526 2360 858 2426 cogitemus,
910 2368 1155 2427 tanquam
1204 2359 1408 2414 scilicet
1450 2377 1631 2414 earum
1669 2359 1870 2413 fructus
1937 2357 2092 2410 nobis

529 2460 807 2517 perpetuus
832 2465 894 2504 ac
918 2451 1275 2518 sempiternus
1305 2452 1510 2505 futurus
1537 2451 1622 2505 sit.
1663 2450 1795 2504 Cum
1829 2448 1991 2517 igitur
2020 2447 2088 2502 ad

527 2542 666 2610 hunc
696 2542 905 2599 modum
932 2543 1137 2612 decepti
1169 2554 1326 2614 atque
1356 2548 1407 2598 in
1461 2545 1695 2599 fraudem
1745 2543 1957 2612 impulsi
2000 2555 2092 2595 su-

535 2649 672 2696 tnns,
703 2651 801 2690 nec
831 2637 898 2690 de
921 2638 1081 2690 certis
1107 2639 1208 2690 illis
1235 2653 1295 2691 ac
1317 2636 1649 2705 sempiternis
1675 2636 1840 2689 ullum
1863 2646 2092 2701 unquam

530 2725 807 2779 consilium
838 2725 1070 2791 iniimus,
1098 2743 1194 2780 nec
1224 2729 1374 2781 nobis
1406 2728 1456 2782 ὶιι
1486 2730 1717 2780 futurum
1746 2741 1917 2780 :evum
1947 2723 2094 2793 quid-

529 2831 683 2885 quam
714 2818 1126 2879 recoudidimns.
1159 2822 1461 2884 repentinus
1487 2821 1636 2872 nobis
1666 2818 1854 2872 mortis
1901 2815 2088 2870 interi.

525 2917 607 2962 tus
635 2909 830 2977 ingruit
856 2910 1033 2977 (Prov.
1069 2911 1128 2980 t).
1167 2916 1232 2964 At
1261 2922 1368 2965 tum
1397 2912 1607 2964 demum
1639 2912 1806 2965 nudos
1853 2924 1973 2974 nos,
2006 2915 2091 2964 at-

521 3015 624 3068 que
647 3003 893 3055 omnibus
939 3003 1093 3068 huius
1127 3005 1251 3057 vitae
1282 3005 1442 3058 rebus
1472 3004 1727 3069 spoliatos
1754 3000 1983 3069 improbi
2015 2999 2094 3055 illi

523 3104 585 3143 ac
611 3092 733 3144 saevi
762 3093 1098 3146 tenebrarum
1129 3095 1270 3148 cives
1298 3094 1641 3160 accipientes,
1669 3103 1726 3145 ut
1765 3089 1854 3160 qui
1885 3100 2096 3159 tempus

523 3180 624 3232 illis
649 3195 808 3235 omne
836 3181 1271 3250 impenderimus,
1299 3183 1353 3236 in
1403 3193 1595 3237 terrain
1645 3183 1982 3239 tenebrosam
2036 3188 2094 3235 et

522 3271 800 3325 obscuram
829 3272 1125 3336 abducunt,
1156 3275 1210 3328 in
1235 3284 1426 3327 terram
1457 3275 1798 3340 sempiterna:
1825 3269 2090 3340 caliginis,

524 3361 610 3414 ubi
640 3361 725 3414 lux
771 3377 875 3434 non
906 3372 1004 3426 est,
1039 3378 1135 3417 nec
1177 3364 1475 3419 mortalium
1521 3366 1681 3416 vitam
1729 3362 1921 3416 intueri
1971 3361 2097 3415 licet

523 3448 662 3526 (Job.
695 3449 779 3520 ι).
810 3449 913 3505 Per
956 3451 1178 3521 probum
1224 3467 1354 3506 vero
1397 3452 1782 3518 consiliarium,
1831 3450 1920 3519 qui
1973 3465 2094 3519 pru-

524 3541 667 3594 denti
696 3555 759 3595 ac
788 3556 1041 3612 perquam
1073 3544 1296 3611 sapienti
1327 3542 1406 3598 illi
1435 3543 1545 3608 regi
1576 3542 1753 3596 omnia
1787 3555 1912 3595 vere
1960 3555 2091 3608 ape-

524 3632 652 3694 ruit,
682 3645 743 3684 ac
765 3632 976 3686 sublata
1003 3634 1223 3687 consilia
1254 3634 1488 3698 tradidit,
1523 3649 1607 3688 me
1637 3634 1793 3687 vilem
1821 3642 1878 3687 et
1923 3633 2096 3687 humi-

524 3719 628 3775 lem
655 3723 1035 3778 homunculum
1069 3725 1322 3794 iutellige,
1355 3726 1440 3792 qui
1474 3724 1576 3778 huc
1606 3724 1806 3780 idcirco
1835 3726 2011 3791 venio,
2042 3737 2098 3780 ut

523 3813 620 3865 tibi
651 3813 790 3866 viam
817 3813 1009 3867 bonam
1041 3831 1095 3868 et
1122 3817 1188 3868 ab
1210 3815 1353 3868 omni
1376 3830 1558 3869 errore
1580 3816 1798 3869 liberam
1824 3822 2098 3870 commou-

526 3916 716 3969 strem,
769 3915 923 3970 teque
973 3908 1037 3959 ad
1089 3909 1410 3974 sempiterna
1458 3918 1512 3961 et
1555 3923 1820 3975 nunqnatn
1869 3909 2099 3964 ﬁnienda

530 3993 665 4054 bona
695 3997 989 4060 traducum,
1023 4000 1247 4065 illucque
1274 4000 1451 4050 omnia
1503 4007 1588 4050 tua
1637 3999 1926 4053 recondere
1969 4014 2099 4052 sua-

527 4088 706 4154 tleam,
736 4100 1029 4160 contraque
1059 4100 1107 4143 te
1133 4091 1200 4145 ab
1226 4091 1513 4158 impostore
1544 4093 1643 4144 hoc
1689 4091 1885 4144 mundo
1929 4091 2096 4145 abdu-

528 4199 665 4237 cam.
695 4185 864 4250 Quem
913 4186 1123 4254 quidem
1171 4185 1283 4253 ipse
1328 4200 1538 4254 quoque
1578 4185 1859 4252 aliquando
1907 4185 2102 4239 misere

531 4276 794 4341 amabam,
827 4278 1050 4346 ejusque
1080 4278 1377 4346 voluptates
1423 4288 1473 4332 et
1519 4277 1905 4330 oblectamenta
1957 4291 2102 4329 com-

528 4368 816 4435 plectebar.
861 4370 1126 4424 (Steterunt
1177 4383 1296 4423 cum
1329 4367 1486 4422 rectis
1535 4368 1726 4422 mentis
1771 4367 1939 4422 oculis
1988 4369 2102 4420 ani-

528 4463 962 4524 madvertissem,
991 4463 1436 4531 quemadmodum
1469 4461 1520 4514 in
1553 4461 1636 4514 liis
1665 4461 1826 4514 rebus
1858 4459 2102 4514 universa

2195 2013 2313 2073 σίας
2335 2010 2444 2062 τῶν
2472 2006 2764 2079 δαιμόνων,
2794 2003 2922 2066 τούς
2951 1998 3399 2070 κοσμοκράτορας
3421 1993 3519 2046 τοῦ
3545 1992 3780 2054 σκότους

2191 2104 2286 2156 τοῦ
2313 2101 2508 2161 αἰῶνος
2549 2097 2740 2150 τούτου
2777 2093 2908 2162 (68),
2953 2092 3080 2152 τούς
3111 2086 3466 2148 δελεάζοντας
3497 2082 3656 2152 ἡμᾶς
3701 2081 3782 2149 τῷ

2192 2194 2320 2257 λείῳ
2347 2191 2448 2260 τῆς
2477 2189 2690 2260 ἡδονῆς,
2724 2187 2822 2239 καὶ
2849 2184 2925 2247 ὼς
2955 2200 3020 2235 πε
3032 2181 3083 2252 ρί
3118 2179 3411 2250 ἀφθάρτων
3441 2173 3779 2241 ὑποτιθεμέ-

2194 2301 2318 2346 νους
2367 2277 2698 2334 διανοεῖσθαι
2738 2275 2847 2328 τῶν
2887 2269 3142 2343 φθαρτῶν
3195 2269 3288 2321 καὶ
3337 2266 3658 2334 ἐπικήριον.
3705 2263 3770 2323 ὡς

2193 2378 2290 2431 ἆτε
2325 2369 2836 2438 συνδιαιωνιζούσης
2865 2368 2995 2438 ἡμῖν
3032 2364 3126 2417 καὶ
3155 2360 3398 2414 ἀθάνατα
3431 2359 3540 2426 τῆς
3573 2355 3768 2407 τούτων

2196 2463 2648 2537 συνυπαρχούσης
2687 2459 3064 2520 ἀπολαύσεως.
3094 2455 3280 2517 Οὕτως
3327 2452 3422 2506 οὐν
3461 2447 3778 2518 άπατηθένυ

2194 2577 2302 2613 των
2331 2556 2487 2628 ἡμῶν
2522 2553 2616 2606 καὶ
2656 2551 2927 2623 μηδεμίαν
2957 2549 3085 2618 περί
3121 2546 3230 2598 τῶν
3266 2544 3518 2615 μονίμων
3550 2541 3780 2594 ἐκείνων

2196 2652 2290 2704 καὶ
2318 2648 2550 2701 αἰωνίων
2575 2641 3042 2715 βουλευσαμένων,
3071 2641 3207 2708 μήτε
3239 2655 3292 2688 τι
3316 2632 3780 2706 ταμιευσαμένων

2197 2741 2408 2802 ἑαυτοῖς
2441 2737 2640 2800 εἰςτὸν
2668 2733 2877 2787 ἐκεῖθεν
2907 2731 3055 2802 βίον,
3087 2728 3350 2798 αἰφνίδιος
3382 2728 3519 2796 ἡμῖν
3553 2723 3783 2793 ἐφίστα-

2197 2853 2283 2887 ται
2327 2832 2547 2904 ὄλεθρος
2581 2832 2609 2883 ὁ
2645 2827 2740 2880 τοῦ
2794 2825 3046 2880 θανάτου.
3083 2823 3218 2876 Τότε
3263 2821 3325 2888 δὴ
3371 2819 3498 2872 τότε
3541 2817 3786 2886 γυμνοὺς

2198 2928 2346 2997 ἡμᾶς
2377 2925 2486 2977 τῶν
2521 2921 2771 2975 ἐντεῦθεν
2807 2920 2855 2972 οἰ
2888 2917 3114 2987 πονηροὶ
3143 2915 3238 2968 καὶ
3269 2912 3454 2984 πικροὶ
3491 2909 3784 2981 δεξάμενοι

2199 3019 2413 3076 πολῖται
2445 3013 2540 3067 τοῦ
2576 3013 2832 3076 σκότους,
2867 3010 2942 3072 ὼς
2967 3007 3195 3070 ἐκείνοις
3221 3005 3312 3059 τὸν
3346 3004 3572 3058 ἅπαντα
3613 3019 3785 3072 προσ-

2199 3108 2587 3170 αναλώσαντας
2647 3105 2874 3176 χρόνον,
2907 3102 3213 3168 ἀπάγουσιν
3245 3100 3325 3162 εἰς
3358 3098 3462 3168 γῆν
3498 3094 3788 3162 σκοτεινὴν

2201 3200 2297 3253 καὶ
2325 3197 2617 3269 γνοφερὰν,
2653 3199 2731 3260 εἰς
2762 3197 2867 3266 γῆν
2901 3197 3127 3256 σκότους
3156 3191 3378 3246 αἰωνίου
3397 3233 3410 3255 ,
3439 3183 3503 3243 οὐ
3538 3189 3647 3242 οὐκ
3677 3188 3788 3242 ἐστι

2200 3291 2428 3360 φέγγος,
2469 3289 2590 3342 οὐδέ
2625 3290 2756 3359 ὁρᾷν
2788 3286 2934 3354 ζωὴν
2968 3283 3173 3357 βροτῶν
3204 3283 3338 3354 (69).
3371 3280 3699 3352 Σύμϐουλον
3734 3278 3786 3333 δὲ

2198 3382 2423 3452 ἀγαθὸν,
2457 3383 2547 3434 τὸν
2594 3380 2803 3452 τάληθῆ
2844 3378 3022 3432 πάντα
3048 3375 3392 3447 γνωρίσαντα
3430 3375 3529 3427 ,καί
3568 3372 3641 3424 τά
3686 3388 3789 3422 cur.

2197 3475 2360 3544 τήρια
2389 3470 2673 3534 διδάξαντα
2702 3465 3109 3537 ἐπιτηδεύματα
3136 3462 3214 3533 τῷ
3241 3459 3448 3530 συνετῷ
3477 3459 3580 3511 καὶ
3607 3475 3786 3526 σοφων

2199 3565 2345 3635 τάτῳ
2377 3564 2608 3635 βασιλεῖ,
2650 3562 2750 3632 τὴν
2785 3559 2922 3630 ἐμὴν
2955 3555 3307 3625 ὑπολάμϐανε
3344 3552 3542 3621 εὐτελῆ
3574 3551 3782 3620 χθαμα·

2199 3656 2418 3726 λότητα,
2445 3653 2504 3718 ὃς
2530 3653 2627 3724 τὴν
2657 3650 2867 3721 ἀγαθὴν
2890 3649 3008 3701 ὁδὸν
3035 3647 3129 3700 καί
3153 3645 3365 3715 ἀπλανῆ
3390 3641 3670 3708 ὑποδεῖξαί
3699 3658 3778 3693 σοι

2199 3751 2342 3819 ἥκω,
2370 3749 2481 3810 τοῖς
2509 3746 2749 3809 αἰωνίοις
2789 3743 2887 3812 μὲν
2920 3741 3014 3795 καὶ
3045 3738 3423 3808 ἀτελευτήτοις
3451 3736 3664 3804 ἐνάγων
3688 3734 3787 3785 κά-

2200 3842 2352 3891 κεῖσε
2379 3839 2554 3890 πάντα
2579 3832 2964 3905 συμϐουλεύων
2991 3829 3310 3892 ἀποθέσθαι,
3345 3826 3585 3894 ἀπάγων
3613 3827 3672 3878 δὲ
3696 3825 3788 3878 τοῦ

2201 3928 2406 3982 πλάνου
2435 3926 2644 3996 κόσμου
2684 3925 2838 3994 12],
2870 3921 3084 3986 τούτου,
3117 3921 3287 3989 ὅνπερ
3316 3917 3472 3987 κάγὼ
3504 3916 3791 3987 δυστυχῶς

2203 4019 2420 4088 ἐφίλουν
2441 4062 2456 4085 ,
2483 4017 2580 4070 καὶ
2616 4017 2725 4069 τῶν
2752 4015 2918 4069 αὐτοῦ
2954 4012 3286 4084 άντειχόμην
3315 4011 3568 4082 τερπνῶν
3603 4026 3665 4061 τε
3695 4009 3792 4062 καὶ

2203 4109 2642 4167 ἀπολαυστικῶν.
2694 4110 3054 4179 Κατανοήσας
3102 4106 3158 4159 δὲ
3207 4107 3322 4168 τοῖς
3367 4103 3644 4158 ἁπλανέσι
3695 4099 3792 4153 τοῦ

2203 4204 2322 4267 νοὸς
2359 4202 2659 4272 ὀφθαλμοῖς
2683 4200 2800 4264 πῶς
2827 4202 2884 4253 ἐν
2911 4199 3122 4262 τούτοις
3151 4199 3261 4260 πᾶς
3281 4199 3309 4250 ὁ
3333 4195 3444 4250 τῶν
3471 4192 3790 4265 ἀνθρώπιον

2203 4294 2593 4365 κατατρίϐεται
2624 4292 2757 4364 βίος,
2795 4291 2903 4344 τῶν
2941 4291 3038 4361 μὲν
3076 4287 3555 4360 παραγινομένων,
3589 4285 3702 4338 τῶν
3732 4284 3790 4336 δὲ

2205 4385 2572 4456 ἀπαιρόντων,
2597 4383 2688 4436 καὶ
2715 4382 2940 4452 μηδενὸς
2971 4380 3188 4450 ἔχοντος
3219 4379 3280 4430 τὸ
3311 4377 3579 4445 στάσιμόν
3608 4393 3666 4428 τε
3695 4377 3789 4426 καὶ

2207 4478 2446 4548 βέϐαιον,
2475 4479 2610 4548 μήτε
2638 4475 2746 4527 τῶν
2774 4474 3153 4526 πλουτούντων
3179 4473 3236 4524 ἐν
3268 4471 3346 4542 τῷ
3375 4470 3614 4539 πλούτῳ,
3651 4469 3787 4537 μήτε

526 4551 824 4604 mortalium
849 4552 950 4604 vita
976 4553 1288 4618 conteritur,
1305 4550 1421 4604 aliis
1441 4551 1686 4603 nimirum
1704 4549 2088 4604 accedeanus.

2207 4571 2314 4625 τῶν
2342 4567 2584 4622 δυνατῶν
2612 4569 2668 4620 ἐν
2696 4569 2760 4637 τῇ
2791 4566 2958 4636 ἰσχύϊ,
2997 4566 3133 4635 μήτε
3163 4565 3273 4617 τῶν
3307 4563 3486 4630 σοφῶν
3518 4564 3577 4613 ὲν
3608 4563 3674 4631 τῇ
3706 4577 3791 4612 σο·

525 4643 648 4698 aliis
675 4644 1074 4712 decedentibus,
1109 4661 1207 4699 nec
1233 4646 1342 4698 ullo
1387 4645 1604 4697 omnino
1634 4644 1785 4696 firma
1832 4651 1884 4694 et
1924 4643 2103 4695 stabili

524 4738 653 4793 sede
678 4741 985 4803 constituto,
1017 4741 1117 4792 hoc
1165 4751 1267 4801 est,
1318 4753 1418 4792 nec
1469 4737 1718 4790 divitibus
1767 4746 1821 4789 et
1869 4736 2100 4803 copiosis

521 4830 578 4884 in
607 4829 829 4899 opibus,
876 4846 974 4884 nec
1004 4830 1304 4899 potentibus
1347 4831 1397 4882 in
1440 4830 1672 4898 potentia
1699 4869 1714 4890 ,
1749 4844 1846 4881 nec
1893 4829 2102 4897 sapien-

524 4921 664 4975 tibus
692 4921 744 4974 in
770 4922 1051 4990 sapientia,
1078 4937 1175 4976 nec
1205 4921 1270 4976 iis
1314 4923 1504 4990 quibus
1558 4935 1810 4988 prospere
1858 4935 1945 4973 res
1983 4933 2100 4974 suc-

521 5013 740 5076 cedunt,
773 5013 824 5066 in
855 5016 1225 5083 prosperitate,
1254 5028 1355 5075 nec
1383 5012 1533 5066 luxui
1564 5012 1759 5066 deditis
1791 5012 1845 5064 in
1892 5014 2018 5064 luxu
2049 5021 2104 5064 et

522 5106 786 5171 cupediis,
815 5119 910 5158 nec
946 5105 1009 5157 iis
1051 5106 1140 5172 qui
1183 5119 1369 5159 secure
1411 5103 1509 5162 sibi
1537 5105 1725 5156 vivere
1759 5102 2023 5166 videntur,
2050 5102 2100 5154 in

523 5197 662 5249 niani
694 5211 787 5249 sua
817 5205 872 5250 et
901 5194 1317 5250 imbecillissima
1345 5195 1649 5260 securitate,
1673 5207 1772 5248 nec
1796 5193 1849 5247 in
1874 5193 1978 5246 ulla
2003 5192 2102 5245 alia

525 5300 582 5338 re
613 5301 676 5339 ex
704 5286 769 5341 iis
795 5302 912 5356 quae
937 5287 1176 5341 laudibus
1193 5285 1504 5341 ell'ertmtur.
1532 5284 1724 5340 Verum
1746 5286 1859 5342 haec
1884 5300 1971 5340 res
1995 5292 2105 5337 tor-

525 5377 753 5429 rentium
807 5393 1060 5447 aquarum
1119 5379 1170 5432 in
1227 5376 1543 5445 profundum
1602 5390 1750 5430 mare
1809 5376 2100 5428 labentium

526 5469 770 5530 transitui
798 5471 993 5525 similis
1019 5479 1100 5526 est
1125 5487 1140 5535 ;
1169 5471 1357 5528 eodem
1383 5469 1525 5524 enim
1552 5469 1709 5524 modo
1736 5468 1876 5522 ﬂuxa
1904 5479 2026 5523 sunt
2051 5475 2106 5521 et

2210 4660 2329 4731 φίᾳ,
2381 4659 2500 4730 μηδ’
2537 4657 2606 4710 αὖ
2637 4657 2744 4709 τῶν
2796 4657 3208 4726 εὐημερούντων
3256 4656 3312 4707 ἐν
3360 4656 3427 4725 τῇ
3476 4653 3788 4724 εὐημερίᾳ,

2215 4753 2350 4824 μήτε
2400 4752 2506 4804 τῶν
2557 4747 2882 4819 τρυφώντων
2936 4750 2992 4800 ἐν
3042 4749 3107 4817 τῇ
3165 4745 3448 4816 σπατάλῃ,
3493 4745 3633 4814 μήτε
3683 4743 3788 4794 τῶν

2212 4843 2469 4913 ἀσφαλῶς
2504 4841 2805 4894 δοκούντων
2847 4838 2995 4908 βιοῦν
3030 4840 3086 4891 ἐν
3129 4841 3194 4908 τῇ
3238 4835 3444 4905 ματαία
3477 4833 3660 4886 αὐτῶν
3697 4832 3788 4882 καὶ

2214 4934 2584 5006 ἀδρανεστάτῃ
2615 4931 2882 5000 ἀσφαλείᾳ
2906 4969 2920 4989 ,
2968 4931 3102 4999 μήτε
3134 4931 3192 4980 ἐν
3229 4927 3374 4995 ἄλλῳ
3409 4925 3516 4978 τινὶ
3556 4924 3667 4976 τῶν
3701 4926 3788 4975 ἐνο

2210 5026 2385 5079 ταῦθα
2413 5023 2850 5093 ἐπαινουμένων,
2878 5020 2992 5073 ἀλλ’
3026 5019 3169 5070 ἔοικε
3197 5018 3259 5069 τὸ
3290 5019 3524 5089 πρᾶγμα
3559 5016 3787 5086 χειμάρο

2214 5121 2322 5187 ρων
2349 5116 2567 5187 παρόδῳ
2593 5115 2884 5184 ἀμετρήτῳ
2919 5111 3193 5178 θαλάσσης
3221 5109 3608 5179 ἐμπιπτόντων
3643 5105 3783 5176 βυθῷ

2213 5207 2437 5276 (ῥευστὰ
2477 5205 2585 5275 γὰρ
2612 5203 2722 5274 (70)
2764 5203 2936 5265 οὓτως
2967 5202 3074 5254 είσί
3109 5203 3177 5253 τὰ
3213 5201 3460 5272 παρόντα
3489 5201 3672 5253 πάντα
3698 5202 3785 5252 καί

2213 5295 2567 5368 πρόσκαιρα),
2593 5296 2802 5364 συνῆκα
2827 5294 2902 5358 ὡς
2923 5294 2992 5346 τὰ
3018 5292 3242 5346 τοιαῦτα
3268 5293 3469 5363 μάταια
3495 5292 3782 5361 σύμπαντι·

2213 5389 2307 5440 καὶ
2338 5387 2522 5455 ὄνησις
2550 5386 2729 5439 αὐτῶν
2756 5385 3002 5454 οὐδεμία,
3038 5383 3176 5447 ἀλλ’,
3207 5383 3395 5453 ῶσπερ
3419 5383 3490 5436 τὰ
3524 5383 3790 5454 πρότερον

2214 5479 2389 5531 πάντα
2427 5477 2561 5549 λήθῃ
2610 5478 2939 5547 κέκρυπται,
2983 5475 3093 5530 εἴτε
3122 5476 3280 5541 δόξαν
3309 5473 3507 5538 εἴποις,
3541 5475 3654 5526 εἴτε
3693 5474 3792 5543 βαι

597 5623 734 5708 ‘(6‘82
762 5622 932 5708 Epist.
960 5626 1024 5677 ad
1047 5623 1242 5708 Epltes.
1274 5640 1348 5688 νι,
1381 5628 1448 5681 12
1483 5645 1497 5681 :
1533 5629 1646 5708 ῼύκ
1683 5626 1994 5708 ἔστινυὴμίν
2024 5627 2056 5697 ή

2197 5643 2236 5708 η
2269 5627 2406 5696 πρὸς
2440 5623 2577 5696 αἷμα
2607 5627 2702 5679 καὶ
2737 5626 2938 5697 σάρκα,
2971 5625 3110 5679 ἀλλά
3137 5624 3272 5695 πρὸς
3301 5623 3400 5687 τὰς
3425 5623 3628 5694 ἀρχάς,
3658 5622 3792 5694 πρὸς

551 5693 945 5768 τὰςθέξουσίας,
971 5695 1110 5768 πρὸς
1144 5699 1268 5759 τούς
1291 5700 1740 5768 κοσμοκράτορας
1768 5698 1862 5752 τοῦ
1886 5693 2120 5761 ’σκότους
2148 5693 2360 5750 τούτου.

625 5764 736 5834 (69)
761 5763 860 5820 Job
886 5780 939 5825 ι.
967 5763 1058 5818 2'2.

628 5833 739 5910 (70)
772 5835 1062 5908 Gregorius
1087 5833 1218 5891 Νη.
1245 5847 1381 5892 orat.
1426 5839 1510 5905 l6,
1545 5853 1664 5907 pag.
1689 5839 1787 5894 251
1818 5857 1828 5891 :
1873 5838 1951 5891 Τὰ
1976 5839 2072 5917 μὲν

2197 5857 2219 5909 ρ
2252 5841 2366 5892 ἐστι
2400 5838 2598 5908 ῥευστὰ
2632 5836 2726 5890 καὶ
2748 5836 3077 5908 πρόσκαιρα.
