4042 6420
144 5661 159 5700 ξ

173 420 297 485 €85

1273 411 1452 474 VITA
1488 407 1846 472 BARLAAM
1882 409 1978 469 ET
2016 407 2366 470 JOASAPH.

3327 413 3432 478 986

175 525 415 587 σιλιίαν,
439 519 553 576 είτε
589 520 924 592 ἀξιωμάτων
953 521 1382 594 λαμπρότητας,
1443 521 1553 576 εἴτε
1586 523 1750 575 δυνα-

1865 517 2065 593 fragilia
2093 526 2274 581 omnia
2311 526 2617 596 prmaentia.
2672 527 2806 582 Hinc
2848 528 3053 584 scilicet
3099 527 3213 584 haec
3259 543 3436 582 omma

168 612 360 674 στείας
381 610 569 680 δγκον,
600 611 714 664 εἴτε
739 612 1017 681 τυράννων
1048 610 1391 683 θρασύτητα,
1419 613 1529 666 εἴτε
1561 630 1613 664 τι
1640 611 1751 664 τῶν

164 702 450 766 τοιούτων,
476 699 648 763 οὕτως
679 701 776 755 καὶ
816 702 886 754 τὰ
913 703 1191 757 ἐνεστῶτα
1221 707 1302 768 είς
1333 706 1460 769 τοὺς
1495 705 1622 774 ἑξῆς
1652 705 1752 758 καὶ

167 792 468 861 μετέπειτα
516 791 744 862 χρόνους
785 793 1277 865 ἀμαυρωθήσεται.
1330 780 1544 868 Ὦνπερ
1595 795 1754 866 κάγὼ

163 878 252 946 εἷς
307 883 562 954 ὑπάρχων
598 885 664 954 τῇ
703 884 924 954 συνήθει
955 887 1178 950 πάντως
1224 887 1513 942 ἀλλοιώσει
1546 889 1753 942 ὑποπε-

164 973 389 1045 σοῦμαι,
423 976 518 1027 καὶ
542 973 726 1038 καθὼς
753 976 802 1028 οί
842 975 948 1048 πρὸ
973 977 1108 1047 ἐμοῦ
1136 979 1203 1032 δι’
1232 979 1428 1041 αἰῶνος
1454 981 1755 1050 τέρπεσθαι

161 1067 283 1129 τοῖς
315 1066 581 1135 παροῦσιν
611 1067 673 1118 οὐ
706 1068 1171 1139 συνεχωρήθησαν
1193 1110 1208 1133 ,
1242 1071 1416 1134 οὕτως
1457 1073 1611 1126 ἐσται
1660 1073 1755 1126 καὶ

161 1155 259 1209 ἐπ’
289 1157 429 1226 ἐμοί.
459 1157 720 1210 Κατεῖδον
753 1159 862 1229 γάρ
885 1156 973 1212 οἷα
997 1161 1123 1223 τοὺς
1147 1162 1470 1232 ἀνθρώπους
1497 1165 1526 1218 ὀ
1554 1165 1755 1234 τύραν-

160 1265 260 1310 νος
313 1242 470 1313 οὗτος
523 1249 618 1300 καὶ
672 1248 996 1322 ταραχώδης
1050 1255 1455 1324 κατεργάζεται
1506 1256 1749 1326 κόσμος,

165 1339 484 1408 μετατιθεὶς
517 1341 714 1404 αὐτοὺς
746 1343 1000 1396 ἐντεῦθεν
1027 1345 1304 1412 κάκεῖθεν,
1352 1347 1509 1417 122
1533 1350 1628 1413 οὓς
1657 1349 1754 1420 μὲν

163 1431 233 1482 ἐκ
267 1431 504 1484 πλούτου
532 1432 668 1503 πρὸς
694 1434 906 1498 πενίαν,
937 1432 1031 1498 οὒς
1055 1436 1112 1488 δὲ
1141 1438 1205 1490 ἐκ
1234 1439 1424 1504 πενίας
1460 1443 1537 1502 είς
1574 1441 1753 1508 δόξαν,

164 1522 391 1586 τούτους
416 1524 514 1593 μὲν
545 1524 833 1593 ὑπεξάγων
853 1526 946 1579 τοῦ
968 1526 1106 1597 βίου,
1131 1527 1326 1593 ἀλλους
1353 1531 1410 1584 δὲ
1437 1531 1597 1595 αὖθις
1626 1535 1754 1586 ἀντ-

164 1614 444 1682 εισάγων,
476 1616 628 1678 τινάς
692 1616 793 1686 μὲν
837 1618 1034 1686 σοφοὺς
1066 1617 1160 1670 καὶ
1204 1621 1458 1684 συνετοὺς
1502 1622 1757 1675 ἀποδοκι-

166 1706 359 1775 μάζων
386 1746 403 1772 ,
444 1706 674 1778 ἀτίμους
721 1724 782 1760 τε
825 1709 920 1762 καὶ
950 1711 1191 1776 εὐτελεῖς
1241 1713 1367 1777 τοὺς
1401 1715 1613 1784 τιμίους
1663 1717 1758 1770 καὶ

166 1803 492 1869 περιφανεῖς
527 1800 928 1872 ἐργαζόμενος,
972 1804 1167 1868 ἄλλους
1196 1805 1253 1859 δὲ
1290 1808 1530 1876 ἀσόφους
1561 1826 1622 1862 τε
1663 1810 1757 1864 καὶ

1862 626 1993 668 vana
2022 630 2163 682 esse,
2209 632 2381 687 neque
2423 618 2706 688 quidquam
2759 616 2999 674 utilitatis
3045 618 3242 674 habere
3279 618 3439 674 intel-
3517 645 3526 658 -

1860 703 1988 762 lexi.
2012 708 2147 775 Quin
2177 709 2352 779 potius
2375 710 2816 779 quemadmodum
2850 713 3025 781 priora
3075 714 3254 768 omnia
3299 715 3434 768 obli-

1859 798 2016 853 vione
2041 799 2228 855 obruta
2249 813 2371 856 sunt
2398 803 2535 872 (sive
2560 804 2781 873 gloriam
2805 802 3024 870 dixeris,
3045 804 3161 859 sive
3186 820 3434 874 regnum,

1860 886 1974 943 sive
2002 888 2316 958 dignitatum
2347 892 2714 963 splendorem,
2745 894 2859 949 sive
2888 895 3140 964 potentia:
3183 897 3436 964 amplitu-

1859 978 2060 1045 dinem,
2088 983 2201 1038 sive
2229 994 2574 1053 tyrannorum
2601 987 2900 1051 audaciam,
2953 988 3068 1042 sive
3115 988 3241 1058 quid
3291 989 3434 1042 aliud

1859 1074 2096 1143 ejusdem
2147 1077 2404 1145 generis),
2427 1078 2613 1134 eodem
2667 1079 2826 1132 modo
2874 1081 3160 1148 praesentia
3222 1094 3438 1149 quoque

1861 1171 2072 1224 tandem
2100 1180 2335 1228 vetustas
2363 1173 2689 1228 obscurabit.
2715 1173 2950 1242 Quorum
2983 1177 3033 1229 in
3065 1191 3286 1230 numero
3313 1193 3435 1231 cum

1861 1256 1976 1323 ipse
1999 1274 2208 1330 quoque
2234 1263 2359 1329 sim,
2387 1273 2654 1319 Consueta!
2685 1263 3040 1320 immutationi
3069 1281 3288 1335 prorsus
3308 1267 3439 1321 sub-

1861 1349 2034 1420 ]icior.
2083 1353 2151 1408 Ut
2176 1355 2316 1409 enim
2346 1356 2411 1410 iis
2438 1357 2526 1424 qui
2551 1365 2675 1411 ante
2699 1373 2784 1411 me
2813 1358 3167 1426 exstiterunt,
3199 1373 3439 1426 prmsen-

1861 1443 1989 1496 lium
2015 1459 2190 1498 rerum
2221 1446 2576 1514 voluptatibus
2610 1457 2866 1516 perpetuo
2909 1447 3013 1502 frui
3056 1448 3277 1502 minime
3305 1464 3438 1503 con-

1861 1547 2069 1588 cessum
2095 1545 2198 1600 est,
2225 1535 2304 1590 sic
2353 1552 2420 1590 ne
2469 1536 2599 1590 mihi
2647 1538 2864 1605 quidem
2915 1539 3263 1592 concedetur.
3312 1539 3441 1592 Ani-

1864 1627 2120 1677 madverti
2150 1625 2313 1688 enim,
2336 1627 2780 1690 quemadmodum
2815 1639 3074 1699 tyrannus
3103 1629 3191 1681 hic
3217 1643 3280 1680 ac
3323 1636 3439 1680 tur-

1861 1716 2108 1770 bulentus
2135 1717 2362 1771 tuuudus
2394 1717 2635 1771 homines
2663 1729 2873 1780 tractet.
2907 1735 3003 1773 eos
3048 1719 3297 1773 nimirum
3332 1721 3434 1773 huc

1863 1818 2020 1878 atque
2048 1807 2171 1862 illuc
2199 1809 2496 1873 inverteus,
2525 1809 2623 1864 bos
2652 1811 2861 1864 scilicet
2885 1826 2948 1864 ex
3003 1810 3193 1879 opibus
3220 1810 3282 1862 ad
3311 1823 3437 1878 ege-

165 1892 468 1956 ἀσυνέτους
507 1894 600 1946 ἐπὶ
636 1893 831 1964 θρόνου
875 1895 1118 1960 καθίζων
1154 1898 1313 1968 δόξης
1359 1899 1496 1971 (Ἠ),
1538 1901 1757 1974 τιμίους

1865 1910 2078 1968 statem,
2125 1900 2247 1956 illos
2295 1917 2479 1957 rursus
2525 1918 2591 1956 ex
2639 1903 2957 1972 gravissima
3007 1911 3322 1970 paupertate
3368 1901 3435 1954 ad

164 1997 222 2035 τε
256 1983 386 2046 τοὺς
424 1983 654 2055 ἀτίμους
693 1986 787 2039 καὶ
813 1986 1043 2054 ἀφανεῖς
1076 1990 1211 2042 πᾶσι
1253 1989 1536 2046 δεικνύων.

1861 1991 2106 2061 gloriam,
2130 1991 2227 2046 hos
2249 2008 2280 2047 e
2308 1994 2413 2046 vita
2444 1993 2662 2060 ducens,
2697 1993 2815 2047 illos
2853 2009 3063 2046 rursum
3093 2007 3278 2046 eorum
3311 1993 3431 2045 loco

162 2071 214 2127 in
245 2071 418 2126 vitam
466 2073 758 2138 inducens;
811 2077 1085 2144 sapientes
1125 2079 1389 2146 quosdam
1433 2088 1488 2133 et
1527 2079 1834 2149 ingeniosos
1882 2081 2028 2134 viros
2079 2079 2392 2150 improbans
2441 2096 2512 2154 ac,
2563 2080 2834 2148 rejiciens,
2865 2095 3071 2150 eosque
3098 2080 3189 2150 qui
3239 2079 3292 2135 in
3344 2081 3444 2136 bo-

164 2179 297 2219 nore
338 2181 408 2220 ac
459 2167 744 2235 splendore
790 2179 968 2234 erant,
1015 2181 1355 2239 contemptus
1387 2181 1440 2226 et
1475 2173 1838 2242 despicabiles
1871 2176 2138 2241 reddens;
2196 2174 2330 2230 alios
2379 2185 2569 2230 contra
2628 2176 2948 2245 insipientes
2999 2192 3060 2230 ac
3110 2175 3337 2230 stolidos
3387 2178 3440 2230 in

167 2263 350 2332 gloriae
393 2263 588 2318 throno
631 2265 943 2331 collocans,
993 2281 1196 2336 eosque
1245 2268 1338 2337 qui
1385 2267 1585 2335 abjeCti
1613 2278 1669 2323 et
1698 2271 1915 2326 obscuri
1955 2281 2149 2337 erant,
2187 2271 2262 2324 ita
2305 2271 2581 2337 evehens,
2613 2280 2672 2326 ut
2703 2272 2835 2343 ipsis
2867 2271 2937 2326 ab
2967 2271 3218 2328 omnibus
3269 2273 3442 2328 honor

181 2362 464 2416 tribuatur.

241 2454 351 2507 Καὶ
386 2453 534 2506 ἔστιν
566 2455 696 2508 ἰδεῖν
727 2457 788 2508 τὸ
817 2457 926 2511 τῶν
968 2457 1278 2528 ἀνθρώπων
1320 2460 1478 2529 γένος
1514 2461 1759 2532 μηδόλως

176 2547 313 2600 κατά
350 2548 647 2619 πρόσωπον
678 2549 778 2619 τῆς
811 2552 978 2604 αὐτοῦ
1011 2553 1258 2624 ἀπηνοῦς
1288 2554 1599 2625 τυραννίδος
1633 2554 1758 2624 ἔχον

176 2639 381 2692 στάσιν⁶
428 2639 566 2702 ἀλλ’,
611 2640 686 2702 ὡς
732 2644 862 2694 ὅταν
917 2645 1249 2718 περιστερὰ,
1286 2645 1563 2715 φεύγουσα
1599 2646 1758 2701 ἀετὸν

171 2730 277 2783 εἴτε
337 2730 575 2802 ἱέρακα,
626 2733 826 2797 τόπους
875 2735 941 2788 ὲκ
993 2737 1178 2790 τόπων
1234 2738 1476 2810 ἀμείϐῃ,
1516 2737 1612 2792 νῦν
1657 2739 1758 2809 μὲν

171 2821 347 2893 τούτῳ
368 2822 448 2894 τῷ
477 2823 697 2896 δένδρῳ,
731 2825 886 2889 αὖθις
913 2828 1108 2899 ἐκείνῳ
1128 2828 1207 2900 τῷ
1232 2829 1444 2901 θάμνῳ,
1469 2826 1568 2883 εἶτ’
1594 2830 1757 2894 εὐθὺς

168 2911 445 2982 τρώγλαις
482 2915 591 2968 τῶν
622 2916 838 2987 πετρῶν
880 2920 975 2971 καὶ
1008 2923 1291 2985 παντοίαις
1333 2920 1598 2984 ἀκάνθαις
1625 2923 1757 2976 ἐαυ-

167 3005 267 3073 τὴν
302 3007 786 3076 προσαράσσουσα,
820 3004 916 3062 καὶ
953 3011 1191 3081 οὐδαμοῦ
1220 3013 1552 3083 εύρίσκουσα
1583 3030 1756 3086 προσ-

168 3095 366 3167 φύγιον
394 3098 632 3166 ἀσφαλὲς
651 3139 667 3164 ,
699 3101 760 3152 ἐν
807 3102 955 3172 σάλῳ
985 3103 1080 3156 καὶ
1106 3104 1444 3158 ταλαντώσει
1470 3106 1756 3158 ταλαιπω-

170 3190 348 3255 ρείται
407 3185 676 3256 διηνεκεῖ,
741 3189 917 3254 οὕτως
991 3194 1130 3246 εἰσὶν
1203 3196 1252 3248 οί
1319 3198 1434 3259 τοῖς
1489 3174 1826 3267 παροῦσινθ

170 3279 520 3349 ἐπτοημένοι,
549 3280 639 3350 ὑφ’
668 3282 848 3354 ὁρμῆς
873 3284 972 3354 μὲν
991 3285 1279 3354 ἀλογίστου
1305 3287 1506 3352 ἀθλίως
1528 3288 1754 3342 πονοῦν-

169 3386 293 3433 τες,
326 3372 570 3441 μηδόλως
596 3373 656 3427 δέ
689 3391 742 3429 τι
773 3375 989 3446 ἔχοντες
1023 3378 1241 3449 βέϐαιον
1272 3379 1305 3450 ἢ
1333 3381 1593 3449 ἀσφαλὲς,
1633 3384 1757 3452 μήτ’

173 3461 531 3530 ἐπιστάμενοι
573 3465 651 3528 είς
700 3467 889 3522 ὁποῖον
931 3470 1243 3524 καταντῶσι
1291 3472 1478 3536 τέλος,
1519 3474 1615 3526 καὶ⁵
1653 3472 1756 3525 ποῦ

170 3552 398 3617 τούτους
423 3556 452 3608 ὁ
497 3556 725 3624 μάταιος
749 3556 872 3627 ἄγει
899 3559 1034 3629 βίος,
1063 3555 1107 3630 ᾦ
1127 3562 1510 3628 καθυπέταξαν
1531 3564 1760 3626 ἑαυτοὺς

170 3645 295 3699 λίαν
339 3647 620 3718 δυστυχῶς
665 3651 762 3703 καὶ
804 3652 1043 3717 ἀθλίως,
1099 3657 1314 3726 πονηρά
1367 3657 1468 3726 μὲν
1514 3657 1760 3727 ἑλόμενοι

173 3739 298 3792 ἀντὶ
329 3740 574 3807 ἀγαθῶν,
611 3743 963 3812 μετελθόντες
995 3747 1053 3800 δὲ
1081 3749 1280 3802 κακίαν
1306 3749 1428 3802 ἀντὶ
1456 3749 1762 3822 χρηστότη-

172 3847 283 3894 τος,
314 3832 348 3900 ἦ
383 3833 470 3896 τίς
499 3835 528 3886 δ
555 3834 654 3896 τὰς
685 3835 902 3907 ψυχρὰς
933 3837 1044 3892 τῶν
1083 3839 1294 3892 πολλῶν
1332 3842 1427 3893 καὶ
1469 3841 1762 3912 μοχθηρῶν

175 3923 358 3977 οὔτῶν
397 3925 660 3994 καμάτων
693 3927 1074 3999 διαδεξάμενος
1106 3934 1480 4003 ὲπικαρπίας,
1529 3936 1640 3987 εἴτε
1679 3936 1761 3988 ol-

176 4019 345 4082 κείος,
377 4018 489 4070 εἴτε
513 4017 813 4090 ἀλλότριος·
843 4022 938 4074 καὶ
971 4022 1236 4087 πολλάκις
1280 4025 1402 4078 οὐδὲ
1443 4025 1595 4096 φίλος
1625 4025 1763 4090 ὅλως

174 4104 208 4176 ἢ
232 4108 505 4176 γνωστὸς,
538 4109 655 4162 ἀλλ’
677 4111 871 4182 ἐχθρὸς
907 4113 1001 4166 καὶ
1027 4114 1308 4185 πολέμιος.

240 4285 441 4339 Ταῦτα
473 4286 655 4341 πάντα
690 4288 788 4342 καλ⁸
824 4289 896 4344 τά
944 4287 1154 4356 τούτοις
1199 4294 1440 4366 ἑπόμενα
1482 4297 1766 4370 διακρίνας

176 4379 231 4431 ὲν
258 4378 348 4449 τῷ
375 4379 476 4450 τῆς
507 4379 686 4451 ψυχῆς
730 4383 1022 4455 κριτηρίῳ,
1063 4385 1302 4458 ἐμίσησα
1340 4388 1432 4442 τὸν
1473 4389 1768 4460 σύμπαντά

179 4487 285 4540 μου
322 4469 436 4540 βίον
486 4472 576 4524 τὸν
614 4476 672 4526 ὲν
719 4476 831 4538 τοῖς
869 4476 1119 4545 ματαίοις
1164 4479 1546 4547 ἀναλωθέντα,
1580 4481 1640 4535 ὃν
1686 4483 1765 4537 δι-

179 4564 391 4632 ήγαγον
411 4566 523 4626 τοῖς
544 4566 674 4635 περὶ
693 4567 798 4636 γῆν
814 4567 996 4632 πόνοις
1019 4572 1426 4644 προστετηκὼς.
1444 4576 1768 4630 Ἀποϐαλλο-

183 4655 334 4723 μένῳ
357 4653 514 4724 123
535 4653 592 4708 δέ
611 4673 701 4724 μοι
723 4661 820 4728 τῆς
837 4658 1016 4732 ψυχῆς
1040 4661 1140 4733 τὴν
1159 4663 1365 4719 τούτων
1387 4668 1765 4737 προσπάθειαν

180 4746 280 4796 καί
315 4745 684 4817 ἀπορρίψαντι
709 4751 991 4823 κατέφανη
1013 4752 1083 4806 τὰ
1108 4754 1186 4825 τῷ
1214 4756 1328 4810 ὄντι
1355 4758 1556 4827 ἀγαθὰ,
1582 4760 1645 4814 τὸ
1675 4779 1768 4831 φο-

179 4835 399 4890 ϐεῖσθαι
427 4839 518 4892 τὸν
542 4841 676 4894 Θεὸν
705 4842 805 4895 καλ⁸
835 4849 1012 4898 ποιεῖν
1044 4847 1208 4900 αὐτοῦ
1237 4849 1300 4902 τὸ
1328 4848 1557 4921 θέλημα.
1594 4851 1766 4906 Τοῦτο

180 4927 293 4998 γὰρ
324 4927 498 4996 ἔγνων
522 4930 740 4986 πάντων
761 4935 871 4987 τῶν
895 4937 1119 5006 ἀγαθῶν
1147 4941 1442 5008 κεφάλαιον
1473 4943 1761 5015 ὑπάρχεινο

179 5017 347 5072 τοῦτο
377 5022 470 5074 καὶ
494 5022 640 5096 ἀρχὴ
679 5026 871 5096 σοφίας
905 5028 1125 5098 λέγεται
1153 5032 1264 5103 (7‘2)
1296 5034 1389 5087 καὶ
1424 5035 1585 5106 σοφία
1615 5055 1764 5090 τετε-

180 5108 476 5182 λειωμένη·
509 5112 622 5185 ζωὴ
658 5116 764 5188 γάρ
796 5120 944 5172 ἐστιν
975 5122 1181 5186 ἄλυπος
1221 5125 1313 5178 καὶ
1355 5126 1765 5199 ἀνεπηρέαστος

183 5205 294 5268 τοῖς
321 5205 706 5278 ἀντεχομένοις
739 5210 930 5281 αὐτῆς,
956 5213 1184 5278 καὶτοῖς
1212 5216 1649 5288 ὲπερειδομένοις
1673 5219 1763 5273 ἐπ’

105 5343 108 5347 .
186 5293 355 5366 αὐτὴν
386 5295 461 5360 ὡς
490 5300 584 5351 ἐπί
609 5300 815 5371 Κύριον
855 5305 1124 5376 ἀσφαλής.
1163 5306 1496 5379 Ἐπιστήσας
1523 5308 1616 5364 οῦν
1655 5327 1761 5380 μου

186 5389 277 5440 τὸν
311 5388 574 5461 λογισμὸν
603 5397 668 5465 τῇ
700 5394 1086 5472 ἀπλανεστάτῃ
1117 5398 1222 5470 ὁδῷ
1252 5401 1360 5453 τῶν
1405 5402 1630 5457 ἐντολῶν
1665 5402 1759 5456 τοῦ

189 5477 399 5551 Κυρίου
427 5481 562 5554 (75),
595 5486 690 5539 καὶ
719 5489 882 5554 γνοὺς
915 5489 1159 5560 ἀκριϐῶς
1189 5490 1356 5561 μηδὲν
1386 5494 1446 5546 ἐν
1474 5494 1608 5566 αὐτῇ
1639 5512 1760 5548 σκοο

1947 2471 2019 2521 Ac
2047 2480 2269 2520 cernere
2296 2472 2407 2529 est,
2451 2464 2721 2517 hominum
2756 2477 2922 2531 genus
2964 2464 3032 2512 ita
3076 2469 3440 2526 comparatum

1874 2574 2010 2624 esse,
2043 2568 2098 2612 ut
2123 2568 2246 2611 ante
2275 2556 2544 2611 crudelem
2569 2553 2738 2621 ipsius
2761 2551 3093 2623 tyrannidem
3118 2549 3247 2602 nihil
3268 2550 3431 2604 omni

1875 2669 1944 2707 no
1976 2652 2184 2706 firmum
2214 2667 2276 2705 ac
2315 2649 2504 2705 stabile
2535 2649 2748 2702 habeat.
2793 2642 3258 2713 Quemadmodum
3297 2643 3441 2696 enim

1872 2743 2117 2798 columba
2144 2742 2372 2811 aquilam
2396 2749 2489 2794 aut
2516 2740 2822 2807 accipitrem
2852 2736 3080 2805 fugiens,
3116 2735 3289 2788 locum
3316 2732 3441 2786 sub-

1871 2833 1993 2887 inde
2021 2842 2330 2895 commutat,
2361 2847 2423 2885 ac
2445 2846 2585 2885 nunc
2609 2830 2820 2900 quidem
2847 2831 2899 2882 in
2926 2829 3026 2882 hac
3047 2826 3266 2888 arbore,
3297 2840 3437 2879 nunc

1869 2933 2046 2977 autem
2094 2924 2146 2976 in
2179 2923 2271 2976 illo
2300 2922 2524 2990 frutice,
2554 2937 2615 2975 ac
2636 2921 2829 2975 deinde
2851 2922 2903 2972 in
2933 2919 3141 2988 rupium
3167 2918 3438 2977 cavernis.

1875 3030 1938 3069 ac
1972 3016 2133 3070 variis
2178 3015 2346 3084 spinis
2377 3015 2564 3084 pedem
2595 3013 2851 3083 affigens,
2894 3027 2993 3066 nec
3022 3021 3188 3065 tutum
3220 3023 3438 3078 usquam

1872 3107 2173 3176 perfugium
2221 3108 2516 3168 inveniens,
2570 3105 2623 3159 in
2653 3112 2908 3172 perpetua
2948 3101 3240 3172 jactatione
3281 3110 3440 3170 atque

1869 3213 2106 3252 aerumna
2135 3207 2376 3252 versatur
2403 3215 2416 3249 :
2441 3196 2628 3251 eodem
2662 3195 2820 3250 modo
2847 3211 2907 3250 se
2956 3196 3171 3258 habent,
3215 3196 3306 3263 qui
3351 3208 3442 3249 res

1869 3300 2171 3361 praesentes
2203 3291 2268 3344 ad
2296 3300 2567 3359 stuporem
2617 3304 2782 3358 usque
2814 3289 3093 3352 mirantur,
3126 3285 3320 3355 quippe
3349 3301 3420 3354 qu

1869 3382 2268 3439 inconsiderato
2297 3381 2526 3450 quodam
2557 3381 2756 3448 impetu
2786 3381 2978 3432 misere
3022 3377 3285 3440 laborent,
3336 3391 3432 3430 nec

1851 3459 2156 3546 'quidquam
2185 3477 2403 3530 omnino
2441 3474 2650 3528 firmum
2693 3480 2785 3526 aut
2812 3471 3004 3526 stabile
3043 3470 3303 3537 habeant,
3335 3482 3438 3524 nec

1870 3566 1935 3619 ad
1984 3580 2144 3636 quem
2193 3565 2352 3620 finem
2410 3563 2719 3634 perventuri
2765 3563 2902 3624 sint.
2963 3561 3286 3630 intelligant,
3338 3573 3440 3614 nec

1854 3657 1976 3723 'quo
2019 3657 2232 3712 tandem
2260 3671 2392 3710 vana
2433 3657 2568 3722 vita,
2600 3658 2716 3717 cui,
2764 3668 3017 3722 perquam
3049 3650 3334 3705 infeliciter
3376 3664 3441 3704 ac

1869 3749 2068 3803 misere
2115 3749 2253 3802 mala
2294 3749 2452 3802 bonis
2496 3747 2861 3814 praeferentes,
2891 3759 2952 3798 ac
2985 3743 3264 3812 probitatis
3315 3743 3434 3794 loco

1868 3841 2054 3896 vitium
2075 3847 2443 3897 consectantes
2460 3881 2476 3904 ,
2496 3855 2616 3896 sese
2636 3840 2994 3908 subjecerunt,
3017 3853 3110 3891 eos
3131 3837 3319 3900 ducat;
3343 3848 3440 3888 nec

1868 3933 2114 4000 quisnam
2147 3932 2364 4000 frigidos
2397 3932 2681 3986 multorum
2724 3946 2786 3985 ac
2834 3931 3154 3985 miserorum
3192 3928 3436 3984 laborum

1867 4037 2087 4077 suorum
2118 4024 2320 4078 fructus
2348 4032 2668 4091 excepturus
2694 4022 2785 4087 sit,
2818 4021 2918 4076 hoc
2946 4027 3047 4083 est,
3081 4019 3434 4088 propinquus-

1870 4127 1940 4167 ne
1980 4129 2046 4166 an
2091 4114 2332 4179 alienus,
2380 4128 2442 4167 ac
2471 4128 2711 4180 persaepe
2741 4127 2808 4166 ne
2848 4114 3052 4166 amicus
3088 4110 3300 4180 quidem
3349 4117 3440 4162 aut

1870 4214 2050 4272 notus,
2079 4219 2260 4257 verum
2287 4205 2536 4258 inimicus
2563 4214 2618 4258 et
2648 4204 2833 4257 hostis.

1939 4295 2088 4358 Haec,
2115 4293 2354 4361 inquam,
2384 4295 2583 4354 omnia,
2602 4302 2790 4359 etquae
2809 4292 2890 4345 his
2909 4299 3266 4345 consentanea
3289 4295 3437 4356 sunt,

1864 4397 1986 4440 cum
2032 4384 2147 4453 ipse
2178 4386 2229 4438 in
2259 4385 2450 4438 animae
2495 4399 2628 4438 meae
2657 4382 2774 4437 foro
2820 4383 3228 4450 disceptassem,
3278 4380 3442 4434 totius

1869 4475 1991 4530 vita:
2021 4491 2176 4540 mem,
2207 4491 2362 4543 quam
2387 4476 2436 4528 in
2463 4476 2622 4529 rebus
2647 4474 2798 4529 vanis
2819 4473 3144 4542 consumpsi,
3176 4488 3240 4525 ac
3263 4481 3432 4525 terre-

1869 4567 1952 4620 nis
2000 4567 2270 4621 laboribus
2315 4565 2560 4620 addictus
2611 4565 2866 4634 transegi,
2915 4564 3094 4618 odium
3145 4577 3232 4617 me
3277 4564 3438 4630 cepit.

1870 4659 2110 4728 Cumque
2159 4674 2346 4714 eorum
2393 4674 2632 4712 amorem
2670 4673 2736 4713 ex
2785 4658 2963 4711 animo
3003 4655 3354 4710 excussissem
3384 4660 3440 4708 et

1869 4750 2192 4821 ejecissem,
2245 4765 2310 4805 ea
2355 4767 2477 4807 sese
2528 4752 2698 4806 oculis
2746 4751 2880 4805 meis
2927 4751 3271 4812 obtulerunt,
3319 4762 3439 4816 qua:

1867 4858 1996 4898 vere
2021 4844 2161 4898 bona
2190 4853 2339 4907 sunt,
2371 4843 2475 4898 hoc
2519 4853 2623 4906 est,
2655 4841 2754 4897 Dei
2799 4852 2942 4896 metu
2973 4840 3250 4910 praeditum
3294 4853 3435 4900 esse,

1867 4944 2028 5004 atque
2069 4935 2234 5003 ipsius
2273 4934 2537 4988 voluntati
2583 4933 2826 5002 obsequi.
2860 4932 2989 4985 Nam
3040 4931 3141 4985 hoc
3179 4931 3435 4983 honorum

1865 5029 2104 5080 omnium
2136 5036 2294 5095 caput
2322 5040 2440 5082 esse
2468 5034 2796 5094 compertum
2830 5021 3006 5077 habui.
3040 5021 3151 5075 Hoc
3177 5020 3321 5074 enim
3350 5033 3438 5073 sa-

1868 5118 2082 5186 pientim
2111 5115 2318 5171 initium
2351 5132 2471 5172 esse
2499 5117 2712 5178 dicitur,
2739 5125 2898 5182 atque
2925 5113 3060 5167 adeo
3088 5111 3322 5181 perfecta
3353 5124 3447 5163 σιμ,

1866 5210 2086 5279 pientia.
2143 5209 2355 5264 Etenim
2387 5223 2634 5263 maeroris
2663 5220 2855 5276 expers
2903 5205 3006 5258 vita
3056 5211 3158 5266 est,
3189 5212 3345 5270 atque
3373 5202 3449 5258 ab.

1863 5301 2011 5354 omni
2051 5299 2346 5354 offensione
2374 5299 2538 5352 libera
2571 5298 2634 5351 iis
2661 5297 2750 5366 qui
2778 5309 2896 5350 eam
2926 5294 3337 5362 amplectuntur,
3369 5299 3430 5345 et

1866 5390 1957 5462 qui
1986 5391 2034 5446 ei
2066 5398 2316 5460 tanquam
2349 5388 2576 5442 Domino
2605 5388 2919 5451 innituntur,
2971 5393 3082 5438 tuta
3113 5393 3167 5438 et
3195 5383 3262 5436 ab
3289 5378 3446 5435 omni-

1866 5482 2105 5555 periculo
2145 5480 2419 5538 immunis.
2469 5481 2601 5535 Cum
2649 5479 2827 5549 itaque
2874 5477 3108 5532 animum
3145 5489 3319 5531 meum
3371 5473 3440 5529 ad

403 5694 598 5782 gatlh.
625 5716 752 5782 xxv,
785 5701 854 5782 5f
871 5721 890 5782 Δ;
933 5705 1164 5782 καθίσει
1195 5709 1288 5762 ἐπὶ
1308 5709 1509 5782 ,θρόνου
1539 5709 1698 5782 δόξης
1725 5712 1913 5768 αὑτοῦ.

409 5766 547 5852 Esal.
572 5786 660 5833 cx,
684 5763 752 5828 10
783 5763 1412 5852 ε-[Αρχὴλσοφίαςλφόϐος
1439 5763 1763 5852 Κυρίοῦί

1865 5763 1918 5838 id.
1948 5795 1985 5838 t.
2018 5782 2080 5844 ll,
2113 5782 2354 5851 p.15,n.
2377 5783 2431 5837 2.

265 5834 380 5907 (75)
410 5836 556 5896 Psal.
585 5856 774 5909 cxvm,
803 5846 874 5900 3'2.
897 5834 916 5901 ι’
939 5834 1347 5904 ’δύδὸνὶντοὶῖὠν
1375 5834 1469 5907 6ου
1507 5834 1765 5926 ἔδραμονξ
