4042 6426
610 449 718 510 987

593 663 930 731 adjecissem,
962 661 1198 729 nihilque
1227 664 1278 715 in
1319 662 1450 730 ipsis
1479 663 1752 731 obliquum
1781 670 1836 715 et
1863 662 2162 715 anl'ractuo-

593 769 737 819 sum,
764 769 829 808 ac
875 751 1221 824 voraginibus
1269 763 1322 808 et
1351 753 1584 820 scopulis
1629 763 1684 807 et
1725 753 1963 808 sentibus
1991 763 2046 807 et
2075 752 2166 805 tri-

593 845 732 901 bulis
761 847 976 915 plenum
1025 861 1144 902 esse
1186 856 1334 902 certo
1377 847 1784 916 comperissem,
1831 862 2015 900 verum
2045 860 2162 899 eam

591 937 813 991 omnino
858 937 1068 1006 planam
1113 947 1167 993 et
1207 938 1523 1007 aequabilem
1556 951 1707 1000 esse;
1739 951 1920 991 eorum
1950 935 2162 1002 quidem

589 1031 678 1098 qui
711 1028 848 1083 hanc
891 1029 1261 1098 ingrediuntur
1290 1045 1384 1097 per
1410 1029 1736 1082 clarissimas
1762 1027 2164 1095 contemplatio-

591 1135 690 1175 nes
719 1120 905 1175 oculos
930 1120 1288 1176 obiectantem
1310 1163 1326 1189 ,
1359 1120 1685 1188 pedibusque
1717 1117 2160 1187 pulchritudinem

587 1212 990 1279 conciliantem,
1018 1223 1179 1282 atque
1208 1227 1300 1266 eos
1324 1213 1389 1265 ad
1419 1211 1857 1282 praeparationem
1883 1210 2160 1280 Evangelii

589 1301 734 1370 pacis
773 1303 1121 1368 calceantem,
1171 1317 1259 1358 me
1302 1302 1472 1370 ipsum
1521 1301 1713 1370 prioris
1744 1302 2051 1369 imposturaa
2097 1314 2162 1354 ac

589 1395 796 1450 stolida:
827 1395 1025 1450 fraudis
1067 1395 1278 1449 nomine
1308 1394 1558 1448 miserum
1603 1393 1926 1457 existimavi,
1971 1406 2034 1444 ac
2063 1405 2162 1460 per

591 1497 792 1541 rectam
823 1486 963 1540 illam
1007 1487 1256 1541 incedere
1285 1500 1565 1554 aggressus
1612 1499 1728 1537 sum
1755 1502 1769 1537 :
1795 1498 1950 1552 quam
1998 1483 2158 1537 etiam

591 1581 795 1646 optimo
818 1576 938 1648 iure
967 1577 1128 1632 rebus
1152 1576 1399 1630 omnibus
1418 1576 1660 1639 antetuli,
1684 1585 1843 1642 atque
1869 1575 2156 1642 collapsam

590 1678 645 1722 et
673 1669 902 1722 dirutam
933 1667 1127 1721 anima:
1151 1682 1282 1722 meae
1311 1666 1524 1720 domum
1555 1667 1846 1721 instaurare
1871 1669 2027 1734 cmpi.

663 1761 793 1814 Cum
813 1775 939 1830 ergo
957 1759 1024 1813 ad
1044 1759 1185 1814 hunc
1210 1762 1424 1813 modum
1450 1759 1609 1813 rebus
1632 1759 1765 1812 meis
1785 1759 2148 1821 consulerem,

587 1867 651 1905 ac
672 1852 866 1905 mentis
886 1850 1144 1903 lubricum
1167 1850 1440 1917 corrigere
1465 1848 1757 1912 stnderem,
1786 1848 2042 1916 sapientis
2063 1863 2157 1902 cu-

581 1943 793 2011 jusdam
817 1941 1050 2010 magistri
1074 1955 1260 1993 vocem
1282 1939 1478 2004 audivi,
1505 1941 1616 1992 haec
1635 1938 1762 1992 mihi
1785 1939 2154 1994 inclamantis:
2199 1962 2240 2016 Β

586 2032 933 2101 Egredimini,
982 2031 1174 2100 inquit,
1219 2044 1442 2096 omnes,
1473 2044 1608 2098 quos
1657 2030 1845 2084 salutis
1889 2030 2153 2098 cupiditas

582 2133 758 2186 teuet,
788 2131 947 2187 atque
971 2137 1002 2174 a
1033 2123 1211 2174 mundi
1244 2122 1475 2175 vanitate
1499 2135 1594 2174 vos
1623 2131 1926 2185 removete,
1960 2123 2152 2174 transit

581 2218 723 2271 enim
753 2216 920 2283 ipsius
950 2215 1115 2282 ﬁgura
1144 2212 1207 2283 (1
1242 2210 1360 2266 Cor.
1393 2213 1510 2280 vn).
1536 2211 1653 2266 Jam
1680 2212 1918 2282 jamque.
1945 2222 2001 2267 et
2025 2227 2152 2268 ecce

577 2321 685 2361 non
714 2307 834 2360 erit.
869 2304 1135 2359 lrretortis
1163 2303 1334 2357 oculis
1359 2303 1646 2368 excedite;
1679 2317 1782 2358 nec
1811 2313 1986 2359 tamen
2033 2303 2151 2358 ina-

578 2415 676 2454 nes
697 2409 750 2453 et
771 2398 946 2464 vacui,
973 2411 1158 2450 verum
1178 2398 1518 2465 sempiterna:
1541 2395 1662 2450 vitae
1681 2397 1872 2452 viatica
1894 2396 2148 2451 ferentes.

577 2491 784 2548 Etenim
815 2489 1028 2559 longum
1073 2488 1177 2542 iter
1203 2488 1355 2540 vobis
1399 2487 1690 2541 ineundum
1736 2495 1842 2559 est,
1895 2490 2149 2558 quodque

575 2583 745 2637 multo
785 2581 1010 2651 hujusce
1051 2581 1176 2633 vita:
1223 2579 1416 2633 viatico
1447 2594 1580 2647 opus
1621 2579 1844 2647 habeat;
1877 2593 2035 2648 atque
2080 2584 2147 2637 ad

571 2673 962 2740 sempiternum
995 2673 1194 2743 locum,
1219 2676 1356 2731 duas
1387 2679 1656 2748 regiones,
1692 2679 1746 2734 in
1773 2681 1972 2752 quibus
1996 2699 2155 2738 man-

571 2764 755 2836 siones
797 2766 979 2820 multa:
1021 2767 1130 2822 sint
1175 2768 1240 2839 (Ι
1291 2768 1416 2826 Cor.
1459 2774 1571 2841 ιι),
1598 2771 1885 2829 habentem
1911 2813 1927 2840 ,
1960 2791 2155 2846 perve-

572 2858 758 2913 nietis.
792 2858 1032 2924 Quarum
1065 2860 1290 2916 alteram
1327 2865 1543 2933 quidem
1573 2865 1718 2920 Deus
1758 2867 1824 2922 iis
1851 2867 1943 2938 qui
1984 2868 2156 2938 ipsius

573 2963 760 3002 amore
781 2949 1035 3020 ﬂagrant,
1061 2950 1287 3021 ejusque
1311 2955 1580 3010 mandatis
1599 2955 1999 3026 obtemperant,
2024 2975 2158 3030 prae-

575 3043 810 3109 paravit,
829 3044 1082 3100 omnibus
1105 3047 1260 3102 bonis
1286 3047 1568 3102 ﬂorentem
1588 3057 1644 3103 et
1664 3048 2153 3121 circumﬂuentem.

572 3132 655 3187 Ad
687 3150 847 3204 quam
898 3139 991 3206 qui
1039 3138 1223 3194 divino
1270 3138 1534 3195 beneﬁcio
1579 3139 1943 3199 admittuntur
1998 3142 2154 3218 (Isa.

596 3233 786 3298 xxxv),
805 3231 856 3284 in
872 3232 1187 3300 sempiterna
1206 3232 1601 3302 incorruptione
1619 3234 1836 3299 degunt,
1859 3245 1915 3288 ut
1941 3236 2030 3304 qui
2059 3236 2155 3288 im—

2003 434 2256 498 ADDEN
2265 434 2359 495 DA
2371 479 2384 492 .

595 565 795 621 erroris
837 566 1011 620 omnis
1042 577 1311 635 expertem
1358 567 1731 621 i‘nandatorum
1779 566 1985 620 Domini
2027 568 2164 620 viain
2194 552 2240 607 Α
2266 541 2380 593 λιδν
2408 539 2440 609 ἢ
2464 555 2526 589 π

3740 418 3857 476 “RR

2537 533 2908 606 ραγγαλιῶδες
2937 531 3048 602 (εΗ)
3073 529 3360 599 ὑπάρχειν,
3388 527 3524 596 μήτε
3553 524 3864 594 φαράγγων

2268 635 2364 686 καὶ
2402 630 2722 693 σκοπέλων,
2771 625 3024 680 ἀκανθῶν
3063 641 3121 675 τε
3159 623 3256 674 καὶ
3299 620 3570 690 τριὸόλων
3610 616 3726 684 (7'))
3758 631 3869 667 πε-

2271 723 2678 800 πληρωμένηκ,
2741 720 2856 774 ἀλλ’
2911 717 3042 786 ὃλην
3099 715 3250 767 λείαν
3309 710 3716 778 καθεστηκέναι
3769 707 3872 758 καὶ

2267 817 2512 889 ὁμαλὴν,
2546 818 2858 886 τέρπουσαν
2896 811 2996 881 μὲν
3025 808 3152 870 τοὺς
3187 804 3506 873 ὀφθαλμοὺς
3541 801 3655 852 τῶν
3696 801 3872 866 αὐτὴν

2267 910 2562 963 ὁδευόντων
2592 908 2716 969 ταῖς
2743 903 3072 973 φανοτάταις
3115 899 3394 970 θεωρίαις,
3427 893 3781 965 ὡραῖζουσαν
3815 889 3874 941 δὲ

2272 1003 2398 1066 τοὺς
2435 1001 2620 1064 πόδας,
2654 1001 2748 1052 καὶ
2779 997 3120 1052 ὑποδύουσαν
3150 994 3249 1062 τὴν
3283 988 3608 1058 ὲτοιμασίαν
3641 983 3738 1036 τοῦ
3776 981 3870 1033 2'9-

2275 1095 2530 1163 αγγελίου
2565 1094 2666 1162 τῆς
2694 1094 2918 1161 εἰρήνης
2951 1090 3062 1160 (76)
3089 1087 3184 1140 τοῦ
3216 1082 3476 1153 ἀσφαλῶς
3519 1097 3578 1132 τε
3615 1078 3712 1130 καὶ
3745 1094 3874 1128 συνο

2277 1186 2457 1255 τόμως
2494 1184 2751 1255 βαδίζειν·
2801 1184 2981 1254 ἤνπερ
3041 1181 3155 1249 (77)
3204 1180 3422 1230 πάντων
3471 1172 3699 1231 δικαίως
3737 1165 3876 1236 7:50-

2283 1277 2510 1348 έκρινα,
2548 1277 2644 1331 καὶ⁸
2675 1276 2979 1346 οἰκοδομεῖν
3027 1272 3281 1343 ἠρξάμην
3309 1269 3409 1339 τὴν
3460 1263 3737 1319 πεσοῦσάν
3765 1278 3874 1331 μου

2281 1370 2380 1439 τῆς
2407 1368 2588 1440 ψυχῆς
2617 1369 2712 1422 καὶ
2741 1366 3045 1437 φθαρεῖσαν
3073 1364 3275 1418 οἰκίαν.

2348 1741 2534 1806 Οὕτως
2576 1762 2678 1814 μου
2718 1745 2786 1799 τὰ
2821 1747 2938 1800 κατ’
2973 1748 3209 1817 ἐμαυτὸν
3247 1747 3638 1817 διατιθεμένου
3675 1750 3764 1800 καὶ
3799 1749 3864 1801 τὸ

2279 1835 2546 1906 σφαλερὸν
2578 1835 2673 1890 τοῦ
2708 1837 2824 1900 νοὸς
2862 1839 3312 1910 ὲπανορθοῦντος,
3347 1842 3622 1911 ῥημάτιον
3655 1843 3863 1910 ἀκήκοα

2279 1927 2444 1996 σοφοῦ
2501 1946 2646 1992 τινος
2700 1929 3023 1984 διδασκάλου
3076 1931 3304 1986 τοιαῦτά
3363 1951 3455 2004 μοι
3514 1934 3861 2003 ἐμϐοῶντος·

2289 2017 2587 2083 Ἐξέλθετε,
2626 2019 2751 2091 ἔφη,
2792 2021 2996 2084 πάντες
3025 2022 3074 2073 οἱ
3105 2021 3398 2087 ποθοῦντες
3429 2024 3701 2093 σωθῆναι·
3730 2027 3863 2077 απο-

2276 2109 2436 2181 124
2458 2110 2764 2183 χωρίσθητε
2791 2114 2892 2184 τῆς
2918 2115 3282 2185 ματαιότητος
3309 2116 3406 2169 τοῦ
3451 2117 3688 2187 κόσμου·
3734 2137 3859 2190 παρ-

2271 2206 2392 2270 άγει
2423 2204 2532 2275 γὰρ
2567 2205 2627 2257 τὸ
2659 2209 2845 2276 σχῆμα
2871 2206 3036 2260 αὐτοῦ
3073 2209 3185 2277 (78)
3221 2209 3416 2279 μικρὸν
3441 2211 3598 2273 ὅσον,
3632 2212 3723 2264 καὶ
3753 2214 3855 2267 ἰδοὺ

2270 2294 2370 2348 οὐκ
2400 2294 2573 2350 ἔσται.
2621 2297 2897 2364 Ἐξέλθετε
2940 2300 3389 2371 ἀμεταστρεπτὶ,
3427 2303 3506 2373 μὴ
3557 2307 3758 2374 προῖκα
3798 2306 3850 2357 δὲ

2271 2387 2364 2439 καὶ
2400 2388 2631 2458 ἀμισθὶ,
2683 2389 2798 2442 ἀλλ’
2841 2391 3032 2459 ἐφόδια
3077 2393 3368 2464 φερόμενοι
3409 2394 3561 2466 ζωῆς
3614 2398 3849 2449 αἰωνίου·

2275 2480 2492 2551 μακράν
2514 2481 2624 2552 γὰρ
2670 2481 2897 2553 μέλλετε
2941 2484 3181 2554 βαδίζειν
3206 2485 3324 2539 ὁδὸν
3343 2529 3359 2553 ,
3388 2488 3613 2540 πολλῶν
3642 2489 3855 2558 ἔχουσαν

2271 2573 2462 2642 χρείαν
2507 2572 2618 2625 τῶν
2661 2573 2912 2627 ἐντεῦθεν
2949 2576 3200 2644 ἐφοδίων.
3247 2578 3358 2630 Καὶ
3405 2578 3853 2648 καταλαμϐάνετε

2268 2663 2359 2716 τὸν
2389 2663 2607 2719 αἰώνιον
2635 2665 2800 2720 τόπον
2827 2667 3014 2738 χώρας
3043 2669 3238 2739 ἔχοντα
3266 2669 3383 2734 δύο,
3408 2671 3623 2735 πολλὰς
3654 2674 3714 2724 ἐν
3747 2673 3855 2724 saa-

2268 2760 2389 2820 ταῖς
2422 2760 2591 2827 μονὰς
2623 2759 2885 2829 ἐχούσας,
2919 2753 2995 2814 ὧν
3029 2763 3130 2832 τὴν
3175 2763 3274 2833 μὲν
3305 2764 3439 2834 μίαν
3483 2766 3799 2836 ἡτοίμασεν
3834 2770 3858 2818 ὁ

2269 2848 2400 2912 Θεὸς
2424 2851 2535 2913 τοῖς
2559 2850 2845 2919 ἀγαπῶσιν
2873 2850 3038 2905 αὐτὸν
3063 2853 3158 2905 καὶ
3179 2854 3276 2915 τὰς
3301 2853 3466 2908 αὐτοῦ
3497 2856 3861 2924 φυλάττουσιν

2269 2941 2520 3005 ἐντολὰς,
2567 2943 2836 2997 παντοίων
2890 2944 3058 2999 οὖσαν
3110 2946 3334 3015 ἀγαθῶν
3387 2948 3858 3020 πεπληρωμένην,

2266 3029 2448 3107 ἧσπερ
2475 3035 2525 3088 οἱ
2553 3035 2873 3101 ἀξιωθέντες
2898 3039 2956 3092 ὲν
2987 3039 3268 3111 ἀφθαρσίᾳ
3300 3040 3564 3110 ζήσονται
3595 3042 3858 3111 διηνεκεῖ,

2267 3125 2366 3196 τῆς
2390 3127 2699 3199 ἀνωλέθρου
2729 3129 3096 3196 ἀπολαύοντες
3127 3131 3450 3196 ἀθανασίας,
3483 3132 3619 3186 ἔνθα
3653 3133 3861 3203 ἀπέδρα

2269 3219 2450 3289 ὀδύνη,
2479 3219 2625 3292 λύπη
2655 3223 2750 3275 καὶ
2779 3225 3084 3295 στεναγμός
3118 3225 3228 3294 (79)
3248 3241 3263 3256 °
3296 3227 3331 3297 ἡ
3356 3225 3412 3280 δὲ
3436 3226 3698 3297 δευτέρα,
3737 3227 3861 3279 σκό-

596 3319 918 3374 mortalitate
966 3321 1210 3376 interitus
1251 3324 1425 3378 omnis
1456 3334 1679 3393 experte
1711 3326 1974 3392 fruantur,
2016 3326 2157 3383 unde

2271 3329 2395 3376 τους
2423 3312 2558 3367 οὖσα
2583 3316 2755 3386 μεστὴ
2778 3317 2872 3369 καὶ
2897 3317 3132 3386 θλίψεως
3154 3318 3248 3371 καὶ
3274 3317 3487 3386 ὀδύνης,
3519 3318 3600 3388 τῷ
3628 3318 3860 3388 διαϐόλῳ

593 3408 776 3477 eﬂ'ugit
792 3410 967 3476 dolor,
990 3411 1200 3466 tristitia
1223 3422 1276 3467 et
1289 3413 1534 3480 gemitus.
1558 3414 1734 3468 Altera
1749 3425 1925 3470 antem
1947 3433 2065 3482 qua:
2089 3429 2158 3471 te-

590 3499 770 3553 nebris
793 3511 846 3554 et
865 3502 1163 3557 calamitate
1182 3543 1196 3566 ,
1223 3518 1285 3556 ac
1319 3503 1503 3558 dolore
1520 3505 1759 3559 conferta
1782 3515 1864 3560 est
1889 3545 1907 3572 ,
1944 3507 2156 3560 diabolo

589 3595 647 3644 et
673 3591 874 3660 angelis
909 3591 1024 3661 eju's
1061 3603 1240 3661 parata
1269 3602 1368 3647 est.
1400 3593 1456 3648 In
1486 3609 1644 3663 quam
1671 3595 1834 3650 etiam
1864 3597 2158 3665 conjicien-

590 3688 696 3742 tur,
726 3681 813 3748 qui
841 3696 936 3751 per
963 3682 1254 3751 ﬂagitiosas
1282 3685 1520 3739 actiones
1547 3701 1664 3740 eam
1695 3687 1799 3741 sibi
1829 3689 2155 3743 conciliave-

589 3767 716 3835 rint,
747 3777 904 3837 atque
929 3770 998 3824 ab
1021 3771 1236 3826 interitu
1259 3773 1430 3826 aliena
1453 3782 1508 3827 et
1532 3776 1855 3842 sempiterna
1876 3777 2011 3831 bona
2032 3793 2152 3832 cum

589 3863 942 3928 praesentibus
969 3867 1386 3934 commutarint,
1420 3876 1663 3938 totosque
1690 3884 1810 3926 sese
1839 3871 1973 3942 ignis
2001 3881 2154 3927 aeter-

589 3952 643 4007 ni
678 3953 923 4020 pabulum
952 3955 1252 4011 effecerint.

659 4042 768 4097 llac
787 4059 885 4115 ego
904 4059 1038 4099 voce
1057 4046 1255 4112 audita,
1272 4056 1430 4116 atque
1450 4048 1613 4117 ipsius
1628 4050 1850 4106 veritate
1867 4052 2153 4119 intellecta,

586 4129 638 4184 in
661 4132 762 4186 hoc
774 4149 932 4188 unum
949 4151 1080 4205 opus
1098 4136 1336 4202 incubui,
1360 4139 1501 4192 utad
1522 4140 1650 4194 illud
1674 4141 1960 4210 hospitium
1978 4157 2151 4211 perve-
2190 4193 2199 4206 .

587 4221 760 4280 nirem
790 4224 926 4294 quod
958 4226 1102 4280 omni
1130 4226 1314 4283 dolore
1339 4238 1394 4283 et
1419 4231 1667 4286 maestitia
1699 4244 1868 4300 vacat,
1906 4245 2151 4306 tantaque

585 4322 769 4366 contra
813 4315 1095 4371 securitate
1141 4332 1204 4371 ac
1227 4321 1384 4375 tantis
1413 4320 1565 4376 bonis
1585 4333 1752 4377 scatet
1774 4341 1789 4378 :
1811 4340 2033 4392 quorum
2061 4341 2153 4382 co-

585 4403 751 4471 gnitio
793 4421 933 4461 nunc
976 4407 1104 4462 mihi
1146 4410 1400 4466 duntaxat
1419 4428 1483 4468 ex
1518 4423 1667 4482 parte
1695 4425 1809 4483 est,
1839 4426 1898 4472 ut
1924 4419 2012 4487 qui
2042 4421 2151 4488 spi-

585 4496 793 4552 ritualis
833 4491 1029 4554 aatatis‘
1076 4503 1283 4559 ratione
1330 4520 1460 4572 puer
1505 4508 1604 4560 sim
1639 4548 1654 4571 ,
1734 4523 1798 4562 ac
1847 4510 1995 4564 velut
2058 4527 2152 4578 per

584 4587 796 4654 specula
850 4591 1106 4647 duntaxat
1165 4605 1221 4650 et
1283 4599 1558 4665 aenigmata
1625 4613 1710 4655 res
1774 4601 1965 4656 futurae
2025 4604 2148 4657 vita:

585 4678 922 4746 perspiciam.
953 4681 1082 4738 Cum
1109 4695 1288 4749 autem
1317 4690 1522 4744 venerit
1544 4690 1686 4759 quod
1718 4691 2010 4758 perfectum
2042 4704 2146 4761 est,

583 4785 647 4824 ac
676 4769 812 4826 facie
837 4772 904 4827 ad
933 4775 1120 4830 faciem
1149 4791 1466 4846 cognoscam
1489 4823 1504 4848 ,
1537 4789 1646 4834 tum
1678 4781 1889 4837 demum
1915 4798 2148 4839 evacua-

583 4860 723 4916 bitur
746 4864 884 4932 quod
929 4879 997 4918 ex
1028 4875 1178 4935 parte
1207 4878 1290 4924 est
1319 4868 1368 4940 (ι
1397 4868 1516 4927 Cor.
1541 4869 1685 4942 xui).
1716 4872 1834 4938 Quo
1859 4872 1998 4929 circa
2025 4889 2146 4945 gra-

2268 3404 2595 3475 ἡτοίμασται
2621 3406 2716 3460 καὶ
2741 3411 2854 3472 τοῖς
2882 3409 3137 3479 ἀγγέλοις
3166 3409 3335 3464 αὐτοῦ
3361 3410 3495 3480 (80),
3518 3411 3579 3462 ὲν
3663 3411 3860 3480 βληθή-

2271 3515 2456 3552 σονται
2499 3500 2596 3552 καί¹
2637 3501 2687 3553 oi
2726 3501 2794 3554 δι’
2852 3501 3032 3575 ἔργων
3084 3503 3341 3574 πονηρῶν
3386 3505 3602 3567 ἑαυτοῖς
3649 3506 3860 3573 ταύτην

2268 3591 2731 3664 προξενήσαντες,
2765 3596 2816 3649 οἱ
2865 3596 2974 3650 τῶν
3015 3596 3312 3668 ἀφθάρτων
3362 3598 3458 3651 καὶ
3491 3598 3727 3650 αἰωνίων
3779 3599 3855 3651 τὰ

2267 3686 2512 3756 παρόντα
2556 3687 3020 3758 ἀνταλλαξάμενοι
3072 3689 3167 3741 καὶ
3206 3688 3362 3754 ὅλους
3404 3690 3633 3752 ἑαυτοὺς
3678 3690 3855 3742 κατά.-

2251 3777 2466 3850 Δὅρωμα
2493 3779 2585 3834 τοῦ
2618 3782 2841 3836 αίωνίου
2871 3781 3046 3854 πυρὸς
3073 3783 3460 3854 ποιησάμενοι.

2336 4045 2556 4118 Ταύτης
2585 4045 2697 4116 ἐγὼ
2736 4046 2835 4118 τῆς
2870 4046 3056 4117 φωνῆς
3103 4047 3343 4113 ἀκούσας
3385 4049 3481 4102 καὶ
3522 4049 3587 4101 τὸ
3623 4048 3854 4118 ἀψευδὲς

2265 4137 2440 4209 αὐτῆς
2492 4138 2784 4207 ἐπιγνοὺς,
2835 4141 3011 4192 ἐκεῖνο
3063 4141 3396 4195 καταλαϐεῖν
3450 4142 3510 4196 τὺ
3562 4142 3851 4213 κατάλυμα

2264 4231 2426 4302 ἔργον
2471 4230 2711 4303 ἐθέμην,
2756 4233 2817 4285 τὸ
2853 4232 3032 4304 πάσης
3065 4231 3166 4303 μὲν
3193 4233 3623 4305 ἀπηλλαγμένον
3663 4236 3851 4307 ὀδύνης

2262 4337 2323 4374 τε
2350 4321 2445 4375 καὶ¹
2484 4322 2665 4393 λύπης
2683 4363 2699 4389 ,
2726 4322 2997 4394 τοσαύτης
3029 4323 3086 4377 δὲ
3113 4324 3414 4393 ἀσφαλείας
3451 4327 3550 4378 καὶ
3590 4327 3854 4380 τοιούτων

2264 4411 2486 4482 ἀγαθῶν
2511 4412 2721 4484 πλῆρες
2752 4412 2998 4484 ὑπάρχον
3018 4453 3031 4478 ,
3063 4407 3139 4467 ὧν
3174 4416 3207 4486 η
3251 4415 3450 4484 γνῶσις
3481 4417 3602 4469 νυνὶ
3645 4418 3750 4488 μὲν
3790 4419 3852 4469 ἐκ

2267 4503 2468 4574 μέρους
2495 4504 2642 4556 ἐστὶν
2663 4505 2720 4556 ὲν
2745 4504 2890 4574 ἐμοὶ,
2915 4504 3096 4576 νηπίῳ
3122 4523 3181 4558 τε
3207 4507 3320 4560 ὄντι
3341 4507 3438 4578 τὴν
3464 4510 3850 4579 πνευματικὴν

2265 4595 2500 4665 ἠλικίαν,
2543 4594 2638 4648 καὶ
2665 4595 2741 4658 ῶς
2792 4595 2859 4648 δι’
2913 4597 3197 4667 ἐσόπτρων
3245 4598 3340 4652 καὶ
3382 4601 3732 4668 αἰνιγμάτων
3783 4601 3853 4653 τά

2193 4652 2236 4707 θ
2265 4652 2662 4757 ἐκεῖθενἰ25
2690 4652 2941 4757 βλέποντι
2976 4652 3110 4760 (διίο
3140 4691 3228 4744 ὅτε
3259 4691 3316 4744 δὲ
3354 4690 3485 4764 ἔλθῃ
3506 4652 3848 4754 ξδ’τέλειον,

2265 4779 2361 4832 καὶ
2386 4778 2764 4849 ἐπιγνώσομαι
2790 4780 3083 4849 πρόσωπον
3113 4783 3251 4853 πρὸς
3290 4785 3605 4855 πρόσωπον,
3639 4787 3761 4839 τότε
3790 4785 3852 4837 τὺ

2264 4868 2331 4920 ὲκ
2376 4867 2576 4937 μέρους
2607 4868 3087 4939 καταργηθήσεται
3132 4871 3265 4943 (82).
3303 4874 3632 4946 Εὐχαριστῶ
3672 4877 3851 4928 τοίνυν

651 5010 1103 5110 gﬂf‘royg-vm,
1129 5016 1203 5073 8:
1244 5018 1401 5074 Μετά
1429 5020 1776 5094 δικαιοσύνης
1825 5023 2005 5078 πάντα
2035 5024 2104 5079 τὰ
2134 5025 2356 5098 ῥήματα
2387 5026 2484 5081 τοῦ
2529 5030 2796 5101 στόματός
2822 5049 2926 5103 μου
2946 5049 2962 5066 ο
3001 5035 3156 5090 οὐδὲν
3197 5037 3414 5104 ἑαυτοῖς
3447 5041 3689 5110 σκολιὸν,
3729 5046 3848 5100 οὐδὲ

575 5085 1038 5170 στραγγαλιῶδες.

651 5153 763 5216 (75)
790 5157 877 5211 Lf.
907 5167 1039 5212 lOIII.
1064 5157 1151 5216 Ill.
1180 5175 1233 5216 υ.
1261 5160 1386 5216 181.
1420 5177 1475 5216 n.
1499 5163 1533 5216 4

651 5158 741 5218 (75
790 5158 877 5211 Cf.
907 5167 1039 5212 lOIII.
1064 5158 1151 5222 ΙΙΙ,
1180 5175 1233 5228 p.
1261 5160 1386 5225 lSl,
1420 5177 1475 5216 η.
1499 5163 1553 5218 4.

797 5225 1066 5307 Respectu
1113 5231 1453 5307 ορεστ-ιιι,
1480 5235 1509 5286 7
1539 5252 1553 5288 :
1593 5234 1680 5298 Ὠς
1711 5235 1830 5307 ὥρα
1853 5237 1946 5290 ἐπὶ
1971 5238 2095 5303 τῶν,
2115 5237 2144 5290 ὀ

2149 5241 2438 5324 ρέωὶνκὼς.
2463 5241 2622 5324 πόδες
2673 5244 3164 5324 εὐαγγελιζομένου
3198 5249 3385 5324 ἀκοὴνΔ
3421 5253 3687 5324 είρήνηςί
3721 5256 3848 5311 Inde

579 5293 764 5394 Eltligg.‘
787 5296 1036 5394 Boni:
1053 5317 1134 5394 lx,‘
1246 5319 1260 5354 :
1303 5302 1392 5365 Ὠς
1419 5304 1612 5374 ὡραῖοι
1644 5293 1692 5359 όι
1719 5293 1880 5372 πόδες
1906 5309 2015 5362 τῶν
2039 5293 2554 5381 εύαγγελίζοελένων
2571 5293 2836 5386 έῖρήνῆὗί

649 5365 765 5436 (77)
791 5365 923 5422 Vide
949 5372 1228 5424 Addenda.

650 5435 820 5530 (18):
834 5437 1118 5530 Eii-island
1150 5441 1276 5498 Cor.
1304 5460 1398 5511 vn,
1429 5446 1494 5500 51
1527 5464 1542 5502 :
1582 5447 1828 5516 Ηαράγει
1855 5447 1965 5520 γὰρ
2007 5450 2068 5504 τὸ
2099 5467 2158 5522 ex

2271 5469 2288 5504 ι
2317 5451 2413 5506 τοῦ
2455 5453 2664 5524 κόσμου
2705 5455 2920 5514 τούτου.
2950 5457 2969 5512 1
2994 5458 3232 5530 Epistula
3272 5459 3435 5520 Joau.
3472 5479 3538 5529 ιι,
3568 5465 3640 5520 17
3664 5486 3679 5522 :
3702 5469 3732 5521 ό
3757 5469 3844 5522 κό-

580 5509 1073 5603 σμρξηῖταράγεται.

653 5575 767 5645 (79)
797 5575 1094 5642 Ismnxv,
1125 5581 1214 5635 10.

799 5647 1240 5740 1M
1271 5673 1284 5708 :
1316 5656 1537 5740 Τὸᾼπῖξρ
1556 5656 1618 5710 τὸ
1649 5657 1890 5740 αίῶνιον,
1917 5661 1977 5740 τί]
2019 5663 2418 5740 ἡτοιμασμένον
2444 5666 2773 5740 τῷῄδιαϐόλῳ
2813 5669 3042 5734 καὶτοῖς
3070 5671 3323 5740 ἀγγέλοις
3351 5675 3542 5730 αὐτοῦ.

654 5719 768 5817 L83}
796 5719 1561 5817 Ξξῗὲἷζτίῗὲηίῖίῖττ,ἓτξητέδν
1597 5745 1651 5817 l’:
1673 5729 1774 5817 35‘
1811 5719 2158 5817 ³..Ᾱάξηςίβεά

2273 5753 2321 5800 ν,
2354 5719 2586 5817 νύν
2627 5721 2812 5817 τὴν
2841 5719 3131 5817 ἐσόπτροις.
3151 5719 3213 5794 τε
3245 5719 3341 5797 κᾶι
3381 5747 3689 5817 αἰνίγμασι,
3719 5750 3841 5805 τότε

578 5789 638 5845 δὲ
665 5791 766 5881 ιιι
795 5791 1216 5881 rumpet?
1365 5789 1797 5881 nauseam.
1823 5789 2084 5881 ιιυδιῖέέίι

2271 5789 2403 5881 uel
2441 5789 2610 5881 Epist.
2641 5789 2706 5861 οἶΙ
2738 5809 2865 5864 Cor.
2901 5828 2914 5864 :
2951 5789 3175 5866 cffno'ta
3208 5830 3324 5881 seq.

650 5859 762 5934 (82)
795 5861 812 5916 l
842 5859 1103 5932 Epistﬁad
1124 5864 1247 5921 Cor.
1279 5883 1394 5934 xui,
1447 5859 1622 5933 9,10,
1657 5859 1749 5937 "ll,
1781 5872 1842 5925 12
1877 5893 1888 5928 ;
1936 5859 2029 5926 Ἕκ
2073 5873 2158 5944 μέι

2271 5865 2275 5927 ἶ
2318 5876 2427 5947 γὰρ
2477 5859 2884 5950 γινώσκομεν...
2926 5881 3056 5936 ὅταν
3086 5883 3142 5934 δὲ
3195 5859 3321 5954 ἐλθῚῃ
3353 5887 3411 5939 τὸ
3459 5894 3686 5957 τελειον,
3717 5891 3841 5944 τότε
