4042 6416
669 389 769 455 991
2091 399 2470 459 ΛΒΒΕΝΒΑ.
3736 404 3820 471 992

660 507 857 577 lugenti
905 507 1194 568 afﬂictione
1238 515 1475 581 servisti,
1526 520 1787 586 surreptis
1827 520 2121 588 thesauris,
2148 524 2256 581 exl

2242 515 2288 569 Λ
2314 507 2481 560 πολὺν
2506 506 2607 577 ἤδη
2636 505 2829 577 χρόνον
2856 506 3206 571 ἐπιϐουλεύων,
3236 504 3419 568 καλῶς
3442 507 3503 559 ὲκ
3520 506 3701 564 τούτων
3719 519 3828 586 πρὸς

657 596 742 651 his
787 600 1040 667 praeclare
1071 604 1324 660 viaticum
1364 607 1458 662 tibi
1490 606 1547 662 in
1577 607 1812 666 futurum
1850 614 2211 682 comparabis,

656 703 813 761 atque
850 696 1027 751 alieno
1072 713 1166 754 eos
1194 701 1452 769 eripiens,
1484 702 1578 758 tibi
1624 703 1723 773 ipsi
1771 706 1915 775 prius
1938 707 2214 773 recondes,

655 803 751 855 per
781 789 917 843 llum
950 805 1142 858 nempe
1166 802 1220 846 et
1250 793 1449 847 caduca
1491 793 1605 848 hac
1632 796 1800 858 bona,
1829 810 1891 850 ea
1916 811 2036 865 quae
2066 797 2215 852 firma

654 888 705 932 et
736 878 948 933 stabilia
978 892 1101 935 sunt
1120 896 1325 938 emens.
1353 884 1550 941 Deinde
1568 895 1771 951 autem,
1802 887 1911 942 Deo
1935 886 2029 941 tibi
2052 902 2211 955 opem

654 968 882 1036 ferente,
914 972 1072 1042 hujus
1119 977 1300 1030 mundi
1344 977 1771 1033 incertitudinem
1806 988 1859 1033 et
1906 979 2215 1034 inconstan-

656 1064 782 1118 tiam
814 1067 1103 1135 perspicies
1132 1084 1147 1122 :
1174 1070 1526 1140 omnibusque
1547 1072 1706 1127 rebus
1732 1072 1910 1129 valere
1929 1072 2116 1140 jussis,
2148 1073 2215 1131 ad

656 1154 887 1211 futurum
938 1168 990 1213 te
1038 1159 1355 1227 transferes,
1412 1174 1571 1230 atque
1614 1179 1677 1220 ea
1723 1179 1841 1233 qua:
1894 1173 2216 1233 praetereunt

655 1247 769 1314 ipse
800 1252 1134 1320 praeteriens,
1166 1254 1335 1324 iisque
1364 1256 1524 1311 rebus
1566 1272 1684 1325 qua:
1726 1258 1777 1311 iu
1820 1271 1914 1326 spe
1939 1258 2126 1327 posita:
2154 1271 2216 1312 ac

652 1333 821 1388 ﬁrma:
848 1346 992 1405 sunt,
1043 1349 1094 1394 te
1140 1342 1412 1405 addicens.
1465 1345 1814 1411 tenebrasque
1857 1360 1977 1400 cum
2028 1345 2214 1401 mortis

650 1425 839 1481 umbra
864 1430 1188 1496 relinquens,
1218 1431 1448 1502 odioque
1477 1442 1587 1487 tum
1621 1435 1872 1487 mundum
1898 1446 2005 1488 tutu
2031 1433 2213 1497 mundi

650 1517 947 1585 principem
975 1520 1263 1583 insectans.
1304 1538 1624 1591 carnemque
1664 1525 1900 1579 interitui
1931 1526 2212 1580 obnoxiam

651 1605 860 1662 hostem
892 1610 984 1664 tibi
1033 1626 1150 1665 esse
1178 1612 1410 1679 ducens,
1457 1616 1523 1670 ad
1575 1616 1746 1671 lucem
1794 1618 2214 1673 inaccessibilem

648 1712 897 1754 accurres
946 1698 1013 1771 (I
1044 1702 1177 1756 Tim.
1223 1705 1336 1775 vt),
1389 1721 1654 1777 cruceque
1703 1710 1937 1765 humeris
1979 1709 2210 1773 sublata,

2324 599 2390 651 τὸ
2413 598 2603 668 μέλλον
2630 597 3015 669 ὲφοδιασθήσῃ,
3034 596 3238 651 καὶτοῦ
3262 596 3536 667 ἀλλοτρίου
3555 600 3829 672 ἀφελόμενος

2327 688 2537 759 σεαυτῷ
2560 690 2737 743 πάντα
2757 688 3141 759 προαποθήσῃ,
3171 687 3261 741 διὰ
3286 687 3398 740 τῶν
3424 690 3647 758 ρευστῶν
3666 694 3830 751 τούτων

2324 780 2421 832 καὶ
2451 778 2803 849 προσκαίρων
2830 777 2940 848 (95)
2966 778 3039 831 τὰ
3067 777 3282 831 ἑστῶτα
3316 777 3410 829 καὶ
3440 779 3652 847 μένοντα
3674 784 3832 854 ὲξωνη.

2326 870 2559 939 σάμενος
2578 884 2592 900 ο
2627 868 2839 933 ἔπειτα,
2863 868 2960 922 τοῦ
2996 867 3132 921 Θεοῦ
3164 868 3549 939 συνεργοῦντός
3576 886 3667 936 σοι,
3697 890 3830 928 κατα-

2322 961 2537 1030 νοήσεις
2564 959 2626 1013 τὸ
2661 961 2894 1014 ἄστατον
2922 958 3018 1013 τοῦ
3048 958 3255 1029 κόσμου
3301 961 3398 1014 καὶ
3438 960 3699 1031 ἀνώμαλον
3726 967 3831 1035 (94),

2323 1052 2451 1115 καὶ,
2480 1051 2690 1124 χαίρειν
2729 1054 2898 1106 πᾶσιν
2941 1051 3134 1117 εἰπὼν,
3173 1051 3315 1122 πρὸς
3354 1051 3418 1105 τὸ
3458 1052 3636 1121 μέλλον
3678 1058 3829 1130 μεθορ.

2326 1142 2563 1214 μισθήσῃ
2583 1182 2598 1206 ,
2634 1142 3009 1214 παραδραμὼν
3053 1144 3152 1213 μὲν
3180 1144 3251 1197 τὰ
3286 1143 3681 1213 παρατρέχοντι
3701 1185 3715 1211 ,
3746 1154 3831 1214 τοῖς

2323 1236 2693 1307 ὲλπιζομένοις
2718 1236 2778 1288 δὲ
2800 1237 2896 1300 κα).
2936 1235 3248 1306 ἱσταμένοις
3288 1234 3630 1307 προστεθήσῃ
3648 1277 3662 1301 ,
3686 1240 3763 1292 καὶ
3786 1244 3831 1294 τὸ

2322 1330 2511 1390 σκότος
2548 1326 2646 1397 μὲν
2678 1326 2961 1380 ἀπολιπὼν
2993 1327 3090 1380 σὺν
3116 1329 3183 1398 τῇ
3213 1327 3347 1397 σκιᾷ
3366 1326 3461 1379 τοῦ
3492 1328 3704 1383 θανάτου
3727 1334 3829 1403 (95),

2324 1419 2563 1489 μισήσας
2587 1418 2644 1471 δὲ
2676 1418 2769 1471 τὸν
2797 1419 3003 1489 κόσμον
3033 1418 3127 1471 κα).
3167 1419 3617 1489 κοσμοκράτορα,
3648 1424 3726 1474 καὶ
3755 1425 3830 1494 τὴν

2320 1508 2683 1579 φθειρομένην
2714 1508 2896 1579 σάρκα
2938 1508 3141 1579 ἐχθρὰν
3182 1506 3366 1578 ἑαυτῷ
3403 1507 3829 1583 λογισάμενος,τῴ

2321 1602 2464 1669 φωτὶ
2488 1602 2845 1674 προσδράμῃς
2861 1600 2938 1672 τῷ
2957 1599 3236 1673 ἀπροσίτῳ
3260 1600 3396 1670 (96),
3420 1602 3532 1664 καὶ,
3554 1603 3634 1653 τὸν
3651 1607 3827 1674 σταυρὸν

2321 1693 2407 1745 ἐπ’
2452 1690 2617 1763 ὤμων
2658 1693 2838 1763 ἄρας,
2888 1693 3279 1763 ἀκολουθήσεις
3335 1691 3485 1762 αύτῷ
3533 1694 3633 1763 (97)
3667 1696 3825 1764 ἀμετα-

647 1790 916 1846 Cbristum
967 1795 1229 1863 irretortis
1272 1798 1443 1853 oculis
1470 1802 1735 1867 sequeris,
1785 1810 1842 1854 ut
1885 1802 2046 1856 etiam
2091 1818 2211 1855 cum

2255 1850 2292 1867 ἢ
2324 1783 2570 1852 στρεπτὶ,
2598 1782 2685 1835 ἵνα
2717 1784 2811 1836 καὶ
2841 1782 2937 1835 σὺν
2972 1781 3122 1851 αύτῷ
3148 1782 3417 1853 δοξασθῇς
3446 1784 3646 1853 καὶτῆς
3666 1786 3743 1838 οὐκ
3768 1789 3825 1841 ἑτι

648 1880 766 1946 ipso
793 1882 1125 1951 gloriticeris,
1158 1886 1409 1957 vitaeque,
1436 1904 1539 1944 nou
1561 1889 1670 1958 jam
1692 1890 1907 1946 caduca:
1932 1901 1987 1947 et
2007 1891 2211 1946 fallacis

2251 1850 2295 1908 Β
2327 1850 2775 1945 μεταπιπτούσης
2831 1873 2977 1945 ζωῆς
3038 1850 3161 1928 οὐδὲ
3218 1850 3509 1944 ἀπατήλῆς
3567 1850 3821 1950 alaeam;

648 1972 819 2029 haeres
848 1971 1125 2030 efliciaris.

714 2063 970 2133 Josaphat
999 2067 1175 2132 itaque
1202 2069 1268 2123 ad
1298 2084 1418 2124 eum
1447 2071 1522 2125 ait
1549 2089 1564 2125 :
1590 2071 1734 2126 Istud
1778 2072 1948 2139 ipsum
1968 2114 1984 2139 ,
2018 2087 2213 2142 nempe

644 2154 829 2209 omnia
859 2171 956 2223 pro
982 2155 1148 2212 nihilo
1177 2168 1386 2226 putare,
1419 2169 1579 2228 atque
1609 2176 1781 2230 usque
1810 2162 1944 2214 adeo
1965 2176 2211 2229 asperum

644 2243 768 2297 vita:
796 2259 963 2314 genus
1011 2246 1320 2317 suscipere,
1370 2250 1816 2318 quemadmodum
1860 2252 2104 2317 superius
2133 2252 2211 2305 di-

644 2336 789 2400 xisti,
820 2345 1039 2392 vetusne
1070 2338 1369 2395 institutum
1394 2351 1495 2407 est,
1522 2346 1588 2397 ab
1614 2346 1973 2414 apostolorum
2003 2347 2205 2399 doctri-

647 2444 714 2482 na
743 2444 995 2498 manans,
1024 2447 1092 2487 an
1134 2449 1327 2489 recens
1354 2437 1545 2491 mentis
1570 2446 1762 2492 vestrae
1805 2439 2022 2493 solertia
2048 2452 2210 2493 exco-

644 2523 898 2593 gitatum;
932 2536 1177 2596 tanquam
1209 2529 1411 2584 scilicet
1435 2530 1631 2595 hoc,ut
1657 2532 1840 2586 melius
1869 2546 1932 2586 ac
1959 2541 2209 2600 prazstan-

646 2616 772 2673 tius.
799 2617 953 2673 vobis
979 2620 1388 2688 amplexandum
1419 2623 1719 2678 duxeritisl‘

716 2707 895 2762 Senex
929 2718 1102 2763 autem
1127 2711 1233 2767 ait:
1256 2710 1369 2764 Non
1400 2727 1589 2766 recens
1620 2713 1886 2767 inductam
1912 2715 2080 2783 legem
2111 2715 2207 2770 tibi

645 2795 809 2850 all‘ero
834 2798 1200 2864 (absitistud),
1234 2815 1415 2855 verum
1448 2804 1737 2868 antiquitus
1762 2804 1910 2857 nobis
1937 2805 2207 2863 traditam.

648 2887 785 2941 Dixit
802 2890 945 2944 enim
971 2890 1224 2943 Dominus
1245 2892 1308 2944 ad
1329 2892 1541 2947 divitem
1568 2895 1869 2961 quemdam,
1893 2897 1979 2963 qui
2000 2912 2063 2951 ex
2094 2897 2207 2963 ipso

647 2979 1064 3044 percontabatur
1084 2981 1334 3048 quidnam
1358 2983 1456 3035 sibi
1487 2983 1780 3036 faciendum
1801 2993 1944 3039 esset
1963 2995 2017 3039 ut
2043 2987 2203 3038 vitam

645 3077 903 3121 :eternam
920 3080 1355 3138 consequeretur,
1374 3073 1712 3143 jactabatque
1728 3089 1788 3129 se
1800 3086 1985 3129 cuncta
2014 3091 2129 3145 qua:
2155 3076 2205 3129 iu

646 3161 765 3226 lege
792 3164 987 3231 scripta
1017 3174 1169 3219 erant.
1197 3181 1460 3223 servasse.
1514 3167 1685 3223 Unum
1718 3170 1809 3223 tibi
1833 3170 2005 3233 deest,
2035 3170 2171 3224 vade
2193 3212 2207 3234 ,
2246 3204 2293 3267 Ο

644 3252 817 3307 vende
846 3254 1025 3307 omnia
1047 3270 1165 3322 qua:
1197 3255 1379 3321 habes,
1414 3265 1468 3311 et
1493 3258 1555 3311 da
1586 3259 1925 3325 pauperibus,
1967 3269 2023 3315 et
2046 3260 2207 3315 habe~

644 3341 727 3397 bis
766 3344 1074 3399 thesaurum
1108 3346 1158 3399 in
1188 3348 1348 3412 coelo,
1396 3356 1449 3402 et
1474 3348 1617 3413 veni,
1650 3363 1730 3413 ac,
1761 3351 1967 3405 sublata
2014 3365 2195 3414 cruce.

643 3448 732 3487 me
756 3448 1000 3501 sequere.
1034 3436 1102 3489 At
1130 3436 1237 3501 ille,
1289 3437 1373 3491 his
1420 3439 1635 3498 auditis.
1681 3442 1931 3495 maestitia
1979 3440 2206 3497 allectus

645 3533 750 3579 est.
802 3525 932 3580 Erat
955 3527 1099 3580 enim
1146 3528 1433 3583 admodum
1480 3529 1650 3585 dives.
1682 3530 1812 3585 Cum
1855 3532 2014 3599 igitur
2055 3531 2208 3587 Jesus

644 3630 767 3669 eum
800 3631 1028 3672 maerore
1056 3616 1303 3672 affectum
1334 3619 1571 3683 vidisset,
1600 3620 1733 3675 dixit
1758 3639 1772 3675 :
1795 3620 1963 3687 Quam
1991 3620 2210 3677 difficile

645 3706 680 3759 ii
711 3706 797 3773 qui
818 3708 1074 3774 pecunias
1106 3709 1299 3762 habent
1343 3708 1617 3762 intrabunt
1644 3709 1698 3763 in
1728 3726 1947 3778 regnum
1975 3711 2103 3774 Dei;
2136 3713 2209 3765 fa-

644 3794 800 3848 cilius
827 3795 971 3848 enim
1002 3804 1084 3849 est
1111 3797 1373 3850 camelum
1400 3812 1491 3863 per
1517 3797 1752 3851 foramen
1782 3814 1909 3854 acus
1958 3803 2208 3858 transire.

644 3900 804 3951 quam
837 3885 1052 3939 divitem
1083 3886 1283 3941 intrare
1314 3888 1364 3940 in
1398 3904 1615 3953 regnum
1648 3888 1739 3943 Dei
1765 3889 1955 3958 (Marc.
1986 3905 2055 3955 x;
2082 3889 2203 3944 Luc.

647 3978 826 4041 XVIII).
859 3977 967 4031 [loc
991 3977 1150 4047 igitur
1179 3980 1427 4031 mandatu
1460 3978 1664 4041 audito,
1714 3980 1885 4032 sancti
1934 3995 2123 4036 omnes
2154 3982 2206 4035 id

643 4066 983 4133 studuerunt,
1014 4079 1068 4121 ut
1101 4068 1166 4122 ab
1214 4067 1513 4136 huiusmodi
1555 4083 1714 4136 opum
1755 4069 2064 4125 difficultate
2090 4085 2208 4126 sese

645 4156 1036 4221 abstraherent,
1067 4172 1131 4210 ac
1161 4172 1255 4224 per
1284 4158 1619 4226 largitionem
1643 4173 1770 4227 erga
1801 4174 2083 4228 pauperes,
2125 4162 2208 4214 di-

642 4251 843 4316 spersis
870 4249 1120 4303 omnibus
1150 4249 1514 4313 facultatibus,
1546 4251 1989 4319 sempiternisque
2009 4251 2209 4317 divitiis

643 4344 744 4397 sibi
776 4344 903 4411 ipsis
934 4342 1242 4405 reconditis,
1288 4357 1500 4396 crucem
1532 4344 1879 4405 sustulerunt,
1909 4343 2208 4398 Christum-

643 4447 748 4500 que
775 4432 942 4486 secuti
986 4442 1142 4497 sunt;
1173 4432 1249 4485 sic
1296 4433 1545 4486 nimirum
1577 4441 1634 4485 ut
1662 4434 1897 4502 quidam,
1929 4436 2073 4488 velut
2098 4436 2204 4498 jam

2323 1963 2424 2035 κλη
2435 1965 2678 2035 ρονόμος.

2404 2056 2463 2111 Ὀ
2491 2057 2548 2110 δὲ
2594 2058 2850 2126 Ἰωάσαφο
2885 2058 2959 2111 Τὸ
2983 2058 3205 2112 πάντων
3233 2058 3329 2113 οὖν
3346 2098 3363 2122 ,
3392 2058 3583 2127 φησὶν,
3611 2058 3822 2129 ὑπεριδεῖν

2324 2149 2418 2202 κα).
2464 2148 2723 2204 ἐπίπονον
2778 2149 2951 2212 οὕτως
3011 2149 3383 2203 ἀναλαόἐσθαι
3439 2149 3578 2219 βίον,
3632 2151 3821 2221 καθάπερ

2324 2243 2549 2311 εἴρηκας
2591 2241 2883 2313 ἀνωτέρω,
2926 2240 3225 2311 παράδοσίς
3255 2244 3408 2294 ἐστιν
3449 2241 3639 2311 ἀρχαία
3673 2242 3724 2295 ἐκ
3752 2242 3816 2311 τῆς

2323 2335 2431 2388 τῶν
2457 2335 2769 2388 ἀποστόλων
2818 2334 3080 2388 κατιοῦσα
3108 2335 3361 2405 διδαχῆς;
3401 2334 3433 2405 ἢ
3477 2335 3683 2404 ἔναγχος
3730 2338 3815 2405 ὑμῖν

2324 2425 2663 2495 ἐπινενόηται
2689 2429 2755 2497 τῇ
2780 2426 2873 2479 τοῦ
2894 2426 3012 2490 νοὸς
3041 2426 3194 2497 ὑμῶν
3221 2427 3523 2500 ἐπιστήμῃ,
3544 2426 3614 2490 ὡς
3640 2429 3817 2497 κρεῖττον

2326 2516 2701 2586 ἐκλεξαμένοις
2720 2517 2907 2581 τοῦτο;

2400 2686 2559 2755 128
2586 2686 2728 2755 Πρὸς
2754 2685 2811 2738 ὃν
2838 2688 2866 2739 ὁ
2901 2686 3079 2757 γέρων
3103 2685 3228 2759 ἔφη’
3267 2687 3347 2741 υύ
3376 2686 3537 2756 νόμον
3561 2686 3818 2757 προσφάτως

2324 2778 2696 2847 εἰσενεχθέντα
2721 2778 2962 2831 διδάσκω
2993 2796 3079 2843 σε,
3109 2779 3129 2848 (
3156 2781 3229 2848 μὴ
3260 2778 3542 2848 γένοιτοί)
3579 2778 3677 2831 ἀλλ’
3700 2778 3821 2830 ἔκπα-

2323 2869 2412 2923 λαι
2439 2870 2658 2924 δοθέντα
2687 2872 2839 2940 ἡμῖν.
2874 2866 3040 2923 Εἶπεν
3070 2872 3180 2942 γὰρ
3209 2872 3236 2924 ό
3270 2871 3478 2943 Κύριος
3521 2870 3723 2939 πλουσίῳ
3744 2872 3819 2921 τινὶ

2323 2963 2733 3032 ἐπερωτήσαντι
2763 2962 2926 3015 αὐτὸν
2946 3002 2961 3028 ,
3003 2963 3067 3016 Τί
3096 2965 3331 3032 ποιήσας
3362 2963 3472 3032 (98)
3511 2962 3639 3032 ζωὴν
3660 2960 3819 3012 αἰώνιον

2323 3053 2751 3124 κληρονομήσω;
2795 3054 2890 3107 κα).
2932 3055 3274 3125 καυχωμένῳ
3325 3055 3502 3108 πάντα
3545 3051 3739 3120 φυλάξαι
3771 3051 3817 3100 τὰ

2324 3144 2683 3215 γεγραμμένα
2717 3146 2775 3198 ὲν
2806 3144 2885 3215 τῷ
2910 3144 3077 3215 νόμιμ’
3106 3145 3207 3198 Ἕν
3232 3162 3341 3208 σοι,
3372 3144 3532 3215 φησὶν
3560 3142 3685 3212 (99),
3707 3142 3816 3194 ﬁat:-

2325 3239 2428 3307 ρεῖ·
2461 3237 2664 3305 ὕπαγε,
2689 3238 2790 3291 ὅσα
2813 3237 2958 3307 ἔχεις
2984 3237 3233 3308 πώλησον
3258 3240 3356 3293 κα).
3381 3238 3468 3300 δὸς
3495 3235 3728 3305 πτωχοῖς,
3753 3232 3816 3285 καὶ

2321 3329 2458 3397 ἕξεις
2487 3329 2758 3402 θησαυρὸν
2784 3332 2843 3384 ὲν
2865 3331 3133 3401 οὐρανοῖς·
3164 3332 3260 3385 καὶ
3279 3330 3445 3403 δεῦρο
3469 3327 3714 3383 ἀκολούθει
3735 3341 3812 3394 μοι,

2320 3420 2460 3490 ἄρας
2486 3422 2578 3475 τὸν
2608 3422 2860 3493 σταυρόν.
2900 3424 2965 3477 '0
2994 3424 3051 3477 δὲ
3090 3422 3167 3494 (1)
3206 3423 3384 3476 ταῦτα
3409 3420 3631 3483 ἀκούσας
3653 3416 3814 3487 περίλυ-

2320 3529 2419 3576 πος
2445 3514 2679 3581 ἐγένετο’
2713 3509 2781 3585 ἦν
2821 3514 2930 3585 γὰρ
2962 3514 3215 3577 πλούσιος
3248 3514 3474 3584 σφόδρα.
3523 3510 3650 3564 Ἰδὼν
3678 3509 3718 3561 δὲ
3742 3507 3810 3558 οὐ·

2319 3609 2414 3658 τὸν
2436 3607 2464 3659 ὁ
2500 3604 2706 3676 Ἰησοῦς
2731 3607 3028 3679 περίλυπον
3052 3607 3367 3677 γενόμενον,
3399 3601 3538 3658 εἷπε’
3562 3598 3800 3665 nactum

2319 3698 2426 3763 λως
2467 3701 2516 3753 οἱ
2552 3701 2622 3755 τὰ
2664 3704 2921 3773 χρήματα
2964 3704 3180 3774 ἔχοντες
3228 3702 3617 3756 εἰσελεύσονται
3655 3697 3713 3758 είς
3739 3693 3810 3760 τὴν

2324 3789 2598 3860 βασιλείαν
2620 3793 2714 3846 τοῦ
2753 3794 2925 3849 Θεοῦί
2974 3795 3347 3866 εὐκοπώτερον
3395 3794 3501 3863 γάρ
3553 3786 3811 3853 ὲστικάμη’

2319 3878 2409 3933 λον
2447 3882 2524 3953 (2)
2565 3883 2652 3937 διὰ
2680 3884 2989 3956 τρυμαλιᾶς
3020 3886 3241 3955 ῥαφίδος
3273 3884 3523 3947 διελθεῖν,
3559 3881 3589 3951 ἦ
3623 3877 3812 3931 πλούσιον

2318 3972 2400 4035 εἰς
2430 3971 2529 4039 τὴν
2558 3973 2840 4044 βασιλείαν
2883 3977 2978 4029 τοῦ
3021 3977 3157 4031 Θεοῦ
3197 3977 3481 4031 εἰσελθεῖν.
3531 3970 3718 4041 Ταύτης
3748 3964 3814 4017 οὖν

2316 4065 2416 4133 τῆς
2438 4065 2654 4136 ἐντολῆς
2682 4068 2882 4131 πάντες
2904 4069 3237 4133 ἀκούσαντες
3265 4071 3313 4122 οἱ
3339 4070 3483 4139 ἅγιοι
3504 4057 3812 4133 ἀποχωρισθῆ-

2318 4172 2406 4209 ναι
2432 4157 2606 4228 πάντη
2630 4159 2728 4228 τῆς
2745 4160 3001 4230 τοιαύτης
3020 4160 3114 4213 τοῦ
3142 4160 3374 4212 πλούτου
3397 4155 3658 4216 δυσκολίας
3678 4148 3814 4218 ἐφρόνι

2316 4263 2473 4299 τισαν
2495 4263 2512 4279 ο
2552 4248 2647 4300 καὶ
2694 4251 2870 4303 πάντα
2903 4252 3333 4321 σκορπίσαντες,
3378 4251 3471 4303 καὶ
3511 4247 3593 4301 διὰ
3623 4243 3707 4312 τῆς
3735 4238 3812 4290 τῶν

2317 4341 2564 4410 πενήτων
2589 4340 2878 4406 διαδόσεως
2908 4343 3138 4396 πλοῦτον
3162 4343 3374 4407 ἑαυτοῖς
3402 4342 3604 4397 αίὼνιον
3621 4347 3811 4404 προαπο-

2319 4429 2569 4501 θέμενοι,
2603 4428 2747 4502 ἦραν
2779 4434 2869 4486 τὸν
2900 4435 3131 4504 σταυρὸν
3161 4437 3256 4488 καὶ
3286 4434 3362 4505 τῷ
3394 4429 3598 4503 Χριστῷ
3637 4420 3809 4493 ἠκολού-

645 4538 673 4575 a
704 4537 788 4575 nte
816 4521 1014 4575 dictum
1046 4531 1150 4587 est,
1183 4522 1439 4592 martyrio
1482 4523 1945 4592 perfungereutur,
1993 4524 2204 4590 quidam

2251 4551 2295 4605 ι)
2319 4518 2489 4589 θησαν
2510 4560 2524 4582 ν
2556 4522 2603 4573 οἱ
2643 4521 2743 4591 μὲν
2775 4523 3124 4594 μαρτυρικὼς
3145 4567 3160 4590 ,
3193 4525 3335 4577 καθὰ
3365 4524 3429 4591 δὴ
3472 4521 3559 4574 κα).
3587 4512 3713 4569 εἶπόν
3736 4526 3809 4605 σοι’,

643 4625 820 4666 autem
853 4614 1113 4681 religiosa:
1141 4614 1263 4667 vita:
1293 4613 1675 4667 exercitatione
1704 4625 2096 4682 concertarent,
2127 4625 2206 4670 at-

644 4719 770 4769 que.
803 4716 1055 4771 quantum
1083 4703 1147 4755 ad
1172 4717 1312 4756 verre
1336 4704 1553 4769 hujusce
1575 4704 1925 4774 philosophiae
1945 4706 2204 4761 rationem

644 4792 853 4857 attinet,
886 4793 1053 4845 nihilo
1085 4794 1188 4846 illis
1214 4791 1497 4847 inferiores
1543 4804 1743 4849 essent.
1792 4794 2045 4861 Quocirca
2077 4796 2204 4851 illud

641 4887 779 4938 scias
808 4885 986 4951 velim,
1019 4885 1175 4954 Regis
1204 4885 1380 4940 nostri
1400 4899 1462 4940 ac
1490 4885 1585 4941 Dei
1612 4886 1915 4940 mandatum
1942 4886 2043 4943 hoc
2061 4903 2202 4955 esse,

717 5100 828 5177 (95)
859 5103 1015 5177 Qonl’.
1044 5124 1096 5177 p.
1128 5108 1248 5171 12L
1281 5126 1333 5163 ιι.

861 5176 1020 5246 puni".
1136 5180 1254 5240 109,
1299 5195 1352 5232 n.
1395 5180 1448 5233 1.

2320 4611 2728 4680 τελειωθέντες,
2768 4616 2817 4668 οῖ
2860 4615 2917 4668 δὲ
2970 4616 3281 4685 ἁσκητικῶς
3323 4612 3721 4683 ἀγωνισάμενοι,
3747 4602 3812 4652 καὶ

2326 4701 2493 4771 μηδὲν
2522 4703 2746 4757 ἐκείνων
2784 4706 3141 4770 ἀπολιπόντες
3174 4710 3239 4778 τῇ
3270 4709 3463 4777 ἀγωγῇ
3495 4704 3584 4772 τῆς
3614 4692 3811 4765 ἀληθινῆς

2324 4793 2530 4863 ταύτης
2594 4795 2931 4864 φιλοσοφίας.
3010 4798 3261 4869 Ἐντολὴν
3326 4799 3421 4851 οῦν
3482 4793 3663 4859 ταύτην
3702 4779 3809 4879 ξῖνξι

2326 4886 2561 4954 γίνωσκε
2588 4888 2825 4958 Χριστοῦ
2847 4889 2940 4943 τοῦ
2969 4890 3129 4961 129
3149 4889 3413 4961 βασιλέως
3434 4887 3578 4960 ἡμῶν
3595 4880 3673 4938 καὶ
3693 4877 3809 4931 Θεοὺ,

857 5243 1125 5335 {inuigilet
1148 5248 1261 5335 :ler.
1303 5265 1419 5335 λιιι,
1458 5252 1521 5305 16
1556 5270 1569 5305 :
1612 5253 1759 5307 Ἐκεῖ
1786 5258 1912 5311 σκιὰ
1943 5256 2199 5328 θανάτου,
2232 5263 2326 5316 καὶ

1411 5291 1419 5315 ,
1458 5252 1521 5305 16
1556 5270 1569 5305 :
1612 5253 1759 5307 Ἐκεῖ
1786 5258 1912 5311 σκιὰ
1943 5256 2199 5328 θανάτου,
2232 5263 2326 5316 καὶ
2350 5263 2663 5335 τεθὴσονται
2688 5268 2768 5327 είς
2799 5263 3007 5328 σκότος.

740 5312 830 5381 96)
863 5314 1020 5369 Conf.
1058 5334 1109 5384 p.
1136 5318 1225 5378 44,
1254 5334 1306 5371 n.
1334 5318 1387 5373 2.

857 5384 1013 5463 βοαί.
1047 5387 1354 5463 Marcrvttt,
1376 5389 1489 5457 54;
1522 5409 1644 5447 mox
1675 5411 1726 5463 p.
1758 5395 1882 5455 HS.
1920 5399 1973 5453 9.

739 5453 828 5527 99)
860 5452 987 5527 line.
1016 5473 1167 5521 xvnt,
1202 5458 1307 5527 18.)

716 5523 827 5591 (99)
859 5523 1019 5580 Marc.
1058 5544 1111 5590 χ,
1138 5529 1226 5581 21.

713 5592 792 5659 (1)
826 5591 955 5647 Luc.
991 5612 1145 5660 xvm,
1169 5599 1260 5653 ‘25.

717 5662 1033 5758 (?):i:labettt
1055 5668 1167 5758 ei},
1216 5671 1481 5758 κάμηλον(
1535 5672 1947 5758 Billyus_vcrtit
1990 5696 2059 5758 m_t
2094 5682 2296 5738 chable.

2202 5682 2296 5738 ble.
2325 5683 2417 5758 Yel
2468 5684 2519 5736 in
2555 5685 2678 5738 cod.
2725 5700 2828 5758 suo
2877 5688 3108 5755 κάμιλον
3156 5686 3476 5757 reperiebat,
3520 5683 3590 5758 vel
3628 5669 3798 5758 facit???

642 5736 1010 5826 ειξξξξηξῖξηιιιξῖ
1054 5739 1132 5790 Sic
1163 5754 1260 5826 ρτο
1294 5736 1544 5811 κάμηλον
1580 5736 1863 5826 legemlqu
1914 5751 2142 5804 suadent
2184 5763 2238 5805 et
2272 5736 3699 5826 rudentem"esselaeuiio'vﬂiitonstfant:"Qua:7lectio.
3722 5736 3795 5794 “9"

644 5801 1022 5868 probabilitate
1049 5801 1280 5877 quadam
1309 5801 1411 5866 non
1440 5801 1660 5882 'cnreat:
1701 5817 1926 5887 vulg:th
1963 5801 2142 5876 tanien
2184 5801 2997 5893 ἱιὸιὶιῖιῖιὶὲέίιῖ’ἑδιῖἶτὲειέἶὲἶὶἆὲζ
