4042 6420
183 424 299 488 ς93
865 467 868 470 .
1273 414 1449 474 VITA
1485 411 1844 472 BARLAAM
1882 409 1978 470 ET
2013 411 2365 477 JOASAPH.
3336 419 3444 485 994

175 527 508 595 ἀπάγουσαν
529 527 681 598 ἡμᾶς
710 524 823 579 τῶν
844 524 1124 597 φθαρτῶν,
1155 524 1252 578 καὶ
1287 525 1398 577 τῶν
1429 525 1614 578 ἀϊδίων
1638 539 1767 592 μετ-

1885 561 1982 617 per
2007 519 2148 616 quod
2179 546 2425 599 homines
2451 549 2896 616 sempiternorum
2919 531 3186 604 honorum
3227 550 3443 618 partici-

174 619 343 687 όχους
375 617 768 689 ἐργαζομένην.

722 634 768 671 ν’
1885 653 1982 707 pes
2006 638 2318 692 redduntur.

251 711 501 774 ιΙαλαιᾶς
520 706 632 775 οὖν,
650 710 815 780 φησιν
828 711 858 764 ὁ
878 709 1134 779 ’ῐωάσαφ,
1161 709 1255 764 καλ¹
1275 707 1451 772 οὕτως
1463 707 1769 775 ἀναγκαίας

1889 706 1892 707 7
1950 725 2080 780 Cum
2119 727 2296 796 igitur,
2343 726 2519 796 inquit
2565 727 2845 797 Josaphat,
2876 737 2984 783 tam
3014 729 3232 798 antiqua
3262 737 3318 782 et
3348 741 3444 781 ne-

175 801 352 874 οὔσης
385 803 486 874 τῆς
530 803 787 875 τοιαύτης
832 802 1174 872 φιλοσοφίας,
1207 801 1326 865 πῶς
1347 802 1410 855 ού
1452 800 1640 854 πολλοὶ
1671 799 1770 872 ζη-

1879 819 2112 875 cessaris
2159 818 2466 889 huiusmodi
2498 819 2833 892 philosOphia
2865 822 2954 887 sit,
2983 820 3108 889 quid
3149 834 3322 874 causa:
3363 827 3445 872 est

173 894 338 950 λοῦσι
373 897 618 969 σήμερον
641 898 858 950 τουτονὶ
883 895 975 950 τὸν
1004 894 1150 967 βίον;

1879 909 2224 980 quamobrem
2251 912 2508 968 hodierna
2533 911 2626 968 die
2653 915 2802 982 pauci
2831 922 2937 967 stnt
2966 912 3059 982 qui
3105 911 3244 966 hanc
3277 911 3441 964 vitam

1879 1001 2192 1055 imitentur?

263 1089 328 1142 '0
369 1088 427 1142 δὲ
452 1089 630 1160 γέρων
660 1088 764 1160 ἔφη
785 1105 800 1119 ⁸
841 1088 1036 1142 Πολλοὶ
1092 1089 1190 1160 μὲν
1240 1089 1526 1161 ἐζήλωσαν
1553 1089 1648 1144 καὶ
1674 1089 1771 1162 ζη-

1951 1093 2250 1163 Respondit
2277 1109 2440 1149 senex
2467 1093 2655 1149 :Multi
2685 1095 2898 1164 quidem
2927 1108 3044 1148 eam
3076 1092 3265 1148 imitati
3298 1101 3445 1155 sunt,

176 1181 392 1247 λοῦσιν,
421 1183 473 1234 οἱ
499 1181 742 1239 πλεῖστοι
777 1181 834 1235 δὲ
867 1182 1088 1235 ὀκνοῦσι
1111 1183 1206 1236 καὶ
1249 1181 1591 1237 ἀναδύονται.
1623 1181 1768 1236 Ὀλί-

1914 1187 2245 1242 tetiainuum
2273 1188 2569 1243 imitantur.
2599 1189 2669 1242 At
2699 1189 2865 1241 multo
2896 1187 3073 1255 plures
3103 1194 3446 1249 cunctantur,
3501 1189 3509 1198 '

176 1292 268 1343 γοι
300 1275 433 1346 γὰρ,
463 1273 606 1329 καθά
637 1291 804 1346 φησιν
835 1276 864 1329 ό
910 1274 1141 1346 Κύριος,
1186 1277 1238 1329 οι
1282 1277 1383 1345 τῆς
1428 1274 1621 1344 στενῆς
1644 1274 1767 1329 ὁδοῦ

1880 1294 1941 1333 ac
1969 1295 2147 1335 moras
2174 1291 2409 1335 nectunt.
2443 1280 2600 1334 Pauci
2633 1281 2773 1333 enim
2798 1290 2941 1342 sunt,
2973 1289 3030 1331 ut
3058 1279 3133 1331 ait
3163 1277 3444 1340 Dominus,

176 1365 278 1417 καὶ
307 1364 682 1436 τεθλιμμένης
704 1364 979 1436 ὁδοιπόροι
1010 1366 1111 1439 (3),
1137 1366 1238 1437 τῆς
1270 1367 1566 1437 ἀνειμένης
1598 1367 1654 1420 δέ
1678 1365 1772 1420 καὶ

1880 1370 1967 1436 qni
1997 1385 2092 1438 per
2124 1380 2323 1424 arctam
2346 1378 2402 1424 et
2423 1379 2700 1438 angustam
2741 1369 2884 1422 viam
2917 1367 3199 1431 incedant;
3229 1368 3317 1435 qui
3349 1379 3450 1418 au-

177 1457 454 1520 πλατείας
478 1459 526 1510 οί
551 1457 775 1523 πλείους
801 1460 899 1530 (4).
930 1459 996 1513 Ol.
1037 1459 1145 1531 γὰρ
1191 1459 1448 1524 καθάπαξ
1489 1459 1594 1512 ὑπὸ
1623 1460 1773 1529 φιλο-

1883 1474 1985 1514 Iem
2012 1478 2106 1533 per
2133 1461 2344 1518 facilem
2373 1474 2427 1517 et
2454 1464 2636 1528 latam,
2667 1477 2824 1530 quam
2851 1461 3064 1531 plurimi
3089 1459 3303 1532 (Matth.
3337 1476 3445 1523 vn;

177 1551 503 1620 χρηματίας
533 1551 628 1604 καὶ
658 1551 769 1606 τῶν
797 1556 898 1626 τῆς
946 1553 1262 1624 φιληδονίας
1309 1553 1496 1608 κακῶν
1528 1553 1769 1618 ἁλόντες,

1881 1551 2008 1607 Luc.
2034 1553 2207 1622 χχιιι).
2233 1555 2364 1608 Nam
2392 1554 2480 1623 qui
2504 1555 2668 1608 semel
2693 1554 3038 1622 pecuniarum
3061 1553 3372 1622 cupiditate,
3397 1562 3451 1608 et

176 1646 245 1712 τῇ
283 1645 420 1714 κενῇ
451 1643 508 1696 δὲ
539 1642 633 1696 καὶ
678 1645 890 1716 ματαίᾳ
955 1645 1390 1716 προστετηκότες
1438 1645 1586 1718 δόξῃ,
1644 1645 1772 1698 δυσ-

1881 1649 2128 1703 vitiorum
2169 1665 2287 1718 quas
2316 1665 2381 1703 ex
2425 1648 2782 1717 voluptatibus
2811 1647 3079 1711 oriuntur,
3113 1659 3301 1700 amore
3330 1660 3448 1699 cor-

183 1738 564 1800 αποσπάστως
587 1739 768 1792 αὐτῶν
806 1740 1040 1809 ἔχουσιν,
1072 1738 1148 1802 ὡς
1179 1738 1274 1792 ἅτε
1304 1737 1518 1801 δούλους
1548 1737 1774 1800 ἐαυτοὺς

1882 1740 2040 1807 repti,
2071 1755 2326 1808 vanusque
2351 1749 2404 1793 et
2428 1739 2569 1792 inani
2610 1739 2792 1807 glorize
2822 1735 3018 1791 addicti
3063 1746 3207 1803 sunt,
3261 1735 3353 1789 vix
3381 1735 3453 1790 ab

183 1831 459 1894 ἑκουσίως
511 1833 1002 1902 ἀπεμπολήσαντες
1059 1831 1326 1902 ἀλλοτρίῳ
1366 1831 1624 1902 δεσπότῃ,
1678 1830 1774 1884 καὶ

1883 1830 2015 1900 ipsis
2059 1831 2239 1884 divelli
2275 1840 2517 1898 possunt,
2553 1839 2611 1883 nt
2641 1827 2729 1898 qui
2775 1827 2951 1883 alieno
2981 1827 3222 1892 domino,
3252 1826 3453 1894 quique

184 1923 279 1974 ἀπ’
323 1923 580 1986 ἐναντίας
623 1925 905 1995 ἱστάμενοι
945 1923 1024 1994 τῷ
1053 1923 1228 1976 ταῦτα
1260 1923 1607 1977 ἐπιτάττοντι
1631 1921 1772 1992 Θεῷ,

1883 1924 2085 1990 omnia,
2117 1933 2301 1977 contra
2345 1937 2407 1975 ac
2434 1923 2602 1988 Dens,
2626 1925 2882 1991 imperat,
2935 1929 3094 1990 atque
3139 1921 3287 1987 ipsos
3335 1928 3454 1972 tan-

184 2014 278 2066 καὶ
302 2013 524 2085 δέσμιοι
559 2015 708 2088 αύτῷ
755 2016 1136 2088 κατεχόμενοι.
1167 2015 1330 2088 Ψυχὴ
1357 2016 1465 2086 γὰρ
1511 2015 1771 2082 καθάπαξ

1884 2029 2040 2082 quam
2067 2013 2269 2068 catenis
2296 2013 2611 2083 quibusdam
2645 2015 2852 2069 vinctos
2877 2020 3045 2078 tenet,
3078 2011 3213 2065 ultra
3244 2010 3451 2079 seipsos

188 2102 518 2167 ἀπογνοῦσαι
552 2103 651 2172 τῆς
707 2105 914 2167 οίκείας
957 2095 1249 2176 σωτηρίᾶς,
1284 2103 1382 2167 τάς
1411 2104 1567 2174 ἡνίας
1604 2103 1780 2174 αὐτῆς

1887 2103 2257 2172 manciparint.
2293 2105 2515 2158 Animus
2535 2105 2762 2174 quippe,
2793 2118 2913 2157 cum
2945 2101 3109 2157 semel
3132 2101 3319 2156 salutis
3341 2116 3451 2154 sua:

188 2194 421 2247 ὲνδοῦσα
446 2197 567 2260 ταῖς
599 2196 816 2264 ἀλόγοις
840 2195 1184 2266 ἐπιθυμίαις,
1228 2195 1509 2267 πανταχοῦ
1549 2195 1778 2266 περιφέο

1889 2207 2036 2262 spem
2065 2193 2341 2261 abiecerit,
2370 2193 2605 2248 habenas
2633 2207 2758 2246 snas
2786 2191 2989 2247 aversis
3017 2206 3046 2245 a
3079 2193 3287 2245 ratione
3313 2193 3460 2259 cupi-

193 2305 365 2359 ρεται.
400 2289 496 2342 ,ὶιὰ
513 2288 670 2342 τοῦτο
695 2290 1099 2360 ὀλοφυρόμενος
1123 2292 1151 2342 ὸ
1176 2292 1472 2362 Προφήτης
1497 2289 1596 2362 τὴν
1615 2307 1779 2363 περι-

1887 2285 2142 2338 ditatibus
2171 2287 2508 2353 permittens,
2552 2299 2980 2355 quaquaversum
3009 2284 3192 2339 fertur.
3227 2284 3302 2338 Ac
3329 2297 3458 2352 pro-

193 2384 502 2454 κεχυμένην
536 2382 721 2436 ἄνοιαν
771 2386 894 2446 ταῖς
938 2382 1223 2446 τοιαύταις
1278 2382 1502 2453 ψυχαῖς,
1553 2382 1776 2452 καὶτῆς

1885 2373 2010 2430 inde
2037 2375 2298 2444 Propheta
2321 2377 2542 2432 otiosam
2628 2373 2935 2447 huiusmodi
3008 2376 3204 2434 animis
3270 2390 3457 2430 amen-

195 2475 551 2545 ὶπικειμένης
581 2475 772 2539 αὑταῖς
822 2473 1020 2545 ἀχλύος
1069 2476 1172 2545 τὴν
1207 2474 1496 2545 παχύτητα
1530 2472 1774 2544 θρηνῶν,

1886 2469 2011 2524 tiam
2041 2470 2349 2538 deplorans,
2373 2472 2715 2540 caliginisque
2735 2473 2879 2541 ipsos
2901 2474 3136 2539 urgentis
3158 2472 3455 2527 crassitiem

191 2565 378 2634 ἔλεγεν
404 2584 418 2598 ο
457 2566 579 2620 Υἱοὶ
614 2567 691 2639 (5)
721 2566 1051 2636 ἀνθρώπων,
1088 2565 1194 2628 ἕως
1219 2565 1350 2618 πότε
1386 2563 1774 2636 βαρυκάρδιοις

1886 2561 2092 2631 lugens,
2119 2561 2201 2616 his
2228 2562 2401 2616 verbis
2438 2562 2686 2616 utebatur
2714 2577 2728 2615 :
2755 2562 2874 2616 Filii
2907 2563 3206 2628 hominum,
3255 2578 3456 2632 usque-

196 2659 330 2710 ίνατί
355 2660 608 2728 ἀγαπᾶτε
640 2659 976 2732 ματαιότητα
1006 2658 1103 2712 καλ⁹
1120 2657 1332 2729 ζητεῖτε
1361 2656 1593 2728 ψεῦδοςς
1629 2659 1777 2728 Ὅτῳ

1886 2665 1993 2717 quo
2017 2649 2163 2720 gravi
2186 2649 2392 2704 corde?
2423 2660 2476 2703 ut
2502 2650 2626 2720 quid
2655 2651 2876 2719 diligitis
2907 2653 3218 2714 vanitatem.
3243 2660 3297 2706 et
3319 2667 3457 2720 quaa-

190 2765 268 2813 τις
301 2750 405 2802 καὶ
432 2750 540 2802 τῶν
570 2751 858 2821 ἡμετέρων
891 2749 1071 2818 σοφῶν
1127 2748 1484 2821 διδασκάλων,
1531 2747 1773 2816 θεολογιο

1887 2743 2006 2799 ritis
2043 2744 2416 2800 mendacium?
2443 2743 2903 2811 Quemadmodum
2929 2746 3091 2799 etiam
3122 2744 3337 2814 quidam
3369 2761 3455 2799 sa-

188 2840 438 2905 κὼτατος
473 2843 613 2912 ἀνὴρ
645 2842 743 2913 (6).
799 2841 1060 2912 συνᾴδων,
1093 2841 1184 2894 καί
1249 2818 1386 2894 τινα.
1413 2842 1545 2912 παρ’
1579 2837 1775 2893 ἑαυτοῦ

1891 2837 2125 2904 pientum
2158 2837 2530 2905 magistrorum
2563 2846 2898 2900 nostrorum,
2929 2837 3012 2891 vir
3038 2851 3219 2890 rerum
3247 2835 3455 2890 divina-

188 2932 526 3000 προστιθεὶς,
559 2934 728 3006 ἐκϐοᾷ
777 2936 944 2988 πᾶσιν
993 2934 1068 2996 ὡς
1116 2932 1176 2998 ἐξ
1205 2933 1455 2986 ἀπόπτου
1500 2933 1647 2996 τινὸς
1679 2932 1776 2986 καὶ⁵

1888 2941 2004 2979 rum
2026 2926 2406 2995 peritissimus,
2430 2926 2669 2980 eamdem
2697 2941 2815 2980 cum
2842 2925 3103 2993 Propheta
3129 2926 3453 2981 cantilenam

385 3021 729 3093 ύξμηλοτάτης
756 3023 1041 3094 περιωπῆς
1061 3023 1157 3092 (7)·
1182 3023 1302 3076 Υἱοὶ
1324 3022 1646 3094 ἀνθρώπων,
1670 3023 1776 3086 ἕως

1886 3030 2103 3080 canens,
2137 3031 2200 3070 ac
2229 3017 2468 3085 quaedam
2496 3030 2524 3068 a
2556 3015 2732 3084 scipso
2759 3013 3078 3084 adiungens,
3112 3024 3362 3085 tanquam
3387 3031 3453 3072 ex

192 3115 320 3163 ποτε
361 3111 751 3183 βαρυκάρδιοις
807 3113 947 3166 ἰνατί
1010 3115 1262 3182 ἀγαπᾶτε
1308 3113 1648 3184 ματαιότητα
1682 3114 1776 3166 καὶ

1887 3109 1991 3160 alta
2015 3107 2240 3176 quadam
2263 3119 2318 3161 et
2338 3106 2632 3162 editissima
2656 3107 2867 3173 snecula
2891 3109 3138 3163 omnibus
3159 3108 3412 3164 inclamat
3437 3127 3451 3166 :

191 3206 407 3276 ζητεῖτε
441 3207 670 3276 ψεύδος;
719 3208 878 3276 Μέγα
927 3225 978 3261 τι
1007 3208 1099 3260 τὸν
1132 3205 1367 3261 ἐνταῦθα
1409 3207 1525 3278 βίον
1554 3209 1646 3260 καὶ
1678 3205 1774 3277 τὴν

1887 3195 2007 3250 Filii
2038 3197 2339 3264 hominum,
2375 3212 2650 3267 usquequo
2677 3198 2821 3266 gravi
2855 3199 3049 3254 corde?
3080 3208 3138 3254 ut
3177 3201 3302 3268 quid
3331 3201 3454 3256 dili-

193 3258 406 3370 τρυφὴν
453 3258 548 3354 καὶ
580 3258 670 3354 τὸ⁷
703 3258 898 3374 μικρὸν
941 3297 1188 3372 δοξάριον
1229 3301 1323 3354 καὶ
1370 3258 1468 3370 την
1508 3258 1775 3371 ταπεινην

1887 3287 2010 3354 gitis
2031 3288 2340 3352 vanitatem,
2370 3296 2424 3341 et
2456 3258 2705 3354 quaeritis
2719 3289 3052 3342 mendacium
3085 3258 3260 3361 (ρεὶιι.
3283 3290 3448 3355 thv);

193 3387 514 3440 δυναστείαν
541 3390 636 3442 καὶ
672 3389 770 3460 τὴν
794 3389 1134 3462 ψευδομένην
1184 3390 1490 3460 εὐημερίαν
1521 3389 1773 3460 ὑπολαμ-

1886 3391 2132 3444 magnum
2161 3375 2405 3430 nimirum
2434 3377 2630 3444 aliquid
2665 3379 2797 3430 hanc
2824 3379 3005 3436 vitam.
3038 3390 3092 3432 et
3118 3378 3368 3448 delicias,
3397 3390 3453 3435 et

196 3479 474 3546 ϐάνοντες,
502 3481 538 3536 ἃ
573 3482 647 3554 μὴ
677 3483 784 3536 τῶν
830 3483 1064 3554 ἐχόντων
1119 3483 1320 3553 μᾶλλον
1377 3485 1525 3538 ἐστὶν
1582 3483 1614 3555 ἢ
1669 3483 1776 3536 τῶν

1886 3466 2130 3534 exiguam
2160 3465 2464 3534 gloriolam.
2490 3474 2544 3521 et
2568 3467 2878 3522 mendacem
2908 3471 3312 3537 prosperitatem
3333 3486 3453 3527 esse

193 3572 558 3637 ἐλπισάντων,
590 3573 711 3627 οὐδὲ
732 3574 936 3627 τούτων
987 3574 1188 3646 μᾶλλον
1225 3574 1258 3645 ἢ
1295 3574 1402 3629 τῶν
1448 3574 1568 3628 οὐδὲ
1609 3591 1778 3646 προσ-

1890 3559 2261 3612 existimantes
2306 3557 2492 3626 (Naz.,
2528 3574 2638 3612 ora.
2678 3560 2741 3612 de
2765 3562 2872 3613 suis
2915 3577 3015 3615 ser.
3064 3573 3110 3615 et
3155 3563 3222 3614 ad
3251 3561 3453 3617 Iulium

193 3661 568 3733 δοκησάντων,
615 3663 804 3735 ῶσπερ
853 3663 982 3734 χοῦς
1019 3664 1124 3716 ὑπὸ
1155 3665 1420 3726 λαίλαπος
1451 3664 1644 3718 ἄλλοτε
1699 3666 1778 3728 είς

1884 3647 2148 3704 Exisoten.
2170 3649 2232 3719 )?
2261 3649 2388 3716 Qua:
2415 3649 2627 3719 quidem
2661 3666 2763 3706 nou
2797 3653 2964 3722 magis
2993 3667 3174 3706 eorum
3203 3663 3326 3708 sunt
3355 3657 3443 3723 qni

193 3755 390 3818 ἄλλους
418 3756 746 3826 ριπιξόμενα
780 3756 874 3809 καὶ
923 3756 1463 3828 μεταρριπτούμενα,
1512 3757 1544 3827 ἢ
1590 3756 1779 3828 ὥσπερ

1887 3740 2134 3794 fruuntur
2159 3755 2318 3808 quam
2345 3741 2430 3809 qui
2457 3755 2517 3795 ea
2552 3741 2602 3795 in
2633 3756 2728 3811 spe
2777 3742 3108 3809 habuerunt;
3140 3761 3239 3799 nec
3267 3762 3453 3801 rursus

194 3848 404 3910 καπνὸς
436 3848 781 3922 διαρῤέοντα,
810 3847 907 3902 καὶ⁹
939 3849 1016 3912 ῶς
1067 3849 1200 3920 ὄναρ
1245 3850 1530 3915 παίζοντα,
1563 3849 1658 3903 καλ⁸
1701 3849 1779 3913 ὡς

1890 3830 2078 3884 horum
2108 3832 2274 3898 magis
2297 3846 2454 3900 quam
2479 3847 2665 3886 eorum
2692 3833 2782 3900 qui
2811 3849 2878 3887 ne
2901 3849 2961 3888 ea
2985 3836 3195 3903 quidem
3221 3852 3450 3908 unquam

196 3939 318 3992 σκιὰ
357 3939 434 4010 μὴ
472 3938 845 4010 κρατούμενα,
892 3937 1013 3992 οὔτε
1047 3940 1258 3993 ἀπόντα
1308 3939 1638 3993 δυσέλπιστα
1667 3941 1782 4003 τοῖς

1883 3929 2278 3984 exspectarunt.
2301 3929 2357 3976 et
2375 3936 2494 3988 quae
2514 3935 2618 3976 non
2645 3935 2798 3977 secus
2818 3937 2879 3978 ac
2903 3925 3072 3992 pulvis
3088 3941 3116 3979 a
3139 3928 3353 3982 turbine
3386 3928 3452 3982 ad

193 4031 249 4084 οὗ
286 4033 676 4102 κεκτημένοις,
711 4032 833 4085 οὔτε
867 4034 1110 4102 παρόντα
1149 4032 1318 4086 πιστά
1347 4035 1458 4095 τοῖς
1489 4030 1722 4102 ἔχουσιν.

1885 4011 2017 4067 alios
2033 4023 2194 4074 atque
2205 4013 2336 4067 alios
2349 4012 2572 4068 subinde
2590 4014 2898 4083 perﬂantur,
2914 4032 2975 4070 ac
2992 4018 3228 4072 vicissim
3251 4020 3455 4088 jactan-

189 4106 294 4162 ιιι,
327 4113 426 4155 aut
465 4105 599 4157 fumi
629 4105 803 4159 instar
839 4106 1106 4171 deﬂuunt,
1139 4123 1204 4162 ac
1240 4109 1383 4162 velut
1424 4109 1756 4163 insomnium
1784 4110 2030 4167 homines
2057 4111 2426 4178 ludillcanlur,
2462 4121 2516 4167 et
2555 4123 2615 4166 ut
2659 4113 2851 4166 umbra
2883 4108 3102 4163 retineri
3138 4109 3437 4172 nequeunt,

188 4205 247 4244 ac
289 4193 536 4265 denique
575 4199 646 4252 ita
691 4206 883 4253 natura
924 4211 1236 4271 comparata
1262 4210 1409 4269 sunt,
1432 4209 1490 4256 ut
1523 4218 1623 4257 nec
1643 4217 1764 4256 cum
1784 4205 2004 4270 absunt,
2028 4221 2088 4260 ea
2119 4221 2177 4260 se
2216 4206 2500 4262 habituros
2541 4221 2664 4261 esse
2700 4204 2950 4260 homines
2976 4201 3298 4269 desperent;
3334 4209 3436 4250 nec

186 4303 304 4342 cum
362 4292 581 4352 adsunt,
624 4295 1035 4363 possidentibus
1076 4307 1223 4351 certa
1273 4308 1327 4352 et
1367 4297 1584 4352 stabilia
1623 4300 1750 4354 sint.

273 4391 466 4454 Οὕτως
488 4386 580 4444 οὖν
602 4390 697 4444 τοῦ
724 4390 974 4460 Σωτῆρος
1004 4388 1410 4459 ἐντελλομένου,
1430 4386 1539 4440 τῶν
1563 4400 1779 4456 προφη-
1817 4459 1848 4463 _

1958 4394 2088 4448 Cum
2130 4393 2285 4461 igitur
2311 4392 2372 4445 ad
2415 4392 2552 4446 hunc
2599 4391 2810 4446 modum
2857 4392 3100 4448 Salvator
3147 4395 3453 4463 praecipiat,

198 4505 306 4538 ’δων
337 4500 402 4535 τε
431 4483 527 4536 καὶ
560 4459 899 4535 Ἀποστόλων
925 4481 1327 4553 κηρυττόντων,
1357 4477 1587 4532 καὶτῶν
1614 4475 1786 4546 ἁγίων

1896 4485 2168 4553 ριόρίιοιιο
2193 4493 2247 4536 et
2274 4483 2497 4552 apostoli
2526 4483 2810 4550 praedicent
2830 4527 2845 4551 ,
2871 4497 2934 4538 ac
2957 4485 3124 4540 sancti
3151 4501 3334 4543 omnes
3361 4489 3459 4544 viri

199 4578 426 4631 πάντων
452 4575 599 4646 ἔργῳ
637 4593 696 4628 τε
733 4575 828 4629 καὶ
859 4574 1004 4646 λόγῳ
1035 4574 1115 4637 είς
1156 4573 1256 4644 τὴν
1288 4572 1388 4643 τῆς
1418 4571 1620 4641 ἀρετῆς
1666 4587 1790 4623 συν-

1893 4587 2004 4631 tum
2034 4593 2091 4630 re
2121 4576 2255 4642 ipsa,
2281 4585 2388 4628 tum
2425 4590 2670 4629 sermone
2698 4576 2763 4630 ad
2801 4575 3011 4632 virtutis
3039 4579 3177 4632 viam
3217 4580 3284 4634 ab
3313 4584 3458 4638 omni

199 4667 494 4722 ωθούντων
540 4669 691 4737 ἡμᾶς
750 4665 1164 4735 ἀπλανεστάτην
1205 4665 1341 4726 ὁδὸν,
1381 4662 1484 4717 κᾶν
1516 4661 1687 4728 ὀλίγοι
1739 4662 1788 4713 οἱ

1893 4684 2074 4727 errore
2125 4668 2355 4722 maxime
2405 4669 2692 4722 immunem
2749 4683 2846 4724 nos
2899 4669 3200 4739 impellant,
3249 4673 3459 4730 etiamsi

201 4760 416 4829 ταύτην
445 4758 746 4822 ὁδεύοντες,
777 4758 1000 4821 πλείους
1035 4757 1092 4810 δέ
1134 4759 1183 4810 οἱ
1219 4756 1318 4826 τὴν
1346 4753 1662 4826 εὐρύχωρον
1695 4751 1792 4805 καὶ

1896 4761 2046 4830 pauci
2077 4759 2212 4813 hanc
2241 4767 2486 4822 teneant,
2511 4769 2693 4813 contra
2723 4771 2899 4816 autem
2933 4762 3081 4816 multi
3109 4763 3268 4817 latam
3297 4774 3458 4833 atque

202 4852 344 4917 πρὸς
376 4851 652 4905 ἀπώλειαν
674 4851 914 4918 ἄγουσαν
933 4849 1341 4921 προκρίνοντες,
1369 4847 1469 4900 οὐκ
1501 4847 1566 4899 ἐκ
1597 4843 1787 4898 τούτου

1895 4851 1949 4907 in
1977 4851 2194 4906 exitium
2237 4853 2514 4904 ducentem
2555 4849 2654 4903 sibi
2697 4851 2958 4921 deligant,
2990 4868 3091 4908 non
3126 4864 3298 4909 tamen
3331 4871 3458 4925 pro-

201 4946 236 5014 ἡ
263 4943 513 4997 πολιτεία
545 4944 644 5012 τῆς
689 4941 875 4995 ἐνθέου
918 4941 1122 5012 ταύτης
1167 4937 1784 5011 κατασμικρυνθήσεται

1895 4954 2075 5012 pterea
2102 4940 2291 4995 divinae
2321 4941 2475 5008 hujus
2505 4941 2854 5010 philosophiae
2899 4945 3195 4998 institutum
3236 4949 3463 5004 minoris

201 5037 546 5106 φιλοσοφίας,
573 5035 730 5095 ἀλλὰ.
755 5034 1009 5106 καθάπερ
1034 5035 1062 5088 ὁ
1080 5035 1250 5106 ἥλιος,
1278 5034 1358 5096 είς
1388 5031 1588 5103 φαῦσιν
1617 5031 1782 5083 πᾶσιν

1895 5032 2260 5090 αδδιὶηιοιιὰιιιη
2283 5041 2382 5085 est.
2410 5031 2477 5086 Ut
2500 5031 2638 5085 enim
2663 5032 2776 5098 sol,
2803 5049 2922 5089 cttm
2952 5035 3279 5092 illuminandi
3303 5052 3461 5095 causa

202 5127 535 5191 ἀνατέλλων,
569 5126 819 5195 ἀφθόνως
846 5126 1014 5179 αὑτοῦ
1063 5125 1161 5190 τὰς
1191 5126 1418 5187 ἀκτῖνας
1461 5122 1784 5195 προπέμπει

1899 5126 2152 5181 exoriens
2193 5123 2370 5178 radios
2413 5137 2538 5177 suos
2581 5123 2859 5180 afﬂuenter
2893 5128 3132 5192 emittat,
3171 5145 3463 5200 omnesque

203 5220 415 5284 πάντας
440 5220 770 5290 φωτίζεσθαι
795 5219 1261 5290 προτρεπόμενος,
1287 5217 1429 5272 οὕτω
1448 5217 1544 5270 καὶ
1573 5217 1608 5288 ἡ
1653 5216 1785 5288 ἀληο

1898 5219 1963 5270 ad
1993 5213 2360 5280 excipiendum
2389 5214 2565 5266 lumen
2595 5216 2922 5280 colmrletur,
2953 5218 2995 5272 si
3025 5219 3236 5288 quidam
3267 5221 3465 5276 clausis

204 5311 303 5384 θὴς
347 5313 636 5383 φιλοσοφία
666 5313 794 5377 τοὺς
817 5313 991 5382 αὐτῆς
1039 5311 1276 5382 ἐραστὰς
1308 5311 1458 5382 ἡλίου
1486 5309 1643 5379 δίκην
1668 5326 1781 5379 (pm.

1900 5309 2071 5363 oculis
2093 5305 2428 5375 splendorem
2457 5305 2618 5372 ipsius
2649 5307 2840 5360 intueri
2864 5307 3060 5374 nolint,
3092 5325 3196 5362 non
3229 5321 3469 5378 promer-

287 5446 358 5570 (τὲ)
389 5447 582 5502 Matth.
619 5464 719 5570 ξιιὲ
748 5448 856 5502 13:
891 5446 1059 5518 Στενὴ
1099 5448 1132 5517 ἡ
1170 5445 1337 5518 πύλη,
1373 5449 1467 5500 καὶ
1511 5445 1844 5517 τεθλιμμένη
1875 5446 1908 5517 ἡ
1944 5443 2063 5508 ὁδὸς
2092 5444 2127 5515 ἡ
2157 5443 2448 5513 ἀπάγουσα
2472 5443 2552 5506 είς
2578 5439 2677 5513 τὴν
2721 5437 2890 5511 ζωὴν,
2917 5436 3013 5491 καὶ
3047 5433 3216 5505 ὀλίγοι
3249 5434 3389 5491 εἰσιν
3415 5435 3467 5490 οι

287 5536 307 5570 9
335 5535 552 5570 σκοντες
582 5535 683 5570 αυτ
725 5537 774 5570 ν.

211 5519 552 5579 εὑρίσκοντες
582 5519 774 5579 αὐτήν.

283 5520 805 5657 ῗὶῖκῶᾚῗῇοαεᾶᾕΐῖ
837 5607 849 5642 :
880 5588 1118 5643 Πλατεῖα
1146 5588 1181 5658 ἠ
1205 5586 1368 5658 πύλη,
1399 5587 1493 5641 καὶ
1517 5585 1828 5658 εὐρύχωρος
1856 5586 2030 5658 ήὸδδς
2061 5585 2094 5656 ἡ
2127 5585 2420 5655 ἀπάγουσα
2451 5585 2528 5648 είς
2549 5583 2648 5653 τὴν
2671 5579 2967 5648 ἀπώλειαν,
3000 5577 3094 5633 καὶ
3123 5575 3310 5631 πολλοί
3332 5576 3471 5632 siem

211 5659 257 5711 oi
287 5659 656 5731 eiusfxdpevo'.
679 5659 756 5731 δι’
783 5661 972 5731 αὐτῆς.

283 5728 357 5797 (5)
389 5728 533 5783 Ρεειί.
563 5745 636 5793 tv,
672 5729 728 5783 9..

283 5801 361 5870 (6)
390 5797 553 5870 Greg.
591 5799 723 5854 Nat.
750 5812 889 5856 orat.
925 5798 983 5859 9.
1024 5815 1076 5868 p.
1112 5799 1234 5854 151.

286 5867 364 5940 (7)
391 5871 464 5926 De
493 5867 771 5928 locutione
808 5871 917 5927 vid.
957 5867 1156 5926 Hasius
1181 5872 1247 5926 ad
1275 5867 1512 5928 Leonem
1554 5869 1699 5926 Diac.
1730 5886 1782 5940 ιι.
1815 5867 1941 5922 913.
