4042 6428
523 408 630 474 995

1880 397 1924 453 Λ
1933 390 2231 456 DDENDA
2244 440 2257 452 .

3662 382 3773 447 996

511 536 574 574 ea
619 511 1085 588 reprehensionem
1121 520 1377 574 meretur,
1406 520 1496 565 ant
1543 526 1572 564 a
1621 511 1841 583 reliquis
1881 514 2070 583 negligi

2194 501 2437 571 ταγωγεῖ
2458 499 2554 555 καὶ
2577 496 2906 571 περιθάλπει
2936 495 3031 550 καὶ
3055 493 3343 565 λαμπροὺς
3372 491 3783 588 ἀποδείκνυσινέ

516 612 704 673 debet,
736 620 835 660 nec
862 602 1163 671 splendoris
1195 602 1360 669 ipsius
1383 604 1545 671 gloria
1572 603 1640 657 ob
1664 602 1872 658 illorum
1902 605 2078 659 stulti-

515 702 641 755 tiatn
674 698 725 751 in
753 701 1057 761 contemptu
1102 701 1371 756 versatur;
1404 695 1528 761 quin
1560 694 1731 760 potius
1757 694 1832 748 illi
1860 695 2073 760 quidem

514 792 720 859 seipsos
769 785 969 841 lumine
1010 782 1288 847 orbantes,
1340 794 1586 853 tanquam
1635 786 1798 848 ca'ci,
1850 787 2081 854 parietes

517 882 760 951 palpavit.
789 884 947 945 atque
975 873 1026 927 in
1057 873 1250 926 multas
1293 875 1508 929 scrobes
1557 877 1858 943 praecipites
1886 887 2043 929 ruunt
2064 916 2080 939 ,

520 974 807 1038 multisque
836 966 1004 1036 spinis
1032 980 1215 1019 eorum
1247 967 1387 1020 oculi
1429 981 1759 1037 punguntur;
1789 970 1869 1021 sol
1895 978 2079 1020 contra

524 1065 861 1135 splendorem
890 1073 1043 1115 suum
1092 1059 1353 1127 retinens,
1385 1076 1480 1114 eos
1524 1062 1755 1114 illustrat
1792 1061 1882 1127 qui
1927 1059 2095 1124 ipsius

510 1158 689 1210 lumen
719 1157 931 1211 detecta
962 1153 1094 1208 facie
1121 1161 1478 1207 contuentur:
1505 1150 1571 1204 ad
1600 1149 1845 1207 eumdem
1870 1161 2083 1217 quoque

512 1250 730 1302 modum
755 1247 955 1301 Christi
984 1247 1160 1299 lumen
1185 1244 1429 1298 omnibus
1451 1241 1663 1310 quidem
1690 1239 1893 1303 illucet,
1916 1238 2083 1308 spien-

512 1344 801 1410 doremque
842 1355 998 1394 suum
1029 1339 1179 1393 nobis
1208 1336 1405 1391 affatim
1438 1334 1698 1402 impertit;
1729 1342 1784 1386 at
1811 1344 1939 1386 vero
1986 1346 2084 1400 pro

514 1448 611 1488 sua
658 1437 885 1504 quisque
932 1431 1222 1497 cupiditate
1274 1427 1542 1496 animique
1587 1424 1863 1479 alacritate
1908 1423 2083 1493 ipsum

518 1527 766 1597 percipit.
794 1525 925 1580 Nam
956 1538 1059 1579 nec
1097 1522 1189 1576 ille
1230 1519 1450 1589 iustitiae
1492 1517 1575 1573 sol
1605 1517 1766 1571 ullum
1793 1530 1859 1571 ex
1887 1514 1970 1569 his
1995 1514 2084 1582 qui

518 1620 791 1673 oculorum
813 1619 981 1672 aciem
1010 1617 1061 1670 in
1090 1616 1264 1682 ipsum
1289 1611 1561 1667 intendere
1584 1610 1802 1677 cupiunt
1826 1609 2085 1663 beneficio

520 1726 585 1765 eo
628 1709 831 1779 privat.
874 1721 971 1760 nec
1018 1718 1230 1759 rursum
1279 1702 1362 1756 his
1404 1701 1511 1754 vim
1555 1699 1716 1753 infert
1763 1712 1850 1766 qut
1903 1706 2090 1763 suapte

2196 597 2257 647 Ei
2272 594 2328 647 δέ
2349 609 2516 656 τινες,
2545 590 2814 661 μύσαντες
2830 590 2958 652 τοὺς
2973 587 3312 657 ὀφθαλμοὺς,
3334 584 3577 638 κατιδεῖν
3605 580 3782 635 αὐτοῦ

2194 685 2256 739 τδ
2274 686 2477 754 φέγγος
2504 683 2566 736 ού
2592 682 2935 753 θελήσουσιν,
2965 678 3089 733 οὔτε
3123 696 3189 749 με
3198 677 3403 748 μπτέος
3433 675 3589 745 παρά
3618 673 3787 726 τοῦτο

2193 780 2224 831 6
2261 778 2436 848 ἥλιος,
2465 775 2593 829 οῦτε
2641 778 2755 838 τοῖς
2789 775 2999 836 λοιποῖς
3054 770 3388 842 παροπτέος,
3437 768 3565 822 οὕτε
3606 769 3719 839 μὴν
3746 772 3783 837 ἡ

2194 868 2323 933 δόξα
2354 870 2453 939 τῆς
2474 867 2639 920 αὐτοῦ
2666 866 3053 937 λαμπρότητος
3086 864 3175 917 διὰ
3195 862 3291 932 τῆς
3319 862 3544 914 ἐκείνων
3567 861 3779 930 ἀτιμα-

2197 962 2457 1034 σθήσεται
2502 959 2871 1031 ἀϐελτηρίας·
2908 958 3061 1027 131
3122 955 3237 1009 ἀλλ’
3276 956 3477 1008 ἐκεῖνοι
3531 954 3635 1023 μέν
3682 952 3784 1005 τοῦ

2195 1048 2374 1119 φωτὸς
2401 1049 2631 1111 ἐαυτοὺς
2662 1047 3159 1117 ἀποστερήσαντες,
3194 1045 3270 1107 ὼς
3297 1044 3489 1111 τυφλοὶ
3513 1043 3781 1113 ψηλαφή-

2196 1156 2350 1192 σουσι
2375 1140 2579 1209 τοῖχον,
2620 1136 2842 1201 πολλοῖς
2892 1137 2951 1191 δὲ
2988 1135 3359 1207 ἐμπεσοῦνται
3416 1135 3655 1205 βόθροις,
3682 1135 3787 1187 καὶ

2194 1230 2415 1293 πολλαῖς
2466 1229 2957 1300 ἐκκεντηθήσονται
3012 1228 3111 1292 τὰς
3141 1226 3293 1298 ὄψεις
3342 1227 3625 1290 ἀκάνθαις.
3657 1228 3687 1278 ὁ
3719 1226 3783 1278 δὲ

2190 1322 2345 1394 ἥλιος
2377 1321 2471 1374 ἐπὶ
2499 1320 2601 1391 τῆς
2649 1320 2787 1384 ἰδίας
2823 1321 3114 1390 ἱστάμενος
3156 1320 3542 1390 λαμπρότητος
3572 1319 3787 1387 φωτιεῖ

2192 1417 2318 1474 τοὺς
2368 1412 2881 1485 ἀνακεκαλυμμένῳ
2922 1411 3202 1484 προσώπῳ
3245 1413 3307 1465 τὸ
3345 1413 3554 1483 φέγγος
3602 1411 3785 1465 αὑτοῦ

2193 1503 2732 1577 κατοπτριζομένους
2761 1504 2861 1575 (8).
2899 1505 3004 1557 Τὸν
3056 1504 3221 1556 αὑτὸν
3250 1503 3314 1574 δὴ
3339 1504 3540 1574 τρόπον
3580 1505 3678 1556 καὶ
3720 1502 3789 1553 τὸ

2191 1595 2286 1650 τοῦ
2318 1595 2557 1665 Χριστοῦ
2594 1596 2711 1665 φῶς
2757 1596 2938 1665 φαίνει
2972 1595 3072 1665 μὲν
3102 1597 3239 1649 πᾶσι
3275 1594 3568 1658 πλουσίως,
3603 1611 3783 1665 μετα-

2190 1688 2331 1741 διδὺν
2352 1689 2487 1757 ἡμῖν
2502 1688 2600 1758 τῆς
2632 1688 2797 1742 αὐτοῦ
2822 1687 3168 1758 λαμπηδόνος
3191 1702 3203 1715 ·
3229 1686 3446 1757 μετέχει
3469 1686 3525 1739 δὲ
3544 1686 3784 1748 ἕκαστος

519 1775 712 1868 sponte
740 1798 983 1853 tenebras
1007 1796 1237 1863 eligunt;
1272 1807 1452 1846 verum
1482 1806 1595 1844 sure
1643 1790 1866 1859 quisque
1910 1788 2070 1843 libera

2194 1781 2315 1833 καθ’
2364 1781 2488 1833 ὅσον
2521 1779 2763 1849 ἐφέσεως
2817 1778 2931 1848 ἔχει
2968 1777 3064 1831 καὶ
3100 1777 3445 1848 προθυμίας*
3502 1775 3627 1828 οὔτε
3666 1776 3784 1868 γὰρ

523 1866 779 1943 voluntati
809 1896 863 1941 et
888 1883 1169 1948 electioni,
1198 1881 1429 1951 quandiu
1478 1880 1534 1933 in
1578 1877 1677 1933 hac
1706 1878 1812 1932 vita
1851 1886 1964 1940 est.
2002 1891 2070 1931 rei

2192 1874 2493 1943 ἀποστερεῖ
2530 1890 2653 1926 τινα
2683 1872 2793 1925 τῶν
2828 1871 3171 1942 βουλομένων
3197 1870 3349 1942 αὐτῷ
3392 1868 3728 1933 ἐνατενίζειν
3754 1867 3786 1919 6

526 1977 799 2048 linquitur.

2199 1965 2348 2035 ἥλιος
2380 1964 2483 2035 τῆς
2527 1964 2879 2035 δικαιοσύνης
2902 1965 3003 2034 (9),
3050 1963 3175 2017 οὔτε
3218 1963 3323 2035 μὴν
3349 1962 3596 2033 βιάζεται
3648 1960 3785 2021 τοῦς

521 2072 785 2135 ἑκουσίως
830 2069 892 2122 τὸ
952 2068 1146 2133 σκότος
1195 2063 1615 2137 ἐκλεγομένους·
1680 2061 1818 2116 ἀλλὰ
1868 2063 1934 2132 τῇ
1986 2061 2091 2134 ἰδίᾳ
2126 2058 2356 2126 ἕκαστος
2427 2064 2647 2131 ἐφεῖται
2689 2060 3024 2132 αὑτεξουσίῳ
3071 2060 3409 2132 προαιρέσει,
3471 2059 3577 2122 ἕως
3612 2059 3673 2111 ἐν
3701 2054 3784 2125 τῷ

521 2167 753 2236 παρόντι
780 2164 879 2234 βίῳ
912 2163 1051 2217 ἐστί.

573 2252 704 2304 Cum
732 2266 911 2306 autem
941 2253 1195 2321 Jusapbat
1220 2255 1468 2325 quidnam
1500 2257 1702 2312 arbitrii
1744 2259 1960 2314 libertas
1985 2270 2073 2314 at-

502 2360 605 2411 que
628 2346 819 2400 electio
842 2355 984 2400 esset
1008 2330 1302 2415 quaereret,
1325 2349 1599 2417 respondit
1626 2366 1788 2407 senex
1813 2368 1829 2406 :
1855 2353 2071 2407 Arliitrii

504 2436 722 2491 libertas
748 2445 831 2491 est
858 2437 1049 2491 anima:
1080 2439 1283 2495 ratione
1310 2440 1506 2494 utentis
1532 2442 1795 2505 voluntas,
1818 2442 1934 2498 sine
1961 2443 2072 2497 ullo

503 2527 885 2596 impedimento
910 2528 975 2581 ad
1005 2531 1058 2582 id
1089 2531 1227 2598 quod
1257 2536 1397 2594 vnlt,
1432 2533 1532 2587 hoc
1578 2542 1661 2587 est
1697 2535 1815 2588 sive
1852 2535 1917 2587 ad
1958 2534 2073 2588 vir-

502 2626 698 2679 tutem,
732 2619 845 2673 sive
886 2620 953 2673 ad
983 2621 1197 2687 vitium,
1228 2620 1464 2689 incitata,
1495 2631 1653 2691 atque
1682 2640 1713 2677 a
1746 2639 1953 2678 summo
1981 2624 2074 2678 illo

503 2720 723 2775 parente
763 2718 818 2764 et
854 2710 1146 2765 architecto
1185 2712 1252 2765 ita
1298 2712 1505 2766 effecta.
1558 2713 1816 2777 llursum,
1848 2715 2069 2769 Arbitrii

509 2797 723 2852 libertas
751 2810 831 2853 est
879 2800 1250 2855 intellectualis
1292 2804 1486 2858 animae
1533 2818 1628 2872 pro
1669 2819 1767 2858 suo
1812 2806 2071 2861 arbitratu

505 2888 746 2958 agitatio.
778 2889 982 2944 Electio
1016 2901 1192 2946 autem
1221 2900 1303 2947 est
1328 2908 1511 2948 earnm
1549 2909 1723 2949 rerum
1753 2910 1872 2963 quae
1900 2896 1952 2950 in
1980 2912 2067 2950 ar-
2104 2896 2117 2909 '

506 2982 667 3035 bitrio
694 2993 876 3036 nostro
904 2985 1020 3037 sita:
1048 2992 1202 3050 sunt,
1235 2999 1355 3039 cum
1386 2987 1608 3041 consilio
1656 2987 1934 3056 conjuncta
1972 3003 2071 3057 ap-

506 3072 711 3140 petitio.
746 3072 1016 3142 Siquidem
1044 3088 1155 3127 rem
1185 3090 1300 3128 eam
1327 3092 1445 3143 qua:
1477 3076 1604 3129 inito
1627 3077 1856 3131 consilio
1880 3079 2071 3133 melior

500 3164 734 3231 iudicata
763 3178 873 3229 est,
904 3167 1161 3237 eligentes
1209 3169 1524 3235 appetimus.
1554 3167 1844 3224 Consilium
1877 3181 1960 3225 est
1989 3173 2070 3225 in-

505 3255 814 3324 vestigatrix
864 3257 1119 3323 appetitio
1171 3257 1239 3312 de
1301 3259 1460 3312 rebus
1513 3260 1796 3328 gerendis,
1844 3276 2067 3326 quarum

505 3363 667 3414 penes
692 3363 787 3403 nos
817 3359 1053 3418 potestas
1081 3359 1178 3404 est.
1211 3350 1476 3404 Deliberat
1504 3352 1646 3405 enim
1677 3353 1938 3421 quispiam
1969 3368 2069 3407 ex-

501 3437 747 3506 pediatne
788 3440 984 3509 aliquid
1028 3456 1217 3510 agere,
1253 3457 1439 3496 necne.
1481 3443 1697 3507 Deinde,
1739 3443 1879 3512 quod
1928 3459 2067 3513 pra:-

501 3530 727 3583 stantius
757 3539 872 3594 est,
900 3532 1134 3599 judicat,
1166 3547 1231 3585 ac
1254 3533 1509 3601 judicium
1548 3534 1794 3589 efficitur.
1830 3536 1945 3590 Mox
1976 3551 2068 3589 att-

503 3632 607 3673 tem
650 3621 899 3687 afficitur,
943 3632 1100 3692 atque
1145 3624 1197 3677 id
1241 3624 1381 3693 quod
1409 3639 1475 3679 ex
1511 3627 1732 3681 consilio
1773 3625 2065 3696 judicatutu

499 3721 610 3775 est,
643 3723 816 3777 amat,
846 3728 909 3767 ac
932 3714 1191 3769 sententia
1219 3718 1429 3771 dicitur.
1458 3717 1588 3771 Nam
1617 3720 1660 3772 si
1690 3719 1760 3772 ita
1783 3719 1980 3786 judicet
2008 3730 2064 3775 ut

501 3814 675 3858 tamen
703 3820 826 3873 erga
852 3805 902 3859 id
929 3807 1070 3875 quod
1091 3808 1380 3875 judtcatum
1408 3819 1516 3872 est,
1546 3811 1764 3865 minime
1783 3810 2061 3877 afficiatur,

499 3900 602 3951 hoc
643 3909 758 3961 est,
793 3899 842 3953 id
891 3900 1108 3955 minime
1151 3911 1317 3974 amet,
1350 3903 1611 3957 sententia
1658 3903 2062 3974 haudquaquam

499 3990 812 4058 appellatur.
844 3992 975 4044 'l'um
1030 4001 1147 4059 post
1189 3972 1526 4047 affectionem
1571 3995 1626 4049 fit
1672 3995 1882 4050 electio.
1922 3972 2061 4051 Nam

498 4082 686 4135 e:ecrio
715 4081 844 4136 nihil
888 4084 1028 4137 aliud
1069 4095 1153 4139 est
1194 4101 1350 4155 quam
1381 4101 1412 4141 e
1440 4087 1646 4141 duabus
1677 4088 1834 4145 rebus
1862 4104 2059 4158 propo-

495 4173 610 4228 sitis
637 4175 855 4231 alteram
907 4193 1015 4246 pra:
1052 4179 1215 4232 altera
1260 4179 1507 4248 amplecti
1550 4189 1605 4235 et
1643 4181 1860 4249 eligere.
1890 4183 2062 4252 Atque

493 4265 618 4319 illud
646 4267 726 4320 vel
756 4282 818 4319 ex
849 4268 958 4335 ipsa
988 4269 1307 4339 etymologia
1339 4272 1671 4338 perspicuum
1699 4282 1813 4338 est,
1845 4273 2060 4328 electio-

494 4370 614 4407 nem
646 4369 765 4410 esse
793 4358 1071 4411 consilium
1111 4372 1231 4413 cum
1273 4358 1646 4427 dijudicatione
1688 4364 2053 4431 conjunctntn.

491 4448 787 4520 Προαιρετὸν
838 4449 979 4501 enim
1028 4458 1111 4503 est
1158 4450 1382 4505 alterum
1438 4465 1546 4519 pra:
1593 4453 1758 4507 altero
1804 4454 2052 4507 electum.

492 4537 660 4590 Nemo
704 4552 866 4606 porro
903 4540 1186 4608 quidquam
1229 4542 1463 4596 adhibito
1500 4545 1698 4613 judicio
1725 4546 1874 4600 alteri
1916 4562 2054 4615 pra:-

492 4627 625 4692 fert,
657 4628 757 4681 nisi
791 4628 938 4698 prius
968 4632 1246 4685 consilium
1276 4633 1484 4699 inierit;
1515 4650 1612 4689 nec
1641 4651 1847 4690 rursum
1875 4638 2053 4708 eligit,

490 4720 589 4773 nisi
622 4719 765 4788 prius
790 4722 1059 4787 iudicarit.
1083 4724 1211 4777 Nam
1240 4726 1484 4794 quoniam
1518 4744 1621 4783 non
1650 4746 1710 4784 ea
1734 4730 1906 4784 omnia
1933 4746 2054 4799 qua)

489 4811 644 4866 nobis
674 4822 817 4868 recta
845 4824 898 4869 et
927 4816 1179 4885 praeclara
1205 4832 1323 4873 esse
1352 4821 1595 4874 videntur
1617 4822 1668 4874 in
1696 4836 1828 4891 Opus
1860 4824 2051 4888 pcrdit-

507 4918 633 4957 cere
678 4905 983 4968 studemus,
1039 4916 1150 4959 tum
1206 4909 1436 4979 denique
1501 4915 1694 4967 electio
1746 4924 1800 4969 et
1864 4916 2071 4986 eligen-

504 4994 633 5047 dum
670 4994 898 5048 ellicitnr
944 4995 996 5049 id
1034 4999 1177 5066 quod
1214 5016 1279 5053 ex
1312 5004 1542 5056 consilio
1585 5008 1923 5073 propositum
1962 5019 2067 5075 est,

502 5099 627 5136 cum
670 5087 1054 5154 appetitionem
1091 5092 1349 5145 comitem
1378 5093 1656 5148 asciverit.
1686 5095 1762 5150 Ex
1796 5115 1908 5168 quo
1935 5115 2069 5154 con-

499 5175 741 5229 cluditur
791 5177 1112 5233 electionem
1170 5196 1294 5236 esse
1351 5186 1737 5251 appetitionem
1789 5204 1912 5243 cum
1968 5191 2066 5245 de-

500 5267 818 5322 liberatione
881 5270 1232 5339 conjunctam
1300 5288 1491 5328 earum
1566 5292 1749 5333 rerum
1810 5295 1933 5349 qua:
1999 5281 2056 5337 in

568 5468 643 5531 (8)
677 5471 830 5527 C0ttl'.
856 5489 909 5541 p.
948 5472 1037 5534 61,
1062 5488 1116 5524 n.
1151 5470 1242 5524 55.

567 5542 661 5608 (9i
680 5541 907 5595 Mstlaclt.
942 5557 1016 5604 tv,
1050 5541 1104 5594 2.

2252 2241 2361 2296 Τοῦ
2387 2242 2446 2296 δὲ
2489 2243 2731 2312 Ἰωάσαφ
2765 2240 3072 2312 πυθομένου
3105 2239 3159 2293 τί
3197 2240 3260 2294 τὸ
3295 2239 3644 2304 αὐτεξούσιον
3672 2243 3772 2294 καὶ

2124 2356 2127 2359 λ
2182 2335 2237 2389 τί
2265 2335 2609 2406 προαίρεσις,
2662 2334 2828 2404 φησὶν
2858 2334 2888 2386 ὁ
2927 2332 3107 2403 γέρων
3132 2348 3147 2361 ·
3184 2330 3609 2400 Αύτεξουσιότης
3641 2332 3758 2399 (10)

2186 2426 2285 2499 μέν
2312 2429 2432 2480 ἐστι
2463 2426 2639 2496 ψυχῆς
2689 2424 2918 2493 λογικῆς
2957 2423 3148 2493 θέλησι
3168 2439 3219 2485 ς,
3249 2422 3551 2485 ἀκωλύτως
3586 2440 3775 2475 κινουο

2188 2520 2324 2592 μένη
2352 2520 2486 2591 πρὸς
2517 2521 2653 2589 ὅπερ
2678 2519 2744 2572 ἂν
2767 2516 3030 2588 βούλοιτο,
3062 2517 3170 2569 εἴτε
3195 2514 3395 2585 ἀρετὴν
3414 2514 3526 2567 εἴτε
3549 2515 3775 2577 κακίαν,

2193 2611 2366 2673 οὕτως
2395 2610 2501 2664 ὑπὸ
2520 2609 2614 2663 τοῦ
2637 2607 2981 2679 Δημιουργοῦ
3005 2608 3320 2678 γενομένης.
3350 2606 3775 2675 Αύτεξουσιὸτης

2195 2703 2353 2767 αὖθίς
2382 2705 2498 2757 ἐστι
2536 2705 2728 2773 νοερᾶς
2746 2702 2924 2773 ψυχῆς
2941 2701 3153 2772 κίνησις
3172 2702 3539 2771 αὐτοκρατὴς.
3572 2703 3776 2770 [1902i-

2193 2815 2341 2870 ρεσις
2392 2796 2447 2849 δέ
2505 2795 2654 2848 ἐστιν
2701 2794 2880 2864 ὄρεξις
2918 2792 3238 2864 βουλευτική
3270 2792 3379 2844 τῶν
3408 2791 3491 2860 ἐφ’
3539 2793 3698 2862 ἡμῖν,
3742 2792 3774 2862 ἦ

2196 2891 2478 2961 βούλευσις
2512 2888 2771 2958 όρεκτικὴ
2797 2885 2908 2939 τῶν
2936 2886 3020 2954 ἐφ’
3050 2887 3184 2956 ἡμῖν
3210 2902 3223 2915 ·
3258 2884 3352 2937 τοῦ
3385 2884 3494 2955 γὰρ
3538 2902 3776 2956 προκρι-

2193 2984 2378 3045 θέντος
2407 2984 2470 3035 ἐκ
2487 2984 2584 3053 τῆς
2607 2979 2806 3051 βουλῆς
2831 2978 3097 3049 ἐφιέμεθα
3120 2976 3569 3049 προαιρούμενοι.
3598 2976 3775 3045 Βουλῆ

2188 3076 2245 3130 δέ
2278 3076 2426 3127 ἐστιν
2447 3073 2629 3145 ὄρεξις
2658 3071 2926 3143 ζητητικὴ
2957 3072 3089 3140 περὶ
3117 3070 3225 3122 τῶν
3265 3071 3348 3139 ἐφ’
3375 3071 3510 3139 ἡμῖν
3545 3085 3777 3139 πρακτι-

2115 3148 2158 3208 C
2193 3166 2302 3220 κῶν
2337 3166 2598 3236 γινομένη
2623 3182 2635 3194 ·
2669 3163 2983 3235 βουλεύεται
3018 3164 3127 3235 γάρ
3170 3180 3275 3227 τις,
3307 3164 3355 3216 εί
3391 3162 3593 3233 ὤφειλε
3644 3180 3775 3232 μετ-

2189 3260 2362 3313 ελθεῖν
2394 3260 2455 3313 τὸ
2485 3259 2773 3330 πρᾶγμαῆ
2804 3258 2888 3313 οῦ.
2913 3254 3048 3312 Εἶτα
3081 3257 3257 3328 κρίνει
3278 3258 3338 3310 τὸ
3373 3263 3644 3327 κρεῖττον,
3677 3259 3774 3309 καὶ

2187 3356 2397 3423 γίνεται
2422 3355 2626 3425 κρίσις.
2660 3348 2794 3405 Εἶτα
2816 3352 3119 3405 διατίθεται
3150 3350 3247 3403 καὶ
3270 3352 3462 3421 ἀγαπᾷ
3494 3350 3557 3403 τὸ
3575 3352 3640 3402 ἐκ
3670 3350 3771 3419 τῆς

2188 3444 2386 3514 βουλῆς
2413 3444 2621 3515 κριθέν,
2654 3444 2746 3497 καὶ
2792 3442 3012 3511 λέγεται
3044 3440 3273 3512 γνώμηο
3312 3442 3408 3494 ἐὰν
3443 3442 3551 3512 γὰρ
3580 3442 3767 3513 κρίνῃ,

2186 3537 2279 3590 καὶ
2321 3536 2394 3608 μὴ
2432 3536 2651 3606 διατεθῇ
2701 3537 2855 3606 132
2888 3535 3025 3606 πρὸς
3070 3536 3134 3609 τὸ
3167 3534 3374 3605 κριθὲν,
3416 3534 3582 3604 1ἤγουν
3624 3535 3770 3599 ἀγαο

2185 3630 2336 3700 πήσῃ
2365 3630 2518 3693 αὐτὸ,
2554 3631 2615 3682 οὐ
2646 3630 2862 3696 λέγεται
2906 3628 3121 3698 γνώμη.
3173 3624 3305 3680 Εἶτα
3343 3628 3482 3697 μετὰ
3506 3627 3597 3697 τὴν
3642 3627 3769 3678 διά-

2186 3719 2356 3786 θεσιν,
2382 3721 2592 3789 γίνεται
2628 3720 2970 3791 προαίρεσις,
2998 3721 3165 3790 ἤγουν
3191 3718 3419 3789 ἐπιλογὴ
3448 3735 3461 3746 ·
3499 3719 3767 3789 προαίρε-

2186 3831 2270 3878 σις
2306 3814 2415 3883 γάρ
2459 3815 2575 3866 ἐστι
2604 3812 2697 3865 δύο
2734 3812 3114 3883 προκειμένων
3147 3813 3210 3865 τὸ
3265 3811 3322 3863 ἓν
3353 3811 3634 3881 αἱρεῖσθαι
3669 3812 3769 3862 καὶ

2182 3907 2503 3975 ἐκλέγεσθαι
2529 3906 2689 3960 τοῦτο
2716 3906 2824 3978 πρὸ
2842 3905 2935 3959 τοῦ
2961 3907 3172 3978 ἐτέρου.
3192 3908 3301 3959 Καὶ
3325 3906 3484 3959 τοῦτο
3504 3905 3766 3976 φανερὸν,

2181 4002 2264 4055 ὅτι
2298 4000 2460 4072 βουλή
2493 4003 2610 4053 ἐστι
2644 3998 2762 4070 μετ’
2792 3999 3124 4069 ἐπικρίσεως
3144 4001 3177 4069 ή
3206 3998 3551 4070 προαίρεσις,
3586 3998 3683 4050 καὶ
3707 3997 3769 4061 ἐξ

2181 4090 2355 4158 αὐτῆς
2378 4090 2478 4159 τῆς
2500 4088 2858 4159 ἐτυμολογίας
2876 4106 2893 4120 ·
2918 4089 3248 4160 προαιρετὸν
3275 4089 3382 4159 γάρ
3406 4090 3524 4140 ἐστι
3551 4090 3614 4141 τὸ
3639 4089 3767 4141 ἓτε-

2183 4200 2275 4253 ρον
2305 4183 2412 4253 πρὸ
2441 4183 2534 4236 τοῦ
2559 4184 2749 4253 ἐτέρου
2781 4182 2999 4252 αἱρετόν
3023 4182 3157 4253 (11)*
3182 4180 3353 4245 οὐδεὶς
3377 4181 3436 4234 δὲ
3469 4182 3766 4251 προκρίνει

2179 4295 2230 4329 τι
2258 4276 2334 4347 μὴ
2359 4276 2809 4346 βουλευσάμενος,
2824 4274 2944 4328 ούδέ
2964 4276 3310 4345 προαιρεῖται
3334 4272 3409 4343 μὴ
3430 4274 3763 4344 προκρίνας.

2192 4368 2411 4439 Ἐπειδὴ
2433 4368 2542 4438 γὰρ
2571 4368 2630 4420 οὐ
2661 4368 2840 4421 πάντα
2872 4367 2940 4419 τά
2968 4366 3197 4432 δόξαντα
3235 4367 3370 4435 ἡμῖν
3410 4360 3468 4417 εὖ
3509 4366 3658 4435 ἔχειν
3682 4367 3765 4427 είς

2180 4460 2338 4531 ἔργον
2368 4461 2597 4528 ἀγαγεῖν
2627 4459 3078 4530 προθυμούμεθα,
3129 4458 3250 4510 τότε
3288 4461 3635 4527 προαίρεσις,
3665 4457 3761 4507 καὶ

2181 4553 2507 4623 προαιρετὸν
2541 4553 2752 4623 γίνεται
2796 4552 2857 4605 τὸ
2904 4549 3205 4622 προκριθέν
3259 4550 3323 4601 ἐκ
3373 4548 3476 4618 τῆς
3530 4548 3759 4617 βουλῆς,

2179 4642 2309 4694 ὅταν
2373 4642 2656 4715 προσλάϐῃ
2708 4643 2809 4712 τὴν
2864 4642 3063 4712 ὄρεξιν.
3113 4640 3225 4693 Καὶ
3256 4638 3401 4692 οὕτω
3460 4639 3760 4705 συνάγεται

2181 4734 2501 4806 προαίρεσιν
2540 4734 2680 4789 εἶναι
2728 4736 2907 4807 ὄρεξιν
2946 4735 3297 4805 βουλευτικὴν
3331 4733 3439 4787 τῶν
3472 4733 3559 4802 ἐφ’
3600 4736 3755 4803 ἡμῖν’

2179 4829 2275 4882 τοῦ
2298 4829 2407 4900 γάρ
2428 4830 2816 4900 προκριθέντος
2843 4832 2907 4881 ἐκ
2923 4831 3024 4897 τῆς
3046 4828 3244 4897 βουλῆς
3266 4825 3541 4895 ἐφιέμεθα
3564 4841 3760 4896 προαιο

2185 4923 2458 4993 ρούμενοι.
2492 4924 2650 4975 Πᾶσα
2694 4920 2804 4992 γὰρ
2861 4921 3024 4991 βουλὴ
3057 4920 3310 4989 πράξεως
3349 4918 3513 4970 ἕνεκα
3540 4918 3635 4969 καὶ
3670 4916 3761 4968 διὰ

2173 5012 2374 5083 πρᾶξιν
2400 5028 2413 5041 ⁸
2458 5013 2552 5065 καὶ
2597 5010 2741 5064 οὕτω
2782 5010 2963 5079 πάσης
3017 5011 3116 5081 μὲν
3161 5007 3539 5080 προαιρέσεως
3588 5004 3755 5075 βουλὴ

2170 5108 2405 5176 ἡγεῖται,
2434 5105 2617 5175 πάσης
2664 5104 2720 5156 δὲ
2762 5102 3017 5175 πράξεως
3048 5101 3391 5172 προαίρεσις.
3436 5098 3539 5149 Διά
3594 5093 3775 5149 τοῦτοί

2170 5198 2232 5248 ού
2274 5197 2433 5265 μόνον
2472 5197 2528 5247 αἱ
2556 5194 2810 5265 πράξεις,
2869 5191 3007 5245 ἀλλὰ
3063 5192 3159 5243 καὶ
3188 5190 3255 5242 τά
3291 5187 3437 5244 κατά
3486 5187 3750 5246 διάνοιαν,

2172 5292 2329 5343 ama
2368 5290 2465 5351 τὰς
2522 5286 2871 5357 προαιρέσεις
2922 5282 3256 5353 παριστῶσι,
3306 5280 3401 5334 καὶ
3453 5280 3751 5346 στεφάνους

708 5611 922 5689 Lemma
945 5611 1248 5689 Inetricnm
1285 5611 1336 5689 i_n
1369 5610 1405 5663 Α
1438 5627 1451 5662 :
1479 5608 1591 5678 Τὴν
1612 5607 1721 5689 ’τοῦ
1746 5608 2015 5689 βαρλαάμ
2036 5625 2070 5689 3

2185 5609 2367 5689 ῐοφίαν
2402 5614 2524 5689 ἕδραι
2696 5679 2707 5689 .
2989 5680 3000 5689 .
3164 5679 3175 5689 .
3350 5675 3389 5689 ..
3548 5674 3561 5687 .

563 5676 909 5754 (μλᾹῧιιετιε
939 5679 1073 5754 Gaz.
1102 5679 1499 5754 Theophrasto,
1533 5676 1583 5746 ι).
1612 5676 1895 5754 δίζε-Νοῦς
1921 5676 2070 5754 ἁγαθέ

2185 5676 2326 5751 λόγῳ
2356 5676 2567 5754 σώματι
2607 5679 2922 5754 χρώμενος,Δ
2942 5679 3299 5754 αὐτοκράτωρ
3345 5676 3400 5728 δὲ
3436 5676 3751 5754 γενόμενος,

492 5748 614 5825 κατ’
644 5751 893 5815 ἐξουσίαν
922 5752 1031 5805 ἀνω
1065 5752 1164 5825 καὶ.
1200 5748 1350 5825 κάτω
1384 5750 1711 5825 μεταχωρεῖ,
1737 5748 1925 5825 ἕτερον
1973 5748 2307 5825 αἱρούμενος
2331 5748 2656 5825 προτέρουῖ⁷
2678 5748 2836 5803 τοῦτο
2866 5751 2975 5821 γάρ
3010 5752 3042 5821 ἡ

3084 5747 3179 5804 ἀύθ
3191 5748 3371 5819 ρώπου
3403 5747 3568 5812 προαέ
3579 5762 3636 5811 ρε
3648 5762 3671 5793 :z
3682 5760 3749 5803 t;.

490 5819 605 5873 Non
636 5821 920 5890 προτέρου,
950 5823 1042 5876 sed
1073 5821 1180 5890 πρὸ
1210 5822 1397 5892 ἐτέρου
1426 5820 1707 5875 commode
1735 5821 1953 5876 exhibet
1983 5819 2150 5877 codex
2179 5822 2302 5876 461.
