4042 6414
197 397 308 461 997

1295 385 1469 446 VITA
1506 384 1864 446 BARLAAM
1900 384 1994 443 ET
2029 382 2380 444 IOASAPH.

3339 382 3445 451 993

197 505 300 557 καὶ
322 499 576 562 κολάσεις
607 494 984 568 προξενούσιν.
1033 493 1202 565 Ἀρχὴ
1233 493 1344 564 γὰρ
1377 494 1650 565 ἁμαρτίας
1684 492 1780 546 καὶ

1895 510 2067 555 nostra
2097 507 2358 570 potestate
2378 501 2494 557 sitae
2519 501 2646 556 sint.
2674 500 2879 556 Etenim
2903 500 2955 556 id
2981 501 3120 572 quod
3139 517 3205 558 ex
3227 503 3454 558 consilio

196 590 626 662 δικαιοπραγίας
688 585 1014 659 προαίρεσίς
1073 586 1225 638 ἐστιν
1257 587 1317 639 ἐν
1378 587 1492 649 τοῖς
1521 585 1607 653 ἐφ’
1645 586 1778 655 ἡμῖν

195 684 557 755 καταγομένη
578 699 593 713 °
621 675 698 737 ὧν
740 680 850 752 γὰρ
887 680 945 733 αἱ
976 679 1244 750 ἐνέργειαι
1275 679 1362 750 ἐφ’
1396 682 1550 750 ἡμῖν,
1575 679 1780 732 τούτων

197 778 298 830 καὶ
323 778 382 829 αί
405 773 634 846 πράξεις
661 773 718 825 αί
740 771 883 825 κατὰ
913 770 1014 841 τὴν
1043 769 1327 841 ἐνέργειαν
1365 770 1451 838 ἐφ’
1482 771 1616 840 ἡμῖν
1644 786 1658 799 ο
1693 767 1779 837 ἐφ’

195 873 334 943 ἡμῖν
357 871 414 923 δὲ
442 869 498 923 αἱ
526 869 668 922 κατὰ
695 865 794 936 τὴν
828 863 1035 934 ἀρετὴν
1085 861 1381 933 ἐνέργειαι,
1405 863 1491 930 ἐφ’
1516 861 1648 931 ἡμῖν
1671 860 1781 931 ἄρα

195 963 296 1016 καὶ
337 964 394 1015 αἱ
423 960 615 1032 ἀρεταί
634 975 650 990 ο
684 957 892 1029 κυρίως
926 958 1038 1028 γὰρ
1063 957 1148 1022 ἐφ’
1172 957 1306 1026 ἡμῖν
1336 957 1453 1008 ἐστι
1483 953 1552 1007 τά
1574 953 1781 1024 ψυχικά

197 1055 384 1108 πάντα
403 1054 496 1107 καὶ
509 1052 638 1122 περὶ⁵
665 1042 740 1103 ὧν
765 1047 1154 1120 βουλευόμεθα.
1188 1046 1375 1110 Οὕτως
1405 1045 1774 1112 αὐτεξουσίως

200 1145 362 1215 133
389 1143 792 1214 βουλευομένων
820 1141 930 1194 τῶν
962 1138 1268 1211 ἀνθρώπων
1295 1140 1392 1192 καὶ
1420 1137 1783 1202 αὐτεξουσίως

194 1236 676 1309 προαιρουμένων,
713 1234 836 1288 καθ’
862 1234 986 1287 ὅσον
1020 1233 1087 1287 ἄν
1133 1250 1219 1295 τις
1247 1229 1605 1301 προαιρῆται,
1641 1227 1785 1282 κατά

191 1328 458 1382 τοσοῦτον
493 1327 590 1381 καὶ
636 1325 860 1396 μετέχει
903 1323 1000 1378 τοῦ
1045 1323 1193 1377 θείου
1233 1321 1410 1392 φωτδς
1445 1323 1542 1375 καὶ
1582 1320 1782 1392 προκό-

193 1437 329 1473 πτει
358 1420 418 1472 ἐν
449 1421 561 1482 τοίς
584 1417 686 1488 τῆς
727 1416 1054 1486 φιλοσοφίας
1091 1413 1492 1485 ἐπιτηδεύμασι
1525 1429 1540 1442 ³
1591 1411 1781 1478 διαφο-

193 1515 297 1584 ρα’ί⁵
325 1513 436 1584 γάρ
471 1512 845 1585 προαιρέσεως
872 1510 1001 1564 είσί.
1023 1511 1135 1564 Καὶ
1164 1506 1578 1575 καθάπερτινὲς
1607 1504 1784 1576 πηγαὶ

194 1605 414 1659 ὑδάτων
440 1606 505 1657 ὲκ
533 1605 641 1658 τῶν
671 1604 770 1674 τῆς
797 1604 901 1674 γῆς
930 1603 1176 1671 λαγόνων
1201 1599 1692 1671 άναπεμπόμεναι,
1724 1598 1782 1650 αἱ

197 1697 305 1768 μὲν
336 1695 668 1759 ἐπιπολαίως
710 1695 812 1765 τῆς
847 1696 949 1765 γῆς
976 1694 1356 1759 ὲκδλύζουσιν,
1397 1693 1455 1746 αἱ
1494 1691 1551 1744 δὲ
1588 1689 1782 1761 μικρόν

193 1807 249 1843 τι
279 1790 598 1860 βαθύτερον,
626 1789 684 1841 αἱ
707 1788 764 1841 δὲ
784 1787 908 1842 λίαν
938 1786 1172 1857 βαθέως,
1207 1785 1415 1840 τούτων
1444 1785 1502 1838 δὲ
1521 1783 1629 1836 τῶν
1660 1783 1784 1836 ὐδά-

1888 595 2229 663 ριάιροεὶιιιω
2270 604 2381 660 est,
2410 596 2666 665 eligentes
2699 598 3015 664 appetimus.
3045 596 3214 652 Omne
3251 597 3449 666 quippe

1885 686 2162 741 consilium
2188 688 2416 742 actionis
2437 703 2593 744 causa
2615 699 2668 745 et
2695 701 2908 757 propter
2937 689 3195 744 actionem
3225 689 3453 757 suscipi-

1885 786 1992 833 tur.
2021 777 2097 832 lta
2122 779 2400 833 consilium
2427 779 2640 848 quidem
2671 781 2985 834 electionem
3015 778 3310 844 antecedit,
3341 778 3456 832 elo»-

1885 869 1991 924 Ctio
2030 879 2206 922 autem
2245 883 2456 924 omnem
2500 869 2782 924 actionem.
2833 871 3091 936 Quocirca
3137 884 3242 924 non
3295 870 3455 924 modo

1887 958 2144 1023 actiones,
2177 961 2267 1014 sed
2317 975 2381 1015 ea
2420 960 2578 1015 etiam
2622 977 2740 1032 quae
2785 963 2964 1016 animo
3005 962 3270 1031 agitantur
3313 961 3457 1031 (qua:

1887 1050 2100 1118 quidem
2126 1050 2412 1106 electiones
2437 1052 2733 1122 exhibent).
2753 1062 2860 1107 ttnn
2889 1067 3134 1118 coronas,
3149 1061 3256 1107 tum
3272 1067 3458 1121 pinnas

1886 1148 2187 1193 accersunt.
2213 1139 2420 1195 Etenim
2447 1143 2637 1196 electio
2658 1144 2709 1196 iu
2733 1143 2814 1197 his
2836 1144 2994 1198 rebus
3014 1159 3132 1214 qua:
3156 1146 3207 1198 in
3232 1145 3454 1198 arbitrio

1889 1239 2073 1285 nostro
2096 1230 2213 1285 sita:
2238 1241 2362 1288 sunt
2387 1247 2622 1298 versans,
2652 1245 2760 1289 tum
2794 1238 3011 1303 peccati,
3037 1248 3145 1291 tum
3169 1238 3296 1305 justi
3325 1253 3457 1307 ope-

1889 1321 1965 1373 ris
1990 1321 2139 1390 origo
2175 1332 2278 1375 est.
2321 1322 2452 1376 Nam
2492 1338 2714 1391 quarum
2759 1341 2934 1380 rerum
2975 1328 3250 1382 facultates
3291 1343 3452 1395 penes

1893 1426 1991 1465 nos
2013 1423 2165 1475 sunt,
2201 1415 2384 1468 harum
2413 1415 2571 1470 etiam
2600 1417 2831 1471 actiones
2861 1416 3195 1473 facultatibus
3223 1435 3446 1474 consen-

1893 1509 2064 1557 taneaa
2102 1518 2264 1570 penes
2304 1520 2400 1559 nos
2445 1515 2587 1560 sunt.
2617 1507 2967 1573 Quamobrem
3011 1525 3128 1564 cum
3176 1510 3455 1564 facultates

1891 1596 2075 1650 virtuti
2098 1607 2470 1653 consentaneae
2494 1598 2548 1652 in
2591 1610 2771 1654 nostra
2802 1613 3064 1670 potesrate
3087 1605 3224 1669 sint,
3260 1606 3312 1659 in
3359 1622 3455 1657 ttu-

1892 1693 2003 1738 stra
2029 1701 2237 1756 quoque
2269 1697 2528 1754 potestate
2593 1687 2817 1748 virtutes
2887 1693 2997 1749 sint
3049 1708 3288 1749 necesse
3348 1704 3450 1750 est.

1895 1774 2110 1843 Proprie
2136 1778 2276 1830 enim
2306 1780 2358 1832 in
2385 1780 2603 1833 arbitrio
2633 1792 2814 1834 nostro
2851 1786 3148 1838 consistunt
3186 1801 3248 1839 ea
3276 1791 3453 1842 omnia

196 1899 314 1936 των
336 1883 409 1935 τά
434 1883 531 1952 μὲν
553 1880 837 1952 προσεχῶς
861 1879 1194 1942 ἐκϐλύζοντα
1215 1878 1311 1931 καὶ
1347 1879 1417 1948 τῇ
1443 1875 1629 1945 γεύσει
1657 1875 1785 1944 γλυ-

1895 1882 2012 1934 quas
2058 1869 2287 1922 animam
2337 1871 2626 1939 attingunt,
2657 1881 2710 1925 et
2750 1873 2817 1926 de
2853 1875 3046 1946 quibus
3075 1878 3454 1936 deliberamus.

201 1975 332 2039 κέα,
367 1973 436 2026 τὰ
469 1973 526 2026 δὲ
585 1972 794 2043 βαθέως
847 1969 1181 2042 ὲξερχόμενα
1219 1969 1314 2022 καὶ
1348 1965 1717 2037 άλμυρίζοντα
1743 1966 1778 2037 ἢ

201 2066 539 2134 θεαφίζοντα
564 2063 700 2134 (12),
721 2064 819 2116 καὶ
848 2065 918 2116 τά
954 2062 1054 2130 μὲν
1074 2060 1320 2130 ἀφθόνως
1341 2058 1683 2130 ὲκδιδόμενα,
1711 2057 1785 2111 τά

198 2155 259 2210 δὲ
281 2155 426 2210 κατά
453 2156 649 2228 μικρὸν
670 2155 960 2219 στάζονταο
988 2152 1164 2218 οὕτως
1195 2153 1291 2206 καὶ
1312 2153 1405 2206 ἐπὶ
1438 2150 1548 2203 τῶν
1580 2164 1779 2220 προαι-

204 2249 415 2322 ρέσεων
438 2247 570 2314 νόει,
604 2247 705 2311 τὰς
743 2247 841 2317 μὲν
867 2244 1092 2316 ταχείας
1137 2239 1280 2299 εἶναι
1313 2243 1409 2297 καλ⁸
1436 2241 1557 2296 λίαν
1581 2239 1784 2310 θερμο-

204 2338 399 2404 τάτας,
445 2338 548 2401 τὰς
591 2338 648 2392 δὲ
683 2337 900 2409 νωθράς
932 2336 1029 2390 καὶ
1091 2334 1330 2406 ψυχρὰς,
1382 2333 1478 2388 καὶ
1526 2332 1628 2395 τὰς
1688 2329 1788 2402 μὲν

206 2429 346 2494 ὅλως
384 2429 480 2482 ἐπὶ
509 2429 580 2482 τὰ
620 2428 762 2482 καλὰ
793 2428 892 2497 τὴν
952 2426 1126 2498 ῥοπὴν
1170 2425 1540 2496 κεκτημένας,
1582 2423 1682 2486 τὰς
1724 2421 1782 2475 δὲ

206 2521 346 2592 πρὸς
363 2521 424 2574 τὸ
461 2520 705 2574 ἐναντίον
733 2521 881 2590 πάσῃ
898 2517 1126 2589 δυνάμει
1176 2515 1594 2577 ἀποκλινούσας.
1626 2512 1783 2566 Κατὰ

1897 1969 1975 2025 Ad
2021 1967 2165 2023 hunc
2205 1968 2364 2036 igitur
2391 1968 2602 2022 modum
2634 1967 2797 2022 libere
2839 1967 3263 2022 consultantibus
3292 1969 3463 2020 homi-

1896 2059 2076 2123 nibus,
2105 2073 2169 2112 ac
2192 2056 2359 2111 libera
2389 2057 2514 2111 item
2543 2057 2814 2112 voluntate
2837 2057 3174 2126 eligentibus,
3197 2066 3457 2126 quatenus

1871 2151 2152 2218 quispiam
2199 2150 2374 2219 eligit,
2427 2149 2682 2203 hactenus
2733 2164 2944 2218 quoque
2994 2149 3229 2203 divinam
3285 2149 3456 2201 lucem

1894 2241 2149 2310 percipit,
2178 2249 2337 2308 atque
2367 2239 2418 2294 iu
2451 2239 2797 2308 philosophiae
2826 2241 3015 2294 studiis
3046 2253 3354 2310 progressus
3382 2239 3458 2291 fa-

1893 2333 1984 2388 cit.
2015 2331 2170 2386 Varia
2198 2331 2340 2386 enim
2365 2331 2680 2386 electionum
2710 2340 2833 2384 sunt
2860 2347 3078 2401 genera.
3111 2331 3175 2384 Et
3203 2333 3456 2396 quemad-

1896 2421 2109 2478 modum
2151 2421 2362 2491 quidam
2415 2437 2668 2490 aquarum
2709 2421 2882 2475 fontes
2908 2436 2940 2474 θ
2970 2431 3126 2474 terrm
3167 2418 3458 2474 visceribus

1894 2513 2282 2577 scaturientes,
2335 2513 2521 2581 partim
2571 2528 2601 2566 e
2647 2513 2926 2580 superficie
2979 2521 3139 2568 terra:
3187 2512 3454 2574 oriuntur,

205 2611 341 2681 γοῦν
364 2611 464 2674 τάς
492 2611 673 2665 αὐτῶν
713 2610 1004 2676 διαθέσεις,
1047 2608 1145 2664 καὶ
1172 2610 1229 2662 αί
1255 2607 1392 2678 πρὸς
1421 2606 1520 2669 τὰς
1554 2600 1784 2675 πράξεις

1895 2603 2083 2671 partim
2111 2603 2380 2672 aliquanto
2417 2601 2747 2671 profundius,
2786 2605 2974 2671 partim
3017 2602 3455 2670 profundissime;

205 2702 598 2757 ἀκολουθοῦσιν
629 2702 820 2772 ὁρμαί.

1895 2701 2050 2761 atque
2095 2691 2283 2746 barum
2330 2707 2582 2762 aquarum
2626 2693 2744 2746 alite
2783 2708 2814 2746 e
2862 2694 3160 2762 propinquo
3206 2701 3458 2747 emanant

207 2796 490 2854 gustuque
515 2787 701 2840 dulces
724 2795 876 2851 sunt,
908 2784 1028 2840 alia:
1053 2800 1118 2840 ex
1148 2785 1260 2841 imo
1298 2795 1497 2841 exeunt
1527 2800 1591 2840 ac
1624 2785 1782 2840 salsae
1815 2795 1911 2839 aut
1945 2785 2255 2854 sulphurea:
2285 2792 2435 2849 sunt,
2471 2794 2633 2853 atque
2677 2784 2804 2838 item
2856 2785 2976 2838 alia:
3025 2785 3299 2840 uberrime
3328 2799 3460 2855 pro-

205 2875 410 2940 ﬂuunt,
459 2874 580 2930 alite
629 2873 892 2945 paulatim
946 2873 1191 2939 stillant;
1255 2874 1446 2929 eodem
1486 2875 1650 2929 modo
1697 2874 1751 2928 in
1791 2873 2148 2928 electionihus
2187 2888 2404 2943 quoque
2432 2874 2633 2942 cogita,
2675 2873 2810 2927 alias
2847 2873 3052 2929 celeres
3093 2889 3157 2930 ac
3197 2891 3458 2946 perquam

207 2969 455 3024 fervidas
497 2983 638 3033 esse,
681 2967 814 3022 alias
852 2981 1047 3036 segnes
1079 2975 1133 3019 et
1171 2967 1414 3036 frigidas.
1449 2981 1515 3021 ac
1555 2983 1772 3022 rursum
1810 2966 1947 3021 alias
1972 2966 2043 3020 ad
2077 2967 2332 3020 virtutem
2366 2965 2591 3019 omnino
2630 2979 2954 3035 propensas,
2985 2965 3123 3018 alias
3161 2967 3226 3020 ad
3264 2968 3458 3022 vitium

205 3061 472 3115 omnibus
519 3060 733 3116 viribus
787 3057 1100 3115 inclinatas.
1144 3057 1312 3127 Igitur
1353 3059 1545 3127 quales
1583 3073 1775 3113 earum
1814 3055 2128 3112 aﬂ‘ectiones
2173 3071 2321 3122 sunt,
2377 3059 2510 3112 tales
2552 3072 2768 3126 quoque
2799 3057 2866 3110 ad
2907 3059 3172 3126 agendum
3218 3059 3452 3128 impetus

203 3161 650 3220 consequuntur.

276 3249 441 3300 ΚΕΦ.
481 3249 597 3315 ις’.
627 3246 791 3314 Λέγει
811 3248 867 3302 δὲ
895 3248 926 3301 ὁ
967 3247 1199 3316 Ἰωάσαφ
1224 3247 1360 3318 πρὸς
1387 3246 1481 3301 τὸν
1513 3260 1780 3317 γερονταο

1965 3247 2096 3302 CAP.
2126 3243 2360 3299 XVl.——
2399 3241 2543 3295 Dixit
2588 3247 2768 3293 autem
2819 3236 2887 3291 ad
2934 3250 3118 3292 senem
3165 3231 3471 3302 Josaphat:

206 3338 366 3392 Εἰσὶν
396 3334 488 3392 οὖν
536 3339 631 3391 καὶ
671 3337 848 3408 ἕτεροί
896 3354 1038 3400 τινες
1063 3337 1172 3406 (15)
1215 3335 1310 3388 νῦν
1349 3335 1398 3388 οἱ
1442 3333 1582 3388 κατὰ
1617 3331 1785 3385 ταῦτα

1898 3339 2107 3395 Suntne
2131 3339 2292 3393 etiam
2325 3335 2414 3389 alii
2451 3331 2718 3391 nonnulli.
2769 3329 2864 3399 qui
2889 3327 3077 3384 eadem
3108 3341 3228 3396 quae
3253 3335 3308 3378 tu
3339 3340 3477 3394 prae-

205 3428 578 3500 κηρύττοντες
616 3427 803 3498 ὥσπερ
828 3427 920 3495 σύ;
945 3428 978 3500 ἢ
1016 3428 1175 3498 μόνος
1200 3423 1251 3480 εἴ
1294 3428 1539 3499 σήμερον
1567 3427 1596 3478 ὁ
1617 3423 1785 3478 ταῦτα

1895 3432 2100 3496 dicent,
2142 3446 2210 3483 an
2244 3442 2373 3481 vero
2414 3435 2471 3478 tu
2522 3423 2784 3478 hodierno
2814 3421 2902 3475 die
2948 3419 3101 3473 solus
3134 3432 3194 3471 es
3223 3416 3318 3485 qui
3360 3414 3477 3467 haec

205 3521 505 3584 διδάσκων,
537 3521 632 3574 καὶ
669 3519 846 3581 οὕτως
889 3520 1116 3590 μισητὸν
1138 3519 1232 3574 τὸν
1261 3521 1508 3590 παρόντα
1556 3515 1669 3587 βίον
1712 3515 1788 3568 δι-

206 3611 553 3683 ηγούμενος;
599 3610 757 3683 134
800 3611 858 3665 Ὀ
894 3611 952 3664 δὲ
1001 3610 1320 3681 ἀποκριθεὶς
1369 3605 1557 3661 εἶπενο
1606 3608 1695 3660 Ἐν
1722 3608 1788 3678 τῇ

208 3706 340 3759 καθ’
367 3707 511 3775 ὑμᾶς
525 3706 927 3778 δυστυχεστάτη
947 3705 1101 3777 χώρα
1113 3705 1288 3778 ταύτῃ
1301 3703 1494 3757 οὐδένα
1511 3704 1788 3772 γινώσκω.

219 3799 289 3851 Ἠ
327 3798 440 3868 γάρ
468 3797 563 3850 τοῦ
597 3797 691 3850 σοῦ
755 3799 962 3868 πατρὸς
1007 3797 1262 3868 τυραννὶς
1309 3796 1524 3868 μυρίοις
1556 3793 1779 3858 τούτους

211 3887 470 3950 θανάτοις
499 3887 816 3957 περιέϐαλε,
845 3886 942 3940 καὶ
976 3885 1137 3956 ἔργον
1179 3885 1330 3939 ἔθετο
1381 3885 1457 3956 μὴ
1486 3885 1547 3938 τὸ
1574 3885 1792 3938 σύνολον

210 3979 516 4032 ἀκούεσθαι
543 3980 602 4032 έν
632 3981 762 4050 ύμῖν
789 3979 849 4031 τὸ
883 3979 982 4047 τῆς
1017 3977 1351 4046 θεογνωσίας
1373 3978 1657 4048 κήρυγμα.
1701 3977 1792 4029 Ἐν

212 4071 422 4133 πάσαις
444 4071 503 4123 δὲ
525 4072 647 4133 ταῖς
685 4073 904 4133 λοιπαῖς
932 4068 1207 4138 γλώσσαις
1258 4067 1445 4138 ᾄδεται
1467 4067 1643 4120 ταῦτα
1697 4066 1794 4120 καὶ

209 4159 522 4227 δοξάζεται,
578 4156 660 4224 οἷς
707 4161 806 4231 μὲν
844 4159 1122 4232 ὀρθοτάτῳ
1160 4158 1325 4228 λόγῳ,
1383 4158 1563 4220 ἄλλοις
1626 4156 1683 4208 δὲ
1712 4156 1794 4208 δι-

208 4253 635 4323 εστραμμένως,
689 4252 784 4304 τοῦ
835 4253 1093 4322 πολεμίου
1147 4250 1257 4304 τῶν
1291 4250 1574 4321 ἡμετέρων
1606 4247 1794 4318 ψυχῶν

210 4344 490 4399 ἐκκλίνειν
527 4345 726 4407 αὐτοὺς
757 4343 858 4410 τῆς
880 4343 1094 4406 εὐθείας
1125 4343 1495 4412 ποιησαμένου
1525 4343 1619 4395 καὶ
1637 4340 1794 4396 ἀλλο-

210 4436 400 4509 τρίαις
437 4435 958 4506 καταμερισαμένου
1003 4433 1202 4498 δόξαις,
1251 4434 1348 4486 καὶ
1396 4436 1586 4504 ῥήσεις
1641 4432 1795 4496 τινὰς

210 4529 327 4582 τῶν
357 4527 591 4599 Γραφῶν
619 4527 794 4589 ἄλλως
825 4526 920 4579 καὶ
944 4527 1004 4580 οὐ
1036 4527 1178 4580 κατὰ
1208 4525 1300 4578 τὸν
1326 4525 1644 4594 ἐγκείμενον
1670 4523 1795 4578 νοῦν

1898 3524 2086 3588 doces,
2114 3536 2178 3576 ac
2208 3526 2531 3588 prtesentem
2560 3519 2728 3568 vitam
2755 3527 2930 3581 usque
2957 3511 3093 3564 adeo
3113 3505 3475 3562 aversandam

1901 3625 2066 3687 atque
2112 3615 2239 3668 odio
2283 3609 2654 3667 insectandam
2710 3621 2831 3660 esse
2874 3602 3105 3657 mones?
3153 3601 3246 3655 Ille
3290 3607 3472 3653 autem

1904 3709 1970 3762 ad
2018 3707 2164 3760 hunc
2207 3703 2428 3758 modum
2476 3699 2757 3769 respondit
2784 3715 2798 3751 :
2826 3696 2882 3748 ln
2924 3695 3027 3749 hac
3068 3703 3248 3748 vestra
3290 3690 3474 3745 infeli-

1905 3799 2128 3855 cissima
2191 3797 2414 3865 regione
2461 3791 2735 3846 nemiuem
2790 3787 2937 3842 novi.
2984 3787 3119 3840 Nam
3176 3784 3344 3854 patris
3393 3783 3475 3837 tui

1903 3892 2154 3964 tyrannis
2183 3887 2491 3944 innumeris
2539 3884 2734 3938 mortis
2775 3871 3071 3950 generibus
3116 3892 3211 3933 eos
3242 3877 3476 3930 mulcta-

1903 3986 2002 4048 vit,
2034 3983 2290 4050 deditque
2331 3993 2551 4048 operam
2600 3991 2668 4030 ne
2694 3987 2922 4044 prorsus
2966 3971 3106 4023 inter
3155 3985 3251 4023 vos
3281 3966 3478 4020 divina:

1907 4074 2237 4145 cognitionis
2274 4071 2590 4141 praedicatio
2613 4067 2917 4122 audiretur.
2939 4061 3095 4132 Apud
3121 4061 3358 4128 reliquas
3377 4074 3477 4111 att-

1905 4175 2013 4220 tem
2037 4163 2282 4216 nationes
2311 4161 2423 4214 haec
2453 4166 2746 4212 cantantur
2776 4170 2840 4208 ac
2874 4153 3244 4213 celebrantur,
3265 4150 3332 4202 ab
3354 4148 3479 4201 aliis

1901 4253 2123 4326 quidem
2152 4251 2458 4307 rectissima
2489 4247 2722 4310 ratione,
2745 4244 2812 4298 ab
2835 4243 2956 4296 aliis
2988 4250 3170 4294 autem
3201 4252 3478 4308 perverse,

1901 4343 2101 4412 quippe
2111 4356 2234 4394 cum
2249 4339 2552 4392 animarum
2567 4345 2884 4388 nostrarum
2901 4332 3074 4385 hostis
3085 4346 3179 4383 eos
3191 4344 3218 4381 a
3233 4337 3377 4381 recta
3389 4327 3480 4380 via

1902 4448 2246 4490 transversos
2262 4431 2634 4502 egerit,atque
2655 4427 2711 4480 in
2735 4426 2943 4478 alienas
2965 4421 3254 4492 Opiniones
3276 4419 3481 4474 divise-

1903 4525 1994 4588 rit,
2007 4523 2340 4591 eosqueloca
2354 4519 2598 4589 quaedam
2611 4515 2812 4568 divina:
2829 4511 3126 4582 Scripturae
3141 4512 3299 4564 aliter
3315 4523 3480 4577 quam

216 4618 658 4690 μεθερμηνεύειν
699 4617 1030 4683 διδάξαντος.
1066 4618 1180 4672 Μία
1209 4616 1264 4670 δέ
1293 4619 1441 4670 ἐστιν
1469 4619 1502 4688 ἡ
1539 4616 1785 4689 ἀλήθεια,

1901 4631 2192 4688 germanus
2219 4627 2416 4668 sensus
2443 4610 2601 4675 ferat,
2629 4606 2978 4676 interpretari
3010 4603 3274 4658 docuerit.
3302 4602 3480 4656 (laete-

214 4716 255 4784 ή
313 4711 655 4784 κηρυχθεῖσα
679 4711 768 4765 διὰ
795 4711 904 4763 τῶν
936 4709 1162 4774 ἐνδόξων
1202 4709 1514 4764 ἀποστόλων
1550 4711 1647 4762 xui.
1671 4709 1782 4762 τῶν

213 4803 504 4874 θεοφόρων
530 4803 817 4874 Πατέρων,
841 4802 938 4855 καὶ
975 4804 1033 4855 ὲν
1070 4804 1138 4872 τῇ
1182 4801 1443 4873 καθολικῇ
1491 4801 1792 4874 Ἐκκλησία

216 4898 292 4966 τῇ
323 4896 435 4948 ἀπὸ
460 4893 712 4964 περάτων
739 4893 844 4957 ἕως
873 4894 1128 4964 περάτων
1149 4893 1247 4963 τῆς
1286 4892 1611 4964 οἰκουμένης
1641 4893 1794 4965 ἡλίου

219 4985 580 5058 φαιδρότερον
631 4985 1033 5057 διαλάμπουσα,
1073 4980 1256 5060 ἧσπερ
1310 4983 1422 5054 ἐγὼ
1475 4984 1653 5058 κήρυξ
1693 4987 1792 5041 καὶ

219 5077 546 5140 διδάσκαλος
572 5078 886 5148 ἀπεστάλην
922 5095 1026 5134 σοι.

294 5164 432 5222 Eii-ts
463 5169 522 5223 δὲ
548 5172 577 5223 ὁ
603 5172 837 5240 Ἰωάσαφ
872 5172 1009 5242 πρὸς
1037 5170 1196 5225 αὐτόν
1226 5188 1241 5204 ’
1275 5170 1442 5225 Οὐδὲν
1467 5165 1561 5226 οὖν
1589 5171 1794 5226 τούτων

221 5261 412 5334 δ’ἐμὸς
439 5262 729 5333 μεμάθηκε
772 5265 953 5336 πατήρ
977 5283 992 5330 ;

1903 4721 2022 4759 rum
2059 4718 2166 4758 una
2185 4712 2268 4757 est
2308 4701 2668 4769 veritas,qu'.e
2705 4697 2774 4752 ab
2799 4696 3106 4750 illustribus
3134 4691 3396 4762 apostolis
3425 4697 3481 4744 et

1902 4794 2102 4850 divinis
2129 4791 2380 4846 Patribus
2402 4789 2694 4861 praedicata
2717 4797 2821 4851 est,
2845 4796 2897 4840 et
2919 4785 2974 4838 in
3002 4784 3288 4845 catholica,
3317 4788 3481 4850 atque
3580 4775 3584 4780 ’

1902 4887 1973 4940 ab
2015 4884 2279 4940 extremis
2310 4882 2461 4937 orbis
2490 4881 2688 4935 finibus
2730 4878 2797 4932 ad
2838 4885 3114 4931 extremos
3143 4889 3312 4943 usque
3345 4874 3480 4926 lines

1901 4975 2096 5033 diﬂ‘usa
2116 4973 2359 5030 Ecclesia
2389 4973 2501 5028 sole
2523 4970 2860 5041 splendidius
2883 4969 3041 5021 lucet.
3068 4965 3240 5030 Quam
3259 4963 3482 5032 quidem

1900 5086 2003 5142 ego
2022 5079 2080 5123 ut
2100 5069 2198 5123 tibi
2219 5066 2569 5137 praedicarem
2587 5079 2649 5117 ac
2666 5062 2956 5121 traderem,
2970 5059 3034 5114 ad
3053 5068 3102 5112 te
3117 5057 3320 5110 missus
3334 5069 3480 5119 sum.

1977 5163 2126 5219 Dixit
2172 5169 2352 5216 autem
2405 5159 2471 5211 ad
2523 5173 2644 5212 eum
2677 5155 2941 5226 Josaphat
2979 5168 2994 5204 :
3028 5149 3248 5203 Nihilne
3282 5149 3482 5202 horum

1910 5266 2069 5330 pater
2099 5270 2255 5310 meus
2287 5265 2524 5320 unquam
2550 5246 2782 5303 didicit?

303 5399 414 5482 (lg)
451 5397 512 5459 C,
545 5400 652 5482 εἴτε
677 5401 1036 5482 ἀφανίζοντα..
1057 5400 1267 5482 Mox-(1,
1301 5402 1658 5482 σταλάζοντα.
1694 5402 1785 5456 Pat

1895 5407 1993 5478 ipio
2017 5408 2443 5482 sedqovsmmihj
2478 5408 2576 5462 loci
2611 5407 2916 5482 Sophoclei,
2946 5411 3122 5482 Ajaeis
3157 5412 3332 5476 initio,
3367 5431 3474 5470 me-

226 5471 403 5555 m'oria
433 5480 729 5555 renovatur
752 5473 954 5544 ι”Αρτι
978 5473 1087 5544 γάρ
1117 5471 1414 5555 άνῂρείσω
1450 5475 1729 5555 τυγχάνει,
1756 5492 1785 5527 κ

1895 5471 2146 5555 στάζων
2185 5479 2388 5555 ἱδρῶτι.
2420 5477 2472 5531 ltt
2521 5494 2628 5555 quo
2659 5471 2749 5555 qui
2792 5471 3006 5535 volucre
3037 5481 3186 5555 jttngi
3221 5471 3476 5555 τυγχάνει

227 5540 378 5630 κάρα
403 5539 745 5630 στάξωνκρρ
801 5539 1137 5630 constantem
1189 5539 1643 5630 hujusverhi’ac
1673 5556 1785 5630 pa_r_t

1895 5539 2463 5630 lii.“S_0_CiCU'l‘léll-ll,jalll
2511 5539 2646 5603 satis
2677 5539 2896 5630 luerunt
2938 5539 3119 5630 verbis
3137 5539 3216 5605 “ex
3262 5539 3474 5609 ΕἸἷῖοιιιι

231 5611 477 5690 refutati,
509 5611 623 5690 Νῦν
643 5611 686 5663 δ’
717 5613 934 5682 ἀγροῖσι
962 5613 1243 5682 τυγχάνει,
1275 5613 1503 5682 aliisque
1543 5611 1785 5690 exempli:

1895 5617 2129 5690 trilibus.
2165 5611 2368 5684 Quibus
2401 5629 2455 5673 et
2494 5621 2855 5688 reponendum
2902 5621 3133 5682 videtur,
3170 5627 3336 5679 multo
3365 5643 3479 5679 ma-

231 5681 413 5761 gisad
453 5695 566 5761 rem
598 5681 788 5761 facere
796 5681 958 5761 atque
989 5681 1108 5761 esse
1133 5681 1486 5761 opperttun’us
1513 5684 1558 5738 si
1595 5681 1876 5761 inplicatur
1901 5685 2118 5756 Ulysses
2132 5681 2208 5761 de
2232 5699 2446 5761 recente
2470 5681 2648 5757 Ajaicis
2679 5690 2728 5743 iu
2761 5693 3048 5761 tentorium
3075 5681 3270 5761 reditu,
3294 5699 3474 5751 addita

231 5751 430 5890 capit;
451 5750 975 5888 illtlilal'fotllﬂ‘ivliznlls
1003 5750 1389 5823 descriptione,
1419 5769 1580 5822 quam
1613 5757 1659 5811 si
1687 5754 1741 5811 id
1774 5755 1850 5809 illi
1879 5750 2085 5814 tantum
2127 5759 2462 5830 signiﬁcetur
2498 5750 2679 5830 Macis
2710 5771 2869 5830 caput
2892 5759 3005 5828 jam
3031 5765 3249 5822 sudare.

499 5861 517 5886 ,
727 5840 757 5876 τ
813 5851 834 5875 ε
874 5861 889 5877 .
1986 5877 1988 5880 ,

499 5861 517 5886 ,
547 5840 696 5876 αΛΑοι
727 5840 889 5886 τινες.
