4042 6420
650 478 660 507 ί
702 412 808 474 9119
2118 406 2237 466 AD]

2280 405 2497 467 ENDA.
3738 401 3838 470 1000

750 531 1036 602 Respondit
1066 546 1266 588 senex:
1290 533 1575 601 Perspicue
1603 532 1814 601 quidem
1832 572 1848 598 ,
1876 540 2034 601 atque
2060 541 2117 585 ιιι
2148 548 2237 599 par

2280 525 2317 579 Α
2417 516 2527 569 Καί
2547 532 2712 587 φησιν
2741 518 2769 569 6
2788 515 2967 584 γέρων
2985 528 3001 545 ·
3032 512 3257 584 Τρανῶς
3287 512 3384 583 μὲν
3405 514 3496 567 καὶ
3516 520 3835 592 προσηκόντως

675 636 817 695 crat,
849 627 981 681 nihil
1025 627 1230 682 didicit.
1272 628 1512 682 Occlusis
1557 628 1697 681 enim
1745 627 2009 690 sensibus,
2041 626 2236 680 bonum

2340 608 2497 661 οὐδὲν
2527 607 2818 679 μεμάθηκε
2836 625 2851 640 ο
2883 607 3028 677 βύων
3055 606 3162 676 γὰρ
3178 606 3279 668 τὰς
3298 605 3585 675 αἰσθήσεις.
3605 611 3656 662 τὺ
3677 613 3837 680 ἀγαθὸν

681 722 747 777 de
775 722 1033 777 industria
1063 721 1341 790 repudiat,
1370 731 1532 789 atque
1576 722 1628 774 in
1657 722 1854 775 malum
1882 720 2044 774 libera
2075 717 2237 773 animi

2341 696 2484 749 ἑκὼν
2522 699 2584 749 οὐ
2618 698 2995 769 προσδέχεται,
3029 695 3166 766 πρὸς
3205 695 3266 747 τὸ
3315 696 3481 748 κακὸν
3502 698 3835 776 αὐτοπροαιρέ-

679 814 982 869 inductione
1010 788 1324 885 propendet.
1446 788 1453 789 ⁷

2340 806 2449 851 τως
2479 788 2577 860 τὴν
2601 790 2772 859 ῥοπὴν
2798 788 3162 859 κεκτημένος.

2429 880 2568 933 Ἀλλ’
2601 879 2813 953 ἧθελον,
2865 881 3033 950 φησὶν
3084 882 3113 933 6
3150 879 3407 948 Ἰωάσαφ,
3440 882 3666 938 κάκεῖνον
3705 890 3838 948 ταῦτα

2346 971 2595 1044 μυηθῆνα
2606 990 2641 1025 ι.

2428 1064 2488 1116 .0
2511 1064 2568 1117 δὲ
2596 1063 2774 1133 γέρων
2792 1081 2807 1096 .
2827 1064 2909 1118 Τὰ
2934 1063 3086 1135 παρά
3111 1064 3439 1135 ἀνθρώποις,
3464 1060 3621 1131 εἶπεν,
3640 1070 3838 1141 ἀδύνατα,

2344 1154 2496 1225 παρὰ
2534 1153 2612 1225 τῷ
2639 1154 2757 1224 θεῷ
2784 1155 2964 1207 πάντα
2986 1155 3192 1208 δυνατά
3226 1157 3344 1208 ἐστι
3365 1156 3496 1226 (14).
3529 1158 3588 1209 Τί
3622 1163 3712 1231 γὰρ
3731 1162 3840 1230 οἶδας

2346 1246 2394 1297 εἰ
2424 1244 2487 1296 σὺ
2516 1243 2712 1307 σώσεις
2743 1244 2835 1296 τὸν
2868 1244 3082 1316 πατέρα
3134 1260 3250 1309 σου,
3284 1246 3377 1297 καὶ
3417 1246 3593 1316 τρόπῳ
3617 1248 3840 1325 θαυμασίῳ

2344 1337 2622 1405 γεννήτωρ
2640 1336 2733 1389 τοῦ
2758 1334 2852 1388 σοῦ
2872 1352 2977 1405 χρη
2987 1336 3236 1404 ματέσεις
3262 1336 3576 1407 γεννήτορος
3593 1339 3705 1409 (15);
3723 1342 3839 1415 135

2359 1428 2599 1500 Ἀκήκοα
2632 1429 2739 1500 γὰρ
2776 1428 3001 1498 βασιλέα
3052 1427 3177 1480 τινὰ
3218 1427 3503 1495 γεγονέναι
3552 1432 3672 1484 πάνυ
3706 1437 3842 1501 καλῶς

2346 1522 2445 1591 τὴν
2494 1520 2688 1574 ἑαυτοῦ
2723 1517 3117 1588 οἱκονομοῦντα
3169 1518 3469 1588 βασιλείαν,
3518 1524 3681 1591 πράως
3705 1532 3841 1581 τεκαὶ

2351 1613 2527 1682 ἠπίως
2551 1610 2631 1683 τῷ
2665 1610 2757 1664 ὐπ’
2789 1611 2953 1663 αὐτὸν
3008 1610 3355 1680 κεχρημένον
3386 1609 3516 1681 λαῷ,
3561 1615 3611 1664 ὲν
3635 1615 3773 1685 τούτῳ
3800 1620 3840 1673 δὲ

2354 1704 2499 1774 μόνῳ
2530 1703 2918 1772 σφαλλόμενον,
2951 1701 3030 1771 τῷ
3065 1701 3139 1771 μὴ
3164 1701 3420 1754 πλουτεῖν
3448 1702 3534 1754 τὸν
3559 1703 3647 1773 τῆς
3667 1705 3839 1775 θεογνωο

2354 1794 2475 1856 σίας
2512 1796 2816 1864 φωτισμὸν,
2856 1792 2995 1847 ἀλλὰ
3033 1796 3098 1863 τῇ
3156 1793 3340 1865 πλάνῃ
3373 1793 3479 1846 τῶν
3529 1794 3724 1849 εἰδώλων
3746 1818 3840 1854 κατ-

2280 1890 2322 1944 B
2354 1885 2591 1956 ἐχεσθαι.
2614 1882 2739 1956 Εἶχε
2763 1886 2819 1939 δέ
2843 1903 2965 1938 τινα
2984 1885 3046 1937 σύ
3057 1884 3289 1955 μὸουλον
3321 1886 3523 1953 ἀγαθὸν
3542 1889 3624 1940 καὶ
3643 1894 3839 1956 παντοίως

2350 1977 2767 2047 κεκοσμημένον
2795 1981 2858 2048 τῇ
2895 1995 2953 2030 τε
2984 1978 3125 2048 πρὸς
3155 1977 3248 2030 τὸν
3282 1976 3419 2029 Θεὸν
3453 1979 3677 2050 εὐσεϐείᾳ
3705 1985 3839 2055 nisi}

2348 2066 2507 2138 λοιπῇ
2540 2070 2689 2137 πάσῃ
2706 2069 2945 2139 εναρέτῳ
2964 2068 3127 2139 σοφίᾳ
3142 2082 3157 2095 ·
3194 2067 3276 2133 ὃς,
3300 2066 3589 2137 ἀχθόμενος
3613 2070 3688 2122 καὶ
3706 2070 3837 2143 δυο-χε-

2349 2160 2548 2231 ραίνων
2574 2161 2666 2212 ἐπὶ
2690 2163 2754 2230 τῇ
2808 2161 2991 2232 πλάνῃ
3028 2160 3123 2213 τοῦ
3174 2159 3449 2229 βασιλέως
3477 2164 3565 2213 καὶ
3594 2162 3836 2231 βουλόμενος

745 925 811 980 At
839 926 1060 993 vellem,
1105 926 1277 991 inquit
1304 926 1594 995 Josaphat,
1627 926 1713 980 ille
1751 940 1960 996 quoque
2004 924 2104 979 hac
2145 924 2243 979 do-

676 1017 840 1070 ctrina
867 1016 1209 1070 imbueretur.

748 1113 1039 1182 Respondit
1068 1129 1231 1169 senex
1256 1131 1272 1168 :
1302 1116 1427 1170 Haec
1456 1115 1590 1184 apud
1624 1114 1868 1169 homines
1893 1121 2016 1167 sunt
2042 1114 2239 1181 impos-

677 1204 883 1269 sibilia;
914 1205 1050 1272 apud
1084 1206 1249 1259 Deum
1279 1216 1454 1260 autem
1506 1207 1634 1260 nihil
1663 1215 1745 1260 est
1782 1204 1922 1270 quod
1970 1205 2085 1259 ﬁeri
2133 1218 2236 1257 non

684 1298 847 1362 possit
872 1295 1092 1366 (Matth.
1118 1298 1251 1366 xtx).
1282 1296 1481 1364 Ecquid
1527 1297 1667 1351 enim
1707 1297 1811 1350 scis
1840 1293 2147 1350 futurumne
2172 1296 2242 1348 sit

680 1394 733 1436 ut
763 1385 894 1451 patri
926 1394 1016 1438 tuo
1042 1386 1263 1439 salutem
1295 1384 1504 1451 afferas,
1532 1395 1692 1450 atque
1736 1382 2044 1438 admirando
2084 1383 2242 1437 modo

681 1479 843 1545 patris
867 1476 939 1530 tui
968 1484 1116 1546 pater
1139 1476 1347 1530 tandem
1375 1475 1611 1529 voceris?
1638 1475 1915 1528 Narratum
1941 1477 2081 1530 enim
2111 1474 2241 1528 mihi

678 1581 759 1623 est
788 1585 965 1639 regem
1006 1573 1287 1639 quemdam
1315 1570 1606 1634 exstitisse,
1640 1568 1729 1637 qui
1773 1568 2025 1635 prmclare
2052 1567 2239 1620 admo-

677 1661 803 1716 dum
834 1661 1028 1731 regiam
1056 1674 1207 1713 suam
1230 1660 1535 1726 dignitatem
1561 1658 1993 1722 administrabat,
2026 1657 2242 1711 leniter—

678 1766 783 1816 que
811 1766 873 1805 ac
904 1749 1107 1815 placide
1137 1749 1387 1818 populum
1413 1764 1499 1817 qut
1532 1749 1698 1816 ipsius
1723 1746 1907 1801 ditioni
1944 1758 2102 1813 atque
2144 1747 2240 1799 im-

679 1842 829 1907 perio
857 1839 1070 1893 suberat
1098 1838 1381 1901 tractabat,
1426 1838 1477 1891 in
1512 1841 1609 1891 hac
1650 1847 1823 1891 autem
1865 1852 1967 1890 una
2005 1852 2063 1890 re
2094 1838 2238 1890 labe-

683 1933 853 1995 batur,
876 1929 1011 1997 quod
1043 1928 1233 1983 divina:
1263 1930 1576 1997 cognitionis
1600 1930 1793 1981 lumine
1816 1940 2051 1985 careret,
2081 1939 2238 1988 atque

672 2018 929 2071 idolorum
960 2018 1102 2069 cultu
1135 2016 1453 2069 constrictus
1481 2023 1769 2068 teneretur.
1806 2014 1933 2067 Erat
1970 2021 2146 2068 autem
2175 2011 2226 2067 ei

666 2107 860 2171 probus
888 2107 1100 2173 quidam
1145 2105 1495 2169 consiliarius,
1526 2119 1589 2157 ac
1634 2116 1743 2157 tum
1771 2118 1891 2171 erga
1926 2104 2089 2158 Deum
2120 2103 2232 2169 pie-

667 2207 791 2261 tate,
826 2209 934 2250 tum
967 2199 1177 2252 caeteris
1220 2198 1502 2252 virtutibus
1547 2198 1935 2263 ornatissimus,
1973 2199 2063 2267 qui
2107 2211 2230 2251 cum
2700 2198 2779 2271 Ἦ,
3035 2198 3123 2271 :w
3594 2198 3783 2271 τῖ”ξνθῗ

662 2290 805 2354 regis
832 2303 1015 2341 errore
1043 2299 1344 2355 augeretur,
1390 2302 1617 2355 eumque
1660 2286 1981 2354 permoleste
2027 2284 2230 2354 ferret,

2346 2252 2507 2305 αὐτὸν
2529 2255 2659 2323 περὶ
2691 2252 2882 2307 τούτου
2904 2253 3120 2321 ἐλέγξαι
3138 2293 3152 2315 ,
3184 2252 3557 2322 ἁνεχαιτξζετο
3582 2254 3664 2324 τῆς
3685 2258 3824 2325 ὁρμῆς,

2349 2345 2373 2362 ᾗ
2410 2344 2433 2362 δ
2534 2344 2547 2361 λ
2664 2345 2674 2362 ,
2834 2345 2857 2356 ,,
3020 2344 3068 2362 ,,.
3215 2346 3229 2362 ,
3360 2344 3383 2357 .
3570 2347 3583 2362 ι
3655 2348 3671 2362 .
3746 2350 3755 2362 .
3810 2348 3825 2357 .

666 2387 823 2445 atque
853 2377 1026 2445 ipsum
1058 2378 1162 2430 hoc
1193 2378 1405 2431 nomine
1432 2392 1719 2446 coarguere
1750 2378 1803 2430 in
1841 2377 2019 2431 animo
2067 2378 2231 2431 habe-

2345 2344 2598 2408 δεδοικὼς
2618 2345 2691 2416 μὴ
2713 2345 2899 2398 κακῶν
2932 2344 3190 2415 πρόξενος
3210 2344 3393 2415 ἑαυτῴ
3418 2362 3475 2396 τε
3507 2347 3591 2397 καὶ
3606 2348 3690 2407 τοῖς
3714 2348 3830 2400 οὐτοῦ

667 2476 785 2528 ret,
819 2475 993 2519 tamen
1028 2465 1124 2519 hac
1149 2465 1216 2519 de
1253 2480 1406 2519 causa
1436 2481 1555 2519 sese
1596 2466 1945 2532 reprimebat,
1973 2465 2111 2535 quod
2140 2481 2235 2518 ve-

2347 2438 2587 2509 ἑταιροις
2618 2439 2830 2506 γένοιτο
2856 2441 2952 2492 καὶ
2975 2438 3073 2508 τὴν
3098 2438 3397 2507 γινομένην
3432 2437 3498 2490 δι’
3526 2438 3669 2490 αὐτού
3688 2439 3832 2491 πολλῶν

668 2566 893 2618 reretur.
920 2572 984 2610 ne
1006 2557 1182 2611 et'sibi
1207 2568 1259 2611 et
1284 2556 1442 2611 sociis
1465 2558 1576 2611 suis
1600 2558 1889 2625 perniciem
1912 2567 2231 2623 accerseret,

2346 2530 2614 2599 ὠφέλειαν
2642 2530 3010 2600 περικόψειεν.
3058 2530 3273 2600 Ἐζήτει
3297 2530 3356 2582 δὲ
3379 2530 3523 2599 ὅμως
3551 2532 3708 2601 καιρὸν
3733 2531 3832 2584 :60:-

667 2661 893 2714 eatnque
926 2648 1202 2699 utilitatem
1232 2662 1347 2715 quae
1375 2662 1439 2701 ex
1480 2619 1687 2716 ipso-ad
1724 2648 1856 2701 alios
1895 2619 2237 2716 promanabat

2346 2638 2437 2674 τον
2468 2621 2563 2674 τοῦ
2591 2621 2817 2675 ἑλκύσαι
2840 2621 3002 2673 αὐτὸν
3029 2622 3166 2691 πρὸς
3194 2622 3256 2673 τὸ
3294 2619 3516 2688 ἀγαθόν.
3540 2621 3687 2689 Φησιν
3708 2621 3775 2673 οὐν
3795 2624 3831 2673 ἐν

668 2745 985 2803 atnputaret.
1011 2736 1353 2790 Occasionem
1378 2749 1551 2791 autem
1580 2738 1922 2793 nihilominus
1943 2742 2236 2809 quaerebat,

2350 2716 2448 2785 μιᾷ
2477 2716 2632 2767 νυκτὶ
2656 2716 2794 2785 πρὸς
2826 2713 2989 2766 αὐτὸν
3012 2716 3039 2765 6
3066 2713 3325 2782 βασιλεύς
3352 2730 3365 2743 ·
3398 2712 3562 2782 Δεῦρο
3580 2712 3653 2783 δὴ,
3674 2712 3825 2776 ἐξέλθω-

669 2837 771 2891 qua
818 2824 1097 2878 commode
1140 2826 1310 2893 ipsum
1356 2826 1422 2878 ad
1464 2825 1658 2881 bonum
1707 2804 2061 2896 pertraheret.
2097 2804 2232 2884 Dixit

2351 2823 2450 2876 μεν
2473 2807 2566 2859 καὶ
2593 2806 3138 2877 ὲμπεριπατήσωμεν
3164 2805 3264 2875 τὴν
3301 2804 3480 2867 πόλιν,
3498 2804 3562 2855 θεῖ
3586 2806 3671 2856 πού
3698 2822 3740 2856 τι
3761 2806 3832 2855 τῶν

670 2913 829 2982 igitur
871 2922 1027 2968 nocte
1055 2917 1279 2984 quadam
1311 2916 1376 2969 ad
1421 2930 1538 2969 eum
1571 2932 1663 2970 rex
1697 2935 1709 2969 :
1746 2918 2042 2983 Adesdum,
2082 2935 2234 2987 egre-

2346 2898 2700 2968 ὠφελούντων
2746 2898 2858 2968 (16)
2904 2897 3170 2968 ὀψόμεθα.
3260 2897 3759 2970 Ἐμπεριπατούντων
3794 2899 3832 2949 δὲ

673 3006 902 3074 diamur,
929 3020 993 3060 ac
1016 3008 1279 3062 civitatem
1303 3010 1712 3073 circumeamus,
1738 3026 1865 3064 num
1890 3011 2022 3065 forte
2043 3012 2237 3081 aliquid

2348 2990 2524 3043 αὐτῶν
2550 2990 2649 3060 τὴν
2676 2988 2853 3052 πόλιν,
2882 2984 3022 3041 εἶδον
3061 2988 3242 3058 φωτὸς
3273 2989 3451 3059 αὐγὴν
3489 2988 3587 3041 ἀπό
3608 3005 3725 3049 τινος
3744 3004 3833 3055 τρυ-

673 3097 817 3165 quod
847 3098 899 3151 in
932 3114 1042 3152 rem
1085 3100 1316 3153 futurum
1350 3101 1418 3154 sit
1456 3101 1858 3169 perspiciamus.
1894 3104 2025 3155 Cum
2065 3114 2237 3157 autem

2352 3086 2549 3156 μαλιᾶς
2578 3086 2920 3153 λάμπουσαν·
2950 3085 3066 3147 καὶ,
3090 3087 3267 3155 ταύτῃ
3315 3088 3441 3147 τοὺς
3465 3084 3735 3154 ὀφθαλμοὺς
3752 3086 3835 3134 im-

676 3188 753 3241 illi
784 3203 876 3255 per
905 3190 1088 3245 urbem
1130 3190 1564 3257 obambularent,
1606 3191 1738 3246 lucis
1781 3193 2120 3261 splendorem
2152 3209 2237 3260 per

2280 3240 2313 3261 ﬁ
2350 3178 2623 3240 ϐαλόντες,
2656 3177 2942 3246 βλέπουσιν
2981 3178 3236 3244 ὐπόγειόν
3284 3194 3339 3230 τι
3396 3177 3645 3246 άντρῶδες
3669 3175 3833 3244 οἴκημα,

706 3240 711 3241 γ
785 3240 801 3255 ,
852 3240 865 3242 _
912 3240 1088 3245 wn---
1138 3240 1564 3257 -__________-_--,
1606 3240 1735 3246 η---
1782 3240 2120 3261 -,_,_-_-.----_
2152 3240 2233 3260 τ--

681 3282 917 3335 foramen
971 3282 1235 3351 quoddam
1290 3285 1581 3336 radiantem
1638 3298 1909 3337 cernunt:
1952 3300 2074 3349 cut,
2121 3300 2237 3338 cum

2280 3240 2315 3296 θ
2349 3273 2405 3323 ἐν
2455 3264 2497 3336 ᾧ
2530 3269 2937 3341 προύκαθέζετο
2984 3269 3122 3339 ἀνὴρ
3170 3269 3379 3341 ἐσχάτῃ
3420 3268 3586 3332 συζῶν
3622 3269 3747 3337 πενίᾳ
3771 3267 3834 3318 καὶ

673 3370 857 3423 oculos
884 3370 1203 3438 adjecissent
1220 3413 1234 3437 ,
1264 3372 1666 3427 subterraneum
1692 3375 1953 3444 quoddam
1980 3386 2035 3429 et
2061 3390 2237 3429 caver-

2349 3362 2538 3431 εὐτελῆ
2585 3378 2708 3413 τινα
2739 3361 3119 3430 περικείμενος
3172 3361 3361 3431 ῥάκια.
3416 3361 3694 3430 Παρίστατο
3734 3358 3775 3409 δὲ
3810 3358 3833 3423 ἡ

677 3477 866 3514 nosum
891 3464 1215 3518 domicilium
1250 3465 1645 3533 conspicantur,
1676 3470 1727 3522 in
1772 3484 1878 3529 ouo
1921 3470 2237 3537 praesidebat

2349 3454 2485 3524 γυνὴ
2514 3455 2679 3506 αὐτοῦ
2723 3449 2866 3505 οἶνον
2897 3452 3143 3523 κιρνῶσα
3170 3452 3216 3521 (1
3230 3452 3304 3516 7).
3355 3451 3463 3503 Τοῦ
3507 3452 3559 3503 δὲ
3592 3448 3743 3519 6v696;
3766 3445 3835 3515 τὴν

676 3554 756 3605 vir
787 3554 998 3620 quidam
1030 3564 1266 3610 extrema
1298 3557 1474 3624 in0pia
1503 3557 1772 3626 laborans,
1812 3574 1874 3612 ac
1899 3558 2093 3614 vilibus
2124 3563 2237 3629 qui-

2350 3547 2549 3601 κύλικα
2593 3547 2685 3599 ἐπὶ
2712 3549 2901 3617 χεῖρας
2953 3546 3230 3607 λαϐόντος,
3285 3545 3507 3615 λιγυρὸν
3535 3543 3697 3615 ᾄδουσα
3717 3540 3836 3609 μέλος

680 3644 898 3699 busdam
943 3656 997 3701 et
1048 3648 1238 3703 laceris
1283 3650 1470 3717 pannis
1516 3652 1750 3706 indutus.
1798 3654 2021 3708 Astabat
2066 3666 2237 3708 autem

2351 3639 2555 3707 ἐκείνη,
2587 3637 2778 3708 τέρψιν
2830 3638 2979 3707 αὐτῷ
3028 3638 3263 3689 ἐνεποίει
3314 3636 3622 3707 ὀρχουμένη,
3666 3633 3734 3684 καὶ
3766 3630 3834 3682 τὸν

679 3735 844 3805 ipsius
874 3754 1025 3799 uxor,
1052 3740 1228 3793 vinum
1261 3742 1356 3809 ipsi
1390 3751 1712 3809 temperans.
1744 3742 1981 3813 Cumque
2011 3745 2125 3813 ipse
2154 3761 2237 3813 po-

2351 3731 2519 3801 ἄνδρα
2546 3728 2846 3799 ἐγκωμίοις
2869 3728 3303 3795 καταθέλγουσα.
3336 3731 3400 3781 Ol
3431 3730 3554 3798 περὶ
3578 3727 3652 3778 τὸν
3673 3720 3838 3793 βασιλέα

679 3828 854 3880 culum
889 3830 1129 3883 manibus
1150 3831 1478 3897 accepisset,
1509 3832 1595 3885 illa
1636 3847 1798 3887 suave
1839 3811 2104 3901 quoddam
2131 3851 2237 3890 car-

2354 3824 2556 3886 τοίνυν,
2592 3822 2686 3875 ἐπὶ
2719 3821 2867 3891 ὥραν
2896 3821 3087 3891 ἱκανὴν
3117 3821 3292 3873 ταῦτα
3323 3818 3701 3878 κατανοοῦντες,
3724 3811 3834 3867 ἐθαύ-

682 3931 804 3969 men
832 3908 1047 3983 canens,
1078 3920 1399 3987 voluptatem
1429 3921 1527 3989 ipsi
1554 3922 1837 3987 all'erebat,
1865 3925 2064 3980 saltans
2092 3926 2237 3979 nimi-

2357 3911 2527 3974 μαζον
2556 3913 2656 3973 ὅτι,
2698 3910 2923 3982 τοιαύτῃ
2954 3911 3268 3981 πιεζόμενοι
3305 3910 3469 3980 πενίᾳ
3501 3910 3569 3973 ὼς
3604 3909 3714 3976 μήτε
3734 3905 3836 3956 οἷκον

682 4023 838 4073 rum,
887 4022 950 4062 ac
1006 4011 1251 4064 maritum
1299 4009 1542 4065 laudibus
1590 4012 1871 4069 deliniens.
1923 4015 2037 4070 Rex
2089 4018 2237 4088 igitur

2353 4005 2607 4072 εὐπορεῖν
2624 4003 2748 4071 μήτ’
2761 4003 3007 4070 ἐσθῆτος,
3033 4002 3206 4065 οὕτως
3225 4002 3479 4073 εὐθύμως
3492 4002 3575 4055 τὸν
3586 3998 3835 4069 βίονδιῆγον.

682 4106 1058 4173 aliquantisper
1092 4106 1202 4161 ltzec
1243 4110 1589 4177 perspiciens,
1620 4110 1911 4166 mirabatur
1939 4112 2079 4181 quod
2110 4084 2237 4166 'cum

2354 4096 2463 4148 Καί
2492 4096 2650 4165 136
2670 4111 2831 4164 φησιν
2859 4096 2885 4148 6
2915 4094 3168 4164 βασιλεὺς
3198 4093 3276 4164 τῷ
3304 4090 3741 4162 πρωτοσυμὸούλῳ
3762 4084 3837 4181 (18)

682 4203 827 4249 tanta
855 4206 1090 4266 egestate
1118 4208 1499 4265 premerentur,
1529 4210 1585 4254 ut
1633 4218 1730 4256 nec
1751 4203 1939 4257 domus
1962 4218 2060 4256 nec
2084 4204 2237 4257 vestit

2354 4185 2518 4239 αὐτοῦ
2544 4202 2556 4215 ο
2600 4185 2787 4237 Ὢτοῦ
2828 4184 3126 4254 θαύματος,
3168 4186 3312 4254 φίλε,
3353 4188 3435 4240 ὅτι
3473 4182 3591 4255 ἐμοί
3620 4198 3670 4236 τε
3694 4180 3767 4233 καὶ
3784 4176 3837 4228 σοὶ

684 4285 813 4353 ipsis
839 4297 1171 4355 suppeteret,
1202 4296 1378 4343 tamen
1402 4304 1566 4357 usque
1588 4291 1721 4346 adeo
1752 4292 1922 4345 latam
1948 4300 2003 4346 et
2026 4292 2237 4346 hilarem

2354 4280 2473 4332 οὐδὲ
2502 4278 2672 4340 οὕτως
2714 4279 2742 4329 6
2775 4277 2896 4331 καθ’
2943 4279 3090 4347 ἡμᾶς
3151 4294 3280 4332 ποτε
3323 4280 3484 4350 ἤρεσε
3513 4277 3634 4347 βίος,
3664 4272 3840 4339 τοσαύτῃ

682 4378 845 4431 vitam
875 4377 1148 4434 ducerent.
1182 4379 1354 4448 Atque
1394 4381 1458 4435 ad
1490 4382 1793 4451 primarium
1822 4398 1971 4436 suum
2005 4382 2237 4436 consilia.

2355 4368 2484 4441 δόξῃ
2522 4369 2617 4421 καὶ
2657 4372 2839 4440 τρυφῇ
2870 4386 2975 4439 περ
3004 4369 3116 4439 (l9)
3162 4369 3500 4441 διαλάμπων,
3532 4368 3601 4430 ὠς
3627 4369 3654 4436 ἡ
3682 4361 3842 4429 εὐτελὴς

683 4471 819 4523 rium
871 4470 953 4525 his
992 4473 1168 4527 verbis
1211 4475 1411 4527 utitur:
1444 4476 1487 4528 0
1533 4490 1644 4528 rem
1695 4476 1916 4537 miram,
1964 4488 2001 4530 o
2046 4474 2237 4528 amice!

2357 4461 2495 4531 αὐτη
2525 4460 2619 4514 καὶ
2652 4462 2996 4530 ταλαίπωρος
3028 4461 3143 4531 ζωὴ
3163 4462 3389 4525 τούτους
3416 4462 3477 4531 δὴ
3500 4461 3616 4521 τοὺς
3644 4455 3841 4524 ἀνοήτους

685 4561 826 4628 quod
851 4563 1083 4629 scilicet,
1112 4579 1211 4618 nec
1237 4566 1398 4633 mihi,
1427 4581 1524 4619 nec
1547 4565 1671 4631 tibi,
1705 4567 1808 4619 vita
1836 4577 2037 4631 nostra,
2065 4581 2237 4635 quam-

2284 4581 2328 4636 Ι)
2355 4554 2567 4623 τέρπει,
2591 4553 2687 4606 καὶ
2715 4552 2898 4622 ἡδύνει
2926 4551 3067 4617 λεῖος
3096 4554 3279 4617 αὐτοῖς
3310 4555 3406 4608 καὶ
3427 4549 3681 4624 προσηνὴς
3704 4547 3726 4597 6
3750 4560 3845 4636 τραέ

688 4653 768 4705 vis
800 4654 996 4722 alioqui
1035 4662 1176 4707 tanta
1208 4655 1371 4724 gloria
1413 4668 1465 4710 et
1491 4655 1695 4711 deliciis
1722 4665 1778 4710 et
1806 4658 2070 4725 voluptate
2084 4634 2237 4709 fundi-

2287 4634 2313 4636 ⁷
2355 4646 2457 4717 χὺς
2511 4638 2665 4708 οὗτος
2703 4648 2797 4699 καὶ
2854 4648 3193 4711 ἀπευκταῖος
3254 4646 3369 4716 βίος
3427 4634 3842 4711 καταφαινόμενοςὶ

571 4780 579 4788 .
687 4760 792 4811 que
837 4745 1131 4809 collucens,
1178 4762 1344 4815 usque
1391 4747 1527 4802 adeo
1581 4764 1810 4816 unquam
1864 4748 2152 4816 placuerit,
2196 4762 2237 4799 ut

2356 4739 2627 4808 Εὐκαίρου
2662 4739 2720 4793 δὲ
2769 4740 3108 4810 δραξάμενος
3139 4742 3168 4793 ὁ
3216 4736 3686 4811 πρωτοσύμὸουλος
3719 4733 3843 4799 ὧρας.

685 4834 805 4888 vilis
838 4833 948 4889 haec
985 4845 1039 4888 et
1078 4851 1376 4891 aarumnosa
1414 4838 1518 4891 vita
1564 4839 1820 4893 vecordes
1866 4839 1996 4892 istos
2025 4838 2237 4891 oblectat

2355 4829 2459 4899 ἔφη
2480 4848 2495 4860 ·
2528 4830 2688 4881 Ἀλλά
2720 4832 2801 4882 σοί
2831 4847 2915 4897 γε,
2949 4830 3194 4900 βασιλεῦ,
3235 4831 3353 4894 πῶς
3380 4834 3413 4902 ἡ
3444 4829 3634 4882 τούτων
3658 4821 3845 4891 φαίνεται

685 4937 739 4981 et
762 4926 1049 4993 exhilarat,
1081 4936 1138 4981 ut
1165 4943 1304 4996 quae,
1336 4930 1545 4983 tametsi
1573 4930 1766 4999 alioqui
1797 4945 1984 5000 aspera
2023 4938 2077 4983 et
2100 4943 2237 4982 aver-

2358 4921 2542 4991 βιοτῆς
2570 4922 2821 4984 Πάντων,
2842 4924 3005 4993 φησὶν
3025 4925 3051 4975 6
3070 4922 3348 4992 βασιλεὺς,
3371 4916 3444 4976 ὧν
3466 4921 3661 4972 πώποτε
3678 4912 3845 4979 ἑώρακα

686 5018 871 5085 sanda,
903 5015 1072 5072 facilis
1104 5018 1236 5088 ipsis
1265 5034 1327 5074 ac
1371 5020 1560 5073 blanda
1592 5020 1854 5075 videatur.
1887 5021 2237 5089 Opportunaun

2359 5012 2672 5083 ἀηδεστάτῃ
2700 5014 2792 5064 καὶ
2831 5013 3261 5084 δυστυχεστάτη,
3288 5012 3543 5082 βδελυκτή
3570 5023 3623 5060 τε
3644 5005 3721 5057 καὶ
3746 5000 3842 5052 ἀτω-

681 5121 861 5164 autetn
895 5111 1080 5165 horam
1121 5120 1309 5166 nactus
1358 5114 1604 5182 princeps
1649 5114 1737 5167 ille
1775 5112 2132 5175 consiliarius,
2176 5110 2237 5162 in‘

2359 5105 2642 5175 τρόπαιος.
2676 5106 2811 5158 Τότε
2828 5104 2977 5173 λέγει
3004 5107 3141 5175 πρὸς
3170 5106 3331 5158 αὐτὸν
3357 5108 3385 5157 6
3410 5092 3839 5174 πρωτοσύμὸουλο;’

760 5288 870 5356 tu)
894 5287 1057 5341 Marc.
1091 5303 1146 5353 x,
1170 5286 1243 5339 27
1274 5304 1287 5340 :
1316 5285 1473 5355 Παρὰ
1508 5284 1815 5356 ἀνθρώποις
1855 5285 2136 5347 ἀδύνατον,
2173 5282 2289 5338 ἀλλ’
2321 5285 2382 5337 οὐ
2426 5284 2575 5356 παρὰ
2606 5282 2683 5354 τῷ
2733 5284 2887 5355 Θεῷ·
2918 5284 3095 5339 πάντα
3127 5284 3237 5355 γὰρ
3278 5282 3472 5338 δυνατά
3501 5283 3607 5334 ἐστι
3647 5272 3765 5343 παρὰ
3786 5265 3841 5335 τῷ

681 5358 821 5427 Θεῷ.
848 5358 932 5411 Cl‘.
957 5357 1154 5411 similia
1183 5358 1321 5425 apud
1353 5356 1552 5427 Matth.
1578 5355 1802 5427 xtx,26.
1862 5426 1865 5427 ν
1965 5378 1969 5384 ·

755 5422 865 5495 (15)
889 5428 1103 5481 Lemma
1140 5422 1421 5480 metricum
1455 5427 1504 5479 in
1527 5426 1573 5479 Α
1601 5444 1614 5479 :
1651 5426 1761 5496 Τὴν
1789 5426 1881 5480 τοῦ
1914 5426 2176 5496 Βαρλαὰμ
2200 5442 2237 5476 π

2280 5439 2442 5494 οφητε
2450 5425 2535 5477 ίαν
2560 5422 2655 5479 νῦν
2684 5425 2781 5480 ῐδε.

752 5499 862 5568 (16)
897 5499 960 5563 C,
996 5496 1177 5568 όφειλρ
1185 5498 1380 5565 μένων.

758 5562 866 5637 (17)
898 5562 951 5637 ᾼν
970 5562 1086 5619 sine
1114 5562 1274 5637 οἶνον.

892 5635 1128 5690 Joannes
1157 5619 1300 5709 Hier.
1334 5635 1453 5690 Vita
1478 5637 1671 5692 Joann.
1696 5638 1958 5709 Datnasc.
1993 5637 2186 5709 p._245
2214 5656 2227 5690 :

2280 5639 2331 5691 Ὀ
2371 5639 2426 5691 δὲ
2453 5638 2564 5691 τῶν
2606 5636 3233 5709 Σαρακηνῶνγὰρχηγὸς,
3273 5640 3362 5694 τὸν
3397 5636 3626 5703 Ἰωάννην
3649 5619 3835 5709 alneis;

686 5685 1394 5779 σάὶλεῖἔοξξέέέρἇέχέιρέζετό
1408 5685 1965 5779 ῥῶ-ἓοᾶύῇοοῦλέἷ.
1996 5685 2021 5708 ¹’
2034 5685 2182 5779 νᾷίεῖ
2195 5685 2227 5779 ιζ
2236 5728 2237 5757 1

2325 5726 2517 5762 nomen
2574 5685 3075 5779 προῖτοσύμϐούλδδ
3099 5685 3457 5779 “respondere
3499 5685 3692 5779 sttuit-"18
3733 5685 3835 5761 apud

684 5770 1187 5845 Arabesdigtiitati,
1209 5770 1326 5846 quae
1346 5790 1429 5831 est
1455 5770 1914 5833 Emit-nlo‘marni.
1955 5780 2052 5832 Adi
2084 5777 2263 5833 Κείοις.
2291 5783 2357 5830 ad
2400 5770 2683 5832 Constant.
2717 5770 3046 5848 Porpltyrog.
3078 5770 3255 5833 Cerini
3288 5797 3338 5846 p.
3365 5776 3463 5832 806
3487 5775 3563 5848 egi.
3590 5770 3643 5824 Ν·

758 5850 867 5921 09)
895 5848 949 5902 In
978 5844 1018 5902 C
1046 5858 1128 5902 est
1154 5844 1539 5904 etc—otrectionc
1572 5851 1870 5904 recentiore
1901 5850 2117 5919 καίπερ.
2154 5853 2237 5904 Set

2282 5866 2386 5921 περ
2419 5852 2541 5903 ςιιιω
2570 5852 2647 5903 sic
2682 5844 2965 5901 adhibetur
2994 5844 3110 5904 t'cl'.
3146 5867 3197 5918 p.
3239 5844 3335 5905 138
3364 5860 3414 5904 et
3446 5844 3555 5900 140.
