4042 6424
222 407 352 472 1001

1321 421 1497 482 νΙΤΑ
1539 417 1895 478 BARLAAM
1930 416 2026 475 ΕΤ
2066 417 2415 478 JOASAPH.

3338 421 3472 485 1002

214 531 404 593 Οὕτως
435 524 553 594 οὖν,
593 523 654 585 εὖ
692 529 825 598 ίσθι,
860 533 1104 604 βασιλεῦ,
1152 534 1247 588 καὶ
1281 534 1462 604 πολλῷ
1486 532 1796 604 χαλεπώτε-

1905 530 2057 600 quit:
2088 532 2170 586 Tu
2199 549 2349 604 vero,
2377 551 2412 591 ο
2437 552 2552 608 rex,
2595 540 2890 610 cuiusmodi
2921 543 3131 597 tandem
3170 543 3360 599 horum
3389 542 3475 597 vi-

216 639 310 692 ρος
347 622 378 674 6
407 621 531 676 καθ’
565 623 712 694 ἡμᾶς
757 623 1069 694 λελόγισται
1107 625 1222 694 βίος
1252 629 1367 689 τοῖς
1405 625 1676 689 ἐπόπταις
1706 624 1800 676 καὶ

213 713 456 782 μύσταις
488 713 590 784 τῆς
637 715 808 770 ἀϊδίου
859 715 1018 786 δόξης
1064 717 1284 789 ἐκείνης
1338 720 1436 772 καὶ
1463 718 1575 771 τῶν
1621 717 1802 770 πάντα

211 805 341 861 νοῦν
372 806 810 879 ὑπερδαινόντων
830 809 1053 879 ἀγαθῶν
1075 827 1090 839 ·
1121 813 1185 866 ατ
1204 830 1264 866 τε
1292 811 1482 884 χρυσῷ
1505 812 1801 867 καταστίλ-

210 897 408 954 6ουσαι
460 900 631 953 οἰκίαι
665 901 759 954 καὶ
795 901 866 956 τὰ
902 903 1137 976 λαμπρὰ
1168 904 1340 959 ταῦτα
1375 905 1674 976 ἐνδύματα,
1706 906 1799 959 καὶ

209 992 243 1058 ή
279 990 444 1061 λοιπὴ
493 992 588 1045 τοῦ
634 991 753 1062 βίου
795 994 988 1048 τούτου
1039 996 1242 1068 τρυφὴ,
1299 997 1584 1052 σκυσάλων
1614 1015 1673 1051 τε
1703 997 1800 1052 καὶ

211 1081 446 1151 ἀμαρῶν
476 1083 615 1136 εἰσιν
643 1084 948 1156 ἀηδέστερα
975 1089 1088 1149 τοῖς
1118 1087 1420 1159 ὀφθαλμοῖς
1438 1088 1548 1142 τῶν
1578 1089 1799 1142 εἰδότων
1822 1144 1833 1155 ,

209 1174 279 1225 τὰ
295 1173 664 1245 ἁνεκδιήγητα
685 1176 856 1248 κάλλη
880 1177 988 1232 τῶν
1007 1179 1065 1232 ἐν
1081 1179 1335 1250 οὐρανοῖς
1363 1179 1799 1252 ἀχειροτεύκτων

210 1266 595 1335 σκηνωμάτων
636 1267 774 1340 (20),
815 1268 920 1338 τῆς
978 1269 1316 1339 θεοῦφάντου
1365 1289 1427 1325 τε
1461 1271 1660 1342 στολῆς
1705 1271 1798 1326 καὶ

205 1354 318 1408 τῶν
375 1357 672 1427 ἀφθάρτων
739 1359 1108 1431 διαδημάτων,
1143 1363 1181 1418 ἃ.
1243 1365 1543 1435 ἡτοίμασεν
1597 1367 1627 1418 ό
1659 1363 1792 1428 Θεὸς

205 1449 322 1508 τοῖς
350 1448 639 1515 ἀγαπῶσιν
669 1453 830 1506 αὑτὸν
855 1455 990 1526 (21),
1016 1456 1044 1508 6
1085 1457 1304 1512 πάντων
1331 1460 1678 1530 Δημιουργὺς
1703 1459 1798 1512 καὶ

211 1538 374 1609 137
420 1541 642 1613 Κύριος.
698 1546 793 1598 Ὃν
847 1549 1051 1618 τρόπον
1098 1552 1207 1621 γὰρ
1259 1550 1602 1621 ἀνοηταίνειν
1664 1553 1797 1622 ἡμῖν

203 1627 356 1683 οὗτοι
389 1631 774 1706 ἐλογίσθησαν,
807 1639 988 1711 πολλῷ
1017 1642 1180 1695 πλέον
1205 1643 1390 1714 ἡμεῖς,
1420 1645 1469 1696 oi
1495 1643 1573 1714 τῷ
1605 1645 1798 1716 κόσμῳ

205 1723 685 1798 περιπλανώμενοι
721 1731 817 1784 καὶ
866 1734 1347 1806 αὐταρεσκοῦντες
1394 1739 1453 1790 ἐν
1487 1739 1553 1808 τῇ
1603 1737 1799 1808 ψευδο·

207 1819 347 1891 μένῃ
379 1823 553 1896 ταύτῃ
580 1826 708 1898 δόξῃ
743 1830 838 1882 καὶ
878 1830 1098 1903 ἀνοήτῳ
1141 1835 1348 1905 τρυφῇ,
1376 1833 1592 1905 θρήνων
1627 1835 1797 1903 ἐσμὲν

1907 631 2012 675 tam
2039 636 2162 678 esse
2189 626 2499 683 existimas?
2537 631 2812 696 Omnium,
2859 632 3031 701 inquit
3075 632 3185 699 ille,
3216 647 3346 704 quas
3375 647 3475 690 un-

1903 726 2061 778 quatn
2090 714 2317 770 viderim
2337 755 2354 781 ,
2402 719 2822 775 insuavissimam
2855 731 2908 776 et
2945 721 3332 789 miserrimam,
3375 738 3474 780 ex-

1902 803 2304 873 secratioueque
2341 805 2553 879 dignam
2591 819 2647 866 et
2687 813 3056 866 aversandam.
3101 809 3250 868 Tun’c
3285 815 3360 869 ait
3405 813 3474 870 ad

1901 907 2023 948 eum
2088 897 2384 964 primarius
2457 896 2546 953 ille
2621 899 2964 957 consiliarius
3039 921 3054 956 :
3120 906 3200 960 Ad
3229 907 3471 964 eumdem

1902 984 1973 1038 ita
2004 987 2382 1049 modum.mihi
2427 991 2608 1057 crede,
2635 1007 2668 1045 ο
2695 1008 2811 1058 rex,
2843 1008 2906 1046 ac
2935 995 3100 1051 multo
3128 999 3286 1052 etiam
3317 1015 3471 1054 acer-

1901 1075 2016 1128 bior
2055 1077 2162 1131 vita
2209 1088 2390 1134 nostra
2428 1081 2492 1133 iis
2537 1095 2658 1136 esse
2695 1082 2923 1150 videtur,
2951 1087 3040 1155 qui
3087 1091 3467 1156 sempiternam

1900 1165 2043 1220 illam
2073 1169 2332 1238 gloriam,
2366 1185 2432 1224 ac
2459 1173 2594 1226 bona
2626 1174 2713 1227 illa
2743 1190 2862 1242 quae
2904 1191 3116 1231 omnem
3159 1181 3351 1233 mentis
3375 1194 3468 1235 ca-

1901 1267 2046 1326 ptum
2099 1272 2390 1327 superam,
2433 1266 2866 1332 contemplantur
2910 1276 3070 1336 atque
3123 1280 3464 1338 cognoscunt.

1899 1346 2072 1414 Atque
2095 1361 2226 1400 auro
2253 1351 2532 1406 rutilantes
2572 1353 2736 1419 mdes,
2777 1368 2839 1409 ac
2871 1357 3128 1424 praeclara
3161 1359 3274 1412 haec
3313 1359 3469 1413 indu-

1901 1443 2100 1502 menta,
2142 1451 2454 1505 ceteraeque
2499 1445 2620 1497 vitae
2662 1445 2896 1512 delicia,
2929 1447 2993 1502 iis
3037 1449 3124 1516 qui
3171 1451 3463 1504 antestium

1905 1529 2367 1583 tabernaculorum
2413 1545 2514 1586 non
2556 1549 2714 1587 manu
2758 1535 3046 1602 factorum,
3082 1540 3346 1606 vestisque
3381 1540 3464 1594 di-

1903 1616 2096 1671 viuitus
2121 1629 2405 1688 contextae,
2433 1637 2494 1677 ac
2527 1607 2882 1680 diadematum
2911 1629 3264 1697 corruptionis
3290 1633 3464 1686 omnis

1899 1709 2226 1775 expertium,
2265 1727 2382 1778 qua:
2423 1728 2599 1768 rerum
2639 1718 2873 1771 omnium
2915 1719 3236 1775 architectus
3264 1737 3324 1774 ac
3354 1721 3458 1776 Do-

1897 1798 2072 1851 minus
2091 1798 2425 1868 diligentibus
2445 1818 2504 1857 se
2532 1809 2868 1872 praeparavit,
2893 1811 3212 1865 stercoribus
3233 1823 3284 1866 et
3306 1827 3462 1868 caeno

204 1887 348 1977 ἀξιοι
369 1916 461 1968 καὶ
486 1887 737 1989 δακρύνῶν
757 1921 816 1972 ὲν
845 1887 1150 1993 ὀφθαλμοῖς
1299 1887 1670 1998 ⁸γευσαμένων
1693 1887 1794 1994 τῆς

1898 1887 2165 1943 fetidiores
2196 1892 2458 1947 videntur.
2484 1894 2535 1965 (Ι
2566 1896 2686 1951 Cor.
2712 1897 2791 1970 ιι).
2823 1901 3274 1966 Quemadmodum
3315 1906 3460 1962 enim

203 2002 546 2079 γλυκύτητος
586 2011 692 2079 τῶν
720 2013 941 2079 ἀγαθῶν
975 2016 1223 2071 ἐκείνων.

1895 1977 1979 2030 isti
2003 1977 2204 2044 judicio
2231 1989 2413 2035 nostro
2438 1998 2501 2039 ac
2536 1991 2796 2043 sententia
2837 1991 3130 2059 desipiunt,
3164 1994 3230 2046 im
3257 1997 3416 2050 etiam
3438 2035 3458 2064 ,

206 2085 272 2123 ac
303 2074 476 2170 multo
507 2075 702 2143 magis,
727 2074 825 2134 nos
869 2079 962 2148 qui
1006 2085 1059 2134 in
1086 2083 1293 2139 mundo
1321 2086 1666 2159 oberramus,
1701 2098 1866 2163 atque
1893 2092 1948 2146 in
1984 2092 2235 2147 mendaci
2268 2093 2370 2149 hac
2405 2095 2576 2164 gloria
2607 2096 2897 2167 stultisque
2925 2099 3137 2154 deliciis
3168 2099 3328 2156 nobis
3356 2101 3462 2171 pla-

205 2174 428 2259 cemus,
446 2159 502 2259 in
531 2176 720 2259 eorum
745 2169 922 2259 oculis
945 2170 1038 2238 qui
1068 2172 1335 2228 honorum
1370 2175 1590 2233 illorum
1617 2159 1960 2239 dulcedinem
1998 2181 2380 2251 degustaruut,
2421 2184 2570 2237 luctu
2599 2193 2651 2238 et
2689 2185 2944 2256 lacryniis
2975 2189 3124 2259 digni
3153 2204 3366 2245 sumus.

286 2239 350 2291 ὐ
377 2240 434 2293 δὲ
469 2241 724 2312 βασιλεὺς
751 2248 958 2305 τούτων
977 2255 1239 2320 ἀκούσας,
1267 2258 1366 2311 κα)⁸
1399 2258 1580 2322 ἐννεὸς
1605 2258 1796 2330 ὥσπερ

1957 2273 2054 2331 llis
2079 2282 2264 2329 autem
2301 2275 2482 2332 verbis
2509 2278 2794 2346 perculsus
2828 2294 2945 2344 rex,
2972 2239 3151 2349 inquit
3179 2300 3193 2336 :
3229 2281 3462 2348 Quinam

206 2332 518 2446 YEMp-E‘f;
551 2336 655 2409 ἔφη
676 2355 689 2368 °
720 2341 878 2406 Τίνες
895 2340 989 2399 οὖν
1030 2347 1229 2402 ἐκεῖνοί
1261 2352 1398 2404 εἰσιν
1429 2353 1479 2404 oi
1506 2352 1796 2424 κρείττονα

1898 2366 2056 2437 igitur
2077 2368 2154 2422 illi
2179 2377 2310 2422 sunt
2331 2369 2421 2438 qui
2447 2332 2880 2439 prirstantiorem
2905 2373 3065 2427 nobis
3086 2374 3250 2428 vitam
3270 2375 3467 2446 agunt?

207 2423 308 2492 τῆς
342 2425 469 2479 καθ’
512 2430 664 2500 ἡμᾶς
709 2439 1044 2507 κεκτημένοι
1083 2441 1264 2513 ζωήν;
1303 2443 1533 2507 Πάντες,
1570 2445 1735 2516 φησιν
1765 2446 1794 2498 6

1898 2423 2114 2525 [ἵππιος.
2139 2460 2316 2529 inquit
2334 2423 2561 2529 illle,‘qui
2580 2463 2908 2530 sempiterna
2928 2464 3148 2520 caducis
3178 2475 3233 2520 et
3261 2423 3472 2534 fragili-

208 2520 724 2590 πρωτοσύμϐουλος,
785 2529 836 2582 οἱ
867 2530 936 2584 τά
973 2534 1167 2612 αἰώνια
1205 2538 1650 2607 προτιμήσαντες
1677 2537 1789 2592 τῶν

1906 2545 2004 2599 bus
2034 2553 2395 2614 praetulerunt.
2423 2549 2664 2619 Cumque
2692 2567 2783 2605 rex
2814 2567 3023 2606 rursum
3053 2569 3299 2623 quaenam
3326 2569 3470 2607 sem-

208 2613 581 2711 προσκαίρων.
611 2617 778 2683 Αὖθις
804 2620 899 2676 οὖν
926 2623 1021 2677 τοῦ
1041 2625 1307 2696 βασιλέως
1335 2629 1529 2699 μαθεῖν
1552 2630 1790 2701 ζητοῦν-

1908 2613 2115 2704 piterna
2145 2638 2238 2692 illa
2282 2648 2463 2694 essent
2490 2613 2852 2710 quaesivisset;
2885 2613 3158 2711 respondit
3203 2643 3292 2698 ille
3316 2659 3331 2696 :
3359 2643 3466 2696 Rea

204 2715 295 2802 τος
337 2701 474 2802 ξείνα
521 2706 590 2759 τὰ
623 2707 840 2775 αἰώνια,
885 2715 1052 2784 φησὶν
1085 2717 1114 2767 6
1161 2718 1339 2788 ἀνήρ·
1386 2718 1641 2774 Βασιλεία
1677 2721 1789 2791 (22)

1903 2742 2064 2796 gnum
2102 2729 2169 2783 ab
2207 2733 2351 2785 omni
2395 2733 2735 2788 successione
2781 2736 3045 2802 alienum,
3076 2751 3140 2790 ac
3167 2736 3271 2790 vita
3311 2734 3469 2791 morti

201 2789 508 2890 ἀδιάδοχος,
550 2798 646 2890 καὶ
698 2800 815 2872 ζωὴ
869 2803 944 2875 μὴ
999 2806 1338 2882 ὑποκειμένη
1388 2811 1628 2884 θανάτῳ,
1689 2789 1794 2868 atati

1903 2819 2120 2874 minime
2148 2820 2398 2885 obnoxia,
2431 2830 2484 2875 et
2514 2837 2642 2888 epes
2665 2829 2954 2889 egestatem
2999 2841 3104 2878 non
3137 2835 3468 2890 metuentes,
3510 2819 3513 2823 ’

204 2883 438 2948 πλοῦτος
466 2888 734 2958 μηδέποτε
762 2894 1113 2968 ὑφορώμενος
1147 2901 1358 2968 πενίαν,
1406 2905 1554 2976 χαρά
1601 2923 1662 2958 τε
1694 2906 1791 2960 καὶ

1901 2909 2083 2965 laetitia
2109 2911 2234 2966 item
2264 2921 2318 2967 et
2345 2883 2626 2968 oblectatio
2651 2913 2720 2968 ab
2747 2916 2893 2968 omni
2924 2916 3177 2970 mmstitia
3201 2924 3258 2970 et
3284 2917 3469 2970 dolore

203 2973 518 3070 εὐφροσύνη
570 2981 755 3052 πάσης
805 2984 1074 3058 ἀμέτοχος
1111 2989 1292 3061 λύπης
1333 2973 1436 3047 καὶί
1475 2973 1790 3067 ἀχθηδόνος,

1898 2999 2160 3067 sejuncta,
2195 3016 2398 3070 paxque
2427 3012 2678 3070 perpetua
2706 3044 2720 3065 ,
2752 3013 2807 3058 et
2837 3005 2905 3059 ab
2931 3007 3074 3059 omni
3108 3006 3386 3060 inimicitia
3415 3016 3471 3061 et

205 3067 299 3163 καὶ
334 3069 530 3163 εἰρήνη
582 3073 840 3146 διηνεκὴς
891 3078 1156 3153 ἐλευθέρα
1197 3085 1382 3157 πάσης
1439 3087 1642 3156 ἔχθρας
1695 3088 1790 3142 καὶ

1899 3090 2235 3144 contentione
2275 3067 2459 3146 libera.
2491 3067 2582 3147 llis
2611 3093 2764 3148 bonis
2787 3136 2801 3159 ,
2850 3095 3041 3163 quibus
3083 3095 3337 3150 divinitus
3365 3095 3466 3150 {iui

204 3156 561 3224 φιλονεικίας.
614 3164 834 3220 Τούτων
874 3169 924 3222 οἱ
969 3173 1408 3239 καταξιωθέντες
1461 3179 1787 3245 ἀπολαύειν,

1898 3179 2196 3246 contigerit.
2215 3179 2352 3234 beati
2384 3182 2457 3234 illi
2480 3196 2541 3236 ac
2571 3197 2714 3251 saepe
2751 3156 2919 3246 beati;
2956 3189 3122 3238 vitam
3149 3185 3289 3240 enim
3318 3187 3466 3238 omni

208 3249 497 3343 μακάριοι,
534 3256 626 3308 καὶ
653 3257 818 3312 τοῦτο
843 3262 1108 3328 πολλάκις
1135 3267 1249 3337 (25)
1272 3284 1286 3298 ο
1321 3265 1527 3323 ἄλυπον
1563 3274 1670 3343 γὰρ
1698 3275 1794 3328 καὶ

1903 3268 2084 3323 labore
2115 3280 2168 3324 et
2198 3272 2448 3325 mmstitia
2487 3288 2706 3327 vacuam
2739 3277 2789 3327 in
2840 3290 2999 3330 omne
3024 3291 3192 3330 aevum
3227 3276 3425 3331 ducent
3450 3315 3467 3338 ,

206 3341 449 3411 ἀμοχθον
505 3345 763 3417 ζήσουσιν
825 3355 906 3416 εἰς
946 3356 1154 3421 αἰῶνας
1198 3359 1364 3432 ζωὴν,
1415 3341 1651 3417 πάντων-
1685 3365 1794 3418 τῶν

1898 3359 2144 3414 omnibus
2187 3362 2333 3429 regni
2365 3361 2459 3416 Dei
2493 3361 2916 3432 jucunditatihus
2959 3375 3017 3419 et
3061 3365 3470 3420 oblectamentis

278 3433 386 3486 ἐων
415 3438 510 3490 καὶ
532 3441 785 3508 τερπνῶν
814 3444 916 3513 τῆς
945 3447 1040 3500 τοῦ
1069 3447 1206 3502 Θεοῦ
1239 3451 1520 3521 βασιλείας
1551 3455 1794 3526 ἀμογητὶ
1896 3449 2010 3504 sine
2037 3450 2144 3505 ullo
2167 3452 2347 3506 labore
2375 3454 2631 3517 fruentes.
2679 3468 2742 3508 ac
2769 3470 2890 3509 cum
2918 3456 3132 3510 Christo
3177 3457 3228 3510 in
3279 3472 3468 3526 perpe-

207 3432 386 3527 ήδέων
409 3438 510 3527 καὶ
532 3441 785 3508 τερπνῶν
814 3444 916 3513 τῆς
945 3447 1040 3500 τοῦ
1069 3447 1206 3502 Θεοῦ
1239 3451 1520 3521 βασιλείας
1551 3455 1794 3527 ἀμογητὶ

207 3524 598 3618 ἀπολαύοντες,
642 3533 844 3604 καὶτῷ
880 3538 1107 3612 Χριστῷ
1146 3543 1484 3617 ἀτελεύτητα
1518 3524 1790 3618 συμϐασι-

1898 3549 2043 3593 tuum
2095 3551 2395 3608 regnantes.
2452 3540 2692 3612 Cumque
2742 3560 2835 3597 rex
2883 3545 3107 3599 dixisset
3145 3561 3161 3600 :
3209 3524 3466 3612 Quisnam

207 3611 478 3679 λεύοντες.
511 3619 620 3672 Καί
645 3639 659 3653 ε
688 3623 786 3687 Τίς
828 3625 980 3692 ἄξιος
1011 3633 1218 3686 τούτων
1264 3636 1580 3707 ἐπιτυχεῖν;
1612 3640 1793 3692 εἰπόν-

206 3722 296 3770 τος
333 3708 430 3762 τοῦ
483 3710 771 3781 βασιλέως,
807 3721 1016 3786 ἐκεῖνος
1055 3725 1394 3798 ἀπεκρίνατο
1419 3746 1432 3760 ·
1494 3731 1702 3796 Πάντες
1740 3733 1789 3785 οἱ

207 3799 304 3889 τῆς
333 3803 513 3856 ἐκεῖσε
546 3806 874 3880 ἀπαγούσης
913 3813 1034 3867 ὁδοῦ
1091 3816 1421 3889 δραξάμενοι
1447 3838 1462 3853 ο
1507 3822 1791 3888 ἀκώλυτος

204 3888 312 3982 γὰρ
342 3892 376 3961 ἡ
416 3893 622 3959 εἴσοδος
656 3902 767 3964 τοῖς
804 3901 1065 3972 θελήσασι
1099 3907 1261 3976 μόνον
1276 3888 1413 3978 (24).
1455 3911 1512 3963 '0
1541 3912 1600 3965 δέ
1629 3912 1787 3982 βασιο

205 3981 330 4076 λεύς
350 4000 365 4014 ο
394 3986 504 4040 Καὶ
528 3988 634 4053 τίς,
662 3993 850 4062 φησὶν,
872 3996 906 4064 ή
938 3996 1119 4050 ἐκεῖσε
1141 3999 1385 4069 φέρουσα
1403 3993 1589 4072 τρίϐος
1609 3981 1788 4076 ςΠρὸς

203 4073 259 4125 ὃν
289 4075 398 4146 ἔφη
426 4079 455 4129 ὁ
485 4079 736 4152 λαμπρὸς
769 4085 931 4156 138
967 4089 1069 4160 τὴν
1107 4089 1287 4162 ψυχὴν
1318 4094 1524 4157 ἐκεῖνος
1549 4109 1564 4124 °
1590 4097 1638 4148 "1‘
1642 4095 1671 4148 δ
1700 4073 1790 4166 γι-

203 4166 437 4220 νώσκειν
465 4169 558 4222 τὸν
590 4173 750 4242 μόνον
781 4176 1037 4247 ἀληθινὸν
1086 4179 1242 4243 Θεὸν,
1275 4182 1370 4235 καὶ
1404 4183 1617 4253 Ἰησοῦν
1648 4187 1786 4257 Χρι-

205 4260 329 4311 στὸν
379 4261 491 4330 (25)
536 4264 627 4316 τὸν
669 4269 934 4338 μονογενῆ
991 4271 1157 4326 αὐτοῦ
1206 4273 1340 4328 Υιὸν
1403 4277 1495 4329 καὶ
1537 4278 1598 4330 τὸ
1634 4278 1789 4346 ἆγιον

202 4354 295 4405 καὶ
333 4352 601 4416 ζωοποιὸν
641 4358 889 4431 Πνεῦμα.

279 4444 343 4497 ’0
373 4447 552 4502 τοίνυν
598 4449 876 4519 βασιλεὺς,
912 4455 1014 4526 τῆς
1057 4456 1375 4528 ἁλουργίδος
1401 4461 1619 4516 σύνεσιν
1649 4463 1789 4534 ἔχων

201 4535 364 4600 ἀξίαν
395 4538 533 4611 (εδ),
566 4517 671 4613 ἔφη
719 4543 858 4615 πρὸς
885 4517 1088 4601 αὐτόν·
1137 4517 1251 4604 ι(ὰὶ
1273 4552 1326 4624 τί
1354 4517 1421 4605 τὸ
1451 4517 1711 4609 κωλῡσάηῗ
1727 4573 1787 4609 σε
1819 4517 1863 4572 θ

206 4630 374 4701 μέχρι
401 4632 496 4686 τοῦ
529 4633 625 4690 νῦν
679 4637 754 4709 μὴ
801 4640 1069 4710 γνωρίσαι
1115 4659 1208 4713 μοι
1241 4646 1372 4715 περὶ
1395 4646 1643 4715 τούτωνς
1677 4650 1791 4703 Οὐκ

202 4722 477 4794 ἀναϐολῆς
504 4726 616 4798 γὰρ
645 4729 739 4781 καὶ
772 4730 1119 4803 ὑπερθέσεως
1151 4734 1280 4799 ἀξιά
1309 4753 1402 4806 μοι
1434 4737 1585 4792 δοκεῖ
1608 4740 1789 4812 ὑπάρ-

202 4831 320 4883 χειν
363 4816 559 4882 ταῦτα,
589 4818 644 4872 εἴ
701 4838 766 4889 γε
795 4822 973 4895 ἀληθῆ
1026 4827 1315 4897 τυγχάνει’
1347 4831 1397 4883 εἰ
1422 4829 1482 4884 δὲ
1511 4833 1791 4902 ἀμφίϐολά

205 4905 381 4971 ἐστιν,
420 4908 674 4978 ἐμπόνως
709 4911 792 4964 δεῖ
812 4913 1046 4984 ζητῆσαι
1080 4916 1273 4987 μέχρις
1311 4919 1436 4973 ὅτου
1464 4922 1527 4974 τὸ
1551 4922 1790 4991 ἀναμφί-

204 4996 398 5050 λεκτον
445 4997 686 5070 εὕροιμι.
735 5003 850 5058 Οὐκ
887 5004 1138 5077 ἀμελείᾳ,
1167 5011 1332 5077 φησὶν
1378 5010 1588 5082 όάνὴρ,
1634 5012 1790 5085 ῆρᾳ·

205 5086 381 5160 θυμία
413 5093 796 5165 συνεχόμενος.
837 5096 966 5166 περὶ
993 5097 1198 5151 τούτων
1220 5097 1444 5172 ὤκνησα
1474 5120 1559 5156 σοι
1586 5104 1789 5175 γνωρί-

277 5270 393 5343 (20)
425 5272 582 5343 Conf.
612 5289 667 5342 p.
707 5273 794 5337 i7,
819 5291 875 5330 n.
912 5275 1023 5332 54⁸.

1897 3631 2107 3686 tandem
2139 3632 2253 3686 haec
2279 3635 2530 3703 consequi
2562 3635 2991 3704 promerebitur?
3017 3637 3294 3704 respondit
3333 3637 3424 3691 ille
3447 3661 3462 3692 .-

1894 3725 2091 3779 Oinnes
2119 3725 2206 3794 qui
2239 3727 2401 3780 vitam
2434 3728 2557 3781 illuc
2586 3728 2869 3784 ducentem
2913 3729 3266 3798 arripuerint;
3319 3731 3464 3784 aditu

1893 3814 2032 3868 cnim
2061 3829 2219 3870 nemo
2239 3815 2565 3885 prohibetur,
2587 3819 2674 3886 qui
2704 3819 2862 3874 modo
2889 3821 3136 3875 voluerit.
3167 3821 3300 3875 Tum
3325 3837 3416 3875 rex
3445 3837 3459 3874 :

1894 3905 1961 3958 Et
1986 3919 2253 3974 quaenam,
2283 3906 2471 3976 inquit,
2495 3920 2576 3962 est
2598 3908 2678 3962 via
2705 3925 2804 3978 qua
2832 3911 2958 3966 illuc
2997 3912 3138 3966 itur?
3164 3912 3462 3981 Respondit

1892 3995 1981 4048 ille
2031 3995 2272 4063 praeclari
2313 3997 2474 4050 animi
2511 3998 2626 4051 vir:
2659 3999 2996 4068 Cognoscere
3046 4003 3218 4057 solum
3275 4019 3459 4058 verum

1891 4086 2080 4152 Deum,
2107 4095 2162 4141 et
2187 4084 2365 4141 Jesum
2395 4087 2669 4142 Christum
2702 4090 3029 4159 unigenitum
3062 4093 3229 4161 ipsius
3257 4093 3420 4147 llhuin
3444 4134 3458 4159 ,

1892 4184 1942 4230 et
1969 4186 2208 4232 sanctum
2239 4192 2301 4232 ac
2334 4178 2597 4232 vivificum
2621 4179 2877 4250 Spiritum
2907 4182 3088 4251 (Joan.
3123 4184 3277 4253 xvu).

1969 4476 2081 4531 Rex
2104 4475 2283 4546 igitur,
2315 4475 2457 4545 regia
2487 4491 2616 4532 sane
2637 4476 2912 4546 prudentia
2945 4482 3217 4548 praeditus,
3249 4480 3315 4536 ad
3338 4497 3461 4538 eum

1901 4563 2071 4633 inquit
2097 4582 2112 4621 :
2137 4566 2200 4620 Et
2224 4567 2473 4634 quidnam
2504 4568 2824 4624 hactenuste
2851 4571 3138 4638 prohibuit,
3181 4574 3488 4644 quominus.

1898 4655 2026 4708 mihi
2051 4658 2160 4710 haec
2178 4658 2514 4724 exponeres?
2537 4658 2717 4728 Neque
2737 4662 2880 4715 enim
2905 4664 3017 4716 haec
3039 4667 3382 4719 cunctatione
3404 4680 3466 4718 ac

1898 4747 2146 4801 dilatione
2190 4747 2318 4802 mihi
2351 4748 2506 4816 digna
2537 4764 2656 4804 esse
2683 4751 2950 4816 videntur,
2997 4753 3042 4806 si
3085 4753 3300 4822 quidem
3341 4768 3468 4807 vera

1898 4848 2040 4891 sunt.
2070 4837 2218 4902 Quod
2246 4837 2291 4890 si
2320 4837 2476 4893 dubia
2509 4848 2650 4903 sunt,
2675 4842 2860 4895 sedulo
2891 4852 2944 4894 et
2965 4849 3210 4896 accurate
3239 4841 3467 4896 investi-

1898 4927 2122 4996 gandum
2138 4937 2240 4994 est,
2258 4930 2600 5000 quoadusque
2625 4947 2686 4985 ea
2716 4933 2848 4985 citra
2873 4932 3030 4986 ullam
3053 4932 3459 5001 ambiguitatem

1899 5035 1958 5076 ac
1987 5021 2364 5079 dubitationem
2395 5025 2749 5079 inveniamus.
2785 5025 2899 5078 Non
2942 5026 3258 5093 negligentia
3289 5034 3343 5078 et
3372 5039 3466 5078 su-

1900 5111 2080 5166 cordia
2125 5111 2321 5167 factum
2369 5123 2479 5180 est,
2525 5115 2598 5167 ait
2638 5115 2763 5181 ille,
2797 5123 2852 5168 ut
2901 5113 2998 5168 tibi
3042 5116 3156 5169 hzec
3200 5130 3468 5184 exponere

423 5341 625 5423 _Jacob.’
651 5361 691 5411 l,
723 5345 793 5399 12
817 5364 830 5398 :
859 5347 1433 5423 Aﬁt'pscatccécpavov,
1456 5349 1515 5404 ὃν
1544 5352 1797 5423 ἐπηγγεο

1898 5370 1911 5404 ›
1939 5353 1967 5405 ὁ
1994 5352 2199 5423 Κύριος
2219 5353 2337 5416 τοῖς
2368 5349 2658 5422 ἀγαπῶσιν
2687 5349 2872 5404 αὐτόν.

277 5412 394 5508 £232
422 5412 1096 5508 &°n92a_§s}_'"stfi’c3a
1117 5421 1179 5508 Et!
1201 5412 1453 5508 addice!
1541 5412 1677 5508 τινε
1697 5412 1768 5476 τι

1898 5441 1992 5476 ινια
2022 5412 2202 5492 ἀγαθά
2239 5412 2362 5496 δρα.

279 5483 396 5557 (es)
421 5487 486 5557 A_,
514 5485 609 5538 καὶ
627 5485 748 5557 τρὶς
770 5501 821 5557 τ.
850 5487 944 5540 καὶ
971 5483 1233 5553 πολλάκις
1258 5507 1272 5520 ·
1308 5505 1340 5545 e
1373 5494 1736 5548 correctione.

281 5552 395 5625 (24)
426 5554 581 5625 Conf.
615 5552 674 5625 pl
699 5553 824 5610 Ml.

282 5623 396 5719 (‘25)
421 5623 758 5719 J‘oanu'xvu,
775 5625 862 5719 δέ
891 5627 1042 5719 Αὕτη
1073 5629 1130 5683 δέ
1178 5631 1328 5688 ἐστιν
1369 5633 1405 5702 ή
1436 5632 1654 5700 αἰώνιος
1685 5633 1819 5707 ζωὴ,
1871 5632 1958 5687 ῐνα
1988 5634 2302 5719 γινώσκωσι
2350 5651 2409 5688 σε
2465 5631 2555 5686 τὸν
2606 5632 2768 5704 μόνον
2819 5628 3074 5705 ἀληθινὸν
3099 5631 3253 5698 Θεὸν,
3296 5630 3393 5686 καὶ
3413 5631 3477 5687 δν

210 5695 539 5767 ἀπέστειλας
583 5696 792 5767 Ἰησοῦν
813 5695 1077 5767 Χριστόν.

285 5764 489 5847 (2βλο,
515 5764 700 5847 τοίνυν
728 5768 757 5820 6
803 5764 1083 5836 βασιλεὺς,
1115 5770 1554 5847 βασιλικωτάτην
1582 5776 1719 5845 ἔχων
1751 5793 1797 5830 σι

1898 5791 1998 5831 τιν·
2036 5791 2158 5846 quae
2201 5775 2304 5832 l'uit
2343 5774 2724 5844 interpretum,
2756 5771 2981 5845 Georgii
3032 5769 3381 5842 Trapezuntii
3407 5782 3480 5827 ac

217 5834 384 5900 Billii,‘
404 5837 586 5892 lectio.

539 5931 813 5994 Ρηιιοι.
866 5933 983 5994 Gn.
1034 5933 1253 5998 XCVI.

3072 5953 3156 6018 32
