4042 6424
638 395 770 461 1003

629 520 924 574 cunetarer,
956 523 1075 564 cum
1121 522 1242 563 vera
1270 508 1382 563 sint
1409 513 1568 576 atque
1594 505 1662 561 ab
1692 504 1834 560 omni
1866 502 2197 559 dubitatione

2305 502 2419 549 σαι,
2467 482 2642 553 ἀληθῆ
2676 498 2779 551 περ
2810 481 2937 532 ὄντα
2971 478 3065 531 καὶ
3112 478 3289 546 πάντη
3316 473 3694 544 ἀναμφίλεκτα,
3718 476 3824 532 ἀλλὰ

631 611 862 667 remota;
886 615 1071 654 verum
1100 600 1240 670 quod
1265 599 1616 654 excellentem
1645 597 1825 665 gloria:
1857 603 1961 648 tua:
1983 596 2193 663 magni-

632 695 867 754 tudinem
895 708 1128 760 vererer,
1157 704 1315 762 atque
1344 693 1472 747 illud
1504 705 1818 753 metuerem,
1853 704 1919 743 ne
1950 689 2042 742 tibi
2073 704 2192 758 gra-

631 786 706 839 vis
734 799 800 839 ac
828 784 1083 838 molestus
1111 798 1307 839 essem.
1345 782 1604 850 Quocirca
1637 782 1683 835 si
1720 780 1848 834 mihi
1873 779 2072 835 famulo
2104 790 2192 833 tuo

632 876 732 930 hoc
761 877 1007 944 imperas,
1032 884 1088 929 ut
1119 884 1170 930 te
1195 876 1262 929 de
1293 874 1377 929 his
1409 875 1569 929 rebus
1594 872 1647 926 in
1682 880 1951 941 posterum
1977 872 2197 925 submo-

633 982 783 1021 tteam
808 1007 822 1031 ,
855 967 1078 1036 imperio
1106 977 1197 1021 tuo
1221 969 1503 1036 obsequar.
1534 966 1697 1029 Sane,
1733 963 1901 1033 inquit
1931 977 2023 1015 rex
2053 999 2067 1025 ,
2092 975 2198 1014 non

633 1059 858 1113 interdiu
882 1060 1074 1125 solum,
1106 1058 1201 1114 sed
1228 1058 1383 1113 etiam
1407 1057 1639 1128 qualibet
1670 1056 1799 1110 liora
1832 1054 1960 1107 mihi
2009 1053 2197 1104 harum

636 1165 808 1204 rerum
841 1149 1148 1204 memoriam
1178 1164 1393 1205 reuma.
1419 1149 1600 1217 Neque
1621 1149 1761 1201 enim
1787 1144 2113 1213 negligenter
2135 1154 2198 1195 ac

636 1241 1027 1310 perfunctorie,
1063 1255 1249 1295 verum
1298 1254 1507 1295 summo
1551 1236 1727 1293 studio
1756 1253 1817 1291 ac
1863 1239 2077 1288 fervore
2118 1235 2199 1287 liis

637 1334 792 1387 rebus
822 1331 1058 1386 animum
1104 1332 1381 1386 intendere
1429 1338 1658 1397 upor.et.
1689 1328 1877 1383 Audivi
1921 1326 2095 1393 igitur,
2128 1327 2201 1377 ait

638 1426 895 1490 ltarlaam,
925 1423 1062 1478 hunc
1086 1438 1260 1491 regem
1288 1421 1541 1487 deinceps
1570 1421 1655 1487 pie
1683 1434 1743 1473 ac
1766 1416 2015 1487 religiOse
2037 1416 2198 1468 vitam

640 1516 950 1577 instituisse,
967 1513 1347 1582 praesentisque
1363 1514 1481 1563 vitae
1499 1507 1762 1562 curriculo
1776 1506 1976 1575 placide
1992 1520 2054 1559 ac
2068 1516 2203 1557 tran-

640 1606 797 1671 quille
824 1604 1087 1668 confecto,
1116 1587 1910 1669 sempiternam.beatitudinem
1942 1610 2201 1651 Consecu-

641 1708 749 1752 tum
780 1714 916 1754 esse.
949 1698 1301 1763 Quamobrem
1332 1696 1376 1749 si
1415 1696 1530 1763 quis
1578 1694 1737 1748 etiam
1792 1704 1997 1761 patrem
2051 1700 2200 1744 tuum

641 1798 705 1843 de
729 1790 810 1843 his
833 1789 987 1842 rebus
1014 1786 1323 1854 tempestive
1345 1785 1648 1848 admoneat,
1683 1782 1923 1836 fortassis
1948 1781 2203 1848 intelliget

641 1892 798 1948 atque
837 1878 1168 1947 exploratum
1202 1875 1418 1930 habebit
1461 1877 1674 1943 quantis
1723 1873 1873 1926 malis
1911 1870 2203 1939 implicitus

642 1979 900 2033 teneatur,
934 1978 1089 2037 atque
1117 1968 1182 2021 ab
1211 1969 1272 2020 iis
1320 1981 1439 2021 sese
1483 1975 1771 2029 avertens,
1821 1962 1960 2031 quod
2007 1962 2202 2016 bonum

640 2076 667 2114 e
699 2069 747 2124 t,
793 2059 1139 2127 amplectetur
1168 2058 1251 2128 (ll
1292 2057 1403 2111 Pet.
1440 2059 1503 2126 ι).
1530 2058 1660 2111 Nam
1689 2057 1741 2110 in
1771 2056 2048 2125 praesentia
2078 2056 2199 2124 qui-

640 2154 756 2210 detn
786 2168 956 2209 ctecus
982 2164 1082 2219 est,
1121 2163 1174 2207 et
1204 2169 1358 2206 tnanu
1394 2160 1602 2206 tentans
1622 2191 1636 2214 ,
1666 2160 1721 2204 ut
1743 2150 1829 2218 qui
1860 2165 1985 2203 vero
2011 2148 2208 2202 lumine

642 2260 760 2300 sese
801 2246 993 2300 orbarit
1023 2285 1038 2310 ,
1068 2253 1224 2313 atque
1254 2243 1320 2297 ad
1349 2242 1638 2311 impietatis
1682 2239 1927 2294 tenebras
1978 2235 2211 2291 transfu-

644 2336 802 2406 gerit.

714 2427 850 2481 Dixit
872 2435 1045 2481 autem
1070 2428 1133 2478 ad
1164 2441 1282 2479 eum
1309 2423 1598 2492 Josapliat:
1632 2423 1705 2478 De
1735 2430 1879 2490 patre
1905 2436 2045 2484 meo,
2067 2418 2208 2490 quod

644 2519 895 2573 Dominus
918 2518 1157 2587 jusserit,
1193 2517 1302 2572 fiat.
1330 2517 1460 2569 Nam
1492 2516 1628 2584 ipsi,
1660 2515 1801 2569 velut
1829 2514 1988 2567 etiam
2032 2513 2127 2566 abs
2160 2521 2211 2565 te

642 2610 839 2664 dictum
867 2619 970 2676 est,
1000 2624 1062 2663 ea
1092 2610 1268 2662 omnia
1303 2609 1574 2677 possibilia
1604 2615 1762 2673 sunt,
1800 2622 1919 2675 qua:
1943 2604 2081 2674 apud
2114 2603 2211 2656 ho-

646 2702 817 2755 mines
845 2700 1194 2766 impossibilia
1225 2714 1343 2754 esse
1371 2699 1634 2753 videntur.
1675 2699 1782 2763 Ego
1815 2711 1941 2750 vero
1972 2709 2067 2761 per
2092 2696 2210 2748 exi-

645 2792 779 2845 mios
804 2805 866 2844 ac
891 2790 1184 2859 singulares
1214 2798 1331 2843 tuos
1359 2802 1643 2841 sermones
1662 2825 1677 2849 ,
1703 2784 1952 2839 vanitatis
1978 2797 2211 2851 praesen-

646 2887 775 2938 tium
807 2899 983 2939 rerum
1004 2891 1283 2952 pertaesus,
1309 2879 1376 2933 ab
1396 2880 1478 2933 bis
1504 2877 1716 2947 quidem
1742 2877 1957 2929 omnino
1973 2873 2210 2927 animum

646 2976 910 3030 abducere
947 2973 1228 3039 constitui,
1261 2985 1325 3024 ac
1376 2978 1552 3024 tecum
1573 3010 1588 3037 ,
1622 2968 1878 3037 quidquid
1929 2967 2059 3019 mihi
2091 2967 2211 3019 vitae

646 3074 921 3134 superest,
954 3065 1260 3129 traducere,
1308 3077 1376 3117 ne
1406 3076 1499 3129 per
1529 3060 1667 3115 fluxa
1698 3070 1750 3112 et
1778 3058 1979 3125 fragilia
2008 3057 2209 3122 sempi-

647 3167 917 3211 ternorum
945 3156 1202 3211 bonorum
1226 3163 1283 3209 et
1303 3154 1446 3208 omni
1472 3150 1687 3206 interitu
1714 3148 2009 3203 alienorum
2038 3147 2209 3200 fructu

647 3250 913 3305 excidam.

676 3429 678 3431 ,
710 3378 1004 3446 Respondit
1046 3397 1243 3436 senex:
1278 3382 1334 3436 Si
1385 3384 1484 3437 hoc
1532 3382 1755 3443 feceris,
1789 3380 2201 3449 prudentissimo

642 3476 848 3528 cuidam
872 3475 1074 3545 juveni,
1098 3491 1252 3544 quem
1282 3475 1512 3542 copiosis
1530 3483 1687 3542 atque
1709 3472 2085 3527 illustrissimis
2108 3485 2206 3539 pa-

649 3562 883 3615 rentibus
910 3572 1088 3616 natum
1120 3578 1241 3617 esse
1272 3562 1541 3627 intellexi,
1580 3562 1811 3615 similem
1846 3570 1896 3614 te
1925 3560 2209 3628 praebebis.

646 3651 739 3704 Cui
768 3665 888 3705 eum
922 3662 1072 3720 pater
1099 3653 1288 3707 nobilis
1318 3651 1591 3721 cujusdam
1637 3662 1792 3720 atque
1821 3652 1871 3705 in
1904 3651 2087 3718 primis
2118 3665 2210 3702 co-

649 3741 779 3806 piosi
841 3741 943 3794 viri
1008 3742 1167 3796 filiam
1233 3744 1423 3811 insigni
1486 3742 1876 3809 pulchritudine
1934 3743 2208 3810 prteditam

645 3828 1033 3895 despondisset,
1067 3845 1130 3883 ac
1161 3831 1227 3885 de
1258 3831 1561 3897 huiusmodi
1593 3832 1929 3884 matrimonio
1956 3846 2074 3886 cum
2099 3832 2209 3886 filio

646 3930 948 3971 sermonem
977 3920 1377 3984 conseruisset,
1409 3921 1640 3989 quidque
1688 3922 1742 3975 in
1782 3922 1960 3976 animo
1992 3923 2212 3977 haberet

646 4009 999 4078 exposuisset,
1027 4010 1144 4066 haec
1171 4019 1227 4065 ut
1248 4012 1337 4066 ille
1359 4013 1578 4077 audivit,
1603 4028 1752 4081 quast
1774 4014 2028 4068 absonum
2053 4014 2207 4084 quid-

644 4102 764 4152 ilam
792 4115 855 4154 ac
884 4112 1289 4171 praeposterum,
1321 4103 1620 4173 huiusmodi
1643 4121 1754 4159 rem
1788 4106 2083 4169 excutiens,
2117 4121 2202 4160 re-

647 4188 659 4239 l
670 4189 771 4242 icto
801 4201 947 4258 patre
969 4194 1213 4263 profugit.
1237 4192 1477 4265 Cumque
1506 4196 1607 4250 iter
1628 4194 1843 4259 faceret,
1867 4197 2004 4264 apud
2024 4212 2205 4251 senem

648 4282 929 4344 quemdam
964 4297 1287 4355 pauperem,
1315 4294 1425 4340 uta
1456 4287 1558 4341 diei
1586 4295 1717 4340 aestu
1756 4299 1875 4340 sese
1912 4295 2207 4352 recrearet,

647 4370 876 4426 divertit.

714 4490 845 4546 Filia
889 4504 1049 4560 porro
1091 4492 1236 4547 senis
1269 4491 1411 4545 illius
1438 4504 1553 4559 quae.
1585 4490 1737 4543 unica
1780 4486 1853 4541 illi
1878 4487 2023 4558 virgo
2051 4496 2198 4550 erat,

603 4616 618 4633 .
647 4596 743 4647 pro
772 4581 975 4637 foribus
1002 4582 1221 4649 sedens,
1252 4582 1493 4635 manibus
1522 4580 1859 4649 operabatur.
1902 4592 1998 4632 ore
2033 4584 2209 4629 autem

648 4673 813 4726 Deum
860 4672 975 4726 sine
1021 4671 1128 4725 ulla
1178 4670 1577 4724 intermissione
1621 4669 1899 4731 laudabat,
1930 4683 1995 4721 ex
2027 4666 2211 4721 intimo

648 4772 870 4830 pectore
898 4763 1108 4832 gratias
1140 4762 1238 4831 ipsi
1268 4777 1451 4832 agens.
1484 4760 1652 4829 Ipsius
1685 4770 1857 4814 autem
1899 4758 2213 4825 laudem'ju-

647 4854 795 4908 venis
817 4854 1065 4919 audiens,
1091 4858 1163 4907 ait
1188 4870 1202 4912 :
1227 4852 1521 4919 Quodnam,
1557 4866 1589 4905 ο
1623 4850 1814 4920 puella,
1841 4859 1984 4902 tuum
2005 4848 2212 4900 institu-

647 4953 754 4995 tum
784 4944 909 4997 est?
938 4944 1005 4997 Et
1035 4957 1195 5012 quam
1229 4942 1298 4996 ob
1324 4956 1535 4996 causam
1563 4983 1578 5006 ,
1610 4958 1729 4996 cum
1762 4942 1813 4995 in
1844 4950 1984 4994 tanta
2014 4939 2214 4992 vilitate

641 5044 694 5084 et
742 5032 919 5102 inopia
974 5033 1232 5097 verscris,
1279 5042 1523 5100 tanquam
1572 5032 1641 5086 ob
1688 5028 1916 5099 ingentia
1960 5030 2213 5083 henelicia

641 5131 888 5191 accepta,
923 5122 1113 5179 horum
1146 5130 1421 5177 auctorem
1449 5120 1604 5175 laude
1634 5120 1836 5174 afﬁcis‘t
1872 5119 1986 5185 Ipsa
2030 5129 2209 5170 autem

641 5215 707 5270 ad
736 5230 857 5271 eum
890 5216 1203 5286 respondit:
1233 5217 1313 5270 An
1362 5214 1536 5270 nescis
1582 5213 1718 5283 quod
1771 5207 2210 5281 quemadmodum

641 5309 887 5377 ex'guutn
910 5307 1253 5377 pbarmacum
1315 5323 1346 5362 e
1420 5307 1628 5374 magnis
1700 5306 2017 5374 plerumque
2068 5314 2210 5354 mor-

646 5398 725 5451 bis
773 5398 1037 5453 hominem
1069 5396 1260 5467 eripit,
1290 5394 1484 5454 eodem
1513 5392 1673 5449 modo
1702 5391 1865 5446 etiam
1915 5392 1983 5445 ob
2026 5404 2210 5458 parvas

718 5581 833 5657 (27)
862 5589 1008 5647 Petr.
1043 5588 1082 5641 11
1112 5587 1279 5657 Epist.
1314 5607 1350 5653 t,
1378 5588 1430 5643 9.
1483 5588 1715 5643 Lexicon
1752 5586 1805 5640 ia
1838 5588 2020 5640 codice
2062 5587 2237 5641 2508:

648 5658 982 5729 Μυωπάζειν
1009 5658 1066 5712 δὲ
1092 5659 1150 5711 τὺ
1179 5660 1512 5728 τυφλώττειν
1544 5660 1778 5729 εἴρηται,
1806 5658 1914 5711 ἁπὸ
1943 5658 2051 5712 τῶν
2080 5658 2182 5711 ὑπὸ
2220 5676 2247 5711 τ

720 5729 831 5799 (τις)
864 5728 1046 5799 Malim
1080 5729 1203 5799 ἄγοι
1235 5732 1263 5782 6
1295 5733 1362 5785 K.

716 5797 831 5867 (29)
855 5798 939 5854 Cf.
974 5815 1026 5869 p.
1058 5798 1181 5865 154,
1214 5816 1334 5854 cum
1370 5817 1423 5855 n.
1462 5800 1544 5852 H.

2302 580 2362 631 τὸ
2393 578 2661 647 ὑπερέχον
2718 574 3036 644 αἰδούμενος
3080 570 3179 641 τῆς
3228 569 3332 640 σῆς
3390 567 3561 638 δόξης,
3619 569 3684 639 μή
3722 588 3825 625 ποτε

2304 668 2661 740 ὀχληρότερός
2696 685 2779 720 σοι
2798 665 3048 736 φανείην.
3078 664 3141 717 Et
3166 658 3260 715 οὖν
3295 660 3645 732 προστάσσεις
3675 661 3740 729 τῷ
3768 663 3826 733 σῷ

2302 762 2491 832 οἰκέτῃ
2524 762 2963 831 ὑπομιμνήσκειν
2996 774 3078 810 σοι
3110 757 3188 818 είς
3224 753 3288 807 τὸ
3324 752 3451 821 ἑξῆς
3488 751 3608 821 περὶ
3640 752 3823 819 τούτων,

2305 853 2385 922 τῷ
2441 850 2518 922 σῷ
2544 851 2738 919 ἔσομαι
2798 845 3198 918 καθυπηρετῶν
3267 841 3658 913 προστάγματι.
3723 844 3825 907 Ναὶ,

2307 944 2472 1015 φησὶν
2501 945 2530 996 6
2570 940 2822 1013 βασιλεύς
2841 957 2854 970 ο
2905 939 2982 1010 μὴ
3010 935 3131 991 καθ’
3162 933 3382 1006 ἡμέραν
3405 932 3584 1002 μόνον,
3610 932 3725 986 ἀλλὰ
3754 938 3826 988 καί

2307 1038 2392 1105 ἐφ’
2451 1036 2687 1104 ἑκάστης
2746 1033 2897 1104 ὥρας
2939 1031 3038 1101 τὴν
3090 1027 3298 1081 τούτων
3354 1024 3571 1094 μνήμην
3613 1024 3828 1092 διηνεκῶς

2309 1126 2620 1189 ἀνακαίνιζε
2643 1141 2656 1154 ’
2683 1125 2783 1177 οὐκ
2811 1121 3030 1194 ἀμελῶς
3058 1118 3166 1189 γὰρ
3198 1117 3308 1188 χρὴ
3334 1114 3544 1174 τούτοις
3573 1115 3825 1185 πρῦσέχειν.

2310 1219 2447 1273 ἀλλὰ
2485 1220 2579 1271 καὶ
2621 1217 2741 1270 λίαν
2774 1213 2993 1284 θερμῶς
3020 1211 3116 1266 καὶ
3163 1207 3490 1270 σπουδαίως.
3542 1207 3828 1276 Ἀκηκόαμεν

2308 1306 2421 1375 οὖν,
2461 1313 2626 1379 φησιν
2651 1313 2678 1363 6
2711 1306 2997 1378 Βαρλαάμ,
3036 1301 3275 1364 εὐσεϐῶς
3320 1299 3412 1352 τὸν
3447 1297 3655 1369 βασιλέα
3680 1299 3829 1353 τοῦτον

2310 1406 2474 1476 ζῆσαι
2512 1404 2574 1457 τὸ
2596 1402 2743 1472 ἑξῆς,
2772 1400 2885 1462 καὶ,
2930 1396 3261 1467 ἀκυμάντως
3308 1393 3400 1445 τὸν
3438 1392 3663 1461 παρόντα
3683 1393 3830 1444 διανύ-

2312 1514 2483 1552 σαντα
2507 1495 2641 1567 βίον,
2693 1492 2791 1562 τῆς
2823 1489 3126 1562 μελλούσης
3171 1486 3247 1558 μὴ
3283 1484 3574 1551 ἀποτυχεῖν
3615 1485 3831 1554 μακαριό-

2310 1602 2490 1658 τητος.
2540 1586 2602 1638 Εί
2631 1585 2808 1636 τοίνυν
2862 1582 2953 1634 καὶ
2986 1578 3064 1649 τῷ
3094 1578 3170 1648 σῷ
3221 1575 3395 1646 πατρὶ
3439 1574 3649 1626 τοιαῦτά
3689 1592 3755 1637 τις
3788 1577 3831 1625 ἐν

2310 1678 2605 1750 ἐπιτηδείῳ
2663 1673 3119 1746 προσυπομνήσει
3154 1666 3359 1739 καιρῷ,
3401 1665 3555 1735 139
3587 1666 3705 1734 τάχα
3739 1683 3832 1717 συν-

2315 1774 2439 1845 ήσει
2467 1772 2560 1825 καὶ
2589 1768 2855 1839 γνώσεται
2882 1767 3027 1829 ὅσοις
3058 1761 3359 1831 συνεσχέθη
3391 1761 3596 1821 κακοῖς,
3618 1760 3712 1821 καὶ,
3733 1759 3828 1812 τού-

2317 1877 2424 1912 των
2455 1857 2730 1920 ἐκκλίνας,
2759 1852 3036 1918 ὲκλέξεται
3064 1853 3125 1905 τὸ
3148 1850 3359 1919 ἀγαθόν
3382 1866 3395 1878 ·
3448 1847 3565 1899 ἐπεὶ
3599 1848 3650 1899 τό
3680 1864 3731 1914 γε
3759 1848 3830 1900 νῦν

2315 1951 2439 2021 ἔχον
2467 1948 2665 2017 τυφλός
2693 1949 2830 2010 ἐστι,
2859 1944 3171 2017 μυωπάζων
3196 1942 3335 2014 (27),
3367 1940 3463 1993 τοῦ
3499 1938 3720 2008 ἀληθινοῦ
3745 1958 3831 2005 φωρ

2315 2044 2408 2107 τὸς
2445 2042 2635 2095 ἑαυτὸν
2666 2039 3071 2108 ἀποστερήσας,
3099 2033 3421 2106 αὐτομολῶν
3452 2031 3507 2084 δὲ
3543 2030 3663 2100 πρὸς
3688 2031 3737 2083 τὸ
3759 2032 3831 2101 τῆς

2316 2134 2570 2198 ἀσεϐείας
2607 2133 2813 2195 σκότος,

2387 2424 2522 2479 Εἶπε
2560 2424 2614 2476 δὲ
2641 2424 2669 2475 6
2700 2422 2936 2489 Ἰωάσαφ
2993 2417 3130 2489 πρὸς
3181 2416 3379 2471 αὐτόν’
3414 2415 3497 2467 Τὰ.
3533 2408 3827 2484 μὲντοῦὲμοῦ

2316 2518 2528 2589 πατρὸς
2580 2516 2764 2584 ἄγοιτο
2810 2512 3015 2584 Κύριος
3064 2510 3176 2589 (28)
3214 2508 3404 2572 καθὼς
3457 2505 3682 2560 κελεύευ
3720 2503 3827 2570 αὐτῷ

2316 2585 2450 2682 γὰρ,
2463 2608 2604 2663 καθά
2627 2607 2691 2677 δὴ
2714 2606 2807 2661 καὶ
2829 2602 2986 2667 εἶπας
3001 2585 3134 2672 (τό),
3160 2602 3346 2655 πάντα
3364 2598 3566 2653 δυνατά
3591 2596 3829 2662 καθέστηκε

2316 2703 2385 2756 τὰ
2415 2700 2568 2771 παρὰ
2615 2697 2927 2769 ἀνθρώποις
2966 2696 3204 2750 ἁδύνατα
3224 2709 3236 2723 ·
3268 2691 3386 2759 ἐγὼ
3428 2690 3504 2756 δὲ,
3538 2687 3619 2742 διὰ
3646 2686 3733 2741 τῶν
3754 2686 3829 2737 σῶν

2316 2790 2739 2861 ἀνυπερὸλήτων
2781 2787 3063 2858 ῥημάτων,
3104 2785 3203 2854 τῆς
3252 2782 3370 2835 τῶν
3414 2780 3677 2850 παρόντων
3705 2793 3830 2829 κατα-

2316 2886 2478 2953 γνοὺς
2532 2883 2913 2954 ματαιότητος,
2950 2881 3251 2948 ἀποστῆναι
3300 2876 3406 2945 μὲν
3460 2872 3648 2927 τούτων
3700 2872 3830 2939 πάντη

2318 2975 2687 3046 διανενόημαι,
2734 2973 2833 3027 -καὶ
2864 2970 3004 3043 μετά
3042 2970 3134 3023 σοῦ
3170 2970 3230 3023 τὸ
3266 2969 3460 3021 λοιπὸν
3492 2966 3585 3035 τῆς
3622 2962 3740 3031 ζωῆς
3760 2980 3831 3030 μου

2319 3068 2589 3130 διανύσαι,
2644 3067 2732 3119 ἵνα
2769 3064 2843 3134 μὴ
2876 3061 2963 3115 διὰ
3008 3060 3118 3114 τῶν
3160 3059 3523 3131 προσκαίρων
3554 3055 3729 3109 τούτων
3763 3053 3832 3105 καὶ

2243 3150 2283 3233 (ξ
2323 3160 2567 3231 ῥευστῶν
2617 3158 2717 3227 τῆς
2761 3157 2869 3209 τῶν
2918 3153 3154 3208 αἰωνίων
3204 3153 3299 3205 καὶ
3360 3150 3641 3220 ἀφθάρτων
3666 3145 3833 3199 ὲκπίσω

2321 3257 2698 3318 ἀπολαύσεως.

2394 3369 2537 3439 Πρὸς
2567 3368 2625 3421 ὂν
2653 3369 2682 3420 6
2711 3366 2890 3437 γέρων
2921 3364 3255 3434 ἀπεκρίνατο
3276 3378 3290 3393 ο
3345 3362 3412 3416 Ei
3454 3359 3601 3413 τοῦτο
3626 3357 3831 3426 ποιήσεις,

2320 3464 2502 3533 ὅμοιος
2532 3460 2628 3531 ἔσῃ
2651 3459 2920 3529 νεανίσκῳ
2946 3457 3055 3510 τινὶ
3084 3454 3513 3526 φρονιμωτάτῳ,
3542 3452 3655 3521 περὶ
3672 3443 3719 3503 οὗ
3736 3448 3833 3516 ἀκή-

2322 3568 2423 3604 κοα
2457 3549 2729 3601 πλουσίων
2761 3547 3048 3616 γεγονέναι
3087 3546 3183 3598 καὶ
3225 3543 3459 3606 ἐνδόξων
3485 3541 3695 3609 γονέων·
3718 3534 3833 3604 ᾧτινι

2319 3646 2347 3697 6
2377 3642 2560 3711 πατὴρ
2618 3639 3103 3710 μνηστευσάμενος
3148 3636 3247 3706 τὴν
3301 3633 3587 3704 θυγατέρα
3617 3631 3735 3691 τινὸς
3754 3627 3833 3680 τῶν

2322 3734 2573 3803 εὐγενείᾳ
2598 3733 2692 3785 καὶ
2721 3730 2938 3800 πλούτῳ
2964 3729 3340 3798 διαφερόντων
3374 3725 3496 3779 λίαν
3535 3720 3831 3792 ὡραιοτάτην,

2323 3821 2848 3890 κοινολογησάμενος
2876 3820 2931 3873 δὲ
2955 3818 3092 3889 πρὸς
3115 3817 3207 3870 τὸν
3237 3816 3410 3869 παῖδα
3432 3813 3557 3881 περὶ
3581 3810 3662 3864 τοῦ
3681 3809 3831 3878 γάμου,

2320 3920 2414 3969 καὶ
2442 3915 2591 3977 ὅπως
2618 3908 2686 3984 ἦν
2710 3910 2861 3981 αὐτῷ
2894 3909 3245 3979 μελετώμενα
3277 3905 3633 3974 ἀπαγγείλας.
3654 3899 3833 3957 ἀκούσας

2321 4006 2550 4071 ἐκεῖνος,
2587 4004 2682 4056 καὶ
2714 4003 2790 4065 ὡς
2823 4001 3039 4070 ἀπηχὲς
3068 4018 3120 4052 τι
3169 4000 3256 4053 καλ
3295 3999 3499 4053 ἄτοπον
3533 3991 3834 4059 ἀποσεισάμε-

2322 4115 2411 4160 νος
2440 4097 2502 4149 τὸ
2526 4097 2777 4166 πρᾶγμα,
2801 4092 2980 4162 φυγὰς
2995 4090 3169 4161 ᾤχετο
3198 4088 3523 4143 καταλιπὼν
3547 4088 3631 4140 τὸν
3654 4086 3832 4150 πατέρα.

2322 4190 2695 4259 Πορευόμενος
2728 4187 2785 4238 δὲ
2809 4183 3077 4249 ξενίζεται
3102 4186 3159 4236 ὲν
3188 4183 3337 4253 οίκίᾳ
3373 4179 3601 4252 γηραιοῦ
3623 4193 3742 4238 τινος
3761 4174 3834 4225 πέ-

2319 4294 2502 4347 νητος,
2535 4275 2630 4328 τοῦ
2653 4275 2936 4338 καύσωνος
2964 4274 3063 4343 τῆς
3080 4272 3292 4342 ἡμέρας
3321 4272 3513 4325 ἑαυτὸν
3528 4264 3833 4323 διαναπαύων.

2396 4474 2554 4546 ιω
2597 4474 2660 4526 Ἠ
2684 4472 2740 4527 δὲ
2766 4471 3014 4542 θυγάτηρ
3043 4470 3135 4524 τοῦ
3164 4468 3419 4540 πένητος,
3444 4463 3716 4537 μονογενὴς
3736 4455 3838 4513 οὖσα

2249 4549 2291 4603 D
2324 4570 2416 4622 καὶ
2451 4566 2742 4637 παρθένος,
2790 4563 3128 4633 καθεζομένη
3164 4562 3269 4633 πρὸ
3303 4560 3415 4613 τῶν
3450 4556 3643 4628 θυρῶν,
3696 4549 3839 4619 εἰργά-

2323 4658 2447 4721 ζετο
2480 4656 2579 4727 μὲν
2614 4658 2735 4719 ταῖς
2777 4657 2953 4727 χερσὶ,
2999 4654 3078 4723 τῲ
3124 4652 3181 4704 δὲ
3223 4651 3455 4721 στόματι
3500 4647 3747 4715 ἀσιγήτως
3772 4638 3838 4727 τὸν

2324 4749 2457 4801 Θεὸν
2484 4726 2705 4815 εὐλόγει
2750 4741 3149 4815 εὐχαριστοῦσα
3190 4739 3339 4808 αὐτῷ
3369 4741 3434 4792 ὲκ
3462 4735 3658 4808 βαθέων
3681 4726 3834 4797 ψυχῆς.

2324 4840 2446 4893 Τῶν
2479 4838 2682 4906 ταύτης
2709 4837 2765 4890 δὲ
2808 4836 2994 4906 ὓμνων
3026 4832 3284 4895 ἀκούσας,
3313 4832 3341 4884 6
3368 4830 3488 4892 νέος
3517 4827 3613 4895 ἔφη
3633 4840 3645 4853 ⁸
3668 4822 3722 4873 Τί
3745 4833 3833 4876 σου,

2322 4934 2506 5004 γύναι,
2547 4933 2609 4987 τὸ
2638 4915 3013 5002 ἐπιτήδευμα;
3067 4927 3229 4998 χάριν
3279 4924 3338 4985 δὲ
3374 4923 3539 4986 τίνος,
3591 4916 3717 4970 οὕτω
3760 4923 3837 5004 περ

2320 4999 2457 5079 οὐσα
2486 5022 2709 5093 εὐτελὴς
2749 4999 2844 5075 καὶ
2878 4999 3091 5088 πτωχὴ,
3129 5016 3204 5078 ὼς
3247 5014 3339 5069 ὲπί
3371 5028 3481 5066 τισι
3508 4999 3840 5093 μεγάλοιςαξιξς

2323 5118 2564 5186 ρήμασιν
2622 5080 3116 5181 εὐχαριστεῖςνιίτδν
3164 5105 3371 5175 δοτῆρα
3425 5080 3839 5186 ὑμνοῦσα;,ᾘδὶ

2491 5203 2652 5257 αὐτὸν
2688 5177 3047 5270 ⁷ἀπεκρίνατο
3070 5213 3085 5228 ο
3117 5196 3232 5249 Οὐκ
3281 5191 3440 5248 οἶσθα
3489 5192 3586 5252 ὅτι,
3635 5177 3839 5275 καθάπερ

2322 5270 2616 5371 φάρμακον
2651 5294 2847 5365 μικρὸν
2891 5294 2955 5345 ὲκ
2993 5289 3245 5361 μεγάλων
3278 5283 3597 5355 νοσημάτων
3624 5270 3836 5371 «ouans

2325 5358 2512 5462 ῥύεται
2531 5388 2621 5440 τὸν
2639 5358 2949 5455 ἀνθρωπον,
2972 5358 3114 5435 οὕτω
3133 5379 3199 5449 δὴ
3224 5378 3321 5433 καὶ
3344 5377 3404 5430 τὸ
3433 5374 3523 5427 ἐπὶ
3539 5372 3641 5431 τοῖς
3663 5358 3835 5437 μικροῖς

2275 5584 2591 5649 Μυωπάζω,
2634 5571 3451 5652 ὀφθαλμιῶ.(Εριιῐηεᾳηίιιεκιιιξ
3492 5563 3625 5621 Petri
3661 5560 3830 5614 locum:

2254 5640 2321 5730 ἦέ
2342 5658 2447 5728 γῆν
2480 5640 2652 5727 ῑίυῶν,
2678 5640 2902 5721 ’τυφλῶν
2932 5651 3012 5714 είς
3039 5650 3186 5703 ἅπαν
3215 5640 3589 5700 διατελούντων
