4042 6424
204 520 353 583 1009

198 722 349 776 Θεοῦ
380 732 472 778 καὶ
501 727 563 779 τὸ
589 730 926 800 ὑπερϐάλλον
953 734 1053 802 τῆς
1080 736 1244 790 αὐτοῦ
1279 739 1584 809 δυνάμεως.

285 816 422 870 Εἷπε
444 817 500 870 δὲ
529 820 665 889 πρὸς
697 823 861 876 αὑτὸν
893 825 921 876 ό
958 825 1219 898 Βαρλαάμ
1242 847 1256 861 ο
1289 830 1377 901 Τῷ
1406 831 1526 904 Θεῷ
1557 833 1788 905 εὔχομαι

197 904 420 970 διδάξαι
467 927 527 962 σε
593 912 782 975 ταῦτα,
834 917 926 968 καὶ
963 918 1064 987 τῆν
1106 921 1308 987 γνῶσιν
1358 923 1467 976 τῶν
1523 927 1785 982 τοιούτων

199 997 450 1090 ἐνθεῖναί
504 1018 595 1054 σου
643 1006 710 1075 τῇ
757 1005 937 1078 ψυχῇ’
974 1009 1097 1062 ἐπεὶ
1127 1013 1278 1084 παρὰ
1326 1014 1638 1084 ἀνθρώποις
1684 1019 1785 1090 τὴν

197 1089 379 1144 αὐτοῦ
411 1093 667 1164 λεχθῆναι
694 1096 850 1162 δόξαν
877 1101 968 1153 καὶ
995 1100 1224 1174 δύναμιν
1257 1105 1318 1157 τὸ
1359 1107 1622 1176 παράπαν
1653 1111 1785 1163 ἀδύ-

200 1197 394 1246 νατον,
423 1183 530 1238 κᾶν
565 1189 735 1241 πᾶσαι
767 1191 823 1242 αἱ
852 1192 966 1244 τῶν
982 1194 1100 1247 νυνὶ
1123 1196 1220 1248 καὶ
1243 1195 1349 1250 τῶν
1380 1196 1606 1253 πώποτε
1633 1217 1788 1268 γενο-

200 1273 390 1342 μένων
438 1278 743 1349 άνθρώπων
782 1283 1028 1350 γλῶσσαι
1060 1284 1120 1340 ἓν
1147 1289 1431 1355 γένωνται.
1485 1291 1621 1346 Θεὸν
1651 1294 1782 1365 γὰρ,

197 1366 375 1432 φησὶν
393 1369 420 1421 ὁ
436 1368 832 1445 εὑαγγελιστὴς
845 1377 938 1428 καὶ
959 1376 1210 1446 θεολόγος
1233 1379 1366 1451 (56),
1387 1381 1560 1447 οὐδεὶς
1572 1385 1784 1454 ἑώρακε

195 1455 431 1510 πώποτε
450 1475 462 1487 ⁸
495 1462 522 1512 ὁ
549 1465 846 1534 μονογενὴς
871 1466 1018 1531 Υἱὸς,
1052 1470 1080 1522 ὁ
1108 1469 1184 1522 ὢν
1222 1473 1306 1534 είς
1344 1472 1435 1525 τὸν
1460 1472 1661 1530 κόλπον
1687 1475 1783 1530 τοῦ

195 1545 443 1646 ξῐατρὸς,
509 1554 714 1618 ἐκεῖνος
769 1556 1096 1636 ἐξηγήσατο.
1133 1561 1241 1615 Τοῦ
1287 1563 1345 1617 δὲ
1395 1566 1630 1646 ἀοράτου
1689 1568 1784 1621 καὶ

194 1637 725 1728 ὑπεραπείρουγτὴν
781 1647 936 1714 δόξαν
993 1651 1086 1704 καὶ
1128 1653 1232 1722 τὴν
1277 1637 1673 1728 μεγαλωσύνην
1697 1660 1781 1725 τίς

194 1730 417 1800 ἰσχύσει
663 1742 913 1810 γηγενῶν
961 1744 1388 1811 καταλαϐέσθαι,
1438 1750 1488 1802 εἰ
1528 1725 1681 1821 μὴ
1715 1751 1781 1806 ἂν

1310 537 1483 597 VITA
1518 538 1874 599 BARLAAM
1910 542 2006 602 ET
2041 546 2392 611 JOASAPII.

201 647 345 686 cou'
397 635 664 705 γνώρισον
709 657 797 709 μοι
847 642 936 694 τόν
966 660 1026 696 τε
1077 644 1308 700 πλοῦτον
1360 649 1461 719 τῆς
1491 650 1650 722 δόξης
1693 653 1772 705 τοῐ

201 722 467 744 ουρ..-
538 727 552 744 ι
597 730 609 744 .
735 731 851 744 -.η
988 734 1013 744 -
1127 736 1139 744 .
1219 737 1242 744 -
1284 739 1304 744 _
1392 741 1401 744 _

1888 668 2135 734 gestiens,
2165 671 2260 726 abs
2291 681 2339 728 te
2368 684 2510 744 peto,
2542 689 2596 730 ut

3327 566 3456 629 1010

2623 688 2675 732 et
2704 679 2893 735 divina:
2918 681 3102 751 gloriae
3131 683 3361 748 divitias,
3394 698 3450 741 et

1888 761 2050 823 ipsius
2080 767 2324 833 polentia;
2351 772 2713 827 exce'leutiain
2745 775 2872 828 mihi
2904 777 3166 834 declares.

1962 853 2098 908 Dixit
2146 867 2318 911 autem
2367 861 2432 913 ad
2480 862 2650 928 ipsum
2700 865 2978 918 Barlaam:
3011 867 3173 920 Deum
3229 871 3452 938 supplex

1889 959 2018 1016 rogo
2049 956 2104 1001 ut
2137 949 2249 1002 huic
2277 961 2326 1004 le
2353 951 2559 1016 doceat,
2592 966 2753 1024 atque
2801 956 3098 1026 huiusmodi
3144 961 3317 1013 rerum
3365 976 3453 1014 co-

1889 1051 1955 1103 gn
1983 1046 2176 1092 tionem
2210 1041 2388 1094 animo
2435 1053 2525 1095 tuo
2573 1044 2789 1100 inserat.
2828 1044 3266 1116 Quandoquidem
3313 1052 3449 1117 apu’d

1897 1126 2138 1182 homines
2163 1129 2326 1197 ipsius
2350 1132 2514 1200 gloria
2542 1149 2604 1188 ac
2633 1138 2863 1202 potentia
2879 1137 3020 1189 nullo
3041 1135 3198 1191 modo
3213 1151 3450 1192 commeo

1896 1220 2092 1272 morari
2118 1230 2319 1289 potest,
2356 1229 2598 1292 quamvis
2619 1226 2776 1280 etiam
2808 1243 2992 1282 omnes
3022 1231 3258 1282 omnium
3283 1228 3453 1282 h‘omi-

1890 1322 2044 1372 num,
2065 1320 2168 1363 tam
2185 1315 2272 1376 qui
2300 1327 2444 1368 nunc
2463 1325 2585 1368 sunt
2611 1332 2766 1382 quam
2790 1318 2878 1387 qui
2905 1318 3188 1386 aliquando
3218 1317 3450 1384 fuerunt,

1893 1401 2086 1468 lingua:
2106 1402 2157 1454 in
2186 1417 2346 1456 unum
2376 1415 2583 1458 coeant.
2622 1407 2785 1458 Deum
2815 1407 2986 1472 enim,
3027 1407 3195 1474 inquit
3223 1422 3452 1476 evange-

1886 1483 2006 1536 lista
2029 1485 2660 1555 ettlieologus(.loan.t),
2745 1507 2906 1547 nemo
2979 1496 3116 1551 vidit
3197 1513 3449 1568 unquam.

1903 1573 2210 1642 Unigenitus
2243 1574 2425 1642 Filius,
2457 1579 2544 1645 qui
2575 1589 2657 1632 est
2685 1572 2879 1634 in'siuu
2910 1577 3113 1650 Patris,
3150 1587 3264 1655 ipse
3295 1605 3452 1645 enar-

1885 1665 2040 1716 ravit.
2071 1665 2194 1731 Ejus
2223 1679 2382 1731 porro
2413 1667 2501 1735 qui
2529 1671 2804 1722 oculorum
2839 1672 3078 1727 obtutum
3107 1673 3261 1744 fugit,
3289 1690 3449 1748 atque

1885 1753 2175 1808 immensus
2205 1759 2316 1822 est,
2350 1758 2574 1825 gloriam
2605 1770 2659 1812 et
2690 1759 3054 1830 majestatem,
3087 1767 3204 1832 quis
3234 1771 3447 1825 tandem

191 1826 366 1888 αὐτὸς
411 1828 736 1902 ἀποκαλύψῃ
782 1832 904 1885 καθ’
951 1834 1080 1888 ὅσον
1129 1835 1399 1907 βούλεται,
1436 1840 1628 1912 ὥσπερ
1664 1847 1772 1908 τοῖς

1881 1857 2065 1898 ecrum
2107 1847 2196 1913 qui
2245 1861 2274 1899 e
2325 1855 2462 1900 terra
2511 1853 2745 1903 concreti
2789 1860 2952 1917 sunt,
2997 1859 3441 1924 comprehensam

191 1920 515 1990 προφήταις
528 1921 693 1975 αὑτοῦ
715 1925 808 1976 καὶ
825 1926 1143 1991 ἀποστόλοις
1165 1930 1516 2002 ἀπεκάλυψεν
1538 1951 1551 1999 ;
1586 1935 1772 2006 Ἡμεῖς

1886 1931 2078 1992 habere
2107 1949 2295 2007 queat,
2327 1941 2424 1994 nisi
2457 1941 2567 2007 ipse
2593 1943 2847 1996 arbitratu
2876 1960 2976 1997 suo
3021 1959 3137 2000 eam
3189 1951 3444 2016 patefece-

189 2008 251 2062 δὲ
285 2013 347 2062 ὲκ
375 2013 469 2064 τοῦ
498 2014 858 2084 κηρύγματος
889 2018 1070 2071 αὐτῶν
1105 2021 1203 2073 καὶ
1249 2022 1308 2088 ἐξ
1343 2025 1514 2094 αὐτῆς
1544 2029 1642 2097 τῆς
1669 2027 1772 2081 τῶν

1883 2027 1986 2091 rit,
2025 2030 2471 2097 quemadmodum
2521 2031 2723 2086 scilicet
2754 2037 3025 2103 prophetis
3068 2008 3273 2093 suis-et
3318 2055 3444 2108 apo-

188 2103 547 2173 πραγμάτων
569 2106 804 2174 φύσεως,
841 2110 982 2164 κατὰ
1010 2111 1072 2165 τὸ
1101 2112 1382 2185 ἐγχωροῦν
1411 2119 1542 2187 ἡμῖν
1569 2119 1772 2188 μανθά-

1881 2121 2028 2174 stolis
2079 2123 2357 2190 patefecit?
2405 2115 2510 2178 Nos
2564 2134 2740 2178 autem
2796 2129 2904 2182 tum
2951 2144 3017 2182 ex
3076 2145 3259 2184 eorum
3313 2147 3444 2200 prte-

189 2211 384 2262 νομεν.
424 2197 588 2266 Λέγει
636 2200 744 2271 γὰρ
778 2202 810 2268 ἠ
869 2203 1061 2275 Γραφή
1089 2221 1105 2237 ο
1169 2208 1230 2260 Οί
1281 2208 1505 2279 οὐρανοὶ
1547 2211 1658 2280 (57)
1694 2213 1772 2265 δι-

1881 2213 2180 2279 dicatione,
2231 2224 2340 2268 tum
2390 2229 2454 2268 ex
2507 2215 2617 2284 ipsa
2680 2232 2856 2270 rerum
2921 2231 3135 2288 natura,
3190 2233 3440 2290 quautam

189 2287 463 2354 ηγοῦνται
493 2291 650 2356 δόξαν
675 2291 834 2357 Θεοῦ,
863 2297 1083 2366 ποίησιν
1113 2297 1168 2350 δὲ
1185 2300 1383 2370 χειρῶν
1415 2302 1579 2355 αὑτοῦ
1610 2305 1772 2373 ἀναγε-

1879 2305 2087 2372 assequi
2135 2305 2286 2359 nobis
2326 2307 2504 2370 datur,
2542 2322 2657 2359 eam
2699 2307 2972 2361 discunus.
2998 2313 3084 2363 Ait
3123 2311 3265 2365 cnim
3295 2313 3442 2367 Scri-

191 2378 381 2445 γέλλει
422 2381 484 2434 τὸ
531 2383 852 2455 στερέωμαο
898 2386 1008 2439 Καί
1035 2405 1048 2418 ο
1097 2389 1178 2442 Τὰ
1226 2391 1435 2461 ἀόρατα
1472 2393 1582 2464 (58)
1609 2395 1772 2449 αὐτοῦ

1880 2394 2232 2462 ptura:C(eli
2287 2403 2539 2448 enarra‘nt
2593 2397 2815 2465 gloriam
2872 2397 2986 2462 Dei,
3029 2409 3084 2453 et
3122 2416 3278 2469 opera
3334 2419 3441 2454 ma-

190 2470 308 2523 ἀπὸ
337 2473 572 2537 κτίσεως
625 2475 834 2545 κόσμου
875 2479 990 2541 τοῖς
1029 2480 1298 2551 ποιήμασι
1329 2479 1775 2551 νοούμενακαθ-

189 2565 414 2632 ορᾶται,
437 2565 472 2634 ἦ
499 2582 560 2618 τε
586 2566 756 2631 ἀΐδιος
783 2568 950 2623 αὐτοῦ
980 2569 1208 2640 δύναμις
1237 2575 1332 2627 καὶ
1359 2575 1594 2647 θειότης.

262 2825 540 2897 Καθάπερ
571 2829 680 2901 γάρ
715 2847 832 2893 τις,
866 2831 1047 2884 οίκίαν
1098 2830 1220 2885 ίδὼν
1250 2833 1522 2904 λαμπρῶς
1557 2835 1651 2890 καὶ
1685 2837 1771 2888 ἐν·

182 2917 403 2987 τέχνως
437 2920 958 2989 κατεσκευασμένην
995 2921 1027 2992 ἢ
1071 2921 1265 2987 σκεῦος
1305 2923 1522 2992 εὐφυῶς
1571 2935 1772 2996 συνηρ-

185 3009 490 3079 μοσμένον,
521 3010 617 3063 τὸν
659 3012 942 3082 οἰκοδόμον
973 3012 1006 3083 ἢ
1041 3013 1271 3067 τέκτονα
1297 3016 1460 3080 εὐθὺς
1493 3019 1560 3071 ἂν
1588 3019 1772 3090 ἐννοή-

183 3119 292 3162 σας
326 3103 682 3174 θαυμάσειεν,
721 3104 866 3158 οὕτω
887 3107 999 3176 (59)
1022 3105 1212 3174 κάγὼ,
1249 3109 1315 3163 ὲκ
1348 3110 1422 3180 μὴ
1456 3110 1626 3165 ὄντων
1656 3112 1771 3165 δια-

180 3195 456 3259 πλασθεὶς
487 3197 580 3250 καὶ
618 3197 698 3260 είς
736 3197 797 3249 τὸ
823 3195 882 3248 ὃν
921 3197 1222 3268 παραχθεὶς
1245 3242 1260 3266 ,
1293 3203 1340 3253 εί
1374 3203 1470 3254 καὶ
1503 3202 1597 3255 τὸν
1629 3203 1770 3257 πλά-

1876 2498 2038 2536 nuum
2065 2482 2183 2553 ejus
2208 2485 2485 2538 annuntiat
2513 2485 2900 2540 ﬁrmamentum
2942 2487 3111 2558 (Psal.
3142 2491 3316 2562 xvm).
3365 2493 3440 2546 Ac

1877 2589 2094 2629 rursus:
2127 2576 2410 2630 lnvisibilia
2463 2577 2628 2640 ipsius
2669 2594 2697 2630 a
2730 2577 2970 2632 creatura
3021 2582 3224 2642 mundi.
3260 2597 3351 2648 per
3377 2599 3437 2635 ea

1874 2679 1992 2732 qua:
2021 2663 2152 2717 facta
2174 2676 2298 2718 sunt
2326 2705 2342 2729 ,
2377 2664 2641 2718 intellecta
2670 2668 3092 2734 conspiciuntur,
3119 2671 3439 2737 sempiterna

1873 2763 2083 2822 quoque
2111 2753 2276 2822 ipsius
2303 2756 2534 2821 patentia
2560 2764 2615 2809 et
2641 2758 2890 2812 divinitas
2917 2757 3090 2829 (Rom.
3125 2759 3169 2830 ι)

1949 2845 2406 2911 Quemadmodum
2459 2847 2598 2899 enim
2630 2848 2888 2916 quispiam
2926 2850 3140 2904 domum
3192 2851 3442 2916 praeclare

1876 2950 1941 2990 ac
1965 2949 2171 2989 summa
2201 2949 2316 2990 arte
2342 2947 2721 2999 constructam.
2751 2948 2844 2992 aut
2879 2941 3148 2995 vasculum
3174 2942 3441 3011 eleganter

1876 3030 2253 3082 concinnatum
2302 3030 2659 3097 perspiciens,
2704 3030 3054 3085 architeCtum
3103 3037 3193 3086 aut
3235 3032 3439 3087 fabrum

1875 3118 2053 3172 statim
2091 3119 2159 3172 ob
2199 3119 2436 3172 animum
2485 3120 2587 3174 sibi
2643 3122 2918 3190 proponit,
2959 3125 3036 3176 sic
3064 3123 3224 3176 etiam
3251 3133 3349 3192 ego
3373 3137 3440 3178 ex

1879 3208 2046 3261 nihilo
2095 3208 2326 3273 eflictus,
2369 3218 2529 3277 atque
2569 3211 2621 3262 iu
2669 3220 2843 3264 ortum
2895 3211 3201 3279 productus,
3233 3213 3438 3267 etiamsi

181 3304 326 3358 στην
363 3288 459 3341 καὶ
493 3289 739 3360 παροχέα
767 3289 1068 3344 θεάσασθαι
1099 3292 1160 3344 ού
1191 3291 1488 3364 δεδύνημαι
1514 3334 1530 3358 ,
1558 3295 1676 3348 ἀλλ’
1705 3298 1769 3350 ὲκ

1879 3299 2116 3352 lictorem
2145 3312 2208 3351 ac
2238 3299 2610 3366 produt-torem
2663 3315 2838 3354 meum
2888 3303 3112 3356 cet-itere
3152 3315 3438 3369 nequeam,

178 3377 290 3446 τῆς
313 3379 657 3450 εὐαρμόστου
685 3380 778 3432 καὶ
808 3379 1268 3452 θαυμασιωτάτης
1297 3401 1396 3454 μου
1421 3386 1766 3456 κατασκευῆς

179 3473 268 3533 εἰς
309 3471 515 3540 γνῶσιν
559 3467 726 3542 ἦλθον
760 3472 861 3541 τῆς
895 3474 1061 3526 αὑτοῦ
1095 3474 1289 3542 σοφίας
1311 3517 1326 3542 ,
1379 3478 1440 3529 οὐ
1487 3478 1610 3532 καθ’
1653 3480 1682 3532 ὅ
1713 3480 1767 3532 τί

179 3565 357 3628 ἐστιν,
390 3563 528 3618 ἀλλὰ
559 3562 704 3618 καθὰ
739 3564 1037 3635 δεδύνημαι
1088 3569 1230 3620 νοεῖν
1255 3568 1364 3637 (40)
1385 3609 1399 3632 ,
1425 3569 1507 3622 ὅτι
1539 3569 1640 3622 οὑκ
1671 3571 1768 3625 αύ-

178 3653 442 3722 τομάτως
497 3655 810 3726 παρήχθην,
858 3655 981 3708 οὐδὲ
1037 3657 1133 3725 ἀφ’
1186 3657 1384 3711 ἑαυτοῦ
1437 3661 1764 3731 γεγένημαι,

181 3747 303 3799 ἀλλ’
335 3747 503 3810 αὐτὸς
529 3746 731 3801 ἐπλασέ
765 3765 832 3819 με
861 3748 1045 3819 καθὼς
1074 3751 1348 3824 ἠϐουλήθη
1370 3794 1385 3819 ,
1418 3756 1638 3809 πάντων
1667 3746 1767 3828 μὲν

180 3838 600 3910 προκατάρχειν
630 3840 797 3908 τάξας
829 3841 940 3896 τῶν
983 3846 1320 3914 κτισμάτων,
1369 3846 1531 3900 τινῶν
1579 3847 1636 3902 δὲ
1671 3851 1766 3903 καὶ

181 3929 501 3995 ὲλαττὼσας
525 3971 541 3996 ,
585 3933 678 3985 καὶ
707 3933 1064 4004 συντριϐέντα
1109 3935 1274 3990 πάλιν
1322 3938 1596 4010 κρείττονι
1633 3941 1766 3994 ἀνα-

181 4023 426 4076 καινίσει
449 4024 790 4089 ἀναπλάσας,
820 4021 941 4080 εἶτα
962 4026 1058 4080 καὶ
1078 4027 1365 4096 ὑπεξάγων
1385 4031 1493 4082 τῶν
1515 4033 1766 4087 ἐντεῦθεν

177 4116 263 4188 τῷ
293 4116 426 4188 θείῳ
451 4118 618 4172 αὐτοῦ
649 4118 1034 4190 προστάγματι
1068 4121 1164 4174 καὶ
1197 4121 1334 4191 πρὸς
1372 4123 1566 4194 ἑτέραν
1603 4142 1766 4194 μετα-

179 4209 359 4273 τιθεὶς
405 4210 587 4281 βιοτὴν
629 4210 988 4279 ἀτελεύτητον
1039 4213 1133 4265 καὶ
1195 4211 1433 4278 αἰώνιον,
1485 4217 1545 4268 ἐν
1591 4217 1768 4270 οὐδενὶ

177 4299 397 4354 τούτων
425 4301 724 4372 δυναμένου
759 4320 860 4372 μου
893 4303 1246 4358 ἀνθίστασθαι
1272 4308 1339 4376 τῇ
1367 4306 1514 4374 ίσχύῖ
1540 4307 1638 4377 τῆς
1668 4308 1767 4360 αύ-

176 4390 285 4444 τοῦ
331 4391 620 4459 προνοίας,
665 4393 802 4463 μήτε
850 4409 904 4445 τι
955 4393 1306 4463 προστιθέναι
1360 4395 1582 4465 ἐμαυτῷ
1627 4398 1766 4468 μήτε

182 4481 356 4554 ιω
391 4483 664 4555 ὑφαιρεῖν,
701 4485 812 4537 εἴτε
846 4483 968 4537 καθ’
999 4485 1218 4555 ἡλικίαν
1247 4486 1358 4556 (Η)
1388 4488 1495 4540 εἴτε
1537 4489 1678 4542 κατὰ
1705 4489 1767 4542 τὸ

175 4577 288 4646 τῆς
331 4577 548 4647 μορφῆς
578 4573 717 4638 εἶδος
736 4616 750 4640 ,
784 4580 920 4648 μήτε
947 4577 1016 4631 τὰ
1044 4579 1473 4650 πεπαλαιωμένα
1511 4599 1600 4651 μοι
1631 4582 1766 4634 diva-

1878 3398 2051 3441 l:uneu
2077 3403 2142 3442 ex
2171 3390 2443 3456 aptissima
2472 3391 2808 3457 maximeque
2830 3392 3139 3445 admiranda
3171 3393 3271 3446 ιηθί
3301 3403 3439 3446 stru-

1876 3493 2025 3532 cuira
2037 3479 2102 3532 ad
2123 3481 2394 3545 sapientiae
2421 3479 2587 3546 ipsius
2603 3484 2953 3548 cognitionem
2972 3485 3111 3544 veni.
3131 3500 3235 3536 nou
3257 3493 3438 3552 quate~

1877 3586 1972 3621 nus
1989 3579 2090 3632 est,
2105 3570 2197 3622 sed
2212 3580 2474 3638 quatenus
2491 3570 2783 3640 intelligere
2797 3577 2963 3641 queo:
2982 3581 3180 3642 nempe
3195 3577 3316 3642 quia
3333 3591 3436 3629 non

1875 3678 1999 3717 casu
2027 3679 2089 3718 ac
2113 3663 2330 3718 fortuito
2353 3664 2638 3731 productus
2658 3671 2795 3731 sum,
2813 3681 2915 3722 nec
2936 3683 2966 3722 a
2983 3683 3067 3723 me
3087 3667 3438 3746 ipso~exstiti,

1877 3769 2060 3809 verum
2092 3756 2206 3826 ipse
2228 3755 2485 3811 arbitratu
2507 3770 2603 3811 suo
2627 3773 2712 3814 me
2733 3753 2938 3815 eflinxit
2965 3779 2978 3816 :
3000 3762 3078 3816 sic
3106 3762 3352 3816 nimirum
3385 3771 3441 3819 ut

1877 3861 1960 3899 me
1976 3862 2151 3899 rerum
2167 3848 2402 3900 omnium
2423 3849 2753 3903 conditarum
2774 3851 3062 3922 principem
3084 3853 3438 3920 constituerit,

1874 3937 2188 4004 quibusdam
2237 3946 2438 3993 autem'
2462 3939 2763 3994 inferiorem
2813 3941 3026 4009 fecerit,
3059 3957 3120 3997 ac
3149 3944 3436 3998 contritum

1875 4027 2032 4080 etiam
2063 4027 2242 4082 divino
2266 4046 2364 4084 suo
2392 4033 2616 4100 imperio
2645 4048 2727 4090 me
2752 4049 2814 4088 ex
2848 4034 2946 4087 hac
2968 4034 3071 4088 vita
3099 4035 3348 4099 educens,
3377 4036 3440 4090 ad

1876 4117 2095 4171 alteram
2126 4120 2287 4172 vitam
2323 4121 2441 4173 linis
2470 4132 2743 4181 expertem
2774 4139 2835 4176 ac
2862 4126 3238 4192 sempiternam
3271 4137 3440 4178 trans-

1877 4206 2032 4262 ferat.
2085 4210 2286 4275 Quibus
2324 4211 2568 4266 omnibus
2603 4212 2656 4266 iu
2685 4215 2846 4269 rebus
2885 4217 3232 4283 providentia
3277 4217 3441 4283 ipsius

1875 4305 2072 4361 viribus
2120 4305 2378 4360 obluctari
2425 4321 2666 4376 nequeo,
2697 4319 2797 4360 nec
2840 4305 2969 4358 inihi
3017 4306 3326 4374 quidquam,
3361 4305 3439 4360 vel

1870 4406 2123 4465 quantum
2145 4397 2210 4450 ad
2232 4397 2608 4462 sraturam,vel
2633 4405 2888 4465 quantum
2918 4396 2982 4448 ad
3012 4394 3192 4449 forma:
3221 4395 3438 4458 figuram

1870 4489 2080 4553 attinet,
2113 4488 2345 4555 adjicere
2387 4497 2478 4542 aut
2527 4487 2838 4542 subtrahere
2864 4530 2877 4553 ,
2918 4501 3016 4541 nec
3042 4501 3105 4540 ea
3132 4501 3248 4554 quae
3277 4487 3326 4538 in
3358 4502 3443 4540 nio

1871 4589 2133 4636 vetustate
2164 4579 2402 4635 confecta
2441 4590 2585 4647 sunt,
2619 4593 2897 4643 renovare,
2945 4593 3041 4632 nec
3085 4593 3201 4647 quae
3245 4578 3440 4630 labefa-

178 4667 458 4731 καινίζειν
485 4667 800 4738 ὲξισχύσαι,
841 4669 979 4739 μήτε
1024 4669 1092 4722 τὰ
1131 4669 1506 4742 διεφθαρμένα
1538 4674 1769 4743 ἐπανορ-

1879 4679 2010 4726 ctata
2039 4681 2093 4725 et
2116 4681 2363 4740 corrupta
2394 4681 2537 4736 sunt,
2565 4672 2614 4724 in
2645 4671 2909 4740 integrum
2933 4669 3213 4724 reSIituere
3257 4670 3439 4737 Neque

178 4756 340 4812 θοῦν.
373 4758 561 4823 Οὐδεὶς
606 4759 714 4830 γὰρ
752 4757 860 4813 τῶν
903 4759 1206 4831 ἀνθρώπων
1247 4763 1451 4816 τούτων
1485 4781 1538 4816 τι
1583 4765 1769 4834 ἴσχυσέ

178 4866 327 4903 ποτε
372 4851 856 4921 κατεργάσασθαι,
899 4851 1024 4906 οὔτε
1067 4853 1355 4924 βασιλεὺς,
1393 4855 1514 4908 οὔτε
1562 4857 1723 4926 σοφὸς
1751 4897 1766 4923 ,

179 4938 316 4993 οὔτε
350 4941 627 5008 πλούσιος,
653 4941 776 4996 οὔτε
799 4943 1091 5014 δυνάστης,
1122 4944 1247 4998 οὔτε
1275 4963 1362 5009 τις
1389 4947 1546 5010 ἄλλος
1568 4948 1772 5018 ἀνθρὼ-

179 5046 325 5086 πινα
408 5033 810 5104 μετερχόμενος
883 5035 1322 5108 ἐπιτηδεύματα·
1384 5039 1571 5102 Οὐδεὶς
1622 5040 1766 5111 γὰρ,

179 5123 330 5193 φησὶ
352 5123 488 5195 (42),
525 5125 791 5195 βασιλέων
829 5127 862 5198 ἢ
903 5127 1012 5182 τῶν
1043 5129 1100 5181 ὲν
1130 5129 1428 5200 ὑπεροχαῖς
1455 5129 1624 5184 ὄντων
1653 5133 1768 5186 ἐτέ-

185 5231 296 5284 ραν
319 5214 442 5285 ἔσχε
471 5216 738 5284 γενέσεως
767 5218 964 5288 ἀρχὴν,
995 5219 1093 5291 μία
1118 5220 1174 5272 δὲ
1199 5222 1416 5278 πάντων
1454 5221 1656 5286 εἴσοδος
1691 5224 1772 5287 είς

180 5305 282 5360 τὸν
320 5305 455 5376 βίον,
491 5307 667 5374 ἐξοδός
696 5326 756 5363 τε
782 5310 890 5381 ἴση.

265 5443 378 5514 (56)
406 5445 564 5499 Joan.
590 5461 631 5513 i,
664 5447 752 5502 18.

263 5515 376 5583 (37)
408 5515 551 5570 Psal.
582 5533 735 5583 xvm,
766 5520 816 5573 l.

259 5585 376 5654 (58)
420 5586 587 5654 Epist.
614 5589 679 5640 ad
724 5589 878 5642 Rom.
913 5605 952 5651 t.
983 5591 1074 5646 20.

1871 4763 2011 4816 enim
2043 4763 2346 4825 mortalium
2376 4761 2514 4816 ullus
2555 4777 2782 4831 unquam
2808 4760 2925 4825 fuit,
2951 4760 3039 4828 qui
3073 4761 3257 4815 horum
3291 4760 3442 4830 quid-

1871 4868 2027 4922 quam
2054 4851 2264 4907 el'licere
2287 4861 2483 4920 posset,
2500 4868 2600 4905 non
2620 4868 2740 4915 rex,
2757 4868 2857 4906 non
2884 4853 3113 4918 sapiens,
3139 4866 3242 4903 non
3265 4851 3438 4917 dives,

1879 4958 1986 4996 non
2021 4951 2228 5011 potens,
2253 4958 2357 4996 non
2381 4943 2610 5007 denique
2637 4942 2770 4995 alius
2798 4941 3057 5009 quispiam
3088 4941 3312 4993 humana
3337 4949 3444 4992 stu-

1873 5035 1956 5088 dia
1987 5042 2328 5090 consectans.
2377 5034 2563 5087 Nullus
2592 5033 2755 5098 enim,
2792 5032 2964 5100 inquit
2993 5033 3100 5095 ille,
3127 5045 3330 5098 regum,
3355 5039 3444 5084 aut

1873 5147 2057 5185 eorum
2080 5131 2166 5199 qui
2193 5130 2246 5184 in
2266 5128 2590 5184 sublimitate
2615 5136 2759 5188 sunt,
2777 5125 2915 5178 aliud
2941 5123 3120 5177 habuit
3149 5120 3441 5175 nativitatis

1876 5223 2102 5276 initium.
2122 5221 2270 5276 Unus
2297 5219 2439 5273 enim
2461 5229 2542 5272 est
2564 5219 2798 5271 omnium
2825 5215 3072 5269 introitus
3095 5213 3159 5266 ad
3185 5213 3368 5275 vitam,
3391 5220 3445 5266 et

1879 5315 2017 5366 idem
2047 5311 2225 5365 exitus
2252 5310 2405 5380 (Sap.
2435 5310 2557 5375 vti).

407 5654 630 5739 aemula.
663 5659 790 5739 in}
817 5675 830 5712 :
866 5660 1007 5739 Ὅρα
1040 5663 1104 5714 ὲκ
1141 5661 1302 5716 τίνων
1328 5665 1410 5727 εἰς
1435 5665 1535 5734 τὴν
1568 5664 1662 5718 τοῦ
1692 5668 1828 5722 θεοῦ
1855 5668 2056 5739 γνῶσιν
2095 5668 2190 5721 καὶ
2231 5665 2631 5738 μεγαλειότητα
2661 5664 2925 5732 ἀνάγεται
2968 5665 3271 5734 ἄνθρωπος.

502 5727 646 5780 καθὰ
673 5728 754 5780 δεῖ
781 5746 849 5796 με
882 5725 1042 5785 νοεῖν.

264 5795 378 5861 (41)
413 5794 604 5878 Matth.
643 5814 716 5864 v1,
747 5794 817 5852 27
850 5816 862 5851 :
901 5801 996 5864 Τίς
1021 5800 1080 5865 ἐξ
1107 5802 1262 5873 ὑμῶν
1291 5806 1572 5875 μεριμνῶν
1621 5807 1844 5863 δύναται
1880 5809 2206 5878 προσθεῖναι
2255 5805 2344 5858 ἐπὶ
2389 5805 2488 5875 τὴν
2517 5804 2735 5874 ἠλικίαν
2783 5805 2945 5859 αὑτοῦ
2997 5805 3176 5877 πῆχυν
3200 5806 3330 5874 ἕνα,
3362 5807 3444 5861 Cf.

186 5861 324 5919 Luc.
359 5879 454 5925 xu,
485 5865 575 5919 ‘25.
702 5861 710 5864 ⁷
945 5903 949 5906 -

264 5932 378 6004 (42)
414 5936 541 6006 Sap.
574 5935 776 5994 Salom.
818 5953 910 6007 vn,
955 5940 1006 6006 5,
1033 5940 1083 5993 6.
