4042 6478
513 436 661 502 1015

1920 428 2293 490 ADDENDA.
2348 468 2349 471 η

3648 417 3780 480 tam

509 570 749 625 quosque
782 549 1129 617 philosonliim
1161 549 1337 603 socios
1367 547 1587 611 habeas,
1616 547 1874 617 siquidem
1902 551 2075 603 anima

2193 547 2295 610 ὗάς
2332 546 2635 614 κέκτησαι,
2671 545 2819 606 τίνας
2852 545 2910 597 δὲ
2954 542 3078 604 τοὺς
3114 540 3660 611 συμφιλοσοφοῦντάς
3694 558 3781 596 σοι

508 661 625 701 mea
678 654 781 697 tua:
824 642 1120 696 arctissime
1169 640 1370 705 lueret,
1404 650 1563 709 atque
1612 655 1703 702 per
1751 655 1909 694 omne
1957 641 2080 693 vita).

509 746 718 804 tempus
750 751 817 791 ne
845 736 1007 789 latum
1054 733 1265 803 quidem
1295 747 1521 801 unguem
1551 747 1580 785 a
1611 742 1662 787 te
1686 731 1964 788 discedere
1989 748 2081 787 cu-

508 830 615 898 pio.

584 918 672 973 Ait
723 926 899 971 autem
948 912 1356 969 senesznnos
1384 952 1399 977 ,
1434 913 1486 965 nl
1535 911 1722 978 fallor,
1751 914 1982 982 quinque
2027 920 2085 968 et

509 1010 855 1079 quadraginta
889 1018 1042 1060 natus
1068 1021 1210 1070 sum,
1241 1014 1397 1073 atque
1424 1002 1479 1057 in
1526 1012 1683 1058 terrm
1714 1004 1955 1059 Sennaar
1980 1004 2079 1058 de-

510 1097 668 1153 sertis
706 1097 867 1151 vitam
916 1095 1071 1165 dego.
1126 1094 1533 1148 Commilitones
1584 1109 1740 1159 porro
1770 1108 1861 1146 eos
1893 1094 2084 1161 habeo,

513 1192 599 1260 qui
631 1189 697 1243 ad
727 1189 941 1254 superni
985 1185 1191 1240 itineris
1235 1199 1448 1238 cursum
1497 1199 1704 1238 mecum
1752 1184 1995 1239 laborant
2021 1199 2083 1241 ac

513 1288 745 1335 certant.
1076 1274 1085 1277 ⁷

587 1372 729 1440 Quid
752 1370 867 1424 ais?
897 1369 1065 1438 inquit
1108 1366 1379 1435 .losapltat.
1428 1363 1555 1419 Mihi
1580 1364 1720 1419 enim
1754 1367 2084 1434 septuaginta

512 1478 682 1519 annos
713 1461 972 1517 excedere
998 1459 1218 1513 videris.
1247 1457 1383 1525 Quid
1410 1458 1565 1526 igitur
1594 1466 1696 1520 est,
1736 1458 2080 1527 quamobrem

515 1563 568 1608 te
591 1552 935 1621 quadraginta
966 1550 1202 1619 quinque
1231 1556 1430 1601 tantum
1458 1561 1624 1600 annos
1658 1548 1853 1604 habere
1885 1549 2031 1604 dicas
2056 1550 2079 1602 ἲ

515 1657 693 1711 neque
717 1642 859 1696 enim
889 1642 989 1696 hac
1019 1640 1070 1693 in
1102 1653 1161 1693 re
1184 1638 1310 1692 mihi
1342 1652 1463 1690 vera
1496 1637 1637 1706 loqui
1661 1638 1876 1693 videris.

590 1733 732 1788 Dixit
778 1742 953 1786 autem
985 1731 1049 1784 ad
1094 1744 1214 1784 eum
1247 1728 1491 1782 Barlaam
1520 1747 1533 1781 :
1559 1729 1612 1782 Si
1642 1744 1811 1783 annos
1843 1743 1995 1784 meos
2023 1730 2089 1783 ab

515 1826 633 1895 ipso
660 1824 782 1877 vita:
808 1833 925 1876 ortu
946 1835 1102 1875 nosse
1122 1823 1337 1890 quaeris,
1362 1828 1505 1874 recte
1529 1833 1661 1873 sane
1691 1834 1784 1874 eos
1813 1820 2089 1889 plusquam

514 1890 846 1987 septuaginta
892 1927 1012 1968 esse
1059 1910 1358 1980 conjecisti.
1392 1912 1462 1965 At
1501 1910 1629 1962 mihi
1683 1909 1896 1979 quidem
1943 1910 2091 1964 nullo
2118 1890 2161 1945 Β

516 2008 733 2062 omnino
759 2005 914 2059 modo
943 2004 1081 2058 inter
1107 2003 1226 2055 vita:
1255 2014 1425 2055 annos
1454 2007 1759 2065 censentur,
1785 1999 1950 2070 quiin
1986 1999 2087 2054 bu-

511 2102 599 2169 jus
625 2096 804 2153 mundi
836 2096 1069 2150 vanitate
1095 2093 1395 2161 coasumpti
1445 2100 1587 2145 sunt.
1624 2092 1755 2146 Nam
1786 2107 1928 2157 cum,
1960 2106 2087 2162 pec-

516 2192 649 2245 catis
678 2190 729 2243 in
759 2187 1067 2242 servitutem
1098 2183 1360 2248 addictus,
1384 2183 1529 2237 carni
1562 2183 1817 2250 viverem,
1836 2194 2091 2253 quantum

515 2283 582 2337 ad
636 2282 946 2335 interiorem
1003 2277 1277 2331 hominem
1335 2276 1561 2339 attinet,
1623 2287 1861 2331 mortuus
1919 2291 2089 2331 eram.

515 2372 870 2441 Quamobrem
901 2369 1086 2422 mortis
1114 2382 1304 2429 annos,
1338 2368 1460 2420 vita:
1485 2380 1657 2436 annos
1698 2382 1965 2435 nunquam
1997 2383 2091 2435 ap-

514 2464 781 2534 pellarim.
817 2462 891 2515 Ex
921 2475 1025 2527 quo
1050 2470 1229 2513 autem
1264 2458 1494 2513 mundus
1520 2458 1648 2513 mihi
1673 2460 1959 2513 cruciﬁxus
1986 2468 2089 2524 est,

516 2563 571 2608 et
599 2567 699 2621 ego
727 2550 925 2605 mundo
968 2548 1112 2618 (Gal.
1147 2550 1253 2615 vr),
1286 2557 1443 2616 atque
1469 2559 1627 2601 exuto
1656 2558 1823 2603 vetert
1852 2549 2089 2614 homine,

517 2644 605 2713 qui
659 2642 950 2697 secundum
995 2640 1193 2694 erroris
1243 2639 1509 2694 desideria
1558 2643 1949 2710 corrumpitur,
1984 2657 2089 2696 non

516 2735 623 2803 jam
651 2734 794 2787 carni
826 2732 966 2796 vivo,
990 2730 1082 2785 sed
1110 2731 1239 2784 vivit
1260 2729 1313 2783 in
1342 2746 1425 2783 me
1452 2729 1723 2793 Christus;
1753 2731 1890 2800 quod
1913 2743 2089 2786 autem

517 2826 661 2889 vivo,
692 2824 744 2876 in
779 2822 880 2875 llde
908 2823 1031 2875 vivo
1058 2820 1177 2874 Filii
1213 2819 1328 2886 Dei,
1352 2821 1439 2888 qui
1468 2820 1651 2874 dilexit
1678 2836 1784 2883 me,
1811 2828 1865 2875 et
1892 2836 1986 2890 pro
2008 2836 2091 2876 me

521 2913 752 2980 seipsum
784 2911 1000 2968 tradidit
1024 2908 1237 2979 (Ephes.
1266 2910 1341 2978 tv)
1366 2926 1380 2962 :
1406 2909 1503 2963 hos
1525 2910 1645 2964 vita:
1674 2924 1840 2962 anuos
1867 2917 1923 2963 et
1949 2911 2090 2963 salu-

522 3004 589 3056 tis
627 3003 743 3059 dies
772 3002 974 3070 Optimo
999 3000 1119 3069 jure
1158 3001 1477 3053 vocaverim.
1527 3000 1669 3066 Quos
1698 2999 1909 3067 quidem
1941 3001 2093 3069 quin-

520 3109 625 3162 que
665 3104 720 3147 et
765 3093 1113 3162 quadraginta
1162 3106 1283 3147 esse
1312 3105 1556 3145 asserens
1579 3131 1594 3155 ,
1624 3098 1976 3144 consentanea
2009 3106 2092 3143 ra-

522 3184 690 3253 tione,
733 3197 796 3236 ac
836 3199 940 3235 nou
986 3182 1235 3250 absurde,
1262 3183 1448 3235 borum
1496 3196 1776 3234 numerum
1826 3180 1917 3234 tibi
1957 3182 2088 3235 dixi.

520 3273 658 3340 Quin
707 3283 759 3328 tu
801 3288 1013 3342 quoque
1048 3288 1110 3327 ea
1146 3287 1363 3343 Semper
1403 3282 1582 3327 mente
1610 3288 1672 3327 ac
1700 3275 1962 3327 sententia
2015 3274 2089 3328 sis

522 3364 703 3428 velim,
721 3363 968 3417 nimirum
991 3374 1046 3416 ut
1070 3378 1163 3417 eos
1190 3364 1279 3431 qui
1302 3373 1557 3432 quantum
1584 3363 1648 3415 ad
1680 3377 1839 3417 omne
1864 3363 2088 3431 probum

521 3468 655 3520 opus
686 3454 878 3507 mortui
908 3463 1051 3516 sunt,
1097 3454 1326 3520 peccatis
1371 3462 1545 3506 autem
1576 3453 1783 3518 vivunt,
1813 3462 1974 3522 atque
1998 3468 2088 3506 eo-

520 3560 638 3600 rum
680 3544 769 3612 qui
817 3543 960 3596 humi
1000 3542 1261 3612 provoluti
1291 3550 1415 3597 sunt
1445 3544 1664 3611 principi
1696 3543 2083 3611 obsequuntur,

520 3637 656 3691 etin
686 3636 1044 3704 voluptatibus
1084 3648 1146 3689 ac
1194 3634 1457 3704 pestiferis
1503 3634 1884 3702 cupiditatibus
1925 3635 2087 3687 vitam

517 3729 835 3792 absumunt,
871 3728 1016 3781 nullo
1046 3727 1205 3781 modo
1236 3727 1415 3781 vivere
1440 3727 1716 3781 existimes
1735 3766 1748 3787 ,
1778 3740 1961 3779 verum
1993 3739 2089 3779 eos

516 3817 811 3871 exstinctos
856 3832 974 3871 esse
1021 3816 1113 3871 tibi
1158 3817 1517 3885 persuadeas,
1549 3818 1781 3885 vitaeque
1825 3814 2087 3870 l‘unctioni

517 3916 775 3961 mortuos.
817 3906 946 3960 Nam
994 3915 1268 3973 peccatum
1302 3907 1614 3960 immortalis
1644 3907 1835 3958 animus
1860 3915 2085 3959 mortem

515 4009 637 4050 esse
670 3997 879 4062 sapiens
910 3996 1119 4063 quidam
1152 4011 1255 4048 non
1296 3996 1563 4049 immerito
1590 3995 1964 4061 pronuntiavit.
1991 3997 2086 4049 At-

514 4108 618 4165 que
664 4097 823 4150 etiam
864 4096 945 4151 his
1000 4097 1176 4150 verbis
1227 4098 1510 4163 Apostolus
1538 4096 1895 4152 utitur:Cum
1944 4096 2085 4150 servi

517 4190 706 4244 essetis
746 4190 971 4259 peccati,
1004 4190 1154 4244 liberi
1184 4192 1344 4246 eratis
1365 4190 1602 4260 iustitiae.
1635 4195 1799 4260 Quem
1828 4208 1954 4262 ergo
1982 4193 2090 4246 ἴτη-

515 4289 656 4333 ctum
702 4280 962 4335 habuistis
993 4282 1042 4335 in
1092 4282 1173 4336 liis
1206 4281 1260 4336 in
1300 4285 1488 4352 quibus
1540 4300 1677 4338 nunc
1724 4285 2087 4339 erubescitis?

522 4371 662 4425 Finis
705 4372 845 4426 enim
872 4373 1077 4427 illorum
1111 4390 1255 4429 mors
1284 4387 1382 4431 est.
1415 4377 1564 4430 Nunc
1608 4388 1786 4431 autem
1820 4377 2027 4430 liberati
2059 4391 2091 4429 a

520 4476 757 4529 peccato,
790 4464 927 4517 servi
957 4476 1133 4519 autem
1165 4466 1287 4521 lacti
1314 4467 1568 4537 justitia,
1603 4468 1810 4523 habetis
1857 4466 2087 4522 fructum

2186 638 2349 706 ἔχεις.
2386 634 2677 707 Κραταιῶς
2699 634 2807 704 γάρ
2838 649 2939 703 μου
2966 633 2998 702 ἡ
3023 630 3168 702 ψυχὴ
3194 631 3293 699 τῆς
3322 631 3425 700 σῆς
3454 630 3777 700 ἐξήρτηται.

2186 730 2279 783 καὶ¹
2312 726 2565 797 οὐδαμῶς
2610 742 2703 778 σου
2758 724 2849 776 τὸν
2878 721 3059 776 πάντα
3110 738 3210 791 μου
3254 721 3449 791 χρόνον
3489 720 3588 789 τῆς
3631 719 3781 788 ζωῆς

2186 820 2523 892 χωρισθῆναι
2553 818 2710 871 θέλω.

2268 912 2327 963 Ὀ
2363 910 2421 961 δὲ
2448 910 2628 978 γέρων
2671 906 2795 976 ἔφη·
2834 903 3061 973 Χρόνων
3100 900 3199 972 μὲν
3228 901 3340 968 (58)
3380 901 3533 969 εἰμὶ,
3574 899 3652 964 ὡς
3694 902 3778 952 εζ-

2186 1001 2371 1067 κάζω,
2416 996 3018 1069 τεσσαρακονταπέντεο
3056 994 3115 1044 ἐν
3157 993 3387 1063 ἐρήμοις
3437 992 3494 1044 δὲ
3539 994 3641 1061 τῆς
3673 996 3781 1061 γῆς

2190 1092 2403 1161 Σεναὰρ
2448 1091 2651 1158 διάγων
2699 1085 3105 1155 συναγωνιστὰς
3135 1084 3413 1151 κέκτημαι
3462 1084 3588 1146 τοὺς
3639 1085 3779 1151 πρὸς

2186 1185 2278 1237 τὸν
2318 1183 2515 1253 δρόμον
2535 1182 2632 1250 τῆς
2670 1181 2783 1233 ἄνω
2814 1178 3038 1248 πορείας
3069 1174 3478 1245 συμπονοῦντας
3514 1176 3609 1228 καὶ
3642 1192 3769 1227 συν-

2188 1275 2571 1346 αμιλλωμένου
2582 1290 2628 1335 ς.

2259 1367 2422 1429 Πῶς,
2454 1366 2619 1434 φησιν
2663 1365 2691 1415 6
2736 1361 2997 1427 Ίωάσαφ,
3038 1358 3211 1412 ταῦτά
3240 1375 3329 1429 μοι
3374 1358 3593 1424 λέγεις;
3651 1357 3779 1409 ἐπέ·

2188 1474 2344 1510 κεινα
2369 1455 2477 1526 γάρ
2506 1470 2593 1525 μοι
2619 1452 2783 1524 φαίνῃ
2812 1450 2919 1503 τῶν
2946 1449 3313 1519 ἐϐδομήκοπά
3346 1464 3448 1500 που
3483 1444 3772 1498 ἐνιαυτῶν.

2188 1546 2284 1610 Τίς
2317 1542 2410 1600 οὖν
2453 1546 2482 1597 6
2512 1543 2670 1612 λόγος
2700 1560 2783 1596 σοι
2807 1542 2919 1593 τῶν
2948 1538 3523 1608 τεσσαρακονταπέντε
3584 1534 3776 1605 βούλε-

2188 1656 2277 1691 ται
2307 1638 2557 1709 χρόνων;
2588 1637 2648 1689 οὐ
2682 1634 2858 1697 δοκεῖς
2891 1632 3000 1703 γάρ
3048 1648 3138 1702 μοι
3162 1631 3220 1682 έν
3249 1630 3423 1698 τούτῳ
3458 1627 3770 1697 ἀληθεύειν.

2260 1727 2397 1783 Εῐπε
2431 1730 2489 1783 δὲ
2529 1726 2795 1798 Βαρλαάμ
2839 1726 2977 1796 πρὸς
3022 1723 3186 1777 αὐτόν
3208 1739 3219 1752 ’
3256 1723 3316 1774 El
3365 1722 3464 1791 μὲν
3499 1721 3629 1781 τοὺς
3664 1718 3773 1770 ἀπὸ

2190 1821 2458 1890 γενέσεως
2488 1819 2715 1890 χρόνους
2750 1835 2851 1887 μου
2881 1815 3069 1887 μαθεῖν
3100 1813 3301 1883 ζητεῖς,
3346 1809 3530 1872 καλῶς
3554 1810 3777 1871 τούτους

2192 1913 2496 1976 ἀπείκασας
2526 1911 2784 1963 ἐπέκεινα
2805 1907 2914 1961 τῶν
2943 1904 3317 1975 ἑϐδομήκοντά
3347 1920 3451 1955 που
3484 1900 3771 1970 ὑπάρχεινο

2192 2005 2306 2059 ἀλλ’
2356 2003 2547 2074 ἔμοιγε
2589 2002 2821 2065 οὐδόλως
2862 2002 2942 2062 εἰς
2984 1998 3182 2069 μέτρον
3221 1995 3364 2065 ζωῆς
3415 1992 3776 2061 ἐλογίσθησαν

2190 2099 2304 2151 ὅσοι
2357 2099 2423 2165 τῇ
2476 2094 2801 2166 ματαιότητι
2848 2092 2942 2146 τοῦ
2977 2092 3184 2160 κόσμου
3231 2087 3611 2155 δεδαπάνηντο
3642 2086 3771 2151 (59).

2193 2195 2319 2248 Ὅτε
2353 2195 2463 2263 γὰρ
2501 2191 2639 2256 ἔζων
2672 2191 2749 2261 τῷ
2781 2188 2990 2263 σαρκίῳ
3027 2186 3423 2256 δεδουλωμένος
3456 2186 3583 2245 ταῖς
3621 2179 3769 2249 151

2190 2286 2531 2356 ἁμαρτίαις,
2582 2282 2776 2354 νεκρὸς
2808 2282 2959 2353 ἥμην
2987 2280 3079 2333 τὸν
3122 2278 3231 2331 ἔσω
3272 2277 3585 2346 ἄνθρωπον.
3640 2270 3774 2332 τοὺς

2190 2375 2283 2432 οὖν
2317 2378 2417 2449 τῆς
2447 2374 2769 2446 νεκρώσεως
2802 2372 3031 2444 χρόνους
3066 2372 3167 2423 οὐκ
3197 2369 3261 2423 ἀν
3296 2386 3428 2422 ποτε
3465 2366 3621 2434 ζωῆς
3660 2365 3773 2416 ὀνο-

2195 2471 2453 2540 μάσαιμι.
2502 2466 2590 2532 Ἐξ
2636 2467 2761 2519 ὅτου
2812 2464 2869 2517 δὲ
2918 2466 2946 2517 6
2979 2464 3183 2532 κόσμος
3216 2462 3337 2530 ἐμοὶ
3389 2459 3771 2529 ἐσταύρωται,

2191 2557 2347 2625 κάγὼ
2373 2556 2450 2627 τῷ
2482 2556 2672 2625 κόσμῳ
2702 2552 2814 2622 (60)
2833 2596 2846 2614 ,
2887 2553 3013 2615 καὶ,
3051 2550 3387 2620 ἀποθέμενος
3418 2551 3517 2601 τὸν
3545 2548 3777 2601 παλαιὸν

2191 2650 2499 2721 ἄνθρωπον,
2550 2648 2641 2700 τὸν
2689 2645 3049 2716 φθειρόμενον
3121 2643 3264 2696 κατά
3310 2643 3408 2705 τὰς
3477 2639 3779 2709 ἐπιθυμίας

2190 2741 2292 2810 τῆς
2340 2740 2557 2809 ἀπάτης
2597 2738 2708 2806 (61)
2735 2778 2750 2801 ,
2784 2737 2884 2789 οὐκ
2932 2735 3013 2788 ἔτι
3065 2734 3143 2798 ζῶ
3188 2736 3254 2804 τῇ
3288 2733 3489 2804 σαρκὶ,
3540 2730 3687 2783 ἀλλά
3716 2730 3780 2798 ζῇ

2192 2833 2250 2884 ὲν
2281 2832 2403 2901 ἐμοὶ
2433 2831 2460 2882 6
2506 2829 2776 2901 Χριστὸς,
2821 2828 2850 2880 ὃ
2892 2826 2962 2891 δὲ
2986 2825 3065 2889 ζῶ
3105 2828 3169 2895 τῇ
3218 2824 3399 2876 πίστει
3446 2821 3529 2887 ζῶ
3576 2825 3647 2891 τῇ
3690 2820 3782 2873 τοῦ

2192 2920 2326 2974 Υίοῦ
2358 2920 2452 2973 τοῦ
2486 2918 2645 2981 Θεοῦ,
2680 2917 2775 2970 τοῦ
2807 2915 3195 2985 ἀγαπήσαντός
3225 2931 3291 2984 με
3317 2914 3412 2965 καὶ
3444 2910 3785 2980 παραδόντος

2194 3013 2384 3067 ἑαυτὸν
2425 3012 2566 3083 ὑπὲρ
2617 3009 2751 3082 ἐμοῦ
2780 3008 2925 3079 (62),
2962 3006 3188 3069 τούτους
3238 3006 3461 3068 εἰκότως
3496 3004 3596 3057 κει)⁵
3642 3001 3786 3071 ζωῆς

2193 3107 2420 3178 χρόνους
2450 3104 2545 3157 καὶ
2579 3102 2796 3173 ἡμέρας
2831 3096 3108 3169 σωτηρίας
3147 3095 3477 3165 καλέσαιμι,
3522 3094 3622 3155 οὒς
3659 3093 3785 3163 περὶ

2194 3198 2262 3251 τὰ
2288 3190 2872 3264 τεσσαρακονταπέντε
2923 3184 3276 3256 συναριθμῶν
3300 3184 3415 3254 ἐτη,
3450 3184 3600 3235 κατὰ
3631 3183 3785 3249 λόγον

2196 3306 2280 3343 σοι
2311 3288 2404 3339 καὶ
2429 3286 2529 3337 οὐκ
2560 3284 2668 3336 ἀπὸ
2699 3278 2906 3334 σκοποῦ
2938 3276 3038 3349 τὴν
3059 3276 3269 3330 τούτων
3300 3276 3521 3342 ἐξεῖπον
3544 3273 3783 3341 ἀρίθμη-

2196 3399 2302 3435 σιν.
2339 3380 2449 3432 Καὶ
2487 3377 2551 3430 σὺ
2582 3376 2762 3429 τοίνυν
2792 3372 2886 3425 τοῦ
2922 3371 3166 3423 τοιούτου
3206 3368 3333 3439 ἔχου
3367 3365 3635 3436 λιγισμοῦ
3661 3366 3787 3417 ἑκά-

2196 3489 2371 3535 στοτε,
2403 3469 2646 3541 μηδόλως
2675 3465 2774 3536 ζῇν
2788 3462 3187 3533 ὑπολαμϐάνων
3202 3462 3326 3523 τοὺς
3337 3475 3492 3512 νενεκ
3499 3477 3583 3528 ρω
3592 3458 3785 3527 μένους

2196 3564 2296 3634 μὲν
2327 3560 2462 3632 πρὸς
2485 3560 2667 3612 πᾶσαν
2695 3552 3089 3626 ἀγαθοεργίαν,
3126 3551 3335 3617 ζῶντας
3363 3551 3419 3602 δὲ
3452 3554 3581 3612 ταῖς
3608 3551 3785 3619 ἁμαρ-

2192 3657 2337 3718 τίαις
2386 3654 2481 3707 καὶ
2530 3652 2607 3722 τῷ
2643 3647 3050 3719 κοσμοκράτορι
3102 3642 3629 3712 καθυπουργοῦντας
3682 3641 3785 3694 τῶν

2195 3749 2348 3802 κάτω
2380 3743 2722 3814 συρομένων,
2761 3742 2819 3793 ὲν
2860 3739 3076 3809 ἡδοναῖς
3107 3754 3167 3789 τε
3198 3736 3291 3789 καὶ
3331 3734 3665 3805 ἐπιθυμίαις
3695 3751 3786 3785 πο-

2195 3842 2388 3910 νηραῖς
2414 3838 2505 3890 τὸν
2540 3835 2651 3906 βίον
2706 3832 3062 3893 δαπανῶντας
3086 3846 3100 3861 ο
3130 3828 3267 3883 ἀλλὰ
3298 3827 3782 3897 τεθανατωμένους

2193 3931 2419 3993 τούτους
2449 3924 2507 3982 εὖ
2541 3927 2649 3980 ἴσθι
2672 3924 2965 3995 τυγχάνειν
2994 3923 3088 3975 καὶ
3113 3919 3558 3990 νενεκρωμένους
3588 3922 3657 3990 τῇ
3687 3918 3782 3987 τῆς

2195 4023 2342 4093 ζωῆς
2369 4019 2641 4091 ἐνεργείᾳ.
2676 4017 2788 4087 Τὴν
2814 4015 2924 4086 γὰρ
2954 4013 3230 4084 ἁμαρτίαν
3259 4012 3491 4065 θάνατον
3524 4012 3627 4079 τῆς
3659 4009 3784 4062 ἀθα-

2195 4118 2358 4169 νάτου
2389 4112 2569 4182 ψυχῆς
2605 4109 2717 4180 (63)
2753 4108 2914 4175 σοφός
2945 4124 3029 4169 τις
3070 4104 3180 4173 (64)
3216 4102 3481 4157 ἐκάλεσεν
3518 4098 3777 4163 εἰκότως·

2196 4207 2330 4279 φησι
2363 4206 2419 4258 δὲ
2467 4204 2563 4255 καὶ
2601 4204 2629 4255 6
2680 4198 3023 4261 ’Δπόστολος
3080 4196 3236 4265 152
3287 4196 3417 4247 Ὅτε
3461 4194 3574 4261 (65)
3604 4193 3779 4248 δοῦλοι

2194 4295 2292 4368 ἦτε
2318 4298 2415 4367 τῆς
2437 4292 2735 4363 ἁμαρτίας,
2764 4289 3040 4359 ἐλεύθεροι
3070 4284 3169 4360 ἦτε
3196 4289 3261 4358 τῇ
3292 4285 3638 4356 δικαιοσύνῃ·
3662 4285 3777 4338 τίνα

2195 4386 2289 4443 οὖν
2312 4385 2526 4456 καρπὸν
2565 4386 2740 4453 εἴχετε
2773 4382 2893 4435 τότε
2914 4419 2929 4445 ,
2959 4379 3044 4447 ἐφ’
3079 4374 3160 4441 οἷς
3206 4376 3303 4430 νῦν
3341 4377 3773 4447 ὲπαισχύνεσθε;

2197 4480 2271 4533 Τὸ
2306 4482 2417 4547 γὰρ
2435 4476 2587 4535 τέλος
2615 4474 2838 4527 ἐκείνων
2865 4472 3115 4533 θάνατος.
3150 4471 3286 4522 Νυνὶ
3308 4469 3363 4523 δὲ
3388 4468 3777 4538 ἐλευθερωθένο

521 4563 754 4607 vestrum
781 4556 830 4607 in
855 4556 1527 4624 sanctiﬁcationemﬁnem
1550 4572 1726 4616 autem
1751 4562 1912 4614 vitam
1938 4570 2089 4614 aeter-

2200 4588 2290 4634 τες
2332 4570 2439 4623 ἀπὺ
2490 4568 2592 4636 τῆς
2639 4564 2950 4634 ἁμαρτίας,
2996 4560 3354 4622 δουλωθέντες
3395 4560 3450 4636 δὲ
3496 4560 3576 4629 τῷ
3619 4559 3775 4628 Θεῷ,

520 4658 663 4704 nam.
713 4644 986 4714 Stipendia
1038 4650 1181 4703 enim
1232 4653 1457 4719 peccati,
1479 4668 1657 4720 mors;
1698 4655 1865 4724 gratia
1915 4665 2090 4709 autem

2200 4664 2355 4734 ἔχετε
2387 4662 2479 4713 τὸν
2525 4634 2737 4729 καρπὸν
2776 4656 2931 4726 ὑμῶν
2970 4657 3049 4717 εἰς
3088 4652 3386 4722 ἀγιασμδν,
3423 4634 3485 4704 τὸ
3526 4652 3584 4703 δὲ
3629 4651 3775 4713 τέλος

596 4848 707 4919 (58)
732 4847 950 4931 Leptttia
984 4853 1105 4907 inA
1146 4871 1161 4907 :
1202 4849 1343 4923 Ὅρα
1374 4851 1515 4905 ὅσων
1552 4856 1762 4923 χρόνων
1804 4852 1873 4929 ἦν
1907 4859 2190 4931 Βαρλαὰμ,
2224 4859 2313 4912 ὅτε
2357 4856 2495 4928 πρὸς
2540 4855 2777 4922 Ἰωάσαφ
2819 4853 3056 4924 εἰσῆλθε,
3088 4853 3181 4905 καὶ
3225 4853 3283 4903 έν
3322 4849 3463 4920 ποίῳ
3494 4851 3645 4919 τόπῳ
3679 4851 3773 4921 τὴν

522 4916 642 4988 οῐκη
652 4916 754 4990 civi
772 4916 907 4990 εἶχε.

733 4988 1039 5071 ὃίιιξοιιίᾷοε
1065 4992 1264 5048 Stobai
1287 4992 1375 5071 tit.
1408 4992 1497 5056 98,
1527 4993 1614 5055 59,
1647 4996 1945 5067 ἐρωτηθεὶς
1964 5000 2089 5071 πόσι

2193 4999 2358 5069 ςρόνον
2385 4994 2543 5066 βιῴη,
2575 4988 2990 5071 χρόνονηεῖπεν,
3034 4993 3233 5061 ὀλίγον,
3273 4996 3365 5066 ἔτη
3393 4996 3451 5048 δὲ
3491 4991 3680 5047 πολλὰ.
3714 4991 3772 5043 Et

524 5058 729 5134 Similis
763 5060 863 5115 sub
893 5064 1132 5117 Adriano
1163 5061 1479 5134 praefectus,
1516 5078 1639 5117 cum
1681 5058 1884 5134 septem
1925 5058 2145 5124 ultimos
2169 5058 2295 5122 vitae
2346 5058 2660 5119 aiinosriiri
2695 5065 2951 5134 «legisset,
2984 5078 3042 5117 se
3074 5058 3281 5134 septem
3343 5058 3552 5117 t'antmn
3607 5076 3771 5134 annos

524 5131 725 5204 vixisse
752 5134 1028 5204 epitapliio
1059 5121 1378 5204 declaravit,
1408 5121 1550 5204 quod
1580 5143 1665 5187 est
1698 5121 1836 5204 apud
1872 5121 2089 5192 Diou.C

2196 5177 2210 5190 .
2246 5121 2394 5200 Lstx,
2428 5136 2494 5190 19
2528 5153 2540 5188 :
2576 5121 2792 5204 Σὶμιλιξ
2825 5121 3199 5203 μὲνένταῦθα
3236 5138 3452 5195 κεῖται,
3484 5133 3635 5204 βιοὺς
3679 5130 3771 5199 μὲν
3818 5121 3830 5132 ’

522 5199 616 5272 ἐτη
641 5200 812 5272 τόσα,Δ
838 5199 1011 5272 ζήσας
1036 5204 1091 5256 δὲ
1121 5204 1180 5258 ἐτ

1244 5203 1401 5275 ἑπτά.
1427 5201 1573 5275 Vide
1598 5205 1669 5275 ibi
1706 5201 1970 5275 interpr.;
2015 5209 2138 5263 coll.
2172 5208 2439 5264 Salmasio
2479 5207 2543 5258 ail
2578 5201 2855 5269 spartiau.
2894 5204 3069 5275 p._l9,
3104 5218 3267 5275 aquo
3308 5201 3575 5258 discitlttts
3607 5215 3770 5275 ξηρῇ-(ξε

522 5222 616 5268 ετη
641 5222 794 5264 τοσα,
838 5222 1011 5272 εησας
1036 5222 1091 5256 οε
1121 5222 1180 5258 ετ
1244 5222 1401 5255 επτα.
1450 5222 1573 5257 νιιιθ
1598 5222 1669 5258 IDI
1706 5222 1970 5275 tttlerpr.;
2015 5222 2138 5263 C0“.
2172 5222 2439 5264 Salinas")
2479 5222 2543 5258 an
2578 5222 2855 5269 διιιπιιειιι.
2894 5222 2947 5270 p.
2981 5222 3069 5264 ιν,
3104 5222 3266 5269 :quuo
3308 5222 3575 5258 ﬂlSCIlINIS
3607 5222 3767 5253 anuus

522 5270 914 5341 quinquaginta
947 5274 1151 5328 vixisse
1186 5222 1453 5328 gituilem.
1488 5271 1598 5328 Nec
1641 5274 1908 5332 inutiliter
1933 5279 2313 5334 admovebitur
2337 5275 2684 5332 Cardmmius
2708 5275 2930 5329 Miscell.
2956 5271 3148 5327 Litter.
3183 5272 3388 5329 Orient.
3427 5284 3467 5326 ι.
3500 5288 3539 5335 t,
3574 5287 3627 5341 p.
3656 5266 3767 5323 15⁸3.

596 5339 707 5477 (οο)
750 5340 917 5409 Epist.
948 5344 1011 5396 ad
1053 5342 1226 5398 Galat.
1263 5357 1344 5407 vt,
1382 5341 1468 5397 14.

592 5411 676 5477 (61
738 5408 911 5477 Epist.
951 5415 1017 5465 ad
1054 5414 1250 5477 Ephes.
1279 5428 1350 5473 ιν,
1379 5413 1451 5467 22

738 5408 911 5488 Epist.
951 5415 1017 5488 ad
1038 5414 1250 5488 ΔΕρίιος.
1279 5413 1451 5488 ~12?
1481 5416 1876 5488 Ξᾼᾎποθέσθαι
1916 5418 2080 5487 ὑμᾶς.

2193 5418 2250 5471 δν
2274 5416 2502 5470 παλαιὸν
2532 5417 2934 5488 ἄνθρωπονξ.
2977 5412 3215 5488 ἀπάτης.

567 5478 707 5560 χοε)
736 5478 907 5562 Epist.
936 5485 1014 5562 ana
1029 5478 1204 5562 Gygi.
1242 5482 1399 5562 map
1431 5504 1442 5537 ε
1476 5485 1561 5537 Ζῶ
1589 5486 1664 5562 es
1682 5488 1864 5562 οὐκέτι
1893 5478 2088 5556 em:

2193 5489 2223 5540 ;ὲ
2251 5490 2308 5541 ἐν
2356 5488 2482 5558 ἐμοὶ
2513 5478 2749 5557 Χριστός
2778 5503 2792 5515 ·
2821 5485 2849 5537 ὃ
2875 5484 2933 5535 δὲ
2959 5483 3057 5536 νῦν
3084 5478 3163 5547 ζῶ
3192 5488 3250 5539 ἐν
3286 5485 3471 5556 σαρκὶ,
3502 5487 3562 5537 ὲν
3597 5482 3768 5535 πίστει

523 5548 716 5621 ξῶτεέ.
739 5549 899 5621 ἐμοῦ.
942 5550 1026 5606 Cf.
1058 5552 1225 5621 Epist,
1253 5556 1317 5606 ad
1349 5552 1499 5609 Rom.
1538 5571 1609 5621 vt,
1644 5557 1730 5612 10.

738 5618 955 5701 Emit-Illa
990 5618 1269 5701 metricum
1306 5623 1470 5701 Ln_A:
1514 5618 1626 5696 Τῆς
1647 5628 1913 5701 -ψυχῆςᾷτί
1952 5629 2087 5683 θάνα

2206 5626 2636 5701 ένθάδεᾼσκόπει.

597 5689 708 5770 (βό)
736 5688 968 5771 Basilius
997 5692 1267 5747 videlicet.
1300 5693 1531 5773 sup.
1567 5688 1615 5748 t'.
1642 5688 1687 5773 l,
1721 5688 1895 5769 .31'57,
1930 5716 1983 5755 n.
2021 5702 2070 5755 8.
2101 5688 2413 5773 Hieronymi
2445 5700 2632 5771 parilis
2662 5697 2930 5755 sententia
2972 5698 3131 5769 epist.
3176 5696 3271 5752 sel.
3314 5711 3373 5761 ιτ,
3412 5695 3506 5759 l9,
3543 5709 3593 5764 p.
3622 5691 3721 5747 5‘20
3750 5708 3763 5745 :

524 5761 715 5820 Anima
741 5761 881 5830 enim
907 5776 1026 5827 qua:
1058 5764 1341 5824 peccaverit
1381 5761 1494 5830 ipsa
1526 5761 1795 5823 moriclitr.

600 5829 710 5901 (65)
738 5829 902 5901 Epist.
933 5832 997 5886 atl
1033 5830 1187 5891 Rom.
1222 5849 1292 5899 vr,
1326 5833 1512 5893 20-23.
