4042 6406
207 395 347 460 1017

1311 401 1490 461 VlTA
1527 400 1882 460 BARLAAM
1921 401 2016 462 ET
2053 402 2401 463 JOASAPH.

3327 403 3458 467 1018

207 499 364 584 ζωὴν
386 501 623 565 αἰώνιον
649 510 722 564 τά
748 508 858 580 γὰρ
883 505 1092 577 ὀψώνια
1120 508 1216 578 τῆς
1241 508 1517 579 ἁμαρτίας
1546 510 1793 571 θανατος,

1907 512 2004 576 ')ei,
2038 512 2142 565 vita
2194 521 2428 577 acterna,
2462 512 2513 567 in
2563 513 2772 568 Christo
2815 513 2938 569 Jesn
2995 513 3222 568 Domino
3277 522 3462 566 nostro

204 605 271 657 τὸ
301 604 364 658 δὲ
392 603 641 674 χάρισμα
672 600 767 654 τοῦ
792 600 930 653 Θεοῦ
959 601 1074 670 ζωὴ
1104 599 1343 664 αἰώνιος.

278 691 424 749 Eine
469 695 527 748 δὲ
577 695 606 747 ὁ
653 693 890 762 Ἰωάσαφ
943 693 1080 762 πρὸς
1113 693 1294 746 αὐτόν’
1352 691 1614 763 Ἐπείπερ
1659 692 1693 762 ἡ
1736 692 1794 744 ἐν

210 788 384 858 σαρκὶ
413 786 526 857 ζωὴ
559 787 658 840 οὑκ
687 788 744 839 ἐν
781 785 966 856 μέτρῳ
994 783 1141 856 ζωῆς
1163 801 1258 852 ,σοι
1283 783 1590 853 λελόγισται
1615 823 1628 848 ,
1672 783 1794 836 οὑδὲ

207 881 304 934 τὸν
335 881 566 934 θάνατον
601 877 811 942 τοῦτον,
840 879 899 932 ὃν
933 879 1255 948 ὑφίστανται
1286 877 1518 944 πάντες,
1569 876 1796 931 θάνατόν

213 990 300 1026 σοι
336 973 650 1042 λογίζεσθαι
677 972 804 1042 χρή.

297 1065 363 1119 '0
385 1066 443 1119 δὲ
468 1064 646 1136 γέρων
674 1064 1028 1136 ἀπεκρίνατο·
1065 1064 1515 1134 Ἀναμφιλέκτως
1543 1063 1637 1118 καὶ
1668 1065 1802 1134 περὶ

210 1155 428 1210 τούτων
449 1155 623 1220 οὑτως
651 1155 760 1226 ἔχω
781 1197 796 1220 ,
833 1155 1080 1226 μηδόλως
1105 1155 1200 1209 τὸν
1228 1156 1567 1227 πρόσκαιρον
1586 1157 1800 1210 τουτονὶ

212 1248 452 1302 θάνατον
499 1249 719 1320 τρέμων
740 1290 755 1315 ,
807 1249 948 1320 μήτε
988 1248 1218 1303 θάνατον
1264 1249 1426 1302 αὑτὸν
1474 1249 1798 1320 τοπαράπαν

211 1340 537 1405 ἀποκαλῶν,
567 1340 621 1392 εί
643 1357 706 1407 γε
736 1340 835 1412 τὴν
865 1341 984 1394 ὁδὸν
1011 1341 1119 1394 τῶν
1150 1339 1380 1394 ἐντολῶν
1410 1341 1505 1394 τοῦ
1535 1341 1670 1395 Θεοῦ
1703 1341 1801 1412 βα-

211 1431 438 1496 δίζοντα
469 1448 538 1502 με
561 1430 671 1502 (66)
703 1431 989 1505 καταλάϐῃ
1009 1474 1023 1497 ,
1050 1431 1401 1504 διαϐατήριον
1429 1432 1484 1486 δέ
1509 1434 1708 1504 μᾶλλον
1736 1436 1800 1488 ἐκ

213 1523 457 1577 θανάτου
502 1525 638 1592 πρὸς
693 1523 839 1595 ζωὴν
894 1524 994 1595 τὴν
1049 1524 1339 1594 κρείττονα
1386 1527 1479 1579 καὶ
1534 1525 1802 1580 τελειοτέ-

218 1633 326 1686 ραν
352 1616 489 1687 (6“Ι)⁹
517 1617 612 1670 καὶ
659 1617 718 1669 ἐν
750 1617 974 1688 Χριστῷ
1015 1618 1405 1688 κρυπτομένην
1438 1618 1588 1688 (08),
1618 1614 1803 1692 ⁴ἧσπερ

218 1706 519 1771 ποθοῦντες
551 1709 754 1778 τυχεῖν,
785 1709 836 1761 οἱ
862 1707 1006 1776 ἅγιοι
1034 1709 1176 1762 πάνυ
1212 1711 1279 1780 τῇ
1309 1712 1563 1783 παρούσῃ
1586 1712 1803 1783 ἐδυσχέ-

217 1815 431 1868 ραινον.
462 1799 553 1852 Διό
604 1815 770 1869 φησιν
802 1801 830 1852 ὁ
884 1799 1224 1863 Ἀπόστολος·
1285 1800 1519 1872 Οἴδαμεν
1551 1801 1662 1871 (69)
1696 1803 1802 1866 ὅτι,

214 1890 314 1944 ἐὰν
353 1891 388 1960 ἡ
421 1891 663 1958 ἐπίγειος
691 1890 850 1960 ἡμῶν
895 1891 1042 1944 οῖκία
1082 1891 1178 1944 τοῦ
1209 1893 1448 1962 σκήνους
1479 1893 1757 1964 καταλυθῇ
1787 1933 1802 1957 ,
1835 1874 1878 1928 Β

213 1981 514 2052 οἰκοδομὴν
565 1982 630 2035 ἐκ
680 1979 816 2036 Θεοῦ
869 1981 1068 2052 ἔχομεν
1135 1983 1314 2037 οἰκίαν
1364 1981 1804 2056 ἀχειροποίητον,

214 2071 467 2136 αἰώνιον,
497 2075 556 2126 ἐν
585 2076 696 2136 τοῖς
736 2074 987 2144 οὐρανοῖς
1007 2092 1020 2106 ο
1059 2075 1154 2127 καὶ
1177 2074 1284 2144 γὰρ
1316 2076 1376 2128 ἐν
1405 2077 1581 2146 τούτῳ
1618 2075 1808 2129 στενά-

216 2163 416 2232 ζομεν,
452 2162 514 2215 τὸ
539 2163 854 2235 οἰκητήριον
882 2165 914 2232 ἡ
925 2161 1041 2234 μῶν
1070 2164 1131 2216 τὸ
1161 2163 1222 2227 ἐξ
1251 2163 1484 2232 οὑρανοῦ
1515 2163 1807 2218 ἐπενδύσα-

216 2254 353 2308 σθαι
382 2253 794 2317 ἐπιποθοῦντες,
820 2254 957 2324 εἴγε
988 2255 1083 2307 καὶ
1107 2254 1485 2325 ἐνδυσάμενοι,
1515 2256 1576 2308 οὑ
1608 2257 1809 2327 γυμνοὶ

216 2345 636 2417 εὑρεθησόμεθα
655 2362 669 2377 ο
711 2345 864 2416 153
889 2347 985 2399 καὶ
1025 2345 1136 2416 γὰρ
1163 2347 1213 2398 οἱ
1244 2346 1396 2410 ὄντες
1425 2351 1483 2400 ἐν
1511 2347 1590 2419 τῷ
1621 2351 1809 2420 σκήνει

218 2438 561 2507 στενάζομεν
579 2437 926 2507 βαρούμενοι,
947 2437 1031 2507 ἐφ’
1052 2429 1096 2504 ᾧ
1118 2438 1178 2490 οὑ
1202 2437 1429 2509 θέλομεν
1453 2439 1807 2505 ἐκδύσασθαι,

219 2529 340 2582 ἀλλ’
379 2528 796 2594 ἐπενδύσασθαι,
827 2529 914 2582 ἴνα
943 2530 1231 2601 καταποθῇ
1268 2530 1329 2583 τὸ
1358 2529 1552 2600 θνητὸν
1580 2533 1684 2586 ὑπὸ
1710 2535 1808 2604 τῆς

220 2622 397 2692 ζωῆς.
432 2621 543 2675 Καὶ
575 2621 764 2674 πάλιν
796 2621 1155 2693 Ταλαίπωρος
1202 2621 1314 2694 (70)
1343 2623 1455 2692 ἐγὼ
1492 2624 1806 2696 ἄνθρωποςί

220 2713 307 2776 τίς
344 2729 416 2784 με
448 2712 669 2784 ῥύσεται
699 2714 765 2766 ἐκ
796 2713 889 2766 τοῦ
922 2711 1178 2784 σώματος
1202 2714 1296 2768 τοῦ
1334 2713 1568 2768 θανάτου
1596 2717 1806 2783 τούτου;

222 2804 341 2856 Καὶ
377 2799 568 2868 αὖθις’,
612 2802 898 2874 Ἐπιθυμῶ
924 2804 1036 2874 (71)
1061 2805 1321 2858 ἀναλῦσαι
1349 2805 1443 2860 καὶ
1469 2807 1566 2860 σὺν
1591 2807 1812 2878 Χριστῷ

223 2891 398 2950 εἶναι.
443 2897 501 2949 Ὀ
543 2895 600 2948 δὲ
646 2898 960 2968 Προφήτης,
997 2897 1139 2950 Πότε
1185 2897 1297 2969 (72)
1328 2899 1444 2969 ἥξω
1470 2940 1486 2963 ,
1528 2901 1684 2971 φησὶ,
1719 2902 1810 2955 καὶ

227 2983 549 3055 ὀφθήσομαι
577 2983 656 3056 τῷ
685 2985 963 3057 προσώπῳ
992 2987 1086 3040 τοῦ
1118 2987 1289 3052 Θεοῦ;
1327 2989 1448 3043 Ὅτι
1478 2989 1535 3042 δέ
1557 2991 1652 3045 καὶ
1689 2993 1814 3062 ἐμοὶ

222 3075 304 3147 τῷ
339 3076 563 3130 πάντων
592 3076 992 3150 ἐλαχιστοτέρῳ
1024 3079 1256 3144 οὑδόλως
1288 3080 1381 3134 τὸν
1419 3081 1678 3154 αἰσθητὸν
1715 3084 1812 3138 θά-

227 3186 401 3223 νατον
429 3169 726 3224 δεδοικέναι
758 3170 940 3237 δοκεῖ,
979 3170 1156 3237 ἔξεστί
1191 3189 1273 3224 σοι
1302 3174 1508 3242 γνῶναι
1539 3175 1647 3246 τῷ,
1679 3179 1812 3248 παρ’
1842 3214 1880 3267 (1

267 3258 280 3267 .
300 3258 345 3267 μ,
429 3257 451 3267 ,ι
473 3258 485 3267 ,
607 3259 620 3267 .
825 3260 836 3267 .
983 3260 1008 3267 ..
1111 3261 1137 3267 ..
1333 3265 1341 3267 _
1431 3266 1438 3267 κ
1552 3265 1559 3267 λ
1590 3265 1597 3267 μ
1867 3248 1880 3267 λ

1867 3247 1884 3268 Δ

229 3258 393 3311 οῦδὲν
426 3257 652 3328 θέμενόν
689 3276 758 3329 με
787 3260 885 3331 τὴν
916 3260 1011 3314 τοῦ
1044 3261 1139 3314 σοῦ
1181 3265 1388 3333 πατρὸς
1418 3265 1648 3336 ἀπειλὴν
1678 3268 1813 3339 (75),

230 3349 414 3413 ἀδεῶς
445 3351 848 3422 παραγενέσθαι
894 3355 1033 3423 πρὸς
1073 3353 1133 3406 σὲ
1176 3354 1271 3408 καὶ
1308 3356 1400 3408 τὸν
1432 3356 1703 3428 σωτήριόν
1737 3375 1818 3412 σοι

232 3443 601 3510 καταγγεῖλαι
633 3443 811 3512 λόγον,
840 3445 1088 3517 ἀκριϐῶς
1129 3463 1237 3517 περ
1263 3449 1442 3502 είδὸτα
1474 3448 1572 3515 ὡς,
1607 3452 1654 3504 εἰ
1676 3449 1819 3504 έλθοι

234 3533 391 3603 αὑτῷ
424 3534 507 3597 εις
545 3533 749 3602 γνῶσιν
805 3535 981 3591 ταῦτα
1005 3577 1020 3602 ,
1059 3537 1275 3609 μυρίοις
1323 3557 1425 3610 με,
1481 3543 1529 3594 εί
1569 3541 1817 3609 δυνατὸν,

233 3625 618 3679 καθυποσαλεῖ
648 3627 924 3692 θανάτοις.
972 3630 1114 3684 Ἀλλ’
1160 3631 1370 3702 ἔγωγε,
1403 3635 1499 3688 τὸν
1542 3635 1636 3689 τοῦ
1686 3636 1820 3690 Θεοῦ

231 3715 398 3784 λόγον
429 3716 652 3770 πάντων
705 3721 1020 3790 προκρίνων
1064 3723 1160 3775 καὶ
1213 3723 1382 3777 αὑτοῦ
1417 3725 1600 3779 ποθῶν
1628 3729 1820 3780 ἐπιτυ-

233 3805 381 3876 χεῖν,
417 3803 542 3858 οὑτε
590 3806 865 3878 πτοοῦμαι
903 3808 996 3862 τὸν
1029 3810 1367 3882 πρόσκαιρον
1417 3812 1668 3880 θάνατον,
1697 3815 1821 3872 οὕτε

233 3895 343 3964 τῆς
395 3895 652 3966 τοιαύτης
687 3897 850 3951 αὑτὸν
894 3901 1267 3972 προσηγορίας
1317 3904 1467 3971 ἄξιον
1500 3906 1637 3970 ὅλως
1689 3909 1824 3962 ἀπο-

234 3989 426 4057 καλῶ,
453 3993 520 4061 τῇ
545 3994 849 4065 Δεσποτικῇ
878 3995 1199 4066 πειθόμενος
1229 3998 1440 4070 ἐντολῇ,
1467 4005 1531 4074 τῇ
1567 4003 1823 4080 λεγούσῃ·

236 4082 332 4154 Μὴ
375 4082 629 4150 φοϐεῖσθε
672 4085 790 4157 (74)
821 4087 930 4140 ἀπὸ
956 4089 1066 4142 τῶν
1095 4091 1506 4147 άποκτενόντων
1532 4096 1592 4148 τὸ
1621 4097 1780 4166 σῶμα
1807 4141 1822 4165 ,

233 4173 338 4246 τὴν
370 4175 427 4227 δὲ
466 4174 642 4248 ψυχὴν
690 4177 766 4248 μὴ
812 4177 1126 4251 δυναμένων
1165 4183 1516 4241 ἀποκτεῖναιο
1550 4189 1826 4260 φοϐήθητε

235 4267 294 4320 δὲ
335 4267 542 4338 μᾶλλον
569 4270 664 4323 τὸν
690 4271 993 4344 δυνάμενον
1027 4276 1124 4328 καὶ
1162 4275 1341 4348 ψυχὴν
1372 4279 1467 4331 καὶ
1502 4280 1662 4351 σῶμα
1690 4284 1826 4337 ἁπο-

235 4359 404 4414 λέσαι
441 4361 500 4413 ἐν
525 4361 744 4432 γεέννῃ.

314 4452 509 4506 Ταῦτα
542 4453 641 4524 μὲν
669 4455 786 4520 οὑν,
819 4457 983 4527 φησὶν
1014 4460 1043 4512 ὁ
1087 4461 1366 4530 Ἰωάσαφ,
1414 4463 1512 4534 τῆς
1563 4465 1826 4538 ἀληθινῆς

1890 603 2062 670 (llam.
2087 603 2181 672 vi).

1964 693 2096 746 Dixit
2125 702 2301 747 autem
2333 693 2398 746 ad
2430 708 2551 746 eum
2595 694 2854 764 Josaphat
2881 696 3356 766 :Quandoquidem
3383 697 3462 747 vi-

1894 795 1997 838 tam
2019 799 2139 855 qua:
2162 786 2213 840 in
2238 800 2398 840 carne
2424 785 2655 852 ducitur,
2677 789 2838 840 vitam
2860 803 2979 842 esse
3006 788 3224 842 minime
3253 803 3464 852 censes,
3550 835 3568 861 ,

1893 892 1988 946 par
2015 889 2095 932 est
2127 879 2285 947 igitur
2313 888 2370 932 ut
2401 894 2467 935 ne
2498 891 2722 934 mortem
2754 881 2971 949 quidem
3003 882 3137 935 hanc
3164 896 3321 951 quam
3352 896 3468 935 om-
3548 899 3568 955 ς

1895 982 1987 1022 nes
2015 968 2242 1020 subeunt
2271 977 2494 1023 mortem
2517 984 2639 1025 esse
2666 984 2908 1024 censeas.
3548 956 3556 964 ’

1967 1061 2258 1130 Respondit
2274 1077 2433 1117 senex
2453 1081 2464 1116 :
2484 1062 2612 1119 Sine
2626 1065 2727 1118 ulla
2742 1060 3071 1119 dubitatione
3085 1063 3245 1119 dehis
3261 1077 3472 1133 quoque

1896 1151 1965 1207 ita
1987 1156 2412 1224 ceuseo,quippc
2439 1156 2528 1223 qui
2560 1157 2935 1226 temporariam
2963 1159 3098 1212 hanc
3119 1168 3341 1212 mortem
3372 1157 3473 1210 ini-

1898 1245 2041 1298 nime
2075 1244 2467 1314 pertimescam,
2489 1247 2595 1299 imo
2617 1261 2716 1300 nec
2743 1247 2961 1301 omnino
2985 1255 3210 1302 mortem
3233 1262 3349 1301 eam
3377 1262 3472 1316 ap-

1899 1335 2110 1403 pellem,
2151 1337 2195 1389 si
2241 1337 2455 1404 quidem
2481 1352 2564 1390 me
2589 1353 2683 1407 per
2724 1337 3028 1392 divinorum
3078 1347 3470 1407 praceptorum

1900 1427 2036 1480 viam
2071 1427 2401 1482 incedentem
2453 1430 2756 1497 arripuerit,
2789 1429 2914 1498 quin
2937 1430 3111 1498 potius
3139 1430 3415 1483 transitum
3442 1443 3472 1482 a

1899 1531 2068 1573 morte
2089 1520 2153 1573 ad
2173 1522 2594 1589 prrestantiorem
2609 1529 2663 1575 et
2684 1522 3052 1590 perfectiorem
3071 1521 3232 1574 vitam
3306 1528 3472 1587 atque

1901 1611 1956 1665 in
2025 1609 2244 1666 Christo
2312 1613 2677 1667 absconditam
2703 1611 2922 1684 (Coloss.
2949 1609 3472 1682 tu).Cujnsquidetn

1901 1703 2287 1769 consequenda:
2327 1704 2613 1772 cupiditate
2644 1704 2928 1772 ﬂagrantes
2953 1700 3140 1771 Optimi
3175 1702 3271 1755 viri
3293 1741 3310 1766 ,
3341 1715 3476 1769 prac-

1900 1800 2104 1843 sentem
2136 1791 2269 1846 hanc
2300 1794 2457 1847 vitam
2489 1797 2810 1860 permoleste
2840 1795 3097 1847 ferebant.
3133 1792 3283 1849 Unde
3314 1795 3474 1846 etiam

1903 1881 1974 1936 ait
2017 1884 2578 1949 Apostolus:Scimus
2627 1887 2768 1939 enim
2816 1887 3066 1955 quoniam
3115 1885 3160 1940 si
3209 1885 3477 1939 terrestris

1902 1973 2093 2028 domus
2126 1985 2305 2029 nostra
2337 1977 2490 2046 hujus
2523 1978 2864 2033 habitationis
2893 1979 3224 2041 dissolvitur,
3247 1978 3479 2032 aedifica-

1903 2070 2100 2123 tionem
2128 2085 2191 2125 ex
2228 2072 2335 2126 Deo
2366 2071 2644 2138 habemus,
2673 2073 2890 2126 domum
2936 2088 3041 2125 non
3090 2072 3475 2137 manufaclam,

1904 2168 2159 2216 aeternam
2210 2163 2264 2216 in
2307 2163 2476 2217 caelis.
2536 2165 2666 2218 Nam
2713 2165 2855 2218 etin
2903 2164 3002 2219 hoc
3056 2163 3476 2231 ingemiscituus,

1905 2249 2282 2308 habitationem
2316 2263 2570 2319 nostram,
2604 2271 2722 2323 quae
2748 2255 2815 2309 de
2860 2254 2997 2310 emlo
3034 2263 3137 2320 est,
3167 2253 3479 2324 superindui

1906 2345 2203 2413 Cupientes,
2229 2347 2274 2400 si
2325 2355 2505 2402 tamen
2549 2347 2724 2401 vestiti
2763 2355 2818 2401 et
2853 2362 2958 2400 non
2988 2348 3114 2402 nudi
3147 2347 3482 2401 inveniamur

1909 2445 1992 2510 (11
2014 2444 2136 2498 Cor.
2174 2444 2248 2514 v).
2282 2442 2416 2496 Nam
2453 2452 2505 2497 et
2527 2443 2619 2513 qni
2653 2457 2849 2496 sumus
2879 2443 2934 2496 in
2969 2443 3073 2497 hoc
3106 2443 3482 2509 tabernaculo,

1907 2538 2328 2606 ingemiscitnus
2360 2535 2588 2603 gravati,
2617 2550 2682 2588 eo
2713 2533 2857 2604 quod
2889 2535 3140 2590 nolumus
3164 2535 3482 2604 exspoliari,

1906 2631 1999 2686 sed
2031 2630 2408 2700 supervestiri.
2441 2638 2498 2682 ιιι
2525 2627 2885 2706 absorbeatur
2903 2628 3051 2696 quod
3082 2627 3310 2681 mortale
3344 2637 3427 2681 est
3453 2641 3484 2680 a

1907 2717 2127 2771 vita.Ac
2144 2733 2361 2770 rursum
2386 2732 2398 2768 :
2423 2715 2634 2779 Infelix,
2651 2715 2962 2785 inquit,ego
2981 2715 3304 2782 homo,quis
3323 2731 3407 2769 me
3428 2717 3488 2769 li-

1905 2810 2114 2865 berabit
2136 2809 2202 2862 de
2221 2824 2452 2878 corpore
2483 2809 2677 2860 mortis
2722 2806 2885 2875 hujus
2918 2804 3092 2877 (Rom.
3117 2808 3212 2875 vn)
3242 2807 3264 2860 ?
3288 2805 3351 2861 Et
3379 2806 3486 2860 alio

1904 2899 2242 2967 loco:Cupio
2268 2898 2587 2960 dissolvi,et
2609 2911 2730 2951 esse
2765 2912 2888 2950 cum
2913 2896 3134 2950 Christo
3165 2895 3385 2967 (Philip.
3420 2896 3483 2964 l).
3559 2929 3561 2931 ι

1906 2988 1969 3045 Et
1992 2992 2253 3061 propheta
2277 2988 2440 3043 David
2459 3006 2470 3042 :
2486 2988 2714 3054 Quando
2735 2989 3041 3054 veniam,et
3064 2989 3337 3058 apparebo
3359 2997 3486 3041 ante

1914 3075 2097 3139 faciem
2132 3085 2222 3139 Dei
2253 3084 2424 3157 (Psal.
2451 3086 2596 3155 xu)?
2624 3085 2772 3154 Quod
2805 3098 2980 3141 autem
3000 3103 3100 3154 ego
3129 3102 3342 3157 quoque
3371 3102 3486 3140 om-

1913 3177 2054 3230 niurn
2083 3177 2327 3232 infirmus
2353 3193 2663 3244 corpoream
2695 3189 2921 3234 mortem
2976 3181 3121 3234 nullo
3160 3182 3320 3236 modo
3347 3181 3489 3236 exti-

1917 3282 2167 3334 mesram,
2204 3267 2326 3322 hinc
2355 3269 2508 3324 facile
2539 3270 2628 3323 tibi
2655 3269 2948 3337 intelligere
2979 3269 3120 3335 licot,
3151 3272 3290 3338 quod
3325 3272 3492 3339 patris

1913 3357 1988 3412 tui
2018 3360 2175 3412 minis
2203 3361 2526 3428 contemptis
2558 3375 2618 3414 ac
2648 3375 2744 3429 pro
2781 3361 2950 3414 nihilo
2982 3361 3198 3425 habitis,
3227 3363 3490 3430 intrepide

1913 3449 1979 3500 ad
2008 3458 2058 3501 te
2089 3451 2426 3514 accesserim,
2456 3460 2513 3505 ut
2541 3451 2861 3504 salutiferam
2887 3449 3180 3504 doctrinam
3215 3451 3303 3504 tihi
3327 3466 3492 3518 expo-

1916 3553 2134 3605 uerem;
2191 3541 2400 3594 tametsi
2450 3541 2645 3607 alioqui
2696 3543 3180 3610 compertissimum
3237 3543 3490 3597 haberem

1917 3630 2033 3685 fore
2064 3639 2119 3685 ut
2147 3630 2193 3684 si
2228 3634 2340 3685 haec
2363 3633 2697 3694 rescisceret,
2725 3637 2992 3687 sexcentis
3017 3649 3120 3698 me,
3159 3633 3202 3687 si
3236 3636 3345 3687 fieri
3373 3651 3497 3702 ρος-ι

1915 3731 2018 3790 set,
2051 3721 2309 3775 mortibus
2338 3720 2594 3776 affi:-eret.
2658 3723 2851 3776 Verum
2907 3739 3005 3791 ego
3047 3721 3140 3776 Dei
3189 3737 3494 3777 sermonem

1916 3814 2164 3867 omnibus
2189 3815 2346 3868 rebus
2376 3823 2722 3880 anteponens,
2756 3815 2975 3883 ipsoque
3006 3813 3102 3867 frui
3126 3818 3364 3882 cupiens,
3394 3829 3494 3868 nec

1921 3910 2296 3975 temporariam
2348 3907 2484 3962 hanc
2527 3915 2753 3961 mortem
2811 3908 3180 3976 perhorresco,
3234 3923 3329 3961 nec
3373 3921 3494 3961 eam

1922 4001 2221 4068 hujusmodi
2247 4001 2459 4054 nomine
2482 4000 2846 4068 appellandam
2874 3999 3031 4062 duco,
3063 3998 3266 4052 Domini
3290 3999 3494 4052 scilicet

1923 4089 2174 4144 tnandato
2224 4091 2603 4157 obtemperans
2658 4089 2928 4142 dicentis:
2983 4089 3156 4142 Nolite
3188 4089 3376 4141 timere
3403 4100 3502 4140 eos

1925 4182 2014 4250 qui
2039 4181 2281 4235 occidunt
2314 4195 2524 4247 corpus,
2551 4181 2787 4233 animum
2820 4187 2994 4233 autem
3025 4194 3126 4232 non
3153 4187 3375 4247 possunt
3405 4193 3499 4229 oc-

1925 4274 2130 4335 cidere;
2155 4274 2247 4326 sed
2282 4273 2457 4339 potius
2498 4276 2678 4325 timete
2708 4285 2827 4325 eum
2851 4269 2940 4338 qui
2974 4280 3148 4338 potest
3177 4267 3408 4322 animant
3443 4279 3500 4323 et

1924 4379 2118 4431 corpus
2142 4364 2362 4431 perdere
2389 4363 2440 4416 in
2462 4363 2757 4431 gehennam
2788 4361 2998 4433 (Matth.
3024 4361 3102 4431 ι).

2003 4476 2146 4542 llaec,
2199 4477 2366 4543 inquit
2416 4479 2690 4549 JOSaphat,
2735 4498 2874 4537 verae
2905 4493 3097 4538 vestra:
3144 4484 3508 4554 philosophitu

237 4543 406 4612 ὑμῶν
462 4544 782 4614 φιλοσοφίας
817 4547 887 4600 τά
929 4549 1370 4621 κατορθώματα,
1416 4554 1813 4628 ὑπεραναὸεϐη

1927 4566 2180 4636 praeclara
2206 4566 2464 4634 facinora,
2520 4581 2852 4627 terrenarum
2886 4572 3158 4628 hominum
3184 4577 3272 4644 qui
3303 4593 3332 4631 a
3363 4593 3503 4646 prte-

233 4635 378 4688 κότα
405 4634 526 4687 λίαν
556 4636 655 4706 τὴν
680 4637 792 4690 τῶν
813 4639 1016 4710 γηΐνων
1040 4642 1202 4710 φύσιν
1223 4645 1333 4699 τῶν
1360 4645 1813 4715 δυσαποσπάστως

1927 4659 2065 4714 senti
2088 4659 2186 4715 hac
2213 4662 2318 4716 vita
2348 4663 2433 4717 vix
2460 4667 2618 4719 avelli
2642 4678 2879 4734 possunt,
2913 4677 3154 4722 naturam
3187 4670 3344 4739 longe
3367 4673 3498 4725 mul«

232 4726 353 4829 cf]:
376 4728 675 4829 Ξιαρούσης
707 4730 944 4800 ἐχόντων
996 4732 1174 4804 ζωῆςο
1210 4737 1304 4790 καὶ
1346 4741 1605 4810 μακάριοι
1671 4743 1813 4814 ὑμεῖς

1927 4759 2144 4820 tumque
2169 4765 2442 4820 superant.
2475 4755 2552 4809 Ac
2577 4771 2669 4811 vos
2689 4757 2850 4826 beati,
2896 4760 2982 4829 qui
3006 4761 3103 4815 hac
3131 4763 3503 4816 strenuissima

245 4818 418 4914 μζδᾷ
449 4821 711 4914 τοιαύτης
744 4825 995 4895 ἐχόμενοι
1032 4829 1420 4903 άνδρειοτάτης
1442 4832 1689 4905 γνώμης.
1734 4836 1813 4900 Τίς

1929 4851 2108 4895 mente
2138 4844 2343 4911 praediti
2375 4846 2524 4899 estis.
2565 4845 2788 4911 Quinam
2815 4863 2974 4914 porro
3005 4851 3097 4904 tibi
3125 4866 3188 4904 ac
3210 4852 3370 4905 sociis
3401 4852 3508 4905 tuis

237 4910 297 4962 δέ
350 4926 448 4962 σου
502 4915 598 4964 καὶ
646 4913 756 4969 τῶν
802 4918 899 4970 σὺν
944 4919 1027 4972 σοὶ
1067 4921 1126 4972 ἐν
1169 4924 1237 4992 τῇ
1296 4925 1524 4998 τοιαύτῃ
1569 4928 1813 4999 ἐρήμῳὶ

1927 4929 1982 4985 in
2009 4910 2312 5000 hujusmodi
2337 4910 2621 4990 solitudine
2645 4910 3103 5008 victus-sinuque
3125 4940 3250 4994 item
3275 4941 3434 5005 unde,
3453 4951 3510 4996 et

239 4999 520 5072 διατροφὴ
548 5041 564 5066 ,
595 5004 764 5059 πόθεν
793 5007 848 5060 δὲ
888 5010 958 5063 τὰ
995 5011 1274 5084 ἐνδύματα
1303 5016 1396 5069 καὶ
1426 5021 1668 5087 ποταπά,
1697 5021 1813 5089 γνώ

240 5091 401 5165 ρισόν
436 5110 530 5164 μοι
556 5095 884 5168 φιλαλήθως,

1924 4999 2225 5092 cujustuodi
2252 5025 2404 5080 vobis
2434 5025 2612 5081 vestes
2650 5037 2955 5096 suppetant,
2973 4999 3099 5084 vero
3122 5027 3249 5083 mihi
3277 5045 3506 5096 expone.

240 5109 401 5165 ρισον
436 5110 530 5164 μοι
556 5109 884 5166 φιλαλήθως,

467 5252 829 5341 εξοΙλοινιιι,
860 5257 930 5312 52
950 5277 975 5341 A:
1007 5259 1418 5341 _'066v_é_vroktbv
1443 5283 1536 5320 σου
1569 5267 1822 5341 ἔδραμον.

471 5320 751 5400 (λίποι-βε.
785 5325 984 5400 Napi.
1006 5328 1046 5395 Ι,
1080 5346 1132 5400 p.
1160 5334 1283 5388 515.

741 5398 816 5518 :(t‘l
832 5389 1045 5532 ggiosgi
1257 5423 1270 5458 :
1317 5405 1637 5462 Ἀπεθάνετε
1663 5411 1792 5484 γὰρ,
1834 5413 1930 5469 καὶ
1955 5415 1987 5485 ἡ
2014 5414 2125 5488 ζωὴ
2166 5417 2323 5488 ὑμῶν
2361 5419 2666 5491 κέκρυπται
2694 5419 2790 5474 σὺν
2827 5418 2903 5492 τῷ
2923 5417 3145 5493 Χριστῷ
3173 5420 3232 5476 ἐν
3259 5420 3331 5492 τῷ
3373 5419 3512 5492 Θεῷ.

320 5460 439 5666 ἓ69)
477 5462 518 5516 Il
543 5464 708 5532 Epist.
741 5467 807 5518 ad
832 5467 959 5522 Cor.
992 5485 1045 5536 ν,
1079 5460 1190 5526 1-1.

349 5531 440 5597 70)
470 5532 641 5601 Epist.
674 5536 739 5587 ad
763 5536 915 5590 llom.
954 5554 1050 5605 vn,
1092 5541 1182 5596 24.

345 5601 439 5666 Ἠ)
477 5602 645 5666 Epist.
669 5606 734 5656 ad
767 5605 1000 5666 Philipp.
1033 5627 1072 5666 I.
1099 5613 1170 5666 25

767 5605 1000 5696 ζῂἰιὶρρ.
1033 5601 1072 5676 i,
1099 5613 1170 5666 25
1203 5632 1217 5671 :
1260 5616 1368 5688 Τὴν
1406 5617 1702 5691 ἐπιθυμίαν
1735 5621 1813 5696 έχι

1907 5627 1978 5690 είς
2003 5626 2060 5681 τὸ
2095 5627 2426 5685 ἀναλῦσαι...

322 5671 440 5741 (72)
473 5671 611 5727 Psal.
646 5690 754 5738 xu,
779 5677 835 5730 2.

323 5742 437 5818 (11’?)
467 5742 622 5818 gout.
650 5760 805 5818 pagg.
828 5745 926 5818 20,
957 5750 1048 5818 2|,
1079 5754 1168 5809 28.

323 5811 438 5881 (7i)
469 5810 663 5870 Matth.
697 5810 866 5880 $79.8.
