4042 6416
264 455 401 522 111⁵21

1365 460 1542 520 νιΤΑ
1579 456 1937 516 BARLAAM
1974 457 2069 516 ET
2107 458 2460 518 JOASAPII.

3405 457 3542 522 10°22

262 574 487 647 αλήθως
530 572 628 644 τὴν
658 573 765 625 τῶν
787 570 1070 642 παρόντων
1107 570 1443 642 ματαιότητα
1478 570 1571 622 καὶ
1599 571 1725 622 οἴων
1759 587 1859 622 κα-

1991 574 2249 628 anitatem
2275 572 2664 639 demonstravi,
2693 566 3011 642 quantisque
3032 569 3184 626 malis
3204 570 3290 624 bic
3306 570 3536 624 mundus

262 667 384 721 κῶν
419 670 448 721 6
481 667 684 738 κόσμος
739 664 944 736 γέμει,
989 663 1245 736 χαλεπῶς
1283 662 1512 716 ἀπατῶν
1543 663 1670 726 τοὺς
1711 661 1861 733 αὑτῷ

265 762 632 832 πειθομένους
660 760 754 814 καὶ
779 759 1135 829 πολυτρόπως
1158 758 1356 822 αὑτοὺς
1375 756 1706 824 παγιδεύων.
1735 757 1864 810 Λοι-

268 853 378 907 πὸν
405 851 736 923 πορευθῆναί
768 869 834 922 με
855 851 936 904 δεῖ
963 850 1086 903 ὃθεν
1116 849 1370 920 ἐλήλυθα.
1400 851 1508 902 Καὶ
1538 847 1862 919 τηνικαῦτα,

269 947 334 1000 16
364 945 652 1015 ἀλλότριον
673 941 1017 1013 ἀποθέμενος
1054 942 1262 1014 σχῆμα,
1297 942 1358 995 16
1391 942 1522 995 ἴδιον
1553 940 1747 1011 ἔσομαι
1775 941 1864 992 ὲν-

271 1035 596 1107 δεδυμένος.

345 1128 608 1181 Δυσωπεῖ
663 1125 844 1179 τοίνυν
889 1125 980 1178 τὸν
1014 1126 1250 1194 γέροντα
1293 1125 1321 1176 6
1367 1123 1601 1192 Ἰωάσαφ
1635 1122 1867 1193 ὀφθῆναι

272 1219 434 1292 αὑτῷ
465 1219 544 1292 τῷ
578 1217 799 1290 συνήθει
845 1217 1014 1272 αὑτοῦ
1047 1215 1330 1286 ὲνδὺματι.
1368 1215 1505 1269 Τότε
1545 1217 1573 1268 6
1602 1215 1870 1286 Βαρλαάμ

274 1313 734 1383 ἀπεκδυσάμενος
765 1311 794 1364 ὃ
825 1307 892 1384 ἦν
925 1309 1389 1382 περιϐεϐλημένος
1422 1309 1659 1380 ἱμάτιον,
1691 1309 1871 1378 θέαμα

274 1409 442 1480 ὤφθη
470 1406 702 1479 φοϐερὸν
729 1405 808 1476 τῷ
840 1400 1221 1474 ’ῐωάσαφ.⁷Ην
1253 1404 1363 1474 γὰρ
1385 1405 1418 1473 ἡ
1456 1403 1604 1456 πᾶσα
1638 1401 1738 1470 μὲν
1771 1403 1870 1473 τῆς

277 1499 490 1570 σαρκὸς
520 1497 742 1568 ποιότης
774 1495 1217 1566 δεδαπανημένη,
1250 1493 1709 1565 μεμελανωμένον
1732 1492 1788 1546 δὲ
1811 1492 1871 1546 16

276 1597 465 1666 δέρμα
485 1595 547 1648 ἐκ
566 1593 669 1663 τῆς
695 1591 926 1664 ἡλιακῆς
958 1589 1287 1658 φλογώσεως
1317 1588 1410 1642 καὶ
1444 1586 1874 1658 περιτεταμένον
1919 1633 1921 1636 .

279 1689 400 1749 τοῖς
424 1683 740 1749 όστέοις,ὼς
763 1682 818 1735 εί
833 1699 916 1746 τις
943 1681 1106 1753 δοράν
1118 1699 1238 1734 τινα
1263 1679 1562 1751 περιτείνει
1579 1681 1636 1732 ὲν
1654 1677 1874 1742 λεπτοῖς

283 1775 592 1847 καλάμοιςο
645 1774 886 1845 τρίχινον
934 1772 991 1825 δέ
1031 1789 1083 1824 τι
1120 1771 1286 1842 ῥάκος
1331 1768 1740 1841 ἐρῤικνωμένον
1784 1768 1877 1820 καὶ

284 1867 409 1922 λίαν
446 1867 619 1939 τραχὺ
653 1863 1055 1937 περιεζώννυτο
1085 1863 1144 1928 ἐξ
1179 1864 1380 1932 ὀσφύος
1407 1861 1569 1933 μέχρι
1604 1860 1873 1929 γονάτωνο

1959 676 2180 727 scateat.
2235 681 2329 720 eos
2372 666 2461 736 qui
2488 666 2585 733 ipsi
2615 665 2985 732 obtemperant
3029 664 3080 717 in
3113 662 3349 718 fraudem
3380 663 3536 717 indu-

1961 771 2112 822 cens,
2144 757 2412 825 variisque
2439 756 2610 810 modis
2640 755 2903 809 irre:iens.
2956 753 3215 819 Deinceps
3246 754 3424 821 igitur,
3471 766 3538 807 eo

1965 851 2104 905 unde
2153 851 2256 904 huc
2299 849 2446 916 veni,
2504 846 2880 904 revertendum
2925 856 3036 910 est,
3097 859 3159 898 ac
3211 853 3321 898 tum
3359 844 3536 897 alieno

1967 943 2146 996 habitu
2177 940 2443 1010 deposito,
2477 956 2650 995 meum
2675 940 2910 1009 induam.

2034 1112 2347 1166 Obsecravit
2375 1120 2550 1167 autem
2576 1128 2757 1166 senem
2789 1112 3067 1181 Jnsaphat,
3117 1122 3168 1165 ut
3197 1128 3256 1166 se
3286 1113 3384 1180 ipsi
3415 1128 3536 1166 cum

1971 1214 2226 1259 consueta
2250 1213 2398 1258 veste
2428 1205 2756 1258 ostenderet.
2787 1205 2918 1260 Cum
2955 1206 3133 1273 itaque
3159 1205 3399 1258 Barlaam
3445 1220 3538 1258 ve-

1963 1304 2098 1349 stem
2111 1311 2226 1351 eam
2249 1311 2405 1365 quam
2429 1296 2644 1364 gerebat
2664 1297 2915 1360 exuisset,
2941 1296 3265 1350 horrendum
3286 1295 3543 1365 Jnsapbat

1965 1388 2326 1454 spectaculum
2358 1401 2478 1441 sese
2507 1387 2716 1442 obtulit.
2771 1386 2978 1440 Etenim
3018 1396 3126 1440 tota
3154 1388 3331 1441 carnis
3376 1387 3542 1456 ipsius

1967 1487 2193 1556 qualitas
2214 1485 2417 1556 [πιότης
2442 1487 2660 1556 fortasse
2685 1486 2980 1557 legendum,
3027 1485 3082 1538 id
3103 1495 3200 1550 est,
3257 1484 3541 1556 pinguedo]

1972 1579 2254 1646 absumpta
2287 1589 2423 1646 erat,
2453 1595 2516 1633 ac
2539 1579 2688 1648 pellis
2715 1594 2781 1632 ex
2812 1579 2943 1632 solis
2985 1587 3116 1632 testu
3149 1587 3308 1646 atque
3351 1578 3544 1632 ardore

1971 1672 2170 1724 circum
2199 1686 2320 1725 ossa
2348 1681 2494 1738 tensa
2518 1682 2655 1736 erat,
2699 1687 2802 1724 non
2835 1686 2990 1725 secus
3033 1685 3094 1724 ac
3121 1672 3168 1726 si
3199 1672 3320 1737 quis
3352 1671 3541 1739 pellem

1945 1761 2258 1816 'subtilibus
2303 1761 2521 1814 calamis
2580 1760 2913 1815 tetendisset.
2971 1760 3214 1815 Pannoso
3267 1775 3426 1828 porro
3483 1775 3546 1814 ac

1978 1870 2228 1921 perquam
2256 1869 2444 1921 aspero
2475 1853 2650 1907 cilicio
2677 1870 2708 1908 e
2735 1853 2928 1908 lumbis
2949 1868 3114 1923 usque
3135 1855 3198 1907 ad
3225 1869 3392 1924 genua
3433 1855 3546 1909 cin-

284 1930 492 2032 Spowv‘
528 1930 587 2012 δέ
625 1930 819 2011 τούτου
873 1955 1099 2010 παλλίον
1146 1930 1267 2026 (85)
1300 1930 1693 2027 περιεϐέϐλητο
1737 1953 1879 2007 κατά

1991 1946 2222 2015 ςευιιιυτ,
2254 1944 2495 2014 idemque
2525 1944 2742 2014 pallium
2771 1944 3008 1998 humeris
3027 1945 3262 2013 gerebat.

284 2053 398 2107 τῶν
431 2053 620 2123 ὤμων.

371 2142 847 2214 ’Υπερθαυμάσας
891 2141 949 2195 δὲ
983 2141 1012 2193 6
1059 2140 1295 2210 Ἰωάσαφ
1337 2139 1436 2211 τῆς
1467 2138 1712 2210 σκληρᾶς
1741 2138 1880 2193 ταὺ-

288 2257 392 2312 της
441 2239 716 2308 διαγωγῆς
749 2236 810 2289 16
858 2232 1141 2299 ἐπίπονον,
1191 2237 1287 2288 καὶ
1328 2233 1390 2286 16
1438 2233 1540 2303 τῆς
1579 2233 1882 2305 καρτερίας

293 2329 640 2402 ὑπερϐάλλον
673 2326 968 2395 ἐκπλαγεὶς
991 2367 1006 2391 ,
1060 2324 1310 2398 σφοδρῶς
1338 2325 1592 2394 ἐδάκρυε,
1625 2323 1718 2377 καί
1750 2341 1884 2392 φησι

296 2423 440 2495 πρὸς
466 2422 558 2474 τὸν
595 2421 832 2492 γέροντα
856 2436 872 2451 ⁶
921 2419 1078 2474 Ἐπεί
1111 2435 1178 2490 με
1211 2416 1314 2487 τῆς
1356 2419 1559 2488 πικρᾶς
1585 2414 1680 2469 τοῦ
1706 2415 1887 2469 διαϐό-

299 2527 386 2571 λου
459 2515 702 2578 δουλείας
769 2513 1133 2584 ἐλευθερῶσαι
1194 2511 1388 2581 ἥκεις,
1435 2509 1589 2573 τέλος
1671 2526 1764 2562 σου
1817 2512 1884 2580 τῇ

294 2610 596 2682 εὐεργεσέᾳ
647 2608 897 2669 ἐπιθείς,
942 2605 1185 2674 ἐξάγαγε
1231 2604 1344 2674 (8.4)
1398 2605 1463 2656 ὲκ
1495 2601 1745 2672 φυλακῆς
1787 2603 1888 2672 τὴν

294 2706 484 2777 ψυχήν
527 2722 666 2776 μου,
725 2701 883 2772 157
930 2701 1062 2763 καὶ,
1097 2695 1434 2769 παραλαϐών
1471 2713 1540 2767 με
1589 2698 1729 2767 μετά
1769 2694 1888 2758 σοῦ,

298 2799 529 2868 ἄγωμεν
558 2793 834 2857 ἐντεῦθεν,
882 2792 970 2846 ἵνα
1001 2790 1186 2843 τέλεον
1215 2787 1624 2859 λελυτρωμένος
1665 2785 1766 2856 τῆς
1793 2784 1890 2838 τοῦ

300 2891 516 2960 κόσμου
568 2887 785 2956 ἀπάτης
828 2885 929 2955 τὴν
973 2881 1248 2954 σφραγῖδα
1287 2879 1606 2950 τηνικαῦτα,
1652 2877 1891 2949 δὲξωμαι

300 2983 398 3036 τοῦ
441 2979 710 3052 σωτηρίου
757 2977 1171 3048 βαπτίσματος,
1222 2973 1320 3028 καὶ
1369 2971 1626 3035 κοινωνός
1662 2989 1744 3025 σοι
1792 2972 1894 3041 τῆς

304 3071 632 3143 θαυμαστῆς
652 3069 862 3140 ταύτης
897 3065 1217 3138 φιλοσοφίας
1250 3065 1348 3118 καὶ
1377 3062 1693 3135 ὑπερφυοῦς
1717 3064 1893 3135 ἀσκή-

307 3182 453 3229 σεως
481 3164 751 3234 γένωμαι.

379 3253 520 3310 Εῐπε
549 3254 605 3307 δὲ
650 3251 918 3324 Βαρλαάμ
964 3250 1102 3322 πρὸς
1144 3249 1308 3304 αὐτόν
1330 3267 1342 3280 ·
1381 3250 1594 3320 Νεϐρὺν
1635 3247 1898 3319 δορκάδος

311 3347 512 3420 ἔτρεφε
566 3362 653 3409 τις
721 3344 832 3399 τῶν
910 3342 1204 3398 πλουσίων.
1271 3341 1584 3413 Αὑξηθεῖσα
1644 3342 1702 3395 δὲ
1753 3340 1898 3409 αὕτη

308 3444 413 3508 τὰς
467 3441 713 3512 ἐρήμους
769 3437 988 3504 ἐπόθει,
1041 3439 1110 3507 τῇ
1167 3437 1372 3506 φυσικῇ
1430 3435 1701 3504 ἑλκομένη
1763 3433 1895 3498 ἕξει.

323 3532 653 3600 Ἐξελθοῦσα
678 3529 859 3584 τοίνυν
884 3532 943 3583 ὲν
972 3530 1094 3601 μιᾷ,
1115 3527 1364 3599 εὑρίσκει
1391 3526 1598 3598 ἀγέλην
1623 3526 1900 3597 δορκάδων

316 3625 672 3697 βοσκομένων
715 3623 812 3677 καὶ
860 3621 1096 3692 ἐχόμενα
1131 3621 1340 3673 τούτων
1375 3619 1641 3691 περιῆγεν
1687 3621 1744 3672 ὲν
1789 3621 1903 3682 τοῖς

315 3717 527 3780 πεδίοις
550 3715 643 3770 τοῦ
674 3713 885 3786 δρυμοῦ
916 3755 930 3780 ,
960 3712 1384 3785 ὑποστρέφουσα
1437 3712 1536 3783 μὲν
1560 3713 1622 3766 τὸ
1647 3711 1785 3782 πρὸς
1815 3713 1905 3764 έσο

316 3808 522 3879 πέραν,
550 3807 668 3878 ἄμα
696 3806 754 3859 δὲ
783 3805 952 3878 πρωῒ,
975 3807 1042 3875 τῇ
1069 3803 1177 3858 τῶν
1203 3802 1623 3874 ὑπουργούντων
1651 3801 1902 3874 ἀμελείᾳ,

2057 2127 2368 2182 Admiratus
2423 2125 2598 2193 itaque
2629 2123 2888 2192 Josaphat
2919 2123 3220 2194 hujusmodi
3255 2125 3374 2178 vitae
3414 2124 3557 2176 duri-

1991 2220 2116 2272 tiam
2140 2225 2192 2270 et
2223 2215 2585 2281 aSperitatem,
2615 2223 2773 2281 atque
2802 2229 2865 2266 ex
2897 2213 3096 2283 ingenti
3122 2227 3185 2267 ea
3211 2223 3264 2266 et
3301 2213 3556 2281 singulari

1991 2308 2268 2362 tolerantia
2297 2316 2514 2374 stupore
2541 2303 2762 2358 affectus
2797 2304 3090 2374 ingemuit,
3122 2305 3453 2372 prolusisqne
3485 2304 3560 2354 la-

1991 2399 2189 2471 crymis
2210 2397 2275 2450 ad
2307 2411 2486 2450 senem
2515 2395 2622 2447 ait:
2659 2393 2917 2460 Quoniam
2965 2408 3028 2446 ea
3061 2392 3154 2446 tibi
3187 2392 3287 2446 huc
3315 2392 3558 2451 veniendi

1995 2503 2152 2542 causa
2183 2489 2298 2551 luit,
2344 2496 2399 2537 ut
2428 2501 2511 2538 me
2539 2500 2602 2537 ex
2631 2486 2822 2538 acerba
2852 2483 3048 2538 diaboli
3074 2488 3331 2538 servitute
3383 2495 3561 2536 extra-

1996 2573 2466 2644 lteres,beneﬁcio
2549 2583 2642 2628 tno
2714 2581 3011 2627 extremam
3086 2586 3305 2626 manum
3387 2576 3561 2641 ἰιιιυο.

2001 2687 2091 2738 ne,
2123 2680 2280 2737 atque
2308 2687 2535 2724 animam
2581 2687 2751 2724 meam
2790 2672 2857 2724 de
2902 2672 3144 2725 custodia
3197 2671 3332 2724 ednc
3385 2669 3555 2737 (Psal.

1999 2764 2164 2830 αλιι),
2195 2778 2257 2815 ac
2281 2779 2365 2816 me
2395 2762 2598 2816 itineris
2623 2764 2695 2814 tui
2721 2763 2922 2816 socium
2938 2762 3152 2829 adbibe,
3183 2770 3237 2814 ut
3262 2760 3439 2813 mundi
3465 2760 3564 2810 im-

2004 2863 2217 2918 pustura
2279 2865 2495 2918 prorsus
2545 2852 2817 2913 liberatus,
2872 2861 2981 2904 tum
3037 2850 3267 2918 denique
3318 2849 3566 2903 salutaris

2002 2941 2248 3008 baptismi
2277 2941 2507 3008 sigillum
2539 2940 2820 3007 accipiam,
2870 2940 3178 3004 sociumque
3214 2954 3298 2991 me
3339 2939 3427 2997 tibi
3471 2937 3566 2990 ad-

2003 3028 2257 3082 miranda:
2306 3028 2455 3095 hujus
2489 3027 2834 3097 philosophia:
2882 3022 3275 3096 atque’extmia:
3302 3031 3566 3082 exercita-

2006 3119 2160 3172 tionis
2194 3117 2480 3186 prznbeam.

2079 3261 2212 3315 Dixit
2244 3267 2418 3311 autem
2449 3255 2516 3309 ad
2544 3267 2663 3308 enm
2687 3249 2926 3305 Barlaam
2957 3261 2974 3302 :
3033 3244 3253 3313 Caprea:
3295 3238 3572 3295 hinnulum

2006 3353 2154 3406 dives
2182 3348 2438 3419 quispiam
2479 3344 2605 3399 olim
2627 3343 2802 3396 alebat
2831 3358 2844 3392 :
2891 3353 3014 3392 cum
3039 3344 3213 3390 autem
3241 3335 3354 3401 ipse
3375 3331 3576 3386 crevis-

2006 3450 2110 3506 84-1,
2133 3438 2357 3494 naturali
2386 3435 2575 3489 aﬂ'ectu
2601 3441 2896 3502 pertractus
2925 3427 3242 3483 solitudines
3271 3423 3499 3488 expetcb
3533 3433 3575 3476 t.

2011 3533 2268 3600 Egressus
2291 3527 2445 3597 igitur
2492 3525 2718 3594 quodam
2750 3523 2858 3586 die,
2905 3531 3220 3587 caprearum
3252 3529 3463 3583 gregem
3489 3527 3581 3578 pa-
3655 3591 3661 3597 ἡ

2011 3623 2114 3676 stui
2141 3633 2357 3688 operam
2388 3617 2602 3670 dantem
2624 3611 2848 3675 invenit,
2900 3616 3061 3678 atque
3111 3606 3180 3661 ad
3209 3621 3300 3659 eas
3345 3617 3466 3658 sese
3487 3601 3582 3655 ad-

2009 3715 2254 3782 iungens,
2309 3723 2402 3777 per
2455 3719 2612 3773 agros
2663 3713 2715 3756 et
2750 3715 2968 3769 campos
3015 3695 3316 3761 oberrabat,
3350 3709 3413 3747 ac
3458 3707 3582 3744 sero

2011 3805 2226 3872 quidem
2256 3800 2476 3853 domum
2518 3810 2578 3850 se
2625 3793 2894 3848 referebat
2920 3808 2935 3856 ;
2967 3803 3124 3844 mane
3154 3797 3327 3840 autem
3358 3783 3585 3837 famulo-

318 3898 658 3970 ὲξερχομένη
692 3897 933 3961 καὶτοῖς
965 3897 1179 3968 ἀγρίοις
1221 3895 1687 3962 συναγελάζουσα.
1734 3894 1909 3947 Ἐκεί-⁶

317 4009 432 4045 νων
460 3991 519 4045 δὲ
564 3990 899 4063 πορρωτέρω
944 3987 1332 4059 μεταθεμένων
1364 3986 1651 4058 νέμεσθαι,
1677 4002 1910 4056 συνηκο-

318 4081 557 4153 λούθησε
603 4083 700 4136 καὶ
745 4082 907 4153 αὐτή.
959 4082 1023 4134 Οί
1070 4081 1130 4134 δὲ
1172 4080 1266 4134 τοῦ
1306 4079 1563 4134 πλουσίου
1601 4079 1907 4151 ὑπηρέται,

319 4177 486 4230 τοῦτο
515 4175 852 4245 αἰσθόμενοι,
894 4173 980 4243 ἐφ’
1012 4173 1196 4227 ἵππων
1225 4173 1545 4238 ἀναϐάντες,
1582 4171 1912 4238 κατεδίωξαν

321 4271 502 4324 ὀπίσω
530 4267 732 4334 αὑτῶν,
769 4268 866 4321 καὶ
892 4267 992 4337 τὴν
1028 4267 1127 4337 μὲν
1159 4267 1300 4320 ίδίαν
1319 4266 1556 4336 δορκάδα
1589 4265 1914 4336 ζωγρήσαν-

321 4381 441 4427 τεςξ
469 4363 568 4417 καὶ
598 4331 1112 4431 ἐπαναστρέψαντες
1139 4359 1346 4423 οἴκαδε,
1375 4331 1639 4428 ἀπρόῖτον
1673 4331 1777 4409 έὸό
1803 4356 1887 4409 λοι

2017 4347 2232 4417 quidem
2254 4359 2500 4412 capream
2524 4343 2697 4395 vivam
2720 4348 2950 4408 captam,
2973 4337 3292 4400 domumque
3315 4331 3586 4385 reductam

327 4452 436 4506 ποῦ
465 4453 678 4506 ἔθεντο·
708 4451 808 4520 τῆς
849 4427 1136 4521 ⁷δὲνλοιπῆς
1165 4449 1368 4519 ἀγέλης
1397 4427 1494 4512 τάς
1528 4449 1627 4520 μὲν
1653 4447 1883 4500 ἀπέκτει

2020 4439 2242 4510 posthac
2266 4439 2337 4492 ita
2367 4444 2668 4498 tenuerunt,
2697 4444 2751 4488 ut
2774 4431 2900 4487 nulli
2927 4429 2992 4483 ad
3013 4443 3129 4482 eam
3154 4427 3325 4479 aditus
3355 4429 3588 4492 pateret;

327 4562 453 4608 ναν,
489 4545 589 4608 τάς
627 4543 686 4596 δὲ
727 4516 919 4608 κακῶς
965 4516 1225 4596 διέθεντοξ
1261 4516 1367 4596 Τόν
1407 4516 1572 4594 αὑτόν
1620 4541 1684 4611 δὴ
1714 4540 1883 4612 τρόπο

2019 4530 2281 4599 reliquum
2311 4537 2490 4581 autem
2521 4540 2733 4595 gregem
2781 4524 2972 4593 partim
3017 4518 3365 4580 trucidarunt,
3397 4516 3590 4584 partim

327 4606 549 4689 δέδοικα
570 4606 849 4702 γενέσθαι
898 4606 996 4686 καὶ
1036 4633 1124 4702 ἐφ’
1148 4635 1318 4704 ἡμᾶς,
1346 4634 1395 4685 εί
1422 4606 1882 4702 συνακολουθήσει

1991 4673 1992 4678 η
2021 4624 2160 4676 male
2189 4619 2502 4673 multarunt.
2552 4616 2751 4670 Eodem
2782 4612 2940 4668 modo
2966 4625 3033 4666 ne
3069 4609 3227 4663 nobis
3255 4606 3458 4661 accidat
3480 4618 3591 4657 me-

335 4743 462 4796 μοι·
499 4727 712 4796 μήποτε
743 4725 838 4778 καὶ
868 4725 967 4795 τῆς
993 4725 1092 4795 σῆς
1118 4702 1486 4796 ἀποστερηθῶ
1509 4724 1880 4794 συνοικήσεως

2021 4721 2136 4777 ιυο,
2163 4713 2208 4766 si
2240 4711 2365 4766 mibi
2397 4717 2448 4763 te
2477 4712 2724 4763 comitem
2757 4706 3033 4775 adiungas,
3068 4702 3178 4755 Hoc
3201 4709 3299 4764 est,
3325 4713 3389 4752 ne
3419 4707 3472 4750 et
3499 4706 3594 4750 tuo

333 4786 434 4870 καὶ
472 4786 661 4868 κακῶν
691 4814 902 4869 πολλῶν
924 4786 1062 4877 ’τοῖς
1092 4786 1349 4884 ἑταίροις·
1377 4786 1480 4882 μου
1507 4786 1754 4883 γένωμαι
1783 4812 1887 4882 πρό

2022 4801 2374 4860 contubernio
2411 4799 2609 4869 priver,
2662 4806 2718 4852 et
2746 4799 2987 4866 ingentes
3027 4792 3187 4847 sociis
3219 4791 3352 4844 meis
3377 4786 3595 4842 calami-

332 4909 490 4978 ξενος
529 4908 800 4978 κρίματός
834 4925 894 4960 τε
932 4907 1152 4975 αἰωνίου
1196 4906 1274 4976 τῷ
1303 4905 1382 4977 σῷ
1410 4907 1722 4977 γεννήτορι.
1759 4906 1883 4958 Ἀλλ

2027 4904 2186 4959 tates,
2213 4910 2274 4949 ac
2301 4895 2679 4962 sempiternam
2704 4891 2838 4958 patri
2867 4898 2958 4944 tuo
2983 4884 3475 4940 condemnationem
3499 4896 3592 4934 ac-

333 4971 495 5054 τοῦτό
519 4971 581 5053 σε
603 4971 850 5072 βούλεται
871 5002 900 5053 6
928 4971 1153 5069 Κύριος,
1185 4971 1282 5052 νῦν
1319 4971 1824 5069 μὲν-σημειωθῆναι
1853 5014 1887 5048 τ

2026 5002 2252 5044 cersatn.
2287 4985 2406 5039 Vult
2429 4985 2607 5052 itaque
2653 4995 2705 5036 te
2733 4983 2983 5035 Dominus
3017 4993 3155 5032 nunc
3185 4975 3398 5045 quidem
3429 4971 3591 5026 divini

338 5063 614 5162 σφραγῖδι.
627 5091 720 5144 τοῦ
747 5091 893 5144 θείου
918 5063 1300 5162 βαπτίσματος
1320 5063 1464 5162 ’(85),
1492 5063 1586 5146 καὶ
1619 5063 1800 5162 μένειν
1828 5091 1887 5143 ἐτι

2029 5077 2279 5148 baptismi
2301 5073 2805 5145 sigilloconsignari,
2825 5081 2984 5139 atque
3003 5069 3089 5124 hic
3117 5074 3422 5121 manentem
3452 5063 3594 5118 omni

339 5181 551 5256 χώρας,
585 5183 766 5253 πάσης
799 5154 1164 5256 ἀντεχόμενον
1213 5154 1497 5246 εὐσεϐείας
1540 5154 1637 5236 καί
1670 5184 1770 5253 τῆς
1814 5183 1887 5235 τῶ

2029 5169 2242 5238 pietatis
2271 5168 2452 5238 generi
2503 5168 2739 5226 studere,
2785 5159 3172 5230 praeceptisque
3228 5154 3339 5209 suis
3377 5165 3590 5221 operam

344 5245 575 5330 ἕντόλιὺν
602 5275 695 5328 τοῦ
722 5245 972 5348 ’Χριστοὺ
1001 5245 1297 5349 έργασίας.
1343 5245 1513 5329 Ἐπάν
1547 5277 1708 5346 158
1728 5245 1789 5330 δὲ
1814 5275 1887 5346 δῴ

2033 5263 2174 5318 dare.
2225 5261 2575 5328 Posteaquam
2628 5263 2803 5308 autem
2855 5250 2995 5306 illius
3046 5250 3304 5303 bonorum
3352 5245 3594 5299 omnium

343 5368 536 5438 καιρὸν
583 5370 612 5421 6
643 5369 860 5424 πάντων
893 5370 1060 5440 δοτὴρ
1100 5369 1210 5422 τῶν
1258 5368 1463 5430 καλῶν,
1498 5367 1798 5437 τηνικαῦτα
1833 5384 1887 5419 κε

2033 5353 2234 5408 daturis
2259 5365 2478 5405 munere
2506 5346 2717 5403 occasio
2766 5359 2884 5400 sese
2909 5341 3178 5405 obtulerit,
3226 5348 3336 5393 tum
3383 5338 3586 5390 demurr
3620 5367 3627 5373 -

342 5429 543 5534 ὲλεὺσῃ
576 5461 714 5533 πρὸς
749 5463 931 5533 ἡμᾶς,
1102 5461 1170 5516 τὸ,
1192 5429 1488 5514 ὑπόλοιπον
1516 5429 1616 5530 της
1644 5459 1887 5530 παροῦσι

2034 5452 2090 5498 et
2113 5443 2180 5498 ad
2209 5455 2308 5496 nos
2333 5441 2536 5506 venies,
2567 5447 2621 5493 et
2649 5452 2741 5506 per
2772 5435 3031 5503 reliquum
3048 5446 3206 5487 omne
3229 5430 3448 5499 hujusce
3479 5429 3602 5481 vita:

2013 3910 2130 3950 rum
2160 3891 2474 3962 negligentia
2508 3889 2651 3942 foras
2679 3884 3077 3954 egrediebatur,
3127 3889 3286 3942 atque
3339 3891 3458 3930 cum
3488 3875 3584 3925 sil-

2012 3985 2279 4041 vestribus
2304 3983 2479 4050 capris
2500 3997 2559 4035 se
2582 3979 2917 4048 aggregabat.
2953 3974 3119 4028 Porro
3146 3987 3265 4024 cum
3293 3970 3397 4023 illa:
3422 3967 3586 4034 pabu—

2015 4078 2182 4133 latum
2214 4075 2421 4143 longius
2456 4071 2854 4140 processissent,
2908 4067 3024 4134 ipse
3053 4077 3264 4132 quoque
3301 4075 3392 4113 cas
3419 4058 3586 4111 eomi~

2017 4176 2160 4221 tatus
2185 4173 2287 4219 est.
2315 4167 2380 4217 At
2401 4177 2530 4216 vero
2547 4160 2884 4215 divitisillius
2907 4156 3002 4210 viri
3033 4152 3237 4215 famuli,
3261 4165 3320 4206 re
3347 4150 3582 4218 Cognita,

2019 4255 2336 4311 conscensis
2363 4253 2514 4321 equis
2535 4266 2626 4307 eas
2646 4267 2673 4301 a
2707 4259 2856 4315 tergo
2884 4244 3103 4300 insecuti
3134 4251 3275 4307 sunt,
3325 4255 3389 4293 ac
3435 4252 3586 4292 suam

419 5618 532 5689 (83)
564 5615 882 5671 Latinorum
913 5617 1156 5688 pallium.
1196 5615 1450 5673 Moschus
1473 5615 1634 5671 Prato
1669 5631 1716 5671 c.
1747 5617 1816 5670 76
1848 5630 1862 5668 :

350 5688 500 5759 χίνου
521 5689 623 5759 καὶ
647 5686 897 5742 παλλίου.
925 5758 930 5759 ί

1995 5613 2052 5668 όν
2070 5631 2194 5667 τινα
2231 5609 2534 5683 μοναχὸν...
2566 5606 2734 5679 μηδὲν
2771 5604 2965 5676 έχοντα
3005 5601 3144 5675 πλὴν
3187 5597 3466 5672 στιχαρίου
3500 5616 3618 5673 τρι-

423 5758 537 5828 (84)
569 5757 717 5812 Psal.
747 5773 892 5826 CXLI,
922 5758 973 5812 ’7.

425 5829 538 5896 ι85)
568 5827 632 5888 C.
662 5843 870 5898 σφραγ.
902 5827 998 5882 τοῦ
1029 5829 1182 5897 ἁγίου
1217 5829 1557 5898 Πνεύματος.
1591 5827 1887 5894 Baptisnms

1994 5828 2035 5879 it
2063 5824 2190 5878 olim
2237 5827 2474 5898 σφραγὶς
2507 5823 2728 5898 dictt_t_s_s_:
2760 5817 2893 5898 [ille
2927 5819 3153 5888 Segaar.
3192 5814 3260 5870 ad
3287 5811 3462 5869 Clem.
3498 5809 3622 5864 Ale-

361 5889 547 5956 xaner
584 5917 604 5951 ε
644 5889 780 5964 Quis
815 5889 966 5956 dives
988 5889 1228 5956 salvetur
1265 5919 1284 5955 ι
1321 5889 1443 5970 pag.
1467 5889 1608 5968 380;
1641 5889 1858 5955 Fabric.
1895 5901 1959 5953 ad
1991 5889 2460 5953 l’scudo-Abilia’m
2482 5932 2496 5961 ,
2540 5908 2594 5963 p.
2627 5891 2754 5956 557,
2785 5889 2908 5945 700.
