4042 6488
474 530 608 592 10323

1898 518 2274 579 ADDENDA.

3591 517 3719 578 102i

464 653 679 709 tempus
700 642 972 695 nobiscum
1001 642 1184 711 deges.
1218 645 1291 697 Ac
1330 642 1535 697 Domini
1577 642 1896 709 benignitate
1926 643 2034 697 ire-

2147 638 2285 705 ζωῆς
2315 635 2573 706 ἀλλήλοις
2603 607 3050 705 συνοικήσαιμεν.
3077 630 3324 685 Πέποιθα
3345 631 3405 684 δὲ
3434 629 3511 699 τῷ
3534 629 3721 701 Κυρίῳ

467 747 572 799 tns,
607 736 1006 806 haudquaquam
1037 736 1220 789 duhito
1245 735 1370 801 quin
1390 735 1440 787 iu
1470 735 1637 787 futura
1669 737 1778 789 vita
1807 737 1874 789 ita
1905 751 2035 789 con-

466 829 779 899 jungamur,
816 841 869 882 ut
901 844 1165 896 nunquam
1193 829 1367 882 divelli
1400 829 1679 895 possimus.

541 920 793 982 Jusaphat
821 931 996 973 autem
1026 921 1273 988 lacrymis
1300 934 1504 973 rursum
1531 920 1793 987 perfusus,
1825 918 1888 971 ad
1911 934 2034 973 eum

467 1011 545 1066 ait
572 1029 587 1067 :
616 1014 669 1067 Si
704 1013 928 1066 Domino
954 1014 1023 1066 ita
1056 1014 1248 1082 placet,
1274 1014 1437 1082 ipsius
1465 1014 1707 1067 voluntas
1735 1013 1843 1068 iiut.
1889 1014 2034 1081 Quo-

469 1104 609 1157 circa
641 1119 760 1157 cum
791 1103 971 1157 divino
1022 1104 1338 1172 baptismate
1386 1120 1471 1158 me
1502 1105 1789 1159 initiaveris
1817 1146 1830 1170 ,
1878 1119 2038 1173 pecu-

471 1192 693 1259 niasque
718 1209 748 1247 a
777 1207 860 1246 me
884 1203 937 1248 et
968 1206 1159 1260 veStes,
1214 1203 1321 1248 tam
1353 1194 1417 1248 ad
1444 1204 1587 1248 tuum
1611 1212 1766 1264 quam
1791 1197 1853 1247 ad
1883 1195 2039 1249 soda-

473 1286 600 1338 lium
633 1294 840 1338 tuorum
884 1286 1075 1338 \‘iCllllll
1110 1301 1172 1339 ac
1201 1285 1446 1339 vestitum
1487 1287 1773 1352 acceperis,
1818 1287 1866 1339 in
1912 1287 2038 1337 reli—

472 1374 635 1441 giosa:
674 1375 1070 1430 exercitationis
1127 1376 1321 1440 locum,
1375 1376 1565 1428 divina:
1611 1377 1753 1443 pacis
1796 1376 2039 1439 praesidio

473 1474 678 1533 septus,
725 1466 981 1532 abscede;
1034 1482 1256 1536 meaque
1285 1482 1443 1520 causa
1475 1468 1589 1520 sine
1630 1467 1733 1519 ulla
1783 1468 2043 1520 intermis-

474 1558 626 1610 sione
646 1556 812 1610 Deum
837 1571 986 1625 roga,
1016 1566 1072 1611 ut
1103 1573 1166 1611 ne
1193 1572 1285 1623 spe
1313 1571 1427 1609 mea
1459 1557 1700 1623 l'rustrer,
1727 1573 1907 1610 verum
1936 1558 2040 1624 pri-

478 1664 569 1701 mo
620 1662 832 1716 quoque
890 1658 1129 1717 tempore
1159 1649 1221 1700 ad
1254 1660 1303 1702 te
1342 1648 1636 1715 pervenire,
1666 1659 1822 1715 atque
1853 1648 1903 1702 in
1934 1649 2040 1701 alta

476 1743 655 1809 quiete
675 1742 954 1796 utilitatem
987 1756 1049 1794 ex
1080 1749 1129 1794 te
1162 1740 1434 1807 percipere
1469 1740 1686 1807 possim.

552 1832 791 1885 Barlaam
817 1841 990 1884 autem
1014 1832 1085 1884 ait
1114 1850 1129 1886 :
1189 1830 1324 1895 Quin
1351 1829 1544 1883 Christi
1568 1829 1782 1899 quidem
1814 1829 2040 1896 sigillum

477 1924 731 1990 accipias,
753 1923 884 1977 nihil
926 1934 1005 1976 cst
1032 1922 1168 1987 quod
1187 1923 1481 1990 prohibeat.
1501 1921 1672 1986 Quare
1704 1923 1922 1991 teipsum
1935 1922 2041 1988 jam

476 2015 701 2082 adorna,
750 2028 810 2066 ac
845 2014 951 2066 Deo
991 2014 1209 2081 j‘uvaute
1257 2013 1571 2066 Christiana:
1602 2013 1719 2066 ﬁdei
1745 2012 1910 2066 sacris
1942 2012 2047 2065 ini-

478 2104 719 2157 tiaberis.
768 2104 843 2156 De
867 2105 927 2156 iis
953 2114 1127 2156 autem
1161 2105 1420 2169 pecuniis,
1456 2118 1587 2171 quas
1641 2113 1691 2156 te
1745 2115 1852 2156 tum
1894 2103 2045 2167 mihi,

482 2206 594 2246 tum
630 2194 900 2246 sodalibus
931 2194 1063 2246 meis
1094 2194 1337 2247 daturum
1362 2194 1557 2257 dixisti,
1586 2195 1673 2260 qui
1700 2194 1909 2247 tandem
1936 2194 2045 2247 [ieri

481 2294 661 2352 posset
691 2292 748 2337 ut
794 2293 846 2336 tu
893 2285 981 2352 qui
1014 2299 1213 2352 pauper
1235 2298 1314 2347 es,
1368 2283 1620 2337 divitibus
1647 2285 2042 2354 eleemusyuam

482 2374 802 2442 impertias?
872 2375 1145 2443 Siquidem
1217 2375 1435 2427 divitum
1491 2383 1571 2428 est
1617 2375 1683 2430 de
1729 2377 2048 2443 pauperibus

482 2466 842 2520 benetmereri
862 2505 876 2526 ,
929 2481 1032 2519 non
1063 2476 1240 2518 autem
1270 2476 1451 2518 contra
1497 2480 1786 2533 pauperum
1818 2468 1880 2519 de
1906 2467 2054 2518 locu-

484 2556 719 2623 pletibus
740 2566 791 2608 et
820 2558 1069 2621 c0piosis.
1101 2557 1229 2609 Nam
1261 2556 1520 2612 sodalium
1545 2558 1777 2609 omnium
1811 2572 2050 2610 meorum

486 2656 789 2714 'poSIremus
808 2648 995 2714 opibus
1026 2646 1241 2699 omnino
1272 2658 1322 2700 te
1344 2655 1577 2710 superat.
1632 2645 1822 2699 Verum
1858 2650 2054 2703 divinis

487 2733 918 2788 miserationibus
952 2734 1137 2798 fretus,
1183 2735 1283 2787 hoc
1315 2735 1438 2787 mihi
1471 2735 1789 2801 persuadeo,
1844 2748 1893 2789 te
1934 2752 2053 2806 pro-

488 2828 695 2896 pcdiem
730 2827 1197 2895 locupletissimum
1224 2825 1359 2881 fore.
1420 2828 1570 2893 Quod
1592 2843 1711 2881 cum
1745 2831 2049 2897 contigerit,

488 2920 711 2974 minime
736 2920 799 2973 ad
828 2921 1155 2987 largiendum
1210 2933 1483 2988 promptus
1515 2937 1575 2975 ac
1624 2922 1875 2988 proclivis
1921 2923 2047 2975 eris.

557 3006 703 3062 Dixit
723 3017 904 3062 autem
920 3008 985 3079 ad
1005 3022 1129 3062 eum
1143 3005 1404 3075 Josaphat
1426 3006 1672 3076 :Expone
1694 3009 1847 3075 mihi,
1861 3022 2067 3077 quaeso,

485 3115 721 3167 quonam
754 3108 914 3167 pacto
937 3097 1205 3152 sodalium
1228 3107 1441 3150 tuorum
1463 3107 1741 3154 extremus
1764 3100 1958 3165 opibus
1986 3114 2068 3152 me

485 3190 792 3251 antecellat,
831 3202 953 3242 cum
1001 3190 1156 3253 paulo
1202 3197 1325 3240 ante
1353 3194 1404 3239 tu
1434 3201 1527 3239 eos
1568 3186 1619 3238 in
1658 3201 1843 3257 magna
1873 3189 2049 3256 inopia

489 3280 668 3332 vivere
696 3288 854 3348 atque
883 3287 1118 3332 extrema
1143 3285 1452 3343 paupertate
1489 3277 1784 3330 conﬂictari
1831 3277 2049 3333 dixeris.

2146 733 2237 784 καὶ
2284 734 2341 783 ἐν
2394 733 2462 802 τῇ
2522 728 2794 801 μελλούσῃ
2850 727 3097 797 διαγωγῇ
3156 726 3521 787 ἀδιαστάτους
3575 726 3721 795 ἡμᾶς

2143 822 2311 880 εἶναι.

2215 914 2381 979 Δῦθις
2402 915 2459 969 δὲ
2488 918 2515 969 ό
2550 915 2787 984 ’ῐωάσαορ
2816 912 3067 984 δακρύων
3094 910 3229 982 φησὶ
3256 910 3397 980 πρὸς
3428 908 3589 962 αὐτόν
3610 924 3625 938 ·
3656 909 3720 961 Εἰ

2145 1009 2221 1078 τῷ
2240 1009 2429 1078 Κυρίῳ
2446 1006 2620 1061 ταῦτα
2635 1006 2803 1067 δοκεῖ,
2825 1005 2884 1057 τὸ
2908 1006 3117 1073 θέλημα
3135 1001 3301 1056 αὑτοῦ
3326 999 3570 1068 γενέσθω
3591 999 3673 1069 (86
3686 1008 3720 1059 i.

2145 1104 2457 1166 Τελειῶσας
2486 1097 2579 1155 οὖν
2611 1118 2677 1171 με
2721 1099 2907 1153 λοιπὸν
2946 1097 3026 1165 τῷ
3070 1096 3201 1167 θείῳ
3232 1094 3601 1165 βαπτίσματι,
3632 1092 3723 1143 καὶ

2145 1195 2326 1249 λαϐὼν
2356 1195 2485 1265 παρ’
2521 1192 2654 1263 ἐμοῦ
2690 1194 2953 1263 χρήματα
2979 1190 3074 1242 καὶ
3098 1188 3293 1257 ἱμάτια
3322 1188 3403 1248 εἰς
3429 1185 3723 1251 διατροφὴν

2151 1289 2245 1342 καὶ
2282 1287 2558 1356 ἀμφίασιν
2593 1284 2689 1336 σοῦ
2721 1300 2780 1335 τε
2812 1282 2905 1334 καὶ
2943 1279 3055 1334 τῶν
3087 1277 3320 1348 ἑταίρων
3353 1292 3448 1326 σου
3476 1311 3492 1335 ,
3528 1271 3720 1324 ἄπελθε

2146 1383 2226 1445 εἰς
2254 1380 2344 1433 τὸν
2373 1379 2539 1431 τόπον
2560 1377 2661 1447 τῆς
2686 1371 2974 1444 ἀσκήσεώς
3004 1388 3121 1436 σου,
3152 1372 3218 1440 τῇ
3245 1367 3339 1420 τοῦ
3369 1363 3509 1418 Θεοῦ
3540 1363 3724 1433 εἰρήνη

2148 1470 2582 1544 φρουρούμενος.
2616 1463 2814 1534 Κάμοῦ
2850 1462 2925 1533 μὴ
2950 1460 3211 1531 διαλίπῃς
3253 1454 3720 1525 ὑπερευχόμενος,

2146 1566 2235 1619 ἵνα
2269 1564 2344 1635 μὴ
2385 1563 2679 1631 ἐκπέσοιμι
2715 1560 2814 1629 τῆς
2844 1555 3059 1617 ἐλπίδος
3090 1570 3214 1623 μου,
3258 1548 3394 1603 ἀλλὰ
3429 1547 3621 1599 θᾶττον
3651 1545 3723 1595 ίσο

2147 1658 2297 1731 χύσω
2336 1654 2665 1709 καταλαὸεἷν
2695 1669 2753 1704 σε
2786 1651 2881 1703 καὶ
2913 1650 2971 1701 ἐν
3004 1644 3204 1714 ἡσυχίᾳ
3228 1640 3423 1713 βαθείᾳ.
3451 1638 3555 1708 τῆς
3578 1637 3723 1706 παρά

2150 1751 2244 1804 σοῦ
2285 1746 2581 1803 ἀπολαύειν
2612 1743 2902 1814 ὠφελείας.

2229 1844 2286 1897 Ὀ
2316 1843 2371 1896 δὲ
2405 1839 2672 1909 Βαρλαάμ
2701 1837 2804 1906 ἔφη
2828 1851 2843 1865 °
2884 1834 2997 1903 Τὴν
3036 1830 3134 1901 μὲν
3158 1826 3252 1881 τοῦ
3284 1821 3525 1894 Χριστοῦ
3552 1839 3611 1874 σε
3636 1821 3725 1874 λαο

2152 1941 2264 1991 δεῖν
2303 1935 2574 2007 σφραγῖδα
2603 1933 2664 1984 τὸ
2693 1929 2900 1983 κωλύον
2934 1925 3107 1979 οὐδέν.
3139 1920 3477 1991 Εύτρέπισον
3543 1915 3721 1968 λοιπὸν

2153 2033 2375 2086 σεαυτόν
2401 2047 2415 2060 °
2455 2028 2581 2093 καὶ,
2618 2025 2722 2091 ,τοῦ
2770 2022 2976 2090 Κυρίου
3027 2013 3452 2086 συνεργοῦντος,
3507 2008 3722 2061 τελειω-

2151 2126 2312 2198 θήσῃ.
2350 2122 2485 2193 Περὶ
2511 2114 2585 2173 ὧν
2611 2118 2668 2171 δέ
2691 2111 2851 2176 εἶπας
2881 2111 3181 2183 χρημάτων
3209 2107 3322 2168 τοῖς
3352 2102 3596 2173 ἑταίροις
3629 2116 3723 2198 μου

2153 2195 2474 2290 παρασχεῖν,
2528 2210 2643 2274 πῶς
2682 2211 2836 2262 ἔσται
2884 2205 3063 2266 τοῦτο,
3106 2203 3164 2255 σὲ
3215 2201 3309 2254 τὸν
3359 2198 3578 2267 πένητα
3620 2195 3726 2257 τοῖς

2151 2286 2429 2371 πλουσίοις
2468 2302 2840 2375 ἐλεημοσύνην
2872 2298 3107 2361 διδόναι;
3136 2295 3199 2347 Oi.
3226 2292 3472 2345 πλούσιοι
3508 2287 3619 2359 γὰρ
3645 2286 3726 2339 ἀεὶ

2149 2404 2275 2466 τοὺς
2330 2399 2570 2468 πένητας
2617 2391 3021 2463 εὐεργετοῦσιν,
3070 2387 3132 2440 ού
3175 2385 3282 2455 μὴν
3333 2381 3391 2434 δὲ
3440 2382 3490 2433 οἰ
3536 2378 3723 2447 ἄποροι

2151 2498 2277 2558 τοὺς
2306 2492 2595 2563 εὐπόρους.
2630 2488 2688 2539 '0
2711 2487 2819 2555 γὰρ
2854 2481 3081 2551 ἔσχατος
3112 2478 3331 2531 πάντων
3354 2472 3465 2527 τῶν
3498 2470 3724 2563 ἑταίρων

2154 2607 2255 2663 μου
2288 2560 2685 2652 πλουσιώτερός
2704 2596 2796 2632 σου
2823 2573 3171 2646 ἀσυγκρίτως
3192 2560 3725 2663 καθέ-στηκεν.-ἰξ)λὰ

2153 2656 2392 2736 πέποιθα
2430 2679 2509 2740 εἰς
2553 2676 2677 2739 τοὺς
2718 2669 3037 2741 οἰκτιρμοῦς
3068 2664 3162 2718 τοῦ
3208 2661 3344 2716 Θεοῦ
3389 2659 3482 2712 καὶ
3519 2656 3581 2708 σὲ
3609 2656 3725 2707 ὅσον

2151 2757 2323 2828 οῦπω
2350 2766 2797 2841 ύπερπλουτῆσαι
2826 2776 2840 2792 ·
2874 2760 2969 2814 καὶ
3012 2760 3112 2811 ούκ
3161 2753 3525 2826 εύμετάδοτος
3578 2762 3727 2815 τηνι-

2152 2864 2331 2920 καῦτα
2361 2862 2482 2932 ἔσῃ.

2231 2996 2367 3053 Εἷπε
2401 3000 2459 3053 δὲ
2500 3001 2528 3053 ὁ
2584 2999 2823 3069 Ἰωάσαφ
2870 2999 3007 3068 πρὸς
3045 2999 3205 3051 αὐτόν
3232 3012 3247 3026 ·
3284 2997 3596 3065 Σαφήνισόν
3641 3011 3725 3064 μοι

2151 3093 2241 3146 τὸν
2273 3092 2451 3161 λόγον,
2483 3092 2599 3155 πῶς
2625 3093 2654 3143 ὁ
2687 3092 2908 3145 πάντων
2951 3092 3181 3159 ἔσχατος
3209 3088 3319 3141 τῶν
3354 3087 3464 3141 σῶν
3498 3086 3725 3156 ἑταίρων

2154 3184 2480 3254 ὑπέρκειται
2529 3201 2630 3253 μου
2688 3182 2768 3253 τῷ
2812 3182 3046 3251 πλούτῳ,
3096 3180 3304 3251 οῦσπερ
3346 3179 3521 3250 πολλῇ
3560 3178 3723 3247 συζῇν

2154 3274 2315 3345 159
2337 3274 2693 3345 ἀκτημοσύνῃ
2724 3274 2818 3328 καὶ
2848 3274 3055 3344 ἐσχάτῃ
3081 3270 3553 3339 ταλαιπωρεῖσθαι
3581 3286 3721 3322 πτωο

493 3368 755 3433 Quidnam
780 3371 907 3424 item
946 3371 1035 3435 sit,
1063 3372 1407 3438 quamobrem
1450 3386 1587 3424 nunc
1641 3386 1727 3425 me
1766 3386 2046 3439 pauperem

2147 3371 2271 3441 χείᾳ
2300 3368 2406 3441 πρὸ
2437 3368 2636 3438 μικροῦ
2673 3367 2882 3435 ἔλεγες,
2916 3365 3036 3429 πῶς
3060 3365 3119 3417 δέ
3150 3364 3245 3417 νῦν
3281 3364 3378 3433 μὲν
3408 3361 3621 3432 πένητά
3656 3377 3723 3431 με

493 3456 755 3525 appelles,
807 3474 927 3512 cum
966 3472 1141 3512 autem
1193 3460 1532 3527 amplissimis
1575 3461 1764 3527 opibus
1804 3463 2050 3528 praeditus

2147 3461 2463 3524 ἀποκαλεῖς,
2504 3460 2633 3513 ὅταν
2662 3459 2720 3512 δὲ
2760 3458 3204 3528 ὑπερπλουτήσω
3234 3455 3337 3507 οὐκ
3363 3453 3720 3523 εὐμετάδοτον

494 3547 668 3611 fuero,
700 3548 918 3602 minime
943 3548 1213 3602 liberalem
1246 3549 1358 3604 fore
1392 3550 1557 3613 dicas,
1587 3552 1672 3619 qui
1697 3567 1834 3605 nunc
1861 3552 1926 3604 ad
1950 3553 2052 3604 lar-

494 3638 741 3705 giendum
774 3648 1049 3707 promptus
1077 3654 1142 3693 ac
1169 3655 1460 3708 propensus
1489 3657 1626 3694 smn.

567 3736 859 3801 Respondit
888 3737 1127 3790 Barlaam
1173 3756 1187 3791 :
1240 3738 1352 3793 Non
1382 3755 1474 3793 eos
1516 3751 1822 3810 paupertate
1869 3744 2059 3798 conﬂi-

496 3825 631 3877 ctari
659 3824 792 3889 dixi,
821 3825 913 3878 sed
932 3826 1261 3882 inexhaustis
1280 3830 1455 3896 potius
1471 3832 1660 3898 Opibus
1688 3831 1897 3887 ﬂorere.
1922 3834 2050 3888 Nam

497 3913 686 3980 opibus
711 3928 839 3980 opes
865 3928 1078 3983 semper
1106 3916 1415 3985 adjnngere,
1440 3934 1539 3974 nec
1571 3921 1912 3989 cupiditatem
1944 3934 2057 3976 tan-

496 4019 653 4069 quam
687 4003 839 4057 freno
863 4019 1136 4071 coercere,
1181 4023 1363 4062 verum
1392 4010 1621 4063 sinculla
1640 4013 1881 4067 satietate
1908 4016 2055 4082 plura

498 4104 787 4160 appetere,
860 4107 1112 4152 extremae
1158 4102 1483 4169 paupertatis
1531 4116 1899 4171 argumentum
1956 4114 2057 4160 est".

498 4187 713 4250 Contra,
745 4188 834 4257 qui
862 4190 1302 4257 sempiternarum
1322 4208 1495 4246 rerum
1522 4194 1806 4262 cupiditate
1828 4212 2060 4263 praesen-

497 4278 570 4330 tia
594 4280 769 4332 omnia
788 4290 1152 4346 contemnunt,
1175 4298 1344 4352 eaque
1369 4300 1463 4348 pro
1491 4287 1813 4341 stercoribus
1839 4287 2057 4350 ducunt,

501 4379 559 4419 ut
587 4369 856 4422 t.hristum
888 4371 1058 4424 solum
1085 4373 1355 4427 lucrentur
1381 4374 1605 4443 (Philip.
1637 4376 1756 4447 ιιι),
1810 4382 2061 4445 omnique

502 4461 744 4514 ciborum
776 4472 831 4514 et
884 4463 1310 4519 indumentorum
1341 4481 1563 4521 excussa
1598 4480 1757 4538 atque
1803 4470 1855 4523 iu
1895 4470 2060 4524 Deum

502 4549 734 4616 projecta
788 4565 937 4613 cura,
985 4552 1240 4620 majorem
1285 4570 1352 4608 ex
1397 4556 1570 4625 itmpia
1618 4560 1937 4626 voluptatem
1968 4576 2060 4613 ca-

2143 3552 2396 3619 γενέσθαι
2425 3551 2607 3619 λέγεις
2627 3551 2720 3603 τὸν
2748 3549 3114 3619 εύμετάδοτον
3145 3547 3240 3601 νῦν
3273 3546 3682 3615 καθεστηκότα;

2231 3740 2288 3791 '0
2316 3737 2373 3790 δέ
2397 3733 2663 3805 Βαρλαάμ
2699 3729 3039 3801 ἀπεκρίνατο
3061 3744 3075 3757 ·
3119 3727 3194 3780 Οὐ
3227 3723 3474 3793 πτωχείᾳ
3503 3719 3722 3781 τούτους

2150 3832 2289 3900 ἔφην
2319 3824 2805 3897 ταλαιπωρεῖσθαι,
2834 3821 2973 3876 ἀλλὰ
2997 3820 3215 3889 πλούτῳ
3243 3817 3421 3887 κομᾷν
3443 3811 3720 3880 ἀκενώτῳ.

2146 3926 2220 3978 Τὸ
2250 3924 2358 3992 γὰρ
2382 3922 2471 3975 ἀεὶ
2498 3922 2609 3981 τοῖς
2640 3919 2906 3989 χρήμασι
2929 3912 3279 3986 προστιθέναι
3320 3910 3604 3980 χρήματα,
3636 3906 3725 3957 καὶ

2149 4017 2223 4087 μὴ
2253 4017 2354 4085 τῆς
2401 4014 2579 4084 ὁρμῆς
2612 4008 3003 4082 χαλινοῦσθαι,
3065 4003 3202 4059 ἀλλά
3252 4002 3347 4054 καὶ
3393 3997 3726 4066 πλειοτέρων

2147 4108 2463 4178 ἁκορέστως
2511 4101 2827 4176 ὀρέγεσθαι,
2865 4099 3026 4152 τοῦτο
3062 4097 3253 4157 πενίας
3294 4093 3533 4163 ἐσχάτης
3575 4089 3721 4140 ἐστὶ·

2143 4203 2271 4263 τοὺς
2318 4200 2376 4253 δὲ
2421 4198 2531 4251 τῶν
2586 4197 2874 4266 παρόντων
2909 4193 3008 4263 μὲν
3042 4187 3396 4258 ὑπεριδόντας
3428 4183 3582 4248 πόθῳ
3616 4180 3724 4233 τῶν

2145 4294 2401 4358 αἰωνίων,
2434 4291 2529 4343 καὶ⁵
2565 4288 2813 4342 σκύϐαλα
2842 4284 3019 4338 ταῦτα
3042 4280 3444 4353 ἡγησαμένους,
3473 4277 3563 4329 ἵνα
3589 4276 3721 4344 Χρι-

2146 4386 2271 4438 στὸν
2304 4385 2465 4454 μόνον
2498 4382 2810 4452 κερδησωσι
2841 4378 2977 4448 (87),
3003 4376 3184 4428 πᾶσαν
3211 4373 3268 4426 δὲ
3296 4369 3606 4441 βρωμάτων
3632 4366 3722 4418 καὶ

2143 4476 2463 4547 ἐνδυμάτων
2511 4474 2887 4542 ἀποθεμένους
2947 4468 3216 4540 μέριμναν
3253 4465 3348 4517 καὶ
3394 4461 3473 4531 τῷ
3532 4459 3721 4528 Κυρίῳ

2145 4570 2347 4640 ταύτην
2387 4566 2811 4637 ἐπιρρίψαντας,
2861 4559 3332 4631 εὐφραινομένους
3358 4555 3416 4607 δὲ
3450 4556 3517 4625 τῇ
3550 4554 3717 4620 ἀκτη-

497 4640 653 4708 piunt
679 4656 834 4709 quam
877 4643 1154 4711 quisquam
1207 4659 1389 4699 eorum
1441 4649 1529 4715 qui
1556 4651 1737 4703 mundi
1768 4666 1947 4705 amore
1971 4653 2050 4705 ila-

2149 4662 2277 4732 σία,
2317 4660 2392 4722 ὼς
2439 4660 2540 4712 ούκ
2587 4659 2652 4712 ἄν
2704 4674 2787 4719 τις
2835 4655 2946 4707 τῶν
2995 4652 3343 4722 φιλοκόσμων
3393 4643 3717 4716 εύφρανθείη

495 4740 672 4799 grant,
703 4748 767 4787 ex
796 4747 953 4800 opum
998 4744 1086 4811 et,
1106 4735 1449 4802 pecuniarum
1497 4740 1813 4795 abundantia
1846 4745 2017 4809 capiat
2043 4763 2057 4809 ;

496 4823 697 4892 quique
745 4826 1105 4892 amplissimas
1133 4828 1384 4882 virtutum
1430 4831 1639 4885 divitias
1680 4835 1777 4887 sibi
1815 4850 2059 4903 aggesse-

500 4924 643 4983 runt,
691 4925 854 4985 atque
902 4918 1277 4973 immortalium
1322 4920 1573 4975 honorum
1623 4938 1717 4991 spe
1744 4940 1863 4980 sese
1891 4926 2057 4992 alunt,

497 5008 593 5061 hos
619 5023 719 5078 ego
746 5009 947 5077 optimo
997 5010 1118 5080 jure
1171 5020 1223 5066 te
1266 5020 1425 5081 atque
1451 5014 1589 5065 adeo
1614 5017 1802 5081 quovis
1852 5028 2059 5073 terreno

495 5118 618 5173 rege
635 5106 1003 5174 locupletiores
1024 5106 1274 5161 dixerim.
1313 5107 1463 5174 Quod
1488 5110 1552 5172 si,
1581 5109 1686 5163 Dco
1715 5111 1806 5165 tibi
1831 5113 2058 5177 favente,

493 5204 550 5247 tu
571 5210 783 5264 quoque
812 5197 1117 5266 spirituales
1162 5187 1468 5266 ltujtismodi
1507 5201 1715 5255 divitias
1743 5204 2055 5271 arripueris,

496 5296 590 5336 cas
617 5298 829 5339 summo
857 5286 1033 5341 studio
1052 5302 1115 5342 ac
1143 5287 1414 5357 diligentia
1437 5290 1699 5357 servabis,
1729 5307 1790 5344 ac
1819 5308 2054 5362 semper,

453 5428 459 5435 ,
494 5381 549 5425 et
574 5372 787 5437 quidem
814 5376 1024 5442 merito,
1067 5392 1261 5447 augere
1296 5380 1498 5447 cupies,
1529 5394 1625 5434 nec
1655 5382 1807 5434 ullam
1840 5386 2057 5438 omnino

489 5454 677 5517 earum
704 5474 904 5534 partem
931 5469 1200 5525 ell‘undere
1224 5471 1531 5525 sustinebis.
1582 5470 1711 5525 Nam
1760 5474 1810 5526 in
1843 5476 1941 5528 hoc
1965 5475 2058 5529 de-

490 5568 635 5608 mum
662 5571 799 5611 verte
820 5558 1014 5613 divitia:
1033 5560 1148 5613 sitae
1172 5571 1313 5616 sunt.
1342 5562 1533 5617 Earum
1554 5574 1729 5618 autem
1754 5580 1911 5633 opum
1939 5581 2058 5634 quae

492 5648 544 5701 in
568 5650 782 5704 sensum
827 5650 1039 5718 cadunt,
1084 5652 1254 5707 moles
1310 5654 1630 5710 detrimento
1674 5657 1849 5725 potius
1895 5671 2054 5724 quam

2144 4752 2363 4822 πλούτῳ
2406 4752 2502 4804 καὶ
2534 4752 2783 4820 χρήμασι
2832 4745 3064 4817 βρίθων,
3098 4744 3192 4798 καὶ
3222 4743 3315 4794 τὸν
3346 4738 3577 4792 πλοῦτον
3625 4739 3719 4803 τῆς

2143 4845 2347 4916 ἀρετὴς
2383 4842 2637 4912 ἀφθόνως
2671 4842 2888 4903 ἑαυτοῖς
2930 4835 3359 4905 συναγηοχότας,
3390 4834 3513 4893 ταῖς
3544 4829 3718 4882 ἐλπίσι

2141 4954 2201 4990 τε
2233 4936 2343 4988 τῶν
2381 4934 2760 5004 ἀτελευτήτων
2797 4929 3168 5001 τρεφομένους
3215 4922 3461 4990 ἀγαθῶν,
3499 4918 3717 4978 εἰκότως

2143 5028 2577 5099 πλουσιωτέρους
2608 5042 2703 5079 σου
2727 5025 2821 5078 καὶ
2848 5024 3031 5092 πάσης
3051 5021 3151 5089 τῆς
3175 5016 3419 5084 ἐπιγείου
3442 5010 3716 5084 βασιλείας

2149 5122 2467 5191 καλέσαιμι.
2509 5120 2616 5173 Τοῦ
2643 5118 2701 5171 δέ
2742 5115 2881 5170 Θεοῦ
2922 5110 3309 5182 συνεργοῦντός
3337 5124 3442 5170 σοι,
3483 5103 3716 5174 ἐπιλήψῃ

2148 5214 2245 5267 καὶ
2267 5214 2543 5281 αὑτὸς-τῆς
2563 5209 2820 5278 τοιαύτης
2844 5202 3222 5275 πνευματικῆς
3256 5216 3320 5253 πε
3330 5196 3594 5270 ριουσίας.
3620 5195 3713 5261 ἠν-

2148 5323 2254 5376 περ
2282 5308 2340 5360 ἐν
2368 5304 2640 5373 ἀσφαλείᾳ
2663 5302 2846 5372 τηρῶν
2868 5302 2962 5352 καὶ
2987 5296 3082 5350 τοῦ
3109 5293 3355 5355 πλείονος
3389 5290 3477 5343 ἀεὶ
3502 5286 3717 5384 δικαίως

2146 5398 2433 5467 ἐφιέμενος
2452 5434 2468 5459 ,
2497 5396 2597 5447 οὐκ
2627 5394 2694 5447 ἂν
2732 5391 3021 5462 θελήσειάς
3049 5405 3103 5440 τι
3147 5384 3356 5455 ταύτης
3385 5392 3720 5467 κατακενουν

2145 5465 2305 5551 ὅλως.
2334 5486 2484 5554 Αὕτη
2513 5486 2621 5555 γάρ
2670 5486 2819 5538 ἐστιν
2857 5481 3067 5553 ἀληθὴς
3099 5476 3420 5549 περιουσία·
3456 5476 3486 5526 ὁ
3529 5470 3588 5524 δέ
3629 5465 3719 5521 τοῦ

2148 5580 2406 5651 αἰσθητοῦ
2430 5579 2660 5632 πλούτου
2688 5578 2850 5647 ὄγκος
2890 5574 3113 5646 βλάψειε
3167 5570 3369 5641 μᾶλλον
3404 5557 3719 5652 τοὺςθαύτοῦ

2152 5672 2338 5740 φίλους
2370 5670 2403 5739 ἢ
2438 5668 2794 5739 ὠφελήσειεν,
2832 5665 3076 5727 Εἰκότως
3127 5656 3220 5714 οὖν
3263 5657 3460 5713 πενίαν
3489 5653 3720 5726 ἐσχάτην

522 5825 634 5901 (ξρ)
664 5823 862 5901 Matth.
890 5825 1060 5901 vium
1084 5843 1105 5901 ;7
1132 5842 1280 5890 xxvr,
1311 5832 1380 5885 42
1419 5848 1431 5882 :
1469 5832 1759 5901 Γενηθήτω
1786 5833 1847 5883 τὸ
1880 5830 2090 5901 θέλημά
2134 5846 2246 5901 σου,

522 5889 631 5966 (87)
662 5895 834 5967 Epist.
866 5899 931 5951 ad
953 5889 1205 5967 Philipp.
1237 5889 1316 5965 Iit,
1353 5904 1385 5953 8
1426 5918 1433 5925 ·
1486 5889 1756 5972 Ἠγυῦμαι
1794 5889 2050 5971 (πόιντσίίη

2147 5898 2294 5955 6χλα
2334 5892 2492 5960 εἶναι,
2531 5894 2616 5946 ἵνα
2650 5893 2886 5963 Χριστὸν
2918 5889 3187 5961 κερδήσω.
