4042 6414
308 383 441 447 1025
1397 375 1573 435 VlTA
1612 371 1967 431 BARLAAM
2009 371 2101 428 ET
2138 370 2490 430 JOASAPH.
3060 350 3063 354 ’
3410 366 3543 430 1025

303 495 493 549 τοῦτον
523 494 865 559 ἁπεκάλεσα,
907 495 1075 565 ὅνπερ
1109 492 1159 545 οί
1189 492 1420 560 ἐρασταὶ
1457 489 1567 543 τῶν
1606 485 1875 555 οὐρανίων

1945 531 1951 543 ,
1980 482 2262 536 commodo
2290 483 2488 537 amico;
2518 498 2644 536 suos
2675 482 2930 564 ali‘eceritt
2982 482 3154 551 Quare
3205 498 3308 537 non
3336 484 3431 540 abs
3483 501 3541 543 re

304 585 529 653 ἀγαθῶν
563 586 744 655 πάντη
770 584 1227 655 ἀπαρνησάμενοι
1252 582 1455 649 ἔφυγον
1477 581 1572 633 ἀπ’
1599 571 1885 644 αὐτοῦέὼς

1982 593 2073 633 eas
2103 588 2395 631 extremam
2424 588 2785 647 paupertatem
2810 578 3542 649 appellavi,quastmlestiurn

309 679 472 748 160
511 678 705 748 φεύγει
738 696 822 742 τις
854 678 961 730 ἀπὸ
989 678 1189 746 ὄφεως.
1232 676 1295 730 Ei
1344 675 1433 739 δὲ,
1466 674 1525 727 δν
1558 675 1888 728 ἀπέκτειναν

1988 671 2243 723 honorum
2294 680 2580 732 amatores,
2626 670 2787 723 rebus
2812 670 3056 723 omnibus
3085 668 3310 724 remisso
3340 671 3544 732 nuntio,

304 771 501 843 ἐχθρὸν
534 772 629 825 καὶ
663 774 777 833 τοῖς
834 771 961 824 ποσὶ
1013 770 1396 838 συνεπάτησαν
1441 769 1490 821 oi
1548 766 1889 838 συνασκηταί

1986 759 2056 812 ita
2092 759 2317 829 fugiunt,
2376 768 2432 813 ut
2472 760 2733 830 quispiam
2782 768 3084 826 serpentem
3136 762 3285 828 fugit.
3329 761 3385 815 Si
3416 775 3544 814 vero

310 880 414 932 μου
469 866 563 916 καὶ
602 863 1047 936 συστρατιῶται,
1077 861 1271 922 τοῦτον
1330 857 1487 924 αὖθις
1524 860 1705 925 ζῶντα
1740 862 1891 931 παρὰ

1984 863 2107 905 eum
2137 850 2362 912 hostem,
2411 865 2568 918 quem
2619 851 2721 903 mei
2754 852 2853 916 piie
2903 850 3298 905 exercitationis
3337 850 3467 905 socii
3494 858 3547 903 et

307 952 409 1007 σοῦ
440 954 623 1008 λαϐὼν
653 957 840 1017 αὑτοῖς
866 956 1159 1023 ἀπενέγκω
1186 993 1201 1016 ,
1230 954 1327 1008 καὶ
1354 954 1613 1023 πρόξενος
1636 953 1891 1023 πολέμων

1986 942 2375 1001 commilitones
2399 942 2508 1010 jam
2539 942 2944 1008 obtruncarunt,
2996 957 3059 996 ac
3090 942 3308 1009 pedibus
3335 942 3546 1011 procul-

306 1047 406 1098 καί
436 1047 627 1101 παθῶν
663 1048 924 1118 γένωμαι.
955 1046 1151 1117 ἔσομαι
1176 1048 1362 1109 αὑτοῖς
1404 1048 1621 1111 πάντσις
1658 1046 1891 1115 ἄγγελος

1984 1041 2192 1094 carnut,
2253 1035 2428 1086 vivum
2461 1049 2643 1089 rursus
2683 1033 2779 1089 abs
2810 1042 2862 1087 te
2885 1042 3159 1102 acceptum
3189 1033 3252 1085 ad
3284 1032 3427 1098 ipsos
3450 1033 3546 1085 de-

306 1138 584 1209 πονηρόςο
619 1139 757 1211 ὅπερ
793 1140 869 1211 μὴ
900 1140 1107 1208 γένοιτό
1133 1156 1223 1211 μοι
1259 1139 1498 1211 ποιῆσαι.
1553 1171 1559 1176 -

1987 1126 2179 1193 tulero,
2228 1125 2597 1193 bellorumque
2621 1140 2685 1179 ac
2728 1124 3179 1193 perturbationum
3219 1137 3376 1177 causa
3419 1122 3546 1190 ipsis

1987 1217 2161 1277 fuero,
2193 1230 2409 1283 prorsus
2440 1216 2568 1283 ipsis
2594 1216 2847 1271 exitiosus
2876 1218 3088 1269 nuntius
3110 1230 3221 1270 ero.
3245 1215 3395 1283 Quod
3424 1213 3542 1285 quia.

1985 1308 2106 1361 dein
2137 1307 2273 1361 absit
2300 1315 2356 1361 ut
2380 1307 2586 1361 factam.

380 1424 465 1478 Τὰ
502 1424 647 1477 αὑτὰ
691 1424 747 1478 δέ
781 1442 870 1495 μοι
924 1425 1035 1479 νόει
1086 1426 1183 1479 καὶ
1229 1427 1358 1497 περὶ
1397 1427 1732 1498 ἐνδυμάτων.
1768 1428 1894 1494 Τοῖς

2084 1424 2229 1479 Idem
2311 1434 2492 1479 autem
2576 1426 2645 1480 de
2733 1430 3050 1487 indumentis
3076 1436 3233 1487 etiam
3281 1434 3540 1499 intelligas

307 1517 423 1586 γὰρ
453 1518 927 1587 ἀπεκδυσαμένοις
960 1520 1058 1589 τὴν
1089 1519 1189 1588 τῆς
1215 1517 1578 1591 παλαιότητος
1616 1520 1895 1588 καταφθο-

1977 1524 2163 1578 velim.
2186 1522 2314 1575 Nam
2344 1536 2438 1576 eos
2489 1523 2575 1591 qui
2606 1525 2887 1579 vetustatis
2907 1524 3076 1578 labem
3109 1537 3160 1578 et
3186 1526 3539 1592 corruptelam

314 1610 418 1677 ρὰν
449 1609 542 1661 καὶ
574 1610 634 1661 τὸ
660 1609 760 1679 τῆς
781 1609 1069 1679 παρακοῆς
1098 1608 1322 1676 ἔνδυμα,
1350 1608 1475 1660 ὅσον
1498 1608 1558 1660 τὸ
1581 1608 1669 1660 ἐπ’
1687 1608 1892 1670 αὑτοῖς,

1978 1623 2264 1678 exuerunt,
2294 1624 2451 1683 atque
2502 1615 2874 1669 inobedieutiae
2929 1624 3432 1680 vestem,quantum
3481 1615 3531 1667 in

316 1698 681 1768 ἀποθεμένοις
706 1740 720 1763 ,
771 1699 863 1751 τὸν
910 1698 1146 1766 Χριστὸν
1177 1697 1235 1749 δέ
1264 1698 1338 1759 ὡς
1375 1697 1589 1766 ἱμάτιον
1626 1696 1894 1765 σωτηρίου

1980 1706 2110 1773 ipsis
2162 1704 2986 1774 fuit,deposuerunt,Cbristum
3043 1712 3220 1765 autem
3281 1713 3529 1771 tanquam

317 1793 418 1843 xui.
452 1792 653 1860 χιτῶνα
703 1791 1048 1862 εὐφροσύνης
1083 1790 1459 1860 ἐνδεδυμένοις
1485 1833 1500 1853 ,
1549 1789 1669 1851 πῶς
1698 1790 1895 1851 αὑτοὺς

1938 1796 2351 1893 Bvestimentum
2374 1795 2641 1860 salutaris,
2671 1803 2725 1848 et
2755 1794 2965 1860 pallium
2991 1793 3186 1849 lzetitiae
3216 1794 3534 1858 induerunt;

316 1882 485 1936 πάλιν
516 1884 640 1945 τοὺς
668 1882 1025 1953 δερματίνους
1063 1883 1406 1952 ἀμφιάσαιμι
1445 1882 1682 1951 χιτῶνας
1714 1881 1810 1934 καὶ
1836 1880 1897 1934 τὸ

1942 1880 2209 1957 ’ῳιοιιιιιη
2236 1888 2441 1939 tandem
2482 1888 2638 1939 modo
2661 1902 2842 1940 rursus
2872 1888 3103 1953 pelliceis
3133 1890 3322 1941 tunicis
3353 1889 3538 1939 indue-

312 1972 420 2041 τῆς
455 1972 717 2041 αἰσχύνης
744 1971 1117 2042 περιθήσομαι
1152 1972 1540 2041 nep-ﬁdium»);
1581 1970 1742 2023 Ἀλλὰ
1769 1970 1897 2033 τοὺς

1985 1992 2119 2040 rem,
2151 1978 2380 2044 ipsisque
2410 1977 2709 2045 ignominiaa
2738 1979 2985 2031 amictum
3020 1978 3383 2045 imponerem?
3404 1978 3539 2042 Quin

319 2066 421 2136 μὲν
461 2066 629 2135 ἐμοὺς
672 2065 923 2136 ἑταίρους
960 2064 1190 2135 μηδενὸς
1233 2065 1341 2117 τῶν
1388 2065 1649 2117 τοιούτων
1682 2063 1897 2116 ἐπιδεο-

1985 2070 2181 2137 potius,
2212 2084 2331 2121 cum
2389 2069 2600 2122 sodales
2656 2084 2825 2131 meos,
2850 2070 3022 2137 utqui
3082 2070 3163 2137 pia
3196 2078 3251 2123 et
3298 2070 3540 2138 religiosa

320 2155 519 2223 μένους
552 2141 859 2223 γινώσκων,
898 2157 963 2225 τῇ
1009 2155 1109 2225 τῆς
1157 2156 1366 2225 ἐρήμου
1414 2154 1471 2207 δὲ
1526 2155 1900 2224 ἀρκουμένους

1983 2159 2283 2213 solitudinis
2322 2159 2702 2215 exercitatione
2722 2158 2959 2214 contenti
3012 2160 3146 2225 sint,
3181 2175 3401 2229 eamque
3446 2175 3542 2229 pro

314 2243 553 2316 ἀσκήσει
584 2245 679 2299 καὶ
705 2244 920 2314 τρυφὴν
945 2245 1151 2314 ταύτην
1177 2244 1563 2314 λογιζομένους
1594 2245 1900 2316 ἁληθεστά·

1983 2253 2274 2305 verissimis
2325 2252 2531 2313 deliciis
2583 2252 2796 2317 ducant,
2831 2252 2990 2306 nullis
3036 2253 3254 2308 omnino
3282 2252 3542 2322 ejusmodi

315 2350 443 2403 την,
490 2333 558 2387 τὰ
592 2334 850 2405 χρήματα
891 2335 987 2387 καὶ⁸
1039 2336 1254 2404 ἱμάτια,
1290 2334 1435 2405 άπερ
1474 2336 1687 2399 τούτοις
1716 2336 1902 2404 ἔλεγες

1984 2342 2142 2395 rebus
2174 2342 2409 2410 indigere
2446 2353 2773 2411 compertum
2804 2343 3047 2408 habeam,
3090 2344 3327 2412 pecuniis
3371 2353 3423 2397 et
3453 2358 3545 2397 ve-

318 2427 648 2495 παρασχεῑν,
679 2427 794 2487 τοῖς
839 2425 1037 2495 πένησι
1076 2425 1386 2492 διανείμας,
1422 2425 1695 2496 θησαυρὸν
1723 2427 1901 2499 ἐαυτῷ

1983 2431 2177 2495 stibus,
2203 2448 2336 2500 quas
2384 2442 2435 2487 te
2482 2433 2609 2501 ipsis
2636 2434 2881 2487 daturum
2919 2434 3157 2497 dicebas,
3184 2433 3238 2486 in
3285 2448 3544 2502 pauperes

320 2518 403 2580 είς
447 2517 507 2571 τὸ
562 2517 757 2586 μέλλον
800 2516 997 2571 ἄσυλον
1040 2517 1392 2587 θησαύρισον,
1435 2519 1526 2570 τὸν
1558 2519 1692 2571 Θεὸν
1725 2520 1903 2592 ἐαυτῷ

1985 2521 2302 2587 distributis,
2336 2522 2418 2577 fac
2449 2524 2540 2576 tibi
2569 2524 2827 2591 ejusmodi
2876 2524 3183 2577 thesatirum
3229 2523 3281 2577 in
3311 2524 3542 2577 futurum

322 2610 443 2669 ταῖς
492 2608 715 2661 ἐκείνων
747 2608 937 2678 εὑχαῖς
984 2608 1275 2679 ἐπίκουρον
1317 2608 1575 2680 θέμενος·
1607 2610 1750 2665 οὑτω
1793 2612 1903 2684 γὰρ

1988 2612 2265 2678 recondas,
2296 2614 2384 2681 qui
2413 2613 2555 2666 nullo
2585 2614 2741 2689 modo
2790 2615 2984 2682 surripi
3036 2618 3226 2684 pOSsit,
3251 2615 3413 2669 Deum
3443 2614 3544 2669 sci-

331 2700 536 2770 μᾶλλον
574 2700 821 2772 συνεργῴ
849 2700 928 2771 τῷ
968 2700 1186 2771 πλούτῳ
1217 2700 1354 2772 πρὸς
1379 2701 1447 2755 τὰ
1475 2702 1617 2756 καλὰ
1645 2705 1900 2775 χρήσαιο.

1989 2703 2109 2755 licet
2141 2704 2191 2755 in
2247 2704 2361 2770 ipso
2395 2718 2487 2771 per
2539 2704 2751 2758 illorum
2794 2719 2978 2773 preces
3027 2707 3400 2774 opitulatorem
3454 2703 3545 2758 tibi

327 2785 464 2843 Εἶτα
496 2791 590 2845 καὶ
619 2791 717 2860 τὴν
766 2791 1073 2845 πανοπλίαν
1100 2790 1195 2844 τοῦ
1236 2792 1550 2862 πνεύματος
1581 2792 1906 2862 περιὸαλλό-

1987 2794 2301 2863 adjungens.
2331 2795 2419 2850 Sic
2440 2796 2580 2849 enim
2613 2796 2711 2849 hoc
2734 2798 3095 2864 consequeris,
3126 2806 3185 2851 ut
3204 2813 3331 2867 opes
3361 2797 3424 2851 ad
3451 2810 3545 2863 op-

327 2895 512 2945 μενος,
538 2880 632 2933 καὶ
650 2882 748 2951 τὴν
773 2881 872 2949 μὲν
896 2881 1066 2949 ὀσφὺν
1096 2883 1153 2935 ἐν
1176 2880 1407 2952 ἀληθείᾳ
1433 2881 1903 2953 περιζωσάμενος,

1990 2890 2113 2938 tima
2147 2900 2367 2953 quaeque
2415 2885 2507 2939 tibi
2562 2886 2870 2954 adiumento
2916 2888 3044 2941 sint.
3076 2889 3150 2942 Ac
3184 2887 3398 2951 deinde,
3426 2901 3545 2940 cum

324 2970 683 3041 ἐνδυσάμενος
706 2973 761 3028 δὲ
791 2974 884 3029 καὶ
914 2974 1003 3028 τὸν
1035 2977 1134 3046 τῆς
1162 2973 1506 3045 δικαιοσύνης
1539 2974 1785 3047 θώρακα,
1810 2993 1909 3030 πε-

1990 2976 2216 3040 Spiritus
2243 2986 2562 3031 armaturam
2592 2981 2894 3046 acceperis,
2927 2992 2977 3034 et
3012 2981 3218 3033 lumbos
3248 2982 3297 3033 in
3325 2979 3547 3033 veritate

330 3064 618 3135 ριθέμενός
649 3082 708 3119 τε
742 3069 837 3119 καὶ
870 3067 970 3137 τὴν
1001 3066 1437 3138 περικεφαλαίαν
1475 3066 1569 3121 τοῦ
1597 3068 1867 3139 σωτηρίου
1887 3108 1903 3134 ,

1989 3068 2337 3125 surcinxeris.
2365 3082 2426 3121 ac
2460 3069 2680 3135 justitize
2736 3070 2949 3125 loricam
2993 3072 3249 3135 indueris,
3280 3079 3335 3124 et
3363 3069 3548 3124 salutis

334 3155 431 3207 καὶ
456 3154 580 3217 τοὺς
613 3155 779 3218 πόδας
802 3158 860 3213 ὲν
884 3158 1172 3228 ἑτοιμασίᾳ
1195 3157 1290 3211 τοῦ
1322 3157 1661 3227 Εὑαγγελίου
1692 3161 1791 3230 τῆς
1829 3161 1907 3213 εί-

1951 3156 2198 3254 3'galeam
2228 3158 2385 3225 capiti
2419 3167 2508 3213 tuo
2553 3159 2899 3226 imposueris,
2927 3168 2979 3211 et
3010 3159 3169 3226 pedes
3199 3160 3249 3213 in
3282 3156 3547 3224 Evangelii

330 3247 505 3316 ρήνης
557 3245 968 3316 ὑποδησάμενος
991 3288 1006 3313 ,
1055 3247 1194 3318 μετὰ
1220 3248 1411 3319 χεῖράς
1440 3265 1498 3301 τε
1538 3248 1631 3301 τὸν
1670 3249 1772 3319 τῆς
1815 3248 1899 3307 πί·

1954 3245 2135 3311 ’pacts
2185 3248 2623 3313 praeparationem
2671 3247 2943 3307 calcearis.
2970 3246 3198 3315 fideique
3245 3257 3453 3301 scutum
3487 3255 3550 3295 ac

333 3355 507 3402 στεως
541 3338 825 3392 ἀναλαὰὶιν
842 3338 1056 3408 θυρεὸν,
1088 3342 1181 3393 καὶ
1209 3342 1307 3413 τὴν
1331 3340 1425 3394 τοῦ
1456 3342 1763 3413 πνεύματος
1802 3344 1903 3413 μά-

1989 3344 2217 3414 Spiritus
2264 3343 2517 3413 gladium,
2544 3337 2681 3408 quod
2725 3348 2806 3389 est
2860 3334 3081 3387 verbum
3135 3330 3268 3389 Dei,
3298 3331 3551 3376 manibus

330 3446 557 3500 χαιραν,
578 3429 614 3499 ἦ
646 3430 763 3482 ἐστι
796 3430 866 3499 ρῆ
880 3448 957 3499 μα
986 3430 1121 3483 Θεοῦ
1142 3431 1282 3501 (88),
1324 3433 1419 3484 καὶ
1442 3433 1705 3486 πάντοθεν
1746 3434 1900 3503 161

1994 3434 2283 3504 sumpseris
2312 3431 2524 3503 (Ephes.
2557 3433 2660 3497 vr),
2690 3439 2848 3496 atque
2877 3424 3111 3493 undique
3137 3429 3190 3475 te
3213 3417 3552 3488 prastantis-

329 3518 534 3589 ἄριστα
578 3518 968 3583 καθοπλισθεὶς
1026 3522 1121 3573 καὶ
1186 3522 1664 3594 περιφραξάμενος
1698 3564 1713 3587 ,
1762 3523 1908 3575 οὑτω

1992 3526 2139 3581 simis
2160 3526 2323 3579 armis
2344 3524 2660 3577 instruxeris
2700 3535 2762 3572 ac
2793 3516 3114 3581 muniveris,
3137 3514 3209 3567 ita
3239 3514 3454 3567 demum
3493 3506 3558 3561 ιι-

332 3609 612 3673 πεποιθὼς
643 3610 780 3683 πρὸς
810 3611 903 3665 τὸν
934 3612 1079 3665 κατὰ
1107 3612 1207 3681 τῆς
1244 3613 1500 3677 ἀσεϐείας
1539 3615 1719 3681 ἔξελθε
1751 3615 1911 3669 πόλε-

1992 3616 2136 3672 denti
2166 3616 2346 3669 animo
2372 3614 2436 3667 ad
2460 3612 2654 3666 bellum
2678 3625 2796 3664 cum
2826 3608 3100 3676 impietate
3116 3600 3554 3659 committendum

334 3718 459 3771 μον,
477 3701 552 3765 ὡς
582 3702 669 3769 ἂν,
692 3702 896 3774 ταύτην
916 3705 1341 3775 τροπωσάμενος
1356 3705 1452 3759 καὶ
1472 3705 1564 3759 τὸν
1603 3708 1773 3778 αὑτῆς
1811 3708 1911 3778 ἀρ-

1992 3705 2339 3777 egredere,ut
2364 3718 2425 3756 ea
2449 3703 2498 3754 in
2525 3702 2699 3770 fugam
2729 3711 2903 3762 versa,
2925 3704 3082 3763 atque
3110 3692 3274 3761 ipsius
3293 3691 3428 3743 duce
3442 3687 3560 3741 dia-

288 3854 292 3857 _
334 3793 509 3864 χηγδν
548 3793 796 3848 διάϐολον
832 3796 911 3858 εἱς
944 3795 1048 3865 γῆν
1075 3796 1428 3868 καταρράξας
1448 3838 1462 3862 ,
1488 3800 1611 3861 τοῖς
1630 3799 1729 3869 τῆς
1752 3798 1877 3870 νίκη

1993 3795 2118 3850 bol'o
2146 3795 2197 3848 in
2250 3804 2445 3847 terram
2503 3791 2678 3853 alliso,
2709 3804 2736 3842 a
2760 3789 2947 3842 dextra
2990 3784 3198 3838 Domini
3230 3796 3387 3834 manu
3437 3791 3560 3846 quae

338 3886 629 3953 στεφάνοις
670 3886 994 3958 κοσμηθήσῃ
1026 3889 1090 3940 ἐκ
1121 3889 1220 3959 τῆς
1266 3887 1579 3962 ζωαρχικῆς
1610 3892 1790 3958 δεξιᾶς
1814 3892 1910 3946 τοῦ

1994 3885 2117 3939 vitae
2166 3882 2480 3953 principium
2535 3881 2709 3955 aﬂ‘ert.
2740 3877 3014 3932 victricem
3060 3886 3311 3929 coronam
3365 3879 3560 3922 conse-

333 3978 632 4033 Δεσπότου.

601 3995 632 4033 ›.
1994 3976 2197 4046 quaris.

409 4072 567 4125 ΚΕΦ.
604 4071 703 4125 ΙΘ’.
747 4071 871 4134 Τοῖς
910 4071 1173 4135 τοιούτοις
1214 4069 1307 4126 οὖν
1340 4074 1573 4145 δόγμασι
1610 4077 1703 4129 καὶ
1733 4077 1910 4145 λόγοις

2063 4085 2192 4138 CAP.
2216 4082 2431 4137 XlX.—-
2455 4079 2587 4136 Cum
2618 4079 2860 4133 Barlaam
2887 4071 3188 4145 hojusmodi
3226 4067 3484 4124 doctrinis
3504 4081 3566 4120 ac

338 4163 632 4231 σωτηρίοις
666 4163 981 4233 κατηχήσας
1024 4162 1053 4214 ὁ
1101 4164 1370 4234 Βαρλαὰμ
1397 4165 1488 4216 τὸν
1518 4164 1613 4218 τοῦ
1648 4166 1912 4235 βασιλέως

1996 4173 2283 4228 salutiferis
2306 4171 2641 4226 sermonibus
2691 4169 2830 4239 regis
2860 4166 3028 4219 filium
3078 4163 3381 4222 imbuisset,
3408 4169 3567 4227 atque

335 4254 456 4305 υἱὸν
486 4254 581 4306 καὶ
630 4254 767 4323 πρὸς
812 4253 873 4306 τὸ
929 4253 1071 4307 θεῖον
1103 4255 1388 4325 βάπτισμα
1423 4257 1785 4327 εὐτρεπίσας,
1815 4276 1913 4328 νη-

1999 4265 2063 4317 ad
2086 4263 2323 4318 divinum
2354 4262 2676 4330 baptismum
2732 4258 3105 4326 prmparzisset,
3139 4253 3324 4320 eique,
3357 4259 3414 4303 ut
3438 4262 3570 4302 eon-

338 4343 553 4400 στεύειν
578 4361 637 4397 τε
667 4348 761 4399 καὶ
793 4343 1048 4415 εὔχεσθαι
1079 4347 1477 4416 ἐντειλάμενος,
1510 4348 1649 4404 κατὰ
1677 4350 1739 4402 τὸ
1769 4349 1910 4417 ἔθος,

2000 4354 2224 4409 suetudo
2275 4353 2397 4416 fert,
2429 4351 2495 4404 ad
2552 4351 2757 4417 aliquot
2812 4347 2927 4402 dies
2952 4345 3200 4415 ieiunare
3222 4357 3284 4397 ac
3323 4340 3569 4410 precibus

335 4436 423 4505 ἐφ’
465 4434 659 4498 ἱκανὰς
698 4435 934 4505 ἡμέρας,
971 4437 1034 4489 ού
1084 4436 1291 4490 διέλιπε
1329 4437 1612 4508 συχνάζων
1649 4441 1784 4510 πρὸς
1816 4443 1915 4496 αὑ-

2006 4444 2314 4500 incumbere
2374 4437 2848 4510 praecepisset,ad
2902 4450 3025 4490 eum
3076 4434 3263 4487 crebro
3312 4434 3572 4493 ventitare

335 4531 451 4592 τὸν,
492 4530 584 4581 καὶ
636 4530 817 4582 πᾶσαν
863 4528 1200 4600 δογματικὴν
1256 4533 1440 4601 φωνὴν
1485 4531 1586 4602 τῆς
1627 4532 1910 4604 ὀρθοδόξου

1977 4555 2107 4608 ιιιοιι
2157 4533 2466 4598 desinebat,
2506 4542 2665 4600 atque
2719 4528 2899 4583 omnia
2951 4526 3266 4582 orthodoxae
3308 4523 3429 4577 lldei
3476 4522 3573 4576 do-

336 4621 580 4685 πίστεως
611 4621 942 4677 ἐκδιδάσκων
972 4622 1151 4675 καὶτὸ
1184 4623 1326 4676 θεῖον
1358 4622 1692 4694 Εὑαγγέλιον
1716 4626 1918 4694 ὑπαγο⁶

2005 4640 2182 4699 gmata
2237 4625 2337 4694 ipsi
2396 4623 2656 4686 tradebat,
2704 4621 3050 4688 divinumque
3098 4616 3443 4686 Evangelium
3473 4629 3567 4669 ex-

343 4711 520 4783 ρεύων
563 4712 743 4782 αύτῷ,
780 4713 917 4782 πρὸς
964 4713 1021 4767 δὲ
1068 4716 1160 4768 καὶ
1202 4719 1301 4779 τὰς
1324 4718 1917 4789 ἀποστολικὰςπαραι-

2007 4721 2256 4790 ponebat,
2288 4734 2350 4774 ac
2398 4727 2655 4785 praeterea
2713 4713 3035 4783 apostolicas
3097 4710 3496 4763 cohortationes
3521 4716 3576 4761 et

342 4804 520 4869 νέσεις
554 4806 649 4857 καὶ
674 4806 771 4867 τὰς
812 4807 1159 4875 προφητικὰς
1188 4808 1377 4877 ῥήσεις
1407 4810 1765 4879 ἑρμηνεύων·
1797 4810 1917 4863 θεο-

2007 4813 2389 4881 prophetarum
2423 4809 2534 4861 loca
2563 4807 2675 4873 ipsa
2698 4805 3036 4873 explanabat.
3069 4800 3201 4854 Nam
3226 4814 3345 4852 cum
3368 4798 3448 4851 vir
3488 4796 3580 4850 ille

340 4897 590 4961 δίδακτος
627 4897 735 4969 γὰρ
774 4898 849 4950 ὢν
882 4899 910 4950 ὁ
954 4898 1094 4969 ἀνὴρ
1145 4902 1327 4953 πᾶσαν
1374 4902 1467 4953 ἐπὶ
1500 4903 1765 4974 στόματος
1810 4905 1919 4955 Πα-

2010 4902 2263 4956 divinitus
2296 4897 2485 4951 tradita
2518 4894 2755 4947 doctrina
2791 4893 3030 4960 polleret,
3070 4903 3285 4943 omnem
3306 4897 3409 4941 tam
3432 4893 3580 4942 vete-

342 4988 500 5043 λαιάν
542 5006 601 5041 τε
635 4990 729 5041 καί⁸
754 4988 992 5057 ’Καινὴν
1021 4990 1242 5059 Γραφὴν
1293 4990 1476 5062 ἔφερε,
1526 4994 1642 5057 καὶ,
1676 4992 1755 5063 τῷ
1789 4992 1917 5061 θείῳ

2013 4996 2086 5047 ris
2111 5007 2268 5061 quam
2302 4987 2426 5044 novi
2456 4986 2784 5043 Testameuti
2815 4985 3130 5051 scripturam
3158 4980 3465 5034 memoriter
3495 4992 3584 5031 re-

344 5081 667 5150 κινούμενος
714 5080 1026 5150 Πνεύματι,
1086 5082 1349 5149 ἐφώτισεν
1408 5082 1572 5136 αὑτὸν
1633 5085 1770 5154 πρὸς
1819 5084 1917 5153 τὴν

2010 5090 2226 5141 citabat.
2269 5081 2508 5150 Ctmtque
2548 5079 2727 5133 divino
2770 5076 2973 5141 Spiritu
3023 5074 3276 5127 incitatus
3326 5069 3576 5133 ferretur,

344 5172 522 5242 ἀληθῆ
564 5171 914 5241 θεογνωσίαν.
969 5171 1060 5223 Ἐν
1110 5174 1246 5244 αὑτῇ
1272 5173 1329 5225 δὲ
1367 5176 1431 5244 τῇ
1482 5174 1666 5249 ἡμέρᾳ
1699 5176 1786 5228 ὅτε
1819 5174 1916 5246 βα-

2012 5181 2402 5232 adolescentem
2436 5186 2576 5228 verte
2606 5171 2694 5223 Dei
2730 5168 2926 5223 notitire
2967 5167 3086 5220 luce
3115 5163 3467 5219 collustravit.
3502 5160 3582 5215 Eo

346 5263 641 5332 πτισθῆναι
688 5262 915 5332 ἔμελλε,
956 5262 1224 5317 διδάσκων
1282 5264 1469 5328 αὑτὸν,
1515 5266 1732 5334 ἔλεγεν·
1784 5268 1916 5320 Ἰδοὺ

2012 5280 2188 5323 autem
2220 5267 2304 5321 die
2333 5282 2436 5334 quo
2464 5261 2814 5330 baptizandus
2867 5268 3005 5320 erat,
3031 5257 3256 5309 docendi
3288 5270 3444 5309 causa
3497 5254 3581 5307 bis

347 5357 448 5425 τὴν
486 5357 579 5409 τοῦ
626 5355 864 5424 Χριστοῦ
903 5356 1101 5429 ἐπείγῃ
1152 5357 1336 5410 λαϐεῖν
1372 5359 1669 5428 σφραγῖδα,
1714 5359 1808 5413 καὶ
1839 5359 1917 5430 τῷ

2013 5360 2078 5413 ad
2127 5372 2248 5411 eum
2294 5354 2470 5409 verbis
2523 5349 2897 5406 utebatur:En
2936 5346 3137 5404 Christi
3184 5344 3584 5421 sigitlmnacci-

419 5508 530 5585 (8_8)
565 5510 732 5585 _Epi_sl.
753 5510 1063 5585 adAEplAie‘s.
1096 5512 1292 5585 vr,qi3r,
1321 5527 1462 5585 squ:
1500 5512 1820 5585 Ἀναλάὸετε
1845 5515 1955 5585 τὴν
1984 5532 2015 5567 π

2000 5512 2286 5585 πανοπλίαν
2310 5510 2635 5585 τοῦμθεοῦ...
2670 5507 2966 5585 στῇτελοῦν
3007 5507 3449 5585 περιζωσάμενοι
3490 5510 3596 5585 τὴν

347 5579 524 5655 δσφὺν
556 5580 710 5655 ὑμῶν
735 5581 1089 5655 ἐνίᾴληθεία,
1119 5583 1221 5655 καί
1254 5579 1606 5655 ἐνδυσάμενοι
1652 5586 1742 5636 τὸν
1790 5579 2017 5655 θώρακα
2059 5584 2160 5654 τῆς
2192 5581 2569 5655 δικαιοσύνης,Δ
2600 5582 2702 5655 καὶ
2731 5579 3135 5655 ὑποδησάμενοι
3176 5580 3312 5655 Δτους
3339 5580 3504 5644 πόδας
3534 5579 3592 5655 ἐν

347 5649 639 5724 ἑτοιμασίᾳ
668 5650 763 5724 τού
789 5648 1125 5724 ίὲὑαγγελίου
1161 5654 1260 5722 τῆς
1290 5648 1533 5724 εἰρήνης,
1562 5655 1655 5706 ἐπὶ
1699 5648 1883 5708 πᾶσιν
1904 5648 2264 5717 ἀναλαὸὄντες
2291 5654 2380 5708 τὸν
2421 5648 2615 5724 θυρεὸν
2639 5650 2741 5724 τῆς
2766 5648 3023 5724 πίστεως,
3063 5648 3205 5724 Ιιιλᾼ
3231 5648 3595 5724 glossalonad

349 5717 764 5796 πανοπλίαν-τὸ
794 5717 1018 5796 ἱμάτιον⁸
1038 5722 1146 5796 τῷν
1175 5717 1425 5796 μοναχῶν
1454 5717 1478 5752 ·’
1499 5726 1564 5796 ad
1591 5725 2038 5796 περιζωσάμενος
2061 5741 2075 5755 ⁸
2104 5724 2195 5777 τὸν
2234 5723 2407 5795 λῶρον
2425 5739 2453 5796 μ’
2480 5717 2555 5796 ad
2588 5717 2813 5796 θώρακα
2839 5737 2851 5750 ·
2888 5720 2977 5796 τδν
3017 5717 3391 5796 μαᾳνδύανιᾲί.
3427 5728 3466 5773 ι.
3506 5717 3597 5785 Ill,

352 5804 405 5858 ῃ.
442 5788 566 5859 157)
595 5807 609 5844 :
637 5792 704 5846 ad
730 5788 1200 5862 περικεφαλαίαπθό
1235 5792 1294 5845 τὸ
1314 5788 1634 5846 ’κουκούλιον
1665 5788 1681 5824 ³
1718 5798 1783 5848 ad
1811 5788 2242 5865 ὑποδησάμενος·
2279 5788 2348 5847 τά
2375 5792 2610 5847 σάνδαλα
2636 5808 2649 5822 ⁸
2671 5788 2752 5845 ad
2787 5789 2977 5859 θυρεόν
3003 5788 3027 5819 ’⁷
3049 5790 3140 5842 τὸν
3167 5788 3457 5844 ἀνάλαὸυν.
