4042 6416
524 354 658 417 1027

1970 358 2346 421 ADDENDA.

3666 365 3790 426 102%

534 494 680 546 pere.
700 485 863 545 atque
883 474 1145 530 Dominiei
1172 475 1350 532 vultus
1380 478 1584 534 lumine
1606 478 1917 550 consignari
1940 481 2087 550 (Ρδηί

2208 474 2350 541 φωτὶ
2397 476 2776 546 σημειωθῆναι
2807 477 2901 531 τοῦ
2939 478 3237 551 προσώπου
3265 480 3475 550 Κυρίου
3517 480 3654 553 (89).
3685 485 3788 537 Καὶ

530 568 849 638 lv),Deique
872 567 1062 631 Filius,
1095 583 1158 623 ac
1190 570 1386 623 vivilici
1423 569 1663 639 Spiritus
1687 575 1944 643 templum
1974 576 2090 629 eﬂie

2204 565 2318 628 υἱὸς
2351 568 2450 635 μὲν
2478 568 2603 639 γίνῃ
2636 568 2796 633 Θεοῦ,
2839 570 2966 635 ναὸς
2993 571 3051 623 δέ
3086 570 3183 624 τοῦ
3211 573 3369 640 ἁγίου
3400 574 3495 627 καὶ
3526 574 3783 637 ζωοποιοῦ

530 676 814 731 properas.
843 659 1112 727 Quocirca
1143 663 1196 716 in
1232 662 1446 716 Patrem
1479 674 1530 718 et
1551 663 1745 719 Filium
1764 676 1817 720 ct
1844 667 2105 738 Spiritum

527 764 778 808 sanctum
809 756 991 818 crede,
1006 764 1274 820 sanctam,
1298 757 1540 826 inquam,
1556 773 1621 811 ex
1640 774 1746 828 qua
1767 761 1877 813 vita
1896 763 2104 816 initium

524 844 705 908 duxit,
727 845 1073 909 Trinitatem,
1096 862 1220 916 qua:
1238 848 1291 900 in
1308 848 1485 901 tribus
1502 850 1756 917 personis
1776 859 1828 904 ct
1849 868 1951 905 una
1971 853 2106 906 divi-

523 936 694 989 nitate
715 938 1042 1003 celebratur,
1057 954 1141 1002 ac,
1157 950 1420 1009 quantum
1440 943 1661 1013 quidem
1687 944 1750 996 ad
1773 959 2034 1011 personas
2050 953 2103 1000 et

522 1026 840 1093 personalcs
850 1029 1212 1097 proprietates
1224 1032 1433 1096 attinet,
1448 1035 1704 1088 distincta
1718 1041 1818 1099 est,
1833 1046 2100 1102 quan;qu

525 1128 703 1174 autem
756 1119 823 1173 ad
860 1123 1183 1186 essentiam,
1216 1122 1502 1190 conjuncta
1533 1134 1587 1177 et
1610 1127 1852 1193 capulata
1884 1143 1895 1176 :
1930 1141 2091 1179 unum

528 1208 689 1261 Deum
715 1209 1005 1279 ingenitum
1033 1226 1347 1281 agnoscens,
1373 1222 1531 1282 atque
1554 1230 1713 1267 unum
1747 1214 1938 1269 Filium
1976 1217 2091 1270 uni-

524 1299 778 1367 genitum,
814 1300 1091 1356 Dominum
1121 1314 1358 1358 nostrum
1381 1304 1558 1359 Jesum
1590 1305 1880 1373 Christum,
1912 1309 2089 1365 lumen

523 1396 590 1448 de
636 1395 851 1458 lumine,
884 1396 1045 1450 Deum
1074 1414 1257 1452 verum
1305 1399 1372 1452 de
1401 1402 1505 1455 Deo
1533 1416 1678 1464 vero,
1701 1404 1935 1469 genitum
1969 1413 2091 1458 ante

523 1487 699 1538 omnia
729 1487 944 1541 szeeula.
977 1489 1212 1556 (Etenim
1243 1506 1305 1544 ex
1336 1490 1476 1545 bmo
1509 1493 1664 1545 Patre
1716 1492 1886 1546 bonus
1919 1493 2091 1549 Filius

525 1574 732 1642 genitus
760 1585 862 1639 est,
892 1586 945 1630 et
966 1593 1030 1631 ex
1057 1579 1326 1647 unigenito
1358 1579 1560 1635 lumine
1591 1584 1980 1648 sempiternum
2007 1586 2089 1640 lu-

535 1680 657 1719 men
699 1667 914 1731 ell'ulsit,
943 1676 997 1722 et
1043 1684 1104 1722 ex
1133 1684 1253 1722 vera
1293 1671 1399 1724 vita
1456 1671 1696 1727 vivilicus
1726 1675 1842 1729 fons
1870 1677 2089 1746 prodiit,

527 1766 577 1807 et
598 1772 660 1809 ex
683 1757 906 1825 ipsamet
936 1760 1185 1826 putentia,
1221 1760 1332 1815 Filii
1365 1766 1595 1830 potentia
1623 1769 1860 1833 emicuit,
1886 1770 1975 1839 qui
2010 1781 2093 1825 est

2204 656 2546 726 Πνεῦματος.
2564 661 2791 714 Πίστευε
2807 662 2917 734 (90)
2943 664 3122 717 τοίνυν
3149 667 3227 729 είς
3248 668 3491 739 Πατέρα,
3516 672 3614 722 καὶ
3643 671 3783 737 Υἰὸν,

2200 750 2295 801 καὶ
2325 750 2481 817 ἅγιον
2505 751 2752 822 Πνεῦμα,
2790 755 2889 826 τὴν
2916 757 3079 824 ἁγίαν
3112 759 3207 812 καὶ
3232 760 3555 832 ζωαρχικὴν
3583 763 3780 833 Τριάδα

2200 843 2257 893 ἐν
2288 842 2471 913 τρισὶν
2506 844 2842 899 ὑποστάσεσι
2883 849 3039 920 162
3071 852 3165 903 καὶ
3198 854 3295 922 μιᾷ
3324 853 3548 922 θεότητι
3571 854 3782 921 δοξαζοο

2202 933 2393 1004 μένην,
2423 935 2701 1008 διαιρετὴν
2734 940 2834 1010 μὲν
2863 945 2984 1005 ταῖς
3015 943 3350 997 ὑποστάσεσι
3380 948 3479 998 καὶ
3505 950 3630 1001 ταῖς
3660 950 3783 1001 ὑπε-

2201 1031 2483 1092 στατικαῖς
2538 1029 2816 1102 ἰδιότησιν,
2866 1035 3157 1106 ἡνωμένην
3211 1036 3268 1089 δὲ.
3322 1040 3389 1108 τῇ
3434 1039 3639 1118 οὐσίας
3694 1042 3784 1093 ἕνα

2203 1119 2301 1189 μὲν
2332 1120 2622 1189 γινώσκων
2666 1124 2797 1178 Θεὸν
2847 1127 3162 1198 ἀγέννητον,
3197 1130 3287 1183 τὸν
3312 1131 3561 1202 Πατέρα,
3608 1133 3703 1186 ἕνα
3730 1135 3781 1187 δὲ

2198 1213 2460 1283 γεννητὸν
2515 1215 2742 1285 Κύριον,
2794 1218 2886 1272 τὸν
2942 1219 3090 1287 Υἱὸν,
3128 1221 3243 1290 φῶς
3291 1224 3354 1276 ἐκ
3409 1224 3623 1293 φωτὸς’,
3658 1226 3782 1278 Θεὸν

2199 1303 2453 1374 ἀληθινὸν
2487 1309 2552 1360 ἐκ
2581 1308 2715 1362 Θεοῦ
2744 1309 3037 1382 ἀληθινοῦ,
3065 1314 3396 1384 γεννηθέντα
3416 1316 3527 1387 πρὸ
3568 1318 3780 1372 πάντων

2198 1397 2307 1450 τῶν
2338 1397 2551 1452 αἰώνων
2585 1401 2730 1470 (91)·
2766 1403 2973 1470 ἀγαθοῦ
3002 1406 3112 1476 γὰρ
3140 1406 3351 1478 Πατρὸς
3391 1408 3602 1476 ἀγαθὸς
3636 1411 3779 1477 ἐγενο

2199 1486 2335 1556 νήθη
2363 1488 2511 1554 Υἱὸς,
2544 1492 2722 1559 φωτὸς
2750 1492 2807 1545 δὲ
2829 1493 2920 1546 τοῦ
2946 1478 3245 1565 ἀγεννήτου
3278 1496 3393 1565 φῶς
3420 1497 3697 1568 ἐξέλαμψε
3724 1502 3780 1553 τὸ

2197 1580 2390 1646 ἀΐδιον,
2436 1584 2532 1637 καὶ
2569 1585 2634 1638 ἐκ
2662 1585 2763 1655 τῆς
2798 1586 2965 1651 ὅντως
2996 1589 3140 1659 ζωῆς
3183 1591 3216 1659 ἡ
3251 1589 3516 1655 ζωοποιὸς
3543 1593 3777 1661 προῆλθε

2199 1675 2375 1745 πηγὴ,
2396 1676 2491 1729 καὶ
2522 1679 2587 1730 ἐκ
2624 1677 2725 1746 τῆς
2756 1678 3179 1751 αὑτοδυνάμεως
3206 1683 3238 1751 ἡ
3271 1682 3367 1737 τοῦ
3393 1684 3525 1736 Υἱοῦ
3557 1685 3777 1755 δύναμις

2197 1766 2435 1837 ἐξεφάνη
2458 1807 2473 1832 ,
2505 1768 2563 1832 ὃς
2598 1771 2749 1823 ἐστιν
2800 1772 3147 1842 ἀπαύγασμα
3190 1774 3289 1844 τῆς
3338 1774 3500 1847 δόξης
3537 1776 3653 1847 (9Ξ)
3689 1780 3777 1832 καὶ

531 1848 782 1911 Splendor
809 1848 989 1916 gloria:
1020 1847 1200 1921 [Ηεὸν.
1224 1850 1284 1925 ι],
1303 1863 1357 1906 et
1376 1854 1601 1909 Verbum
1621 1873 1747 1913 vere
1772 1837 2091 1927 Subsistens,

2198 1859 2371 1926 Λόγος
2395 1860 2781 1927 ἐνυπόστατος,
2814 1864 2872 1916 ἐν
2911 1837 3052 1934 ἀρχῇ
3072 1837 3165 1916 ’ὢν
3210 1837 3343 1936 πρὸς
3496 1837 3646 1922 Θεὸν,
3672 1870 3776 1939 (93)

531 1936 620 2002 qui
671 1937 722 1991 in
779 1939 1035 2007 principio
1062 1952 1197 2007 erat,
1224 1956 1278 1997 et
1319 1946 1456 2014 apud
1482 1980 1487 1989 -
1509 1948 1671 2003 Deum
1702 1962 1841 2018 erat,
1870 1961 1924 2006 et
1954 1954 2093 2009 Deus

527 2040 640 2084 erat
683 2027 865 2105 [Joan.
893 2031 952 2104 t],
979 2036 1221 2103 principii
1252 2053 1445 2108 expers
1492 2051 1545 2097 et
1590 2046 1974 2112 sempiternus;
2002 2064 2094 2115 per

528 2137 685 2189 quem
718 2124 893 2178 omnia
925 2124 1059 2179 facta
1077 2135 1224 2192 sunt,
1252 2140 1356 2184 tam
1410 2148 1528 2197 qua:
1584 2135 1755 2189 oculis
1803 2148 2095 2193 cernuntur

526 2228 683 2279 quam
714 2230 831 2283 qua:
863 2217 1008 2270 cerni
1041 2222 1354 2291 nequeunt.)
1398 2222 1461 2276 Et
1492 2240 1651 2305 unum
1686 2226 1938 2295 Spiritum
1968 2244 2091 2284 sano

527 2308 693 2366 ctum,
721 2315 785 2355 ex
817 2301 970 2357 Patre
998 2306 1393 2373 procedentem,
1425 2301 1741 2380 agnoscens,
1776 2314 1939 2368 Deum
1973 2332 2092 2386 per-

531 2393 750 2461 fectum,
774 2405 827 2448 et
852 2396 1011 2449 vitam
1043 2395 1372 2463 aﬂ'crentem,
1396 2415 1458 2453 ac
1484 2403 1818 2457 sanctitatem
1848 2407 2095 2474 praeben-

530 2493 675 2552 tem,
715 2484 898 2540 eadem
949 2488 1219 2542 voluntate
1267 2492 1544 2558 przcditum
1580 2533 1594 2555 ,
1648 2497 2090 2566 omnipotentem,

529 2575 771 2628 eamdem
826 2578 1177 2633 aeternitatem
1210 2579 1515 2648 habentem,
1547 2598 1671 2638 vere
1692 2587 2088 2653 subsistentem.

526 2665 605 2716 Ad
633 2664 771 2719 hunc
792 2666 949 2735 igitur
976 2671 1190 2723 modum
1224 2670 1431 2727 Patrem
1458 2682 1514 2727 et
1541 2673 1729 2730 Fiiium
1760 2686 1813 2731 et
1837 2681 2089 2750 Spiritum

528 2768 769 2812 sanctum
801 2759 985 2827 adora,
1015 2762 1067 2816 in
1092 2763 1259 2818 tribus
1280 2767 1522 2834 personis
1545 2784 1639 2823 seu
1655 2773 2085 2840 proprietatibus,

533 2858 690 2915 atque
730 2846 784 2902 in
834 2865 937 2904 una
960 2852 1257 2907 divinitate.
1287 2856 1592 2913 Communis
1634 2862 1775 2915 enim
1808 2864 1889 2918 his
1920 2868 2089 2921 tribus

528 2946 611 2991 est
638 2938 906 3004 divinitas,
932 2952 1088 3010 atque
1111 2960 1213 2997 una
1236 2945 1468 3012 ipsorum
1502 2960 1688 3005 natura
1717 2964 1817 3019 est,
1842 2972 1943 3012 una
1966 2959 2094 3013 sub-

527 3029 743 3091 stantia,
776 3044 876 3083 uua
931 3032 1095 3101 gloria
1118 3071 1133 3095 ,
1165 3048 1327 3088 unum
1381 3054 1599 3107 regnum
1627 3083 1643 3108 ,
1672 3061 1774 3099 una
1831 3056 2089 3117 potentia,

2198 1950 2293 2003 καὶ
2336 1950 2470 2015 Θεὸς
2517 1952 2755 2025 ἄναρχός
2795 1972 2855 2008 τε
2907 1957 3002 2010 καὶ
3046 1957 3253 2021 ἀΐδιος·
3303 1959 3370 2013 δι’
3407 1955 3468 2014 οὗ
3501 1962 3571 2014 τὰ
3607 1964 3777 2017 πάντα

2198 2041 2417 2109 ἐγένετο
2452 2043 2524 2097 τὰ
2548 2043 2723 2115 ὁρατά
2760 2046 2854 2100 καὶ
2883 2048 2950 2102 τὰ
2980 2049 3189 2120 ἀόρατα
3226 2050 3336 2122 (94)
3359 2069 3373 2082 ·
3406 2054 3503 2106 καὶ
3540 2053 3601 2106 ἓν
3632 2055 3777 2120 εἰδὼς

2200 2133 2627 2205 Πνεῦμαιᾶγιον,
2654 2139 2715 2192 τὸ
2741 2142 2805 2193 ἐκ
2830 2141 2925 2194 τοῦ
2953 2143 3165 2215 Πατρὸς
3182 2146 3625 2218 ἐκπορευόμενον
3647 2150 3775 2219 (95),

2198 2224 2333 2281 Θεὸν
2360 2218 2601 2293 τέλειον,
2626 2233 2721 2285 καὶ
2744 2232 3027 2300 ζωοποιὸν,
3060 2237 3156 2289 καὶ
3201 2238 3479 2309 ἀγιασμοῦ
3514 2258 3777 2311 παρεκτι-

2202 2318 2319 2386 κὸν,
2377 2321 2735 2390 ταυτοθελές,
2786 2327 3215 2397 ταυτοδύναμον,
3250 2332 3545 2395 συναῖδιον,
3592 2335 3778 2387 ἐνυπό-

2198 2426 2415 2465 στατον.
2461 2412 2651 2479 Οὕτως
2680 2416 2775 2470 οῦν
2815 2420 3115 2489 προσκύνει
3162 2422 3253 2475 τὸν
3297 2423 3524 2493 Πατέρα
3563 2426 3777 2479 καὶτὸν

2195 2502 2325 2557 Υίὸν
2358 2504 2542 2560 καὶτὸ
2585 2507 2743 2576 ἅγιον
2790 2510 3017 2581 Πνεῦμα
3060 2515 3119 2565 ἐν
3162 2515 3342 2585 τρισὶν
3388 2516 3773 2578 ὑποστάσεσιν,

2195 2596 2377 2652 είτουν
2428 2600 2680 2671 ἰδιότησι,
2719 2602 2815 2656 καὶ
2858 2602 3073 2675 θεότητι
3124 2608 3261 2676 μιᾷ·
3297 2608 3475 2661 κοινὸν
3522 2610 3628 2677 μὲν
3673 2611 3775 2679 γὰρ

2197 2690 2303 2742 τῶν
2351 2692 2521 2762 τριῶν
2559 2695 2591 2762 ἠ
2645 2693 2859 2765 θεότης,
2896 2695 2992 2749 καὶ
3028 2696 3127 2767 μία
3160 2698 3339 2753 αὐτῶν
3372 2700 3404 2769 ή
3446 2700 3651 2769 φύσις,
3683 2702 3777 2771 μία

2194 2781 2384 2849 οὐσία,
2431 2784 2529 2853 μία
2562 2785 2722 2849 δόξα,
2763 2786 2861 2856 μία
2908 2788 3193 2858 βασιλεία,
3243 2790 3341 2860 μία
3366 2791 3605 2862 δύναμις
3630 2834 3645 2855 ,
3683 2794 3776 2862 μία

2194 2874 2410 2939 ἐξουσία
2432 2892 2445 2905 ·
2478 2876 2657 2929 κοινὸν
2684 2878 2741 2930 δὲ
2769 2877 2880 2949 Υἱῷ
2912 2881 3003 2932 καὶ
3035 2881 3174 2952 ἁγίῳ
3198 2882 3476 2952 Πνεῦματι
3511 2883 3662 2937 τὸέκ
3685 2885 3775 2938 τοῦ

2198 2963 2353 3034 163
2389 2964 2621 3035 Πατρὸς,
2659 2965 2789 3019 [διον
2817 2967 2874 3020 δὲ
2899 2968 2993 3021 τοῦ
3016 2970 3231 3040 Πατρὸς
3260 2971 3361 3041 μὲν
3387 2974 3419 3042 ἡ
3450 2973 3771 3043 ἀγεννησία,

2193 3054 2323 3107 Υίοῦ
2346 3056 2402 3109 δὲ
2433 3058 2464 3127 ἡ
2489 3057 2759 3133 γέννησις,
2785 3060 3100 3130 Πνεύματος
3127 3062 3183 3116 δὲ
3222 3065 3254 3133 ὴ
3284 3065 3614 3136 ἐκπόρευσις
3646 3068 3771 3134 (96).

531 3128 637 3166 una
684 3116 1007 3168 auctoritas.
1053 3118 1360 3175 Commune
1392 3134 1572 3179 autem
1619 3138 1703 3184 est
1758 3130 1895 3187 Filio
1925 3144 1980 3189 et
2011 3116 2238 3206 Spiritui
2287 3116 2512 3208 saneto,
2539 3116 2683 3214 quod
2730 3163 2798 3202 ex
2828 3116 2991 3204 Patre
3020 3161 3185 3207 sunt:
3212 3116 3271 3209 at
3299 3116 3435 3211 vero
3461 3157 3619 3214 Patri
3649 3176 3772 3231 pro-

527 3207 704 3276 prium
758 3214 841 3261 est
895 3207 1194 3279 ingenitum
1248 3230 1412 3281 esse,
1463 3218 1605 3275 Filio
1646 3229 1891 3294 genitum
1941 3246 2097 3297 esse,
2135 3234 2365 3303 Spiritui
2404 3237 2637 3307 denique
2676 3244 3033 3310 processisse.

598 3297 688 3353 Sic
724 3300 891 3369 igitur
917 3301 1031 3357 haec
1056 3304 1217 3360 crede
1245 3325 1258 3361 :
1289 3317 1343 3362 at
1370 3316 1739 3380 generationis
1764 3328 1856 3372 aut
1877 3336 2091 3386 proces-

2274 3310 2431 3364 υῦτω
2482 3315 2583 3383 μὲν
2621 3297 2714 3369 οἶδ-ν
2739 3319 2912 3372 ταῦτα
2956 3322 3179 3376 πίστευε
3201 3340 3216 3355 ·
3244 3328 3585 3383 καταλαϐεῖν
3613 3331 3671 3384 δὲ
3696 3334 3777 3387 τὸν

520 3391 687 3445 sionis
714 3393 929 3447 modum
973 3397 1435 3463 comprehendere
1478 3404 1697 3457 minime
1725 3406 1940 3460 studeas
1969 3409 2093 3479 (ne-

523 3500 629 3553 que
651 3488 792 3541 enim
821 3494 1199 3559 comprehendi
1228 3496 1447 3565 potest),
1482 3514 1665 3554 verum
1694 3502 1902 3570 integro
1933 3511 2096 3565 t-ui'de

521 3588 585 3628 ac
603 3575 719 3631 sine
746 3578 851 3631 ulla
893 3594 1284 3648 supervacanea
1334 3586 1739 3657 investigatione
1766 3592 1896 3648 illud
1949 3606 2091 3669 tene,

524 3665 775 3719 nimirum
802 3668 1013 3724 Patrem
1039 3684 1095 3726 et
1125 3673 1314 3728 Filium
1350 3688 1403 3731 et
1429 3678 1687 3745 Spiritum
1710 3695 1950 3740 sanctum
1975 3665 2089 3743 om;

523 3754 679 3807 nibus
703 3758 876 3810 modis
908 3775 1067 3813 unum
1091 3777 1229 3821 esse.
1253 3776 1481 3835 excepta
1509 3770 1725 3839 ingeniti
1748 3777 2094 3843 proprietate,

522 3850 576 3894 et
600 3846 967 3910 generatione,
994 3860 1047 3902 et
1078 3853 1452 3919 processione;
1502 3856 1739 3922 illudque
1787 3864 1936 3929 item,
1970 3867 2090 3921 uni-

519 3931 757 3998 genitum
812 3935 1001 3990 Filium
1052 3953 1115 3992 ac
1156 3942 1246 3995 Dei
1302 3942 1552 4009 Verbum,
1594 3959 1646 4002 et
1690 3951 1875 4019 Deum,
1905 3956 2090 4011 salutis

523 4032 721 4078 nostra:
768 4040 928 4082 causa
960 4029 1133 4084 Patris
1153 4032 1388 4101 decreto,
1419 4051 1481 4091 ac
1514 4037 1743 4105 Spiritus
1771 4047 1940 4100 sancti
1992 4050 2086 4100 ad-

515 4111 698 4178 juncta
743 4130 924 4185 opera,
956 4119 1008 4173 in
1061 4129 1257 4177 terram
1308 4125 1681 4200 descendisse;
1731 4136 1846 4188 sine
1882 4140 2086 4195 semine

523 4207 577 4260 in
606 4220 805 4265 sanctae
830 4212 1057 4283 Virginis
1083 4231 1144 4271 ac
1170 4218 1258 4272 Dei
1289 4223 1561 4289 genitricis
1597 4225 1776 4282 Mariae
1806 4237 1958 4286 utero
1991 4248 2086 4300 per

525 4297 780 4366 Spiritum
833 4317 1071 4360 sanctum
1102 4323 1440 4378 conceptum,
1472 4329 1534 4367 ac
1559 4317 1674 4371 sine
1708 4320 1811 4372 ulla
1844 4320 1959 4375 labe
1986 4297 2079 4392 ge-

518 4388 708 4454 nitum,
737 4391 1139 4467 perfectumque
1190 4400 1459 4458 hominem
1516 4406 1799 4475 effectum;
1850 4388 2084 4483 illuduue

521 4489 777 4545 praterea
804 4523 821 4551 ,
854 4486 1027 4555 ipsum
1088 4491 1379 4558 perfectum
1423 4497 1587 4552 Deum
1620 4541 1635 4565 ,
1682 4516 1744 4555 ac
1791 4504 2080 4571 perfectum

517 4568 785 4629 hominem
836 4590 978 4645 esse,
997 4594 1061 4633 ex
1091 4581 1296 4639 duabus
1320 4589 1540 4650 naturis.
1567 4592 1666 4646 hoc
1691 4602 1768 4645 est
1792 4568 2083 4654 divinitate

893 4775 965 4847 IV,
1000 4761 1071 4847 ϐξ
1114 4764 1467 4847 ,Ἐσημειῴθη
1486 4775 1585 4847 *ἐφῗ
1624 4778 1769 4847 ἡμᾶς
1802 4781 1863 4833 τὸ

2197 3402 2401 3470 τρόπον
2439 3405 2538 3474 τῆς
2585 3411 2895 3480 γεννήσεως
2931 3414 2963 3485 ἢ
2997 3415 3094 3485 τῆς
3132 3418 3517 3487 ἐκπορεύσεως
3549 3424 3627 3493 μὴ
3664 3426 3775 3477 ἐπι-

2198 3492 2349 3565 ζήτει
2380 3496 2806 3571 (ἀκατάληπτος
2832 3507 2974 3578 γάρ)
2994 3525 3007 3538 ο
3040 3509 3100 3560 ἐν
3125 3510 3382 3582 εὐθυτητι
3408 3492 3644 3584 καρδίας
3671 3517 3772 3590 (97)

2195 3588 2540 3658 ἀπεριέργως
2582 3594 2885 3665 προσδέχου
2925 3598 3007 3650 ὅτι
3038 3602 3069 3659 ό
3098 3601 3286 3674 Πατὴρ
3320 3606 3414 3658 καὶ
3445 3609 3474 3659 ό
3518 3607 3651 3670 Υἱὸς
3687 3588 3772 3662 καί

2192 3678 2252 3729 τὸ
2268 3679 2431 3746 νᾶγιον
2455 3682 2682 3754 Πνεῦμα
2705 3690 2846 3741 κατὰ
2876 3690 3053 3745 πάντα
3083 3693 3142 3747 ἓν
3163 3695 3291 3760 εἰσι,
3319 3694 3461 3765 πλὴν
3492 3699 3599 3768 τῆς
3620 3702 3771 3769 ἀγεν-

2191 3772 2384 3841 νησίας
2430 3776 2525 3829 καὶ
2570 3778 2672 3848 τῆς
2717 3784 3029 3851 γεννήσεως
3068 3786 3160 3838 καὶ
3213 3787 3312 3856 τῆς
3363 3790 3765 3861 ἐκπορεῦσεως,

2191 3862 2285 3914 καὶ
2315 3864 2397 3916 ὃτι
2443 3867 2471 3919 ό
2504 3872 2803 3941 μονογενὴς
2846 3872 2974 3936 Υἱὸς
3006 3877 3101 3928 καὶ
3149 3879 3325 3946 Λόγος
3371 3881 3465 3933 τοῦ
3497 3883 3638 3936 Θεοῦ
3680 3888 3766 3938 καὶ

2187 3951 2321 4018 Θεὸς
2359 3955 2449 4009 διὰ
2494 3958 2592 4029 τὴν
2641 3962 2917 4032 ἡμετέραν
2948 3969 3225 4038 σωτηρίαν
3249 3972 3521 4042 κατῆλθεν
3550 3977 3643 4029 ἐπὶ
3673 3978 3763 4044 τῆς

2186 4045 2293 4115 γῆς
2326 4048 2546 4122 εὐδοκία⁴
2574 4052 2669 4104 τοῦ
2697 4056 2911 4125 Πατρὸς
2933 4058 3046 4127 (98)
3074 4061 3168 4113 καὶ
3202 4065 3466 4136 συνεργίᾳ
3489 4066 3584 4119 τοῦ
3614 4070 3760 4135 ἀγίου

2186 4138 2535 4209 Πνεῦματος,
2583 4146 2840 4216 άσπόρως
2885 4149 3213 4221 συλληφθεὶς
3251 4155 3309 4207 ἐν
3345 4158 3410 4227 τῇ
3452 4160 3641 4229 μήτρᾳ
3668 4163 3759 4231 τῆς

2184 4233 2345 4301 ἀγίας
2376 4237 2653 4308 Παρθένου
2685 4242 2779 4295 καὶ
2802 4242 3067 4299 Θεοτόκου
3092 4250 3312 4319 Μαρίας
3334 4250 3422 4304 διὰ
3449 4254 3757 4325 Πνεύματος

2182 4325 2360 4393 ἁγίου,
2392 4329 2487 4380 καὶ
2515 4329 2770 4402 ἀφθόρως
2793 4333 2853 4398 ἐξ
2889 4336 3060 4408 αὐτῆς
3096 4341 3397 4410 γεννηθεὶς,
3433 4346 3525 4398 καὶ
3554 4347 3755 4416 ἀνθρω-

2181 4432 2281 4479 πος
2332 4418 2538 4482 τέλειος
2584 4423 2896 4494 γενόμενος,
2950 4432 3045 4483 καὶ
3074 4432 3156 4485 ὅτι
3202 4434 3363 4497 αὐτὸς
3394 4434 3527 4499 Θεὸς
3554 4439 3751 4503 τέλειός

2180 4506 2406 4561 ἐστικαὶ
2429 4510 2715 4579 ἄνθρωπος
2736 4509 2962 4585 τέλειος,
2989 4523 3281 4593 γενόμενος
3300 4527 3364 4579 ἐκ
3392 4527 3486 4580 δύο
3519 4531 3746 4599 φύσεων.

2180 4597 2433 4671 θεότητός
2472 4621 2532 4656 τε
2563 4606 2657 4658 καὶ
2689 4608 3143 4684 ἀνθρωπότητος,
3182 4618 3275 4670 καὶ
3323 4622 3381 4672 έν
3427 4597 3747 4693 δύοήφῦσεσι

1896 4783 2010 4864 φῶς
2026 4788 2457 4871 ,τοῦπροσῲπου
2495 4813 2613 4856 σου.
2648 4801 2843 4871 Κύριε.

715 4826 932 4932 [Gemina
966 4826 1326 4932 metpicuui'i'u
1350 4826 1766 4932 Amz'ea'olo'yriai:
1785 4851 1883 4922 τὴν

763 4914 821 4932 ΩΙ*
863 4914 888 4932 α
923 4913 1044 4932 cun!
1104 4907 1212 4932 ‘Il...
1241 4924 1283 4932 ιι-
1314 4912 1325 4932 Σ
1450 4929 1456 4932 .
1631 4918 1666 4932 lu
1806 4922 1816 4932 ι
1999 4927 2026 4932 _

2194 4826 2437 4858 »μυυωισυι

2194 4862 2289 4931 ιάμ
2317 4865 2437 4932 ὅρα.

716 4897 890 4990 IVerba
922 4906 1345 4990 sunt-Syrtiboli.
1381 4896 1817 4990 iV‘onnus-vlaarap'l

714 4969 995 5060 Epist._3d‘
1024 4968 1189 5031 Hebr.
1224 4993 1260 5045 ι,
1297 4980 1349 5034 5.
1373 4984 1456 5036 Cl'.
1495 4968 1989 5060 ιοιιιίΠίξτμῗδέθ,

567 5040 676 5108 (95)
702 5038 856 5093 Joan.
892 5057 928 5106 ι,
961 5042 1014 5097 2.

561 5101 672 5197 ί9ᾼ4)
698 5110 855 5197 401m:
895 5101 1035 5197 5‘5:
1097 5116 1308 5197 Πάντα.
1318 5121 1386 5197 δι’
1423 5124 1587 5197 αὑτοῦ
1619 5128 1856 5197 ἐγένετο.

490 5177 668 5261 πάντα
698 5180 1030 5261 περιλαϐὼν,

562 5249 674 5338 (95)
706 5249 906 5338 ltililyus
927 5249 1203 5338 audacior,

1822 4938 1970 5016 1τέ,ιᾶ
1997 4927 2031 4981 5
2060 4947 2073 4982 :
2105 4927 2213 4984 Καὶ
2245 4927 2418 5004 Λόγος
2450 4936 2773 5008 αὐτοφύτοιο
2799 4942 2959 5009 Θεοῦ,
3008 4947 3141 5016 φῶς,

3180 4952 3244 5005 ἐκ
3273 4953 3441 5022 φάεος
3474 4957 3610 5025 φῶς.

1329 5132 1386 5174 5ι’
1423 5132 1587 5178 αὑτοῦ
1619 5132 1856 5197 ἐγένετο.
1894 5132 1997 5189 Ubi
2034 5136 2091 5191 T1

1329 5194 1450 5239 ivra
1481 5195 1547 5239 δι’
1572 5199 1739 5239 αιίτηῦ
1770 5203 1985 5239 ἔνευε-φρ.
2034 5211 2091 5239 ..Α

2194 5140 2424 5239 [tilla-ct;
2464 5163 2517 5239 p3.
2544 5148 2650 5207 385
2676 5169 2707 5238 ι,
2851 5154 2909 5239 δῖ⁸
2952 5158 3365 5239 εὐαγγελιιστὴς,
3408 5164 3489 5239 ἐνὶ
3548 5167 3742 5239 ῥήματι

1061 5190 1194 5258 φησί
1216 5205 1228 5217 ·
1262 5192 1450 5248 Πάντα
1481 5195 1547 5249 δι’
1572 5190 1739 5252 αὑτοῦ
1769 5203 2006 5271 ἐγένετο,
2034 5190 2091 5260 τό

1061 5260 1199 5301 lnior,
1238 5276 1335 5301 non
1367 5269 1568 5301 nlnniln
1599 5270 1795 5301 Ιηιιιηιιη
1851 5276 2086 5301 (ευμιηιι.

2194 5190 2281 5211 Γηι
2299 5190 2423 5198 νη.--
2464 5190 2517 5217 Ι...
2544 5190 2650 5207 νυν
2676 5191 2688 5206 .
2766 5190 2804 5205 ν
2851 5190 2879 5207 ν
2952 5190 3081 5226 ςυυυι
3104 5190 3365 5232 χιΛιυιης,
3408 5190 3443 5216 ξ’

2195 5215 2310 5301 attat.
2333 5216 2428 5268 καὶ
2456 5220 2523 5271 τά
2546 5223 2734 5292 νοητά.
2767 5225 2965 5279 Confer
2997 5234 3155 5283 verba
3207 5232 3443 5301 Symboli

552 5657 1163 5775 $31?E?’?':...°‘..‘Ii'.i:?
1196 5657 1707 5775 §§5§F§§iﬁ9°ueé
1729 5711 1810 5775 σει
1842 5698 1902 5751 έν
1931 5698 2091 5775 εεδθρτ

2218 5705 2466 5775 καρδίας.

548 5739 661 5815 (9S)
692 5739 786 5813 Ep.
814 5745 881 5798 ad
914 5739 1111 5815 Ephes.
1138 5764 1174 5817 ι,
1200 5750 1233 5804 5
1260 5739 1283 5808 ἶ
1300 5739 2091 5830 Κατά”τῦξ’θέἷ

2220 5739 2466 5775 ηαμυιυιιν

2194 5791 2321 5837 ato;
2358 5796 2543 5836 αυτοῦ.
