4042 6400
222 357 372 421 1029

1315 355 1489 415 VITA
1529 356 1882 414 BARLAAM
1920 354 2014 413 ET
2053 351 2405 412 JOASAPH.

3333 350 3466 415 103’)

217 471 477 542 vospai;,
510 467 820 538 θελητικαῖς
854 483 912 518 τε
959 467 1050 519 καὶ
1102 466 1505 538 ἐνεργητικαῖς,
1539 469 1635 520 καὶ
1673 468 1803 518 αύτ-

1923 477 1963 523 at
1990 469 2344 532 humanitate,
2376 484 2439 521 ac
2471 470 2522 520 in
2545 467 2750 522 duabus
2779 469 2980 522 naturis
3029 467 3374 537 intelligentia
3417 476 3472 522 et.

218 560 512 626 εεουσίοις,
540 559 630 612 καὶ
663 567 804 612 κατέ.
829 558 1006 613 πάντα
1027 556 1249 621 τελείως
1273 558 1526 628 ἐχούσαις
1549 559 1691 612 κατά
1715 559 1805 610 τὸν

217 653 441 723 ἑκάστῃ
470 650 749 721 πρέποντα.
788 652 912 718 ὃρον
935 667 996 702 τε
1039 651 1136 703 καὶ
1179 649 1357 718 λόγον,
1404 649 1618 721 θεότητι
1663 651 1807 720 φημὶ

218 745 325 798 καὶ
371 741 772 814 ἀνθρωπότητι,
804 743 902 812 μιᾷ
939 741 995 794 δὲ
1041 741 1281 813 συνθέτῳ
1329 742 1649 796 ὑποστάσει..
1696 743 1807 795 Καὶ

216 835 409 888 ταῦτα
437 834 787 905 ἀπεριέργως
832 833 1010 903 δέχου,
1045 833 1293 904 μηδόλως
1326 829 1418 886 τὸν
1456 834 1658 904 τρόπον
1699 851 1806 903 μα-

221 927 350 978 θεῖν
372 925 639 995 ἐκζητῶν,
664 923 783 987 πῶς
811 923 1003 977 ἐαυτὸν
1026 923 1296 977 ἐκένωσεν
1327 923 1441 994 (99)
1469 927 1498 978 ό
1542 925 1670 988 Υἱὸς
1713 924 1808 978 τοῦ

219 1017 374 1070 Θεοῦ
417 1017 522 1070 καὶο
553 1016 840 1084 ἄνθρωπος
881 1015 1107 1084 γέγονεν
1155 1017 1220 1067 ἐκ
1270 1013 1429 1086 164
1459 1015 1808 1086 παρθενικῶν

218 1107 483 1176 αἱμάτων
528 1107 784 1178 ἀσπόρως
815 1123 875 1159 τε
931 1105 1026 1159 καὶ
1074 1105 1392 1178 ἀφθάρτως,
1445 1106 1477 1177 ἢ
1517 1107 1600 1171 τίς
1639 1110 1672 1178 ή
1701 1107 1810 1162 τῶν

220 1197 324 1251 δύο
364 1198 576 1268 φύσεων
628 1200 686 1252 ἐν
741 1199 842 1270 μιᾷ
887 1197 1187 1251 ὑποστάσει
1235 1197 1572 1262 συνέλευσις.
1620 1199 1812 1253 Πίστει

222 1287 348 1358 γάρ
385 1286 556 1340 ταῦτα
608 1287 965 1358 ἐδιδάχθημεν
1009 1289 1264 1358 κατέχειν
1298 1287 1370 1341 τὰ
1405 1287 1643 1350 θειωδῶς
1681 1290 1812 1360 ἡμῖν

222 1383 294 1433 ἐκ
330 1381 434 1450 τῆς
466 1379 615 1444 θείας
647 1381 873 1451 Γραφῆς
911 1381 1216 1453 εἰρημένα·
1262 1383 1354 1436 τὸν
1385 1382 1443 1435 δέ
1474 1383 1675 1454 τρόπον
1718 1370 1814 1436 καὶ

222 1469 539 1542 ἀγνοοῦμεν
569 1469 664 1524 καὶ
700 1469 882 1539 λέγειν
907 1470 971 1524 ού
1001 1471 1280 1542 δυνάμεθα
1303 1472 1402 1544 (1).

305 1734 540 1786 Πίστευε
595 1733 686 1787 τὸν
714 1733 842 1787 Υἱδν
896 1733 991 1787 τοῦ
1047 1733 1206 1801 Θεοῦ,
1252 1735 1346 1788 τὸν
1393 1723 1482 1792 διά
1528 1736 1814 1807 σπλάγχνα

228 1823 426 1889 ἐλέους
460 1825 535 1896 (2)
568 1826 860 1897 γενόμενον
900 1825 1210 1898 ἄνθρωπον,
1250 1827 1431 1881 πάντα
1458 1845 1518 1881 τε
1553 1828 1816 1893 ἀναδέξα-
1849 1807 1888 1862 Β

230 1915 368 1968 σθαι
399 1915 467 1968 τὰ
515 1916 617 1985 τῆς
650 1917 1071 1988 ἀνθρωπότητος
1117 1918 1324 1986 φυσικὰ
1379 1920 1474 1973 καὶ
1513 1920 1817 1992 ἀδιάϐλητα

231 2009 390 2078 πάθη
419 2009 707 2080 (ἐπείνησε
736 2009 868 2080 γὰρ,
895 2011 990 2062 καὶ⁴
1031 2007 1252 2080 ἐδίψησε
1271 2052 1286 2076 ,
1319 2011 1415 2064 καὶ
1449 2009 1687 2077 ῦπνωσε,
1723 2012 1818 2064 καὶ

231 2102 527 2164 ἐκοπίασε,
558 2103 650 2154 καὶ
676 2102 950 2171 ὴγωνίασε
971 2105 1036 2174 τῇ
1066 2101 1224 2172 φύσει
1249 2103 1348 2172 τῆς
1373 2103 1813 2175 ἀνθρωπότητος,

232 2192 335 2245 καὶ
379 2192 522 2262 ὑπὲρ
571 2191 680 2244 τῶν
730 2192 972 2263 ἀνομιῶν
1026 2194 1184 2263 ήμῶν
1233 2194 1374 2265 {MOI}
1427 2196 1507 2257 είς
1562 2195 1814 2257 θάνατον,

233 2283 560 2354 ἐσταυρώθη
586 2323 602 2347 ,
642 2284 736 2336 καὶ
782 2284 992 2354 ἐτάφη,
1045 2284 1272 2338 θανάτου
1311 2288 1684 2356 γευσάμενος,
1719 2288 1818 2357 τῆς

233 2375 494 2443 θεότητος
522 2375 767 2438 ἀπαθοῦς
799 2376 892 2430 καὶ
926 2375 1200 2447 ἀτρέπτου
1245 2376 1636 2450 διαμεινάσηςο
1666 2379 1819 2432 οὐδὲν

234 2469 351 2537 γὰρ
385 2465 522 2530 ὅλως
552 2469 659 2521 τῶν
685 2469 873 2522 παθῶν
897 2471 964 2540 τῇ
994 2468 1196 2522 ἀπαθεῖ
1225 2470 1612 2541 προσάπτομεν
1635 2471 1814 2541 φύσει·

239 2559 386 2612 ἀλλά
422 2560 501 2629 τῷ
554 2559 943 2631 προσλήμματι
987 2560 1063 2632 (5)
1113 2559 1454 2632 γινώσκομεν
1496 2563 1658 2617 αὑτὸν
1710 2581 1818 2616 πα-

237 2651 406 2703 θόντα
442 2651 534 2703 καὶ
561 2639 824 2720 ταφέντα,
857 2651 952 2704 καὶ
982 2654 1048 2723 τῇ
1082 2651 1202 2723 θείᾳ
1227 2652 1350 2724 δόξῃ
1373 2655 1436 2706 ἐκ
1459 2653 1668 2726 νεκρῶν
1690 2657 1821 2707 ἁνα-

240 2741 473 2805 στάντα,
523 2743 580 2795 ἐν
620 2741 900 2813 ἀφθαρσίᾳ
926 2760 984 2796 τε
1010 2745 1089 2808 εἰς
1114 2744 1376 2815 οὐρανοὺς
1396 2745 1760 2814 άνεληλυθότα
1777 2745 1819 2812 ),

239 2833 340 2885 καὶ
370 2833 526 2903 ἥξειν
568 2833 732 2885 πάλιν
766 2834 904 2902 μετὰ
945 2833 1104 2904 δόξης
1137 2837 1322 2905 κρῖναι
1371 2833 1580 2899 ζῶντας
1611 2838 1706 2890 καὶ
1740 2853 1822 2890 νε-

239 2925 417 2996 κροὺς
455 2925 528 2995 (4)
561 2919 641 2987 οἷς
676 2925 837 2988 αὐτὸς
865 2921 974 2978 οἶδε
1002 2925 1181 2993 λόγοις
1211 2927 1603 2999 θεοειδεστέρου
1634 2927 1822 2998 σώμα-

238 3033 361 3079 τος,
384 3017 479 3068 καὶ
498 3013 799 3068 ἀποδώσειν
827 3017 1042 3087 ἑκάστῳ
1061 3018 1174 3080 τοῖς
1203 3017 1434 3081 δικαίοις
1461 3019 1526 3072 αὑ
1538 3018 1624 3071 τοῦ
1656 3020 1821 3072 σταθ-

1909 561 2180 614 voluntate
2203 569 2256 614 et
2279 559 2590 628 operatione
2611 569 2664 612 et
2691 558 2897 613 arbitrii
2937 558 3178 612 libertate
3213 557 3472 624 praeditis,

1910 659 2070 717 atque
2093 648 2240 702 omni
2294 649 2502 702 ratione
2550 649 2817 717 perlbctis,
2848 649 3002 715 juxta
3033 662 3270 701 normam
3299 662 3363 701 ac
3388 662 3474 698 ra-

1911 737 2108 792 tionem
2167 738 2376 807 utrique
2431 748 2656 802 naturte,
2689 739 2790 791 hoc
2816 738 3117 791 cstdivinze
3145 746 3201 793 et
3227 737 3476 792 humanae

1909 840 2346 895 consentaneatn,
2369 846 2470 884 una
2500 840 2675 883 autem
2707 831 2868 900 286
2890 831 3186 897 composita
3228 845 3474 898 persona.

1912 920 2060 986 llt'ec,
2103 922 2338 989 inquam,
2392 920 2704 989 simpliciter
2750 931 2906 989 atque
2952 919 3068 974 sine
3117 920 3220 974 ulla
3268 923 3477 974 curiosa

1912 1014 2320 1083 investigatione
2366 1012 2590 1077 accipe:
2626 1028 2723 1066 nec
2765 1012 2893 1065 illud
2950 1011 3250 1080 intelligere
3299 1013 3475 1078 stude,

1909 1120 2140 1177 quonam
2174 1115 2331 1174 pacto
2355 1105 2448 1160 Dei
2477 1104 2642 1159 Filius
2667 1105 2898 1172 seipsnm
2922 1105 3298 1170 exinaniverit,
3321 1115 3479 1174 atque

1904 1213 1969 1251 ex
2002 1197 2253 1266 vrgincis
2305 1196 2653 1264 sangttinibus
2695 1195 2856 1250 homo
2913 1197 3029 1250 sine
3077 1195 3283 1250 semine
3321 1208 3480 1261 atque

1912 1289 2255 1355 corruptione
2305 1287 2474 1342 factus
2529 1285 2716 1349 fuerit;
2767 1298 2857 1340 aut
2914 1302 3142 1355 quonam
3185 1298 3337 1351 pacto
3361 1288 3478 1341 dua:

1912 1388 2116 1431 natura:
2159 1376 2213 1430 in
2265 1392 2421 1430 unam
2466 1389 2747 1444 personam
2795 1377 3166 1429 convenerint.
3191 1375 3322 1429 Nam
3365 1374 3481 1430 bzcc

1911 1483 2031 1538 qua:
2058 1469 2312 1522 divinitus
2364 1467 2514 1521 nobis
2551 1482 2580 1519 a
2629 1466 2900 1534 Scriptura
2952 1475 3135 1520 sancta
3163 1466 3300 1520 dicta
3331 1475 3479 1532 sunt,

1915 1560 2021 1614 iide
2051 1570 2235 1615 tenere
2260 1560 2546 1613 docemur:
2609 1557 2824 1612 modum
2855 1567 3032 1613 autem
3065 1559 3353 1623 nescimus,
3383 1570 3482 1610 nec

1914 1666 2188 1719 exponere
2217 1665 2512 1717 possumus.

1985 1741 2156 1796 Crede
2186 1741 2376 1796 Filium
2425 1741 2540 1804 Dei,
2571 1739 2663 1808 qui
2713 1754 2805 1808 per
2834 1739 3039 1794 viscera
3098 1738 3484 1793 misericordia:

1917 1851 2026 1890 sum
2056 1837 2214 1890 homo
2235 1832 2405 1888 factus
2427 1841 2529 1897 est,
2553 1847 2739 1886 omnes
2755 1846 2846 1886 eas
2877 1832 3134 1885 humanas
3153 1829 3480 1895 affectiones,

1917 1943 2035 1993 quae
2063 1927 2330 1980 naturales
2382 1933 2530 1989 sunt,
2562 1937 2659 1978 nec
2705 1923 2837 1976 vitio
2889 1921 3107 1985 dantur,
3155 1920 3485 1988 suscepisse.

1917 2019 2079 2073 Fame
2105 2017 2270 2082 enim,
2298 2025 2552 2085 quantum
2581 2013 2648 2068 ad
2673 2012 2958 2068 humanam
2998 2019 3240 2067 naturam
3271 2013 3485 2078 attinet,

1917 2127 1979 2166 ac
2000 2110 2085 2163 siti
2111 2109 2407 2171 laboravit,
2442 2115 2499 2159 et
2546 2105 2818 2168 dormivit,
2850 2112 2902 2158 et
2923 2101 2976 2156 in
3001 2116 3199 2170 angore
3241 2111 3486 2156 versatus

1917 2211 2021 2267 est,
2048 2209 2104 2256 et
2141 2215 2238 2270 pro
2269 2198 2466 2252 nostris
2497 2195 2861 2264 iniquitatibus
2911 2193 2976 2246 ad
3017 2201 3242 2249 mortem
3273 2192 3488 2256 ductus,

1918 2295 2166 2362 crucique
2195 2292 2406 2358 aiiixus,
2431 2306 2493 2344 ac
2521 2290 2798 2356 degustata
2831 2295 3002 2342 morte
3042 2287 3315 2356 sepultura
3359 2285 3490 2340 alie,

1918 2395 2035 2439 ctus
2053 2393 2155 2448 est,
2180 2383 2353 2436 divina
2392 2380 2604 2436 interim
2650 2389 2837 2433 natura
2867 2378 2934 2432 ab
2963 2378 3106 2432 omni
3140 2377 3485 2446 perpessioue

1919 2493 1982 2532 ac
2012 2477 2302 2531 mutatione
2328 2475 2494 2528 libera
2519 2484 2786 2527 manente.
2818 2471 3025 2525 Nullum
3075 2470 3218 2525 enim
3267 2469 3487 2524 omnino

1921 2568 2314 2638 perpessionem
2371 2566 2536 2632 ipsius
2590 2575 2792 2618 naturae
2835 2564 2901 2616 ab
2949 2563 3092 2616 omni
3144 2561 3487 2631 perpessione

1920 2660 2108 2712 alienae
2155 2655 2528 2718 attribuimus;
2578 2669 2762 2708 verum
2815 2653 2866 2706 in
2895 2667 2954 2706 ea
2989 2663 3174 2706 natura
3205 2667 3363 2721 quam
3399 2665 3490 2703 as-

1928 2750 2156 2816 sumpsit
2185 2763 2305 2802 eum
2338 2761 2548 2814 passum
2575 2755 2626 2800 et
2658 2744 2921 2814 sepultum
2955 2759 3075 2798 esse
3120 2744 3488 2813 agnoscimus,

1923 2855 1986 2894 ac
2030 2841 2208 2892 divina
2238 2837 2406 2908 gloria
2431 2853 2459 2890 a
2489 2847 2660 2890 morte
2686 2837 2750 2888 ad
2777 2836 2934 2889 vitam
2965 2844 3019 2890 et
3040 2835 3489 2890 immortalitatem

1927 2931 2212 2984 excitatum
2243 2941 2384 2992 esse,
2409 2936 2568 2996 atque
2611 2928 2662 2980 in
2705 2928 2869 2980 caelos
2898 2927 3225 2991 ascendisse,
3251 2927 3493 2979 laudetu-

1925 3038 2026 3089 que
2055 3036 2263 3075 rursum
2290 3035 2408 3072 cum
2431 3017 2593 3088 gloria
2627 3027 2904 3073 venturum
2934 3031 3071 3081 esse,
3109 3017 3246 3070 ntde
3278 3017 3409 3070 vivis
3431 3030 3494 3069 ac

243 3109 390 3176 μοῖς.
445 3107 862 3178 Ἀναστήσονται
907 3109 1014 3178 γάρ
1043 3110 1092 3160 oi.
1135 3110 1320 3178 νεκροὶ
1366 3111 1460 3164 καὶ
1495 3110 1820 3180 ἐγερθήσον-

1928 3115 2151 3166 mortuis
2197 3111 2516 3165 sententiam
2577 3109 2730 3172 ferat,
2763 3119 2920 3183 atque
2971 3107 3254 3176 unicuique
3305 3122 3398 3174 pro
3429 3122 3494 3160 eo

240 3215 338 3251 ται
364 3199 413 3250 oi
439 3199 494 3250 ἐν
524 3200 634 3260 τοῖς
660 3199 948 3269 μνημείοις
978 3200 1053 3268 (ὃ)
1075 3215 1090 3229 ·
1117 3201 1212 3253 καὶ
1237 3201 1287 3252 oi
1315 3200 1412 3270 μὲν
1435 3202 1532 3264 τὰς
1571 3201 1664 3255 τοῦ
1688 3203 1822 3272 Χρι-

245 3288 379 3341 στοῦ
411 3287 742 3356 φυλάξαντες
765 3289 981 3354 ἐντολὰς
1012 3291 1107 3344 καὶ
1136 3295 1200 3364 τῇ
1226 3292 1358 3364 ὀρθῇ
1393 3294 1822 3359 συναπελθόντες

245 3377 434 3450 πίστει
470 3377 938 3448 κληρονομήσουσι
969 3379 1124 3450 165
1149 3380 1293 3451 ζωὴν
1321 3381 1559 3448 αἰώνιον,
1593 3386 1642 3436 οἱ
1681 3384 1725 3437 δ’
1766 3387 1824 3438 ἐν

244 3467 551 3538 ἁμαρτίαις
587 3467 1026 3544 καταφθαρέντες
1059 3471 1155 3523 καὶ
1177 3471 1275 3540 τῆς
1291 3472 1455 3542 ὀρθῆς
1479 3473 1826 3537 ἐκκλίναντες

248 3559 492 3622 πίστεως
516 3557 596 3620 είς
611 3558 830 3610 κόλασιν
846 3557 1061 3611 αἰώνιον
1078 3557 1467 3613 ἀπελεύσονται
1485 3560 1578 3631 (6).
1594 3561 1826 3614 Πίστευε

251 3649 331 3720 μὴ
371 3649 556 3702 οὐσίαν
594 3648 716 3701 τινὰ
755 3647 892 3702 εἶναι
922 3649 1016 3702 τοῦ
1059 3651 1231 3712 κακοῦ
1282 3651 1314 3722 ἣ
1351 3651 1651 3720 βασιλείαν,
1691 3653 1826 3723 μηδέ

247 3742 492 3811 ἄναρχον
538 3741 702 3811 αὐτὴν
738 3741 1086 3811 ὑπολάμϐανε
1121 3743 1152 3812 ἢ
1185 3744 1316 3813 παρ’
1355 3744 1557 3814 ἑαυτῆς
1593 3747 1830 3799 {mea-ca-

250 3851 377 3898 σαν,
412 3835 446 3904 ἢ
471 3836 622 3904 παρά
647 3834 739 3887 τοῦ
765 3834 898 3887 Θεοῦ
918 3834 1240 3905 γενομένην
1260 3835 1441 3905 ἄπαγε
1463 3838 1561 3907 τῆς
1578 3840 1826 3901 ἀτοπίαςι

250 3925 374 3979 ἀλλ’
412 3926 682 3998 ἡμέτερον
719 3926 878 3998 ἔργον
907 3926 1066 3980 τοῦτο
1096 3929 1188 3981 καὶ
1217 3928 1309 3980 τοῦ
1337 3929 1606 3994 διαϐόλου,
1641 3933 1705 3984 ἐκ
1733 3933 1831 4000 τῆς

248 4018 534 4090 ἡμετέρας
574 4019 906 4090 ἀπροσεξίας
956 4021 1328 4091 ἐπεισφρῆσαν
1359 4022 1434 4091 (7)
1483 4023 1614 4092 ἡμῖν
1647 4023 1737 4078 διὰ
1773 4023 1833 4076 τὸ

251 4111 639 4176 αὐτεξουσίους
674 4113 821 4182 ἡμᾶς
862 4113 1227 4182 γεγενῆσθαι,
1260 4113 1355 4164 καὶ
1388 4113 1833 4187 αὑτοπροαιρέτῳ

255 4201 515 4272 βουλήσει
556 4200 714 4254 τοῦτο
763 4201 1120 4270 ἐκλέγεσθαι,
1164 4203 1274 4255 εἴτε
1323 4203 1547 4271 ἀγαθὸν,
1592 4204 1705 4257 εἴτε
1741 4206 1835 4259 καὶ

254 4291 489 4360 φαῦλον.
522 4291 666 4362 Πρὸς
688 4291 912 4356 τούτους
936 4293 1186 4362 ὁμολόγει
1216 4293 1275 4345 ἓν
1307 4293 1589 4365 βάπτισμα
1618 4297 1678 4360 ἐξ
1707 4295 1835 4351 ὓδα-

255 4399 352 4446 τος
379 4383 475 4435 καὶ
494 4381 810 4453 Πνεύματος
840 4385 919 4447 εἰς
946 4384 1138 4452 ἄφεσιν
1167 4384 1477 4455 ἁμαρτιῶν.

1925 3218 1988 3257 ac
2020 3202 2238 3256 meritus
2268 3211 2348 3256 est
2371 3200 2623 3268 rependat
2649 3197 2859 3269 (Matth.
2884 3212 2968 3250 χιιι
2991 3213 3004 3259 ;
3030 3197 3187 3266 Apoc.
3221 3195 3374 3262 χχιι).
3403 3195 3497 3248 ile-

1930 3303 2150 3362 surgent
2172 3295 2312 3346 enim
2347 3293 2559 3352 mortui,
2592 3301 2644 3343 et
2671 3289 3046 3343 excitabuntur
3076 3288 3163 3356 qtti
3196 3288 3247 3340 in
3306 3301 3492 3340 monu-

1933 3387 2124 3438 mentis
2153 3394 2293 3437 sunt.
2323 3386 2496 3451 Atque
2522 3381 2596 3434 illi
2624 3381 2834 3448 quidem
2863 3381 2952 3448 qui
2997 3379 3193 3432 Christi
3252 3379 3498 3431 mandata

1932 3477 2353 3537 ohservaverint,
2376 3476 2503 3529 etin
2530 3482 2670 3527 recta
2700 3473 2799 3526 [ide
2816 3487 2877 3526 ex
2905 3472 3000 3524 hac
3022 3471 3123 3524 vita
3147 3471 3494 3534 excesserint,

1932 3571 2310 3637 sempiternam
2338 3567 2498 3621 vitam
2528 3566 2863 3620 Ittcreditario
2883 3564 3264 3634 possidebunt;
3295 3562 3384 3632 qui
3406 3579 3500 3614 an—

1937 3670 2050 3713 tum
2075 3659 2126 3712 in
2168 3660 2399 3725 peccatis
2425 3672 2545 3711 sese
2593 3657 2946 3724 corruperint,
2973 3664 3130 3724 atque
3157 3669 3187 3708 a
3213 3667 3354 3709 recta
3390 3654 3495 3708 fide

1939 3750 2280 3813 deﬂexerint,
2313 3749 2376 3802 ad
2405 3749 2783 3814 sempiternum
2816 3746 3132 3814 supplicium
3155 3746 3347 3799 abituri
3374 3755 3499 3801 sunt

1939 3841 2201 3910 (Joan.v).
2225 3841 2314 3893 Crr
2328 3841 2395 3892 de
2418 3853 2516 3893 nec
2530 3838 2686 3891 ullam
2702 3836 2825 3888 ntali
2841 3839 3149 3901 essentiam,
3165 3851 3264 3891 nec
3283 3852 3500 3905 regnum

1940 3933 2102 3984 uilmn
2152 3943 2303 3994 esse;
2352 3942 2452 3982 nec
2504 3925 2743 3994 principii
2774 3939 2964 3993 expers
2991 3926 3117 3979 illud
3161 3941 3279 3979 esse
3304 3936 3500 3989 statue,

1940 4029 2030 4072 aut
2079 4020 2135 4072 in
2189 4020 2365 4086 seipso
2416 4019 2709 4081 exstitisse,
2739 4015 2822 4069 vel
2869 4015 3031 4068 etiam
3088 4029 3119 4069 a
3169 4016 3278 4070 Deo
3325 4027 3498 4070 ortum

1941 4112 2166 4166 traxisse
2191 4111 2392 4179 (procul
2417 4123 2445 4162 a
2477 4117 2529 4162 te
2557 4111 2623 4161 sit
2648 4109 2759 4161 haec
2789 4108 3131 4172 absurtlitasi,
3154 4123 3336 4162 verum
3368 4123 3505 4176 opus

1945 4213 2182 4257 nostrum
2212 4216 2272 4255 ac
2304 4181 2498 4254 diaboli
2540 4202 2638 4253 hoc
2664 4215 2804 4262 esse,
2837 4201 2977 4270 quod
3004 4211 3180 4255 nostra
3213 4200 3410 4253 incuria
3451 4209 3504 4252 et

1941 4293 2260 4361 negligentia
2314 4291 2544 4358 obrepit,
2577 4304 2852 4358 propterea
2907 4290 3046 4360 quod
3099 4290 3261 4345 libero
3289 4289 3505 4344 arbitrio

1942 4385 2150 4452 prmditi
2178 4399 2380 4447 sumus,
2412 4398 2471 4437 ac
2516 4392 2706 4449 SpOItle
2744 4391 2923 4435 nostra
2973 4393 3078 4435 tam
3111 4383 3304 4436 bonum
3345 4396 3507 4450 quam

260 4477 467 4532 malum
506 4476 784 4549 eligimus.
820 4478 902 4533 Ad
941 4479 1056 4532 hate
1103 4493 1270 4531 unum
1301 4477 1570 4549 baptisma
1606 4498 1670 4536 ex
1722 4497 1862 4552 aqua
1897 4493 1952 4540 et
1998 4483 2202 4554 Spiritu
2243 4491 2436 4536 sancto
2471 4482 2525 4535 in
2573 4489 2922 4551 peccatorum
2959 4485 3338 4536 remissionem
3369 4491 3508 4530 con-

260 4575 294 4628 ii
303 4585 438 4629 tere.

335 4664 505 4734 Δέχου
531 4661 626 4715 καὶ
652 4660 753 4730 τὴν
787 4658 1087 4729 μετάληψιν
1118 4658 1228 4713 τῶν
1265 4659 1550 4730 άχράντων
1579 4660 1672 4713 τοῦ
1703 4662 1821 4732 Χρι·

2021 4667 2194 4735 Atque
2224 4666 2440 4732 insulter
2467 4663 2533 4717 ab
2563 4665 2703 4718 omni
2730 4664 2847 4719 labe
2877 4680 3000 4733 pura
3029 4662 3224 4716 Christi
3257 4660 3505 4730 mysteria

267 4753 400 4810 στοῦ
452 4752 787 4824 μυστηρίων,
841 4751 1114 4804 πιστεύων
1164 4753 1222 4803 ἐν
1269 4751 1495 4822 ἀληθείᾳ
1550 4753 1710 4823 σῶμα
1747 4754 1821 4805 κα

1948 4759 2133 4826 accipe
2158 4798 2174 4825 ,
2211 4756 2504 4812 certissime
2550 4757 2778 4811 credens
2804 4799 2817 4821 ,
2854 4757 2940 4810 Dei
2991 4757 3154 4809 nostri
3209 4769 3401 4820 corpus
3451 4763 3504 4808 et

263 4841 412 4916 αἷμα
440 4843 710 4916 ὑπάρχειν
751 4840 991 4912 Χριστοῦ
1029 4839 1124 4893 τοῦ
1157 4839 1294 4893 Θεοῦ
1328 4840 1507 4910 ἡμῶν,
1549 4839 1585 4894 ἀ
1639 4841 1840 4895 δέδωκε

1947 4849 2258 4917 sanguinem
2298 4863 2436 4912 esse,
2467 4863 2584 4917 quae
2636 4847 2932 4900 hominibus
2981 4846 3083 4898 tide
3139 4845 3408 4912 praeditis,
3439 4842 3504 4896 ad

265 4940 382 5001 τοῖς
409 4938 622 4998 πιστοῖς
647 4934 728 4998 εἰς
761 4934 954 5003 ἄφεσιν
983 4931 1288 5004 ἁμαρτιῶν.
1333 4933 1422 4985 Ἐν
1454 4933 1520 5003 τῇ
1547 4933 1704 4986 νυκτὶ
1733 4933 1821 5004 γὰι

1950 4947 2286 5007 peccatorum
2334 4938 2538 4992 veniant
2593 4935 2734 4989 dono
2776 4935 2941 4990 dedit.
2968 4934 3208 4988 Christus
3253 4932 3391 4986 enim
3442 4946 3503 4985 ea

347 5069 663 5144 (99i_Epist.
693 5069 759 5144 ad
791 5067 1024 5144 Philipp.
1053 5083 1117 5134 ιι,
1147 5071 1200 5124 7.

277 5214 376 5282 μὲν

347 5123 430 5264 δὲ
449 5123 657 5195 Eadem
685 5137 842 5193 Joan.
874 5123 1066 5208 Cliiiys.
1091 5123 1396 5219 prudentia,
1425 5135 1587 5191 Hom.
1627 5135 1678 5189 in
1708 5149 1790 5204 ps.
1820 5151 1871 5200 ι,
1901 5147 2022 5203 pag.
2049 5131 2120 5184 44
2149 5128 2350 5215 Celei...
2374 5127 2476 5214 ubi.
2495 5127 2562 5182 de
2594 5125 2984 5181 incarnationis
3033 5123 3290 5212 mysterio
3315 5141 3328 5176 ε
3373 5123 3514 5207 Ἒτρ)

347 5230 376 5264 ν
432 5227 550 5264 τι...
585 5212 681 5262 καὶ
703 5210 762 5262 ἐν
788 5209 856 5264 τῆ
897 5208 1078 5264 μήτρα
1101 5225 1200 5264 της
1225 5207 1502 5264 Παρθένου
1528 5204 1767 5264 κατῴκει
1794 5200 1931 5264 οἶδα,
1966 5202 2026 5254 τὸ
2051 5201 2108 5253 δέ
2139 5217 2257 5263 πως
2281 5216 2383 5251 ουκ
2429 5198 2576 5251 οιδι·
2609 5197 2791 5250 πίστει
2828 5197 3076 5264 δέχομαι,
3122 5211 3184 5246 ου
3214 5210 3512 5264 περιεργα-

432 5227 550 5280 tt...
574 5212 681 5280 καὶ
703 5209 857 5280 ἐνεῇ
896 5197 1200 5280 μήέρᾳὶῆς
1225 5197 1502 5280 Παρθένου
1528 5197 1769 5280 κατῴκει
1794 5197 1931 5280 oi8_ci,
1966 5197 2026 5254 τὸ
2051 5201 2108 5280 δὲ
2139 5202 2257 5280 πῶς
2281 5201 2383 5280 οὐκ
2429 5197 2576 5280 οἶδα·
2609 5197 2791 5278 πίστει
2814 5197 3076 5280 δέχομαι,
3119 5197 3184 5280 οὐ
3213 5197 3512 5280 περιεργά-

274 5263 1222 5353 ΔλόγῳζΕίἸῘιιξιηῖιίῃιιῖἶε
1271 5263 1346 5353 υἷε
1373 5277 1588 5353 ΤΙ-ξιιὶιζ
1624 5263 1676 5353 ιῖ.
1708 5275 1775 5328 50
1807 5293 1821 5327 :

1923 5263 2176 5353 sentitis}.
2207 5268 2359 5353 Θεὸν,
2389 5271 2463 5340 μὴ
2503 5266 2739 5339 ἐρευνῶν
2779 5263 3040 5320 τὸνθεόν
3063 5279 3079 5296 ·
3109 5263 3361 5333 ὁμολόγει
3382 5263 3516 5318 Πα-

273 5340 433 5424 τέρα,
457 5340 592 5424 ῥλλά
623 5340 880 5424 μῆ-ςήτει
911 5349 972 5400 τὸ
1001 5340 1232 5418 πρᾶγμα
1255 5346 1350 5400 τοῦ
1375 5347 1517 5400 κατὰ
1551 5340 1685 5399 Θεὸν
1721 5340 2054 5415 μυστηρίου⁶
2089 5341 2179 5396 ubi
2211 5340 2475 5410 Carpzov.

345 5417 428 5492 ιε)
465 5418 593 5492 tne.
624 5417 786 5492 ωδε

348 5487 429 5630 (5;
457 5489 644 5544 Glossa
678 5489 730 5543 itt
763 5489 809 5541 A
840 5504 855 5541 :
885 5487 1003 5560 ἤτοι
1036 5489 1101 5558 τῇ
1141 5487 1325 5567 σαρκί.

348 5563 406 5631 (4
459 5559 543 5631 (ξι.
580 5557 916 5631 _Symbpjmn.
1043 5557 1086 5613 ιι
1119 5557 1285 5626 Epist.

459 5542 543 5614 Cr.
569 5542 920 5628 Symbolum:
945 5587 1014 5596 —
1043 5542 1285 5626 ti'Ept‘st.
1327 5556 1394 5611 ad
1423 5553 1565 5610 Tim.
1591 5569 1662 5619 ιν,
1697 5553 1719 5608 ι
1755 5573 1770 5610 ς
1805 5554 1821 5606 1

1923 5551 2043 5606 ςτοῦ
2067 5551 2161 5608 τοῦ
2204 5553 2487 5626 μέλλοντος
2527 5549 2738 5622 κρίνειν
2766 5547 2975 5614 ζῶντας
3004 5547 3098 5601 καὶ
3128 5543 3381 5619 νεκρούς.

459 5626 700 5702 ςοιιίίι).
732 5626 821 5694 68,
850 5643 906 5702 ti.
932 5628 1021 5685 86.

351 5697 432 5769 (ti)
461 5697 658 5754 Matth.
673 5712 800 5769 xxv,
841 5697 928 5753 46.

352 5767 432 5842 (7)
465 5770 525 5835 C,
545 5767 877 5821 ἐπεισελθόν.
