4042 6420
543 377 670 439 1031

1980 357 2231 417 ADDEN
2243 358 2355 417 DA.

3678 356 3826 419 1032

540 500 699 549 nocte
732 506 835 562 qua
883 489 1209 553 tradebatur,
1241 493 1611 540 testamentum
1645 497 1835 534 novum
1863 481 2093 546 discipu-

2220 471 2253 548 ᾖ
2297 475 2646 547 παρεδίδοτο,
2693 475 2962 547 διαθήκην
3017 475 3210 545 καινὴν
3242 475 3453 529 διέθετο
3484 478 3600 539 τοῖς
3631 476 3820 542 ἁγίοις

536 587 599 639 lis
615 584 727 639 suis
754 597 806 636 et
836 578 1108 650 aposmlis,
1137 594 1197 631 ac
1227 592 1318 643 per
1341 592 1432 630 eos
1461 574 1702 627 omnibus
1736 575 1821 642 qui
1845 573 1895 625 in
1924 573 2091 638 ipsum

535 677 785 733 credituri
805 682 959 729 erant
986 671 1033 741 (Ι
1062 669 1179 723 Cor.
1202 685 1253 722 ιιι
1274 672 1308 734 ),
1340 669 1391 720 in
1424 668 1537 719 haec
1563 664 1721 717 verba
1755 662 1926 716 sanxit
1954 680 1965 714 ε
1993 665 2095 714 Ac-

538 770 695 837 cipite
716 775 770 821 et
793 764 1122 821 mamlucate,
1155 759 1255 812 hoc
1294 767 1375 811 est
1398 769 1592 819 corpus
1624 769 1797 807 meum
1826 752 1965 821 quod
2000 766 2094 819 pro

545 860 696 913 vobis
727 857 983 924 frangitur
1005 853 1055 904 in
1084 849 1447 903 remissionem
1476 856 1830 915 peccatorum.
1867 843 2098 897 Eodem—

538 967 643 1021 que
672 949 830 1003 modo
877 951 1140 1012 sumptum
1172 940 1389 995 calicem
1415 939 1539 1006 ipsis
1568 935 1829 1005 porrexit,
1861 936 2045 988 dicens
2078 949 2091 985 :

543 1043 639 1096 llic
659 1050 743 1095 est
771 1037 985 1106 sanguis
1034 1048 1182 1087 mens
1212 1031 1333 1086 novi
1368 1028 1689 1088 testamenti,
1718 1028 1804 1094 qui
1832 1041 1925 1093 pro
1947 1025 2096 1079 vobis

539 1132 825 1187 elfunditur
864 1130 915 1182 in
964 1127 1327 1180 remissionem
1371 1128 1727 1191 peccaturum.
1758 1119 1868 1172 lloc
1942 1116 2097 1169 facite

541 1229 593 1280 in
634 1239 803 1279 nteant
847 1220 1426 1277 commemorationem.
1454 1218 1567 1283 Ipse
1602 1215 1761 1284 igitur
1806 1214 1896 1265 Dei
1919 1225 2095 1266 sermo

548 1323 697 1372 vivus
718 1326 772 1371 et
791 1314 977 1370 efficax
1004 1312 1187 1384 (Hebr.
1209 1309 1301 1377 tv),
1328 1318 1483 1379 atque
1509 1323 1602 1362 sua
1626 1308 1816 1360 virtute
1839 1304 1969 1359 nihil
1992 1319 2095 1358 non

542 1408 802 1469 efliciens,
837 1420 928 1472 per
952 1402 1186 1455 divinum
1232 1414 1293 1454 ac
1322 1410 1716 1453 sacrosanctum
1772 1409 2096 1458 sermonem,

546 1515 609 1553 ac
651 1498 883 1564 Spiritus
930 1492 1098 1546 saneti
1129 1490 1433 1555 adventum,
1470 1504 1537 1543 ex
1564 1488 1850 1543 oblationis
1890 1501 2024 1553 pane
2047 1495 2103 1539 et

548 1592 674 1645 vino
704 1600 895 1654 corpus
918 1598 1068 1637 suum
1099 1596 1162 1635 ac
1190 1584 1497 1648 sanguinem
1525 1579 1708 1641 efficit,
1731 1588 1886 1647 atque
1908 1577 2102 1629 immu-

547 1689 644 1748 tat,
673 1688 727 1733 et
754 1678 818 1731 iis
847 1692 875 1728 a
903 1676 1093 1742 quibus
1119 1671 1309 1742 cupido
1343 1671 1522 1725 animo
1551 1668 1834 1739 percipitur
1855 1667 2105 1722 sanctita-

547 1782 580 1823 tu
602 1787 652 1825 tn
685 1778 739 1823 et
770 1768 938 1820 lucem
969 1762 1140 1821 affert.

625 1998 985 2053 Venerandam
1033 1997 1353 2051 characteris
1411 1997 1655 2065 Domini,
1699 2001 1799 2055 hoc
1852 2011 1977 2063 est,
2012 2002 2102 2057 Dei

551 2090 729 2151 Verbi,
748 2089 1072 2142 humanitate
1094 2099 1268 2140 nostra
1292 2103 1445 2142 causa
1469 2090 1655 2153 induti,
1672 2091 1899 2161 effigiem
1916 2092 2099 2155 adora,
2126 2090 2151 2115 ⁸

546 2199 663 2235 t‘tltll
694 2181 795 2235 fide
823 2180 1157 2243 exosculans,
1182 2186 1339 2248 atque
1384 2182 1453 2234 ita
1485 2181 1791 2235 existimans
1827 2194 1878 2237 te
1903 2183 2104 2250 ipsuut-

550 2284 659 2327 met
679 2283 979 2327 creatorem
1013 2273 1065 2325 in
1106 2270 1333 2340 imagine
1361 2275 1619 2328 contueri.
1655 2276 1925 2342 Siquidem
1973 2278 2103 2330 ima-

545 2365 682 2435 ginis
714 2364 901 2427 honor,
935 2374 989 2417 ut
1034 2375 1062 2414 a
1112 2376 1296 2419 sancto
1328 2367 1439 2419 viro
1487 2365 1752 2433 proditum
1780 2376 1862 2421 est
1886 2365 2100 2436 (Basil.,

545 2458 637 2510 lib.
667 2458 730 2512 de
757 2458 956 2520 Spiritu
978 2470 1148 2513 sancto
1172 2476 1287 2522 cap.
1316 2458 1424 2526 18),
1457 2458 1521 2512 ad
1551 2459 1820 2525 exemplar
1848 2459 2098 2515 refertur.

549 2546 838 2616 Exemplar
859 2564 1014 2616 porro
1037 2558 1121 2603 est
1146 2549 1194 2603 id
1224 2548 1374 2616 cujus
1421 2548 1594 2616 imago
1633 2549 1920 2619 efﬁngitur,
1946 2559 2102 2617 atque

546 2640 612 2692 ab
638 2654 702 2692 eo
746 2640 1030 2709 derivatur.
1061 2641 1265 2694 Etenim
1315 2654 1435 2693 cum
1475 2639 1731 2708 picturam
1771 2641 1823 2695 itt
1873 2641 2102 2713 imagine

546 2729 834 2793 cernimus,
857 2730 920 2784 ad
946 2745 1121 2784 veram
1148 2732 1388 2793 formam,
1411 2730 1561 2798 cujus
1584 2730 1753 2799 imago
1778 2742 1881 2796 est,
1911 2734 2101 2787 mentis

548 2817 1164 2885 oculistransimns,eum
1187 2820 1274 2887 qui
1294 2828 1471 2874 nostra
1495 2834 1650 2874 causa
1668 2835 1878 2874 carnem
1900 2823 1997 2877 sibi
2015 2823 2108 2876 ad-

548 2909 835 2983 junxigpie
862 2910 1178 2973 adorantes;
1234 2924 1338 2963 non
1371 2911 1468 2980 ipsi
1515 2911 1725 2977 quidem
1767 2913 1982 2979 picturae
2026 2914 2105 2967 di-

550 2984 821 3054 vinitatem
871 3001 1238 3064 attribuentes,
1266 3016 1445 3054 verum
1471 3012 1527 3056 ut
1554 3002 1806 3055 incarnati
1850 3001 1939 3055 Dei
1970 3002 2103 3056 inta-

551 3092 749 3160 ginem,
781 3106 877 3159 pro
909 3101 1090 3145 nostro
1116 3106 1239 3159 erga
1261 3107 1405 3155 eum,
1432 3094 1519 3161 qui
1552 3102 1727 3147 nostra
1757 3109 1917 3149 causa
1944 3096 2103 3150 etiam

2214 569 2381 621 αὐτοῦ
2420 567 2691 639 μαθηταῖς
2721 569 2817 622 καλ⁵
2850 567 3192 630 ἀποστόλοις.
3236 568 3334 621 καὶ
3358 567 3424 620 δι’
3454 568 3637 621 αὐτῶν
3667 569 3818 620 πᾶσι

2216 664 2332 723 τοῖς
2374 663 2456 725 είς
2484 660 2648 714 αὐτὸν
2679 660 3053 723 πιστεύουσιν,
3096 658 3295 712 εἰπών’
3326 660 3536 712 Λάῦετε
3567 660 3666 729 (8),
3696 659 3819 726 φά-

2215 770 2341 821 γετε
2362 769 2375 781 ·
2413 752 2574 806 τοῦτό
2603 754 2721 805 ἐστι
2742 752 2805 805 τὸ
2835 752 2999 821 σῶμά
3044 770 3145 821 μου
3190 752 3252 805 τὸ
3300 752 3442 819 ὑπὲρ
3475 750 3631 821 ὑμῶν
3661 751 3816 801 xlii).

2219 862 2380 919 μενον
2420 845 2497 916 (9)
2536 846 2619 908 εἰς
2652 845 2849 913 ἄφεσιν
2898 843 3203 916 ἁμαρτιῶν.
3261 842 3495 913 Ὁμοίως
3525 841 3584 894 δὲ
3616 841 3710 893 καὶ
3746 839 3816 891 τὸ

2217 940 2477 1008 ποτήριον
2516 935 2697 990 λαϐὼν
2740 936 2976 989 δέδωκεν
3016 936 3223 999 αὐτοῖς,
3256 934 3464 1003 λέγων’
3496 934 3655 986 Πίετε
3684 932 3814 1001 (ιο)

2215 1029 2275 1095 ἐξ
2302 1029 2469 1085 αὐτοῦ
2511 1029 2713 1093 πάντες
2735 1045 2750 1059 ο
2800 1028 2961 1081 τοῦτό
2994 1028 3111 1081 ἐστι
3150 1026 3212 1080 τὸ
3259 1022 3405 1096 αἶμά
3438 1043 3574 1095 μου,
3619 1025 3677 1077 τὸ
3704 1024 3814 1092 τῆς

2216 1122 2411 1193 καινῆς
2457 1122 2752 1192 διαθήκης,
2800 1120 2863 1173 τὸ
2906 1119 3050 1191 ὑπὲρ
3097 1118 3250 1189 ὑμῶν
3298 1117 3667 1188 ἐκχυνὸμενον
3721 1116 3813 1177 εἰς

2214 1217 2411 1283 ἄφεσιν
2456 1214 2779 1285 ἁμαρτιῶν⁸
2818 1212 2980 1265 τοῦτο
3029 1215 3232 1266 ποιεῖτε
3259 1212 3341 1273 εἰς
3365 1210 3464 1281 τὴν
3500 1207 3642 1277 ἐμὴν
3669 1208 3811 1260 ἀνά-

2219 1327 2417 1380 μνησιν
2462 1308 2599 1379 (Η).
2642 1307 2817 1368 Αὐτὸς
2863 1301 2960 1360 οῦν
3007 1308 3037 1359 ὁ
3070 1305 3243 1373 Λόγος
3275 1302 3368 1357 τοῦ
3406 1302 3547 1355 Θεοῦ
3588 1301 3752 1372 166
3778 1300 3810 1351 ό

2215 1403 2344 1469 ζῶν,
2376 1405 2473 1458 καὶ
2497 1402 2727 1472 ἐνεργὴς
2757 1402 2890 1470 (l2),
2917 1402 3013 1454 καὶ
3038 1401 3218 1454 πάντα
3248 1398 3423 1451 ποιῶν
3474 1400 3545 1468 τῇ
3576 1396 3811 1465 δυνάμει

2216 1496 2406 1560 αὑτοῦ,
2445 1498 2589 1549 ποιεῖ
2617 1498 2712 1550 καὶ
2749 1494 3151 1567 μετασκευάζει
3195 1494 3283 1547 διὰ
3314 1496 3415 1565 τῆς
3451 1493 3607 1554 θείας
3648 1495 3807 1561 ὲνερ-

2214 1590 2370 1657 γείας
2398 1590 2489 1642 τὸν
2524 1590 2691 1660 ἄρτον
2723 1590 2818 1643 καὶ
2844 1590 2939 1643 τὸν
2977 1584 3122 1643 οἶνον
3159 1589 3260 1659 τῆς
3286 1589 3614 1658 προσφορᾶς
3645 1586 3810 1656 σῶμα

2214 1682 2381 1735 αὑτοῦ
2418 1684 2514 1736 καὶ
2542 1677 2703 1754 αἷμα,
2743 1685 2809 1752 τῇ
2848 1682 3192 1752 ἐπιφοιτήσει
3222 1679 3315 1734 τοῦ
3352 1681 3511 1747 ἁγίου
3546 1679 3806 1747 Πνεῦμα-

2213 1793 2325 1839 τος,
2353 1778 2434 1839 είς
2463 1774 2734 1846 ἁγιασμόν
2765 1775 2863 1828 καὶ
2906 1773 3185 1844 φωτισμὸν
3204 1772 3313 1825 τῶν
3343 1773 3494 1841 πόθῳ
3524 1770 3809 1841 μεταλαμ-

2217 1868 2513 1923 ϐανόντων.

2284 1979 2590 2050 Προσκύνει
2626 1977 2835 2041 πιστῶς
2879 1976 3058 2048 τιμῶν
3088 1976 3183 2030 καὶ
3210 1974 3596 2045 ἀσπαζόμενος
3620 1972 3684 2025 τδ
3710 1991 3805 2026 σε·

2213 2069 2445 2139 ὁάσμιον
2485 2069 2789 2140 ὲκτύπωμα
2822 2068 2915 2122 τοῦ
2958 2066 3292 2123 Δεσποτικοῦ
3322 2066 3680 2137 χαρακτῆρος
3706 2064 3804 2119 τοῦ

2211 2162 2279 2214 δι’
2308 2164 2455 2232 ἡμᾶς
2485 2161 3003 2232 ἐνανθρωπήσαντος
3027 2160 3162 2213 Θεοῦ
3195 2160 3390 2228 Λόγου,
3431 2159 3598 2213 αὑτὸν
3628 2156 3805 2209 δοκῶ-ι

2212 2254 2304 2306 τὸν
2338 2254 2581 2324 Κτίστην
2604 2256 2736 2325 ὁρᾷν
2780 2257 2839 2306 ὲν
2871 2257 2936 2324 τῇ
2965 2253 3157 2307 εἰκόνι.
3195 2252 3258 2305 Ἦ
3291 2252 3427 2321 τιμὴ
3459 2252 3571 2319 γὰρ
3598 2249 3697 2317 τῆς
3726 2252 3803 2301 εί-

2214 2345 2392 2410 κόνος,
2428 2347 2561 2415 φησί
2596 2363 2680 2408 τις
2708 2346 2821 2415 (15)
2851 2345 2960 2398 τῶν
2989 2344 3181 2413 ἁγίων,
3215 2344 3309 2396 ἐπὶ
3334 2343 3393 2395 τὺ
3437 2340 3803 2413 πρωτότυπον

2212 2434 2508 2488 διαϐαίνει·
2548 2436 2905 2505 πρωτότυπον
2942 2433 3000 2487 δέ
3035 2435 3152 2486 ἐστι
3183 2430 3243 2484 τὸ
3277 2430 3709 2500 είκονιζὸμενον,
3742 2428 3801 2493 ἐξ

2212 2522 2272 2582 οῦ
2298 2528 2360 2580 τὺ
2393 2528 2727 2598 παραγωγον
2752 2526 2987 2594 γίνεται.
3021 2525 3132 2595 Τὴν
3151 2525 3260 2595 γὰρ
3285 2525 3341 2575 ὲν
3368 2522 3538 2575 εἰκόνι
3572 2519 3798 2590 βλέπον-

2211 2637 2302 2683 τες
2340 2619 2581 2690 γραφὴν,
2604 2621 2716 2684 τοῖς
2744 2619 2839 2672 τοῦ
2877 2619 2994 2682 νοὸς
3025 2617 3324 2687 ὀφθαλμοῖς
3354 2614 3495 2685 ripe;
3529 2614 3630 2685 τὴν
3663 2613 3798 2681 ἀλη-

2213 2713 2366 2783 θινὴν
2404 2711 2754 2781 διαὸαίνομεν
2792 2709 2937 2763 ἰδέαν
2979 2702 3041 2763 οὗ
3084 2710 3233 2761 ἐστιν
3264 2709 3297 2778 ἡ
3332 2703 3521 2766 εἰκὼν,
3556 2703 3801 2765 εὐσεϐῶς

2214 2802 2647 2873 προσκυνοῦντες
2679 2800 2777 2871 τὴν
2825 2798 2919 2852 τοῦ
2962 2799 3031 2852 δι’
3060 2799 3207 2870 ἡμᾶς
3242 2795 3622 2866 σαρκωθέντος
3664 2809 3799 2863 μορ-

2212 2896 2343 2965 φὴν,
2379 2896 2438 2947 οὐ
2467 2892 2901 2964 θεοποιούμενοι,
2928 2890 3045 2945 ἀλλ’
3089 2889 3164 2951 ὼς
3208 2890 3394 2941 εἰκόνα
3439 2885 3534 2939 τοῦ
3579 2903 3800 2957 σαρκω-

2212 2984 2399 3046 θέντος
2425 2982 2560 3036 Θεοῦ
2606 2980 3112 3050 κατασπαζόμενοι,
3156 2977 3307 3049 πόθῳ
3340 2976 3434 3029 καὶ
3481 2975 3673 3046 ἀγάπῃ
3705 2972 3797 3026 τοῦ

2211 3077 2553 3139 κενώσαντος
2596 3074 2789 3127 ἑαυτὸν
2827 3073 2895 3126 δι’
2923 3074 3072 3143 ἡμᾶς
3114 3072 3276 3142 μέχρι
3312 3071 3407 3123 καὶ
3436 3068 3629 3122 δούλου
3666 3083 3799 3136 μορ-

551 3197 720 3250 usque
738 3183 804 3236 ad
830 3184 966 3237 servi
993 3183 1211 3237 formam
1241 3197 1361 3238 sese
1381 3184 1688 3251 exinanivit,
1718 3201 1896 3242 anmre
1922 3202 1985 3241 ac
2010 3188 2102 3242 he-

2212 3172 2315 3241 φῆς
2350 3169 2460 3241 (14)
2485 3184 2497 3197 ·
2545 3167 2745 3238 ὁμοίως
2793 3167 2888 3219 καὶ
2928 3166 3026 3237 τῆς
3058 3164 3331 3235 ἀχράντου
3358 3161 3587 3233 Μητρὸς
3627 3158 3797 3213 αὑτοῦ

551 3270 842 3326 nevolentia
896 3274 1328 3340 cumplectentes.
1370 3274 1671 3343 Eodemque
1743 3277 1900 3331 modo
1944 3278 2102 3333 etimt

550 3378 694 3430 pura:
746 3364 911 3432 ipsius
966 3364 1168 3429 Matris,
1191 3375 1349 3435 atque
1395 3367 1629 3421 omnium
1676 3378 1979 3423 sanctorum
2028 3371 2107 3424 cf-

549 3452 719 3522 ﬁgies,
742 3453 924 3508 eadem
949 3454 1155 3509 ratione
1202 3457 1581 3526 complectens,
1608 3466 1767 3524 atque
1823 3461 1944 3513 item
1977 3461 2106 3513 vivi-

549 3543 664 3595 ἥρω
707 3558 768 3596 ac
798 3546 1110 3597 venerandae
1161 3548 1331 3599 crucis
1361 3555 1541 3616 typum
1573 3546 1676 3600 ﬁde
1698 3548 1947 3612 adorans,
1976 3566 2103 3604 exo-

549 3632 789 3699 sculare,
816 3634 883 3685 ob
922 3633 1189 3686 Christum
1233 3635 1477 3689 videlicet
1523 3650 1585 3689 ac
1628 3636 1793 3690 Deum
1834 3649 1889 3691 et
1919 3639 2103 3693 tnundi

550 3722 903 3785 Servatorem,
933 3723 1021 3788 qui
1068 3724 1254 3777 salutis
1305 3735 1500 3779 nostra:
1531 3741 1692 3780 causa
1721 3742 1880 3783 carne
1909 3729 1960 3781 in
1992 3732 2105 3796 ipsa

550 3823 838 3875 suspensus
888 3819 989 3873 est,
1024 3812 1279 3881 nobisque
1318 3815 1383 3868 ad
1414 3818 1685 3871 victoriam
1716 3820 1973 3875 adversus
1994 3822 2109 3875 dia-

552 3901 728 3955 bolum
779 3903 1119 3958 obtinendam
1172 3906 1270 3959 hoc
1318 3907 1525 3975 signum
1573 3909 1737 3964 dedit.
1774 3912 2109 3969 Cohorrescit

552 3993 693 4047 enim
744 3993 831 4048 ille
872 4008 935 4049 ac
987 4006 1214 4052 tremore
1258 3997 1504 4064 afﬁcitur,
1557 4001 1720 4069 ipsius
1771 4005 1876 4056 vim
1916 4005 2103 4059 intueri

554 4083 770 4138 minime
814 4087 1101 4141 sustinens.
1146 4088 1199 4141 In
1223 4087 1305 4143 his
1357 4092 1707 4159 dogmatibus,
1729 4103 1884 4163 atque
1915 4095 2097 4164 hujus-

552 4172 693 4226 t‘nodi
723 4173 826 4227 ﬁde
847 4174 1218 4243 baptizaberis,
1242 4192 1357 4231 eam
1389 4182 1698 4235 mutationis
1723 4184 1897 4237 omnis
1916 4199 2106 4252 exper-

552 4276 683 4329 tcm,
710 4274 867 4335 atque
917 4267 982 4319 ab
1008 4267 1151 4322 omni
1183 4268 1370 4323 haeresi
1416 4286 1598 4339 puram
1629 4288 1795 4338 usque
1844 4276 1908 4327 att
1931 4286 2103 4328 ειη-«ιο

552 4370 693 4406 mum
722 4355 844 4409 vitae
874 4358 1114 4424 spiritum
1146 4360 1380 4413 retinens
1405 4379 1417 4412 :
1446 4378 1655 4416 omnem
1696 4375 1870 4418 autent
1910 4366 2106 4420 doctri-

552 4458 864 4513 natn,atqne
879 4447 1053 4498 omnia
1072 4448 1335 4514 dogmata,
1356 4465 1472 4518 quae
1502 4453 1621 4506 huic
1645 4468 1673 4505 a
1696 4455 2105 4519 reprehensione

2206 3265 2303 3317 καὶ
2348 3262 2567 3315 πάντων
2606 3259 2713 3313 τῶν
2764 3259 2936 3329 ἁγίων
2971 3258 3042 3310 τὰ
3088 3256 3460 3325 ὲκτυπώματα
3512 3252 3693 3322 τούτῳ
3720 3252 3799 3321 τῷ

2206 3356 2353 3426 λόγῳ
2399 3354 2923 3425 περιπτυσσόμενοι.
2966 3350 3247 3412 Ὡσαύτως
3276 3348 3331 3401 δὲ
3367 3348 3460 3401 καὶ
3496 3348 3591 3400 τὸν
3628 3348 3797 3401 τόπον

2206 3447 2302 3502 τοῦ
2333 3444 2601 3511 ξωοποιοῦ
2633 3447 2729 3498 καὶ
2776 3444 3075 3514 σεϐασμίου
3119 3441 3359 3514 σταυροῦ
3404 3441 3590 3494 πίστει
3630 3446 3795 3511 προσ·

2207 3538 2389 3593 κυνῶν
2435 3535 2792 3600 κατασπάζου
2839 3534 2928 3589 διὰ
2973 3535 3064 3588 τὸν
3111 3532 3502 3604 κρεμασθέντα
3541 3535 3601 3585 ὲν
3648 3530 3795 3600 αὐτῷ

2209 3628 2375 3701 σαρκὶ
2405 3627 2560 3699 167
2594 3628 2687 3681 ἐπὶ
2722 3627 2967 3697 σωτηρίᾳ
3000 3624 3094 3678 τοῦ
3129 3625 3320 3694 γένους
3360 3622 3520 3694 ημῶν
3560 3622 3794 3693 Χριστὸν

2206 3721 2298 3776 τὸν
2327 3720 2461 3773 Θεὸν
2507 3722 2604 3772 καὶ
2645 3719 2877 3789 Σωτῆρα
2914 3717 3010 3771 τοῦ
3056 3717 3288 3787 κόσμου,
3342 3716 3437 3772 καὶ
3473 3716 3638 3768 δόντα
3666 3717 3792 3786 ἡμῖν

2206 3811 2394 3867 τοῦτον
2423 3808 2696 3880 σύμϐολον
2724 3808 2826 3877 τῆς
2852 3810 2993 3863 κατά
3015 3807 3108 3861 τοῦ
3130 3806 3379 3861 διαϐόλου
3412 3806 3572 3876 νίκης
3596 3823 3611 3836 ο
3643 3807 3787 3875 φρίτ-

2204 3923 2287 3958 τει
2317 3906 2429 3977 γὰρ
2478 3906 2569 3959 καὶ
2605 3903 2831 3975 τρέμει,
2869 3900 2944 3972 μὴ
2973 3901 3156 3971 φέρων
3191 3899 3455 3970 καθορᾷν,
3488 3898 3660 3951 αὑτοῦ
3696 3896 3786 3967 τὴν

2205 3996 2455 4067 δύναμιν.
2521 3996 2609 4049 Ἐν
2649 3997 2762 4058 τοῖς
2806 3994 3071 4054 τοιούτοις
3108 3991 3342 4062 δόγμασι
3375 3990 3470 4045 καὶ
3503 3992 3649 4059 μετά
3687 4008 3788 4043 τοι·

2206 4088 2376 4158 αύτης
2410 4091 2645 4151 πίστεως
2686 4085 3105 4158 βασπτισθῄσῃ,
3134 4084 3405 4155 ἄτρεπτον
3436 4082 3650 4152 ταύτην
3698 4083 3788 4135 καὶ

2206 4181 2382 4251 ἁμιγῆ
2425 4182 2609 4250 πάσης
2656 4178 2923 4250 αἱρέσεως
2977 4176 3262 4246 φυλάττων
3310 4174 3511 4247 μέχρις
3555 4175 3786 4243 ἐσχάτης

2206 4273 2501 4342 ἀναπνοῆς.
2541 4271 2727 4325 Πᾶσαν
2768 4270 2825 4324 δὲ
2851 4268 3197 4323 διδασκαλίαν
3240 4268 3337 4321 καὶ
3367 4270 3555 4321 πᾶσαν
3587 4268 3790 4336 δογμα-

2206 4367 2364 4435 τικὴν
2394 4363 2600 4434 φωνὴν,
2630 4363 2805 4435 ταύτῃ
2835 4364 2902 4433 τῇ
2936 4362 3223 4432 ἀμωμήτῳ
3273 4360 3681 4429 ἀνθισταμένην
3705 4359 3787 4410 πίε

2209 4473 2346 4518 στει,
2371 4454 2684 4525 βδελύσσου,
2712 4454 2809 4507 καὶ
2838 4452 3191 4524 ἀλλοτρίωσιν
3220 4451 3435 4520 λογίζου
3465 4447 3611 4504 εἶναι
3633 4451 3781 4504 Θεοῦ.

552 4532 741 4585 alienae
769 4533 888 4585 fidei
913 4534 1274 4599 adversantur,
1300 4552 1599 4603 exserrare,
1627 4549 1786 4603 atque
1839 4543 2102 4595 abaliena-

2212 4546 2344 4615 Φησὶ
2377 4545 2486 4616 γὰρ
2516 4546 2545 4597 ὁ
2582 4546 2903 4608 Ἀπόστολος
2931 4545 3043 4614 (15)
3062 4583 3076 4608 ,
3107 4545 3188 4597 ὅτι
3222 4542 3339 4596 Κᾶν
3369 4545 3537 4613 ἡμεῖς
3564 4544 3599 4614 ἢ
3629 4540 3788 4612 ἄγγε-

556 4623 750 4674 tionem
780 4637 808 4674 a
842 4622 948 4676 Deo
1000 4639 1119 4678 esse
1171 4627 1433 4681 existima.
1462 4628 1550 4682 Ait
1597 4630 1736 4683 enim
1781 4633 2102 4697 Apostolus:

556 4712 773 4766 Etiamsi
803 4714 1032 4781 Angelus
1062 4716 1130 4769 de
1159 4719 1294 4770 οιιςιο
1338 4718 1663 4785 evangelizet
1685 4720 1831 4772 vobis
1885 4730 2105 4786 praeter-

552 4816 710 4868 quam
761 4804 899 4872 quod
963 4805 1434 4871 evangelizavmms
1485 4808 1672 4869 vobis,
1713 4807 1992 4861 anathema
2038 4810 2107 4861 sit

549 4888 694 4957 (Gal.
723 4893 782 4960 ι).
815 4893 995 4961 Neque
1021 4897 1161 4949 enim
1209 4895 1349 4948 aliud
1396 4907 1475 4949 est
1508 4895 1868 4966 Evangelium,
1892 4906 1981 4952 aut
2005 4900 2105 4952 alia

604 5102 683 5175 (8)
715 5101 913 5175 galatth.
950 5119 1099 5168 xxvr,
1121 5101 1213 5157 26.

624 5178 678 5243 9)
715 5172 730 5226 Ι
760 5174 930 5243 Epist.
956 5177 1022 5227 ad
1054 5176 1180 5228 αυτ.
1209 5188 1287 5238 XI,
1316 5173 1406 5227 24.

629 5246 709 5315 l0)
738 5244 928 5315 Matth.
954 5260 1100 5298 xxvi.
1124 5244 1214 5309 Ξῖ,
1245 5244 1337 5299 28.

632 5314 713 5383 ll)
742 5314 761 5367 l
791 5316 961 5383 Epist.
999 5315 1063 5367 atl
1096 5317 1223 5368 Cor.
1258 5330 1334 5383 XI,
1365 5315 1457 5370 25.

632 5328 713 5383 ιι)
742 5328 761 5367 ι
791 5328 961 5383 Eptst.
999 5328 1063 5367 att
1096 5328 1223 5368 Lor.
1258 5330 1334 5383 XI,
1365 5328 1444 5369 ‘25.

626 5386 712 5455 12)
750 5385 919 5453 Epist.
952 5387 1018 5438 ad
1049 5384 1211 5438 llcbr.
1242 5400 1312 5451 tv,
1356 5388 1444 5441 12.

599 5328 711 5527 Ξίό)
749 5452 922 5527 Verba
951 5465 1079 5527 sunt
1108 5453 1312 5527 Basilii,
1346 5467 1444 5510 test

2205 4636 2295 4700 λος
2326 4636 2385 4703 ἐξ
2409 4635 2642 4706 ούρανοῦ
2670 4634 3092 4705 εὐαγγελίζηται
3117 4635 3244 4705 ὑμῖν
3270 4635 3398 4704 παρ’
3435 4634 3464 4686 ὃ
3498 4635 3787 4705 εὐηγγελι-

2208 4728 2423 4797 σάμεθα
2474 4729 2625 4799 ὑμῖν,
2670 4725 2923 4797 ἀνάθεμα
2972 4726 3132 4779 ἔστω.
3185 4724 3301 4779 Οὐκ
3332 4724 3448 4778 ἔστι
3495 4726 3611 4796 γὰρ
3665 4725 3786 4778 ἀλλο

2208 4816 2542 4884 Εὐαγγέλιον
2586 4815 2677 4869 καὶ
2723 4815 2858 4887 ἄλλη
2890 4816 3095 4880 πίστις,
3127 4815 3269 4886 πλὴν
3312 4816 3346 4886 ἡ
3375 4814 3465 4867 διὰ
3500 4815 3615 4868 τῶν
3653 4817 3785 4869 ἀπο-

2209 4908 2413 4962 στόλων
2454 4906 2813 4980 κηρυχθεῖσα,
2846 4907 2942 4962 καὶ
2972 4907 3063 4961 διὰ
3089 4907 3197 4961 τῶν
3223 4906 3499 4978 θεοφόρων
3526 4907 3784 4978 Πατέρων

627 5452 711 5531 15)
749 5452 922 5531 Verba
946 5465 1079 5531 sunt
1108 5453 1478 5531 Basilii,_teste
1523 5455 2103 5531 JoanneDamasceno
2130 5467 2267 5513 orat.
2295 5461 2329 5517 5
2368 5476 2465 5530 pro
2488 5462 2712 5531 imagg.,
2744 5460 2874 5513 edit.
2922 5458 3182 5531 Majoﬁrani
3233 5474 3355 5528 pag.
3402 5458 3544 5513 157:
3593 5456 3657 5508 Ἡ
3680 5452 3779 5523 fit)

526 5522 625 5596 τῆς
666 5522 817 5596 six...
850 5522 1136 5596 διαϐαίνει,
1192 5526 1374 5588 καθώς

1418 5530 1644 5599 φησινῌὸ
1679 5527 1820 5589 θεῖος
1868 5527 2170 5590 Βασίλειος.
2205 5531 2269 5583 Et
2314 5527 2531 5585 iit-orat.
2588 5527 2720 5599 (ξι).
2750 5530 2840 5594 55,
2868 5527 3015 5585 orat.
3046 5530 3102 5594 2,

3165 5546 3216 5599 p.
3248 5532 3337 5593 88,
3390 5532 3618 5599 recitata,
3663 5534 3779 5577 sunt

528 5594 715 5673 eadem
754 5595 926 5672 verba
945 5594 1203 5673 disertius
1232 5612 1294 5648 ex
1328 5594 1507 5649 Basilii
1563 5596 1846 5666 Capitibus
1880 5602 1946 5651 ad
1993 5600 2428 5667 Amphilochium
2456 5606 2521 5656 de
2564 5594 2630 5655 S.
2658 5594 2716 5655 Β.
2753 5617 2873 5670 cap.
2910 5603 2995 5656 19.
3036 5594 3341 5656 Editionem
3392 5598 3776 5655 Garnerianant

527 5666 846 5737 indicarem,
886 5664 1098 5737 sifore}
1122 5667 1195 5737 ad
1228 5682 1440 5730 manus,
1477 5677 1532 5721 et
1567 5664 1684 5722 eam
1714 5682 1960 5737 quaerere
1990 5664 2122 5722 tanti
2150 5681 2417 5737 putarent.

737 5732 976 5812 Epistola
1120 5734 1509 5812 ιξιιὶιηλμυηδεε,
1540 5751 1597 5805 ιι,
1633 5739 1662 5790 7
1694 5732 1979 5792 ;”Εαυτὺν
2014 5741 2102 5792 ὲκέ

2212 5757 2272 5807 te,
2306 5741 2523 5812 μορφὴν
2555 5739 2745 5794 δούλου
2776 5740 2978 5795 λαϐών.

595 5804 707 5876 (15)
744 5805 913 5873 Epist.
953 5807 1018 5858 ad
1054 5804 1173 5859 Gal.
1203 5820 1240 5869 ι,
1272 5806 1324 5859 8.
