4042 6440
265 392 417 455 1033

1362 387 1540 448 νιΤΑ
1572 384 1931 445 BARLAAM
1969 385 2064 444 ET
2100 386 2450 448 JOASAPH.

3380 402 3513 468 1034

251 497 323 550 ἐν
358 498 639 570 διαφόροις
678 500 920 565 συνόδοις
946 500 1330 571 βεϐαιωθεῖσα,
1362 506 1455 559 καὶ
1483 506 1549 576 τῇ
1578 504 1837 575 καθολικῇ

1961 514 2113 580 ﬁdes,
2137 512 2329 583 prmtér
2355 528 2472 569 eam
2501 528 2615 583 qua:
2642 513 2708 568 ab
2736 511 2989 584 apostolis
3020 510 3297 580 praedicata
3317 548 3331 575 ,
3351 516 3509 579 atque

264 591 583 663 Ἐκκλησία
618 592 979 663 βεϐαιωθεῖσα
1006 596 1140 665 (16).

334 683 526 736 Ταῦτα
572 683 745 738 είπὼν
787 686 817 738 ό
867 687 1154 758 Βαρλαάμ,
1214 687 1310 742 καὶ
1353 690 1415 743 τὸ
1470 690 1574 761 τῆς
1607 690 1847 752 πίστεως

251 772 541 844 σύμϐολον
568 775 629 829 τὸ
657 777 878 832 ἐκτεθὲν
907 780 965 832 ἐν
992 782 1058 851 τῇ
1089 779 1230 835 κατά
1274 781 1512 836 Νίκαιαν
1538 782 1741 853 συνόδῳ
1765 782 1845 835 δι-

247 864 439 931 δάξας
464 867 556 921 τὸν
586 868 682 921 τοῦ
724 868 993 938 βασιλέως
1028 872 1164 938 υίδν,
1196 872 1493 928 ἐϐάπτισεν
1536 874 1699 928 αὑτὸν
1730 874 1844 945 (17)

248 953 344 1016 είς
371 956 434 1009 τὸ
460 956 629 1027 ὄνομα
658 959 755 1012 τοῦ
776 960 1009 1030 Πατρδς,
1030 962 1125 1014 καὶ
1151 960 1246 1015 τοῦ
1272 962 1425 1029 Υἱοῦ,
1455 962 1664 1025 καὶτοῦ
1689 961 1843 1031 ἀγίου

249 1045 588 1116 Πνεῦματος
621 1049 703 1111 είς
719 1049 818 1118 τὴν
846 1050 1234 1123 κολυμϐήθραν
1266 1052 1361 1106 τοῦ
1402 1051 1597 1116 ὕδατος
1622 1053 1723 1124 τὴν
1754 1050 1844 1105 οὗ·

250 1150 370 1189 σαν
405 1138 461 1189 ἐν
490 1137 567 1207 τῷ
600 1140 911 1207 παραδείσῳ
950 1132 1136 1198 αὐτοῦ.
1168 1144 1278 1197 Καὶ
1302 1138 1466 1214 ἦλθεν
1498 1144 1585 1197 ἐπ’
1616 1144 1779 1198 αὐτὸν
1807 1143 1842 1215 ἡ

247 1225 431 1296 χάρις
461 1227 557 1281 τοῦ
600 1228 758 1296 ἁγίου
804 1230 1142 1300 Πνεῦματος.
1187 1233 1531 1287 Ἐπανελθὼν
1560 1234 1616 1287 δέ
1642 1235 1721 1295 είς
1751 1234 1843 1288 τὸν

246 1315 433 1369 αὑτοῦ
468 1317 720 1385 κοιτῶνα,
748 1321 843 1373 καὶ
879 1322 980 1391 τὴν
1004 1322 1155 1392 ίερᾶιν
1189 1324 1513 1387 ἐπιτελέσας
1553 1342 1844 1395 μυσταγω-

245 1403 395 1470 γίαν
431 1407 531 1476 τῆς
575 1411 914 1480 ἀναιμάκτου
963 1412 1173 1477 θυσίας,
1209 1416 1515 1485 μετέδωκεν
1560 1416 1707 1486 αὑτῷ
1733 1416 1844 1469 τῶν

247 1497 553 1568 ἁχράντων
580 1501 675 1554 τοῦ
717 1503 955 1573 Χριστοῦ
988 1507 1325 1578 μυστηρίων,
1364 1509 1524 1579 168
1547 1510 1642 1561 καὶ
1670 1512 1845 1579 ἠγαλ-

246 1588 490 1645 λιάσατο
513 1592 625 1663 (18)
648 1593 725 1665 τῷ
746 1595 1047 1667 Πνεῦματι,
1071 1597 1230 1663 δόξαν
1255 1600 1596 1671 ἀναπέμπων
1622 1600 1844 1674 Χριστῷ

246 1678 341 1750 τῷ
378 1681 514 1751 Θεῷ.

333 1769 477 1826 Eine
497 1773 555 1826 δὲ
575 1775 711 1844 πρὸς
728 1775 891 1830 αὑτὸν
907 1779 935 1831 ό
956 1777 1222 1851 Βαρλαάμ
1244 1781 1378 1852 (19)·
1396 1783 1707 1855 Εὐλογητὸς
1729 1785 1841 1855 (20)

1960 618 1988 655 ιι
2020 603 2209 657 divinis
2252 603 2495 657 Patribus
2537 603 2590 656 in
2620 603 2779 656 variis
2807 601 3045 656 conciliis
3066 598 3373 655 conﬁrmata
3403 610 3510 652 εει,

2029 693 2153 747 Haec
2171 709 2293 748 cum
2323 693 2542 749 dixisset
2570 694 2830 760 Barlaam,
2860 704 3017 763 atque
3056 692 3182 746 illud
3214 690 3337 745 ﬁdei
3363 705 3512 758 sym-

1960 783 2160 849 bolum,
2187 786 2327 853 quod
2376 786 2429 839 in
2473 785 2688 841 Nicmno
2736 787 2962 841 concilio
2988 784 3189 838 editum
3235 792 3339 849 est,
3371 781 3513 850 regis

1960 870 2071 926 tilio
2096 875 2459 937 exposuisset.
2498 875 2552 929 in
2600 875 2819 930 nomine
2895 872 3075 931 Patris
3138 879 3195 927 et
3311 871 3431 927 Filii
3462 882 3516 924 et

1962 972 2193 1039 Spiritus
2245 969 2430 1035 sancti,
2455 985 2577 1026 eum
2620 973 2671 1025 in
2703 970 2903 1039 piscina
2950 984 3067 1039 quae
3088 969 3141 1024 in
3169 969 3335 1041 ipsius
3358 970 3516 1029 horto

1957 1069 2075 1116 erat
2102 1059 2409 1125 baptizavit,
2439 1074 2503 1113 ac
2549 1074 2711 1128 super
2735 1074 2855 1114 eum
2882 1060 3106 1128 Spiritus
3127 1059 3299 1115 sancti
3342 1064 3511 1129 gratia

1955 1150 2119 1204 venit.
2143 1147 2381 1218 Cumque
2422 1148 2489 1203 ad
2530 1150 2692 1220 ipsius
2717 1149 3021 1205 cubiculum
3070 1147 3338 1215 rediisset,
3359 1160 3517 1219 atque

1958 1236 2219 1292 incruenti
2263 1236 2509 1291 sacriﬁcii
2568 1254 2775 1293 sacrum
2821 1238 3147 1307 peregisset,
3179 1236 3517 1292 immaculata

1955 1324 2150 1380 Christi
2200 1327 2455 1395 mysteria
2486 1325 2586 1395 ipsi
2627 1326 2935 1394 impertivit.
2966 1325 3259 1395 Posteaque
3280 1326 3371 1381 ille
3400 1328 3513 1394 spi-

1955 1418 2058 1469 ritn
2109 1416 2428 1482 exsultabat,
2450 1415 2719 1470 Christum
2777 1416 2941 1470 Deum
2983 1415 3138 1471 laude
3160 1428 3322 1487 atque
3349 1418 3517 1487 gloria

1955 1505 2211 1560 alliciens.

2009 1780 2147 1835 Dixit
2172 1792 2348 1837 autem
2375 1782 2443 1837 ad
2470 1798 2590 1838 eum
2618 1785 2858 1841 Barlaam
2900 1802 2918 1842 :
2960 1788 3277 1846 Benedictus
3329 1792 3502 1860 Deus,

247 1862 280 1913 ὁ
316 1861 455 1923 Θεὸς
504 1863 599 1915 καὶ
646 1864 839 1936 Πατὴρ
878 1866 972 1920 τοῦ
1016 1869 1223 1941 Κυρίου
1275 1872 1434 1941 ἡμῶν
1490 1852 1666 1945 Ἰησοῦ
1703 1852 1837 1947 itch

1939 1879 1991 1923 ct
2019 1869 2175 1926 Pater
2206 1871 2414 1927 Domini
2444 1877 2615 1930 nostri
2658 1876 2783 1931 Jesu
2822 1877 3035 1945 Christi,
3066 1882 3159 1950 qui
3182 1897 3277 1952 pro
3304 1884 3505 1955 ingenti

251 1952 414 2016 στοῦ,
469 1954 496 2004 ό
542 1953 685 2007 κατά
720 1955 781 2007 τὸ
814 1956 948 2009 πολὺ
992 1957 1142 2023 ἔλεος
1170 1961 1338 2014 αὐτοῦ
1371 1964 1741 2038 ἀναγεννήσας
1778 1983 1841 2020 σε

250 2047 341 2108 εις
394 2047 586 2101 ἐλπίδα
638 2049 841 2115 ζῶσαν,
889 2054 967 2117 είς
1020 2055 1387 2129 κληρονομίαν
1435 2060 1713 2131 ἄφθαρτον
1746 2064 1841 2118 καὶ

250 2136 545 2204 ἀμίαντον,
577 2141 673 2193 καὶ
696 2142 1031 2212 ἀμάραντον,
1061 2150 1442 2220 τετηρημένην
1470 2152 1528 2204 ἐν
1566 2153 1836 2223 οὐρανοῖς,

252 2227 318 2277 ἐν
369 2228 588 2299 Χριστῷ
633 2231 811 2300 Ἰησοῦ
856 2233 934 2303 τῷ
975 2236 1163 2307 Κυρίῳ
1193 2240 1350 2308 ἡμῶν
1391 2240 1477 2294 διὰ
1522 2241 1840 2313 Πνεύματος

252 2319 443 2385 ἁγίου.
488 2322 737 2391 Σήμερον
779 2326 886 2398 γὰρ
933 2326 1318 2399 ἐλευθερωθεὶς
1371 2335 1480 2386 ἀπὸ
1513 2336 1612 2404 τῆς
1658 2336 1839 2406 ἁμαρ-

252 2412 402 2475 τίας,
439 2413 743 2484 ἐδουλώθης
778 2417 860 2487 τῷ
896 2418 1014 2490 Θεῷ
1053 2422 1188 2490 (21),
1238 2424 1329 2477 τὸν
1359 2426 1656 2497 ἀρραϐῶνα
1685 2426 1839 2492 δεξά-

260 2520 429 2573 μενος
457 2507 557 2575 τῆς
590 2509 809 2562 αἰωνίου
854 2511 1021 2583 ζωῆς,
1062 2515 1175 2578 καὶ,
1207 2515 1268 2568 τὸ
1311 2519 1501 2581 σκότος
1532 2519 1835 2585 ἀπολιπὼν,

256 2597 380 2662 φῶς
436 2598 669 2652 ἐνεδύσω
727 2601 878 2671 (22),
933 2608 1265 2675 καταταγεὶς
1330 2611 1410 2672 είς
1467 2610 1564 2681 τὴν
1619 2612 1837 2665 ἐλευθεο

258 2686 389 2755 ρίαν
415 2687 527 2756 (25)
553 2690 652 2758 τῆς
673 2690 833 2761 δόξης
853 2694 960 2747 τῶν
984 2697 1192 2751 τέκνων
1216 2698 1309 2751 τοῦ
1340 2699 1495 2755 Θεοῦ.
1526 2702 1679 2755 Ὅσοι
1704 2703 1835 2773 γὰρ,

256 2780 435 2848 φησὶν
470 2781 604 2850 (24),
640 2784 832 2838 ἔλαϐον
881 2788 1065 2851 αὐτὸν,
1117 2791 1318 2845 ἔδωκεν
1360 2793 1543 2856 αὐτοῖς
1590 2795 1837 2861 ἐξουσίαν

252 2871 431 2923 τέκνα
468 2871 600 2925 Θεοῦ
628 2876 903 2942 γενέσθαι,
941 2881 1054 2942 τοῖς
1082 2882 1427 2937 πιστεύουσιν
1453 2887 1534 2949 είς
1576 2889 1638 2941 τὸ
1664 2888 1837 2960 ὄνομα

253 2961 466 3014 αὐτοῦ·
512 2963 650 3018 ὥστε
691 2967 803 3039 (25)
843 2970 1025 3025 οὐκέτι
1075 2969 1128 3025 εί
1170 2974 1389 3042 δοῦλος,
1426 2978 1542 3031 ἀλλ’
1586 2980 1703 3043 υίὸς
1742 2982 1837 3036 καὶ

254 3052 600 3127 κληρονόμος
644 3058 779 3113 Θεοῦ
826 3061 917 3115 διὰ
966 3063 1139 3134 Ἰησοῦ
1181 3068 1417 3136 Χριστοῦ
1449 3071 1508 3125 ἐν
1551 3072 1836 3144 Πνεύματι

1937 1973 2031 2013 sua
2076 1961 2438 2017 misericordia
2470 1969 2801 2033 regeneravit
2839 1968 2892 2023 in
2934 1976 2985 2022 te
3022 1984 3171 2036 spem
3219 1972 3417 2039 vivam,
3447 1975 3503 2030 in

1938 2050 2299 2106 hereditatem
2326 2054 2803 2123 incorruptibilem,
2835 2067 2889 2112 et
2929 2059 3417 2129 incontaminatam,
3447 2076 3505 2118 et

1937 2141 2457 2211 immarcescibilem,
2504 2159 2868 2203 conservatam
2916 2151 2969 2204 in
3011 2153 3162 2208 CtBliS
3200 2153 3254 2209 in
3293 2154 3503 2211 Christo

1936 2231 2058 2285 Jesu
2092 2233 2315 2287 Domino
2345 2246 2528 2290 nostro
2556 2251 2650 2306 per
2676 2237 2930 2305 Spiritum
2951 2248 3190 2296 sanetum
3221 2240 3273 2312 (ι
3297 2242 3411 2296 Pet.
3438 2244 3500 2315 t).

1937 2321 2203 2376 Hodierno
2232 2323 2373 2378 enim
2400 2325 2485 2380 die
2511 2341 2542 2381 a
2581 2337 2797 2395 peccato
2822 2329 3093 2397 liberatus,
3124 2343 3342 2401 accepto
3364 2348 3503 2388 sein-

1937 2410 2159 2480 piternm
2192 2417 2314 2467 vitae
2343 2415 2586 2483 pignore,
2615 2417 2724 2472 Deo
2752 2419 3085 2489 mancipatus
3106 2436 3185 2488 es;
3218 2436 3280 2477 ac
3301 2424 3505 2480 relictis

1939 2503 2178 2556 tenebris
2199 2503 2378 2559 lumen
2403 2506 2615 2562 induisti
2674 2508 2955 2572 adoptatus
2980 2512 3032 2564 in
3060 2511 3359 2567 libertatem
3389 2515 3503 2583 glo-

1937 2607 2029 2645 riae
2059 2588 2287 2647 ﬁliorum
2320 2595 2415 2649 Dei
2449 2613 2461 2649 :
2490 2597 2755 2666 Quotquot
2784 2602 2948 2667 enim,
2995 2601 3165 2671 inquit
3201 2603 3312 2668 ille,
3347 2619 3501 2658 rece-

1934 2692 2125 2750 perunt
2151 2699 2293 2748 eum,
2327 2686 2470 2739 dedit
2490 2687 2568 2741 eis
2598 2697 2909 2755 potestatem
2941 2690 3077 2746 ﬁlios
3127 2692 3221 2748 Dei
3249 2693 3383 2758 ﬁeri,
3418 2694 3501 2748 bis

1932 2771 2020 2836 qui
2049 2771 2267 2825 credunt
2298 2772 2349 2825 in
2379 2773 2594 2828 nomine
2620 2774 2735 2843 ejus
2758 2776 2936 2846 (Joan.
2961 2778 3024 2847 t).
3055 2778 3238 2849 Itaque
3264 2795 3369 2834 non
3388 2782 3500 2849 jam

1938 2871 2123 2911 servus
2167 2873 2248 2923 es,
2298 2860 2393 2914 sed
2442 2861 2579 2916 ﬁlius
2607 2870 2661 2916 et
2691 2863 2861 2921 hatres
2889 2866 3005 2933 Dei,
3035 2883 3129 2937 per
3153 2866 3420 2923 Christum
3448 2870 3501 2925 in

1932 2948 2131 3017 Spiritu
2187 2960 2372 3005 sancto
2425 2951 2568 3019 (Gal.
2591 2953 2690 3024 tv).
2745 2955 3025 3025 Quocirca,
3076 2958 3404 3023 charissime,
3448 2960 3498 3015 id

1931 3038 2084 3092 stude
2115 3049 2170 3092 ut
2198 3040 2427 3095 mundus
2453 3052 2508 3097 et
2526 3042 2892 3100 immaculatus
2936 3047 3040 3115 ipsi
3072 3047 3378 3114 invenieris,
3408 3063 3500 3101 su-

255 3125 426 3214 ἀγίιρ.
472 3125 593 3208 Διὸ,
640 3147 925 3219 ἀγαπητὲ,
967 3125 1269 3209 σπούδασον
1307 3159 1533 3223 ἄσπιλος
1562 3162 1654 3213 καὶ

1935 3142 2023 3198 pra
2050 3129 2169 3183 ﬁdei
2207 3125 2610 3185 fundamentum
2636 3132 2798 3198 proba
2828 3148 2987 3203 opera
3016 3144 3314 3189 exstruens.
3339 3133 3497 3189 Fides

1935 3218 2071 3245 ιιι-ἔην.
2119 3219 2237 3245 υἷι-ιι
2277 3219 2526 3245 ,ιλιι-ειη.-
2568 3231 2770 3245 ...η-ι..-
2828 3231 2903 3245 Α-.
2978 3224 3409 3245 ---Α.μ-ι1...-μι--...
3449 3237 3495 3245 _.-

256 3254 436 3306 μητος
460 3239 609 3309 αὐτῷ
648 3241 940 3312 εὑρεθῆναι
972 3244 1102 3315 (26),
1131 3247 1501 3319 ἐργαζόμενος
1528 3252 1590 3305 τὸ
1626 3254 1831 3322 ἀγαθὸν

255 3328 355 3381 ἐπὶ
387 3327 465 3399 τῷ
499 3330 734 3402 θεμελίῳ
757 3334 858 3403 τῆς
885 3336 1151 3401 πίστεως·
1175 3340 1361 3404 πίστις
1393 3343 1506 3411 (27)
1529 3344 1637 3417 γὰρ
1662 3349 1834 3419 χωρὶς

256 3418 442 3489 ἔργων
480 3424 649 3494 νεκρά
694 3427 863 3490 ἔστιν,
900 3425 1090 3500 ὥσπερ
1120 3432 1213 3484 καὶ
1241 3431 1377 3503 ἔργα
1415 3435 1537 3505 δίχα
1575 3418 1829 3507 πίστεως,

255 3510 445 3575 καθὼς
491 3514 583 3566 καὶ
633 3516 898 3587 πρότερον
950 3519 1235 3590 μέμνημαι
1280 3524 1524 3596 λαλήσας
1559 3544 1640 3582 σοι
1693 3529 1829 3601 (28).

268 3604 639 3674 ’Δποθέμενος
680 3603 773 3660 οῦν
817 3609 977 3679 169
1012 3609 1197 3664 λοιπὸν
1250 3614 1432 3669 πᾶσαν
1486 3618 1704 3685 κακίαν,
1738 3620 1835 3673 καὶ

254 3692 441 3747 πάντα
482 3693 550 3747 τὰ
589 3695 726 3766 ἔργα
751 3697 845 3749 τοῦ
890 3700 1122 3753 παλαιοῦ
1172 3702 1461 3773 ἀνθρώπου
1497 3708 1733 3778 μισήσας
1761 3708 1832 3763 τὰ

255 3784 592 3854 φθειρόμενα
636 3789 777 3841 κατά
821 3790 922 3853 τὰς
972 3791 1269 3861 ἐπιθυμίας
1306 3795 1406 3864 τῆς
1437 3796 1654 3866 ἀπάτης
1694 3798 1831 3868 (29),

250 3876 332 3939 ὡς
357 3877 749 3949 ἀρτιγέννητον
792 3880 991 3951 βρέφος
1018 3884 1081 3935 τὸ
1116 3884 1332 3953 λογικὸν
1360 3888 1454 3940 καὶ
1478 3888 1663 3943 ἄδολον
1689 3891 1833 3959 γάλα

249 3967 366 4020 τῶν
409 3969 625 4039 ἀρετῶν
671 3972 1006 4043 ὲπιπόθησον
1051 3979 1217 4038 πιεῖν,
1269 3977 1354 4030 ἵνα
1395 3979 1453 4031 ἐν
1485 3979 1633 4051 αὐτῷ
1667 3982 1832 4053 αὐξη-

252 4058 358 4129 θῇς
383 4059 519 4128 (30),
558 4062 652 4115 καὶ
678 4063 890 4134 φθάσῃς
922 4066 1005 4129 είς
1027 4066 1128 4138 τὴν
1154 4067 1449 4137 ἐπίγνωσιν
1472 4070 1580 4125 τῶν
1601 4073 1831 4126 ἐντολῶν

247 4149 350 4203 τοῦ
377 4151 509 4204 Υίοῦ
534 4152 627 4205 τοῦ
655 4153 813 4218 Θεοῦ,
839 4158 918 4219 εἰς
937 4157 1105 4226 ἀνδρα
1134 4157 1361 4221 τέλειον,
1388 4161 1469 4225 εἰς
1496 4161 1695 4234 μέτρον
1717 4164 1832 4233 ἡλι-

249 4242 381 4305 κίας
420 4242 516 4297 τοῦ
562 4246 931 4318 πληρώματος
972 4249 1065 4302 τοῦ
1107 4249 1368 4321 Χριστοῦ,
1413 4253 1611 4323 μηκέτι
1637 4256 1831 4324 νήπιος

246 4332 329 4386 ῶν
376 4336 499 4398 ταῖς
538 4339 702 4407 φρεσὶ
725 4379 741 4403 ,
786 4337 1247 4411 κλυδωνιζόμενος
1275 4342 1370 4395 καὶ
1401 4344 1832 4415 περιφερόμενος

1929 3218 2073 3273 enim
2118 3219 2238 3273 sine
2274 3219 2529 3289 operibus
2568 3231 2773 3277 mortua
2824 3231 2925 3289 est,
2972 3224 3413 3291 quemadmodum
3443 3237 3497 3278 et

1922 3320 2095 3377 opera
2125 3306 2244 3363 sine
2265 3306 2370 3361 ﬁde
2403 3305 2490 3377 (II
2516 3306 2665 3362 Petr.
2698 3306 2934 3373 ttt;Jac.
2970 3314 3052 3379 ιι).
3087 3312 3287 3382 Atque,
3321 3314 3508 3385 utjam

1921 3398 2078 3469 prius
2142 3412 2232 3452 me
2280 3398 2347 3453 ad
2401 3406 2458 3453 te
2529 3398 2714 3453 dicere
2776 3398 3025 3467 memini,
3078 3400 3328 3472 deposita
3392 3404 3506 3475 jam

1920 3490 2070 3546 omni
2100 3488 2329 3556 malitia,
2351 3491 2661 3562 veterisque
2682 3490 2943 3558 hominis,
2966 3493 3056 3563 qui
3082 3497 3385 3549 secundum
3415 3512 3507 3552 er-

1920 3583 2065 3638 roris
2094 3581 2367 3639 desideria
2398 3584 2777 3655 corrumpitur
2819 3582 3050 3655 (Ephes.
3094 3586 3203 3657 tv),
3244 3589 3504 3657 operibus

1920 3675 2179 3730 omnibus
2204 3674 2333 3730 odio
2386 3674 2614 3740 habitis,
2651 3684 2909 3748 tanquam
2962 3677 3127 3732 modo
3173 3680 3390 3749 genitus
3424 3681 3506 3733 itt-

1918 3767 2064 3834 fans,
2088 3767 2414 3822 rationabile
2441 3776 2499 3823 et
2553 3768 2675 3824 sine
2715 3768 2844 3824 dolo
2890 3768 3155 3824 virtutum
3183 3770 3267 3825 lac
3306 3786 3503 3841 sugere

1917 3860 2253 3930 concupisce
2277 3858 2331 3932 (ι
2375 3858 2522 3915 Petr.
2560 3859 2647 3931 ιι),
2682 3870 2744 3917 ιιι
2769 3862 2827 3916 in
2862 3875 2928 3917 eo
2961 3876 3202 3930 crescas,
3239 3869 3403 3934 atque
3433 3866 3500 3917 ad

1918 3954 2303 4009 mandatorum
2339 3952 2433 4010 Dei
2475 3955 2853 4026 cognitionem
2910 3957 3199 4028 pervenias
3233 3957 3290 4012 in
3322 3960 3499 4013 virum

1919 4046 2251 4115 perfectum,
2273 4046 2330 4100 in
2358 4059 2676 4102 mensuram
2706 4047 2887 4104 aetatis
2904 4047 3262 4119 plenitudinis
3291 4048 3498 4103 Christi

1912 4136 2131 4209 (Ephes.
2145 4137 2220 4208 tv)
2238 4155 2254 4205 ;
2271 4143 2331 4191 ut
2348 4152 2458 4192 non
2467 4137 2581 4207 jam
2597 4138 2675 4194 sis
2697 4136 2963 4208 parvulus
2978 4142 3256 4207 sensibus,
3276 4141 3499 4194 vitiosa-

1912 4247 2035 4285 rum
2070 4232 2419 4288 aﬂectionttnt
2446 4230 2707 4289 ﬂuctibus
2739 4248 2804 4289 ac
2832 4241 3158 4305 tempestate
3184 4234 3423 4304 jactatus
3443 4243 3497 4288 et

1912 4322 2309 4388 circumactus,
2336 4338 2530 4379 verum
2552 4324 2763 4381 malitia
2779 4325 3000 4395 quidem
3025 4326 3286 4397 parvulus
3309 4327 3407 4389 sis,
3425 4327 3493 4379 ad
3602 4398 3605 4399 ν

326 4472 375 4543 (1
388 4472 441 4559 ξ)
474 4474 729 4559 ιζῖεριῖοθέ
755 4477 1007 4559 ΞθΡθῑῘιῖο
1031 4479 1176 4532 “ibi
1212 4478 1470 4559 §5_5GWQ-
1505 4479 1790 4559 Usgssum
1822 4481 1983 4559 unico
2011 4481 2195 4559 codice
2219 4480 2296 4559 Ci
2328 4496 2450 4559 nam
2480 4482 2591 4559 haec
2617 4474 3016 4559 ultima'verba,
3046 4473 3148 4559 καλζ
3165 4474 3329 4559 τὶῇσκ.
3368 4469 3491 4559 “Ett—

247 4542 473 4623 xkgeiqr
491 4542 869 4623 Bs§atwoetad,
894 4562 997 4602 non
1027 4542 1242 4604 exstant
1272 4553 1322 4604 in
1353 4552 1470 4606 cod.
1489 4553 1555 4609 A.
1579 4550 1778 4623 Billyus
1807 4570 1823 4607 :

1935 4552 2124 4605 dounée
2153 4553 2185 4604 ὰ
2209 4550 2425 4622 I’Eglise
2460 4550 2777 4619 catholique.
2813 4544 3092 4601 lnvenitne
3120 4542 3357 4606 δοθεῖσα,
3398 4556 3504 4591 πα-

249 4613 542 4685 ραδοθεῖσα
560 4615 585 4668 ἲ

330 4683 443 4761 (1⁸])
475 4685 693 4761 gamma
732 4686 1015 4761 metricum
1049 4687 1102 4742 in
1144 4693 1188 4743 A
1218 4705 1233 4743 :
1278 4690 1514 4760 Ἰωάσαφ
1541 4689 1774 4745 ἐνταῦθα
1814 4689 1837 4761 β

1935 4706 2096 4760 τισμα
2133 4688 2319 4761 βλέπε.

323 4753 443 4822 (18)
475 4753 606 4808 Luc.
650 4771 705 4821 ι,
735 4756 825 4810 ει.

475 4823 860 4902 .138'IIIII_a_iII_A
884 4865 898 4879 .
1111 4830 1247 4899 μετά
1279 4829 1340 4882 τὸ
1372 4828 1675 4902 βάπτισμα.

347 4893 441 4957 20)
472 4893 619 4964 Eetr.
654 4894 673 4948 Ι
707 4895 878 4964 Epist.
910 4912 949 4962 1,
977 4893 1113 4961 5,1.

347 4964 440 5051 ἐξ)
677 4959 943 5051 aii-30m.
967 4959 1039 5030 vt,
1073 4967 1180 5051 22A;
1222 4966 1354 5051 Nov).
1389 4967 1452 5051 δὲ⁹
1478 4968 1837 5051 ἐλευθερωθέν

1961 4967 2068 5021 ἀπὸ
2091 4968 2191 5048 τῆς
2215 4967 2510 5051 ἀμαρτίας,
2537 4965 2894 5051 δουλωθέντες
3010 4959 3300 5051 ξιξιηΘεῶὲ.

665 5034 738 5121 _ad
764 5034 922 5121 Boni.
953 5053 1071 5101 xm,
1106 5037 1172 5090 12
1199 5055 1212 5090 :
1258 5037 1615 5121 Ἀπρθὼμεθα
1644 5029 1736 5091 οὖν
1763 5039 1833 5093 τὰ
1865 5029 2001 5109 ἔργα
2025 5036 2119 5090 τοῦ
2146 5029 2391 5101 σκότους,
2419 5029 2514 5091 καὶ
2538 5034 2893 5121 ἐνδυσώμεθα
2921 5033 2990 5085 τὰ
3011 5029 3154 5085 ὅπλα
3180 5029 3274 5083 τοῦ
3303 5029 3504 5096 φωτός.

350 5103 443 5170 23)
479 5104 711 5170 Epistola
743 5106 809 5159 ad
834 5105 1122 5169 Romanos,
1151 5123 1269 5173 vm,
1308 5110 1399 5163 21.

346 5174 438 5239 24)
466 5173 623 5227 lonn.
649 5190 688 5240 1,
720 5174 808 5227 12.

350 5104 443 5170 23)
479 5104 711 5170 Epistula
743 5106 809 5159 ad
834 5105 1086 5161 Romano:

346 5174 438 5239 24)
466 5173 623 5227 lonn.
649 5190 688 5240 1,
720 5174 808 5227 12.

350 5244 442 5307 25)
475 5244 648 5310 Epist.
689 5247 752 5297 ad
776 5244 893 5300 Gal.
936 5262 1009 5310 tv,
1032 5246 1086 5300 7.

349 5313 444 5377 26)
470 5313 618 5366 Petr.
644 5313 686 5368 11
720 5315 884 5381 Epist.
924 5330 1007 5381 ιιι,
1042 5317 1086 5368 lt

470 5302 618 5366 Petr.
644 5313 686 5368 11
720 5315 884 5383 Epist.
924 5302 1007 5381 111,
1042 5316 1107 5369 14
1137 5335 1149 5369 :
1183 5315 1293 5379 Διὸ,
1322 5317 1616 5387 ἀγαπητοὶ,
1640 5316 1812 5371 ταῦτα
1836 5317 2268 5389 προσδοκῶντες,
2303 5314 2643 5368 σπουδάσατε
2669 5313 2888 5368 ἄσπιλοι
2919 5311 3014 5366 καὶ
3037 5309 3327 5380 ἀμώμητοι
3357 5302 3506 5373 αὐτῷ

253 5383 569 5454 εὑρεθῆναι.

326 5454 444 5508 (27)
473 5451 659 5507 Jacob.
690 5468 751 5508 tt.
777 5452 849 5507 20

331 5457 444 5518 .127)
473 5457 659 5507 Jacob.
690 5468 751 5515 ιι.
777 5457 867 5508 20.

331 5519 440 5604 tas).
469 5521 626 5604 ροειττ
662 5539 713 5590 ρο
733 5524 835 5604 ,διο
860 5543 915 5604 ιιι
943 5524 1032 5581 66-

351 5593 445 5666 29)
473 5592 748 5666 Epist.‘ad
780 5593 975 5666 Ephes.
1013 5610 1085 5659 tv,
1121 5596 1211 5649 22.
1243 5594 1325 5650 Cf.
1357 5612 1407 5666 p.
1446 5596 1569 5661 151,
1604 5613 1656 5649 ιι.
1688 5598 1741 5651 2.

472 5650 674 5748 Ρέιιτ.)
706 5650 878 5732 Epist.
922 5680 981 5748 tt,
1123 5667 1159 5719 2
1197 5684 1214 5748 :-
1264 5650 1621 5748 ’ᾼτῖοθέμενοι
1643 5667 1941 5748 οῦνιπᾶσαν
1971 5665 2194 5748 κακίαν,
2220 5664 2535 5748 καὶὶπάντακ
2556 5661 2726 5748 δόλον,
2754 5663 2849 5748 κει).
2876 5658 3214 5748 ὑποκρίσεις,

260 5722 404 5809 Σοέίν
428 5722 541 5809 ’καῖ
577 5722 766 5796 πάσῢις⁸
795 5722 1156 5809 ,καταλαλιᾶᾓ
1186 5736 1261 5799 ὡς
1286 5722 1645 5809 ἀρτιγέννητα
1670 5736 1844 5809 βρέφη
1875 5737 1936 5791 τὸ
1971 5722 2193 5807 λογικὸν
2223 5735 2405 5790 ἄδολον
2444 5734 2584 5802 γάλα
2615 5722 3005 5802 ἐπιποθήσατε,
3026 5722 3120 5780 ’ἵνα
3150 5728 3208 5777 ἐν
3238 5722 3384 5793 αὐτῷ
3412 5722 3509 5775 a0-

261 5800 462 5873 ξηθῆτε
491 5802 572 5867 είς
602 5802 895 5874 σωτηρίαν.

561 5894 837 5956 ΡΑτιιοι..
886 5894 1003 5956 Gtt.
1053 5893 1269 5955 XCVI.

3114 5874 3195 5934 33
