4042 6416
514 341 527 402 l
540 341 643 400 035

1926 330 2298 393 ADDENDA.

3632 355 3763 416 1036

510 442 705 495 bonum
761 438 1183 499 autentfirmam
1228 454 1290 496 ac
1339 441 1557 497 solidam
1590 453 1819 500 mentem
1852 444 2068 513 habeas,

2179 452 2241 521 τῇ
2273 448 2409 522 ζάλῃ
2453 453 2545 505 καὶ
2576 457 2842 527 τρικυμία
2876 457 2982 511 τῶν
3010 457 3199 511 παθῶν
3224 434 3361 525 (51),
3405 457 3545 511 ἀλλά
3570 460 3634 529 τῇ
3658 460 3759 529 μὲν

507 539 664 596 atque
695 536 749 580 ut
776 526 988 598 dignum
1018 539 1099 583 est
1127 544 1186 582 ea
1220 533 1491 586 vocatione
1518 548 1619 602 qua
1649 542 1867 590 vocatus
1905 549 1985 600 es,
2018 541 2067 589 iu

509 616 876 671 mandatorum
923 619 1126 673 Domini
1171 621 1536 676 observatione
1565 624 1809 690 verseris,
1851 639 2070 681 excussa

508 709 755 763 nimirum
770 720 965 779 atquea
982 720 1032 766 te
1053 722 1253 766 remota
1276 716 1466 782 prioris
1489 716 1604 769 vita:
1627 716 1873 781 vanitate,
1890 734 2072 787 quem-

505 795 790 851 admodum
821 808 1005 870 gentes
1034 801 1303 855 ambulant
1348 802 1397 855 iu
1446 805 1676 858 vanitate
1722 819 1910 861 sensus
1960 808 2067 872 sui,

508 886 846 945 obscuratum
882 890 1140 946 habentes
1169 894 1514 960 intellectum,
1568 895 1779 950 alienati
1827 912 1855 950 a
1898 897 2071 967 gloria

509 974 627 1041 Dei,
659 978 1138 1050 cupiditatibusque
1162 980 1270 1036 suis
1297 993 1350 1037 et
1383 984 1609 1039 motibus
1635 999 1664 1039 a
1693 987 1897 1041 ratione
1918 1001 2071 1042 aver-

508 1068 584 1121 sis
614 1069 855 1138 subjecti.
887 1071 966 1125 Tu
990 1088 1113 1127 vero
1139 1075 1581 1142 quemadmodum
1611 1077 1674 1130 ad
1706 1076 1868 1132 Deum
1898 1079 2069 1133 vivum

508 1165 563 1210 et
597 1172 777 1212 verum
826 1162 1118 1225 accessiSIi,
1146 1163 1223 1216 sic
1250 1164 1407 1218 etiam
1437 1175 1493 1219 ut
1518 1165 1659 1220 ﬁlius
1688 1167 1819 1221 lucis
1840 1169 2070 1223 ambula.

515 1247 737 1301 Fructus
757 1249 894 1301 enim
918 1250 1143 1318 Spiritus
1164 1262 1244 1305 est
1267 1252 1317 1306 iu
1342 1255 1483 1308 omni
1503 1256 1754 1321 bonitate,
1776 1268 1826 1311 et
1846 1258 2069 1325 justitia,

507 1348 560 1392 et
584 1341 806 1393 veritate
824 1339 966 1409 (Gal.
991 1342 1066 1409 v).
1090 1344 1261 1412 Atque
1283 1344 1408 1399 illud
1435 1360 1648 1415 operam
1675 1348 1761 1414 da,
1796 1364 1860 1408 ne
1879 1364 2069 1403 novum

507 1442 627 1483 eum
660 1430 945 1493 hominem,
989 1449 1093 1501 quo
1123 1433 1278 1489 hodie
1307 1435 1517 1491 indutus
1544 1452 1622 1504 es,
1658 1440 1817 1506 priori
1849 1440 2068 1508 posthac

510 1526 776 1573 vetustate
825 1520 1133 1587 labefactes,
1167 1537 1350 1577 verum
1393 1526 1627 1592 quotidie
1676 1529 1726 1581 in
1765 1527 1969 1598 justitia
2018 1541 2070 1583 et

509 1606 790 1661 sanctitate
826 1615 880 1661 et
917 1610 1136 1664 veritate
1175 1613 1461 1667 renoveris.
1496 1613 1623 1668 Nam
1654 1614 1753 1671 hoc
1780 1631 1937 1672 nemo
1964 1633 2069 1673 non

512 1701 702 1761 potest,
727 1696 770 1749 si
800 1696 942 1759 velit,
965 1698 1407 1765 quemadmodum
1433 1702 1645 1767 audisti,
1674 1704 1812 1772 quod
1840 1713 2069 1774 potesn-

509 1793 616 1838 tetn
641 1784 847 1839 dederit
874 1787 1006 1842 ﬁlios
1034 1787 1127 1843 Dei
1154 1790 1288 1856 fieri,
1319 1792 1401 1847 his
1423 1793 1512 1862 qui
1531 1794 1755 1849 credunt
1782 1795 1834 1850 in
1855 1799 2068 1852 nomine

508 1876 623 1945 ejus
646 1875 822 1947 (Joan.
856 1877 917 1947 ι).
940 1880 1271 1948 Quapropter
1294 1899 1397 1937 non
1423 1885 1531 1951 jam
1559 1884 1656 1940 hoc
1679 1886 1855 1942 dicere
1885 1901 2070 1956 possu-

510 1982 648 2031 mus,
700 1980 796 2022 nos
834 1970 1053 2024 virtutes
1081 1970 1300 2040 adipisci
1348 1976 1563 2029 minime
1591 1990 1766 2045 posse.
1815 1977 2069 2032 Proclivis

513 2057 656 2111 enim
686 2072 746 2112 ac
775 2057 943 2113 facilis
974 2061 1055 2114 via
1082 2069 1195 2125 est;
1256 2072 1414 2131 atque
1440 2065 1663 2127 etiamsi
1704 2065 1775 2119 ob
1835 2067 2069 2136 corporis

511 2144 847 2200 affliCtiouem
878 2157 1020 2201 arcta
1048 2151 1433 2216 quodammodo
1459 2162 1512 2205 et
1539 2164 1762 2222 augusm
1796 2153 1937 2209 dicta
1987 2165 2070 2211 est

512 2231 726 2302 (Matth.
750 2236 848 2304 ιι),
880 2246 1051 2291 tamen
1078 2238 1146 2292 ob
1169 2238 1461 2293 futurorum
1484 2255 1697 2295 suorum
1722 2256 1872 2311 spem
1896 2242 1961 2298 iis
1986 2258 2069 2298 re-

509 2329 595 2376 cta
620 2330 675 2377 et
698 2322 843 2377 clara
874 2335 977 2391 est,
1005 2327 1091 2394 qui
1111 2330 1223 2382 ’uun
1255 2329 1415 2383 stulte
1444 2329 1731 2396 ambulant,
1767 2345 1945 2386 verum
1973 2331 2066 2386 Dei

508 2413 832 2468 voluntatem
863 2426 1051 2471 exacte
1080 2418 1393 2487 intelligunt,
1427 2429 1584 2487 atque
1611 2420 1677 2474 ad
1706 2420 2063 2477 dimicandum

503 2502 772 2560 adversus
812 2506 1017 2563 diaboli
1054 2509 1232 2568 hostis
1292 2518 1570 2573 versutias
1619 2520 1795 2590 ipsius
1844 2535 2085 2580 armatu-

501 2608 619 2648 ram
680 2596 943 2666 induttnt,
980 2610 1035 2657 et
1080 2603 1136 2659 in
1181 2607 1432 2664 oratione
1464 2618 1633 2681 atque
1675 2613 2083 2683 obsecratione,

498 2702 621 2742 cum
644 2692 909 2759 patientia
930 2702 983 2750 et
1003 2711 1100 2767 spe
1124 2698 1177 2753 in
1201 2699 1303 2755 hoc
1335 2703 1517 2772 ipsum
1545 2705 1838 2775 invigilant
1864 2708 2082 2779 (Ep/tes.

496 2782 601 2847 vt).
626 2780 704 2838 Ac
726 2786 959 2853 proinde
976 2787 1147 2845 facito
1167 2800 1223 2845 ut
1237 2796 1699 2862 quemadmodum
1720 2814 1749 2852 a
1771 2815 1855 2853 me
1876 2803 2082 2857 audisti

494 2882 549 2927 et
585 2876 826 2931 eruditus
874 2892 956 2944 es,
1011 2879 1324 2946 firmumque
1361 2884 1755 2941 fundamentum
1780 2888 1975 2956 jecisti,
2008 2889 2063 2943 in

495 2964 612 3031 ipso
640 2964 907 3032 abundes,
930 2981 1175 3023 crescens
1194 2971 1438 3027 videlicet
1457 2983 1510 3028 et
1528 2977 1827 3043 proficiens,
1852 2993 1916 3032 ac
1938 2978 2061 3033 boni

500 3053 682 3107 militis
721 3054 899 3108 ofﬁcio
925 3054 1172 3124 fungens,
1205 3060 1356 3114 fidem
1385 3062 1605 3130 habens,
1635 3075 1689 3120 et
1716 3072 1907 3121 bonum
1932 3082 2063 3121 con-

492 3142 766 3197 scientiam
800 3144 1083 3211 proborum
1115 3162 1332 3217 Operum
1363 3154 1664 3209 testimonio
1692 3157 2059 3214 confirmatam

494 3231 548 3303 (1
575 3231 710 3287 Tim.
745 3233 838 3303 vt);
865 3235 1121 3304 justitiam
1151 3240 1352 3305 colens,
1384 3244 1651 3312 pietatem,
1683 3246 1863 3315 fidem,
1887 3249 2061 3303 chari-

491 3332 675 3387 tatem,
706 3326 1033 3396 patientiam,
1060 3328 1360 3397 lenitatem;
1383 3334 1541 3388 vitam
1571 3337 1968 3404 sempiternam,
1991 3340 2056 3394 ad

487 3430 646 3481 quam
678 3424 896 3472 vocatus
923 3432 1003 3479 es.
1036 3422 1473 3490 apprehendens;
1517 3441 1726 3483 omnem
1754 3439 1929 3484 autem
1962 3448 2056 3483 vn-

490 3504 748 3572 luptatum
788 3520 851 3562 ac
896 3508 1207 3566 vitiosarum
1278 3513 1615 3572 affectionum
1672 3520 2011 3586 cupiditatem
2038 3566 2053 3589 ,

491 3609 593 3649 non
623 3597 783 3651 modo
805 3608 1061 3667 quantum
1090 3606 1156 3656 ad
1186 3604 1468 3672 actionem,
1493 3609 1586 3662 sed
1612 3610 1768 3664 etiam
1800 3624 2053 3681 quantum

486 3688 550 3741 ad
582 3688 976 3757 cogitationem,
1013 3693 1196 3759 procul
1238 3711 1267 3749 a
1312 3706 1362 3751 te
1404 3713 1705 3766 removens,
1738 3711 1795 3756 ut
1822 3703 2053 3760 att-imam

485 3767 726 3833 tuam'ab
753 3781 899 3835 omni
937 3784 1192 3852 spurcitie
1221 3800 1401 3854 puram
1450 3788 1560 3844 Deo
1612 3792 1886 3847 exhibeas.
1938 3795 2050 3852 Non

480 3871 623 3925 enim
672 3871 912 3927 actiones
955 3873 1231 3943 duntaxat,
1272 3891 1453 3932 verum
1504 3881 1661 3933 etiam
1714 3882 2057 3951 cogitationes

482 3969 678 4014 nostra:
704 3961 843 4030 apud
873 3961 1037 4018 Deum
1069 3965 1120 4018 in
1153 3976 1430 4021 numerato
1450 3980 1594 4034 sunt,
1619 3985 1949 4043 coronasque
1966 3985 2059 4030 aut

477 4049 735 4118 supplicia
777 4052 932 4107 nobis
959 4054 1265 4110 conciliant.
1298 4055 1570 4125 Siquidem
1601 4060 1870 4118 Christum
1898 4066 2056 4124 simul

475 4156 593 4195 cum
626 4142 781 4198 Patre
811 4158 873 4198 ac
898 4144 1100 4215 Spiritu
1125 4157 1312 4204 sancto
1357 4151 1408 4205 in
1447 4153 1593 4221 puris
1621 4156 1870 4211 cordibus
1897 4157 2052 4214 habi-

477 4241 588 4287 tare
647 4245 982 4303 perspectum
1034 4236 1312 4295 habemus.
1363 4242 1443 4298 Ac
1492 4258 1702 4300 rursum
1758 4247 1889 4303 illud
1946 4266 2051 4305 non

2186 541 2355 614 κακίᾳ
2378 544 2654 611 νηπιάξων
2684 548 2819 616 ('52).
2849 549 2985 618 πρὸς
3012 550 3071 602 δὲ
3115 549 3176 603 τὸ
3207 550 3413 618 ἀγαθὸν
3438 551 3759 621 στερέμνιον

2185 636 2281 689 καὶ
2322 640 2743 709 πεπαγιωμένον
2783 640 2922 711 ἔχων
2960 642 3226 705 τὸνλνοῦν,
3268 644 3365 697 καὶ
3405 644 3577 708 ἀξίως
3606 661 3761 713 περι-

2185 728 2372 781 πατῶν
2400 730 2501 799 τῆς
2538 730 2783 800 κλήσεως
2809 726 2878 803 ἦς
2914 732 3154 803 ἐκλήθης
3184 734 3298 804 (55)
3316 736 3376 788 ἐν
3398 735 3615 805 φυλακῇ
3654 736 3764 789 τῶν

2184 813 2415 868 ἐντολῶν
2456 816 2552 870 τοῦ
2592 819 2822 889 Κυρίου,
2854 819 3284 891 ἀποσεισάμενος
3310 821 3511 874 ἐαυτοῦ
3552 823 3644 874 καὶ
3664 824 3765 876 ἀλ-

2183 901 2481 975 λοτριώσας
2513 907 2613 978 τὴν
2660 909 3001 979 ματαιότητα
3031 911 3129 979 τῆς
3176 912 3453 982 προτέρας
3498 912 3767 984 ἀναστρο-

2184 994 2312 1063 φῆς,
2339 996 2521 1062 καθὼς
2550 997 2620 1051 τά
2655 998 2783 1069 ἔθνη
2808 1000 2920 1070 (54)
2943 1004 3239 1071 περιπατεῖ
3264 1002 3322 1055 ἐν
3342 1004 3410 1073 τῇ
3439 1004 3766 1073 ματαιότητι

2182 1089 2277 1142 τοῦ
2315 1090 2434 1154 νοὸς
2466 1091 2667 1157 αὐτῶν,
2702 1094 3077 1164 ἐσκοτωμένοι
3107 1096 3171 1163 τῇ
3222 1094 3433 1165 διανοίᾳ
3458 1095 3558 1148 καὶ
3590 1095 3769 1165 ἀπηλ-

2182 1180 2537 1253 λοτριωμένοι
2580 1185 2680 1254 τῆς
2701 1185 2862 1256 δόξης
2884 1185 2981 1239 τοῦ
3000 1186 3156 1251 Θεοῦ,
3180 1187 3615 1257 ὑποτεταγμένοι
3644 1191 3768 1251 ταῖς

2183 1274 2502 1344 ἐπιθυμίαις
2522 1275 2704 1329 αὐτῶν
2745 1277 2841 1329 καὶ
2869 1276 3086 1345 ἀλόγοις
3111 1277 3330 1347 ὁρμαῖς.
3366 1278 3440 1330 Σὺ
3468 1277 3551 1340 δὲ,
3574 1278 3767 1346 ὥσπερ

2182 1365 2490 1435 προσῆλθες
2518 1366 2638 1436 Θεῷ
2672 1366 2837 1430 ζῶντι
2871 1368 2965 1420 καὶ
2989 1365 3232 1436 ἀληθινῴ
3258 1366 3396 1436 (35),
3435 1366 3601 1436 17o
3620 1365 3768 1419 οὕτω

2180 1456 2244 1527 δὴ
2294 1458 2390 1509 καὶ
2434 1456 2509 1521 ὡς
2545 1457 2659 1521 υίὸς
2710 1458 2887 1527 φωτὸς
2928 1458 3307 1529 περιπάτησον
3352 1458 3487 1530 (36).
3547 1458 3608 1511 ’0
3653 1460 3766 1528 γὰρ

2180 1548 2392 1618 καρπὸς
2421 1548 2514 1602 τοῦ
2546 1548 2861 1619 Πνεῦματος
2896 1551 2954 1602 ἐν
2995 1548 3143 1620 πάσῃ
3188 1548 3524 1620 ἀγαθοσύνῃ,
3562 1550 3660 1603 καὶ
3686 1550 3766 1605 δι-

2181 1638 2467 1711 καιοσύνῃ,
2514 1640 2607 1693 καὶ
2646 1639 2879 1710 ἀληθείᾳ
2920 1640 3056 1710 ('57),
3096 1641 3188 1693 καὶ
3231 1638 3323 1693 τὸν
3355 1638 3649 1693 ἐνδυθέντα
3680 1656 3763 1692 σοι

2182 1729 2423 1800 σήμερον
2466 1730 2586 1783 νέον
2636 1730 2923 1803 ἄνθρωπον
2969 1730 3264 1802 μηκέτιτῇ
3313 1731 3559 1802 προτέρᾳ
3590 1747 3763 1784 κατα·

2180 1822 2409 1893 φθείρῃς
2443 1816 2797 1893 παλαιότητι·
2826 1824 2942 1877 ἀλλ’
2976 1824 3327 1889 ἀνακαινίζου
3366 1824 3490 1877 καθ’
3521 1825 3763 1893 ἑκάστην

2176 1914 2236 1966 ἐν
2276 1913 2625 1986 δικαιοσύνῃ,
2656 1914 2749 1968 καὶ
2780 1913 3056 1985 ὁσιότητι,
3094 1915 3189 1967 καὶ
3220 1913 3451 1985 ἀληθείᾳ
3470 1929 3485 1945 ⁸
3533 1914 3763 1967 δυνατὸν

2174 2004 2284 2075 γὰρ
2305 2004 2462 2057 τοῦτο
2488 2005 2651 2059 παντὶ
2671 2004 2749 2075 τῷ
2774 2004 3104 2075 βουλομένῳ,
3127 2004 3378 2075 καθάπερ
3403 2003 3628 2066 ἀκούεις
3645 2004 3760 2073 (58)

2172 2098 2256 2152 ὅτι
2296 2096 2547 2163 ἐξουσίαν
2579 2097 2779 2151 δέδωκε
2828 2097 2993 2150 τέκνα
3042 2095 3178 2149 Θεοῦ
3210 2096 3468 2164 γενέσθαι
3518 2098 3633 2157 τοῖς
3661 2112 3761 2147 πι-

2176 2187 2457 2243 στεύουσιν
2484 2188 2564 2251 είς
2584 2188 2645 2242 τὸ
2670 2188 2839 2258 ὄνομα
2873 2187 3060 2253 αὑτοῦ,
3088 2187 3228 2240 ὥστε
3256 2186 3445 2240 οὐκέτι
3474 2186 3757 2257 δυνάμεθα

2172 2280 2352 2350 λέγειν
2383 2282 2463 2334 ὅτι
2498 2280 2759 2344 ἀδύνατος
2788 2281 2920 2350 ἡμῖν
2958 2280 2991 2349 ή
3022 2278 3214 2348 κτῆσις
3243 2279 3353 2331 τῶν
3388 2278 3633 2348 ἀρετῶνο
3669 2277 3757 2329 εῦ-

2172 2372 2325 2435 κολος
2354 2372 2463 2445 γὰρ
2493 2376 2525 2443 ή
2558 2372 2678 2436 ὁδὸς
2708 2372 2798 2425 καὶ
2833 2371 3008 2443 ῥᾳδία.
3038 2371 3103 2423 Εἰ
3144 2370 3253 2441 γὰρ
3282 2370 3378 2423 καὶ
3420 2371 3585 2441 στενή
3638 2388 3756 2432 πως

2173 2464 2267 2519 καὶ
2311 2463 2649 2534 τεθλιμμένη
2690 2461 2802 2533 (59)
2831 2462 3094 2533 κέκληται
3124 2461 3212 2515 διά
3251 2461 3343 2515 τὸν
3381 2460 3756 2530 ὑπωπιασμὸν

2169 2554 2266 2608 τοῦ
2301 2556 2584 2625 σώματος,
2630 2554 2743 2607 ἀλλ’
2776 2556 2925 2624 ὅμως
2968 2552 3192 2623 ποθεινὴ
3228 2554 3344 2606 ἐστι
3375 2552 3474 2607 καὶ
3512 2552 3635 2606 θεία
3664 2553 3756 2605 διὰ

2169 2647 2269 2718 τὴν
2311 2646 2499 2700 ἐλπίδα
2530 2646 2639 2700 τῶν
2672 2646 2976 2717 μελλόντων
3004 2645 3223 2714 ἀγαθῶν
3257 2648 3371 2709 τοῖς
3421 2645 3497 2716 μὴ
3532 2644 3755 2713 ἀσόφως

2170 2739 2568 2810 περιπατοῦσιν
2604 2736 2715 2808 (40)
2737 2778 2752 2804 ,
2784 2737 2898 2792 ἀλλ’
2928 2737 3175 2809 ἀκριὸὦς
3200 2735 3440 2791 συνιοῦσι
3471 2736 3521 2789 τί
3569 2734 3631 2786 τὸ
3662 2734 3757 2787 θέο

2168 2832 2317 2903 λημα
2347 2830 2442 2887 τοῦ
2476 2831 2611 2884 Θεοῦ
2650 2827 2794 2902 (41),
2831 2831 2925 2911 καὶ
2956 2830 3052 2901 τὴν
3078 2830 3379 2883 πανοπλίαν
3397 2829 3564 2884 αὐτοῦ
3593 2833 3754 2901 ἀμπ-

2169 2921 2451 2993 εχομένοις
2498 2921 2609 2992 (42)
2656 2922 2737 2985 εἰς
2794 2920 3103 2992 παράταξιν
3147 2921 3256 2975 τῶν
3301 2921 3592 2993 μεθοδειιῖη
3652 2924 3755 2976 τοῦ

2170 3012 2573 3083 ἀντικειμένου,
2605 3013 2700 3066 καὶ
2741 3014 2799 3065 ἐν
2829 3015 3107 3084 προσευχῇ
3145 3011 3241 3066 καὶ
3288 3011 3470 3081 δεήσει
3502 3014 3584 3075 είς
3608 3012 3758 3066 αὐτὸ

2094 3115 2136 3174 c
2170 3104 2327 3158 τοῦτο
2355 3103 2723 3175 ἀγρυπνοῦσιν
2749 3104 2806 3159 ἐν
2832 3104 2981 3175 πάσῃ
3009 3105 3254 3177 ὑπομονῇ
3291 3106 3402 3176 (45)
3431 3106 3527 3160 καὶ
3545 3105 3752 3159 ἐλπίδι.

2171 3199 2243 3253 Σὺ
2281 3194 2397 3264 οὖν,
2444 3197 2631 3261 καθὼς
2673 3198 2915 3268 ἤκουσας
2947 3200 3079 3268 παρ’
3127 3197 3262 3270 ἐμοῦ
3292 3199 3386 3253 καὶ
3436 3198 3752 3270 ἐδιδάχθης,

2170 3290 2264 3343 καὶ
2310 3289 2534 3360 βεϐαίαν
2581 3290 2883 3344 κατεὸἀλου
2942 3292 3217 3363 κρηπῖδα,
3263 3292 3323 3344 ἐν
3370 3292 3507 3361 αὐτῇ
3554 3308 3753 3361 περισε-

2170 3380 2330 3434 σεύου
2349 3423 2363 3443 ,
2395 3380 2765 3453 αὐξανόμενος
2794 3383 2889 3436 καὶ
2918 3383 3263 3453 προκόπτων,
3302 3382 3395 3435 καὶ
3431 3383 3528 3451 τὴν
3570 3385 3753 3452 καλὴν

2092 3494 2095 3501 ⁴
2167 3471 2594 3544 στρατευόμενος
2629 3474 2948 3544 στρατείαν,
3006 3474 3146 3543 ἔχων
3208 3472 3390 3528 πίστιν
3450 3474 3544 3527 καὶ
3597 3474 3751 3542 ἀγα-

2167 3559 2265 3632 θὴν
2322 3560 2433 3631 (44)
2484 3562 2639 3632 171
2677 3562 2980 3632 συνείδησιν
3016 3563 3085 3617 δι’
3127 3563 3305 3634 ἔργων
3332 3562 3554 3632 ἀγαθῶν
3593 3581 3745 3633 μαρο

2165 3652 2529 3723 τυρουμένην,
2585 3655 2681 3709 καὶ
2741 3655 2953 3709 διώκων
3005 3654 3374 3724 δικαιοσύνην,
3431 3655 3741 3718 εὐσέϐειαν,

2166 3741 2377 3806 πίστιν,
2420 3743 2664 3815 ἀγάπην,
2703 3744 3003 3815 ὑπομονὴν,
3056 3746 3341 3816 πραότητα
3367 3745 3502 3815 (45),
3544 3745 3746 3799 ἐπιλα-

2167 3832 2394 3903 ϐόμενος
2424 3835 2526 3904 τῆς
2547 3835 2765 3889 αἰωνίου
2793 3835 2939 3905 ζωῆς
2972 3839 3053 3898 είς
3079 3838 3147 3906 ἢν
3177 3836 3433 3907 ἐκλήθης.
3466 3838 3650 3891 Πᾶσαν
3677 3836 3746 3889 δὲ

2168 3922 2361 3994 ήδονὴν
2392 3925 2487 3978 καὶ
2524 3926 2816 3997 ἐπιθυμίαν
2844 3927 2955 3980 τῶν
2988 3927 3178 3981 παθῶν
3211 3928 3285 3998 μὴ
3318 3928 3476 3998 μόνον
3501 3930 3566 3997 τῇ
3595 3928 3743 3981 κατά

2168 4010 2371 4085 πρᾶξιν
2417 4014 2665 4084 ἐνεργείᾳ
2697 4014 2979 4086 μακρύνῃς
3010 4016 3119 4069 ἀπὸ
3163 4015 3277 4081 σοῦ,
3327 4016 3463 4070 ἀλλά
3491 4016 3585 4069 κει)⁵
3611 4018 3741 4079 ταῖς

2165 4103 2287 4157 κατ’
2317 4102 2525 4157 ἔννοιαν
2565 4103 2950 4175 ἐνθυμήσεσιν,
2971 4104 3048 4169 ὡς
3075 4105 3141 4159 ἂν
3174 4106 3471 4177 ἀμόλυντόν
3502 4123 3593 4159 σου
3635 4107 3739 4176 τὴν

2164 4193 2344 4264 ψυχὴν
2364 4192 2441 4264 τῷ
2468 4192 2588 4265 Θεῷ
2618 4194 2925 4265 ὑποδείξῃς.
2952 4195 3027 4249 Οὐ
3058 4195 3217 4266 μόνον
3246 4196 3355 4267 γὰρ
3387 4198 3445 4249 αἱ
3473 4196 3738 4263 πράξεις,

2163 4285 2299 4340 ἀλλά
2341 4286 2437 4340 καὶ
2480 4288 2537 4341 αί
2585 4285 2910 4359 ἐνθυμήσεις
2946 4288 3123 4359 ήμῶν,
3163 4289 3506 4360 ἀνάγραπτοι
3542 4286 3736 4353 οὖσαι,

563 4408 684 4513 (Eli,
705 4408 871 4479 Epist.
904 4412 969 4491 ad
1215 4416 1417 4513 ινὸίόε
1454 4416 1518 4513 ίξ
1552 4436 1571 4471 :
1598 4418 1777 4513 Ῑέίέδχρι
1801 4420 2068 4513 καταντήε

2169 4424 2320 4513 ,ενιοί
2355 4423 2666 4513 πάγτεςυείς
2696 4425 2797 4506 τήν
2834 4426 3061 4513 ἑνότητα
3090 4425 3191 4496 τῆς
3231 4427 3465 4513 «ferito;
3495 4428 3591 4507 xu}
3630 4429 3737 4513 τῆς

490 4476 841 4568 ἐπιγὲιώσέως
865 4480 963 4568 τοῦ
991 4476 1123 4535 Υίοῦ
1148 4482 1243 4568 τοῃῦ
1275 4476 1551 4568 ’Θεοῦᾲείς
1599 4476 1769 4568 ἄνδξα
1809 4476 2043 4568 τέλειον,
2068 4476 2148 4555 είς
2192 4476 2786 4568 μέτρον-ςήλιδῖίαςῖτοῦ⁷

494 4542 691 4615 μηκέτι
719 4542 869 4618 ὦμεν
908 4550 1116 4620 νήπιοι,
1168 4542 1618 4624 κλυδωνιζόμενοι
1650 4542 1744 4610 κάὶ
1769 4542 2381 4631 περιφεῶμενοιτπαξτί

564 4616 676 4689 (ξὲ)
716 4619 731 4672 l
769 4619 939 4686 Epist.
966 4621 1045 4689 ad
1060 4620 1185 4675 Cor.
1224 4638 1334 4687 xuv,
1359 4625 1427 4679 20
1456 4643 1469 4678 τ
1502 4626 1594 4689 Μὴ
1632 4628 1822 4681 παιδία
1858 4630 2073 4689 γίνεσθε
2103 4633 2224 4689 ταῖς
2259 4634 2471 4689 φρεσὶν.
2499 4582 2633 4689 ἀλλά
2659 4639 2724 4689 τῆ
2758 4635 2927 4689 κακία
2958 4636 3123 4689 νηπιά

586 4616 676 4702 s33
714 4619 753 4702 ι
769 4616 939 4702 Epist.
962 4616 1185 4702 "ag‘cor.
1224 4625 1427 4702 x.v,_ao
1450 4616 1594 4702 itm;
1632 4616 2068 4702 πᾳῳίαςγίγέσσε

2169 4633 2224 4695 ,ῖς
2253 4649 2296 4702 Διρ
2304 4634 2471 4702 ρεσὶν,
2499 4616 2566 4688 ἀλ

586 4620 676 4679 5‘2)
716 4620 731 4672 l
769 4620 939 4686 Epist.
972 4621 1036 4672 ad
1060 4620 1185 4675 Cor.
1224 4638 1334 4687 xuv,
1359 4625 1427 4679 20
1456 4620 1479 4678 τ’
1502 4626 1594 4696 Μὴ
1632 4628 1822 4681 παιδία
1844 4620 2073 4699 ’γίνεσθε
2103 4648 2129 4686 τ

564 4620 676 4771 ξὸῦ)
714 4688 885 4771 Epist:
915 4687 980 4741 ad
1011 4688 1207 4771 Ephes.
1241 4706 1315 4758 tv,
1340 4694 1366 4746 1
1403 4712 1416 4748 :
1450 4696 1758 4765 Παρακαλῶ
1786 4698 1880 4753 οὖν
1918 4700 2129 4771 ὑμᾶς...

490 4753 665 4821 Epist.
685 4753 981 4813 ad'Coloss.
1015 4753 1069 4820 t,’
1086 4759 1171 4814 10.

557 4824 670 4962 (διζ
701 4828 868 4897 Epist.
900 4829 965 4879 ad
1002 4827 1194 4896 Ephes.
1232 4846 1307 4895 tv,
1350 4833 1435 4897 17,
1468 4834 1553 4889 18.

559 4896 649 4962 (55
696 4896 853 4951 Joan.
886 4896 905 4950 Ι
937 4895 1108 4962 Epist.
1142 4914 1193 4962 ν,
1224 4901 1312 4957 20.

559 4895 670 4967 (55)
696 4895 853 4951 Jtian.
886 4896 905 4950 Ι
937 4895 1108 4967 Epist.
1142 4914 1193 4965 ν,
1224 4901 1312 4957 20.

2659 4639 2725 4714 τῇ
2758 4635 2927 4714 κακίᾳ
2958 4635 3272 4714 νηπιάζετε.

2139 4741 2176 4757 ..
2207 4699 2376 4769 ἀξίως
2413 4699 2786 4775 περιπατῆὸαι
2816 4699 2914 4776 τῆς
2949 4699 3194 4777 κλήσεως
3218 4701 3287 4777 ἦς
3320 4706 3610 4779 ἐκλήθητε.
3642 4706 3725 4763 Cf.

704 4966 1299 5052 Epi.st.ratdl§phes.nv,
1332 4973 1401 5028 8;
1447 4975 1536 5052 Ὡς
1564 4975 1936 5052 τέκναᾲερωτὸς
1964 4985 2335 5052 περιπατεῖτε.

704 5037 836 5111 I_b_id.
863 5051 912 5101 v,
937 5036 1171 5111 θεϐοιιί.
1204 5042 1371 5110 Epist.
1404 5046 1470 5099 ad
1494 5043 1614 5100 Gal.
1640 5061 1693 5111 ν,
1720 5036 1810 5102 ἓξ.

556 5106 668 5176 (58)
702 5106 785 5162 cr.
816 5122 867 5175 p.
939 5107 1030 5171 68,
1065 5125 1120 5161 ιι.
1151 5110 1242 5165 ει.

555 5176 669 5242 (59)
699 5177 885 5231 Matth.
915 5192 1011 5240 vlt,
1049 5178 1154 5233 14:
1190 5183 1324 5237 Στεν

1386 5183 1419 5253 ἠ
1435 5184 1609 5274 ἓρλη,
1642 5187 2178 5274 καὶντεθληιμμένηρή
2199 5192 2337 5261 ὁδὸς,
2365 5195 2398 5265 ή
2427 5195 2715 5274 ἀπάγουσα
2741 5198 2821 5274 είς
2853 5196 2951 5274 τὴν
2990 5196 3156 5267 ζωήν.
3190 5230 3219 5239 κ

558 5246 670 5337 si?)
695 5245 958 5337 ﬁnisest!
984 5247 1185 5337 Este-
1218 5245 1791 5337 νο.¹δ.ε’Βλέτίέτε.ρῖιγ
1829 5245 1945 5322 πῶὲ
1963 5245 2068 5337 ῖάκε

2169 5262 2219 5337 ῦς
2240 5245 2617 5337 ﬂagitantes,
2651 5266 2725 5336 μὴ
2744 5245 2819 5329 ὡς
2848 5245 3060 5337 ἀέοφόι.

699 5314 960 5404 lbidmil't
999 5314 1091 5401 Ml]
1113 5320 1327 5404 γίνεσθε
1356 5324 1617 5404 ἀφρονες,
1654 5328 1791 5404 ἀλλά
1827 5314 2103 5404 συνιέντες

2431 5353 2506 5404 μα
2527 5335 2620 5388 τοῦ
2649 5337 2874 5405 Κυρίου.

554 5386 788 5477 (θὲλιξιξ
812 5401 983 5477 marg.
1020 5386 1181 5477 itn’é:
1232 5386 1715 5477 tvoebu'jiévok._—
1743 5398 2013 5477 Epis‘tnad
2066 5447 2068 5452 λ

2169 5418 2269 5477 ιεξε1
2290 5386 2383 5477 vi,
2409 5386 2520 5460 Ϊίε
2564 5386 2889 5460 Ἔνδύᾶασθε
2931 5406 3027 5477 τὴν
3073 5406 3375 5471 πανοπλίαν
3416 5410 3510 5463 τοῦ
3545 5412 3683 5466 Θεου
3706 5454 3722 5476 ,

483 5454 991 5537 πρρις-τὸιιδῦνασίθαι
1012 5458 1392 5537 Δὐμεὶςιστῆναι
1420 5454 1564 5534 πρὸς
1581 5454 1687 5537 Eua;
1723 5454 2007 5537 μεθοδείας
2029 5454 2135 5523 τοῦ
2149 5454 2415 5527 διαδόλοὶι⁸

554 5524 669 5602 (ᾖ)
699 5523 833 5602 lbid.
860 5525 927 5602 l8
956 5544 969 5579 :
1000 5523 1097 5581 Διά
1120 5523 1300 5602 πάσης
1329 5523 1533 5602 προσευ

554 5554 669 5591 νισι
700 5554 833 5576 ιιιιιι.
866 5554 927 5578 ιο
957 5554 969 5579 ;
1000 5554 1097 5581 uta
1120 5554 1300 5601 πασης
1329 5554 1533 5602 προσευ
1574 5554 1578 5563 ‘

552 5588 1028 5681 (44)A,‘&,ydnﬂv.
1056 5628 1123 5639 --
1153 5600 1375 5681 lnEpist.
1420 5608 1486 5658 ad

481 5664 665 5740 siesse
695 5664 786 5740 re}
814 5664 1376 5740 ᾁγαθὴνευνείδήσινσ

552 5734 664 5805 (45)
693 5734 709 5787 l
740 5734 911 5805 Epist.
941 5734 1005 5790 ad
1036 5736 1175 5795 Titu.
1200 5734 1272 5806 vt,
1309 5742 1364 5795 Η
1400 5760 1412 5795 :
1444 5743 1613 5797 Δίωκε
1645 5744 1700 5798 δὲ
1730 5745 2113 5819 δικαιοσύνην..

1574 5536 1639 5614 ᾖς
1670 5536 1763 5590 καὶ
1789 5537 2645 5614 -ᾂβήσεωᾳτ-ἀγρυπνοῦντες.....

1586 5610 1675 5661 im.
1711 5622 1748 5671 ι,
1784 5608 1869 5674 18,
1925 5610 2033 5665 19ε
2070 5608 2218 5667 Ἰνα’
2242 5612 2510 5685 στρατεύῃ
2543 5617 2601 5669 ἐν
2640 5616 2830 5682 αὐταῖς
2875 5617 2975 5689 τὴν
3024 5616 3194 5690 καλὴν
3239 5619 3546 5691 στρατείαν,
3584 5620 3725 5689 ἔχων
