4042 6414
223 390 357 456 1037

1305 397 1485 460 VITA
1523 398 1886 462 BARLAAM
1926 400 2023 462 ET
2059 399 2414 464 JOASAPH.

3333 397 3473 462 1038

216 505 504 576 στεφάνων
539 507 572 578 ἢ
607 507 888 578 τιμωριῶν
927 509 1176 580 πρόξενοι
1214 511 1455 580 γίνονται
1479 529 1494 546 ο
1539 517 1662 578 ταῖς
1697 531 1789 568 κα-

1905 516 2235 587 ignoramus,
2263 516 2408 588 quod
2434 514 2892 587 quemadmodum
2917 514 3099 572 l'umus
3118 513 3474 586 apes,codem

215 598 408 668 θαραῖς
438 598 499 652 δέ
541 599 794 670 καρδίαις
823 602 1050 655 ἐνοικεῖν
1079 601 1170 656 τὸν
1208 603 1452 674 Χριστὸν
1482 606 1601 675 ἅμα
1622 604 1802 678 Harp}.

212 691 304 744 καὶ
362 690 511 762 ἁγίῳ
566 691 848 763 Πνεύματι
904 693 1270 765 ἐπιστάμεθα.
1335 696 1423 759 Ὠς
1451 695 1495 750 δ’
1526 693 1594 752 αὗ
1637 695 1802 752 πάλιν

213 787 428 849 καπνὸς
484 788 783 857 μελίσσας,
811 789 957 845 οὕτω
1004 793 1132 854 τοὺς
1180 793 1452 863 πονηροὺς
1501 792 1801 864 λογισμοὺς

212 874 500 928 ἐκδιῶκειν
547 877 707 946 ήμῶν
763 880 866 950 τὴν
914 880 1010 934 τοῦ
1065 881 1210 935 θείου
1261 880 1580 953 Πνεῦματος
1631 884 1793 954 χάριν

215 965 643 1036 μεμαθήκαμεν.
672 970 764 1022 Διὸ
787 971 1064 1042 ἐπιμελῶς
1086 973 1223 1044 πρὸς
1249 973 1407 1027 τοῦτο
1431 974 1591 1046 ἔχων,
1613 974 1794 1028 πάντα

209 1058 562 1130 διαλογισμὸν
607 1061 916 1131 ἐμπαθείας
951 1062 1260 1134 ἀπαλείψας
1300 1064 1401 1136 τῆς
1447 1065 1648 1135 ψυχῆς,
1690 1065 1791 1128 τὰς

211 1150 471 1220 ἀρίστους
515 1152 862 1222 ἐμφύτευσον
901 1155 1136 1221 ἐννοίας,
1179 1155 1307 1209 ναὸν
1357 1157 1584 1209 σεαυτὸν
1619 1155 1792 1210 ποιῶν

210 1241 301 1294 τοῦ
335 1241 498 1309 ἁγίου
529 1243 868 1313 Πνεύματος.
911 1245 1004 1298 Ἐκ
1032 1246 1141 1300 τῶν
1162 1244 1531 1316 διαλογισμῶν
1561 1244 1669 1315 γὰρ
1698 1245 1793 1297 καὶ

212 1335 344 1402 πρὸς
373 1333 480 1397 τὰς
505 1335 626 1388 κατ’
657 1336 943 1405 ἐνέργειαν
974 1336 1202 1408 πράξεις
1232 1337 1529 1408 ἐρχόμεθα·
1566 1336 1660 1390 καὶ
1687 1338 1793 1390 πᾶν

211 1425 389 1495 ἔργον,
451 1427 562 1482 ἀπὸ
621 1427 836 1492 ἐννοίας
897 1429 993 1482 καὶ
1058 1429 1414 1500 ἐνθυμήσεως
1460 1428 1793 1498 προκόπτον,

1897 606 2061 662 modo
2088 621 2268 677 pravae
2315 607 2676 676 cogitationes
2703 607 2872 661 divini
2901 606 3140 677 Spiritus
3180 605 3411 676 gratiam
3445 621 3476 659 ιι

1895 698 2061 754 nobis
2109 698 2446 769 propellunt.
2496 696 2863 765 Quamobrem
2918 712 3136 753 summo
3192 697 3376 752 studio
3421 697 3477 750 in

1897 790 2002 846 hoc
2031 791 2244 846 enitere
2274 797 2354 857 ut,
2384 791 2534 845 omni
2582 790 2782 846 vitiosa
2825 790 3157 862 cogitatione
3183 805 3246 844 ex
3295 789 3478 842 animo

1899 887 1997 936 tuo
2018 879 2296 936 exstincta
2323 887 2378 933 et
2412 879 2612 944 deleta,
2646 879 2882 948 optimas
2907 893 3158 950 quasque
3187 878 3478 948 c0gitatio-

1898 988 2000 1030 nes
2051 972 2106 1026 in
2158 987 2222 1028 ea
2279 973 2516 1038 inseras,
2567 972 2944 1041 templumque
3001 969 3245 1039 Spiritus
3299 968 3476 1024 sancti

1898 1067 2133 1136 teipsum
2185 1064 2411 1121 ellicias.
2477 1063 2758 1134 Siquidem
2825 1079 2923 1133 per
2985 1062 3352 1132 cogitationes
3405 1059 3474 1113 ad

1898 1155 2147 1212 actiones
2176 1156 2323 1225 ipsas
2353 1154 2636 1219 venimus;
2669 1161 2834 1222 atque
2865 1167 3028 1206 omne
3050 1166 3188 1221 opus
3209 1165 3239 1204 a
3269 1148 3477 1220 cogitato

1899 1249 2049 1302 ti0ne
2073 1247 2351 1315 animique
2373 1246 2669 1314 agitatione
2706 1242 3081 1314 progrediens,
3110 1256 3334 1310 parvum
3360 1239 3474 1310 pri-

1899 1352 1989 1392 mo
2026 1336 2244 1390 initium
2284 1335 2505 1405 arripit,
2535 1347 2598 1388 ac
2648 1333 2849 1388 deinde
2895 1331 3081 1386 tacitis
3114 1329 3474 1387 incrementis

1903 1441 2225 1498 augescens,
2259 1425 2454 1496 ingens
2487 1425 2552 1478 ad
2577 1432 2878 1479 extremum
2907 1421 3164 1478 edicitur.

213 1523 412 1592 μικρᾶς
483 1521 920 1594 ἐπιλαμϐάνεται
973 1523 1169 1594 ἀρχῆς,
1222 1519 1343 1578 εἶτα
1393 1525 1512 1583 ταῖς
1582 1523 1725 1576 κατὰ
1796 1522 1992 1593 μικρὸν
2057 1519 2353 1589 αὑξήσεσιν
2417 1521 2497 1582 είς
2566 1518 2778 1589 μεγάλα
2846 1517 3170 1588 καταλήγει.
3230 1519 3234 1524 ’

273 1605 368 1660 Διά
411 1603 572 1657 τοῦτο
619 1606 758 1678 μηδέ
813 1609 953 1672 ὅλως
997 1625 1092 1662 σου
1143 1610 1435 1682 κυριεῦσαι
1497 1613 1792 1684 συνήθειαν

212 1700 372 1766 ἐάσῃς
415 1696 613 1768 κακὴν,
642 1698 780 1752 ἀλλὰ
816 1701 1018 1771 νεαρᾶς
1060 1699 1143 1756 ἔτι
1165 1700 1356 1773 οὔσης,
1394 1704 1542 1769 ἐξελέ
1571 1723 1665 1758 σου
1695 1706 1794 1776 τῆς

212 1788 432 1857 καρδίας
455 1789 555 1860 τὴν
585 1791 830 1861 πονηρὰν
857 1791 1036 1863 ῥίζαν,
1066 1793 1154 1847 ἵνα
1193 1794 1290 1865 μὴ,
1316 1796 1592 1865 ἐμφυεῖσα
1622 1796 1716 1850 καὶ
1737 1799 1793 1850 ἐν

210 1877 280 1948 τῷ
316 1878 473 1948 βάθει
517 1880 618 1942 τὰς
672 1881 828 1952 ῥίζας
875 1884 1208 1956 ἐμπήξασα,
1245 1887 1442 1957 χρόνου
1475 1887 1570 1941 καὶ
1620 1889 1791 1942 κόπου

209 1969 366 2039 δεηθῇ
423 1969 522 2022 τοῦ
569 1971 957 2044 ἐκριζωθῆναι.
989 1975 1089 2032 Διὰ
1114 1974 1274 2030 τοῦτο
1307 1978 1416 2050 γὰρ
1444 1979 1532 2032 ἀεὶ
1569 1979 1638 2033 τὰ
1674 1981 1794 2049 μεί-

211 2056 330 2122 ζονα
357 2058 465 2112 τῶν
490 2061 909 2133 ἁμαρτημάτων
935 2066 1318 2138 ἐπεισέρχεται
1347 2069 1482 2138 ἡμῖν
1512 2070 1606 2124 καὶ⁹
1631 2087 1794 2124 κατα-

1957 1613 2038 1668 Ob
2074 1630 2192 1670 eam
2221 1628 2470 1678 causam,
2496 1613 2648 1668 nullo
2671 1609 2837 1667 modo
2855 1611 3113 1680 permitte
3134 1618 3195 1665 ut
3224 1608 3469 1678 improba

1909 1702 2238 1756 consuetudo
2270 1700 2364 1754 tibi
2392 1699 2689 1753 dominetur
2715 1717 2729 1763 ;
2763 1714 2944 1752 verum
2965 1699 3136 1755 donec
3155 1714 3346 1756 recens
3375 1713 3476 1765 est,

1908 1807 2122 1860 parvam
2155 1791 2388 1845 radicem
2411 1805 2442 1846 e
2473 1801 2688 1859 pectore
2711 1800 2800 1844 tuo
2821 1791 3022 1854 evelle;
3057 1807 3124 1846 ne
3142 1794 3336 1864 alioqui
3357 1808 3476 1849 cum

1909 1882 2199 1952 pullularit,
2227 1896 2290 1935 ac
2330 1882 2537 1942 radices
2577 1897 2702 1936 suas
2727 1883 2835 1936 alte
2870 1883 3130 1949 infixerit,
3163 1895 3343 1952 postea
3371 1902 3477 1940 non

1909 1976 2015 2029 nisi
2045 1977 2200 2043 longo
2238 1982 2497 2040 tempore,
2529 1987 2590 2026 ac
2619 1988 2808 2042 magno
2833 1987 2951 2029 cum
2984 1974 3168 2030 labore
3197 1978 3477 2044 exstirpari

1911 2068 2100 2136 possit.
2133 2067 2211 2122 0b
2258 2067 2306 2120 id
2349 2065 2490 2122 enim
2523 2065 2723 2134 majora
2755 2073 2968 2134 peccata
3009 2066 3242 2135 quotidie
3270 2068 3335 2120 ad
3382 2082 3480 2121 nos

211 2150 524 2205 δυναστεύει
572 2153 682 2208 τῶν
721 2155 1011 2228 ἡμετέρων
1059 2157 1270 2229 ψυχῶν,
1318 2160 1405 2214 ὅτι
1436 2159 1504 2215 τὰ
1533 2161 1789 2216 ἐλάττονα

1907 2135 2104 2212 aditum
2149 2157 2364 2221 habent,
2412 2167 2567 2225 atque
2615 2156 2667 2210 in
2709 2157 2914 2211 animas
2942 2165 3153 2214 nostras
3197 2159 3479 2226 imperium

216 2241 361 2312 172
389 2243 660 2301 δοκοῦντα
680 2242 843 2315 εἶναι,
879 2245 992 2304 οἷον
1008 2250 1336 2322 ἐνθυμήσεις
1357 2237 1628 2324 πονηραὶ..
1644 2253 1791 2323 λόγοι

214 2333 493 2402 ἀπρεπεῖς,
523 2336 733 2406 ὁμιλίαι
758 2340 960 2405 κακαὶ,
989 2341 1090 2413 τῆς
1136 2343 1524 2415 προσηκούσης
1567 2345 1632 2415 οὐ
1660 2363 1793 2415 τυγ-

212 2427 350 2496 χάνει
389 2428 756 2500 διορθώσεως.
806 2433 1022 2506 Ὠσπερ
1077 2413 1189 2507 γὰρ
1229 2413 1440 2502 ἐντοῖς
1464 2413 1714 2508 σώμασιν
1739 2413 1790 2492 οἱ

216 2518 415 2589 μικρῶν
435 2523 953 2594 καταφρονήσαντες
988 2526 1320 2598 τραυμάτων
1344 2527 1646 2598 σηπεδόνας
1665 2530 1790 2583 πολ·-

213 2607 356 2673 λάκις
397 2611 493 2664 καὶ
528 2611 760 2668 θάνατον
804 2615 1020 2680 ἑαυτοῖς
1059 2618 1454 2690 προεξένησαν,
1498 2619 1643 2675 οῦτω
1695 2623 1791 2676 καὶ

215 2699 313 2753 τῶν
349 2699 564 2772 ψυχῶν,
599 2704 649 2756 οἱ
675 2704 784 2758 τῶν
821 2707 1037 2779 μικρῶν
1066 2707 1449 2782 ὑπερορῶντες
1475 2711 1667 2765 παθῶν
1695 2713 1790 2767 καὶ

176 2787 181 2792 ’
215 2790 637 2863 ἁμαρτημάτων,
677 2795 747 2849 τὰ
784 2796 1011 2868 μείζονα
1043 2799 1438 2870 ἐπεισάγουσι·
1493 2803 1617 2858 καθ’
1662 2805 1788 2860 ὅσον

213 2882 264 2937 δὲ
289 2884 353 2938 τὰ
387 2886 619 2957 μείζονα
647 2889 1033 2961 ἐπεισέρχεται
1057 2893 1262 2959 αὐτοῖς,
1291 2895 1350 2948 ἐν
1376 2896 1488 2960 seu
1522 2899 1786 2970 γινομένη

214 2974 398 3047 ἡψυχὴ
425 2983 786 3052 καταφρονεῖ.
847 2982 1075 3054 ’Λσεϐὴς
1094 2985 1225 3056 γὰρ,
1250 2987 1416 3056 φησὶν
1446 2989 1582 3060 (46),
1614 2990 1787 3047 ἐλθὼν

215 3065 284 3127 είς
319 3065 482 3134 βάθος
520 3069 708 3123 κακῶν
758 3075 1118 3143 καταφρονεῖ,
1159 3075 1253 3128 καὶ
1289 3075 1478 3132 λοιπὸν
1505 3080 1695 3153 ὥσπερ
1723 3075 1788 3148 ῦς

218 3153 691 3232 ἐγκυλινδούμενος
747 3161 995 3236 βορϐόρῳ
1049 3165 1239 3237 ἥδεται
1275 3168 1412 3242 (47),
1451 3170 1596 3227 οὕτω
1625 3175 1781 3247 καὶὴ

214 3248 346 3322 ψυχὴ
370 3251 582 3325 ἐκείνη,
616 3255 741 3318 ταῖς
771 3258 969 3321 κακαῖς
1000 3260 1314 3330 συνηθείαις
1333 3266 1776 3336 καταχωσθεῖσα,

213 3341 322 3395 οὐδὲ
347 3343 601 3415 αἴσθησιν
641 3346 908 3418 λαμϐάνει
930 3351 1028 3421 τῆς
1056 3351 1165 3406 τῶν
1191 3354 1606 3428 ἁμαρτημάτων
1641 3359 1774 3414 δυσ-

214 3431 380 3498 ωδίας,
429 3435 574 3490 ἁλλὰ
609 3437 872 3509 τέρπεται
894 3441 1096 3512 μᾶλλον
1116 3443 1308 3510 αὐταῖς
1328 3447 1424 3501 καὶ
1448 3449 1781 3521 ἐνηδύνεται,

214 3521 281 3614 ῶς
320 3523 527 3593 ἀγαθοῦ
560 3545 704 3593 τινος
738 3530 840 3601 τῆς
885 3533 1085 3599 κακίας
1135 3536 1511 3610 ἀντεχομένη·
1545 3541 1650 3595 κᾶν
1681 3543 1782 3614 ὀψὲ

212 3611 416 3706 δήποτε
450 3619 796 3676 ἀνανεύουσα
824 3625 906 3688 είς
939 3626 1195 3697 αἴσθησιν
1224 3629 1378 3702 ἔλθῃ,
1415 3631 1572 3703 κόπῳ
1600 3611 1782 3706 πολλῷ

215 3705 296 3756 καὶ
324 3706 512 3776 ἱδρῶτι
545 3709 948 3783 ἐλευθεροῦται,
983 3711 1064 3780 οἷς
1105 3717 1216 3788 (48)
1248 3717 1488 3775 ἐθελοντὶ
1521 3705 1780 3778 κατεδούέ

213 3791 382 3851 λευσεν
419 3801 624 3874 ἑαυτὴν
653 3807 718 3875 τῇ
755 3809 968 3879 πονηρᾷ
998 3809 1278 3881 συνηθείᾳ.

284 4050 374 4104 Διὰ
417 4050 586 4106 τοῦτο
639 4054 790 4128 πάσῃ
837 4055 1064 4128 δυνάμει
1105 4057 1385 4129 μάκρυνον
1434 4057 1627 4113 ἐαυτὸν
1687 4061 1791 4119 ἀπὸ

224 4140 392 4212 πάσης
421 4145 641 4209 ἐννοίας
673 4149 768 4202 καὶ
795 4149 1150 4221 ἐνθυμήσεως
1195 4151 1441 4222 πονηρᾶς
1475 4151 1569 4204 καὶ
1605 4152 1788 4225 πάσης

224 4231 497 4302 ἐμπαθοῦς
534 4239 857 4309 συνηθείαςο
897 4241 1100 4313 μᾶλλον
1146 4241 1204 4296 δέ
1239 4245 1358 4306 ταῖς
1386 4243 1610 4313 ἀρεταῖς
1640 4243 1788 4308 ἔθιζε

224 4320 422 4389 ἐαυτὸν,
473 4326 568 4378 καὶ
598 4327 656 4380 ἐν
688 4327 798 4394 ἐξει
831 4329 931 4400 τῆς
963 4329 1171 4384 τούτων
1197 4329 1358 4399 γενοῦ
1400 4331 1684 4403 ἐργασίας.
1720 4331 1784 4386 Et

225 4412 323 4486 γὰρ
347 4418 544 4490 μικρὸν
565 4419 853 4486 κοπιάσεις
877 4424 935 4476 ἐν
972 4423 1155 4487 αὐτοῖς
1175 4424 1268 4477 καὶ
1299 4425 1357 4477 ἐν
1393 4423 1504 4489 ἕξει
1530 4423 1786 4494 γενέσθαι

227 4505 492 4578 ἰσχύσεις,
537 4512 760 4578 άκόπως
807 4513 995 4568 λοιπὸν
1039 4517 1106 4587 τῇ
1151 4515 1247 4569 τοῦ
1295 4515 1433 4570 Θεοῦ
1496 4519 1790 4590 συνεργείᾳ

225 4601 528 4672 προκόψεις.
577 4603 645 4657 Ἦ
680 4605 791 4676 γὰρ
821 4605 934 4672 ἕξις
960 4607 1059 4678 τῆς
1102 4607 1306 4678 ἀρετῆς
1343 4611 1412 4680 τῇ
1439 4608 1587 4681 ψυχῇ
1621 4627 1792 4663 ποιω-

228 4687 386 4758 θεζσα,
405 4694 483 4756 ὡς
504 4694 601 4749 ἁτε
624 4696 861 4769 φυσικὴν
884 4698 1208 4768 συγγένειαν
1236 4699 1373 4771 πρὸς
1398 4700 1567 4773 αὐτὴν
1594 4701 1792 4772 ἔχουσα

226 4784 312 4837 καὶ
349 4787 440 4843 τὸν
485 4789 620 4843 Θεὸν
667 4791 930 4862 συνεργὸν
976 4794 1317 4864 κεκτημένη,
1349 4794 1789 4866 δυσμετάϐλητος

226 4875 420 4942 γίνεται
477 4881 634 4952 173
679 4881 776 4936 καὶ
808 4882 929 4938 λίαν
966 4883 1356 4952 ἀσφαλεστάτη
1378 4927 1394 4950 ,
1427 4883 1612 4948 καθὼς
1658 4885 1792 4956 ὁρᾷς

226 4967 300 5021 ὅτι
327 4971 358 5038 ἡ
389 4973 611 5045 ἀνδρεία
645 4975 740 5028 καὶ
770 4975 1058 5046 φρόνησις,
1103 4975 1427 5047 σωφροσύνη
1466 4995 1523 5030 τε
1571 4977 1668 5030 καλ⁸
1713 4977 1784 5030 δι·

229 5063 474 5135 καιοσύνη
520 5064 632 5136 (49)
661 5066 1100 5139 δυσμετάϐλητοι
1131 5068 1294 5133 εἰσιν,
1338 5067 1482 5134 ἐξεις
1510 5063 1666 5121 οῦσαι
1689 5068 1791 5138 τῆς

228 5149 392 5224 ψυχῆς
425 5157 520 5209 καὶ
566 5157 851 5228 ποιότητες
891 5159 984 5213 καὶ
1031 5159 1306 5231 ἐνέργειαι
1340 5160 1429 5214 διὰ
1463 5161 1662 5231 βάθους
1700 5179 1796 5215 κε-

232 5249 538 5315 χωρηκυῖαι.
574 5247 637 5301 Εί
666 5248 777 5320 γὰρ
806 5249 876 5304 τὰ
907 5250 1054 5322 πάθη
1093 5252 1192 5322 τῆς
1231 5253 1454 5316 κακίας,
1492 5252 1552 5305 οὐ
1585 5252 1794 5322 φυσικὰ

230 5333 348 5402 ἡμῖν
381 5337 532 5404 ὄντα,
565 5339 679 5392 ἁλλ’
709 5339 910 5406 ἔξωθεν
935 5341 1347 5408 ἐπεισελθόντα,
1379 5344 1540 5414 ἡνίκα
1586 5344 1645 5396 ἐν
1679 5342 1790 5408 ἐξει

233 5424 501 5498 γένωνται,
527 5432 950 5505 δυσμετάϐλητά
973 5437 1102 5501 εἰσι,
1131 5435 1284 5506 πόσῳ
1312 5436 1514 5506 μᾶλλον
1538 5437 1572 5507 ἡ
1595 5436 1785 5506 ἁρετὴ,

317 5582 400 5652 46)
427 5585 680 5644 Proverb.
711 5601 867 5652 xvnt,
900 5587 953 5642 3.

319 5585 378 5636 ιϐ
427 5585 680 5644 Proverb.
711 5601 867 5652 xvnt,
900 5587 953 5642 3.

319 5585 402 5793 47;
427 5655 578 5711 Conf.
620 5673 672 5726 p.
701 5656 790 5721 88,
822 5675 874 5712 ιι.
907 5659 996 5714 69:

319 5721 382 5777 48
428 5726 489 5791 (3,
518 5720 614 5781 ὧν.
663 5726 807 5784 Bene
838 5723 940 5792 οἷς.
986 5728 996 5782 l

299 5721 402 5793 (48)
428 5726 489 5791 c,
518 5721 633 5781 (Iw:
663 5726 672 5780 ι

240 5801 672 5852 arcoustumance.

1909 2247 2172 2312 obtinent,
2203 2246 2450 2316 quoniam
2483 2247 2546 2302 iis
2573 2261 2691 2316 qua:
2719 2247 2924 2302 minora
3043 2261 3167 2302 esse
3299 2251 3483 2304 viden-

1910 2348 2016 2400 tur.
2050 2337 2152 2392 hoc
2177 2347 2261 2392 est
2287 2337 2538 2405 improbis
2566 2338 2994 2408 cogitationibus,
3043 2339 3339 2395 inhonestis
3363 2357 3480 2396 ser-

1914 2432 2180 2491 monibus,
2227 2431 2482 2496 malisque
2512 2431 2794 2498 colloquiis
2819 2441 3176 2486 consentanca
3223 2434 3484 2486 correctio

1912 2523 2130 2572 minime
2157 2519 2456 2572 adbtbetur.
2486 2517 2554 2572 Ut
2592 2520 2734 2574 enim
2782 2504 3175 2588 in'corporibus
3203 2521 3290 2589 qui
3323 2537 3481 2590 parva

1911 2610 2128 2664 vulnera
2153 2611 2427 2680 negligunt
2450 2610 2654 2665 saniem
2688 2611 2997 2680 plerumque
3024 2624 3086 2664 ac
3116 2623 3338 2665 mortem
3385 2613 3483 2666 sibi

1911 2698 2040 2768 ipsis
2064 2707 2367 2764 accersunt,
2397 2698 2462 2752 ad
2493 2699 2738 2752 eumdem
2783 2699 2995 2753 modum
3022 2699 3184 2752 etiam
3212 2699 3265 2753 in
3295 2701 3486 2755 animis

1912 2789 2014 2842 hoc
2038 2803 2134 2842 usu
2164 2787 2327 2852 venit,
2379 2794 2436 2840 ut
2461 2787 2550 2852 qui
2601 2787 2818 2839 minima
2847 2787 2970 2840 vitia
2999 2801 3062 2840 ac
3091 2796 3304 2855 peccata
3333 2787 3484 2841 nihili

1915 2870 2175 2946 pendunt,
2203 2889 2440 2944 gravmra
2462 2877 2560 2929 sibi
2586 2875 2853 2928 inveliant.
2878 2877 3147 2942 Quatenus
3168 2886 3343 2929 autem
3364 2892 3486 2942 gra-

1917 2968 2064 3020 viora
2114 2975 2333 3036 peccata
2385 2968 2515 3034 Ipsis
2563 2965 2896 3028 oboriuntur,
2945 2975 3216 3020 contracto
3269 2968 3481 3020 tandem

1917 3057 2100 3111 habitu
2129 3057 2302 3110 anima
2328 3056 2381 3110 in
2406 3063 2764 3122 contemptum
2795 3055 2956 3108 cadit.
2991 3055 3186 3110 lmuius
3218 3059 3380 3116 enim.
3410 3057 3484 3110 in-

1909 3148 2029 3216 quit
2072 3147 2200 3212 ille,
2242 3161 2367 3202 cum
2421 3147 2477 3200 in
2529 3146 2865 3217 profundum
2909 3149 3156 3214 venerit,
3195 3149 3497 3205 contemnit

1911 3238 2091 3311 (Prov.
2134 3239 2270 3307 νιιι).
2301 3239 2378 3294 Ac
2420 3237 2701 3309 deinceps,
2749 3248 2809 3293 ut
2837 3255 2932 3295 sus
2962 3240 3017 3294 in
3057 3256 3216 3295 cceno
3260 3242 3495 3296 volutari

1910 3331 2109 3401 gaudet
2133 3331 2212 3400 (ΙΙ
2242 3329 2389 3384 Petr.
2429 3332 2510 3398 ιι),
2545 3331 2625 3385 sic
2650 3331 2817 3385 etiam
2837 3331 3019 3386 anima
3046 3332 3138 3386 illa
3160 3348 3341 3403 prava:
3362 3349 3496 3388 con-

1909 3422 2189 3476 suetudini
2219 3421 2498 3484 immersa,
2522 3436 2594 3475 ne
2625 3430 2977 3490 peccatorum
3010 3422 3232 3491 quidem
3263 3422 3495 3477 fetorem

1811 3506 1851 3560 C
1914 3514 2099 3580 sentit,
2133 3530 2324 3569 verum
2351 3515 2534 3584 potius
2564 3515 2696 3586 ipsis
2727 3517 2928 3586 gaudet
2955 3525 3011 3573 et
3051 3517 3379 3578 oblectatur,
3413 3519 3497 3572 vi-

1910 3603 2157 3674 tiumque
2203 3604 2374 3659 instar
2412 3605 2542 3661 boni
2584 3607 2890 3678 cujuSpiam
2939 3607 3241 3663 arctissime
3271 3609 3494 3664 retinet.

1908 3697 2177 3779 Atque'ut
2217 3699 2382 3753 etiam
2417 3699 2736 3770 aliquando,
2775 3713 2994 3772 recepta
3025 3701 3242 3757 meliori
3287 3712 3494 3765 mente,

1908 3789 2179 3844 scelerum
2221 3806 2447 3846 suorum
2480 3808 2645 3848 sensu
2686 3793 2975 3861 abiciatur,
3013 3811 3123 3850 non
3161 3803 3344 3850 tamen
3373 3796 3495 3852 sine

1909 3893 2105 3950 magno
2133 3880 2322 3937 labore
2353 3897 2418 3937 ac
2448 3883 2647 3938 sudore
2689 3899 2718 3938 a
2750 3900 2917 3954 prava
2947 3885 3368 3951 consuetudine,
3399 3887 3491 3942 cui

1910 3971 2056 4026 ultro
2088 3987 2151 4028 ac
2179 3982 2374 4044 sponte
2414 3989 2472 4030 se
2507 3974 2563 4030 in
2592 3977 2916 4032 servitutem
2948 3977 3176 4045 addixit,
3199 3978 3487 4033 liberatur.

1971 4063 2230 4131 Quocirca
2247 4064 2492 4120 omnibus
2512 4065 2711 4119 viribus
2737 4067 2803 4119 ab
2825 4068 2969 4122 omni
2992 4072 3129 4122 mala
3149 4071 3472 4140 cogitatione

1899 4162 2056 4222 atque
2077 4156 2222 4209 omni
2245 4157 2430 4211 vitiosi:
2451 4159 2836 4213 consuetudine
2867 4172 2918 4212 te
2948 4172 3183 4220 remove,
3207 4171 3270 4208 ac
3298 4157 3473 4223 potius

1901 4242 2182 4299 virtutibus
2209 4259 2478 4311 assuesce,
2510 4260 2706 4313 easque
2736 4247 2806 4299 ita
2836 4247 2953 4300 cole
2990 4255 3148 4312 atque
3175 4259 3388 4312 exerce,
3415 4254 3474 4297 ut

1901 4345 2083 4387 earum
2115 4333 2323 4390 habitus
2350 4335 2448 4390 tibi
2475 4345 2832 4405 comparetur.
2863 4337 2993 4391 Nam
3015 4337 3058 4391 si
3089 4337 3299 4404 paulum
3322 4336 3476 4391 labo-

1901 4425 1976 4476 ris
2007 4424 2058 4477 in
2089 4425 2216 4494 ipsis
2244 4429 2568 4494 susceperis,
2620 4439 2779 4498 atque
2827 4443 3006 4482 earum
3064 4427 3298 4482 halitum
3346 4442 3473 4481 eon-

1902 4516 2147 4581 traxeris,
2176 4524 2380 4585 postea,
2425 4517 2534 4572 Deo
2568 4518 2808 4587 juvante,
2852 4519 2982 4572 citra
3023 4518 3258 4573 laborem
3308 4519 3474 4572 ullum

1902 4606 2169 4676 proﬁcies.
2219 4607 2488 4677 Siquidem
2529 4610 2740 4665 virtutis
2783 4609 2990 4664 habitus
3031 4610 3222 4664 anima!
3264 4610 3476 4671 insitus.

1902 4706 2084 4766 utp0te
2107 4697 2400 4753 naturalem
2423 4715 2541 4754 cum
2558 4715 2621 4756 ea
2644 4703 3008 4769 cognationem
3033 4701 3256 4764 habens,
3277 4701 3478 4768 Deique

1899 4803 2001 4858 ope
2028 4791 2257 4859 adjutus,
2289 4790 2373 4844 vix
2400 4793 2616 4847 omnino
2655 4795 3000 4849 mutationem
3049 4793 3209 4847 ullam
3256 4792 3467 4865 recipit,

1901 4891 2060 4949 atque
2089 4882 2142 4936 in
2167 4884 2352 4952 primis
2383 4884 2566 4938 firmus
2590 4894 2691 4952 est,
2719 4885 3165 4954 quemadmodum
3187 4885 3335 4941 vides
3363 4883 3476 4939 for-

1903 4969 2182 5026 titudinem
2212 4981 2266 5026 et
2297 4973 2653 5041 prudentiam,
2693 4975 3201 5044 temperantiamque
3245 4975 3370 5028 item
3416 4987 3480 5027 ac

1899 5057 2187 5129 justitiam,
2233 5063 2319 5116 vix
2349 5062 2567 5116 omnino
2591 5064 2936 5118 mutationem
2966 5063 3127 5118 ullam
3172 5063 3476 5126 admittere,

1903 5160 2183 5220 propterea
2215 5153 2354 5220 quod
2385 5155 2576 5208 anima:
2618 5154 2826 5208 habitus
2863 5164 2917 5209 et
2945 5155 3226 5223 qualitates
3271 5162 3325 5208 et
3353 5168 3482 5221 ope-

1907 5243 2140 5298 rationes
2183 5244 2311 5310 sint,
2361 5259 2477 5299 eam
2529 5245 2739 5313 penitus
2780 5254 3136 5313 penetrantes.
3189 5245 3318 5299 Nam
3360 5263 3481 5301 tum

1903 5333 2016 5388 vitii
2043 5334 2372 5401 all‘ectiones,
2401 5350 2517 5404 quae
2546 5337 2697 5390 nobis
2717 5351 2820 5391 non
2847 5336 3132 5404 naturales,
3160 5337 3255 5392 sed
3284 5337 3482 5392 adven-

1904 5425 2035 5479 titiaa
2062 5435 2208 5493 sunt,
2251 5435 2591 5496 posteaquam
2622 5426 2688 5482 ad
2723 5427 2955 5481 habitum
2987 5431 3340 5496 pervenerint,
3389 5443 3476 5480 vnx

428 5726 489 5791 C,
518 5720 633 5781 ὧν.’
663 5720 807 5784 Bene
838 5723 940 5792 οἷς.
986 5727 1186 5800 Billyus
1233 5729 1409 5785 bene:
1457 5745 1590 5798 pour
1617 5727 1793 5783 s‘estre
1846 5729 2272 5784 volomairement
2314 5728 2574 5784 soubmise
2615 5744 2647 5780 a
2696 5727 2747 5780 la
2782 5725 3042 5780 serritudc
3095 5724 3158 5778 de
3205 5721 3471 5777 untuvaisc

304 5860 406 5934 (49)
444 5863 664 5924 Lemma
694 5868 746 5924 in
773 5867 812 5923 Α
841 5885 854 5920 :
882 5868 1196 5940 Σημείωσαι
1226 5869 1371 5934 τίνες
1404 5868 1458 5923 αί
1493 5870 1724 5940 μεγάλαι
1752 5870 2014 5942 τέσσαρες
2043 5868 2255 5943 ἀρεταί.
