4042 6474
508 436 639 500 1039
1903 423 2073 483 ADD]

2183 428 2277 486 )A.
3604 452 3738 516 10w

494 538 715 593 omnino
758 538 1016 597 dimoveri
1065 543 1291 611 possint,
1345 544 1469 612 quid
1504 544 1681 598 all‘erri
1707 552 1904 614 potest,
1934 545 2059 615 quin

2183 544 2270 596 καὶ
2303 541 2552 612 φυσικῶς
2580 544 2713 614 ἡμῖν
2748 544 3154 613 ἐμφυτευθεῖσα
3196 544 3302 599 ὑπὸ
3342 544 3435 599 τοῦ
3475 546 3743 619 Δημιουρ-

494 632 685 695 virtns,
721 647 839 701 qua:
867 640 921 687 et
947 634 1260 689 naturaliter
1283 635 1433 689 nobis
1451 651 1480 689 a
1501 650 1708 689 summo
1730 635 1821 689 illo
1843 645 2059 704 parente

2183 634 2272 703 γοῦ
2304 636 2399 688 καὶ
2431 635 2593 689 αὐτὸν
2634 635 2928 707 ἐπίκουρον
2959 636 3179 707 ἔχουσα,
3213 638 3285 696 εί.
3321 636 3520 708 μικρὸν
3550 639 3745 705 ἀγωνι-

491 729 542 774 et
574 720 829 776 ellectore
855 722 1013 783 insita
1039 734 1142 791 est,
1192 724 1463 794 ipsiusque
1505 739 1607 795 ope
1655 734 1708 779 et
1756 724 2063 795 adjumento

491 808 694 875 nititur,
733 810 779 865 si
828 812 982 867 nobis
1018 814 1259 870 nonnihil
1304 815 1666 869 laborantibus
1692 828 1786 883 per
1825 812 2063 870 habitum

489 900 544 955 in
595 903 771 960 anima
816 905 1022 963 radices
1073 908 1285 978 egerit,
1350 908 1516 963 multo
1569 908 1743 962 minus
1798 907 2064 965 immutari

488 991 682 1059 queat?

560 1095 689 1150 CAP.
728 1095 924 1151 XX.—
942 1096 1095 1153 Unde
1114 1105 1275 1153 etiam
1296 1102 1425 1155 milii
1456 1103 1669 1170 quidam
1695 1103 1859 1171 ipsius
1887 1103 2064 1159 cultor

491 1200 606 1241 rem
629 1187 933 1257 bujusmodi
959 1188 1195 1244 narravit
1222 1205 1236 1242 :
1266 1189 1421 1259 Cum,
1472 1192 1661 1260 inquit,
1703 1193 2063 1249 ﬁrmissimum

490 1278 686 1336 divina:
709 1279 1173 1349 contemplationis
1209 1280 1446 1336 habitum
1490 1282 1620 1337 mihi
1648 1298 2064 1353 comparassem,

490 1372 764 1442 ipsiusque
790 1370 1137 1427 meditatione
1165 1372 1340 1426 anima
1368 1387 1486 1427 mea
1513 1372 1670 1428 tincta
1699 1384 1863 1441 esset,
1911 1374 2067 1444 hujus

491 1463 570 1519 rei
615 1462 904 1532 periculum
948 1462 1232 1533 aliquando
1288 1464 1464 1521 facere
1518 1467 1739 1535 cupiens
1764 1507 1780 1534 ,
1833 1479 2067 1523 mentem

492 1570 666 1610 meam
695 1558 768 1609 ita
797 1556 1058 1621 continui,
1087 1564 1142 1609 ut
1166 1571 1283 1610 eam
1313 1570 1409 1626 pro
1437 1572 1535 1612 suo
1567 1572 1716 1615 more
1738 1559 2067 1617 meditationi

492 1664 616 1704 sese
637 1648 929 1717 adiungere
953 1649 1170 1707 minime
1190 1648 1442 1704 sinerem.
1464 1650 1615 1718 Quod
1637 1651 1848 1720 quidem
1874 1650 1928 1705 id
1951 1667 2068 1709 eam

496 1754 737 1810 ρει-πετο
761 1754 825 1793 ac
855 1740 1175 1808 permoleSIe
1204 1739 1343 1793 ferre
1372 1739 1627 1807 intellexi,
1660 1752 1818 1811 atque
1857 1742 1922 1795 ad
1952 1757 2068 1798 eam

2177 730 2427 798 σαμένων
2475 728 2654 799 ἡμῶν,
2700 729 2758 781 ἐν
2806 729 2914 794 ἕξει
2944 729 3148 802 ριζωθῇ
3178 733 3245 803 τῇ
3275 729 3447 802 ψυχῇ,
3486 729 3747 800 δυσμετά-

2174 818 2373 889 ϐλητος
2401 819 2554 873 ἔσται
2576 836 2590 883 ;

2248 1106 2405 1161 ΚΕΦ.
2445 1106 2530 1160 Κ¹.
2573 1106 2737 1161 Ὅθεν
2787 1123 2878 1176 μοι
2923 1104 3129 1175 ταύτης
3170 1100 3413 1174 ἐργάτης
3457 1098 3747 1168 διηγήσατό

2174 1216 2281 1264 τις,
2318 1198 2401 1252 δτι
2446 1198 2602 1252 Μετά
2632 1196 2696 1250 τὸ
2741 1195 3150 1268 προσλαδέσθαι
3203 1210 3270 1264 με
3301 1191 3406 1263 τὴν
3435 1190 3588 1243 θείαν
3622 1189 3747 1241 θεω-

2182 1290 2303 1361 ρίαν
2354 1293 2412 1343 ἐν
2466 1288 2577 1355 ἕξει
2639 1288 2964 1361 βεϐαιοτάτη
3017 1288 3113 1341 καὶ
3155 1288 3222 1357 τῇ
3280 1285 3496 1353 ταύτης
3556 1282 3748 1353 μελέτῃ

2177 1379 2481 1450 ποιωθῆναι
2506 1379 2605 1449 τὴν
2626 1378 2828 1449 ψυχὴν,
2857 1376 3143 1448 βουληθείς
3170 1392 3300 1429 ποτε
3322 1374 3637 1443 ἀπόπειραν
3660 1371 3748 1425 aii.

2177 1471 2276 1540 τῆς
2307 1469 2658 1540 ποιήσασθαι,
2692 1468 2961 1538 κατέσχον
2987 1468 3081 1521 τὸν
3109 1467 3236 1522 νοῦν
3273 1485 3399 1537 μου,
3436 1464 3513 1535 μὴ
3542 1479 3747 1532 συγχω-

2181 1561 2353 1631 ρήσας
2397 1562 2467 1630 τῇ
2508 1561 2627 1613 κατ’
2679 1559 2801 1623 ἔθος
2843 1558 3125 1612 ἐπιϐαλεῖν
3172 1557 3404 1627 μελέτῃ·
3441 1553 3541 1606 καὶ
3588 1552 3750 1618 ἔγνων

2179 1651 2342 1705 αὐτὸν
2387 1649 2690 1719 ἀνιώμενον
2724 1650 2817 1704 ιιαλ⁸
2859 1647 3234 1719 δυσφοροῦντα
3286 1646 3382 1698 καὶ
3418 1643 3559 1715 πρὸς
3589 1642 3748 1710 αὐτὴν

2178 1742 2394 1812 ἀσχέτῳ
2440 1742 2797 1811 ἐπειγόμενον
2837 1740 3009 1810 πόθῳ,
3056 1737 3299 1808 μηδόλως
3327 1736 3383 1789 δὲ
3430 1733 3570 1804 πρὸς
3605 1734 3749 1784 ἐνανσ

492 1830 748 1885 ell'renata
787 1829 1014 1898 quadam
1066 1828 1352 1897 cupiditate
1382 1842 1690 1899 properare,
1719 1847 1817 1886 nec
1846 1831 1912 1886 ad
1938 1847 2069 1886 cou-

2183 1833 2301 1886 τίαν
2336 1832 2460 1886 τι.νά
2504 1831 2801 1901 ἐνθύμησιν
2841 1828 3133 1883 ἀποκλῖναι
3181 1827 3469 1897 ἰσχύοντα⁵
3505 1822 3752 1929 ήνίκα.ἃ

496 1923 712 1977 ttat-iam
762 1921 921 1975 ullam
952 1921 1324 1991 cogitationem
1348 1926 1455 1976 ullo
1478 1924 1636 1976 modo
1664 1924 1862 1978 inﬂecti
1891 1940 2066 1993 posse.

496 2017 567 2070 At
590 2029 711 2067 cum
743 2012 978 2067 habenas
1036 2014 1132 2081 ipsi
1171 2013 1412 2066 nonnihil
1463 2014 1847 2081 permisissem,
1890 2016 2068 2068 statim

494 2105 560 2157 ad
592 2103 824 2157 studuin
848 2116 1005 2156 suum
1031 2110 1086 2156 et
1122 2116 1338 2172 cperam
1368 2103 1648 2158 celerrimo
1677 2118 1833 2159 cursu
1857 2104 2068 2160 fereba-

497 2201 612 2255 tur;
659 2192 1014 2259 exstabatque
1041 2191 1093 2245 id
1124 2191 1263 2261 quod
1293 2194 1367 2245 ait
1397 2194 1655 2262 l’rnpheta
1683 2210 1695 2246 :
1720 2194 2069 2261 Queniadmm

494 2280 619 2333 dum
643 2281 914 2335 desiderat
934 2292 1125 2333 cervus
1153 2278 1219 2332 ad
1242 2276 1417 2333 fontes
1441 2294 1720 2348 aquarum,
1765 2281 1835 2335 ita
1862 2282 2070 2336 deside-

496 2378 576 2422 rat
626 2368 802 2423 anima
857 2382 973 2423 mea
1020 2367 1087 2421 ad
1136 2376 1208 2431 te,
1260 2366 1419 2422 Deus.
1453 2370 1631 2423 Sitivit
1659 2370 1834 2425 anima
1860 2384 1975 2425 mea
2005 2370 2070 2427 ad

496 2458 661 2514 Deum
678 2458 877 2513 fontem
899 2456 1261 2528 vivunansal.
1290 2466 1420 2526 xu).
1447 2459 1522 2512 Ex
1550 2460 1631 2514 his
1651 2460 1806 2529 igitur
1825 2461 2070 2514 omnibus

495 2551 918 2607 demonstratum
947 2560 1029 2605 est
1056 2552 1110 2603 in
1142 2550 1293 2603 nobis
1321 2551 1420 2605 hoc
1451 2553 1609 2605 situm
1637 2567 1777 2619 esse,
1817 2562 1874 2608 ut
1899 2557 2071 2608 virtu-

497 2652 605 2695 tem
649 2641 1035 2710 adipiscamur;
1085 2641 1243 2711 idque
1271 2642 1439 2695 nostri
1470 2642 1674 2697 arbitrii
1702 2657 1765 2698 ac
1795 2647 2071 2712 potestatis

496 2751 641 2802 esse,
669 2750 858 2791 eamne
885 2736 1153 2804 amplecti,
1183 2750 1249 2789 an
1274 2743 1459 2790 contra
1492 2745 1763 2804 peccatum
1795 2736 1896 2805 ipsi
1921 2747 2069 2793 ante-

496 2823 639 2881 ferre
664 2826 911 2880 velimus.
964 2826 1034 2881 Et
1077 2827 1289 2893 quidem
1322 2827 1355 2880 ii
1398 2828 1484 2895 qui
1518 2827 1645 2882 vitio
1682 2828 1734 2882 in
1764 2829 2071 2885 servitutem

497 2928 557 2967 se
582 2914 926 2978 addixerunt,
964 2929 1104 2984 a'gre
1139 2916 1207 2968 ab
1232 2929 1299 2969 eo
1338 2916 1570 2969 abstrahi
1604 2928 1862 2984 possunt,
1888 2935 2073 2989 querna

498 3004 782 3057 admodum
813 3020 843 3058 a
870 3018 957 3060 me
985 3008 1228 3072 superius
1250 3005 1448 3060 dictum
1475 3016 1575 3059 est.

574 3124 653 3177 Tu
696 3138 843 3189 vero,
888 3124 977 3193 qui
1019 3140 1114 3192 per
1150 3123 1349 3179 viscera
1380 3125 1760 3183 misericordiae
1786 3127 1881 3183 Dei
1912 3129 2075 3182 nostri

2186 1924 2382 1995 μικρὸν
2425 1923 2663 1976 ἐνέδωκα
2714 1922 2813 1986 τὰς
2856 1921 3048 1992 ήνίας,
3094 1918 3407 1989 όξυδρόμως
3458 1914 3624 1977 εὐθὺς
3666 1913 3752 1966 άν-

2183 2018 2385 2088 έδραμε
2430 2015 2567 2086 πρὸς
2604 2016 2703 2084 τὴν
2754 2014 2948 2068 ἑαυτοῦ
2996 2011 3284 2083 ἐργασίαν,
3331 2006 3477 2062 καθά
3522 2021 3682 2075 φησιν
3725 2004 3753 2055 ό

2183 2110 2507 2181 Προφήτης·
2538 2109 2633 2161 Ὃν
2672 2106 2875 2177 τρόπον
2910 2102 3163 2157 ἐπιποθεῖ
3206 2102 3240 2171 ἠ
3288 2099 3487 2167 ἔλαφος
3534 2096 3626 2149 ἐπὶ
3660 2095 3751 2155 τὰς

2183 2203 2369 2273 πηγὰς
2406 2200 2515 2254 τῶν
2565 2200 2805 2262 ὑδάτων,
2853 2196 3027 2259 οὓτως
3075 2192 3389 2262 ἐπιποθείή
3452 2187 3603 2257 ψυχή
3658 2202 3750 2255 μου

2182 2294 2319 2363 πρὸς
2345 2292 2435 2345 τὸν
2472 2291 2632 2354 Θεὸν,
2665 2290 2757 2345 τὸν
2799 2288 3040 2359 ἰσχυρὸν,
3084 2285 3176 2338 τὸν
3207 2284 3387 2347 ζῶντα
3421 2278 3560 2349 (50).
3604 2278 3751 2329 Ἀπο-

2180 2381 2452 2437 δέδεικται
2486 2379 2579 2433 οῦν
2606 2381 2670 2432 ἐκ
2710 2379 2937 2432 πάντων
2961 2375 3186 2439 τούτων,
3220 2374 3296 2437 ὡς
3330 2372 3414 2441 ἐφ’
3442 2370 3580 2439 ἡμῖν
3614 2367 3749 2417 ἐστιν

2182 2473 2216 2544 ἡ
2249 2470 2443 2541 κτῆσις
2476 2469 2576 2539 τῆς
2598 2469 2820 2540 ἀρετῆς,
2852 2468 2946 2521 καὶ
2978 2468 3138 2537 ἡμεῖς
3171 2465 3376 2535 ταύτης
3416 2461 3601 2531 κύριοι
3625 2456 3749 2511 γαθ-

2181 2565 2492 2635 εστήκαμεν
2521 2576 2537 2593 '
2569 2563 2679 2615 εἴτε
2721 2561 3022 2632 θελήσομεν
3071 2560 3244 2628 αὐτῆς
3276 2554 3621 2619 ἀνθέξεσθαι,
3650 2551 3743 2602 εἴτε

2180 2658 2281 2724 τὴν
2319 2656 2592 2729 ἁμαρτίαν
2638 2655 2951 2726 προκρῖναι.
2998 2653 3062 2705 Oi
3101 2651 3201 2722 μὲν
3256 2648 3349 2703 οῦν
3396 2643 3745 2703 δουλωθέντες

2187 2746 2346 2819 1⁸14
2370 2749 2435 2817 τῇ
2468 2747 2639 2816 κακίᾳ
2660 2743 3135 2806 δυσαποσπάστως
3156 2740 3327 2811 αὐτῆς
3368 2739 3580 2810 ἔχουσι,
3615 2733 3747 2788 καθὰ

2182 2840 2247 2911 δὴ
2275 2839 2564 2911 προλαϐὼν
2586 2835 2760 2894 εἷπον.

2254 3132 2327 3184 Σὺ
2358 3130 2414 3184 δέ
2441 3130 2628 3183 λοιπὸν
2668 3127 3059 3201 ἐλευθερωθεὶς
3097 3126 3302 3197 ταύτης
3342 3124 3432 3178 διὰ
3478 3119 3749 3191 σπλάγχνα

508 3235 574 3275 eo
602 3220 852 3275 liberatus
880 3233 961 3286 es,
992 3234 1056 3274 ac
1085 3234 1180 3290 per
1208 3220 1437 3289 Spiritus
1467 3221 1631 3276 divini
1656 3223 1881 3292 gratiam
1926 3223 2073 3278 Chri-

2183 3223 2363 3287 ἐλέους
2387 3222 2523 3276 Θεοῦ
2553 3221 2710 3293 ήμῶν
2736 3222 2872 3292 (51),
2903 3222 2999 3275 καὶ
3030 3220 3121 3274 τὸν
3146 3216 3382 3287 Χριστὸν
3408 3212 3747 3282 ἐνδεδυμένος

511 3320 651 3363 stum
678 3308 920 3377 induisti,
952 3308 1038 3363 fac
1065 3318 1114 3364 te
1144 3319 1309 3364 totum
1358 3311 1424 3365 ad
1458 3311 1740 3367 Dominum
1773 3314 2078 3382 transferas,

513 3415 611 3457 nec
641 3400 843 3455 vitiosis
872 3400 1241 3456 adiectionibus
1267 3401 1482 3471 jnnuam
1527 3403 1634 3459 ullo
1664 3406 1821 3460 modo
1849 3406 2079 3474 aperias,

511 3506 694 3547 verum
735 3491 965 3546 animam
997 3501 1139 3546 tuam
1179 3492 1327 3546 suavi
1355 3493 1603 3548 virtutum
1631 3496 1795 3550 odore
1819 3510 1883 3552 ac
1906 3498 2082 3567 splen-

510 3585 642 3638 dore
678 3592 1009 3652 coornatam,
1037 3592 1236 3639 sanctae
1282 3584 1555 3639 Trinitatis
1584 3587 1835 3656 templum
1865 3589 2076 3657 reddas,

508 3684 669 3742 atque
709 3675 761 3728 in
810 3674 976 3741 ipsius
1026 3675 1473 3743 contemplatione
1513 3691 1700 3732 omnes
1740 3681 1933 3733 mentis
1978 3688 2085 3735 tute

510 3767 789 3820 facultates
814 3779 1068 3834 occupes.
1093 3765 1221 3820 Nam
1251 3766 1436 3819 cumis
1458 3769 1544 3837 qui
1570 3784 1691 3824 cum
1722 3780 1932 3826 terreno
1959 3786 2084 3841 rege

507 3856 651 3927 degit
683 3866 842 3925 atque
884 3855 1207 3925 colloquitur
1236 3856 1422 3911 beatus
1459 3858 1526 3912 ab
1550 3860 1797 3915 omnibus
1827 3863 2084 3931 praadicec

509 3953 597 3999 tur
624 3959 731 3999 non
757 3955 840 3999 est
869 3944 1085 3999 dubium
1114 3946 1241 4014 quin
1271 3948 1315 4000 is
1344 3948 1429 4001 cui
1456 3947 1637 4003 divino
1670 3950 1931 4007 beneﬁcio
1955 3968 2084 4011 con-

509 4034 630 4102 tigit
658 4040 716 4086 ut
741 4040 920 4088 mente
945 4048 1065 4088 cum
1095 4032 1206 4089 Deo
1234 4035 1582 4106 colloquatur,
1613 4042 2082 4097 consuetudinem-

507 4137 610 4192 que
628 4137 748 4177 cum
771 4137 836 4178 eo
858 4122 1071 4193 habeat,
1102 4125 1247 4179 omni
1274 4124 1602 4181 beatitudine
1614 4130 1932 4186 cumuletur.
1951 4133 2082 4201 Quae

511 4227 632 4269 cum
680 4213 753 4268 ita
792 4214 919 4280 sint,
949 4229 1071 4271 eum
1099 4229 1313 4285 semper
1353 4217 1423 4273 ob
1458 4222 1641 4275 oculos
1682 4222 1774 4277 tibi
1822 4238 2079 4295 propone,

511 4312 669 4374 atque
708 4319 831 4361 cum
876 4306 993 4376 ipso
1037 4308 1365 4378 colloquere.
1405 4311 1641 4378 Quanam
1671 4325 1846 4370 autem
1878 4319 2083 4376 ratione

510 4408 632 4449 cum
664 4394 775 4448 Deo
803 4395 1159 4461 colloqueris?
1194 4397 1450 4453 Nimirum
1484 4416 1576 4469 per
1593 4404 1887 4457 orationem
1909 4415 1960 4461 et
1983 4408 2081 4460 ob-

511 4488 862 4541 secrationem
884 4485 949 4539 ad
970 4485 1135 4542 Deum
1157 4490 1610 4559 appropinquans.
1632 4492 1761 4547 Nam
1781 4495 1869 4564 qui
1892 4494 2083 4551 arden-

2182 3318 2250 3387 τῇ
2280 3312 2375 3368 τοῦ
2412 3312 2557 3366 θείου
2600 3311 2917 3384 Πνεύματος
2969 3310 3177 3381 χάριτι,
3222 3307 3343 3362 ὅλον
3389 3303 3621 3359 σεαυτὸν
3668 3318 3751 3371 με-

2183 3400 2348 3463 τάθες
2385 3399 2480 3451 ἐπὶ
2515 3398 2607 3453 τὸν
2640 3399 2866 3469 Κύριον,
2900 3399 2994 3451 καὶ
3032 3398 3279 3469 μηδόλως
3304 3395 3385 3448 ἔτι
3407 3394 3528 3456 τοῖς
3568 3390 3750 3445 πάθεσι

2186 3491 2360 3562 θύραν
2384 3489 2602 3562 ἀνοίξῃς
2630 3488 2742 3560 (52)
2762 3508 2774 3521 ο
2808 3488 2944 3543 ἀλλά
2972 3491 3038 3560 τῇ
3067 3487 3266 3559 εὐωδίᾳ
3290 3486 3384 3539 καὶ
3412 3482 3750 3553 λαμπρότητι

2184 3582 2296 3637 τῶν
2341 3580 2554 3653 ἀρετῶν
2596 3581 2882 3652 κοσμήσας
2923 3597 3019 3633 σου
3069 3579 3169 3648 τὴν
3195 3578 3396 3648 ψυχὴν,
3434 3575 3567 3629 ναὸν
3595 3572 3751 3641 αὐτὴν

2189 3671 2416 3742 ποίησον
2447 3670 2547 3741 τῆς
2574 3670 2737 3738 ἁγίας
2781 3669 3012 3740 Τριάδος
3057 3666 3192 3739 (55),
3225 3670 3294 3737 τῇ
3323 3665 3532 3734 ταύτης
3560 3662 3752 3732 θεωρία

2187 3764 2368 3825 πάσας
2407 3778 2499 3815 σου
2526 3759 2628 3824 τὰς
2672 3758 2765 3815 τοῦ
2806 3762 2923 3824 νοὸς
2958 3760 3218 3830 δυνάμεις
3258 3756 3671 3827 ἀπασχολήσας.
3698 3753 3751 3805 Εἰ

2186 3852 2295 3925 γὰρ
2326 3852 2535 3923 βασιλεῖ
2564 3869 2650 3915 τις
2675 3851 2903 3923 ἐπιγείῳ
2937 3850 3238 3919 συνδιάγων
3263 3850 3357 3903 καὶ
3380 3848 3753 3915 διαλεγόμενος

2191 3942 2528 4017 μακαριστὸς
2567 3943 2701 3996 πᾶσι
2752 3938 3049 4004 δείκνυται,
3089 3943 3117 3994 ό
3147 3941 3265 4011 Θεῷ
3297 3937 3646 4006 διαλέγεσθαι
3670 3936 3753 3989 καὶ

2187 4039 2430 4091 συνεῖναι
2480 4034 2559 4107 τῷ
2600 4034 2682 4089 νοῒ
2732 4032 3126 4100 καταξιωθεὶς,
3172 4035 3346 4102 πόσης
3393 4029 3751 4085 ἀπολαύσεται

2191 4125 2629 4198 μακαριότητος;
2672 4123 2845 4178 Αὑτὸν
2886 4123 2981 4178 οῦν
3021 4122 3339 4194 ἐνοπτρίζου
3372 4122 3630 4181 πάντοτε,
3670 4118 3755 4171 καὶ

2186 4216 2336 4287 αύτῷ
2384 4215 2730 4288 προσομίλει.
2773 4214 2901 4278 Πῶς
2938 4215 2996 4269 δὲ
3029 4213 3458 4284 προσομιλήσεις
3495 4210 3651 4279 Θεῷ;
3681 4209 3755 4277 Τῇ

2186 4308 2276 4363 διὰ
2302 4306 2608 4378 προσευχῆς
2636 4306 2731 4359 καὶ
2760 4306 2998 4377 δεήσεως
3028 4305 3166 4376 πρὸς
3194 4303 3355 4357 αὑτὸν
3377 4303 3662 4374 ἐγγύτητι.
3701 4300 3757 4352 '0

2187 4400 2298 4472 γὰρ
2320 4398 2469 4467 πόθῳ
2494 4397 2815 4469 θερμοτάτῳ
2835 4397 2931 4450 καὶ
2954 4397 3151 4469 καρδία
3176 4394 3568 4465 κεκαθαρμένη
3598 4407 3759 4463 προσ-

2189 4491 2481 4562 ευχόμενος
2503 4490 2639 4560 (54),
2675 4491 2893 4544 πάντων
2928 4489 3027 4560 μὲν
3060 4487 3167 4542 τῶν
3207 4486 3408 4542 ὑλικῶν
3440 4487 3536 4540 καὶ
3558 4500 3758 4555 χαμαι-

512 4579 719 4635 tissimo
745 4583 1011 4639 desiderio
1031 4601 1093 4642 ac
1125 4600 1345 4658 purgato
1386 4603 1598 4659 pectore
1624 4602 1761 4658 orat,
1810 4603 1969 4662 atque
2013 4596 2073 4649 ab

2188 4582 2364 4653 ζήλων
2413 4580 2699 4652 μακρύνας
2735 4580 2827 4635 τὸν
2868 4580 3019 4647 νοῦν,
3062 4579 3141 4643 ὡς
3176 4578 3407 4644 ἐνώπιος
3442 4577 3500 4630 δέ
3546 4574 3759 4641 ἐνωπίῳ

507 4669 759 4724 omnibus
786 4672 946 4727 rebus
972 4688 1034 4728 ex
1074 4678 1292 4731 materia
1322 4682 1583 4735 concretis
1611 4691 1665 4735 et
1710 4683 1938 4736 terrenis
1980 4685 2073 4737 ab-

506 4754 663 4811 ducta
692 4768 887 4825 mente,
913 4773 1159 4833 tanquam
1183 4781 1361 4820 coram
1396 4768 1501 4823 Deo
1527 4779 1682 4836 astat,
1705 4785 1766 4824 ac
1786 4787 1905 4826 cum
1929 4783 2071 4828 metu

588 5048 700 5116 (50)
743 5046 882 5103 Psal.
910 5064 1023 5111 XLI,
1054 5050 1105 5114 Ι,
1135 5050 1192 5104 2.

586 5118 698 5188 (5i)
727 5117 859 5188 Luc.
889 5137 927 5183 ι⁹
957 5118 1049 5177 78.

2190 4674 2598 4746 παριστάμενος
2628 4672 2708 4744 τῷ
2737 4672 2856 4745 Θεῷ
2894 4672 3031 4745 (55),
3059 4671 3209 4742 φόϐῳ
3232 4687 3293 4725 τε
3318 4670 3413 4723 καὶ
3451 4666 3641 4740 τρόμῳ
3664 4665 3759 4729 τὰς

2192 4766 2405 4838 δεήσεις
2454 4766 2604 4838 αὐτῷ
2650 4764 2807 4836 175
2856 4765 3175 4837 προσάγων,
3221 4766 3249 4818 ὁ
3303 4760 3542 4824 τοιοῦτος
3587 4758 3760 4828 ὁμιλεῖ

611 5187 702 5257 52)
732 5187 851 5243 Act.
881 5189 1069 5271 Apost.
1105 5210 1218 5271 xxv,
1240 5196 1313 5271 2'?
1340 5213 1354 5249 :
1394 5195 1612 5271 ¹ξΗνοιξιξ
1657 5199 1771 5262 τοῖς
1814 5198 2009 5271 ἔθνεσιΔ
2042 5199 2069 5254 θ

2183 5216 2211 5254 ν
2247 5199 2507 5271 πίστεως.
2540 5198 2557 5253 1
2592 5199 2763 5268 Epist.
2813 5198 2880 5253 ad
2911 5196 3039 5271 Cor.
3075 5214 3189 5265 xvi,
3212 5198 3246 5254 9
3277 5215 3291 5253 :
3320 5196 3496 5271 Stipes
3519 5196 3759 5271 ydppei

514 5259 725 5352 ςενέιάίγε
761 5259 1212 5352 μεῖάξληλῐζοιυίι
1241 5259 1767 5352 aliunde'proﬁcere.
1805 5284 1947 5352 Cum“
1961 5268 2039 5352 sit
2060 5259 2197 5352 apud
2225 5259 2543 5352 multosuijla
2566 5259 2892 5352 metaphora
2916 5259 3759 5352 obvia,_et'_verliis'etiarn-simi-

513 5328 789 5408 ﬂoribus:
822 5328 1214 5408 viile'Palairet
1242 5348 1296 5408 et
1326 5328 1587 5408 Vah-ken.
1624 5338 1689 5390 ad
1720 5328 1879 5404 A'ct.;
1912 5328 2110 5395 Rhoer.
2145 5338 2269 5395 Fer.
2300 5355 2353 5408 p.
2388 5340 2526 5401 153;
2565 5328 2890 5408 Scliel'liorn.
2917 5340 2968 5393 in
3011 5328 3147 5393 Bibl.
3183 5339 3440 5407 Theolog.
3481 5353 3535 5397 v.
3561 5351 3614 5403 p.
3638 5335 3757 5390 856.

514 5397 777 5477 gotuitet
803 5398 1283 5477 vulgaremseqni
1317 5421 1495 5477 usuin
1516 5404 1819 5477 loquendi;
1866 5397 1987 5462 nam
2020 5410 2140 5463 talia
2177 5397 2315 5477 puto'
2354 5410 2403 5463 in
2449 5397 2689 5465 omnium
2720 5424 2817 5463 ore
2862 5406 3030 5462 fuisse
3058 5409 3208 5477 olim,
3246 5418 3305 5462 ut
3344 5397 3418 5477 eti
3442 5397 3583 5460 nunc
3617 5413 3759 5477 sunt.

516 5466 788 5550 Georgius.
816 5466 1042 5550 La_bi_tha
1076 5466 1333 5550 _inedi_lus
1363 5491 1416 5550 ν,
1468 5466 1616 5550 ϐὃθξ
1651 5466 1959 5550 Γράμματα
1993 5496 2070 5550 πα

2183 5466 2380 5544 κεύαζε
2432 5478 2655 5550 τούτους
2700 5478 2992 5550 μανθάνειν
3036 5466 3288 5548 πρῶτονο
3338 5476 3611 5545 Μέγιστον
3651 5475 3759 5544 φῶς

515 5534 908 5673 γάρῦ
924 5534 1529 5673 ῧιτᾌύτὶυῆἐτὲστὲιμη,
1563 5548 1673 5601 Καὶ
1697 5534 1843 5622 ’πρδξ
1869 5534 2140 5621 λειμῶνας
2170 5534 2423 5617 λογικόὺς
2462 5534 2743 5618 ἀνοίγνυσι
2766 5547 2864 5617 τὴν
2894 5534 3086 5618 θύρανέ

729 5607 811 5681 gr.
846 5607 905 5661 ιῖ
924 5610 1012 5674 ιιι,
1040 5628 1093 5681 ι).
1124 5614 1247 5678 ιτι,
1280 5633 1337 5670 η.
1377 5607 1429 5670 6'.

591 5677 800 5759 (54H).
836 5677 1294 5762 προσερχόμενος.
1331 5686 1533 5742 Electio
1572 5694 1655 5742 est
1681 5687 1861 5744 dubia.
1888 5687 2073 5744 Joanni

2183 5688 2347 5759 lhrys.
2394 5704 2448 5760 p.
2483 5688 2551 5744 70
2598 5687 2823 5760 Raphel.
2852 5705 2866 5743 :
2914 5687 3203 5762 Ilpoaépm
3228 5686 3307 5759 τῷ
3335 5684 3453 5756 Θεῷ
3488 5683 3762 5757 βασιλείαν

517 5742 766 5817 ούρανῶν
787 5742 980 5807 αἰτῶν.
993 5742 1034 5806 ,ξ

594 5815 707 5889 (55)
734 5816 864 5875 Luc.
900 5836 937 5889 ι,
971 5822 1037 5878 l9
1071 5840 1084 5878 :
1115 5824 1355 5897 Γαόριήλ
1376 5827 1404 5880 ό
1441 5826 1806 5899 παρεστηκὼς
1835 5829 2067 5885 ἐνώπιον
2096 5827 2189 5884 τοῦ
2219 5826 2377 5885 Θεοῦ.
