4042 6408
249 436 373 501 1041

1329 415 1504 476 VITA
1543 414 1901 474 BARLAAM
1939 414 2030 473 ET
2070 411 2423 472 JOASAPH.

3357 426 3491 485 1042

242 532 388 604 αὕτῷ
416 530 509 586 καὶ
538 532 834 604 πρόσωπον
863 528 1000 603 πρὸς
1030 529 1324 603 πρόσωπον
1364 530 1478 602 (56)
1508 529 1660 600 αὐτῷ
1697 528 1815 583 δια-

1932 542 1987 590 et
2014 542 2245 590 tremore
2271 550 2456 606 preces
2480 536 2545 589 ad
2574 550 2695 591 eum
2723 537 2960 603 adhibet,
2993 538 3079 591 hic
3106 536 3354 591 nimirum
3377 550 3498 589 cum

240 623 481 690 λέγεται.

311 796 550 867 Πάρεστι
580 795 688 866 γὰρ
719 794 998 866 πανταχοῦ
1049 797 1078 850 ό
1109 795 1313 865 ἀγαθὸς
1344 796 1504 869 ἡμῶν
1540 799 1818 870 Δεσπότης

238 887 528 941 ἐπακούων
574 887 683 941 τῶν
729 887 1041 958 εἰλικρινῶς
1089 889 1184 942 καὶ
1213 888 1471 962 καθαρῶς
1519 907 1819 962 προσερχο-

241 981 417 1050 μένων
448 978 619 1051 αύτῷ,
669 980 923 1050 καθάπερ
963 980 1131 1051 φησὶν
1175 983 1204 1035 ό
1228 983 1552 1053 Προφήτηςο
1590 982 1819 1053 Ὀφθαλ-

241 1072 331 1136 μοὶ
365 1070 478 1143 (57)
526 1070 734 1144 Κυρίου
774 1072 867 1124 ἐπὶ
922 1072 1187 1140 δικαίους,
1241 1074 1337 1129 καὶ⁵
1384 1068 1497 1130 ὦτα
1528 1074 1692 1129 αὐτοῦ
1738 1078 1820 1142 είς

240 1162 424 1231 δέησιν
452 1162 654 1218 αὐτῶν.
692 1163 803 1217 Καὶ
835 1163 924 1217 διὰ
962 1164 1125 1218 τοῦτο
1163 1167 1211 1219 οἱ
1240 1166 1487 1239 Πατέρες
1512 1169 1612 1240 τὴν
1648 1186 1819 1241 προσ-

241 1253 405 1325 ευχὴν
447 1255 641 1309 ἕνωσιν
692 1254 982 1326 ἀνθρώπου
1035 1257 1171 1330 πρὸς
1222 1259 1355 1313 Θεὸν
1385 1260 1681 1330 ὁρίζονται,
1726 1262 1821 1317 καὶ

241 1346 402 1416 ἔργον
432 1346 683 1416 ἀγγέλων
714 1346 920 1418 ταύτην
968 1348 1216 1412 καλοῦσι.
1248 1352 1346 1405 καὶ
1373 1351 1473 1423 τῆς
1516 1351 1820 1424 μελλούσης

241 1437 588 1509 εὐφροσύνης
628 1439 917 1511 προοίμιον
969 1439 1104 1512 (58).
1176 1442 1329 1495 Ἐπε)⁸
1381 1443 1490 1516 γὰρ
1540 1444 1821 1515 βασιλείαν

241 1528 489 1599 οὐρανῶν
544 1528 647 1600 τὴν
697 1528 978 1601 ἐγγύτητα
1038 1531 1135 1587 καὶ
1194 1534 1431 1606 θεωρίαν
1497 1537 1602 1607 τῆς
1659 1536 1822 1605 ἁγίας

240 1620 473 1689 Τριάδος
513 1620 675 1674 πλέον
715 1623 934 1677 πάντων
959 1623 1223 1689 τίθενται,
1258 1626 1398 1696 πρὸς
1432 1625 1593 1680 τοῦτο
1632 1627 1691 1681 δὲ
1727 1628 1823 1681 καὶ

241 1710 274 1779 ἡ
305 1708 407 1779 τῆς
441 1709 609 1780 εὐχῆς
638 1710 967 1783 προσεδρεία
1006 1712 1098 1766 τὸν
1138 1712 1263 1767 νοῦν
1291 1718 1645 1786 χειραγωγεί,
1672 1717 1821 1770 εἰκό.

1932 639 1998 679 eo
2018 626 2451 680 consuetudinem
2477 626 2659 691 habet,
2701 625 2941 697 facieque
2969 628 3036 681 ad
3067 627 3256 683 faciem
3284 642 3404 682 cum
3436 642 3501 679 eo

1930 712 2265 781 colloquitur.

2004 800 2277 872 Siquidem
2306 802 2477 857 bonus
2506 809 2687 857 noster
2735 802 2874 857 Deus
2911 816 2975 857 ac
3023 802 3276 856 Dominus
3307 802 3501 870 ubique

1928 892 2099 955 adest,
2123 908 2217 948 eos
2236 894 2323 963 qui
2346 894 2555 948 sincero
2576 908 2640 948 ac
2662 909 2792 962 puro
2816 894 2996 948 animo
3021 896 3191 959 ipsum
3219 904 3500 956 precantur

1929 984 2238 1049 exaudiens,
2262 984 2706 1053 quemadmodum
2731 985 2805 1038 ait
2836 985 3101 1053 Propheta
3147 999 3162 1036 :
3208 983 3358 1037 Oculi
3393 983 3499 1037 Do-

1929 1074 2056 1128 mini
2085 1089 2245 1142 super
2282 1075 2471 1143 justos,
2522 1084 2577 1128 et
2623 1090 2780 1129 aures
2817 1075 2932 1142 ejus
2979 1076 3033 1129 in
3084 1089 3270 1143 preces
3315 1088 3497 1127 eorum

1928 1164 2095 1237 (Psal.
2127 1169 2337 1237 xxxnt).
2389 1167 2506 1234 Quo
2549 1167 2610 1221 fit
2658 1176 2714 1222 ut
2759 1168 2942 1223 Patres
2972 1166 3197 1221 hominis
3242 1181 3362 1220 cum
3393 1165 3501 1220 Deo

1927 1255 2355 1325 conjunctionem
2378 1260 2673 1310 orationem
2705 1271 2827 1312 esse
2854 1256 3134 1321 definiant,
3157 1269 3381 1322 eamque
3405 1270 3501 1308 an-

1925 1348 2163 1416 gelorum
2195 1362 2329 1418 opus
2351 1364 2412 1402 ac
2434 1348 2625 1403 futurae
2650 1348 2845 1403 laetitia:
2871 1348 3184 1417 praeludium
3206 1347 3498 1415 appellent.

1925 1438 2195 1507 Siquidem
2228 1441 2281 1493 in
2309 1438 2407 1493 hoc
2428 1440 2604 1509 potius
2624 1455 2781 1510 quam
2804 1440 2854 1494 in
2879 1440 2999 1495 ullis
3018 1439 3134 1492 aliis
3156 1438 3317 1493 rebus
3337 1439 3498 1492 situm

1926 1543 2047 1584 esse
2088 1528 2349 1584 caelorum
2394 1544 2617 1600 regnum
2665 1539 2906 1597 censent,
2943 1540 3000 1583 ut
3028 1531 3145 1599 quis
3172 1529 3237 1582 ad
3261 1537 3496 1581 sanctam

1929 1616 2239 1672 Trinitatem
2299 1617 2726 1687 appropinquet,
2808 1632 3035 1687 eamque
3089 1617 3498 1684 contempletur.

1927 1711 2092 1775 Quam
2115 1709 2326 1777 quidem
2357 1709 2422 1765 ad
2455 1725 2568 1765 rem
2597 1724 2718 1765 cum
2746 1710 2995 1779 precandi
3036 1710 3321 1763 assiduitas
3341 1723 3495 1761 tuen-

238 1815 350 1861 τως
389 1801 679 1870 προοίμιον
715 1802 812 1855 καὶ
843 1803 1008 1857 οἱονεὶ
1041 1805 1438 1876 προεικόνισμα
1476 1808 1691 1878 ἐκείνης
1722 1808 1821 1878 τῆς

1931 1812 2032 1853 tem
2063 1800 2208 1854 velut
2238 1816 2395 1854 manu
2425 1799 2601 1868 ducat,
2646 1816 2749 1854 non
2779 1800 2875 1854 abs
2907 1815 2964 1853 re
2986 1798 3327 1853 beatitudinis
3357 1797 3499 1852 illius

244 1890 647 1961 μακαριότητος
687 1893 950 1963 κέκληται
986 1871 1147 1965 αὕτη.
1190 1897 1264 1951 Οὐ
1297 1871 1447 1950 necat
1476 1897 1532 1950 δὲ
1565 1871 1698 1969 εὐχὴ
1726 1871 1817 1951 .5;

1931 1891 2240 1957 praeludium
2286 1907 2349 1947 ac
2396 1893 2541 1948 velut
2587 1892 2790 1961 efﬁgies
2835 1893 3074 1960 quaedam
3107 1891 3366 1961 appellata
3394 1899 3497 1945 est.

239 1980 373 2032 τωσὶ
423 1982 784 2054 καθέστηκεν,
826 1984 941 2039 ἀλλ’
981 1987 1014 2056 ἡ
1052 1985 1152 2056 τῆς
1202 1988 1574 2060 προσηγορίας
1611 1989 1816 2060 ταύτης

239 2070 412 2135 ὅντως
441 2072 599 2140 ἀξία,
637 2077 670 2147 ἡ
705 2074 837 2129 Θεὸν
878 2074 1077 2147 ἔχουσα
1110 2077 1455 2142 διδάσκαλον,
1485 2079 1577 2133 τὸν
1608 2078 1817 2132 διδόντα

240 2159 408 2229 εύχην
431 2161 511 2232 τῷ
534 2163 834 2234 εὐχομένῳ,
861 2166 895 2236 ἡ
927 2165 1146 2218 πάντων
1184 2166 1289 2219 τῶν
1318 2168 1409 2220 ἐπὶ
1442 2167 1546 2238 γῆς
1572 2166 1815 2237 ύπεραρο

240 2251 399 2306 θεῖσα
420 2254 514 2307 καὶ
535 2254 612 2324 τῷ
630 2255 876 2327 Δεσπότῃ
899 2256 1019 2327 Θεῷ
1039 2255 1258 2326 ἁμέσως
1285 2259 1707 2329 ὲντυγχάνουσα.

311 2431 536 2506 Ταύτην
567 2434 781 2507 σεαυτῷ
808 2435 1120 2508 περιποιοῢ,
1153 2440 1248 2493 καὶ
1277 2441 1357 2504 εἰς
1385 2439 1590 2512 ταύτην
1618 2442 1822 2511 ἀγωνί-

240 2522 335 2588 ζου
362 2525 468 2596 τὴν
508 2527 828 2597 προκοπήν·
881 2526 1042 2600 ἱκανὴ
1086 2529 1196 2601 γὰρ
1226 2529 1460 2602 ὑπάρχει
1496 2533 1559 2585 ὲκ
1600 2532 1707 2603 γῆς
1739 2534 1820 2597 είς

239 2614 505 2686 οὐρανοὺς
532 2616 816 2687 ἀνυψῶσαί
848 2634 929 2673 σε.
958 2619 1071 2672 Ούκ
1098 2620 1502 2692 ἀπαρασκεύως
1530 2622 1587 2676 δὲ
1621 2623 1717 2676 καὶ
1741 2623 1816 2687 ὠς

240 2704 396 2777 ἔτυχε
427 2706 720 2779 προκόψεις
742 2709 798 2761 ἐν
828 2708 999 2783 ταύτῃ
1020 2726 1034 2739 ο
1060 2710 1216 2776 ἀλλὰ,
1243 2712 1464 2767 πάντων
1489 2714 1600 2769 τῶν
1628 2713 1816 2768 παθῶν

239 2800 335 2869 τὴν
382 2799 566 2870 ψυχὴν
612 2803 993 2874 προκαθάρας,
1035 2804 1131 2858 καὶ
1167 2806 1348 2877 πάσης
1382 2810 1628 2878 πονηρᾶς
1658 2808 1818 2862 ἐνθυ-

244 2891 465 2963 μήσεως
492 2891 698 2962 ταύτην
725 2893 1050 2968 ἀποσμήξας
1084 2896 1159 2961 ὡς
1193 2897 1435 2970 καθαρὸν
1469 2901 1563 2953 καὶ
1584 2901 1818 2972 νεόσμη-

243 2997 366 3034 κτον
416 2981 701 3054 ἔσοπτρον,
763 2985 923 3057 176
969 2986 1151 3057 πάσης
1200 3002 1260 3041 τε
1305 2990 1674 3060 μνησικακίας
1725 2994 1820 3045 καὶ

247 3072 469 3141 μήνιδος
510 3075 735 3127 σεαυτὸν
778 3077 1084 3147 μακρύνας,
1116 3078 1236 3150 ἥτις
1284 3080 1447 3135 πλέον
1478 3081 1697 3137 πάντων
1721 3082 1821 3146 τὰς

1931 1984 2130 2040 Verum
2203 1997 2315 2038 non
2480 1987 2653 2039 omnis
2682 1984 2855 2039 oratio
2879 1983 3139 2053 ejusmodi
3171 1992 3287 2048 est;
3321 1981 3414 2037 sed
3436 1997 3497 2036 ea

1928 2076 2140 2129 demum
2161 2072 2261 2129 hoc
2291 2073 2507 2129 nomine
2538 2073 2891 2140 nuncupanda
2917 2082 3021 2135 εει,
3046 2085 3164 2140 quae
3194 2072 3378 2134 Deum,
3408 2069 3497 2139 qui

1926 2164 2182 2221 orationis
2225 2164 2500 2219 materiam
2549 2163 2891 2232 suppeditat,
2944 2162 3253 2229 magistrum
3306 2160 3496 2227 habet,

1927 2270 2148 2327 quaque
2187 2270 2347 2325 supra
2378 2267 2585 2310 terrena
2632 2253 2811 2308 omnia
2858 2252 3131 2322 assurgit,
3172 2261 3331 2321 atque
3376 2266 3498 2306 cum

1929 2351 2149 2405 Domino
2176 2347 2388 2404 Christo
2412 2349 2529 2403 sine
2551 2346 2652 2401 ulla
2685 2345 2998 2401 intermedia
3026 2359 3085 2399 re
3107 2352 3364 2398 versatur.

1998 2445 2144 2501 Hanc
2162 2444 2317 2500 velim
2344 2442 2434 2497 tibi
2457 2442 2720 2510 acquiras,
2749 2450 2905 2509 atque
2935 2438 2987 2493 in
3017 2452 3081 2493 ea
3111 2436 3329 2503 provehi
3356 2450 3490 2490 con-

1928 2539 2135 2594 tendas.
2161 2535 2366 2593 Etenim
2392 2534 2506 2603 ipsa
2535 2534 2673 2588 hanc
2700 2532 2803 2586 vim
2836 2534 3014 2597 habet,
3048 2540 3107 2584 ut
3137 2537 3192 2583 te
3217 2546 3244 2583 a
3277 2538 3415 2583 terra
3446 2527 3499 2580 in

1928 2632 2093 2686 oculos
2147 2627 2443 2684 subvehere
2479 2628 2665 2695 possit.
2707 2626 2974 2679 Caeterum
3016 2636 3122 2677 non
3175 2630 3395 2685 temere,
3435 2635 3501 2676 ac

1928 2739 2045 2779 sine
2073 2723 2178 2778 ulla
2208 2720 2596 2789 praeparatione
2618 2719 2669 2773 in
2698 2717 2811 2787 ipsa
2842 2729 3156 2787 progressus
3184 2715 3381 2779 facies;
3410 2730 3498 2770 ve-

1929 2830 2045 2868 rum
2074 2814 2146 2868 ita
2174 2812 2412 2877 demum,
2442 2813 2485 2867 si
2510 2812 2742 2865 animam
2769 2818 2909 2864 tuam
2936 2810 3004 2864 ab
3025 2807 3270 2862 omnibus
3291 2807 3500 2862 vitiosis

1930 2905 2299 2961 affectionibus
2328 2905 2475 2974 prius
2504 2903 2828 2972 repurgaris,
2875 2916 3100 2971 eamque
3126 2900 3195 2955 ab
3222 2900 3368 2954 omni
3399 2899 3499 2952 im-

1930 2998 2090 3068 proba
2119 2996 2438 3066 cogitatione
2466 2995 2755 3060 detersam,
2780 2994 2895 3062 puri
2921 2991 3196 3061 cujusdam
3224 3005 3285 3046 ac
3308 3005 3496 3045 recens

1931 3089 2158 3145 abstersi
2183 3088 2383 3155 speculi
2413 3088 2582 3142 instar
2621 3085 2882 3151 effeceris,
2917 3093 2973 3141 et
2999 3085 3067 3139 ab
3107 3084 3251 3139 omni
3283 3082 3502 3152 injuria-

241 3166 519 3236 ἡμετέρας
564 3166 729 3236 εὐχὰς
759 3169 896 3239 πρὸς
926 3168 1058 3222 Θεὸν
1089 3169 1391 3240 ἀνάγεσθαι
1428 3173 1649 3238 κωλύει,
1686 3173 1821 3227 πᾶσί

1931 3198 2049 3237 rum
2083 3181 2451 3237 recordatione
2479 3191 2635 3249 atque
2664 3181 2741 3233 ira
2780 3179 2921 3250 (qua:
2946 3178 3135 3245 majori
3166 3191 3323 3247 quam
3371 3175 3503 3231 reli-

242 3273 299 3309 τε
328 3259 445 3322 τοῖς
473 3260 823 3331 ἡμαρτηκόσι
856 3278 939 3314 σοι
969 3261 1078 3316 ἀπὸ
1108 3264 1337 3335 καρδίας
1365 3265 1525 3334 ἀφεὶς
1548 3265 1618 3320 τὰ
1641 3267 1824 3339 πλημ-

245 3350 559 3421 μελήματα,
592 3354 684 3406 καὶ
715 3356 774 3406 ὲν
804 3354 1198 3424 ὲλεημοσύναις
1238 3357 1334 3411 καὶ
1377 3360 1683 3431 οίκτιρμοῖς
1727 3378 1829 3415 πε-

243 3441 423 3511 νήτων
445 3441 544 3513 τὴν
570 3443 737 3514 εὐχὴν
768 3445 1059 3516 πτερώσας
1091 3446 1227 3518 (59),
1263 3450 1583 3520 προσάγαγε
1605 3451 1684 3521 τῷ
1708 3452 1827 3523 Θεῷ

246 3535 383 3604 μετὰ
438 3536 659 3607 θερμῶν
709 3536 984 3609 δακρύων.
1039 3536 1227 3602 Οὕτως
1276 3540 1572 3609 εὐχόμενος
1619 3541 1825 3612 δυνήσῃ

245 3627 422 3680 είπείν
455 3624 531 3691 ὡς
572 3630 601 3682 ὁ
646 3629 921 3700 μακάριος
968 3629 1169 3684 Δαυῖδ’
1222 3625 1389 3696 Οὗτος
1422 3632 1531 3703 γὰρ
1572 3631 1827 3702 βασιλεὺς

245 3718 316 3773 ὢν
351 3721 453 3774 καὶ
496 3721 718 3793 μυρίαις
749 3721 858 3794 (60)
894 3722 1184 3794 ἑλκόμενος
1218 3725 1487 3795 φροντίσι,
1525 3725 1821 3794 πάντωνζδὲ

244 3811 351 3864 τῶν
374 3811 571 3865 παθῶν
607 3813 705 3883 τὴν
733 3813 913 3884 ψυχὴν
946 3814 1111 3868 αὐτοῦ
1144 3815 1470 3887 καθαρίσας,
1503 3816 1657 3885 ἔλεγε
1685 3817 1823 3889 πρὸς

247 3901 334 3955 τὸν
362 3902 530 3956 Θεόνο
585 3901 824 3958 ’Δδικίαν
858 3904 970 3976 (61)
1012 3906 1253 3976 ἐμίσησα
1301 3909 1397 3961 καὶ
1425 3908 1825 3979 ὲὸδελυξάμην,

248 3994 336 4046 τὸν
381 3993 447 4048 δὲ
492 3994 657 4066 νόμον
704 4013 799 4050 σου
848 3998 1143 4069 ἠγάπησεν
1196 4000 1429 4063 ἑπτάκις
1466 3999 1568 4070 τῆς
1611 4001 1828 4071 ἡμέρας

249 4085 420 4156 ᾔνεσά
447 4104 506 4139 σε
539 4088 634 4142 ἐπὶ
657 4087 726 4142 τὰ
753 4089 1001 4161 κρίματα
1024 4090 1127 4160 τῆς
1156 4090 1529 4161 δικαιοσύνηςι
1562 4092 1829 4161 ἐφύλαξεν

246 4180 277 4245 ἡ
323 4177 477 4250 ψυχή
521 4196 625 4250 μου
666 4180 736 4234 τὰ
781 4180 1065 4253 μαρτύριά
1093 4199 1189 4236 σου
1239 4184 1336 4236 καὶ
1367 4183 1654 4254 ἠγάπησεν
1690 4184 1831 4238 αὐτὰ

248 4269 479 4340 σφόδρα·
504 4269 782 4339 ὲγγισάτω
806 4272 841 4344 η
869 4272 1054 4342 δέησίς
1089 4290 1192 4344 μου
1217 4275 1452 4328 ἐνώπιόν
1483 4291 1600 4341 σου,
1630 4276 1826 4348 Κύριε·

249 4362 391 4415 κατὰ
421 4363 484 4417 τὸ
515 4363 696 4434 λόγιόν
727 4383 823 4420 σου
857 4367 1132 4422 συνέτισόν
1171 4385 1261 4437 με.

1932 3291 2030 3343 qua
2065 3273 2245 3328 omnia
2274 3272 2655 3341 impedimento
2690 3280 2770 3326 est
2796 3286 2902 3341 quo
2948 3271 3122 3324 minus
3161 3283 3347 3338 preces
3403 3283 3500 3322 ηο-

1931 3374 2058 3423 Strat
2080 3365 2146 3418 ad
2180 3363 2345 3418 Deum
2373 3362 2626 3417 sublimes
2654 3362 2912 3427 ferantur)
2946 3360 3170 3428 teipsum
3202 3358 3384 3427 procul
3414 3373 3502 3412 re-

1934 3457 2185 3523 moveris,
2231 3455 2536 3524 cunctisque
2565 3452 2653 3522 qui
2687 3460 2739 3506 te
2768 3451 3025 3517 laeserint,
3059 3450 3405 3504 offensionem
3437 3462 3506 3501 et

1934 3551 2113 3601 anim‘o
2142 3546 2435 3609 remiseris,
2458 3551 2615 3611 atque
2634 3557 2729 3616 per
2749 3541 3118 3610 eleemosynas
3138 3547 3191 3594 et
3210 3552 3501 3609 pauperum

1938 3638 2327 3702 miserationes,
2360 3634 2586 3691 orationi
2609 3634 2751 3688 velut
2772 3646 2970 3700 pennas
2997 3632 3250 3701 quasdam
3274 3631 3504 3698 additas,

1935 3742 2051 3781 eam
2080 3726 2192 3780 Deo
2217 3739 2339 3779 cum
2366 3723 2659 3779 calentibus
2688 3723 2936 3793 lacrymis
2958 3722 3233 3777 obtulerls.
3260 3722 3337 3775 Ad
3365 3722 3506 3775 hunc

1936 3820 2127 3889 quippe
2154 3818 2370 3873 modum
2394 3831 2576 3882 orans,
2609 3817 2795 3870 iisdem
2826 3816 3003 3869 verbis
3028 3817 3099 3868 uti
3133 3816 3353 3884 poteris,
3390 3816 3508 3883 qui-

1938 3913 2035 3967 bus
2060 3910 2248 3965 beatus
2282 3909 2373 3963 ille
2402 3907 2589 3972 David,
2614 3908 2702 3974 qui
2733 3922 2826 3962 rex
2857 3917 2992 3975 erat,
3022 3922 3084 3961 ac
3113 3910 3382 3963 sexcentis
3410 3922 3505 3959 cu-

1938 4005 2011 4058 ris
2047 4000 2461 4064 distrahebatur,
2512 3999 2785 4067 nihiloque
2826 3998 3001 4052 secius
3051 4010 3227 4054 tamen
3274 3998 3508 4052 animam

1937 4106 2086 4145 suam
2115 4105 2145 4144 a
2171 4090 2377 4144 vitiosis
2404 4087 2767 4142 affectionibus
2791 4093 3222 4155 perpurgaverat,
3250 4088 3314 4139 ad
3339 4086 3506 4139 Deum

1937 4181 2205 4243 utebatur,
2236 4179 2457 4234 dicens:
2491 4176 2823 4245 lniquitatem
2853 4174 2977 4228 odio
3008 4174 3186 4242 habui,
3219 4183 3273 4229 et
3302 4175 3507 4228 abomi-

1939 4283 2096 4326 natus
2122 4286 2261 4334 sum,
2305 4270 2472 4339 legem
2500 4276 2675 4323 autem
2706 4274 2850 4320 tuam
2883 4266 3061 4321 dile.i.
3102 4265 3311 4335 Septies
3342 4265 3394 4320 in
3418 4265 3507 4320 die

1940 4361 2148 4416 laudem
2170 4360 2277 4415 dixi
2309 4359 2424 4422 tibi,
2455 4373 2615 4426 super
2638 4355 2834 4426 judicia
2860 4356 3078 4423 justitiae
3104 4366 3229 4410 tim.
3262 4355 3505 4409 Custodi-

254 4448 332 4499 vit
386 4447 578 4502 anima
626 4463 751 4503 mea
788 4448 1112 4506 testimonia
1146 4458 1263 4518 tua,
1301 4458 1357 4506 et
1400 4449 1597 4505 dilexit
1631 4463 1694 4503 ea
1742 4447 2114 4502 vehementer.
2155 4444 2580 4515 Appropinquet
2608 4442 2928 4515 deprecatio
2957 4453 3079 4495 mea
3116 4437 3171 4490 in
3200 4442 3505 4505 conspectu

255 4550 375 4607 tuo,
416 4540 681 4609 Domine;
705 4541 864 4612 juxta
894 4542 1175 4613 eloquium
1216 4552 1373 4599 tuum
1413 4542 1483 4598 da
1524 4542 1659 4597 mihi
1691 4540 2030 4596 intellectum
2061 4537 2233 4609 (Paul.
2268 4536 2481 4603 cxvm).

334 4701 449 4769 (56)
479 4702 635 4772 Conf.
668 4719 720 4772 p.
754 4702 875 4768 125,
906 4716 961 4754 n.
993 4700 1082 4755 8‘2.

337 4772 451 4838 (57)
485 4771 626 4826 Psal.
662 4771 857 4837 Xxxm,
886 4772 971 4826 15.

340 4823 458 4910 ί58)
485 4823 903 4911 ξιοᾶἧηέξδίῖὗιξ
923 4823 1118 4911 ⁷8091³,
1153 4855 1203 4895 c.
1225 4839 1296 4911 28
1328 4838 1446 4893 init.
1481 4858 1493 4894 :
1519 4841 1805 4911 Προσευχή

1933 4858 1949 4892 ι
1982 4838 2124 4911 κατὰ
2158 4840 2258 4909 μὲν
2293 4838 2392 4911 τῂν
2422 4836 2891 4911 αὐτῆςμποιὰτητα
2924 4825 3183 4911 συνρυσία
3211 4823 3529 4911 att-Evam};

266 4892 583 4984 ἀνὸρὄὸζῖ
592 4892 923 4984 .
940 4892 1215 4984 Ὗᾷγγέλων
1232 4892 1257 4894 ὴ
1268 4892 1441 4984 ἔργον
1616 4892 1821 4984 petisti

1940 4892 2298 4984 εὖφροσῦνη.Δ
2325 4892 2994 4984 Joaitn‘es'vghrys.erat;
3024 4898 3047 4951 1
3088 4899 3170 4984 (1οι
3212 4892 3528 4984 οἷο-(ἱρὶᾷ

268 4961 559 5060 agiagi:
578 4961 1101 5060 jsig'g'jmgxs;
1132 4961 1238 5051 γὰρ
1268 4961 1430 5050 ἐξὴον
1464 4961 1821 5052 {magis

1931 4961 2073 5036 {est};
2096 4961 2250 5035 erat:
2262 4961 2408 5048 ’2,ἰῇ
2447 4961 2565 5033 Ξὸνήι
2600 4961 2916 5046 Πρᾶσευχῆς
2948 4970 3005 5025 δὲ
3032 4966 3209 5021 κοινὸν
3238 4965 3399 5035 ἔργον
3429 4961 3530 5060 ὰγέ

269 5051 449 5123 γέλων
472 5051 609 5123 ὁμοῦ
640 5052 733 5123 καὶ
758 5052 854 5106 ἀνθ
865 5052 1081 5123 ρῴπων.

344 5122 462 5193 (59)
502 5105 779 5193 Scholium
812 5105 879 5193 ad
911 5121 1135 5193 Joannis
1162 5119 1403 5193 Scalam_
1426 5134 1478 5193 p.
1513 5122 1619 5176 445
1647 5136 1661 5174 :
1696 5122 1821 5191 Πτει

1934 5121 2052 5174 ἐστι
2085 5122 2181 5191 τῆς
2210 5119 2378 5189 εὐχῆς
2408 5120 2442 5188 η
2489 5113 2859 5187 ἐλεημοσύνηο
2894 5109 2990 5164 ἐὰν
3040 5108 3116 5179 μὴ
3142 5105 3375 5176 ποιήσῃς
3402 5116 3531 5154 πτε-

273 5188 367 5265 ρὸν
394 5195 462 5330 τη
503 5191 637 5263 εὐχῇ
670 5210 786 5258 σου,
820 5192 923 5245 οὐκ
950 5191 1239 5261 ἀνέρχεται
1268 5191 1349 5253 είς
1379 5188 1579 5259 ὕψος...

345 5263 437 5330 (60
486 5265 551 5322 A,
587 5263 821 5330 μυρίοις.
859 5262 951 5317 Sic
980 5264 1094 5323 τοῖς
1134 5261 1381 5330 φροντίσι
1415 5270 1453 5313 1.
1512 5261 1570 5313 ΙΙΙ

1134 5243 1381 5334 φροντίσι
1415 5243 1453 5313 1⁸.
1488 5243 1594 5334 fill,
1621 5277 1674 5329 p.
1714 5260 1817 5334 xii,

1931 5275 2091 5328 supra
2114 5276 2187 5334 _p.
2233 5259 2399 5334 8,24,
2437 5254 2824 5334 C_ha_buitcoi;
2854 5269 2902 5305 τ.
2954 5268 3013 5320 μ.
3041 5246 3234 5328 λογάσι
3263 5265 3278 5301 :
3319 5243 3529 5334 p.192,

271 5313 370 5388 ult‘.
406 5313 472 5396 Al,
508 5313 1103 5403 ὁ,ἐὠιέεῆεεξι-ιιιιιᾷἰῆ
1130 5313 1239 5386 τῶν
1274 5313 1643 5401 περιεχόντωῦ
1678 5313 1821 5400 αὐτῷ

1931 5313 2200 5403 ›μφοριῖἰν,
2245 5313 2580 5403 θιὶὺίζὲρτξρεὶ
2631 5313 2857 5403 securus
2905 5313 3297 5403 περιεχουσῶν,
3342 5313 3533 5403 relict?

276 5386 419 5469 quod
459 5386 571 5456 non
601 5386 776 5472 placet
813 5401 982 5472 αὐτῷ.
1013 5401 1161 5455 Talia
1211 5386 1414 5456 codicis
1436 5386 1641 5472 Tnenda
1671 5386 2296 5471 pleruutqu'e'tolluntur
2322 5386 2571 5472 alterius
2602 5409 2725 5472 ope.
2757 5392 2859 5459 Qui
2905 5386 3224 5472 uneutetur
3248 5386 3534 5472 malohaltt

280 5455 470 5539 plures
501 5455 793 5527 mendosos
820 5455 1059 5537 habebit,
1086 5455 1263 5538 notet,
1300 5480 1353 5524 et
1382 5471 1630 5525 emendet
1656 5455 1741 5526 vel
1780 5472 1830 5524 in
1883 5455 2102 5524 a'uctore
2131 5471 2450 5533 recentiore,
2477 5468 2522 5521 si
2548 5455 2713 5539 fuerit
2752 5455 2952 5539 auctor
2973 5460 3167 5539 l_il_t_er_is
3192 5455 3537 5539 imbutnsget

279 5544 528 5594 oratione
551 5541 839 5609 scripserit
879 5542 944 5594 ad
989 5542 1265 5610 antiquam
1302 5542 1712 5609 grammaticam
1764 5539 2119 5610 conformata.
2164 5541 2209 5606 Q

2216 5523 2315 5593 ιὶοιι
2358 5523 2550 5594 iterum
2586 5536 2710 5590 dico
2750 5534 2820 5589 ob
2858 5531 3059 5586 Reiskii
3093 5531 3160 5583 de
3188 5523 3533 5594 Constantini

278 5591 1944 5680 suisagacius};gessisseassesasses:isses;
1980 5591 2538 5680 βονριιῑέσεεητιιζοε
2581 5606 2864 5680 ρτωιεηη.
2907 5618 3027 5680 μελε.
3049 5600 3186 5680 ,ετ-ι,
3216 5603 3400 5680 πιαίνει
3430 5591 3536 5680 εμπ

278 5680 473 5752 cubem
493 5680 644 5752 Anu...
672 5662 1300 5752 εηεοιηιῇεῖςςίέξιηί’έέεε
1326 5662 1821 5749 egessisse.

1935 5679 1993 5733 δν
2018 5662 2302 5752 antehae}
2340 5662 2714 5749 ἀναπτομένου
2756 5674 2851 5729 καὶ
2897 5662 3235 5742 φλόγόεντος.
3270 5662 3533 5721 Cod.817

279 5748 404 5821 sine
423 5750 752 5821 s_ol_tncismo,
784 5751 1158 5819 ἀναπτόμενον
1188 5752 1279 5805 καὶ
1310 5748 1622 5821 φλογόεντα.

354 5818 464 5886 (61)
493 5817 630 5876 Psal.
664 5836 853 5887 cxvm,
895 5817 1056 5876 165ξ..
