4042 6422
544 438 675 502 1043

1954 439 2199 498 ,ὶυυΕΝ
2212 439 2328 500 DA.

3658 458 3784 526 10H

597 553 689 609 Sic
720 549 967 604 videlicet
1011 549 1271 604 clamante
1312 557 1383 617 te,
1424 549 1561 606 Deus
1600 552 1873 619 exaudiet,
1907 564 1961 609 et
2003 558 2077 609 adi

2271 548 2459 612 Οὕτως
2490 551 2724 621 βοῶντός
2757 571 2849 607 σου
2894 555 2922 607 ὁ
2946 555 3081 620 Θεὸς
3122 558 3487 617 ἐπακούσεται
3508 582 3522 596 ’
3563 565 3645 619 ἐτι
3679 568 3786 641 (82)

530 642 630 695 huc
648 641 895 709 loquente
917 647 967 693 te
984 639 1155 693 dicet:
1190 640 1327 695 Ecce
1343 640 1529 695 adsum
1545 640 1679 712 (Ira.
1706 643 1923 714 cxxxv).
1947 645 2091 711 Quo-

525 733 686 797 circa,
722 733 767 785 si
799 731 1098 799 liujusmodi
1123 732 1412 787 orationem
1443 734 1664 802 adeptus
1692 736 1875 802 fueris,
1906 737 2090 792 beatus

526 824 655 878 eris.
687 822 867 892 Neque
896 823 1035 875 enim
1069 822 1180 875 ﬂeri
1215 834 1406 893 potest,
1431 826 1553 892 quin
1579 827 1622 879 is
1644 829 1732 894 qui
1756 842 1873 882 cum
1901 828 2090 898 hujus-

526 912 667 966 modi
691 912 850 966 animi
871 911 1144 966 alacritate
1165 912 1329 967 Deum
1351 925 1467 968 orat
1486 925 1645 984 atque
1669 917 1931 983 obsecrat,
1960 936 2092 989 quo-

524 1002 654 1057 tidie
683 1016 848 1056 novos
875 1002 927 1055 in
954 1000 1146 1057 virtute
1174 1018 1485 1072 progressus
1515 1005 1694 1075 faciat,
1728 1018 1885 1077 atque
1906 1026 2092 1065 omnes

527 1093 697 1148 hostis
743 1094 957 1160 laqueos
1000 1104 1233 1160 superet.
1282 1094 1413 1149 Nam
1446 1097 1532 1165 qui
1564 1111 1792 1151 mentem
1832 1113 2004 1165 suam,
2037 1112 2092 1154 ut

525 1180 796 1249 cujusdam
830 1181 930 1235 viri
969 1182 1141 1235 sancti
1194 1171 1369 1238 verbis
1412 1195 1549 1252 utar,
1603 1187 1929 1251 excalefecit,
1972 1191 2088 1243 aui-

539 1286 769 1341 uamque
804 1286 955 1325 suam
987 1273 1177 1335 erexit,
1206 1282 1365 1339 atque
1401 1275 1452 1327 in
1494 1278 1685 1329 coelum
1715 1291 1772 1328 se
1798 1281 2088 1345 transtulit,

517 1366 701 1430 sicque
744 1365 1020 1418 Dominum
1063 1380 1218 1419 suum
1264 1365 1493 1431 invocat,
1546 1364 1851 1431 sceleraque
1894 1380 1991 1419 sua
2034 1369 2088 1421 in

516 1455 823 1506 memoriam
876 1463 1106 1516 revocat,
1160 1468 1223 1508 ac
1260 1455 1329 1507 de
1374 1468 1558 1507 eorum
1612 1454 1924 1510 remissione
1963 1470 2085 1511 cnm

514 1539 624 1593 Deo
660 1541 1001 1610 colloquitur,
1033 1541 1510 1610 calentissimisque
1539 1542 1789 1613 lacryniis
1834 1558 1955 1599 eum
1985 1548 2086 1599 ob-

510 1640 707 1694 secrat,
747 1640 804 1685 ut
841 1646 937 1700 pro
980 1646 1073 1685 sua
1112 1631 1432 1701 benignitate
1462 1631 1743 1700 propitium
1784 1647 1847 1687 ac
1878 1633 2082 1689 facilem

512 1735 569 1774 se
595 1721 693 1790 ipsi
726 1716 977 1789 praebeat,
1011 1736 1074 1775 ex
1118 1722 1416 1791 hujnsmodi
1449 1738 1754 1778 sermonum
1784 1734 1839 1780 et
1876 1728 2080 1796 cogita-

514 1811 714 1865 tionum
740 1828 835 1867 usu
867 1824 919 1866 et
950 1814 1335 1869 consuetudine
1366 1816 1466 1870 hoc
1492 1817 1851 1885 consequitur,
1885 1827 1940 1872 ut
1968 1834 2081 1872 om-

2199 636 2488 705 λαλοῦντός
2517 661 2633 707 σου,
2669 646 2788 715 ἐρεῖ
2808 661 2821 674 ”
2874 646 3004 700 Ἰδοὺ
3036 650 3290 722 πάρειμι.
3318 654 3381 707 El
3413 636 3791 729 τοιαύτηνοῦν

2197 732 2373 803 κτήσῃ
2401 734 2587 805 εὐχὴν,
2627 737 2901 808 μακάριος
2940 738 3073 811 ἔσῃ·
3126 743 3408 814 ἀμήχανον
3437 749 3548 819 γὰρ
3584 751 3787 821 ἄνθρω-

2196 837 2319 885 πον,
2358 824 2516 895 17⁷
2556 826 2694 895 μετά
2724 828 2985 900 τοιαύτης
3020 830 3335 901 προθυμίας
3361 837 3662 907 εὐχόμενον
3702 844 3790 893 καὶ

2197 915 2625 982 παρακαλοῦντα
2663 916 2754 970 τὸν
2805 917 2960 980 Θεὸν,
3011 922 3086 990 μὴ
3138 921 3264 976 καθ’
3292 926 3534 996 ἐκάστην
3585 935 3789 1000 προκό-

2195 1020 2350 1057 πτειν
2379 1006 2436 1058 ἐν
2459 1006 2537 1075 τῷ
2568 1008 2757 1079 ἀγαθῷ
2781 1011 2874 1063 καὶ
2910 1013 3099 1067 πασῶν
3120 1014 3535 1086 ὑπερίπτασθαι
3559 1022 3670 1073 τῶν
3698 1025 3787 1075 τοῦ

2193 1095 2389 1166 ἐχθροῦ
2421 1099 2687 1167 παγίδων.
2732 1101 2792 1156 '0
2821 1103 2929 1174 γάρ
2949 1104 3325 1178 διαθερμάνας
3352 1111 3519 1164 αὑτοῦ
3550 1114 3652 1184 τὴν
3683 1116 3789 1169 διά-

2192 1203 2366 1250 νοιαν,
2394 1188 2646 1269 καθάπερ
2676 1210 2761 1257 τις
2787 1195 2897 1249 τῶν
2934 1197 3108 1265 ἁγίων
3138 1200 3329 1269 ἔφησε,
3360 1206 3453 1256 καὶ
3484 1204 3585 1275 τήν
3611 1208 3785 1279 ψυχὴν

2193 1277 2527 1347 ἀναστήσας,
2554 1282 2650 1335 καὶ
2681 1284 2816 1353 πρὸς
2838 1285 2931 1339 τὸν
2960 1288 3189 1358 οὐρανὸν
3214 1292 3406 1345 ἑαυτὸν
3440 1300 3779 1364 μετοικίσας,

2192 1367 2287 1420 καὶ
2315 1368 2458 1423 οὕτω
2485 1372 2579 1425 τὸν
2603 1375 2882 1445 Δεσπότην
2910 1378 3002 1430 τὸν
3033 1380 3229 1433 ἐαυτοῦ
3264 1382 3525 1447 καλέσας,
3556 1390 3651 1439 καὶ
3680 1390 3782 1441 τῶν

2196 1459 2341 1513 ἰδίων
2373 1464 2794 1535 ἁμαρτημάτων
2814 1470 3207 1540 ἀναμνησθεὶς,
3238 1475 3334 1528 καὶ
3363 1495 3425 1529 πε
3438 1479 3490 1547 pi.
3519 1481 3622 1549 τῆς
3652 1498 3782 1548 συγ-

2192 1549 2491 1619 χωρήσεως
2524 1555 2728 1608 τούτων
2759 1557 3081 1629 διαλεχθεὶς,
3116 1564 3211 1616 καὶ
3246 1565 3479 1637 δάκρυσι
3508 1570 3781 1641 θερμοτὰο

2190 1655 2306 1702 τοις
2338 1641 2549 1713 δεηθεὶς
2582 1646 2708 1699 ἵλεω
2755 1650 3008 1716 γενέσθαι
3051 1653 3201 1725 αὐτῷ
3239 1655 3331 1708 τὸν
3368 1660 3780 1732 φιλάνθρωπον,

2192 1734 2302 1787 ἀπὸ
2349 1740 2450 1807 τῆς
2500 1741 2559 1791 ἐν
2602 1746 2717 1806 τοῖς
2756 1743 2937 1814 λόγοις
2989 1748 3085 1801 καὶ
3135 1750 3512 1823 διαλογισμοῖς
3568 1760 3777 1824 τούτοις

2190 1824 2476 1898 διατριϐῆς
2511 1832 2691 1885 πᾶσαν
2728 1835 3048 1892 ἀποτίθεται
3098 1842 3361 1915 βιωτικὴν
3401 1849 3658 1918 φροντίδα
3685 1854 3778 1905 καὶ

513 1919 633 1957 nem
668 1905 883 1972 hujusce
911 1908 1028 1959 vitae
1054 1920 1233 1959 curam
1265 1907 1515 1977 deponat,
1546 1918 1707 1978 atque
1735 1912 1976 1965 humanis
2007 1915 2077 1964 af-

513 1992 824 2015 t‘A-.!_-_:l.-_-
851 1998 1087 2015 -__..--_3__
1120 1999 1296 2015 A,,~-.,.
1382 2000 1414 2015 ι·
1707 2002 1718 2015 ι
1777 2003 1788 2015 ι
2068 2006 2077 2015 .

2320 1893 2330 1897 -
2433 1893 2442 1898 -
3098 1893 3108 1909 ι
3406 1893 3658 1918 γε’-ν’·νσ·
3686 1893 3778 1905 ἠδ’

2188 1917 2296 1971 τῶν
2321 1920 2676 1991 ἀνθρωπίνων
2697 1929 2882 1983 παθῶν
2911 1930 3245 2005 ὑψηλότερος
3282 1938 3513 2004 γίνεται,
3540 1943 3633 1995 καὶ
3658 1944 3778 2015 Θεῷ

510 1992 826 2048 fectionibus
847 1998 1090 2065 superior
1111 1999 1321 2063 existat,
1364 2000 1657 2069 dignusque
1706 2002 1963 2058 habeatur
1990 2006 2080 2073 qui

512 2086 602 2140 Dei
634 2100 894 2155 congerro
924 2090 1237 2157 appelletur.
1274 2092 1387 2157 Quo
1420 2093 1542 2160 quid
1574 2094 1777 2147 beatius
1801 2104 1889 2146 aut
1918 2097 2081 2150 subli-

436 2200 439 2201 ν
508 2176 645 2229 mins
673 2177 981 2245 contingere
1013 2180 1218 2247 possit?
1250 2180 1455 2236 Utinam
1491 2182 1666 2251 itaque
1698 2184 1788 2238 Dei
1821 2184 2081 2240 beneticto

510 2267 842 2322 beatitudinis
873 2268 1092 2338 hujusce
1123 2285 1341 2339 compos
1366 2272 1487 2326 tias!

579 2357 719 2412 Ecce
740 2373 883 2411 enim
913 2359 1279 2414 mandatorum
1303 2360 1512 2414 Domini
1544 2362 1677 2415 viam
1729 2363 1819 2418 tibi
1852 2364 2077 2419 demon-

504 2447 691 2512 stravi,
730 2462 829 2501 nec
868 2448 1152 2518 quidquam
1200 2452 1461 2516 subtraxi,
1490 2454 1773 2520 quominus
1802 2469 1959 2508 omne
1988 2456 2079 2509 Dei

504 2538 784 2592 consilium
814 2540 909 2593 tibi
940 2550 1331 2598 annunttarem.
1367 2546 1440 2597 Ac
1458 2544 1565 2612 jam
1600 2545 1813 2612 quidem
1845 2563 1942 2613 ego
1971 2548 2072 2600 mi-

505 2628 778 2682 nisterium
810 2644 983 2684 meum
1012 2632 1220 2686 absolvi
1251 2633 1387 2701 (Act.
1415 2636 1527 2703 xx).
1562 2636 1834 2702 Superest,
1877 2647 1931 2690 ut
1958 2653 2077 2691 suc-

508 2718 696 2774 cinctis
723 2721 919 2775 lumbis
959 2723 1151 2778 mentis
1182 2732 1308 2788 tuae,
1339 2725 1508 2779 instar
1537 2730 1705 2782 sancti
1734 2730 1875 2783 illius
1904 2730 1992 2798 qui
2025 2740 2077 2784 te

507 2811 741 2878 vocavit,
784 2812 896 2878 ipse
921 2827 1131 2883 quoque
1160 2813 1211 2867 in
1243 2816 1387 2869 omni
1413 2818 1535 2870 vitte
1568 2826 1668 2871 tua:
1705 2822 1907 2872 rutione
1952 2834 2076 2873 san-

502 2910 645 2953 ctum
676 2910 726 2956 te
754 2904 1014 2969 prabeas.
1059 2905 1240 2959 Sancti
1271 2907 1416 2961 enim
1448 2916 1638 2972 est0te,
1683 2911 1931 2976 quoniam
1976 2926 2074 2978 ego

503 3000 721 3045 sanctus
747 3006 887 3059 sum,
909 2994 1040 3049 dicit
1063 2994 1316 3051 Dominus
1340 2996 1522 3067 (Leuit.
1553 2999 1686 3067 xix).
1714 3001 1885 3069 Atque
1910 3001 2071 3055 etiam

501 3084 865 3149 apostolorum
908 3087 1153 3155 princeps
1187 3089 1255 3143 ad
1295 3089 1433 3145 lmnc
1479 3090 1690 3145 modum
1720 3091 1984 3161 loquitur:
2015 3094 2069 3148 Si

504 3174 715 3228 Patrem
766 3175 1024 3230 invocatis
1067 3192 1187 3232 eum
1228 3179 1317 3248 qui
1351 3180 1467 3235 sine
1502 3196 1841 3249 personarum
1884 3198 2071 3253 accep-

2186 3210 2438 3263 καλεῖσθε
2471 3212 2564 3264 τὸν
2594 3215 2960 3288 ἀπροσωπολή

501 3265 647 3319 tione
672 3269 961 3322 secundum
991 3268 1248 3338 cujusque
1278 3286 1411 3341 opus
1434 3274 1659 3342 judicat,
1692 3276 1743 3329 in
1776 3277 1963 3330 timore
1986 3278 2070 3330 in-

498 3355 701 3409 colatus
726 3358 893 3412 vestri
943 3370 1181 3429 tempore
1218 3365 1626 3429 couversamini,
1675 3368 1900 3422 scientes
1937 3385 2069 3438 quo-

500 3445 639 3497 niam
671 3456 775 3499 non
820 3451 1251 3518 corruptibilibus
1290 3468 1420 3510 auro
1463 3465 1517 3510 et
1553 3466 1775 3525 argento
1846 3460 2056 3515 liberati

496 3532 625 3587 esus
655 3533 723 3588 de
740 3550 873 3591 vana
900 3551 1074 3594 vestra
1106 3546 1510 3601 conversatione
1536 3557 1871 3615 paternarum
1904 3554 2067 3605 tradi-

500 3624 725 3690 tionum,
769 3626 862 3682 sed
884 3631 1120 3697 pretioso
1149 3636 1406 3703 sanguine
1432 3641 1581 3705 quasi
1610 3639 1733 3709 agni
1753 3640 2066 3698 incontami—

495 3716 604 3768 nati
620 3724 674 3770 et
700 3717 1017 3776 immaculati
1043 3723 1168 3779 Jesu
1196 3725 1391 3782 Christi
1436 3726 1492 3797 (Ι
1519 3726 1638 3787 Pet.
1667 3730 1732 3800 ι).

570 3822 696 3876 Haec
723 3824 881 3889 igitur
907 3826 1089 3880 omnia
1122 3828 1176 3880 in
1202 3837 1378 3883 mente
1404 3828 1615 3883 condita
1643 3831 1759 3884 sine
1786 3832 1888 3884 ulla
1909 3831 2069 3886 inter-

501 3910 757 3965 missione
788 3915 1092 3979 recordare,
1126 3915 1224 3970 Dei
1246 3929 1445 3971 metum
1476 3927 1531 3973 et
1556 3917 1876 3973 horrendum
1907 3921 2070 3987 ipsius

501 4000 759 4062 tribunal.
808 4013 862 4057 et
910 4005 1244 4072 splendorem
1288 4022 1407 4062 eum
1436 4023 1591 4077 quem
1628 4010 1757 4079 justi
1800 4011 1851 4065 in
1899 4010 2073 4066 futuro

498 4103 614 4143 aevo
651 4093 920 4160 accepturi
952 4103 1095 4158 sunt,
1126 4110 1187 4151 ac
1206 4105 1390 4151 contra
1423 4106 1757 4166 peccatorum
1782 4100 1833 4154 in
1863 4103 2072 4156 teterri-

501 4181 605 4234 mis
634 4184 869 4239 tenebris
894 4200 1211 4253 maerorem;
1244 4193 1585 4257 praesentium
1618 4193 1743 4247 item
1775 4208 1952 4249 rerum
1976 4194 2072 4250 im-

506 4270 849 4329 becillitatem
878 4285 933 4331 et
965 4279 1274 4344 vanitatem,
1303 4295 1366 4336 ac
1402 4282 1698 4336 futurorum
1724 4287 2072 4341 :eternitatem

501 4378 713 4435 semper
754 4368 825 4422 ob
852 4371 1036 4425 oculos
1083 4370 1313 4427 habens:
1346 4374 1577 4442 illudque
1614 4388 1887 4442 praeterea,
1935 4380 2071 4432 «mini

504 4465 684 4516 omnis
711 4478 837 4518 caro
872 4465 975 4519 feni
1009 4468 1174 4522 instar
1199 4478 1304 4535 est,
1337 4479 1391 4524 et
1425 4471 1597 4525 omnis
1622 4472 1787 4541 gloria
1818 4473 1933 4540 ejus
1961 4486 2073 4526 tan-

501 4574 657 4626 quam
703 4560 802 4614 ﬂos
849 4559 977 4615 feni.
1015 4562 1349 4618 Exsiccalum
1388 4573 1473 4619 est
1508 4566 1705 4632 fenum,
1748 4576 1801 4619 ct
1839 4567 1936 4621 ﬂos
1963 4569 2073 4630 eius

501 4648 715 4703 decidit.
755 4650 988 4706 Verbum
1034 4665 1210 4708 autem
1261 4655 1467 4710 Domini
1507 4666 1685 4712 manet
1723 4658 1777 4712 in
1818 4667 2071 4713 teternmn

502 4738 638 4807 (Ira.
668 4740 777 4809 XL).
817 4740 941 4796 [lare
971 4756 1182 4809 semper
1219 4745 1473 4800 meditare
1505 4744 1556 4815 (1
1582 4745 1719 4799 Tim.
1752 4747 1859 4817 tv);
1900 4757 1953 4802 et
1976 4766 2073 4818 pax

501 4829 597 4884 Dei
638 4838 813 4885 tecum
859 4833 928 4885 sit
959 4831 1182 4901 (Philip.
1220 4834 1316 4904 tv),
1348 4851 1465 4903 quae
1496 4847 1547 4891 te
1573 4837 1852 4903 illuminet,
1903 4849 1956 4894 et
1995 4856 2074 4893 sa-

501 4922 698 4989 pientia
729 4924 975 4989 instruat,
1004 4935 1057 4979 et
1083 4927 1147 4979 ad
1172 4926 1360 4981 salutis
1387 4928 1523 4982 viam
1547 4928 1725 4996 ducat,
1751 4930 2074 4999 improbam-

500 5030 603 5084 que
634 5016 962 5072 voluntatem
1004 5019 1182 5087 procul
1225 5035 1253 5072 a
1296 5028 1382 5074 tua
1409 5030 1586 5076 mente
1621 5023 1873 5090 depellat,
1915 5034 2072 5092 atque

499 5107 731 5161 animam
765 5117 905 5162 tuam
937 5109 1113 5164 crucis
1140 5110 1291 5178 signo
1333 5111 1623 5179 imprimat,
1665 5130 1733 5171 ne
1759 5116 1925 5170 ullum
1954 5131 2073 5185 per-

496 5200 637 5253 versi
680 5201 897 5269 spiritus
924 5202 1235 5257 scandalum
1271 5202 1339 5257 ad
1378 5214 1430 5258 te
1460 5207 1675 5276 propius
1715 5208 1951 5277 accedat,
1982 5225 2073 5265 ve-

592 5345 679 5411 62)
705 5347 856 5401 Conf.
883 5365 935 5417 p.
972 5352 1060 5417 86,
1096 5368 1149 5406 η.
1177 5352 1263 5408 61.

2191 2012 2479 2082 συνόμιλος
2526 2015 2771 2080 ἀξιοῦται
2820 2021 3089 2093 κληθῆναι
3116 2042 3129 2057 ³
3171 2021 3342 2097 οὗπερ
3373 2030 3427 2081 τί
3462 2032 3665 2098 γένοιτ’
3708 2036 3774 2088 ἂν

2190 2105 2610 2177 μακαριώτερον
2660 2110 2691 2181 ῆ
2763 2111 3135 2183 ὑψηλότερονς
3203 2118 3458 2183 ’Λξιώσαι
3507 2124 3603 2176 οὖν
3659 2127 3770 2195 (63)

2188 2195 2393 2267 Κύριος
2425 2199 2524 2268 τῆς
2556 2204 2813 2272 τοιαύτης
2842 2205 3123 2277 ἐπιτυχεῖν
3163 2212 3595 2285 μακαριότητος.

2271 2378 2399 2432 Ἰδοὺ
2436 2381 2659 2450 γάρ.σοι
2690 2385 2791 2455 τὴν
2827 2386 2945 2440 ὁδὸν
2981 2387 3235 2455 ὑπέδειξα
3271 2393 3380 2444 τῶν
3413 2394 3647 2449 ἐντολῶν
3677 2398 3768 2452 τοῦ

2186 2469 2417 2539 Κυρίου,
2446 2473 2541 2525 καὶ
2577 2475 2732 2528 οὐδὲν
2771 2478 3182 2552 ὑπεστειλάμην
3215 2485 3326 2554 (6-5)
3363 2487 3453 2539 τοῦ
3491 2490 3569 2560 μὴ
3600 2492 3767 2560 ἀναγ-

2186 2562 2364 2629 γεῖλαί
2398 2581 2479 2616 σοι
2507 2567 2687 2619 πᾶσαν
2709 2568 2808 2638 τὴν
2840 2569 3036 2642 βουλὴν
3060 2573 3153 2626 τοῦ
3186 2575 3343 2630 Θεοῦ.
3380 2580 3487 2631 Kal.
3522 2581 3636 2648 ἐγὼ
3670 2585 3765 2651 μὲν

2186 2655 2285 2725 ήδη
2323 2656 2422 2726 τὴν
2446 2658 2582 2727 πρὸς
2614 2659 2673 2711 σέ
2715 2677 2821 2730 μου
2854 2661 3137 2718 διακονίαν
3168 2668 3431 2723 τετέλεκα
3468 2672 3583 2743 (65)
3613 2690 3625 2701 ·
3659 2674 3766 2726 λοι-

2184 2748 2286 2800 πδν
2315 2748 2475 2812 αὐτὸς
2502 2750 2922 2821 ἀναζωσάμενος
2949 2756 3060 2826 (66)
3090 2759 3188 2827 τὴν
3208 2758 3377 2828 ὀσφὺν
3403 2762 3501 2832 τῆς
3522 2762 3764 2830 διανοίας

2188 2856 2306 2905 σου,
2343 2841 2485 2895 κατά
2513 2842 2604 2895 τὸν
2649 2845 2955 2902 καλέσαντά
2984 2864 3042 2902 σε
3071 2851 3244 2917 ἅγιον,
3271 2853 3365 2906 καὶ
3405 2856 3570 2920 αὐτὸς
3612 2858 3765 2926 ἅγιος

2185 2933 2243 2985 ἐν
2270 2932 2419 3004 πάσῃ
2443 2935 2757 3009 ἀναστροφῇ
2786 2939 2947 3008 γενοῦ
2969 2956 2982 2970 ⁸
3015 2942 3197 3010 Ἀγιοι
3227 2944 3335 3017 γὰρ
3358 2947 3602 3015 γίνεσθε,
3630 2950 3767 3003 διότι

2186 3023 2299 3091 ἐγὼ
2324 3024 2478 3092 ἅγιός
2504 3027 2639 3096 εἰμι,
2670 3028 2817 3096 λέγει
2852 3030 3076 3100 Κύριος.
3110 3034 3315 3104 Γράφει
3343 3037 3399 3090 δὲ
3425 3040 3517 3091 καὶ
3544 3042 3573 3092 ὁ
3605 3058 3767 3110 κορυ-

2185 3119 2473 3186 φαιότατος
2487 3120 2595 3172 τῶν
2612 3121 2944 3175 ἀποστόλων·
2972 3125 3032 3176 Et
3053 3126 3288 3196 Πατέρα,
3310 3130 3625 3201 φησὶν(67),
3645 3136 3765 3185 ἐπι-

2968 3235 3115 3281 πτως
3140 3220 3301 3289 178
3331 3222 3592 3289 κρίνοντα
3626 3225 3765 3278 κατά

2180 3299 2243 3350 τὸ
2276 3301 2505 3353 ἑκάστου
2538 3304 2719 3373 ἔργον,
2756 3305 2814 3357 ἐν
2844 3306 2996 3376 φόϐῳ
3028 3308 3119 3360 τὸν
3144 3310 3244 3379 τῆς
3276 3313 3570 3381 παροικίας
3604 3315 3760 3383 ὑμῶν

2182 3389 2373 3458 χρόνον
2403 3394 2807 3464 ἀναστράφητε,
2845 3397 3050 3461 εἰδότες
3078 3400 3161 3452 ὅτι
3192 3402 3254 3452 οὐ
3275 3403 3561 3472 φθαρτοῖς,
3592 3407 3763 3474 ἀργυ-

2184 3482 2282 3551 ρίῳ
2327 3484 2359 3553 ἢ
2410 3488 2654 3557 χρυσίῳ,
2689 3488 3033 3561 ἐλυτρώθητε
3074 3493 3138 3544 ἐκ
3190 3496 3287 3563 τῆς
3320 3494 3560 3563 ματαίας
3607 3496 3760 3567 ὑμῶν

2181 3574 2529 3646 ἀναστροφῆς
2572 3582 3058 3651 πατροπαραδότου
3083 3622 3097 3645 ,
3136 3583 3270 3636 ἀλλὰ
3315 3585 3486 3655 τιμίῳ
3539 3586 3755 3657 αἵματι,

2181 3664 2256 3728 ὡς
2286 3666 2455 3736 ἀμνοῦ
2491 3668 2721 3738 ἀμώμου
2757 3672 2849 3723 καὶ
2882 3672 3133 3739 ἀσπίλου,
3163 3673 3423 3744 Χριστοῦ.

2254 3841 2435 3894 Ταῦτα
2461 3837 2553 3895 οὖν
2600 3844 2777 3897 πάντα
2812 3846 2870 3897 ἐν
2909 3846 3107 3915 καρδίᾳ
3158 3846 3473 3916 τιθέμενος,
3509 3850 3757 3921 μέμνησο

2181 3931 2566 3997 ἀδιαλείπτως,
2600 3934 2706 4005 πρὸ
2738 3935 3036 4004 ὀφθαλμῶν
3059 3938 3197 4006 ἔχων
3226 3937 3313 3991 ἀεὶ
3334 3939 3425 3991 τὸν
3460 3941 3631 4008 φόϐον
3663 3943 3755 3996 τοῦ

2180 4021 2316 4074 θεοῦ
2358 4022 2537 4075 καὶτὸ
2570 4023 2840 4092 φρικῶδες
2877 4024 3040 4077 αὐτοῦ
3067 4027 3372 4099 κριτήριον,
3403 4028 3501 4099 τὴν
3531 4032 3757 4101 φαιδρό·

2179 4115 2321 4184 τητά
2354 4132 2410 4167 τε
2443 4114 2553 4167 τῶν
2601 4115 2825 4169 δικαίων
2858 4117 2924 4186 ἣν
2961 4116 3249 4186 μέλλουσιν
3279 4122 3337 4172 ἐν
3379 4122 3574 4192 ἐκείνῳ
3620 4124 3753 4175 ἀπο-

2180 4204 2363 4257 λαϐεῖν
2392 4204 2470 4274 τῷ
2496 4205 2671 4267 αἰῶνι,
2696 4205 2791 4258 καὶ
2818 4206 2915 4276 τὴν
2942 4208 3247 4278 κατήφειαν
3275 4210 3383 4262 τῶν
3412 4212 3755 4283 ἁμαρτωλῶν

2178 4294 2237 4344 ἐν
2267 4292 2345 4363 τῷ
2388 4294 2570 4346 σκότει
2607 4293 2687 4364 τῷ
2738 4294 3055 4365 βαθυτάτῳ,
3104 4297 3202 4367 τήν
3246 4298 3531 4353 ἀσθένειάν
3564 4319 3625 4355 τε
3661 4304 3755 4356 καὶ

2182 4385 2519 4455 ματαιότητα
2562 4384 2673 4437 τῶν
2716 4387 3003 4456 παρόντων
3056 4388 3150 4441 καὶ
3199 4390 3257 4442 τὸ
3308 4390 3415 4443 τῶν
3449 4392 3751 4461 μελλόντων

2178 4474 2556 4543 ἀτελεύτητον,
2593 4477 2676 4529 ὅτι
2715 4479 2863 4530 πᾶσα
2912 4478 3022 4549 (68)
3080 4479 3217 4550 σὰρξ
3248 4482 3436 4551 χόρτος
3471 4485 3566 4536 καὶ
3600 4486 3750 4537 πᾶσα

2113 4561 2151 4614 D
2183 4562 2307 4629 δόξα
2336 4563 2623 4637 ἀνθρώπου
2648 4566 2722 4629 ὡς
2743 4566 2903 4630 ἄνθος
2937 4569 3159 4638 χόρτου·
3196 4569 3467 4642 ἐξηράνθη
3500 4576 3527 4626 ὀ
3560 4575 3750 4645 χόρτος

2177 4657 2272 4710 καὶ
2320 4657 2380 4709 τὸ
2418 4656 2575 4720 ἄνθος
2626 4659 2792 4711 αὑτοῦ
2846 4660 3069 4725 ἐξέπεσε
3097 4702 3112 4725 ,
3153 4662 3215 4714 τὸ
3246 4663 3302 4715 δὲ
3352 4664 3505 4735 ῥῆμα
3543 4667 3745 4737 Κυρίου

2179 4748 2329 4818 μένει
2360 4750 2441 4811 εἰς
2468 4748 2559 4801 τὸν
2597 4749 2788 4804 αίῶνα.
2828 4752 3014 4805 Ταῦτα
3048 4753 3245 4819 μελέτα
3277 4753 3364 4807 διὰ
3389 4756 3589 4819 παντός
3615 4772 3629 4786 ο
3656 4759 3749 4810 καὶ

2175 4841 2208 4910 ή
2240 4841 2433 4910 εἰρήνη
2464 4840 2558 4893 τοῦ
2594 4840 2728 4893 Θεοῦ
2762 4843 2847 4912 εἴη
2893 4843 3030 4913 μετά
3066 4843 3181 4911 σοῦ,
3221 4845 3535 4913 φωτίζουσα
3568 4864 3627 4899 σε
3656 4850 3747 4900 καὶ

2177 4930 2530 4993 συνετίζουσα
2561 4931 2654 4984 καὶ
2686 4932 2765 4996 εἰς
2788 4933 2887 5003 τὴν
2922 4934 3041 4986 ὁδὸν
3071 4934 3284 5001 ἄγουσα
3315 4935 3414 5003 τῆς
3450 4939 3743 5009 σωτηρίας,

2180 5022 2273 5075 καὶ
2306 5024 2411 5074 πᾶν
2438 5022 2649 5092 θέλημα
2680 5023 2917 5094 πονηρὸν
2961 5023 3151 5095 πόρρω
3188 5024 3459 5078 διώκουσα
3497 5027 3591 5079 τοῦ
3633 5028 3746 5090 νοός

2181 5131 2298 5175 σου,
2335 5114 2711 5184 σφραγίζουσα
2744 5115 2801 5167 δὲ
2823 5114 2921 5185 τὴν
2948 5116 3128 5187 ψυχήν
3153 5132 3247 5169 σου
3280 5119 3357 5187 τῷ
3387 5118 3482 5171 τοῦ
3512 5121 3745 5191 σταυροῦ

2180 5205 2393 5276 σημείῳ
2418 5245 2433 5271 ,
2470 5206 2556 5259 ἵνα
2590 5205 2757 5276 μηδέν
2792 5222 2874 5259 σοι
2907 5205 3184 5279 πλησιάσῃ
3215 5207 3324 5259 τῶν
3368 5208 3465 5260 τοῦ
3510 5209 3744 5280 πονηροῦ

594 5418 683 5484 65)
722 5417 933 5504 Fo'rsan
968 5422 1197 5504 ἀξιώσαι
1220 5441 1288 5504 ,σε
1319 5419 1430 5479 οὖν.
1475 5424 1585 5480 Hac
1632 5428 1894 5483 sententia
1931 5438 2077 5487 caret

2184 5433 2286 5489 Idex
2328 5430 2393 5487 A.
2419 5430 2596 5502 Atque
2638 5446 2935 5502 pronomen
2974 5449 3034 5484 σε
3080 5433 3345 5504 reperisse
3388 5433 3639 5488 videntur
3666 5434 3743 5488 in-

496 5493 764 5553 terpretes
792 5488 1017 5547 Latinus
1046 5508 1108 5548 ac
1137 5493 1394 5549 Gallicus.

592 5555 681 5627 (54)
708 5556 840 5627 Acta
863 5560 1050 5627 Apost.
1090 5579 1178 5624 xx.
1212 5565 1282 5618 27
1313 5583 1325 5617 :
1358 5565 1427 5619 cf.
1459 5564 1549 5619 20.

706 5625 839 5705 ibid.
866 5625 937 5682 24
965 5649 978 5684 :
1003 5632 1371 5705 Τελειῷσαι...
1405 5636 1502 5705 τήν
1536 5637 1827 5693 διακονίαν.

707 5696 903 5777 fetrus
931 5701 1168 5777 scilicet,
1200 5704 1217 5777 l
1256 5705 1420 5774 Epist.
1458 5696 1497 5766 ἱ,
1528 5709 1613 5777 15,
1645 5710 1730 5775 15,
1769 5709 1848 5765 ιϐ,

568 5766 680 5844 (οἵ)
707 5766 847 5844 Ρειι.
878 5770 894 5823 l
928 5772 1095 5844 Epist.
1130 5766 1167 5841 ι,
1204 5766 1414 5844 ιπιδ,
1454 5778 1536 5833 ta.

567 5837 676 5909 (68)
712 5837 811 5895 lsa.
843 5857 929 5909 XL,
958 5843 1011 5897 ti.
