4042 6478
474 506 605 572 1047

1919 486 2290 545 ADDENDA.

3575 482 3726 546 1048

468 620 681 677 tamque
712 606 765 660 in
794 618 941 671 eum,
973 603 1041 657 ob
1066 600 1315 657 violatum
1339 596 1572 655 edictum
1602 614 1630 652 a
1654 606 1897 654 creatore
1920 612 2042 653 sen-

2153 593 2351 664 ιντολὴν
2384 592 2477 647 καὶ
2504 591 2603 663 τὴν
2643 590 2846 659 ταύτης
2878 590 3210 662 παράϐασιν,
3258 592 3353 645 καὶ
3381 593 3482 661 τὴν
3520 593 3612 645 ἐπὶ
3644 594 3733 661 τῇ

467 701 688 753 tentiam
709 694 1170 751 commemoravit.
1203 691 1464 760 Deinceps
1492 690 1626 745 bona
1655 703 1716 745 ea
1746 687 2034 754 recensuit,

466 790 654 858 quibus
685 801 802 851 nos,
836 785 1032 854 rejecto
1070 783 1235 851 ipsius
1276 780 1547 844 mandato,
1572 789 1783 835 nosmet
1809 779 2038 835 exclusi-

467 894 607 933 mus.
634 877 755 931 Mox
788 888 968 930 earum
995 871 1359 928 molestiarum
1389 871 1711 926 mentionem
1747 870 1886 934 fecit,
1920 884 2036 937 qua;

469 980 747 1038 pOStquam
770 967 838 1020 ab
858 966 963 1019 illis
986 964 1138 1019 bonis
1159 961 1474 1025 excidimus,
1504 963 1700 1017 misere
1718 977 1813 1016 nos
1835 964 2041 1016 invase-

468 1069 611 1113 runt.
643 1059 776 1113 Tum
804 1064 981 1111 autem
1002 1068 1065 1109 ea
1091 1069 1208 1123 qua:
1229 1046 1293 1106 ad
1321 1050 1697 1121 benignitatem
1728 1060 1784 1106 et
1802 1066 2036 1105 amorem

473 1166 602 1222 erga
648 1150 918 1204 hominum
961 1160 1128 1216 genus
1165 1145 1499 1214 pertinebant
1527 1145 1820 1214 subjunxit,
1848 1159 2039 1213 nempe

468 1257 700 1313 quonam
731 1241 890 1296 modo
917 1254 1157 1295 summus
1186 1238 1276 1294 ille
1299 1236 1475 1304 opifex
1507 1236 1692 1291 saintis
1723 1246 1919 1289 nostra:
1947 1251 2038 1290 cu-

469 1350 584 1392 ram
617 1348 827 1407 gerens,
855 1333 1138 1401 magistros
1168 1345 1229 1385 ac
1256 1328 1546 1399 prophetas
1569 1328 1838 1398 Unigeniti
1868 1328 2041 1382 incar-

471 1426 739 1483 nationem
781 1423 1134 1493 praedicantes
1163 1423 1389 1477 miserit.
1419 1420 1623 1475 Deinde
1660 1422 1823 1474 etiam
1876 1420 2040 1486 ipsius

472 1518 804 1581 descensum,
832 1514 1270 1578 incarnationem,
1300 1510 1575 1574 beneﬁcia,
1606 1510 1877 1573 miracula,
1905 1511 2043 1565 tolea

473 1622 694 1679 rataque
743 1624 840 1679 pro
879 1608 1033 1664 nobis
1084 1605 1474 1677 ingratitudinis
1503 1605 1635 1660 vitio
1681 1605 2042 1660 laborantibus

473 1701 749 1771 supplicia,
777 1715 1014 1765 crucem,
1040 1698 1301 1766 lanceam,
1331 1696 1681 1752 voluntariam
1710 1703 1955 1762 mortem,
1981 1710 2043 1750 ac

474 1794 702 1861 denique
728 1804 962 1846 nostram
1004 1790 1057 1844 in
1098 1789 1359 1856 integrum
1396 1787 1784 1843 restitutionem
1815 1796 1868 1841 et
1891 1801 2044 1841 revo-

2138 684 2448 755 παραϐάσει
2478 682 2573 736 τοῦ
2622 683 2929 745 πλάσαντος
2961 682 3279 752 καταδίκην.
3306 678 3443 737 Εἶτα
3474 682 3725 751 καθεξῆς

2137 776 2208 830 τὰ
2244 776 2429 843 ἀγαθὰ
2459 774 2847 845 άπηριθμεῖτο,
2878 769 2955 828 ὧν
2975 775 3337 841 ἀθετήσαντες
3369 776 3467 845 τὴν
3496 776 3731 842 ἐντολὴν

2139 869 2366 929 ἑαυτοὺς
2403 865 2807 935 ἀπεκλείσαμεν
2834 882 2849 898 ο
2890 866 2986 919 καὶ
3034 866 3188 936 181
3240 863 3406 929 αὖθις
3436 866 3733 937 ἐμέμνητο

2137 960 2245 1012 τῶν
2273 960 2552 1030 λυπηρῶν,
2580 959 2679 1012 ὅσα
2711 959 2846 1028 μετά
2875 958 2974 1029 τὴν
3006 960 3231 1012 ἐκείνων
3249 960 3557 1029 ἀποτυχίαν
3577 976 3726 1013 κατ·

2139 1049 2329 1103 ἐλαϐεν
2370 1050 2568 1113 ἀθλίως
2617 1051 2783 1119 ἡμᾶς.
2842 1051 2965 1103 Ἐπὶ
3012 1050 3221 1114 τούτοις
3266 1052 3333 1104 τὰ
3385 1053 3487 1122 τῆς
3524 1053 3730 1118 φιλαν-

2139 1141 2387 1212 θρωπίας
2429 1141 2657 1211 ἐπῆγεν,
2690 1142 2862 1206 ὅπως,
2892 1143 2993 1211 τῆς
3038 1143 3317 1213 ἡμετέρας
3347 1142 3661 1212 φροντίζων
3697 1144 3731 1195 6

2138 1235 2481 1306 Δημιουργὸς
2529 1235 2825 1305 σωτηρίας,
2874 1235 3230 1298 διδασκάλους
3278 1234 3571 1288 ἀπέστειλε
3624 1233 3726 1286 καὶ

2139 1328 2427 1399 προφήτας
2457 1324 2553 1396 τὴν
2579 1325 2673 1380 τοῦ
2717 1326 3057 1394 Μονογενοῦς
3093 1326 3464 1396 κηρύττοντας
3499 1326 3731 1395 σάρκω-

2140 1436 2225 1473 σιν
2243 1435 2256 1446 ’
2295 1418 2510 1481 ἔπειτα,
2539 1419 2632 1470 καὶ
2656 1418 2754 1485 τὴν
2782 1418 2993 1471 ἐκείνου
3028 1418 3276 1483 κάθοδον,
3302 1418 3399 1488 τὴν
3432 1416 3723 1486 ὲνανθρὼο

2138 1526 2324 1579 πησιν,
2364 1509 2463 1573 τάς
2500 1508 2854 1580 εὸεργεσίας,
2883 1509 2953 1562 τά
3002 1508 3288 1579 θαύματα,
3328 1511 3423 1563 καὶ
3466 1509 3534 1562 τά
3570 1510 3723 1577 ὑπὲρ

2139 1602 2296 1672 ήμῶν
2323 1600 2431 1654 τῶν
2470 1600 2782 1671 ἀχαρίστων
2831 1600 3152 1671 παθήματα,
3200 1599 3289 1653 τὸν
3321 1600 3584 1669 σταυρὸν,
3615 1600 3726 1663 τὴν

2137 1692 2360 1762 λόγχην,
2392 1691 2484 1745 τὸν
2510 1692 2757 1745 ἑκούσιον
2785 1692 3014 1746 θάνατον
3030 1707 3044 1722 ο
3069 1692 3243 1757 τέλος,
3276 1692 3375 1762 τὴν
3399 1688 3733 1760 ἐπανόρθω-

2141 1800 2225 1836 σιν
2258 1782 2438 1854 ήμῶν,
2465 1781 2563 1853 τὴν
2591 1783 2912 1855 ἀνάκλησιν,
2943 1784 3043 1854 τὴν
3066 1785 3144 1847 εἰς
3172 1784 3235 1836 τὸ
3264 1783 3483 1854 πρῶτον
3512 1781 3731 1848 ἀγαθὸν

478 1884 763 1946 cationem,
788 1890 945 1948 atque
972 1879 1038 1934 ad
1069 1879 1292 1948 primum
1323 1878 1517 1933 bonum
1536 1878 1791 1944 reditum;
1817 1891 1881 1933 ac
1909 1886 2044 1947 post-

2153 1872 2397 1927 ἐπάνοδον
2425 1886 2439 1902 ο
2475 1872 2612 1943 μετὰ
2640 1871 2836 1938 ταῦτα,
2865 1872 2965 1943 τὴν
2989 1872 3355 1943 ἐκδεχομένην
3382 1873 3509 1933 τοὺς
3535 1871 3733 1937 ἀξίους

476 1990 540 2031 ea
573 1975 829 2030 ctelorutn
872 1986 1114 2043 regnum,
1137 1971 1277 2041 quod
1301 1970 1537 2025 homines
1557 1984 1623 2025 eo
1643 1970 1829 2040 dignos
1845 1980 2041 2037 manet,

478 2065 805 2122 reconditum
837 2065 1094 2134 improbis
1120 2062 1411 2118 cruciatum
1448 2064 1620 2132 ignem
1658 2078 1924 2133 nunquam
1953 2078 2047 2119 ex-

475 2156 871 2223 stinguendum,
916 2162 1199 2224 perpetuas
1237 2154 1505 2219 tenebras,
1538 2155 1890 2209 immortalem
1922 2170 2044 2208 ver-

478 2263 639 2313 mem,
668 2258 996 2317 caeterasque
1024 2260 1212 2303 omnes
1237 2260 1444 2315 pmnas,
1485 2262 1616 2317 quas
1649 2248 1685 2303 ii
1726 2248 1813 2317 qui
1846 2249 2043 2316 peccati

476 2338 732 2392 servitute
772 2351 833 2393 se
863 2338 1311 2403 constrinxerunt,
1350 2336 1451 2391 sibi
1503 2337 1632 2405 ipsis
1676 2343 2033 2405 aggesserunt.

482 2429 606 2484 llaec
640 2443 759 2482 cum
787 2429 1025 2483 oratione
1062 2434 1368 2495 prosecutus
1397 2434 1558 2494 esset,
1590 2440 1651 2480 ac
1676 2426 1776 2480 sub
1804 2426 1959 2479 finem
1990 2426 2044 2481 in

478 2522 772 2577 doctrinam
800 2525 866 2573 ad
894 2534 1069 2574 mores
1089 2526 1535 2574 accommodatam
1558 2518 1805 2586 delapsus
1836 2516 2042 2581 fuisset,

480 2614 748 2681 multaque
790 2610 857 2666 de
894 2611 1016 2665 vita:
1059 2611 1289 2679 puritate
1327 2608 1485 2664 verba
1527 2607 1759 2673 fecisset,
1811 2622 2043 2677 praesen-

480 2702 716 2769 tiumque
759 2714 933 2754 rerum
963 2698 1246 2753 vanitatem
1285 2697 1607 2764 damnasset,
1638 2712 1927 2765 eorumque
1955 2698 2044 2764 qui

484 2793 569 2847 his
585 2798 726 2848 totes
746 2804 805 2846 se
825 2789 1073 2845 addicunt
1092 2788 1356 2843 miseriam
1377 2789 1723 2857 coarguisset,
1749 2789 2042 2843 orationem

483 2881 697 2935 tandem
722 2879 1023 2947 precatione
1044 2877 1321 2940 conclusit,
1352 2892 1382 2930 a
1416 2877 1523 2930 Deo
1551 2878 1796 2930 nimirum
1825 2877 1921 2943 ipsi
1954 2877 2047 2929 lir-

484 2988 625 3029 tnatn
661 2979 716 3027 et
756 2976 1087 3025 constantem
1126 2967 1437 3024 orthodoxa:
1476 2968 1597 3023 fidei
1634 2968 2044 3032 confessionem,

485 3069 753 3132 vitamque
778 3062 847 3117 ab
872 3060 1019 3117 omni
1046 3059 1478 3128 reprehensionis
1508 3070 1630 3114 nota
1654 3060 1962 3125 immunem,
1986 3074 2049 3116 ac

2144 1962 2250 2018 τῶν
2276 1963 2519 2035 οὐρανῶν
2557 1963 2838 2033 βασιλείαν
2857 2004 2872 2029 ,
2903 1964 2999 2035 τὴν
3037 1965 3408 2035 ἀποκειμένην
3436 1966 3552 2026 τοῖς
3583 1960 3732 2029 φαύ-

2141 2054 2252 2119 λοις
2292 2054 2545 2125 βάσανον,
2579 2056 2639 2107 τὸ
2677 2054 2754 2125 μὴ
2784 2054 3147 2127 σϐεννύμενον
3173 2056 3305 2125 πῦρ,
3340 2057 3401 2108 τὸ
3446 2054 3525 2125 μὴ
3548 2054 3722 2124 λῆγον

2147 2145 2358 2210 σκότος,
2389 2145 2480 2199 τὸν
2507 2145 2776 2200 ἀθάνατον
2827 2145 3108 2218 σκώληκα,
3164 2148 3260 2201 καὶ
3295 2148 3427 2217 ὅσην
3460 2145 3635 2214 ἀλλην
3679 2143 3735 2197 οι

2144 2238 2245 2307 τῆς
2282 2236 2559 2307 ἁμαρτίας
2591 2237 2773 2292 δοῦλοι
2802 2238 3026 2293 κόλασιν
3064 2241 3280 2303 ἑαυτοῖς
3330 2236 3737 2308 ὲθησαύρισαν.

2144 2327 2330 2382 Ταῦτα
2369 2328 2653 2396 διεξελθὼν
2700 2330 2795 2384 καὶ
2840 2332 2922 2394 είς
2971 2332 3172 2401 ἠθικὴν
3228 2329 3582 2385 διδασκαλίαν
3638 2328 3738 2381 τὸν

2153 2420 2308 2488 λόγον
2332 2420 2578 2484 τελέσας,
2606 2420 2777 2474 πολλά
2801 2440 2859 2475 τε
2892 2424 3023 2493 περὶ
3063 2422 3435 2493 καθαρότητος
3466 2420 3583 2491 βίου
3606 2420 3737 2473 δια-

2154 2511 2382 2581 λεχθεὶς,
2416 2513 2509 2565 καὶ
2546 2513 2650 2582 τῆς
2689 2512 2799 2567 τῶν
2828 2516 3117 2585 παρόντων
3160 2514 3528 2583 ματαιότητος
3558 2526 3739 2564 κατα-

2153 2606 2334 2677 γνοὺς,
2366 2605 2463 2677 τὴν
2494 2606 2785 2679 ἀθλιότητά
2813 2625 2873 2661 τε
2900 2608 3008 2662 τῶν
3039 2607 3250 2670 τούτοις
3276 2602 3737 2678 προστετηκότων

2153 2698 2451 2766 διελέγξας,
2502 2701 2579 2763 εἰς
2627 2699 2793 2771 εὐχὴν
2823 2700 3113 2771 κατέληξε.
3167 2700 3279 2754 Καὶ
3322 2697 3740 2767 ἀπερίτρεπτον

2155 2790 2303 2861 αύτῷ
2334 2788 2699 2861 ἐπευξάμενος
2728 2793 2823 2845 καὶ
2845 2793 3037 2861 ἀκλινῆ
3067 2793 3165 2863 τὴν
3192 2789 3486 2861 ὁμολογίαν
3510 2789 3611 2859 τῆς
3642 2788 3744 2858 ὀρ-

2157 2880 2372 2946 θοδόξου
2400 2882 2660 2947 πίστεως,
2690 2884 3059 2953 ἀνεπίληπτόν
3083 2896 3141 2936 τε
3167 2883 3258 2936 τὸν
3289 2882 3401 2952 βίον
3438 2882 3537 2935 καὶ
3559 2880 3741 2934 καθα-

2162 2973 2408 3046 ρωτάτην
2429 2974 2527 3046 τὴν
2562 2975 2861 3043 πολιτείαν,
2889 2978 2917 3029 6
2944 2974 3065 3045 μὲν,
3087 2974 3239 3038 τέλος
3256 2973 3469 3036 ἐπιθεὶς
3485 2975 3552 3043 τῇ
3578 2972 3744 3043 εὐχῇ,

2161 3066 2297 3133 πρὸς
2320 3067 2421 3139 τὴν
2455 3068 2632 3133 ξενίαν
2658 3064 2815 3131 αὖθις
2836 3068 3024 3140 ἀπῄει.

485 3155 845 3225 purissimam
884 3155 1137 3211 muneris
1161 3156 1247 3212 sui
1286 3157 1823 3217 administrationem
1860 3173 2084 3235 optans.
2111 3163 2190 3221 Ac
2224 3174 2414 3237 postea
2459 3166 2773 3238 precationi
2817 3168 2927 3227 line
2976 3170 3258 3241 imposito,
3308 3170 3376 3225 ad
3433 3170 3748 3241 hospitium

478 3262 641 3305 suum
684 3262 883 3305 rursus
914 3263 976 3305 se
1009 3249 1238 3319 recepit.

567 3332 728 3402 llegis
754 3343 927 3387 autem
953 3334 1109 3400 filius,
1132 3337 1306 3392 accito
1332 3338 1589 3411 Zardane,
1617 3348 1739 3413 quid
1770 3350 1930 3404 animi
1956 3354 2052 3405 ha-

497 3419 645 3476 beret
673 3421 992 3491 periclitans,
1020 3425 1182 3479 dixit:
1206 3426 1434 3485 Audiisti
1454 3446 1572 3501 qua:
1594 3436 1719 3489 mihi
1753 3439 1927 3493 tabula
1954 3441 2056 3495 iste

488 3509 702 3575 dixerit,
735 3526 821 3566 me
849 3514 1102 3570 videlicet
1122 3517 1265 3571 inani
1293 3534 1389 3573 suo
1415 3521 1695 3575 verborum
1721 3525 1981 3582 lenocinio
2002 3528 2058 3584 in

487 3598 726 3654 fraudem
762 3599 1014 3657 inducere
1043 3606 1281 3671 studens,
1312 3622 1375 3662 ac
1410 3609 1645 3679 jucunda
1688 3613 1788 3667 hac
1824 3616 2062 3673 oblecta-

488 3690 635 3745 tione
670 3701 724 3747 et
758 3696 1064 3751 amoenitate
1102 3699 1334 3769 privare,
1372 3707 1532 3769 atque
1561 3702 1627 3755 ad
1660 3707 1920 3774 peregrini
1968 3706 2059 3763 Dei

487 3782 685 3836 cultum
718 3785 1042 3842 traducere?
1074 3786 1278 3844 Zardan
1316 3801 1514 3860 autem,
1550 3793 1835 3857 Quidnam,
1868 3796 2060 3864 inquit,

489 3870 581 3925 tibi
623 3873 788 3927 visum
837 3884 940 3940 est,
976 3891 1009 3930 ο
1050 3892 1164 3944 rex,
1204 3877 1454 3934 famulum
1482 3891 1627 3935 tuum
1656 3886 1895 3938 tentare?
1938 3885 2063 3939 Pcr-

486 3973 725 4029 spectum
750 3968 891 4021 enim
923 3968 1093 4023 habeo
1120 3969 1217 4024 viri
1239 3984 1514 4026 sermones
1540 3982 1721 4041 pectus
1744 3982 1890 4027 tuum
1917 3975 2063 4029 allis-

488 4056 621 4109 sime
652 4068 980 4122 penetrasse.
1007 4058 1139 4113 Nam
1171 4060 1271 4115 nisi
1300 4061 1368 4114 ita
1399 4072 1563 4128 esset,
1598 4078 1703 4117 non
1733 4072 1837 4118 tam
1871 4065 2061 4120 luben-

489 4151 574 4198 ter
599 4160 660 4199 ac
692 4156 946 4215 perpetuo
975 4164 1094 4204 cum
1127 4164 1193 4205 eo
1237 4165 1512 4207 sermones
1543 4155 1816 4211 misceres.
1864 4157 1928 4209 Et
1957 4158 2068 4225 qni-

488 4233 611 4289 dem
677 4251 773 4291 nos
823 4238 1117 4294 istiusmodi
1175 4241 1602 4310 praedicationem
1654 4244 2061 4316 haudquaquam

488 4323 813 4393 ignoramus.
844 4327 1041 4383 Verum
1070 4344 1136 4385 ex
1166 4344 1273 4399 quo
1300 4339 1540 4401 tempore
1568 4344 1716 4403 pater
1754 4344 1876 4389 tuus
1922 4346 2066 4389 atro-

487 4415 753 4473 cissimam
796 4418 1055 4476 adversus
1095 4419 1429 4479 Christianos
1467 4427 1889 4493 persecutionem
1921 4428 2063 4482 excio

489 4513 637 4569 tavit.
664 4513 736 4567 illi
760 4512 883 4569 hinc
907 4518 1109 4586 expulsi
1133 4530 1280 4586 sunt,
1311 4530 1473 4591 atque
1491 4523 1724 4592 ipsorum
1749 4527 2063 4593 prmdicatio

489 4604 765 4658 conticuit.
801 4606 949 4669 Quod
992 4609 1035 4661 si
1072 4609 1162 4662 tibi
1194 4609 1384 4679 dogma
1417 4614 1517 4668 hoc
1543 4613 1762 4677 arridet,
1797 4614 2065 4683 ipsiusque

488 4693 740 4749 duritiem
784 4706 838 4751 et
877 4698 1111 4754 laborem
1143 4701 1322 4757 subire
1364 4714 1537 4773 potes,
1574 4705 1799 4759 faustum
1845 4720 1974 4760 sane
2003 4721 2065 4761 ac

491 4784 616 4839 felix
646 4786 715 4841 sit
744 4789 794 4842 id
834 4791 975 4857 quod
1005 4791 1186 4847 animo
1215 4803 1303 4849 tuo
1332 4795 1545 4851 insedit.
1581 4797 1691 4871 Ego
1728 4807 1902 4851 autem
1938 4798 2065 4869 quid

486 4876 702 4932 tandem
738 4878 950 4949 faciam,
992 4883 1083 4951 qui
1116 4883 1418 4955 bnjusmodi
1448 4887 1696 4942 duritiem
1726 4904 1793 4944 ne
1820 4888 2065 4944 adversis

483 4968 699 5037 quidem
724 4971 843 5024 ocul
864 4986 893 5025 s
913 4972 1103 5027 intueri
1130 4988 1367 5042 possum,
1400 4992 1461 5031 ac
1482 4978 1625 5047 regis
1654 4988 1797 5033 metu
1823 4979 2059 5033 animum

484 5058 759 5115 doloribus
781 5068 941 5132 atque
959 5063 1339 5120 acerbitatibus
1361 5059 1671 5122 distractum
1694 5068 1900 5124 habeo?
1924 5068 2065 5136 Qua—

484 5166 607 5205 nam
636 5154 778 5223 apud
823 5169 946 5209 eum
977 5157 1326 5213 excusatione
1355 5169 1495 5224 utar,
1526 5159 1615 5229 qui
1648 5159 1814 5228 ipsius
1842 5159 2063 5228 imperia

486 5243 724 5312 neglexi,
751 5254 913 5315 atque
943 5246 1063 5301 huic
1094 5248 1211 5303 viro
1237 5248 1304 5303 ad
1336 5257 1388 5305 te
1408 5251 1610 5306 aditum
1642 5250 1899 5320 permisi?

554 5460 695 5514 Dixit
738 5472 915 5517 autem
959 5461 1025 5516 ad
1070 5477 1192 5517 eum
1237 5466 1380 5532 regis
1422 5464 1596 5519 filius:
1636 5463 1893 5533 Equidem
1928 5464 2061 5520 nihil

482 5549 635 5603 aliud
675 5550 816 5634 quod
859 5551 1056 5619 ingenti
1088 5560 1190 5606 tua!
1221 5567 1343 5623 erga
1375 5570 1460 5609 me
1498 5555 1884 5610 benevolentia:
1929 5555 2061 5609 satis

485 5639 693 5706 praemii
724 5639 939 5695 afferret
979 5654 1293 5709 agnoscens,
1338 5642 1441 5699 hoc
1488 5660 1648 5699 unum
1682 5645 1941 5700 beneficio
1969 5655 2060 5701 tuo

2239 3345 2299 3396 '0
2329 3344 2383 3399 δὲ
2417 3346 2511 3400 τοῦ
2555 3346 2820 3416 βασιλέως
2850 3349 2965 3410 υίὸς
2988 3388 3003 3413 ,
3034 3349 3125 3401 τὸν
3172 3348 3386 3418 Ζαρδάν
3434 3348 3749 3418 προσκαλε-

2166 3436 2399 3506 σάμενος
2447 3439 2542 3490 καὶ
2589 3438 2690 3509 τὴν
2727 3438 2897 3493 αὐτοῦ
2939 3440 3231 3509 γυμνάζων
3282 3438 3552 3502 διάθεσιν,
3597 3439 3745 3507 ἔφη*

2167 3526 2442 3590 Ἤκουσας
2469 3529 2629 3581 ὁποῖά
2655 3545 2745 3599 μοι
2767 3531 2795 3581 ό
2818 3529 3194 3599 σπερμολόγος
3223 3524 3378 3592 οὗτος
3405 3528 3744 3595 διαλέγεται,

2162 3619 2441 3689 ἀπατῆσαί
2483 3637 2550 3689 με
2594 3623 2716 3684 ταῖς
2752 3623 2937 3683 κεναῖς
2968 3621 3135 3675 αὐτοῦ
3178 3621 3591 3689 πιθανολογίαις
3622 3638 3747 3673 πει-

2165 3710 2407 3783 ρώμενος
2455 3713 2549 3765 καὶ
2592 3713 2961 3784 ἀποστερῆσαι
3002 3715 3100 3783 τῆς
3137 3714 3381 3785 τερπνῆς
3411 3713 3621 3783 ταύτης
3654 3714 3749 3765 εύ-

2162 3803 2436 3875 φροσύνης
2469 3805 2562 3858 καὶ
2586 3805 2964 3871 ἀπολαύσεως,
2990 3806 3084 3858 καὶ
3118 3805 3253 3874 ξένῳ
3276 3805 3575 3876 λατρεῦσαι
3596 3804 3745 3873 Θεῷ;

2166 3897 2325 3966 182
2365 3897 2424 3949 Ὀ
2453 3896 2511 3949 δὲ
2540 3896 2750 3968 Ζαρδάν
2773 3914 2785 3926 ο
2817 3898 2880 3950 Τί
2916 3915 2997 3950 σοι
3028 3896 3226 3961 ἔδοξεν,
3259 3896 3385 3967 ἔφη,
3420 3890 3466 3949 ὦ
3497 3895 3746 3965 βασιλεῦ,

2162 3986 2444 4056 πειράζειν
2482 4004 2549 4057 με
2577 3988 2669 4040 τὸν
2694 3987 2785 4040 σὸν
2810 3985 3029 4056 οἰκέτην
3052 4004 3069 4051 ;
3092 3982 3225 4040 Οἶδα
3258 3986 3399 4039 κατά
3434 3984 3602 4055 βάθος
3628 3986 3746 4037 εἰσ-

2161 4078 2314 4132 δῦναί
2347 4097 2440 4133 σου
2474 4082 2542 4151 τῇ
2574 4080 2772 4152 καρδίᾳ
2804 4080 2930 4142 τοὺς
2955 4079 3147 4147 λόγους
3179 4078 3275 4132 τοῦ
3308 4079 3504 4150 ἀνδρός
3528 4094 3541 4106 ·
3582 4080 3629 4131 εί
3666 4079 3747 4149 μὴ

2162 4172 2272 4243 γάρ
2291 4172 2449 4226 τοῦτο
2469 4167 2558 4243 ἦν,
2586 4174 2689 4226 οὐκ
2715 4173 2781 4227 ἂν
2804 4172 2953 4243 αὐτῷ
2979 4172 3152 4243 ἡδέως
3173 4189 3233 4225 τε
3257 4170 3352 4226 καὶ
3380 4170 3749 4236 ἀδιαλείπτως

2163 4265 2406 4337 ὡμίλεις.
2443 4266 2553 4319 Καί
2600 4283 2664 4333 γε
2695 4267 2859 4336 ἡμεῖς
2901 4265 3001 4318 οὐκ
3033 4264 3337 4335 ἀγνοοῦμεν
3362 4264 3516 4319 τουτὶ
3549 4264 3611 4317 τὸ
3640 4266 3747 4334 κή-

2168 4377 2349 4432 ρυγμα
2367 4377 2381 4391 ·
2410 4359 2526 4413 ἀλλ’
2556 4358 2616 4424 ἐξ
2645 4359 2768 4413 ὅτου
2796 4360 2825 4412 6
2871 4358 2961 4423 σὸς
2991 4359 3177 4428 πατὴρ
3212 4357 3451 4426 διωγμὸν
3479 4356 3751 4411 ἄσπονδον

2165 4452 2306 4508 κατά
2327 4452 2436 4506 τῶν
2464 4450 2808 4525 Χριστιανῶν
2850 4450 3150 4522 ἐξήγειρεν,
3182 4449 3551 4520 ἀπηλάθησαν
3588 4450 3751 4502 αὐτοὶ

2163 4543 2275 4597 τῶν
2298 4543 2567 4607 ἐντεῦθεν,
2599 4545 2693 4598 καὶ
2719 4544 2945 4614 ἐσίγησε
2978 4543 3037 4596 τὸ
3073 4544 3338 4613 κήρυγμα
3365 4542 3568 4595 αὐτῶν.
3598 4542 3661 4594 Εἰ
3684 4540 3751 4593 δὲ

2167 4635 2262 4690 νῦν
2287 4636 2516 4706 ἀρεστόν
2552 4652 2634 4688 σοι
2664 4636 2723 4688 τὸ
2752 4635 2930 4706 δόγμα
2957 4634 3239 4704 κατεφάνη
3277 4634 3372 4686 καὶ
3410 4632 3473 4685 τὸ
3511 4632 3753 4703 σκληρὸν

2166 4725 2331 4779 αὑτοῦ
2366 4726 2461 4779 καὶ
2487 4725 2742 4780 ἐπίπονον
2776 4723 3139 4790 ἀναδέξασθαι
3182 4722 3410 4795 ίσχύεις,
3446 4722 3752 4775 κατευθυν-

2109 4860 2117 4871 .
2161 4817 2282 4887 θείη
2310 4832 2405 4870 σου
2436 4816 2509 4869 τὰ
2533 4816 2815 4887 θελήματα
2849 4816 2960 4886 (76)
2994 4817 3077 4879 είς
3121 4816 3185 4869 τὸ
3215 4815 3447 4883 ἀγαθόν.
3495 4812 3642 4882 Ἐγὼ
3688 4813 3753 4865 δὲ

2156 4909 2211 4961 τί
2238 4910 2479 4979 ποιήσω,
2509 4907 2645 4979 πρὸς
2679 4908 2779 4979 μὲν
2812 4909 2912 4980 τὴν
2942 4908 3202 4979 τοιαύτην
3242 4906 3589 4977 σκληρότητα
3622 4905 3751 4977 μηδ’

2160 4998 2608 5070 ἀντοφθαλμῆσαι
2638 4998 2961 5070 δυνάμενος,
2993 4998 3069 5071 τῷ
3098 4999 3154 5051 δὲ
3179 4996 3330 5067 φόϐῳ
3355 4996 3451 5050 τοῦ
3476 4998 3748 5066 βασιλέως

2158 5090 2259 5161 τὴν
2287 5090 2468 5163 ψυχὴν
2506 5093 2563 5145 ὲν
2588 5091 2802 5155 ὀδύναις
2830 5091 2928 5146 καὶ
2952 5092 3213 5162 ἀλγηδόσι
3253 5088 3612 5160 μεριζόμενος
3637 5105 3653 5155 ;
3676 5089 3765 5141 Τί*

2169 5182 2583 5254 ἀπολογήσομαι
2626 5183 2775 5255 αύτῷ
2802 5228 2815 5250 ,
2850 5184 3071 5255 ἀμελῶς
3114 5185 3227 5247 τοῖς
3272 5182 3439 5236 αὐτοῦ
3475 5181 3746 5245 διατεθεὶς

2170 5274 2577 5345 προστάγμασι,
2610 5274 2705 5328 καὶ
2734 5275 2812 5346 τῷ
2839 5275 2997 5347 ἀνδρὶ
3033 5273 3208 5346 τούτῳ
3234 5275 3334 5346 τῆς
3368 5272 3505 5342 πρὸς
3541 5272 3601 5325 σὲ
3639 5290 3749 5325 πα-

2171 5367 2498 5438 ραχωρήσας
2524 5366 2767 5434 εἰσόδου;

2244 5460 2388 5529 Ἔφη
2437 5460 2494 5513 δὲ
2527 5460 2665 5531 πρὸς
2691 5459 2855 5514 αὑτὸν
2886 5460 2916 5513 6
2960 5460 3055 5513 τοῦ
3108 5459 3371 5530 βασιλέως
3400 5461 3549 5522 υἱόςο
3609 5459 3754 5523 Ἐγὼ

2176 5552 2296 5623 μὲν,
2336 5548 2437 5620 τῆς
2471 5552 2671 5623 πολλῆς
2706 5568 2798 5606 σου
2849 5552 2985 5624 πρός
3023 5569 3090 5623 με
3129 5552 3555 5622 εὐγνωμοσύνης
3588 5549 3754 5621 μηδε-

2178 5643 2307 5714 μίαν
2353 5642 2520 5714 άλλην
2564 5643 2721 5710 ἀξίαν
2765 5642 3005 5713 ἀμοιϐὴν
3060 5640 3370 5711 γινώσκων,
3410 5639 3620 5710 ταύτην
3660 5639 3755 5692 καὶ

572 5815 702 5890 (76)!
725 5815 792 5890 Α,
822 5833 946 5890 κατ.
972 5831 1067 5869 σου
1099 5813 1170 5869 τά
1190 5814 1520 5890 διαδήματα
1543 5830 1716 5890 {quas
1755 5828 1878 5873 sunt
1909 5820 2045 5890 petit

2176 5820 2438 5876 Psalmo:
2492 5818 2682 5875 confer
2724 5812 2883 5885 t.'lll,
2911 5834 2963 5890 p.
3004 5818 3091 5875 52.
3137 5818 3298 5874 Malui
3344 5816 3634 5874 lectionem
3666 5831 3754 5871 co-

500 5886 637 5944 dicis
666 5886 728 5943 C.
764 5889 985 5943 Scilicet
1012 5902 1118 5940 non
1151 5886 1430 5941 videbatur
1461 5886 1795 5944 Psalmorum
1827 5886 2057 5947 imitatio
2088 5892 2141 5947 in
2172 5891 2471 5948 lardanem
2504 5892 2717 5947 cadere.
