4042 6424
248 480 387 543 1049

1324 465 1498 525 νιΤΑ
1539 463 1895 524 BARLAAM
1934 458 2028 517 ET
2064 455 2415 517 IOASAPH.

3352 473 3487 538 1050

232 577 543 649 ὑπεραξίαν
570 574 823 646 εὑρηκὼς
856 573 945 627 ἐπ’
974 573 1265 644 εὐεργεσίᾳ
1290 578 1359 646 τῇ
1393 578 1483 646 σῇ,
1512 574 1809 645 κατάδηλον

1917 566 2088 632 msjus
2113 574 2302 636 reperi,
2332 571 2580 627 nimirum
2611 586 2666 629 ut
2698 577 2790 632 tibi
2821 579 3016 635 bonum
3046 582 3197 650 illud,
3228 585 3368 655 quod
3399 601 3488 641 ua-

234 668 469 738 ποιῆσαί
498 684 584 721 σοι
618 666 677 720 τὸ
707 666 847 735 ὑπὲρ
878 664 1043 734 φύσιν
1077 666 1281 735 ἀγαθὸν
1312 666 1473 736 έργον
1501 665 1807 734 πεποίηκα,

232 758 328 812 τοῦ
362 758 631 829 γνωρίσαι
662 774 722 809 σε
744 757 821 821 είς
853 757 881 809 ὃ
910 756 1203 827 γεγένησαι
1228 758 1321 810 καὶ
1352 755 1443 809 τὸν
1466 755 1812 826 Δημιουργὸν

233 854 583 922 ἐπιγνῶναι,
626 851 965 906 ἀπολιπόντα
996 868 1055 904 τε
1098 850 1210 921 (77)
1250 850 1310 904 τὸ
1338 850 1530 911 σκότος
1566 848 1644 919 τῷ
1670 848 1814 917 φωτὶ

233 946 615 1015 προσδραμεῖν
636 958 649 973 ⁸
678 944 772 996 καὶ
804 944 960 1013 183
986 942 1234 1012 ἡλπιζον,
1261 945 1377 1012 ἅμα
1401 941 1477 1012 τῷ
1504 942 1615 1012 (78)
1648 940 1817 996 ἀκοῦ-

236 1036 326 1087 σαί
385 1053 445 1088 σε
511 1035 661 1105 πόθῳ
720 1036 934 1104 α’σχέτῳ
989 1034 1161 1104 τούτῳ
1213 1034 1599 1103 ἀκολουθῆσαι.
1672 1033 1811 1088 Ἀλλ’

233 1126 546 1196 ἐψεύσθην,
581 1125 767 1188 καθὼς
821 1125 976 1195 ὁρῶ,
1032 1126 1131 1195 τῆς
1164 1124 1399 1187 ἐλπίδος,
1458 1125 1699 1196 χλιαρῶς
1752 1144 1811 1179 σε

236 1219 455 1287 βλέπων
489 1218 625 1289 πρὸς
656 1217 725 1270 τὰ
762 1216 1060 1286 λαληθέντα
1103 1216 1470 1287 διακείμενον.
1503 1219 1594 1289 Τῷ
1628 1219 1685 1270 δὲ
1718 1218 1809 1287 βα-

233 1308 376 1358 σιλεί
409 1308 505 1360 καὶ
532 1307 698 1377 πατρί
727 1324 829 1377 μου
863 1309 912 1359 εί
938 1308 1109 1359 ταῦτα
1139 1307 1421 1378 δηλώσεις,
1451 1308 1604 1361 οὐδὲν
1624 1308 1813 1380 ἕτερον

236 1397 485 1467 ποιήσεις
520 1396 552 1466 ἢ
602 1397 894 1467 μερίμναις
932 1397 1099 1449 αὑτοῦ
1130 1398 1225 1450 καὶ
1274 1396 1473 1460 λύπαις
1507 1398 1606 1468 τὴν
1633 1398 1811 1470 ψυχὴν

230 1488 501 1558 ἀηδίσεις.
545 1488 707 1553 Ἀλλ’,
749 1488 911 1559 εἴπερ
951 1488 1100 1558 αὑτῷ
1130 1490 1531 1559 εὐγνωμονεῖς,
1565 1490 1810 1560 μηδόλως

232 1580 363 1650 ἄχρι
416 1578 609 1648 καιροῦ
658 1578 752 1633 τοῦ
797 1582 1165 1650 προσήκοντος
1200 1580 1529 1651 ἀναγγείλῃς
1579 1598 1632 1633 τι
1682 1581 1810 1651 περὶ

230 1671 463 1724 τούτων.
492 1670 679 1724 Ταῦτα
710 1671 807 1740 μὲν
832 1672 970 1742 πρὸς
998 1671 1162 1724 αὑτὸν
1184 1670 1446 1741 λαλήσας,
1488 1670 1575 1737 ἐφ’
1603 1671 1811 1724 ὑδάτων

232 1760 415 1813 ἐδόκει
451 1762 694 1832 σπείρειν
742 1760 891 1829 (79)·
927 1762 1008 1825 εἰς
1052 1760 1231 1832 ψυχὴν
1278 1760 1389 1829 γὰρ
1427 1760 1684 1814 ἀσύνετον
1710 1762 1809 1815 οὐκ

233 1850 610 1904 εἰσελεύσεται
645 1853 825 1922 σοφία.

303 2114 385 2185 Τῇ
424 2112 686 2185 ἐπαύριον
724 2113 780 2168 δέ
805 2114 833 2167 6
863 2114 1129 2186 Βαρλαὰμ
1173 2114 1343 2169 ἐλθὼν
1372 2114 1443 2170 τὰ
1469 2117 1567 2188 τῆς
1608 2118 1811 2189 ἀποδη-

237 2207 366 2274 μίας
417 2206 644 2276 ὡμίλει·
675 2208 703 2259 6
727 2206 807 2272 δὲ,
845 2207 935 2260 τὸν
964 2206 1154 2260 τούτου
1185 2208 1259 2278 μὴ
1292 2208 1473 2279 φέρων
1505 2209 1808 2280 χωρισμὸν,

234 2296 328 2367 τὴν
362 2296 546 2367 ψυχὴν
583 2298 773 2367 ἠνιᾶτο
806 2298 900 2351 καὶ
919 2297 1172 2367 δακρύων
1208 2302 1333 2362 τοὺς
1370 2299 1685 2370 ὀφθαλμοὺς
1712 2302 1813 2354 ἐπ-

235 2389 543 2459 επλήρωτο.
584 2389 762 2443 Πολλὰ
794 2389 853 2443 δὲ
899 2388 1012 2459 (80)
1047 2392 1076 2444 6
1103 2391 1282 2462 γέρων
1310 2390 1461 2462 αύτῷ
1483 2392 1807 2463 διαλεχθεὶς,

238 2482 328 2533 καὶ
354 2476 653 2553 ἅκλόνητον
672 2480 951 2551 διαμένειν
974 2481 1035 2535 ἐν
1054 2480 1132 2552 τῷ
1153 2482 1347 2551 ἀγαθῷ
1371 2487 1807 2555 μαρτυράμενος,

236 2569 416 2639 λόγοις
438 2588 496 2624 τε
525 2572 956 2643 παρακλητικοῖς
974 2572 1234 2643 στηρίξας
1245 2574 1410 2627 αὑτοῦ
1428 2575 1527 2646 τὴν
1557 2578 1808 2647 καρδίαν,

240 2660 442 2731 ίλαρῶς
464 2662 629 2716 αὑτὸν
660 2662 1041 2726 ἐξαποστεῖλαι
1083 2663 1237 2733 ὴξίου
1264 2680 1279 2694 ⁸
1316 2664 1436 2735 ἅμα
1462 2666 1519 2719 δέ
1545 2669 1640 2721 καὶ
1673 2684 1809 2739 προ-

239 2753 428 2822 έλεγεν
445 2754 547 2808 οὐκ
577 2756 656 2818 είς
680 2755 893 2826 μακρὸν
923 2756 1123 2820 αὐτοὺς
1149 2756 1403 2811 ἐνοῦσθαι
1433 2759 1623 2812 ἐνώσει
1643 2760 1811 2814 ἀδιαι-

238 2844 397 2916 ρέτῳ.
444 2845 503 2899 '0
545 2845 602 2899 δέ
638 2845 733 2899 τοῦ
778 2846 1044 2916 βασιλέως
1078 2846 1223 2911 υίὸς,
1259 2847 1335 2918 μὴ
1379 2848 1677 2919 δυνάμενος
1718 2852 1810 2904 ἐπὶ

236 2932 421 2985 πλεῖον
449 2932 650 2997 κόπους
686 2932 766 3005 τῷ
792 2935 1007 3007 γέροντι
1039 2937 1302 3007 παρέχειν
1334 2939 1429 2991 καὶ
1471 2940 1569 3011 τῆς
1616 2940 1812 2994 ποθου-

238 3024 411 3093 μένης
436 3024 599 3078 αύτὸν
628 3025 858 3080 κωλύειν
894 3026 1015 3080 ὁδοῦ
1039 3069 1055 3094 ,
1088 3029 1205 3099 ἅμα
1234 3028 1291 3081 δὲ
1323 3030 1420 3083 καὶ
1461 3030 1810 3102 ὑφορώμενος

241 3115 403 3188 184
434 3116 508 3187 μὴ
540 3117 673 3188 δῆλα
710 3118 779 3172 τὰ
814 3121 945 3191 περὶ
988 3119 1150 3174 αὐτὸν
1182 3121 1210 3172 6
1258 3122 1470 3193 Ζαρδὰν
1500 3126 1703 3188 ἐκεῖνος
1731 3125 1808 3194 τῷ

1915 664 2084 711 turam
2122 671 2355 727 superat,
2397 668 2732 732 perspicuum
2776 670 3003 726 reddere
3044 673 3335 742 studerem,
3381 674 3484 731 hoc

1925 756 2029 809 est,
2062 756 2120 800 ut
2146 764 2304 816 quem
2334 752 2398 805 ad
2431 752 2587 808 finem
2619 767 2927 824 procreatus
2949 762 3024 815 sis
3053 762 3398 832 intelligeres,
3428 780 3489 820 ac

1913 850 2212 894 creatorem
2237 856 2575 909 agnosceres,
2611 848 2916 917 relictisque
2944 853 3196 917 tenebris,
3226 859 3291 908 ad
3318 855 3487 910 lucem

1911 941 2245 986 accurreres.
2280 932 2453 1002 Atque
2484 933 2535 988 in
2570 936 2667 989 hac
2686 950 2782 1005 spe
2807 954 2973 1007 eram,
3002 941 3114 995 fore
3143 953 3198 996 ut
3226 945 3383 998 simul
3412 956 3489 999 at-

1909 1034 2014 1089 que
2052 1022 2118 1076 de
2163 1038 2223 1077 ea
2264 1023 2460 1091 aliquid
2505 1027 2787 1093 audiisses,
2836 1031 3207 1086 ardentissima
3256 1036 3484 1101 quadam

1911 1111 2201 1178 cupiditate
2225 1116 2363 1167 illam
2388 1120 2712 1185 sequereris.
2732 1120 2923 1175 Verum
2948 1136 3041 1191 spe
3064 1138 3200 1185 mea,
3227 1133 3283 1178 ut
3306 1125 3480 1187 video,

1914 1199 2074 1253 falsus
2102 1216 2243 1265 sum,
2287 1214 2345 1256 ut
2370 1206 2456 1271 qui
2480 1206 2546 1259 ad
2570 1222 2628 1260 ea
2652 1222 2769 1277 qua:
2798 1210 2935 1264 dicta
2963 1223 3087 1267 sunt
3117 1214 3291 1281 tepide
3321 1214 3479 1268 affec-

1911 1300 2021 1344 tum
2054 1301 2105 1346 te
2131 1296 2478 1363 conspiciam.
2514 1298 2642 1365 Regi
2682 1309 2857 1355 autem
2888 1318 2949 1356 ac
2984 1306 3115 1371 patri
3146 1320 3266 1359 meo
3296 1305 3341 1360 si
3368 1307 3481 1359 hazc

1909 1381 2246 1446 iudicaveris,
2293 1386 2424 1440 nihil
2464 1389 2604 1442 aliud
2653 1390 2773 1445 ltinc
2810 1395 3179 1462 consequeris,
3231 1411 3387 1465 quam
3424 1408 3481 1451 ut

1909 1470 2074 1538 ipsius
2102 1474 2334 1526 anitnum
2372 1478 2517 1529 curis
2542 1492 2604 1533 ac
2632 1483 2951 1536 mmroribus
2982 1485 3250 1538 conficias.
3288 1486 3479 1540 Verum

1907 1561 1951 1614 si
1992 1564 2219 1616 candido
2246 1579 2309 1619 ac
2345 1568 2557 1622 sincero
2587 1570 2638 1624 in
2664 1586 2785 1627 eum
2811 1575 2989 1629 animo
3009 1591 3086 1641 es,
3116 1593 3244 1632 cave
3274 1595 3339 1633 ne
3365 1579 3480 1648 ipse

1907 1664 2189 1721 antequam
2225 1660 2502 1713 commoda
2548 1664 2762 1716 occasio
2793 1679 2851 1718 se
2892 1667 3159 1732 obtulerit,
3194 1669 3479 1739 quidquam

1907 1743 2212 1815 bujusmodi
2254 1765 2319 1804 ex
2355 1760 2405 1804 te
2435 1753 2707 1809 resciscat.
2747 1756 2856 1811 Hac
2881 1760 3121 1813 oratione
3149 1762 3212 1814 ad
3243 1778 3363 1815 eum
3389 1764 3481 1815 ha-

1894 1827 2030 1893 bita,
2068 1838 2324 1901 tanquam
2356 1836 2409 1889 in
2433 1852 2630 1907 aquam
2660 1843 2933 1899 seminare
2959 1844 3262 1903 videbatur.
3290 1848 3478 1919 Neque

1841 1914 2036 1975 Benim
2069 1926 2348 1993 sapientiae
2375 1929 2441 1982 ad
2467 1931 2724 1986 stolidum
2759 1935 3000 1990 animum
3027 1938 3207 1994 aditus
3235 1914 3472 2010 unquam

1889 2014 2116 2082 patebit.

1977 2126 2242 2183 Postridie
2274 2136 2452 2182 autem
2483 2130 2720 2184 Barlaam
2751 2133 2815 2185 ad
2843 2148 2963 2188 eum
2986 2136 3262 2200 accedens,
3302 2138 3368 2190 de
3388 2138 3471 2191 di-

1901 2229 2085 2269 scessu
2126 2231 2225 2270 suo
2254 2230 2554 2272 sermonem
2597 2220 2887 2291 ingerebat.
2938 2224 3030 2281 Ille
3074 2236 3248 2280 autem
3296 2226 3365 2281 ab
3403 2242 3469 2281 eo

1902 2303 2084 2359 divelli
2113 2306 2333 2360 minime
2372 2312 2662 2373 sust'nens,
2711 2312 2890 2365 animo
2917 2316 3341 2383 excruciabatur,
3394 2318 3473 2370 la-

1901 2397 2203 2467 crymisque
2232 2404 2372 2452 totus
2400 2398 2829 2466 perfundebatur.
2860 2404 3036 2459 Senex
3064 2419 3189 2459 vero
3216 2420 3335 2460 cum
3364 2406 3474 2460 lon-

1900 2501 2024 2555 gum
2063 2487 2128 2540 ad
2158 2498 2280 2542 eam
2329 2502 2631 2544 sermonem
2682 2492 2993 2560 habuisset,
3022 2510 3252 2564 eumque
3296 2508 3354 2552 ut
3382 2499 3472 2552 [ir-

1900 2576 2172 2631 missimus
2199 2578 2251 2631 in
2301 2577 2442 2633 bono
2466 2589 2723 2647 perstaret
2755 2585 3051 2640 obtestatus
3078 2596 3239 2654 esset,
3270 2589 3474 2643 verbis-

1898 2682 2002 2735 que
2052 2667 2116 2720 ad
2165 2668 2552 2723 cohortandum
2607 2676 3019 2729 accommodatis
3070 2676 3236 2747 ipsius
3285 2689 3471 2747 pectus

1899 2757 2303 2822 conﬁrmasset,
2359 2761 2606 2826 precibus
2652 2764 2719 2816 ab
2749 2779 2814 2818 eo
2863 2769 3219 2822 contendebat
3250 2781 3306 2823 ut
3350 2770 3471 2825 laeto

1898 2855 2060 2910 atque
2084 2844 2234 2899 hilari
2257 2847 2434 2900 animo
2456 2847 2761 2904 discedendi
2788 2860 3099 2918 potestatem
3126 2857 3229 2911 sibi
3248 2857 3468 2915 faceret.

1898 2935 2033 2989 Illud
2061 2937 2221 2990 etiam
2250 2937 2602 3007 adiungebat,
2632 2954 2748 2994 eam
2787 2943 2933 2997 brevi
2965 2946 3103 3000 inter
3149 2962 3207 3000 se
3250 2949 3474 3017 conjun-

1897 3028 2128 3081 ctionem
2178 3035 2412 3081 mutuam
2464 3027 2608 3093 fore,
2640 3046 2761 3098 quae
2805 3034 3007 3088 dissidii
3052 3036 3223 3091 omnis
3271 3053 3469 3107 expers

1897 3127 2057 3171 esset.
2083 3120 2151 3171 At
2178 3119 2317 3185 regis
2345 3118 2516 3185 filius,
2555 3136 2675 3174 cum
2706 3138 2803 3178 nec
2828 3126 3022 3179 diutius
3051 3128 3165 3181 seni
3201 3131 3467 3198 negotium

238 3207 451 3277 βασιλεῖ
472 3211 595 3281 ποιή
606 3227 761 3281 σηται
782 3214 876 3265 καὶ
900 3214 1192 3284 τιμωρίαις
1211 3215 1373 3268 αὑτὸν
1395 3214 1637 3287 ὑποϐάλῃ
1670 3216 1805 3287 (81),

1904 3208 2183 3271 facessere,
2214 3225 2311 3263 nec
2340 3225 2460 3263 eum
2486 3215 2720 3280 expetito
2750 3215 2939 3270 itinere
2962 3218 3241 3283 prohibere
3266 3230 3465 3288 posset,

238 3298 385 3368 λέγει
422 3302 558 3371 πρὸς
587 3303 749 3356 αὐτόν
774 3318 787 3333 ⁸
842 3305 1106 3376 Ἐπείπερ
1132 3323 1213 3359 σοι
1245 3307 1405 3360 τοῦτο
1430 3307 1599 3373 ἔδοξε,
1625 3309 1809 3381 Πάτερ

241 3394 580 3464 πνευματικέ
606 3395 701 3448 καὶ
722 3396 1057 3452 διδασκάλων
1092 3398 1281 3468 ἄριστε
1303 3398 1399 3452 καὶ
1423 3399 1589 3454 καλοῦ
1607 3402 1809 3466 παντὸς

242 3485 362 3553 ἐμοὶ
389 3485 641 3556 πρόξενε,
671 3487 764 3540 τοῦ
788 3485 900 3557 (82)
927 3488 1251 3542 καταλιπεῖν
1285 3506 1351 3560 με
1378 3492 1445 3561 τῇ
1482 3491 1577 3543 τοῦ
1604 3493 1809 3562 κόσμου

244 3576 565 3646 ματαιότητι
626 3578 1163 3648 συναναστρέφεσθαι
1211 3579 1307 3632 καὶ
1365 3579 1426 3632 σὲ
1479 3581 1810 3652 πορευθῆναι

138 3694 147 3711 ι
239 3668 314 3728 είς
338 3668 435 3720 τὸν
460 3669 558 3737 τῆς
580 3669 957 3739 πνευματικῆς
985 3669 1343 3733 ἀναπαύσεως
1371 3670 1560 3732 τόπον,
1595 3672 1695 3725 οὐκ
1728 3670 1809 3726 ἔτι

239 3775 296 3812 σε
324 3759 579 3830 κατέχειν
609 3763 705 3815 καὶ
727 3761 1153 3833 παρεμποδίζειν
1170 3762 1373 3832 τολμῶ.
1404 3764 1595 3817 Ἀπιθι
1624 3761 1716 3819 οὖν
1742 3767 1808 3836 τῇ

236 3854 326 3907 τοῦ
351 3854 490 3907 Θεοῦ
522 3854 711 3926 εἰρήνῃ
742 3853 1167 3925 φρουρούμενος,
1192 3854 1287 3908 καὶ
1313 3855 1417 3925 τῆς
1447 3857 1586 3927 ἐμῆς
1625 3856 1810 3911 ἀθλιό-

237 3961 399 4016 τητος
459 3945 517 3997 ἐν
564 3946 685 4006 ταῖς
722 3943 933 4013 τιμίαις
978 3960 1072 3997 σου
1121 3945 1308 4015 εὐχαῖς
1344 3945 1434 3998 διὰ
1471 3946 1671 4009 παντὸς
1715 3947 1812 4016 μέ-

241 4054 414 4109 μνησο
440 4037 529 4090 διὰ
543 4036 634 4089 τὸν
663 4035 890 4106 Κύριον,
924 4036 1010 4089 ἵνα
1034 4036 1247 4108 δυνηθῶ
1274 4038 1602 4091 καταλαϐεῖν
1633 4055 1692 4091 σε
1711 4039 1808 4093 καὶ

235 4131 294 4181 τὸ
319 4129 414 4181 σὺν
440 4127 660 4199 βλέπειν
681 4128 863 4197 τίμιον
894 4128 1185 4200 πρόσωπον
1208 4129 1459 4185 πάντοτε.
1487 4132 1720 4201 Ποίησον
1744 4132 1802 4185 δέ

240 4236 335 4288 μου
383 4221 514 4289 μίαν
548 4220 798 4289 αἴτησιν·
851 4220 978 4285 καὶ,
1026 4218 1257 4291 ἐπείπερ
1296 4221 1397 4273 οὑκ
1440 4221 1712 4292 ἠθέλησας
1753 4240 1808 4279 τι

235 4310 420 4364 λαϐεῖν
452 4311 594 4381 ὑπὲρ
628 4310 738 4363 τῶν
780 4310 1136 4380 συνασκητῶν
1178 4327 1272 4363 σου
1300 4352 1314 4377 ,
1355 4311 1503 4377 δέξαι
1531 4313 1636 4366 κᾶν
1665 4315 1808 4385 ὑπὲρ

238 4403 464 4456 σεαυτοῦ
500 4401 693 4474 μικρόν
725 4420 778 4455 τι
799 4403 990 4473 χρῆμα
1024 4404 1103 4465 είς
1128 4403 1426 4474 διατροφὴν
1464 4406 1556 4458 καὶ
1591 4406 1808 4475 ἱμάτιον

236 4497 312 4558 είς
345 4496 640 4565 ἀμφίασιν.
658 4495 717 4548 Ὀ
745 4493 801 4546 δὲ
838 4495 974 4565 πρὸς
1002 4493 1164 4547 αὑτὸν
1191 4494 1555 4564 ἀπεκρίνατο’
1580 4494 1643 4548 Εἰ
1664 4496 1807 4568 ὑπὲρ

1901 3314 1964 3355 ac
1994 3309 2246 3367 praeterea
2278 3309 2519 3353 metuens
2544 3317 2609 3354 ne
2631 3302 2836 3356 Zardan
2861 3306 2949 3360 ille
2975 3323 3151 3376 regem
3184 3314 3251 3362 de
3272 3325 3336 3363 eo
3356 3324 3470 3363 cer-

1909 3392 2098 3443 tinrem
2145 3390 2373 3453 faceret,
2408 3405 2469 3443 ac
2506 3392 2779 3458 suppliciis
2815 3409 2935 3449 eum
2981 3398 3249 3462 afficeret,
3294 3398 3372 3451 his
3403 3399 3467 3451 ad

1901 3493 2022 3531 eum
2055 3479 2232 3530 verbis
2281 3493 2407 3531 usus
2454 3489 2582 3532 est:
2628 3481 3063 3552 Quandoquidem
3107 3488 3177 3540 ita
3230 3488 3318 3540 tibi
3370 3489 3467 3541 hoc

1898 3569 2079 3622 animo
2110 3569 2324 3634 insidet,
2353 3570 2638 3637 spiritualis
2670 3573 2823 3628 Pater
2851 3590 2911 3629 ac
2944 3587 3323 3645 praceptorum
3362 3594 3463 3645 op-

1900 3660 2056 3723 time.
2088 3659 2319 3727 mihique
2356 3662 2528 3713 omnis
2574 3662 2695 3716 honi
2738 3674 2951 3730 auctor,
2997 3676 3053 3720 ut
3081 3685 3165 3721 me
3203 3668 3254 3721 in
3285 3666 3467 3721 mundi

1898 3756 2133 3808 vanitate
2159 3763 2455 3808 versantem
2483 3758 2716 3821 deseras,
2745 3769 2902 3826 atque
2926 3764 2988 3814 ad
3018 3764 3303 3829 spirituaiis
3330 3763 3471 3831 quie-

1911 3846 1982 3899 tis
2028 3847 2199 3900 locum
2232 3846 2609 3913 proﬁciscaris,
2658 3861 2761 3901 non
2795 3850 2929 3902 ultra
2969 3861 3017 3903 te
3047 3853 3274 3905 retinere
3315 3864 3472 3921 atque

1912 3936 2292 4004 impedimento
2342 3936 2432 3990 tibi
2486 3953 2604 3992 esse
2643 3938 2832 3993 audeo.
2867 3942 2963 3994 Abi
3013 3942 3170 4008 igitur
3210 3943 3300 3996 Dei
3345 3959 3473 4010 pace

1910 4038 2122 4095 septus,
2153 4042 2216 4083 ac
2241 4042 2373 4082 mea:
2403 4028 2627 4082 miseria:
2662 4029 2713 4081 in
2746 4032 3014 4097 prteclaris
3053 4034 3153 4085 tuis
3182 4034 3245 4086 ad
3291 4035 3470 4088 Domi-

1910 4131 2035 4168 num
2062 4117 2303 4182 precibus
2329 4118 2635 4170 memoriam
2667 4133 2731 4171 ne
2757 4118 3096 4185 intermittas,
3129 4137 3231 4186 quo
3258 4125 3468 4178 tandem

1910 4206 1975 4259 ad
2006 4216 2055 4259 te
2084 4206 2357 4274 pervenire
2384 4222 2445 4259 ac
2474 4206 2659 4265 faciem
2691 4217 2831 4261 tuam
2862 4213 3161 4277 perspicere
3241 4227 3463 4281 queam.

1912 4294 2085 4350 Unam
2144 4306 2327 4351 autem
2382 4313 2496 4354 rem
2527 4314 2556 4352 a
2589 4310 2637 4353 te
2664 4301 2890 4369 postulo,
2924 4302 3192 4368 nimirum,
3225 4309 3302 4364 ut,
3337 4316 3469 4370 quo-

1912 4391 2047 4441 niam
2076 4403 2169 4456 pro
2199 4388 2298 4443 tuis
2327 4389 2583 4460 religiosae
2614 4391 2731 4443 vita:
2760 4393 3024 4445 sodalibus
3063 4392 3190 4445 nihil
3227 4392 3468 4459 accipere

1911 4477 2153 4541 voluisti,
2183 4478 2368 4531 saltem
2415 4493 2508 4545 pro
2550 4486 2598 4532 te
2645 4479 2888 4547 exiguum
2919 4479 3113 4547 aliquid
3147 4480 3384 4546 pecunia:
3413 4481 3466 4533 in

235 4588 339 4639 τῶν
373 4586 623 4655 ἀδελφῶν
653 4603 753 4656 μου
789 4586 891 4639 οὑκ
936 4583 1207 4656 ἐδεξάμην
1235 4602 1287 4638 τι
1318 4585 1477 4656 παρὰ
1508 4585 1602 4639 σοῦ
1647 4587 1666 4658 ί
1684 4566 1805 4641 οὑδέ

1910 4566 2099 4619 victum
2124 4580 2184 4619 ac
2213 4575 2408 4621 vestem
2433 4569 2484 4619 in
2517 4568 2879 4622 indumentum
2905 4570 3151 4636 accipias.
3178 4570 3267 4623 ille
3289 4580 3463 4624 autem

236 4679 344 4749 γὰρ
384 4679 586 4731 ἐκεῖνοι
639 4676 934 4748 χρῄζουσιν
980 4676 1339 4730 ἐπιλαϐέσθαι
1373 4678 1484 4729 τῶν
1526 4677 1670 4732 ὑλῶν
1706 4678 1803 4733 τοῦ

238 4771 441 4842 κόσμου
469 4763 544 4826 ὧν
593 4769 812 4834 ἑκόντες
844 4768 1159 4839 ἐμάκρυναν
1187 4768 1232 4839 ),
1268 4768 1385 4832 πῶς
1421 4769 1645 4842 ἐμαυτῷ
1700 4786 1800 4823 πε-

1904 4656 1970 4707 ad
1998 4671 2119 4709 eum
2146 4657 2416 4723 respondit
2442 4675 2454 4709 :
2481 4658 2609 4712 Cum
2641 4672 2733 4725 pro
2759 4660 3009 4714 fratribus
3040 4662 3172 4714 meis
3203 4662 3331 4715 nihil
3355 4676 3383 4714 a
3412 4671 3464 4713 te

1904 4745 2198 4812 acceperim
2227 4744 2421 4815 (neque
2457 4747 2599 4799 enim
2638 4746 2713 4801 illi
2751 4749 2947 4816 aliquid
2978 4765 3044 4803 ex
3083 4749 3237 4816 hujus
3280 4750 3461 4803 mundi

307 4970 421 5056 (77)
450 4970 516 5036 Α,
542 4966 880 5056 απρλιπόντα
905 4982 991 5056 σε,
1019 4964 1208 5020 Obiter
1248 4965 1534 5056 particula
1553 4965 1809 5056 restituat:

1921 4964 2210 5056 Ευφιιιιίι
2244 4962 2884 5056 βδελδεξοιέἐνθζὲξεξ,
2903 4962 3131 5056 iam"
3160 4958 3480 5056 EE?EE?..’.‘S‘

236 5030 450 5112 δράσαι,
479 5030 636 5112 ταῦθ’
670 5038 744 5112 ᾡς
791 5030 1334 5112 ἐγκατόπτροιςρτοῖς
1366 5035 1590 5112 ὀνείροις
1628 5038 1722 5112 καὶ
1769 5034 1909 5112 εἶδον
1949 5037 2044 5089 καὶ
2072 5030 2292 5090 ἔπαθον.
2325 5036 2460 5091 Cod.
2493 5034 2653 5101 2897,
2689 5035 2885 5088 παθεῖν
2916 5030 3120 5086 texat.
3158 5030 3482 5084 Rescribe"-

237 5105 359 5165 dhm
393 5120 447 5164 et
473 5110 530 5162 ἐν
553 5105 904 5177 κατόπτροις.
937 5135 1005 5147 --
1033 5105 1089 5159 Si
1122 5106 1245 5175 quis
1269 5107 1359 5177 hic
1390 5105 1701 5177 velitﬁrrok.
1726 5105 1788 5159 τέ

1936 5122 2041 5177 non
2071 5121 2333 5177 repugno.

303 5179 417 5249 (78)
447 5180 510 5244 C,
542 5178 661 5248 ἅμα
684 5173 779 5231 τοῦ
806 5179 1072 5249 '_syutax_i
1104 5173 1240 5230 bona
1266 5176 1465 5249 minus.
1496 5174 1629 5230 Vide
1653 5185 1809 5249 notati

1904 5177 1932 5230 d
1969 5173 2452 5249 Sytttipgflh'arrat.
2480 5188 2535 5242 p.
2568 5173 2691 5249 i_9_9.

297 5249 440 5331 (79),
453 5250 601 5331 Inter

703 5244 918 5301 orerbia
960 5248 1027 5301 de
1056 5245 1500 5314 impossibilihus,
1552 5260 1671 5313 quae
1724 5245 1864 5299 edidi
1898 5254 1938 5297 t.
1973 5244 2014 5308 ι,

2047 5262 2098 5314 p.
2129 5234 2288 5320 '595,
2316 5234 2498 5320 exstat
2528 5262 2550 5320 τΔ
2575 5245 2682 5320 E_i.;_
2711 5243 2862 5320 660:9
2914 5240 3181 5320 σπείρεις.
3227 5236 3347 5292 Vita
3379 5234 3482 5290 Nili

236 5313 476 5400 Junioris
505 5335 558 5387 ιι.
696 5335 709 5400 ξ
758 5315 1010 5400 Ἐὰνῇνῦν
1040 5332 1123 5368 σοι
1135 5313 1282 5400 περὶ
1306 5313 1442 5368 Θεοῦ
1470 5333 1527 5400 τι
1548 5315 1786 5400 λαλήσω,
1824 5315 1946 5400 καθ’
1972 5313 2164 5397 ὓδατος
2189 5316 2385 5400 γράφω
2415 5316 2510 5395 καὶ
2536 5313 3172 5400 [θάλασσανοσπερῶ.

304 5388 417 5462 (80)
449 5377 522 5465 Δί
545 5388 728 5465 πολλᾴ⁸
747 5403 829 5441 τε.
852 5377 1277 5465 “Permuta‘bilés
1308 5396 1436 5439 sunt
1474 5386 1586 5465 illae-
1605 5377 1807 5465 vocula:

1904 5377 2155 5465 horici-us
2194 5377 2583 5465 Villdisonﬁimp;
2610 5384 2679 5437 62
2710 5403 2722 5438 :
2754 5384 2865 5453 Τῆς
2898 5377 3083 5465 αὑτῆςξ
3115 5381 3262 5465 ἐστιν
3304 5377 3480 5465 5.630}-

241 5448 367 5530 μίας
390 5448 657 5535 ¹ἷῖυράννου
772 5457 941 5535 παῖδα
971 5455 1192 5535 καὶ-τον
1224 5452 1430 5535 ἔχοντα.
1462 5455 1637 5535 ἀρχὴν
1681 5455 2205 5535 ἀποκτεῖναικΒειιο
2236 5455 2404 5535 codex
2436 5448 2583 5535 2967
2611 5470 2735 5535 “cup.
2766 5448 2985 5535 “rs-'75...
3026 5448 3124 5535 τὴν
3156 5451 3281 5535 ςιρχ.
3316 5448 3475 5535 athe;-

239 5517 384 5605 ξιωιξε
417 5517 597 5605 xiv,_2
628 5529 1044 5605 ελᾼκροᾲμίατα
1070 5517 1330 5605 ἑκάστοτε
1352 5517 1809 5605 ξιριφόρἀέπειεά

1904 5524 2109 5605 ,ημέτι
2134 5541 2195 5577 τε
2234 5526 2330 5605 καὶ
2369 5517 2783 5605 γελωτοπριρύς.
2821 5521 2993 5605 Σειίῃι
3043 5517 3209 5605 suae
3234 5517 3480 5605 καίῖξίιῖῖ

237 5600 439 5675 hanius
458 5590 622 5675 epist.
648 5596 719 5653 25
746 5590 1102 5675 ςξἯσθην-τε
1134 5596 1210 5675 τῷ
1234 5613 1295 5675 τε
1318 5597 1428 5675 υἱεῖ
1451 5590 1547 5649 καὶ
1587 5595 1663 5675 τῷ
1688 5595 1809 5675 κηδι

1904 5599 1945 5666 ᾗ.
1980 5590 2587 5675 Eelius‘codcgﬁow,‘
2603 5594 2776 5675 ἣσθην
2910 5590 3483 5675 1(1):.exltihet‘etiam

240 5658 702 5743 utiiescholi‘utn‘:
838 5668 936 5743 μὲν
962 5658 1077 5743 ὑίδς
1100 5658 1193 5720 toi}
1235 5667 1496 5743 ’A_ata_txiou
1518 5658 1709 5743 τούτου
1733 5658 1809 5743 ἑλέ

1904 5658 2255 5743 Ξο,Τιτι.ανὺς,
2285 5666 2315 5715 6
2351 5663 2405 5716 δὲ
2435 5658 2685 5743 γαμϐρὸς
2725 5658 3154 5743 ἱςυλίκιοςίἱιιιρ
3191 5658 3482 5743 μαλίκιρς.

307 5739 415 5809 (8|)
459 5741 526 5801 A,
551 5730 1120 5809 ὑποϐᾳλείξιέὶὺθιιίυε
1152 5753 1238 5805 ep.
1269 5737 1367 5791 561
1406 5755 1422 5790 :
1458 5736 1567 5809 Kal
1594 5730 2115 5809 σεγρᾲφομαικαῗ
2139 5730 2536 5809 ἄμφω-,τοῦτο
2574 5730 2691 5809 μέν,
2726 5733 2908 5809 stipi};
2930 5730 3300 5803 ἐπιλελῆσθαι,
3331 5730 3485 5781 τοῦτο

457 5808 825 5888 μεμνημένος,
864 5803 938 5874 ὢν
963 5809 1063 5862 οὑκ
1095 5803 1451 5878 ἀμνημονεῖς,
1492 5803 1735 5881 ἁμελῇςλ
1764 5803 1809 5861 in

1904 5805 2144 5876 ἀμελεῖς,
2180 5803 2322 5873 quod
2356 5806 2517 5860 habet
2544 5805 2710 5860 codex
2741 5804 2899 5860 5055.

313 5877 424 5949 (82)
452 5877 494 5935 (λ
517 5877 779 5937 annos.
