4042 6484
521 496 651 560 1051

1956 484 2332 546 ADDENDA.

3631 494 3779 556 105:2

518 598 695 657 rebus,
718 609 746 648 a
768 594 956 663 quibus
978 599 1116 646 ultro
1142 606 1259 647 sese
1290 596 1649 655 removerunt,
1677 589 1919 655 accipere
1939 600 2073 654 opus

2195 595 2555 664 ριποιήσομαι
2580 594 2721 664 ὅπερ
2752 592 2982 656 ἐκείνοις
3011 593 3367 663 ἀπηγόρευσα
3392 608 3407 657 ;
3446 591 3509 643 El
3534 590 3632 661 μὲν
3658 591 3780 661 γὰρ

520 685 769 752 habent),
810 700 1038 752 quonam
1082 684 1289 736 tandem
1323 692 1473 750 pacto
1514 679 1646 734 mihi
1686 679 1738 733 id
1768 680 2069 748 acquiram,

516 772 656 839 quod
702 773 829 841 ipsis
884 772 1167 826 interdixi?
1197 771 1324 824 Nam
1353 772 1395 824 si
1430 771 1766 836 pecuniarum
1806 768 2074 837 possessio

518 862 649 914 bona
692 870 871 926 esset,
912 861 1014 914 illis
1068 870 1213 914 certe
1250 871 1371 913 ante
1420 876 1503 913 me
1546 875 1636 915 eas
1676 858 2069 928 impertiissem.

516 952 772 1017 Quoniam
800 963 975 1007 autem
1013 951 1287 1007 exitiosam
1318 967 1498 1005 earum
1528 951 1914 1019 possessionem
1957 965 2079 1006 esse

521 1042 652 1106 scio,
678 1048 781 1097 nec
805 1042 957 1109 illos,
999 1056 1097 1098 nec
1122 1058 1205 1096 me
1232 1041 1360 1096 item
1401 1041 1700 1112 hujusmodi
1742 1041 1944 1108 laqueis
1977 1042 2079 1096 im-

524 1132 713 1199 plicato
742 1132 782 1185 ί.

588 1220 720 1277 Cum
749 1225 906 1293 igitur
934 1239 1002 1278 ne
1032 1223 1129 1277 hoc
1157 1238 1363 1293 quoque
1398 1224 1495 1292 ipsi
1526 1224 1842 1292 persuadere
1872 1225 2076 1294 potuis-

518 1322 621 1379 set,
650 1315 714 1368 ad
741 1315 960 1370 alteram
992 1316 1296 1383 petitionem
1329 1330 1534 1369 rursum
1561 1329 1620 1369 se
1644 1317 1925 1382 convertit,
1953 1331 2077 1385 sup-

520 1405 741 1473 plexque
767 1405 832 1459 ab
861 1420 924 1459 eo
957 1405 1106 1473 petiit
1132 1419 1198 1459 ne
1235 1420 1417 1473 preces
1443 1418 1567 1458 suas
1601 1405 1818 1459 omnino
1849 1406 2080 1474 neglige-

520 1504 620 1557 ret,
656 1510 752 1547 nec
780 1509 838 1548 se
865 1494 1007 1548 omni
1039 1494 1299 1548 maestitiae
1326 1509 1519 1564 genere
1544 1494 1870 1563 proﬂigaret,
1897 1510 2076 1551 terum

520 1594 575 1636 nt
596 1583 840 1638 detritum
870 1585 997 1639 illud
1024 1595 1077 1639 et
1106 1599 1372 1653 asperum,
1396 1599 1460 1640 ac
1485 1595 1748 1641 vetustate
1777 1586 2077 1644 confectum

519 1676 731 1744 pallium
758 1678 887 1747 (tum
919 1678 984 1730 ad
1016 1677 1275 1746 religiosa:
1308 1679 1542 1747 magistri
1567 1682 1647 1733 sui
1676 1680 1797 1734 vitae
1826 1682 2079 1735 refricab-

518 1767 639 1822 dam
672 1771 1009 1834 memoriam,
1044 1780 1154 1824 tum
1183 1772 1246 1823 ad
1279 1774 1579 1838 praesidium
1611 1773 1865 1828 adversus
1892 1788 2079 1828 omnes

518 1858 728 1913 Satanae
757 1858 985 1929 amatus)
1011 1859 1109 1913 sibi
1149 1860 1505 1928 relinqueret,
1550 1870 1711 1930 atque
1748 1863 1862 1931 ipse
1890 1877 1985 1931 pro
2014 1878 2078 1917 eo

2194 686 2362 738 καλὸν
2388 682 2456 756 ἦν
2499 687 2533 755 ἡ
2566 685 2677 738 τῶν
2706 684 3010 755 χρημάτων
3040 684 3256 753 κτῆσις,
3292 682 3527 744 ἐκείνοις
3554 682 3623 735 ἂν
3658 685 3778 755 πρδ

2191 776 2328 847 ἐμοῦ
2350 777 2559 830 τούτων
2589 776 2873 846 μετέδωκα
2890 791 2907 810 ο
2943 778 3069 829 ἐπεὶ
3093 775 3151 828 δὲ
3171 774 3422 843 ὀλεθρίαν
3453 774 3555 837 τὴν
3582 772 3777 826 αὐτῶν

2192 868 2495 938 ἐπίσταμαι
2528 868 2745 938 κτῆσιν,
2779 866 2903 921 οὔτε
2930 867 3193 932 ἐκείνους,
3227 865 3353 919 οὔτε
3386 864 3494 935 μὴν
3518 864 3771 935 ἐμαυτὸν

2189 960 2301 1022 τοῖς
2332 958 2594 1023 τοιούτοις
2624 957 2879 1012 ὑποϐαλώ
2906 958 3140 1029 βρόχοις.

2271 1222 2361 1287 Ὠς
2386 1221 2442 1275 δὲ
2471 1221 2568 1276 καὶ
2612 1222 2673 1276 ἐν
2713 1221 2892 1292 τούτῳ
2928 1219 3137 1273 πείθειν
3184 1218 3287 1273 οὐκ
3316 1212 3430 1289 εἶχε
3458 1256 3475 1282 ,
3504 1218 3776 1290 δευτέρας

2191 1312 2476 1383 ἱκετηρίας
2517 1311 2664 1384 ἀρχὴ
2716 1311 2828 1382 (85)
2852 1350 2868 1375 ,
2916 1310 3012 1364 καὶ
3047 1309 3302 1380 δευτέραν
3343 1307 3509 1361 πάλιν
3546 1308 3776 1376 αἴτησιν

2190 1407 2453 1468 ποιεῖται,
2500 1403 2659 1474 185
2701 1401 2775 1473 μὴ
2808 1402 2986 1471 πάντη
3026 1399 3191 1453 αὑτοῦ
3222 1400 3474 1471 παριδεῖν
3507 1399 3608 1461 τὰς
3637 1397 3775 1467 δεή-

2190 1515 2325 1562 σεις,
2359 1496 2494 1566 μηδὲ
2524 1497 2707 1549 πᾶσαν
2738 1493 2890 1564 αὐτῷ
2917 1491 3184 1563 καταχέαι
3211 1491 3308 1563 τὴν
3335 1492 3600 1561 ἀθυμίαν,
3628 1491 3776 1542 ἀλλὰ

2190 1587 2511 1641 καταλιπεῖν
2554 1586 2703 1656 αὐτῷ
2751 1589 2814 1639 τὸ
2860 1583 3267 1656 ἐρῤικνωμένον
3327 1584 3546 1651 ἱμάτιον
3586 1585 3775 1635 ἐκεῖνο

2189 1680 2283 1733 καὶ
2331 1678 2505 1749 τραχὺ
2541 1676 2767 1731 παλλίον
2813 1675 2926 1747 (84)
2948 1716 2965 1741 ,
2999 1676 3116 1747 ἅμα
3149 1675 3248 1745 μὲν
3281 1675 3359 1737 είς
3403 1675 3629 1744 μνήμην
3665 1673 3772 1741 τῆς

2191 1769 2288 1824 τοῦ
2328 1767 2654 1823 διδασκάλου
2687 1768 3007 1838 ἀσκήσεως,
3041 1767 3156 1836 ἅμα
3184 1766 3243 1819 δὲ
3274 1767 3355 1828 είς
3396 1764 3772 1833 φυλακτήριον

2188 1857 2339 1928 αὐτῷ
2380 1857 2488 1911 ἀπὸ
2533 1857 2716 1926 πάσης
2775 1855 3068 1925 σατανικῆς
3118 1854 3419 1926 ἐνεργείας.
3471 1853 3659 1905 λαϐεῖν
3709 1853 3771 1905 δέ

518 1948 660 2002 aliud
700 1949 959 2016 acciperet
987 1966 1000 2002 :
1033 1965 1135 2018 quo
1165 1951 1396 2016 scilicet,
1439 1952 1638 2018 inquit,
1689 1953 1743 2007 id
1770 1952 1910 2019 quod
1938 1969 1967 2007 a
1994 1969 2078 2009 me

2186 1948 2316 2019 παρ’
2337 1945 2502 1999 αὐτοῦ
2524 1946 2712 2019 ἕτερον
2737 1947 2853 2000 ἀντ’
2874 1945 3080 1999 ἐκείνου
3104 1962 3119 1976 '
3143 1946 3219 2008 ὼς
3247 1945 3335 2008 ἂν,
3359 1944 3422 1997 τὸ
3449 1945 3577 2013 παρ’
3603 1943 3766 2012 ἐμοῦ,

520 2036 694 2090 datum
728 2037 882 2091 fuerit
902 2078 918 2102 ,
966 2040 1288 2109 perspiciens
1308 2082 1323 2108 ,
1355 2040 1665 2097 humilitatis
1711 2059 1843 2099 me:e
1871 2058 2074 2099 memo-

519 2129 646 2182 tiam
678 2129 925 2183 retineas.

587 2221 673 2273 Ait
692 2229 865 2273 autem
887 2235 1049 2275 scnex
1074 2238 1087 2273 :
1118 2219 1275 2275 Vetus
1297 2237 1471 2276 meum
1499 2236 1559 2277 ac
1584 2222 1834 2277 detritum
1859 2224 2075 2290 pallium

519 2309 611 2363 tibi
639 2310 779 2364 dono
809 2310 969 2375 dare,
1015 2311 1263 2382 aliudque
1293 2327 1483 2366 novum
1534 2314 1897 2369 indumentum
1928 2315 2073 2369 acci-

519 2413 663 2467 pere,
693 2399 818 2454 mihi
847 2416 948 2454 non
972 2402 1113 2467 licet,
1134 2418 1201 2457 ne
1226 2403 1400 2471 exigui
1431 2405 1533 2457 mei
1558 2404 1754 2459 laboris
1774 2406 2074 2460 mercedem

520 2488 603 2543 hic
630 2490 894 2559 recepisse
922 2492 1095 2546 divina
1130 2494 1389 2547 sententia
1421 2494 1743 2560 pronuntiet.
1789 2497 2073 2563 Caeterum,

519 2596 584 2636 ne
614 2590 753 2635 tuam
781 2583 939 2637 animi
965 2583 1289 2639 alacritatem
1331 2582 1635 2650 retundam,
1660 2598 1888 2655 vetusta,
1922 2604 2019 2644 nec
2048 2605 2079 2644 a

519 2672 651 2725 meis
672 2672 952 2743 quidquam
981 2673 1211 2738 diversa.
1235 2691 1295 2730 ea
1324 2675 1632 2731 indumenta
1661 2679 1787 2743 sint,
1810 2696 1926 2748 quzc
1948 2681 2080 2736 mihi

519 2764 613 2818 abs
641 2774 693 2820 te
722 2767 1074 2837 porrigentur.
1109 2768 1265 2837 [legis
1293 2771 1471 2839 itaque
1503 2770 1662 2836 ﬁlius,
1690 2786 1812 2826 cum
1859 2789 2079 2837 asperos

519 2854 770 2920 quosdam
826 2871 888 2909 ac
938 2867 1173 2911 vetustos
1225 2874 1425 2925 pannos
1472 2862 1837 2928 quaesivisset,
1883 2878 2080 2932 eosque

520 2942 634 2996 seni
665 2943 912 3012 dedisset,
948 2946 1111 3012 ipsius
1143 2957 1287 3001 veste
1316 2948 1537 3002 invicem
1568 2961 1806 3017 accepta,
1837 2966 2076 3019 magnam

523 3032 644 3087 inde
669 3033 902 3088 laetitiam
933 3039 1192 3106 concepit,
1224 3041 1407 3107 quavis
1453 3056 1680 3109 purpura
1711 3057 1773 3097 ac
1802 3045 1947 3112 regio
1986 3059 2077 3098 or-

522 3132 769 3177 namento
794 3125 925 3179 citra
946 3142 1155 3183 onmem
1180 3133 1628 3200 comparationem
1654 3137 2076 3203 praestantiorem

520 3225 637 3266 eam
670 3213 1014 3271 existimans.-

593 3303 959 3359 Divinissimus
978 3316 1149 3360 autem
1176 3308 1414 3364 Barlaam
1440 3311 1549 3379 jam
1572 3313 1786 3382 jamque
1807 3317 2079 3375 discedere
2108 3311 2154 3371 (Ξ

520 3394 735 3459 cupiens
754 3434 770 3458 ,
810 3409 867 3449 ea
896 3411 1012 3465 quat
1042 3398 1106 3450 ad
1136 3399 1427 3455 discessum
1459 3406 1793 3470 pertinebant
1829 3409 2080 3477 loqueba-

521 3491 631 3548 tur,
680 3496 1101 3554 postremamque
1148 3488 1283 3543 hanc
1330 3491 1430 3559 ipsi
1470 3493 1763 3549 doctrinam
1813 3498 2075 3554 adhibuit.

519 3574 836 3630 Charissime
868 3577 1060 3644 frater,
1100 3580 1301 3648 inquit,
1334 3598 1395 3635 ac
1421 3587 1736 3643 suavissime
1779 3590 1884 3654 ﬁli,
1918 3607 2076 3657 quem

518 3679 616 3732 ego
646 3681 737 3733 per
761 3667 1097 3736 Evangelium
1125 3674 1278 3737 genui
1312 3672 1361 3743 (I
1394 3673 1511 3728 Cor.
1545 3677 1650 3744 tv),
1699 3679 1804 3732 scis
1832 3682 1914 3733 cui
1945 3681 2073 3749 [legi

520 3771 709 3809 nomen
752 3756 977 3824 dedisti,
1023 3769 1077 3811 et
1126 3774 1244 3813 cum
1289 3777 1391 3829 quo
1430 3774 1582 3831 pacta
1628 3766 1845 3821 inivisti.
1896 3770 2074 3834 Quare

520 3846 668 3897 lirtna
692 3862 751 3900 ea
774 3862 953 3901 serves
977 3864 1193 3903 necesse
1217 3861 1317 3916 est,
1346 3862 1503 3922 atque
1531 3858 1706 3911 omnia
1732 3859 1931 3915 militia:
1956 3878 2074 3915 mu-

520 3937 626 3998 nia,
648 3952 765 4005 quaa
798 3938 848 3991 in
881 3938 1174 4005 huiusmodi
1202 3953 1473 4010 pactorum
1504 3946 1704 4013 charta,
1732 3962 1991 4016 praesente
2011 3969 2073 4007 ac

519 4032 779 4090 testante,
830 4037 986 4095 atque
1020 4028 1179 4082 etiam
1228 4042 1379 4098 pacta
1418 4033 1527 4101 ipsa
1559 4036 1748 4091 litteris
1792 4042 2073 4097 mandante

520 4116 766 4168 universo
791 4117 993 4170 caelesti
1036 4120 1304 4187 exercitu,
1339 4125 1659 4193 promisisti,
1692 4128 1853 4184 alacri
1896 4135 2075 4189 animo

516 4206 842 4272 exsequaris.
881 4206 1007 4272 Qua.-
1037 4208 1246 4274 quidem
1281 4211 1325 4264 si
1359 4214 1701 4278 praestiteris.
1732 4221 1916 4275 beatus
1945 4226 2070 4277 eris.

517 4293 773 4357 Quocirca
805 4295 892 4349 tibi
938 4299 1314 4364 providendum
1347 4312 1430 4357 est
1478 4319 1544 4359 ne
1573 4307 1696 4373 quid
1734 4315 2071 4375 prreseutium

520 4401 691 4438 rerum
720 4385 858 4449 Deo,
890 4387 1156 4456 ipsiusque
1204 4391 1354 4446 bonis
1395 4403 1707 4463 anteponas.
1753 4402 1888 4467 Quid
1930 4407 2071 4459 enim

517 4494 695 4531 rerum
740 4482 1074 4546 praisentium
1125 4491 1325 4536 tantum
1374 4489 1593 4541 terroris
1635 4490 1823 4547 all'erre
1863 4504 2069 4563 potest,

517 4578 768 4633 quantum
802 4570 935 4636 ignis
960 4571 1142 4623 aeterni
1173 4574 1454 4638 cruciatus,
1486 4577 1573 4644 qui
1602 4577 1671 4631 ita
1698 4580 1869 4645 ardet,
1898 4592 1957 4636 ut
1985 4587 2072 4639 iu-

2187 2038 2341 2109 φησὶ,
2373 2038 2523 2092 δοθὲν
2557 2037 2723 2109 δρῶν,
2772 2036 2869 2108 τὴν
2901 2037 3041 2107 ἐμὴν
3072 2036 3164 2089 ἐπὶ
3204 2036 3426 2106 μνήμης
3460 2034 3638 2106 φέρῃς
3666 2050 3768 2087 τα-

2186 2130 2499 2201 στεινότητα.

2268 2223 2326 2275 '0
2356 2223 2413 2275 δὲ
2452 2220 2632 2293 γέρων
2660 2221 2763 2292 ἔφη
2788 2236 2802 2250 ⁸
2838 2220 2912 2274 Τὸ
2948 2219 3048 2290 μὲν
3078 2218 3309 2273 παλαιὸν
3342 2220 3437 2273 καὶ
3466 2216 3767 2289 διερρωγὸς

2185 2312 2369 2369 δοῦναί
2403 2331 2485 2367 σοι
2538 2317 2630 2367 καὶ
2659 2312 2844 2366 λαϐεῖν
2877 2312 3064 2366 καινὸν
3096 2311 3297 2382 ἔνδυμα
3320 2352 3336 2376 ,
3367 2312 3429 2364 οὐ
3460 2310 3646 2380 θέμις,
3678 2310 3764 2361 ῖνα

2190 2404 2264 2475 μὴ
2297 2405 2391 2457 τοῦ
2430 2405 2629 2476 μικροῦ
2670 2405 2841 2458 κόπου
2876 2421 2977 2475 μου
3009 2404 3108 2475 τὴν
3141 2402 3379 2474 ἀμοιϐὴν
3407 2402 3596 2455 ἐνθάδε
3625 2402 3761 2454 ἀπο-

2187 2496 2370 2550 λαϐεῖν
2406 2497 2755 2569 κατακριθῶ·
2795 2497 2884 2550 ἵνα
2930 2497 2989 2550 δέ
3035 2513 3130 2549 σου
3178 2496 3278 2565 τὴν
3315 2493 3633 2565 προθυμίαν
3686 2491 3759 2562 μὴ

2186 2588 2406 2658 ἐγκὸψω
2435 2627 2451 2651 ,
2483 2588 2689 2641 παλαιὰ
2741 2590 2837 2643 καὶ
2887 2588 3054 2659 μηδὲν
3103 2586 3212 2640 τῶν
3251 2585 3401 2656 ἐμῶν
3434 2585 3760 2655 διαφέροντα

2187 2677 2430 2731 ἔστωσαν
2450 2678 2519 2730 τὰ
2545 2677 2800 2747 διδόμενά
2828 2694 2917 2747 μοι
2943 2676 3095 2748 παρὰ
3124 2676 3239 2729 σοῦ.
3266 2676 3519 2746 Ζητήσας
3543 2674 3601 2727 δὲ
3623 2675 3655 2725 ὁ
3673 2673 3765 2725 τοῦ

2189 2771 2453 2843 βασιλέως
2484 2769 2599 2833 υἱὸς
2626 2769 2842 2840 τρίχινα
2872 2770 3014 2839 ῥάκη
3046 2767 3272 2831 παλαιὰ,
3301 2766 3397 2821 καὶ
3430 2765 3606 2820 ταῦτα
3641 2765 3765 2827 δοὺς

2185 2864 2264 2933 τῷ
2295 2863 2509 2932 γέροντι
2534 2903 2549 2928 ,
2579 2861 2647 2913 τὰ
2686 2860 2896 2913 ἐκείνου
2930 2860 3111 2913 λαϐὼν
3132 2859 3322 2930 ἔχαιρε
3351 2898 3368 2924 ,
3414 2858 3599 2927 πάσης
3628 2873 3763 2926 πορ-

2186 2954 2368 3025 φύρας
2412 2952 2507 3005 καὶ
2557 2952 2842 3021 βασιλικῆς
2887 2950 3205 3021 ἁλουργίδος
3242 2947 3551 3022 τιμιώτερα
3591 2948 3765 3002 ταῦτα

2186 3044 2537 3116 ἀσυγκρίτως
2576 3044 2687 3116 (85)
2716 3041 3041 3119 ἡγρύμενος.

2268 3312 2326 3365 '0
2379 3312 2437 3365 δὲ
2496 3311 2769 3374 θειότατος
2804 3308 3105 3381 Βαρλαὰμ,
3144 3308 3368 3363 ἀπιέναι
3427 3309 3556 3362 ὅσον
3614 3306 3767 3361 οὔπω

2192 3403 2535 3474 βουλόμενος,
2566 3402 2634 3455 τὰ
2659 3403 2758 3472 τῆς
2789 3401 3055 3472 ἐκδημίας
3084 3400 3301 3470 ὡμίλει,
3328 3402 3421 3454 καὶ
3446 3400 3764 3454 τελευταίαν

2189 3495 2339 3565 αὐτῷ
2364 3493 2714 3547 διδασκαλίαν
2754 3496 3032 3564 προσῆγεν
3059 3507 3073 3522 °
3118 3492 3358 3561 Ἀδελφέ,
3395 3492 3597 3559 λέγων,
3628 3493 3761 3560 ἠγα-

2186 3588 2399 3659 πημένε
2426 3587 2521 3640 καὶ
2547 3586 2734 3639 τέκνον
2764 3584 3123 3653 γλυκύτατον,
3152 3583 3179 3635 ὃ
3198 3582 3287 3635 διὰ
3302 3582 3395 3635 τοῦ
3426 3582 3762 3649 Εὑαγγελίου

2185 3682 2452 3751 ἐγέννησα
2503 3678 2635 3749 (86),
2667 3675 2813 3740 οἶδας
2848 3678 2954 3730 τίνι
2994 3675 3363 3747 ἐστρατεύθης
3428 3675 3649 3745 βασιλεῖ
3674 3675 3762 3727 καὶ

2186 3773 2320 3844 πρὸς
2351 3772 2473 3825 τίνα
2502 3772 2602 3833 τὰς
2624 3769 2913 3840 ὁμολογίας
2940 3786 3035 3823 σου
3062 3768 3261 3822 διέθου.
3298 3770 3390 3820 Δεῖ
3418 3763 3514 3820 οὖν
3540 3768 3759 3835 βεϐαίας

2182 3866 2384 3929 ταύτας
2415 3863 2690 3934 φυλάξαι,
2730 3862 2926 3915 καὶτὰ
2975 3863 3073 3931 τῆς
3123 3860 3413 3931 στρατείας
3461 3859 3761 3931 προθύμως

2183 3956 2420 4019 τελέσαι,
2473 3956 2574 4008 ὅσα
2628 3953 2866 4022 ὑπέσχου
2907 3953 2965 4003 ἐν
3010 3950 3087 4021 τῷ
3123 3950 3223 4020 τῆς
3270 3948 3566 4020 ὁμολογίας
3606 3949 3763 4018 186

2184 4046 2359 4116 χάρτῃ
2398 4044 2477 4114 τῷ
2509 4045 2726 4097 πάντων
2769 4041 3035 4112 Δεσπὸτῃ,
3090 4040 3273 4108 πάσης
3328 4038 3620 4109 παρούσης
3668 4040 3759 4107 τῆς

2184 4135 2512 4206 ἐπουρανίου
2552 4134 2812 4203 στρατιᾶς
2844 4132 2939 4186 καὶ
2982 4129 3516 4201 συμμαρτυροὺσης,
3553 4132 3675 4199 ἅμα
3709 4129 3760 4182 δὲ

2183 4228 2280 4281 καὶ
2316 4225 2785 4298 ἁπογραφομένης
2830 4222 2899 4276 τὰ
2952 4222 3397 4293 ὁμολογηθέντα,
3452 4223 3618 4277 ἅτινα
3662 4239 3760 4290 φυ-

2183 4321 2394 4373 λάττων
2451 4320 2721 4390 μακάριος
2755 4316 2875 4386 ἔσῃ.
2934 4314 3119 4383 Μηδὲν
3174 4309 3268 4367 οὖν
3311 4313 3421 4366 τῶν
3472 4314 3760 4383 παρόντων

2180 4413 2318 4465 Θεοῦ
2348 4413 2441 4464 καὶ
2472 4412 2580 4463 τῶν
2625 4407 2793 4462 αὑτοῦ
2825 4406 3125 4478 προκρίνῃς
3154 4404 3397 4474 ἀγαθῶν.
3431 4404 3498 4457 Τί
3555 4406 3665 4475 γὰρ
3695 4406 3760 4457 ἂν

2180 4504 2322 4556 οῦτω
2358 4501 2586 4572 φοϐερὸν
2621 4501 2707 4569 εἴη
2758 4498 2869 4552 τῶν
2908 4497 3210 4567 παρόντων,
3246 4497 3323 4560 ὡς
3351 4497 3550 4564 γέεννα
3592 4496 3759 4566 πυρὸς

2181 4596 2425 4658 αἰωνίου,
2458 4595 2593 4665 μήτε
2628 4593 2720 4647 τοῦ
2758 4592 3005 4654 καίοντος
3036 4591 3172 4653 ὅλως
3211 4588 3330 4659 φῶς
3363 4589 3585 4659 ἔχοντος
3619 4589 3755 4659 (87),

521 4666 671 4713 terim
699 4664 829 4715 lucis
854 4663 1027 4716 omnis
1065 4677 1253 4735 expers
1281 4667 1379 4730 sit,
1421 4682 1519 4723 nec
1546 4685 1774 4739 unquam
1817 4678 2070 4731 exnrendi

2194 4690 2330 4759 μήτε
2370 4663 2467 4739 τοῦ
2513 4663 2830 4750 κολάζοντός
2879 4701 3011 4737 ποτε
3056 4683 3351 4754 λήγοντος;
3402 4680 3458 4733 τί
3506 4681 3566 4735 δὲ
3599 4680 3756 4733 πάλιν

578 4852 690 4923 (85)
728 4851 903 4907 Verba
934 4852 1081 4905 δευτ.
1108 4851 1182 4903 ίκ.
1218 4849 1384 4923 ἀρχή,
1410 4848 1607 4923 quibus
1640 4848 1885 4923 caretC,‘
1906 4848 2078 4923 lcmtn:

2186 4858 2257 4900 ise
2304 4842 2571 4914 suspicor.
2615 4841 2681 4897 Et
2708 4841 2763 4897 in
2790 4841 2834 4896 A
2882 4840 3026 4897 inter
3055 4838 3201 4911 ἀρχὴ
3230 4846 3286 4895 et
3318 4839 3412 4892 καὶ
3443 4838 3594 4893 δευτ.
3639 4837 3752 4892 fue-

505 4918 632 4977 runt
660 4918 813 4976 erasa
885 4924 997 4974 Iura
1029 4918 1321 4986 vocabula;
1350 4918 1501 4988 quod
1540 4928 1699 4988 anget
1736 4918 2123 4986 suspicionem.

578 4992 691 5044 (84)
722 4938 878 5044 (Ionii
920 5006 1039 5044 nae.
1078 4989 1200 5044 156.
1236 4999 1347 5044 not.
1386 4989 1473 5042 85.

863 5031 875 5043 -
920 5006 1019 5061 P38

578 4992 691 5065 (δι)
722 4994 831 5065 «gon

574 5055 687 5130 (85)
725 5062 881 5116 Conf.
920 5055 964 5116 Ῑ..
991 5055 1095 5123 ἸΙΙ,
1135 5076 1223 5129 pp.
1259 5059 1450 5130 1,7475
1480 5076 1495 5125 ;
1532 5068 1589 5115 et
1618 5072 1781 5130 supra
1812 5072 1863 5126 p.
1896 5055 2018 5130 1ξ58.

1026 5033 1039 5046 .
1078 4989 1200 5053 156,
1236 4999 1347 5045 nol.
1386 4989 1473 5042 85.

572 5119 684 5203 (se)
711 5131 923 5203 ιΕιιίςι,
959 5131 1025 5185 ad
1055 5119 1184 5203 tio}:
1218 5119 1384 5203 uirgis
1417 5146 1431 5182 :
1482 5119 1576 5182 Ἕν
1603 5119 1711 5203 γάῥ
1740 5119 1962 5203 Χριστψ
1997 5127 2078 5203 ίιη

2201 5124 2290 5203 διὰ
2313 5123 2411 5203 τοῦ
2440 5122 2776 5203 Εῦαγγελίου
2798 5122 2909 5191 ἐγὼ
2934 5121 2973 5203 ,ὖ
2982 5122 3089 5193 μᾶς
3109 5119 3396 5190 ἐγέννησα.

574 5190 686 5276 (87)
844 5201 985 5255 infra
1019 5198 1192 5276 πυρὸς
1229 5199 1497 5276 ἀσϐέστου
1536 5190 1630 5252 καί
1659 5190 1957 5276 σκοτεινοῦ.
1988 5190 2078 5261 ριιῖ

2194 5204 2211 5248 t
2236 5190 2689 5276 hujus-opinionis
2716 5190 2906 5276 auctor
2933 5190 3147 5276 ignoro,
3180 5207 3280 5274 nec
3310 5190 3471 5276 anxie
3490 5204 3750 5273 quaeram.

506 5261 696 5328 Sei‘ius
730 5271 999 5325 Thomam
1056 5261 1383 5339 Aquinatem
1416 5272 1486 5322 ita
1529 5270 1766 5323 sensisse
1801 5267 1950 5339 disco
1982 5280 2047 5339 ex
2094 5261 2469 5339 Pinamontii,'
2496 5262 2613 5339 Itali
2664 5263 2916 5339 loyolitge,
2941 5261 3208 5339 libro_cui
3254 5261 3415 5339 inde;
3446 5271 3530 5315 est
3568 5262 3752 5339 in__an-

504 5346 640 5412 glica
677 5343 923 5397 versione
955 5355 1062 5409 qua
1083 5329 1258 5412 utor:
1303 5356 1322 5389 ι
1359 5339 1474 5393 Hell
1508 5339 1715 5412 opened
1753 5346 1803 5389 to
1837 5337 2145 5412 christians.
2191 5329 2633 5412 nﬂlntlepaucula
2659 5329 2962 5412 describam
2988 5348 3001 5384 :
3032 5349 3053 5412 ι
3081 5331 3175 5412 '_l‘is
3201 5340 3322 5412 true
3358 5331 3509 5384 there
3549 5330 3661 5383 will
3692 5329 3752 5381 bc

502 5401 620 5477 iire,
647 5414 741 5465 but
768 5401 1007 5480 depriv‘d
1036 5409 1096 5463 of
1120 5409 1284 5477 light;
1320 5419 1409 5480 yet
1442 5424 1501 5463 so
1536 5401 1650 5480 t'hat
1679 5409 1776 5480 the
1808 5421 1933 5480 eyes
1969 5406 2110 5480 shall
2136 5403 2304 5480 suffer
2340 5401 2471 5480 \yith
2507 5404 2595 5459 the
2628 5403 2773 5473 sight
2804 5403 2865 5480 of
2900 5411 3050 5480 .most
3074 5401 3323 5480 horrible
3364 5414 3749 5480 appearances,

498 5470 717 5551 aud'yet
751 5470 999 5551 deliarr‘d
1022 5480 1083 5551 of
1104 5470 1221 5551 that
1244 5470 1497 5543 c’ot'nfort,
1528 5479 1735 5551 which,
1765 5470 1940 5551 inille
1968 5475 2127 5529 midst
2154 5474 2216 5551 oi
2234 5473 2305 5527 all
2337 5475 2477 5528 their
2511 5470 2744 5551 terroul,
2785 5473 2878 5527 the
2900 5470 3212 5551 lightnings'
3222 5470 3557 5551 themselves
3583 5470 3750 5548 might

498 5540 661 5605 cause
694 5552 746 5604 in
774 5550 860 5603 the
882 5548 1213 5619 lrightl'ulest
1248 5540 1567 5619 tempests...
1612 5547 1755 5600 That
1778 5544 1887 5598 will
1928 5544 1993 5619 be
2024 5553 2163 5619 true,
2200 5544 2438 5619 becagse,
2485 5558 2545 5598 as
2570 5541 2650 5619 β.
2680 5540 3270 5619 ΤΙιοιιιοεξογεηι-ίὺί
3295 5542 3403 5619 erit
3439 5544 3606 5619 ardor
3638 5540 3750 5619 sine

497 5621 769 5674 claritate.
802 5638 820 5671 ι
851 5607 1256 5689 Ιειιέιηῆιιίειιῄ
1286 5607 1407 5673 esse
1437 5618 1761 5689 luminosnm
1796 5616 2035 5669 sensisse
2063 5616 2278 5689 videtur
2299 5607 2701 5689 Δ(ξι-οδωικῃΝιιιι.
2728 5622 2876 5689 orat1
2912 5607 3082 5689 40,:p.
3112 5610 3253 5689 @5645
3295 5607 3393 5689 Ἓν
3426 5612 3592 5689 μένον
3616 5609 3747 5689 eam,

496 5672 690 5759 inquit,
726 5672 1038 5758 ιρεύγῖυμεν,
1066 5688 1128 5741 τὸ
1159 5686 1254 5740 τοῦ
1286 5689 1485 5758 πικροῦ
1518 5687 1687 5756 πυρὸς
1714 5684 1935 5753 ἔκγονον
1961 5698 1974 5713 ⁸
2016 5682 2090 5754 μὴ
2122 5672 2476 5753 πορευθῶμὲν
2498 5682 2576 5752 τῷ
2619 5684 2759 5752 φωτὶ
2784 5681 2879 5734 τοῦ
2906 5672 3080 5753 πυρδς
3107 5683 3139 5752 ὴ
3150 5680 3267 5751 μῶν
3300 5682 3394 5759 καὶ
3424 5672 3492 5750 τῇ
3527 5672 3686 5747 φλογὶ

497 5759 871 5798 ὶβςνηήηηηου
926 5757 1031 5798 ςρἊ
1059 5774 1123 5798 mr
1177 5756 1354 5798 vni-hic
1391 5759 1506 5798 ielic
1543 5756 1784 5798 mvetipie
1814 5764 1868 5798 nt
1895 5754 2217 5798 allen-trinis-
2260 5756 2310 5798 in
2342 5755 2540 5798 mnilms
2580 5754 2721 5798 inest
2754 5762 2807 5798 et
2849 5752 3080 5798 imitatio
3125 5751 3223 5798 luci
3258 5749 3425 5798 Isaiae-
3467 5766 3517 5798 L.
3552 5748 3643 5798 Η.
3680 5764 3708 5797 lt

496 5748 891 5828 ὲξὲκαῦσαμεν.
919 5748 1035 5813 ’διδῖἱ
1059 5774 1126 5812 ex
1152 5756 1354 5828 verbis
1390 5748 1507 5812 istis
1533 5748 1869 5828 tn'ysticis'et
1894 5748 2220 5828 allegoi‘icis,
2260 5756 2310 5807 in
2342 5748 2732 5828 qitib_us'_in_'est_
2754 5762 2807 5828 ct
2849 5748 3080 5828 itititatio
3120 5748 3223 5828 luci
3256 5749 3426 5815 Isaiae,
3449 5748 3521 5828 ἰᾷ,
3552 5748 3661 5828 1⁸1,⁸
3680 5764 3708 5797 ιι

496 5815 582 5883 est
606 5815 807 5885 certutit
843 5830 985 5899 quod
1011 5827 1254 5899 concludi
1294 5837 1479 5899 queat.
1513 5815 1615 5899 Qui
1658 5825 1949 5899 deinferni
1977 5815 2116 5899 ignis
2150 5815 2339 5899 natura
2361 5815 2990 5899 'scripsit_§vvindcnius,
3030 5823 3074 5878 si
3117 5823 3257 5877 bene
3302 5822 3545 5885 memini,
3576 5815 3745 5873 infera

499 5914 629 5954 num
657 5899 711 5957 in
740 5892 875 5967 sole;
914 5898 1131 5959 luminis
1154 5898 1269 5967 ipso
1300 5892 1465 5965 fonte,
1495 5896 1797 5952 collocavit.
1828 5892 1933 5949 Sed
1963 5895 2091 5949 talia
2124 5894 2364 5964 tetigisse
2395 5895 2527 5948 satis
2557 5894 2685 5946 mihi
2712 5895 2801 5947 sit.
