4042 6424
206 493 335 557 1053
1279 470 1456 530 VITA
1494 467 1787 526 BARLAA

1891 462 1984 521 ET
2021 460 2148 521 JOA
2158 457 2368 517 SAPH.
3274 467 3414 533 1054

200 590 303 648 τῶν
328 587 422 642 τοῦ
450 587 652 659 κόσμου
689 585 868 639 καλῶν
895 585 1214 655 τηλικοῦτον
1234 585 1512 654 εὑφνράνοι,
1532 583 1604 642 ὡς
1633 580 1762 641 Θεὸς

1884 589 2035 640 linem
2067 587 2254 639 faciat?
2278 586 2352 639 Ac
2382 599 2610 648 rursum,
2641 587 2903 652 quodnam
2934 603 3009 643 est
3047 590 3202 659 hujus
3247 593 3425 644 mundi

195 680 353 744 αὐτὸς
405 679 610 741 ἐκεῖνος
645 680 757 741 τοῖς
795 677 1116 746 ἀγαπήσασι
1155 674 1551 745 χαριζόμενος;
1588 666 1761 740 οὗπερ

1884 690 2074 738 mnum,
2107 677 2244 743 quod
2288 688 2427 729 tanta
2459 677 2690 731 animum
2722 679 2989 747 voluptate
3022 658 3334 746 pertundaé.
3365 690 3424 736 ut

193 772 250 825 τὸ
292 770 487 832 κάλλος
522 769 618 838 μὲν
648 771 854 836 ἄφατον
879 811 892 833 ,
933 767 1222 820 δυναστεία
1255 766 1312 819 δὲ
1345 766 1556 834 ἄμαχος
1597 763 1691 816 καὶ
1726 765 1758 832 ἠ

1884 765 2003 816 )eus
2045 780 2102 818 se
2134 767 2303 832 ipsum
2352 765 2416 819 iis
2446 782 2473 818 a
2504 768 2692 833 quibus
2721 769 2956 836 diligitur
2999 772 3202 824 donans
3228 789 3239 821 :
3269 787 3421 840 cuius

195 863 317 925 δόξα
344 861 542 923 ἀΐδιος
577 855 747 929 οὗπερ
779 861 845 913 τὰ
882 859 1082 926 ἀγαθὰ,
1115 858 1186 910 τά
1218 860 1330 920 τοῖς
1373 855 1538 908 αὐτοῦ
1591 854 1766 922 φίλοις

1884 864 1914 907 :t
1948 853 2280 918 pulchritudo
2312 869 2558 910 sermone
2586 859 2726 910 omni
2763 861 3094 925 praestantior
3125 870 3226 922 est,
3249 873 3300 914 et
3332 877 3426 930 po-

197 951 529 1022 ἀποκείμενα
565 992 579 1013 ,
631 954 845 1004 πάντων
898 952 1007 1003 τῶν
1062 951 1355 1021 ὁρωμένων
1421 947 1766 1015 ἀσυγκρίτως

1887 947 2025 998 entia
2058 947 2272 1010 invicta,
2304 957 2357 1000 et
2382 947 2544 1016 gloria
2573 949 2917 1016 sempiterna,
2951 959 2998 1002 et
3028 950 3181 1018 cujus
3209 952 3342 1004 bona
3360 966 3424 1006 ea

198 1046 473 1114 ὑπερέχει,
505 1043 539 1097 ἃ
564 1044 836 1114 ὀφθαλμὸς
876 1045 975 1096 οὑκ
1007 1041 1134 1109 εἶδε,
1169 1043 1263 1096 καὶ
1287 1037 1381 1105 οῦς
1408 1042 1509 1093 οὐκ
1537 1041 1764 1109 ἢκουσε,

1884 1052 1980 1103 [ttae
2028 1037 2190 1103 ipsius
2219 1037 2421 1090 amicos
2450 1049 2683 1103 manent,
2716 1039 2892 1091 omnia
2934 1054 3049 1108 quas
3091 1041 3259 1094 oculis
3309 1056 3428 1094 cer-

200 1136 291 1188 και
347 1137 441 1188 ἐπὶ
494 1135 720 1206 καρδίαν
779 1135 1066 1208 ἀνθρώπου
1115 1135 1213 1188 οῦκ
1265 1133 1435 1202 ἀνέϐη
1497 1131 1642 1201 (88)·
1693 1123 1769 1183 ὧν

1884 1139 2061 1178 umtur
2107 1125 2610 1194 imcomparabiliter
2654 1127 2976 1180 antecellunt
3021 1143 3036 1181 :
3076 1142 3195 1196 quae
3243 1130 3431 1185 oculus

202 1226 532 1297 κληρονόμος
561 1227 957 1297 ἀναδειχθείης,
983 1229 1050 1298 τῇ
1077 1226 1172 1281 τοῦ
1203 1225 1336 1279 Θεοῦ
1362 1223 1770 1296 φρουρούμενος

1885 1232 1969 1268 non
2021 1217 2183 1283 vidit,
2233 1232 2332 1271 nec
2377 1218 2522 1272 auris
2569 1217 2802 1285 audivit,
2837 1231 2934 1271 nec
2979 1217 3035 1272 in
3065 1233 3157 1272 cor
3201 1219 3431 1274 hominis

203 1317 562 1388 κραταιοτάτῃ
587 1317 751 1386 χειρί.
906 1300 912 1308 ’

1884 1308 2215 1362 iscenderunt
2245 1307 2300 1377 (I
2346 1308 2463 1362 Cor.
2499 1308 2592 1378 tt)?
2618 1309 2854 1376 Quorum
2885 1309 3084 1362 utinam
3129 1309 3222 1363 tibi
3274 1310 3431 1363 robu-

278 1580 435 1649 187
484 1580 540 1632 '0
571 1580 626 1631 δέ
651 1579 745 1632 τοῦ
781 1579 1042 1650 βασιλέως
1068 1577 1208 1645 υίὸς,
1239 1579 1472 1650 δάκρυσι
1506 1593 1773 1647 συγκεχυ⁹

209 1669 362 1740 μένος
398 1671 486 1738 (89
515 1711 530 1733 ,
555 1673 742 1740 ἠνιᾶτο
766 1672 860 1722 καὶ
892 1670 1150 1741 ἤσχαλλε,
1178 1670 1534 1740 φιλοστόργου
1553 1665 1774 1738 ’Πατρὸς

207 1761 296 1813 καὶ
327 1761 645 1812 διδασκάλου
681 1761 904 1830 ἀρίστου
939 1759 1336 1828 ἀπολειφθῆναι
1391 1758 1465 1829 μὴ
1511 1758 1775 1827 ἀνεχόμε-

207 1869 308 1913 νος.
346 1853 457 1904 Καὶ
496 1854 580 1914 τίς
611 1870 721 1922 μοι,
760 1852 944 1922 φησιν,
978 1845 1023 1903 ὦ
1059 1851 1256 1920 Πάτερ,
1285 1850 1384 1918 τὴν
1421 1849 1517 1920 σὴν
1553 1848 1774 1918 πληρὼ-

1867 1397 2096 1449 stissima
2140 1397 2230 1451 Dei
2280 1413 2436 1452 manu
2479 1408 2630 1467 septo
2673 1414 2736 1455 ac
2779 1401 2982 1454 munito
3017 1399 3281 1454 luerede
3314 1414 3434 1455 esse

1866 1486 2161 1556 conlingat!

1941 1577 2100 1643 Regis
2131 1586 2305 1632 autem
2335 1579 2472 1633 ﬁlius
2521 1579 2766 1650 lacrymis
2799 1578 3076 1648 perfusus,
3117 1581 3432 1651 angebatur,

1869 1680 1930 1720 ac
1958 1681 2164 1720 summa
2193 1669 2433 1722 molestia
2465 1669 2794 1726 afﬁciebatur
2813 1715 2827 1740 ,
2861 1681 2914 1726 ut
2941 1674 3030 1742 qui
3076 1673 3142 1726 ab
3171 1675 3437 1728 amantis-

1869 1765 2004 1816 simu
2035 1774 2182 1832 patre
2220 1779 2283 1818 ac
2313 1767 2749 1834 praestantissimo
2793 1767 3045 1836 magistro
3082 1769 3304 1834 relinqui
3337 1769 3436 1822 mi-

1875 1856 2017 1910 nime
2064 1858 2372 1911 sustineret.
2416 1858 2481 1910 Et
2520 1861 2760 1926 quisnam
2786 1903 2800 1926 ,
2850 1859 3148 1926 inquiebat,
3183 1877 3216 1912 o
3260 1861 3434 1926 Pater,

211 1959 287 1996 σει
339 1945 529 2009 τάξινς
587 1945 693 1997 ὑπὸ
733 1945 840 1997 τίνι
889 1944 946 1996 δὲ
1001 1943 1112 2012 ἐγὼ
1163 1943 1387 2012 τοιούτῳ
1418 1943 1634 2011 ποιμένι
1688 1940 1779 1994 καὶ

1884 1952 1993 1998 tuas
2045 1952 2220 2013 partes
2259 1925 2657 2014 explebitiaut
2695 1925 2849 2018 quem
2893 1925 3104 2004 tandem
3137 1949 3436 2020 hujusmodi

208 2036 380 2105 ὁδηγῷ
430 2036 663 2106 ψυχικῆς
712 2035 983 2106 σωτηρίας
1036 2036 1377 2105 γενήσομαι;
1435 2033 1488 2087 τί
1524 2033 1618 2087 τοῦ
1683 2034 1778 2086 σοῦ

213 2123 560 2192 παραμύθιον
594 2125 894 2193 ποιήσομαι
937 2124 1137 2187 πόθους
1169 2123 1278 2176 ἰδοὺ
1306 2125 1414 2194 γὰρ
1447 2124 1544 2193 ἐμὲ
1569 2123 1658 2175 τὸν
1684 2141 1780 2176 πο-

211 2215 369 2282 νηρὸν
407 2214 590 2267 δοῦλον
633 2217 727 2267 καὶ⁹
773 2215 1087 2286 ἀποστάτην
1115 2217 1194 2286 τῷ
1238 2215 1356 2285 Θεῷ
1389 2217 1740 2286 προσήγαγες
1764 2257 1778 2280 ,

212 2307 300 2358 καὶ
324 2308 410 2369 εἰς
445 2306 562 2359 υἱοῦ
595 2308 689 2360 καὶ
735 2307 1073 2378 κληρονόμου
1106 2308 1654 2376 κατέστησαςτάξιν,
1689 2307 1782 2360 καλ⁸

213 2396 298 2449 τὸν
343 2397 666 2450 ἀπολωλότα
723 2399 820 2456 καὶ
866 2400 1213 2470 όρειάλωτον,
1257 2399 1348 2450 τὸν
1399 2400 1566 2451 παντὶ⁸
1608 2399 1782 2468 θηρίῳ

213 2488 426 2558 ἕτοιμον
457 2490 537 2551 είς
576 2488 764 2560 βορὰν,
794 2490 1087 2562 ἐζήτησας,
1117 2491 1345 2554 καὶτοῖς
1367 2491 1627 2544 ἀπλανέσι
1649 2508 1782 2544 κατ-

215 2579 403 2646 ἐμιξας
440 2579 575 2632 Θεοῦ
605 2582 896 2653 προϐάτοις
919 2599 934 2613 ι
982 2583 1078 2635 καὶ
1115 2582 1321 2649 tangit;
1359 2600 1448 2654 μοι
1479 2582 1574 2650 τὴν
1603 2584 1782 2636 ἐπίτο-

219 2687 311 2738 μον
357 2672 463 2742 τῆς
488 2672 759 2742 βιληθείας
805 2673 956 2739 όδὸν,
995 2674 1279 2742 ἐξαγαγών
1331 2693 1396 2745 με
1430 2675 1524 2728 τοῦ
1561 2675 1783 2738 σκότους

215 2760 306 2812 καὶ
334 2762 438 2833 τῆς
469 2765 628 2826 σκιᾶς
687 2763 780 2817 τοῦ
809 2765 1042 2818 θανάτου
1063 2808 1077 2831 ,
1111 2767 1204 2818 καὶ
1233 2807 1248 2831 ,
1287 2767 1415 2826 τοὺς
1465 2767 1630 2828 πόδας
1681 2783 1782 2836 μου

219 2851 546 2920 μεταγαγὼν
581 2853 693 2925 (90)
727 2855 792 2907 ἐκ
819 2855 922 2924 τῆς
950 2855 1246 2927 ὀλισθηρᾶς
1273 2858 1367 2910 καὶ
1407 2856 1782 2927 θανατηφόρου

216 2943 305 2995 καὶ
338 2943 711 3014 σκολιωτάτης
740 2947 833 3000 καὶ
861 2946 1154 3019 καμπύλης
1175 2947 1422 3018 ἀτραποῦ
1453 2947 1587 3018 (91),
1620 2948 1783 3018 μεγά-

214 3033 318 3086 λων
343 3037 443 3088 καὶ
472 3036 790 3105 θαυμασίων
839 3055 929 3107 μοι
964 3039 1197 3108 γέγονας
1244 3039 1502 3109 πρόξενος
1542 3037 1782 3107 ἀγαθῶν,

219 3125 306 3178 καὶ
331 3122 412 3181 ὧν
443 3127 616 3190 οὐδεὶς
642 3128 957 3198 ἐξαρκέσειε
1007 3129 1164 3198 λόγος
1195 3129 1256 3183 τὸ
1293 3131 1559 3202 ὑπερέχον
1592 3131 1783 3200 διηγή⁹

221 3218 440 3272 σασθαι.
493 3220 762 3287 Μεγάλων
801 3222 896 3274 καὶ
927 3221 1090 3285 αὐτὸς
1124 3221 1265 3292 ὺπέρ
1294 3223 1428 3291 ἐμοῦ
1461 3221 1555 3275 τοῦ
1588 3223 1782 3292 μικροῦ

221 3311 511 3380 μετάσχοις
533 3311 626 3364 τοῦ
661 3312 797 3365 Θεοῦ
831 3312 1082 3382 δωρεῶν
1115 3315 1212 3367 καὶ
1240 3315 1340 3383 τῆς
1380 3315 1520 3384 ἐμῆς
1553 3315 1786 3385 ,εὐχαρι-

221 3400 368 3462 στίας
414 3401 698 3472 ὑστέρημα
729 3402 1016 3474 πληρώσαι
1053 3404 1261 3475 Κύριος
1284 3445 1299 3469 ,
1349 3406 1378 3457 ὁ
1411 3406 1572 3476 μόνος
1621 3407 1784 3460 νικῶν
1809 3385 1856 3448 C

217 3493 330 3554 ταῖς
359 3491 476 3544 τῶν
507 3492 722 3563 δωρεῶν
749 3495 1051 3550 ἀντιδόσεσι
1089 3497 1216 3560 τοὺς
1241 3497 1404 3550 αὐτὸν
1435 3498 1785 3565 ἀγαπῶντας.

297 3581 354 3636 '0
397 3583 455 3636 δὲ
495 3583 782 3656 Βαρλαὰμ,
813 3587 918 3655 τῆς
950 3586 1256 3658 θρηνῳδίας
1285 3588 1448 3642 αὐτὸν
1479 3591 1788 3657 ἐκκόπτων,

219 3674 456 3738 ἀναστὰς
481 3677 560 3739 είς
589 3677 754 3748 εὐχὴν
779 3678 987 3744 ἵστατο,
1016 3679 1131 3744 καὶ,
1155 3679 1234 3732 τὼ
1254 3683 1402 3750 χεῖρε
1429 3683 1506 3745 είς
1526 3682 1790 3753 οὐρανοὺς

219 3765 404 3836 διάρας
423 3782 437 3798 ο
480 3768 538 3820 '0
560 3767 713 3832 Θεὸς,
746 3768 924 3837 ἔλεγε,
949 3769 1046 3822 καὶ
1066 3770 1255 3842 Πατὴρ
1279 3772 1374 3825 τοῦ
1402 3774 1608 3844 Κυρίου
1634 3777 1666 3846 ἡ
1675 3777 1791 3845 μῶν

233 3853 406 3923 Ἰησοῦ
451 3856 726 3927 Χριστοῦ,
759 3859 788 3910 ὁ
836 3857 1079 3926 φωτίσας
1106 3859 1177 3913 τὰ
1221 3862 1355 3931 πρὶν
1403 3864 1788 3936 ὲσκοτισμένα,

227 3944 388 4014 188
419 3947 516 3999 καὶ
554 3945 651 4016 τὴν
677 3948 883 4016 ὁρατὴν
906 3947 1112 4019 ταύτην
1138 3950 1234 4004 καὶ
1261 3951 1492 4023 ἀόρατον
1522 3956 1699 4010 κτίσιν
1728 3958 1792 4010 ἐκ

221 4033 312 4086 τοῦ
370 4036 449 4106 μὴ
502 4035 655 4100 όντος
705 4037 1084 4109 παραγαγὼν,
1113 4041 1142 4092 ό
1194 4039 1256 4093 τὸ
1315 4041 1409 4096 σὸν
1462 4045 1792 4116 ἐπιστρέψας

224 4124 453 4194 πλάσμα
495 4126 607 4197 (92)
648 4129 743 4183 καὶ
784 4128 859 4200 μὴ
887 4129 1057 4193 ἐάσας
1097 4133 1244 4201 ἡμᾶς
1274 4132 1452 4188 ὀπίσω
1497 4137 1597 4206 τῆς
1626 4139 1795 4208 ἀφρο-

225 4215 390 4286 σύνης
421 4216 582 4287 ἡμῶν
611 4219 966 4288 πορεύεσθαι,
1001 4221 1435 4293 εὐχαριστοῦμέν
1465 4241 1568 4291 σοι,
1597 4228 1689 4280 καὶ
1727 4231 1791 4301 τῇ

223 4308 287 4376 σῇ
316 4307 482 4378 σοφίᾳ
519 4308 613 4360 καὶ
643 4309 873 4379 δυνάμει
909 4310 988 4383 τῷ
1025 4314 1212 4384 Κυρίῳ
1255 4315 1409 4385 ἡμῶν
1447 4317 1623 4386 Ἰησοῦ
1657 4319 1794 4391 Χρι-

223 4396 353 4467 στῷ,
390 4397 462 4450 δι’
490 4394 553 4452 οὗ
582 4400 676 4452 καὶ
720 4403 849 4465 τοὺς
878 4403 1081 4468 αἰῶνας
1109 4406 1370 4477 ἐποίησας
1394 4441 1408 4471 ,
1441 4393 1706 4474 πεσόντας
1732 4429 1794 4464 τε

221 4489 367 4557 ἡμᾶς
397 4491 720 4561 ἀνέστησας,
748 4495 842 4546 καὶ
871 4495 1366 4568 πεπλημμεληκόσι
1387 4498 1484 4562 τὰς
1519 4501 1794 4573 ἁμαρτίας

1875 2045 2138 2100 pastorem
2164 2050 2226 2089 ac
2251 2036 2439 2090 ducem
2471 2041 2720 2107 consequi
2751 2042 2969 2104 potero?
2997 2048 3050 2094 et
3078 2055 3304 2109 quonam
3346 2055 3436 2094 so-

1874 2124 2002 2175 latio
2028 2125 2346 2178 desiderium
2377 2127 2449 2180 tui
2474 2127 2685 2181 lenibo?
2709 2127 2849 2182 Ecce
2870 2130 3010 2183 enim
3037 2145 3120 2184 me
3143 2129 3437 2198 improbum

1876 2228 1937 2266 ac
1967 2216 2213 2268 rebellem
2247 2230 2460 2270 servum
2486 2218 2554 2292 ad
2588 2218 2748 2273 Deum
2779 2219 3064 2282 adduxisti,
3086 2230 3239 2290 atque
3261 2220 3313 2274 in
3344 2219 3440 2276 ﬁlii

1876 2314 1926 2358 et
1958 2305 2182 2359 harredis
2212 2307 2321 2361 clas
2353 2321 2384 2362 e
2411 2309 2680 2362 collocasti
2703 2353 2717 2378 ,
2749 2325 2808 2363 ac
2851 2325 2936 2363 me
2979 2310 3238 2379 perditum
3278 2322 3440 2381 atque

1877 2395 2120 2450 omnibus
2151 2397 2330 2452 besﬁis
2360 2399 2591 2466 praedam
2614 2400 2908 2469 expositum
2938 2402 3253 2470 exquisiisti,
3377 2409 3434 2458 et

1879 2500 2005 2540 cum
2099 2489 2162 2540 iis
2187 2488 2280 2542 Dei
2309 2489 2492 2566 ovibus
2518 2506 2634 2557 quae
2673 2491 2889 2546 minime
2929 2495 3305 2546 aberraverant
3347 2508 3442 2546 co-

1879 2581 2067 2648 pulasti
2091 2581 2237 2649 (Luc.
2263 2581 2376 2651 xv),
2400 2592 2557 2650 atque
2575 2584 3018 2653 compendiariam
3035 2585 3274 2639 veritatis
3301 2585 3440 2640 viam

1879 2672 2007 2726 mihi
2049 2671 2416 2729 demonstrasti
2452 2672 2623 2741 (Psul.
2660 2673 2873 2744 ωιτν),
2906 2691 3092 2744 meque
3115 2676 3180 2730 de
3211 2675 3442 2730 tenebris

1879 2773 1931 2816 et
1958 2764 2140 2816 umbra
2169 2765 2354 2818 mnrlis
2399 2764 2624 2820 eduxlsti
2648 2764 2822 2837 (Lucae
2863 2766 2926 2834 ι),
2957 2781 3017 2820 ac
3048 2767 3208 2835 pedes
3237 2782 3381 2820 meos
3411 2781 3444 2822 e

1881 2854 2079 2908 lubrica
2104 2865 2155 2908 et
2175 2857 2397 2910 exitiosa
2423 2871 2483 2909 ac
2507 2860 2751 2925 perversa
2777 2867 2827 2911 et
2848 2873 3008 2912 curva
3033 2859 3114 2911 via
3145 2859 3442 2912 extraxisti.

1881 2943 2065 3010 Magna
2095 2953 2147 2996 et
2178 2943 2484 2998 admiranda
2513 2945 2638 2999 mihi
2667 2961 2697 2999 a
2727 2955 2778 3000 te
2806 2945 2942 3000 bona
2969 2956 3083 3000 orta
3113 2955 3257 3012 sunt,
3283 2955 3443 3015 atque

1880 3036 2160 3110 ejusmodi,
2190 3047 2246 3090 ut
2274 3036 2590 3103 singularem
2633 3052 2816 3090 eorum
2844 3035 3257 3105 magnitudinem
3297 3037 3440 3091 nulla

1883 3127 2051 3180 oratio
2073 3131 2321 3196 consequi
2353 3127 2540 3196 possit.
2575 3129 2878 3197 Magnorum
2905 3128 3064 3198 igitur
3089 3129 3201 3197 ipse
3233 3143 3443 3198 quoque

1883 3233 1980 3288 pro
1999 3233 2086 3272 me
2109 3218 2300 3287 exiguo
2324 3219 2640 3272 homunculo
2663 3221 2824 3287 ipsius
2848 3219 3222 3274 beneﬁciorum
3246 3219 3445 3274 utinam

1885 3313 1959 3364 sis
1988 3313 2288 3378 particeps!
2323 3321 2480 3381 atque
2511 3311 2562 3364 id
2593 3312 2732 3380 quod
2765 3327 2894 3367 meae
2925 3313 3209 3382 gratiarum
3253 3311 3448 3366 actioni

1885 3401 2034 3456 deest
2061 3402 2271 3468 expleat
2300 3403 2576 3468 Dominus,
2605 3403 2696 3471 qui
2726 3404 2868 3458 solus
2893 3403 3273 3458 beneﬁciorum
3314 3403 3447 3458 rcla~

1887 3493 2028 3546 tione
2052 3507 2143 3545 eos
2168 3493 2252 3558 qui
2284 3493 2444 3560 ipsius
2473 3507 2655 3546 amore
2686 3493 2894 3561 praediti
2923 3503 3046 3548 sunt
3083 3501 3312 3561 superat.

1958 3576 2194 3636 Barlaam
2242 3591 2442 3648 autem,
2494 3583 2659 3650 ipsius
2701 3583 3103 3639 lamentationes
3146 3593 3447 3654 amputans,

1887 3673 2136 3737 surrexit,
2186 3682 2344 3742 atque
2387 3673 2450 3726 ad
2482 3673 2738 3727 orandum
2787 3689 2845 3728 se
2872 3676 3232 3743 comparavit,
3287 3673 3449 3727 mani-

1889 3763 2089 3830 busque
2117 3765 2166 3816 in
2193 3763 2384 3816 coelum
2405 3761 2646 3829 sublatis,
2677 3762 2762 3816 hic
2780 3763 2957 3816 verbis
3011 3777 3133 3816 usus
3162 3770 3243 3817 est
3269 3805 3280 3816 .
3317 3765 3455 3816 Deus

1889 3861 1944 3908 et
1973 3853 2130 3907 Pater
2157 3851 2364 3905 Domini
2390 3852 2555 3905 nostti
2575 3853 2699 3907 Jesu
2722 3852 2944 3921 Christi,
2969 3853 3056 3922 qui
3084 3866 3145 3906 ea
3169 3865 3285 3922 qua:
3309 3851 3454 3920 prius

1891 3943 2124 3997 tenebris
2163 3943 2388 3996 obducta
2419 3950 2628 4006 erant,-
2655 3941 2774 3996 luce
2802 3942 3112 4011 perfudisti,
3166 3952 3320 4012 atque
3367 3955 3456 3996 res

1890 4045 2075 4085 omnes
2103 4031 2342 4085 conditas
2364 4071 2380 4096 ,
2431 4041 2536 4084 tam
2566 4045 2683 4098 qua:
2712 4040 2925 4098 aspectu
2957 4032 3253 4084 sentiuntur
3297 4045 3453 4098 quam

1892 4135 2009 4189 qua:
2036 4120 2102 4174 ab
2127 4121 2399 4174 oculorum
2428 4134 2588 4174 sensu
2615 4129 2833 4174 remoue
2859 4127 3002 4181 sunt,
3030 4133 3094 4172 ex
3138 4118 3306 4171 nihilo
3336 4133 3456 4186 pro-

1895 4213 2111 4277 duxisti,
2134 4213 2222 4280 qui
2249 4215 2553 4280 ligmentum
2578 4221 2722 4265 tuum
2745 4211 3074 4276 convertisti,
3094 4225 3190 4265 nec
3214 4225 3309 4263 nos
3339 4217 3458 4276 post

1896 4302 2250 4370 insipientiam
2302 4313 2536 4356 nosuam
2578 4301 2724 4355 abire
2773 4301 3086 4365 permisisti,
3137 4299 3334 4367 gratias
3363 4298 3458 4352 tibi

1897 4396 2130 4464 agimus,
2177 4409 2239 4446 ac
2267 4402 2366 4445 tua:
2398 4399 2656 4461 putentia!
2687 4398 2740 4444 et
2769 4391 3064 4458 sapientiai,
3099 4389 3198 4442 hoc
3224 4397 3307 4442 est
3353 4389 3456 4442 Do-

1899 4489 2042 4542 mino
2067 4493 2248 4538 nostro
2273 4481 2394 4537 Jesu
2419 4480 2652 4546 Christo,
2684 4494 2779 4548 per
2805 4493 2960 4547 quem
2983 4477 3141 4532 etiam
3167 4478 3354 4531 saecula
3382 4476 3456 4531 fe-

220 4578 459 4649 ἀφῆκας,
481 4580 851 4653 πλανηθέντας
871 4586 1045 4656 ἐπανή
1054 4567 1243 4656 γαγες,
1257 4567 1787 4659 αἰχμαλωτισθέντας

1899 4577 2015 4630 cisti
2044 4575 2196 4641 (Heb.
2228 4573 2289 4641 l),
2315 4587 2513 4640 nosque
2543 4576 2816 4640 prolapsos
2845 4580 2897 4623 et
2919 4569 3157 4639 iacentes
3186 4567 3455 4634 excitasti,

220 4668 512 4740 ἐλυτρώσω
534 4713 549 4737 ,
599 4673 932 4744 τεθνηκότας
982 4675 1355 4747 ἐζωοποίησας
1385 4679 1465 4750 τῷ
1495 4682 1664 4752 τιμίῳ
1695 4681 1789 4736 τοῦ

221 4758 353 4812 Υίοῦ
390 4777 483 4813 σου
536 4763 630 4815 καὶ
675 4765 992 4837 Δεσποτικῷ
1027 4768 1238 4838 αἵματι.
1277 4770 1344 4823 Σὲ
1377 4766 1470 4825 οῦν
1503 4772 1793 4827 ἐπικαλοῦ-

223 4865 342 4917 μαι,
380 4851 475 4903 καὶ
500 4852 591 4905 τὸν
620 4857 882 4927 μονογενῆ
908 4872 1000 4910 σου
1023 4858 1174 4922 Υίὸν,
1201 4861 1296 4914 καὶ
1325 4861 1386 4914 τὸ
1412 4864 1677 4932 πανάγιόν
1698 4883 1792 4919 σου

221 4942 450 5012 Πνεῦμα
479 4959 493 4973 ·
529 4944 676 4998 ἔπιδε
715 4947 810 5000 ἐπὶ⁵
837 4949 900 5001 τὸ
927 4950 1147 5019 λογικόν
1183 4969 1274 5005 σου
1306 4954 1578 5024 πρόϐατον
1607 4955 1788 5024 τοῦτο,

221 5032 281 5086 τὸ
315 5036 616 5105 προσελθὸν
648 5039 714 5092 δι’
765 5039 900 5111 ἐμοῦ
938 5041 1030 5094 τοῦ
1069 5044 1288 5110 ἀναξίου
1325 5046 1406 5109 είς
1435 5045 1627 5101 θυσίαν
1665 5066 1790 5114 σοι,

223 5125 316 5177 καὶ
369 5128 596 5195 ἁγίασον
645 5131 814 5184 αὐτοῦ
851 5133 950 5204 τὴν
987 5134 1165 5206 ψυχὴν
1197 5137 1263 5206 τῇ
1316 5140 1382 5209 σῇ
1435 5137 1664 5209 δυνάμει
1695 5140 1795 5192 καὶ

221 5217 439 5287 χάριτιο
469 5220 761 5290 ἐπίσκεψαι
799 5222 898 5293 τὴν
925 5224 1171 5295 ἄμπελον
1215 5227 1420 5300 ταύτην
1463 5229 1562 5301 τὴν
1593 5247 1792 5298 φυτευ-

297 5383 607 5467 (§8)_:Cont.
636 5413 691 5467 p.
724 5398 814 5466 60,
840 5417 892 5454 ιι.
933 5401 1018 5459 ,47

1903 4677 1955 4722 et
1983 4664 2410 4731 delinquentibus
2439 4671 2649 4729 peccata
2693 4659 2973 4724 remisisti,
3000 4673 3182 4713 errore
3209 4664 3461 4726 vagantes

1905 4753 2196 4818 reduxisti,
2245 4753 2480 4818 captivos
2510 4751 2800 4813 redemisti,
2834 4759 3003 4803 morte
3050 4747 3339 4802 exstiucws
3370 4762 3464 4816 per

1905 4842 2020 4897 Filii
2051 4845 2122 4894 tui
2168 4855 2228 4894 ac
2258 4839 2461 4893 Domini
2501 4839 2665 4893 nostri
2715 4838 3000 4906 pretiosum
3049 4835 3360 4903 sanguinem
3392 4834 3460 4886 ad

1885 4943 2051 4984 vitam
2087 4931 2386 4984 revocasti.
2421 4927 2498 4982 Te
2547 4929 2714 4999 igitur
2752 4928 2972 4990 invoco,
3015 4933 3180 4995 atque
3219 4925 3471 4994 unigeni-

1887 5033 1999 5077 tum
2023 5022 2222 5076 Filium
2252 5032 2429 5089 tuum,
2463 5030 2518 5076 et
2546 5020 2963 5075 sanctissimum
3000 5027 3151 5071 tuum
3175 5017 3466 5086 Spiritum.

1891 5113 2129 5184 ltespice
2171 5115 2225 5166 in
2275 5103 2491 5166 ratione
2526 5111 2806 5180 prmditam
2839 5108 2983 5162 hanc
3019 5123 3200 5171 ovem,
3224 5122 3345 5176 qua:
3376 5122 3472 5176 per

1891 5221 1977 5260 me
2011 5205 2292 5276 indignum
2316 5203 2593 5258 hominem
2624 5202 2691 5256 ad
2723 5202 2899 5256 altare
2929 5208 3082 5254 tuum
3109 5199 3343 5265 accedit,
3382 5208 3464 5254 at-

292 5458 570 5553 ςεογρεβ.
600 5458 692 5535 ΞΖ,
725 5470 778 5538 1,
800 5458 1058 5542 ’δάκρυσι
1113 5475 1548 5545 συγκεχυμένοις
1596 5480 1787 5547 scripsi

1884 5497 1910 5534 ι
1940 5480 2044 5549 BC,
2074 5495 2198 5536 cum
2249 5491 2393 5537 esset
2441 5483 2494 5536 in
2544 5483 2610 5545 A,
2654 5483 2701 5536 6.
2735 5481 3112 5553 συνεχόμενος»
3167 5481 3242 5538 lbi
3291 5486 3472 5540 malim

224 5539 651 5606 cutxsxvttévoc.

294 5604 404 5676 (99)
430 5604 562 5671 L'uc,
604 5626 642 5676 ι,
678 5608 746 5664 79
775 5627 788 5663 :

838 5611 1132 5695 ’βπιφᾶναι
1163 5614 1276 5695 τοῖς
1308 5614 1576 5695 σκότει
1598 5617 2478 5695 καὶμσκιᾷ-θανάτουέκαθημένοις,
2507 5621 2601 5674 τοῦ
2627 5622 2955 5678 κατευθῦναι
2980 5625 3104 5688 τοὺς
3131 5625 3294 5687 πόδας
3322 5624 3477 5695 ἡμῶν

223 5671 722 5760 εξςιρᾷρνηείρήνης.
745 5679 874 5760 _Psal
928 5671 1172 5760 elisam,
1204 5671 1275 5737 ϐξ
1327 5683 1415 5737 Ἐν
1447 5689 1740 5751 σκοτεινοῖς
1777 5707 1787 5741 1

1895 5691 1954 5742 ἐν
1992 5691 2118 5760 σκιᾷ
2151 5671 2403 5744 θανάτου.

297 5741 406 5815 (Ἢ)
438 5741 714 5802 Glossema
744 5751 795 5803 in
825 5751 890 5815 A,
929 5751 1069 5805 ὁδοῦ.

297 5812 756 5901 ςξξξίλρξξθεοηιξιιε
787 5812 1184 5901 Ηεὶοοιιιλιξόοθ
1212 5840 1245 5901 :_
1263 5840 1282 5873 ι
1322 5821 1426 5901 liis
1449 5823 1704 5880 Dominus
1734 5827 1950 5896 pietatis
1998 5847 2152 5899 opem
2199 5831 2499 5886 Subducerc
2533 5849 2636 5886 non
2670 5832 2799 5897 vult,
2842 5831 3112 5899 Projiccre
3147 5845 3245 5887 nec
3273 5829 3476 5901 plasma

229 5891 388 5934 suum
413 5885 524 5939 vult
549 5889 794 5944 conditor
815 5891 934 5944 invi.
977 5907 994 5940 ι
1023 5889 1105 5945 Cl'.
1139 5908 1187 5960 ι).
1217 5892 1250 5946 5
1284 5902 1337 5948 cl
1369 5893 1455 5947 51.
