  <div class='ocr_page' id='page_1' title='image "/cluster/home/n/w/nwhite01/storage/ocr_20150623/96/hvd.32044019208065/533.png"; bbox 0 0 4042 6436; ppageno 0'>
   <div class='ocr_carea' id='block_1_1' title="bbox 584 416 2133 496">
    <p class='ocr_par' dir='ltr' id='par_1_1' title="bbox 584 425 2133 496">
     <span class='ocr_line' id='line_1_1' title="bbox 584 425 2133 496; baseline -0.008 0"><span class='ocrx_word' id='word_1_1' title='bbox 584 431 722 496; x_wconf 85' lang='grc'><strong>1055</strong></span> <span class='ocrx_word' id='word_1_2' title='bbox 2023 425 2133 485; x_wconf 77' lang='grc' dir='ltr'><strong>ΛΠ</strong></span> 
     </span>
    </p>
   </div>
   <div class='ocr_carea' id='block_1_2' title="bbox 2252 416 3853 496">
    <p class='ocr_par' dir='ltr' id='par_1_2' title="bbox 2252 416 3853 484">
     <span class='ocr_line' id='line_1_2' title="bbox 2252 416 3853 484; baseline -0.001 -2"><span class='ocrx_word' id='word_1_3' title='bbox 2252 422 2405 484; x_wconf 53' lang='grc' dir='ltr'><strong>(ΒΑ.</strong></span> <span class='ocrx_word' id='word_1_4' title='bbox 3710 416 3853 481; x_wconf 79' lang='lat'><strong>1056</strong></span> 
     </span>
    </p>
   </div>
   <div class='ocr_carea' id='block_1_3' title="bbox 577 524 2133 611">
    <p class='ocr_par' dir='ltr' id='par_1_3' title="bbox 577 534 2133 611">
     <span class='ocr_line' id='line_1_3' title="bbox 577 534 2133 611; baseline -0.006 -15"><span class='ocrx_word' id='word_1_5' title='bbox 577 559 687 611; x_wconf 87' lang='lat' dir='ltr'><strong>que</strong></span> <span class='ocrx_word' id='word_1_6' title='bbox 731 540 908 610; x_wconf 81' lang='lat' dir='ltr'><strong>ipsius</strong></span> <span class='ocrx_word' id='word_1_7' title='bbox 931 540 1173 594; x_wconf 89' lang='lat' dir='ltr'><strong>animam</strong></span> <span class='ocrx_word' id='word_1_8' title='bbox 1201 554 1301 611; x_wconf 90' lang='lat' dir='ltr'><strong>per</strong></span> <span class='ocrx_word' id='word_1_9' title='bbox 1332 539 1588 594; x_wconf 76' lang='lat' dir='ltr'><strong>virtutem</strong></span> <span class='ocrx_word' id='word_1_10' title='bbox 1634 553 1695 593; x_wconf 89' lang='lat' dir='ltr'><strong>ac</strong></span> <span class='ocrx_word' id='word_1_11' title='bbox 1736 534 1972 608; x_wconf 90' lang='lat' dir='ltr'><strong>gratiam</strong></span> <span class='ocrx_word' id='word_1_12' title='bbox 2015 545 2133 588; x_wconf 83' lang='lat' dir='ltr'><strong>tuar</strong></span> 
     </span>
    </p>
   </div>
   <div class='ocr_carea' id='block_1_4' title="bbox 2252 524 3851 611">
    <p class='ocr_par' dir='ltr' id='par_1_4' title="bbox 2275 524 3851 598">
     <span class='ocr_line' id='line_1_4' title="bbox 2275 524 3851 598; baseline -0.003 -15"><span class='ocrx_word' id='word_1_13' title='bbox 2275 531 2461 583; x_wconf 82' lang='grc' dir='ltr'>θεῖσαν</span> <span class='ocrx_word' id='word_1_14' title='bbox 2495 527 2581 581; x_wconf 88' lang='grc' dir='ltr'>διὰ</span> <span class='ocrx_word' id='word_1_15' title='bbox 2614 526 2707 581; x_wconf 80' lang='grc' dir='ltr'>τοῦ</span> <span class='ocrx_word' id='word_1_16' title='bbox 2750 525 2911 595; x_wconf 84' lang='grc' dir='ltr'>ἁγίου</span> <span class='ocrx_word' id='word_1_17' title='bbox 2949 544 3042 580; x_wconf 88' lang='grc' dir='ltr'><strong>σου</strong></span> <span class='ocrx_word' id='word_1_18' title='bbox 3074 525 3411 595; x_wconf 84' lang='grc' dir='ltr'>Πνεύματος,</span> <span class='ocrx_word' id='word_1_19' title='bbox 3439 524 3539 578; x_wconf 75' lang='grc' dir='ltr'><strong>καὶ</strong></span> <span class='ocrx_word' id='word_1_20' title='bbox 3564 525 3653 588; x_wconf 83' lang='grc' dir='ltr'><strong>δὸς</strong></span> <span class='ocrx_word' id='word_1_21' title='bbox 3684 528 3851 598; x_wconf 64' lang='grc' dir='ltr'>αὐτὴν</span> 
     </span>
    </p>
   </div>
   <div class='ocr_carea' id='block_1_5' title="bbox 580 618 2133 703">
    <p class='ocr_par' dir='ltr' id='par_1_5' title="bbox 580 628 2133 703">
     <span class='ocr_line' id='line_1_5' title="bbox 580 628 2133 703; baseline -0.007 -12"><span class='ocrx_word' id='word_1_22' title='bbox 580 634 891 691; x_wconf 84' lang='lat' dir='ltr'><strong>sanctiﬁca.</strong></span> <span class='ocrx_word' id='word_1_23' title='bbox 926 632 1107 687; x_wconf 84' lang='lat' dir='ltr'><strong>Visita</strong></span> <span class='ocrx_word' id='word_1_24' title='bbox 1136 634 1356 687; x_wconf 86' lang='lat' dir='ltr'><strong>vineam</strong></span> <span class='ocrx_word' id='word_1_25' title='bbox 1390 632 1537 686; x_wconf 89' lang='lat' dir='ltr'><strong>hanc</strong></span> <span class='ocrx_word' id='word_1_26' title='bbox 1576 629 1750 703; x_wconf 77' lang='lat' dir='ltr'><strong>(Psal.</strong></span> <span class='ocrx_word' id='word_1_27' title='bbox 1786 628 1998 699; x_wconf 78' lang='lat' dir='ltr'><strong>Lxxtx),</strong></span> <span class='ocrx_word' id='word_1_28' title='bbox 2041 641 2133 697; x_wconf 74' lang='lat' dir='ltr'><strong>qua</strong></span> 
     </span>
    </p>
   </div>
   <div class='ocr_carea' id='block_1_6' title="bbox 2252 618 3852 703">
    <p class='ocr_par' dir='ltr' id='par_1_6' title="bbox 2270 618 3852 693">
     <span class='ocr_line' id='line_1_6' title="bbox 2270 618 3852 693; baseline -0.002 -17"><span class='ocrx_word' id='word_1_29' title='bbox 2270 620 2699 693; x_wconf 68' lang='grc' dir='ltr'><strong>καρποφορῆσαι</strong></span> <span class='ocrx_word' id='word_1_30' title='bbox 2745 620 2962 691; x_wconf 87' lang='grc' dir='ltr'>καρπὸν</span> <span class='ocrx_word' id='word_1_31' title='bbox 3005 619 3372 689; x_wconf 66' lang='grc' dir='ltr'>δικαιοσύνης</span> <span class='ocrx_word' id='word_1_32' title='bbox 3426 618 3711 688; x_wconf 82' lang='grc' dir='ltr'>ἐνίσχυσον</span> <span class='ocrx_word' id='word_1_33' title='bbox 3752 621 3852 673; x_wconf 82' lang='grc' dir='ltr'>αύ-</span> 
     </span>
    </p>
   </div>
   <div class='ocr_carea' id='block_1_7' title="bbox 578 711 2133 795">
    <p class='ocr_par' dir='ltr' id='par_1_7' title="bbox 578 721 2133 795">
     <span class='ocr_line' id='line_1_7' title="bbox 578 721 2133 795; baseline -0.004 -16"><span class='ocrx_word' id='word_1_34' title='bbox 578 740 678 795; x_wconf 91' lang='lat' dir='ltr'><strong>per</strong></span> <span class='ocrx_word' id='word_1_35' title='bbox 707 722 972 794; x_wconf 86' lang='lat' dir='ltr'><strong>Spiritum</strong></span> <span class='ocrx_word' id='word_1_36' title='bbox 1000 732 1257 778; x_wconf 90' lang='lat' dir='ltr'><strong>sanctum</strong></span> <span class='ocrx_word' id='word_1_37' title='bbox 1290 731 1446 776; x_wconf 93' lang='lat' dir='ltr'><strong>tuum</strong></span> <span class='ocrx_word' id='word_1_38' title='bbox 1466 723 1712 792; x_wconf 87' lang='lat' dir='ltr'><strong>plantata</strong></span> <span class='ocrx_word' id='word_1_39' title='bbox 1737 734 1841 786; x_wconf 84' lang='lat' dir='ltr'><strong>est,</strong></span> <span class='ocrx_word' id='word_1_40' title='bbox 1862 729 2027 789; x_wconf 84' lang='lat' dir='ltr'><strong>atque</strong></span> <span class='ocrx_word' id='word_1_41' title='bbox 2060 721 2133 774; x_wconf 81' lang='lat' dir='ltr'><strong>ho</strong></span> 
     </span>
    </p>
   </div>
   <div class='ocr_carea' id='block_1_8' title="bbox 2252 711 3853 795">
    <p class='ocr_par' dir='ltr' id='par_1_8' title="bbox 2265 711 3853 785">
     <span class='ocr_line' id='line_1_8' title="bbox 2265 711 3853 785; baseline -0.001 -17"><span class='ocrx_word' id='word_1_42' title='bbox 2265 716 2379 782; x_wconf 84' lang='grc' dir='ltr'>τὸν,</span> <span class='ocrx_word' id='word_1_43' title='bbox 2413 714 2650 785; x_wconf 76' lang='grc' dir='ltr'>βεϐαιῶν</span> <span class='ocrx_word' id='word_1_44' title='bbox 2683 715 2740 766; x_wconf 86' lang='grc' dir='ltr'><strong>ἐν</strong></span> <span class='ocrx_word' id='word_1_45' title='bbox 2778 712 2925 784; x_wconf 79' lang='grc' dir='ltr'>αὐτῷ</span> <span class='ocrx_word' id='word_1_46' title='bbox 2957 714 3055 785; x_wconf 86' lang='grc' dir='ltr'><strong>τὴν</strong></span> <span class='ocrx_word' id='word_1_47' title='bbox 3082 712 3347 783; x_wconf 78' lang='grc' dir='ltr'><strong>διαθήκην</strong></span> <span class='ocrx_word' id='word_1_48' title='bbox 3386 729 3506 775; x_wconf 82' lang='grc' dir='ltr'>σου,</span> <span class='ocrx_word' id='word_1_49' title='bbox 3541 712 3636 764; x_wconf 74' lang='grc' dir='ltr'>καὶ</span> <span class='ocrx_word' id='word_1_50' title='bbox 3674 711 3853 777; x_wconf 68' lang='grc' dir='ltr'>ἐξελοῦ</span> 
     </span>
    </p>
   </div>
   <div class='ocr_carea' id='block_1_9' title="bbox 577 804 2133 887">
    <p class='ocr_par' dir='ltr' id='par_1_9' title="bbox 577 814 2133 887">
     <span class='ocr_line' id='line_1_9' title="bbox 577 814 2133 887; baseline -0.003 -16"><span class='ocrx_word' id='word_1_51' title='bbox 577 818 628 871; x_wconf 88' lang='lat' dir='ltr'><strong>ci</strong></span> <span class='ocrx_word' id='word_1_52' title='bbox 651 818 742 883; x_wconf 88' lang='lat' dir='ltr'><strong>da,</strong></span> <span class='ocrx_word' id='word_1_53' title='bbox 771 826 829 870; x_wconf 92' lang='lat' dir='ltr'><strong>ut</strong></span> <span class='ocrx_word' id='word_1_54' title='bbox 848 816 1083 887; x_wconf 81' lang='lat' dir='ltr'><strong>justitiae</strong></span> <span class='ocrx_word' id='word_1_55' title='bbox 1106 815 1345 870; x_wconf 86' lang='lat' dir='ltr'><strong>fructum</strong></span> <span class='ocrx_word' id='word_1_56' title='bbox 1366 814 1536 880; x_wconf 81' lang='lat' dir='ltr'><strong>ferat;</strong></span> <span class='ocrx_word' id='word_1_57' title='bbox 1565 816 1865 869; x_wconf 89' lang='lat' dir='ltr'><strong>corrobora</strong></span> <span class='ocrx_word' id='word_1_58' title='bbox 1889 830 2036 880; x_wconf 89' lang='lat' dir='ltr'><strong>eum,</strong></span> <span class='ocrx_word' id='word_1_59' title='bbox 2063 828 2133 884; x_wconf 89' lang='lat' dir='ltr'><strong>pa</strong></span> 
     </span>
    </p>
   </div>
   <div class='ocr_carea' id='block_1_10' title="bbox 2252 804 3852 887">
    <p class='ocr_par' dir='ltr' id='par_1_10' title="bbox 2269 804 3852 878">
     <span class='ocr_line' id='line_1_10' title="bbox 2269 804 3852 878; baseline -0.001 -16"><span class='ocrx_word' id='word_1_60' title='bbox 2269 812 2369 878; x_wconf 82' lang='grc' dir='ltr'>τῆς</span> <span class='ocrx_word' id='word_1_61' title='bbox 2404 810 2623 878; x_wconf 82' lang='grc' dir='ltr'><strong>ἀπάτης</strong></span> <span class='ocrx_word' id='word_1_62' title='bbox 2660 806 2756 860; x_wconf 81' lang='grc' dir='ltr'>τοῦ</span> <span class='ocrx_word' id='word_1_63' title='bbox 2788 807 3060 860; x_wconf 74' lang='grc' dir='ltr'>διαϐόλουο</span> <span class='ocrx_word' id='word_1_64' title='bbox 3089 810 3155 876; x_wconf 75' lang='grc' dir='ltr'>τῇ</span> <span class='ocrx_word' id='word_1_65' title='bbox 3187 806 3348 876; x_wconf 77' lang='grc' dir='ltr'>σοφίᾳ</span> <span class='ocrx_word' id='word_1_66' title='bbox 3386 805 3484 858; x_wconf 79' lang='grc' dir='ltr'>τοῦ</span> <span class='ocrx_word' id='word_1_67' title='bbox 3517 804 3723 874; x_wconf 76' lang='grc' dir='ltr'>άγαθοῦ</span> <span class='ocrx_word' id='word_1_68' title='bbox 3760 823 3852 861; x_wconf 85' lang='grc' dir='ltr'><strong>σου</strong></span> 
     </span>
    </p>
   </div>
   <div class='ocr_carea' id='block_1_11' title="bbox 578 898 2133 979">
    <p class='ocr_par' dir='ltr' id='par_1_11' title="bbox 578 907 2133 979">
     <span class='ocr_line' id='line_1_11' title="bbox 578 907 2133 979; baseline -0.003 -15"><span class='ocrx_word' id='word_1_69' title='bbox 578 919 729 964; x_wconf 90' lang='lat' dir='ltr'><strong>ctum</strong></span> <span class='ocrx_word' id='word_1_70' title='bbox 764 918 918 963; x_wconf 93' lang='lat' dir='ltr'><strong>tuum</strong></span> <span class='ocrx_word' id='word_1_71' title='bbox 971 910 1027 963; x_wconf 95' lang='lat' dir='ltr'><strong>in</strong></span> <span class='ocrx_word' id='word_1_72' title='bbox 1078 908 1201 979; x_wconf 92' lang='lat' dir='ltr'><strong>ipso</strong></span> <span class='ocrx_word' id='word_1_73' title='bbox 1245 907 1618 971; x_wconf 84' lang='lat' dir='ltr'><strong>conﬁrmans;</strong></span> <span class='ocrx_word' id='word_1_74' title='bbox 1665 921 1730 960; x_wconf 91' lang='lat' dir='ltr'><strong>ac</strong></span> <span class='ocrx_word' id='word_1_75' title='bbox 1778 921 1876 977; x_wconf 87' lang='lat' dir='ltr'><strong>per</strong></span> <span class='ocrx_word' id='word_1_76' title='bbox 1909 907 2032 961; x_wconf 88' lang='lat' dir='ltr'><strong>boui</strong></span> <span class='ocrx_word' id='word_1_77' title='bbox 2082 914 2133 960; x_wconf 84' lang='lat' dir='ltr'><strong>tu</strong></span> 
     </span>
    </p>
   </div>
   <div class='ocr_carea' id='block_1_12' title="bbox 2252 898 3851 979">
    <p class='ocr_par' dir='ltr' id='par_1_12' title="bbox 2268 898 3851 972">
     <span class='ocr_line' id='line_1_12' title="bbox 2268 898 3851 972; baseline -0.003 -17"><span class='ocrx_word' id='word_1_78' title='bbox 2268 901 2587 972; x_wconf 86' lang='grc' dir='ltr'>Πνεύματος</span> <span class='ocrx_word' id='word_1_79' title='bbox 2614 898 2826 964; x_wconf 78' lang='grc' dir='ltr'>δίδαξον</span> <span class='ocrx_word' id='word_1_80' title='bbox 2855 899 3020 953; x_wconf 81' lang='grc' dir='ltr'>αὑτὸν</span> <span class='ocrx_word' id='word_1_81' title='bbox 3050 902 3225 952; x_wconf 86' lang='grc' dir='ltr'>ποιεῖν</span> <span class='ocrx_word' id='word_1_82' title='bbox 3255 898 3315 951; x_wconf 92' lang='grc' dir='ltr'><strong>τὸ</strong></span> <span class='ocrx_word' id='word_1_83' title='bbox 3351 898 3567 968; x_wconf 84' lang='grc' dir='ltr'>θέλημά</span> <span class='ocrx_word' id='word_1_84' title='bbox 3596 915 3688 950; x_wconf 79' lang='grc' dir='ltr'><strong>σου</strong></span> <span class='ocrx_word' id='word_1_85' title='bbox 3719 898 3851 967; x_wconf 75' lang='grc'>(93),</span> 
     </span>
    </p>
   </div>
   <div class='ocr_carea' id='block_1_13' title="bbox 580 990 2133 1073">
    <p class='ocr_par' dir='ltr' id='par_1_13' title="bbox 580 998 2131 1073">
     <span class='ocr_line' id='line_1_13' title="bbox 580 998 2131 1073; baseline -0.003 -16"><span class='ocrx_word' id='word_1_86' title='bbox 580 1002 823 1073; x_wconf 87' lang='lat' dir='ltr'><strong>Spiritus</strong></span> <span class='ocrx_word' id='word_1_87' title='bbox 873 1002 1201 1072; x_wconf 78' lang='lat' dir='ltr'><strong>sapientiam</strong></span> <span class='ocrx_word' id='word_1_88' title='bbox 1247 1018 1371 1055; x_wconf 88' lang='lat' dir='ltr'><strong>eum</strong></span> <span class='ocrx_word' id='word_1_89' title='bbox 1414 1015 1442 1055; x_wconf 91' lang='lat' dir='ltr'><strong>a</strong></span> <span class='ocrx_word' id='word_1_90' title='bbox 1496 1000 1702 1054; x_wconf 88' lang='lat' dir='ltr'><strong>diaboli</strong></span> <span class='ocrx_word' id='word_1_91' title='bbox 1752 998 1948 1054; x_wconf 80' lang='lat' dir='ltr'><strong>fraude</strong></span> <span class='ocrx_word' id='word_1_92' title='bbox 2001 1011 2131 1069; x_wconf 90' lang='lat' dir='ltr'><strong>atqu</strong></span> 
     </span>
    </p>
   </div>
   <div class='ocr_carea' id='block_1_14' title="bbox 2252 990 3853 1073">
    <p class='ocr_par' dir='ltr' id='par_1_14' title="bbox 2270 990 3853 1065">
     <span class='ocr_line' id='line_1_14' title="bbox 2270 990 3853 1065; baseline -0.005 -16"><span class='ocrx_word' id='word_1_93' title='bbox 2270 996 2365 1049; x_wconf 67' lang='lat' dir='ltr'><strong>atati.</strong></span> <span class='ocrx_word' id='word_1_94' title='bbox 2414 995 2515 1064; x_wconf 79' lang='grc' dir='ltr'><strong>τὴν</strong></span> <span class='ocrx_word' id='word_1_95' title='bbox 2565 995 2817 1065; x_wconf 87' lang='grc' dir='ltr'>βοήθειάν</span> <span class='ocrx_word' id='word_1_96' title='bbox 2846 1011 2940 1047; x_wconf 91' lang='grc' dir='ltr'><strong>σου</strong></span> <span class='ocrx_word' id='word_1_97' title='bbox 2991 996 3067 1063; x_wconf 78' lang='grc' dir='ltr'>μὴ</span> <span class='ocrx_word' id='word_1_98' title='bbox 3105 992 3315 1063; x_wconf 75' lang='grc' dir='ltr'>ἀφέλῃς</span> <span class='ocrx_word' id='word_1_99' title='bbox 3342 990 3439 1044; x_wconf 80' lang='grc' dir='ltr'><strong>ἀπ’</strong></span> <span class='ocrx_word' id='word_1_100' title='bbox 3467 990 3661 1052; x_wconf 77' lang='grc' dir='ltr'>αὐτοῦ,</span> <span class='ocrx_word' id='word_1_101' title='bbox 3691 990 3853 1054; x_wconf 76' lang='grc' dir='ltr'>ἀξιῶν</span> 
     </span>
    </p>
   </div>
   <div class='ocr_carea' id='block_1_15' title="bbox 579 1082 2133 1162">
    <p class='ocr_par' dir='ltr' id='par_1_15' title="bbox 579 1089 2133 1162">
     <span class='ocr_line' id='line_1_15' title="bbox 579 1089 2133 1162; baseline -0.003 -15"><span class='ocrx_word' id='word_1_102' title='bbox 579 1093 888 1162; x_wconf 89' lang='lat' dir='ltr'><strong>impostura</strong></span> <span class='ocrx_word' id='word_1_103' title='bbox 919 1092 1093 1161; x_wconf 90' lang='lat' dir='ltr'><strong>eripe.</strong></span> <span class='ocrx_word' id='word_1_104' title='bbox 1120 1089 1264 1145; x_wconf 88' lang='lat' dir='ltr'><strong>Doce</strong></span> <span class='ocrx_word' id='word_1_105' title='bbox 1287 1108 1411 1144; x_wconf 91' lang='lat' dir='ltr'><strong>eum</strong></span> <span class='ocrx_word' id='word_1_106' title='bbox 1442 1092 1624 1145; x_wconf 79' lang='lat' dir='ltr'><strong>facere</strong></span> <span class='ocrx_word' id='word_1_107' title='bbox 1646 1089 1989 1143; x_wconf 79' lang='lat' dir='ltr'><strong>voluntatem</strong></span> <span class='ocrx_word' id='word_1_108' title='bbox 2019 1097 2133 1143; x_wconf 86' lang='lat' dir='ltr'><strong>tuat</strong></span> 
     </span>
    </p>
   </div>
   <div class='ocr_carea' id='block_1_16' title="bbox 2252 1082 3852 1162">
    <p class='ocr_par' dir='ltr' id='par_1_16' title="bbox 2272 1082 3852 1159">
     <span class='ocr_line' id='line_1_16' title="bbox 2272 1082 3852 1159; baseline -0.003 -20"><span class='ocrx_word' id='word_1_109' title='bbox 2272 1087 2370 1140; x_wconf 80' lang='grc' dir='ltr'><strong>σὺν</strong></span> <span class='ocrx_word' id='word_1_110' title='bbox 2400 1086 2525 1156; x_wconf 78' lang='grc' dir='ltr'>ἐμοὶ</span> <span class='ocrx_word' id='word_1_111' title='bbox 2568 1086 2644 1156; x_wconf 84' lang='grc' dir='ltr'>τῷ</span> <span class='ocrx_word' id='word_1_112' title='bbox 2682 1086 2890 1159; x_wconf 81' lang='grc' dir='ltr'><strong>ἀχρείῳ</strong></span> <span class='ocrx_word' id='word_1_113' title='bbox 2938 1102 3034 1140; x_wconf 92' lang='grc' dir='ltr'><strong>σου</strong></span> <span class='ocrx_word' id='word_1_114' title='bbox 3082 1085 3272 1155; x_wconf 79' lang='grc' dir='ltr'><strong>οἰκέτῃ</strong></span> <span class='ocrx_word' id='word_1_115' title='bbox 3319 1083 3431 1135; x_wconf 84' lang='grc' dir='ltr'><strong>τῶν</strong></span> <span class='ocrx_word' id='word_1_116' title='bbox 3480 1082 3852 1150; x_wconf 80' lang='grc' dir='ltr'>ἁτελευτήτων</span> 
     </span>
    </p>
   </div>
   <div class='ocr_carea' id='block_1_17' title="bbox 582 1169 2133 1257">
    <p class='ocr_par' dir='ltr' id='par_1_17' title="bbox 582 1179 2133 1257">
     <span class='ocr_line' id='line_1_17' title="bbox 582 1179 2133 1257; baseline -0.003 -20"><span class='ocrx_word' id='word_1_117' title='bbox 582 1184 767 1257; x_wconf 83' lang='lat' dir='ltr'><strong>(Psal.</strong></span> <span class='ocrx_word' id='word_1_118' title='bbox 810 1182 998 1255; x_wconf 74' lang='lat' dir='ltr'><strong>cun),</strong></span> <span class='ocrx_word' id='word_1_119' title='bbox 1040 1190 1093 1237; x_wconf 87' lang='lat' dir='ltr'><strong>et</strong></span> <span class='ocrx_word' id='word_1_120' title='bbox 1125 1183 1395 1236; x_wconf 82' lang='lat' dir='ltr'><strong>auxilium</strong></span> <span class='ocrx_word' id='word_1_121' title='bbox 1440 1190 1594 1235; x_wconf 89' lang='lat' dir='ltr'><strong>tuum</strong></span> <span class='ocrx_word' id='word_1_122' title='bbox 1632 1181 1702 1235; x_wconf 92' lang='lat' dir='ltr'><strong>ab</strong></span> <span class='ocrx_word' id='word_1_123' title='bbox 1732 1195 1799 1236; x_wconf 94' lang='lat' dir='ltr'><strong>eo</strong></span> <span class='ocrx_word' id='word_1_124' title='bbox 1842 1197 1911 1236; x_wconf 90' lang='lat' dir='ltr'><strong>ne</strong></span> <span class='ocrx_word' id='word_1_125' title='bbox 1950 1179 2133 1234; x_wconf 81' lang='lat' dir='ltr'><strong>aufera</strong></span> 
     </span>
    </p>
   </div>
   <div class='ocr_carea' id='block_1_18' title="bbox 2252 1169 3852 1257">
    <p class='ocr_par' dir='ltr' id='par_1_18' title="bbox 2274 1169 3852 1249">
     <span class='ocr_line' id='line_1_18' title="bbox 2274 1169 3852 1249; baseline -0.004 -18"><span class='ocrx_word' id='word_1_126' title='bbox 2274 1196 2369 1231; x_wconf 93' lang='grc' dir='ltr'><strong>σου</strong></span> <span class='ocrx_word' id='word_1_127' title='bbox 2401 1178 2623 1247; x_wconf 81' lang='grc' dir='ltr'>ἀγαθῶν</span> <span class='ocrx_word' id='word_1_128' title='bbox 2663 1178 3006 1249; x_wconf 80' lang='grc' dir='ltr'>κληρονόμον</span> <span class='ocrx_word' id='word_1_129' title='bbox 3046 1175 3324 1244; x_wconf 80' lang='grc' dir='ltr'>γενέσθαι,</span> <span class='ocrx_word' id='word_1_130' title='bbox 3359 1176 3443 1227; x_wconf 77' lang='grc' dir='ltr'>ὅτι</span> <span class='ocrx_word' id='word_1_131' title='bbox 3482 1172 3773 1243; x_wconf 78' lang='grc' dir='ltr'><strong>εὐλογητὸς</strong></span> <span class='ocrx_word' id='word_1_132' title='bbox 3806 1169 3852 1225; x_wconf 82' lang='grc' dir='ltr'><strong>εί</strong></span> 
     </span>
    </p>
   </div>
   <div class='ocr_carea' id='block_1_19' title="bbox 580 1271 2171 1348">
    <p class='ocr_par' dir='ltr' id='par_1_19' title="bbox 580 1271 2171 1348">
     <span class='ocr_line' id='line_1_19' title="bbox 580 1271 2171 1348; baseline -0.003 -20"><span class='ocrx_word' id='word_1_133' title='bbox 580 1274 757 1348; x_wconf 79' lang='lat' dir='ltr'><strong>(Psal.</strong></span> <span class='ocrx_word' id='word_1_134' title='bbox 810 1274 884 1343; x_wconf 76' lang='grc' dir='ltr'><strong>ι).</strong></span> <span class='ocrx_word' id='word_1_135' title='bbox 915 1273 1097 1343; x_wconf 85' lang='lat' dir='ltr'><strong>Atque</strong></span> <span class='ocrx_word' id='word_1_136' title='bbox 1132 1282 1186 1327; x_wconf 89' lang='lat' dir='ltr'><strong>et</strong></span> <span class='ocrx_word' id='word_1_137' title='bbox 1217 1272 1319 1342; x_wconf 87' lang='lat' dir='ltr'><strong>ipsi</strong></span> <span class='ocrx_word' id='word_1_138' title='bbox 1360 1281 1413 1327; x_wconf 90' lang='lat' dir='ltr'><strong>et</strong></span> <span class='ocrx_word' id='word_1_139' title='bbox 1453 1271 1587 1325; x_wconf 89' lang='lat' dir='ltr'><strong>mihi</strong></span> <span class='ocrx_word' id='word_1_140' title='bbox 1627 1286 1791 1327; x_wconf 87' lang='lat' dir='ltr'><strong>servo</strong></span> <span class='ocrx_word' id='word_1_141' title='bbox 1822 1271 2033 1336; x_wconf 91' lang='lat' dir='ltr'><strong>inutili,</strong></span> <span class='ocrx_word' id='word_1_142' title='bbox 2069 1272 2171 1325; x_wconf 87' lang='lat' dir='ltr'><strong>bo-</strong></span> 
     </span>
    </p>
   </div>
   <div class='ocr_carea' id='block_1_20' title="bbox 2272 1266 3541 1341">
    <p class='ocr_par' dir='ltr' id='par_1_20' title="bbox 2272 1266 3541 1341">
     <span class='ocr_line' id='line_1_20' title="bbox 2272 1266 3541 1341; baseline -0.003 -18"><span class='ocrx_word' id='word_1_143' title='bbox 2272 1270 2369 1323; x_wconf 77' lang='grc' dir='ltr'><strong>καὶ</strong></span> <span class='ocrx_word' id='word_1_144' title='bbox 2399 1269 2788 1341; x_wconf 81' lang='grc' dir='ltr'>δεδοξασμένος</span> <span class='ocrx_word' id='word_1_145' title='bbox 2818 1270 2896 1330; x_wconf 77' lang='grc' dir='ltr'><strong>είς</strong></span> <span class='ocrx_word' id='word_1_146' title='bbox 2919 1269 3047 1329; x_wconf 81' lang='grc' dir='ltr'>τοὺς</span> <span class='ocrx_word' id='word_1_147' title='bbox 3075 1266 3304 1329; x_wconf 82' lang='grc' dir='ltr'>αἰῶνας.</span> <span class='ocrx_word' id='word_1_148' title='bbox 3346 1266 3541 1336; x_wconf 73' lang='grc' dir='ltr'>Ἀμήν.</span> 
     </span>
    </p>
   </div>
   <div class='ocr_carea' id='block_1_21' title="bbox 578 1360 3850 1437">
    <p class='ocr_par' dir='ltr' id='par_1_21' title="bbox 578 1360 3850 1437">
     <span class='ocr_line' id='line_1_21' title="bbox 578 1360 3850 1437; baseline -0.002 -14"><span class='ocrx_word' id='word_1_149' title='bbox 578 1382 782 1423; x_wconf 90' lang='lat' dir='ltr'><strong>norum</strong></span> <span class='ocrx_word' id='word_1_150' title='bbox 817 1379 1039 1422; x_wconf 91' lang='lat' dir='ltr'><strong>tuorum</strong></span> <span class='ocrx_word' id='word_1_151' title='bbox 1070 1383 1192 1437; x_wconf 83' lang='lat' dir='ltr'><strong>quae</strong></span> <span class='ocrx_word' id='word_1_152' title='bbox 1228 1368 1390 1421; x_wconf 80' lang='lat' dir='ltr'><strong>ﬁnem</strong></span> <span class='ocrx_word' id='word_1_153' title='bbox 1425 1369 1707 1433; x_wconf 87' lang='lat' dir='ltr'><strong>nesciunt,</strong></span> <span class='ocrx_word' id='word_1_154' title='bbox 1748 1368 2123 1423; x_wconf 70' lang='lat' dir='ltr'><strong>liazi-etlitatem</strong></span> <span class='ocrx_word' id='word_1_155' title='bbox 2154 1366 2420 1436; x_wconf 81' lang='lat' dir='ltr'><strong>consequi</strong></span> <span class='ocrx_word' id='word_1_156' title='bbox 2455 1365 2725 1421; x_wconf 83' lang='lat' dir='ltr'><strong>beneﬁcio</strong></span> <span class='ocrx_word' id='word_1_157' title='bbox 2760 1372 2854 1419; x_wconf 92' lang='lat' dir='ltr'><strong>tuo</strong></span> <span class='ocrx_word' id='word_1_158' title='bbox 2885 1363 3192 1433; x_wconf 79' lang='lat' dir='ltr'><strong>contingat.</strong></span> <span class='ocrx_word' id='word_1_159' title='bbox 3221 1361 3496 1428; x_wconf 83' lang='lat' dir='ltr'><strong>Quoniam</strong></span> <span class='ocrx_word' id='word_1_160' title='bbox 3525 1360 3850 1416; x_wconf 72' lang='lat' dir='ltr'><strong>benedictum</strong></span> 
     </span>
    </p>
   </div>
   <div class='ocr_carea' id='block_1_22' title="bbox 574 1463 1942 1534">
    <p class='ocr_par' dir='ltr' id='par_1_22' title="bbox 574 1463 1942 1534">
     <span class='ocr_line' id='line_1_22' title="bbox 574 1463 1942 1534; baseline -0.002 -14"><span class='ocrx_word' id='word_1_161' title='bbox 574 1478 639 1520; x_wconf 85' lang='lat' dir='ltr'><strong>es</strong></span> <span class='ocrx_word' id='word_1_162' title='bbox 676 1470 735 1519; x_wconf 89' lang='lat' dir='ltr'><strong>et</strong></span> <span class='ocrx_word' id='word_1_163' title='bbox 769 1463 1055 1534; x_wconf 87' lang='lat' dir='ltr'><strong>gloriosus</strong></span> <span class='ocrx_word' id='word_1_164' title='bbox 1088 1464 1145 1517; x_wconf 90' lang='lat' dir='ltr'><strong>in</strong></span> <span class='ocrx_word' id='word_1_165' title='bbox 1174 1466 1399 1519; x_wconf 62' lang='lat' dir='ltr'><strong>saicula.</strong></span> <span class='ocrx_word' id='word_1_166' title='bbox 1431 1463 1605 1517; x_wconf 86' lang='lat' dir='ltr'><strong>Amen</strong></span> <span class='ocrx_word' id='word_1_167' title='bbox 1636 1466 1802 1533; x_wconf 84' lang='lat' dir='ltr'><strong>(Dan.</strong></span> <span class='ocrx_word' id='word_1_168' title='bbox 1840 1468 1942 1529; x_wconf 87' lang='grc' dir='ltr'>ιιι).</span> 
     </span>
    </p>
   </div>
   <div class='ocr_carea' id='block_1_23' title="bbox 646 1551 2139 1625">
    <p class='ocr_par' dir='ltr' id='par_1_23' title="bbox 646 1551 2139 1625">
     <span class='ocr_line' id='line_1_23' title="bbox 646 1551 2139 1625; baseline 0.005 -23"><span class='ocrx_word' id='word_1_169' title='bbox 646 1551 903 1603; x_wconf 82' lang='lat' dir='ltr'><strong>Absoluta</strong></span> <span class='ocrx_word' id='word_1_170' title='bbox 945 1561 1116 1604; x_wconf 89' lang='lat' dir='ltr'><strong>autem</strong></span> <span class='ocrx_word' id='word_1_171' title='bbox 1148 1555 1423 1619; x_wconf 80' lang='lat' dir='ltr'><strong>oratione;</strong></span> <span class='ocrx_word' id='word_1_172' title='bbox 1448 1567 1774 1621; x_wconf 88' lang='lat' dir='ltr'><strong>conversus,</strong></span> <span class='ocrx_word' id='word_1_173' title='bbox 1823 1557 1991 1625; x_wconf 89' lang='lat' dir='ltr'><strong>ipsum</strong></span> <span class='ocrx_word' id='word_1_174' title='bbox 2029 1571 2139 1625; x_wconf 70' lang='lat' dir='ltr'><strong>jam</strong></span> 
     </span>
    </p>
   </div>
   <div class='ocr_carea' id='block_1_24' title="bbox 577 1640 2137 1718">
    <p class='ocr_par' dir='ltr' id='par_1_24' title="bbox 577 1640 2137 1718">
     <span class='ocr_line' id='line_1_24' title="bbox 577 1640 2137 1718; baseline 0.007 -27"><span class='ocrx_word' id='word_1_175' title='bbox 577 1640 811 1695; x_wconf 71' lang='lat' dir='ltr'><strong>cmlestis</strong></span> <span class='ocrx_word' id='word_1_176' title='bbox 839 1640 1009 1696; x_wconf 88' lang='lat' dir='ltr'><strong>Patris</strong></span> <span class='ocrx_word' id='word_1_177' title='bbox 1036 1642 1199 1696; x_wconf 85' lang='lat' dir='ltr'><strong>tilium</strong></span> <span class='ocrx_word' id='word_1_178' title='bbox 1227 1644 1563 1699; x_wconf 80' lang='lat' dir='ltr'><strong>exosculatus</strong></span> <span class='ocrx_word' id='word_1_179' title='bbox 1584 1657 1690 1710; x_wconf 88' lang='lat' dir='ltr'><strong>est,</strong></span> <span class='ocrx_word' id='word_1_180' title='bbox 1722 1662 2009 1718; x_wconf 87' lang='lat' dir='ltr'><strong>pacemque</strong></span> <span class='ocrx_word' id='word_1_181' title='bbox 2032 1649 2137 1716; x_wconf 86' lang='lat' dir='ltr'><strong>ipsi</strong></span> 
     </span>
    </p>
   </div>
   <div class='ocr_carea' id='block_1_25' title="bbox 577 1732 2139 1806">
    <p class='ocr_par' dir='ltr' id='par_1_25' title="bbox 577 1732 2139 1806">
     <span class='ocr_line' id='line_1_25' title="bbox 577 1732 2139 1806; baseline 0.007 -24"><span class='ocrx_word' id='word_1_182' title='bbox 577 1744 641 1783; x_wconf 88' lang='lat' dir='ltr'><strong>ac</strong></span> <span class='ocrx_word' id='word_1_183' title='bbox 665 1732 1037 1800; x_wconf 86' lang='lat' dir='ltr'><strong>sempiternam</strong></span> <span class='ocrx_word' id='word_1_184' title='bbox 1068 1734 1289 1788; x_wconf 88' lang='lat' dir='ltr'><strong>salutem</strong></span> <span class='ocrx_word' id='word_1_185' title='bbox 1340 1744 1602 1804; x_wconf 87' lang='lat' dir='ltr'><strong>precatus,</strong></span> <span class='ocrx_word' id='word_1_186' title='bbox 1629 1753 1696 1793; x_wconf 88' lang='lat' dir='ltr'><strong>ex</strong></span> <span class='ocrx_word' id='word_1_187' title='bbox 1739 1740 1856 1792; x_wconf 90' lang='lat' dir='ltr'><strong>aula</strong></span> <span class='ocrx_word' id='word_1_188' title='bbox 1883 1742 2139 1806; x_wconf 85' lang='lat' dir='ltr'><strong>excessit,</strong></span> 
     </span>
    </p>
   </div>
   <div class='ocr_carea' id='block_1_26' title="bbox 580 1819 2144 1897">
    <p class='ocr_par' dir='ltr' id='par_1_26' title="bbox 580 1819 2144 1897">
     <span class='ocr_line' id='line_1_26' title="bbox 580 1819 2144 1897; baseline 0.007 -25"><span class='ocrx_word' id='word_1_189' title='bbox 580 1819 835 1889; x_wconf 66' lang='lat' dir='ltr'><strong>laetusque</strong></span> <span class='ocrx_word' id='word_1_190' title='bbox 864 1822 1010 1887; x_wconf 88' lang='lat' dir='ltr'><strong>abiit,</strong></span> <span class='ocrx_word' id='word_1_191' title='bbox 1042 1823 1236 1891; x_wconf 81' lang='lat' dir='ltr'><strong>gratias</strong></span> <span class='ocrx_word' id='word_1_192' title='bbox 1268 1825 1376 1877; x_wconf 91' lang='lat' dir='ltr'><strong>Deo</strong></span> <span class='ocrx_word' id='word_1_193' title='bbox 1413 1840 1596 1895; x_wconf 89' lang='lat' dir='ltr'><strong>agens,</strong></span> <span class='ocrx_word' id='word_1_194' title='bbox 1645 1828 1799 1897; x_wconf 82' lang='lat' dir='ltr'><strong>cujus</strong></span> <span class='ocrx_word' id='word_1_195' title='bbox 1836 1830 2015 1886; x_wconf 76' lang='lat' dir='ltr'><strong>favore</strong></span> <span class='ocrx_word' id='word_1_196' title='bbox 2043 1831 2144 1885; x_wconf 87' lang='lat' dir='ltr'><strong>iter</strong></span> 
     </span>
    </p>
   </div>
   <div class='ocr_carea' id='block_1_27' title="bbox 580 1908 1653 1974">
    <p class='ocr_par' dir='ltr' id='par_1_27' title="bbox 580 1908 1653 1974">
     <span class='ocr_line' id='line_1_27' title="bbox 580 1908 1653 1974; baseline 0.007 -13"><span class='ocrx_word' id='word_1_197' title='bbox 580 1908 681 1974; x_wconf 69' lang='lat' dir='ltr'><strong>ipsi</strong></span> <span class='ocrx_word' id='word_1_198' title='bbox 711 1924 779 1963; x_wconf 86' lang='lat' dir='ltr'><strong>ex</strong></span> <span class='ocrx_word' id='word_1_199' title='bbox 807 1911 967 1964; x_wconf 87' lang='lat' dir='ltr'><strong>animi</strong></span> <span class='ocrx_word' id='word_1_200' title='bbox 996 1912 1257 1966; x_wconf 83' lang='lat' dir='ltr'><strong>sententia</strong></span> <span class='ocrx_word' id='word_1_201' title='bbox 1300 1927 1653 1970; x_wconf 87' lang='lat' dir='ltr'><strong>successerat.</strong></span> 
     </span>
    </p>
   </div>
   <div class='ocr_carea' id='block_1_28' title="bbox 649 1998 2146 2077">
    <p class='ocr_par' dir='ltr' id='par_1_28' title="bbox 649 1998 2146 2077">
     <span class='ocr_line' id='line_1_28' title="bbox 649 1998 2146 2077; baseline 0.007 -24"><span class='ocrx_word' id='word_1_202' title='bbox 649 1999 775 2053; x_wconf 74' lang='lat' dir='ltr'><strong>CAP.</strong></span> <span class='ocrx_word' id='word_1_203' title='bbox 808 1998 972 2055; x_wconf 81' lang='lat' dir='ltr'><strong>XXII.</strong></span> <span class='ocrx_word' id='word_1_204' title='bbox 1002 2030 1072 2041; x_wconf 90' lang='lat'><strong>—</strong></span> <span class='ocrx_word' id='word_1_205' title='bbox 1096 2001 1351 2070; x_wconf 78' lang='lat' dir='ltr'><strong>Josapliat</strong></span> <span class='ocrx_word' id='word_1_206' title='bbox 1387 2014 1563 2059; x_wconf 89' lang='lat' dir='ltr'><strong>autem</strong></span> <span class='ocrx_word' id='word_1_207' title='bbox 1585 2047 1599 2069; x_wconf 91' lang='lat'><strong>,</strong></span> <span class='ocrx_word' id='word_1_208' title='bbox 1631 2018 1969 2077; x_wconf 69' lang='lat' dir='ltr'><strong>posmaquam</strong></span> <span class='ocrx_word' id='word_1_209' title='bbox 2016 2010 2146 2065; x_wconf 75' lang='lat' dir='ltr'><strong>exiit</strong></span> 
     </span>
    </p>
   </div>
   <div class='ocr_carea' id='block_1_29' title="bbox 577 2086 2142 2168">
    <p class='ocr_par' dir='ltr' id='par_1_29' title="bbox 577 2086 2142 2168">
     <span class='ocr_line' id='line_1_29' title="bbox 577 2086 2142 2168; baseline 0.01 -28"><span class='ocrx_word' id='word_1_210' title='bbox 577 2086 818 2143; x_wconf 88' lang='lat' dir='ltr'><strong>Barlaam</strong></span> <span class='ocrx_word' id='word_1_211' title='bbox 840 2128 858 2156; x_wconf 92' lang='lat'><strong>,</strong></span> <span class='ocrx_word' id='word_1_212' title='bbox 902 2091 1146 2158; x_wconf 91' lang='lat' dir='ltr'><strong>precibus</strong></span> <span class='ocrx_word' id='word_1_213' title='bbox 1174 2108 1293 2147; x_wconf 88' lang='lat' dir='ltr'><strong>sese</strong></span> <span class='ocrx_word' id='word_1_214' title='bbox 1320 2094 1495 2161; x_wconf 84' lang='lat' dir='ltr'><strong>dedit,</strong></span> <span class='ocrx_word' id='word_1_215' title='bbox 1542 2098 2019 2168; x_wconf 89' lang='lat' dir='ltr'><strong>calentissimisque</strong></span> <span class='ocrx_word' id='word_1_216' title='bbox 2063 2100 2142 2154; x_wconf 87' lang='lat' dir='ltr'><strong>la-</strong></span> 
     </span>
    </p>
   </div>
   <div class='ocr_carea' id='block_1_30' title="bbox 576 2179 2143 2249">
    <p class='ocr_par' dir='ltr' id='par_1_30' title="bbox 576 2179 2143 2249">
     <span class='ocr_line' id='line_1_30' title="bbox 576 2179 2143 2249; baseline 0.011 -21"><span class='ocrx_word' id='word_1_217' title='bbox 576 2181 777 2244; x_wconf 78' lang='lat' dir='ltr'><strong>crymis</strong></span> <span class='ocrx_word' id='word_1_218' title='bbox 802 2179 1034 2249; x_wconf 79' lang='lat' dir='ltr'><strong>profusis</strong></span> <span class='ocrx_word' id='word_1_219' title='bbox 1083 2182 1149 2236; x_wconf 91' lang='lat' dir='ltr'><strong>ad</strong></span> <span class='ocrx_word' id='word_1_220' title='bbox 1185 2184 1325 2238; x_wconf 87' lang='lat' dir='ltr'><strong>hunc</strong></span> <span class='ocrx_word' id='word_1_221' title='bbox 1360 2187 1576 2241; x_wconf 90' lang='lat' dir='ltr'><strong>modum</strong></span> <span class='ocrx_word' id='word_1_222' title='bbox 1620 2188 1824 2245; x_wconf 91' lang='lat' dir='ltr'><strong>locutus</strong></span> <span class='ocrx_word' id='word_1_223' title='bbox 1854 2202 1973 2246; x_wconf 87' lang='lat' dir='ltr'><strong>est:</strong></span> <span class='ocrx_word' id='word_1_224' title='bbox 2005 2191 2143 2246; x_wconf 88' lang='lat' dir='ltr'><strong>Deus</strong></span> 
     </span>
    </p>
   </div>
   <div class='ocr_carea' id='block_1_31' title="bbox 578 2266 2139 2350">
    <p class='ocr_par' dir='ltr' id='par_1_31' title="bbox 578 2266 2139 2350">
     <span class='ocr_line' id='line_1_31' title="bbox 578 2266 2139 2350; baseline 0.011 -30"><span class='ocrx_word' id='word_1_225' title='bbox 578 2266 631 2320; x_wconf 87' lang='lat' dir='ltr'><strong>in</strong></span> <span class='ocrx_word' id='word_1_226' title='bbox 656 2266 972 2336; x_wconf 89' lang='lat' dir='ltr'><strong>adjutorium</strong></span> <span class='ocrx_word' id='word_1_227' title='bbox 997 2286 1171 2325; x_wconf 88' lang='lat' dir='ltr'><strong>meum</strong></span> <span class='ocrx_word' id='word_1_228' title='bbox 1198 2274 1434 2342; x_wconf 83' lang='lat' dir='ltr'><strong>intende,</strong></span> <span class='ocrx_word' id='word_1_229' title='bbox 1464 2277 1681 2332; x_wconf 90' lang='lat' dir='ltr'><strong>Domine</strong></span> <span class='ocrx_word' id='word_1_230' title='bbox 1702 2280 1767 2333; x_wconf 91' lang='lat' dir='ltr'><strong>ad</strong></span> <span class='ocrx_word' id='word_1_231' title='bbox 1784 2281 2139 2350; x_wconf 86' lang='lat' dir='ltr'><strong>adjuvandum</strong></span> 
     </span>
    </p>
   </div>
   <div class='ocr_carea' id='block_1_32' title="bbox 579 2357 2141 2433">
    <p class='ocr_par' dir='ltr' id='par_1_32' title="bbox 579 2357 2141 2433">
     <span class='ocr_line' id='line_1_32' title="bbox 579 2357 2141 2433; baseline 0.013 -25"><span class='ocrx_word' id='word_1_232' title='bbox 579 2371 665 2410; x_wconf 88' lang='lat' dir='ltr'><strong>me</strong></span> <span class='ocrx_word' id='word_1_233' title='bbox 696 2357 892 2413; x_wconf 81' lang='lat' dir='ltr'><strong>festina</strong></span> <span class='ocrx_word' id='word_1_234' title='bbox 919 2358 1089 2431; x_wconf 82' lang='lat' dir='ltr'><strong>(Psal.</strong></span> <span class='ocrx_word' id='word_1_235' title='bbox 1124 2365 1291 2433; x_wconf 82' lang='lat' dir='ltr'><strong>uix).</strong></span> <span class='ocrx_word' id='word_1_236' title='bbox 1317 2365 1575 2433; x_wconf 87' lang='lat' dir='ltr'><strong>Quoniam</strong></span> <span class='ocrx_word' id='word_1_237' title='bbox 1609 2370 1702 2423; x_wconf 90' lang='lat' dir='ltr'><strong>tibi</strong></span> <span class='ocrx_word' id='word_1_238' title='bbox 1748 2371 2034 2427; x_wconf 88' lang='lat' dir='ltr'><strong>derelictus</strong></span> <span class='ocrx_word' id='word_1_239' title='bbox 2058 2383 2141 2429; x_wconf 88' lang='lat' dir='ltr'><strong>est</strong></span> 
     </span>
    </p>
   </div>
   <div class='ocr_carea' id='block_1_33' title="bbox 579 2453 2139 2533">
    <p class='ocr_par' dir='ltr' id='par_1_33' title="bbox 579 2453 2139 2533">
     <span class='ocr_line' id='line_1_33' title="bbox 579 2453 2139 2533; baseline 0.013 -33"><span class='ocrx_word' id='word_1_240' title='bbox 579 2462 820 2519; x_wconf 87' lang='lat' dir='ltr'><strong>pauper:</strong></span> <span class='ocrx_word' id='word_1_241' title='bbox 853 2453 1093 2521; x_wconf 82' lang='lat' dir='ltr'><strong>orphano</strong></span> <span class='ocrx_word' id='word_1_242' title='bbox 1124 2464 1176 2508; x_wconf 95' lang='lat' dir='ltr'><strong>tu</strong></span> <span class='ocrx_word' id='word_1_243' title='bbox 1206 2459 1311 2511; x_wconf 90' lang='lat' dir='ltr'><strong>eris</strong></span> <span class='ocrx_word' id='word_1_244' title='bbox 1344 2459 1551 2527; x_wconf 86' lang='lat' dir='ltr'><strong>adjutor</strong></span> <span class='ocrx_word' id='word_1_245' title='bbox 1581 2459 1748 2530; x_wconf 74' lang='lat' dir='ltr'><strong>(Psal.</strong></span> <span class='ocrx_word' id='word_1_246' title='bbox 1786 2463 1882 2533; x_wconf 84' lang='lat' dir='ltr'><strong>Ix).</strong></span> <span class='ocrx_word' id='word_1_247' title='bbox 1916 2464 2139 2532; x_wconf 77' lang='lat' dir='ltr'><strong>Respice</strong></span> 
     </span>
    </p>
   </div>
   <div class='ocr_carea' id='block_1_34' title="bbox 572 2536 2139 2621">
    <p class='ocr_par' dir='ltr' id='par_1_34' title="bbox 572 2536 2139 2621">
     <span class='ocr_line' id='line_1_34' title="bbox 572 2536 2139 2621; baseline 0.014 -32"><span class='ocrx_word' id='word_1_248' title='bbox 572 2536 626 2589; x_wconf 89' lang='lat' dir='ltr'><strong>in</strong></span> <span class='ocrx_word' id='word_1_249' title='bbox 661 2553 765 2604; x_wconf 90' lang='lat' dir='ltr'><strong>me,</strong></span> <span class='ocrx_word' id='word_1_250' title='bbox 798 2550 849 2594; x_wconf 88' lang='lat' dir='ltr'><strong>et</strong></span> <span class='ocrx_word' id='word_1_251' title='bbox 876 2545 1129 2599; x_wconf 85' lang='lat' dir='ltr'><strong>miserere</strong></span> <span class='ocrx_word' id='word_1_252' title='bbox 1151 2547 1253 2599; x_wconf 92' lang='lat' dir='ltr'><strong>mei</strong></span> <span class='ocrx_word' id='word_1_253' title='bbox 1283 2546 1446 2616; x_wconf 80' lang='lat' dir='ltr'><strong>(Psal.</strong></span> <span class='ocrx_word' id='word_1_254' title='bbox 1480 2552 1704 2621; x_wconf 81' lang='lat' dir='ltr'><strong>Lxxxv),</strong></span> <span class='ocrx_word' id='word_1_255' title='bbox 1734 2556 1821 2621; x_wconf 92' lang='lat' dir='ltr'><strong>qui</strong></span> <span class='ocrx_word' id='word_1_256' title='bbox 1845 2570 2030 2610; x_wconf 88' lang='lat' dir='ltr'><strong>omnes</strong></span> <span class='ocrx_word' id='word_1_257' title='bbox 2060 2557 2139 2612; x_wconf 88' lang='lat' dir='ltr'><strong>vis</strong></span> 
     </span>
    </p>
   </div>
   <div class='ocr_carea' id='block_1_35' title="bbox 573 2628 2135 2718">
    <p class='ocr_par' dir='ltr' id='par_1_35' title="bbox 573 2628 2135 2718">
     <span class='ocr_line' id='line_1_35' title="bbox 573 2628 2135 2718; baseline 0.013 -38"><span class='ocrx_word' id='word_1_258' title='bbox 573 2628 751 2682; x_wconf 87' lang='lat' dir='ltr'><strong>salvos</strong></span> <span class='ocrx_word' id='word_1_259' title='bbox 800 2628 950 2696; x_wconf 80' lang='lat' dir='ltr'><strong>ﬁeri,</strong></span> <span class='ocrx_word' id='word_1_260' title='bbox 999 2642 1055 2687; x_wconf 91' lang='lat' dir='ltr'><strong>et</strong></span> <span class='ocrx_word' id='word_1_261' title='bbox 1095 2633 1161 2689; x_wconf 91' lang='lat' dir='ltr'><strong>ad</strong></span> <span class='ocrx_word' id='word_1_262' title='bbox 1206 2638 1527 2704; x_wconf 88' lang='lat' dir='ltr'><strong>agnitionem</strong></span> <span class='ocrx_word' id='word_1_263' title='bbox 1573 2646 1811 2698; x_wconf 83' lang='lat' dir='ltr'><strong>veritatis</strong></span> <span class='ocrx_word' id='word_1_264' title='bbox 1841 2647 2023 2702; x_wconf 89' lang='lat' dir='ltr'><strong>venire</strong></span> <span class='ocrx_word' id='word_1_265' title='bbox 2048 2646 2135 2718; x_wconf 89' lang='lat' dir='ltr'><strong>(Il</strong></span> 
     </span>
    </p>
   </div>
   <div class='ocr_carea' id='block_1_36' title="bbox 576 2721 2138 2804">
    <p class='ocr_par' dir='ltr' id='par_1_36' title="bbox 576 2721 2138 2804">
     <span class='ocr_line' id='line_1_36' title="bbox 576 2721 2138 2804; baseline 0.013 -29"><span class='ocrx_word' id='word_1_266' title='bbox 576 2721 712 2777; x_wconf 80' lang='lat' dir='ltr'><strong>Tim.</strong></span> <span class='ocrx_word' id='word_1_267' title='bbox 744 2725 805 2794; x_wconf 91' lang='grc' dir='ltr'><strong>ι).</strong></span> <span class='ocrx_word' id='word_1_268' title='bbox 836 2725 997 2781; x_wconf 89' lang='lat' dir='ltr'><strong>Serva</strong></span> <span class='ocrx_word' id='word_1_269' title='bbox 1029 2745 1137 2796; x_wconf 90' lang='lat' dir='ltr'><strong>me,</strong></span> <span class='ocrx_word' id='word_1_270' title='bbox 1167 2746 1365 2800; x_wconf 71' lang='lat' dir='ltr'><strong>quaeso,</strong></span> <span class='ocrx_word' id='word_1_271' title='bbox 1396 2736 1665 2804; x_wconf 90' lang='lat' dir='ltr'><strong>indignum</strong></span> <span class='ocrx_word' id='word_1_272' title='bbox 1696 2737 1822 2794; x_wconf 89' lang='lat' dir='ltr'><strong>licet</strong></span> <span class='ocrx_word' id='word_1_273' title='bbox 1849 2740 2138 2796; x_wconf 86' lang='lat' dir='ltr'><strong>homuncu-</strong></span> 
     </span>
    </p>
   </div>
   <div class='ocr_carea' id='block_1_37' title="bbox 573 2812 2136 2891">
    <p class='ocr_par' dir='ltr' id='par_1_37' title="bbox 573 2812 2136 2891">
     <span class='ocr_line' id='line_1_37' title="bbox 573 2812 2136 2891; baseline 0.015 -24"><span class='ocrx_word' id='word_1_274' title='bbox 573 2812 705 2881; x_wconf 84' lang='lat' dir='ltr'><strong>lum,</strong></span> <span class='ocrx_word' id='word_1_275' title='bbox 728 2829 885 2885; x_wconf 91' lang='lat' dir='ltr'><strong>atque</strong></span> <span class='ocrx_word' id='word_1_276' title='bbox 909 2822 1219 2890; x_wconf 89' lang='lat' dir='ltr'><strong>corrobora,</strong></span> <span class='ocrx_word' id='word_1_277' title='bbox 1248 2834 1305 2878; x_wconf 93' lang='lat' dir='ltr'><strong>ut</strong></span> <span class='ocrx_word' id='word_1_278' title='bbox 1338 2828 1385 2883; x_wconf 84' lang='lat' dir='ltr'><strong>iu</strong></span> <span class='ocrx_word' id='word_1_279' title='bbox 1429 2839 1731 2885; x_wconf 89' lang='lat' dir='ltr'><strong>sanctorum</strong></span> <span class='ocrx_word' id='word_1_280' title='bbox 1771 2833 2136 2891; x_wconf 89' lang='lat' dir='ltr'><strong>mandatorum</strong></span> 
     </span>
    </p>
   </div>
   <div class='ocr_carea' id='block_1_38' title="bbox 577 2912 2138 2990">
    <p class='ocr_par' dir='ltr' id='par_1_38' title="bbox 577 2912 2138 2990">
     <span class='ocr_line' id='line_1_38' title="bbox 577 2912 2138 2990; baseline 0.015 -31"><span class='ocrx_word' id='word_1_281' title='bbox 577 2914 783 2963; x_wconf 89' lang='lat' dir='ltr'><strong>tuorum</strong></span> <span class='ocrx_word' id='word_1_282' title='bbox 816 2912 893 2965; x_wconf 71' lang='lat' dir='ltr'><strong>via</strong></span> <span class='ocrx_word' id='word_1_283' title='bbox 920 2913 1206 2969; x_wconf 89' lang='lat' dir='ltr'><strong>ambulem.</strong></span> <span class='ocrx_word' id='word_1_284' title='bbox 1238 2917 1493 2984; x_wconf 87' lang='lat' dir='ltr'><strong>Quoniam</strong></span> <span class='ocrx_word' id='word_1_285' title='bbox 1523 2937 1623 2990; x_wconf 89' lang='lat' dir='ltr'><strong>ego</strong></span> <span class='ocrx_word' id='word_1_286' title='bbox 1653 2925 1927 2980; x_wconf 89' lang='lat' dir='ltr'><strong>imbecillis</strong></span> <span class='ocrx_word' id='word_1_287' title='bbox 1949 2942 2012 2981; x_wconf 91' lang='lat' dir='ltr'><strong>ac</strong></span> <span class='ocrx_word' id='word_1_288' title='bbox 2040 2928 2138 2982; x_wconf 88' lang='lat' dir='ltr'><strong>mi-</strong></span> 
     </span>
    </p>
   </div>
   <div class='ocr_carea' id='block_1_39' title="bbox 508 3006 2140 3092">
    <p class='ocr_par' dir='ltr' id='par_1_39' title="bbox 508 3006 2140 3092">
     <span class='ocr_line' id='line_1_39' title="bbox 508 3006 2140 3092; baseline 0.017 -42"><span class='ocrx_word' id='word_1_289' title='bbox 508 3054 511 3057; x_wconf 49' lang='grc'><strong>,</strong></span> <span class='ocrx_word' id='word_1_290' title='bbox 571 3012 659 3092; x_wconf 84' lang='lat' dir='ltr'><strong>ser</strong></span> <span class='ocrx_word' id='word_1_291' title='bbox 681 3013 818 3092; x_wconf 62' lang='lat' dir='ltr'><strong>suun,</strong></span> <span class='ocrx_word' id='word_1_292' title='bbox 846 3019 943 3058; x_wconf 93' lang='lat' dir='ltr'><strong>nec</strong></span> <span class='ocrx_word' id='word_1_293' title='bbox 964 3006 1028 3060; x_wconf 84' lang='lat' dir='ltr'><strong>iis</strong></span> <span class='ocrx_word' id='word_1_294' title='bbox 1050 3008 1269 3075; x_wconf 88' lang='lat' dir='ltr'><strong>viribus,</strong></span> <span class='ocrx_word' id='word_1_295' title='bbox 1292 3020 1349 3065; x_wconf 92' lang='lat' dir='ltr'><strong>ut</strong></span> <span class='ocrx_word' id='word_1_296' title='bbox 1369 3014 1491 3067; x_wconf 89' lang='lat' dir='ltr'><strong>boni</strong></span> <span class='ocrx_word' id='word_1_297' title='bbox 1514 3016 1798 3087; x_wconf 89' lang='lat' dir='ltr'><strong>quidquam</strong></span> <span class='ocrx_word' id='word_1_298' title='bbox 1822 3020 2001 3076; x_wconf 82' lang='lat' dir='ltr'><strong>facere</strong></span> <span class='ocrx_word' id='word_1_299' title='bbox 2024 3038 2140 3092; x_wconf 90' lang='lat' dir='ltr'><strong>pos-</strong></span> 
     </span>
    </p>
   </div>
   <div class='ocr_carea' id='block_1_40' title="bbox 572 3089 2135 3183">
    <p class='ocr_par' dir='ltr' id='par_1_40' title="bbox 572 3089 2135 3183">
     <span class='ocr_line' id='line_1_40' title="bbox 572 3089 2135 3183; baseline 0.019 -43"><span class='ocrx_word' id='word_1_300' title='bbox 572 3090 693 3143; x_wconf 91' lang='lat' dir='ltr'><strong>sim.</strong></span> <span class='ocrx_word' id='word_1_301' title='bbox 724 3089 801 3146; x_wconf 90' lang='lat' dir='ltr'><strong>Tu</strong></span> <span class='ocrx_word' id='word_1_302' title='bbox 830 3109 957 3149; x_wconf 89' lang='lat' dir='ltr'><strong>vero</strong></span> <span class='ocrx_word' id='word_1_303' title='bbox 985 3098 1211 3154; x_wconf 87' lang='lat' dir='ltr'><strong>salutem</strong></span> <span class='ocrx_word' id='word_1_304' title='bbox 1244 3103 1371 3158; x_wconf 85' lang='lat' dir='ltr'><strong>mihi</strong></span> <span class='ocrx_word' id='word_1_305' title='bbox 1404 3106 1598 3162; x_wconf 76' lang='lat' dir='ltr'><strong>all‘erre</strong></span> <span class='ocrx_word' id='word_1_306' title='bbox 1623 3120 1791 3177; x_wconf 87' lang='lat' dir='ltr'><strong>potes,</strong></span> <span class='ocrx_word' id='word_1_307' title='bbox 1825 3114 1911 3183; x_wconf 90' lang='lat' dir='ltr'><strong>qui</strong></span> <span class='ocrx_word' id='word_1_308' title='bbox 1936 3089 2135 3182; x_wconf 81' lang='lat' dir='ltr'><strong>omnia,</strong></span> 
     </span>
    </p>
   </div>
   <div class='ocr_carea' id='block_1_41' title="bbox 571 3186 2135 3274">
    <p class='ocr_par' dir='ltr' id='par_1_41' title="bbox 571 3186 2135 3274">
     <span class='ocr_line' id='line_1_41' title="bbox 571 3186 2135 3274; baseline 0.02 -45"><span class='ocrx_word' id='word_1_309' title='bbox 571 3186 682 3232; x_wconf 87' lang='lat' dir='ltr'><strong>tam</strong></span> <span class='ocrx_word' id='word_1_310' title='bbox 713 3197 831 3250; x_wconf 67' lang='lat' dir='ltr'><strong>qua:</strong></span> <span class='ocrx_word' id='word_1_311' title='bbox 860 3188 1027 3242; x_wconf 90' lang='lat' dir='ltr'><strong>oculis</strong></span> <span class='ocrx_word' id='word_1_312' title='bbox 1047 3203 1335 3249; x_wconf 90' lang='lat' dir='ltr'><strong>cernuntur</strong></span> <span class='ocrx_word' id='word_1_313' title='bbox 1355 3211 1510 3264; x_wconf 89' lang='lat' dir='ltr'><strong>quatn</strong></span> <span class='ocrx_word' id='word_1_314' title='bbox 1542 3214 1658 3267; x_wconf 62' lang='lat' dir='ltr'><strong>quae</strong></span> <span class='ocrx_word' id='word_1_315' title='bbox 1678 3204 1822 3256; x_wconf 90' lang='lat' dir='ltr'><strong>cerni</strong></span> <span class='ocrx_word' id='word_1_316' title='bbox 1846 3215 2135 3274; x_wconf 89' lang='lat' dir='ltr'><strong>nequeunt,</strong></span> 
     </span>
    </p>
   </div>
   <div class='ocr_carea' id='block_1_42' title="bbox 568 3273 2138 3361">
    <p class='ocr_par' dir='ltr' id='par_1_42' title="bbox 568 3273 2138 3361">
     <span class='ocr_line' id='line_1_42' title="bbox 568 3273 2138 3361; baseline 0.02 -40"><span class='ocrx_word' id='word_1_317' title='bbox 568 3273 812 3361; x_wconf 62' lang='lat' dir='ltr'><strong>conﬁnes</strong></span> <span class='ocrx_word' id='word_1_318' title='bbox 840 3285 997 3346; x_wconf 87' lang='lat' dir='ltr'><strong>atque</strong></span> <span class='ocrx_word' id='word_1_319' title='bbox 1025 3294 1327 3339; x_wconf 87' lang='lat' dir='ltr'><strong>conservas.</strong></span> <span class='ocrx_word' id='word_1_320' title='bbox 1363 3287 1439 3343; x_wconf 88' lang='lat' dir='ltr'><strong>Ne</strong></span> <span class='ocrx_word' id='word_1_321' title='bbox 1470 3305 1554 3343; x_wconf 91' lang='lat' dir='ltr'><strong>me</strong></span> <span class='ocrx_word' id='word_1_322' title='bbox 1585 3303 1702 3359; x_wconf 86' lang='lat' dir='ltr'><strong>post</strong></span> <span class='ocrx_word' id='word_1_323' title='bbox 1735 3273 2002 3361; x_wconf 87' lang='lat' dir='ltr'><strong>improbas</strong></span> <span class='ocrx_word' id='word_1_324' title='bbox 2019 3311 2138 3351; x_wconf 88' lang='lat' dir='ltr'><strong>car-</strong></span> 
     </span>
    </p>
   </div>
   <div class='ocr_carea' id='block_1_43' title="bbox 567 3358 2135 3444">
    <p class='ocr_par' dir='ltr' id='par_1_43' title="bbox 567 3358 2135 3444">
     <span class='ocr_line' id='line_1_43' title="bbox 567 3358 2135 3444; baseline 0.02 -33"><span class='ocrx_word' id='word_1_325' title='bbox 567 3358 651 3412; x_wconf 89' lang='lat' dir='ltr'><strong>nis</strong></span> <span class='ocrx_word' id='word_1_326' title='bbox 677 3376 807 3416; x_wconf 73' lang='lat' dir='ltr'><strong>mea:</strong></span> <span class='ocrx_word' id='word_1_327' title='bbox 830 3369 1128 3426; x_wconf 83' lang='lat' dir='ltr'><strong>voluntates</strong></span> <span class='ocrx_word' id='word_1_328' title='bbox 1149 3373 1295 3428; x_wconf 89' lang='lat' dir='ltr'><strong>abire</strong></span> <span class='ocrx_word' id='word_1_329' title='bbox 1316 3379 1461 3443; x_wconf 91' lang='lat' dir='ltr'><strong>sine;</strong></span> <span class='ocrx_word' id='word_1_330' title='bbox 1492 3358 1674 3435; x_wconf 89' lang='lat' dir='ltr'><strong>verum</strong></span> <span class='ocrx_word' id='word_1_331' title='bbox 1696 3358 1828 3437; x_wconf 81' lang='lat' dir='ltr'><strong>doce</strong></span> <span class='ocrx_word' id='word_1_332' title='bbox 1852 3400 1937 3439; x_wconf 87' lang='lat' dir='ltr'><strong>me</strong></span> <span class='ocrx_word' id='word_1_333' title='bbox 1958 3386 2135 3444; x_wconf 80' lang='lat' dir='ltr'><strong>facere</strong></span> 
     </span>
    </p>
   </div>
   <div class='ocr_carea' id='block_1_44' title="bbox 566 3449 2132 3543">
    <p class='ocr_par' dir='ltr' id='par_1_44' title="bbox 566 3449 2132 3543">
     <span class='ocr_line' id='line_1_44' title="bbox 566 3449 2132 3543; baseline 0.021 -44"><span class='ocrx_word' id='word_1_334' title='bbox 566 3449 886 3543; x_wconf 82' lang='lat' dir='ltr'><strong>voluntatem</strong></span> <span class='ocrx_word' id='word_1_335' title='bbox 916 3467 1056 3513; x_wconf 90' lang='lat' dir='ltr'><strong>tuam</strong></span> <span class='ocrx_word' id='word_1_336' title='bbox 1087 3460 1258 3528; x_wconf 80' lang='lat' dir='ltr'><strong>(Psal.</strong></span> <span class='ocrx_word' id='word_1_337' title='bbox 1282 3468 1469 3538; x_wconf 82' lang='lat' dir='ltr'><strong>cxut),</strong></span> <span class='ocrx_word' id='word_1_338' title='bbox 1493 3479 1651 3540; x_wconf 83' lang='lat' dir='ltr'><strong>atque</strong></span> <span class='ocrx_word' id='word_1_339' title='bbox 1678 3474 1726 3525; x_wconf 86' lang='lat' dir='ltr'><strong>in</strong></span> <span class='ocrx_word' id='word_1_340' title='bbox 1754 3473 2132 3543; x_wconf 84' lang='lat' dir='ltr'><strong>sempiternam</strong></span> 
     </span>
    </p>
   </div>
   <div class='ocr_carea' id='block_1_45' title="bbox 565 3541 2134 3633">
    <p class='ocr_par' dir='ltr' id='par_1_45' title="bbox 565 3541 2134 3633">
     <span class='ocr_line' id='line_1_45' title="bbox 565 3541 2134 3633; baseline 0.019 -39"><span class='ocrx_word' id='word_1_341' title='bbox 565 3553 627 3633; x_wconf 72' lang='lat' dir='ltr'><strong>ac</strong></span> <span class='ocrx_word' id='word_1_342' title='bbox 650 3541 858 3633; x_wconf 76' lang='lat' dir='ltr'><strong>beatam</strong></span> <span class='ocrx_word' id='word_1_343' title='bbox 887 3550 1045 3607; x_wconf 89' lang='lat' dir='ltr'><strong>vitam</strong></span> <span class='ocrx_word' id='word_1_344' title='bbox 1078 3569 1163 3609; x_wconf 90' lang='lat' dir='ltr'><strong>me</strong></span> <span class='ocrx_word' id='word_1_345' title='bbox 1191 3570 1468 3612; x_wconf 81' lang='lat' dir='ltr'><strong>conserva.</strong></span> <span class='ocrx_word' id='word_1_346' title='bbox 1502 3563 1545 3615; x_wconf 88' lang='grc' dir='ltr'>υ</span> <span class='ocrx_word' id='word_1_347' title='bbox 1591 3563 1776 3628; x_wconf 86' lang='lat' dir='ltr'><strong>Pater,</strong></span> <span class='ocrx_word' id='word_1_348' title='bbox 1809 3541 2023 3633; x_wconf 32' lang='lat' dir='ltr'><strong>(et—Fili,</strong></span> <span class='ocrx_word' id='word_1_349' title='bbox 2079 3577 2134 3624; x_wconf 87' lang='lat' dir='ltr'><strong>et</strong></span> 
     </span>
    </p>
   </div>
   <div class='ocr_carea' id='block_1_46' title="bbox 566 3628 2133 3724">
    <p class='ocr_par' dir='ltr' id='par_1_46' title="bbox 566 3628 2133 3724">
     <span class='ocr_line' id='line_1_46' title="bbox 566 3628 2133 3724; baseline 0.021 -44"><span class='ocrx_word' id='word_1_350' title='bbox 566 3628 742 3724; x_wconf 78' lang='lat' dir='ltr'><strong>divine</strong></span> <span class='ocrx_word' id='word_1_351' title='bbox 767 3633 1014 3703; x_wconf 83' lang='lat' dir='ltr'><strong>Spiritus.</strong></span> <span class='ocrx_word' id='word_1_352' title='bbox 1043 3646 1527 3712; x_wconf 72' lang='lat' dir='ltr'><strong>cousubsmntialis,</strong></span> <span class='ocrx_word' id='word_1_353' title='bbox 1554 3666 1614 3705; x_wconf 89' lang='lat' dir='ltr'><strong>ac</strong></span> <span class='ocrx_word' id='word_1_354' title='bbox 1636 3654 1911 3709; x_wconf 89' lang='lat' dir='ltr'><strong>divisionis</strong></span> <span class='ocrx_word' id='word_1_355' title='bbox 1934 3628 2133 3724; x_wconf 78' lang='lat' dir='ltr'><strong>expers</strong></span> 
     </span>
    </p>
   </div>
   <div class='ocr_carea' id='block_1_47' title="bbox 566 3719 2136 3804">
    <p class='ocr_par' dir='ltr' id='par_1_47' title="bbox 566 3719 2136 3804">
     <span class='ocr_line' id='line_1_47' title="bbox 566 3719 2136 3804; baseline 0.021 -35"><span class='ocrx_word' id='word_1_356' title='bbox 566 3719 845 3789; x_wconf 76' lang='lat' dir='ltr'><strong>Divinitas,</strong></span> <span class='ocrx_word' id='word_1_357' title='bbox 872 3738 920 3783; x_wconf 89' lang='lat' dir='ltr'><strong>te</strong></span> <span class='ocrx_word' id='word_1_358' title='bbox 942 3731 1150 3796; x_wconf 86' lang='lat' dir='ltr'><strong>invoco.</strong></span> <span class='ocrx_word' id='word_1_359' title='bbox 1186 3743 1237 3789; x_wconf 90' lang='lat' dir='ltr'><strong>te</strong></span> <span class='ocrx_word' id='word_1_360' title='bbox 1264 3737 1430 3804; x_wconf 87' lang='lat' dir='ltr'><strong>gloria</strong></span> <span class='ocrx_word' id='word_1_361' title='bbox 1462 3739 1656 3796; x_wconf 78' lang='lat' dir='ltr'><strong>alticio.</strong></span> <span class='ocrx_word' id='word_1_362' title='bbox 1688 3744 1764 3797; x_wconf 88' lang='lat' dir='ltr'><strong>Te</strong></span> <span class='ocrx_word' id='word_1_363' title='bbox 1786 3746 1930 3798; x_wconf 89' lang='lat' dir='ltr'><strong>enim</strong></span> <span class='ocrx_word' id='word_1_364' title='bbox 1956 3719 2136 3802; x_wconf 79' lang='lat' dir='ltr'><strong>laudat</strong></span> 
     </span>
    </p>
   </div>
   <div class='ocr_carea' id='block_1_48' title="bbox 566 3813 2137 3896">
    <p class='ocr_par' dir='ltr' id='par_1_48' title="bbox 566 3813 2137 3896">
     <span class='ocr_line' id='line_1_48' title="bbox 566 3813 2137 3896; baseline 0.02 -35"><span class='ocrx_word' id='word_1_365' title='bbox 566 3813 812 3882; x_wconf 84' lang='lat' dir='ltr'><strong>quidquid</strong></span> <span class='ocrx_word' id='word_1_366' title='bbox 843 3830 1075 3877; x_wconf 84' lang='lat' dir='ltr'><strong>creatum</strong></span> <span class='ocrx_word' id='word_1_367' title='bbox 1126 3833 1236 3890; x_wconf 89' lang='lat' dir='ltr'><strong>est,</strong></span> <span class='ocrx_word' id='word_1_368' title='bbox 1269 3839 1329 3878; x_wconf 88' lang='lat' dir='ltr'><strong>ac</strong></span> <span class='ocrx_word' id='word_1_369' title='bbox 1374 3835 1426 3880; x_wconf 91' lang='lat' dir='ltr'><strong>te</strong></span> <span class='ocrx_word' id='word_1_370' title='bbox 1452 3829 1621 3896; x_wconf 86' lang='lat' dir='ltr'><strong>gloria</strong></span> <span class='ocrx_word' id='word_1_371' title='bbox 1648 3830 1886 3886; x_wconf 74' lang='lat' dir='ltr'><strong>alliciunt</strong></span> <span class='ocrx_word' id='word_1_372' title='bbox 1928 3835 2137 3892; x_wconf 88' lang='lat' dir='ltr'><strong>intelle-</strong></span> 
     </span>
    </p>
   </div>
   <div class='ocr_carea' id='block_1_49' title="bbox 564 3907 2130 3986">
    <p class='ocr_par' dir='ltr' id='par_1_49' title="bbox 564 3907 2130 3986">
     <span class='ocr_line' id='line_1_49' title="bbox 564 3907 2130 3986; baseline 0.017 -27"><span class='ocrx_word' id='word_1_373' title='bbox 564 3907 764 3963; x_wconf 86' lang='lat' dir='ltr'><strong>ctuales</strong></span> <span class='ocrx_word' id='word_1_374' title='bbox 823 3924 885 3965; x_wconf 88' lang='lat' dir='ltr'><strong>ac</strong></span> <span class='ocrx_word' id='word_1_375' title='bbox 927 3926 1148 3981; x_wconf 85' lang='lat' dir='ltr'><strong>corpore</strong></span> <span class='ocrx_word' id='word_1_376' title='bbox 1204 3927 1454 3974; x_wconf 90' lang='lat' dir='ltr'><strong>vacantes</strong></span> <span class='ocrx_word' id='word_1_377' title='bbox 1508 3924 1735 3979; x_wconf 80' lang='lat' dir='ltr'><strong>virtutes</strong></span> <span class='ocrx_word' id='word_1_378' title='bbox 1790 3926 1844 3979; x_wconf 94' lang='lat' dir='ltr'><strong>in</strong></span> <span class='ocrx_word' id='word_1_379' title='bbox 1916 3932 2130 3986; x_wconf 75' lang='lat' dir='ltr'><strong>saecula.</strong></span> 
     </span>
    </p>
   </div>
   <div class='ocr_carea' id='block_1_50' title="bbox 563 3996 750 4052">
    <p class='ocr_par' dir='ltr' id='par_1_50' title="bbox 563 3996 750 4052">
     <span class='ocr_line' id='line_1_50' title="bbox 563 3996 750 4052; baseline 0.016 -3"><span class='ocrx_word' id='word_1_380' title='bbox 563 3996 750 4052; x_wconf 83' lang='lat' dir='ltr'><strong>Amen.</strong></span> 
     </span>
    </p>
   </div>
   <div class='ocr_carea' id='block_1_51' title="bbox 636 4088 2134 4177">
    <p class='ocr_par' dir='ltr' id='par_1_51' title="bbox 636 4088 2134 4177">
     <span class='ocr_line' id='line_1_51' title="bbox 636 4088 2134 4177; baseline 0.018 -37"><span class='ocrx_word' id='word_1_381' title='bbox 636 4088 895 4159; x_wconf 88' lang='lat' dir='ltr'><strong>Deinceps</strong></span> <span class='ocrx_word' id='word_1_382' title='bbox 920 4091 1078 4160; x_wconf 87' lang='lat' dir='ltr'><strong>igitur</strong></span> <span class='ocrx_word' id='word_1_383' title='bbox 1105 4111 1260 4163; x_wconf 89' lang='lat' dir='ltr'><strong>quam</strong></span> <span class='ocrx_word' id='word_1_384' title='bbox 1305 4099 1712 4170; x_wconf 79' lang='lat' dir='ltr'><strong>diligentissime</strong></span> <span class='ocrx_word' id='word_1_385' title='bbox 1740 4108 1973 4177; x_wconf 86' lang='lat' dir='ltr'><strong>seipsum</strong></span> <span class='ocrx_word' id='word_1_386' title='bbox 2004 4126 2134 4166; x_wconf 86' lang='lat' dir='ltr'><strong>con-</strong></span> 
     </span>
    </p>
   </div>
   <div class='ocr_carea' id='block_1_52' title="bbox 563 4180 2126 4257">
    <p class='ocr_par' dir='ltr' id='par_1_52' title="bbox 563 4180 2126 4257">
     <span class='ocr_line' id='line_1_52' title="bbox 563 4180 2126 4257; baseline 0.017 -26"><span class='ocrx_word' id='word_1_387' title='bbox 563 4180 830 4246; x_wconf 86' lang='lat' dir='ltr'><strong>servabat,</strong></span> <span class='ocrx_word' id='word_1_388' title='bbox 862 4188 1020 4251; x_wconf 89' lang='lat' dir='ltr'><strong>atqne</strong></span> <span class='ocrx_word' id='word_1_389' title='bbox 1050 4184 1117 4236; x_wconf 91' lang='lat' dir='ltr'><strong>ita</strong></span> <span class='ocrx_word' id='word_1_390' title='bbox 1147 4188 1511 4255; x_wconf 87' lang='lat' dir='ltr'><strong>comparabat,</strong></span> <span class='ocrx_word' id='word_1_391' title='bbox 1544 4201 1601 4245; x_wconf 91' lang='lat' dir='ltr'><strong>ut</strong></span> <span class='ocrx_word' id='word_1_392' title='bbox 1629 4202 1683 4247; x_wconf 91' lang='lat' dir='ltr'><strong>et</strong></span> <span class='ocrx_word' id='word_1_393' title='bbox 1710 4196 1898 4252; x_wconf 65' lang='lat' dir='ltr'><strong>animae</strong></span> <span class='ocrx_word' id='word_1_394' title='bbox 1927 4209 1981 4254; x_wconf 90' lang='lat' dir='ltr'><strong>et</strong></span> <span class='ocrx_word' id='word_1_395' title='bbox 2004 4214 2126 4257; x_wconf 89' lang='lat' dir='ltr'><strong>cor-</strong></span> 
     </span>
    </p>
   </div>
   <div class='ocr_carea' id='block_1_53' title="bbox 562 4270 2130 4356">
    <p class='ocr_par' dir='ltr' id='par_1_53' title="bbox 562 4270 2130 4356">
     <span class='ocr_line' id='line_1_53' title="bbox 562 4270 2130 4356; baseline 0.018 -36"><span class='ocrx_word' id='word_1_396' title='bbox 562 4270 706 4336; x_wconf 81' lang='lat' dir='ltr'><strong>poris</strong></span> <span class='ocrx_word' id='word_1_397' title='bbox 753 4271 1033 4337; x_wconf 86' lang='lat' dir='ltr'><strong>puritatem</strong></span> <span class='ocrx_word' id='word_1_398' title='bbox 1075 4276 1391 4345; x_wconf 87' lang='lat' dir='ltr'><strong>acquireret,</strong></span> <span class='ocrx_word' id='word_1_399' title='bbox 1420 4290 1578 4349; x_wconf 82' lang='lat' dir='ltr'><strong>atque</strong></span> <span class='ocrx_word' id='word_1_400' title='bbox 1607 4284 1659 4337; x_wconf 92' lang='lat' dir='ltr'><strong>in</strong></span> <span class='ocrx_word' id='word_1_401' title='bbox 1686 4288 2032 4356; x_wconf 87' lang='lat' dir='ltr'><strong>continentia,</strong></span> <span class='ocrx_word' id='word_1_402' title='bbox 2071 4302 2130 4349; x_wconf 88' lang='lat' dir='ltr'><strong>et</strong></span> 
     </span>
    </p>
   </div>
   <div class='ocr_carea' id='block_1_54' title="bbox 562 4360 2128 4441">
    <p class='ocr_par' dir='ltr' id='par_1_54' title="bbox 562 4360 2128 4441">
     <span class='ocr_line' id='line_1_54' title="bbox 562 4360 2128 4441; baseline 0.018 -31"><span class='ocrx_word' id='word_1_403' title='bbox 562 4360 910 4426; x_wconf 87' lang='lat' dir='ltr'><strong>orationibus,</strong></span> <span class='ocrx_word' id='word_1_404' title='bbox 968 4364 1544 4439; x_wconf 88' lang='lat' dir='ltr'><strong>obsecrationibusque,</strong></span> <span class='ocrx_word' id='word_1_405' title='bbox 1592 4387 1686 4441; x_wconf 88' lang='lat' dir='ltr'><strong>per</strong></span> <span class='ocrx_word' id='word_1_406' title='bbox 1739 4384 1904 4433; x_wconf 88' lang='lat' dir='ltr'><strong>totum</strong></span> <span class='ocrx_word' id='word_1_407' title='bbox 1952 4383 2128 4437; x_wconf 83' lang='lat' dir='ltr'><strong>noctis</strong></span> 
     </span>
    </p>
   </div>
   <div class='ocr_carea' id='block_1_55' title="bbox 560 4449 2121 4527">
    <p class='ocr_par' dir='ltr' id='par_1_55' title="bbox 560 4449 2121 4527">
     <span class='ocr_line' id='line_1_55' title="bbox 560 4449 2121 4527; baseline 0.018 -28"><span class='ocrx_word' id='word_1_408' title='bbox 560 4449 883 4503; x_wconf 88' lang='lat' dir='ltr'><strong>curriculum</strong></span> <span class='ocrx_word' id='word_1_409' title='bbox 915 4465 1038 4507; x_wconf 89' lang='lat' dir='ltr'><strong>sese</strong></span> <span class='ocrx_word' id='word_1_410' title='bbox 1072 4458 1496 4527; x_wconf 90' lang='lat' dir='ltr'><strong>prorogautibus,</strong></span> <span class='ocrx_word' id='word_1_411' title='bbox 1530 4462 1694 4517; x_wconf 89' lang='lat' dir='ltr'><strong>vitam</strong></span> <span class='ocrx_word' id='word_1_412' title='bbox 1724 4465 1962 4524; x_wconf 88' lang='lat' dir='ltr'><strong>duceret.</strong></span> <span class='ocrx_word' id='word_1_413' title='bbox 1989 4470 2121 4526; x_wconf 86' lang='lat' dir='ltr'><strong>Nam</strong></span> 
     </span>
    </p>
   </div>
   <div class='ocr_carea' id='block_1_56' title="bbox 561 4537 2123 4628">
    <p class='ocr_par' dir='ltr' id='par_1_56' title="bbox 561 4537 2123 4628">
     <span class='ocr_line' id='line_1_56' title="bbox 561 4537 2123 4628; baseline 0.017 -40"><span class='ocrx_word' id='word_1_414' title='bbox 561 4549 683 4588; x_wconf 87' lang='lat' dir='ltr'><strong>cum</strong></span> <span class='ocrx_word' id='word_1_415' title='bbox 713 4537 1038 4628; x_wconf 78' lang='lat' dir='ltr'><strong>plerumque</strong></span> <span class='ocrx_word' id='word_1_416' title='bbox 1066 4542 1256 4598; x_wconf 91' lang='lat' dir='ltr'><strong>diurno</strong></span> <span class='ocrx_word' id='word_1_417' title='bbox 1286 4552 1546 4614; x_wconf 86' lang='lat' dir='ltr'><strong>tempore,</strong></span> <span class='ocrx_word' id='word_1_418' title='bbox 1584 4559 1691 4605; x_wconf 93' lang='lat' dir='ltr'><strong>tum</strong></span> <span class='ocrx_word' id='word_1_419' title='bbox 1722 4556 1791 4608; x_wconf 93' lang='lat' dir='ltr'><strong>ob</strong></span> <span class='ocrx_word' id='word_1_420' title='bbox 1814 4571 1999 4612; x_wconf 91' lang='lat' dir='ltr'><strong>eorum</strong></span> <span class='ocrx_word' id='word_1_421' title='bbox 2030 4562 2123 4628; x_wconf 91' lang='lat' dir='ltr'><strong>qui</strong></span> 
     </span>
    </p>
   </div>
   <div class='ocr_carea' id='block_1_57' title="bbox 559 4626 2121 4705">
    <p class='ocr_par' dir='ltr' id='par_1_57' title="bbox 559 4626 2121 4705">
     <span class='ocr_line' id='line_1_57' title="bbox 559 4626 2121 4705; baseline 0.017 -28"><span class='ocrx_word' id='word_1_422' title='bbox 559 4640 679 4678; x_wconf 90' lang='lat' dir='ltr'><strong>cum</strong></span> <span class='ocrx_word' id='word_1_423' title='bbox 710 4626 825 4693; x_wconf 91' lang='lat' dir='ltr'><strong>ipso</strong></span> <span class='ocrx_word' id='word_1_424' title='bbox 854 4629 1223 4694; x_wconf 83' lang='lat' dir='ltr'><strong>versabantur,</strong></span> <span class='ocrx_word' id='word_1_425' title='bbox 1252 4636 1679 4705; x_wconf 91' lang='lat' dir='ltr'><strong>contubernium,</strong></span> <span class='ocrx_word' id='word_1_426' title='bbox 1705 4652 1812 4698; x_wconf 92' lang='lat' dir='ltr'><strong>tum</strong></span> <span class='ocrx_word' id='word_1_427' title='bbox 1842 4648 2001 4700; x_wconf 63' lang='lat' dir='ltr'><strong>etiam</strong></span> <span class='ocrx_word' id='word_1_428' title='bbox 2037 4626 2121 4703; x_wconf 84' lang='lat' dir='ltr'><strong>in-</strong></span> 
     </span>
    </p>
   </div>
   <div class='ocr_carea' id='block_1_58' title="bbox 2335 1548 3850 1627">
    <p class='ocr_par' dir='ltr' id='par_1_58' title="bbox 2335 1548 3850 1627">
     <span class='ocr_line' id='line_1_58' title="bbox 2335 1548 3850 1627; baseline -0.003 -19"><span class='ocrx_word' id='word_1_429' title='bbox 2335 1553 2572 1619; x_wconf 79' lang='grc' dir='ltr'>Τελέσας</span> <span class='ocrx_word' id='word_1_430' title='bbox 2614 1552 2795 1626; x_wconf 79' lang='grc' dir='ltr'>δὲτὴν</span> <span class='ocrx_word' id='word_1_431' title='bbox 2825 1553 2990 1627; x_wconf 81' lang='grc' dir='ltr'>εὐχὴν</span> <span class='ocrx_word' id='word_1_432' title='bbox 3024 1553 3119 1609; x_wconf 68' lang='grc' dir='ltr'><strong>καὶ</strong></span> <span class='ocrx_word' id='word_1_433' title='bbox 3149 1550 3531 1624; x_wconf 73' lang='grc' dir='ltr'>ἐπιστραφεὶς,</span> <span class='ocrx_word' id='word_1_434' title='bbox 3560 1548 3850 1619; x_wconf 72' lang='grc' dir='ltr'>κατησπά-</span> 
     </span>
    </p>
   </div>
   <div class='ocr_carea' id='block_1_59' title="bbox 2264 1643 3848 1719">
    <p class='ocr_par' dir='ltr' id='par_1_59' title="bbox 2264 1643 3848 1719">
     <span class='ocr_line' id='line_1_59' title="bbox 2264 1643 3848 1719; baseline -0.005 -18"><span class='ocrx_word' id='word_1_435' title='bbox 2264 1665 2401 1701; x_wconf 89' lang='grc' dir='ltr'>σατο</span> <span class='ocrx_word' id='word_1_436' title='bbox 2440 1647 2603 1718; x_wconf 76' lang='grc'>189</span> <span class='ocrx_word' id='word_1_437' title='bbox 2643 1646 2707 1701; x_wconf 91' lang='grc' dir='ltr'><strong>τὸ</strong></span> <span class='ocrx_word' id='word_1_438' title='bbox 2737 1648 2928 1701; x_wconf 85' lang='grc' dir='ltr'>τέκνον</span> <span class='ocrx_word' id='word_1_439' title='bbox 2957 1646 3060 1719; x_wconf 74' lang='grc' dir='ltr'>ἥδη</span> <span class='ocrx_word' id='word_1_440' title='bbox 3102 1645 3201 1700; x_wconf 82' lang='grc' dir='ltr'>τοῦ</span> <span class='ocrx_word' id='word_1_441' title='bbox 3241 1644 3568 1716; x_wconf 75' lang='grc' dir='ltr'>ἐπουρανίου</span> <span class='ocrx_word' id='word_1_442' title='bbox 3614 1643 3848 1713; x_wconf 80' lang='grc' dir='ltr'>Πατρός.</span> 
     </span>
    </p>
   </div>
   <div class='ocr_carea' id='block_1_60' title="bbox 2262 1733 3845 1810">
    <p class='ocr_par' dir='ltr' id='par_1_60' title="bbox 2262 1733 3845 1810">
     <span class='ocr_line' id='line_1_60' title="bbox 2262 1733 3845 1810; baseline -0.005 -17"><span class='ocrx_word' id='word_1_443' title='bbox 2262 1739 2505 1810; x_wconf 76' lang='grc' dir='ltr'>Εἰρήνην</span> <span class='ocrx_word' id='word_1_444' title='bbox 2524 1754 2583 1792; x_wconf 82' lang='grc' dir='ltr'><strong>τε</strong></span> <span class='ocrx_word' id='word_1_445' title='bbox 2611 1737 2761 1808; x_wconf 86' lang='grc' dir='ltr'>αύτῷ</span> <span class='ocrx_word' id='word_1_446' title='bbox 2792 1737 3165 1807; x_wconf 80' lang='grc' dir='ltr'><strong>ἐπευξάμενος</strong></span> <span class='ocrx_word' id='word_1_447' title='bbox 3185 1736 3280 1792; x_wconf 77' lang='grc' dir='ltr'><strong>καὶ</strong></span> <span class='ocrx_word' id='word_1_448' title='bbox 3302 1735 3579 1805; x_wconf 82' lang='grc' dir='ltr'>σωτηρίαν</span> <span class='ocrx_word' id='word_1_449' title='bbox 3609 1733 3845 1799; x_wconf 77' lang='grc' dir='ltr'>αἰώνιον,</span> 
     </span>
    </p>
   </div>
   <div class='ocr_carea' id='block_1_61' title="bbox 2260 1827 3848 1902">
    <p class='ocr_par' dir='ltr' id='par_1_61' title="bbox 2260 1827 3848 1902">
     <span class='ocr_line' id='line_1_61' title="bbox 2260 1827 3848 1902; baseline -0.005 -17"><span class='ocrx_word' id='word_1_450' title='bbox 2260 1831 2452 1902; x_wconf 81' lang='grc' dir='ltr'>ἐξῆλθε</span> <span class='ocrx_word' id='word_1_451' title='bbox 2478 1830 2572 1884; x_wconf 84' lang='grc' dir='ltr'>τοῦ</span> <span class='ocrx_word' id='word_1_452' title='bbox 2611 1830 2897 1895; x_wconf 88' lang='grc' dir='ltr'>παλατίου,</span> <span class='ocrx_word' id='word_1_453' title='bbox 2937 1829 3035 1883; x_wconf 78' lang='grc' dir='ltr'>καὶ</span> <span class='ocrx_word' id='word_1_454' title='bbox 3059 1830 3225 1901; x_wconf 78' lang='grc' dir='ltr'>ἀπῄει</span> <span class='ocrx_word' id='word_1_455' title='bbox 3254 1829 3462 1900; x_wconf 84' lang='grc' dir='ltr'>χαίρων</span> <span class='ocrx_word' id='word_1_456' title='bbox 3496 1827 3594 1880; x_wconf 76' lang='grc' dir='ltr'><strong>καὶ</strong></span> <span class='ocrx_word' id='word_1_457' title='bbox 3626 1827 3848 1894; x_wconf 76' lang='grc' dir='ltr'>εὐχαρι-</span> 
     </span>
    </p>
   </div>
   <div class='ocr_carea' id='block_1_62' title="bbox 2262 1918 3847 1994">
    <p class='ocr_par' dir='ltr' id='par_1_62' title="bbox 2262 1918 3847 1994">
     <span class='ocr_line' id='line_1_62' title="bbox 2262 1918 3847 1994; baseline -0.004 -16"><span class='ocrx_word' id='word_1_458' title='bbox 2262 1925 2402 1979; x_wconf 87' lang='grc' dir='ltr'>στῶν</span> <span class='ocrx_word' id='word_1_459' title='bbox 2418 1923 2496 1993; x_wconf 84' lang='grc' dir='ltr'>τῷ</span> <span class='ocrx_word' id='word_1_460' title='bbox 2516 1921 2654 1994; x_wconf 81' lang='grc' dir='ltr'><strong>Θεῷ,</strong></span> <span class='ocrx_word' id='word_1_461' title='bbox 2664 1923 2744 1994; x_wconf 80' lang='grc' dir='ltr'>τῷ</span> <span class='ocrx_word' id='word_1_462' title='bbox 2763 1920 3090 1976; x_wconf 82' lang='grc' dir='ltr'>εὐοδώσαντι</span> <span class='ocrx_word' id='word_1_463' title='bbox 3104 1922 3202 1993; x_wconf 83' lang='grc' dir='ltr'>τὴν</span> <span class='ocrx_word' id='word_1_464' title='bbox 3215 1921 3332 1975; x_wconf 82' lang='grc' dir='ltr'>ὁδὸν</span> <span class='ocrx_word' id='word_1_465' title='bbox 3346 1919 3513 1975; x_wconf 80' lang='grc' dir='ltr'>αὐτοῦ</span> <span class='ocrx_word' id='word_1_466' title='bbox 3527 1922 3607 1983; x_wconf 79' lang='grc' dir='ltr'><strong>είς</strong></span> <span class='ocrx_word' id='word_1_467' title='bbox 3622 1918 3847 1987; x_wconf 78' lang='grc' dir='ltr'>ἀγαθόν.</span> 
     </span>
    </p>
   </div>
   <div class='ocr_carea' id='block_1_63' title="bbox 2333 2012 3848 2085">
    <p class='ocr_par' dir='ltr' id='par_1_63' title="bbox 2333 2012 3848 2085">
     <span class='ocr_line' id='line_1_63' title="bbox 2333 2012 3848 2085; baseline -0.005 -15"><span class='ocrx_word' id='word_1_468' title='bbox 2333 2017 2494 2070; x_wconf 77' lang='grc' dir='ltr'><strong>ΚΕΦ.</strong></span> <span class='ocrx_word' id='word_1_469' title='bbox 2519 2015 2648 2073; x_wconf 84' lang='lat' dir='ltr'><strong>KB’.</strong></span> <span class='ocrx_word' id='word_1_470' title='bbox 2692 2016 2750 2069; x_wconf 79' lang='grc' dir='ltr'><strong>Ὀ</strong></span> <span class='ocrx_word' id='word_1_471' title='bbox 2807 2014 3044 2084; x_wconf 83' lang='grc' dir='ltr'>Ἰωάσαφ</span> <span class='ocrx_word' id='word_1_472' title='bbox 3079 2014 3158 2079; x_wconf 83' lang='grc' dir='ltr'><strong>δὲ,</strong></span> <span class='ocrx_word' id='word_1_473' title='bbox 3194 2012 3335 2085; x_wconf 80' lang='grc' dir='ltr'>μετὰ</span> <span class='ocrx_word' id='word_1_474' title='bbox 3372 2014 3435 2066; x_wconf 89' lang='grc' dir='ltr'><strong>τὸ</strong></span> <span class='ocrx_word' id='word_1_475' title='bbox 3477 2012 3717 2077; x_wconf 76' lang='grc' dir='ltr'>ἐξελθεῖν</span> <span class='ocrx_word' id='word_1_476' title='bbox 3758 2012 3848 2064; x_wconf 75' lang='grc' dir='ltr'><strong>τὸν</strong></span> 
     </span>
    </p>
   </div>
   <div class='ocr_carea' id='block_1_64' title="bbox 2260 2106 3847 2181">
    <p class='ocr_par' dir='ltr' id='par_1_64' title="bbox 2260 2106 3847 2181">
     <span class='ocr_line' id='line_1_64' title="bbox 2260 2106 3847 2181; baseline -0.001 -20"><span class='ocrx_word' id='word_1_477' title='bbox 2260 2110 2550 2181; x_wconf 84' lang='grc' dir='ltr'>Βαρλαὰμ,</span> <span class='ocrx_word' id='word_1_478' title='bbox 2584 2111 2717 2180; x_wconf 75' lang='grc' dir='ltr'>εὐχῇ</span> <span class='ocrx_word' id='word_1_479' title='bbox 2760 2109 2952 2163; x_wconf 85' lang='grc' dir='ltr'>ἐαυτὸν</span> <span class='ocrx_word' id='word_1_480' title='bbox 2985 2107 3155 2161; x_wconf 90' lang='grc' dir='ltr'>ἐδίδου</span> <span class='ocrx_word' id='word_1_481' title='bbox 3197 2107 3292 2161; x_wconf 68' lang='grc' dir='ltr'><strong>κα)⁵</strong></span> <span class='ocrx_word' id='word_1_482' title='bbox 3318 2107 3555 2177; x_wconf 84' lang='grc' dir='ltr'>δάκρυσι</span> <span class='ocrx_word' id='word_1_483' title='bbox 3579 2106 3847 2176; x_wconf 82' lang='grc' dir='ltr'>θερμοτά-</span> 
     </span>
    </p>
   </div>
   <div class='ocr_carea' id='block_1_65' title="bbox 2258 2197 3846 2269">
    <p class='ocr_par' dir='ltr' id='par_1_65' title="bbox 2258 2197 3846 2269">
     <span class='ocr_line' id='line_1_65' title="bbox 2258 2197 3846 2269; baseline -0.003 -16"><span class='ocrx_word' id='word_1_484' title='bbox 2258 2218 2395 2266; x_wconf 87' lang='grc' dir='ltr'>τοις,</span> <span class='ocrx_word' id='word_1_485' title='bbox 2431 2201 2527 2254; x_wconf 77' lang='grc' dir='ltr'><strong>καὶ</strong></span> <span class='ocrx_word' id='word_1_486' title='bbox 2550 2200 2757 2269; x_wconf 73' lang='grc' dir='ltr'>ἔλεγεν·</span> <span class='ocrx_word' id='word_1_487' title='bbox 2787 2200 2846 2254; x_wconf 86' lang='grc' dir='ltr'>Ὀ</span> <span class='ocrx_word' id='word_1_488' title='bbox 2866 2200 3023 2266; x_wconf 85' lang='grc' dir='ltr'>Θεὸς,</span> <span class='ocrx_word' id='word_1_489' title='bbox 3051 2199 3132 2262; x_wconf 83' lang='grc' dir='ltr'><strong>είς</strong></span> <span class='ocrx_word' id='word_1_490' title='bbox 3158 2199 3256 2269; x_wconf 83' lang='grc' dir='ltr'><strong>τὴν</strong></span> <span class='ocrx_word' id='word_1_491' title='bbox 3292 2197 3544 2269; x_wconf 82' lang='grc' dir='ltr'>βοήθειάν</span> <span class='ocrx_word' id='word_1_492' title='bbox 3579 2214 3687 2267; x_wconf 87' lang='grc' dir='ltr'><strong>μου</strong></span> <span class='ocrx_word' id='word_1_493' title='bbox 3715 2197 3846 2267; x_wconf 83' lang='grc' dir='ltr'><strong>πρό⁴</strong></span> 
     </span>
    </p>
   </div>
   <div class='ocr_carea' id='block_1_66' title="bbox 2259 2287 3844 2365">
    <p class='ocr_par' dir='ltr' id='par_1_66' title="bbox 2259 2287 3844 2365">
     <span class='ocr_line' id='line_1_66' title="bbox 2259 2287 3844 2365; baseline -0.002 -20"><span class='ocrx_word' id='word_1_494' title='bbox 2259 2309 2387 2362; x_wconf 79' lang='grc' dir='ltr'>σχες</span> <span class='ocrx_word' id='word_1_495' title='bbox 2417 2292 2556 2365; x_wconf 66' lang='grc'>(94)·</span> <span class='ocrx_word' id='word_1_496' title='bbox 2585 2291 2781 2365; x_wconf 84' lang='grc' dir='ltr'>Κύριε,</span> <span class='ocrx_word' id='word_1_497' title='bbox 2822 2294 2900 2355; x_wconf 80' lang='grc' dir='ltr'><strong>είς</strong></span> <span class='ocrx_word' id='word_1_498' title='bbox 2927 2292 2990 2345; x_wconf 90' lang='grc' dir='ltr'><strong>τὸ</strong></span> <span class='ocrx_word' id='word_1_499' title='bbox 3027 2290 3288 2364; x_wconf 83' lang='grc' dir='ltr'>βοηθῆσαί</span> <span class='ocrx_word' id='word_1_500' title='bbox 3329 2308 3420 2361; x_wconf 86' lang='grc' dir='ltr'><strong>μοι</strong></span> <span class='ocrx_word' id='word_1_501' title='bbox 3461 2287 3725 2352; x_wconf 78' lang='grc' dir='ltr'>σπεῦσον,</span> <span class='ocrx_word' id='word_1_502' title='bbox 3767 2290 3844 2342; x_wconf 82' lang='grc' dir='ltr'>ὅτι</span> 
     </span>
    </p>
   </div>
   <div class='ocr_carea' id='block_1_67' title="bbox 2259 2378 3844 2455">
    <p class='ocr_par' dir='ltr' id='par_1_67' title="bbox 2259 2378 3844 2455">
     <span class='ocr_line' id='line_1_67' title="bbox 2259 2378 3844 2455; baseline -0.002 -17"><span class='ocrx_word' id='word_1_503' title='bbox 2259 2402 2343 2439; x_wconf 89' lang='grc' dir='ltr'><strong>σοι</strong></span> <span class='ocrx_word' id='word_1_504' title='bbox 2388 2383 2881 2454; x_wconf 75' lang='grc' dir='ltr'>ἐγκαταλέλειπται</span> <span class='ocrx_word' id='word_1_505' title='bbox 2930 2385 2960 2436; x_wconf 86' lang='grc' dir='ltr'><strong>ό</strong></span> <span class='ocrx_word' id='word_1_506' title='bbox 3007 2383 3253 2455; x_wconf 87' lang='grc' dir='ltr'>πτωχὸς,</span> <span class='ocrx_word' id='word_1_507' title='bbox 3304 2382 3527 2455; x_wconf 83' lang='grc' dir='ltr'>ὀρφανῷ</span> <span class='ocrx_word' id='word_1_508' title='bbox 3586 2384 3654 2436; x_wconf 74' lang='grc' dir='ltr'><strong>σὺ</strong></span> <span class='ocrx_word' id='word_1_509' title='bbox 3709 2378 3844 2452; x_wconf 72' lang='grc' dir='ltr'>ἦσθα</span> 
     </span>
    </p>
   </div>
   <div class='ocr_carea' id='block_1_68' title="bbox 2259 2474 3841 2548">
    <p class='ocr_par' dir='ltr' id='par_1_68' title="bbox 2259 2474 3841 2548">
     <span class='ocr_line' id='line_1_68' title="bbox 2259 2474 3841 2548; baseline -0.001 -19"><span class='ocrx_word' id='word_1_510' title='bbox 2259 2476 2453 2548; x_wconf 87' lang='grc' dir='ltr'>βοηθός</span> <span class='ocrx_word' id='word_1_511' title='bbox 2489 2476 2629 2548; x_wconf 82' lang='lat'><strong>(95)°</strong></span> <span class='ocrx_word' id='word_1_512' title='bbox 2668 2474 2961 2546; x_wconf 78' lang='grc' dir='ltr'>ἐπίϐλεψον</span> <span class='ocrx_word' id='word_1_513' title='bbox 2992 2474 3079 2529; x_wconf 79' lang='grc' dir='ltr'>ἐπ’</span> <span class='ocrx_word' id='word_1_514' title='bbox 3105 2475 3207 2546; x_wconf 80' lang='grc' dir='ltr'>ἐμὲ</span> <span class='ocrx_word' id='word_1_515' title='bbox 3233 2475 3327 2529; x_wconf 77' lang='grc' dir='ltr'><strong>καὶ</strong></span> <span class='ocrx_word' id='word_1_516' title='bbox 3358 2475 3584 2545; x_wconf 79' lang='grc' dir='ltr'>ἐλέησόν</span> <span class='ocrx_word' id='word_1_517' title='bbox 3613 2491 3683 2545; x_wconf 85' lang='grc' dir='ltr'><strong>με</strong></span> <span class='ocrx_word' id='word_1_518' title='bbox 3710 2475 3841 2540; x_wconf 77' lang='grc'>(96),</span> 
     </span>
    </p>
   </div>
   <div class='ocr_carea' id='block_1_69' title="bbox 2256 2567 3842 2640">
    <p class='ocr_par' dir='ltr' id='par_1_69' title="bbox 2256 2567 3842 2640">
     <span class='ocr_line' id='line_1_69' title="bbox 2256 2567 3842 2640; baseline -0.003 -19"><span class='ocrx_word' id='word_1_519' title='bbox 2256 2570 2286 2621; x_wconf 89' lang='grc' dir='ltr'><strong>ό</strong></span> <span class='ocrx_word' id='word_1_520' title='bbox 2318 2570 2530 2633; x_wconf 78' lang='grc' dir='ltr'>πάντας</span> <span class='ocrx_word' id='word_1_521' title='bbox 2573 2568 2743 2623; x_wconf 82' lang='grc' dir='ltr'>θέλων</span> <span class='ocrx_word' id='word_1_522' title='bbox 2769 2569 3007 2640; x_wconf 85' lang='grc' dir='ltr'>σωθῆναι</span> <span class='ocrx_word' id='word_1_523' title='bbox 3037 2568 3131 2622; x_wconf 73' lang='grc' dir='ltr'><strong>καὶ</strong></span> <span class='ocrx_word' id='word_1_524' title='bbox 3155 2568 3234 2631; x_wconf 87' lang='grc' dir='ltr'><strong>είς</strong></span> <span class='ocrx_word' id='word_1_525' title='bbox 3263 2568 3562 2635; x_wconf 77' lang='grc' dir='ltr'>ἐπίγνωσιν</span> <span class='ocrx_word' id='word_1_526' title='bbox 3590 2567 3842 2637; x_wconf 77' lang='grc' dir='ltr'>ἀληθείας</span> 
     </span>
    </p>
   </div>
   <div class='ocr_carea' id='block_1_70' title="bbox 2258 2655 3843 2728">
    <p class='ocr_par' dir='ltr' id='par_1_70' title="bbox 2258 2655 3843 2728">
     <span class='ocr_line' id='line_1_70' title="bbox 2258 2655 3843 2728; baseline -0.003 -17"><span class='ocrx_word' id='word_1_527' title='bbox 2258 2657 2439 2711; x_wconf 77' lang='grc' dir='ltr'>ἐλθεῖν</span> <span class='ocrx_word' id='word_1_528' title='bbox 2462 2656 2601 2727; x_wconf 89' lang='lat'><strong>(97),</strong></span> <span class='ocrx_word' id='word_1_529' title='bbox 2635 2656 2811 2710; x_wconf 83' lang='grc' dir='ltr'>σῶσόν</span> <span class='ocrx_word' id='word_1_530' title='bbox 2843 2674 2910 2728; x_wconf 87' lang='grc' dir='ltr'><strong>με</strong></span> <span class='ocrx_word' id='word_1_531' title='bbox 2941 2656 3039 2710; x_wconf 76' lang='grc' dir='ltr'><strong>καὶ</strong></span> <span class='ocrx_word' id='word_1_532' title='bbox 3067 2655 3348 2727; x_wconf 82' lang='grc' dir='ltr'>ἐνίσχυσόν</span> <span class='ocrx_word' id='word_1_533' title='bbox 3393 2672 3462 2726; x_wconf 89' lang='grc' dir='ltr'><strong>με</strong></span> <span class='ocrx_word' id='word_1_534' title='bbox 3500 2656 3595 2709; x_wconf 85' lang='grc' dir='ltr'><strong>τὸν</strong></span> <span class='ocrx_word' id='word_1_535' title='bbox 3630 2657 3843 2721; x_wconf 77' lang='grc' dir='ltr'>ἀνάξιον</span> 
     </span>
    </p>
   </div>
   <div class='ocr_carea' id='block_1_71' title="bbox 2255 2749 3842 2821">
    <p class='ocr_par' dir='ltr' id='par_1_71' title="bbox 2255 2749 3842 2821">
     <span class='ocr_line' id='line_1_71' title="bbox 2255 2749 3842 2821; baseline -0.001 -18"><span class='ocrx_word' id='word_1_536' title='bbox 2255 2749 2350 2803; x_wconf 82' lang='grc' dir='ltr'>τοῦ</span> <span class='ocrx_word' id='word_1_537' title='bbox 2380 2750 2721 2820; x_wconf 82' lang='grc' dir='ltr'>πορευθῆναι</span> <span class='ocrx_word' id='word_1_538' title='bbox 2743 2750 2841 2821; x_wconf 79' lang='grc' dir='ltr'>τὴν</span> <span class='ocrx_word' id='word_1_539' title='bbox 2866 2750 2985 2804; x_wconf 88' lang='grc' dir='ltr'>όδὸν</span> <span class='ocrx_word' id='word_1_540' title='bbox 3003 2749 3116 2803; x_wconf 84' lang='grc' dir='ltr'><strong>τῶν</strong></span> <span class='ocrx_word' id='word_1_541' title='bbox 3149 2751 3318 2818; x_wconf 84' lang='grc' dir='ltr'>ἁγίων</span> <span class='ocrx_word' id='word_1_542' title='bbox 3351 2767 3448 2803; x_wconf 92' lang='grc' dir='ltr'><strong>σου</strong></span> <span class='ocrx_word' id='word_1_543' title='bbox 3481 2750 3736 2811; x_wconf 82' lang='grc' dir='ltr'>ἐντολῶν,</span> <span class='ocrx_word' id='word_1_544' title='bbox 3765 2750 3842 2803; x_wconf 78' lang='grc' dir='ltr'>ὅτι</span> 
     </span>
    </p>
   </div>
   <div class='ocr_carea' id='block_1_72' title="bbox 2256 2841 3843 2913">
    <p class='ocr_par' dir='ltr' id='par_1_72' title="bbox 2256 2841 3843 2913">
     <span class='ocr_line' id='line_1_72' title="bbox 2256 2841 3843 2913; baseline -0.001 -18"><span class='ocrx_word' id='word_1_545' title='bbox 2256 2842 2367 2910; x_wconf 89' lang='grc' dir='ltr'><strong>ἐγὼ</strong></span> <span class='ocrx_word' id='word_1_546' title='bbox 2420 2843 2521 2913; x_wconf 81' lang='grc' dir='ltr'>μὲν</span> <span class='ocrx_word' id='word_1_547' title='bbox 2573 2841 2806 2913; x_wconf 77' lang='grc' dir='ltr'>ἀσθενὴς</span> <span class='ocrx_word' id='word_1_548' title='bbox 2839 2843 2933 2896; x_wconf 76' lang='grc' dir='ltr'>καὶ</span> <span class='ocrx_word' id='word_1_549' title='bbox 2984 2843 3335 2913; x_wconf 82' lang='grc' dir='ltr'>ταλαίπωρος</span> <span class='ocrx_word' id='word_1_550' title='bbox 3380 2843 3476 2896; x_wconf 84' lang='grc' dir='ltr'><strong>καὶ</strong></span> <span class='ocrx_word' id='word_1_551' title='bbox 3517 2843 3747 2911; x_wconf 82' lang='grc' dir='ltr'>ποιῆσαι</span> <span class='ocrx_word' id='word_1_552' title='bbox 3786 2843 3843 2894; x_wconf 74' lang='grc' dir='ltr'><strong>τὸ</strong></span> 
     </span>
    </p>
   </div>
   <div class='ocr_carea' id='block_1_73' title="bbox 2256 2931 3841 3003">
    <p class='ocr_par' dir='ltr' id='par_1_73' title="bbox 2256 2931 3841 3003">
     <span class='ocr_line' id='line_1_73' title="bbox 2256 2931 3841 3003; baseline 0 -18"><span class='ocrx_word' id='word_1_553' title='bbox 2256 2931 2465 3000; x_wconf 87' lang='grc' dir='ltr'>ἀγαθὸν</span> <span class='ocrx_word' id='word_1_554' title='bbox 2490 2932 2589 3002; x_wconf 82' lang='grc' dir='ltr'>οὐχ</span> <span class='ocrx_word' id='word_1_555' title='bbox 2618 2933 2819 2995; x_wconf 77' lang='grc' dir='ltr'>ἱκανός-</span> <span class='ocrx_word' id='word_1_556' title='bbox 2855 2933 2925 2985; x_wconf 81' lang='grc' dir='ltr'><strong>σὺ</strong></span> <span class='ocrx_word' id='word_1_557' title='bbox 2954 2933 3013 2986; x_wconf 88' lang='grc' dir='ltr'>δὲ</span> <span class='ocrx_word' id='word_1_558' title='bbox 3044 2932 3237 2997; x_wconf 79' lang='grc' dir='ltr'>σώζειν</span> <span class='ocrx_word' id='word_1_559' title='bbox 3257 2951 3325 3003; x_wconf 87' lang='grc' dir='ltr'><strong>με</strong></span> <span class='ocrx_word' id='word_1_560' title='bbox 3344 2933 3590 2997; x_wconf 86' lang='grc' dir='ltr'>δυνατὸς,</span> <span class='ocrx_word' id='word_1_561' title='bbox 3618 2934 3646 2985; x_wconf 88' lang='grc' dir='ltr'><strong>ό</strong></span> <span class='ocrx_word' id='word_1_562' title='bbox 3669 2934 3841 2987; x_wconf 80' lang='grc' dir='ltr'>πάντα</span> 
     </span>
    </p>
   </div>
   <div class='ocr_carea' id='block_1_74' title="bbox 2252 3021 3841 3095">
    <p class='ocr_par' dir='ltr' id='par_1_74' title="bbox 2252 3021 3841 3095">
     <span class='ocr_line' id='line_1_74' title="bbox 2252 3021 3841 3095; baseline 0.001 -19"><span class='ocrx_word' id='word_1_563' title='bbox 2252 3023 2322 3076; x_wconf 85' lang='grc' dir='ltr'><strong>τά</strong></span> <span class='ocrx_word' id='word_1_564' title='bbox 2341 3022 2517 3093; x_wconf 83' lang='grc' dir='ltr'>ὁρατά</span> <span class='ocrx_word' id='word_1_565' title='bbox 2541 3024 2636 3076; x_wconf 82' lang='grc' dir='ltr'>καὶ</span> <span class='ocrx_word' id='word_1_566' title='bbox 2658 3021 2728 3076; x_wconf 87' lang='grc' dir='ltr'>τὰ</span> <span class='ocrx_word' id='word_1_567' title='bbox 2755 3024 2965 3094; x_wconf 83' lang='grc' dir='ltr'>ἀόρατα</span> <span class='ocrx_word' id='word_1_568' title='bbox 2995 3024 3321 3095; x_wconf 84' lang='grc' dir='ltr'>συγκρατῶν</span> <span class='ocrx_word' id='word_1_569' title='bbox 3347 3024 3443 3077; x_wconf 83' lang='grc' dir='ltr'>καὶ</span> <span class='ocrx_word' id='word_1_570' title='bbox 3467 3023 3731 3093; x_wconf 80' lang='grc' dir='ltr'>συνέχων.</span> <span class='ocrx_word' id='word_1_571' title='bbox 3755 3024 3841 3094; x_wconf 75' lang='grc' dir='ltr'><strong>Μὴ</strong></span> 
     </span>
    </p>
   </div>
   <div class='ocr_carea' id='block_1_75' title="bbox 2247 3114 3839 3187">
    <p class='ocr_par' dir='ltr' id='par_1_75' title="bbox 2247 3114 3839 3187">
     <span class='ocr_line' id='line_1_75' title="bbox 2247 3114 3839 3187; baseline 0.001 -19"><span class='ocrx_word' id='word_1_572' title='bbox 2247 3114 2417 3183; x_wconf 74' lang='grc' dir='ltr'>ἐάσῃς</span> <span class='ocrx_word' id='word_1_573' title='bbox 2453 3131 2521 3184; x_wconf 90' lang='grc' dir='ltr'><strong>με</strong></span> <span class='ocrx_word' id='word_1_574' title='bbox 2545 3114 2724 3168; x_wconf 82' lang='grc' dir='ltr'>ὀπίσω</span> <span class='ocrx_word' id='word_1_575' title='bbox 2745 3116 2853 3167; x_wconf 85' lang='grc' dir='ltr'>τῶν</span> <span class='ocrx_word' id='word_1_576' title='bbox 2882 3115 3205 3186; x_wconf 85' lang='grc' dir='ltr'>θελημάτων</span> <span class='ocrx_word' id='word_1_577' title='bbox 3238 3117 3336 3187; x_wconf 81' lang='grc' dir='ltr'>τῆς</span> <span class='ocrx_word' id='word_1_578' title='bbox 3376 3118 3581 3187; x_wconf 86' lang='grc' dir='ltr'>σαρκὸς</span> <span class='ocrx_word' id='word_1_579' title='bbox 3611 3116 3723 3169; x_wconf 81' lang='grc' dir='ltr'>τῶν</span> <span class='ocrx_word' id='word_1_580' title='bbox 3744 3134 3839 3170; x_wconf 80' lang='grc' dir='ltr'>πο-</span> 
     </span>
    </p>
   </div>
   <div class='ocr_carea' id='block_1_76' title="bbox 2247 3206 3839 3277">
    <p class='ocr_par' dir='ltr' id='par_1_76' title="bbox 2247 3206 3839 3277">
     <span class='ocr_line' id='line_1_76' title="bbox 2247 3206 3839 3277; baseline 0 -17"><span class='ocrx_word' id='word_1_581' title='bbox 2247 3206 2429 3276; x_wconf 85' lang='grc' dir='ltr'>νηρῶν</span> <span class='ocrx_word' id='word_1_582' title='bbox 2471 3206 2823 3276; x_wconf 73' lang='grc' dir='ltr'>πορεύεσθαισ</span> <span class='ocrx_word' id='word_1_583' title='bbox 2852 3206 2992 3260; x_wconf 80' lang='grc' dir='ltr'>ἀλλὰ</span> <span class='ocrx_word' id='word_1_584' title='bbox 3016 3210 3079 3260; x_wconf 90' lang='grc' dir='ltr'><strong>τὸ</strong></span> <span class='ocrx_word' id='word_1_585' title='bbox 3106 3208 3198 3262; x_wconf 92' lang='grc' dir='ltr'><strong>σὸν</strong></span> <span class='ocrx_word' id='word_1_586' title='bbox 3233 3208 3446 3275; x_wconf 80' lang='grc' dir='ltr'>δίδαξον</span> <span class='ocrx_word' id='word_1_587' title='bbox 3478 3212 3657 3263; x_wconf 79' lang='grc' dir='ltr'>ποιεῖν</span> <span class='ocrx_word' id='word_1_588' title='bbox 3686 3209 3839 3277; x_wconf 71' lang='grc' dir='ltr'>θέληο</span> 
     </span>
    </p>
   </div>
   <div class='ocr_carea' id='block_1_77' title="bbox 2254 3297 3837 3369">
    <p class='ocr_par' dir='ltr' id='par_1_77' title="bbox 2254 3297 3837 3369">
     <span class='ocr_line' id='line_1_77' title="bbox 2254 3297 3837 3369; baseline 0.002 -19"><span class='ocrx_word' id='word_1_589' title='bbox 2254 3313 2329 3367; x_wconf 86' lang='grc' dir='ltr'><strong>μα</strong></span> <span class='ocrx_word' id='word_1_590' title='bbox 2361 3297 2500 3366; x_wconf 91' lang='grc'>(98),</span> <span class='ocrx_word' id='word_1_591' title='bbox 2533 3297 2628 3350; x_wconf 76' lang='grc' dir='ltr'>καὶ</span> <span class='ocrx_word' id='word_1_592' title='bbox 2662 3298 3002 3368; x_wconf 87' lang='grc' dir='ltr'>συντήρησόν</span> <span class='ocrx_word' id='word_1_593' title='bbox 3040 3316 3109 3369; x_wconf 89' lang='grc' dir='ltr'><strong>με</strong></span> <span class='ocrx_word' id='word_1_594' title='bbox 3141 3301 3223 3363; x_wconf 81' lang='grc' dir='ltr'><strong>είς</strong></span> <span class='ocrx_word' id='word_1_595' title='bbox 3251 3301 3350 3369; x_wconf 78' lang='grc' dir='ltr'><strong>τὴν</strong></span> <span class='ocrx_word' id='word_1_596' title='bbox 3379 3299 3600 3355; x_wconf 87' lang='grc' dir='ltr'>αἰώνιόν</span> <span class='ocrx_word' id='word_1_597' title='bbox 3626 3316 3719 3353; x_wconf 85' lang='grc' dir='ltr'><strong>σου</strong></span> <span class='ocrx_word' id='word_1_598' title='bbox 3747 3301 3837 3353; x_wconf 79' lang='grc' dir='ltr'>καὶ</span> 
     </span>
    </p>
   </div>
   <div class='ocr_carea' id='block_1_78' title="bbox 2253 3385 3836 3461">
    <p class='ocr_par' dir='ltr' id='par_1_78' title="bbox 2253 3385 3836 3461">
     <span class='ocr_line' id='line_1_78' title="bbox 2253 3385 3836 3461; baseline 0.003 -22"><span class='ocrx_word' id='word_1_599' title='bbox 2253 3388 2535 3459; x_wconf 81' lang='grc' dir='ltr'>μακαρίαν</span> <span class='ocrx_word' id='word_1_600' title='bbox 2585 3388 2753 3460; x_wconf 80' lang='grc' dir='ltr'>ζωήν.</span> <span class='ocrx_word' id='word_1_601' title='bbox 2807 3385 2879 3442; x_wconf 67' lang='grc' dir='ltr'><strong><em>Ὠ</em></strong></span> <span class='ocrx_word' id='word_1_602' title='bbox 2939 3391 3144 3461; x_wconf 83' lang='grc' dir='ltr'>Πάτερ,</span> <span class='ocrx_word' id='word_1_603' title='bbox 3204 3392 3299 3445; x_wconf 77' lang='grc' dir='ltr'>καὶ</span> <span class='ocrx_word' id='word_1_604' title='bbox 3365 3393 3479 3457; x_wconf 79' lang='grc' dir='ltr'><strong>Υίέ,</strong></span> <span class='ocrx_word' id='word_1_605' title='bbox 3534 3392 3632 3445; x_wconf 78' lang='grc' dir='ltr'>καὶ</span> <span class='ocrx_word' id='word_1_606' title='bbox 3700 3393 3836 3444; x_wconf 84' lang='grc' dir='ltr'>θεῖον</span> 
     </span>
    </p>
   </div>
   <div class='ocr_carea' id='block_1_79' title="bbox 2255 3479 3833 3555">
    <p class='ocr_par' dir='ltr' id='par_1_79' title="bbox 2255 3479 3833 3555">
     <span class='ocr_line' id='line_1_79' title="bbox 2255 3479 3833 3555; baseline 0.001 -21"><span class='ocrx_word' id='word_1_607' title='bbox 2255 3479 2503 3550; x_wconf 83' lang='grc' dir='ltr'>Πνεῦμα,</span> <span class='ocrx_word' id='word_1_608' title='bbox 2524 3483 2556 3551; x_wconf 82' lang='grc' dir='ltr'>ἡ</span> <span class='ocrx_word' id='word_1_609' title='bbox 2576 3483 2865 3552; x_wconf 85' lang='grc' dir='ltr'>ὸμοούσιος</span> <span class='ocrx_word' id='word_1_610' title='bbox 2896 3483 2992 3536; x_wconf 76' lang='grc' dir='ltr'>καὶ</span> <span class='ocrx_word' id='word_1_611' title='bbox 3024 3483 3334 3554; x_wconf 83' lang='grc' dir='ltr'>ἀδιαίρετος</span> <span class='ocrx_word' id='word_1_612' title='bbox 3361 3483 3592 3555; x_wconf 83' lang='grc' dir='ltr'>Θεότης,</span> <span class='ocrx_word' id='word_1_613' title='bbox 3626 3484 3687 3535; x_wconf 84' lang='grc' dir='ltr'>σὲ</span> <span class='ocrx_word' id='word_1_614' title='bbox 3715 3486 3833 3536; x_wconf 64' lang='lat' dir='ltr'><strong>sm-</strong></span> 
     </span>
    </p>
   </div>
   <div class='ocr_carea' id='block_1_80' title="bbox 2240 3575 3825 3649">
    <p class='ocr_par' dir='ltr' id='par_1_80' title="bbox 2240 3575 3825 3649">
     <span class='ocr_line' id='line_1_80' title="bbox 2240 3575 3825 3649; baseline -0.001 -19"><span class='ocrx_word' id='word_1_615' title='bbox 2240 3575 2516 3646; x_wconf 85' lang='grc' dir='ltr'>καλοῦμαι</span> <span class='ocrx_word' id='word_1_616' title='bbox 2544 3578 2639 3630; x_wconf 74' lang='grc' dir='ltr'><strong>καὶ</strong></span> <span class='ocrx_word' id='word_1_617' title='bbox 2673 3578 2733 3630; x_wconf 79' lang='grc' dir='ltr'>σὲ</span> <span class='ocrx_word' id='word_1_618' title='bbox 2768 3576 3000 3643; x_wconf 64' lang='grc' dir='ltr'>δοξάζων</span> <span class='ocrx_word' id='word_1_619' title='bbox 3034 3577 3095 3630; x_wconf 86' lang='grc' dir='ltr'><strong>σέ</strong></span> <span class='ocrx_word' id='word_1_620' title='bbox 3124 3578 3233 3647; x_wconf 87' lang='grc' dir='ltr'><strong>γάρ</strong></span> <span class='ocrx_word' id='word_1_621' title='bbox 3261 3580 3422 3649; x_wconf 82' lang='grc' dir='ltr'>ὑμνεῖ</span> <span class='ocrx_word' id='word_1_622' title='bbox 3454 3580 3612 3631; x_wconf 79' lang='grc' dir='ltr'>πᾶσα</span> <span class='ocrx_word' id='word_1_623' title='bbox 3634 3577 3825 3640; x_wconf 81' lang='grc' dir='ltr'>κτίσις,</span> 
     </span>
    </p>
   </div>
   <div class='ocr_carea' id='block_1_81' title="bbox 2239 3670 3819 3743">
    <p class='ocr_par' dir='ltr' id='par_1_81' title="bbox 2239 3670 3819 3743">
     <span class='ocr_line' id='line_1_81' title="bbox 2239 3670 3819 3743; baseline 0.001 -20"><span class='ocrx_word' id='word_1_624' title='bbox 2239 3670 2335 3724; x_wconf 81' lang='grc' dir='ltr'>καὶ</span> <span class='ocrx_word' id='word_1_625' title='bbox 2372 3670 2432 3722; x_wconf 86' lang='grc' dir='ltr'><strong>σέ</strong></span> <span class='ocrx_word' id='word_1_626' title='bbox 2466 3670 2840 3738; x_wconf 79' lang='grc' dir='ltr'>δοξολογοῦσιν</span> <span class='ocrx_word' id='word_1_627' title='bbox 2871 3672 2928 3723; x_wconf 76' lang='grc' dir='ltr'>αι</span> <span class='ocrx_word' id='word_1_628' title='bbox 2973 3672 3163 3740; x_wconf 76' lang='grc' dir='ltr'>νοεραὶ</span> <span class='ocrx_word' id='word_1_629' title='bbox 3207 3672 3317 3726; x_wconf 84' lang='grc' dir='ltr'><strong>τῶν</strong></span> <span class='ocrx_word' id='word_1_630' title='bbox 3365 3672 3679 3743; x_wconf 81' lang='grc' dir='ltr'>ἀσωμάτων</span> <span class='ocrx_word' id='word_1_631' title='bbox 3712 3670 3819 3740; x_wconf 81' lang='lat'><strong>(99)</strong></span> 
     </span>
    </p>
   </div>
   <div class='ocr_carea' id='block_1_82' title="bbox 2236 3762 3254 3834">
    <p class='ocr_par' dir='ltr' id='par_1_82' title="bbox 2236 3762 3254 3834">
     <span class='ocr_line' id='line_1_82' title="bbox 2236 3762 3254 3834; baseline 0.004 -19"><span class='ocrx_word' id='word_1_632' title='bbox 2236 3762 2498 3834; x_wconf 88' lang='grc' dir='ltr'>δυνάμεις</span> <span class='ocrx_word' id='word_1_633' title='bbox 2528 3766 2608 3827; x_wconf 85' lang='grc' dir='ltr'><strong>είς</strong></span> <span class='ocrx_word' id='word_1_634' title='bbox 2635 3767 2762 3827; x_wconf 82' lang='grc' dir='ltr'>τοὺς</span> <span class='ocrx_word' id='word_1_635' title='bbox 2790 3763 3020 3827; x_wconf 80' lang='grc' dir='ltr'>αἰῶνας.</span> <span class='ocrx_word' id='word_1_636' title='bbox 3058 3764 3254 3834; x_wconf 74' lang='grc' dir='ltr'>Ἀμήν.</span> 
     </span>
    </p>
   </div>
   <div class='ocr_carea' id='block_1_83' title="bbox 2330 4100 3828 4180">
    <p class='ocr_par' dir='ltr' id='par_1_83' title="bbox 2330 4100 3828 4180">
     <span class='ocr_line' id='line_1_83' title="bbox 2330 4100 3828 4180; baseline 0.005 -22"><span class='ocrx_word' id='word_1_637' title='bbox 2330 4106 2557 4159; x_wconf 83' lang='grc' dir='ltr'>Ἐκτοτε</span> <span class='ocrx_word' id='word_1_638' title='bbox 2600 4100 2698 4160; x_wconf 76' lang='grc' dir='ltr'><strong>οὖν</strong></span> <span class='ocrx_word' id='word_1_639' title='bbox 2731 4107 2880 4179; x_wconf 81' lang='grc' dir='ltr'>πάσῃ</span> <span class='ocrx_word' id='word_1_640' title='bbox 2927 4107 3144 4179; x_wconf 82' lang='grc' dir='ltr'>φυλακῇ</span> <span class='ocrx_word' id='word_1_641' title='bbox 3194 4109 3382 4180; x_wconf 83' lang='grc' dir='ltr'>ἐτήρει</span> <span class='ocrx_word' id='word_1_642' title='bbox 3415 4110 3635 4175; x_wconf 81' lang='grc' dir='ltr'>ἐαυτὸν,</span> <span class='ocrx_word' id='word_1_643' title='bbox 3668 4110 3828 4165; x_wconf 72' lang='grc' dir='ltr'>καθα-</span> 
     </span>
    </p>
   </div>
   <div class='ocr_carea' id='block_1_84' title="bbox 2252 4197 3825 4273">
    <p class='ocr_par' dir='ltr' id='par_1_84' title="bbox 2252 4197 3825 4273">
     <span class='ocr_line' id='line_1_84' title="bbox 2252 4197 3825 4273; baseline 0.006 -26"><span class='ocrx_word' id='word_1_644' title='bbox 2252 4197 2455 4267; x_wconf 89' lang='grc' dir='ltr'>ρότητα</span> <span class='ocrx_word' id='word_1_645' title='bbox 2469 4197 2647 4268; x_wconf 74' lang='grc' dir='ltr'>ψυχῆς</span> <span class='ocrx_word' id='word_1_646' title='bbox 2667 4215 2727 4252; x_wconf 86' lang='grc' dir='ltr'><strong>τε</strong></span> <span class='ocrx_word' id='word_1_647' title='bbox 2750 4200 2845 4252; x_wconf 75' lang='grc' dir='ltr'><strong>καὶ</strong></span> <span class='ocrx_word' id='word_1_648' title='bbox 2872 4198 3126 4269; x_wconf 84' lang='grc' dir='ltr'>σώματος</span> <span class='ocrx_word' id='word_1_649' title='bbox 3153 4200 3334 4271; x_wconf 83' lang='grc' dir='ltr'>ἐαυτῷ</span> <span class='ocrx_word' id='word_1_650' title='bbox 3349 4201 3825 4273; x_wconf 78' lang='grc' dir='ltr'>περιποιούμενος,</span> 
     </span>
    </p>
   </div>
   <div class='ocr_carea' id='block_1_85' title="bbox 2247 4288 3829 4364">
    <p class='ocr_par' dir='ltr' id='par_1_85' title="bbox 2247 4288 3829 4364">
     <span class='ocr_line' id='line_1_85' title="bbox 2247 4288 3829 4364; baseline 0.004 -23"><span class='ocrx_word' id='word_1_651' title='bbox 2247 4288 2547 4360; x_wconf 85' lang='grc' dir='ltr'>ἐγκρατείᾳ</span> <span class='ocrx_word' id='word_1_652' title='bbox 2566 4306 2626 4342; x_wconf 89' lang='grc' dir='ltr'><strong>τε</strong></span> <span class='ocrx_word' id='word_1_653' title='bbox 2650 4290 2828 4355; x_wconf 76' lang='grc' dir='ltr'>συζῶν</span> <span class='ocrx_word' id='word_1_654' title='bbox 2854 4289 2949 4344; x_wconf 77' lang='grc' dir='ltr'><strong>καὶ</strong></span> <span class='ocrx_word' id='word_1_655' title='bbox 2977 4293 3308 4361; x_wconf 84' lang='grc' dir='ltr'>προσευχαῖς</span> <span class='ocrx_word' id='word_1_656' title='bbox 3325 4291 3643 4356; x_wconf 84' lang='grc' dir='ltr'>όλονύκτοις</span> <span class='ocrx_word' id='word_1_657' title='bbox 3678 4294 3829 4364; x_wconf 78' lang='grc' dir='ltr'><strong>ιθο</strong></span> 
     </span>
    </p>
   </div>
   <div class='ocr_carea' id='block_1_86' title="bbox 2244 4379 3824 4457">
    <p class='ocr_par' dir='ltr' id='par_1_86' title="bbox 2244 4379 3824 4457">
     <span class='ocr_line' id='line_1_86' title="bbox 2244 4379 3824 4457; baseline 0.004 -25"><span class='ocrx_word' id='word_1_658' title='bbox 2244 4379 2340 4434; x_wconf 75' lang='grc' dir='ltr'><strong>καὶ</strong></span> <span class='ocrx_word' id='word_1_659' title='bbox 2379 4380 2650 4451; x_wconf 81' lang='grc' dir='ltr'>δεήσεσιν.</span> <span class='ocrx_word' id='word_1_660' title='bbox 2691 4382 2937 4453; x_wconf 84' lang='grc' dir='ltr'>Ἡμέρας</span> <span class='ocrx_word' id='word_1_661' title='bbox 2985 4382 3089 4454; x_wconf 74' lang='grc' dir='ltr'>μὲν</span> <span class='ocrx_word' id='word_1_662' title='bbox 3140 4383 3249 4456; x_wconf 84' lang='grc' dir='ltr'>γὰρ</span> <span class='ocrx_word' id='word_1_663' title='bbox 3300 4384 3567 4449; x_wconf 86' lang='grc' dir='ltr'>πολλάκις</span> <span class='ocrx_word' id='word_1_664' title='bbox 3603 4403 3824 4457; x_wconf 82' lang='grc' dir='ltr'>περικο-</span> 
     </span>
    </p>
   </div>
   <div class='ocr_carea' id='block_1_87' title="bbox 2252 4470 3826 4545">
    <p class='ocr_par' dir='ltr' id='par_1_87' title="bbox 2252 4470 3826 4545">
     <span class='ocr_line' id='line_1_87' title="bbox 2252 4470 3826 4545; baseline 0.001 -19"><span class='ocrx_word' id='word_1_665' title='bbox 2252 4470 2539 4540; x_wconf 85' lang='grc' dir='ltr'>πτόμενος,</span> <span class='ocrx_word' id='word_1_666' title='bbox 2567 4474 2635 4543; x_wconf 78' lang='grc' dir='ltr'>τῇ</span> <span class='ocrx_word' id='word_1_667' title='bbox 2662 4488 2722 4524; x_wconf 84' lang='grc' dir='ltr'><strong>τε</strong></span> <span class='ocrx_word' id='word_1_668' title='bbox 2756 4471 2866 4525; x_wconf 84' lang='grc' dir='ltr'><strong>τῶν</strong></span> <span class='ocrx_word' id='word_1_669' title='bbox 2897 4472 3167 4527; x_wconf 84' lang='grc' dir='ltr'>συνόντων</span> <span class='ocrx_word' id='word_1_670' title='bbox 3199 4473 3350 4544; x_wconf 87' lang='grc' dir='ltr'>αὐτῷ</span> <span class='ocrx_word' id='word_1_671' title='bbox 3372 4474 3637 4545; x_wconf 69' lang='grc' dir='ltr'>συναυλία</span> <span class='ocrx_word' id='word_1_672' title='bbox 3661 4513 3678 4539; x_wconf 88' lang='grc'><strong>,</strong></span> <span class='ocrx_word' id='word_1_673' title='bbox 3718 4474 3826 4527; x_wconf 80' lang='grc' dir='ltr'>ἐσθ’</span> 
     </span>
    </p>
   </div>
   <div class='ocr_carea' id='block_1_88' title="bbox 2250 4559 3823 4634">
    <p class='ocr_par' dir='ltr' id='par_1_88' title="bbox 2250 4559 3823 4634">
     <span class='ocr_line' id='line_1_88' title="bbox 2250 4559 3823 4634; baseline 0.001 -21"><span class='ocrx_word' id='word_1_674' title='bbox 2250 4559 2342 4614; x_wconf 79' lang='grc' dir='ltr'>ὅτε</span> <span class='ocrx_word' id='word_1_675' title='bbox 2377 4561 2472 4613; x_wconf 71' lang='grc' dir='ltr'><strong>καὶ</strong></span> <span class='ocrx_word' id='word_1_676' title='bbox 2500 4563 2568 4632; x_wconf 79' lang='grc' dir='ltr'>τῇ</span> <span class='ocrx_word' id='word_1_677' title='bbox 2596 4560 2693 4615; x_wconf 83' lang='grc' dir='ltr'>τοῦ</span> <span class='ocrx_word' id='word_1_678' title='bbox 2725 4560 2991 4632; x_wconf 84' lang='grc' dir='ltr'>βασιλέως</span> <span class='ocrx_word' id='word_1_679' title='bbox 3023 4561 3165 4634; x_wconf 86' lang='grc' dir='ltr'>πρὸς</span> <span class='ocrx_word' id='word_1_680' title='bbox 3193 4562 3359 4615; x_wconf 82' lang='grc' dir='ltr'>αὐτὸν</span> <span class='ocrx_word' id='word_1_681' title='bbox 3396 4562 3671 4634; x_wconf 75' lang='grc' dir='ltr'>ἐπιδημίᾳ</span> <span class='ocrx_word' id='word_1_682' title='bbox 3700 4563 3731 4632; x_wconf 78' lang='grc' dir='ltr'>ἢ</span> <span class='ocrx_word' id='word_1_683' title='bbox 3760 4563 3823 4631; x_wconf 76' lang='grc' dir='ltr'>τῇ</span> 
     </span>
    </p>
   </div>
   <div class='ocr_carea' id='block_1_89' title="bbox 2249 4653 3823 4728">
    <p class='ocr_par' dir='ltr' id='par_1_89' title="bbox 2249 4653 3823 4728">
     <span class='ocr_line' id='line_1_89' title="bbox 2249 4653 3823 4728; baseline 0.006 -21"><span class='ocrx_word' id='word_1_684' title='bbox 2249 4653 2415 4708; x_wconf 79' lang='grc' dir='ltr'>αὑτοῦ</span> <span class='ocrx_word' id='word_1_685' title='bbox 2460 4656 2541 4718; x_wconf 83' lang='grc' dir='ltr'><strong>είς</strong></span> <span class='ocrx_word' id='word_1_686' title='bbox 2572 4656 2783 4708; x_wconf 84' lang='grc' dir='ltr'>ἐκεῖνον</span> <span class='ocrx_word' id='word_1_687' title='bbox 2829 4655 3166 4726; x_wconf 83' lang='grc' dir='ltr'>μετακλήσει</span> <span class='ocrx_word' id='word_1_688' title='bbox 3188 4696 3204 4722; x_wconf 94' lang='grc'><strong>,</strong></span> <span class='ocrx_word' id='word_1_689' title='bbox 3234 4658 3269 4727; x_wconf 76' lang='grc' dir='ltr'>ἡ</span> <span class='ocrx_word' id='word_1_690' title='bbox 3298 4654 3397 4721; x_wconf 82' lang='grc' dir='ltr'><strong>νὺξ</strong></span> <span class='ocrx_word' id='word_1_691' title='bbox 3442 4658 3594 4728; x_wconf 78' lang='grc' dir='ltr'>αὐτῷ</span> <span class='ocrx_word' id='word_1_692' title='bbox 3622 4658 3694 4709; x_wconf 77' lang='grc' dir='ltr'><strong>τά</strong></span> <span class='ocrx_word' id='word_1_693' title='bbox 3728 4656 3823 4724; x_wconf 78' lang='grc' dir='ltr'><strong>τῆς</strong></span> 
     </span>
    </p>
   </div>
   <div class='ocr_carea' id='block_1_90' title="bbox 561 4719 2133 4819">
    <p class='ocr_par' dir='ltr' id='par_1_90' title="bbox 561 4719 2121 4806">
     <span class='ocr_line' id='line_1_90' title="bbox 561 4719 2121 4806; baseline 0.015 -33"><span class='ocrx_word' id='word_1_694' title='bbox 561 4719 770 4773; x_wconf 89' lang='lat' dir='ltr'><strong>terdum</strong></span> <span class='ocrx_word' id='word_1_695' title='bbox 796 4719 865 4775; x_wconf 91' lang='lat' dir='ltr'><strong>ob</strong></span> <span class='ocrx_word' id='word_1_696' title='bbox 889 4720 1027 4789; x_wconf 90' lang='lat' dir='ltr'><strong>regis</strong></span> <span class='ocrx_word' id='word_1_697' title='bbox 1055 4723 1121 4775; x_wconf 89' lang='lat' dir='ltr'><strong>ad</strong></span> <span class='ocrx_word' id='word_1_698' title='bbox 1152 4737 1272 4778; x_wconf 91' lang='lat' dir='ltr'><strong>eum</strong></span> <span class='ocrx_word' id='word_1_699' title='bbox 1303 4740 1597 4797; x_wconf 89' lang='lat' dir='ltr'><strong>accessum,</strong></span> <span class='ocrx_word' id='word_1_700' title='bbox 1630 4742 1721 4785; x_wconf 93' lang='lat' dir='ltr'><strong>aut</strong></span> <span class='ocrx_word' id='word_1_701' title='bbox 1748 4737 1887 4803; x_wconf 92' lang='lat' dir='ltr'><strong>quod</strong></span> <span class='ocrx_word' id='word_1_702' title='bbox 1916 4738 2029 4806; x_wconf 83' lang='lat' dir='ltr'><strong>ipse</strong></span> <span class='ocrx_word' id='word_1_703' title='bbox 2054 4742 2121 4795; x_wconf 89' lang='lat' dir='ltr'><strong>ab</strong></span> 
     </span>
    </p>
   </div>
   <div class='ocr_carea' id='block_1_91' title="bbox 2252 4719 3816 4819">
    <p class='ocr_par' dir='ltr' id='par_1_91' title="bbox 2252 4719 3816 4819">
     <span class='ocr_line' id='line_1_91' title="bbox 2252 4719 3816 4819; baseline 0.001 -20"><span class='ocrx_word' id='word_1_704' title='bbox 2252 4747 2461 4819; x_wconf 75' lang='grc' dir='ltr'>ἡμέρας</span> <span class='ocrx_word' id='word_1_705' title='bbox 2491 4747 2805 4818; x_wconf 80' lang='grc' dir='ltr'>ἀνεπλήρου</span> <span class='ocrx_word' id='word_1_706' title='bbox 2829 4719 3228 4818; x_wconf 23' lang='grc' dir='ltr'>ύστερήματαν,</span> <span class='ocrx_word' id='word_1_707' title='bbox 3256 4719 3328 4801; x_wconf 43' lang='grc' dir='ltr'>’ἐν</span> <span class='ocrx_word' id='word_1_708' title='bbox 3370 4719 3576 4818; x_wconf 37' lang='grc' dir='ltr'>εὐχαῖς.</span> <span class='ocrx_word' id='word_1_709' title='bbox 3588 4749 3689 4801; x_wconf 80' lang='grc' dir='ltr'>καὶ</span> <span class='ocrx_word' id='word_1_710' title='bbox 3725 4719 3816 4801; x_wconf 71' lang='grc' dir='ltr'>δά-</span> 
     </span>
    </p>
   </div>
   <div class='ocr_carea' id='block_1_92' title="bbox 557 4811 2120 4898">
    <p class='ocr_par' dir='ltr' id='par_1_92' title="bbox 557 4811 2120 4898">
     <span class='ocr_line' id='line_1_92' title="bbox 557 4811 2120 4898; baseline 0.014 -34"><span class='ocrx_word' id='word_1_711' title='bbox 557 4825 625 4865; x_wconf 88' lang='lat' dir='ltr'><strong>eo</strong></span> <span class='ocrx_word' id='word_1_712' title='bbox 650 4811 935 4877; x_wconf 86' lang='lat' dir='ltr'><strong>acciretur,</strong></span> <span class='ocrx_word' id='word_1_713' title='bbox 964 4827 1085 4868; x_wconf 87' lang='lat' dir='ltr'><strong>sese</strong></span> <span class='ocrx_word' id='word_1_714' title='bbox 1125 4813 1435 4885; x_wconf 89' lang='lat' dir='ltr'><strong>interrumpi</strong></span> <span class='ocrx_word' id='word_1_715' title='bbox 1462 4819 1683 4887; x_wconf 90' lang='lat' dir='ltr'><strong>videret,</strong></span> <span class='ocrx_word' id='word_1_716' title='bbox 1710 4839 1811 4879; x_wconf 88' lang='lat' dir='ltr'><strong>nox</strong></span> <span class='ocrx_word' id='word_1_717' title='bbox 1836 4827 1952 4895; x_wconf 88' lang='lat' dir='ltr'><strong>ipsi,</strong></span> <span class='ocrx_word' id='word_1_718' title='bbox 1983 4832 2120 4898; x_wconf 89' lang='lat' dir='ltr'><strong>quod</strong></span> 
     </span>
    </p>
   </div>
   <div class='ocr_carea' id='block_1_93' title="bbox 557 4900 2120 4990">
    <p class='ocr_par' dir='ltr' id='par_1_93' title="bbox 557 4900 2120 4990">
     <span class='ocr_line' id='line_1_93' title="bbox 557 4900 2120 4990; baseline 0.014 -37"><span class='ocrx_word' id='word_1_719' title='bbox 557 4900 663 4954; x_wconf 92' lang='lat' dir='ltr'><strong>diei</strong></span> <span class='ocrx_word' id='word_1_720' title='bbox 685 4901 890 4965; x_wconf 85' lang='lat' dir='ltr'><strong>deerat,</strong></span> <span class='ocrx_word' id='word_1_721' title='bbox 920 4903 1216 4971; x_wconf 90' lang='lat' dir='ltr'><strong>supplebat,</strong></span> <span class='ocrx_word' id='word_1_722' title='bbox 1247 4915 1303 4959; x_wconf 74' lang='lat' dir='ltr'><strong>ut</strong></span> <span class='ocrx_word' id='word_1_723' title='bbox 1329 4908 1415 4976; x_wconf 90' lang='lat' dir='ltr'><strong>qui</strong></span> <span class='ocrx_word' id='word_1_724' title='bbox 1442 4909 1493 4962; x_wconf 89' lang='lat' dir='ltr'><strong>in</strong></span> <span class='ocrx_word' id='word_1_725' title='bbox 1524 4914 1767 4979; x_wconf 89' lang='lat' dir='ltr'><strong>precibus</strong></span> <span class='ocrx_word' id='word_1_726' title='bbox 1796 4927 1849 4971; x_wconf 90' lang='lat' dir='ltr'><strong>et</strong></span> <span class='ocrx_word' id='word_1_727' title='bbox 1874 4918 2120 4990; x_wconf 84' lang='lat' dir='ltr'><strong>lacrymis</strong></span> 
     </span>
    </p>
   </div>
   <div class='ocr_carea' id='block_1_94' title="bbox 558 4991 2115 5075">
    <p class='ocr_par' dir='ltr' id='par_1_94' title="bbox 558 4991 2115 5075">
     <span class='ocr_line' id='line_1_94' title="bbox 558 4991 2115 5075; baseline 0.012 -30"><span class='ocrx_word' id='word_1_728' title='bbox 558 4992 624 5045; x_wconf 84' lang='lat' dir='ltr'><strong>ad</strong></span> <span class='ocrx_word' id='word_1_729' title='bbox 655 4991 946 5046; x_wconf 87' lang='lat' dir='ltr'><strong>diluculum</strong></span> <span class='ocrx_word' id='word_1_730' title='bbox 978 5007 1144 5061; x_wconf 91' lang='lat' dir='ltr'><strong>usque</strong></span> <span class='ocrx_word' id='word_1_731' title='bbox 1173 5004 1359 5062; x_wconf 84' lang='lat' dir='ltr'><strong>staret,</strong></span> <span class='ocrx_word' id='word_1_732' title='bbox 1388 5013 1452 5053; x_wconf 92' lang='lat' dir='ltr'><strong>ac</strong></span> <span class='ocrx_word' id='word_1_733' title='bbox 1481 5001 1573 5055; x_wconf 91' lang='lat' dir='ltr'><strong>Dei</strong></span> <span class='ocrx_word' id='word_1_734' title='bbox 1609 5017 1764 5073; x_wconf 89' lang='lat' dir='ltr'><strong>opem</strong></span> <span class='ocrx_word' id='word_1_735' title='bbox 1792 5007 2115 5075; x_wconf 81' lang='lat' dir='ltr'><strong>imploraret.</strong></span> 
     </span>
    </p>
   </div>
   <div class='ocr_carea' id='block_1_95' title="bbox 560 5080 2113 5164">
    <p class='ocr_par' dir='ltr' id='par_1_95' title="bbox 560 5080 2113 5164">
     <span class='ocr_line' id='line_1_95' title="bbox 560 5080 2113 5164; baseline 0.012 -29"><span class='ocrx_word' id='word_1_736' title='bbox 560 5080 712 5135; x_wconf 86' lang='lat' dir='ltr'><strong>Unde</strong></span> <span class='ocrx_word' id='word_1_737' title='bbox 738 5080 900 5136; x_wconf 86' lang='lat' dir='ltr'><strong>etiam</strong></span> <span class='ocrx_word' id='word_1_738' title='bbox 930 5085 1236 5150; x_wconf 88' lang='lat' dir='ltr'><strong>prophetica</strong></span> <span class='ocrx_word' id='word_1_739' title='bbox 1264 5086 1351 5140; x_wconf 91' lang='lat' dir='ltr'><strong>illa</strong></span> <span class='ocrx_word' id='word_1_740' title='bbox 1387 5104 1488 5144; x_wconf 81' lang='lat' dir='ltr'><strong>vox</strong></span> <span class='ocrx_word' id='word_1_741' title='bbox 1527 5090 1578 5146; x_wconf 94' lang='lat' dir='ltr'><strong>in</strong></span> <span class='ocrx_word' id='word_1_742' title='bbox 1626 5095 1738 5161; x_wconf 90' lang='lat' dir='ltr'><strong>ipso</strong></span> <span class='ocrx_word' id='word_1_743' title='bbox 1762 5097 2113 5164; x_wconf 87' lang='lat' dir='ltr'><strong>implebatur:</strong></span> 
     </span>
    </p>
   </div>
   <div class='ocr_carea' id='block_1_96' title="bbox 557 5171 2115 5255">
    <p class='ocr_par' dir='ltr' id='par_1_96' title="bbox 557 5171 2115 5255">
     <span class='ocr_line' id='line_1_96' title="bbox 557 5171 2115 5255; baseline 0.012 -28"><span class='ocrx_word' id='word_1_744' title='bbox 557 5172 614 5227; x_wconf 90' lang='lat' dir='ltr'><strong>In</strong></span> <span class='ocrx_word' id='word_1_745' title='bbox 648 5171 893 5227; x_wconf 90' lang='lat' dir='ltr'><strong>noctibus</strong></span> <span class='ocrx_word' id='word_1_746' title='bbox 916 5173 1155 5228; x_wconf 83' lang='lat' dir='ltr'><strong>extollite</strong></span> <span class='ocrx_word' id='word_1_747' title='bbox 1184 5190 1369 5231; x_wconf 88' lang='lat' dir='ltr'><strong>manus</strong></span> <span class='ocrx_word' id='word_1_748' title='bbox 1401 5191 1599 5237; x_wconf 89' lang='lat' dir='ltr'><strong>vestras</strong></span> <span class='ocrx_word' id='word_1_749' title='bbox 1627 5183 1680 5237; x_wconf 91' lang='lat' dir='ltr'><strong>in</strong></span> <span class='ocrx_word' id='word_1_750' title='bbox 1708 5197 1916 5255; x_wconf 86' lang='lat' dir='ltr'><strong>sancta,</strong></span> <span class='ocrx_word' id='word_1_751' title='bbox 1939 5199 1992 5242; x_wconf 89' lang='lat' dir='ltr'><strong>et</strong></span> <span class='ocrx_word' id='word_1_752' title='bbox 2019 5190 2115 5245; x_wconf 88' lang='lat' dir='ltr'><strong>be-</strong></span> 
     </span>
    </p>
   </div>
   <div class='ocr_carea' id='block_1_97' title="bbox 554 5260 1477 5336">
    <p class='ocr_par' dir='ltr' id='par_1_97' title="bbox 554 5260 1477 5336">
     <span class='ocr_line' id='line_1_97' title="bbox 554 5260 1477 5336; baseline 0.009 -22"><span class='ocrx_word' id='word_1_753' title='bbox 554 5260 782 5317; x_wconf 87' lang='lat' dir='ltr'><strong>nedicite</strong></span> <span class='ocrx_word' id='word_1_754' title='bbox 802 5260 1081 5316; x_wconf 89' lang='lat' dir='ltr'><strong>Dominum</strong></span> <span class='ocrx_word' id='word_1_755' title='bbox 1114 5262 1281 5334; x_wconf 78' lang='lat' dir='ltr'><strong>(Psal.</strong></span> <span class='ocrx_word' id='word_1_756' title='bbox 1307 5269 1477 5336; x_wconf 78' lang='lat' dir='ltr'><strong>cxiii).</strong></span> 
     </span>
    </p>
   </div>
   <div class='ocr_carea' id='block_1_98' title="bbox 2246 4836 3819 4909">
    <p class='ocr_par' dir='ltr' id='par_1_98' title="bbox 2246 4836 3819 4909">
     <span class='ocr_line' id='line_1_98' title="bbox 2246 4836 3819 4909; baseline 0 -18"><span class='ocrx_word' id='word_1_757' title='bbox 2246 4854 2412 4909; x_wconf 88' lang='grc' dir='ltr'>κρυσι</span> <span class='ocrx_word' id='word_1_758' title='bbox 2444 4836 2610 4908; x_wconf 82' lang='grc' dir='ltr'>μέχρι</span> <span class='ocrx_word' id='word_1_759' title='bbox 2646 4837 3027 4909; x_wconf 81' lang='grc' dir='ltr'>διαφαύματος</span> <span class='ocrx_word' id='word_1_760' title='bbox 3061 4840 3354 4908; x_wconf 79' lang='grc' dir='ltr'>ἱσταμένου</span> <span class='ocrx_word' id='word_1_761' title='bbox 3381 4839 3550 4893; x_wconf 82' lang='grc' dir='ltr'>αὐτοῦ</span> <span class='ocrx_word' id='word_1_762' title='bbox 3594 4840 3695 4893; x_wconf 77' lang='grc' dir='ltr'>καὶ</span> <span class='ocrx_word' id='word_1_763' title='bbox 3733 4840 3819 4892; x_wconf 80' lang='grc' dir='ltr'><strong>τὸν</strong></span> 
     </span>
    </p>
   </div>
   <div class='ocr_carea' id='block_1_99' title="bbox 2242 4929 3819 5000">
    <p class='ocr_par' dir='ltr' id='par_1_99' title="bbox 2242 4929 3819 5000">
     <span class='ocr_line' id='line_1_99' title="bbox 2242 4929 3819 5000; baseline -0.001 -18"><span class='ocrx_word' id='word_1_764' title='bbox 2242 4929 2375 4983; x_wconf 87' lang='grc' dir='ltr'>Θεὸν</span> <span class='ocrx_word' id='word_1_765' title='bbox 2432 4930 2871 4999; x_wconf 81' lang='grc' dir='ltr'>ἐπικαλουμένου</span> <span class='ocrx_word' id='word_1_766' title='bbox 2899 4946 2913 4961; x_wconf 78' lang='grc' dir='ltr'><strong><em>ο</em></strong></span> <span class='ocrx_word' id='word_1_767' title='bbox 2961 4929 3085 4984; x_wconf 82' lang='grc' dir='ltr'>ὅθεν</span> <span class='ocrx_word' id='word_1_768' title='bbox 3120 4930 3183 4984; x_wconf 89' lang='grc' dir='ltr'><strong>τὸ</strong></span> <span class='ocrx_word' id='word_1_769' title='bbox 3248 4932 3593 5000; x_wconf 80' lang='grc' dir='ltr'>προφητικὸν</span> <span class='ocrx_word' id='word_1_770' title='bbox 3648 4932 3819 4984; x_wconf 80' lang='grc' dir='ltr'>ἐκεῖνο</span> 
     </span>
    </p>
   </div>
   <div class='ocr_carea' id='block_1_100' title="bbox 2246 5023 3816 5097">
    <p class='ocr_par' dir='ltr' id='par_1_100' title="bbox 2246 5023 3816 5097">
     <span class='ocr_line' id='line_1_100' title="bbox 2246 5023 3816 5097; baseline -0.001 -19"><span class='ocrx_word' id='word_1_771' title='bbox 2246 5023 2398 5095; x_wconf 76' lang='grc' dir='ltr'>ῥῆμα</span> <span class='ocrx_word' id='word_1_772' title='bbox 2428 5024 2506 5094; x_wconf 77' lang='lat' dir='ltr'><strong>(ll</strong></span> <span class='ocrx_word' id='word_1_773' title='bbox 2553 5028 2643 5077; x_wconf 84' lang='grc' dir='ltr'>ἐπ’</span> <span class='ocrx_word' id='word_1_774' title='bbox 2682 5026 2847 5081; x_wconf 77' lang='grc' dir='ltr'>αὐτὸν</span> <span class='ocrx_word' id='word_1_775' title='bbox 2888 5025 3227 5097; x_wconf 78' lang='grc' dir='ltr'>ἐπληροῦτοο</span> <span class='ocrx_word' id='word_1_776' title='bbox 3274 5028 3365 5079; x_wconf 86' lang='grc' dir='ltr'>Ἐν</span> <span class='ocrx_word' id='word_1_777' title='bbox 3408 5028 3530 5088; x_wconf 80' lang='grc' dir='ltr'>ταῖς</span> <span class='ocrx_word' id='word_1_778' title='bbox 3578 5026 3698 5090; x_wconf 72' lang='grc' dir='ltr'>νυξὶ</span> <span class='ocrx_word' id='word_1_779' title='bbox 3725 5028 3816 5077; x_wconf 78' lang='grc' dir='ltr'>ἐπ·</span> 
     </span>
    </p>
   </div>
   <div class='ocr_carea' id='block_1_101' title="bbox 2244 5114 3812 5189">
    <p class='ocr_par' dir='ltr' id='par_1_101' title="bbox 2244 5114 3812 5189">
     <span class='ocr_line' id='line_1_101' title="bbox 2244 5114 3812 5189; baseline 0 -21"><span class='ocrx_word' id='word_1_780' title='bbox 2244 5114 2417 5185; x_wconf 85' lang='grc' dir='ltr'>άρατε</span> <span class='ocrx_word' id='word_1_781' title='bbox 2446 5115 2542 5179; x_wconf 77' lang='grc' dir='ltr'>τὰς</span> <span class='ocrx_word' id='word_1_782' title='bbox 2574 5118 2763 5188; x_wconf 85' lang='grc' dir='ltr'>χεῖρας</span> <span class='ocrx_word' id='word_1_783' title='bbox 2792 5118 2948 5189; x_wconf 84' lang='grc' dir='ltr'>ὑμῶν</span> <span class='ocrx_word' id='word_1_784' title='bbox 2992 5120 3073 5182; x_wconf 89' lang='grc' dir='ltr'><strong>είς</strong></span> <span class='ocrx_word' id='word_1_785' title='bbox 3102 5119 3171 5171; x_wconf 79' lang='grc' dir='ltr'>τὰ</span> <span class='ocrx_word' id='word_1_786' title='bbox 3211 5118 3344 5186; x_wconf 83' lang='grc' dir='ltr'>ἆγια</span> <span class='ocrx_word' id='word_1_787' title='bbox 3374 5159 3389 5183; x_wconf 88' lang='grc'><strong>,</strong></span> <span class='ocrx_word' id='word_1_788' title='bbox 3420 5118 3515 5171; x_wconf 80' lang='grc' dir='ltr'>καὶ</span> <span class='ocrx_word' id='word_1_789' title='bbox 3551 5118 3812 5186; x_wconf 79' lang='grc' dir='ltr'>εὐλογεῖτε</span> 
     </span>
    </p>
   </div>
   <div class='ocr_carea' id='block_1_102' title="bbox 2240 5204 2577 5277">
    <p class='ocr_par' dir='ltr' id='par_1_102' title="bbox 2240 5204 2577 5277">
     <span class='ocr_line' id='line_1_102' title="bbox 2240 5204 2577 5277; baseline 0.009 -18"><span class='ocrx_word' id='word_1_790' title='bbox 2240 5206 2332 5260; x_wconf 90' lang='grc' dir='ltr'><strong>τὸν</strong></span> <span class='ocrx_word' id='word_1_791' title='bbox 2354 5204 2577 5277; x_wconf 85' lang='grc' dir='ltr'>Κύριον.</span> 
     </span>
    </p>
   </div>
   <div class='ocr_carea' id='block_1_103' title="bbox 625 5416 3807 5523">
    <p class='ocr_par' dir='ltr' id='par_1_103' title="bbox 625 5416 3807 5523">
     <span class='ocr_line' id='line_1_103' title="bbox 625 5416 3807 5523; baseline 0.005 -36"><span class='ocrx_word' id='word_1_792' title='bbox 760 5419 908 5523; x_wconf 45' lang='lat' dir='ltr'><strong>pm]:-</strong></span> <span class='ocrx_word' id='word_1_793' title='bbox 935 5426 1701 5523; x_wconf 48' lang='lat' dir='ltr'><strong>fldogovpsnxog</strong></span> <span class='ocrx_word' id='word_1_794' title='bbox 1728 5443 1903 5495; x_wconf 89' lang='grc' dir='ltr'>ποιεῖν</span> <span class='ocrx_word' id='word_1_795' title='bbox 1937 5442 1997 5523; x_wconf 74' lang='grc' dir='ltr'><strong>τὸ</strong></span> <span class='ocrx_word' id='word_1_796' title='bbox 2015 5441 2245 5523; x_wconf 38' lang='grc' dir='ltr'>’θέλημά</span> <span class='ocrx_word' id='word_1_797' title='bbox 2275 5463 2439 5523; x_wconf 48' lang='lat' dir='ltr'><strong>ceti...</strong></span> <span class='ocrx_word' id='word_1_798' title='bbox 2468 5448 2530 5500; x_wconf 87' lang='grc' dir='ltr'><strong>τὸ</strong></span> <span class='ocrx_word' id='word_1_799' title='bbox 2554 5449 2773 5520; x_wconf 84' lang='grc' dir='ltr'>πνεῦμά</span> <span class='ocrx_word' id='word_1_800' title='bbox 2805 5468 2900 5504; x_wconf 91' lang='grc' dir='ltr'><strong>σου</strong></span> <span class='ocrx_word' id='word_1_801' title='bbox 2926 5451 2989 5504; x_wconf 89' lang='grc' dir='ltr'><strong>τὸ</strong></span> <span class='ocrx_word' id='word_1_802' title='bbox 3026 5451 3230 5523; x_wconf 77' lang='grc' dir='ltr'>ἀγαθὸν</span> <span class='ocrx_word' id='word_1_803' title='bbox 3266 5451 3528 5523; x_wconf 78' lang='grc' dir='ltr'>ὁδηγήσει</span> <span class='ocrx_word' id='word_1_804' title='bbox 3558 5468 3626 5523; x_wconf 76' lang='grc' dir='ltr'><strong>με</strong></span> <span class='ocrx_word' id='word_1_805' title='bbox 3658 5451 3715 5505; x_wconf 81' lang='grc' dir='ltr'><strong>ἐν</strong></span> <span class='ocrx_word' id='word_1_806' title='bbox 3746 5452 3807 5521; x_wconf 69' lang='grc' dir='ltr'>τῇ</span> 
     </span>
    </p>
   </div>
   <div class='ocr_carea' id='block_1_104' title="bbox 550 5485 758 5558">
    <p class='ocr_par' dir='ltr' id='par_1_104' title="bbox 550 5485 758 5558">
     <span class='ocr_line' id='line_1_104' title="bbox 550 5485 758 5558; baseline 0 0"><span class='ocrx_word' id='word_1_807' title='bbox 550 5485 758 5558; x_wconf 57' lang='grc' dir='ltr'>εὐθείᾳ·</span> 
     </span>
    </p>
   </div>
   <div class='ocr_carea' id='block_1_105' title="bbox 623 5556 1179 5635">
    <p class='ocr_par' dir='ltr' id='par_1_105' title="bbox 623 5556 1179 5635">
     <span class='ocr_line' id='line_1_105' title="bbox 623 5556 1179 5635; baseline 0.02 -26"><span class='ocrx_word' id='word_1_808' title='bbox 764 5558 908 5635; x_wconf 62' lang='grc' dir='ltr'>ξεεί.</span> <span class='ocrx_word' id='word_1_809' title='bbox 943 5578 1092 5629; x_wconf 84' lang='lat' dir='ltr'><strong>thx,</strong></span> <span class='ocrx_word' id='word_1_810' title='bbox 1133 5568 1179 5620; x_wconf 85' lang='lat' dir='ltr'><strong>l.</strong></span> 
     </span>
    </p>
   </div>
   <div class='ocr_carea' id='block_1_106' title="bbox 618 5626 1136 5697">
    <p class='ocr_par' dir='ltr' id='par_1_106' title="bbox 618 5626 1136 5697">
     <span class='ocr_line' id='line_1_106' title="bbox 618 5626 1136 5697; baseline 0.017 -18"><span class='ocrx_word' id='word_1_811' title='bbox 618 5626 731 5697; x_wconf 80' lang='grc'>(95)</span> <span class='ocrx_word' id='word_1_812' title='bbox 761 5628 905 5684; x_wconf 90' lang='lat' dir='ltr'><strong>Psal.</strong></span> <span class='ocrx_word' id='word_1_813' title='bbox 939 5648 1018 5695; x_wconf 79' lang='lat' dir='ltr'><strong>ix,</strong></span> <span class='ocrx_word' id='word_1_814' title='bbox 1050 5626 1136 5688; x_wconf 63' lang='grc' dir='ltr'>ιιι.</span> 
     </span>
    </p>
   </div>
   <div class='ocr_carea' id='block_1_107' title="bbox 617 5695 1247 5770">
    <p class='ocr_par' dir='ltr' id='par_1_107' title="bbox 617 5695 1247 5770">
     <span class='ocr_line' id='line_1_107' title="bbox 617 5695 1247 5770; baseline 0.021 -22"><span class='ocrx_word' id='word_1_815' title='bbox 758 5697 902 5770; x_wconf 81' lang='lat' dir='ltr'><strong>Psal.</strong></span> <span class='ocrx_word' id='word_1_816' title='bbox 934 5716 1134 5770; x_wconf 78' lang='lat' dir='ltr'><strong>Lxxxv,</strong></span> <span class='ocrx_word' id='word_1_817' title='bbox 1162 5707 1247 5761; x_wconf 81' lang='grc'><strong>16.</strong></span> 
     </span>
    </p>
   </div>
   <div class='ocr_carea' id='block_1_108' title="bbox 795 5494 2133 5594">
    <p class='ocr_par' dir='ltr' id='par_1_108' title="bbox 795 5494 2133 5594">
     <span class='ocr_line' id='line_1_108' title="bbox 795 5494 2133 5594; baseline 0.02 -52"><span class='ocrx_word' id='word_1_818' title='bbox 795 5496 897 5594; x_wconf 48' lang='grc' dir='ltr'>ξιιιί</span> <span class='ocrx_word' id='word_1_819' title='bbox 1113 5498 1288 5594; x_wconf 76' lang='lat' dir='ltr'><strong>lpcum</strong></span> <span class='ocrx_word' id='word_1_820' title='bbox 1318 5494 1543 5562; x_wconf 43' lang='lat' dir='ltr'><strong>nov-eral</strong></span> <span class='ocrx_word' id='word_1_821' title='bbox 1577 5506 1783 5577; x_wconf 88' lang='lat' dir='ltr'><strong>Billius,</strong></span> <span class='ocrx_word' id='word_1_822' title='bbox 1809 5494 1917 5567; x_wconf 91' lang='lat' dir='ltr'><strong>non</strong></span> <span class='ocrx_word' id='word_1_823' title='bbox 1943 5494 2133 5579; x_wconf 64' lang='lat' dir='ltr'><strong>debuit</strong></span> 
     </span>
    </p>
   </div>
   <div class='ocr_carea' id='block_1_109' title="bbox 2252 5494 3546 5594">
    <p class='ocr_par' dir='ltr' id='par_1_109' title="bbox 2257 5494 3546 5594">
     <span class='ocr_line' id='line_1_109' title="bbox 2257 5494 3546 5594; baseline 0.006 -25"><span class='ocrx_word' id='word_1_824' title='bbox 2257 5494 2333 5570; x_wconf 54' lang='grc' dir='ltr'><strong>εἷ</strong></span> <span class='ocrx_word' id='word_1_825' title='bbox 2348 5494 2988 5592; x_wconf 60' lang='grc' dir='ltr'><strong>Ῐὶιξιιῖἑιῦἰιῖἷοῗῖιιῖιῖςέἐὲ</strong></span> <span class='ocrx_word' id='word_1_826' title='bbox 3003 5494 3197 5587; x_wconf 64' lang='grc' dir='ltr'><strong>ἐξέῐᾶῑῖ</strong></span> <span class='ocrx_word' id='word_1_827' title='bbox 3210 5494 3546 5594; x_wconf 56' lang='grc' dir='ltr'><strong>’τῇἒόξίᾷἶᾷ</strong></span> 
     </span>
    </p>
   </div>
   <div class='ocr_carea' id='block_1_110' title="bbox 615 5765 3222 5864">
    <p class='ocr_par' dir='ltr' id='par_1_110' title="bbox 615 5765 3222 5864">
     <span class='ocr_line' id='line_1_110' title="bbox 615 5765 3222 5864; baseline 0.007 -24"><span class='ocrx_word' id='word_1_828' title='bbox 762 5765 1354 5864; x_wconf 43' lang='grc' dir='ltr'><strong>ξηβΡξξξ-ειιΙ-Τιιιιί-ιι,</strong></span> <span class='ocrx_word' id='word_1_829' title='bbox 1386 5781 1439 5836; x_wconf 77' lang='grc'><strong>4.</strong></span> <span class='ocrx_word' id='word_1_830' title='bbox 1472 5783 1622 5841; x_wconf 90' lang='lat' dir='ltr'><strong>Unde</strong></span> <span class='ocrx_word' id='word_1_831' title='bbox 1647 5795 1791 5844; x_wconf 77' lang='lat' dir='ltr'><strong>tanta</strong></span> <span class='ocrx_word' id='word_1_832' title='bbox 1817 5788 2093 5864; x_wconf 77' lang='lat' dir='ltr'><strong>Joasapbo</strong></span> <span class='ocrx_word' id='word_1_833' title='bbox 2124 5792 2592 5853; x_wconf 74' lang='lat' dir='ltr'><strong>Testamentorum</strong></span> <span class='ocrx_word' id='word_1_834' title='bbox 2625 5800 2816 5861; x_wconf 87' lang='lat' dir='ltr'><strong>notitia</strong></span> <span class='ocrx_word' id='word_1_835' title='bbox 2849 5801 3004 5857; x_wconf 75' lang='lat' dir='ltr'><strong>Valde</strong></span> <span class='ocrx_word' id='word_1_836' title='bbox 3036 5804 3222 5858; x_wconf 88' lang='lat' dir='ltr'><strong>miror.</strong></span> 
     </span>
    </p>
   </div>
   <div class='ocr_carea' id='block_1_111' title="bbox 611 5836 1315 5912">
    <p class='ocr_par' dir='ltr' id='par_1_111' title="bbox 611 5836 1315 5912">
     <span class='ocr_line' id='line_1_111' title="bbox 611 5836 1315 5912; baseline 0.02 -24"><span class='ocrx_word' id='word_1_837' title='bbox 762 5836 1049 5912; x_wconf 39' lang='lat' dir='ltr'><strong>(Ill—supra</strong></span> <span class='ocrx_word' id='word_1_838' title='bbox 1082 5858 1194 5902; x_wconf 90' lang='lat' dir='ltr'><strong>not.</strong></span> <span class='ocrx_word' id='word_1_839' title='bbox 1225 5848 1315 5904; x_wconf 80' lang='lat'><strong>93.</strong></span> 
     </span>
    </p>
   </div>
   <div class='ocr_carea' id='block_1_112' title="bbox 612 5904 1285 5981">
    <p class='ocr_par' dir='ltr' id='par_1_112' title="bbox 612 5904 1285 5981">
     <span class='ocr_line' id='line_1_112' title="bbox 612 5904 1285 5981; baseline 0.012 -17"><span class='ocrx_word' id='word_1_840' title='bbox 612 5904 913 5981; x_wconf 52' lang='lat' dir='ltr'><strong>($9)_Conf.</strong></span> <span class='ocrx_word' id='word_1_841' title='bbox 1026 5914 1078 5975; x_wconf 87' lang='grc'>5,</span> <span class='ocrx_word' id='word_1_842' title='bbox 1112 5932 1165 5970; x_wconf 92' lang='lat' dir='ltr'><strong>n.</strong></span> <span class='ocrx_word' id='word_1_843' title='bbox 1195 5916 1285 5973; x_wconf 72' lang='grc'><strong>24.</strong></span> 
     </span>
    </p>
   </div>
   <div class='ocr_carea' id='block_1_113' title="bbox 617 5976 1204 6053">
    <p class='ocr_par' dir='ltr' id='par_1_113' title="bbox 617 5976 1204 6053">
     <span class='ocr_line' id='line_1_113' title="bbox 617 5976 1204 6053; baseline 0.027 -28"><span class='ocrx_word' id='word_1_844' title='bbox 617 5976 695 6047; x_wconf 77' lang='grc'>(1)</span> <span class='ocrx_word' id='word_1_845' title='bbox 722 5978 865 6038; x_wconf 83' lang='lat' dir='ltr'><strong>Psal.</strong></span> <span class='ocrx_word' id='word_1_846' title='bbox 890 5976 1113 6053; x_wconf 71' lang='lat' dir='ltr'><strong>cium,</strong></span> <span class='ocrx_word' id='word_1_847' title='bbox 1150 5989 1204 6041; x_wconf 76' lang='lat'><strong>9.</strong></span> 
     </span>
    </p>
   </div>
  </div>
