4042 6428
219 398 366 463 1057

1316 390 1491 451 VITA
1531 390 1892 451 BARLAAM
1932 392 2029 453 ET
2064 394 2418 460 JOASAPH.

3339 406 3489 493 1058

293 499 363 551 Ὀ
404 495 459 548 δὲ
502 494 715 568 Ζαρδάν
758 498 962 564 ἐκεῖνος
1009 499 1107 570 τὴν
1133 500 1389 572 τοιαύτην
1432 500 1596 556 αὑτοῦ
1624 502 1796 555 αἰσθό-

1909 514 1931 543 ο
1992 502 2198 557 Zardan
2224 514 2400 556 autem
2440 501 2549 568 ille,
2579 516 2696 558 cum
2720 504 3020 575 huiusmodi
3050 508 3215 577 ipsius
3241 511 3362 567 vitae
3390 529 3478 567 ra-

203 604 385 657 μενος
411 587 689 660 διαγωγὴν
724 593 820 643 καὶ
850 591 1027 661 λύπης
1077 592 1476 664 πληρούμενος,
1508 594 1802 666 μερίμναις

198 693 265 729 τε
294 678 507 742 δειναῖς
533 679 633 749 τὴν
658 678 838 752 ψυχὴν
870 681 1197 753 βαλλόμενος
1218 725 1233 751 ,
1258 685 1360 738 οὑκ
1391 680 1539 756 εῖχεν
1565 686 1593 739 ὅ
1614 702 1667 738 τι
1700 685 1799 739 καὶ

200 767 437 839 δράσειε
460 784 474 800 ·
506 770 685 835 τέλος,
714 776 782 844 τῇ
816 774 944 846 ἀνίᾳ
981 776 1419 847 καταπονηθεὶς,
1455 778 1538 840 είς
1563 777 1657 831 τὸν
1682 778 1803 830 ἑαν-

198 859 306 912 τοῦ
343 861 697 934 ἀπεδήμησεν
745 861 897 919 οἶκον
922 907 937 931 ,
970 868 1278 940 ἀρρωστεῖν
1307 868 1799 941 προσποιούμενος.

212 952 313 1016 ’ος
340 953 397 1006 δέ
427 956 508 1019 είς
532 954 737 1024 γνῶσιν
776 956 855 1029 τῷ
897 958 1110 1029 βασιλεῖ
1135 959 1296 1014 τοῦτο
1327 960 1615 1033 ἐληλύθει,
1640 961 1802 1016 ἄλλον

202 1045 319 1116 μὲν
356 1048 473 1100 ἀντ’
519 1048 689 1102 αὑτοῦ
728 1050 838 1105 τῶν
874 1053 1221 1109 πιστοτάτων
1265 1052 1677 1127 καθυπηρετεῖν
1721 1054 1802 1126 τῷ

202 1138 320 1209 υίῷ
367 1139 787 1205 ἐξαπέστειλεν·
820 1142 986 1209 αὐτὸς
1012 1144 1069 1198 δὲ
1094 1188 1109 1211 ,
1145 1146 1247 1217 τῆς
1293 1146 1389 1200 τοῦ
1434 1145 1650 1221 Ζαρδάν
1677 1147 1803 1201 ἐπι·-

202 1228 379 1298 μελού
389 1246 552 1300 μενος
569 1230 784 1299 ὑγείας,
808 1234 893 1287 ίατ
901 1234 995 1306 ρδν
1020 1234 1171 1306 αὑτῷ
1188 1234 1398 1308 πέμπει
1427 1236 1802 1309 δοκιμώτατον

199 1323 305 1377 καὶ
336 1324 618 1394 φροντίδος
641 1324 722 1379 ὅτι
755 1327 957 1399 πολλῆς
993 1327 1138 1393 ἀξιοῖ
1166 1328 1594 1401 θεραπευθῆναι.

285 1435 353 1491 Ὀ
384 1436 445 1492 δὲ
472 1438 678 1510 ίατρδς,
708 1438 827 1493 ἐπεὶ
869 1440 945 1512 τῷ
983 1440 1194 1513 βασιλεῖ
1215 1437 1375 1509 οὗτος
1400 1445 1802 1516 κεχαρισμένος

198 1520 297 1598 ἦν,
332 1530 611 1601 ἐπιμελῶς
651 1534 994 1603 ἐπεσκέψατο
1020 1576 1033 1595 ,
1062 1535 1156 1589 καὶ
1176 1576 1190 1600 ,
1218 1538 1419 1608 ἄριστα
1450 1537 1701 1606 διαγνοὺς
1732 1538 1801 1593 τὰ

200 1615 333 1670 κατ’
367 1619 553 1681 αὑτὸν.
578 1620 654 1691 τῷ
686 1620 898 1691 βασιλεῖ
928 1623 1121 1677 θᾶττον
1146 1624 1492 1694 ἀναγγέλλει,
1520 1625 1597 1689 ὡς
1634 1627 1798 1695 Ἐγὼ,

198 1709 385 1779 φησὶ,
419 1711 635 1777 οὐδενὸς
658 1714 966 1784 νοσήματος
1000 1716 1171 1770 αἴτιον
1212 1717 1271 1770 ἐν
1297 1717 1375 1789 τῷ
1407 1718 1682 1790 ἀνθρώπῳ
1716 1720 1801 1772 εὑ-

200 1800 328 1869 ρεῖν
360 1800 690 1872 δεδύνημαιο
734 1802 886 1858 ἔνθεν
912 1822 993 1857 τοι
1029 1805 1123 1858 καὶ
1166 1806 1556 1878 ὑπολαμϐάνω,
1590 1808 1798 1880 ἀθυμίᾳ

197 1892 311 1943 τινὶ
354 1893 453 1962 τὴν
491 1892 671 1964 ψυχὴν
702 1894 990 1967 βληθέντα,
1037 1898 1227 1953 τοῦτον
1262 1901 1688 1972 μαλακισθῆναι.
1736 1902 1795 1955 '0

197 1979 256 2053 δέ
290 1980 576 2051 βασιλεὺς,
601 1984 806 2038 τούτων
834 1986 1073 2051 ἀκούσας
1093 1988 1203 2041 τῶν
1236 1990 1523 2061 ῥημάτων,
1554 1991 1794 2045 ὑπέλαϐε

202 2073 432 2144 βαρέως
459 2074 608 2146 αὑτῷ
640 2076 730 2129 τὸν
761 2076 879 2130 υἱὸν
908 2077 1256 2151 διατεθῆναι,
1294 2082 1388 2158 καὶ
1416 2080 1607 2135 τούτου
1636 2084 1796 2155 χάριν

200 2162 524 2233 λυπηθέντα
550 2163 712 2217 αὑτὸν
746 2165 1122 2238 ὑποχωρῆσαι.
1157 2170 1368 2223 Μαθεῖν
1392 2169 1447 2223 δὲ
1479 2170 1541 2223 τὸ
1565 2174 1797 2243 πρᾶγμα

200 2254 521 2319 ἀκολούθως
555 2255 882 2327 βουλόμενος
909 2297 923 2323 ,
951 2259 1225 2331 δεδήλωκε
1253 2260 1329 2332 τῷ
1363 2260 1599 2332 Ζαρδὰν,
1637 2264 1792 2334 191

200 2346 279 2410 ὡς
314 2347 521 2418 Αὑριον
572 2348 903 2420 ἐλεύσομαι,
946 2352 1080 2420 φησὶ
1106 2390 1120 2415 ,
1156 2351 1438 2425 θεωρῆσαί
1471 2371 1529 2407 σε
1555 2394 1570 2421 ,
1606 2358 1700 2408 καὶ
1730 2359 1798 2409 τὰ

200 2438 305 2508 τῆς
340 2438 727 2510 ἐπισυμϐἀσης
760 2457 840 2492 σοι
868 2440 1162 2509 διαγνῶναι
1187 2442 1522 2514 ἀρρωστίας.

285 2568 352 2623 '0
380 2568 593 2641 Ζαρδὰν
622 2569 704 2635 δέ,
738 2569 943 2641 ταύτης
971 2570 1215 2634 ἀκούσας
1242 2571 1342 2642 τῆς
1373 2571 1655 2641 ἀγγελίας,
1681 2572 1799 2642 ἅμα

211 2658 370 2731 πρωῒ
409 2660 872 2732 περιϐαλλόμενος
902 2662 1068 2715 αὑτοῦ
1113 2661 1174 2715 τὸ
1208 2662 1423 2732 ἱμάτιον
1448 2704 1463 2728 ,
1503 2664 1798 2733 πορεύεται

207 2754 356 2827 πρὸς
383 2754 475 2808 τὸν
502 2754 747 2825 βασιλέα.
782 2755 893 2809 Καὶ
920 2753 1177 2808 εἰσελθὼν
1205 2753 1617 2826 προσεκύνησεν
1647 2756 1798 2828 αὑτῷ

199 2847 296 2899 ἐπὶ
337 2847 435 2917 τῆς
467 2846 592 2917 γῆς.
636 2846 695 2899 '0
724 2846 782 2899 δὲ
817 2845 1076 2916 βασιλεὺς
1103 2885 1120 2913 ,
1158 2845 1242 2908 Τί,
1278 2846 1433 2916 φησὶ,
1473 2846 1799 2918 παρεόιάσω

200 2936 404 2991 ἑαυτὸν
443 2936 882 3008 παραγενέσθαι;
915 2937 1077 3000 αὑτὸς
1107 2935 1218 3007 γὰρ
1256 2935 1447 3007 ἤθελον
1491 2937 1798 3007 ἐπισκέψα-

203 3026 343 3080 σθαι
378 3043 462 3093 σε,
490 3028 585 3080 καὶ
614 3029 753 3081 πᾶσι
774 3026 1160 3098 γνωρίσαιτὴν
1198 3028 1334 3098 πρὸς
1360 3028 1419 3081 σέ
1452 3045 1554 3099 μου
1586 3028 1793 3097 φιλίαν.

211 3121 286 3189 Ὀ⁶
332 3119 390 3174 δὲ
437 3119 740 3191 ἀντέφησεν
765 3137 781 3153 ο
834 3120 895 3173 Ἡ
934 3120 1040 3189 ἐμὴ
1066 3161 1081 3185 ,
1112 3118 1366 3191 βασιλεῦ,
1413 3120 1669 3176 ἀσθένεια
1696 3122 1798 3174 οὑκ

1918 596 2117 650 tionem
2147 595 2512 659 intellexisset,
2540 610 2849 667 summaque
2873 599 2994 656 inde
3018 603 3265 658 maestitia
3298 608 3483 661 allice-

1919 694 2089 750 retur,
2118 684 2469 754 gravibusque
2496 686 2655 739 animi
2698 689 2840 742 curis
2867 703 3167 759 vexaretur,
3217 710 3316 749 nec
3351 696 3475 762 quid

1918 778 2114 831 laceret
2151 775 2388 841 haberet,
2436 775 2503 829 ad
2553 785 2850 833 extremum
2894 796 3122 839 mmrore
3168 799 3476 854 oppressus,

1913 867 2162 922 simulato
2182 866 2388 931 morbo,
2426 867 2477 920 in
2509 882 2630 920 suas
2655 872 2796 923 aedes
2820 875 3102 927 concessit.
3129 874 3277 942 Quod
3304 887 3360 932 ut
3384 895 3477 933 rex

1915 958 2193 1029 comperit,
2235 958 2395 1011 alium
2435 959 2713 1027 quemdam
2755 977 2817 1016 ex
2863 962 2968 1030 his,
3016 980 3149 1033 quos
3189 968 3474 1024 ﬁdissimos

1915 1051 2165 1114 habebat,
2198 1050 2361 1111 misit,
2389 1049 2477 1117 qui
2506 1049 2666 1117 ipsius
2699 1052 2814 1105 loco
2852 1054 2957 1107 ﬁlio
2984 1055 3323 1110 ministraret.
3358 1058 3473 1125 Ipse

1911 1150 2088 1198 autem
2114 1139 2430 1194 valetudinis
2460 1139 2713 1193 Zardanis
2748 1156 2926 1196 curam
2958 1160 3166 1212 gerens,
3194 1148 3479 1202 celeberri-

1915 1248 2056 1288 mum
2083 1231 2149 1285 ad
2184 1246 2304 1285 eum
2346 1230 2607 1283 medicum
2645 1229 2826 1295 mittit,
2860 1248 3088 1303 eumque
3123 1246 3180 1290 ut
3214 1253 3471 1294 summam

1914 1324 1979 1375 ad
2010 1321 2173 1390 ipsius
2197 1323 2526 1375 curationem
2563 1320 2968 1378 sollicitudinem
3012 1327 3259 1385 adhibeat
3297 1345 3470 1401 rogat.

1922 1470 1935 1508 ,ι
1977 1451 2210 1506 Medicus
2240 1450 2419 1520 igitur,
2446 1448 2694 1517 quoniam
2720 1462 2839 1502 eum
2872 1454 2980 1520 regi
3011 1465 3212 1521 gratum
3241 1466 3291 1508 et
3313 1471 3463 1510 accc-

1904 1548 2048 1606 ptum
2078 1555 2195 1595 esse
2226 1542 2592 1609 perspiciebat,
2623 1542 2807 1594 sedqu
2845 1556 2964 1592 eum
2996 1540 3275 1593 tnvrsebat.
3298 1536 3460 1591 Cum-

1902 1643 2003 1697 que
2033 1629 2195 1697 ipsius
2225 1642 2418 1684 statum
2440 1640 2683 1684 accurate
2703 1629 3113 1690 considerasset,
3148 1642 3256 1696 regi
3278 1629 3461 1681 confe-

1901 1719 2023 1771 SIim
2074 1719 2364 1787 indicavit,
2478 1738 2537 1777 se
2707 1722 2835 1774 nihil
2878 1720 3016 1789 quod
3076 1719 3314 1773 morbum
3362 1718 3460 1785 ipsi

1904 1820 2201 1865 accerseret
2222 1809 2273 1864 in
2296 1825 2360 1864 eo
2382 1810 2614 1879 reperire
2638 1813 2901 1879 potuisse;
2922 1824 2983 1862 ac
3014 1810 3232 1877 proinde
3257 1811 3324 1861 ita
3351 1811 3463 1863 exi-

1903 1898 2123 1953 stimare
2150 1915 2269 1953 eum
2299 1901 2476 1967 aliquo
2501 1892 2661 1955 animi
2692 1916 2918 1956 maerore
2970 1900 3212 1954 allectum
3241 1901 3293 1953 in
3320 1915 3462 1953 mor-

1907 1990 2028 2044 bum
2062 1991 2327 2045 incidisse.
2359 1992 2466 2045 Rex
2496 2001 2668 2044 autem
2702 1990 2785 2045 his
2807 1991 2979 2044 verbis
3006 1990 3219 2053 auditis,
3253 1990 3352 2042 hoc
3384 2004 3465 2041 ar-

1904 2080 2126 2139 hitratus
2165 2089 2250 2134 est
2294 2096 2412 2134 eum
2460 2095 2489 2134 a
2533 2081 2639 2135 ﬁlio
2679 2082 2916 2149 asperius
2953 2088 3225 2149 acceptum
3275 2079 3464 2146 fuisse,

1912 2183 2068 2242 atque
2112 2172 2211 2225 hac
2260 2173 2326 2226 de
2379 2186 2537 2226 causa
2586 2182 2842 2239 concepto
2874 2185 3103 2224 mter-ore
3158 2169 3465 2223 recessisse.

1906 2261 2165 2329 Quidnam
2217 2270 2393 2314 autem
2449 2259 2500 2313 id
2546 2268 2690 2313 esset
2733 2259 2981 2327 deinceps
3031 2259 3169 2312 scire
3215 2259 3464 2324 cupiens,

1908 2354 2132 2408 Zardani
2161 2368 2219 2407 se
2248 2367 2395 2417 eum,
2417 2361 2472 2406 ut
2495 2352 2665 2406 oborti
2697 2352 2864 2405 morbi
2893 2367 3103 2406 causam
3134 2352 3465 2419 intelligeret,

1908 2446 2140 2501 crastino
2161 2445 2245 2500 die
2267 2446 2555 2499 invisorum
2580 2445 2913 2513 signiﬁcavit.

1976 2568 2183 2623 Zardan
2210 2578 2388 2624 autem
2438 2568 2591 2639 hujus
2625 2569 2865 2637 promissi
2894 2571 3087 2625 certior
3124 2569 3311 2633 factus,
3353 2580 3463 2624 sta-

1907 2658 1998 2712 tim
2029 2666 2086 2712 ut
2110 2659 2316 2723 diluxit,
2348 2659 2667 2714 indumentis
2693 2661 2955 2729 acceptis,
2985 2661 3051 2714 ad
3091 2677 3265 2730 regem
3306 2662 3464 2730 proﬁ-

1904 2750 2141 2813 ciscitur,
2170 2764 2398 2817 eumque
2444 2750 2602 2804 simul
2648 2759 2806 2820 atque
2858 2752 3125 2821 ingressus
3167 2760 3272 2819 est,
3321 2753 3465 2808 humi

1908 2846 2202 2905 prostratus
2240 2842 2499 2893 adoravit.
2540 2840 2650 2895 Rex
2698 2852 2871 2895 autem
2916 2860 2930 2895 :
2965 2842 3121 2907 Quid,
3155 2845 3341 2913 inquit,
3371 2844 3465 2897 tibi

1907 2929 2010 2983 vim
2038 2930 2280 2997 attulisti,
2307 2940 2364 2984 ut
2402 2931 2468 2984 ad
2517 2948 2603 2986 me
2628 2933 2948 2987 accederes?
2974 2935 3104 2989 Nam
3144 2935 3258 3003 ipse
3302 2937 3366 2991 ad
3416 2946 3468 2991 te

1907 3019 2191 3087 proﬁcisci,
2216 3035 2496 3089 meumque
2520 3038 2642 3091 erga
2676 3036 2725 3076 te
2752 3040 2984 3078 amorem
3013 3028 3257 3081 omnibus
3285 3029 3467 3081 decla-

1906 3123 2025 3165 rare
2051 3110 2101 3162 in
2125 3112 2303 3164 animo
2335 3113 2611 3167 habebam.
2642 3115 2736 3169 llie
2767 3124 2943 3170 autem
2985 3119 3254 3185 respondit
3282 3136 3296 3173 :
3324 3120 3466 3174 Mor-

200 3214 327 3268 ἐστι
363 3213 472 3267 τῶν
508 3214 757 3285 συνήθων
784 3212 1095 3285 ἀνθρώποις
1126 3213 1515 3285 ἀρῤωστειῶν·
1555 3213 1672 3267 ἀλλ’
1728 3217 1793 3268 ἐκ

1909 3202 2006 3255 ltus
2036 3219 2203 3270 meus,
2235 3218 2267 3259 ο
2296 3222 2410 3272 rex,
2455 3222 2557 3259 non
2608 3221 2669 3262 ex
2701 3222 2884 3261 eorum
2915 3224 3137 3264 numero
3161 3223 3242 3265 est
3278 3212 3468 3280 quibus

199 3308 463 3379 λυπηρᾶς
506 3307 602 3361 καὶ
639 3307 987 3378 ἐμμερίμνου
1036 3307 1219 3377 ψυχῆς
1268 3309 1367 3376 τῆς
1418 3305 1645 3379 καρδίας
1674 3306 1796 3360 ὀδυ-

201 3406 500 3476 νωμένης,
534 3404 884 3476 συνωδυνήθη
929 3404 992 3458 τὸ
1024 3404 1207 3474 σῶμα.
1254 3402 1560 3474 Ἀφροσύνη
1602 3402 1660 3455 δέ
1705 3418 1795 3472 μοι

199 3492 271 3569 ἦν
302 3496 481 3562 οὕτως
506 3497 701 3568 ἔχοντά
726 3514 795 3569 με
838 3497 912 3569 μὴ
934 3496 1198 3560 δουλικῶς
1234 3496 1375 3568 πρὸς
1399 3496 1460 3549 τὸ
1489 3496 1581 3549 σὺν
1612 3512 1786 3567 παρα-

201 3589 465 3659 γενέσθαι
507 3590 744 3661 κράτος,
788 3590 926 3644 ἀλλά
962 3590 1066 3660 τὴν
1102 3589 1202 3661 σὴν
1237 3587 1515 3659 βασιλείαν
1554 3585 1796 3660 προσμέ-

203 3700 324 3736 νειν
360 3683 467 3747 ἕως
502 3682 637 3754 ἐμοῦ
669 3681 764 3736 τοῦ
798 3682 1010 3736 οἰκέτου
1044 3680 1333 3751 σκυλῆναι.
1380 3679 1489 3733 Τοῦ
1528 3678 1793 3749 βασιλέως

204 3773 302 3832 οὖν
349 3776 760 3847 πυνθανομένου
790 3776 874 3840 τίς
911 3778 945 3846 ἡ
989 3775 1089 3846 τῆς
1115 3774 1356 3845 ἀθυμίας
1390 3772 1560 3827 αὑτοῦ
1601 3773 1750 3826 αἰτία
1775 3812 1791 3837 ,

204 3866 500 3921 ὑπολαϐὼν
527 3868 556 3921 ό
584 3867 826 3938 Ζαρδὰν,
867 3867 1060 3934 Μέγας
1084 3866 1208 3936 ἐμοὶ
1231 3865 1497 3929 κίνδυνος,
1528 3863 1631 3935 ἔφη
1652 3879 1666 3892 '
1699 3864 1795 3917 καὶ

208 3959 467 4031 μεγάλων
508 3957 621 4027 ἐγὼ
665 3958 948 4031 τιμωριῶν
981 3958 1133 4025 ἄξιος
1156 3998 1171 4023 ,
1205 3956 1418 4010 πολλῶν
1446 3956 1503 4009 δὲ
1547 3955 1793 4009 θανάτων

204 4050 397 4121 ἔνοχος
424 4050 767 4120 καθέστηκα,
792 4052 899 4117 ὅτι,
927 4049 1023 4104 σοῦ
1048 4052 1164 4113 τοῖς
1205 4048 1629 4121 προστάγμασιν
1658 4050 1794 4118 ἀμε-

204 4141 317 4207 λῶς
345 4141 617 4206 διατεθεὶς
668 4142 828 4205 ἀνίας
855 4157 939 4196 σοι
969 4140 1179 4212 πολλῆς
1207 4141 1333 4195 ὅσον
1357 4141 1571 4194 οὐδέπω
1595 4139 1795 4212 πρόξε-

203 4252 299 4299 νος
329 4236 552 4305 γέγονα.

276 4455 451 4521 Δὺθις
475 4456 531 4510 δὲ
561 4456 590 4510 ό
617 4455 868 4528 βασιλεὺς
889 4501 904 4525 ,
938 4458 1049 4513 Καὶ
1083 4458 1206 4511 τίνα
1247 4459 1311 4511 σὺ
1347 4455 1616 4527 ἀμέλειαν
1651 4453 1793 4526 ὴμέ-

1906 3295 2147 3350 bomines
2189 3297 2429 3352 laborare
2457 3299 2660 3365 solent,
2692 3315 2877 3354 verum
2916 3315 2979 3355 ex
3027 3302 3189 3356 animi
3221 3304 3468 3359 iniustitia

1904 3395 1959 3439 et
1986 3388 2254 3441 anxietate
2281 3388 2446 3441 corde
2483 3389 2534 3441 in
2567 3390 2803 3443 dolorem
2832 3391 3080 3459 prolapso
3105 3406 3295 3459 corpus
3338 3408 3472 3462 quo.

1905 3488 2009 3542 que
2044 3475 2335 3530 condoluit.
2359 3479 2621 3532 Amentia:
2652 3493 2809 3548 porro
2833 3479 2958 3534 mihi
2983 3482 3279 3537 ducendum
3305 3495 3467 3548 esset,

1905 3563 1951 3617 si
1983 3579 2102 3619 cum
2124 3566 2192 3628 ita
2225 3582 2309 3621 me
2340 3568 2609 3635 haberem,
2645 3585 2749 3624 non
2790 3579 2849 3624 ut
2876 3586 3087 3626 servum
3116 3572 3290 3637 decet,
3316 3576 3382 3628 ad
3417 3584 3470 3628 te

1902 3654 2249 3720 accederem;
2275 3671 2457 3711 verum
2480 3668 2535 3711 ut
2554 3662 2698 3730 regia
2722 3669 2806 3713 tua
2833 3661 3082 3729 majestas
3105 3662 3169 3716 ad
3192 3676 3277 3716 me
3302 3664 3471 3717 lamu-

1907 3747 2015 3801 lum
2040 3748 2255 3803 veniens
2274 3764 2390 3803 sese
2414 3752 2673 3820 latigaret,
2700 3764 3087 3821 exspectarem.
3118 3755 3472 3810 Percontante

1907 3848 2080 3892 autem
2111 3852 2234 3908 rege
2262 3840 2509 3907 quidnam
2539 3856 2662 3896 eum
2697 3843 2749 3896 in
2780 3843 2922 3898 hunc
2964 3860 3247 3900 maerorem
3285 3844 3472 3915 conje-

1906 3927 2085 3993 cisset,
2121 3931 2451 3997 respondens
2478 3931 2684 3987 Zardan
2720 3951 2734 3988 :
2764 3935 3027 4005 Magnum,
3051 3937 3237 4006 inquit,
3267 3938 3473 4005 pericu-

1907 4023 2014 4076 lum
2046 4022 2178 4075 mihi
2224 4025 2511 4092 impendet,
2547 4029 2854 4097 magnisque
2884 4030 3155 4097 suppliciis
3192 4044 3253 4084 ac
3294 4030 3472 4084 multis

1910 4114 2094 4167 mortis
2124 4114 2405 4181 generibus
2428 4115 2643 4184 dignum
2674 4133 2758 4172 me
2783 4133 3032 4187 agnosco,
3065 4119 3311 4188 quoniam
3341 4136 3472 4189 prae-

1910 4206 2079 4274 ceptis
2104 4208 2206 4261 tuis
2235 4208 2561 4277 negligenter
2585 4210 2926 4279 obsequendo
2954 4213 3221 4281 ingentem
3253 4213 3341 4267 tibi
3362 4212 3381 4282 j
3404 4229 3472 4268 im

1912 4297 2127 4368 jamque
2149 4312 2433 4353 mmrorem
2462 4300 2736 4353 accersivi.

1976 4453 2204 4509 Rursum
2231 4459 2403 4506 autem
2430 4465 2495 4505 ex
2521 4464 2586 4505 eo
2614 4455 2883 4519 quaerente
2922 4460 3045 4515 rege
3087 4458 3326 4510 quasnam
3366 4443 3460 4499 hu-

203 4549 419 4622 ληκας;
450 4551 644 4621 ἦρετοο
697 4550 751 4604 τί
797 4551 856 4603 δὲ
884 4550 945 4604 τὸ
989 4551 1244 4622 περιέχον
1291 4567 1351 4603 σε
1378 4550 1539 4617 δέος;
1583 4548 1671 4602 Ἐν
1724 4550 1791 4619 τῇ

1909 4546 2132 4619 iusmodi
2173 4544 2486 4614 negligentia
2514 4551 2676 4608 esset,
2710 4540 2763 4593 in
2790 4553 2947 4608 quam
2979 4536 3268 4600 incidisset,
3298 4536 3461 4605 quod.

203 4643 344 4714 περὶ
373 4643 466 4695 τὸν
493 4641 679 4713 κύριόν
708 4660 812 4714 μου
835 4644 925 4697 τὸν
950 4645 1065 4697 υίόν
1089 4662 1183 4697 σου
1221 4643 1479 4716 ἀκριϐείᾳ
1509 4641 1789 4712 ἡμέληκα,

204 4735 342 4805 εφη.
390 4734 631 4807 Πονηρὸς
677 4735 785 4807 γὰρ
823 4731 1109 4808 ἀνθρωποξ
1142 4736 1237 4789 καὶ
1270 4737 1402 4804 γόης
1445 4733 1617 4788 ἐλθὼν
1651 4733 1791 4803 ὡμί-

204 4823 379 4895 λησεν
408 4825 555 4897 αὑτῴ
583 4825 650 4880 τὰ
680 4827 779 4898 τῆς
802 4826 1102 4898 θρησκείας
1123 4826 1233 4880 τῶν
1260 4824 1630 4898 Χριστιανῶν.
1660 4819 1795 4877 Εἶτα

206 4916 487 4985 διηγεῖται
515 4916 656 4970 κατά
687 4917 854 4987 μέρος
881 4917 960 4988 τῷ
984 4917 1197 4988 βασιλεί
1221 4916 1290 4970 τὰ
1309 4916 1613 4989 λαληθέντα
1645 4914 1799 4986 παρὰ

209 5008 312 5061 τοῦ
354 5008 611 5079 γέροντος
651 5009 789 5080 πρὸς
837 5010 927 5062 τὸν
978 5011 1094 5063 υἱὸν
1140 5009 1329 5073 αὑτοῦ,
1380 5011 1475 5062 καὶ
1514 5007 1631 5077 μεθ’
1666 5009 1798 5077 ὅσης

204 5096 408 5167 ⁴ἡδονῆς
433 5098 641 5161 ἐκεῖνος
663 5099 754 5151 τὸν
780 5097 937 5167 λόγον
966 5098 1187 5164 ἐδέξατο
1208 5136 1223 5162 ,
1257 5098 1415 5167 192
1444 5097 1539 5151 καὶ
1567 5096 1642 5159 ὡς
1665 5095 1785 5159 ὅλος

206 5186 304 5240 τοῦ
345 5188 583 5259 Χριστοῦ
627 5190 843 5258 γεγόνει
882 5190 980 5261 (2).
1042 5189 1186 5258 Πρὸς
1232 5189 1288 5242 δὲ
1323 5190 1419 5242 καὶ
1465 5187 1562 5261 τὴν
1598 5188 1790 5257 κλῆσιν

208 5282 403 5352 ἐδήλου
450 5282 545 5335 τοῦ
593 5284 891 5353 γέροντος,
947 5283 1219 5354 Βαρλαάμ
1256 5282 1447 5335 τοῦτον
1506 5281 1794 5335 καλεῖσθαι

196 5374 405 5428 εἰπών.
447 5373 702 5443 Ἀκηκόει
732 5375 842 5446 γὰρ
891 5375 990 5428 καὶ
1040 5374 1310 5447 πρότερον
1350 5377 1378 5428 ό
1422 5374 1678 5445 βασιλεὺς
1724 5372 1795 5425 τὰ

210 5464 345 5535 περὶ
383 5463 479 5517 τοῦ
536 5465 802 5536 Βαρλαὰμ
852 5465 950 5518 καὶ⁹
1000 5464 1100 5535 τῆς
1147 5463 1455 5534 ἀκροτάτης
1503 5463 1796 5532 ἀσκήσεως

211 5555 403 5609 αὑτοῦ.
419 5557 509 5620 Ὠς
536 5555 583 5610 δ’
607 5557 687 5620 είς
707 5556 878 5621 ἀκοὰς
903 5557 1077 5611 ταῦτα
1101 5552 1232 5629 ἦλθε
1254 5555 1332 5628 τῷ
1366 5554 1594 5626 βασιλεῖ,
1622 5553 1798 5624 κλόνῳ

215 5648 381 5712 εὐθὺς
409 5650 474 5703 ἐκ
504 5650 602 5720 τῆς
631 5648 1039 5721 περιπεσούσης
1070 5648 1221 5720 αὑτῷ
1244 5648 1483 5720 ἀθυμίας
1519 5646 1795 5719 βάλλεται,

1906 4656 2007 4711 que
2037 4638 2325 4708 periculum
2377 4634 2503 4689 illud
2549 4634 2602 4688 in
2650 4645 2754 4702 quo
2799 4638 3081 4683 versatur:
3125 4627 3179 4681 In
3231 4628 3464 4681 custodit

1906 4732 2106 4787 domini
2130 4732 2230 4786 mei
2264 4729 2354 4783 lilii
2383 4728 2482 4793 tui,
2515 4726 2702 4795 inquit,
2732 4724 3083 4793 negligentem
3129 4736 3213 4775 me
3242 4722 3464 4788 prmbui.

1906 4823 2178 4894 Improbus
2207 4823 2349 4876 enim
2377 4819 2589 4889 quidam
2618 4831 2679 4871 ac
2703 4816 3056 4885 prazstigiator
3086 4813 3372 4879 ingressus,
3401 4811 3466 4865 de

1906 4914 2217 4969 Christiana:
2258 4909 2524 4980 religionis
2569 4907 2808 4961 doctrina
2846 4905 2911 4958 ad
2952 4918 3071 4958 eum
3121 4903 3279 4956 verba
3323 4903 3466 4957 fecit.

1910 5006 2201 5073 Posteaque
2229 5000 2359 5071 regi,
2384 5014 2517 5067 quos
2540 4997 2604 5051 ad
2628 4997 2792 5066 ipsius
2815 4994 2976 5048 ﬁlium
3006 5008 3165 5047 senex
3195 5006 3468 5046 sermones

1911 5094 2178 5149 habuisset
2202 5093 2469 5163 sigillatim
2497 5086 2757 5155 exposuit,
2782 5094 3132 5156 quantamque
3156 5084 3241 5137 ille
3261 5098 3325 5139 ex
3343 5084 3468 5151 ipsis

1909 5187 2231 5255 voluptatem
2262 5185 2509 5252 cepisset,
2537 5182 2783 5250 quodque
2811 5193 3022 5247 prorsus
3049 5176 3257 5230 Christo
3286 5190 3344 5230 se
3384 5175 3450 5229 ad

1910 5279 2149 5333 dixisset.
2203 5276 2338 5344 Quin
2390 5275 2546 5331 etiam
2595 5274 2737 5327 senis
2792 5287 2983 5327 nomen
3030 5271 3127 5339 ipsi
3180 5270 3468 5338 indicavit,

1914 5370 2150 5423 Barlaam
2194 5368 2363 5435 ipsum
2394 5362 2687 5432 nuncupari
2715 5361 2919 5415 dicens.
2952 5359 3083 5414 Nam
3116 5360 3274 5413 etiam
3319 5370 3473 5416 antea

1913 5475 2008 5515 rex
2053 5458 2120 5513 de
2149 5456 2410 5520 Barlaam,
2444 5469 2504 5507 ac
2531 5466 2735 5506 summa
2763 5451 3021 5519 religiosae
3051 5451 3215 5516 ipsius
3245 5451 3363 5504 vitae
3392 5466 3476 5502 as-

1919 5550 2164 5620 peritate,
2209 5547 2372 5601 multa
2420 5543 2689 5598 auditione
2733 5550 3030 5610 acceperat,
3068 5541 3133 5597 Ut
3160 5550 3334 5595 autem
3366 5543 3476 5595 hac

1918 5643 1983 5696 ad
2012 5642 2149 5710 regis
2175 5652 2331 5693 aures
2358 5643 2729 5707 pervenerunt,
2760 5644 2935 5691 tantus
2956 5637 3002 5690 ei
3035 5648 3233 5690 mceror
3259 5634 3479 5689 obortus

286 5850 363 5917 (ἓ)
392 5851 456 5921 C,
488 5853 752 5922 ἐγεγόνει.
783 5852 858 5909 Dc
899 5854 1170 5924 augmenti
1204 5851 1501 5911 omissione
1534 5850 1675 5907 infra
1705 5848 1981 5907 notabitur
