  <div class='ocr_page' id='page_1' title='image "/cluster/home/n/w/nwhite01/storage/ocr_20150623/96/hvd.32044019208065/536.png"; bbox 0 0 4042 6428; ppageno 0'>
   <div class='ocr_carea' id='block_1_1' title="bbox 224 363 360 427">
    <p class='ocr_par' dir='ltr' id='par_1_1' title="bbox 224 363 360 427">
     <span class='ocr_line' id='line_1_1' title="bbox 224 363 360 427; baseline 0.007 -1"><span class='ocrx_word' id='word_1_1' title='bbox 224 363 360 427; x_wconf 83' lang='grc'><strong>1061</strong></span> 
     </span>
    </p>
   </div>
   <div class='ocr_carea' id='block_1_2' title="bbox 1306 363 2390 434">
    <p class='ocr_par' dir='ltr' id='par_1_2' title="bbox 1306 363 2390 434">
     <span class='ocr_line' id='line_1_2' title="bbox 1306 363 2390 434; baseline 0.008 -10"><span class='ocrx_word' id='word_1_2' title='bbox 1306 363 1480 424; x_wconf 90' lang='lat' dir='ltr'><strong>VITA</strong></span> <span class='ocrx_word' id='word_1_3' title='bbox 1517 365 1873 428; x_wconf 78' lang='lat' dir='ltr'><strong>BARLAAM</strong></span> <span class='ocrx_word' id='word_1_4' title='bbox 1911 367 2006 428; x_wconf 87' lang='lat' dir='ltr'><strong>ET</strong></span> <span class='ocrx_word' id='word_1_5' title='bbox 2042 369 2390 434; x_wconf 81' lang='lat' dir='ltr'><strong>JOASAPH.</strong></span> 
     </span>
    </p>
   </div>
   <div class='ocr_carea' id='block_1_3' title="bbox 3334 400 3471 466">
    <p class='ocr_par' dir='ltr' id='par_1_3' title="bbox 3334 400 3471 466">
     <span class='ocr_line' id='line_1_3' title="bbox 3334 400 3471 466; baseline 0.015 -2"><span class='ocrx_word' id='word_1_6' title='bbox 3334 400 3471 466; x_wconf 72' lang='lat'><strong>1062</strong></span> 
     </span>
    </p>
   </div>
   <div class='ocr_carea' id='block_1_4' title="bbox 213 465 1781 570">
    <p class='ocr_par' dir='ltr' id='par_1_4' title="bbox 213 465 1781 550">
     <span class='ocr_line' id='line_1_4' title="bbox 213 465 1781 550; baseline 0.005 -29"><span class='ocrx_word' id='word_1_7' title='bbox 213 467 386 540; x_wconf 57' lang='lat'><strong>195</strong></span> <span class='ocrx_word' id='word_1_8' title='bbox 414 465 604 521; x_wconf 81' lang='grc' dir='ltr'>Ἔνθεν</span> <span class='ocrx_word' id='word_1_9' title='bbox 640 476 728 525; x_wconf 69' lang='grc' dir='ltr'>,τοι</span> <span class='ocrx_word' id='word_1_10' title='bbox 761 469 854 522; x_wconf 76' lang='grc' dir='ltr'><strong>καὶ</strong></span> <span class='ocrx_word' id='word_1_11' title='bbox 893 469 984 524; x_wconf 77' lang='grc' dir='ltr'>τὸν</span> <span class='ocrx_word' id='word_1_12' title='bbox 1031 471 1296 545; x_wconf 71' lang='grc' dir='ltr'>Βαρλαᾶμ</span> <span class='ocrx_word' id='word_1_13' title='bbox 1327 473 1554 548; x_wconf 78' lang='grc' dir='ltr'><strong>ἔναγχος</strong></span> <span class='ocrx_word' id='word_1_14' title='bbox 1599 479 1781 550; x_wconf 72' lang='grc' dir='ltr'>μαθὼν</span> 
     </span>
    </p>
   </div>
   <div class='ocr_carea' id='block_1_5' title="bbox 1881 465 3469 570">
    <p class='ocr_par' dir='ltr' id='par_1_5' title="bbox 1908 484 3469 570">
     <span class='ocr_line' id='line_1_5' title="bbox 1908 484 3469 570; baseline 0.02 -34"><span class='ocrx_word' id='word_1_15' title='bbox 1908 484 2077 541; x_wconf 83' lang='lat' dir='ltr'><strong>nixus.</strong></span> <span class='ocrx_word' id='word_1_16' title='bbox 2124 487 2380 555; x_wconf 83' lang='lat' dir='ltr'><strong>Quocirca</strong></span> <span class='ocrx_word' id='word_1_17' title='bbox 2426 507 2544 547; x_wconf 89' lang='lat' dir='ltr'><strong>cum</strong></span> <span class='ocrx_word' id='word_1_18' title='bbox 2585 494 2915 555; x_wconf 86' lang='lat' dir='ltr'><strong>Barlaamum</strong></span> <span class='ocrx_word' id='word_1_19' title='bbox 2964 517 3135 570; x_wconf 85' lang='lat' dir='ltr'><strong>nuper</strong></span> <span class='ocrx_word' id='word_1_20' title='bbox 3183 507 3469 566; x_wconf 76' lang='lat' dir='ltr'><strong>recessisse</strong></span> 
     </span>
    </p>
   </div>
   <div class='ocr_carea' id='block_1_6' title="bbox 207 559 1789 638">
    <p class='ocr_par' dir='ltr' id='par_1_6' title="bbox 207 559 1789 638">
     <span class='ocr_line' id='line_1_6' title="bbox 207 559 1789 638; baseline 0.008 -24"><span class='ocrx_word' id='word_1_21' title='bbox 207 559 594 631; x_wconf 74' lang='grc' dir='ltr'>ΰπῠχωρῆσαι,</span> <span class='ocrx_word' id='word_1_22' title='bbox 627 559 995 631; x_wconf 70' lang='grc' dir='ltr'><strong>χειρώσασθαι</strong></span> <span class='ocrx_word' id='word_1_23' title='bbox 1034 563 1286 621; x_wconf 75' lang='grc' dir='ltr'>ἔσπευδε.</span> <span class='ocrx_word' id='word_1_24' title='bbox 1336 569 1528 638; x_wconf 87' lang='grc' dir='ltr'>Λόχοις</span> <span class='ocrx_word' id='word_1_25' title='bbox 1571 568 1664 625; x_wconf 82' lang='grc' dir='ltr'><strong>οῦν</strong></span> <span class='ocrx_word' id='word_1_26' title='bbox 1692 575 1789 627; x_wconf 74' lang='grc' dir='ltr'>καὶ</span> 
     </span>
    </p>
   </div>
   <div class='ocr_carea' id='block_1_7' title="bbox 206 650 1788 730">
    <p class='ocr_par' dir='ltr' id='par_1_7' title="bbox 206 650 1788 730">
     <span class='ocr_line' id='line_1_7' title="bbox 206 650 1788 730; baseline 0.007 -27"><span class='ocrx_word' id='word_1_27' title='bbox 206 652 463 722; x_wconf 78' lang='grc' dir='ltr'><strong>λοχαγοῖς</strong></span> <span class='ocrx_word' id='word_1_28' title='bbox 490 651 600 704; x_wconf 89' lang='grc' dir='ltr'><strong>τῶν</strong></span> <span class='ocrx_word' id='word_1_29' title='bbox 625 650 874 716; x_wconf 74' lang='grc' dir='ltr'><strong>διεξόδων</strong></span> <span class='ocrx_word' id='word_1_30' title='bbox 901 652 1001 716; x_wconf 85' lang='grc' dir='ltr'>τὰς</span> <span class='ocrx_word' id='word_1_31' title='bbox 1041 653 1260 719; x_wconf 85' lang='grc' dir='ltr'>πλείους</span> <span class='ocrx_word' id='word_1_32' title='bbox 1285 655 1579 728; x_wconf 83' lang='grc' dir='ltr'>διειληφὼς</span> <span class='ocrx_word' id='word_1_33' title='bbox 1598 701 1610 722; x_wconf 91' lang='grc'><strong>,</strong></span> <span class='ocrx_word' id='word_1_34' title='bbox 1659 661 1788 730; x_wconf 89' lang='grc' dir='ltr'>μίαν</span> 
     </span>
    </p>
   </div>
   <div class='ocr_carea' id='block_1_8' title="bbox 205 742 1786 824">
    <p class='ocr_par' dir='ltr' id='par_1_8' title="bbox 205 742 1786 824">
     <span class='ocr_line' id='line_1_8' title="bbox 205 742 1786 824; baseline 0.006 -28"><span class='ocrx_word' id='word_1_35' title='bbox 205 743 267 797; x_wconf 81' lang='grc' dir='ltr'>δὲ</span> <span class='ocrx_word' id='word_1_36' title='bbox 315 744 425 796; x_wconf 89' lang='grc' dir='ltr'><strong>τῶν</strong></span> <span class='ocrx_word' id='word_1_37' title='bbox 466 742 622 806; x_wconf 83' lang='grc' dir='ltr'>ὁδῶν,</span> <span class='ocrx_word' id='word_1_38' title='bbox 659 743 726 814; x_wconf 80' lang='grc' dir='ltr'>ἦν</span> <span class='ocrx_word' id='word_1_39' title='bbox 775 745 967 799; x_wconf 83' lang='grc' dir='ltr'>πασῶν</span> <span class='ocrx_word' id='word_1_40' title='bbox 1019 747 1221 824; x_wconf 79' lang='grc' dir='ltr'>μᾶλλον</span> <span class='ocrx_word' id='word_1_41' title='bbox 1268 748 1560 821; x_wconf 80' lang='grc' dir='ltr'><strong>ὑφωρᾶτο,</strong></span> <span class='ocrx_word' id='word_1_42' title='bbox 1599 753 1786 818; x_wconf 76' lang='grc' dir='ltr'>αὐτὸς,</span> 
     </span>
    </p>
   </div>
   <div class='ocr_carea' id='block_1_9' title="bbox 204 833 1788 912">
    <p class='ocr_par' dir='ltr' id='par_1_9' title="bbox 204 833 1788 912">
     <span class='ocr_line' id='line_1_9' title="bbox 204 833 1788 912; baseline 0.008 -27"><span class='ocrx_word' id='word_1_43' title='bbox 204 833 402 898; x_wconf 74' lang='grc' dir='ltr'>ἵπποις</span> <span class='ocrx_word' id='word_1_44' title='bbox 435 834 634 898; x_wconf 76' lang='grc' dir='ltr'>ἐπιϐὰς</span> <span class='ocrx_word' id='word_1_45' title='bbox 655 874 670 899; x_wconf 91' lang='grc'><strong>,</strong></span> <span class='ocrx_word' id='word_1_46' title='bbox 714 834 818 889; x_wconf 81' lang='grc' dir='ltr'><strong>ἀνὰ</strong></span> <span class='ocrx_word' id='word_1_47' title='bbox 847 835 1047 907; x_wconf 85' lang='grc' dir='ltr'>κράτος</span> <span class='ocrx_word' id='word_1_48' title='bbox 1091 838 1312 905; x_wconf 85' lang='grc' dir='ltr'>ἐδίωκε,</span> <span class='ocrx_word' id='word_1_49' title='bbox 1348 842 1788 912; x_wconf 81' lang='grc' dir='ltr'>προκαταλαϐεῖν</span> 
     </span>
    </p>
   </div>
   <div class='ocr_carea' id='block_1_10' title="bbox 203 925 1788 1002">
    <p class='ocr_par' dir='ltr' id='par_1_10' title="bbox 203 925 1788 1002">
     <span class='ocr_line' id='line_1_10' title="bbox 203 925 1788 1002; baseline 0.006 -22"><span class='ocrx_word' id='word_1_50' title='bbox 203 925 376 980; x_wconf 74' lang='grc' dir='ltr'>αὐτὸν</span> <span class='ocrx_word' id='word_1_51' title='bbox 404 926 468 979; x_wconf 83' lang='grc' dir='ltr'><strong>ἐκ</strong></span> <span class='ocrx_word' id='word_1_52' title='bbox 489 925 689 990; x_wconf 84' lang='grc' dir='ltr'>παντὸς</span> <span class='ocrx_word' id='word_1_53' title='bbox 723 928 924 1000; x_wconf 87' lang='grc' dir='ltr'>τρόπου</span> <span class='ocrx_word' id='word_1_54' title='bbox 969 929 1368 1002; x_wconf 87' lang='grc' dir='ltr'>διανοούμενος.</span> <span class='ocrx_word' id='word_1_55' title='bbox 1421 934 1510 988; x_wconf 86' lang='grc' dir='ltr'>Ἐν</span> <span class='ocrx_word' id='word_1_56' title='bbox 1547 934 1699 1000; x_wconf 85' lang='grc' dir='ltr'>ὅλαις</span> <span class='ocrx_word' id='word_1_57' title='bbox 1731 935 1788 990; x_wconf 81' lang='grc' dir='ltr'>δὲ</span> 
     </span>
    </p>
   </div>
   <div class='ocr_carea' id='block_1_11' title="bbox 203 1015 1784 1097">
    <p class='ocr_par' dir='ltr' id='par_1_11' title="bbox 203 1015 1784 1097">
     <span class='ocr_line' id='line_1_11' title="bbox 203 1015 1784 1097; baseline 0.008 -28"><span class='ocrx_word' id='word_1_58' title='bbox 203 1015 268 1081; x_wconf 67' lang='grc' dir='ltr'><strong>ἐξ</strong></span> <span class='ocrx_word' id='word_1_59' title='bbox 303 1017 539 1088; x_wconf 79' lang='grc' dir='ltr'><strong>ἡμέραις</strong></span> <span class='ocrx_word' id='word_1_60' title='bbox 565 1019 856 1084; x_wconf 81' lang='grc' dir='ltr'>κοπιάσας,</span> <span class='ocrx_word' id='word_1_61' title='bbox 890 1021 1071 1094; x_wconf 81' lang='grc' dir='ltr'><strong>μάτην</strong></span> <span class='ocrx_word' id='word_1_62' title='bbox 1099 1023 1594 1097; x_wconf 84' lang='grc' dir='ltr'>τεταλαιπωρήκει.</span> <span class='ocrx_word' id='word_1_63' title='bbox 1628 1023 1784 1092; x_wconf 75' lang='grc' dir='ltr'>Εἶτα,</span> 
     </span>
    </p>
   </div>
   <div class='ocr_carea' id='block_1_12' title="bbox 203 1109 1788 1185">
    <p class='ocr_par' dir='ltr' id='par_1_12' title="bbox 203 1109 1788 1185">
     <span class='ocr_line' id='line_1_12' title="bbox 203 1109 1788 1185; baseline 0.008 -23"><span class='ocrx_word' id='word_1_64' title='bbox 203 1109 376 1172; x_wconf 74' lang='grc' dir='ltr'>αὐτὸς</span> <span class='ocrx_word' id='word_1_65' title='bbox 407 1110 506 1181; x_wconf 86' lang='grc' dir='ltr'>μὲν</span> <span class='ocrx_word' id='word_1_66' title='bbox 533 1109 592 1165; x_wconf 78' lang='grc' dir='ltr'><strong>ἐν</strong></span> <span class='ocrx_word' id='word_1_67' title='bbox 629 1129 735 1166; x_wconf 91' lang='grc' dir='ltr'>τινι</span> <span class='ocrx_word' id='word_1_68' title='bbox 773 1112 881 1167; x_wconf 87' lang='grc' dir='ltr'><strong>τῶν</strong></span> <span class='ocrx_word' id='word_1_69' title='bbox 916 1113 1211 1185; x_wconf 84' lang='grc' dir='ltr'>βασιλικῶν</span> <span class='ocrx_word' id='word_1_70' title='bbox 1256 1117 1532 1172; x_wconf 86' lang='grc' dir='ltr'>παλατίων</span> <span class='ocrx_word' id='word_1_71' title='bbox 1577 1121 1635 1173; x_wconf 85' lang='grc' dir='ltr'><strong>ἐν</strong></span> <span class='ocrx_word' id='word_1_72' title='bbox 1675 1123 1788 1184; x_wconf 86' lang='grc' dir='ltr'>τοῖς</span> 
     </span>
    </p>
   </div>
   <div class='ocr_carea' id='block_1_13' title="bbox 201 1199 1787 1282">
    <p class='ocr_par' dir='ltr' id='par_1_13' title="bbox 201 1199 1787 1282">
     <span class='ocr_line' id='line_1_13' title="bbox 201 1199 1787 1282; baseline 0.009 -32"><span class='ocrx_word' id='word_1_73' title='bbox 201 1199 404 1269; x_wconf 81' lang='grc' dir='ltr'><strong>ἀγροῖς</strong></span> <span class='ocrx_word' id='word_1_74' title='bbox 438 1201 768 1272; x_wconf 81' lang='grc' dir='ltr'><strong>διακειμένῳ</strong></span> <span class='ocrx_word' id='word_1_75' title='bbox 809 1206 1183 1276; x_wconf 88' lang='grc' dir='ltr'>προσμείνας,</span> <span class='ocrx_word' id='word_1_76' title='bbox 1223 1207 1315 1261; x_wconf 79' lang='grc' dir='ltr'><strong>τὸν</strong></span> <span class='ocrx_word' id='word_1_77' title='bbox 1364 1210 1602 1282; x_wconf 80' lang='grc' dir='ltr'>Ἀραχὴν</span> <span class='ocrx_word' id='word_1_78' title='bbox 1647 1212 1787 1282; x_wconf 84' lang='grc' dir='ltr'><strong>μετὰ</strong></span> 
     </span>
    </p>
   </div>
   <div class='ocr_carea' id='block_1_14' title="bbox 204 1291 1788 1376">
    <p class='ocr_par' dir='ltr' id='par_1_14' title="bbox 204 1291 1788 1376">
     <span class='ocr_line' id='line_1_14' title="bbox 204 1291 1788 1376; baseline 0.009 -32"><span class='ocrx_word' id='word_1_79' title='bbox 204 1291 426 1345; x_wconf 75' lang='grc' dir='ltr'>ἱππέων</span> <span class='ocrx_word' id='word_1_80' title='bbox 470 1293 574 1346; x_wconf 82' lang='grc' dir='ltr'><strong>οὑκ</strong></span> <span class='ocrx_word' id='word_1_81' title='bbox 618 1293 816 1363; x_wconf 80' lang='grc' dir='ltr'>ὀλίγων</span> <span class='ocrx_word' id='word_1_82' title='bbox 873 1296 981 1362; x_wconf 77' lang='grc' dir='ltr'>ἕως</span> <span class='ocrx_word' id='word_1_83' title='bbox 1034 1299 1206 1371; x_wconf 86' lang='grc' dir='ltr'>αὐτῆς</span> <span class='ocrx_word' id='word_1_84' title='bbox 1255 1301 1356 1371; x_wconf 82' lang='grc' dir='ltr'>τῆς</span> <span class='ocrx_word' id='word_1_85' title='bbox 1407 1303 1788 1376; x_wconf 82' lang='grc' dir='ltr'>Σενααρίτιδος</span> 
     </span>
    </p>
   </div>
   <div class='ocr_carea' id='block_1_15' title="bbox 204 1381 1788 1467">
    <p class='ocr_par' dir='ltr' id='par_1_15' title="bbox 204 1381 1788 1467">
     <span class='ocr_line' id='line_1_15' title="bbox 204 1381 1788 1467; baseline 0.015 -36"><span class='ocrx_word' id='word_1_86' title='bbox 204 1381 422 1452; x_wconf 88' lang='grc' dir='ltr'>ἐρήμου</span> <span class='ocrx_word' id='word_1_87' title='bbox 461 1383 552 1435; x_wconf 72' lang='grc' dir='ltr'>ἐπὶ</span> <span class='ocrx_word' id='word_1_88' title='bbox 581 1382 809 1456; x_wconf 78' lang='grc' dir='ltr'>ζήτησιν</span> <span class='ocrx_word' id='word_1_89' title='bbox 838 1388 1124 1444; x_wconf 78' lang='grc' dir='ltr'>ἀπέστειλε</span> <span class='ocrx_word' id='word_1_90' title='bbox 1159 1394 1254 1446; x_wconf 90' lang='grc' dir='ltr'><strong>τοῦ</strong></span> <span class='ocrx_word' id='word_1_91' title='bbox 1287 1394 1568 1467; x_wconf 85' lang='grc' dir='ltr'><strong>Βαρλαάμ.</strong></span> <span class='ocrx_word' id='word_1_92' title='bbox 1606 1400 1788 1453; x_wconf 85' lang='grc' dir='ltr'>Κατα-</span> 
     </span>
    </p>
   </div>
   <div class='ocr_carea' id='block_1_16' title="bbox 201 1470 1787 1557">
    <p class='ocr_par' dir='ltr' id='par_1_16' title="bbox 201 1470 1787 1557">
     <span class='ocr_line' id='line_1_16' title="bbox 201 1470 1787 1557; baseline 0.015 -36"><span class='ocrx_word' id='word_1_93' title='bbox 201 1470 392 1524; x_wconf 78' lang='grc' dir='ltr'>λαϐὼν</span> <span class='ocrx_word' id='word_1_94' title='bbox 419 1473 476 1526; x_wconf 88' lang='grc' dir='ltr'><strong>δὲ</strong></span> <span class='ocrx_word' id='word_1_95' title='bbox 503 1475 708 1540; x_wconf 85' lang='grc' dir='ltr'>ἐκεῖνος</span> <span class='ocrx_word' id='word_1_96' title='bbox 734 1476 826 1530; x_wconf 82' lang='grc' dir='ltr'>τὸν</span> <span class='ocrx_word' id='word_1_97' title='bbox 857 1479 1054 1546; x_wconf 86' lang='grc' dir='ltr'>τόπον,</span> <span class='ocrx_word' id='word_1_98' title='bbox 1083 1484 1290 1548; x_wconf 84' lang='grc' dir='ltr'>πάντας</span> <span class='ocrx_word' id='word_1_99' title='bbox 1320 1488 1444 1550; x_wconf 79' lang='grc' dir='ltr'>τοὺς</span> <span class='ocrx_word' id='word_1_100' title='bbox 1473 1489 1787 1557; x_wconf 78' lang='grc' dir='ltr'>περιοίκους</span> 
     </span>
    </p>
   </div>
   <div class='ocr_carea' id='block_1_17' title="bbox 199 1559 1786 1653">
    <p class='ocr_par' dir='ltr' id='par_1_17' title="bbox 199 1559 1786 1653">
     <span class='ocr_line' id='line_1_17' title="bbox 199 1559 1786 1653; baseline 0.014 -39"><span class='ocrx_word' id='word_1_101' title='bbox 199 1561 491 1636; x_wconf 79' lang='grc' dir='ltr'>διετάραξε</span> <span class='ocrx_word' id='word_1_102' title='bbox 511 1581 525 1596; x_wconf 73' lang='grc' dir='ltr'><strong><em>ο</em></strong></span> <span class='ocrx_word' id='word_1_103' title='bbox 559 1559 652 1619; x_wconf 63' lang='lat' dir='ltr'><strong>ita).</strong></span> <span class='ocrx_word' id='word_1_104' title='bbox 680 1568 849 1622; x_wconf 84' lang='grc' dir='ltr'>τῶνδε</span> <span class='ocrx_word' id='word_1_105' title='bbox 878 1570 952 1642; x_wconf 84' lang='grc' dir='ltr'>μὴ</span> <span class='ocrx_word' id='word_1_106' title='bbox 981 1573 1285 1644; x_wconf 80' lang='grc' dir='ltr'>ἑωρακέναι</span> <span class='ocrx_word' id='word_1_107' title='bbox 1324 1578 1454 1632; x_wconf 86' lang='grc' dir='ltr'><strong>ποτέ</strong></span> <span class='ocrx_word' id='word_1_108' title='bbox 1484 1580 1577 1634; x_wconf 73' lang='grc' dir='ltr'>τὸν</span> <span class='ocrx_word' id='word_1_109' title='bbox 1617 1580 1786 1653; x_wconf 82' lang='grc' dir='ltr'>ἄνδρα</span> 
     </span>
    </p>
   </div>
   <div class='ocr_carea' id='block_1_18' title="bbox 202 1654 1784 1741">
    <p class='ocr_par' dir='ltr' id='par_1_18' title="bbox 202 1654 1784 1741">
     <span class='ocr_line' id='line_1_18' title="bbox 202 1654 1784 1741; baseline 0.013 -34"><span class='ocrx_word' id='word_1_110' title='bbox 202 1654 690 1728; x_wconf 78' lang='grc' dir='ltr'>βεϐαιωσαμένων,</span> <span class='ocrx_word' id='word_1_111' title='bbox 727 1663 818 1715; x_wconf 72' lang='grc' dir='ltr'><strong>ἐπ)⁸</strong></span> <span class='ocrx_word' id='word_1_112' title='bbox 845 1663 944 1727; x_wconf 84' lang='grc' dir='ltr'>τὰς</span> <span class='ocrx_word' id='word_1_113' title='bbox 975 1666 1216 1736; x_wconf 82' lang='grc' dir='ltr'><strong>ἐρήμους</strong></span> <span class='ocrx_word' id='word_1_114' title='bbox 1252 1670 1281 1722; x_wconf 98' lang='lat'><strong>6</strong></span> <span class='ocrx_word' id='word_1_115' title='bbox 1313 1668 1499 1741; x_wconf 78' lang='grc' dir='ltr'>ἄρχων</span> <span class='ocrx_word' id='word_1_116' title='bbox 1532 1671 1657 1736; x_wconf 84' lang='grc' dir='ltr'>τοὺς</span> <span class='ocrx_word' id='word_1_117' title='bbox 1689 1674 1784 1726; x_wconf 84' lang='grc' dir='ltr'>εύ-</span> 
     </span>
    </p>
   </div>
   <div class='ocr_carea' id='block_1_19' title="bbox 203 1746 1785 1833">
    <p class='ocr_par' dir='ltr' id='par_1_19' title="bbox 203 1746 1785 1833">
     <span class='ocr_line' id='line_1_19' title="bbox 203 1746 1785 1833; baseline 0.014 -35"><span class='ocrx_word' id='word_1_118' title='bbox 203 1746 393 1812; x_wconf 84' lang='grc' dir='ltr'>σε6εῖς</span> <span class='ocrx_word' id='word_1_119' title='bbox 417 1749 712 1820; x_wconf 77' lang='grc' dir='ltr'>,θηρεύσων</span> <span class='ocrx_word' id='word_1_120' title='bbox 735 1753 904 1824; x_wconf 80' lang='grc' dir='ltr'>ἐξῄει.</span> <span class='ocrx_word' id='word_1_121' title='bbox 938 1756 1079 1811; x_wconf 87' lang='grc' dir='ltr'>Πολύ</span> <span class='ocrx_word' id='word_1_122' title='bbox 1107 1775 1168 1811; x_wconf 90' lang='grc' dir='ltr'><strong>τε</strong></span> <span class='ocrx_word' id='word_1_123' title='bbox 1201 1763 1300 1830; x_wconf 82' lang='grc' dir='ltr'>τῆς</span> <span class='ocrx_word' id='word_1_124' title='bbox 1328 1762 1538 1833; x_wconf 80' lang='grc' dir='ltr'>ἐρήμου</span> <span class='ocrx_word' id='word_1_125' title='bbox 1580 1763 1785 1820; x_wconf 85' lang='grc' dir='ltr'>διοδεύ-</span> 
     </span>
    </p>
   </div>
   <div class='ocr_carea' id='block_1_20' title="bbox 1904 577 3469 665">
    <p class='ocr_par' dir='ltr' id='par_1_20' title="bbox 1904 577 3469 665">
     <span class='ocr_line' id='line_1_20' title="bbox 1904 577 3469 665; baseline 0.016 -39"><span class='ocrx_word' id='word_1_126' title='bbox 1904 577 2268 643; x_wconf 85' lang='lat' dir='ltr'><strong>comperisset,</strong></span> <span class='ocrx_word' id='word_1_127' title='bbox 2301 593 2420 634; x_wconf 92' lang='lat' dir='ltr'><strong>eum</strong></span> <span class='ocrx_word' id='word_1_128' title='bbox 2463 585 2914 652; x_wconf 80' lang='lat' dir='ltr'><strong>comprehendere</strong></span> <span class='ocrx_word' id='word_1_129' title='bbox 2952 589 3253 648; x_wconf 88' lang='lat' dir='ltr'><strong>festinabat.</strong></span> <span class='ocrx_word' id='word_1_130' title='bbox 3288 593 3469 665; x_wconf 83' lang='lat' dir='ltr'><strong>Itaque</strong></span> 
     </span>
    </p>
   </div>
   <div class='ocr_carea' id='block_1_21' title="bbox 1901 662 3464 743">
    <p class='ocr_par' dir='ltr' id='par_1_21' title="bbox 1901 662 3464 743">
     <span class='ocr_line' id='line_1_21' title="bbox 1901 662 3464 743; baseline 0.017 -28"><span class='ocrx_word' id='word_1_131' title='bbox 1901 662 2154 721; x_wconf 78' lang='lat' dir='ltr'><strong>militibus</strong></span> <span class='ocrx_word' id='word_1_132' title='bbox 2193 680 2255 722; x_wconf 88' lang='lat' dir='ltr'><strong>ac</strong></span> <span class='ocrx_word' id='word_1_133' title='bbox 2300 671 2696 728; x_wconf 77' lang='lat' dir='ltr'><strong>centurionibus</strong></span> <span class='ocrx_word' id='word_1_134' title='bbox 2753 674 2944 743; x_wconf 84' lang='lat' dir='ltr'><strong>missis,</strong></span> <span class='ocrx_word' id='word_1_135' title='bbox 2999 680 3175 736; x_wconf 83' lang='lat' dir='ltr'><strong>varios</strong></span> <span class='ocrx_word' id='word_1_136' title='bbox 3217 662 3464 741; x_wconf 81' lang='lat' dir='ltr'><strong>itinerum</strong></span> 
     </span>
    </p>
   </div>
   <div class='ocr_carea' id='block_1_22' title="bbox 1899 756 3465 838">
    <p class='ocr_par' dir='ltr' id='par_1_22' title="bbox 1899 756 3465 838">
     <span class='ocr_line' id='line_1_22' title="bbox 1899 756 3465 838; baseline 0.013 -28"><span class='ocrx_word' id='word_1_137' title='bbox 1899 756 2075 812; x_wconf 88' lang='lat' dir='ltr'><strong>exitus</strong></span> <span class='ocrx_word' id='word_1_138' title='bbox 2101 762 2394 830; x_wconf 84' lang='lat' dir='ltr'><strong>occupavit,</strong></span> <span class='ocrx_word' id='word_1_139' title='bbox 2427 777 2488 817; x_wconf 88' lang='lat' dir='ltr'><strong>ea</strong></span> <span class='ocrx_word' id='word_1_140' title='bbox 2518 775 2692 820; x_wconf 89' lang='lat' dir='ltr'><strong>autem</strong></span> <span class='ocrx_word' id='word_1_141' title='bbox 2721 767 2804 820; x_wconf 89' lang='lat' dir='ltr'><strong>via</strong></span> <span class='ocrx_word' id='word_1_142' title='bbox 2831 784 2986 838; x_wconf 88' lang='lat' dir='ltr'><strong>quam</strong></span> <span class='ocrx_word' id='word_1_143' title='bbox 3011 786 3076 826; x_wconf 89' lang='lat' dir='ltr'><strong>ex</strong></span> <span class='ocrx_word' id='word_1_144' title='bbox 3104 776 3347 830; x_wconf 92' lang='lat' dir='ltr'><strong>omnibus</strong></span> <span class='ocrx_word' id='word_1_145' title='bbox 3375 793 3465 832; x_wconf 78' lang='lat' dir='ltr'><strong>Stl-</strong></span> 
     </span>
    </p>
   </div>
   <div class='ocr_carea' id='block_1_23' title="bbox 1896 848 3459 930">
    <p class='ocr_par' dir='ltr' id='par_1_23' title="bbox 1896 848 3459 930">
     <span class='ocr_line' id='line_1_23' title="bbox 1896 848 3459 930; baseline 0.017 -33"><span class='ocrx_word' id='word_1_146' title='bbox 1896 848 2210 914; x_wconf 87' lang='lat' dir='ltr'><strong>spectiorem</strong></span> <span class='ocrx_word' id='word_1_147' title='bbox 2234 851 2626 922; x_wconf 90' lang='lat' dir='ltr'><strong>habebat,ipse,</strong></span> <span class='ocrx_word' id='word_1_148' title='bbox 2650 859 2957 913; x_wconf 87' lang='lat' dir='ltr'><strong>conscensis</strong></span> <span class='ocrx_word' id='word_1_149' title='bbox 2980 861 3150 930; x_wconf 89' lang='lat' dir='ltr'><strong>equis,</strong></span> <span class='ocrx_word' id='word_1_150' title='bbox 3176 880 3292 918; x_wconf 92' lang='lat' dir='ltr'><strong>cum</strong></span> <span class='ocrx_word' id='word_1_151' title='bbox 3316 871 3459 923; x_wconf 89' lang='lat' dir='ltr'><strong>oumi</strong></span> 
     </span>
    </p>
   </div>
   <div class='ocr_carea' id='block_1_24' title="bbox 1895 937 3458 1029">
    <p class='ocr_par' dir='ltr' id='par_1_24' title="bbox 1895 937 3458 1029">
     <span class='ocr_line' id='line_1_24' title="bbox 1895 937 3458 1029; baseline 0.017 -41"><span class='ocrx_word' id='word_1_152' title='bbox 1895 937 2169 994; x_wconf 90' lang='lat' dir='ltr'><strong>celeritate</strong></span> <span class='ocrx_word' id='word_1_153' title='bbox 2197 944 2632 1013; x_wconf 86' lang='lat' dir='ltr'><strong>persequebatur,</strong></span> <span class='ocrx_word' id='word_1_154' title='bbox 2664 956 2824 1017; x_wconf 90' lang='lat' dir='ltr'><strong>atque</strong></span> <span class='ocrx_word' id='word_1_155' title='bbox 2852 952 2994 1006; x_wconf 91' lang='lat' dir='ltr'><strong>omni</strong></span> <span class='ocrx_word' id='word_1_156' title='bbox 3019 955 3223 1010; x_wconf 89' lang='lat' dir='ltr'><strong>ratione</strong></span> <span class='ocrx_word' id='word_1_157' title='bbox 3249 962 3458 1029; x_wconf 88' lang='lat' dir='ltr'><strong>assequi</strong></span> 
     </span>
    </p>
   </div>
   <div class='ocr_carea' id='block_1_25' title="bbox 1893 1026 3456 1104">
    <p class='ocr_par' dir='ltr' id='par_1_25' title="bbox 1893 1026 3456 1104">
     <span class='ocr_line' id='line_1_25' title="bbox 1893 1026 3456 1104; baseline 0.017 -26"><span class='ocrx_word' id='word_1_158' title='bbox 1893 1026 2177 1098; x_wconf 74' lang='lat' dir='ltr'><strong>cogitabat.</strong></span> <span class='ocrx_word' id='word_1_159' title='bbox 2209 1029 2490 1104; x_wconf 66' lang='lat' dir='ltr'><strong>Caeterum,</strong></span> <span class='ocrx_word' id='word_1_160' title='bbox 2521 1050 2641 1090; x_wconf 90' lang='lat' dir='ltr'><strong>cum</strong></span> <span class='ocrx_word' id='word_1_161' title='bbox 2671 1053 2763 1092; x_wconf 91' lang='lat' dir='ltr'><strong>sex</strong></span> <span class='ocrx_word' id='word_1_162' title='bbox 2795 1046 2930 1096; x_wconf 88' lang='lat' dir='ltr'><strong>totos</strong></span> <span class='ocrx_word' id='word_1_163' title='bbox 2953 1041 3065 1098; x_wconf 88' lang='lat' dir='ltr'><strong>dies</strong></span> <span class='ocrx_word' id='word_1_164' title='bbox 3104 1043 3247 1101; x_wconf 90' lang='lat' dir='ltr'><strong>inani</strong></span> <span class='ocrx_word' id='word_1_165' title='bbox 3363 1026 3456 1104; x_wconf 80' lang='lat' dir='ltr'><strong>la—</strong></span> 
     </span>
    </p>
   </div>
   <div class='ocr_carea' id='block_1_26' title="bbox 1898 1117 3457 1206">
    <p class='ocr_par' dir='ltr' id='par_1_26' title="bbox 1898 1117 3457 1206">
     <span class='ocr_line' id='line_1_26' title="bbox 1898 1117 3457 1206; baseline 0.013 -33"><span class='ocrx_word' id='word_1_166' title='bbox 1898 1117 2031 1173; x_wconf 89' lang='lat' dir='ltr'><strong>bore</strong></span> <span class='ocrx_word' id='word_1_167' title='bbox 2081 1132 2202 1174; x_wconf 88' lang='lat' dir='ltr'><strong>sese</strong></span> <span class='ocrx_word' id='word_1_168' title='bbox 2229 1119 2515 1190; x_wconf 81' lang='lat' dir='ltr'><strong>fatigasset,</strong></span> <span class='ocrx_word' id='word_1_169' title='bbox 2546 1125 2660 1194; x_wconf 92' lang='lat' dir='ltr'><strong>ipse</strong></span> <span class='ocrx_word' id='word_1_170' title='bbox 2705 1128 2918 1196; x_wconf 88' lang='lat' dir='ltr'><strong>quidem</strong></span> <span class='ocrx_word' id='word_1_171' title='bbox 2951 1131 3002 1186; x_wconf 90' lang='lat' dir='ltr'><strong>in</strong></span> <span class='ocrx_word' id='word_1_172' title='bbox 3047 1134 3192 1203; x_wconf 87' lang='lat' dir='ltr'><strong>regio</strong></span> <span class='ocrx_word' id='word_1_173' title='bbox 3229 1137 3457 1206; x_wconf 84' lang='lat' dir='ltr'><strong>quodam</strong></span> 
     </span>
    </p>
   </div>
   <div class='ocr_carea' id='block_1_27' title="bbox 1891 1208 3456 1286">
    <p class='ocr_par' dir='ltr' id='par_1_27' title="bbox 1891 1208 3456 1286">
     <span class='ocr_line' id='line_1_27' title="bbox 1891 1208 3456 1286; baseline 0.016 -28"><span class='ocrx_word' id='word_1_174' title='bbox 1891 1208 2106 1276; x_wconf 84' lang='lat' dir='ltr'><strong>palatio,</strong></span> <span class='ocrx_word' id='word_1_175' title='bbox 2139 1211 2278 1278; x_wconf 91' lang='lat' dir='ltr'><strong>quod</strong></span> <span class='ocrx_word' id='word_1_176' title='bbox 2307 1215 2416 1267; x_wconf 90' lang='lat' dir='ltr'><strong>ruri</strong></span> <span class='ocrx_word' id='word_1_177' title='bbox 2446 1215 2603 1268; x_wconf 89' lang='lat' dir='ltr'><strong>situm</strong></span> <span class='ocrx_word' id='word_1_178' title='bbox 2633 1227 2767 1286; x_wconf 90' lang='lat' dir='ltr'><strong>erat,</strong></span> <span class='ocrx_word' id='word_1_179' title='bbox 2795 1232 3055 1277; x_wconf 83' lang='lat' dir='ltr'><strong>remanet.</strong></span> <span class='ocrx_word' id='word_1_180' title='bbox 3087 1225 3330 1281; x_wconf 84' lang='lat' dir='ltr'><strong>Arachen</strong></span> <span class='ocrx_word' id='word_1_181' title='bbox 3358 1243 3456 1282; x_wconf 87' lang='lat' dir='ltr'><strong>au-</strong></span> 
     </span>
    </p>
   </div>
   <div class='ocr_carea' id='block_1_28' title="bbox 1889 1303 3454 1385">
    <p class='ocr_par' dir='ltr' id='par_1_28' title="bbox 1889 1303 3454 1385">
     <span class='ocr_line' id='line_1_28' title="bbox 1889 1303 3454 1385; baseline 0.013 -33"><span class='ocrx_word' id='word_1_182' title='bbox 1889 1310 1996 1353; x_wconf 89' lang='lat' dir='ltr'><strong>tem</strong></span> <span class='ocrx_word' id='word_1_183' title='bbox 2027 1314 2146 1355; x_wconf 91' lang='lat' dir='ltr'><strong>cum</strong></span> <span class='ocrx_word' id='word_1_184' title='bbox 2175 1303 2436 1372; x_wconf 85' lang='lat' dir='ltr'><strong>equitibus</strong></span> <span class='ocrx_word' id='word_1_185' title='bbox 2465 1304 2601 1361; x_wconf 89' lang='lat' dir='ltr'><strong>haud</strong></span> <span class='ocrx_word' id='word_1_186' title='bbox 2631 1310 2811 1376; x_wconf 80' lang='lat' dir='ltr'><strong>paucis</strong></span> <span class='ocrx_word' id='word_1_187' title='bbox 2840 1312 2904 1364; x_wconf 91' lang='lat' dir='ltr'><strong>ad</strong></span> <span class='ocrx_word' id='word_1_188' title='bbox 2935 1312 3102 1378; x_wconf 86' lang='lat' dir='ltr'><strong>ipsam</strong></span> <span class='ocrx_word' id='word_1_189' title='bbox 3129 1331 3295 1385; x_wconf 89' lang='lat' dir='ltr'><strong>usque</strong></span> <span class='ocrx_word' id='word_1_190' title='bbox 3317 1319 3454 1374; x_wconf 89' lang='lat' dir='ltr'><strong>Seu-</strong></span> 
     </span>
    </p>
   </div>
   <div class='ocr_carea' id='block_1_29' title="bbox 1891 1393 3453 1467">
    <p class='ocr_par' dir='ltr' id='par_1_29' title="bbox 1891 1393 3453 1467">
     <span class='ocr_line' id='line_1_29' title="bbox 1891 1393 3453 1467; baseline 0.014 -23"><span class='ocrx_word' id='word_1_191' title='bbox 1891 1393 2202 1448; x_wconf 88' lang='lat' dir='ltr'><strong>uaaritidem</strong></span> <span class='ocrx_word' id='word_1_192' title='bbox 2245 1395 2582 1452; x_wconf 86' lang='lat' dir='ltr'><strong>solitudinem</strong></span> <span class='ocrx_word' id='word_1_193' title='bbox 2623 1403 2966 1467; x_wconf 86' lang='lat' dir='ltr'><strong>conquirendi</strong></span> <span class='ocrx_word' id='word_1_194' title='bbox 3001 1406 3258 1463; x_wconf 86' lang='lat' dir='ltr'><strong>Barlaami</strong></span> <span class='ocrx_word' id='word_1_195' title='bbox 3297 1426 3453 1467; x_wconf 88' lang='lat' dir='ltr'><strong>causa</strong></span> 
     </span>
    </p>
   </div>
   <div class='ocr_carea' id='block_1_30' title="bbox 1877 1482 3451 1562">
    <p class='ocr_par' dir='ltr' id='par_1_30' title="bbox 1877 1482 3451 1562">
     <span class='ocr_line' id='line_1_30' title="bbox 1877 1482 3451 1562; baseline 0.013 -27"><span class='ocrx_word' id='word_1_196' title='bbox 1877 1482 2054 1538; x_wconf 82' lang='lat' dir='ltr'><strong>misit.</strong></span> <span class='ocrx_word' id='word_1_197' title='bbox 2084 1484 2184 1551; x_wconf 88' lang='lat' dir='ltr'><strong>Qui</strong></span> <span class='ocrx_word' id='word_1_198' title='bbox 2212 1500 2331 1540; x_wconf 91' lang='lat' dir='ltr'><strong>cum</strong></span> <span class='ocrx_word' id='word_1_199' title='bbox 2362 1488 2428 1541; x_wconf 88' lang='lat' dir='ltr'><strong>ad</strong></span> <span class='ocrx_word' id='word_1_200' title='bbox 2466 1503 2586 1544; x_wconf 90' lang='lat' dir='ltr'><strong>eum</strong></span> <span class='ocrx_word' id='word_1_201' title='bbox 2619 1491 2791 1545; x_wconf 89' lang='lat' dir='ltr'><strong>locum</strong></span> <span class='ocrx_word' id='word_1_202' title='bbox 2825 1496 3184 1562; x_wconf 87' lang='lat' dir='ltr'><strong>pervenisset,</strong></span> <span class='ocrx_word' id='word_1_203' title='bbox 3216 1502 3451 1557; x_wconf 91' lang='lat' dir='ltr'><strong>omnium</strong></span> 
     </span>
    </p>
   </div>
   <div class='ocr_carea' id='block_1_31' title="bbox 1886 1571 3447 1652">
    <p class='ocr_par' dir='ltr' id='par_1_31' title="bbox 1886 1571 3447 1652">
     <span class='ocr_line' id='line_1_31' title="bbox 1886 1571 3447 1652; baseline 0.015 -27"><span class='ocrx_word' id='word_1_204' title='bbox 1886 1571 2181 1630; x_wconf 86' lang='lat' dir='ltr'><strong>incolarum</strong></span> <span class='ocrx_word' id='word_1_205' title='bbox 2208 1577 2414 1634; x_wconf 83' lang='lat' dir='ltr'><strong>animos</strong></span> <span class='ocrx_word' id='word_1_206' title='bbox 2443 1580 2800 1648; x_wconf 85' lang='lat' dir='ltr'><strong>perturbavit;</strong></span> <span class='ocrx_word' id='word_1_207' title='bbox 2829 1594 2984 1652; x_wconf 86' lang='lat' dir='ltr'><strong>atque</strong></span> <span class='ocrx_word' id='word_1_208' title='bbox 3011 1601 3131 1641; x_wconf 90' lang='lat' dir='ltr'><strong>cum</strong></span> <span class='ocrx_word' id='word_1_209' title='bbox 3163 1589 3237 1644; x_wconf 91' lang='lat' dir='ltr'><strong>illi</strong></span> <span class='ocrx_word' id='word_1_210' title='bbox 3279 1592 3447 1648; x_wconf 90' lang='lat' dir='ltr'><strong>virum</strong></span> 
     </span>
    </p>
   </div>
   <div class='ocr_carea' id='block_1_32' title="bbox 1884 1666 3453 1747">
    <p class='ocr_par' dir='ltr' id='par_1_32' title="bbox 1884 1666 3453 1747">
     <span class='ocr_line' id='line_1_32' title="bbox 1884 1666 3453 1747; baseline 0.013 -29"><span class='ocrx_word' id='word_1_211' title='bbox 1884 1677 2007 1718; x_wconf 89' lang='lat' dir='ltr'><strong>eum</strong></span> <span class='ocrx_word' id='word_1_212' title='bbox 2051 1679 2079 1718; x_wconf 92' lang='lat' dir='ltr'><strong>a</strong></span> <span class='ocrx_word' id='word_1_213' title='bbox 2108 1681 2166 1720; x_wconf 91' lang='lat' dir='ltr'><strong>se</strong></span> <span class='ocrx_word' id='word_1_214' title='bbox 2193 1666 2362 1722; x_wconf 90' lang='lat' dir='ltr'><strong>visum</strong></span> <span class='ocrx_word' id='word_1_215' title='bbox 2391 1683 2511 1724; x_wconf 90' lang='lat' dir='ltr'><strong>esse</strong></span> <span class='ocrx_word' id='word_1_216' title='bbox 2555 1683 2856 1739; x_wconf 82' lang='lat' dir='ltr'><strong>negassent,</strong></span> <span class='ocrx_word' id='word_1_217' title='bbox 2902 1675 2953 1729; x_wconf 92' lang='lat' dir='ltr'><strong>in</strong></span> <span class='ocrx_word' id='word_1_218' title='bbox 3000 1678 3360 1747; x_wconf 87' lang='lat' dir='ltr'><strong>solitudinem,</strong></span> <span class='ocrx_word' id='word_1_219' title='bbox 3393 1693 3453 1738; x_wconf 93' lang='lat' dir='ltr'><strong>ut</strong></span> 
     </span>
    </p>
   </div>
   <div class='ocr_carea' id='block_1_33' title="bbox 1886 1753 3448 1838">
    <p class='ocr_par' dir='ltr' id='par_1_33' title="bbox 1886 1753 3448 1838">
     <span class='ocr_line' id='line_1_33' title="bbox 1886 1753 3448 1838; baseline 0.013 -32"><span class='ocrx_word' id='word_1_220' title='bbox 1886 1753 2001 1821; x_wconf 90' lang='lat' dir='ltr'><strong>pios</strong></span> <span class='ocrx_word' id='word_1_221' title='bbox 2030 1755 2171 1811; x_wconf 89' lang='lat' dir='ltr'><strong>viros</strong></span> <span class='ocrx_word' id='word_1_222' title='bbox 2203 1768 2504 1826; x_wconf 90' lang='lat' dir='ltr'><strong>venaretur,</strong></span> <span class='ocrx_word' id='word_1_223' title='bbox 2532 1775 2649 1816; x_wconf 86' lang='lat' dir='ltr'><strong>sese</strong></span> <span class='ocrx_word' id='word_1_224' title='bbox 2678 1765 2918 1818; x_wconf 90' lang='lat' dir='ltr'><strong>contulit.</strong></span> <span class='ocrx_word' id='word_1_225' title='bbox 2948 1767 3184 1838; x_wconf 86' lang='lat' dir='ltr'><strong>Cumque</strong></span> <span class='ocrx_word' id='word_1_226' title='bbox 3205 1773 3448 1827; x_wconf 83' lang='lat' dir='ltr'><strong>solitudi-</strong></span> 
     </span>
    </p>
   </div>
   <div class='ocr_carea' id='block_1_34' title="bbox 201 1832 1781 1927">
    <p class='ocr_par' dir='ltr' id='par_1_34' title="bbox 201 1832 1781 1927">
     <span class='ocr_line' id='line_1_34' title="bbox 201 1832 1781 1927; baseline 0.013 -37"><span class='ocrx_word' id='word_1_227' title='bbox 201 1853 306 1902; x_wconf 91' lang='grc' dir='ltr'><strong>σας</strong></span> <span class='ocrx_word' id='word_1_228' title='bbox 338 1839 415 1909; x_wconf 83' lang='grc'><strong>(6)</strong></span> <span class='ocrx_word' id='word_1_229' title='bbox 450 1840 745 1914; x_wconf 81' lang='grc' dir='ltr'>διάστημα,</span> <span class='ocrx_word' id='word_1_230' title='bbox 787 1845 888 1916; x_wconf 79' lang='grc' dir='ltr'><strong>ὄρη</strong></span> <span class='ocrx_word' id='word_1_231' title='bbox 929 1864 991 1900; x_wconf 88' lang='grc' dir='ltr'><strong>τε</strong></span> <span class='ocrx_word' id='word_1_232' title='bbox 1023 1832 1444 1918; x_wconf 82' lang='grc' dir='ltr'>περικυκλώσας</span> <span class='ocrx_word' id='word_1_233' title='bbox 1489 1855 1584 1908; x_wconf 76' lang='grc' dir='ltr'>καὶ</span> <span class='ocrx_word' id='word_1_234' title='bbox 1630 1858 1781 1927; x_wconf 86' lang='grc' dir='ltr'>ἀτρι-</span> 
     </span>
    </p>
   </div>
   <div class='ocr_carea' id='block_1_35' title="bbox 1881 1832 3449 1927">
    <p class='ocr_par' dir='ltr' id='par_1_35' title="bbox 1885 1845 3449 1925">
     <span class='ocr_line' id='line_1_35' title="bbox 1885 1845 3449 1925; baseline 0.013 -27"><span class='ocrx_word' id='word_1_235' title='bbox 1885 1859 2006 1900; x_wconf 89' lang='lat' dir='ltr'><strong>nem</strong></span> <span class='ocrx_word' id='word_1_236' title='bbox 2032 1845 2174 1901; x_wconf 89' lang='lat' dir='ltr'><strong>illam</strong></span> <span class='ocrx_word' id='word_1_237' title='bbox 2218 1863 2509 1919; x_wconf 85' lang='lat' dir='ltr'><strong>magnaex</strong></span> <span class='ocrx_word' id='word_1_238' title='bbox 2557 1862 2702 1921; x_wconf 83' lang='lat' dir='ltr'><strong>parte</strong></span> <span class='ocrx_word' id='word_1_239' title='bbox 2751 1869 3098 1925; x_wconf 82' lang='lat' dir='ltr'><strong>peragrasset,</strong></span> <span class='ocrx_word' id='word_1_240' title='bbox 3132 1875 3194 1915; x_wconf 92' lang='lat' dir='ltr'><strong>ac</strong></span> <span class='ocrx_word' id='word_1_241' title='bbox 3242 1875 3449 1919; x_wconf 87' lang='lat' dir='ltr'><strong>montes</strong></span> 
     </span>
    </p>
   </div>
   <div class='ocr_carea' id='block_1_36' title="bbox 203 1929 1781 2016">
    <p class='ocr_par' dir='ltr' id='par_1_36' title="bbox 203 1929 1781 2016">
     <span class='ocr_line' id='line_1_36' title="bbox 203 1929 1781 2016; baseline 0.013 -34"><span class='ocrx_word' id='word_1_242' title='bbox 203 1929 323 1993; x_wconf 79' lang='grc' dir='ltr'>σείς</span> <span class='ocrx_word' id='word_1_243' title='bbox 356 1931 648 2002; x_wconf 84' lang='grc' dir='ltr'><strong>φάραγγας</strong></span> <span class='ocrx_word' id='word_1_244' title='bbox 677 1935 950 2002; x_wconf 78' lang='grc' dir='ltr'>πεξεύσας</span> <span class='ocrx_word' id='word_1_245' title='bbox 983 1941 1077 1994; x_wconf 76' lang='grc' dir='ltr'>καὶ</span> <span class='ocrx_word' id='word_1_246' title='bbox 1108 1941 1407 2008; x_wconf 76' lang='grc' dir='ltr'>δυσϐάτους</span> <span class='ocrx_word' id='word_1_247' title='bbox 1432 1984 1447 2006; x_wconf 86' lang='grc'><strong>,</strong></span> <span class='ocrx_word' id='word_1_248' title='bbox 1486 1947 1625 2016; x_wconf 70' lang='grc' dir='ltr'>μετὰ</span> <span class='ocrx_word' id='word_1_249' title='bbox 1673 1948 1781 2003; x_wconf 91' lang='grc' dir='ltr'><strong>τῶν</strong></span> 
     </span>
    </p>
   </div>
   <div class='ocr_carea' id='block_1_37' title="bbox 1881 1929 3448 2016">
    <p class='ocr_par' dir='ltr' id='par_1_37' title="bbox 1882 1936 3448 2014">
     <span class='ocr_line' id='line_1_37' title="bbox 1882 1936 3448 2014; baseline 0.013 -25"><span class='ocrx_word' id='word_1_250' title='bbox 1882 1936 2156 2002; x_wconf 82' lang='lat' dir='ltr'><strong>cinxisset,</strong></span> <span class='ocrx_word' id='word_1_251' title='bbox 2171 1939 2436 2008; x_wconf 86' lang='lat' dir='ltr'><strong>vallesque</strong></span> <span class='ocrx_word' id='word_1_252' title='bbox 2455 1943 2709 2010; x_wconf 88' lang='lat' dir='ltr'><strong>quasdam</strong></span> <span class='ocrx_word' id='word_1_253' title='bbox 2733 1943 2949 1999; x_wconf 88' lang='lat' dir='ltr'><strong>minime</strong></span> <span class='ocrx_word' id='word_1_254' title='bbox 2973 1947 3144 2014; x_wconf 88' lang='lat' dir='ltr'><strong>tritas,</strong></span> <span class='ocrx_word' id='word_1_255' title='bbox 3159 1959 3214 2004; x_wconf 88' lang='lat' dir='ltr'><strong>et</strong></span> <span class='ocrx_word' id='word_1_256' title='bbox 3233 1966 3448 2009; x_wconf 88' lang='lat' dir='ltr'><strong>accessu</strong></span> 
     </span>
    </p>
   </div>
   <div class='ocr_carea' id='block_1_38' title="bbox 202 2021 1781 2106">
    <p class='ocr_par' dir='ltr' id='par_1_38' title="bbox 202 2021 1781 2106">
     <span class='ocr_line' id='line_1_38' title="bbox 202 2021 1781 2106; baseline 0.013 -33"><span class='ocrx_word' id='word_1_257' title='bbox 202 2021 304 2074; x_wconf 77' lang='grc' dir='ltr'><strong>σὺν</strong></span> <span class='ocrx_word' id='word_1_258' title='bbox 351 2023 504 2093; x_wconf 88' lang='grc' dir='ltr'><strong>αύτῷ</strong></span> <span class='ocrx_word' id='word_1_259' title='bbox 543 2023 716 2095; x_wconf 77' lang='grc' dir='ltr'>ὄχλων</span> <span class='ocrx_word' id='word_1_260' title='bbox 752 2028 1066 2101; x_wconf 80' lang='grc' dir='ltr'>ἀκρώρειαν</span> <span class='ocrx_word' id='word_1_261' title='bbox 1111 2050 1236 2088; x_wconf 86' lang='grc' dir='ltr'>τινα</span> <span class='ocrx_word' id='word_1_262' title='bbox 1283 2037 1652 2106; x_wconf 77' lang='grc' dir='ltr'>καταλαϐὼν,</span> <span class='ocrx_word' id='word_1_263' title='bbox 1687 2040 1781 2094; x_wconf 79' lang='grc' dir='ltr'>καὶ</span> 
     </span>
    </p>
   </div>
   <div class='ocr_carea' id='block_1_39' title="bbox 1881 2021 3447 2106">
    <p class='ocr_par' dir='ltr' id='par_1_39' title="bbox 1883 2028 3447 2105">
     <span class='ocr_line' id='line_1_39' title="bbox 1883 2028 3447 2105; baseline 0.012 -23"><span class='ocrx_word' id='word_1_264' title='bbox 1883 2028 2144 2093; x_wconf 83' lang='lat' dir='ltr'><strong>difficiles,</strong></span> <span class='ocrx_word' id='word_1_265' title='bbox 2175 2044 2292 2083; x_wconf 92' lang='lat' dir='ltr'><strong>cum</strong></span> <span class='ocrx_word' id='word_1_266' title='bbox 2321 2045 2381 2085; x_wconf 90' lang='lat' dir='ltr'><strong>ea</strong></span> <span class='ocrx_word' id='word_1_267' title='bbox 2414 2031 2684 2087; x_wconf 85' lang='lat' dir='ltr'><strong>hominum</strong></span> <span class='ocrx_word' id='word_1_268' title='bbox 2709 2049 2865 2087; x_wconf 85' lang='lat' dir='ltr'><strong>manu</strong></span> <span class='ocrx_word' id='word_1_269' title='bbox 2895 2052 3048 2105; x_wconf 89' lang='lat' dir='ltr'><strong>quam</strong></span> <span class='ocrx_word' id='word_1_270' title='bbox 3081 2054 3261 2095; x_wconf 89' lang='lat' dir='ltr'><strong>secum</strong></span> <span class='ocrx_word' id='word_1_271' title='bbox 3287 2043 3447 2100; x_wconf 79' lang='lat' dir='ltr'><strong>habe-</strong></span> 
     </span>
    </p>
   </div>
   <div class='ocr_carea' id='block_1_40' title="bbox 206 2111 1781 2204">
    <p class='ocr_par' dir='ltr' id='par_1_40' title="bbox 206 2111 1781 2200">
     <span class='ocr_line' id='line_1_40' title="bbox 206 2111 1781 2200; baseline 0.01 -31"><span class='ocrx_word' id='word_1_272' title='bbox 206 2111 368 2184; x_wconf 78' lang='grc'><strong>195</strong></span> <span class='ocrx_word' id='word_1_273' title='bbox 404 2115 537 2179; x_wconf 83' lang='grc' dir='ltr'>στὰς</span> <span class='ocrx_word' id='word_1_274' title='bbox 566 2118 653 2170; x_wconf 87' lang='grc' dir='ltr'>ἐπ’</span> <span class='ocrx_word' id='word_1_275' title='bbox 681 2120 850 2190; x_wconf 82' lang='grc' dir='ltr'>αὐτῆς</span> <span class='ocrx_word' id='word_1_276' title='bbox 870 2161 885 2183; x_wconf 86' lang='grc'><strong>,</strong></span> <span class='ocrx_word' id='word_1_277' title='bbox 913 2123 1014 2194; x_wconf 80' lang='grc' dir='ltr'><strong>ὁρᾷ</strong></span> <span class='ocrx_word' id='word_1_278' title='bbox 1055 2124 1197 2178; x_wconf 78' lang='grc' dir='ltr'>κατὰ</span> <span class='ocrx_word' id='word_1_279' title='bbox 1236 2125 1334 2197; x_wconf 79' lang='grc' dir='ltr'>τὴν</span> <span class='ocrx_word' id='word_1_280' title='bbox 1364 2127 1643 2200; x_wconf 81' lang='grc' dir='ltr'>ὑπώρειαν</span> <span class='ocrx_word' id='word_1_281' title='bbox 1679 2133 1781 2200; x_wconf 88' lang='grc' dir='ltr'><strong>φά-</strong></span> 
     </span>
    </p>
   </div>
   <div class='ocr_carea' id='block_1_41' title="bbox 1881 2111 3447 2204">
    <p class='ocr_par' dir='ltr' id='par_1_41' title="bbox 1883 2118 3447 2204">
     <span class='ocr_line' id='line_1_41' title="bbox 1883 2118 3447 2204; baseline 0.012 -32"><span class='ocrx_word' id='word_1_282' title='bbox 1883 2118 1991 2184; x_wconf 82' lang='lat' dir='ltr'><strong>bat,</strong></span> <span class='ocrx_word' id='word_1_283' title='bbox 2025 2119 2246 2189; x_wconf 90' lang='lat' dir='ltr'><strong>pedibus</strong></span> <span class='ocrx_word' id='word_1_284' title='bbox 2273 2124 2612 2190; x_wconf 88' lang='lat' dir='ltr'><strong>pervasisset,</strong></span> <span class='ocrx_word' id='word_1_285' title='bbox 2641 2125 2707 2178; x_wconf 92' lang='lat' dir='ltr'><strong>ad</strong></span> <span class='ocrx_word' id='word_1_286' title='bbox 2731 2129 2986 2182; x_wconf 91' lang='lat' dir='ltr'><strong>tumulum</strong></span> <span class='ocrx_word' id='word_1_287' title='bbox 3015 2134 3292 2199; x_wconf 77' lang='lat' dir='ltr'><strong>quemdam</strong></span> <span class='ocrx_word' id='word_1_288' title='bbox 3326 2151 3447 2204; x_wconf 80' lang='lat' dir='ltr'><strong>pru-</strong></span> 
     </span>
    </p>
   </div>
   <div class='ocr_carea' id='block_1_42' title="bbox 199 2202 1781 2293">
    <p class='ocr_par' dir='ltr' id='par_1_42' title="bbox 199 2202 1781 2293">
     <span class='ocr_line' id='line_1_42' title="bbox 199 2202 1781 2293; baseline 0.015 -39"><span class='ocrx_word' id='word_1_289' title='bbox 199 2202 384 2271; x_wconf 84' lang='grc' dir='ltr'>λαγγα</span> <span class='ocrx_word' id='word_1_290' title='bbox 417 2206 696 2277; x_wconf 87' lang='grc' dir='ltr'>ἐρημιτῶν</span> <span class='ocrx_word' id='word_1_291' title='bbox 742 2213 1172 2281; x_wconf 88' lang='grc' dir='ltr'>περιπατοῦσαν.</span> <span class='ocrx_word' id='word_1_292' title='bbox 1213 2217 1324 2271; x_wconf 78' lang='grc' dir='ltr'><strong>Καὶ</strong></span> <span class='ocrx_word' id='word_1_293' title='bbox 1371 2219 1532 2284; x_wconf 79' lang='grc' dir='ltr'>εὐθὺς</span> <span class='ocrx_word' id='word_1_294' title='bbox 1575 2222 1652 2293; x_wconf 82' lang='grc' dir='ltr'>τῷ</span> <span class='ocrx_word' id='word_1_295' title='bbox 1687 2224 1781 2276; x_wconf 88' lang='grc' dir='ltr'><strong>τοῦ</strong></span> 
     </span>
    </p>
   </div>
   <div class='ocr_carea' id='block_1_43' title="bbox 1881 2202 3444 2293">
    <p class='ocr_par' dir='ltr' id='par_1_43' title="bbox 1883 2208 3444 2283">
     <span class='ocr_line' id='line_1_43' title="bbox 1883 2208 3444 2283; baseline 0.012 -21"><span class='ocrx_word' id='word_1_296' title='bbox 1883 2208 2073 2277; x_wconf 89' lang='lat' dir='ltr'><strong>fectus,</strong></span> <span class='ocrx_word' id='word_1_297' title='bbox 2105 2211 2158 2265; x_wconf 91' lang='lat' dir='ltr'><strong>in</strong></span> <span class='ocrx_word' id='word_1_298' title='bbox 2189 2213 2303 2281; x_wconf 86' lang='lat' dir='ltr'><strong>ejus</strong></span> <span class='ocrx_word' id='word_1_299' title='bbox 2331 2212 2542 2283; x_wconf 87' lang='lat' dir='ltr'><strong>fastigio</strong></span> <span class='ocrx_word' id='word_1_300' title='bbox 2567 2217 2907 2272; x_wconf 91' lang='lat' dir='ltr'><strong>eremitarum</strong></span> <span class='ocrx_word' id='word_1_301' title='bbox 2941 2230 3165 2276; x_wconf 88' lang='lat' dir='ltr'><strong>turmam</strong></span> <span class='ocrx_word' id='word_1_302' title='bbox 3195 2224 3444 2282; x_wconf 78' lang='lat' dir='ltr'><strong>inambu-</strong></span> 
     </span>
    </p>
   </div>
   <div class='ocr_carea' id='block_1_44' title="bbox 201 2293 1781 2379">
    <p class='ocr_par' dir='ltr' id='par_1_44' title="bbox 201 2293 1781 2376">
     <span class='ocr_line' id='line_1_44' title="bbox 201 2293 1781 2376; baseline 0.015 -31"><span class='ocrx_word' id='word_1_303' title='bbox 201 2293 468 2364; x_wconf 77' lang='grc' dir='ltr'>ἄρχοντος</span> <span class='ocrx_word' id='word_1_304' title='bbox 512 2300 895 2372; x_wconf 80' lang='grc' dir='ltr'>προστάγματι</span> <span class='ocrx_word' id='word_1_305' title='bbox 941 2305 1143 2370; x_wconf 82' lang='grc' dir='ltr'>πάντες</span> <span class='ocrx_word' id='word_1_306' title='bbox 1194 2307 1281 2361; x_wconf 85' lang='grc' dir='ltr'>ἐπ’</span> <span class='ocrx_word' id='word_1_307' title='bbox 1326 2310 1526 2376; x_wconf 80' lang='grc' dir='ltr'>αὐτοὺς</span> <span class='ocrx_word' id='word_1_308' title='bbox 1567 2312 1781 2369; x_wconf 79' lang='grc' dir='ltr'>θέουσιν</span> 
     </span>
    </p>
   </div>
   <div class='ocr_carea' id='block_1_45' title="bbox 1881 2293 3444 2379">
    <p class='ocr_par' dir='ltr' id='par_1_45' title="bbox 1882 2302 3444 2379">
     <span class='ocr_line' id='line_1_45' title="bbox 1882 2302 3444 2379; baseline 0.011 -24"><span class='ocrx_word' id='word_1_309' title='bbox 1882 2302 2075 2356; x_wconf 82' lang='lat' dir='ltr'><strong>lantem</strong></span> <span class='ocrx_word' id='word_1_310' title='bbox 2100 2304 2301 2368; x_wconf 89' lang='lat' dir='ltr'><strong>cernit;</strong></span> <span class='ocrx_word' id='word_1_311' title='bbox 2334 2307 2579 2376; x_wconf 85' lang='lat' dir='ltr'><strong>nullaque</strong></span> <span class='ocrx_word' id='word_1_312' title='bbox 2610 2307 2920 2375; x_wconf 91' lang='lat' dir='ltr'><strong>interposita</strong></span> <span class='ocrx_word' id='word_1_313' title='bbox 2962 2327 3130 2379; x_wconf 88' lang='lat' dir='ltr'><strong>mora,</strong></span> <span class='ocrx_word' id='word_1_314' title='bbox 3161 2329 3252 2369; x_wconf 89' lang='lat' dir='ltr'><strong>eos</strong></span> <span class='ocrx_word' id='word_1_315' title='bbox 3277 2317 3341 2370; x_wconf 94' lang='lat' dir='ltr'><strong>ad</strong></span> <span class='ocrx_word' id='word_1_316' title='bbox 3386 2333 3444 2373; x_wconf 89' lang='lat' dir='ltr'><strong>se</strong></span> 
     </span>
    </p>
   </div>
   <div class='ocr_carea' id='block_1_46' title="bbox 201 2386 1782 2474">
    <p class='ocr_par' dir='ltr' id='par_1_46' title="bbox 201 2386 1782 2474">
     <span class='ocr_line' id='line_1_46' title="bbox 201 2386 1782 2474; baseline 0.014 -37"><span class='ocrx_word' id='word_1_317' title='bbox 201 2386 492 2453; x_wconf 78' lang='grc' dir='ltr'>ἀπνευστὶ,</span> <span class='ocrx_word' id='word_1_318' title='bbox 542 2388 699 2455; x_wconf 78' lang='grc' dir='ltr'>ἄλλος</span> <span class='ocrx_word' id='word_1_319' title='bbox 729 2393 886 2447; x_wconf 80' lang='grc' dir='ltr'>ἄλλον</span> <span class='ocrx_word' id='word_1_320' title='bbox 913 2399 1026 2460; x_wconf 83' lang='grc' dir='ltr'>τοῖς</span> <span class='ocrx_word' id='word_1_321' title='bbox 1058 2397 1278 2469; x_wconf 82' lang='grc' dir='ltr'>δρόμοις</span> <span class='ocrx_word' id='word_1_322' title='bbox 1315 2401 1520 2470; x_wconf 81' lang='grc' dir='ltr'>φθάσαι</span> <span class='ocrx_word' id='word_1_323' title='bbox 1546 2405 1782 2474; x_wconf 71' lang='grc' dir='ltr'><strong>φιλονει⁴</strong></span> 
     </span>
    </p>
   </div>
   <div class='ocr_carea' id='block_1_47' title="bbox 202 2475 1782 2564">
    <p class='ocr_par' dir='ltr' id='par_1_47' title="bbox 202 2475 1782 2564">
     <span class='ocr_line' id='line_1_47' title="bbox 202 2475 1782 2564; baseline 0.015 -36"><span class='ocrx_word' id='word_1_324' title='bbox 202 2475 450 2542; x_wconf 77' lang='grc' dir='ltr'>κοῦντεςο</span> <span class='ocrx_word' id='word_1_325' title='bbox 485 2481 579 2533; x_wconf 73' lang='grc' dir='ltr'>καὶ</span> <span class='ocrx_word' id='word_1_326' title='bbox 605 2481 932 2551; x_wconf 78' lang='grc' dir='ltr'>φθάσαντες,</span> <span class='ocrx_word' id='word_1_327' title='bbox 965 2491 1371 2564; x_wconf 88' lang='grc' dir='ltr'>περιεχύθησαν</span> <span class='ocrx_word' id='word_1_328' title='bbox 1405 2496 1589 2560; x_wconf 84' lang='grc' dir='ltr'>αὐτοῖς</span> <span class='ocrx_word' id='word_1_329' title='bbox 1624 2497 1782 2562; x_wconf 86' lang='grc' dir='ltr'>κύνες</span> 
     </span>
    </p>
   </div>
   <div class='ocr_carea' id='block_1_48' title="bbox 199 2566 1777 2662">
    <p class='ocr_par' dir='ltr' id='par_1_48' title="bbox 199 2566 1777 2662">
     <span class='ocr_line' id='line_1_48' title="bbox 199 2566 1777 2662; baseline 0.016 -42"><span class='ocrx_word' id='word_1_330' title='bbox 199 2566 334 2622; x_wconf 71' lang='grc' dir='ltr'>ὡσεὶ</span> <span class='ocrx_word' id='word_1_331' title='bbox 364 2571 548 2626; x_wconf 80' lang='grc' dir='ltr'>πολλοὶ</span> <span class='ocrx_word' id='word_1_332' title='bbox 580 2575 612 2645; x_wconf 84' lang='grc' dir='ltr'>ἢ</span> <span class='ocrx_word' id='word_1_333' title='bbox 653 2574 817 2648; x_wconf 83' lang='grc' dir='ltr'>θηρία</span> <span class='ocrx_word' id='word_1_334' title='bbox 851 2584 1065 2652; x_wconf 79' lang='grc' dir='ltr'>πονηρά</span> <span class='ocrx_word' id='word_1_335' title='bbox 1107 2601 1229 2638; x_wconf 89' lang='grc' dir='ltr'>τινα</span> <span class='ocrx_word' id='word_1_336' title='bbox 1265 2585 1362 2640; x_wconf 74' lang='grc' dir='ltr'>καὶ</span> <span class='ocrx_word' id='word_1_337' title='bbox 1399 2589 1777 2662; x_wconf 85' lang='grc' dir='ltr'>μισάνθρωπα.</span> 
     </span>
    </p>
   </div>
   <div class='ocr_carea' id='block_1_49' title="bbox 200 2661 1782 2752">
    <p class='ocr_par' dir='ltr' id='par_1_49' title="bbox 200 2661 1782 2752">
     <span class='ocr_line' id='line_1_49' title="bbox 200 2661 1782 2752; baseline 0.015 -39"><span class='ocrx_word' id='word_1_338' title='bbox 200 2661 315 2714; x_wconf 77' lang='grc' dir='ltr'><strong>Καὶ</strong></span> <span class='ocrx_word' id='word_1_339' title='bbox 349 2663 616 2734; x_wconf 82' lang='grc' dir='ltr'>κρατοῦσι</span> <span class='ocrx_word' id='word_1_340' title='bbox 637 2668 765 2733; x_wconf 79' lang='grc' dir='ltr'>τοὺς</span> <span class='ocrx_word' id='word_1_341' title='bbox 794 2670 994 2744; x_wconf 80' lang='grc' dir='ltr'>ἄνδρας</span> <span class='ocrx_word' id='word_1_342' title='bbox 1023 2673 1100 2746; x_wconf 80' lang='grc' dir='ltr'>τῷ</span> <span class='ocrx_word' id='word_1_343' title='bbox 1125 2693 1185 2730; x_wconf 88' lang='grc' dir='ltr'><strong>τε</strong></span> <span class='ocrx_word' id='word_1_344' title='bbox 1212 2676 1343 2731; x_wconf 77' lang='grc' dir='ltr'>εῖδει</span> <span class='ocrx_word' id='word_1_345' title='bbox 1375 2680 1470 2734; x_wconf 85' lang='grc' dir='ltr'><strong>καὶ</strong></span> <span class='ocrx_word' id='word_1_346' title='bbox 1507 2683 1572 2752; x_wconf 80' lang='grc' dir='ltr'>τῇ</span> <span class='ocrx_word' id='word_1_347' title='bbox 1606 2661 1782 2736; x_wconf 87' lang='grc' dir='ltr'>κατα-</span> 
     </span>
    </p>
   </div>
   <div class='ocr_carea' id='block_1_50' title="bbox 200 2751 1782 2845">
    <p class='ocr_par' dir='ltr' id='par_1_50' title="bbox 200 2751 1782 2845">
     <span class='ocr_line' id='line_1_50' title="bbox 200 2751 1782 2845; baseline 0.015 -41"><span class='ocrx_word' id='word_1_348' title='bbox 200 2751 393 2807; x_wconf 74' lang='grc' dir='ltr'>στάσει</span> <span class='ocrx_word' id='word_1_349' title='bbox 418 2759 780 2826; x_wconf 83' lang='grc' dir='ltr'>σεμνοτάτους</span> <span class='ocrx_word' id='word_1_350' title='bbox 798 2802 813 2826; x_wconf 92' lang='grc'><strong>,</strong></span> <span class='ocrx_word' id='word_1_351' title='bbox 836 2764 932 2816; x_wconf 75' lang='grc' dir='ltr'>καὶ</span> <span class='ocrx_word' id='word_1_352' title='bbox 955 2764 1024 2818; x_wconf 78' lang='grc' dir='ltr'>τὰ</span> <span class='ocrx_word' id='word_1_353' title='bbox 1047 2766 1333 2839; x_wconf 89' lang='grc' dir='ltr'>σήμαντρα</span> <span class='ocrx_word' id='word_1_354' title='bbox 1356 2769 1433 2842; x_wconf 90' lang='grc'><strong>(7)</strong></span> <span class='ocrx_word' id='word_1_355' title='bbox 1463 2751 1567 2842; x_wconf 82' lang='grc' dir='ltr'>τῆς</span> <span class='ocrx_word' id='word_1_356' title='bbox 1582 2775 1782 2845; x_wconf 77' lang='grc' dir='ltr'>ἐρημιο</span> 
     </span>
    </p>
   </div>
   <div class='ocr_carea' id='block_1_51' title="bbox 198 2846 1780 2936">
    <p class='ocr_par' dir='ltr' id='par_1_51' title="bbox 198 2846 1780 2936">
     <span class='ocr_line' id='line_1_51' title="bbox 198 2846 1780 2936; baseline 0.015 -37"><span class='ocrx_word' id='word_1_357' title='bbox 198 2846 306 2917; x_wconf 80' lang='grc' dir='ltr'>κῆς</span> <span class='ocrx_word' id='word_1_358' title='bbox 336 2851 726 2918; x_wconf 78' lang='grc' dir='ltr'>καταστάσεως</span> <span class='ocrx_word' id='word_1_359' title='bbox 747 2855 840 2910; x_wconf 80' lang='grc' dir='ltr'><strong>ἐπὶ</strong></span> <span class='ocrx_word' id='word_1_360' title='bbox 867 2857 976 2912; x_wconf 90' lang='grc' dir='ltr'><strong>τῶν</strong></span> <span class='ocrx_word' id='word_1_361' title='bbox 1005 2861 1312 2932; x_wconf 84' lang='grc' dir='ltr'>προσώπων</span> <span class='ocrx_word' id='word_1_362' title='bbox 1344 2864 1614 2936; x_wconf 83' lang='grc' dir='ltr'>φέροντας</span> <span class='ocrx_word' id='word_1_363' title='bbox 1637 2885 1649 2899; x_wconf 90' lang='grc'><strong>·</strong></span> <span class='ocrx_word' id='word_1_364' title='bbox 1685 2870 1780 2922; x_wconf 76' lang='grc' dir='ltr'>καὶ</span> 
     </span>
    </p>
   </div>
   <div class='ocr_carea' id='block_1_52' title="bbox 197 2939 1780 3032">
    <p class='ocr_par' dir='ltr' id='par_1_52' title="bbox 197 2939 1780 3032">
     <span class='ocr_line' id='line_1_52' title="bbox 197 2939 1780 3032; baseline 0.016 -41"><span class='ocrx_word' id='word_1_365' title='bbox 197 2939 430 3005; x_wconf 83' lang='grc' dir='ltr'>τούτους</span> <span class='ocrx_word' id='word_1_366' title='bbox 467 2942 723 3014; x_wconf 82' lang='grc' dir='ltr'>σύροντες</span> <span class='ocrx_word' id='word_1_367' title='bbox 747 2947 827 3018; x_wconf 81' lang='grc' dir='ltr'>τῷ</span> <span class='ocrx_word' id='word_1_368' title='bbox 851 2950 1073 3021; x_wconf 78' lang='grc' dir='ltr'>ἄρχοντι</span> <span class='ocrx_word' id='word_1_369' title='bbox 1104 2955 1488 3027; x_wconf 78' lang='grc' dir='ltr'>παρέστησαν,</span> <span class='ocrx_word' id='word_1_370' title='bbox 1521 2959 1583 3013; x_wconf 83' lang='grc' dir='ltr'><strong>ού</strong></span> <span class='ocrx_word' id='word_1_371' title='bbox 1617 2960 1780 3032; x_wconf 84' lang='grc' dir='ltr'>θορυ-</span> 
     </span>
    </p>
   </div>
   <div class='ocr_carea' id='block_1_53' title="bbox 200 3030 1779 3122">
    <p class='ocr_par' dir='ltr' id='par_1_53' title="bbox 200 3030 1779 3122">
     <span class='ocr_line' id='line_1_53' title="bbox 200 3030 1779 3122; baseline 0.017 -40"><span class='ocrx_word' id='word_1_372' title='bbox 200 3030 472 3100; x_wconf 54' lang='lat' dir='ltr'><strong>ensem;</strong></span> <span class='ocrx_word' id='word_1_373' title='bbox 508 3036 644 3102; x_wconf 74' lang='grc' dir='ltr'>ὅλως</span> <span class='ocrx_word' id='word_1_374' title='bbox 666 3078 682 3104; x_wconf 91' lang='grc'><strong>,</strong></span> <span class='ocrx_word' id='word_1_375' title='bbox 712 3040 813 3094; x_wconf 82' lang='grc' dir='ltr'><strong>οὐκ</strong></span> <span class='ocrx_word' id='word_1_376' title='bbox 844 3041 1070 3110; x_wconf 82' lang='grc' dir='ltr'>ἀγεννές</span> <span class='ocrx_word' id='word_1_377' title='bbox 1108 3063 1160 3100; x_wconf 88' lang='grc' dir='ltr'><strong>τι</strong></span> <span class='ocrx_word' id='word_1_378' title='bbox 1195 3049 1291 3101; x_wconf 72' lang='grc' dir='ltr'><strong>καὶ</strong></span> <span class='ocrx_word' id='word_1_379' title='bbox 1322 3051 1649 3122; x_wconf 75' lang='grc' dir='ltr'>σκυθρωπὸν</span> <span class='ocrx_word' id='word_1_380' title='bbox 1683 3030 1779 3108; x_wconf 83' lang='grc' dir='ltr'>ἐν-</span> 
     </span>
    </p>
   </div>
   <div class='ocr_carea' id='block_1_54' title="bbox 198 3121 1846 3235">
    <p class='ocr_par' dir='ltr' id='par_1_54' title="bbox 198 3121 1846 3235">
     <span class='ocr_line' id='line_1_54' title="bbox 198 3121 1846 3235; baseline 0.016 -60"><span class='ocrx_word' id='word_1_381' title='bbox 198 3121 556 3195; x_wconf 82' lang='grc' dir='ltr'>δειξαμένους</span> <span class='ocrx_word' id='word_1_382' title='bbox 579 3129 629 3235; x_wconf 39' lang='grc' dir='ltr'>ἢῆ</span> <span class='ocrx_word' id='word_1_383' title='bbox 643 3131 1075 3205; x_wconf 82' lang='grc' dir='ltr'>φθεγξαμένους.</span> <span class='ocrx_word' id='word_1_384' title='bbox 1123 3139 1181 3193; x_wconf 89' lang='lat'><strong>&#39;0</strong></span> <span class='ocrx_word' id='word_1_385' title='bbox 1216 3141 1274 3194; x_wconf 84' lang='grc' dir='ltr'>δὲ</span> <span class='ocrx_word' id='word_1_386' title='bbox 1309 3121 1569 3214; x_wconf 84' lang='grc' dir='ltr'>προάγων</span> <span class='ocrx_word' id='word_1_387' title='bbox 1595 3147 1779 3200; x_wconf 80' lang='grc' dir='ltr'>αὐτῶν</span> <span class='ocrx_word' id='word_1_388' title='bbox 1806 3179 1846 3235; x_wconf 77' lang='lat' dir='ltr'>c</span> 
     </span>
    </p>
   </div>
   <div class='ocr_carea' id='block_1_55' title="bbox 199 3215 1776 3306">
    <p class='ocr_par' dir='ltr' id='par_1_55' title="bbox 199 3215 1776 3306">
     <span class='ocr_line' id='line_1_55' title="bbox 199 3215 1776 3306; baseline 0.016 -40"><span class='ocrx_word' id='word_1_389' title='bbox 199 3215 296 3268; x_wconf 77' lang='grc' dir='ltr'><strong>καὶ</strong></span> <span class='ocrx_word' id='word_1_390' title='bbox 327 3217 496 3271; x_wconf 70' lang='grc' dir='ltr'>οἱονεὶ</span> <span class='ocrx_word' id='word_1_391' title='bbox 532 3219 943 3294; x_wconf 86' lang='grc' dir='ltr'>καθηγούμενος</span> <span class='ocrx_word' id='word_1_392' title='bbox 969 3229 1152 3298; x_wconf 81' lang='grc' dir='ltr'>πήραν</span> <span class='ocrx_word' id='word_1_393' title='bbox 1187 3230 1452 3296; x_wconf 81' lang='grc' dir='ltr'>ἐϐάσταζε</span> <span class='ocrx_word' id='word_1_394' title='bbox 1485 3236 1736 3306; x_wconf 79' lang='grc' dir='ltr'>τριχίνην</span> <span class='ocrx_word' id='word_1_395' title='bbox 1760 3277 1776 3302; x_wconf 89' lang='grc'><strong>,</strong></span> 
     </span>
    </p>
   </div>
   <div class='ocr_carea' id='block_1_56' title="bbox 203 3308 1780 3398">
    <p class='ocr_par' dir='ltr' id='par_1_56' title="bbox 203 3308 1780 3398">
     <span class='ocr_line' id='line_1_56' title="bbox 203 3308 1780 3398; baseline 0.017 -41"><span class='ocrx_word' id='word_1_396' title='bbox 203 3308 414 3379; x_wconf 84' lang='grc' dir='ltr'>μεστήν</span> <span class='ocrx_word' id='word_1_397' title='bbox 474 3309 743 3382; x_wconf 78' lang='grc' dir='ltr'>λειψάνων</span> <span class='ocrx_word' id='word_1_398' title='bbox 795 3317 1332 3392; x_wconf 80' lang='grc' dir='ltr'>προεκδημησάντων</span> <span class='ocrx_word' id='word_1_399' title='bbox 1388 3325 1552 3380; x_wconf 86' lang='grc' dir='ltr'>τινῶν</span> <span class='ocrx_word' id='word_1_400' title='bbox 1609 3329 1780 3398; x_wconf 83' lang='grc' dir='ltr'>ἁγίων</span> 
     </span>
    </p>
   </div>
   <div class='ocr_carea' id='block_1_57' title="bbox 201 3397 486 3472">
    <p class='ocr_par' dir='ltr' id='par_1_57' title="bbox 201 3397 486 3472">
     <span class='ocr_line' id='line_1_57' title="bbox 201 3397 486 3472; baseline 0.021 -22"><span class='ocrx_word' id='word_1_401' title='bbox 201 3397 348 3452; x_wconf 82' lang='grc' dir='ltr'>Πατέ</span> <span class='ocrx_word' id='word_1_402' title='bbox 353 3416 486 3472; x_wconf 89' lang='grc' dir='ltr'>ρων.</span> 
     </span>
    </p>
   </div>
   <div class='ocr_carea' id='block_1_58' title="bbox 273 3656 1778 3744">
    <p class='ocr_par' dir='ltr' id='par_1_58' title="bbox 273 3656 1778 3744">
     <span class='ocr_line' id='line_1_58' title="bbox 273 3656 1778 3744; baseline 0.017 -36"><span class='ocrx_word' id='word_1_403' title='bbox 273 3656 636 3730; x_wconf 86' lang='grc' dir='ltr'>Κατανοήσας</span> <span class='ocrx_word' id='word_1_404' title='bbox 655 3663 712 3717; x_wconf 81' lang='grc' dir='ltr'>δὲ</span> <span class='ocrx_word' id='word_1_405' title='bbox 744 3665 946 3730; x_wconf 77' lang='grc' dir='ltr'>αὐτοὺς</span> <span class='ocrx_word' id='word_1_406' title='bbox 971 3671 1000 3722; x_wconf 88' lang='lat'><strong>6</strong></span> <span class='ocrx_word' id='word_1_407' title='bbox 1043 3670 1097 3724; x_wconf 83' lang='lat' dir='ltr'><strong>’A</strong></span> <span class='ocrx_word' id='word_1_408' title='bbox 1108 3671 1298 3744; x_wconf 85' lang='grc' dir='ltr'>ραχὴς,</span> <span class='ocrx_word' id='word_1_409' title='bbox 1329 3674 1406 3739; x_wconf 87' lang='grc' dir='ltr'>ὡς</span> <span class='ocrx_word' id='word_1_410' title='bbox 1429 3677 1530 3732; x_wconf 79' lang='grc' dir='ltr'><strong>οὐκ</strong></span> <span class='ocrx_word' id='word_1_411' title='bbox 1552 3675 1662 3732; x_wconf 73' lang='grc' dir='ltr'>εἶδε</span> <span class='ocrx_word' id='word_1_412' title='bbox 1687 3680 1778 3734; x_wconf 80' lang='grc' dir='ltr'>τὸν</span> 
     </span>
    </p>
   </div>
   <div class='ocr_carea' id='block_1_59' title="bbox 205 3747 1778 3843">
    <p class='ocr_par' dir='ltr' id='par_1_59' title="bbox 205 3747 1778 3843">
     <span class='ocr_line' id='line_1_59' title="bbox 205 3747 1778 3843; baseline 0.018 -46"><span class='ocrx_word' id='word_1_413' title='bbox 205 3747 474 3820; x_wconf 83' lang='grc' dir='ltr'>Βαρλαὰμ</span> <span class='ocrx_word' id='word_1_414' title='bbox 494 3749 516 3823; x_wconf 86' lang='grc'><strong>(</strong></span> <span class='ocrx_word' id='word_1_415' title='bbox 539 3753 801 3818; x_wconf 80' lang='grc' dir='ltr'>ἐγίνωσκε</span> <span class='ocrx_word' id='word_1_416' title='bbox 827 3759 936 3830; x_wconf 86' lang='grc' dir='ltr'>γὰρ</span> <span class='ocrx_word' id='word_1_417' title='bbox 964 3760 1128 3816; x_wconf 85' lang='grc' dir='ltr'>αὐτὸν</span> <span class='ocrx_word' id='word_1_418' title='bbox 1147 3763 1188 3828; x_wconf 88' lang='grc'><strong>),</strong></span> <span class='ocrx_word' id='word_1_419' title='bbox 1213 3766 1481 3838; x_wconf 83' lang='grc' dir='ltr'>συνεχύθη</span> <span class='ocrx_word' id='word_1_420' title='bbox 1513 3771 1578 3840; x_wconf 84' lang='grc' dir='ltr'>τῇ</span> <span class='ocrx_word' id='word_1_421' title='bbox 1607 3769 1778 3843; x_wconf 71' lang='grc' dir='ltr'>λύπῃο</span> 
     </span>
    </p>
   </div>
   <div class='ocr_carea' id='block_1_60' title="bbox 200 3836 1776 3925">
    <p class='ocr_par' dir='ltr' id='par_1_60' title="bbox 200 3836 1776 3925">
     <span class='ocr_line' id='line_1_60' title="bbox 200 3836 1776 3925; baseline 0.016 -35"><span class='ocrx_word' id='word_1_422' title='bbox 200 3836 350 3908; x_wconf 79' lang='grc' dir='ltr'>λέγει</span> <span class='ocrx_word' id='word_1_423' title='bbox 376 3840 434 3894; x_wconf 85' lang='grc' dir='ltr'><strong>δέ</strong></span> <span class='ocrx_word' id='word_1_424' title='bbox 465 3843 600 3913; x_wconf 79' lang='grc' dir='ltr'>πρὸς</span> <span class='ocrx_word' id='word_1_425' title='bbox 629 3847 826 3912; x_wconf 84' lang='grc' dir='ltr'>αὐτούς</span> <span class='ocrx_word' id='word_1_426' title='bbox 846 3866 861 3882; x_wconf 79' lang='grc' dir='ltr'><strong>ο</strong></span> <span class='ocrx_word' id='word_1_427' title='bbox 891 3851 1001 3904; x_wconf 87' lang='grc' dir='ltr'>Ποῦ</span> <span class='ocrx_word' id='word_1_428' title='bbox 1026 3851 1174 3907; x_wconf 80' lang='grc' dir='ltr'>ἐστιν</span> <span class='ocrx_word' id='word_1_429' title='bbox 1207 3857 1236 3908; x_wconf 91' lang='lat'><strong>6</strong></span> <span class='ocrx_word' id='word_1_430' title='bbox 1264 3857 1518 3913; x_wconf 84' lang='grc' dir='ltr'>ἀπατεὼν</span> <span class='ocrx_word' id='word_1_431' title='bbox 1547 3861 1776 3925; x_wconf 84' lang='grc' dir='ltr'>ἐκεῖνος,</span> 
     </span>
    </p>
   </div>
   <div class='ocr_carea' id='block_1_61' title="bbox 199 3932 1780 4026">
    <p class='ocr_par' dir='ltr' id='par_1_61' title="bbox 199 3932 1780 4026">
     <span class='ocr_line' id='line_1_61' title="bbox 199 3932 1780 4026; baseline 0.017 -44"><span class='ocrx_word' id='word_1_432' title='bbox 199 3932 228 3982; x_wconf 92' lang='lat'><strong>6</strong></span> <span class='ocrx_word' id='word_1_433' title='bbox 250 3932 343 3985; x_wconf 85' lang='grc' dir='ltr'><strong>τὸν</strong></span> <span class='ocrx_word' id='word_1_434' title='bbox 371 3934 487 3987; x_wconf 80' lang='grc' dir='ltr'>υἱὸν</span> <span class='ocrx_word' id='word_1_435' title='bbox 514 3935 792 4009; x_wconf 78' lang='grc' dir='ltr'>πλανήσας</span> <span class='ocrx_word' id='word_1_436' title='bbox 820 3940 916 3995; x_wconf 88' lang='grc' dir='ltr'><strong>τοῦ</strong></span> <span class='ocrx_word' id='word_1_437' title='bbox 957 3943 1255 4014; x_wconf 83' lang='grc' dir='ltr'>βασιλέως;</span> <span class='ocrx_word' id='word_1_438' title='bbox 1295 3949 1354 4002; x_wconf 85' lang='grc' dir='ltr'>Ὀ</span> <span class='ocrx_word' id='word_1_439' title='bbox 1379 3951 1437 4005; x_wconf 85' lang='grc' dir='ltr'>δὲ</span> <span class='ocrx_word' id='word_1_440' title='bbox 1463 3953 1563 4026; x_wconf 81' lang='grc' dir='ltr'>τὴν</span> <span class='ocrx_word' id='word_1_441' title='bbox 1594 3955 1780 4026; x_wconf 85' lang='grc' dir='ltr'>πήραν</span> 
     </span>
    </p>
   </div>
   <div class='ocr_carea' id='block_1_62' title="bbox 201 4019 1776 4116">
    <p class='ocr_par' dir='ltr' id='par_1_62' title="bbox 201 4019 1776 4116">
     <span class='ocr_line' id='line_1_62' title="bbox 201 4019 1776 4116; baseline 0.017 -42"><span class='ocrx_word' id='word_1_442' title='bbox 201 4019 491 4090; x_wconf 80' lang='grc' dir='ltr'>βαστάζων</span> <span class='ocrx_word' id='word_1_443' title='bbox 525 4029 860 4100; x_wconf 82' lang='grc' dir='ltr'>ἁπεκρίνατο</span> <span class='ocrx_word' id='word_1_444' title='bbox 879 4050 894 4066; x_wconf 79' lang='grc' dir='ltr'><strong><em>ο</em></strong></span> <span class='ocrx_word' id='word_1_445' title='bbox 940 4036 1056 4089; x_wconf 85' lang='grc' dir='ltr'>Οὐκ</span> <span class='ocrx_word' id='word_1_446' title='bbox 1096 4037 1243 4092; x_wconf 80' lang='grc' dir='ltr'>ἔστιν</span> <span class='ocrx_word' id='word_1_447' title='bbox 1272 4041 1480 4107; x_wconf 87' lang='grc' dir='ltr'>ἐκεῖνος</span> <span class='ocrx_word' id='word_1_448' title='bbox 1519 4019 1578 4100; x_wconf 75' lang='grc' dir='ltr'><strong>ἐν</strong></span> <span class='ocrx_word' id='word_1_449' title='bbox 1609 4019 1741 4116; x_wconf 66' lang='grc' dir='ltr'>ἡμῖν</span> <span class='ocrx_word' id='word_1_450' title='bbox 1760 4063 1776 4078; x_wconf 76' lang='grc' dir='ltr'><strong><em>ο</em></strong></span> 
     </span>
    </p>
   </div>
   <div class='ocr_carea' id='block_1_63' title="bbox 201 4114 1774 4209">
    <p class='ocr_par' dir='ltr' id='par_1_63' title="bbox 201 4114 1774 4209">
     <span class='ocr_line' id='line_1_63' title="bbox 201 4114 1774 4209; baseline 0.017 -43"><span class='ocrx_word' id='word_1_451' title='bbox 201 4114 342 4184; x_wconf 85' lang='grc' dir='ltr'>μηδέ</span> <span class='ocrx_word' id='word_1_452' title='bbox 401 4117 641 4185; x_wconf 75' lang='grc' dir='ltr'>γένοιτοι</span> <span class='ocrx_word' id='word_1_453' title='bbox 683 4124 875 4194; x_wconf 88' lang='grc' dir='ltr'>φεύγει</span> <span class='ocrx_word' id='word_1_454' title='bbox 916 4128 1026 4200; x_wconf 83' lang='grc' dir='ltr'>γὰρ</span> <span class='ocrx_word' id='word_1_455' title='bbox 1081 4132 1231 4202; x_wconf 72' lang='grc' dir='ltr'>ἡμᾶς</span> <span class='ocrx_word' id='word_1_456' title='bbox 1275 4135 1343 4206; x_wconf 80' lang='grc' dir='ltr'>τῇ</span> <span class='ocrx_word' id='word_1_457' title='bbox 1386 4134 1482 4187; x_wconf 88' lang='grc' dir='ltr'><strong>τοῦ</strong></span> <span class='ocrx_word' id='word_1_458' title='bbox 1535 4114 1774 4209; x_wconf 77' lang='grc' dir='ltr'>Χριστοῦ</span> 
     </span>
    </p>
   </div>
   <div class='ocr_carea' id='block_1_64' title="bbox 197 4203 1772 4299">
    <p class='ocr_par' dir='ltr' id='par_1_64' title="bbox 197 4203 1772 4299">
     <span class='ocr_line' id='line_1_64' title="bbox 197 4203 1772 4299; baseline 0.017 -43"><span class='ocrx_word' id='word_1_459' title='bbox 197 4203 528 4278; x_wconf 81' lang='grc' dir='ltr'>διωκόμενος</span> <span class='ocrx_word' id='word_1_460' title='bbox 572 4212 774 4282; x_wconf 86' lang='grc' dir='ltr'>χάριτι.</span> <span class='ocrx_word' id='word_1_461' title='bbox 819 4216 908 4271; x_wconf 87' lang='grc' dir='ltr'>Ἐν</span> <span class='ocrx_word' id='word_1_462' title='bbox 951 4219 1080 4290; x_wconf 86' lang='grc' dir='ltr'>ὑμῖν</span> <span class='ocrx_word' id='word_1_463' title='bbox 1119 4220 1176 4275; x_wconf 90' lang='grc' dir='ltr'><strong>δέ</strong></span> <span class='ocrx_word' id='word_1_464' title='bbox 1215 4203 1339 4286; x_wconf 24' lang='grc' dir='ltr'>τὰςή</span> <span class='ocrx_word' id='word_1_465' title='bbox 1359 4203 1602 4295; x_wconf 74' lang='grc' dir='ltr'>οἰκήσεις</span> <span class='ocrx_word' id='word_1_466' title='bbox 1640 4227 1772 4299; x_wconf 75' lang='grc' dir='ltr'>ἔχει.</span> 
     </span>
    </p>
   </div>
   <div class='ocr_carea' id='block_1_65' title="bbox 207 4292 1777 4390">
    <p class='ocr_par' dir='ltr' id='par_1_65' title="bbox 207 4292 1777 4390">
     <span class='ocr_line' id='line_1_65' title="bbox 207 4292 1777 4390; baseline 0.017 -42"><span class='ocrx_word' id='word_1_467' title='bbox 207 4292 268 4347; x_wconf 85' lang='lat'><strong>&#39;0</strong></span> <span class='ocrx_word' id='word_1_468' title='bbox 295 4297 486 4369; x_wconf 76' lang='grc' dir='ltr'>ἄρχων</span> <span class='ocrx_word' id='word_1_469' title='bbox 518 4301 644 4390; x_wconf 76' lang='grc' dir='ltr'><strong>ἔφη·</strong></span> <span class='ocrx_word' id='word_1_470' title='bbox 683 4304 979 4373; x_wconf 85' lang='grc' dir='ltr'>Γινώσκεις</span> <span class='ocrx_word' id='word_1_471' title='bbox 1009 4306 1105 4364; x_wconf 84' lang='grc' dir='ltr'><strong>οῦν</strong></span> <span class='ocrx_word' id='word_1_472' title='bbox 1154 4313 1350 4382; x_wconf 86' lang='grc' dir='ltr'>αύτόν;</span> <span class='ocrx_word' id='word_1_473' title='bbox 1382 4292 1511 4381; x_wconf 63' lang='lat' dir='ltr'><strong>Nai,</strong></span> <span class='ocrx_word' id='word_1_474' title='bbox 1546 4292 1711 4390; x_wconf 59' lang='grc' dir='ltr'>φησιν</span> <span class='ocrx_word' id='word_1_475' title='bbox 1747 4321 1777 4373; x_wconf 87' lang='lat'><strong>6</strong></span> 
     </span>
    </p>
   </div>
   <div class='ocr_carea' id='block_1_66' title="bbox 196 4386 1776 4475">
    <p class='ocr_par' dir='ltr' id='par_1_66' title="bbox 196 4386 1776 4475">
     <span class='ocr_line' id='line_1_66' title="bbox 196 4386 1776 4475; baseline 0.017 -39"><span class='ocrx_word' id='word_1_476' title='bbox 196 4386 494 4459; x_wconf 83' lang='grc' dir='ltr'>ἐρημίτης’</span> <span class='ocrx_word' id='word_1_477' title='bbox 523 4386 641 4444; x_wconf 78' lang='grc' dir='ltr'>οῖδα</span> <span class='ocrx_word' id='word_1_478' title='bbox 661 4393 752 4447; x_wconf 86' lang='grc' dir='ltr'><strong>τὸν</strong></span> <span class='ocrx_word' id='word_1_479' title='bbox 780 4395 1070 4451; x_wconf 82' lang='grc' dir='ltr'>ἀπατεῶνα</span> <span class='ocrx_word' id='word_1_480' title='bbox 1097 4399 1390 4472; x_wconf 87' lang='grc' dir='ltr'>λεγόμενον</span> <span class='ocrx_word' id='word_1_481' title='bbox 1413 4405 1510 4475; x_wconf 92' lang='grc'><strong>(8),</strong></span> <span class='ocrx_word' id='word_1_482' title='bbox 1544 4386 1776 4471; x_wconf 34' lang='grc' dir='ltr'>ὅς’ἐστιν</span> 
     </span>
    </p>
   </div>
   <div class='ocr_carea' id='block_1_67' title="bbox 1877 2393 3444 2475">
    <p class='ocr_par' dir='ltr' id='par_1_67' title="bbox 1877 2393 3444 2475">
     <span class='ocr_line' id='line_1_67' title="bbox 1877 2393 3444 2475; baseline 0.01 -29"><span class='ocrx_word' id='word_1_483' title='bbox 1877 2393 2064 2448; x_wconf 85' lang='lat' dir='ltr'><strong>adduci</strong></span> <span class='ocrx_word' id='word_1_484' title='bbox 2090 2393 2262 2463; x_wconf 87' lang='lat' dir='ltr'><strong>jubet.</strong></span> <span class='ocrx_word' id='word_1_485' title='bbox 2301 2395 2493 2450; x_wconf 82' lang='lat' dir='ltr'><strong>Milites</strong></span> <span class='ocrx_word' id='word_1_486' title='bbox 2541 2402 2715 2466; x_wconf 84' lang='lat' dir='ltr'><strong>itaque</strong></span> <span class='ocrx_word' id='word_1_487' title='bbox 2765 2399 3042 2454; x_wconf 89' lang='lat' dir='ltr'><strong>celerrimo</strong></span> <span class='ocrx_word' id='word_1_488' title='bbox 3073 2419 3250 2470; x_wconf 91' lang='lat' dir='ltr'><strong>cursu,</strong></span> <span class='ocrx_word' id='word_1_489' title='bbox 3283 2416 3444 2475; x_wconf 81' lang='lat' dir='ltr'><strong>atque</strong></span> 
     </span>
    </p>
   </div>
   <div class='ocr_carea' id='block_1_68' title="bbox 1876 2482 3439 2562">
    <p class='ocr_par' dir='ltr' id='par_1_68' title="bbox 1876 2482 3439 2562">
     <span class='ocr_line' id='line_1_68' title="bbox 1876 2482 3439 2562; baseline 0.009 -26"><span class='ocrx_word' id='word_1_490' title='bbox 1876 2482 1966 2537; x_wconf 90' lang='lat' dir='ltr'><strong>alii</strong></span> <span class='ocrx_word' id='word_1_491' title='bbox 1997 2484 2130 2539; x_wconf 89' lang='lat' dir='ltr'><strong>alios</strong></span> <span class='ocrx_word' id='word_1_492' title='bbox 2157 2495 2486 2541; x_wconf 85' lang='lat' dir='ltr'><strong>antevertere</strong></span> <span class='ocrx_word' id='word_1_493' title='bbox 2507 2488 2917 2549; x_wconf 72' lang='lat' dir='ltr'><strong>cuiitendeutes.</strong></span> <span class='ocrx_word' id='word_1_494' title='bbox 2943 2492 3201 2546; x_wconf 89' lang='lat' dir='ltr'><strong>tumulum</strong></span> <span class='ocrx_word' id='word_1_495' title='bbox 3235 2505 3439 2562; x_wconf 91' lang='lat' dir='ltr'><strong>petunt.</strong></span> 
     </span>
    </p>
   </div>
   <div class='ocr_carea' id='block_1_69' title="bbox 1877 2570 3445 2640">
    <p class='ocr_par' dir='ltr' id='par_1_69' title="bbox 1877 2570 3445 2640">
     <span class='ocr_line' id='line_1_69' title="bbox 1877 2570 3445 2640; baseline 0.009 -16"><span class='ocrx_word' id='word_1_496' title='bbox 1877 2570 2060 2640; x_wconf 86' lang='lat' dir='ltr'><strong>quue</strong></span> <span class='ocrx_word' id='word_1_497' title='bbox 2087 2587 2206 2626; x_wconf 88' lang='lat' dir='ltr'><strong>cum</strong></span> <span class='ocrx_word' id='word_1_498' title='bbox 2247 2574 2631 2639; x_wconf 85' lang='lat' dir='ltr'><strong>pervenissent,</strong></span> <span class='ocrx_word' id='word_1_499' title='bbox 2682 2575 3143 2634; x_wconf 90' lang='lat' dir='ltr'><strong>circumdederunt</strong></span> <span class='ocrx_word' id='word_1_500' title='bbox 3185 2596 3279 2636; x_wconf 89' lang='lat' dir='ltr'><strong>eos</strong></span> <span class='ocrx_word' id='word_1_501' title='bbox 3328 2591 3445 2637; x_wconf 87' lang='lat' dir='ltr'><strong>tan-</strong></span> 
     </span>
    </p>
   </div>
   <div class='ocr_carea' id='block_1_70' title="bbox 1876 2663 3442 2740">
    <p class='ocr_par' dir='ltr' id='par_1_70' title="bbox 1876 2663 3442 2740">
     <span class='ocr_line' id='line_1_70' title="bbox 1876 2663 3442 2740; baseline 0.01 -27"><span class='ocrx_word' id='word_1_502' title='bbox 1876 2675 2032 2729; x_wconf 81' lang='lat' dir='ltr'><strong>quam</strong></span> <span class='ocrx_word' id='word_1_503' title='bbox 2059 2677 2215 2716; x_wconf 88' lang='lat' dir='ltr'><strong>canes</strong></span> <span class='ocrx_word' id='word_1_504' title='bbox 2247 2663 2396 2717; x_wconf 86' lang='lat' dir='ltr'><strong>multi</strong></span> <span class='ocrx_word' id='word_1_505' title='bbox 2426 2663 2595 2734; x_wconf 71' lang='lat' dir='ltr'><strong>(Paul.</strong></span> <span class='ocrx_word' id='word_1_506' title='bbox 2629 2669 2759 2734; x_wconf 77' lang='lat' dir='ltr'><strong>xxi),</strong></span> <span class='ocrx_word' id='word_1_507' title='bbox 2792 2678 2882 2720; x_wconf 88' lang='lat' dir='ltr'><strong>aut</strong></span> <span class='ocrx_word' id='word_1_508' title='bbox 2906 2679 3151 2738; x_wconf 83' lang='lat' dir='ltr'><strong>tanquam</strong></span> <span class='ocrx_word' id='word_1_509' title='bbox 3178 2673 3442 2740; x_wconf 69' lang='lat' dir='ltr'><strong>pestifera:</strong></span> 
     </span>
    </p>
   </div>
   <div class='ocr_carea' id='block_1_71' title="bbox 1878 2752 3441 2826">
    <p class='ocr_par' dir='ltr' id='par_1_71' title="bbox 1878 2752 3441 2826">
     <span class='ocr_line' id='line_1_71' title="bbox 1878 2752 3441 2826; baseline 0.007 -20"><span class='ocrx_word' id='word_1_510' title='bbox 1878 2752 2115 2820; x_wconf 61' lang='lat' dir='ltr'><strong>quasdam</strong></span> <span class='ocrx_word' id='word_1_511' title='bbox 2144 2761 2200 2807; x_wconf 83' lang='lat' dir='ltr'><strong>et.</strong></span> <span class='ocrx_word' id='word_1_512' title='bbox 2247 2754 2502 2808; x_wconf 84' lang='lat' dir='ltr'><strong>immanes</strong></span> <span class='ocrx_word' id='word_1_513' title='bbox 2531 2753 2761 2822; x_wconf 66' lang='lat' dir='ltr'><strong>bellum;</strong></span> <span class='ocrx_word' id='word_1_514' title='bbox 2793 2766 2951 2826; x_wconf 89' lang='lat' dir='ltr'><strong>atque</strong></span> <span class='ocrx_word' id='word_1_515' title='bbox 2981 2759 3125 2826; x_wconf 91' lang='lat' dir='ltr'><strong>ipsos</strong></span> <span class='ocrx_word' id='word_1_516' title='bbox 3175 2769 3283 2814; x_wconf 90' lang='lat' dir='ltr'><strong>tum</strong></span> <span class='ocrx_word' id='word_1_517' title='bbox 3328 2765 3441 2817; x_wconf 88' lang='lat' dir='ltr'><strong>oris</strong></span> 
     </span>
    </p>
   </div>
   <div class='ocr_carea' id='block_1_72' title="bbox 1879 2834 3443 2907">
    <p class='ocr_par' dir='ltr' id='par_1_72' title="bbox 1879 2834 3443 2907">
     <span class='ocr_line' id='line_1_72' title="bbox 1879 2834 3443 2907; baseline 0.01 -24"><span class='ocrx_word' id='word_1_518' title='bbox 1879 2835 2076 2897; x_wconf 86' lang='lat' dir='ltr'><strong>specie,</strong></span> <span class='ocrx_word' id='word_1_519' title='bbox 2107 2841 2216 2887; x_wconf 91' lang='lat' dir='ltr'><strong>tum</strong></span> <span class='ocrx_word' id='word_1_520' title='bbox 2249 2834 2428 2889; x_wconf 84' lang='lat' dir='ltr'><strong>habitu</strong></span> <span class='ocrx_word' id='word_1_521' title='bbox 2459 2837 2806 2901; x_wconf 84' lang='lat' dir='ltr'><strong>venerandos,</strong></span> <span class='ocrx_word' id='word_1_522' title='bbox 2839 2840 3192 2907; x_wconf 80' lang='lat' dir='ltr'><strong>solitariaeque</strong></span> <span class='ocrx_word' id='word_1_523' title='bbox 3238 2842 3443 2897; x_wconf 58' lang='lat' dir='ltr'><strong>exercic</strong></span> 
     </span>
    </p>
   </div>
   <div class='ocr_carea' id='block_1_73' title="bbox 1882 2921 3440 3000">
    <p class='ocr_par' dir='ltr' id='par_1_73' title="bbox 1882 2921 3440 3000">
     <span class='ocr_line' id='line_1_73' title="bbox 1882 2921 3440 3000; baseline 0.006 -26"><span class='ocrx_word' id='word_1_524' title='bbox 1882 2921 2099 2977; x_wconf 87' lang='lat' dir='ltr'><strong>tatiouis</strong></span> <span class='ocrx_word' id='word_1_525' title='bbox 2146 2932 2297 2978; x_wconf 89' lang='lat' dir='ltr'><strong>notas</strong></span> <span class='ocrx_word' id='word_1_526' title='bbox 2338 2925 2389 2979; x_wconf 88' lang='lat' dir='ltr'><strong>in</strong></span> <span class='ocrx_word' id='word_1_527' title='bbox 2445 2928 2589 2980; x_wconf 85' lang='lat' dir='ltr'><strong>vultu</strong></span> <span class='ocrx_word' id='word_1_528' title='bbox 2639 2926 2891 2993; x_wconf 76' lang='lat' dir='ltr'><strong>ferentes,</strong></span> <span class='ocrx_word' id='word_1_529' title='bbox 2941 2931 3440 3000; x_wconf 83' lang='lat' dir='ltr'><strong>comprehendunt,</strong></span> 
     </span>
    </p>
   </div>
   <div class='ocr_carea' id='block_1_74' title="bbox 1879 3015 3440 3088">
    <p class='ocr_par' dir='ltr' id='par_1_74' title="bbox 1879 3015 3440 3088">
     <span class='ocr_line' id='line_1_74' title="bbox 1879 3015 3440 3088; baseline 0.006 -24"><span class='ocrx_word' id='word_1_530' title='bbox 1879 3019 2224 3082; x_wconf 84' lang='lat' dir='ltr'><strong>raptatosque</strong></span> <span class='ocrx_word' id='word_1_531' title='bbox 2249 3015 2440 3068; x_wconf 83' lang='lat' dir='ltr'><strong>Arachi</strong></span> <span class='ocrx_word' id='word_1_532' title='bbox 2471 3017 2744 3082; x_wconf 81' lang='lat' dir='ltr'><strong>exhibent,</strong></span> <span class='ocrx_word' id='word_1_533' title='bbox 2771 3018 2849 3072; x_wconf 88' lang='lat' dir='ltr'><strong>sic</strong></span> <span class='ocrx_word' id='word_1_534' title='bbox 2877 3019 3054 3073; x_wconf 89' lang='lat' dir='ltr'><strong>animo</strong></span> <span class='ocrx_word' id='word_1_535' title='bbox 3082 3029 3440 3088; x_wconf 67' lang='lat' dir='ltr'><strong>comparatos,</strong></span> 
     </span>
    </p>
   </div>
   <div class='ocr_carea' id='block_1_75' title="bbox 1881 3104 3442 3180">
    <p class='ocr_par' dir='ltr' id='par_1_75' title="bbox 1881 3104 3442 3180">
     <span class='ocr_line' id='line_1_75' title="bbox 1881 3104 3442 3180; baseline 0.006 -24"><span class='ocrx_word' id='word_1_536' title='bbox 1881 3111 1936 3156; x_wconf 91' lang='lat' dir='ltr'><strong>ut</strong></span> <span class='ocrx_word' id='word_1_537' title='bbox 1966 3117 2062 3158; x_wconf 89' lang='lat' dir='ltr'><strong>nec</strong></span> <span class='ocrx_word' id='word_1_538' title='bbox 2092 3104 2198 3159; x_wconf 92' lang='lat' dir='ltr'><strong>ullo</strong></span> <span class='ocrx_word' id='word_1_539' title='bbox 2227 3106 2385 3161; x_wconf 87' lang='lat' dir='ltr'><strong>modo</strong></span> <span class='ocrx_word' id='word_1_540' title='bbox 2431 3109 2882 3177; x_wconf 85' lang='lat' dir='ltr'><strong>perturbarentur,</strong></span> <span class='ocrx_word' id='word_1_541' title='bbox 2918 3125 3014 3165; x_wconf 89' lang='lat' dir='ltr'><strong>nec</strong></span> <span class='ocrx_word' id='word_1_542' title='bbox 3054 3112 3299 3180; x_wconf 76' lang='lat' dir='ltr'><strong>ignavum</strong></span> <span class='ocrx_word' id='word_1_543' title='bbox 3347 3113 3442 3166; x_wconf 88' lang='lat' dir='ltr'><strong>ali-</strong></span> 
     </span>
    </p>
   </div>
   <div class='ocr_carea' id='block_1_76' title="bbox 1876 3193 3434 3269">
    <p class='ocr_par' dir='ltr' id='par_1_76' title="bbox 1876 3193 3434 3269">
     <span class='ocr_line' id='line_1_76' title="bbox 1876 3193 3434 3269; baseline 0.006 -23"><span class='ocrx_word' id='word_1_544' title='bbox 1876 3193 2004 3262; x_wconf 90' lang='lat' dir='ltr'><strong>quid</strong></span> <span class='ocrx_word' id='word_1_545' title='bbox 2046 3209 2110 3250; x_wconf 87' lang='lat' dir='ltr'><strong>ac</strong></span> <span class='ocrx_word' id='word_1_546' title='bbox 2149 3195 2300 3263; x_wconf 79' lang='lat' dir='ltr'><strong>triste</strong></span> <span class='ocrx_word' id='word_1_547' title='bbox 2326 3197 2407 3252; x_wconf 90' lang='lat' dir='ltr'><strong>vel</strong></span> <span class='ocrx_word' id='word_1_548' title='bbox 2437 3213 2544 3267; x_wconf 69' lang='lat' dir='ltr'><strong>pra:</strong></span> <span class='ocrx_word' id='word_1_549' title='bbox 2573 3213 2630 3253; x_wconf 88' lang='lat' dir='ltr'><strong>se</strong></span> <span class='ocrx_word' id='word_1_550' title='bbox 2671 3198 2889 3262; x_wconf 86' lang='lat' dir='ltr'><strong>ferrent,</strong></span> <span class='ocrx_word' id='word_1_551' title='bbox 2937 3201 3017 3253; x_wconf 89' lang='lat' dir='ltr'><strong>vel</strong></span> <span class='ocrx_word' id='word_1_552' title='bbox 3066 3200 3434 3269; x_wconf 89' lang='lat' dir='ltr'><strong>loquerentur.</strong></span> 
     </span>
    </p>
   </div>
   <div class='ocr_carea' id='block_1_77' title="bbox 1876 3284 3438 3358">
    <p class='ocr_par' dir='ltr' id='par_1_77' title="bbox 1876 3284 3438 3358">
     <span class='ocr_line' id='line_1_77' title="bbox 1876 3284 3438 3358; baseline 0.004 -21"><span class='ocrx_word' id='word_1_553' title='bbox 1876 3284 1974 3350; x_wconf 84' lang='lat' dir='ltr'><strong>Qui</strong></span> <span class='ocrx_word' id='word_1_554' title='bbox 2005 3294 2180 3340; x_wconf 88' lang='lat' dir='ltr'><strong>autem</strong></span> <span class='ocrx_word' id='word_1_555' title='bbox 2209 3285 2351 3353; x_wconf 92' lang='lat' dir='ltr'><strong>ipsos</strong></span> <span class='ocrx_word' id='word_1_556' title='bbox 2381 3302 2568 3342; x_wconf 89' lang='lat' dir='ltr'><strong>omnes</strong></span> <span class='ocrx_word' id='word_1_557' title='bbox 2595 3297 2840 3357; x_wconf 89' lang='lat' dir='ltr'><strong>tanquam</strong></span> <span class='ocrx_word' id='word_1_558' title='bbox 2867 3289 3086 3343; x_wconf 86' lang='lat' dir='ltr'><strong>antistes</strong></span> <span class='ocrx_word' id='word_1_559' title='bbox 3111 3289 3350 3358; x_wconf 66' lang='lat' dir='ltr'><strong>praeibat,</strong></span> <span class='ocrx_word' id='word_1_560' title='bbox 3374 3305 3438 3343; x_wconf 84' lang='lat' dir='ltr'><strong>ex</strong></span> 
     </span>
    </p>
   </div>
   <div class='ocr_carea' id='block_1_78' title="bbox 1874 3376 3436 3448">
    <p class='ocr_par' dir='ltr' id='par_1_78' title="bbox 1874 3376 3436 3448">
     <span class='ocr_line' id='line_1_78' title="bbox 1874 3376 3436 3448; baseline 0 -18"><span class='ocrx_word' id='word_1_561' title='bbox 1874 3376 2046 3431; x_wconf 88' lang='lat' dir='ltr'><strong>cilicio</strong></span> <span class='ocrx_word' id='word_1_562' title='bbox 2100 3386 2402 3431; x_wconf 80' lang='lat' dir='ltr'><strong>contextam</strong></span> <span class='ocrx_word' id='word_1_563' title='bbox 2463 3393 2683 3445; x_wconf 90' lang='lat' dir='ltr'><strong>peram,</strong></span> <span class='ocrx_word' id='word_1_564' title='bbox 2731 3379 3082 3448; x_wconf 87' lang='lat' dir='ltr'><strong>quorumdam</strong></span> <span class='ocrx_word' id='word_1_565' title='bbox 3133 3389 3436 3433; x_wconf 88' lang='lat' dir='ltr'><strong>sanctorum</strong></span> 
     </span>
    </p>
   </div>
   <div class='ocr_carea' id='block_1_79' title="bbox 1875 3466 3436 3538">
    <p class='ocr_par' dir='ltr' id='par_1_79' title="bbox 1875 3466 3436 3538">
     <span class='ocr_line' id='line_1_79' title="bbox 1875 3466 3436 3538; baseline 0.002 -19"><span class='ocrx_word' id='word_1_566' title='bbox 1875 3466 2108 3528; x_wconf 88' lang='lat' dir='ltr'><strong>Patrum,</strong></span> <span class='ocrx_word' id='word_1_567' title='bbox 2139 3469 2224 3536; x_wconf 89' lang='lat' dir='ltr'><strong>qui</strong></span> <span class='ocrx_word' id='word_1_568' title='bbox 2251 3482 2316 3522; x_wconf 88' lang='lat' dir='ltr'><strong>ex</strong></span> <span class='ocrx_word' id='word_1_569' title='bbox 2364 3468 2463 3522; x_wconf 91' lang='lat' dir='ltr'><strong>hac</strong></span> <span class='ocrx_word' id='word_1_570' title='bbox 2491 3468 2594 3522; x_wconf 89' lang='lat' dir='ltr'><strong>vita</strong></span> <span class='ocrx_word' id='word_1_571' title='bbox 2623 3468 2995 3537; x_wconf 85' lang='lat' dir='ltr'><strong>discesserant,</strong></span> <span class='ocrx_word' id='word_1_572' title='bbox 3030 3468 3263 3538; x_wconf 88' lang='lat' dir='ltr'><strong>reliquiis</strong></span> <span class='ocrx_word' id='word_1_573' title='bbox 3306 3466 3436 3522; x_wconf 75' lang='lat' dir='ltr'><strong>cou-</strong></span> 
     </span>
    </p>
   </div>
   <div class='ocr_carea' id='block_1_80' title="bbox 1873 3554 2351 3623">
    <p class='ocr_par' dir='ltr' id='par_1_80' title="bbox 1873 3554 2351 3623">
     <span class='ocr_line' id='line_1_80' title="bbox 1873 3554 2351 3623; baseline 0.01 -17"><span class='ocrx_word' id='word_1_574' title='bbox 1873 3554 2060 3608; x_wconf 86' lang='lat' dir='ltr'><strong>fertam</strong></span> <span class='ocrx_word' id='word_1_575' title='bbox 2091 3556 2351 3623; x_wconf 77' lang='lat' dir='ltr'><strong>gestabat.</strong></span> 
     </span>
    </p>
   </div>
   <div class='ocr_carea' id='block_1_81' title="bbox 1959 3679 3450 3755">
    <p class='ocr_par' dir='ltr' id='par_1_81' title="bbox 1959 3679 3450 3755">
     <span class='ocr_line' id='line_1_81' title="bbox 1959 3679 3450 3755; baseline 0.005 -20"><span class='ocrx_word' id='word_1_576' title='bbox 1959 3679 2276 3751; x_wconf 86' lang='lat' dir='ltr'><strong>Conspectis</strong></span> <span class='ocrx_word' id='word_1_577' title='bbox 2302 3692 2476 3740; x_wconf 88' lang='lat' dir='ltr'><strong>autem</strong></span> <span class='ocrx_word' id='word_1_578' title='bbox 2523 3687 2648 3755; x_wconf 81' lang='lat' dir='ltr'><strong>ipsis</strong></span> <span class='ocrx_word' id='word_1_579' title='bbox 2698 3686 2970 3750; x_wconf 83' lang='lat' dir='ltr'><strong>Araches,</strong></span> <span class='ocrx_word' id='word_1_580' title='bbox 3017 3694 3072 3739; x_wconf 92' lang='lat' dir='ltr'><strong>ut</strong></span> <span class='ocrx_word' id='word_1_581' title='bbox 3120 3686 3450 3742; x_wconf 74' lang='lat' dir='ltr'><strong>Barlaamum</strong></span> 
     </span>
    </p>
   </div>
   <div class='ocr_carea' id='block_1_82' title="bbox 1886 3772 3452 3848">
    <p class='ocr_par' dir='ltr' id='par_1_82' title="bbox 1886 3772 3452 3848">
     <span class='ocr_line' id='line_1_82' title="bbox 1886 3772 3452 3848; baseline 0.004 -24"><span class='ocrx_word' id='word_1_582' title='bbox 1886 3772 2103 3826; x_wconf 91' lang='lat' dir='ltr'><strong>minime</strong></span> <span class='ocrx_word' id='word_1_583' title='bbox 2131 3774 2260 3828; x_wconf 91' lang='lat' dir='ltr'><strong>vidit</strong></span> <span class='ocrx_word' id='word_1_584' title='bbox 2290 3775 2436 3845; x_wconf 90' lang='lat' dir='ltr'><strong>(nam</strong></span> <span class='ocrx_word' id='word_1_585' title='bbox 2483 3792 2600 3830; x_wconf 91' lang='lat' dir='ltr'><strong>eum</strong></span> <span class='ocrx_word' id='word_1_586' title='bbox 2633 3779 2807 3848; x_wconf 89' lang='lat' dir='ltr'><strong>norat)</strong></span> <span class='ocrx_word' id='word_1_587' title='bbox 2840 3791 3068 3832; x_wconf 78' lang='lat' dir='ltr'><strong>mcerore</strong></span> <span class='ocrx_word' id='word_1_588' title='bbox 3109 3778 3452 3831; x_wconf 85' lang='lat' dir='ltr'><strong>conturbatus</strong></span> 
     </span>
    </p>
   </div>
   <div class='ocr_carea' id='block_1_83' title="bbox 1883 3864 3452 3935">
    <p class='ocr_par' dir='ltr' id='par_1_83' title="bbox 1883 3864 3452 3935">
     <span class='ocr_line' id='line_1_83' title="bbox 1883 3864 3452 3935; baseline 0.004 -20"><span class='ocrx_word' id='word_1_589' title='bbox 1883 3869 1985 3926; x_wconf 86' lang='lat' dir='ltr'><strong>est,</strong></span> <span class='ocrx_word' id='word_1_590' title='bbox 2016 3871 2174 3931; x_wconf 89' lang='lat' dir='ltr'><strong>atque</strong></span> <span class='ocrx_word' id='word_1_591' title='bbox 2200 3864 2262 3916; x_wconf 89' lang='lat' dir='ltr'><strong>ad</strong></span> <span class='ocrx_word' id='word_1_592' title='bbox 2293 3879 2388 3918; x_wconf 90' lang='lat' dir='ltr'><strong>eos</strong></span> <span class='ocrx_word' id='word_1_593' title='bbox 2415 3866 2550 3920; x_wconf 82' lang='lat' dir='ltr'><strong>dixit</strong></span> <span class='ocrx_word' id='word_1_594' title='bbox 2574 3883 2588 3920; x_wconf 88' lang='lat'>:</span> <span class='ocrx_word' id='word_1_595' title='bbox 2619 3867 2837 3922; x_wconf 83' lang='lat' dir='ltr'><strong>Ubinam</strong></span> <span class='ocrx_word' id='word_1_596' title='bbox 2863 3876 2941 3921; x_wconf 86' lang='lat' dir='ltr'><strong>est</strong></span> <span class='ocrx_word' id='word_1_597' title='bbox 2968 3867 3224 3935; x_wconf 91' lang='lat' dir='ltr'><strong>impostor</strong></span> <span class='ocrx_word' id='word_1_598' title='bbox 3245 3865 3336 3922; x_wconf 89' lang='lat' dir='ltr'><strong>ille</strong></span> <span class='ocrx_word' id='word_1_599' title='bbox 3360 3867 3452 3935; x_wconf 90' lang='lat' dir='ltr'><strong>qui</strong></span> 
     </span>
    </p>
   </div>
   <div class='ocr_carea' id='block_1_84' title="bbox 1882 3957 3447 4031">
    <p class='ocr_par' dir='ltr' id='par_1_84' title="bbox 1882 3957 3447 4031">
     <span class='ocr_line' id='line_1_84' title="bbox 1882 3957 3447 4031; baseline 0.004 -22"><span class='ocrx_word' id='word_1_600' title='bbox 1882 3957 2022 4024; x_wconf 85' lang='lat' dir='ltr'><strong>regis</strong></span> <span class='ocrx_word' id='word_1_601' title='bbox 2045 3958 2205 4012; x_wconf 73' lang='lat' dir='ltr'><strong>tihum</strong></span> <span class='ocrx_word' id='word_1_602' title='bbox 2236 3960 2288 4012; x_wconf 90' lang='lat' dir='ltr'><strong>in</strong></span> <span class='ocrx_word' id='word_1_603' title='bbox 2315 3975 2552 4015; x_wconf 89' lang='lat' dir='ltr'><strong>errorem</strong></span> <span class='ocrx_word' id='word_1_604' title='bbox 2586 3962 2835 4016; x_wconf 80' lang='lat' dir='ltr'><strong>induxit?</strong></span> <span class='ocrx_word' id='word_1_605' title='bbox 2863 3961 2911 4018; x_wconf 93' lang='lat' dir='ltr'><strong>ls</strong></span> <span class='ocrx_word' id='word_1_606' title='bbox 2939 3974 3116 4018; x_wconf 89' lang='lat' dir='ltr'><strong>autem</strong></span> <span class='ocrx_word' id='word_1_607' title='bbox 3145 3965 3232 4031; x_wconf 80' lang='lat' dir='ltr'><strong>qui</strong></span> <span class='ocrx_word' id='word_1_608' title='bbox 3267 3978 3447 4030; x_wconf 89' lang='lat' dir='ltr'><strong>peram</strong></span> 
     </span>
    </p>
   </div>
   <div class='ocr_carea' id='block_1_85' title="bbox 1850 4047 3450 4120">
    <p class='ocr_par' dir='ltr' id='par_1_85' title="bbox 1850 4047 3450 4120">
     <span class='ocr_line' id='line_1_85' title="bbox 1850 4047 3450 4120; baseline 0.003 -20"><span class='ocrx_word' id='word_1_609' title='bbox 1850 4085 1855 4089; x_wconf 71' lang='lat'><strong>.</strong></span> <span class='ocrx_word' id='word_1_610' title='bbox 1881 4047 2122 4114; x_wconf 77' lang='lat' dir='ltr'><strong>gestabat</strong></span> <span class='ocrx_word' id='word_1_611' title='bbox 2148 4050 2420 4116; x_wconf 89' lang='lat' dir='ltr'><strong>respondit</strong></span> <span class='ocrx_word' id='word_1_612' title='bbox 2454 4067 2470 4106; x_wconf 90' lang='lat'><strong>:</strong></span> <span class='ocrx_word' id='word_1_613' title='bbox 2501 4051 2612 4107; x_wconf 87' lang='lat' dir='ltr'><strong>Non</strong></span> <span class='ocrx_word' id='word_1_614' title='bbox 2643 4061 2724 4106; x_wconf 90' lang='lat' dir='ltr'><strong>est</strong></span> <span class='ocrx_word' id='word_1_615' title='bbox 2754 4053 2843 4106; x_wconf 89' lang='lat' dir='ltr'><strong>ille</strong></span> <span class='ocrx_word' id='word_1_616' title='bbox 2873 4055 3011 4107; x_wconf 82' lang='lat' dir='ltr'><strong>inter</strong></span> <span class='ocrx_word' id='word_1_617' title='bbox 3040 4067 3158 4120; x_wconf 89' lang='lat' dir='ltr'><strong>nos,</strong></span> <span class='ocrx_word' id='word_1_618' title='bbox 3189 4053 3327 4106; x_wconf 89' lang='lat' dir='ltr'><strong>absit</strong></span> <span class='ocrx_word' id='word_1_619' title='bbox 3357 4053 3450 4119; x_wconf 79' lang='lat' dir='ltr'><strong>(si-</strong></span> 
     </span>
    </p>
   </div>
   <div class='ocr_carea' id='block_1_86' title="bbox 1883 4137 3448 4212">
    <p class='ocr_par' dir='ltr' id='par_1_86' title="bbox 1883 4137 3448 4212">
     <span class='ocr_line' id='line_1_86' title="bbox 1883 4137 3448 4212; baseline 0.003 -21"><span class='ocrx_word' id='word_1_620' title='bbox 1883 4137 2118 4206; x_wconf 87' lang='lat' dir='ltr'><strong>quidem,</strong></span> <span class='ocrx_word' id='word_1_621' title='bbox 2149 4140 2343 4195; x_wconf 58' lang='lat' dir='ltr'><strong>Christi</strong></span> <span class='ocrx_word' id='word_1_622' title='bbox 2374 4144 2538 4211; x_wconf 87' lang='lat' dir='ltr'><strong>gratia</strong></span> <span class='ocrx_word' id='word_1_623' title='bbox 2570 4145 2769 4212; x_wconf 89' lang='lat' dir='ltr'><strong>pulsus,</strong></span> <span class='ocrx_word' id='word_1_624' title='bbox 2802 4160 2830 4198; x_wconf 90' lang='lat' dir='ltr'><strong>a</strong></span> <span class='ocrx_word' id='word_1_625' title='bbox 2862 4144 3014 4198; x_wconf 90' lang='lat' dir='ltr'><strong>nobis</strong></span> <span class='ocrx_word' id='word_1_626' title='bbox 3045 4144 3229 4212; x_wconf 85' lang='lat' dir='ltr'><strong>fugit),</strong></span> <span class='ocrx_word' id='word_1_627' title='bbox 3262 4157 3448 4198; x_wconf 85' lang='lat' dir='ltr'><strong>verum</strong></span> 
     </span>
    </p>
   </div>
   <div class='ocr_carea' id='block_1_87' title="bbox 1879 4230 3447 4305">
    <p class='ocr_par' dir='ltr' id='par_1_87' title="bbox 1879 4230 3447 4305">
     <span class='ocr_line' id='line_1_87' title="bbox 1879 4230 3447 4305; baseline 0.004 -24"><span class='ocrx_word' id='word_1_628' title='bbox 1879 4230 2015 4298; x_wconf 83' lang='lat' dir='ltr'><strong>apud</strong></span> <span class='ocrx_word' id='word_1_629' title='bbox 2049 4245 2142 4285; x_wconf 87' lang='lat' dir='ltr'><strong>vos</strong></span> <span class='ocrx_word' id='word_1_630' title='bbox 2171 4231 2494 4288; x_wconf 92' lang='lat' dir='ltr'><strong>domicilium</strong></span> <span class='ocrx_word' id='word_1_631' title='bbox 2527 4234 2704 4288; x_wconf 88' lang='lat' dir='ltr'><strong>habet.</strong></span> <span class='ocrx_word' id='word_1_632' title='bbox 2739 4235 2867 4288; x_wconf 84' lang='lat' dir='ltr'><strong>Eum</strong></span> <span class='ocrx_word' id='word_1_633' title='bbox 2911 4249 3057 4303; x_wconf 89' lang='lat' dir='ltr'><strong>ergo,</strong></span> <span class='ocrx_word' id='word_1_634' title='bbox 3106 4235 3274 4305; x_wconf 88' lang='lat' dir='ltr'><strong>inquit</strong></span> <span class='ocrx_word' id='word_1_635' title='bbox 3319 4235 3447 4297; x_wconf 84' lang='lat' dir='ltr'><strong>dux,</strong></span> 
     </span>
    </p>
   </div>
   <div class='ocr_carea' id='block_1_88' title="bbox 1881 4319 3448 4394">
    <p class='ocr_par' dir='ltr' id='par_1_88' title="bbox 1881 4319 3448 4394">
     <span class='ocr_line' id='line_1_88' title="bbox 1881 4319 3448 4394; baseline 0.003 -22"><span class='ocrx_word' id='word_1_636' title='bbox 1881 4319 2056 4374; x_wconf 83' lang='lat' dir='ltr'><strong>nosti?</strong></span> <span class='ocrx_word' id='word_1_637' title='bbox 2081 4319 2262 4387; x_wconf 88' lang='lat' dir='ltr'><strong>Certe,</strong></span> <span class='ocrx_word' id='word_1_638' title='bbox 2294 4323 2461 4392; x_wconf 90' lang='lat' dir='ltr'><strong>inquit</strong></span> <span class='ocrx_word' id='word_1_639' title='bbox 2487 4325 2738 4386; x_wconf 83' lang='lat' dir='ltr'><strong>ercmita,</strong></span> <span class='ocrx_word' id='word_1_640' title='bbox 2770 4339 2892 4379; x_wconf 92' lang='lat' dir='ltr'><strong>eum</strong></span> <span class='ocrx_word' id='word_1_641' title='bbox 2919 4326 3005 4394; x_wconf 88' lang='lat' dir='ltr'><strong>qui</strong></span> <span class='ocrx_word' id='word_1_642' title='bbox 3036 4326 3290 4393; x_wconf 90' lang='lat' dir='ltr'><strong>impostor</strong></span> <span class='ocrx_word' id='word_1_643' title='bbox 3315 4326 3448 4379; x_wconf 79' lang='lat' dir='ltr'><strong>dici—</strong></span> 
     </span>
    </p>
   </div>
   <div class='ocr_carea' id='block_1_89' title="bbox 1878 4410 3445 4484">
    <p class='ocr_par' dir='ltr' id='par_1_89' title="bbox 1878 4410 3445 4484">
     <span class='ocr_line' id='line_1_89' title="bbox 1878 4410 3445 4484; baseline 0.004 -22"><span class='ocrx_word' id='word_1_644' title='bbox 1878 4415 1963 4464; x_wconf 88' lang='lat' dir='ltr'><strong>tur</strong></span> <span class='ocrx_word' id='word_1_645' title='bbox 1989 4411 2132 4477; x_wconf 92' lang='lat' dir='ltr'><strong>novi,</strong></span> <span class='ocrx_word' id='word_1_646' title='bbox 2157 4410 2257 4467; x_wconf 92' lang='lat' dir='ltr'><strong>hoc</strong></span> <span class='ocrx_word' id='word_1_647' title='bbox 2283 4421 2365 4467; x_wconf 89' lang='lat' dir='ltr'><strong>est</strong></span> <span class='ocrx_word' id='word_1_648' title='bbox 2394 4413 2684 4478; x_wconf 90' lang='lat' dir='ltr'><strong>diabolum,</strong></span> <span class='ocrx_word' id='word_1_649' title='bbox 2715 4416 2804 4484; x_wconf 90' lang='lat' dir='ltr'><strong>qui</strong></span> <span class='ocrx_word' id='word_1_650' title='bbox 2832 4416 2882 4468; x_wconf 92' lang='lat' dir='ltr'><strong>in</strong></span> <span class='ocrx_word' id='word_1_651' title='bbox 2908 4416 3083 4470; x_wconf 90' lang='lat' dir='ltr'><strong>medio</strong></span> <span class='ocrx_word' id='word_1_652' title='bbox 3109 4417 3268 4470; x_wconf 89' lang='lat' dir='ltr'><strong>vestri</strong></span> <span class='ocrx_word' id='word_1_653' title='bbox 3297 4415 3445 4469; x_wconf 83' lang='lat' dir='ltr'><strong>habi-</strong></span> 
     </span>
    </p>
   </div>
   <div class='ocr_carea' id='block_1_90' title="bbox 193 4479 1781 4571">
    <p class='ocr_par' dir='ltr' id='par_1_90' title="bbox 193 4479 1776 4571">
     <span class='ocr_line' id='line_1_90' title="bbox 193 4479 1776 4571; baseline 0.016 -40"><span class='ocrx_word' id='word_1_654' title='bbox 193 4479 225 4531; x_wconf 91' lang='lat'><strong>6</strong></span> <span class='ocrx_word' id='word_1_655' title='bbox 253 4479 524 4548; x_wconf 81' lang='grc' dir='ltr'>διάὄολος,</span> <span class='ocrx_word' id='word_1_656' title='bbox 553 4483 582 4535; x_wconf 91' lang='lat'><strong>6</strong></span> <span class='ocrx_word' id='word_1_657' title='bbox 621 4485 788 4555; x_wconf 82' lang='grc' dir='ltr'>μέσον</span> <span class='ocrx_word' id='word_1_658' title='bbox 818 4488 973 4558; x_wconf 81' lang='grc' dir='ltr'>ὑμῶν</span> <span class='ocrx_word' id='word_1_659' title='bbox 1011 4493 1283 4548; x_wconf 85' lang='grc' dir='ltr'>κατοικῶν</span> <span class='ocrx_word' id='word_1_660' title='bbox 1319 4497 1414 4549; x_wconf 75' lang='grc' dir='ltr'><strong>καὶ</strong></span> <span class='ocrx_word' id='word_1_661' title='bbox 1452 4500 1585 4567; x_wconf 82' lang='grc' dir='ltr'>παρ’</span> <span class='ocrx_word' id='word_1_662' title='bbox 1622 4500 1776 4571; x_wconf 81' lang='grc' dir='ltr'>ὑμῶν</span> 
     </span>
    </p>
   </div>
   <div class='ocr_carea' id='block_1_91' title="bbox 1881 4479 3446 4571">
    <p class='ocr_par' dir='ltr' id='par_1_91' title="bbox 1881 4479 3446 4570">
     <span class='ocr_line' id='line_1_91' title="bbox 1881 4479 3446 4570; baseline 0.004 -17"><span class='ocrx_word' id='word_1_663' title='bbox 1881 4509 1972 4564; x_wconf 87' lang='lat' dir='ltr'><strong>tat,</strong></span> <span class='ocrx_word' id='word_1_664' title='bbox 2004 4509 2164 4570; x_wconf 89' lang='lat' dir='ltr'><strong>atque</strong></span> <span class='ocrx_word' id='word_1_665' title='bbox 2193 4517 2221 4556; x_wconf 88' lang='lat' dir='ltr'><strong>a</strong></span> <span class='ocrx_word' id='word_1_666' title='bbox 2261 4503 2409 4557; x_wconf 88' lang='lat' dir='ltr'><strong>vobis</strong></span> <span class='ocrx_word' id='word_1_667' title='bbox 2436 4504 2686 4560; x_wconf 87' lang='lat' dir='ltr'><strong>adoratur</strong></span> <span class='ocrx_word' id='word_1_668' title='bbox 2713 4479 2767 4560; x_wconf 75' lang='lat' dir='ltr'><strong>et</strong></span> <span class='ocrx_word' id='word_1_669' title='bbox 2807 4506 3022 4561; x_wconf 91' lang='lat' dir='ltr'><strong>colitur.</strong></span> <span class='ocrx_word' id='word_1_670' title='bbox 3055 4506 3150 4561; x_wconf 91' lang='lat' dir='ltr'><strong>Hic</strong></span> <span class='ocrx_word' id='word_1_671' title='bbox 3178 4506 3283 4561; x_wconf 89' lang='lat' dir='ltr'><strong>dux</strong></span> <span class='ocrx_word' id='word_1_672' title='bbox 3323 4524 3336 4560; x_wconf 89' lang='lat'><strong>:</strong></span> <span class='ocrx_word' id='word_1_673' title='bbox 3375 4507 3446 4568; x_wconf 74' lang='lat' dir='ltr'><strong>De</strong></span> 
     </span>
    </p>
   </div>
   <div class='ocr_carea' id='block_1_92' title="bbox 194 4566 1772 4662">
    <p class='ocr_par' dir='ltr' id='par_1_92' title="bbox 194 4566 1772 4662">
     <span class='ocr_line' id='line_1_92' title="bbox 194 4566 1772 4662; baseline 0.017 -41"><span class='ocrx_word' id='word_1_674' title='bbox 194 4566 597 4643; x_wconf 86' lang='grc' dir='ltr'>λατρευόμενός</span> <span class='ocrx_word' id='word_1_675' title='bbox 619 4593 678 4629; x_wconf 90' lang='grc' dir='ltr'><strong>τε</strong></span> <span class='ocrx_word' id='word_1_676' title='bbox 701 4579 797 4632; x_wconf 79' lang='grc' dir='ltr'>καὶ</span> <span class='ocrx_word' id='word_1_677' title='bbox 818 4579 1271 4654; x_wconf 85' lang='grc' dir='ltr'>θεραπευόμενος.</span> <span class='ocrx_word' id='word_1_678' title='bbox 1302 4588 1368 4641; x_wconf 83' lang='lat'><strong>&#39;0</strong></span> <span class='ocrx_word' id='word_1_679' title='bbox 1395 4589 1579 4662; x_wconf 82' lang='grc' dir='ltr'>ἄρχων</span> <span class='ocrx_word' id='word_1_680' title='bbox 1602 4566 1772 4660; x_wconf 71' lang='grc' dir='ltr'>λέγει·</span> 
     </span>
    </p>
   </div>
   <div class='ocr_carea' id='block_1_93' title="bbox 195 4660 1775 4752">
    <p class='ocr_par' dir='ltr' id='par_1_93' title="bbox 195 4660 1775 4752">
     <span class='ocr_line' id='line_1_93' title="bbox 195 4660 1775 4752; baseline 0.018 -40"><span class='ocrx_word' id='word_1_681' title='bbox 195 4660 335 4733; x_wconf 77' lang='grc' dir='ltr'>Περὶ</span> <span class='ocrx_word' id='word_1_682' title='bbox 357 4663 456 4716; x_wconf 89' lang='grc' dir='ltr'><strong>τοῦ</strong></span> <span class='ocrx_word' id='word_1_683' title='bbox 484 4666 750 4740; x_wconf 81' lang='grc' dir='ltr'>Βαρλαὰμ</span> <span class='ocrx_word' id='word_1_684' title='bbox 774 4670 886 4740; x_wconf 85' lang='grc' dir='ltr'><strong>ἐγὼ</strong></span> <span class='ocrx_word' id='word_1_685' title='bbox 912 4673 1008 4744; x_wconf 82' lang='grc' dir='ltr'>τὴν</span> <span class='ocrx_word' id='word_1_686' title='bbox 1037 4674 1264 4747; x_wconf 75' lang='grc' dir='ltr'>ζήτησιν</span> <span class='ocrx_word' id='word_1_687' title='bbox 1300 4660 1552 4752; x_wconf 18' lang='grc' dir='ltr'>ἔχω,⁷καὶ</span> <span class='ocrx_word' id='word_1_688' title='bbox 1584 4686 1775 4742; x_wconf 89' lang='grc' dir='ltr'>τοῦτον</span> 
     </span>
    </p>
   </div>
   <div class='ocr_carea' id='block_1_94' title="bbox 193 4754 1771 4849">
    <p class='ocr_par' dir='ltr' id='par_1_94' title="bbox 193 4754 1771 4849">
     <span class='ocr_line' id='line_1_94' title="bbox 193 4754 1771 4849; baseline 0.02 -46"><span class='ocrx_word' id='word_1_689' title='bbox 193 4754 418 4827; x_wconf 81' lang='grc' dir='ltr'>ἠρόμην</span> <span class='ocrx_word' id='word_1_690' title='bbox 452 4775 513 4811; x_wconf 90' lang='grc' dir='ltr'><strong>σε</strong></span> <span class='ocrx_word' id='word_1_691' title='bbox 547 4762 740 4830; x_wconf 82' lang='grc' dir='ltr'>μαθεῖν</span> <span class='ocrx_word' id='word_1_692' title='bbox 770 4763 874 4817; x_wconf 90' lang='grc' dir='ltr'><strong>ποῦ</strong></span> <span class='ocrx_word' id='word_1_693' title='bbox 915 4765 1080 4823; x_wconf 81' lang='grc' dir='ltr'>ἐστιν.</span> <span class='ocrx_word' id='word_1_694' title='bbox 1129 4769 1289 4843; x_wconf 78' lang='lat'><strong>196</strong></span> <span class='ocrx_word' id='word_1_695' title='bbox 1339 4773 1396 4827; x_wconf 90' lang='lat'><strong>&#39;0</strong></span> <span class='ocrx_word' id='word_1_696' title='bbox 1427 4775 1484 4828; x_wconf 83' lang='grc' dir='ltr'>δὲ</span> <span class='ocrx_word' id='word_1_697' title='bbox 1519 4778 1771 4849; x_wconf 82' lang='grc' dir='ltr'>μοναχός⁶</span> 
     </span>
    </p>
   </div>
   <div class='ocr_carea' id='block_1_95' title="bbox 196 4847 1772 4939">
    <p class='ocr_par' dir='ltr' id='par_1_95' title="bbox 196 4847 1772 4939">
     <span class='ocr_line' id='line_1_95' title="bbox 196 4847 1772 4939; baseline 0.017 -40"><span class='ocrx_word' id='word_1_698' title='bbox 196 4847 308 4900; x_wconf 77' lang='grc' dir='ltr'>Καὶ</span> <span class='ocrx_word' id='word_1_699' title='bbox 337 4849 426 4903; x_wconf 80' lang='grc' dir='ltr'>ἴνα</span> <span class='ocrx_word' id='word_1_700' title='bbox 453 4850 507 4904; x_wconf 88' lang='grc' dir='ltr'><strong>τί</strong></span> <span class='ocrx_word' id='word_1_701' title='bbox 526 4891 542 4915; x_wconf 88' lang='grc'><strong>,</strong></span> <span class='ocrx_word' id='word_1_702' title='bbox 574 4855 766 4925; x_wconf 74' lang='grc' dir='ltr'>φησὶν,</span> <span class='ocrx_word' id='word_1_703' title='bbox 799 4857 1144 4929; x_wconf 80' lang='grc' dir='ltr'>ἀλληνάλλως</span> <span class='ocrx_word' id='word_1_704' title='bbox 1169 4864 1466 4934; x_wconf 85' lang='grc' dir='ltr'>ἐλάλησας,</span> <span class='ocrx_word' id='word_1_705' title='bbox 1505 4871 1635 4939; x_wconf 77' lang='grc' dir='ltr'>περὶ</span> <span class='ocrx_word' id='word_1_706' title='bbox 1660 4847 1772 4926; x_wconf 66' lang='grc' dir='ltr'><strong>τοῦ</strong></span> 
     </span>
    </p>
   </div>
   <div class='ocr_carea' id='block_1_96' title="bbox 195 4941 1771 5032">
    <p class='ocr_par' dir='ltr' id='par_1_96' title="bbox 195 4941 1771 5032">
     <span class='ocr_line' id='line_1_96' title="bbox 195 4941 1771 5032; baseline 0.016 -41"><span class='ocrx_word' id='word_1_707' title='bbox 195 4941 580 5012; x_wconf 75' lang='grc' dir='ltr'>ἀπατήσαντος</span> <span class='ocrx_word' id='word_1_708' title='bbox 608 4947 701 5000; x_wconf 77' lang='grc' dir='ltr'><strong>τὸν</strong></span> <span class='ocrx_word' id='word_1_709' title='bbox 729 4948 844 5002; x_wconf 75' lang='grc' dir='ltr'>υἱὸν</span> <span class='ocrx_word' id='word_1_710' title='bbox 873 4950 965 5004; x_wconf 88' lang='grc' dir='ltr'><strong>τοῦ</strong></span> <span class='ocrx_word' id='word_1_711' title='bbox 985 4951 1248 5022; x_wconf 78' lang='grc' dir='ltr'><strong>βασιλέως</strong></span> <span class='ocrx_word' id='word_1_712' title='bbox 1267 4957 1364 5026; x_wconf 86' lang='grc' dir='ltr'><strong>τὴν</strong></span> <span class='ocrx_word' id='word_1_713' title='bbox 1390 4958 1581 5014; x_wconf 82' lang='grc' dir='ltr'>πεῦσιν</span> <span class='ocrx_word' id='word_1_714' title='bbox 1603 4978 1771 5032; x_wconf 84' lang='grc' dir='ltr'>προσ-</span> 
     </span>
    </p>
   </div>
   <div class='ocr_carea' id='block_1_97' title="bbox 194 5032 1773 5120">
    <p class='ocr_par' dir='ltr' id='par_1_97' title="bbox 194 5032 1773 5120">
     <span class='ocr_line' id='line_1_97' title="bbox 194 5032 1773 5120; baseline 0.014 -35"><span class='ocrx_word' id='word_1_715' title='bbox 194 5032 450 5102; x_wconf 86' lang='grc' dir='ltr'>αγαγὼν;</span> <span class='ocrx_word' id='word_1_716' title='bbox 489 5039 538 5092; x_wconf 78' lang='grc' dir='ltr'>εἰ</span> <span class='ocrx_word' id='word_1_717' title='bbox 572 5039 682 5120; x_wconf 68' lang='grc' dir='ltr'>γὰρ</span> <span class='ocrx_word' id='word_1_718' title='bbox 708 5041 798 5096; x_wconf 81' lang='grc' dir='ltr'><strong>τὸν</strong></span> <span class='ocrx_word' id='word_1_719' title='bbox 825 5043 1089 5115; x_wconf 73' lang='grc' dir='ltr'>Βαρλαὰμ</span> <span class='ocrx_word' id='word_1_720' title='bbox 1133 5046 1366 5119; x_wconf 79' lang='grc' dir='ltr'>ἐζήτεις,</span> <span class='ocrx_word' id='word_1_721' title='bbox 1395 5049 1502 5104; x_wconf 78' lang='grc' dir='ltr'>ἔδει</span> <span class='ocrx_word' id='word_1_722' title='bbox 1549 5069 1609 5106; x_wconf 91' lang='grc' dir='ltr'><strong>σε</strong></span> <span class='ocrx_word' id='word_1_723' title='bbox 1635 5054 1773 5108; x_wconf 84' lang='grc' dir='ltr'>πάν-</span> 
     </span>
    </p>
   </div>
   <div class='ocr_carea' id='block_1_98' title="bbox 193 5127 1771 5214">
    <p class='ocr_par' dir='ltr' id='par_1_98' title="bbox 193 5127 1771 5214">
     <span class='ocr_line' id='line_1_98' title="bbox 193 5127 1771 5214; baseline 0.014 -38"><span class='ocrx_word' id='word_1_724' title='bbox 193 5141 303 5188; x_wconf 89' lang='grc' dir='ltr'><strong>τως</strong></span> <span class='ocrx_word' id='word_1_725' title='bbox 333 5127 536 5180; x_wconf 81' lang='grc' dir='ltr'>είπεῖν·</span> <span class='ocrx_word' id='word_1_726' title='bbox 571 5130 680 5184; x_wconf 93' lang='grc' dir='ltr'>Ποῦ</span> <span class='ocrx_word' id='word_1_727' title='bbox 717 5131 864 5188; x_wconf 79' lang='grc' dir='ltr'>ἐστιν</span> <span class='ocrx_word' id='word_1_728' title='bbox 901 5137 930 5189; x_wconf 92' lang='lat'><strong>6</strong></span> <span class='ocrx_word' id='word_1_729' title='bbox 969 5139 1032 5189; x_wconf 88' lang='grc' dir='ltr'><strong>ἐκ</strong></span> <span class='ocrx_word' id='word_1_730' title='bbox 1061 5136 1162 5207; x_wconf 87' lang='grc' dir='ltr'>τῆς</span> <span class='ocrx_word' id='word_1_731' title='bbox 1192 5139 1399 5212; x_wconf 85' lang='grc' dir='ltr'>πλάνης</span> <span class='ocrx_word' id='word_1_732' title='bbox 1433 5143 1771 5214; x_wconf 79' lang='grc' dir='ltr'>ἐπιστρέψας</span> 
     </span>
    </p>
   </div>
   <div class='ocr_carea' id='block_1_99' title="bbox 195 5217 1769 5306">
    <p class='ocr_par' dir='ltr' id='par_1_99' title="bbox 195 5217 1769 5306">
     <span class='ocr_line' id='line_1_99' title="bbox 195 5217 1769 5306; baseline 0.012 -37"><span class='ocrx_word' id='word_1_733' title='bbox 195 5217 293 5271; x_wconf 77' lang='grc' dir='ltr'>καὶ</span> <span class='ocrx_word' id='word_1_734' title='bbox 343 5217 527 5283; x_wconf 84' lang='grc' dir='ltr'>σώσας</span> <span class='ocrx_word' id='word_1_735' title='bbox 578 5221 671 5276; x_wconf 82' lang='grc' dir='ltr'><strong>τὸν</strong></span> <span class='ocrx_word' id='word_1_736' title='bbox 716 5225 810 5277; x_wconf 88' lang='grc' dir='ltr'><strong>τοῦ</strong></span> <span class='ocrx_word' id='word_1_737' title='bbox 854 5225 1118 5296; x_wconf 80' lang='grc' dir='ltr'>βασιλέως</span> <span class='ocrx_word' id='word_1_738' title='bbox 1160 5230 1306 5296; x_wconf 85' lang='grc' dir='ltr'>υἱόν;</span> <span class='ocrx_word' id='word_1_739' title='bbox 1376 5231 1630 5298; x_wconf 84' lang='grc' dir='ltr'>Ἐκεῖνος.</span> <span class='ocrx_word' id='word_1_740' title='bbox 1659 5235 1769 5306; x_wconf 87' lang='grc' dir='ltr'>γὰρ</span> 
     </span>
    </p>
   </div>
   <div class='ocr_carea' id='block_1_100' title="bbox 1879 4591 3444 4664">
    <p class='ocr_par' dir='ltr' id='par_1_100' title="bbox 1879 4591 3444 4664">
     <span class='ocr_line' id='line_1_100' title="bbox 1879 4591 3444 4664; baseline 0.006 -22"><span class='ocrx_word' id='word_1_741' title='bbox 1879 4591 2116 4644; x_wconf 81' lang='lat' dir='ltr'><strong>Barlaam</strong></span> <span class='ocrx_word' id='word_1_742' title='bbox 2148 4605 2245 4660; x_wconf 89' lang='lat' dir='ltr'><strong>ego</strong></span> <span class='ocrx_word' id='word_1_743' title='bbox 2268 4607 2470 4662; x_wconf 64' lang='lat' dir='ltr'><strong>quaero,</strong></span> <span class='ocrx_word' id='word_1_744' title='bbox 2503 4594 2675 4664; x_wconf 90' lang='lat' dir='ltr'><strong>deque</strong></span> <span class='ocrx_word' id='word_1_745' title='bbox 2721 4610 2787 4650; x_wconf 92' lang='lat' dir='ltr'><strong>eo</strong></span> <span class='ocrx_word' id='word_1_746' title='bbox 2834 4597 3185 4664; x_wconf 87' lang='lat' dir='ltr'><strong>percontabar</strong></span> <span class='ocrx_word' id='word_1_747' title='bbox 3230 4597 3444 4652; x_wconf 86' lang='lat' dir='ltr'><strong>ubinam</strong></span> 
     </span>
    </p>
   </div>
   <div class='ocr_carea' id='block_1_101' title="bbox 1875 4681 3444 4755">
    <p class='ocr_par' dir='ltr' id='par_1_101' title="bbox 1875 4681 3444 4755">
     <span class='ocr_line' id='line_1_101' title="bbox 1875 4681 3444 4755; baseline 0.005 -22"><span class='ocrx_word' id='word_1_748' title='bbox 1875 4689 2039 4734; x_wconf 87' lang='lat' dir='ltr'><strong>esset.</strong></span> <span class='ocrx_word' id='word_1_749' title='bbox 2071 4681 2358 4737; x_wconf 83' lang='lat' dir='ltr'><strong>Monachus</strong></span> <span class='ocrx_word' id='word_1_750' title='bbox 2385 4691 2560 4738; x_wconf 89' lang='lat' dir='ltr'><strong>autem</strong></span> <span class='ocrx_word' id='word_1_751' title='bbox 2598 4701 2612 4737; x_wconf 91' lang='lat'><strong>:</strong></span> <span class='ocrx_word' id='word_1_752' title='bbox 2641 4684 2748 4738; x_wconf 86' lang='lat' dir='ltr'><strong>Cur</strong></span> <span class='ocrx_word' id='word_1_753' title='bbox 2777 4685 2962 4755; x_wconf 84' lang='lat' dir='ltr'><strong>igitur,</strong></span> <span class='ocrx_word' id='word_1_754' title='bbox 2996 4685 3193 4752; x_wconf 88' lang='lat' dir='ltr'><strong>inquit,</strong></span> <span class='ocrx_word' id='word_1_755' title='bbox 3232 4701 3358 4754; x_wconf 62' lang='lat' dir='ltr'><strong>prati</strong></span> <span class='ocrx_word' id='word_1_756' title='bbox 3379 4703 3444 4741; x_wconf 88' lang='lat' dir='ltr'><strong>o-</strong></span> 
     </span>
    </p>
   </div>
   <div class='ocr_carea' id='block_1_102' title="bbox 1873 4769 3442 4843">
    <p class='ocr_par' dir='ltr' id='par_1_102' title="bbox 1873 4769 3442 4843">
     <span class='ocr_line' id='line_1_102' title="bbox 1873 4769 3442 4843; baseline 0.006 -22"><span class='ocrx_word' id='word_1_757' title='bbox 1873 4778 2013 4823; x_wconf 82' lang='lat' dir='ltr'><strong>stcre</strong></span> <span class='ocrx_word' id='word_1_758' title='bbox 2039 4769 2243 4825; x_wconf 88' lang='lat' dir='ltr'><strong>locutus</strong></span> <span class='ocrx_word' id='word_1_759' title='bbox 2271 4787 2328 4827; x_wconf 91' lang='lat' dir='ltr'><strong>es</strong></span> <span class='ocrx_word' id='word_1_760' title='bbox 2351 4773 2419 4826; x_wconf 92' lang='lat' dir='ltr'><strong>de</strong></span> <span class='ocrx_word' id='word_1_761' title='bbox 2447 4787 2512 4826; x_wconf 88' lang='lat' dir='ltr'><strong>eo</strong></span> <span class='ocrx_word' id='word_1_762' title='bbox 2532 4774 2619 4842; x_wconf 93' lang='lat' dir='ltr'><strong>qui</strong></span> <span class='ocrx_word' id='word_1_763' title='bbox 2651 4776 2790 4843; x_wconf 87' lang='lat' dir='ltr'><strong>regis</strong></span> <span class='ocrx_word' id='word_1_764' title='bbox 2816 4775 2922 4828; x_wconf 88' lang='lat' dir='ltr'><strong>tilio</strong></span> <span class='ocrx_word' id='word_1_765' title='bbox 2945 4775 3287 4843; x_wconf 88' lang='lat' dir='ltr'><strong>imposturam</strong></span> <span class='ocrx_word' id='word_1_766' title='bbox 3316 4776 3442 4831; x_wconf 88' lang='lat' dir='ltr'><strong>fecit</strong></span> 
     </span>
    </p>
   </div>
   <div class='ocr_carea' id='block_1_103' title="bbox 1874 4861 3440 4936">
    <p class='ocr_par' dir='ltr' id='par_1_103' title="bbox 1874 4861 3440 4936">
     <span class='ocr_line' id='line_1_103' title="bbox 1874 4861 3440 4936; baseline 0.004 -24"><span class='ocrx_word' id='word_1_767' title='bbox 1874 4874 1960 4914; x_wconf 90' lang='lat' dir='ltr'><strong>me</strong></span> <span class='ocrx_word' id='word_1_768' title='bbox 2004 4861 2370 4931; x_wconf 88' lang='lat' dir='ltr'><strong>interrogans?</strong></span> <span class='ocrx_word' id='word_1_769' title='bbox 2398 4863 2530 4917; x_wconf 83' lang='lat' dir='ltr'><strong>Nam</strong></span> <span class='ocrx_word' id='word_1_770' title='bbox 2560 4863 2604 4918; x_wconf 92' lang='lat' dir='ltr'><strong>si</strong></span> <span class='ocrx_word' id='word_1_771' title='bbox 2637 4865 2968 4919; x_wconf 14' lang='lat' dir='ltr'><strong>Bai-litamum</strong></span> <span class='ocrx_word' id='word_1_772' title='bbox 2999 4865 3292 4936; x_wconf 58' lang='lat' dir='ltr'><strong>quaerebas,</strong></span> <span class='ocrx_word' id='word_1_773' title='bbox 3325 4882 3440 4918; x_wconf 80' lang='lat' dir='ltr'><strong>utu-</strong></span> 
     </span>
    </p>
   </div>
   <div class='ocr_carea' id='block_1_104' title="bbox 1872 4948 3440 5024">
    <p class='ocr_par' dir='ltr' id='par_1_104' title="bbox 1872 4948 3440 5024">
     <span class='ocr_line' id='line_1_104' title="bbox 1872 4948 3440 5024; baseline 0.006 -25"><span class='ocrx_word' id='word_1_774' title='bbox 1872 4948 1998 5001; x_wconf 91' lang='lat' dir='ltr'><strong>nino</strong></span> <span class='ocrx_word' id='word_1_775' title='bbox 2028 4951 2096 5002; x_wconf 88' lang='lat' dir='ltr'><strong>ita</strong></span> <span class='ocrx_word' id='word_1_776' title='bbox 2126 4950 2267 5020; x_wconf 85' lang='lat' dir='ltr'><strong>loqui</strong></span> <span class='ocrx_word' id='word_1_777' title='bbox 2297 4953 2575 5019; x_wconf 88' lang='lat' dir='ltr'><strong>oportebat</strong></span> <span class='ocrx_word' id='word_1_778' title='bbox 2606 4970 2618 5005; x_wconf 92' lang='lat'><strong>:</strong></span> <span class='ocrx_word' id='word_1_779' title='bbox 2651 4954 2873 5010; x_wconf 83' lang='lat' dir='ltr'><strong>Ubinam</strong></span> <span class='ocrx_word' id='word_1_780' title='bbox 2918 4955 3007 5009; x_wconf 89' lang='lat' dir='ltr'><strong>ille</strong></span> <span class='ocrx_word' id='word_1_781' title='bbox 3039 4963 3120 5008; x_wconf 86' lang='lat' dir='ltr'><strong>est</strong></span> <span class='ocrx_word' id='word_1_782' title='bbox 3165 4955 3254 5024; x_wconf 91' lang='lat' dir='ltr'><strong>qui</strong></span> <span class='ocrx_word' id='word_1_783' title='bbox 3300 4957 3440 5022; x_wconf 81' lang='lat' dir='ltr'><strong>regis</strong></span> 
     </span>
    </p>
   </div>
   <div class='ocr_carea' id='block_1_105' title="bbox 1873 5038 3440 5108">
    <p class='ocr_par' dir='ltr' id='par_1_105' title="bbox 1873 5038 3440 5108">
     <span class='ocr_line' id='line_1_105' title="bbox 1873 5038 3440 5108; baseline 0.005 -18"><span class='ocrx_word' id='word_1_784' title='bbox 1873 5038 2033 5092; x_wconf 81' lang='lat' dir='ltr'><strong>tilium</strong></span> <span class='ocrx_word' id='word_1_785' title='bbox 2064 5041 2130 5094; x_wconf 87' lang='lat' dir='ltr'><strong>ah</strong></span> <span class='ocrx_word' id='word_1_786' title='bbox 2156 5057 2338 5096; x_wconf 87' lang='lat' dir='ltr'><strong>errore</strong></span> <span class='ocrx_word' id='word_1_787' title='bbox 2369 5043 2420 5096; x_wconf 92' lang='lat' dir='ltr'><strong>in</strong></span> <span class='ocrx_word' id='word_1_788' title='bbox 2455 5043 2594 5096; x_wconf 84' lang='lat' dir='ltr'><strong>viam</strong></span> <span class='ocrx_word' id='word_1_789' title='bbox 2634 5045 2861 5108; x_wconf 84' lang='lat' dir='ltr'><strong>reduxit,</strong></span> <span class='ocrx_word' id='word_1_790' title='bbox 2894 5059 2955 5098; x_wconf 91' lang='lat' dir='ltr'><strong>ac</strong></span> <span class='ocrx_word' id='word_1_791' title='bbox 2985 5045 3157 5098; x_wconf 89' lang='lat' dir='ltr'><strong>salute</strong></span> <span class='ocrx_word' id='word_1_792' title='bbox 3183 5044 3440 5098; x_wconf 83' lang='lat' dir='ltr'><strong>donavit?</strong></span> 
     </span>
    </p>
   </div>
   <div class='ocr_carea' id='block_1_106' title="bbox 1869 5129 3438 5203">
    <p class='ocr_par' dir='ltr' id='par_1_106' title="bbox 1869 5129 3438 5203">
     <span class='ocr_line' id='line_1_106' title="bbox 1869 5129 3438 5203; baseline 0.002 -21"><span class='ocrx_word' id='word_1_793' title='bbox 1869 5129 1998 5183; x_wconf 77' lang='lat' dir='ltr'><strong>Nam</strong></span> <span class='ocrx_word' id='word_1_794' title='bbox 2026 5130 2112 5184; x_wconf 89' lang='lat' dir='ltr'><strong>ille</strong></span> <span class='ocrx_word' id='word_1_795' title='bbox 2145 5131 2306 5186; x_wconf 77' lang='lat' dir='ltr'><strong>frater</strong></span> <span class='ocrx_word' id='word_1_796' title='bbox 2333 5143 2511 5187; x_wconf 87' lang='lat' dir='ltr'><strong>noster</strong></span> <span class='ocrx_word' id='word_1_797' title='bbox 2540 5143 2640 5196; x_wconf 89' lang='lat' dir='ltr'><strong>est,</strong></span> <span class='ocrx_word' id='word_1_798' title='bbox 2674 5149 2735 5188; x_wconf 89' lang='lat' dir='ltr'><strong>ac</strong></span> <span class='ocrx_word' id='word_1_799' title='bbox 2763 5135 3020 5203; x_wconf 70' lang='lat' dir='ltr'><strong>religiosre</strong></span> <span class='ocrx_word' id='word_1_800' title='bbox 3041 5134 3438 5188; x_wconf 81' lang='lat' dir='ltr'><strong>exercitationis</strong></span> 
     </span>
    </p>
   </div>
   <div class='ocr_carea' id='block_1_107' title="bbox 1868 5221 3478 5292">
    <p class='ocr_par' dir='ltr' id='par_1_107' title="bbox 1868 5221 3478 5292">
     <span class='ocr_line' id='line_1_107' title="bbox 1868 5221 3478 5292; baseline 0.004 -20"><span class='ocrx_word' id='word_1_801' title='bbox 1868 5221 2062 5273; x_wconf 82' lang='lat' dir='ltr'><strong>socius.</strong></span> <span class='ocrx_word' id='word_1_802' title='bbox 2092 5221 2240 5276; x_wconf 74' lang='lat' dir='ltr'><strong>Mulli</strong></span> <span class='ocrx_word' id='word_1_803' title='bbox 2274 5231 2450 5276; x_wconf 89' lang='lat' dir='ltr'><strong>autem</strong></span> <span class='ocrx_word' id='word_1_804' title='bbox 2487 5223 2596 5292; x_wconf 87' lang='lat' dir='ltr'><strong>jam</strong></span> <span class='ocrx_word' id='word_1_805' title='bbox 2633 5224 2748 5279; x_wconf 86' lang='lat' dir='ltr'><strong>dies</strong></span> <span class='ocrx_word' id='word_1_806' title='bbox 2783 5231 2906 5278; x_wconf 89' lang='lat' dir='ltr'><strong>sunt</strong></span> <span class='ocrx_word' id='word_1_807' title='bbox 2932 5239 3050 5278; x_wconf 88' lang='lat' dir='ltr'><strong>cum</strong></span> <span class='ocrx_word' id='word_1_808' title='bbox 3081 5238 3200 5279; x_wconf 89' lang='lat' dir='ltr'><strong>eum</strong></span> <span class='ocrx_word' id='word_1_809' title='bbox 3227 5239 3330 5278; x_wconf 87' lang='lat' dir='ltr'><strong>non</strong></span> <span class='ocrx_word' id='word_1_810' title='bbox 3359 5225 3438 5278; x_wconf 90' lang='lat' dir='ltr'><strong>vi-</strong></span> <span class='ocrx_word' id='word_1_811' title='bbox 3476 5240 3478 5242; x_wconf 48' lang='grc' dir='ltr'><strong>ν</strong></span> 
     </span>
    </p>
   </div>
   <div class='ocr_carea' id='block_1_108' title="bbox 269 5361 1781 5466">
    <p class='ocr_par' dir='ltr' id='par_1_108' title="bbox 269 5361 1781 5466">
     <span class='ocr_line' id='line_1_108' title="bbox 269 5361 1781 5438; baseline 0.011 -25"><span class='ocrx_word' id='word_1_812' title='bbox 269 5361 350 5432; x_wconf 85' lang='grc'><strong>(6)</strong></span> <span class='ocrx_word' id='word_1_813' title='bbox 385 5362 428 5414; x_wconf 80' lang='grc' dir='ltr'><strong>Α</strong></span> <span class='ocrx_word' id='word_1_814' title='bbox 458 5362 575 5416; x_wconf 87' lang='lat' dir='ltr'><strong>sine</strong></span> <span class='ocrx_word' id='word_1_815' title='bbox 595 5367 996 5435; x_wconf 70' lang='lat' dir='ltr'><strong>praepositione,</strong></span> <span class='ocrx_word' id='word_1_816' title='bbox 1029 5371 1278 5438; x_wconf 82' lang='grc' dir='ltr'>ὁδεύσας.</span> <span class='ocrx_word' id='word_1_817' title='bbox 1315 5373 1526 5430; x_wconf 75' lang='lat' dir='ltr'><strong>l’sellus</strong></span> <span class='ocrx_word' id='word_1_818' title='bbox 1554 5375 1631 5429; x_wconf 91' lang='lat' dir='ltr'><strong>De</strong></span> <span class='ocrx_word' id='word_1_819' title='bbox 1660 5377 1781 5432; x_wconf 75' lang='lat' dir='ltr'><strong>dam</strong></span> 
     </span>
     <span class='ocr_line' id='line_1_109' title="bbox 269 5433 1773 5466; baseline 0 0"><span class='ocrx_word' id='word_1_820' title='bbox 269 5433 365 5466; x_wconf 65' lang='grc' dir='ltr'><strong>,1ο-</strong></span> <span class='ocrx_word' id='word_1_821' title='bbox 409 5433 546 5466; x_wconf 70' lang='lat' dir='ltr'><strong>nun</strong></span> <span class='ocrx_word' id='word_1_822' title='bbox 611 5434 979 5466; x_wconf 63' lang='lat' dir='ltr'><strong>A-.-...&#39;.r--_.</strong></span> <span class='ocrx_word' id='word_1_823' title='bbox 1050 5441 1255 5466; x_wconf 74' lang='lat' dir='ltr'><strong>D..--..-</strong></span> <span class='ocrx_word' id='word_1_824' title='bbox 1290 5459 1392 5466; x_wconf 59' lang='grc' dir='ltr'><strong>η-..</strong></span> <span class='ocrx_word' id='word_1_825' title='bbox 1446 5445 1511 5466; x_wconf 64' lang='grc' dir='ltr'><strong>μη</strong></span> <span class='ocrx_word' id='word_1_826' title='bbox 1544 5463 1554 5466; x_wconf 91' lang='grc'><strong>-</strong></span> <span class='ocrx_word' id='word_1_827' title='bbox 1603 5447 1706 5466; x_wconf 54' lang='lat' dir='ltr'><strong>my,</strong></span> <span class='ocrx_word' id='word_1_828' title='bbox 1761 5449 1773 5466; x_wconf 69' lang='grc' dir='ltr'><strong><em>ς</em></strong></span> 
     </span>
    </p>
   </div>
   <div class='ocr_carea' id='block_1_109' title="bbox 1881 5361 3449 5466">
    <p class='ocr_par' dir='ltr' id='par_1_109' title="bbox 1881 5381 3449 5466">
     <span class='ocr_line' id='line_1_110' title="bbox 1881 5381 3449 5466; baseline 0.011 -31"><span class='ocrx_word' id='word_1_829' title='bbox 1881 5422 1888 5435; x_wconf 84' lang='grc'><strong>,</strong></span> <span class='ocrx_word' id='word_1_830' title='bbox 1920 5396 2042 5451; x_wconf 80' lang='lat' dir='ltr'><strong>pag.</strong></span> <span class='ocrx_word' id='word_1_831' title='bbox 2066 5382 2180 5462; x_wconf 72' lang='lat'><strong>54_:</strong></span> <span class='ocrx_word' id='word_1_832' title='bbox 2215 5381 2486 5466; x_wconf 42' lang='grc' dir='ltr'>κλόνον.ού</span> <span class='ocrx_word' id='word_1_833' title='bbox 2520 5387 2741 5466; x_wconf 82' lang='grc' dir='ltr'>μέτριον</span> <span class='ocrx_word' id='word_1_834' title='bbox 2766 5390 3085 5466; x_wconf 71' lang='grc' dir='ltr'>ἐργάζεται.</span> <span class='ocrx_word' id='word_1_835' title='bbox 3131 5392 3205 5449; x_wconf 89' lang='lat' dir='ltr'><strong>lbi</strong></span> <span class='ocrx_word' id='word_1_836' title='bbox 3239 5396 3449 5466; x_wconf 85' lang='lat' dir='ltr'><strong>plenius</strong></span> 
     </span>
    </p>
   </div>
   <div class='ocr_carea' id='block_1_110' title="bbox 200 5433 1781 5533">
    <p class='ocr_par' dir='ltr' id='par_1_110' title="bbox 200 5433 1781 5533">
     <span class='ocr_line' id='line_1_111' title="bbox 200 5433 1781 5533; baseline 0.013 -52"><span class='ocrx_word' id='word_1_837' title='bbox 200 5433 368 5533; x_wconf 60' lang='lat' dir='ltr'><strong>godex</strong></span> <span class='ocrx_word' id='word_1_838' title='bbox 397 5433 566 5522; x_wconf 49' lang='lat'><strong>1510,</strong></span> <span class='ocrx_word' id='word_1_839' title='bbox 609 5433 1006 5508; x_wconf 73' lang='grc' dir='ltr'>ἀπεργάζεται.</span> <span class='ocrx_word' id='word_1_840' title='bbox 1049 5433 1258 5500; x_wconf 77' lang='lat' dir='ltr'><strong>Rursus</strong></span> <span class='ocrx_word' id='word_1_841' title='bbox 1289 5459 1414 5515; x_wconf 88' lang='lat' dir='ltr'><strong>pag.</strong></span> <span class='ocrx_word' id='word_1_842' title='bbox 1443 5445 1511 5500; x_wconf 86' lang='lat'><strong>57</strong></span> <span class='ocrx_word' id='word_1_843' title='bbox 1544 5463 1556 5498; x_wconf 90' lang='lat'>:</span> <span class='ocrx_word' id='word_1_844' title='bbox 1603 5447 1708 5500; x_wconf 85' lang='grc' dir='ltr'>Τὸν</span> <span class='ocrx_word' id='word_1_845' title='bbox 1751 5449 1781 5502; x_wconf 86' lang='grc' dir='ltr'><em>ἁ</em></span> 
     </span>
    </p>
   </div>
   <div class='ocr_carea' id='block_1_111' title="bbox 1881 5433 3445 5533">
    <p class='ocr_par' dir='ltr' id='par_1_111' title="bbox 1881 5433 3445 5533">
     <span class='ocr_line' id='line_1_112' title="bbox 1881 5433 3445 5452; baseline 0.007 -14"><span class='ocrx_word' id='word_1_846' title='bbox 1881 5433 1885 5435; x_wconf 94' lang='grc'>.</span> <span class='ocrx_word' id='word_1_847' title='bbox 1938 5433 1941 5434; x_wconf 36' lang='grc' dir='ltr'><strong>ν</strong></span> <span class='ocrx_word' id='word_1_848' title='bbox 2431 5433 2480 5438; x_wconf 75' lang='lat'><strong>--</strong></span> <span class='ocrx_word' id='word_1_849' title='bbox 2565 5433 2618 5440; x_wconf 84' lang='grc'><strong>--</strong></span> <span class='ocrx_word' id='word_1_850' title='bbox 2666 5433 2736 5440; x_wconf 81' lang='lat'><strong>--.</strong></span> <span class='ocrx_word' id='word_1_851' title='bbox 2774 5433 2798 5441; x_wconf 82' lang='lat'><strong>-</strong></span> <span class='ocrx_word' id='word_1_852' title='bbox 2878 5433 2910 5443; x_wconf 81' lang='grc'><strong>.-</strong></span> <span class='ocrx_word' id='word_1_853' title='bbox 2950 5433 3085 5447; x_wconf 72' lang='lat'><strong>-.....</strong></span> <span class='ocrx_word' id='word_1_854' title='bbox 3131 5433 3205 5449; x_wconf 74' lang='grc' dir='ltr'><strong>..η</strong></span> <span class='ocrx_word' id='word_1_855' title='bbox 3257 5433 3445 5452; x_wconf 61' lang='grc' dir='ltr'><strong>..υ-...ιε</strong></span> 
     </span>
     <span class='ocr_line' id='line_1_113' title="bbox 1881 5433 3445 5533; baseline 0.011 -28"><span class='ocrx_word' id='word_1_856' title='bbox 1881 5433 1947 5505; x_wconf 77' lang='grc' dir='ltr'><strong>τὰ</strong></span> <span class='ocrx_word' id='word_1_857' title='bbox 1990 5433 2172 5522; x_wconf 58' lang='grc' dir='ltr'>ῖεκρῷ</span> <span class='ocrx_word' id='word_1_858' title='bbox 2207 5433 2596 5525; x_wconf 61' lang='grc' dir='ltr'>παραπλήσιὀν</span> <span class='ocrx_word' id='word_1_859' title='bbox 2629 5433 2973 5528; x_wconf 53' lang='grc' dir='ltr'>Γέργάξεταῖο</span> <span class='ocrx_word' id='word_1_860' title='bbox 3028 5479 3212 5520; x_wconf 84' lang='lat' dir='ltr'><strong>rursus</strong></span> <span class='ocrx_word' id='word_1_861' title='bbox 3240 5433 3445 5533; x_wconf 61' lang='lat' dir='ltr'><strong>Icodex,</strong></span> 
     </span>
    </p>
   </div>
   <div class='ocr_carea' id='block_1_112' title="bbox 195 5501 596 5621">
    <p class='ocr_par' dir='ltr' id='par_1_112' title="bbox 195 5501 596 5621">
     <span class='ocr_line' id='line_1_114' title="bbox 195 5501 596 5621; baseline 0.017 -71"><span class='ocrx_word' id='word_1_862' title='bbox 195 5501 596 5621; x_wconf 64' lang='grc' dir='ltr'>ἀπεργάζεται.</span> 
     </span>
     <span class='ocr_line' id='line_1_115' title="bbox 266 5571 596 5621; baseline 0 0"><span class='ocrx_word' id='word_1_863' title='bbox 266 5571 284 5621; x_wconf 73' lang='grc' dir='ltr'><strong>ί</strong></span> <span class='ocrx_word' id='word_1_864' title='bbox 335 5573 442 5621; x_wconf 71' lang='grc' dir='ltr'><strong>ιι)-</strong></span> <span class='ocrx_word' id='word_1_865' title='bbox 486 5575 596 5621; x_wconf 61' lang='lat' dir='ltr'><strong>arm</strong></span> 
     </span>
    </p>
   </div>
   <div class='ocr_carea' id='block_1_113' title="bbox 266 5571 790 5646">
    <p class='ocr_par' dir='ltr' id='par_1_113' title="bbox 266 5571 790 5646">
     <span class='ocr_line' id='line_1_116' title="bbox 266 5571 790 5646; baseline 0.023 -26"><span class='ocrx_word' id='word_1_866' title='bbox 266 5571 346 5646; x_wconf 57' lang='grc' dir='ltr'><strong>(ἶ)</strong></span> <span class='ocrx_word' id='word_1_867' title='bbox 486 5574 790 5646; x_wconf 82' lang='grc' dir='ltr'>σήμανδρα.</span> 
     </span>
    </p>
   </div>
   <div class='ocr_carea' id='block_1_114' title="bbox 273 5640 3446 5752">
    <p class='ocr_par' dir='ltr' id='par_1_114' title="bbox 273 5640 3446 5752">
     <span class='ocr_line' id='line_1_117' title="bbox 273 5640 3446 5752; baseline 0.005 0"><span class='ocrx_word' id='word_1_868' title='bbox 273 5640 1958 5752; x_wconf 52' lang='grc' dir='ltr'><strong>(Ξ)ἓἐῑὶνὲίέῗὶξςνιέἔέἳξεξὲηνὲῑξέίῑὲρῖο,ιῑιξῐξξ,ιξειιῑῑυιιὶξὶρηςτει.</strong></span> <span class='ocrx_word' id='word_1_869' title='bbox 1976 5664 2130 5752; x_wconf 58' lang='lat' dir='ltr'><strong>estsi</strong></span> <span class='ocrx_word' id='word_1_870' title='bbox 2155 5663 2504 5752; x_wconf 49' lang='lat' dir='ltr'><strong>emissae</strong></span> <span class='ocrx_word' id='word_1_871' title='bbox 2525 5665 2646 5751; x_wconf 55' lang='lat'><strong>1.5%-</strong></span> <span class='ocrx_word' id='word_1_872' title='bbox 2684 5667 2860 5740; x_wconf 67' lang='grc' dir='ltr'><strong>ινιιιιε</strong></span> <span class='ocrx_word' id='word_1_873' title='bbox 2889 5670 2961 5752; x_wconf 63' lang='grc' dir='ltr'><strong>βο</strong></span> <span class='ocrx_word' id='word_1_874' title='bbox 2991 5681 3095 5729; x_wconf 73' lang='grc' dir='ltr'><strong>οειο</strong></span> <span class='ocrx_word' id='word_1_875' title='bbox 3124 5690 3178 5743; x_wconf 71' lang='grc' dir='ltr'><strong>ι’·</strong></span> <span class='ocrx_word' id='word_1_876' title='bbox 3210 5676 3284 5732; x_wconf 64' lang='grc' dir='ltr'><strong>ετ</strong></span> <span class='ocrx_word' id='word_1_877' title='bbox 3331 5675 3446 5732; x_wconf 69' lang='grc' dir='ltr'>ἰπο</span> 
     </span>
    </p>
   </div>
   <div class='ocr_carea' id='block_1_115' title="bbox 199 5711 1781 5811">
    <p class='ocr_par' dir='ltr' id='par_1_115' title="bbox 199 5711 1781 5811">
     <span class='ocr_line' id='line_1_118' title="bbox 199 5711 1781 5811; baseline 0.015 -54"><span class='ocrx_word' id='word_1_878' title='bbox 447 5712 655 5811; x_wconf 40' lang='lat' dir='ltr'><strong>api-71v</strong></span> <span class='ocrx_word' id='word_1_879' title='bbox 683 5718 745 5772; x_wconf 84' lang='grc' dir='ltr'><strong>τὸ</strong></span> <span class='ocrx_word' id='word_1_880' title='bbox 774 5711 1077 5793; x_wconf 57' lang='grc' dir='ltr'>γενόμενον</span> <span class='ocrx_word' id='word_1_881' title='bbox 1101 5711 1308 5796; x_wconf 77' lang='grc' dir='ltr'>σχῆμα.</span> <span class='ocrx_word' id='word_1_882' title='bbox 1341 5711 1687 5796; x_wconf 70' lang='lat' dir='ltr'><strong>lionjectura,</strong></span> <span class='ocrx_word' id='word_1_883' title='bbox 1721 5711 1781 5798; x_wconf 69' lang='lat' dir='ltr'><strong>qu</strong></span> 
     </span>
    </p>
   </div>
   <div class='ocr_carea' id='block_1_116' title="bbox 1881 5711 3448 5811">
    <p class='ocr_par' dir='ltr' id='par_1_116' title="bbox 1881 5711 3448 5811">
     <span class='ocr_line' id='line_1_119' title="bbox 1883 5711 3446 5732; baseline 0.012 -20"><span class='ocrx_word' id='word_1_884' title='bbox 1977 5711 2068 5716; x_wconf 42' lang='grc' dir='ltr'>τη</span> <span class='ocrx_word' id='word_1_885' title='bbox 2472 5711 2504 5719; x_wconf 84' lang='grc'><strong>..</strong></span> <span class='ocrx_word' id='word_1_886' title='bbox 2531 5711 2646 5721; x_wconf 67' lang='lat'><strong>--_.</strong></span> <span class='ocrx_word' id='word_1_887' title='bbox 2684 5711 2722 5722; x_wconf 81' lang='grc'><strong>..</strong></span> <span class='ocrx_word' id='word_1_888' title='bbox 2764 5711 2860 5724; x_wconf 64' lang='grc' dir='ltr'><strong>...ω</strong></span> <span class='ocrx_word' id='word_1_889' title='bbox 2890 5711 2961 5726; x_wconf 70' lang='grc' dir='ltr'><strong>υυ</strong></span> <span class='ocrx_word' id='word_1_890' title='bbox 2992 5711 3095 5729; x_wconf 62' lang='grc' dir='ltr'><strong>υς..</strong></span> <span class='ocrx_word' id='word_1_891' title='bbox 3143 5711 3178 5730; x_wconf 90' lang='lat'><strong>..</strong></span> <span class='ocrx_word' id='word_1_892' title='bbox 3213 5711 3246 5732; x_wconf 69' lang='grc' dir='ltr'>ε.</span> <span class='ocrx_word' id='word_1_893' title='bbox 3272 5717 3284 5731; x_wconf 93' lang='grc'><strong>.</strong></span> <span class='ocrx_word' id='word_1_894' title='bbox 3351 5711 3446 5732; x_wconf 66' lang='grc' dir='ltr'>,ιι-</span> 
     </span>
     <span class='ocr_line' id='line_1_120' title="bbox 1881 5711 3448 5811; baseline 0.015 -28"><span class='ocrx_word' id='word_1_895' title='bbox 1881 5732 1958 5787; x_wconf 72' lang='lat' dir='ltr'><strong>“uit</strong></span> <span class='ocrx_word' id='word_1_896' title='bbox 1990 5735 2056 5787; x_wconf 87' lang='lat' dir='ltr'><strong>ibi</strong></span> <span class='ocrx_word' id='word_1_897' title='bbox 2081 5711 2352 5803; x_wconf 56' lang='lat' dir='ltr'><strong>proposita</strong></span> <span class='ocrx_word' id='word_1_898' title='bbox 2377 5779 2390 5802; x_wconf 93' lang='lat'><strong>,</strong></span> <span class='ocrx_word' id='word_1_899' title='bbox 2429 5711 2747 5808; x_wconf 56' lang='grc' dir='ltr'>ὶῘε-(ὁμενονί</span> <span class='ocrx_word' id='word_1_900' title='bbox 2768 5743 3076 5811; x_wconf 83' lang='lat' dir='ltr'><strong>ncutiquam</strong></span> <span class='ocrx_word' id='word_1_901' title='bbox 3107 5711 3226 5804; x_wconf 58' lang='lat' dir='ltr'><strong>esse</strong></span> <span class='ocrx_word' id='word_1_902' title='bbox 3262 5763 3448 5806; x_wconf 86' lang='lat' dir='ltr'><strong>neces-</strong></span> 
     </span>
    </p>
   </div>
   <div class='ocr_carea' id='block_1_117' title="bbox 199 5780 604 5841">
    <p class='ocr_par' dir='ltr' id='par_1_117' title="bbox 199 5780 604 5841">
     <span class='ocr_line' id='line_1_121' title="bbox 199 5780 604 5841; baseline 0.03 -12"><span class='ocrx_word' id='word_1_903' title='bbox 199 5780 341 5834; x_wconf 67' lang='lat' dir='ltr'><strong>mria</strong></span> <span class='ocrx_word' id='word_1_904' title='bbox 375 5783 604 5841; x_wconf 85' lang='lat' dir='ltr'><strong>videtur.</strong></span> 
     </span>
    </p>
   </div>
  </div>
