  <div class='ocr_page' id='page_1' title='image "/cluster/home/n/w/nwhite01/storage/ocr_20150623/96/hvd.32044019208065/538.png"; bbox 0 0 4042 6440; ppageno 0'>
   <div class='ocr_carea' id='block_1_1' title="bbox 221 415 375 481">
    <p class='ocr_par' dir='ltr' id='par_1_1' title="bbox 221 415 375 481">
     <span class='ocr_line' id='line_1_1' title="bbox 221 415 375 481; baseline 0.019 -3"><span class='ocrx_word' id='word_1_1' title='bbox 221 415 375 481; x_wconf 84' lang='grc'><strong>1065</strong></span> 
     </span>
    </p>
   </div>
   <div class='ocr_carea' id='block_1_2' title="bbox 1322 417 2403 482">
    <p class='ocr_par' dir='ltr' id='par_1_2' title="bbox 1322 417 2403 482">
     <span class='ocr_line' id='line_1_2' title="bbox 1322 417 2403 482; baseline -0.006 0"><span class='ocrx_word' id='word_1_2' title='bbox 1322 423 1493 482; x_wconf 81' lang='lat' dir='ltr'><strong>VlTA</strong></span> <span class='ocrx_word' id='word_1_3' title='bbox 1534 417 1890 482; x_wconf 78' lang='lat' dir='ltr'><strong>BARLAAM</strong></span> <span class='ocrx_word' id='word_1_4' title='bbox 1926 417 2020 476; x_wconf 87' lang='lat' dir='ltr'><strong>ET</strong></span> <span class='ocrx_word' id='word_1_5' title='bbox 2056 417 2403 477; x_wconf 86' lang='lat' dir='ltr'><strong>JOASAPH.</strong></span> 
     </span>
    </p>
   </div>
   <div class='ocr_carea' id='block_1_3' title="bbox 3328 423 3462 489">
    <p class='ocr_par' dir='ltr' id='par_1_3' title="bbox 3328 423 3462 489">
     <span class='ocr_line' id='line_1_3' title="bbox 3328 423 3462 489; baseline -0.015 0"><span class='ocrx_word' id='word_1_6' title='bbox 3328 423 3462 489; x_wconf 80' lang='lat'><strong>1066</strong></span> 
     </span>
    </p>
   </div>
   <div class='ocr_carea' id='block_1_4' title="bbox 209 517 1809 614">
    <p class='ocr_par' dir='ltr' id='par_1_4' title="bbox 209 534 1809 609">
     <span class='ocr_line' id='line_1_4' title="bbox 209 534 1809 609; baseline 0.001 -22"><span class='ocrx_word' id='word_1_7' title='bbox 209 535 521 598; x_wconf 79' lang='grc' dir='ltr'>κοπέντας,</span> <span class='ocrx_word' id='word_1_8' title='bbox 554 535 706 606; x_wconf 86' lang='grc' dir='ltr'>μόλις</span> <span class='ocrx_word' id='word_1_9' title='bbox 726 534 825 606; x_wconf 75' lang='grc' dir='ltr'>τῆς</span> <span class='ocrx_word' id='word_1_10' title='bbox 854 536 1055 607; x_wconf 84' lang='grc' dir='ltr'>πολλῆς</span> <span class='ocrx_word' id='word_1_11' title='bbox 1086 539 1395 606; x_wconf 78' lang='grc' dir='ltr'>ἀνενεγκὼν</span> <span class='ocrx_word' id='word_1_12' title='bbox 1425 539 1643 609; x_wconf 87' lang='grc' dir='ltr'>μανίας,</span> <span class='ocrx_word' id='word_1_13' title='bbox 1673 536 1809 590; x_wconf 86' lang='grc' dir='ltr'>παύ-</span> 
     </span>
    </p>
   </div>
   <div class='ocr_carea' id='block_1_5' title="bbox 1914 517 3484 614">
    <p class='ocr_par' dir='ltr' id='par_1_5' title="bbox 1924 518 3484 614">
     <span class='ocr_line' id='line_1_5' title="bbox 1924 518 3484 614; baseline 0 -16"><span class='ocrx_word' id='word_1_14' title='bbox 1924 554 2274 614; x_wconf 79' lang='lat' dir='ltr'><strong>posteaquam</strong></span> <span class='ocrx_word' id='word_1_15' title='bbox 2292 544 2459 613; x_wconf 79' lang='lat' dir='ltr'><strong>plagis</strong></span> <span class='ocrx_word' id='word_1_16' title='bbox 2482 552 2713 596; x_wconf 88' lang='lat' dir='ltr'><strong>atrocem</strong></span> <span class='ocrx_word' id='word_1_17' title='bbox 2741 544 2790 596; x_wconf 91' lang='lat' dir='ltr'><strong>in</strong></span> <span class='ocrx_word' id='word_1_18' title='bbox 2820 545 3034 598; x_wconf 85' lang='lat' dir='ltr'><strong>modum</strong></span> <span class='ocrx_word' id='word_1_19' title='bbox 3064 518 3306 598; x_wconf 61' lang='lat' dir='ltr'><strong>concisos</strong></span> <span class='ocrx_word' id='word_1_20' title='bbox 3331 544 3484 609; x_wconf 70' lang='lat' dir='ltr'><strong>vidit,</strong></span> 
     </span>
    </p>
   </div>
   <div class='ocr_carea' id='block_1_6' title="bbox 205 626 1808 700">
    <p class='ocr_par' dir='ltr' id='par_1_6' title="bbox 205 626 1808 700">
     <span class='ocr_line' id='line_1_6' title="bbox 205 626 1808 700; baseline 0.002 -22"><span class='ocrx_word' id='word_1_21' title='bbox 205 626 429 681; x_wconf 77' lang='grc' dir='ltr'>σασθαι</span> <span class='ocrx_word' id='word_1_22' title='bbox 467 628 597 689; x_wconf 84' lang='grc' dir='ltr'>τοὺς</span> <span class='ocrx_word' id='word_1_23' title='bbox 626 626 929 693; x_wconf 79' lang='grc' dir='ltr'>τύπτοντας</span> <span class='ocrx_word' id='word_1_24' title='bbox 964 629 1198 683; x_wconf 83' lang='grc' dir='ltr'>κελεύει.</span> <span class='ocrx_word' id='word_1_25' title='bbox 1238 629 1347 682; x_wconf 86' lang='grc' dir='ltr'>Καί</span> <span class='ocrx_word' id='word_1_26' title='bbox 1382 647 1514 699; x_wconf 77' lang='grc' dir='ltr'>φησι</span> <span class='ocrx_word' id='word_1_27' title='bbox 1546 628 1682 700; x_wconf 66' lang='grc' dir='ltr'>πρὸς</span> <span class='ocrx_word' id='word_1_28' title='bbox 1711 630 1808 682; x_wconf 83' lang='grc' dir='ltr'>αύ-</span> 
     </span>
    </p>
   </div>
   <div class='ocr_carea' id='block_1_7' title="bbox 202 716 1804 789">
    <p class='ocr_par' dir='ltr' id='par_1_7' title="bbox 202 716 1804 789">
     <span class='ocr_line' id='line_1_7' title="bbox 202 716 1804 789; baseline 0.002 -22"><span class='ocrx_word' id='word_1_29' title='bbox 202 716 349 779; x_wconf 78' lang='grc' dir='ltr'>τούς</span> <span class='ocrx_word' id='word_1_30' title='bbox 376 732 389 745; x_wconf 94' lang='grc'><strong>·</strong></span> <span class='ocrx_word' id='word_1_31' title='bbox 422 716 486 768; x_wconf 86' lang='grc' dir='ltr'>Τί</span> <span class='ocrx_word' id='word_1_32' title='bbox 526 717 594 769; x_wconf 83' lang='grc' dir='ltr'>τὰ</span> <span class='ocrx_word' id='word_1_33' title='bbox 622 718 754 770; x_wconf 84' lang='grc' dir='ltr'>ὀστᾶ</span> <span class='ocrx_word' id='word_1_34' title='bbox 779 717 948 771; x_wconf 87' lang='grc' dir='ltr'>ταῦτα</span> <span class='ocrx_word' id='word_1_35' title='bbox 977 719 1085 771; x_wconf 82' lang='grc' dir='ltr'>τῶν</span> <span class='ocrx_word' id='word_1_36' title='bbox 1116 719 1427 773; x_wconf 82' lang='grc' dir='ltr'><strong>τεθνεώτων</strong></span> <span class='ocrx_word' id='word_1_37' title='bbox 1456 720 1804 789; x_wconf 75' lang='grc' dir='ltr'>περιφέρετες</span> 
     </span>
    </p>
   </div>
   <div class='ocr_carea' id='block_1_8' title="bbox 201 799 1803 879">
    <p class='ocr_par' dir='ltr' id='par_1_8' title="bbox 201 799 1803 879">
     <span class='ocr_line' id='line_1_8' title="bbox 201 799 1803 879; baseline 0.004 -22"><span class='ocrx_word' id='word_1_38' title='bbox 201 807 282 866; x_wconf 83' lang='grc' dir='ltr'>εἰ.</span> <span class='ocrx_word' id='word_1_39' title='bbox 325 799 401 859; x_wconf 80' lang='grc' dir='ltr'>ὧν</span> <span class='ocrx_word' id='word_1_40' title='bbox 443 806 512 859; x_wconf 78' lang='grc' dir='ltr'><strong>τά</strong></span> <span class='ocrx_word' id='word_1_41' title='bbox 547 808 681 860; x_wconf 75' lang='grc' dir='ltr'>ὀστᾶ</span> <span class='ocrx_word' id='word_1_42' title='bbox 729 809 836 860; x_wconf 88' lang='grc' dir='ltr'>είσι</span> <span class='ocrx_word' id='word_1_43' title='bbox 880 808 1212 872; x_wconf 89' lang='grc' dir='ltr'>ποθοῦντες,</span> <span class='ocrx_word' id='word_1_44' title='bbox 1262 809 1435 863; x_wconf 87' lang='grc' dir='ltr'>ταῦτα</span> <span class='ocrx_word' id='word_1_45' title='bbox 1472 809 1803 879; x_wconf 72' lang='grc' dir='ltr'><strong>βαστάζετε,</strong></span> 
     </span>
    </p>
   </div>
   <div class='ocr_carea' id='block_1_9' title="bbox 200 893 1803 967">
    <p class='ocr_par' dir='ltr' id='par_1_9' title="bbox 200 893 1803 967">
     <span class='ocr_line' id='line_1_9' title="bbox 200 893 1803 967; baseline 0.005 -22"><span class='ocrx_word' id='word_1_46' title='bbox 200 893 392 965; x_wconf 84' lang='grc' dir='ltr'>ταύτῃ</span> <span class='ocrx_word' id='word_1_47' title='bbox 418 897 484 965; x_wconf 83' lang='grc' dir='ltr'>τῇ</span> <span class='ocrx_word' id='word_1_48' title='bbox 529 894 649 967; x_wconf 79' lang='grc' dir='ltr'>ὥρᾳ</span> <span class='ocrx_word' id='word_1_49' title='bbox 691 895 930 967; x_wconf 80' lang='grc' dir='ltr'><strong>θήσομαι</strong></span> <span class='ocrx_word' id='word_1_50' title='bbox 964 899 1061 950; x_wconf 76' lang='grc' dir='ltr'>καὶ</span> <span class='ocrx_word' id='word_1_51' title='bbox 1093 897 1242 967; x_wconf 81' lang='grc' dir='ltr'>ὑμᾶς</span> <span class='ocrx_word' id='word_1_52' title='bbox 1279 898 1640 967; x_wconf 83' lang='grc' dir='ltr'>μετ”αύτῶν,</span> <span class='ocrx_word' id='word_1_53' title='bbox 1675 898 1761 953; x_wconf 81' lang='grc' dir='ltr'>ἵνα</span> <span class='ocrx_word' id='word_1_54' title='bbox 1787 938 1803 962; x_wconf 91' lang='grc'><strong>,</strong></span> 
     </span>
    </p>
   </div>
   <div class='ocr_carea' id='block_1_10' title="bbox 200 986 1803 1060">
    <p class='ocr_par' dir='ltr' id='par_1_10' title="bbox 200 986 1803 1060">
     <span class='ocr_line' id='line_1_10' title="bbox 200 986 1803 1060; baseline 0.004 -23"><span class='ocrx_word' id='word_1_55' title='bbox 200 987 329 1039; x_wconf 80' lang='grc' dir='ltr'><strong>τῶν</strong></span> <span class='ocrx_word' id='word_1_56' title='bbox 368 986 720 1057; x_wconf 87' lang='grc' dir='ltr'>ποθουμένων</span> <span class='ocrx_word' id='word_1_57' title='bbox 754 988 1047 1058; x_wconf 83' lang='grc' dir='ltr'><strong>τυχόντες,</strong></span> <span class='ocrx_word' id='word_1_58' title='bbox 1080 990 1244 1059; x_wconf 83' lang='grc' dir='ltr'>χάριν</span> <span class='ocrx_word' id='word_1_59' title='bbox 1284 1006 1374 1059; x_wconf 72' lang='grc' dir='ltr'><strong>μοι</strong></span> <span class='ocrx_word' id='word_1_60' title='bbox 1411 990 1803 1060; x_wconf 82' lang='grc' dir='ltr'>ὁμολογήσητε.</span> 
     </span>
    </p>
   </div>
   <div class='ocr_carea' id='block_1_11' title="bbox 214 1075 1835 1152">
    <p class='ocr_par' dir='ltr' id='par_1_11' title="bbox 214 1075 1835 1152">
     <span class='ocr_line' id='line_1_11' title="bbox 214 1075 1835 1152; baseline 0.004 -23"><span class='ocrx_word' id='word_1_61' title='bbox 214 1075 280 1129; x_wconf 86' lang='lat' dir='ltr'><strong>&#39;O</strong></span> <span class='ocrx_word' id='word_1_62' title='bbox 314 1078 375 1130; x_wconf 80' lang='grc' dir='ltr'>δὲ</span> <span class='ocrx_word' id='word_1_63' title='bbox 403 1079 501 1147; x_wconf 82' lang='grc' dir='ltr'>τῆς</span> <span class='ocrx_word' id='word_1_64' title='bbox 534 1078 685 1143; x_wconf 82' lang='grc' dir='ltr'>θείας</span> <span class='ocrx_word' id='word_1_65' title='bbox 729 1080 947 1151; x_wconf 83' lang='grc' dir='ltr'>ἐκείνης</span> <span class='ocrx_word' id='word_1_66' title='bbox 978 1080 1254 1149; x_wconf 82' lang='grc' dir='ltr'><strong>φάλαγγος</strong></span> <span class='ocrx_word' id='word_1_67' title='bbox 1284 1080 1512 1152; x_wconf 75' lang='grc' dir='ltr'>ἔξαρχος</span> <span class='ocrx_word' id='word_1_68' title='bbox 1544 1082 1638 1136; x_wconf 78' lang='grc' dir='ltr'>καὶ</span> <span class='ocrx_word' id='word_1_69' title='bbox 1668 1082 1806 1136; x_wconf 86' lang='grc' dir='ltr'>καθ·</span> <span class='ocrx_word' id='word_1_70' title='bbox 1834 1078 1835 1081; x_wconf 39' lang='grc'><em>“</em></span> 
     </span>
    </p>
   </div>
   <div class='ocr_carea' id='block_1_12' title="bbox 200 1170 1805 1244">
    <p class='ocr_par' dir='ltr' id='par_1_12' title="bbox 200 1170 1805 1244">
     <span class='ocr_line' id='line_1_12' title="bbox 200 1170 1805 1244; baseline 0.003 -24"><span class='ocrx_word' id='word_1_71' title='bbox 200 1170 432 1239; x_wconf 77' lang='grc' dir='ltr'>ηγητής</span> <span class='ocrx_word' id='word_1_72' title='bbox 491 1171 620 1239; x_wconf 80' lang='grc' dir='ltr'>παρ’</span> <span class='ocrx_word' id='word_1_73' title='bbox 675 1171 828 1224; x_wconf 78' lang='grc' dir='ltr'>οὐδὲν</span> <span class='ocrx_word' id='word_1_74' title='bbox 887 1171 985 1234; x_wconf 84' lang='grc' dir='ltr'><strong>τὰς</strong></span> <span class='ocrx_word' id='word_1_75' title='bbox 1043 1170 1139 1224; x_wconf 92' lang='grc' dir='ltr'><strong>τοῦ</strong></span> <span class='ocrx_word' id='word_1_76' title='bbox 1205 1171 1469 1241; x_wconf 87' lang='grc' dir='ltr'>βασιλέως</span> <span class='ocrx_word' id='word_1_77' title='bbox 1524 1174 1805 1244; x_wconf 78' lang='grc' dir='ltr'><strong>τιθέμενος</strong></span> 
     </span>
    </p>
   </div>
   <div class='ocr_carea' id='block_1_13' title="bbox 200 1260 1801 1334">
    <p class='ocr_par' dir='ltr' id='par_1_13' title="bbox 200 1260 1801 1334">
     <span class='ocr_line' id='line_1_13' title="bbox 200 1260 1801 1334; baseline 0.003 -23"><span class='ocrx_word' id='word_1_78' title='bbox 200 1260 472 1326; x_wconf 77' lang='grc' dir='ltr'>ἀπειλάς,</span> <span class='ocrx_word' id='word_1_79' title='bbox 494 1261 568 1324; x_wconf 85' lang='grc' dir='ltr'>ὡς</span> <span class='ocrx_word' id='word_1_80' title='bbox 590 1260 817 1331; x_wconf 83' lang='grc' dir='ltr'>μηδενὸς</span> <span class='ocrx_word' id='word_1_81' title='bbox 831 1260 980 1330; x_wconf 83' lang='grc' dir='ltr'><strong>αύτῴ</strong></span> <span class='ocrx_word' id='word_1_82' title='bbox 998 1278 1062 1313; x_wconf 91' lang='grc' dir='ltr'><strong>συ</strong></span> <span class='ocrx_word' id='word_1_83' title='bbox 1071 1261 1409 1332; x_wconf 82' lang='grc' dir='ltr'>μ6ε6ηκότος</span> <span class='ocrx_word' id='word_1_84' title='bbox 1422 1262 1645 1334; x_wconf 78' lang='grc' dir='ltr'><strong>ἀνιαροῦ</strong></span> <span class='ocrx_word' id='word_1_85' title='bbox 1666 1262 1801 1333; x_wconf 84' lang='lat' dir='ltr'><strong>(l5),</strong></span> 
     </span>
    </p>
   </div>
   <div class='ocr_carea' id='block_1_14' title="bbox 203 1348 1805 1423">
    <p class='ocr_par' dir='ltr' id='par_1_14' title="bbox 203 1348 1805 1423">
     <span class='ocr_line' id='line_1_14' title="bbox 203 1348 1805 1423; baseline 0.002 -23"><span class='ocrx_word' id='word_1_86' title='bbox 203 1348 482 1423; x_wconf 68' lang='grc' dir='ltr'>ἐλευθέρᾳ</span> <span class='ocrx_word' id='word_1_87' title='bbox 512 1354 686 1421; x_wconf 78' lang='grc' dir='ltr'>φωνῇ,</span> <span class='ocrx_word' id='word_1_88' title='bbox 729 1352 826 1404; x_wconf 74' lang='grc' dir='ltr'>καὶ</span> <span class='ocrx_word' id='word_1_89' title='bbox 855 1351 1224 1423; x_wconf 78' lang='grc' dir='ltr'><strong>λαμπροτάτῳ</strong></span> <span class='ocrx_word' id='word_1_90' title='bbox 1265 1352 1542 1423; x_wconf 85' lang='grc' dir='ltr'>προσώπῳ</span> <span class='ocrx_word' id='word_1_91' title='bbox 1579 1356 1673 1406; x_wconf 62' lang='grc' dir='ltr'><strong>καὶ¹</strong></span> <span class='ocrx_word' id='word_1_92' title='bbox 1705 1353 1805 1423; x_wconf 82' lang='grc' dir='ltr'>τὴν</span> 
     </span>
    </p>
   </div>
   <div class='ocr_carea' id='block_1_15' title="bbox 204 1442 1808 1515">
    <p class='ocr_par' dir='ltr' id='par_1_15' title="bbox 204 1442 1808 1515">
     <span class='ocr_line' id='line_1_15' title="bbox 204 1442 1808 1515; baseline 0.003 -22"><span class='ocrx_word' id='word_1_93' title='bbox 204 1442 541 1497; x_wconf 75' lang='grc' dir='ltr'><strong>ἐνοικοῦσαν</strong></span> <span class='ocrx_word' id='word_1_94' title='bbox 574 1447 639 1514; x_wconf 82' lang='grc' dir='ltr'><strong>τῇ</strong></span> <span class='ocrx_word' id='word_1_95' title='bbox 668 1443 816 1515; x_wconf 81' lang='grc' dir='ltr'>ψυχῇ</span> <span class='ocrx_word' id='word_1_96' title='bbox 844 1444 1166 1514; x_wconf 81' lang='grc' dir='ltr'>σημαίνοντι</span> <span class='ocrx_word' id='word_1_97' title='bbox 1189 1446 1370 1515; x_wconf 85' lang='grc' dir='ltr'>χάριν,</span> <span class='ocrx_word' id='word_1_98' title='bbox 1394 1444 1497 1515; x_wconf 81' lang='grc' dir='ltr'><strong>ἔφη</strong></span> <span class='ocrx_word' id='word_1_99' title='bbox 1521 1461 1536 1476; x_wconf 78' lang='grc' dir='ltr'><strong><em>ο</em></strong></span> <span class='ocrx_word' id='word_1_100' title='bbox 1570 1444 1650 1497; x_wconf 83' lang='grc' dir='ltr'><strong>Τὰ</strong></span> <span class='ocrx_word' id='word_1_101' title='bbox 1671 1445 1808 1498; x_wconf 82' lang='grc' dir='ltr'>ὀστᾶ</span> 
     </span>
    </p>
   </div>
   <div class='ocr_carea' id='block_1_16' title="bbox 202 1528 1802 1604">
    <p class='ocr_par' dir='ltr' id='par_1_16' title="bbox 202 1528 1802 1604">
     <span class='ocr_line' id='line_1_16' title="bbox 202 1528 1802 1604; baseline 0.003 -21"><span class='ocrx_word' id='word_1_102' title='bbox 202 1531 391 1585; x_wconf 82' lang='grc' dir='ltr'>ταῦτα</span> <span class='ocrx_word' id='word_1_103' title='bbox 412 1531 483 1585; x_wconf 82' lang='grc' dir='ltr'><strong>τὰ</strong></span> <span class='ocrx_word' id='word_1_104' title='bbox 512 1532 731 1603; x_wconf 81' lang='grc' dir='ltr'>καθαρά</span> <span class='ocrx_word' id='word_1_105' title='bbox 764 1535 858 1587; x_wconf 73' lang='grc' dir='ltr'>καὶ</span> <span class='ocrx_word' id='word_1_106' title='bbox 889 1533 1023 1600; x_wconf 75' lang='grc' dir='ltr'>ἅγια</span> <span class='ocrx_word' id='word_1_107' title='bbox 1054 1534 1457 1604; x_wconf 85' lang='grc' dir='ltr'>περιφέρομεν,</span> <span class='ocrx_word' id='word_1_108' title='bbox 1483 1528 1528 1587; x_wconf 82' lang='grc' dir='ltr'><strong>ὦ</strong></span> <span class='ocrx_word' id='word_1_109' title='bbox 1558 1532 1802 1603; x_wconf 86' lang='grc' dir='ltr'>βασιλεῦ,</span> 
     </span>
    </p>
   </div>
   <div class='ocr_carea' id='block_1_17' title="bbox 203 1618 1804 1696">
    <p class='ocr_par' dir='ltr' id='par_1_17' title="bbox 203 1618 1804 1696">
     <span class='ocr_line' id='line_1_17' title="bbox 203 1618 1804 1696; baseline 0.003 -22"><span class='ocrx_word' id='word_1_110' title='bbox 203 1621 307 1675; x_wconf 77' lang='grc' dir='ltr'>τὸν</span> <span class='ocrx_word' id='word_1_111' title='bbox 361 1622 523 1676; x_wconf 91' lang='grc' dir='ltr'>πόθον</span> <span class='ocrx_word' id='word_1_112' title='bbox 568 1640 629 1676; x_wconf 84' lang='grc' dir='ltr'><strong>τε</strong></span> <span class='ocrx_word' id='word_1_113' title='bbox 665 1624 1055 1696; x_wconf 75' lang='grc' dir='ltr'>ἀφοσιούμενοι</span> <span class='ocrx_word' id='word_1_114' title='bbox 1095 1618 1172 1679; x_wconf 82' lang='grc' dir='ltr'><strong>ὧν</strong></span> <span class='ocrx_word' id='word_1_115' title='bbox 1204 1627 1311 1680; x_wconf 85' lang='grc' dir='ltr'>εἰσι</span> <span class='ocrx_word' id='word_1_116' title='bbox 1346 1626 1666 1696; x_wconf 77' lang='grc' dir='ltr'>θαυμασίων</span> <span class='ocrx_word' id='word_1_117' title='bbox 1707 1626 1804 1679; x_wconf 85' lang='grc' dir='ltr'>ἀν-</span> 
     </span>
    </p>
   </div>
   <div class='ocr_carea' id='block_1_18' title="bbox 202 1712 1801 1786">
    <p class='ocr_par' dir='ltr' id='par_1_18' title="bbox 202 1712 1801 1786">
     <span class='ocr_line' id='line_1_18' title="bbox 202 1712 1801 1786; baseline 0.003 -22"><span class='ocrx_word' id='word_1_118' title='bbox 202 1712 383 1785; x_wconf 80' lang='grc' dir='ltr'>δρῶν,</span> <span class='ocrx_word' id='word_1_119' title='bbox 421 1714 516 1767; x_wconf 79' lang='grc' dir='ltr'>καὶ</span> <span class='ocrx_word' id='word_1_120' title='bbox 548 1716 646 1786; x_wconf 82' lang='grc' dir='ltr'>τῆς</span> <span class='ocrx_word' id='word_1_121' title='bbox 675 1716 965 1785; x_wconf 88' lang='grc' dir='ltr'>ἀσκήσεως</span> <span class='ocrx_word' id='word_1_122' title='bbox 993 1716 1174 1771; x_wconf 82' lang='grc' dir='ltr'>αὐτῶν</span> <span class='ocrx_word' id='word_1_123' title='bbox 1206 1716 1300 1770; x_wconf 78' lang='grc' dir='ltr'>καὶ</span> <span class='ocrx_word' id='word_1_124' title='bbox 1334 1714 1615 1784; x_wconf 82' lang='grc' dir='ltr'>θεοφιλοῦς</span> <span class='ocrx_word' id='word_1_125' title='bbox 1644 1716 1801 1769; x_wconf 84' lang='grc' dir='ltr'>πολι-</span> 
     </span>
    </p>
   </div>
   <div class='ocr_carea' id='block_1_19' title="bbox 202 1804 1802 1878">
    <p class='ocr_par' dir='ltr' id='par_1_19' title="bbox 202 1804 1802 1878">
     <span class='ocr_line' id='line_1_19' title="bbox 202 1804 1802 1878; baseline 0.004 -22"><span class='ocrx_word' id='word_1_126' title='bbox 202 1804 371 1869; x_wconf 83' lang='grc' dir='ltr'>τείας</span> <span class='ocrx_word' id='word_1_127' title='bbox 420 1805 501 1868; x_wconf 80' lang='grc' dir='ltr'>εξς</span> <span class='ocrx_word' id='word_1_128' title='bbox 562 1806 782 1877; x_wconf 81' lang='grc' dir='ltr'><strong>μνήμην</strong></span> <span class='ocrx_word' id='word_1_129' title='bbox 830 1806 1061 1870; x_wconf 86' lang='grc' dir='ltr'>ἐαυτοῦς</span> <span class='ocrx_word' id='word_1_130' title='bbox 1107 1807 1336 1875; x_wconf 80' lang='grc' dir='ltr'>ἄγοντες</span> <span class='ocrx_word' id='word_1_131' title='bbox 1386 1807 1479 1861; x_wconf 78' lang='grc' dir='ltr'>καὶ</span> <span class='ocrx_word' id='word_1_132' title='bbox 1528 1808 1667 1878; x_wconf 87' lang='grc' dir='ltr'>πρὸς</span> <span class='ocrx_word' id='word_1_133' title='bbox 1710 1809 1802 1862; x_wconf 78' lang='grc' dir='ltr'>τὸν</span> 
     </span>
    </p>
   </div>
   <div class='ocr_carea' id='block_1_20' title="bbox 202 1895 1875 1971">
    <p class='ocr_par' dir='ltr' id='par_1_20' title="bbox 202 1895 1875 1971">
     <span class='ocr_line' id='line_1_20' title="bbox 202 1895 1875 1971; baseline 0.003 -23"><span class='ocrx_word' id='word_1_134' title='bbox 202 1896 407 1965; x_wconf 84' lang='grc' dir='ltr'>ὅμοιον</span> <span class='ocrx_word' id='word_1_135' title='bbox 436 1898 793 1969; x_wconf 83' lang='grc' dir='ltr'>διεγείροντες</span> <span class='ocrx_word' id='word_1_136' title='bbox 811 1898 992 1969; x_wconf 83' lang='grc' dir='ltr'>ζῆλον,</span> <span class='ocrx_word' id='word_1_137' title='bbox 1018 1899 1119 1971; x_wconf 84' lang='grc' dir='ltr'>τὴν</span> <span class='ocrx_word' id='word_1_138' title='bbox 1147 1900 1452 1954; x_wconf 88' lang='grc' dir='ltr'>ἀνάπαυσίν</span> <span class='ocrx_word' id='word_1_139' title='bbox 1473 1917 1533 1954; x_wconf 91' lang='grc' dir='ltr'><strong>τε</strong></span> <span class='ocrx_word' id='word_1_140' title='bbox 1555 1900 1802 1971; x_wconf 82' lang='grc' dir='ltr'>ἐνοπτρι-</span> <span class='ocrx_word' id='word_1_141' title='bbox 1832 1895 1875 1948; x_wconf 85' lang='grc' dir='ltr'>Β</span> 
     </span>
    </p>
   </div>
   <div class='ocr_carea' id='block_1_21' title="bbox 206 1986 1798 2064">
    <p class='ocr_par' dir='ltr' id='par_1_21' title="bbox 206 1986 1798 2064">
     <span class='ocr_line' id='line_1_21' title="bbox 206 1986 1798 2064; baseline 0.003 -24"><span class='ocrx_word' id='word_1_142' title='bbox 206 1988 438 2059; x_wconf 83' lang='grc' dir='ltr'>ζόμενοι</span> <span class='ocrx_word' id='word_1_143' title='bbox 483 1991 577 2044; x_wconf 81' lang='grc' dir='ltr'>καὶ</span> <span class='ocrx_word' id='word_1_144' title='bbox 614 1990 825 2061; x_wconf 83' lang='grc' dir='ltr'>τρυφὴν</span> <span class='ocrx_word' id='word_1_145' title='bbox 855 1993 911 2044; x_wconf 83' lang='grc' dir='ltr'><strong>ἐν</strong></span> <span class='ocrx_word' id='word_1_146' title='bbox 1004 1991 1099 2045; x_wconf 91' lang='grc' dir='ltr'><strong>νῦν</strong></span> <span class='ocrx_word' id='word_1_147' title='bbox 1135 1993 1383 2063; x_wconf 83' lang='grc' dir='ltr'>διάγουσι</span> <span class='ocrx_word' id='word_1_148' title='bbox 1406 2009 1420 2024; x_wconf 92' lang='grc'><strong>·</strong></span> <span class='ocrx_word' id='word_1_149' title='bbox 1452 1992 1548 2046; x_wconf 74' lang='grc' dir='ltr'>καὶ</span> <span class='ocrx_word' id='word_1_150' title='bbox 1573 1991 1798 2056; x_wconf 83' lang='grc' dir='ltr'>τούτους</span> 
     </span>
    </p>
   </div>
   <div class='ocr_carea' id='block_1_22' title="bbox 209 2078 1795 2154">
    <p class='ocr_par' dir='ltr' id='par_1_22' title="bbox 209 2078 1795 2154">
     <span class='ocr_line' id='line_1_22' title="bbox 209 2078 1795 2154; baseline 0.002 -22"><span class='ocrx_word' id='word_1_151' title='bbox 209 2078 320 2150; x_wconf 78' lang='grc' dir='ltr'>μὲν</span> <span class='ocrx_word' id='word_1_152' title='bbox 353 2079 770 2150; x_wconf 71' lang='grc' dir='ltr'>μακαρίζοντες,</span> <span class='ocrx_word' id='word_1_153' title='bbox 802 2082 1070 2153; x_wconf 83' lang='grc' dir='ltr'>ἀλλήλους</span> <span class='ocrx_word' id='word_1_154' title='bbox 1100 2083 1158 2137; x_wconf 84' lang='grc' dir='ltr'>δὲ</span> <span class='ocrx_word' id='word_1_155' title='bbox 1195 2083 1611 2154; x_wconf 82' lang='grc' dir='ltr'>παραθήγοντες</span> <span class='ocrx_word' id='word_1_156' title='bbox 1633 2122 1649 2145; x_wconf 96' lang='grc'><strong>,</strong></span> <span class='ocrx_word' id='word_1_157' title='bbox 1681 2086 1795 2145; x_wconf 82' lang='grc' dir='ltr'>τοῖς</span> 
     </span>
    </p>
   </div>
   <div class='ocr_carea' id='block_1_23' title="bbox 206 2172 1850 2245">
    <p class='ocr_par' dir='ltr' id='par_1_23' title="bbox 206 2172 1850 2245">
     <span class='ocr_line' id='line_1_23' title="bbox 206 2172 1850 2245; baseline 0.001 -20"><span class='ocrx_word' id='word_1_158' title='bbox 206 2172 399 2225; x_wconf 73' lang='grc' dir='ltr'>αὐτῶν</span> <span class='ocrx_word' id='word_1_159' title='bbox 425 2172 803 2239; x_wconf 84' lang='grc' dir='ltr'>έξακολουθεῖν</span> <span class='ocrx_word' id='word_1_160' title='bbox 831 2174 942 2245; x_wconf 72' lang='grc'><strong>(14)</strong></span> <span class='ocrx_word' id='word_1_161' title='bbox 980 2176 1149 2245; x_wconf 78' lang='grc' dir='ltr'>ἴχνεσι</span> <span class='ocrx_word' id='word_1_162' title='bbox 1186 2176 1509 2244; x_wconf 77' lang='grc' dir='ltr'>σπεύδομεν.</span> <span class='ocrx_word' id='word_1_163' title='bbox 1543 2175 1686 2245; x_wconf 83' lang='grc' dir='ltr'>Πρὸς</span> <span class='ocrx_word' id='word_1_164' title='bbox 1713 2174 1793 2239; x_wconf 82' lang='grc' dir='ltr'>δὲ,</span> <span class='ocrx_word' id='word_1_165' title='bbox 1842 2176 1850 2193; x_wconf 73' lang='grc'><em>³</em></span> 
     </span>
    </p>
   </div>
   <div class='ocr_carea' id='block_1_24' title="bbox 207 2258 1847 2338">
    <p class='ocr_par' dir='ltr' id='par_1_24' title="bbox 207 2258 1847 2338">
     <span class='ocr_line' id='line_1_24' title="bbox 207 2258 1847 2338; baseline 0.002 -22"><span class='ocrx_word' id='word_1_166' title='bbox 207 2264 311 2317; x_wconf 81' lang='grc' dir='ltr'>καὶ</span> <span class='ocrx_word' id='word_1_167' title='bbox 343 2267 441 2335; x_wconf 82' lang='grc' dir='ltr'>τὴν</span> <span class='ocrx_word' id='word_1_168' title='bbox 466 2264 558 2318; x_wconf 86' lang='grc' dir='ltr'><strong>τοῦ</strong></span> <span class='ocrx_word' id='word_1_169' title='bbox 587 2265 817 2321; x_wconf 90' lang='grc' dir='ltr'>θανάτου</span> <span class='ocrx_word' id='word_1_170' title='bbox 846 2269 1060 2330; x_wconf 79' lang='grc' dir='ltr'>ἑαυτοῖς</span> <span class='ocrx_word' id='word_1_171' title='bbox 1088 2265 1521 2338; x_wconf 83' lang='grc' dir='ltr'>περιποιούμεθα</span> <span class='ocrx_word' id='word_1_172' title='bbox 1551 2268 1792 2337; x_wconf 86' lang='grc' dir='ltr'>μνήμην,</span> <span class='ocrx_word' id='word_1_173' title='bbox 1844 2258 1847 2259; x_wconf 16' lang='grc' dir='ltr'><em>ν</em></span> 
     </span>
    </p>
   </div>
   <div class='ocr_carea' id='block_1_25' title="bbox 211 2355 1796 2430">
    <p class='ocr_par' dir='ltr' id='par_1_25' title="bbox 211 2355 1796 2430">
     <span class='ocr_line' id='line_1_25' title="bbox 211 2355 1796 2430; baseline 0.004 -25"><span class='ocrx_word' id='word_1_174' title='bbox 211 2356 366 2410; x_wconf 85' lang='grc' dir='ltr'>πάνυ</span> <span class='ocrx_word' id='word_1_175' title='bbox 397 2358 671 2427; x_wconf 73' lang='grc' dir='ltr'>ὠφέλιμον</span> <span class='ocrx_word' id='word_1_176' title='bbox 703 2355 870 2413; x_wconf 80' lang='grc' dir='ltr'>οὖσαν</span> <span class='ocrx_word' id='word_1_177' title='bbox 908 2359 1001 2413; x_wconf 75' lang='grc' dir='ltr'>καὶ</span> <span class='ocrx_word' id='word_1_178' title='bbox 1042 2360 1180 2430; x_wconf 70' lang='grc' dir='ltr'>πρὸς</span> <span class='ocrx_word' id='word_1_179' title='bbox 1222 2359 1349 2422; x_wconf 77' lang='grc' dir='ltr'>τοὺς</span> <span class='ocrx_word' id='word_1_180' title='bbox 1381 2359 1478 2429; x_wconf 82' lang='grc' dir='ltr'>τῆς</span> <span class='ocrx_word' id='word_1_181' title='bbox 1509 2360 1796 2429; x_wconf 83' lang='grc' dir='ltr'>ἀσκήσεως</span> 
     </span>
    </p>
   </div>
   <div class='ocr_carea' id='block_1_26' title="bbox 210 2447 1863 2529">
    <p class='ocr_par' dir='ltr' id='par_1_26' title="bbox 210 2447 1863 2529">
     <span class='ocr_line' id='line_1_26' title="bbox 210 2447 1863 2529; baseline 0.002 -30"><span class='ocrx_word' id='word_1_182' title='bbox 210 2447 441 2515; x_wconf 81' lang='grc' dir='ltr'>ἀγῶνας</span> <span class='ocrx_word' id='word_1_183' title='bbox 463 2449 929 2521; x_wconf 72' lang='grc' dir='ltr'>ιθθπροθύμως</span> <span class='ocrx_word' id='word_1_184' title='bbox 949 2449 1384 2521; x_wconf 86' lang='grc' dir='ltr'>ἀναπτεροῦσαν,</span> <span class='ocrx_word' id='word_1_185' title='bbox 1410 2452 1507 2504; x_wconf 82' lang='grc' dir='ltr'>καὶ</span> <span class='ocrx_word' id='word_1_186' title='bbox 1526 2451 1796 2520; x_wconf 76' lang='grc' dir='ltr'>άγιασμὺν</span> <span class='ocrx_word' id='word_1_187' title='bbox 1836 2522 1863 2529; x_wconf 27' lang='grc' dir='ltr'><em>ψ</em></span> 
     </span>
    </p>
   </div>
   <div class='ocr_carea' id='block_1_27' title="bbox 208 2540 1293 2613">
    <p class='ocr_par' dir='ltr' id='par_1_27' title="bbox 208 2540 1293 2613">
     <span class='ocr_line' id='line_1_27' title="bbox 208 2540 1293 2613; baseline 0.006 -21"><span class='ocrx_word' id='word_1_188' title='bbox 208 2540 272 2592; x_wconf 81' lang='grc' dir='ltr'>δὲ</span> <span class='ocrx_word' id='word_1_189' title='bbox 298 2544 369 2611; x_wconf 79' lang='grc' dir='ltr'>τῇ</span> <span class='ocrx_word' id='word_1_190' title='bbox 397 2544 599 2595; x_wconf 87' lang='grc' dir='ltr'>τούτων</span> <span class='ocrx_word' id='word_1_191' title='bbox 623 2542 904 2613; x_wconf 75' lang='grc' dir='ltr'>ἀρυόμεθα</span> <span class='ocrx_word' id='word_1_192' title='bbox 933 2543 1293 2613; x_wconf 79' lang='grc' dir='ltr'>προσψαύσει.</span> 
     </span>
    </p>
   </div>
   <div class='ocr_carea' id='block_1_28' title="bbox 291 2796 1797 2879">
    <p class='ocr_par' dir='ltr' id='par_1_28' title="bbox 291 2796 1797 2879">
     <span class='ocr_line' id='line_1_28' title="bbox 291 2796 1797 2879; baseline 0.006 -26"><span class='ocrx_word' id='word_1_193' title='bbox 291 2796 464 2864; x_wconf 78' lang='grc' dir='ltr'>Αὖθις</span> <span class='ocrx_word' id='word_1_194' title='bbox 508 2800 563 2855; x_wconf 83' lang='grc' dir='ltr'><strong>δέ</strong></span> <span class='ocrx_word' id='word_1_195' title='bbox 589 2802 619 2854; x_wconf 80' lang='grc' dir='ltr'><strong>ὀ</strong></span> <span class='ocrx_word' id='word_1_196' title='bbox 661 2800 933 2872; x_wconf 79' lang='grc' dir='ltr'>βασιλεὺς,</span> <span class='ocrx_word' id='word_1_197' title='bbox 970 2803 1033 2856; x_wconf 85' lang='grc' dir='ltr'><strong>Εἰ</strong></span> <span class='ocrx_word' id='word_1_198' title='bbox 1060 2801 1366 2874; x_wconf 83' lang='grc' dir='ltr'>ὠφέλιμος,</span> <span class='ocrx_word' id='word_1_199' title='bbox 1400 2808 1562 2877; x_wconf 76' lang='grc' dir='ltr'>φησὶν</span> <span class='ocrx_word' id='word_1_200' title='bbox 1585 2847 1600 2873; x_wconf 96' lang='grc'><strong>,</strong></span> <span class='ocrx_word' id='word_1_201' title='bbox 1628 2808 1661 2879; x_wconf 87' lang='grc' dir='ltr'><strong>ή</strong></span> <span class='ocrx_word' id='word_1_202' title='bbox 1702 2809 1797 2861; x_wconf 89' lang='grc' dir='ltr'><strong>τοῦ</strong></span> 
     </span>
    </p>
   </div>
   <div class='ocr_carea' id='block_1_29' title="bbox 216 2889 1798 2967">
    <p class='ocr_par' dir='ltr' id='par_1_29' title="bbox 216 2889 1798 2967">
     <span class='ocr_line' id='line_1_29' title="bbox 216 2889 1798 2967; baseline 0.005 -23"><span class='ocrx_word' id='word_1_203' title='bbox 216 2889 460 2947; x_wconf 88' lang='grc' dir='ltr'>θανάτου</span> <span class='ocrx_word' id='word_1_204' title='bbox 514 2894 735 2965; x_wconf 78' lang='grc' dir='ltr'>μνήμη,</span> <span class='ocrx_word' id='word_1_205' title='bbox 784 2892 966 2957; x_wconf 84' lang='grc' dir='ltr'>καθώς</span> <span class='ocrx_word' id='word_1_206' title='bbox 1013 2911 1173 2963; x_wconf 87' lang='grc' dir='ltr'>φατε,</span> <span class='ocrx_word' id='word_1_207' title='bbox 1215 2896 1267 2948; x_wconf 88' lang='grc' dir='ltr'><strong>τί</strong></span> <span class='ocrx_word' id='word_1_208' title='bbox 1310 2897 1384 2967; x_wconf 79' lang='grc' dir='ltr'>μὴ</span> <span class='ocrx_word' id='word_1_209' title='bbox 1428 2900 1540 2962; x_wconf 83' lang='grc' dir='ltr'>τοῖς</span> <span class='ocrx_word' id='word_1_210' title='bbox 1584 2899 1641 2952; x_wconf 85' lang='grc' dir='ltr'><strong>ἐν</strong></span> <span class='ocrx_word' id='word_1_211' title='bbox 1687 2904 1798 2963; x_wconf 87' lang='grc' dir='ltr'><strong>τοίς</strong></span> 
     </span>
    </p>
   </div>
   <div class='ocr_carea' id='block_1_30' title="bbox 217 2984 1801 3061">
    <p class='ocr_par' dir='ltr' id='par_1_30' title="bbox 217 2984 1801 3061">
     <span class='ocr_line' id='line_1_30' title="bbox 217 2984 1801 3061; baseline 0.006 -25"><span class='ocrx_word' id='word_1_212' title='bbox 217 2984 476 3053; x_wconf 79' lang='grc' dir='ltr'>σώμασιν</span> <span class='ocrx_word' id='word_1_213' title='bbox 506 2985 658 3055; x_wconf 85' lang='grc' dir='ltr'>ὑμῶν</span> <span class='ocrx_word' id='word_1_214' title='bbox 690 2984 900 3049; x_wconf 82' lang='grc' dir='ltr'>ὀστέοις</span> <span class='ocrx_word' id='word_1_215' title='bbox 930 2985 1029 3057; x_wconf 81' lang='grc' dir='ltr'>τὴν</span> <span class='ocrx_word' id='word_1_216' title='bbox 1058 2986 1249 3041; x_wconf 89' lang='grc' dir='ltr'>τούτου</span> <span class='ocrx_word' id='word_1_217' title='bbox 1284 2988 1629 3060; x_wconf 78' lang='grc' dir='ltr'>ὑποδέχοισθε</span> <span class='ocrx_word' id='word_1_218' title='bbox 1665 2995 1801 3061; x_wconf 85' lang='grc' dir='ltr'>μνή-</span> 
     </span>
    </p>
   </div>
   <div class='ocr_carea' id='block_1_31' title="bbox 218 3078 1795 3154">
    <p class='ocr_par' dir='ltr' id='par_1_31' title="bbox 218 3078 1795 3154">
     <span class='ocr_line' id='line_1_31' title="bbox 218 3078 1795 3154; baseline 0.005 -26"><span class='ocrx_word' id='word_1_219' title='bbox 218 3094 359 3147; x_wconf 80' lang='grc' dir='ltr'>μην,</span> <span class='ocrx_word' id='word_1_220' title='bbox 387 3081 498 3142; x_wconf 82' lang='grc' dir='ltr'>τοῖς</span> <span class='ocrx_word' id='word_1_221' title='bbox 518 3079 736 3143; x_wconf 89' lang='grc' dir='ltr'>οἰκείοις</span> <span class='ocrx_word' id='word_1_222' title='bbox 762 3078 890 3149; x_wconf 83' lang='grc' dir='ltr'>ὑμῖν</span> <span class='ocrx_word' id='word_1_223' title='bbox 910 3079 1001 3132; x_wconf 73' lang='grc' dir='ltr'>καὶ</span> <span class='ocrx_word' id='word_1_224' title='bbox 1021 3080 1145 3134; x_wconf 78' lang='grc' dir='ltr'>ὅσον</span> <span class='ocrx_word' id='word_1_225' title='bbox 1169 3078 1320 3135; x_wconf 81' lang='grc' dir='ltr'>οῦπω</span> <span class='ocrx_word' id='word_1_226' title='bbox 1341 3081 1795 3154; x_wconf 83' lang='grc' dir='ltr'>φθαρησομένοις,</span> 
     </span>
    </p>
   </div>
   <div class='ocr_carea' id='block_1_32' title="bbox 215 3168 1795 3244">
    <p class='ocr_par' dir='ltr' id='par_1_32' title="bbox 215 3168 1795 3244">
     <span class='ocr_line' id='line_1_32' title="bbox 215 3168 1795 3244; baseline 0.005 -24"><span class='ocrx_word' id='word_1_227' title='bbox 215 3168 372 3240; x_wconf 65' lang='grc' dir='ltr'>ἥπερ</span> <span class='ocrx_word' id='word_1_228' title='bbox 396 3169 507 3240; x_wconf 69' lang='lat'><strong>(15)</strong></span> <span class='ocrx_word' id='word_1_229' title='bbox 526 3173 636 3234; x_wconf 80' lang='grc' dir='ltr'>τοῖς</span> <span class='ocrx_word' id='word_1_230' title='bbox 664 3170 969 3241; x_wconf 82' lang='grc' dir='ltr'>ἀλλοτρίοις</span> <span class='ocrx_word' id='word_1_231' title='bbox 995 3169 1206 3234; x_wconf 77' lang='grc' dir='ltr'>τούτοις</span> <span class='ocrx_word' id='word_1_232' title='bbox 1233 3172 1328 3225; x_wconf 82' lang='grc' dir='ltr'>καὶ</span> <span class='ocrx_word' id='word_1_233' title='bbox 1348 3172 1795 3244; x_wconf 74' lang='grc' dir='ltr'>διεφθαρμένοιςς</span> 
     </span>
    </p>
   </div>
   <div class='ocr_carea' id='block_1_33' title="bbox 295 3245 1868 3335">
    <p class='ocr_par' dir='ltr' id='par_1_33' title="bbox 295 3245 1868 3335">
     <span class='ocr_line' id='line_1_33' title="bbox 295 3245 1868 3335; baseline 0.002 -20"><span class='ocrx_word' id='word_1_234' title='bbox 295 3261 465 3315; x_wconf 83' lang='grc' dir='ltr'><strong>Καὶό</strong></span> <span class='ocrx_word' id='word_1_235' title='bbox 494 3261 747 3331; x_wconf 78' lang='grc' dir='ltr'>μοναχὸς,</span> <span class='ocrx_word' id='word_1_236' title='bbox 780 3262 947 3316; x_wconf 84' lang='grc' dir='ltr'>Πέντε</span> <span class='ocrx_word' id='word_1_237' title='bbox 982 3262 1103 3332; x_wconf 81' lang='grc' dir='ltr'>μὲν,</span> <span class='ocrx_word' id='word_1_238' title='bbox 1134 3262 1321 3332; x_wconf 70' lang='grc' dir='ltr'>φησὶν,</span> <span class='ocrx_word' id='word_1_239' title='bbox 1354 3264 1489 3332; x_wconf 80' lang='grc' dir='ltr'>ἐμοῦ</span> <span class='ocrx_word' id='word_1_240' title='bbox 1520 3265 1799 3335; x_wconf 78' lang='grc' dir='ltr'>εἰρηκότος</span> <span class='ocrx_word' id='word_1_241' title='bbox 1826 3245 1868 3303; x_wconf 75' lang='lat' dir='ltr'>C</span> 
     </span>
    </p>
   </div>
   <div class='ocr_carea' id='block_1_34' title="bbox 215 3352 1800 3425">
    <p class='ocr_par' dir='ltr' id='par_1_34' title="bbox 215 3352 1800 3425">
     <span class='ocr_line' id='line_1_34' title="bbox 215 3352 1800 3425; baseline 0.003 -20"><span class='ocrx_word' id='word_1_242' title='bbox 215 3352 407 3417; x_wconf 86' lang='grc' dir='ltr'>αἰτίας</span> <span class='ocrx_word' id='word_1_243' title='bbox 432 3357 530 3423; x_wconf 84' lang='grc' dir='ltr'>τῆς</span> <span class='ocrx_word' id='word_1_244' title='bbox 557 3353 665 3406; x_wconf 83' lang='grc' dir='ltr'><strong>τῶν</strong></span> <span class='ocrx_word' id='word_1_245' title='bbox 701 3352 970 3422; x_wconf 78' lang='grc' dir='ltr'>λειψάνων</span> <span class='ocrx_word' id='word_1_246' title='bbox 1005 3355 1308 3425; x_wconf 80' lang='grc' dir='ltr'>περιφορᾶς</span> <span class='ocrx_word' id='word_1_247' title='bbox 1328 3394 1343 3419; x_wconf 91' lang='grc'><strong>,</strong></span> <span class='ocrx_word' id='word_1_248' title='bbox 1379 3357 1515 3425; x_wconf 79' lang='grc' dir='ltr'>πρὸς</span> <span class='ocrx_word' id='word_1_249' title='bbox 1543 3356 1673 3425; x_wconf 81' lang='grc' dir='ltr'>μίαν</span> <span class='ocrx_word' id='word_1_250' title='bbox 1703 3358 1800 3409; x_wconf 86' lang='grc' dir='ltr'>αῦ-</span> 
     </span>
    </p>
   </div>
   <div class='ocr_carea' id='block_1_35' title="bbox 214 3445 1799 3521">
    <p class='ocr_par' dir='ltr' id='par_1_35' title="bbox 214 3445 1799 3521">
     <span class='ocr_line' id='line_1_35' title="bbox 214 3445 1799 3521; baseline 0.003 -23"><span class='ocrx_word' id='word_1_251' title='bbox 214 3445 313 3507; x_wconf 85' lang='grc' dir='ltr'>τὸς</span> <span class='ocrx_word' id='word_1_252' title='bbox 343 3445 872 3515; x_wconf 80' lang='grc' dir='ltr'>ἀνταποκρινόμενος</span> <span class='ocrx_word' id='word_1_253' title='bbox 891 3488 906 3513; x_wconf 93' lang='grc'><strong>,</strong></span> <span class='ocrx_word' id='word_1_254' title='bbox 940 3447 1228 3518; x_wconf 73' lang='grc' dir='ltr'>χλευάζειν</span> <span class='ocrx_word' id='word_1_255' title='bbox 1260 3450 1410 3521; x_wconf 77' lang='grc' dir='ltr'>ἡμᾶς</span> <span class='ocrx_word' id='word_1_256' title='bbox 1437 3449 1615 3513; x_wconf 83' lang='grc' dir='ltr'>δοκεῖς</span> <span class='ocrx_word' id='word_1_257' title='bbox 1634 3467 1649 3481; x_wconf 79' lang='lat'><strong><em>°</em></strong></span> <span class='ocrx_word' id='word_1_258' title='bbox 1685 3450 1799 3503; x_wconf 80' lang='grc' dir='ltr'>ἀλλ’</span> 
     </span>
    </p>
   </div>
   <div class='ocr_carea' id='block_1_36' title="bbox 216 3535 1802 3612">
    <p class='ocr_par' dir='ltr' id='par_1_36' title="bbox 216 3535 1802 3612">
     <span class='ocr_line' id='line_1_36' title="bbox 216 3535 1802 3612; baseline 0.003 -21"><span class='ocrx_word' id='word_1_259' title='bbox 216 3537 655 3609; x_wconf 77' lang='grc' dir='ltr'>ἐναργέστερον,</span> <span class='ocrx_word' id='word_1_260' title='bbox 697 3535 756 3594; x_wconf 83' lang='grc' dir='ltr'>εὖ</span> <span class='ocrx_word' id='word_1_261' title='bbox 793 3540 1034 3603; x_wconf 71' lang='grc' dir='ltr'>ἴσθι,ιτά</span> <span class='ocrx_word' id='word_1_262' title='bbox 1076 3541 1187 3595; x_wconf 82' lang='grc' dir='ltr'><strong>τῶν</strong></span> <span class='ocrx_word' id='word_1_263' title='bbox 1228 3541 1802 3612; x_wconf 87' lang='grc' dir='ltr'>προτετελευτηκότων</span> 
     </span>
    </p>
   </div>
   <div class='ocr_carea' id='block_1_37' title="bbox 214 3629 1801 3704">
    <p class='ocr_par' dir='ltr' id='par_1_37' title="bbox 214 3629 1801 3704">
     <span class='ocr_line' id='line_1_37' title="bbox 214 3629 1801 3704; baseline 0 -20"><span class='ocrx_word' id='word_1_264' title='bbox 214 3630 358 3686; x_wconf 81' lang='grc' dir='ltr'>ὀστᾶ</span> <span class='ocrx_word' id='word_1_265' title='bbox 383 3630 483 3699; x_wconf 83' lang='grc' dir='ltr'>τὴν</span> <span class='ocrx_word' id='word_1_266' title='bbox 516 3629 608 3683; x_wconf 88' lang='grc' dir='ltr'><strong>τοῦ</strong></span> <span class='ocrx_word' id='word_1_267' title='bbox 646 3630 876 3685; x_wconf 89' lang='grc' dir='ltr'>θανάτου</span> <span class='ocrx_word' id='word_1_268' title='bbox 913 3633 1223 3703; x_wconf 82' lang='grc' dir='ltr'>παριστῶσι</span> <span class='ocrx_word' id='word_1_269' title='bbox 1262 3634 1505 3703; x_wconf 88' lang='grc' dir='ltr'>μνήμην,</span> <span class='ocrx_word' id='word_1_270' title='bbox 1547 3634 1647 3704; x_wconf 69' lang='grc' dir='ltr'>ἥγε</span> <span class='ocrx_word' id='word_1_271' title='bbox 1692 3633 1801 3685; x_wconf 85' lang='grc' dir='ltr'><strong>τῶν</strong></span> 
     </span>
    </p>
   </div>
   <div class='ocr_carea' id='block_1_38' title="bbox 217 3720 1802 3793">
    <p class='ocr_par' dir='ltr' id='par_1_38' title="bbox 217 3720 1802 3793">
     <span class='ocr_line' id='line_1_38' title="bbox 217 3720 1802 3793; baseline 0.001 -17"><span class='ocrx_word' id='word_1_272' title='bbox 217 3720 465 3784; x_wconf 78' lang='grc' dir='ltr'>ζώντων.</span> <span class='ocrx_word' id='word_1_273' title='bbox 510 3721 671 3781; x_wconf 78' lang='grc' dir='ltr'>Ἀλλ’,</span> <span class='ocrx_word' id='word_1_274' title='bbox 704 3724 933 3793; x_wconf 81' lang='grc' dir='ltr'>ἐπείπερ</span> <span class='ocrx_word' id='word_1_275' title='bbox 960 3723 1115 3778; x_wconf 76' lang='grc' dir='ltr'>ταῦθ’</span> <span class='ocrx_word' id='word_1_276' title='bbox 1142 3724 1316 3787; x_wconf 75' lang='grc' dir='ltr'>οὕτως</span> <span class='ocrx_word' id='word_1_277' title='bbox 1344 3721 1484 3777; x_wconf 70' lang='grc' dir='ltr'>εἶναι</span> <span class='ocrx_word' id='word_1_278' title='bbox 1513 3724 1802 3792; x_wconf 84' lang='grc' dir='ltr'>γινώσκεις</span> 
     </span>
    </p>
   </div>
   <div class='ocr_carea' id='block_1_39' title="bbox 216 3796 1802 3884">
    <p class='ocr_par' dir='ltr' id='par_1_39' title="bbox 216 3796 1802 3884">
     <span class='ocr_line' id='line_1_39' title="bbox 216 3796 1802 3884; baseline 0.003 -21"><span class='ocrx_word' id='word_1_279' title='bbox 216 3812 320 3864; x_wconf 76' lang='grc' dir='ltr'>καὶ</span> <span class='ocrx_word' id='word_1_280' title='bbox 344 3811 413 3864; x_wconf 83' lang='grc' dir='ltr'>τὰ</span> <span class='ocrx_word' id='word_1_281' title='bbox 441 3812 497 3864; x_wconf 78' lang='grc' dir='ltr'>ὲν</span> <span class='ocrx_word' id='word_1_282' title='bbox 520 3815 584 3884; x_wconf 81' lang='grc' dir='ltr'>τῇ</span> <span class='ocrx_word' id='word_1_283' title='bbox 615 3813 780 3883; x_wconf 86' lang='grc' dir='ltr'>σαρκί</span> <span class='ocrx_word' id='word_1_284' title='bbox 816 3830 910 3867; x_wconf 88' lang='grc' dir='ltr'><strong>σου</strong></span> <span class='ocrx_word' id='word_1_285' title='bbox 944 3813 1078 3868; x_wconf 81' lang='grc' dir='ltr'>ὀστᾶ</span> <span class='ocrx_word' id='word_1_286' title='bbox 1106 3813 1197 3866; x_wconf 83' lang='grc' dir='ltr'>τὸν</span> <span class='ocrx_word' id='word_1_287' title='bbox 1222 3815 1450 3868; x_wconf 87' lang='grc' dir='ltr'>θάνατόν</span> <span class='ocrx_word' id='word_1_288' title='bbox 1485 3832 1567 3868; x_wconf 90' lang='grc' dir='ltr'><strong>σοι</strong></span> <span class='ocrx_word' id='word_1_289' title='bbox 1598 3796 1802 3868; x_wconf 56' lang='grc' dir='ltr'>ὑποτυέ</span> 
     </span>
    </p>
   </div>
   <div class='ocr_carea' id='block_1_40' title="bbox 220 3900 1802 3977">
    <p class='ocr_par' dir='ltr' id='par_1_40' title="bbox 220 3900 1802 3977">
     <span class='ocr_line' id='line_1_40' title="bbox 220 3900 1802 3977; baseline 0.003 -23"><span class='ocrx_word' id='word_1_290' title='bbox 220 3900 411 3967; x_wconf 85' lang='grc' dir='ltr'>ποῦσι,</span> <span class='ocrx_word' id='word_1_291' title='bbox 442 3901 495 3955; x_wconf 85' lang='grc' dir='ltr'><strong>τί</strong></span> <span class='ocrx_word' id='word_1_292' title='bbox 527 3902 600 3973; x_wconf 77' lang='grc' dir='ltr'>μὴ</span> <span class='ocrx_word' id='word_1_293' title='bbox 639 3905 732 3956; x_wconf 77' lang='grc' dir='ltr'>καὶ</span> <span class='ocrx_word' id='word_1_294' title='bbox 758 3902 941 3969; x_wconf 76' lang='grc' dir='ltr'>αὐτὸς,</span> <span class='ocrx_word' id='word_1_295' title='bbox 980 3905 1078 3973; x_wconf 83' lang='grc' dir='ltr'>τῆς</span> <span class='ocrx_word' id='word_1_296' title='bbox 1107 3906 1231 3957; x_wconf 85' lang='grc' dir='ltr'>ὅσον</span> <span class='ocrx_word' id='word_1_297' title='bbox 1258 3905 1410 3957; x_wconf 83' lang='grc' dir='ltr'>οῦπω</span> <span class='ocrx_word' id='word_1_298' title='bbox 1440 3905 1802 3977; x_wconf 72' lang='grc' dir='ltr'>ἐλευσομένης</span> 
     </span>
    </p>
   </div>
   <div class='ocr_carea' id='block_1_41' title="bbox 222 3988 1805 4065">
    <p class='ocr_par' dir='ltr' id='par_1_41' title="bbox 222 3988 1805 4065">
     <span class='ocr_line' id='line_1_41' title="bbox 222 3988 1805 4065; baseline 0.004 -22"><span class='ocrx_word' id='word_1_299' title='bbox 222 3991 583 4062; x_wconf 76' lang='grc' dir='ltr'>μνημονεύων</span> <span class='ocrx_word' id='word_1_300' title='bbox 613 3991 892 4062; x_wconf 80' lang='grc' dir='ltr'>τελευτῆς,</span> <span class='ocrx_word' id='word_1_301' title='bbox 920 3988 978 4046; x_wconf 83' lang='grc' dir='ltr'>εὖ</span> <span class='ocrx_word' id='word_1_302' title='bbox 1005 3992 1072 4046; x_wconf 89' lang='grc' dir='ltr'><strong>τά</strong></span> <span class='ocrx_word' id='word_1_303' title='bbox 1110 3993 1338 4047; x_wconf 88' lang='grc' dir='ltr'>σεαυτοῦ</span> <span class='ocrx_word' id='word_1_304' title='bbox 1368 3994 1634 4065; x_wconf 79' lang='grc' dir='ltr'>διατίθης,</span> <span class='ocrx_word' id='word_1_305' title='bbox 1665 3995 1805 4050; x_wconf 88' lang='grc' dir='ltr'><strong>ἀλλά</strong></span> 
     </span>
    </p>
   </div>
   <div class='ocr_carea' id='block_1_42' title="bbox 219 4081 1799 4157">
    <p class='ocr_par' dir='ltr' id='par_1_42' title="bbox 219 4081 1799 4157">
     <span class='ocr_line' id='line_1_42' title="bbox 219 4081 1799 4157; baseline 0.003 -22"><span class='ocrx_word' id='word_1_306' title='bbox 219 4081 431 4147; x_wconf 82' lang='grc' dir='ltr'>πάσαις</span> <span class='ocrx_word' id='word_1_307' title='bbox 466 4084 565 4154; x_wconf 83' lang='grc' dir='ltr'>μὲν</span> <span class='ocrx_word' id='word_1_308' title='bbox 601 4084 700 4155; x_wconf 86' lang='grc' dir='ltr'>τὴν</span> <span class='ocrx_word' id='word_1_309' title='bbox 727 4083 908 4155; x_wconf 83' lang='grc' dir='ltr'>ψυχήν</span> <span class='ocrx_word' id='word_1_310' title='bbox 942 4102 1037 4138; x_wconf 92' lang='grc' dir='ltr'><strong>σου</strong></span> <span class='ocrx_word' id='word_1_311' title='bbox 1072 4085 1377 4150; x_wconf 79' lang='grc' dir='ltr'>ἐκδέδωκας</span> <span class='ocrx_word' id='word_1_312' title='bbox 1410 4088 1799 4157; x_wconf 85' lang='grc' dir='ltr'>παρανομίαις,</span> 
     </span>
    </p>
   </div>
   <div class='ocr_carea' id='block_1_43' title="bbox 219 4172 1799 4247">
    <p class='ocr_par' dir='ltr' id='par_1_43' title="bbox 219 4172 1799 4247">
     <span class='ocr_line' id='line_1_43' title="bbox 219 4172 1799 4247; baseline 0.003 -20"><span class='ocrx_word' id='word_1_313' title='bbox 219 4172 419 4244; x_wconf 85' lang='grc' dir='ltr'>βιαίως</span> <span class='ocrx_word' id='word_1_314' title='bbox 447 4174 507 4228; x_wconf 80' lang='grc' dir='ltr'>δὲ</span> <span class='ocrx_word' id='word_1_315' title='bbox 534 4176 630 4228; x_wconf 75' lang='grc' dir='ltr'>καὶ</span> <span class='ocrx_word' id='word_1_316' title='bbox 656 4175 900 4245; x_wconf 82' lang='grc' dir='ltr'>ἀνηλεῶς</span> <span class='ocrx_word' id='word_1_317' title='bbox 936 4177 1180 4247; x_wconf 82' lang='grc' dir='ltr'>ἀναιρεῖς</span> <span class='ocrx_word' id='word_1_318' title='bbox 1214 4178 1341 4241; x_wconf 84' lang='grc' dir='ltr'>τοὺς</span> <span class='ocrx_word' id='word_1_319' title='bbox 1372 4177 1675 4246; x_wconf 84' lang='grc' dir='ltr'>λατρευτάς</span> <span class='ocrx_word' id='word_1_320' title='bbox 1704 4178 1799 4232; x_wconf 90' lang='grc' dir='ltr'><strong>τοῦ</strong></span> 
     </span>
    </p>
   </div>
   <div class='ocr_carea' id='block_1_44' title="bbox 218 4265 1800 4339">
    <p class='ocr_par' dir='ltr' id='par_1_44' title="bbox 218 4265 1800 4339">
     <span class='ocr_line' id='line_1_44' title="bbox 218 4265 1800 4339; baseline 0.003 -21"><span class='ocrx_word' id='word_1_321' title='bbox 218 4266 361 4318; x_wconf 86' lang='grc' dir='ltr'>Θεοῦ</span> <span class='ocrx_word' id='word_1_322' title='bbox 392 4267 487 4319; x_wconf 72' lang='grc' dir='ltr'>καὶ</span> <span class='ocrx_word' id='word_1_323' title='bbox 515 4265 613 4336; x_wconf 79' lang='grc' dir='ltr'>τῆς</span> <span class='ocrx_word' id='word_1_324' title='bbox 641 4265 921 4330; x_wconf 75' lang='grc' dir='ltr'>εὐσεϐείας</span> <span class='ocrx_word' id='word_1_325' title='bbox 947 4266 1205 4337; x_wconf 78' lang='grc' dir='ltr'>ἐραστὰς,</span> <span class='ocrx_word' id='word_1_326' title='bbox 1235 4269 1359 4331; x_wconf 77' lang='grc' dir='ltr'>τοὺς</span> <span class='ocrx_word' id='word_1_327' title='bbox 1389 4267 1557 4337; x_wconf 87' lang='grc' dir='ltr'>μηδέν</span> <span class='ocrx_word' id='word_1_328' title='bbox 1585 4285 1668 4320; x_wconf 91' lang='grc' dir='ltr'><strong>σοι</strong></span> <span class='ocrx_word' id='word_1_329' title='bbox 1688 4267 1800 4339; x_wconf 78' lang='grc'><strong>(16)</strong></span> 
     </span>
    </p>
   </div>
   <div class='ocr_carea' id='block_1_45' title="bbox 215 4357 1803 4435">
    <p class='ocr_par' dir='ltr' id='par_1_45' title="bbox 215 4357 1803 4435">
     <span class='ocr_line' id='line_1_45' title="bbox 215 4357 1803 4435; baseline 0 -24"><span class='ocrx_word' id='word_1_330' title='bbox 215 4357 588 4428; x_wconf 72' lang='grc' dir='ltr'>ἠδικηκότας,</span> <span class='ocrx_word' id='word_1_331' title='bbox 629 4357 765 4427; x_wconf 87' lang='grc' dir='ltr'>μηδέ</span> <span class='ocrx_word' id='word_1_332' title='bbox 804 4374 886 4410; x_wconf 91' lang='grc' dir='ltr'><strong>σοι</strong></span> <span class='ocrx_word' id='word_1_333' title='bbox 915 4357 1024 4411; x_wconf 85' lang='grc' dir='ltr'><strong>τῶν</strong></span> <span class='ocrx_word' id='word_1_334' title='bbox 1059 4357 1342 4435; x_wconf 65' lang='grc' dir='ltr'>παρόντων</span> <span class='ocrx_word' id='word_1_335' title='bbox 1381 4374 1436 4411; x_wconf 90' lang='grc' dir='ltr'><strong>τι</strong></span> <span class='ocrx_word' id='word_1_336' title='bbox 1469 4360 1803 4431; x_wconf 82' lang='grc' dir='ltr'>συμμεριζο-</span> 
     </span>
    </p>
   </div>
   <div class='ocr_carea' id='block_1_46' title="bbox 220 4436 1319 4522">
    <p class='ocr_par' dir='ltr' id='par_1_46' title="bbox 220 4436 1319 4522">
     <span class='ocr_line' id='line_1_46' title="bbox 220 4436 1319 4522; baseline 0 -20"><span class='ocrx_word' id='word_1_337' title='bbox 220 4450 425 4522; x_wconf 84' lang='grc' dir='ltr'>μένους</span> <span class='ocrx_word' id='word_1_338' title='bbox 457 4449 490 4521; x_wconf 72' lang='grc' dir='ltr'>ἢ</span> <span class='ocrx_word' id='word_1_339' title='bbox 524 4449 821 4519; x_wconf 83' lang='grc' dir='ltr'>ἀφελέσθαι</span> <span class='ocrx_word' id='word_1_340' title='bbox 852 4436 1319 4520; x_wconf 85' lang='grc' dir='ltr'>φιλονεικοῦντας;</span> 
     </span>
    </p>
   </div>
   <div class='ocr_carea' id='block_1_47' title="bbox 308 4624 1800 4697">
    <p class='ocr_par' dir='ltr' id='par_1_47' title="bbox 308 4624 1800 4697">
     <span class='ocr_line' id='line_1_47' title="bbox 308 4624 1800 4697; baseline -0.001 -19"><span class='ocrx_word' id='word_1_341' title='bbox 308 4625 371 4678; x_wconf 85' lang='lat'><strong>&#39;0</strong></span> <span class='ocrx_word' id='word_1_342' title='bbox 400 4626 457 4680; x_wconf 78' lang='grc' dir='ltr'>δὲ</span> <span class='ocrx_word' id='word_1_343' title='bbox 488 4624 741 4696; x_wconf 79' lang='grc' dir='ltr'>βασιλεὺς</span> <span class='ocrx_word' id='word_1_344' title='bbox 774 4624 912 4697; x_wconf 72' lang='grc' dir='ltr'>ἔφη’</span> <span class='ocrx_word' id='word_1_345' title='bbox 946 4625 1085 4689; x_wconf 82' lang='grc' dir='ltr'>Τοὺς</span> <span class='ocrx_word' id='word_1_346' title='bbox 1108 4624 1314 4688; x_wconf 82' lang='grc' dir='ltr'>δεινοὺς</span> <span class='ocrx_word' id='word_1_347' title='bbox 1350 4624 1495 4692; x_wconf 84' lang='grc' dir='ltr'>ὑμᾶς</span> <span class='ocrx_word' id='word_1_348' title='bbox 1539 4624 1634 4677; x_wconf 75' lang='grc' dir='ltr'>καὶ</span> <span class='ocrx_word' id='word_1_349' title='bbox 1672 4624 1800 4677; x_wconf 86' lang='grc' dir='ltr'>λαο-</span> 
     </span>
    </p>
   </div>
   <div class='ocr_carea' id='block_1_48' title="bbox 216 4716 1802 4783">
    <p class='ocr_par' dir='ltr' id='par_1_48' title="bbox 216 4716 1802 4783">
     <span class='ocr_line' id='line_1_48' title="bbox 216 4716 1802 4783; baseline -0.003 -10"><span class='ocrx_word' id='word_1_350' title='bbox 216 4717 464 4783; x_wconf 76' lang='grc' dir='ltr'>πλάνους</span> <span class='ocrx_word' id='word_1_351' title='bbox 491 4718 715 4782; x_wconf 84' lang='grc' dir='ltr'>εἰκότως</span> <span class='ocrx_word' id='word_1_352' title='bbox 742 4717 976 4781; x_wconf 87' lang='grc' dir='ltr'>κολάζω,</span> <span class='ocrx_word' id='word_1_353' title='bbox 1018 4716 1102 4770; x_wconf 83' lang='grc' dir='ltr'>ὅτι</span> <span class='ocrx_word' id='word_1_354' title='bbox 1142 4718 1349 4780; x_wconf 88' lang='grc' dir='ltr'>πάντας</span> <span class='ocrx_word' id='word_1_355' title='bbox 1376 4717 1620 4770; x_wconf 79' lang='grc' dir='ltr'>άπατᾶτε</span> <span class='ocrx_word' id='word_1_356' title='bbox 1641 4756 1654 4780; x_wconf 93' lang='grc'><strong>,</strong></span> <span class='ocrx_word' id='word_1_357' title='bbox 1696 4717 1802 4769; x_wconf 81' lang='grc' dir='ltr'>άπ-</span> 
     </span>
    </p>
   </div>
   <div class='ocr_carea' id='block_1_49' title="bbox 217 4809 1803 4884">
    <p class='ocr_par' dir='ltr' id='par_1_49' title="bbox 217 4809 1803 4884">
     <span class='ocr_line' id='line_1_49' title="bbox 217 4809 1803 4884; baseline -0.004 -18"><span class='ocrx_word' id='word_1_358' title='bbox 217 4812 449 4883; x_wconf 84' lang='grc' dir='ltr'>έχεσθαι</span> <span class='ocrx_word' id='word_1_359' title='bbox 485 4812 595 4865; x_wconf 85' lang='grc' dir='ltr'><strong>τῶν</strong></span> <span class='ocrx_word' id='word_1_360' title='bbox 636 4812 885 4884; x_wconf 79' lang='grc' dir='ltr'>τερπνῶν</span> <span class='ocrx_word' id='word_1_361' title='bbox 916 4809 1011 4865; x_wconf 88' lang='grc' dir='ltr'><strong>τοῦ</strong></span> <span class='ocrx_word' id='word_1_362' title='bbox 1065 4810 1180 4881; x_wconf 89' lang='grc' dir='ltr'>βίου</span> <span class='ocrx_word' id='word_1_363' title='bbox 1230 4809 1632 4880; x_wconf 83' lang='grc' dir='ltr'>ὑποτιθέμενοι,</span> <span class='ocrx_word' id='word_1_364' title='bbox 1684 4809 1803 4876; x_wconf 77' lang='grc' dir='ltr'>καὶ,</span> 
     </span>
    </p>
   </div>
   <div class='ocr_carea' id='block_1_50' title="bbox 216 4901 1802 4974">
    <p class='ocr_par' dir='ltr' id='par_1_50' title="bbox 216 4901 1802 4974">
     <span class='ocr_line' id='line_1_50' title="bbox 216 4901 1802 4974; baseline -0.004 -16"><span class='ocrx_word' id='word_1_365' title='bbox 216 4905 347 4958; x_wconf 78' lang='grc' dir='ltr'>ἀντὶ</span> <span class='ocrx_word' id='word_1_366' title='bbox 366 4904 467 4974; x_wconf 81' lang='grc' dir='ltr'>τῆς</span> <span class='ocrx_word' id='word_1_367' title='bbox 490 4905 748 4973; x_wconf 80' lang='grc' dir='ltr'>γλυκείας</span> <span class='ocrx_word' id='word_1_368' title='bbox 776 4902 923 4974; x_wconf 79' lang='grc' dir='ltr'>ζωῆς</span> <span class='ocrx_word' id='word_1_369' title='bbox 945 4903 1042 4957; x_wconf 77' lang='grc' dir='ltr'>καὶ</span> <span class='ocrx_word' id='word_1_370' title='bbox 1069 4903 1169 4971; x_wconf 79' lang='grc' dir='ltr'>τῆς</span> <span class='ocrx_word' id='word_1_371' title='bbox 1198 4901 1587 4971; x_wconf 84' lang='grc' dir='ltr'>ποθεινοτάτης</span> <span class='ocrx_word' id='word_1_372' title='bbox 1608 4901 1802 4955; x_wconf 79' lang='grc' dir='ltr'>ἐπιθυ-</span> 
     </span>
    </p>
   </div>
   <div class='ocr_carea' id='block_1_51' title="bbox 222 4992 1804 5066">
    <p class='ocr_par' dir='ltr' id='par_1_51' title="bbox 222 4992 1804 5066">
     <span class='ocr_line' id='line_1_51' title="bbox 222 4992 1804 5066; baseline -0.003 -18"><span class='ocrx_word' id='word_1_373' title='bbox 222 4996 360 5066; x_wconf 89' lang='grc' dir='ltr'>μίας</span> <span class='ocrx_word' id='word_1_374' title='bbox 392 4996 486 5048; x_wconf 74' lang='grc' dir='ltr'>καὶ</span> <span class='ocrx_word' id='word_1_375' title='bbox 522 4995 741 5065; x_wconf 82' lang='grc' dir='ltr'>ήδονῆς,</span> <span class='ocrx_word' id='word_1_376' title='bbox 777 4994 876 5065; x_wconf 78' lang='grc' dir='ltr'><strong>τήν</strong></span> <span class='ocrx_word' id='word_1_377' title='bbox 918 4994 1162 5064; x_wconf 81' lang='grc' dir='ltr'>σκληρὰν</span> <span class='ocrx_word' id='word_1_378' title='bbox 1185 4993 1280 5047; x_wconf 72' lang='grc' dir='ltr'>καὶ</span> <span class='ocrx_word' id='word_1_379' title='bbox 1329 4992 1549 5063; x_wconf 82' lang='grc' dir='ltr'>ρυπὼδη</span> <span class='ocrx_word' id='word_1_380' title='bbox 1600 4992 1804 5061; x_wconf 89' lang='grc' dir='ltr'>ταύτην</span> 
     </span>
    </p>
   </div>
   <div class='ocr_carea' id='block_1_52' title="bbox 220 5078 1805 5156">
    <p class='ocr_par' dir='ltr' id='par_1_52' title="bbox 220 5078 1805 5156">
     <span class='ocr_line' id='line_1_52' title="bbox 220 5078 1805 5156; baseline -0.006 -18"><span class='ocrx_word' id='word_1_381' title='bbox 220 5088 324 5140; x_wconf 78' lang='grc' dir='ltr'>καὶ</span> <span class='ocrx_word' id='word_1_382' title='bbox 356 5085 522 5156; x_wconf 74' lang='lat'><strong>200</strong></span> <span class='ocrx_word' id='word_1_383' title='bbox 553 5084 790 5154; x_wconf 76' lang='grc' dir='ltr'>πιναρὰν</span> <span class='ocrx_word' id='word_1_384' title='bbox 828 5082 1148 5151; x_wconf 79' lang='grc' dir='ltr'>ἐκλέγεσθαι</span> <span class='ocrx_word' id='word_1_385' title='bbox 1187 5080 1414 5153; x_wconf 81' lang='grc' dir='ltr'>ἀγωγὴν</span> <span class='ocrx_word' id='word_1_386' title='bbox 1442 5078 1762 5143; x_wconf 72' lang='grc' dir='ltr'>ἐκϐιάζεσθε</span> <span class='ocrx_word' id='word_1_387' title='bbox 1789 5118 1805 5141; x_wconf 89' lang='grc'><strong>,</strong></span> 
     </span>
    </p>
   </div>
   <div class='ocr_carea' id='block_1_53' title="bbox 169 5265 416 5399">
    <p class='ocr_par' dir='ltr' id='par_1_53' title="bbox 169 5265 416 5399">
     <span class='ocr_line' id='line_1_53' title="bbox 169 5265 416 5399; baseline -0.004 -4"><span class='ocrx_word' id='word_1_388' title='bbox 169 5297 179 5308; x_wconf 84' lang='grc'><strong>’</strong></span> <span class='ocrx_word' id='word_1_389' title='bbox 224 5265 416 5399; x_wconf 63' lang='grc' dir='ltr'><strong>εεὲἷδὶ</strong></span> 
     </span>
    </p>
   </div>
   <div class='ocr_carea' id='block_1_54' title="bbox 302 5396 1809 5478">
    <p class='ocr_par' dir='ltr' id='par_1_54' title="bbox 302 5396 1809 5478">
     <span class='ocr_line' id='line_1_54' title="bbox 302 5396 1809 5478; baseline -0.01 -15"><span class='ocrx_word' id='word_1_390' title='bbox 302 5396 417 5478; x_wconf 67' lang='grc' dir='ltr'><strong>(Η)</strong></span> <span class='ocrx_word' id='word_1_391' title='bbox 451 5404 603 5478; x_wconf 21' lang='grc' dir='ltr'><strong>0,-ἐᾼξ</strong></span> <span class='ocrx_word' id='word_1_392' title='bbox 631 5405 754 5478; x_wconf 30' lang='grc' dir='ltr'>αᾼῦτ.</span> <span class='ocrx_word' id='word_1_393' title='bbox 784 5399 1122 5478; x_wconf 51' lang='grc' dir='ltr'>ἀκολουθεῖν,</span> <span class='ocrx_word' id='word_1_394' title='bbox 1154 5397 1468 5478; x_wconf 65' lang='lat' dir='ltr'><strong>ontis§a_vel</strong></span> <span class='ocrx_word' id='word_1_395' title='bbox 1525 5396 1809 5478; x_wconf 69' lang='lat' dir='ltr'><strong>transposil</strong></span> 
     </span>
    </p>
   </div>
   <div class='ocr_carea' id='block_1_55' title="bbox 1914 5396 2285 5478">
    <p class='ocr_par' dir='ltr' id='par_1_55' title="bbox 1914 5396 2285 5478">
     <span class='ocr_line' id='line_1_55' title="bbox 1914 5396 2285 5478; baseline -0.008 -28"><span class='ocrx_word' id='word_1_396' title='bbox 1914 5396 2285 5478; x_wconf 34' lang='lat' dir='ltr'><strong>irrepositione.</strong></span> 
     </span>
    </p>
   </div>
   <div class='ocr_carea' id='block_1_56' title="bbox 1920 630 3485 701">
    <p class='ocr_par' dir='ltr' id='par_1_56' title="bbox 1920 630 3485 701">
     <span class='ocr_line' id='line_1_56' title="bbox 1920 630 3485 701; baseline 0 -14"><span class='ocrx_word' id='word_1_397' title='bbox 1920 636 2005 688; x_wconf 83' lang='lat' dir='ltr'><strong>vix</strong></span> <span class='ocrx_word' id='word_1_398' title='bbox 2047 635 2257 689; x_wconf 84' lang='lat' dir='ltr'><strong>tandem</strong></span> <span class='ocrx_word' id='word_1_399' title='bbox 2284 648 2350 687; x_wconf 83' lang='lat' dir='ltr'><strong>ex</strong></span> <span class='ocrx_word' id='word_1_400' title='bbox 2393 631 2591 701; x_wconf 82' lang='lat' dir='ltr'><strong>ingenti</strong></span> <span class='ocrx_word' id='word_1_401' title='bbox 2624 630 2798 687; x_wconf 81' lang='lat' dir='ltr'><strong>furore</strong></span> <span class='ocrx_word' id='word_1_402' title='bbox 2823 647 3117 701; x_wconf 84' lang='lat' dir='ltr'><strong>emergens,</strong></span> <span class='ocrx_word' id='word_1_403' title='bbox 3146 633 3485 690; x_wconf 77' lang='lat' dir='ltr'><strong>carniﬁcibus</strong></span> 
     </span>
    </p>
   </div>
   <div class='ocr_carea' id='block_1_57' title="bbox 1922 724 3493 794">
    <p class='ocr_par' dir='ltr' id='par_1_57' title="bbox 1922 724 3493 794">
     <span class='ocr_line' id='line_1_57' title="bbox 1922 724 3493 794; baseline -0.001 -15"><span class='ocrx_word' id='word_1_404' title='bbox 1922 726 2230 781; x_wconf 81' lang='lat' dir='ltr'><strong>verberandi</strong></span> <span class='ocrx_word' id='word_1_405' title='bbox 2263 726 2418 778; x_wconf 81' lang='lat' dir='ltr'><strong>linem</strong></span> <span class='ocrx_word' id='word_1_406' title='bbox 2450 726 2621 778; x_wconf 75' lang='lat' dir='ltr'><strong>facere</strong></span> <span class='ocrx_word' id='word_1_407' title='bbox 2647 724 2944 789; x_wconf 77' lang='lat' dir='ltr'><strong>imperavit,</strong></span> <span class='ocrx_word' id='word_1_408' title='bbox 2975 735 3133 794; x_wconf 90' lang='lat' dir='ltr'><strong>atque</strong></span> <span class='ocrx_word' id='word_1_409' title='bbox 3153 737 3216 777; x_wconf 87' lang='lat' dir='ltr'><strong>aa</strong></span> <span class='ocrx_word' id='word_1_410' title='bbox 3242 740 3335 779; x_wconf 88' lang='lat' dir='ltr'><strong>eos</strong></span> <span class='ocrx_word' id='word_1_411' title='bbox 3364 725 3439 778; x_wconf 90' lang='lat' dir='ltr'><strong>ait</strong></span> <span class='ocrx_word' id='word_1_412' title='bbox 3467 736 3493 777; x_wconf 83' lang='lat'><strong>:&#39;</strong></span> 
     </span>
    </p>
   </div>
   <div class='ocr_carea' id='block_1_58' title="bbox 1917 816 3491 888">
    <p class='ocr_par' dir='ltr' id='par_1_58' title="bbox 1917 816 3491 888">
     <span class='ocr_line' id='line_1_58' title="bbox 1917 816 3491 888; baseline -0.001 -14"><span class='ocrx_word' id='word_1_413' title='bbox 1917 821 2156 888; x_wconf 86' lang='lat' dir='ltr'><strong>Quanam</strong></span> <span class='ocrx_word' id='word_1_414' title='bbox 2203 818 2268 872; x_wconf 78' lang='lat' dir='ltr'><strong>de</strong></span> <span class='ocrx_word' id='word_1_415' title='bbox 2296 832 2453 872; x_wconf 87' lang='lat' dir='ltr'><strong>causa</strong></span> <span class='ocrx_word' id='word_1_416' title='bbox 2520 816 2637 871; x_wconf 71' lang='lat' dir='ltr'><strong>lucc</strong></span> <span class='ocrx_word' id='word_1_417' title='bbox 2710 824 3049 871; x_wconf 86' lang='lat' dir='ltr'><strong>mortuorum</strong></span> <span class='ocrx_word' id='word_1_418' title='bbox 3121 832 3244 874; x_wconf 88' lang='lat' dir='ltr'><strong>ossa</strong></span> <span class='ocrx_word' id='word_1_419' title='bbox 3313 827 3491 885; x_wconf 78' lang='lat' dir='ltr'><strong>gesta-</strong></span> 
     </span>
    </p>
   </div>
   <div class='ocr_carea' id='block_1_59' title="bbox 1916 905 3485 977">
    <p class='ocr_par' dir='ltr' id='par_1_59' title="bbox 1916 905 3485 977">
     <span class='ocr_line' id='line_1_59' title="bbox 1916 905 3485 977; baseline -0.001 -14"><span class='ocrx_word' id='word_1_420' title='bbox 1916 909 2018 965; x_wconf 74' lang='grc' dir='ltr'>ι.ἰεί</span> <span class='ocrx_word' id='word_1_421' title='bbox 2037 910 2093 965; x_wconf 89' lang='lat' dir='ltr'><strong>Si</strong></span> <span class='ocrx_word' id='word_1_422' title='bbox 2120 924 2325 975; x_wconf 83' lang='lat' dir='ltr'><strong>eorum,</strong></span> <span class='ocrx_word' id='word_1_423' title='bbox 2350 907 2415 961; x_wconf 82' lang='lat' dir='ltr'><strong>ad</strong></span> <span class='ocrx_word' id='word_1_424' title='bbox 2437 921 2571 977; x_wconf 90' lang='lat' dir='ltr'><strong>quos</strong></span> <span class='ocrx_word' id='word_1_425' title='bbox 2594 907 2861 975; x_wconf 73' lang='lat' dir='ltr'><strong>pertinent</strong></span> <span class='ocrx_word' id='word_1_426' title='bbox 2888 905 3153 961; x_wconf 89' lang='lat' dir='ltr'><strong>desiderio</strong></span> <span class='ocrx_word' id='word_1_427' title='bbox 3178 905 3289 961; x_wconf 77' lang='lat' dir='ltr'><strong>lucc</strong></span> <span class='ocrx_word' id='word_1_428' title='bbox 3317 907 3485 975; x_wconf 75' lang='lat' dir='ltr'><strong>fertis,</strong></span> 
     </span>
    </p>
   </div>
   <div class='ocr_carea' id='block_1_60' title="bbox 1917 997 3486 1068">
    <p class='ocr_par' dir='ltr' id='par_1_60' title="bbox 1917 997 3486 1068">
     <span class='ocr_line' id='line_1_60' title="bbox 1917 997 3486 1068; baseline -0.004 -10"><span class='ocrx_word' id='word_1_429' title='bbox 1917 1002 2017 1058; x_wconf 90' lang='lat' dir='ltr'><strong>hac</strong></span> <span class='ocrx_word' id='word_1_430' title='bbox 2049 1006 2160 1068; x_wconf 86' lang='lat' dir='ltr'><strong>ipsa</strong></span> <span class='ocrx_word' id='word_1_431' title='bbox 2191 1002 2318 1056; x_wconf 82' lang='lat' dir='ltr'><strong>liora</strong></span> <span class='ocrx_word' id='word_1_432' title='bbox 2348 1015 2441 1053; x_wconf 87' lang='lat' dir='ltr'><strong>vos</strong></span> <span class='ocrx_word' id='word_1_433' title='bbox 2470 999 2631 1054; x_wconf 89' lang='lat' dir='ltr'><strong>etiam</strong></span> <span class='ocrx_word' id='word_1_434' title='bbox 2660 1013 2779 1053; x_wconf 90' lang='lat' dir='ltr'><strong>cum</strong></span> <span class='ocrx_word' id='word_1_435' title='bbox 2813 998 2915 1052; x_wconf 84' lang='lat' dir='ltr'><strong>illis</strong></span> <span class='ocrx_word' id='word_1_436' title='bbox 2939 997 3247 1061; x_wconf 89' lang='lat' dir='ltr'><strong>collocabo,</strong></span> <span class='ocrx_word' id='word_1_437' title='bbox 3279 1006 3359 1061; x_wconf 91' lang='lat' dir='ltr'><strong>ut,</strong></span> <span class='ocrx_word' id='word_1_438' title='bbox 3386 1012 3486 1052; x_wconf 83' lang='lat' dir='ltr'><strong>vo-</strong></span> 
     </span>
    </p>
   </div>
   <div class='ocr_carea' id='block_1_61' title="bbox 1915 1087 3483 1159">
    <p class='ocr_par' dir='ltr' id='par_1_61' title="bbox 1915 1087 3483 1159">
     <span class='ocr_line' id='line_1_61' title="bbox 1915 1087 3483 1159; baseline -0.004 -10"><span class='ocrx_word' id='word_1_439' title='bbox 1915 1100 2091 1149; x_wconf 82' lang='lat' dir='ltr'><strong>torum</strong></span> <span class='ocrx_word' id='word_1_440' title='bbox 2123 1101 2419 1147; x_wconf 79' lang='lat' dir='ltr'><strong>vestrorum</strong></span> <span class='ocrx_word' id='word_1_441' title='bbox 2452 1098 2728 1159; x_wconf 80' lang='lat' dir='ltr'><strong>compotes</strong></span> <span class='ocrx_word' id='word_1_442' title='bbox 2756 1088 2952 1151; x_wconf 82' lang='lat' dir='ltr'><strong>ell‘ecti,</strong></span> <span class='ocrx_word' id='word_1_443' title='bbox 2979 1091 3200 1158; x_wconf 78' lang='lat' dir='ltr'><strong>gratiam</strong></span> <span class='ocrx_word' id='word_1_444' title='bbox 3232 1087 3362 1142; x_wconf 87' lang='lat' dir='ltr'><strong>mihi</strong></span> <span class='ocrx_word' id='word_1_445' title='bbox 3387 1088 3483 1143; x_wconf 84' lang='lat' dir='ltr'><strong>ba-</strong></span> 
     </span>
    </p>
   </div>
   <div class='ocr_carea' id='block_1_62' title="bbox 1915 1177 3488 1247">
    <p class='ocr_par' dir='ltr' id='par_1_62' title="bbox 1915 1177 3488 1247">
     <span class='ocr_line' id='line_1_62' title="bbox 1915 1177 3488 1247; baseline -0.004 -10"><span class='ocrx_word' id='word_1_446' title='bbox 1915 1182 2102 1238; x_wconf 81' lang='lat' dir='ltr'><strong>beatis.</strong></span> <span class='ocrx_word' id='word_1_447' title='bbox 2137 1181 2336 1235; x_wconf 73' lang='lat' dir='ltr'><strong>Diviuze</strong></span> <span class='ocrx_word' id='word_1_448' title='bbox 2387 1189 2563 1234; x_wconf 88' lang='lat' dir='ltr'><strong>autem</strong></span> <span class='ocrx_word' id='word_1_449' title='bbox 2595 1179 2735 1232; x_wconf 80' lang='lat' dir='ltr'><strong>illius</strong></span> <span class='ocrx_word' id='word_1_450' title='bbox 2764 1178 3000 1232; x_wconf 84' lang='lat' dir='ltr'><strong>cohortis</strong></span> <span class='ocrx_word' id='word_1_451' title='bbox 3040 1177 3143 1231; x_wconf 86' lang='lat' dir='ltr'><strong>dux</strong></span> <span class='ocrx_word' id='word_1_452' title='bbox 3191 1186 3351 1247; x_wconf 89' lang='lat' dir='ltr'><strong>atque</strong></span> <span class='ocrx_word' id='word_1_453' title='bbox 3394 1192 3488 1231; x_wconf 87' lang='lat' dir='ltr'><strong>an-</strong></span> 
     </span>
    </p>
   </div>
   <div class='ocr_carea' id='block_1_63' title="bbox 1916 1267 3487 1341">
    <p class='ocr_par' dir='ltr' id='par_1_63' title="bbox 1916 1267 3487 1341">
     <span class='ocr_line' id='line_1_63' title="bbox 1916 1267 3487 1341; baseline -0.001 -15"><span class='ocrx_word' id='word_1_454' title='bbox 1916 1273 2066 1326; x_wconf 86' lang='lat' dir='ltr'><strong>tistes</strong></span> <span class='ocrx_word' id='word_1_455' title='bbox 2091 1273 2262 1341; x_wconf 83' lang='lat' dir='ltr'><strong>regias</strong></span> <span class='ocrx_word' id='word_1_456' title='bbox 2300 1272 2469 1325; x_wconf 88' lang='lat' dir='ltr'><strong>minas</strong></span> <span class='ocrx_word' id='word_1_457' title='bbox 2518 1284 2615 1338; x_wconf 91' lang='lat' dir='ltr'><strong>pro</strong></span> <span class='ocrx_word' id='word_1_458' title='bbox 2661 1267 2825 1323; x_wconf 84' lang='lat' dir='ltr'><strong>nihilo</strong></span> <span class='ocrx_word' id='word_1_459' title='bbox 2851 1267 3052 1323; x_wconf 89' lang='lat' dir='ltr'><strong>ducens</strong></span> <span class='ocrx_word' id='word_1_460' title='bbox 3082 1268 3301 1333; x_wconf 83' lang='lat' dir='ltr'><strong>perinde</strong></span> <span class='ocrx_word' id='word_1_461' title='bbox 3348 1282 3412 1323; x_wconf 84' lang='lat' dir='ltr'><strong>ac</strong></span> <span class='ocrx_word' id='word_1_462' title='bbox 3439 1269 3487 1323; x_wconf 97' lang='lat' dir='ltr'><strong>si</strong></span> 
     </span>
    </p>
   </div>
   <div class='ocr_carea' id='block_1_64' title="bbox 1913 1360 3486 1432">
    <p class='ocr_par' dir='ltr' id='par_1_64' title="bbox 1913 1360 3486 1432">
     <span class='ocr_line' id='line_1_64' title="bbox 1913 1360 3486 1432; baseline -0.004 -14"><span class='ocrx_word' id='word_1_463' title='bbox 1913 1364 2042 1418; x_wconf 84' lang='lat' dir='ltr'><strong>nihil</strong></span> <span class='ocrx_word' id='word_1_464' title='bbox 2068 1365 2164 1432; x_wconf 89' lang='lat' dir='ltr'><strong>ipsi</strong></span> <span class='ocrx_word' id='word_1_465' title='bbox 2188 1363 2396 1416; x_wconf 83' lang='lat' dir='ltr'><strong>adversi</strong></span> <span class='ocrx_word' id='word_1_466' title='bbox 2423 1364 2751 1431; x_wconf 75' lang='lat' dir='ltr'><strong>contigisset,</strong></span> <span class='ocrx_word' id='word_1_467' title='bbox 2778 1360 2939 1414; x_wconf 88' lang='lat' dir='ltr'><strong>libera</strong></span> <span class='ocrx_word' id='word_1_468' title='bbox 2963 1374 3094 1414; x_wconf 75' lang='lat' dir='ltr'><strong>Voce</strong></span> <span class='ocrx_word' id='word_1_469' title='bbox 3114 1374 3177 1414; x_wconf 91' lang='lat' dir='ltr'><strong>ac</strong></span> <span class='ocrx_word' id='word_1_470' title='bbox 3206 1360 3486 1428; x_wconf 85' lang='lat' dir='ltr'><strong>splendido</strong></span> 
     </span>
    </p>
   </div>
   <div class='ocr_carea' id='block_1_65' title="bbox 1912 1447 3484 1519">
    <p class='ocr_par' dir='ltr' id='par_1_65' title="bbox 1912 1447 3484 1519">
     <span class='ocr_line' id='line_1_65' title="bbox 1912 1447 3484 1519; baseline 0 -18"><span class='ocrx_word' id='word_1_471' title='bbox 1912 1449 2082 1518; x_wconf 81' lang='lat' dir='ltr'><strong>vultu,</strong></span> <span class='ocrx_word' id='word_1_472' title='bbox 2123 1452 2450 1519; x_wconf 85' lang='lat' dir='ltr'><strong>gratiamque</strong></span> <span class='ocrx_word' id='word_1_473' title='bbox 2492 1449 2544 1504; x_wconf 91' lang='lat' dir='ltr'><strong>in</strong></span> <span class='ocrx_word' id='word_1_474' title='bbox 2577 1448 2741 1516; x_wconf 88' lang='lat' dir='ltr'><strong>ipsius</strong></span> <span class='ocrx_word' id='word_1_475' title='bbox 2772 1447 2945 1501; x_wconf 89' lang='lat' dir='ltr'><strong>anima</strong></span> <span class='ocrx_word' id='word_1_476' title='bbox 2977 1448 3292 1502; x_wconf 87' lang='lat' dir='ltr'><strong>insidentem</strong></span> <span class='ocrx_word' id='word_1_477' title='bbox 3322 1449 3484 1518; x_wconf 86' lang='lat' dir='ltr'><strong>signi-</strong></span> 
     </span>
    </p>
   </div>
   <div class='ocr_carea' id='block_1_66' title="bbox 1913 1537 3486 1608">
    <p class='ocr_par' dir='ltr' id='par_1_66' title="bbox 1913 1537 3486 1608">
     <span class='ocr_line' id='line_1_66' title="bbox 1913 1537 3486 1608; baseline 0.002 -17"><span class='ocrx_word' id='word_1_478' title='bbox 1913 1538 2125 1603; x_wconf 78' lang='lat' dir='ltr'><strong>ﬁcante,</strong></span> <span class='ocrx_word' id='word_1_479' title='bbox 2171 1538 2409 1593; x_wconf 89' lang='lat' dir='ltr'><strong>adhunc</strong></span> <span class='ocrx_word' id='word_1_480' title='bbox 2458 1538 2672 1592; x_wconf 87' lang='lat' dir='ltr'><strong>modum</strong></span> <span class='ocrx_word' id='word_1_481' title='bbox 2724 1537 3001 1605; x_wconf 87' lang='lat' dir='ltr'><strong>respondit</strong></span> <span class='ocrx_word' id='word_1_482' title='bbox 3031 1555 3043 1589; x_wconf 90' lang='lat'>:</span> <span class='ocrx_word' id='word_1_483' title='bbox 3079 1538 3203 1593; x_wconf 77' lang='lat' dir='ltr'><strong>lltec</strong></span> <span class='ocrx_word' id='word_1_484' title='bbox 3252 1553 3379 1608; x_wconf 86' lang='lat' dir='ltr'><strong>pura</strong></span> <span class='ocrx_word' id='word_1_485' title='bbox 3429 1550 3486 1594; x_wconf 90' lang='lat' dir='ltr'><strong>et</strong></span> 
     </span>
    </p>
   </div>
   <div class='ocr_carea' id='block_1_67' title="bbox 1911 1616 3528 1695">
    <p class='ocr_par' dir='ltr' id='par_1_67' title="bbox 1911 1616 3528 1695">
     <span class='ocr_line' id='line_1_67' title="bbox 1911 1616 3528 1695; baseline 0 -10"><span class='ocrx_word' id='word_1_486' title='bbox 1911 1641 2094 1687; x_wconf 87' lang='lat' dir='ltr'><strong>sancta</strong></span> <span class='ocrx_word' id='word_1_487' title='bbox 2132 1646 2251 1685; x_wconf 87' lang='lat' dir='ltr'><strong>ossa</strong></span> <span class='ocrx_word' id='word_1_488' title='bbox 2296 1631 2492 1685; x_wconf 89' lang='lat' dir='ltr'><strong>idcirco</strong></span> <span class='ocrx_word' id='word_1_489' title='bbox 2518 1630 2968 1695; x_wconf 77' lang='lat' dir='ltr'><strong>circumferimus,</strong></span> <span class='ocrx_word' id='word_1_490' title='bbox 3000 1637 3059 1684; x_wconf 89' lang='lat' dir='ltr'><strong>ut</strong></span> <span class='ocrx_word' id='word_1_491' title='bbox 3085 1630 3483 1686; x_wconf 83' lang='lat' dir='ltr'><strong>admirabilium</strong></span> <span class='ocrx_word' id='word_1_492' title='bbox 3524 1616 3528 1619; x_wconf 54' lang='grc'><em>’</em></span> 
     </span>
    </p>
   </div>
   <div class='ocr_carea' id='block_1_68' title="bbox 1912 1721 3484 1794">
    <p class='ocr_par' dir='ltr' id='par_1_68' title="bbox 1912 1721 3484 1794">
     <span class='ocr_line' id='line_1_68' title="bbox 1912 1721 3484 1794; baseline 0 -16"><span class='ocrx_word' id='word_1_493' title='bbox 1912 1728 2165 1791; x_wconf 82' lang='lat' dir='ltr'><strong>virorum,</strong></span> <span class='ocrx_word' id='word_1_494' title='bbox 2215 1738 2437 1791; x_wconf 89' lang='lat' dir='ltr'><strong>quorum</strong></span> <span class='ocrx_word' id='word_1_495' title='bbox 2487 1724 2599 1793; x_wconf 92' lang='lat' dir='ltr'><strong>ipsa</strong></span> <span class='ocrx_word' id='word_1_496' title='bbox 2645 1731 2790 1788; x_wconf 89' lang='lat' dir='ltr'><strong>sunt,</strong></span> <span class='ocrx_word' id='word_1_497' title='bbox 2838 1721 3160 1777; x_wconf 82' lang='lat' dir='ltr'><strong>desiderium</strong></span> <span class='ocrx_word' id='word_1_498' title='bbox 3212 1733 3484 1794; x_wconf 83' lang='lat' dir='ltr'><strong>utcunque</strong></span> 
     </span>
    </p>
   </div>
   <div class='ocr_carea' id='block_1_69' title="bbox 1911 1802 3480 1887">
    <p class='ocr_par' dir='ltr' id='par_1_69' title="bbox 1911 1802 3480 1887">
     <span class='ocr_line' id='line_1_69' title="bbox 1911 1802 3480 1887; baseline -0.004 -12"><span class='ocrx_word' id='word_1_499' title='bbox 1911 1820 2196 1882; x_wconf 85' lang='lat' dir='ltr'><strong>leniamus,</strong></span> <span class='ocrx_word' id='word_1_500' title='bbox 2223 1831 2512 1886; x_wconf 90' lang='lat' dir='ltr'><strong>eorumque</strong></span> <span class='ocrx_word' id='word_1_501' title='bbox 2533 1816 2832 1887; x_wconf 80' lang='lat' dir='ltr'><strong>religiosam</strong></span> <span class='ocrx_word' id='word_1_502' title='bbox 2856 1802 3315 1882; x_wconf 70' lang='lat' dir='ltr'><strong>exercitationem,</strong></span> <span class='ocrx_word' id='word_1_503' title='bbox 3344 1816 3480 1872; x_wconf 58' lang='lat' dir='ltr'><strong>Deo.</strong></span> 
     </span>
    </p>
   </div>
   <div class='ocr_carea' id='block_1_70' title="bbox 1910 1907 3476 1983">
    <p class='ocr_par' dir='ltr' id='par_1_70' title="bbox 1910 1907 3476 1983">
     <span class='ocr_line' id='line_1_70' title="bbox 1910 1907 3476 1983; baseline -0.003 -17"><span class='ocrx_word' id='word_1_504' title='bbox 1910 1927 2014 1983; x_wconf 90' lang='lat' dir='ltr'><strong>que</strong></span> <span class='ocrx_word' id='word_1_505' title='bbox 2054 1910 2268 1965; x_wconf 89' lang='lat' dir='ltr'><strong>cbaram</strong></span> <span class='ocrx_word' id='word_1_506' title='bbox 2296 1910 2455 1962; x_wconf 83' lang='lat' dir='ltr'><strong>vitam</strong></span> <span class='ocrx_word' id='word_1_507' title='bbox 2487 1907 2638 1962; x_wconf 88' lang='lat' dir='ltr'><strong>nobis</strong></span> <span class='ocrx_word' id='word_1_508' title='bbox 2681 1908 2733 1960; x_wconf 93' lang='lat' dir='ltr'><strong>in</strong></span> <span class='ocrx_word' id='word_1_509' title='bbox 2783 1907 3099 1962; x_wconf 89' lang='lat' dir='ltr'><strong>memoriam</strong></span> <span class='ocrx_word' id='word_1_510' title='bbox 3145 1921 3476 1974; x_wconf 82' lang='lat' dir='ltr'><strong>revocemus,</strong></span> 
     </span>
    </p>
   </div>
   <div class='ocr_carea' id='block_1_71' title="bbox 1910 1988 3476 2074">
    <p class='ocr_par' dir='ltr' id='par_1_71' title="bbox 1910 1988 3476 2074">
     <span class='ocr_line' id='line_1_71' title="bbox 1910 1988 3476 2074; baseline -0.005 -12"><span class='ocrx_word' id='word_1_511' title='bbox 1910 2017 2067 2074; x_wconf 83' lang='lat' dir='ltr'><strong>atque</strong></span> <span class='ocrx_word' id='word_1_512' title='bbox 2092 2004 2155 2059; x_wconf 92' lang='lat' dir='ltr'><strong>ad</strong></span> <span class='ocrx_word' id='word_1_513' title='bbox 2185 1988 2423 2073; x_wconf 80' lang='lat' dir='ltr'><strong>ejusdem</strong></span> <span class='ocrx_word' id='word_1_514' title='bbox 2451 2003 2574 2057; x_wconf 66' lang='lat' dir='ltr'><strong>vita:</strong></span> <span class='ocrx_word' id='word_1_515' title='bbox 2603 2003 2832 2056; x_wconf 79' lang='lat' dir='ltr'><strong>studium</strong></span> <span class='ocrx_word' id='word_1_516' title='bbox 2864 2016 2960 2057; x_wconf 90' lang='lat' dir='ltr'><strong>nos</strong></span> <span class='ocrx_word' id='word_1_517' title='bbox 2983 2003 3128 2071; x_wconf 93' lang='lat' dir='ltr'><strong>ipsos</strong></span> <span class='ocrx_word' id='word_1_518' title='bbox 3156 2002 3476 2066; x_wconf 78' lang='lat' dir='ltr'><strong>excitemus,</strong></span> 
     </span>
    </p>
   </div>
   <div class='ocr_carea' id='block_1_72' title="bbox 1911 2092 3481 2166">
    <p class='ocr_par' dir='ltr' id='par_1_72' title="bbox 1911 2092 3481 2166">
     <span class='ocr_line' id='line_1_72' title="bbox 1911 2092 3481 2166; baseline -0.003 -15"><span class='ocrx_word' id='word_1_519' title='bbox 1911 2111 1971 2153; x_wconf 86' lang='lat' dir='ltr'><strong>ac</strong></span> <span class='ocrx_word' id='word_1_520' title='bbox 1995 2097 2234 2166; x_wconf 86' lang='lat' dir='ltr'><strong>requiem</strong></span> <span class='ocrx_word' id='word_1_521' title='bbox 2261 2109 2377 2148; x_wconf 87' lang='lat' dir='ltr'><strong>eam</strong></span> <span class='ocrx_word' id='word_1_522' title='bbox 2418 2102 2472 2148; x_wconf 89' lang='lat' dir='ltr'><strong>et.</strong></span> <span class='ocrx_word' id='word_1_523' title='bbox 2500 2093 2713 2149; x_wconf 84' lang='lat' dir='ltr'><strong>delicias</strong></span> <span class='ocrx_word' id='word_1_524' title='bbox 2740 2109 2832 2146; x_wconf 84' lang='lat' dir='ltr'><strong>eas</strong></span> <span class='ocrx_word' id='word_1_525' title='bbox 2857 2092 2909 2146; x_wconf 90' lang='lat' dir='ltr'><strong>in</strong></span> <span class='ocrx_word' id='word_1_526' title='bbox 2954 2093 3142 2160; x_wconf 82' lang='lat' dir='ltr'><strong>quibus</strong></span> <span class='ocrx_word' id='word_1_527' title='bbox 3171 2107 3312 2147; x_wconf 89' lang='lat' dir='ltr'><strong>nunc</strong></span> <span class='ocrx_word' id='word_1_528' title='bbox 3360 2107 3481 2147; x_wconf 86' lang='lat' dir='ltr'><strong>ver-</strong></span> 
     </span>
    </p>
   </div>
   <div class='ocr_carea' id='block_1_73' title="bbox 1909 2182 3478 2252">
    <p class='ocr_par' dir='ltr' id='par_1_73' title="bbox 1909 2182 3478 2252">
     <span class='ocr_line' id='line_1_73' title="bbox 1909 2182 3478 2252; baseline -0.004 -10"><span class='ocrx_word' id='word_1_529' title='bbox 1909 2194 2093 2243; x_wconf 78' lang='lat' dir='ltr'><strong>santur</strong></span> <span class='ocrx_word' id='word_1_530' title='bbox 2120 2187 2191 2239; x_wconf 89' lang='lat' dir='ltr'><strong>ob</strong></span> <span class='ocrx_word' id='word_1_531' title='bbox 2229 2184 2411 2238; x_wconf 89' lang='lat' dir='ltr'><strong>oculos</strong></span> <span class='ocrx_word' id='word_1_532' title='bbox 2457 2185 2611 2238; x_wconf 89' lang='lat' dir='ltr'><strong>nobis</strong></span> <span class='ocrx_word' id='word_1_533' title='bbox 2648 2192 3025 2252; x_wconf 88' lang='lat' dir='ltr'><strong>proponentes,</strong></span> <span class='ocrx_word' id='word_1_534' title='bbox 3074 2183 3218 2252; x_wconf 88' lang='lat' dir='ltr'><strong>ipsos</strong></span> <span class='ocrx_word' id='word_1_535' title='bbox 3265 2182 3478 2250; x_wconf 71' lang='lat' dir='ltr'><strong>quidem</strong></span> 
     </span>
    </p>
   </div>
   <div class='ocr_carea' id='block_1_74' title="bbox 1912 2275 3477 2345">
    <p class='ocr_par' dir='ltr' id='par_1_74' title="bbox 1912 2275 3477 2345">
     <span class='ocr_line' id='line_1_74' title="bbox 1912 2275 3477 2345; baseline -0.004 -11"><span class='ocrx_word' id='word_1_536' title='bbox 1912 2278 2096 2334; x_wconf 85' lang='lat' dir='ltr'><strong>beatos</strong></span> <span class='ocrx_word' id='word_1_537' title='bbox 2128 2276 2493 2345; x_wconf 52' lang='lat' dir='ltr'><strong>praedicamus,</strong></span> <span class='ocrx_word' id='word_1_538' title='bbox 2542 2289 2639 2329; x_wconf 92' lang='lat' dir='ltr'><strong>nos</strong></span> <span class='ocrx_word' id='word_1_539' title='bbox 2666 2284 2839 2331; x_wconf 89' lang='lat' dir='ltr'><strong>autem</strong></span> <span class='ocrx_word' id='word_1_540' title='bbox 2871 2275 2936 2328; x_wconf 89' lang='lat' dir='ltr'><strong>ad</strong></span> <span class='ocrx_word' id='word_1_541' title='bbox 2976 2275 3245 2339; x_wconf 57' lang='lat' dir='ltr'><strong>sequenda</strong></span> <span class='ocrx_word' id='word_1_542' title='bbox 3291 2281 3477 2329; x_wconf 84' lang='lat' dir='ltr'><strong>eorum</strong></span> 
     </span>
    </p>
   </div>
   <div class='ocr_carea' id='block_1_75' title="bbox 1910 2367 3481 2439">
    <p class='ocr_par' dir='ltr' id='par_1_75' title="bbox 1910 2367 3481 2439">
     <span class='ocr_line' id='line_1_75' title="bbox 1910 2367 3481 2439; baseline -0.004 -14"><span class='ocrx_word' id='word_1_543' title='bbox 1910 2370 2131 2439; x_wconf 81' lang='lat' dir='ltr'><strong>vestigia</strong></span> <span class='ocrx_word' id='word_1_544' title='bbox 2162 2382 2258 2425; x_wconf 88' lang='lat' dir='ltr'><strong>nos</strong></span> <span class='ocrx_word' id='word_1_545' title='bbox 2284 2369 2429 2435; x_wconf 81' lang='lat' dir='ltr'><strong>ipsos</strong></span> <span class='ocrx_word' id='word_1_546' title='bbox 2456 2378 2639 2422; x_wconf 90' lang='lat' dir='ltr'><strong>mutuo</strong></span> <span class='ocrx_word' id='word_1_547' title='bbox 2665 2369 2923 2422; x_wconf 89' lang='lat' dir='ltr'><strong>acuimus.</strong></span> <span class='ocrx_word' id='word_1_548' title='bbox 2945 2367 3081 2434; x_wconf 88' lang='lat' dir='ltr'><strong>Quin</strong></span> <span class='ocrx_word' id='word_1_549' title='bbox 3102 2367 3263 2420; x_wconf 88' lang='lat' dir='ltr'><strong>etiam</strong></span> <span class='ocrx_word' id='word_1_550' title='bbox 3293 2368 3481 2420; x_wconf 88' lang='lat' dir='ltr'><strong>mortis</strong></span> 
     </span>
    </p>
   </div>
   <div class='ocr_carea' id='block_1_76' title="bbox 1912 2456 3481 2529">
    <p class='ocr_par' dir='ltr' id='par_1_76' title="bbox 1912 2456 3481 2529">
     <span class='ocr_line' id='line_1_76' title="bbox 1912 2456 3481 2529; baseline -0.004 -14"><span class='ocrx_word' id='word_1_551' title='bbox 1912 2459 2249 2529; x_wconf 86' lang='lat' dir='ltr'><strong>memoriam,</strong></span> <span class='ocrx_word' id='word_1_552' title='bbox 2277 2473 2395 2527; x_wconf 73' lang='lat' dir='ltr'><strong>qua:</strong></span> <span class='ocrx_word' id='word_1_553' title='bbox 2418 2473 2752 2527; x_wconf 86' lang='lat' dir='ltr'><strong>permagnam</strong></span> <span class='ocrx_word' id='word_1_554' title='bbox 2784 2458 3067 2513; x_wconf 82' lang='lat' dir='ltr'><strong>utilitatem</strong></span> <span class='ocrx_word' id='word_1_555' title='bbox 3107 2456 3293 2523; x_wconf 74' lang='lat' dir='ltr'><strong>atl‘ert,</strong></span> <span class='ocrx_word' id='word_1_556' title='bbox 3320 2467 3481 2523; x_wconf 86' lang='lat' dir='ltr'><strong>atque</strong></span> 
     </span>
    </p>
   </div>
   <div class='ocr_carea' id='block_1_77' title="bbox 1912 2549 3482 2621">
    <p class='ocr_par' dir='ltr' id='par_1_77' title="bbox 1912 2549 3482 2621">
     <span class='ocr_line' id='line_1_77' title="bbox 1912 2549 3482 2621; baseline -0.003 -15"><span class='ocrx_word' id='word_1_557' title='bbox 1912 2552 1979 2607; x_wconf 90' lang='lat' dir='ltr'><strong>ad</strong></span> <span class='ocrx_word' id='word_1_558' title='bbox 2007 2552 2269 2621; x_wconf 62' lang='lat' dir='ltr'><strong>religiosae</strong></span> <span class='ocrx_word' id='word_1_559' title='bbox 2296 2553 2418 2605; x_wconf 65' lang='lat' dir='ltr'><strong>vitae</strong></span> <span class='ocrx_word' id='word_1_560' title='bbox 2447 2552 2737 2607; x_wconf 86' lang='lat' dir='ltr'><strong>certamina</strong></span> <span class='ocrx_word' id='word_1_561' title='bbox 2766 2558 3041 2619; x_wconf 90' lang='lat' dir='ltr'><strong>promptos</strong></span> <span class='ocrx_word' id='word_1_562' title='bbox 3084 2565 3181 2604; x_wconf 89' lang='lat' dir='ltr'><strong>nos</strong></span> <span class='ocrx_word' id='word_1_563' title='bbox 3222 2563 3284 2603; x_wconf 89' lang='lat' dir='ltr'><strong>ac</strong></span> <span class='ocrx_word' id='word_1_564' title='bbox 3330 2549 3482 2602; x_wconf 83' lang='lat' dir='ltr'><strong>velut.</strong></span> 
     </span>
    </p>
   </div>
   <div class='ocr_carea' id='block_1_78' title="bbox 1909 2641 3482 2713">
    <p class='ocr_par' dir='ltr' id='par_1_78' title="bbox 1909 2641 3482 2713">
     <span class='ocr_line' id='line_1_78' title="bbox 1909 2641 3482 2713; baseline -0.001 -17"><span class='ocrx_word' id='word_1_565' title='bbox 1909 2650 2169 2713; x_wconf 87' lang='lat' dir='ltr'><strong>pennatos</strong></span> <span class='ocrx_word' id='word_1_566' title='bbox 2197 2641 2388 2707; x_wconf 85' lang='lat' dir='ltr'><strong>reddit,</strong></span> <span class='ocrx_word' id='word_1_567' title='bbox 2421 2642 2574 2696; x_wconf 92' lang='lat' dir='ltr'><strong>nobis</strong></span> <span class='ocrx_word' id='word_1_568' title='bbox 2603 2641 2724 2695; x_wconf 92' lang='lat' dir='ltr'><strong>hinc</strong></span> <span class='ocrx_word' id='word_1_569' title='bbox 2750 2655 3140 2712; x_wconf 88' lang='lat' dir='ltr'><strong>comparamus.</strong></span> <span class='ocrx_word' id='word_1_570' title='bbox 3170 2654 3234 2695; x_wconf 90' lang='lat' dir='ltr'><strong>ac</strong></span> <span class='ocrx_word' id='word_1_571' title='bbox 3262 2649 3482 2709; x_wconf 70' lang='lat' dir='ltr'><strong>practer-</strong></span> 
     </span>
    </p>
   </div>
   <div class='ocr_carea' id='block_1_79' title="bbox 1909 2725 3233 2785">
    <p class='ocr_par' dir='ltr' id='par_1_79' title="bbox 1909 2725 3233 2785">
     <span class='ocr_line' id='line_1_79' title="bbox 1909 2725 3233 2785; baseline -0.005 0"><span class='ocrx_word' id='word_1_572' title='bbox 1909 2743 1969 2785; x_wconf 85' lang='lat' dir='ltr'><strong>ea</strong></span> <span class='ocrx_word' id='word_1_573' title='bbox 1999 2744 2064 2782; x_wconf 89' lang='lat' dir='ltr'><strong>ex</strong></span> <span class='ocrx_word' id='word_1_574' title='bbox 2090 2742 2274 2783; x_wconf 91' lang='lat' dir='ltr'><strong>eorum</strong></span> <span class='ocrx_word' id='word_1_575' title='bbox 2302 2734 2550 2783; x_wconf 89' lang='lat' dir='ltr'><strong>contactu</strong></span> <span class='ocrx_word' id='word_1_576' title='bbox 2571 2726 2904 2781; x_wconf 76' lang='lat' dir='ltr'><strong>sanctitatem</strong></span> <span class='ocrx_word' id='word_1_577' title='bbox 2936 2725 3233 2780; x_wconf 89' lang='lat' dir='ltr'><strong>haurimus.</strong></span> 
     </span>
    </p>
   </div>
   <div class='ocr_carea' id='block_1_80' title="bbox 1985 2814 3479 2888">
    <p class='ocr_par' dir='ltr' id='par_1_80' title="bbox 1985 2814 3479 2888">
     <span class='ocr_line' id='line_1_80' title="bbox 1985 2814 3479 2888; baseline -0.003 -14"><span class='ocrx_word' id='word_1_578' title='bbox 1985 2821 2212 2875; x_wconf 82' lang='lat' dir='ltr'><strong>Rursum</strong></span> <span class='ocrx_word' id='word_1_579' title='bbox 2244 2819 2401 2888; x_wconf 79' lang='lat' dir='ltr'><strong>igitur</strong></span> <span class='ocrx_word' id='word_1_580' title='bbox 2428 2833 2560 2872; x_wconf 88' lang='lat' dir='ltr'><strong>rex:</strong></span> <span class='ocrx_word' id='word_1_581' title='bbox 2604 2816 2685 2884; x_wconf 90' lang='lat' dir='ltr'><strong>Si,</strong></span> <span class='ocrx_word' id='word_1_582' title='bbox 2730 2817 2918 2883; x_wconf 86' lang='lat' dir='ltr'><strong>inquit,</strong></span> <span class='ocrx_word' id='word_1_583' title='bbox 2967 2816 3152 2870; x_wconf 90' lang='lat' dir='ltr'><strong>mortis</strong></span> <span class='ocrx_word' id='word_1_584' title='bbox 3181 2814 3479 2870; x_wconf 87' lang='lat' dir='ltr'><strong>recordatio</strong></span> 
     </span>
    </p>
   </div>
   <div class='ocr_carea' id='block_1_81' title="bbox 1911 2905 3483 2976">
    <p class='ocr_par' dir='ltr' id='par_1_81' title="bbox 1911 2905 3483 2976">
     <span class='ocr_line' id='line_1_81' title="bbox 1911 2905 3483 2976; baseline -0.004 -11"><span class='ocrx_word' id='word_1_585' title='bbox 1911 2921 2089 2968; x_wconf 72' lang='lat' dir='ltr'><strong>vestra</strong></span> <span class='ocrx_word' id='word_1_586' title='bbox 2118 2909 2382 2965; x_wconf 85' lang='lat' dir='ltr'><strong>sententia</strong></span> <span class='ocrx_word' id='word_1_587' title='bbox 2408 2908 2687 2962; x_wconf 85' lang='lat' dir='ltr'><strong>utilitatem</strong></span> <span class='ocrx_word' id='word_1_588' title='bbox 2721 2907 2878 2976; x_wconf 87' lang='lat' dir='ltr'><strong>parit,</strong></span> <span class='ocrx_word' id='word_1_589' title='bbox 2906 2905 3151 2974; x_wconf 83' lang='lat' dir='ltr'><strong>quidnam</strong></span> <span class='ocrx_word' id='word_1_590' title='bbox 3181 2919 3357 2959; x_wconf 63' lang='lat' dir='ltr'><strong>causa:</strong></span> <span class='ocrx_word' id='word_1_591' title='bbox 3397 2914 3483 2958; x_wconf 88' lang='lat' dir='ltr'><strong>est</strong></span> 
     </span>
    </p>
   </div>
   <div class='ocr_carea' id='block_1_82' title="bbox 1908 2996 3481 3069">
    <p class='ocr_par' dir='ltr' id='par_1_82' title="bbox 1908 2996 3481 3069">
     <span class='ocr_line' id='line_1_82' title="bbox 1908 2996 3481 3069; baseline -0.007 -9"><span class='ocrx_word' id='word_1_592' title='bbox 1908 3020 2005 3060; x_wconf 87' lang='lat' dir='ltr'><strong>cur</strong></span> <span class='ocrx_word' id='word_1_593' title='bbox 2036 3018 2142 3059; x_wconf 91' lang='lat' dir='ltr'><strong>non</strong></span> <span class='ocrx_word' id='word_1_594' title='bbox 2172 3002 2226 3057; x_wconf 89' lang='lat' dir='ltr'><strong>in</strong></span> <span class='ocrx_word' id='word_1_595' title='bbox 2249 3016 2529 3068; x_wconf 88' lang='lat' dir='ltr'><strong>corporum</strong></span> <span class='ocrx_word' id='word_1_596' title='bbox 2557 3000 2729 3069; x_wconf 88' lang='lat' dir='ltr'><strong>potius</strong></span> <span class='ocrx_word' id='word_1_597' title='bbox 2769 3006 3067 3053; x_wconf 80' lang='lat' dir='ltr'><strong>vestrorum</strong></span> <span class='ocrx_word' id='word_1_598' title='bbox 3101 2996 3331 3060; x_wconf 87' lang='lat' dir='ltr'><strong>ossibus,</strong></span> <span class='ocrx_word' id='word_1_599' title='bbox 3360 3010 3481 3063; x_wconf 85' lang='lat' dir='ltr'><strong>quae</strong></span> 
     </span>
    </p>
   </div>
   <div class='ocr_carea' id='block_1_83' title="bbox 1908 3086 3480 3161">
    <p class='ocr_par' dir='ltr' id='par_1_83' title="bbox 1908 3086 3480 3161">
     <span class='ocr_line' id='line_1_83' title="bbox 1908 3086 3480 3161; baseline -0.006 -11"><span class='ocrx_word' id='word_1_600' title='bbox 1908 3105 2085 3150; x_wconf 84' lang='lat' dir='ltr'><strong>vestra</strong></span> <span class='ocrx_word' id='word_1_601' title='bbox 2117 3102 2261 3160; x_wconf 88' lang='lat' dir='ltr'><strong>sunt,</strong></span> <span class='ocrx_word' id='word_1_602' title='bbox 2312 3108 2374 3147; x_wconf 90' lang='lat' dir='ltr'><strong>ac</strong></span> <span class='ocrx_word' id='word_1_603' title='bbox 2416 3091 2718 3161; x_wconf 85' lang='lat' dir='ltr'><strong>propediem</strong></span> <span class='ocrx_word' id='word_1_604' title='bbox 2770 3088 3077 3155; x_wconf 90' lang='lat' dir='ltr'><strong>interibunt,</strong></span> <span class='ocrx_word' id='word_1_605' title='bbox 3108 3103 3264 3156; x_wconf 88' lang='lat' dir='ltr'><strong>quam</strong></span> <span class='ocrx_word' id='word_1_606' title='bbox 3312 3087 3365 3140; x_wconf 91' lang='lat' dir='ltr'><strong>in</strong></span> <span class='ocrx_word' id='word_1_607' title='bbox 3395 3086 3480 3141; x_wconf 87' lang='lat' dir='ltr'><strong>his</strong></span> 
     </span>
    </p>
   </div>
   <div class='ocr_carea' id='block_1_84' title="bbox 1910 3178 3409 3253">
    <p class='ocr_par' dir='ltr' id='par_1_84' title="bbox 1910 3178 3409 3253">
     <span class='ocr_line' id='line_1_84' title="bbox 1910 3178 3409 3253; baseline -0.007 -12"><span class='ocrx_word' id='word_1_608' title='bbox 1910 3188 2101 3241; x_wconf 90' lang='lat' dir='ltr'><strong>alienis</strong></span> <span class='ocrx_word' id='word_1_609' title='bbox 2129 3195 2288 3253; x_wconf 87' lang='lat' dir='ltr'><strong>atque</strong></span> <span class='ocrx_word' id='word_1_610' title='bbox 2315 3183 2578 3253; x_wconf 87' lang='lat' dir='ltr'><strong>corruptis</strong></span> <span class='ocrx_word' id='word_1_611' title='bbox 2605 3184 2739 3237; x_wconf 89' lang='lat' dir='ltr'><strong>hanc</strong></span> <span class='ocrx_word' id='word_1_612' title='bbox 2765 3181 3075 3235; x_wconf 88' lang='lat' dir='ltr'><strong>memoriam</strong></span> <span class='ocrx_word' id='word_1_613' title='bbox 3102 3178 3409 3247; x_wconf 77' lang='lat' dir='ltr'><strong>usurpatis?</strong></span> 
     </span>
    </p>
   </div>
   <div class='ocr_carea' id='block_1_85' title="bbox 1983 3252 3509 3343">
    <p class='ocr_par' dir='ltr' id='par_1_85' title="bbox 1983 3252 3509 3343">
     <span class='ocr_line' id='line_1_85' title="bbox 1983 3252 3509 3343; baseline -0.005 -15"><span class='ocrx_word' id='word_1_614' title='bbox 1983 3252 2273 3343; x_wconf 78' lang='lat' dir='ltr'><strong>Respondit</strong></span> <span class='ocrx_word' id='word_1_615' title='bbox 2303 3252 2594 3326; x_wconf 85' lang='lat' dir='ltr'><strong>monachus</strong></span> <span class='ocrx_word' id='word_1_616' title='bbox 2627 3287 2642 3323; x_wconf 92' lang='lat'>:</span> <span class='ocrx_word' id='word_1_617' title='bbox 2686 3270 2819 3325; x_wconf 87' lang='lat' dir='ltr'><strong>Cum</strong></span> <span class='ocrx_word' id='word_1_618' title='bbox 2850 3270 3077 3337; x_wconf 88' lang='lat' dir='ltr'><strong>quinque</strong></span> <span class='ocrx_word' id='word_1_619' title='bbox 3106 3282 3295 3339; x_wconf 86' lang='lat' dir='ltr'><strong>causas</strong></span> <span class='ocrx_word' id='word_1_620' title='bbox 3337 3252 3509 3321; x_wconf 41' lang='lat' dir='ltr'><strong>altu?</strong></span> 
     </span>
    </p>
   </div>
   <div class='ocr_carea' id='block_1_86' title="bbox 1911 3360 3478 3432">
    <p class='ocr_par' dir='ltr' id='par_1_86' title="bbox 1911 3360 3478 3432">
     <span class='ocr_line' id='line_1_86' title="bbox 1911 3360 3478 3432; baseline -0.005 -11"><span class='ocrx_word' id='word_1_621' title='bbox 1911 3367 2064 3421; x_wconf 90' lang='lat' dir='ltr'><strong>lerim</strong></span> <span class='ocrx_word' id='word_1_622' title='bbox 2113 3364 2455 3432; x_wconf 82' lang='lat' dir='ltr'><strong>quamobrem</strong></span> <span class='ocrx_word' id='word_1_623' title='bbox 2505 3362 2755 3431; x_wconf 90' lang='lat' dir='ltr'><strong>reliquias</strong></span> <span class='ocrx_word' id='word_1_624' title='bbox 2802 3361 3257 3425; x_wconf 78' lang='lat' dir='ltr'><strong>circumferamus,</strong></span> <span class='ocrx_word' id='word_1_625' title='bbox 3307 3367 3362 3413; x_wconf 90' lang='lat' dir='ltr'><strong>tu</strong></span> <span class='ocrx_word' id='word_1_626' title='bbox 3408 3360 3478 3413; x_wconf 85' lang='lat' dir='ltr'><strong>ad</strong></span> 
     </span>
    </p>
   </div>
   <div class='ocr_carea' id='block_1_87' title="bbox 1909 3450 3475 3521">
    <p class='ocr_par' dir='ltr' id='par_1_87' title="bbox 1909 3450 3475 3521">
     <span class='ocr_line' id='line_1_87' title="bbox 1909 3450 3475 3521; baseline -0.004 -10"><span class='ocrx_word' id='word_1_627' title='bbox 1909 3472 2067 3511; x_wconf 89' lang='lat' dir='ltr'><strong>unam</strong></span> <span class='ocrx_word' id='word_1_628' title='bbox 2126 3455 2382 3509; x_wconf 82' lang='lat' dir='ltr'><strong>duntaxat</strong></span> <span class='ocrx_word' id='word_1_629' title='bbox 2435 3451 2784 3521; x_wconf 89' lang='lat' dir='ltr'><strong>respondens,</strong></span> <span class='ocrx_word' id='word_1_630' title='bbox 2830 3450 3034 3504; x_wconf 79' lang='lat' dir='ltr'><strong>cavillis</strong></span> <span class='ocrx_word' id='word_1_631' title='bbox 3078 3450 3131 3503; x_wconf 93' lang='lat' dir='ltr'><strong>in</strong></span> <span class='ocrx_word' id='word_1_632' title='bbox 3159 3464 3257 3503; x_wconf 83' lang='lat' dir='ltr'><strong>nos</strong></span> <span class='ocrx_word' id='word_1_633' title='bbox 3286 3450 3475 3505; x_wconf 88' lang='lat' dir='ltr'><strong>uteris.</strong></span> 
     </span>
    </p>
   </div>
   <div class='ocr_carea' id='block_1_88' title="bbox 1912 3539 3479 3613">
    <p class='ocr_par' dir='ltr' id='par_1_88' title="bbox 1912 3539 3479 3613">
     <span class='ocr_line' id='line_1_88' title="bbox 1912 3539 3479 3613; baseline -0.007 -11"><span class='ocrx_word' id='word_1_634' title='bbox 1912 3548 2106 3602; x_wconf 86' lang='lat' dir='ltr'><strong>Verum</strong></span> <span class='ocrx_word' id='word_1_635' title='bbox 2132 3543 2451 3613; x_wconf 87' lang='lat' dir='ltr'><strong>expressius.</strong></span> <span class='ocrx_word' id='word_1_636' title='bbox 2481 3541 2605 3596; x_wconf 89' lang='lat' dir='ltr'><strong>mihi</strong></span> <span class='ocrx_word' id='word_1_637' title='bbox 2628 3541 2806 3605; x_wconf 87' lang='lat' dir='ltr'><strong>crede,</strong></span> <span class='ocrx_word' id='word_1_638' title='bbox 2831 3555 3017 3595; x_wconf 89' lang='lat' dir='ltr'><strong>eorum</strong></span> <span class='ocrx_word' id='word_1_639' title='bbox 3041 3540 3125 3607; x_wconf 89' lang='lat' dir='ltr'><strong>qui</strong></span> <span class='ocrx_word' id='word_1_640' title='bbox 3150 3539 3259 3608; x_wconf 85' lang='lat' dir='ltr'><strong>jam</strong></span> <span class='ocrx_word' id='word_1_641' title='bbox 3289 3540 3479 3593; x_wconf 86' lang='lat' dir='ltr'><strong>deces-</strong></span> 
     </span>
    </p>
   </div>
   <div class='ocr_carea' id='block_1_89' title="bbox 1909 3635 3479 3699">
    <p class='ocr_par' dir='ltr' id='par_1_89' title="bbox 1909 3635 3479 3699">
     <span class='ocr_line' id='line_1_89' title="bbox 1909 3635 3479 3699; baseline -0.006 -6"><span class='ocrx_word' id='word_1_642' title='bbox 1909 3645 2093 3694; x_wconf 88' lang='lat' dir='ltr'><strong>serunt</strong></span> <span class='ocrx_word' id='word_1_643' title='bbox 2120 3651 2239 3691; x_wconf 86' lang='lat' dir='ltr'><strong>ossa</strong></span> <span class='ocrx_word' id='word_1_644' title='bbox 2267 3637 2456 3689; x_wconf 89' lang='lat' dir='ltr'><strong>mortis</strong></span> <span class='ocrx_word' id='word_1_645' title='bbox 2506 3635 2814 3688; x_wconf 84' lang='lat' dir='ltr'><strong>memoriam</strong></span> <span class='ocrx_word' id='word_1_646' title='bbox 2866 3641 3271 3699; x_wconf 69' lang='lat' dir='ltr'><strong>repraesentant,</strong></span> <span class='ocrx_word' id='word_1_647' title='bbox 3319 3646 3479 3699; x_wconf 91' lang='lat' dir='ltr'><strong>quam</strong></span> 
     </span>
    </p>
   </div>
   <div class='ocr_carea' id='block_1_90' title="bbox 1909 3721 3478 3797">
    <p class='ocr_par' dir='ltr' id='par_1_90' title="bbox 1909 3721 3478 3797">
     <span class='ocr_line' id='line_1_90' title="bbox 1909 3721 3478 3797; baseline -0.008 -11"><span class='ocrx_word' id='word_1_648' title='bbox 1909 3746 2092 3786; x_wconf 90' lang='lat' dir='ltr'><strong>eorum</strong></span> <span class='ocrx_word' id='word_1_649' title='bbox 2133 3730 2219 3797; x_wconf 90' lang='lat' dir='ltr'><strong>qui</strong></span> <span class='ocrx_word' id='word_1_650' title='bbox 2293 3727 2449 3794; x_wconf 83' lang='lat' dir='ltr'><strong>hujus</strong></span> <span class='ocrx_word' id='word_1_651' title='bbox 2500 3727 2625 3779; x_wconf 83' lang='lat' dir='ltr'><strong>vitae</strong></span> <span class='ocrx_word' id='word_1_652' title='bbox 2681 3740 2837 3778; x_wconf 89' lang='lat' dir='ltr'><strong>usura</strong></span> <span class='ocrx_word' id='word_1_653' title='bbox 2894 3721 3159 3777; x_wconf 79' lang='lat' dir='ltr'><strong>fruuntur.</strong></span> <span class='ocrx_word' id='word_1_654' title='bbox 3212 3721 3478 3775; x_wconf 65' lang='lat' dir='ltr'><strong>Caeterum</strong></span> 
     </span>
    </p>
   </div>
   <div class='ocr_carea' id='block_1_91' title="bbox 1908 3812 3477 3890">
    <p class='ocr_par' dir='ltr' id='par_1_91' title="bbox 1908 3812 3477 3890">
     <span class='ocr_line' id='line_1_91' title="bbox 1908 3812 3477 3890; baseline -0.006 -16"><span class='ocrx_word' id='word_1_655' title='bbox 1908 3820 2159 3890; x_wconf 87' lang='lat' dir='ltr'><strong>quoniam</strong></span> <span class='ocrx_word' id='word_1_656' title='bbox 2190 3827 2244 3872; x_wconf 91' lang='lat' dir='ltr'><strong>tu</strong></span> <span class='ocrx_word' id='word_1_657' title='bbox 2275 3817 2343 3871; x_wconf 87' lang='lat' dir='ltr'><strong>de</strong></span> <span class='ocrx_word' id='word_1_658' title='bbox 2374 3818 2454 3869; x_wconf 90' lang='lat' dir='ltr'><strong>his</strong></span> <span class='ocrx_word' id='word_1_659' title='bbox 2497 3817 2567 3869; x_wconf 89' lang='lat' dir='ltr'><strong>ita</strong></span> <span class='ocrx_word' id='word_1_660' title='bbox 2593 3816 2800 3877; x_wconf 85' lang='lat' dir='ltr'><strong>statuis,</strong></span> <span class='ocrx_word' id='word_1_661' title='bbox 2842 3824 2997 3883; x_wconf 88' lang='lat' dir='ltr'><strong>atque</strong></span> <span class='ocrx_word' id='word_1_662' title='bbox 3027 3827 3145 3867; x_wconf 84' lang='lat' dir='ltr'><strong>ossa</strong></span> <span class='ocrx_word' id='word_1_663' title='bbox 3184 3826 3245 3866; x_wconf 89' lang='lat' dir='ltr'><strong>ea</strong></span> <span class='ocrx_word' id='word_1_664' title='bbox 3277 3827 3393 3879; x_wconf 72' lang='lat' dir='ltr'><strong>quae</strong></span> <span class='ocrx_word' id='word_1_665' title='bbox 3424 3812 3477 3864; x_wconf 89' lang='lat' dir='ltr'><strong>in</strong></span> 
     </span>
    </p>
   </div>
   <div class='ocr_carea' id='block_1_92' title="bbox 1908 3904 3481 3973">
    <p class='ocr_par' dir='ltr' id='par_1_92' title="bbox 1908 3904 3481 3973">
     <span class='ocr_line' id='line_1_92' title="bbox 1908 3904 3481 3973; baseline -0.008 -6"><span class='ocrx_word' id='word_1_666' title='bbox 1908 3926 2071 3967; x_wconf 90' lang='lat' dir='ltr'><strong>carne</strong></span> <span class='ocrx_word' id='word_1_667' title='bbox 2098 3920 2187 3964; x_wconf 89' lang='lat' dir='ltr'><strong>tua</strong></span> <span class='ocrx_word' id='word_1_668' title='bbox 2217 3918 2342 3963; x_wconf 91' lang='lat' dir='ltr'><strong>sunt</strong></span> <span class='ocrx_word' id='word_1_669' title='bbox 2388 3917 2613 3962; x_wconf 88' lang='lat' dir='ltr'><strong>mortem</strong></span> <span class='ocrx_word' id='word_1_670' title='bbox 2643 3908 2737 3960; x_wconf 87' lang='lat' dir='ltr'><strong>tibi</strong></span> <span class='ocrx_word' id='word_1_671' title='bbox 2767 3906 2934 3960; x_wconf 90' lang='lat' dir='ltr'><strong>oculis</strong></span> <span class='ocrx_word' id='word_1_672' title='bbox 2984 3905 3259 3973; x_wconf 87' lang='lat' dir='ltr'><strong>objiciunt,</strong></span> <span class='ocrx_word' id='word_1_673' title='bbox 3287 3904 3375 3972; x_wconf 88' lang='lat' dir='ltr'><strong>qui</strong></span> <span class='ocrx_word' id='word_1_674' title='bbox 3422 3905 3481 3956; x_wconf 84' lang='lat' dir='ltr'><strong>ﬁt</strong></span> 
     </span>
    </p>
   </div>
   <div class='ocr_carea' id='block_1_93' title="bbox 1910 3994 3481 4069">
    <p class='ocr_par' dir='ltr' id='par_1_93' title="bbox 1910 3994 3481 4069">
     <span class='ocr_line' id='line_1_93' title="bbox 1910 3994 3481 4069; baseline -0.005 -13"><span class='ocrx_word' id='word_1_675' title='bbox 1910 4011 1968 4056; x_wconf 88' lang='lat' dir='ltr'><strong>ut</strong></span> <span class='ocrx_word' id='word_1_676' title='bbox 2003 4001 2117 4069; x_wconf 91' lang='lat' dir='ltr'><strong>ipse</strong></span> <span class='ocrx_word' id='word_1_677' title='bbox 2141 4000 2248 4069; x_wconf 89' lang='lat' dir='ltr'><strong>jam</strong></span> <span class='ocrx_word' id='word_1_678' title='bbox 2274 3999 2486 4069; x_wconf 85' lang='lat' dir='ltr'><strong>jamque</strong></span> <span class='ocrx_word' id='word_1_679' title='bbox 2515 4006 2751 4051; x_wconf 74' lang='lat' dir='ltr'><strong>ventura:</strong></span> <span class='ocrx_word' id='word_1_680' title='bbox 2779 3996 2966 4051; x_wconf 90' lang='lat' dir='ltr'><strong>mortis</strong></span> <span class='ocrx_word' id='word_1_681' title='bbox 2996 4009 3222 4059; x_wconf 88' lang='lat' dir='ltr'><strong>memor,</strong></span> <span class='ocrx_word' id='word_1_682' title='bbox 3263 3994 3366 4047; x_wconf 89' lang='lat' dir='ltr'><strong>tuis</strong></span> <span class='ocrx_word' id='word_1_683' title='bbox 3397 4009 3481 4048; x_wconf 86' lang='lat' dir='ltr'><strong>re-</strong></span> 
     </span>
    </p>
   </div>
   <div class='ocr_carea' id='block_1_94' title="bbox 1909 4085 3479 4147">
    <p class='ocr_par' dir='ltr' id='par_1_94' title="bbox 1909 4085 3479 4147">
     <span class='ocr_line' id='line_1_94' title="bbox 1909 4085 3479 4147; baseline -0.005 -3"><span class='ocrx_word' id='word_1_684' title='bbox 1909 4090 2011 4145; x_wconf 83' lang='lat' dir='ltr'><strong>bus</strong></span> <span class='ocrx_word' id='word_1_685' title='bbox 2033 4098 2177 4143; x_wconf 86' lang='lat' dir='ltr'><strong>recte</strong></span> <span class='ocrx_word' id='word_1_686' title='bbox 2201 4102 2304 4142; x_wconf 91' lang='lat' dir='ltr'><strong>non</strong></span> <span class='ocrx_word' id='word_1_687' title='bbox 2333 4090 2601 4147; x_wconf 87' lang='lat' dir='ltr'><strong>consulas,</strong></span> <span class='ocrx_word' id='word_1_688' title='bbox 2628 4101 2812 4140; x_wconf 81' lang='lat' dir='ltr'><strong>verum</strong></span> <span class='ocrx_word' id='word_1_689' title='bbox 2859 4086 3092 4140; x_wconf 85' lang='lat' dir='ltr'><strong>animam</strong></span> <span class='ocrx_word' id='word_1_690' title='bbox 3146 4092 3292 4138; x_wconf 90' lang='lat' dir='ltr'><strong>tuam</strong></span> <span class='ocrx_word' id='word_1_691' title='bbox 3331 4085 3479 4137; x_wconf 89' lang='lat' dir='ltr'><strong>omni</strong></span> 
     </span>
    </p>
   </div>
   <div class='ocr_carea' id='block_1_95' title="bbox 1912 4174 3479 4250">
    <p class='ocr_par' dir='ltr' id='par_1_95' title="bbox 1912 4174 3479 4250">
     <span class='ocr_line' id='line_1_95' title="bbox 1912 4174 3479 4250; baseline -0.005 -17"><span class='ocrx_word' id='word_1_692' title='bbox 1912 4180 2231 4250; x_wconf 81' lang='lat' dir='ltr'><strong>ﬂagitiorum</strong></span> <span class='ocrx_word' id='word_1_693' title='bbox 2259 4178 2437 4247; x_wconf 83' lang='lat' dir='ltr'><strong>generi</strong></span> <span class='ocrx_word' id='word_1_694' title='bbox 2466 4177 2729 4231; x_wconf 87' lang='lat' dir='ltr'><strong>addictam</strong></span> <span class='ocrx_word' id='word_1_695' title='bbox 2756 4177 2974 4241; x_wconf 88' lang='lat' dir='ltr'><strong>habeas,</strong></span> <span class='ocrx_word' id='word_1_696' title='bbox 3008 4175 3100 4229; x_wconf 90' lang='lat' dir='ltr'><strong>Dei</strong></span> <span class='ocrx_word' id='word_1_697' title='bbox 3130 4184 3220 4228; x_wconf 89' lang='lat' dir='ltr'><strong>aut</strong></span> <span class='ocrx_word' id='word_1_698' title='bbox 3247 4174 3479 4232; x_wconf 87' lang='lat' dir='ltr'><strong>cultores</strong></span> 
     </span>
    </p>
   </div>
   <div class='ocr_carea' id='block_1_96' title="bbox 1910 4266 3481 4340">
    <p class='ocr_par' dir='ltr' id='par_1_96' title="bbox 1910 4266 3481 4340">
     <span class='ocr_line' id='line_1_96' title="bbox 1910 4266 3481 4340; baseline -0.004 -15"><span class='ocrx_word' id='word_1_699' title='bbox 1910 4285 1974 4325; x_wconf 85' lang='lat' dir='ltr'><strong>ac</strong></span> <span class='ocrx_word' id='word_1_700' title='bbox 1995 4269 2205 4340; x_wconf 87' lang='lat' dir='ltr'><strong>pietatis</strong></span> <span class='ocrx_word' id='word_1_701' title='bbox 2251 4269 2540 4330; x_wconf 86' lang='lat' dir='ltr'><strong>studiosos,</strong></span> <span class='ocrx_word' id='word_1_702' title='bbox 2595 4267 2685 4337; x_wconf 87' lang='lat' dir='ltr'><strong>qui</strong></span> <span class='ocrx_word' id='word_1_703' title='bbox 2731 4276 2784 4321; x_wconf 88' lang='lat' dir='ltr'><strong>te</strong></span> <span class='ocrx_word' id='word_1_704' title='bbox 2838 4266 2970 4321; x_wconf 90' lang='lat' dir='ltr'><strong>nihil</strong></span> <span class='ocrx_word' id='word_1_705' title='bbox 3025 4266 3481 4329; x_wconf 69' lang='lat' dir='ltr'><strong>latserunt,‘nihil</strong></span> 
     </span>
    </p>
   </div>
   <div class='ocr_carea' id='block_1_97' title="bbox 1914 4354 3481 4431">
    <p class='ocr_par' dir='ltr' id='par_1_97' title="bbox 1914 4354 3481 4431">
     <span class='ocr_line' id='line_1_97' title="bbox 1914 4354 3481 4431; baseline -0.003 -19"><span class='ocrx_word' id='word_1_706' title='bbox 1914 4362 2251 4431; x_wconf 63' lang='lat' dir='ltr'><strong>praesentium</strong></span> <span class='ocrx_word' id='word_1_707' title='bbox 2280 4374 2457 4414; x_wconf 89' lang='lat' dir='ltr'><strong>rerum</strong></span> <span class='ocrx_word' id='word_1_708' title='bbox 2486 4366 2660 4411; x_wconf 83' lang='lat' dir='ltr'><strong>tecum</strong></span> <span class='ocrx_word' id='word_1_709' title='bbox 2703 4371 2984 4412; x_wconf 88' lang='lat' dir='ltr'><strong>commune</strong></span> <span class='ocrx_word' id='word_1_710' title='bbox 3016 4355 3226 4418; x_wconf 90' lang='lat' dir='ltr'><strong>habent,</strong></span> <span class='ocrx_word' id='word_1_711' title='bbox 3256 4363 3347 4408; x_wconf 87' lang='lat' dir='ltr'><strong>aut</strong></span> <span class='ocrx_word' id='word_1_712' title='bbox 3386 4354 3481 4408; x_wconf 88' lang='lat' dir='ltr'><strong>tibi</strong></span> 
     </span>
    </p>
   </div>
   <div class='ocr_carea' id='block_1_98' title="bbox 1914 4446 3482 4522">
    <p class='ocr_par' dir='ltr' id='par_1_98' title="bbox 1914 4446 3482 4522">
     <span class='ocr_line' id='line_1_98' title="bbox 1914 4446 3482 4522; baseline -0.006 -16"><span class='ocrx_word' id='word_1_713' title='bbox 1914 4453 2122 4522; x_wconf 88' lang='lat' dir='ltr'><strong>eripere</strong></span> <span class='ocrx_word' id='word_1_714' title='bbox 2143 4451 2490 4514; x_wconf 87' lang='lat' dir='ltr'><strong>contendunt,</strong></span> <span class='ocrx_word' id='word_1_715' title='bbox 2540 4450 2821 4503; x_wconf 89' lang='lat' dir='ltr'><strong>immanem</strong></span> <span class='ocrx_word' id='word_1_716' title='bbox 2870 4456 2926 4502; x_wconf 90' lang='lat' dir='ltr'><strong>et</strong></span> <span class='ocrx_word' id='word_1_717' title='bbox 2971 4448 3240 4503; x_wconf 90' lang='lat' dir='ltr'><strong>crudelem</strong></span> <span class='ocrx_word' id='word_1_718' title='bbox 3282 4446 3333 4498; x_wconf 88' lang='lat' dir='ltr'><strong>in</strong></span> <span class='ocrx_word' id='word_1_719' title='bbox 3364 4460 3482 4498; x_wconf 86' lang='lat' dir='ltr'><strong>mo-</strong></span> 
     </span>
    </p>
   </div>
   <div class='ocr_carea' id='block_1_99' title="bbox 1914 4540 2557 4599">
    <p class='ocr_par' dir='ltr' id='par_1_99' title="bbox 1914 4540 2557 4599">
     <span class='ocr_line' id='line_1_99' title="bbox 1914 4540 2557 4599; baseline -0.012 0"><span class='ocrx_word' id='word_1_720' title='bbox 1914 4543 2039 4599; x_wconf 79' lang='lat' dir='ltr'><strong>dum</strong></span> <span class='ocrx_word' id='word_1_721' title='bbox 2067 4542 2135 4597; x_wconf 85' lang='lat' dir='ltr'><strong>de</strong></span> <span class='ocrx_word' id='word_1_722' title='bbox 2161 4540 2337 4595; x_wconf 79' lang='lat' dir='ltr'><strong>medio</strong></span> <span class='ocrx_word' id='word_1_723' title='bbox 2368 4540 2557 4592; x_wconf 76' lang='lat' dir='ltr'><strong>tollas?</strong></span> 
     </span>
    </p>
   </div>
   <div class='ocr_carea' id='block_1_100' title="bbox 1980 4615 3481 4693">
    <p class='ocr_par' dir='ltr' id='par_1_100' title="bbox 1980 4615 3481 4693">
     <span class='ocr_line' id='line_1_100' title="bbox 1980 4615 3481 4693; baseline -0.013 0"><span class='ocrx_word' id='word_1_724' title='bbox 1980 4640 2096 4692; x_wconf 85' lang='lat' dir='ltr'><strong>Rex</strong></span> <span class='ocrx_word' id='word_1_725' title='bbox 2117 4642 2296 4691; x_wconf 89' lang='lat' dir='ltr'><strong>autem</strong></span> <span class='ocrx_word' id='word_1_726' title='bbox 2325 4633 2436 4687; x_wconf 86' lang='lat' dir='ltr'><strong>ait:</strong></span> <span class='ocrx_word' id='word_1_727' title='bbox 2468 4630 2573 4683; x_wconf 81' lang='lat' dir='ltr'><strong>Vos</strong></span> <span class='ocrx_word' id='word_1_728' title='bbox 2594 4636 2651 4681; x_wconf 90' lang='lat' dir='ltr'><strong>ut</strong></span> <span class='ocrx_word' id='word_1_729' title='bbox 2676 4624 2949 4693; x_wconf 79' lang='lat' dir='ltr'><strong>pestiferos</strong></span> <span class='ocrx_word' id='word_1_730' title='bbox 2971 4620 3213 4676; x_wconf 86' lang='lat' dir='ltr'><strong>homines</strong></span> <span class='ocrx_word' id='word_1_731' title='bbox 3229 4615 3481 4686; x_wconf 77' lang='lat' dir='ltr'><strong>acpopuli</strong></span> 
     </span>
    </p>
   </div>
   <div class='ocr_carea' id='block_1_101' title="bbox 1913 4707 3484 4791">
    <p class='ocr_par' dir='ltr' id='par_1_101' title="bbox 1913 4707 3484 4791">
     <span class='ocr_line' id='line_1_101' title="bbox 1913 4707 3484 4791; baseline -0.016 -5"><span class='ocrx_word' id='word_1_732' title='bbox 1913 4731 2220 4786; x_wconf 90' lang='lat' dir='ltr'><strong>seductores</strong></span> <span class='ocrx_word' id='word_1_733' title='bbox 2249 4721 2520 4791; x_wconf 88' lang='lat' dir='ltr'><strong>suppliciis</strong></span> <span class='ocrx_word' id='word_1_734' title='bbox 2547 4718 2744 4780; x_wconf 74' lang='lat' dir='ltr'><strong>efficio,</strong></span> <span class='ocrx_word' id='word_1_735' title='bbox 2777 4713 3028 4784; x_wconf 79' lang='lat' dir='ltr'><strong>quoniam</strong></span> <span class='ocrx_word' id='word_1_736' title='bbox 3050 4724 3236 4765; x_wconf 86' lang='lat' dir='ltr'><strong>omnes</strong></span> <span class='ocrx_word' id='word_1_737' title='bbox 3260 4709 3312 4763; x_wconf 88' lang='lat' dir='ltr'><strong>in</strong></span> <span class='ocrx_word' id='word_1_738' title='bbox 3346 4707 3484 4762; x_wconf 80' lang='lat' dir='ltr'><strong>frau-</strong></span> 
     </span>
    </p>
   </div>
   <div class='ocr_carea' id='block_1_102' title="bbox 1913 4798 3598 4886">
    <p class='ocr_par' dir='ltr' id='par_1_102' title="bbox 1913 4798 3598 4886">
     <span class='ocr_line' id='line_1_102' title="bbox 1913 4798 3598 4886; baseline -0.015 -11"><span class='ocrx_word' id='word_1_739' title='bbox 1913 4820 2033 4874; x_wconf 90' lang='lat' dir='ltr'><strong>dem</strong></span> <span class='ocrx_word' id='word_1_740' title='bbox 2057 4816 2347 4886; x_wconf 83' lang='lat' dir='ltr'><strong>impellitis,</strong></span> <span class='ocrx_word' id='word_1_741' title='bbox 2364 4823 2524 4881; x_wconf 89' lang='lat' dir='ltr'><strong>atque</strong></span> <span class='ocrx_word' id='word_1_742' title='bbox 2538 4825 2566 4864; x_wconf 89' lang='lat' dir='ltr'><strong>a</strong></span> <span class='ocrx_word' id='word_1_743' title='bbox 2580 4809 2704 4881; x_wconf 54' lang='lat' dir='ltr'><strong>vita:</strong></span> <span class='ocrx_word' id='word_1_744' title='bbox 2723 4802 3140 4873; x_wconf 79' lang='lat' dir='ltr'><strong>iucunditatibus</strong></span> <span class='ocrx_word' id='word_1_745' title='bbox 3153 4798 3404 4862; x_wconf 82' lang='lat' dir='ltr'><strong>avocatis,</strong></span> <span class='ocrx_word' id='word_1_746' title='bbox 3420 4810 3486 4852; x_wconf 83' lang='lat' dir='ltr'><strong>ac</strong></span> <span class='ocrx_word' id='word_1_747' title='bbox 3570 4823 3598 4833; x_wconf 61' lang='grc'><strong>«-</strong></span> 
     </span>
    </p>
   </div>
   <div class='ocr_carea' id='block_1_103' title="bbox 1917 4888 3485 4980">
    <p class='ocr_par' dir='ltr' id='par_1_103' title="bbox 1917 4888 3485 4980">
     <span class='ocr_line' id='line_1_103' title="bbox 1917 4888 3485 4980; baseline -0.018 -13"><span class='ocrx_word' id='word_1_748' title='bbox 1917 4925 2013 4980; x_wconf 85' lang='lat' dir='ltr'><strong>pro</strong></span> <span class='ocrx_word' id='word_1_749' title='bbox 2041 4909 2181 4964; x_wconf 73' lang='lat' dir='ltr'><strong>ilulci</strong></span> <span class='ocrx_word' id='word_1_750' title='bbox 2209 4908 2313 4961; x_wconf 85' lang='lat' dir='ltr'><strong>vita</strong></span> <span class='ocrx_word' id='word_1_751' title='bbox 2339 4916 2393 4960; x_wconf 92' lang='lat' dir='ltr'><strong>et</strong></span> <span class='ocrx_word' id='word_1_752' title='bbox 2418 4901 2735 4957; x_wconf 79' lang='lat' dir='ltr'><strong>suavissima</strong></span> <span class='ocrx_word' id='word_1_753' title='bbox 2764 4895 3051 4964; x_wconf 86' lang='lat' dir='ltr'><strong>cupiditate</strong></span> <span class='ocrx_word' id='word_1_754' title='bbox 3080 4893 3183 4947; x_wconf 90' lang='lat' dir='ltr'><strong>huc</strong></span> <span class='ocrx_word' id='word_1_755' title='bbox 3201 4904 3293 4948; x_wconf 80' lang='lat' dir='ltr'><strong>eos</strong></span> <span class='ocrx_word' id='word_1_756' title='bbox 3320 4888 3485 4980; x_wconf 85' lang='lat' dir='ltr'><strong>adigi-</strong></span> 
     </span>
    </p>
   </div>
   <div class='ocr_carea' id='block_1_104' title="bbox 1920 4979 3487 5067">
    <p class='ocr_par' dir='ltr' id='par_1_104' title="bbox 1920 4979 3487 5067">
     <span class='ocr_line' id='line_1_104' title="bbox 1920 4979 3487 5067; baseline -0.019 -9"><span class='ocrx_word' id='word_1_757' title='bbox 1920 4979 2009 5067; x_wconf 82' lang='lat' dir='ltr'><strong>tis,</strong></span> <span class='ocrx_word' id='word_1_758' title='bbox 2038 5011 2094 5056; x_wconf 90' lang='lat' dir='ltr'><strong>ut</strong></span> <span class='ocrx_word' id='word_1_759' title='bbox 2120 5002 2306 5055; x_wconf 88' lang='lat' dir='ltr'><strong>duram</strong></span> <span class='ocrx_word' id='word_1_760' title='bbox 2344 5005 2399 5052; x_wconf 90' lang='lat' dir='ltr'><strong>et</strong></span> <span class='ocrx_word' id='word_1_761' title='bbox 2435 4993 2703 5050; x_wconf 87' lang='lat' dir='ltr'><strong>sordidam</strong></span> <span class='ocrx_word' id='word_1_762' title='bbox 2748 4998 2907 5058; x_wconf 88' lang='lat' dir='ltr'><strong>atque</strong></span> <span class='ocrx_word' id='word_1_763' title='bbox 2951 4995 3303 5040; x_wconf 65' lang='lat' dir='ltr'><strong>aerumnosam</strong></span> <span class='ocrx_word' id='word_1_764' title='bbox 3350 4979 3487 5032; x_wconf 84' lang='lat' dir='ltr'><strong>hau:</strong></span> 
     </span>
    </p>
   </div>
   <div class='ocr_carea' id='block_1_105' title="bbox 1919 5070 3486 5154">
    <p class='ocr_par' dir='ltr' id='par_1_105' title="bbox 1919 5070 3486 5154">
     <span class='ocr_line' id='line_1_105' title="bbox 1919 5070 3486 5154; baseline -0.017 -7"><span class='ocrx_word' id='word_1_765' title='bbox 1919 5093 2044 5147; x_wconf 72' lang='lat' dir='ltr'><strong>vita:</strong></span> <span class='ocrx_word' id='word_1_766' title='bbox 2093 5090 2356 5145; x_wconf 85' lang='lat' dir='ltr'><strong>rationem</strong></span> <span class='ocrx_word' id='word_1_767' title='bbox 2401 5084 2792 5154; x_wconf 86' lang='lat' dir='ltr'><strong>amplexentur,</strong></span> <span class='ocrx_word' id='word_1_768' title='bbox 2848 5076 3176 5144; x_wconf 89' lang='lat' dir='ltr'><strong>deorumque</strong></span> <span class='ocrx_word' id='word_1_769' title='bbox 3229 5070 3486 5125; x_wconf 88' lang='lat' dir='ltr'><strong>honorem</strong></span> 
     </span>
    </p>
   </div>
   <div class='ocr_carea' id='block_1_106' title="bbox 445 5245 1809 5375">
    <p class='ocr_par' dir='ltr' id='par_1_106' title="bbox 445 5255 1809 5375">
     <span class='ocr_line' id='line_1_106' title="bbox 445 5255 1809 5333; baseline -0.01 -12"><span class='ocrx_word' id='word_1_770' title='bbox 445 5263 765 5321; x_wconf 84' lang='lat' dir='ltr'><strong>Theodorus</strong></span> <span class='ocrx_word' id='word_1_771' title='bbox 799 5260 1021 5333; x_wconf 84' lang='lat' dir='ltr'><strong>llyrtac.</strong></span> <span class='ocrx_word' id='word_1_772' title='bbox 1049 5272 1211 5321; x_wconf 86' lang='lat' dir='ltr'><strong>supra</strong></span> <span class='ocrx_word' id='word_1_773' title='bbox 1246 5268 1283 5313; x_wconf 91' lang='lat' dir='ltr'><strong>t.</strong></span> <span class='ocrx_word' id='word_1_774' title='bbox 1318 5257 1357 5319; x_wconf 87' lang='lat' dir='ltr'><strong>l.</strong></span> <span class='ocrx_word' id='word_1_775' title='bbox 1395 5273 1449 5324; x_wconf 92' lang='lat' dir='ltr'><strong>p.</strong></span> <span class='ocrx_word' id='word_1_776' title='bbox 1480 5256 1585 5312; x_wconf 69' lang='grc'><strong>276</strong></span> <span class='ocrx_word' id='word_1_777' title='bbox 1633 5272 1646 5307; x_wconf 92' lang='lat'>:</span> <span class='ocrx_word' id='word_1_778' title='bbox 1679 5255 1809 5309; x_wconf 69' lang='grc' dir='ltr'>Καθε</span> 
     </span>
     <span class='ocr_line' id='line_1_107' title="bbox 445 5325 1809 5375; baseline 0 0"><span class='ocrx_word' id='word_1_779' title='bbox 445 5338 458 5375; x_wconf 70' lang='grc' dir='ltr'><strong>ι</strong></span> <span class='ocrx_word' id='word_1_780' title='bbox 514 5335 664 5375; x_wconf 76' lang='grc' dir='ltr'>οιιίιη</span> <span class='ocrx_word' id='word_1_781' title='bbox 693 5333 769 5375; x_wconf 64' lang='lat' dir='ltr'><strong>ne</strong></span> <span class='ocrx_word' id='word_1_782' title='bbox 796 5332 997 5375; x_wconf 73' lang='lat' dir='ltr'><strong>Ain-ah-</strong></span> <span class='ocrx_word' id='word_1_783' title='bbox 1030 5344 1082 5375; x_wconf 70' lang='grc' dir='ltr'><strong>ι)-</strong></span> <span class='ocrx_word' id='word_1_784' title='bbox 1113 5329 1219 5375; x_wconf 65' lang='grc' dir='ltr'><strong>5κῆ</strong></span> <span class='ocrx_word' id='word_1_785' title='bbox 1245 5347 1256 5375; x_wconf 85' lang='lat'>:</span> <span class='ocrx_word' id='word_1_786' title='bbox 1306 5326 1591 5375; x_wconf 77' lang='grc' dir='ltr'>’Δπαθεία-</span> <span class='ocrx_word' id='word_1_787' title='bbox 1623 5325 1809 5375; x_wconf 87' lang='grc' dir='ltr'>καθάπ</span> 
     </span>
    </p>
   </div>
   <div class='ocr_carea' id='block_1_107' title="bbox 1914 5245 3475 5375">
    <p class='ocr_par' dir='ltr' id='par_1_107' title="bbox 1914 5245 3475 5375">
     <span class='ocr_line' id='line_1_108' title="bbox 1917 5245 3475 5375; baseline -0.006 -67"><span class='ocrx_word' id='word_1_788' title='bbox 1917 5255 1999 5327; x_wconf 75' lang='lat' dir='ltr'><strong>pel</strong></span> <span class='ocrx_word' id='word_1_789' title='bbox 2035 5254 2264 5325; x_wconf 81' lang='grc' dir='ltr'>μηδενὸς</span> <span class='ocrx_word' id='word_1_790' title='bbox 2303 5253 2613 5334; x_wconf 66' lang='grc' dir='ltr'>συμβάντος</span> <span class='ocrx_word' id='word_1_791' title='bbox 2633 5251 2919 5375; x_wconf 79' lang='grc' dir='ltr'><strong>6μεγάλου,</strong></span> <span class='ocrx_word' id='word_1_792' title='bbox 2956 5246 3158 5332; x_wconf 73' lang='lat' dir='ltr'><strong>Quem‘</strong></span> <span class='ocrx_word' id='word_1_793' title='bbox 3178 5245 3322 5302; x_wconf 81' lang='lat' dir='ltr'><strong>conf.</strong></span> <span class='ocrx_word' id='word_1_794' title='bbox 3355 5257 3475 5314; x_wconf 82' lang='lat' dir='ltr'><strong>pag.</strong></span> 
     </span>
     <span class='ocr_line' id='line_1_109' title="bbox 1914 5317 3171 5375; baseline -0.003 0"><span class='ocrx_word' id='word_1_795' title='bbox 1914 5324 2137 5375; x_wconf 70' lang='grc' dir='ltr'>μηδενὸς</span> <span class='ocrx_word' id='word_1_796' title='bbox 2166 5325 2426 5375; x_wconf 71' lang='grc' dir='ltr'>ὀδυνηοω</span> <span class='ocrx_word' id='word_1_797' title='bbox 2453 5323 2627 5375; x_wconf 77' lang='grc' dir='ltr'>συμόε</span> <span class='ocrx_word' id='word_1_798' title='bbox 2669 5321 2880 5375; x_wconf 78' lang='grc' dir='ltr'>ηκότος.</span> <span class='ocrx_word' id='word_1_799' title='bbox 2914 5317 3171 5375; x_wconf 80' lang='grc' dir='ltr'>γοησθαι.</span> 
     </span>
    </p>
   </div>
   <div class='ocr_carea' id='block_1_108' title="bbox 424 5323 1809 5406">
    <p class='ocr_par' dir='ltr' id='par_1_108' title="bbox 424 5323 1809 5406">
     <span class='ocr_line' id='line_1_110' title="bbox 424 5323 1809 5406; baseline -0.008 -15"><span class='ocrx_word' id='word_1_800' title='bbox 424 5337 479 5391; x_wconf 77' lang='lat'><strong>3.</strong></span> <span class='ocrx_word' id='word_1_801' title='bbox 511 5333 769 5406; x_wconf 81' lang='lat' dir='ltr'><strong>PhiloDe</strong></span> <span class='ocrx_word' id='word_1_802' title='bbox 792 5323 1008 5406; x_wconf 57' lang='grc' dir='ltr'><strong>ᾼῖιζιιίιἱ</strong></span> <span class='ocrx_word' id='word_1_803' title='bbox 1030 5344 1082 5406; x_wconf 82' lang='lat' dir='ltr'><strong>p_.</strong></span> <span class='ocrx_word' id='word_1_804' title='bbox 1113 5329 1219 5383; x_wconf 78' lang='lat'><strong>385</strong></span> <span class='ocrx_word' id='word_1_805' title='bbox 1245 5347 1259 5406; x_wconf 87' lang='lat'><strong>:_</strong></span> <span class='ocrx_word' id='word_1_806' title='bbox 1306 5323 1591 5406; x_wconf 77' lang='grc' dir='ltr'>Ἀπαθεία,</span> <span class='ocrx_word' id='word_1_807' title='bbox 1623 5325 1809 5406; x_wconf 78' lang='grc' dir='ltr'>καθάπ</span> 
     </span>
    </p>
   </div>
   <div class='ocr_carea' id='block_1_109' title="bbox 1914 5323 2701 5406">
    <p class='ocr_par' dir='ltr' id='par_1_109' title="bbox 1914 5323 2701 5406">
     <span class='ocr_line' id='line_1_111' title="bbox 1914 5323 2701 5406; baseline -0.005 -28"><span class='ocrx_word' id='word_1_808' title='bbox 1914 5323 2153 5406; x_wconf 42' lang='grc' dir='ltr'>μηδενός.</span> <span class='ocrx_word' id='word_1_809' title='bbox 2166 5325 2323 5394; x_wconf 88' lang='grc' dir='ltr'>ὀδυνη</span> <span class='ocrx_word' id='word_1_810' title='bbox 2332 5323 2426 5406; x_wconf 56' lang='lat' dir='ltr'><strong>eo?)</strong></span> <span class='ocrx_word' id='word_1_811' title='bbox 2438 5341 2516 5406; x_wconf 55' lang='grc' dir='ltr'><strong>⁸συ</strong></span> <span class='ocrx_word' id='word_1_812' title='bbox 2525 5323 2701 5406; x_wconf 56' lang='grc' dir='ltr'>μόἑση</span> 
     </span>
    </p>
   </div>
   <div class='ocr_carea' id='block_1_110' title="bbox 2707 5317 3171 5390">
    <p class='ocr_par' dir='ltr' id='par_1_110' title="bbox 2707 5317 3171 5390">
     <span class='ocr_line' id='line_1_112' title="bbox 2707 5317 3171 5390; baseline -0.009 -15"><span class='ocrx_word' id='word_1_813' title='bbox 2707 5317 2880 5385; x_wconf 87' lang='grc' dir='ltr'>κότος.</span> <span class='ocrx_word' id='word_1_814' title='bbox 2914 5317 3171 5390; x_wconf 73' lang='grc' dir='ltr'>χρῆσθαι.</span> 
     </span>
    </p>
   </div>
   <div class='ocr_carea' id='block_1_111' title="bbox 2373 5380 3486 5454">
    <p class='ocr_par' dir='ltr' id='par_1_111' title="bbox 2373 5380 3486 5454">
     <span class='ocr_line' id='line_1_113' title="bbox 2373 5380 3486 5454; baseline -0.009 -7"><span class='ocrx_word' id='word_1_815' title='bbox 2373 5380 2561 5447; x_wconf 70' lang='grc' dir='ltr'>αεὶΙίυέ</span> <span class='ocrx_word' id='word_1_816' title='bbox 2588 5380 2753 5446; x_wconf 69' lang='grc' dir='ltr'>Ρταὲο.</span> <span class='ocrx_word' id='word_1_817' title='bbox 2786 5380 2855 5445; x_wconf 56' lang='grc' dir='ltr'>οξ</span> <span class='ocrx_word' id='word_1_818' title='bbox 2881 5380 2992 5445; x_wconf 63' lang='lat'><strong>53&#39;:</strong></span> <span class='ocrx_word' id='word_1_819' title='bbox 3009 5380 3213 5454; x_wconf 81' lang='grc' dir='ltr'>’Τούτῳ</span> <span class='ocrx_word' id='word_1_820' title='bbox 3246 5380 3336 5439; x_wconf 81' lang='grc' dir='ltr'>οὖν</span> <span class='ocrx_word' id='word_1_821' title='bbox 3357 5384 3486 5454; x_wconf 86' lang='grc' dir='ltr'>ἀρέ-</span> 
     </span>
    </p>
   </div>
   <div class='ocr_carea' id='block_1_112' title="bbox 229 5455 3485 5552">
    <p class='ocr_par' dir='ltr' id='par_1_112' title="bbox 229 5455 3485 5552">
     <span class='ocr_line' id='line_1_114' title="bbox 229 5455 3485 5552; baseline -0.007 -19"><span class='ocrx_word' id='word_1_822' title='bbox 229 5455 614 5552; x_wconf 42' lang='lat' dir='ltr'><strong>[angit—6&#39;s</strong></span> <span class='ocrx_word' id='word_1_823' title='bbox 654 5472 743 5552; x_wconf 78' lang='grc' dir='ltr'>διὰ</span> <span class='ocrx_word' id='word_1_824' title='bbox 768 5470 1005 5552; x_wconf 65' lang='grc' dir='ltr'><strong>παντὸς,⁸</strong></span> <span class='ocrx_word' id='word_1_825' title='bbox 1021 5455 1121 5539; x_wconf 78' lang='grc' dir='ltr'>τὴν</span> <span class='ocrx_word' id='word_1_826' title='bbox 1145 5468 1309 5552; x_wconf 71' lang='grc' dir='ltr'>αῦτοῦ</span> <span class='ocrx_word' id='word_1_827' title='bbox 1330 5468 1512 5552; x_wconf 43' lang='lat' dir='ltr'><strong>elatos?</strong></span> <span class='ocrx_word' id='word_1_828' title='bbox 1543 5455 1756 5552; x_wconf 53' lang='grc' dir='ltr'>σεαυτῷ</span> <span class='ocrx_word' id='word_1_829' title='bbox 1785 5455 2035 5549; x_wconf 56' lang='grc' dir='ltr'>καθμράν</span> <span class='ocrx_word' id='word_1_830' title='bbox 2069 5466 2163 5518; x_wconf 71' lang='grc' dir='ltr'>καὶ</span> <span class='ocrx_word' id='word_1_831' title='bbox 2199 5463 2503 5535; x_wconf 84' lang='grc' dir='ltr'>άμόλυντον</span> <span class='ocrx_word' id='word_1_832' title='bbox 2548 5461 2852 5531; x_wconf 83' lang='grc' dir='ltr'>φυλάττων.</span> <span class='ocrx_word' id='word_1_833' title='bbox 2886 5458 3068 5515; x_wconf 83' lang='lat' dir='ltr'><strong>Codex</strong></span> <span class='ocrx_word' id='word_1_834' title='bbox 3099 5455 3237 5512; x_wconf 71' lang='lat' dir='ltr'><strong>299i</strong></span> <span class='ocrx_word' id='word_1_835' title='bbox 3267 5458 3334 5521; x_wconf 83' lang='lat' dir='ltr'><strong>A,</strong></span> <span class='ocrx_word' id='word_1_836' title='bbox 3364 5455 3485 5510; x_wconf 76' lang='grc' dir='ltr'>δια-</span> 
     </span>
    </p>
   </div>
   <div class='ocr_carea' id='block_1_113' title="bbox 229 5537 1809 5619">
    <p class='ocr_par' dir='ltr' id='par_1_113' title="bbox 229 5537 1809 5619">
     <span class='ocr_line' id='line_1_115' title="bbox 229 5537 1809 5619; baseline -0.009 -18"><span class='ocrx_word' id='word_1_837' title='bbox 229 5549 537 5619; x_wconf 67' lang='grc' dir='ltr'>φυλάττων,</span> <span class='ocrx_word' id='word_1_838' title='bbox 569 5544 769 5619; x_wconf 76' lang='lat' dir='ltr'><strong>omisso</strong></span> <span class='ocrx_word' id='word_1_839' title='bbox 802 5537 1203 5619; x_wconf 43' lang='lat' dir='ltr'><strong>GEQUT®A_t-_|-lltld</strong></span> <span class='ocrx_word' id='word_1_840' title='bbox 1229 5555 1333 5593; x_wconf 89' lang='lat' dir='ltr'><strong>non</strong></span> <span class='ocrx_word' id='word_1_841' title='bbox 1366 5539 1525 5619; x_wconf 57' lang='lat' dir='ltr'><strong>yahle</strong></span> <span class='ocrx_word' id='word_1_842' title='bbox 1545 5537 1809 5619; x_wconf 47' lang='lat' dir='ltr'><strong>desidera}</strong></span> 
     </span>
    </p>
   </div>
   <div class='ocr_carea' id='block_1_114' title="bbox 1914 5537 3449 5619">
    <p class='ocr_par' dir='ltr' id='par_1_114' title="bbox 1914 5551 3449 5619">
     <span class='ocr_line' id='line_1_116' title="bbox 1914 5551 1985 5589; baseline 0.014 -1"><span class='ocrx_word' id='word_1_843' title='bbox 1914 5551 1985 5589; x_wconf 74' lang='lat' dir='ltr'><strong>&#39;n.</strong></span> 
     </span>
     <span class='ocr_line' id='line_1_117' title="bbox 2231 5593 3449 5619; baseline 0 0"><span class='ocrx_word' id='word_1_844' title='bbox 2231 5612 2325 5619; x_wconf 59' lang='lat'><strong><em>.,,.</em></strong></span> <span class='ocrx_word' id='word_1_845' title='bbox 2388 5601 2424 5619; x_wconf 73' lang='grc' dir='ltr'>η</span> <span class='ocrx_word' id='word_1_846' title='bbox 2480 5617 2509 5619; x_wconf 38' lang='grc' dir='ltr'><strong>Α-</strong></span> <span class='ocrx_word' id='word_1_847' title='bbox 2554 5600 2578 5619; x_wconf 64' lang='grc' dir='ltr'><strong>Ω</strong></span> <span class='ocrx_word' id='word_1_848' title='bbox 2641 5617 2652 5619; x_wconf 66' lang='lat'><strong><em>_</em></strong></span> <span class='ocrx_word' id='word_1_849' title='bbox 2682 5618 2687 5619; x_wconf 61' lang='lat'><strong><em>,</em></strong></span> <span class='ocrx_word' id='word_1_850' title='bbox 2768 5598 2901 5619; x_wconf 74' lang='lat' dir='ltr'>____.I</span> <span class='ocrx_word' id='word_1_851' title='bbox 2943 5596 3150 5619; x_wconf 66' lang='lat' dir='ltr'><strong>_...._.-_-I2</strong></span> <span class='ocrx_word' id='word_1_852' title='bbox 3210 5596 3307 5619; x_wconf 67' lang='grc' dir='ltr'><strong>Α-ει</strong></span> <span class='ocrx_word' id='word_1_853' title='bbox 3347 5593 3449 5619; x_wconf 65' lang='grc' dir='ltr'><strong>’-ΑΞ</strong></span> 
     </span>
    </p>
   </div>
   <div class='ocr_carea' id='block_1_115' title="bbox 310 5593 3483 5688">
    <p class='ocr_par' dir='ltr' id='par_1_115' title="bbox 310 5593 3483 5688">
     <span class='ocr_line' id='line_1_118' title="bbox 310 5593 3483 5688; baseline -0.01 -14"><span class='ocrx_word' id='word_1_854' title='bbox 310 5593 1427 5688; x_wconf 30' lang='lat' dir='ltr'><strong>(Il—Svféreiiispiquod-et&#39;Rillyusnyertit.</strong></span> <span class='ocrx_word' id='word_1_855' title='bbox 1464 5606 1795 5688; x_wconf 61' lang='lat' dir='ltr'><strong>Dubitationi</strong></span> <span class='ocrx_word' id='word_1_856' title='bbox 1828 5606 1977 5688; x_wconf 61' lang='lat' dir='ltr'><strong>locus</strong></span> <span class='ocrx_word' id='word_1_857' title='bbox 2006 5620 2129 5688; x_wconf 59' lang='lat' dir='ltr'><strong>esse</strong></span> <span class='ocrx_word' id='word_1_858' title='bbox 2156 5612 2351 5688; x_wconf 63' lang='lat' dir='ltr'><strong>potest.</strong></span> <span class='ocrx_word' id='word_1_859' title='bbox 2385 5601 2518 5657; x_wconf 88' lang='lat' dir='ltr'><strong>Cum</strong></span> <span class='ocrx_word' id='word_1_860' title='bbox 2551 5593 3483 5688; x_wconf 38' lang='grc' dir='ltr'>ᾗπερ,-ηιιοιξῌρι-ιεὶιιιίζεξίι</span> 
     </span>
    </p>
   </div>
   <div class='ocr_carea' id='block_1_116' title="bbox 230 5667 1809 5756">
    <p class='ocr_par' dir='ltr' id='par_1_116' title="bbox 230 5667 1809 5756">
     <span class='ocr_line' id='line_1_119' title="bbox 230 5667 1809 5756; baseline -0.01 -12"><span class='ocrx_word' id='word_1_861' title='bbox 230 5667 532 5756; x_wconf 64' lang='grc' dir='ltr'><strong>ιίεῈιῙξρξίὲ</strong></span> <span class='ocrx_word' id='word_1_862' title='bbox 560 5667 802 5739; x_wconf 73' lang='lat' dir='ltr'><strong>adverbii</strong></span> <span class='ocrx_word' id='word_1_863' title='bbox 826 5680 1047 5750; x_wconf 79' lang='grc' dir='ltr'>μᾶλλον.</span> <span class='ocrx_word' id='word_1_864' title='bbox 1078 5667 1357 5734; x_wconf 70' lang='lat' dir='ltr'><strong>Facillime</strong></span> <span class='ocrx_word' id='word_1_865' title='bbox 1386 5678 1528 5749; x_wconf 83' lang='grc' dir='ltr'>ήπερ</span> <span class='ocrx_word' id='word_1_866' title='bbox 1559 5675 1691 5732; x_wconf 89' lang='lat' dir='ltr'><strong>abiit</strong></span> <span class='ocrx_word' id='word_1_867' title='bbox 1722 5677 1809 5732; x_wconf 61' lang='lat' dir='ltr'><strong>in;</strong></span> 
     </span>
    </p>
   </div>
   <div class='ocr_carea' id='block_1_117' title="bbox 1914 5667 3503 5756">
    <p class='ocr_par' dir='ltr' id='par_1_117' title="bbox 1914 5667 3503 5748">
     <span class='ocr_line' id='line_1_120' title="bbox 1914 5667 3503 5748; baseline -0.008 -19"><span class='ocrx_word' id='word_1_868' title='bbox 1914 5693 1981 5748; x_wconf 75' lang='grc' dir='ltr'>ιρ.</span> <span class='ocrx_word' id='word_1_869' title='bbox 2026 5667 2273 5746; x_wconf 60' lang='lat' dir='ltr'><strong>Mox&#39;pro</strong></span> <span class='ocrx_word' id='word_1_870' title='bbox 2303 5674 2427 5744; x_wconf 79' lang='grc' dir='ltr'>ήγε,</span> <span class='ocrx_word' id='word_1_871' title='bbox 2463 5667 2586 5744; x_wconf 71' lang='lat' dir='ltr'><strong>post</strong></span> <span class='ocrx_word' id='word_1_872' title='bbox 2607 5667 3503 5741; x_wconf 10' lang='lat' dir='ltr'><strong>comparativum&#39;évapyéatepov,7</strong></span> 
     </span>
    </p>
   </div>
   <div class='ocr_carea' id='block_1_118' title="bbox 230 5757 628 5825">
    <p class='ocr_par' dir='ltr' id='par_1_118' title="bbox 230 5757 628 5825">
     <span class='ocr_line' id='line_1_121' title="bbox 230 5757 628 5825; baseline -0.003 -14"><span class='ocrx_word' id='word_1_873' title='bbox 230 5760 281 5818; x_wconf 73' lang='grc' dir='ltr'><strong>Δ</strong></span> <span class='ocrx_word' id='word_1_874' title='bbox 310 5758 470 5812; x_wconf 85' lang='lat' dir='ltr'><strong>habet</strong></span> <span class='ocrx_word' id='word_1_875' title='bbox 496 5757 628 5825; x_wconf 79' lang='grc' dir='ltr'>εῐγε.</span> 
     </span>
    </p>
   </div>
   <div class='ocr_carea' id='block_1_119' title="bbox 315 5817 1238 5901">
    <p class='ocr_par' dir='ltr' id='par_1_119' title="bbox 315 5817 1238 5901">
     <span class='ocr_line' id='line_1_122' title="bbox 315 5817 1238 5901; baseline -0.011 -18"><span class='ocrx_word' id='word_1_876' title='bbox 315 5829 427 5901; x_wconf 75' lang='lat' dir='ltr'><strong>(l6)</strong></span> <span class='ocrx_word' id='word_1_877' title='bbox 450 5827 491 5885; x_wconf 86' lang='lat' dir='ltr'><strong><em>C</em></strong></span> <span class='ocrx_word' id='word_1_878' title='bbox 518 5817 670 5883; x_wconf 76' lang='lat' dir='ltr'><strong>caret</strong></span> <span class='ocrx_word' id='word_1_879' title='bbox 692 5818 1030 5893; x_wconf 90' lang='lat' dir='ltr'><strong>pronomine.</strong></span> <span class='ocrx_word' id='word_1_880' title='bbox 1062 5817 1123 5872; x_wconf 68' lang='grc' dir='ltr'><strong>Ρ.</strong></span> <span class='ocrx_word' id='word_1_881' title='bbox 1157 5833 1238 5874; x_wconf 88' lang='grc' dir='ltr'>σε.</span> 
     </span>
    </p>
   </div>
   <div class='ocr_carea' id='block_1_120' title="bbox 561 5921 1270 5993">
    <p class='ocr_par' dir='ltr' id='par_1_120' title="bbox 561 5921 1270 5993">
     <span class='ocr_line' id='line_1_123' title="bbox 561 5921 1270 5993; baseline -0.016 0"><span class='ocrx_word' id='word_1_882' title='bbox 561 5935 834 5993; x_wconf 73' lang='grc' dir='ltr'>ἰἈτιιοι..</span> <span class='ocrx_word' id='word_1_883' title='bbox 883 5926 1001 5989; x_wconf 80' lang='lat' dir='ltr'><strong>Gn.</strong></span> <span class='ocrx_word' id='word_1_884' title='bbox 1046 5921 1270 5986; x_wconf 81' lang='lat' dir='ltr'><strong>XCVI.</strong></span> 
     </span>
    </p>
   </div>
   <div class='ocr_carea' id='block_1_121' title="bbox 3113 5877 3193 5941">
    <p class='ocr_par' dir='ltr' id='par_1_121' title="bbox 3113 5877 3193 5941">
     <span class='ocr_line' id='line_1_124' title="bbox 3113 5877 3193 5941; baseline -0.038 0"><span class='ocrx_word' id='word_1_885' title='bbox 3113 5877 3193 5941; x_wconf 59' lang='lat' dir='ltr'><strong>3&#39;s</strong></span> 
     </span>
    </p>
   </div>
  </div>
