4042 6448
570 408 701 470 1067

1976 395 2017 450 Α
2029 391 2351 452 ῡῡΕΝΒΛ.

3657 399 3797 466 1068

540 512 664 566 Jesu
696 509 1028 565 tribuendum
1061 526 1178 565 esse
1205 513 1518 578 pra-dicatis.
1543 514 1819 583 Quocirca,
1854 533 1919 572 ne
1943 534 2098 587 papu-

2217 507 2309 557 καὶ
2337 505 2434 575 τὴν
2457 506 2564 561 τῶν
2592 507 2729 561 θεῶν
2759 507 2921 578 τιμὴν
2949 508 3028 578 τῷ
3068 507 3239 579 Ἰησοῦ
3264 508 3567 579 ἀπονέμειν
3591 511 3802 579 κηρύτ-

541 604 641 666 lus,
670 601 1015 668 impostnram
1059 611 1287 655 vestram
1319 619 1566 672 sequens,
1615 606 1877 662 desertam
1911 617 2104 662 terram

538 691 821 759 relinquat,
847 697 1004 753 atque
1026 706 1053 741 a
1085 691 1266 758 patriis
1292 691 1393 744 diis
1414 692 1691 760 deﬁciens,
1715 695 1944 748 alienum
1974 697 2100 749 ado-

539 793 641 844 ret,
685 781 956 851 suppliciis
986 797 1080 836 vos
1135 796 1198 837 ac
1236 791 1405 836 morte
1454 785 1676 838 multare
1719 785 1932 854 dignum
1986 801 2106 841 esse

534 872 784 939 jndicavi.
814 871 1103 926 Monachus
1132 881 1304 926 autem
1358 873 1528 942 inquit
1560 891 1574 928 :
1623 874 1678 927 Si
1722 889 1909 930 omnes
1942 877 2106 929 bono-

539 979 655 1017 rum
705 963 926 1030 hujusce
985 965 1111 1018 vitae
1162 964 1442 1033 participes
1488 980 1606 1019 esse
1643 967 1813 1034 cupis,
1861 982 1956 1021 cur
2001 981 2104 1020 non

539 1055 784 1109 omnibus
810 1071 874 1110 ex
926 1071 1077 1125 aequo
1118 1056 1334 1110 delicias
1391 1067 1442 1110 et
1490 1072 1619 1124 opes
1665 1066 1779 1112 tuas
1832 1057 2107 1127 impertis?

541 1146 736 1200 Verum
765 1146 854 1200 alii
901 1145 1113 1216 quidem
1161 1146 1534 1215 quamplurimi
1575 1156 1883 1215 paupertate
1928 1147 2106 1202 conﬂi-

537 1245 766 1299 ctantur,
800 1244 853 1289 tu
882 1250 1009 1289 vero
1037 1237 1268 1304 ipsorum
1316 1237 1591 1292 lacullates
1617 1253 1709 1306 per
1746 1239 1850 1292 vim
1896 1247 2106 1304 ereptas

539 1323 645 1378 tuis
683 1324 959 1392 adjnngis?
988 1325 1060 1378 Ex
1090 1340 1194 1392 quo
1225 1326 1555 1393 perspicuum
1595 1335 1677 1380 est
1704 1336 1754 1381 te
1782 1327 1965 1381 salutis
2013 1342 2105 1395 po-

541 1415 648 1482 puli
678 1429 800 1468 cura
835 1414 1051 1469 minime
1106 1417 1268 1485 tangi,
1304 1431 1482 1470 verum
1522 1430 1736 1471 carnem
1786 1425 1928 1471 tuam
1959 1418 2102 1487 sagi-

540 1521 690 1567 nare,
723 1507 993 1560 materiam
1026 1505 1271 1560 videlicet
1314 1507 1610 1560 eorrosuris
1653 1507 1920 1561 vermibus
1961 1522 2101 1577 prae-

511 1591 834 1666 parantem.
871 1600 944 1651 Ac
989 1610 1261 1666 propterea
1305 1598 1540 1652 omnium
1580 1599 1689 1654 Deo
1717 1600 1978 1668 abjurato,
2009 1614 2102 1654 eos

538 1690 625 1755 qui
653 1704 755 1742 non
783 1699 924 1754 sunt,
971 1697 1024 1742 et
1050 1689 1136 1756 qui
1167 1703 1323 1742 omne
1354 1689 1665 1757 ﬂagitiorum
1695 1706 1857 1760 genus
1887 1691 2102 1746 invene—

537 1787 680 1842 runt,
722 1778 851 1834 deos
879 1779 1171 1846 appellasti,
1207 1788 1262 1832 nt
1305 1780 1426 1835 dum
1454 1781 1519 1834 ad
1548 1797 1730 1837 eorum
1754 1782 2099 1839 imitationem

538 1868 815 1922 libidinose
836 1882 897 1922 ac
925 1868 1182 1937 ﬂagitiose
1213 1870 1366 1934 vivis,
1421 1871 1471 1924 id
1522 1873 1840 1941 assequaris,
1889 1882 1944 1927 ut
1969 1874 2071 1929 deo

537 1974 652 2012 rum
687 1959 918 2012 imitator
945 1974 1063 2014 esse
1093 1960 1416 2027 prrdiceris.
1461 1961 1594 2015 Nam
1632 1963 1756 2028 quid
1801 1963 1976 2018 alTerri
2011 1979 2102 2033 po-

536 2063 658 2117 test,
688 2053 812 2118 quin
862 2068 980 2123 quae
1024 2055 1183 2108 vestri
1223 2053 1293 2108 dii
1347 2055 1606 2122 fecerunt,
1655 2057 1838 2111 eadem
1891 2072 2101 2127 quoque

537 2148 799 2212 homines,
840 2148 927 2216 qui
960 2148 1087 2216 ipsis
1126 2147 1358 2201 animum
1405 2149 1675 2219 adjiciunt,
1709 2147 1933 2204 faciant?
1962 2150 2102 2216 Qua-

534 2247 750 2307 propter
776 2239 826 2294 in
859 2253 1049 2310 magno
1104 2241 1338 2304 proiecto
1383 2255 1566 2295 errore
1613 2243 1860 2305 versaris,
1902 2256 1935 2296 0
1982 2257 2098 2296 rex.

538 2331 749 2385 Vereris
791 2340 965 2384 autem
1015 2346 1080 2384 nc
1119 2331 1371 2398 quosdam
1420 2331 1700 2399 populares
1728 2341 1843 2385 tuos
1870 2332 2101 2387 adduca-

533 2437 650 2476 mus
679 2430 735 2475 ut
763 2421 955 2475 nostris
985 2420 1213 2476 decretis
1255 2422 1626 2485 assentientes,
1675 2438 1703 2476 a
1743 2431 1832 2476 tuo
1879 2423 2102 2490 imperio

531 2513 851 2576 desciscant,
879 2521 1036 2581 atque
1065 2512 1128 2565 ad
1160 2512 1273 2581 cjus
1301 2513 1387 2582 qui
1429 2512 1605 2566 omnia
1632 2512 1863 2567 continet
1892 2526 1954 2566 ac
1985 2521 2099 2567 tue-

535 2621 622 2662 tur
650 2618 828 2677 partes
857 2622 916 2662 se
937 2607 1241 2676 adjungant.
1272 2605 1431 2674 Cupis
1450 2607 1588 2660 enim
1629 2605 1824 2660 multos
1858 2613 1910 2660 te
1932 2604 2101 2658 avari-

530 2702 620 2754 tire
650 2709 753 2754 tua:
782 2697 1123 2754 administros
1149 2698 1363 2762 habere,
1396 2707 1450 2750 ut
1473 2697 1570 2764 ipsi
1597 2695 1807 2764 quidem
1836 2707 2100 2749 aerumnas

524 2794 774 2854 subeant,
815 2789 908 2843 tibi
949 2799 1124 2844 autem
1166 2803 1348 2843 eorum
1393 2803 1554 2857 opera
1597 2795 1830 2854 quaestus
1869 2800 2100 2855 augean-

531 2891 620 2934 tur
649 2898 662 2933 :
707 2878 1149 2946 quemadmodum
1174 2878 1420 2932 videlicet
1457 2878 1500 2930 si
1528 2877 1788 2945 quispiam
1820 2889 1978 2928 canes
2006 2880 2099 2928 aut

530 2985 656 3023 aves
683 2969 748 3022 ad
797 2969 1030 3036 prtedatu
1080 2969 1340 3022 cicuratas
1384 2967 1552 3030 alens,
1583 2980 1673 3019 eos
1716 2965 1930 3034 quidem
1976 2972 2099 3018 ante

529 3060 762 3128 prtedam
804 3059 1118 3122 demulceat,
1151 3066 1491 3126 posteaquam
1521 3066 1696 3110 autem
1727 3054 1919 3124 aliquid
1964 3053 2098 3107 arri-

529 3151 760 3217 puerint.
785 3163 850 3202 ex
877 3163 969 3203 ore
998 3147 1229 3215 praedam
1283 3146 1410 3215 ipsis
1440 3155 1768 3213 extorqueat.
1814 3143 1894 3196 Ad
1941 3156 2093 3196 eum-

527 3243 650 3295 dem
679 3242 820 3293 enim
844 3239 1056 3294 modum
1089 3247 1142 3292 tu
1173 3251 1380 3308 quoque
1411 3236 1605 3291 multos
1627 3235 1822 3288 habere
1851 3233 2093 3301 cupiens,

527 3332 616 3400 qui
651 3331 743 3385 tibi
773 3331 960 3400 partim
992 3344 1022 3384 e
1051 3339 1214 3393 terra,
1242 3329 1430 3397 partim
1460 3342 1492 3382 e
1532 3326 1664 3381 mari
1698 3326 1888 3379 tributa
1919 3333 1972 3378 et
2001 3338 2094 3376 ve-

525 3421 735 3490 ctigalia
784 3419 1056 3483 deferant,
1111 3420 1188 3472 ais
1236 3417 1448 3487 quidem
1504 3418 1598 3471 tibi
1644 3431 1826 3471 eorum
1874 3415 2096 3477 salutem

525 3527 668 3566 curae
696 3525 834 3576 esse,
862 3519 1111 3566 ceterum
1156 3512 1536 3579 sempiternum
1593 3510 1739 3578 ipsis,
1765 3505 1916 3576 prius
1939 3522 2097 3576 quam

525 3604 689 3657 etiam
719 3603 812 3656 tibi
845 3600 944 3670 ipsi
989 3602 1207 3657 exitium
1252 3602 1503 3666 accersis,
1549 3603 1748 3670 tibique
1791 3600 1921 3654 illud
1968 3601 2098 3654 satis

525 3703 629 3757 est,
662 3701 719 3745 ut
744 3707 872 3760 Opes
902 3693 1089 3761 quovis
1114 3702 1351 3746 stercore
1391 3706 1454 3745 ac
1482 3705 1636 3746 coeno
1665 3691 1878 3745 viliores
1903 3689 1994 3744 tibi
2021 3689 2097 3743 al-

528 3783 718 3848 lluant,
763 3797 861 3837 nec
891 3782 1267 3836 animadvertis
1317 3791 1370 3834 te
1423 3781 1635 3835 luminis
1687 3781 1804 3835 loco
1853 3782 2097 3834 tenebras

526 3874 830 3942 complecti.
857 3872 1052 3926 Verum
1076 3887 1142 3925 ex
1165 3871 1265 3924 hoc
1288 3872 1432 3939 gravi
1460 3886 1668 3936 Somno,
1697 3886 1900 3938 quaeso,
1922 3886 2097 3925 emer-

527 3977 615 4032 ge,
648 3965 964 4030 clausosque
1007 3969 1124 4015 tuos
1155 3961 1338 4014 oculos
1367 3961 1534 4029 aperi,
1567 3975 1626 4014 ac
1660 3961 1749 4015 Dei
1782 3965 1948 4014 nostrl
1978 3960 2090 4029 glo-

526 4057 682 4119 riam,
710 4054 955 4108 omnibus
977 4053 1204 4120 undique
1226 4053 1550 4118 illucentem,
1571 4067 1751 4117 cerne,
1778 4052 2094 4120 tandemque

484 4129 490 4139 ’
529 4145 814 4213 aliquando
840 4145 905 4198 ad
937 4145 1159 4212 teipsum
1208 4143 1341 4197 redi.
1384 4143 1663 4211 Intelligite
1705 4143 1872 4208 enim,
1902 4143 2093 4210 inquit,

491 4299 496 4314 θ
530 4237 837 4305 insipientes
868 4237 920 4290 in
950 4235 1230 4304 populo,et
1253 4235 1400 4288 stnlti
1420 4234 1698 4302 aliquando
1718 4234 1890 4304 sapite
1917 4233 2092 4303 (Paul.

529 4327 733 4394 χχιιι).
773 4326 903 4379 Illud
948 4327 1122 4388 scias,
1179 4325 1336 4377 alium
1383 4325 1538 4378 deum
1581 4339 1686 4378 non
1737 4339 1857 4379 esse
1907 4334 2096 4391 praeter

533 4419 697 4471 Deum
725 4428 961 4471 nostrum
990 4414 1163 4485 (Paul.
1197 4415 1356 4485 xvtt),
1389 4430 1488 4470 nec
1522 4416 1704 4482 ullam,
1732 4416 1832 4470 nisi
1877 4414 1932 4470 in
1979 4416 2096 4482 ips"

527 4507 773 4560 salutem.

597 4622 711 4671 ne:
735 4626 910 4672 autem
935 4633 951 4671 :
981 4616 1187 4683 Stultis,
1235 4618 1426 4687 inquit,
1473 4617 1555 4670 his
1605 4616 1709 4671 tuis
1743 4614 1892 4680 nugis
1934 4613 2090 4666 linen.

530 4710 764 4776 impone,
794 4722 857 4762 ac
895 4705 1021 4760 mihi
1052 4708 1293 4775 protinus
1341 4707 1674 4760 Barlaamum
1733 4703 1974 4765 ostende,
1998 4711 2093 4757 attt

526 4796 720 4864 alioqui
748 4795 1007 4864 ejusmodi
1044 4810 1321 4865 ptenarum
1379 4795 1729 4850 instrumenta
1782 4792 2097 4866 experieris,

526 4901 749 4955 quorum
779 4899 1044 4953 nunquam
1072 4886 1167 4940 abs
1195 4893 1248 4940 te
1288 4885 1576 4955 periculum
1606 4884 1796 4938 factum
1825 4899 1928 4944 est.
1965 4891 2096 4944 For-

526 4979 764 5032 tissimus
804 4987 980 5032 autem
1007 4977 1117 5044 ille,
1145 4992 1208 5032 ac
1237 4978 1502 5046 praestanti
1535 4976 1696 5030 animi
1731 4983 2093 5052 magnitudine

528 5068 840 5133 monachus,
876 5069 1217 5139 cmlestisque
1254 5068 1600 5138 philosophiae
1638 5084 1846 5128 amator
1895 5074 1963 5128 ob
2011 5089 2094 5128 re-

524 5159 636 5228 gias
665 5158 834 5213 minas
894 5159 1043 5221 nullo
1092 5163 1250 5222 modo
1277 5161 1343 5222 de
1388 5163 1656 5222 sententia
1705 5165 2093 5230 dimovebatur,

523 5249 617 5304 sed
658 5250 922 5325 intrepido
949 5265 1169 5326 pectore
1239 5258 1390 5308 stans
1414 5297 1428 5321 ,
1502 5257 1718 5313 dicebat
1773 5277 1784 5311 :
1840 5262 1912 5316 Ea
1975 5271 2093 5321 ωιτη

2217 615 2360 650 τετε.
2392 599 2506 651 ’Ὶνα
2539 598 2632 652 οὖν
2661 600 2758 671 μὴ,
2791 604 2857 670 τῇ
2890 601 3131 673 ὑμετέρᾳ
3165 602 3348 673 ἀπάτῃ
3376 601 3804 668 ἑξακολουθοῦψ

2215 706 2328 752 τες,
2371 690 2420 742 οἱ
2461 690 2579 744 λαοὶ
2619 691 2824 761 ἔρημον
2855 693 2950 764 τὴν
2979 692 3086 762 γῆν
3131 693 3498 754 καταλίπωσι,
3536 694 3652 754 καὶ,
3689 693 3805 744 τῶν

2215 780 2465 851 πατρίων
2503 783 2842 846 ἀποστάντες
2878 783 3051 844 θεῶν,
3097 783 3366 853 ἀλλοτρίῳ
3412 784 3802 853 λατρεύσωσι,

2214 875 2510 944 τιμωρίαις
2571 874 2715 942 ὑμᾶς
2779 875 2873 927 καὶ
2925 873 3180 936 θανάτοις
3235 873 3534 926 ὑποϐαλεῖν
3590 873 3803 926 δίκαιον

2214 963 2427 1032 ἔκρινα.
2482 963 2540 1016 Ὁ
2577 962 2632 1014 δὲ
2676 963 2909 1032 μοναχδς
2946 964 3145 1034 φησίνο
3191 965 3254 1016 Εἰ
3289 964 3503 1026 πάντας
3548 964 3802 1033 μετέχειν

2213 1052 2324 1105 τῶν
2349 1051 2569 1120 ἀγαθῶν
2607 1052 2701 1106 τοῦ
2749 1054 2864 1122 βίου
2893 1054 3084 1125 όρέγῃ,
3131 1055 3184 1106 τί
3227 1055 3302 1126 μὴ
3340 1056 3510 1108 πᾶσιν
3547 1056 3634 1108 ἐπ’
3676 1057 3803 1123 ίσης

2216 1144 2514 1215 μεταδίδως
2545 1144 2644 1215 τῆς
2680 1145 2894 1215 τρυφῆς
2924 1147 3018 1199 καὶ
3053 1145 3147 1198 τοῦ
3175 1146 3425 1211 πλούτου,
3464 1148 3583 1200 ἀλλ’
3608 1147 3659 1198 οἱ
3697 1147 3803 1215 μὲν

2213 1237 2433 1300 πλείους
2462 1237 2624 1308 πενίᾳ
2645 1238 3142 1308 ταλαιπωροῦνται,
3161 1239 3224 1290 σὺ
3253 1239 3308 1290 δὲ
3331 1240 3400 1292 τὰ
3418 1238 3602 1292 αὑτῶν
3628 1256 3802 1308 atpos-

2213 1329 2560 1400 αφαρπὰζων
2601 1331 2714 1392 τοῖς
2751 1329 2945 1382 ἑαυτοῦ
2994 1329 3328 1399 προστίθης;
3376 1331 3477 1382 οὑκ
3536 1329 3648 1400 ἄρα
3697 1331 3801 1398 τῆς

2212 1422 2322 1476 τῶν
2369 1421 2581 1474 πολλῶν
2631 1422 2938 1492 φροντίζεις
2983 1421 3293 1491 σωτηρίας,
3329 1421 3464 1475 ἀλλὰ
3511 1423 3614 1492 τὴν
3657 1422 3800 1474 ἰδίαν

2214 1515 2453 1579 πιαίνεις
2483 1515 2662 1586 σάρκα
2682 1554 2696 1577 ,
2728 1513 2862 1583 ῦλην
2908 1514 3214 1583 ἑτοιμάζων
3245 1517 3310 1584 τῇ
3341 1514 3453 1584 τῶν
3488 1514 3801 1583 σκωλήκων

2213 1604 2562 1678 καταϐρώσει
2606 1606 2741 1675 (l7).
2785 1604 2884 1658 Διά
2925 1603 3121 1670 τοῦτο,
3154 1605 3250 1656 καὶ
3289 1605 3380 1658 τὸν
3427 1604 3539 1657 τῶν
3571 1605 3798 1657 πάντων

2213 1697 2671 1769 ἀπαρνησάμενος
2707 1695 2861 1758 Θεὸν,
2896 1697 3023 1758 τοὺς
3053 1696 3128 1766 μὴ
3157 1695 3316 1759 ὂντας
3339 1697 3800 1767 προσηγόρευσας

2215 1791 2370 1854 θεοὺς
2392 1830 2407 1856 ,
2433 1791 2559 1852 τοὺς
2585 1790 2766 1859 πάσης
2801 1788 3153 1858 παρανομίας
3180 1788 3476 1858 ἐφευρετὰς
3497 1827 3511 1848 ,
3547 1787 3637 1840 ἵνα
3677 1803 3762 1841 σοι
3780 1826 3797 1850 .

2211 1883 2354 1937 κατὰ
2381 1881 2612 1952 μίμησιν
2635 1880 2815 1933 αὑτῶν
2839 1878 3214 1948 ἀσελγαίνοντι
3239 1880 3334 1931 καὶ
3356 1877 3798 1949 παρανομοῦντι,

2210 1977 2271 2030 τὸ
2325 1975 2570 2047 μιμητὴς
2610 1972 3040 2043 ἀναγορεύεσθαι
3087 1971 3194 2026 τῶν
3237 1971 3375 2024 θεῶν
3421 1988 3517 2023 σου
3555 1971 3798 2040 προσγέο

2211 2085 2390 2138 νηται.
2422 2062 2525 2120 Οἷα
2546 2064 2654 2136 γάρ
2674 2065 2726 2117 οἱ
2757 2063 2870 2116 θεοὶ
2895 2063 3051 2132 ὑμῶν
3087 2061 3351 2132 ἔπραξαν,
3384 2061 3504 2124 πῶς
3534 2061 3660 2130 οὐχὶ
3694 2061 3793 2114 καὶ

2209 2158 2260 2210 οἱ
2289 2155 2650 2228 προσέχοντες
2689 2153 2872 2215 αὑτοῖς
2908 2153 3182 2224 ἄνθρωποι
3222 2153 3523 2223 πράξουσι;
3570 2151 3798 2220 Πλάνην

2209 2246 2304 2301 οῦν
2339 2245 2583 2318 μεγάλην
2625 2243 3008 2314 πεπλάνησαι,
3059 2236 3104 2296 ὦ
3152 2241 3395 2312 βασιλεῦ.
3431 2241 3694 2303 Δέδοικας
3739 2241 3800 2293 δὲ

2214 2339 2288 2409 μή
2318 2355 2473 2399 τινας
2497 2335 2592 2389 τοῦ
2621 2334 2753 2387 λαοῦ
2785 2334 3101 2404 πείσαιμεν,
3127 2336 3240 2398 τοῖς
3268 2334 3568 2404 ἡμετέροις
3600 2332 3797 2384 συνθε-

2215 2429 2428 2501 μένους,
2466 2426 2898 2498 άποστῆναίσου
2929 2427 3028 2496 τῆς
3056 2426 3237 2496 χειρὸς
3280 2426 3375 2478 καὶ
3399 2428 3469 2498 τῇ
3502 2425 3576 2478 τὰ
3614 2426 3800 2478 πάντα

2213 2519 2511 2591 συνεχούσῃ
2543 2517 3033 2590 προσοικειωθῆναι
3071 2517 3248 2588 χειρί⁹
3295 2517 3472 2580 θέλεις
3515 2516 3628 2585 γάρ
3661 2517 3793 2568 πολ-

2211 2614 2337 2678 λοὺς
2363 2609 2502 2666 εἶναι
2539 2612 2666 2674 τοὺς
2701 2600 3010 2680 ὑπουργοὺς
3050 2611 3149 2680 τῆς
3181 2611 3282 2679 σῆς
3326 2609 3647 2675 πλεονεξίας
3669 2649 3686 2672 ,
3729 2608 3796 2660 ἶν’

2212 2706 2364 2760 αὑτοὶ
2387 2706 2485 2778 μὲν
2511 2703 2918 2776 ταλαιπωρῶσι,
2948 2703 3032 2757 σοὶ
3062 2703 3119 2757 δὲ
3147 2703 3214 2755 τὰ
3240 2703 3370 2775 παρ’
3402 2702 3586 2757 αὑτῶν
3619 2716 3795 2769 προσ-

2213 2797 2422 2866 γένοιτο
2460 2796 2668 2869 κέρδη.
2728 2796 2826 2847 Ὃν
2867 2794 3066 2867 τρόπον
3122 2794 3292 2856 κύνας
3345 2810 3431 2856 τις
3477 2791 3699 2863 τρέφων
3759 2791 3794 2857 ἢ

2212 2889 2376 2960 δρνεα
2402 2890 2484 2952 είς
2520 2888 2692 2960 θήραν
2719 2886 3175 2956 τιθασσευόμενα,
3214 2885 3322 2957 πρὸ
3351 2884 3451 2955 μὲν
3484 2883 3587 2948 τῆς
3615 2882 3798 2951 θήρας

2212 2979 2523 3034 κολακεύων
2540 2980 2714 3034 ταῦτα
2738 2981 3004 3048 φαίνοιτο,
3029 2974 3185 3047 201
3208 2978 3372 3048 ἡνίκα
3391 2975 3448 3028 δὲ
3472 2971 3798 3041 κατάσχωσί

2211 3091 2266 3126 τι
2291 3072 2400 3126 τῶν
2429 3072 2832 3142 θηρευομένων,
2869 3069 3057 3141 βιαίως
3088 3068 3268 3122 αὑτῶν
3295 3067 3389 3120 τοῦ
3422 3067 3698 3135 στόματος
3736 3063 3799 3115 τὸ

2140 3178 2182 3236 C
2216 3163 2479 3235 θηρευθὲν
2507 3161 2843 3233 άφαρπάζει’
2867 3161 3010 3214 οὑτω
3032 3160 3095 3231 δὴ
3123 3160 3218 3214 καὶ
3248 3160 3336 3226 σὺ,
3359 3158 3592 3220 πολλοὺς
3624 3156 3800 3208 θέλων

2213 3257 2358 3327 ἔχειν
2384 3257 2510 3320 τοὺς
2536 3256 2735 3326 φόρους
2764 3273 2845 3308 σοι
2879 3255 2975 3307 καὶ
3007 3253 3136 3323 τέλη
3170 3253 3234 3304 ὲκ
3259 3251 3363 3322 γῆς
3392 3249 3486 3303 καὶ
3514 3247 3799 3316 θαλάσσης

2214 3348 2558 3419 κομίζοντας,
2598 3347 2780 3416 λέγεις
2813 3347 2912 3416 μὲν
2939 3346 3036 3416 τῆς
3065 3344 3246 3400 αὑτῶν
3272 3339 3583 3413 φροντίζειν
3619 3357 3800 3408 σωτη-

2216 3440 2358 3512 ρίας,
2389 3438 2666 3493 ἀπώλειαν
2698 3438 2755 3491 δὲ
2795 3438 2978 3500 αὑτοῖς
3012 3435 3292 3506 προξενῶν
3324 3433 3564 3497 αἰώνιον,
3608 3430 3718 3500 πρὸ
3741 3429 3797 3481 δὲ

2211 3531 2431 3588 πάντων
2461 3529 2700 3600 «σεαυτῷ,
2745 3530 2831 3582 ἵνα
2864 3530 3024 3599 μόνον
3068 3545 3148 3582 σοι
3181 3529 3211 3580 ὁ
3249 3525 3534 3579 σκυϐάλων
3573 3526 3666 3578 καὶ
3699 3541 3797 3576 σα-

2211 3624 2388 3697 πριῶν
2414 3621 2717 3694 ἁχρηστότε
2728 3639 2818 3692 ρος
2854 3619 3095 3691 βρίθοιτο
3116 3617 3370 3679 πλοῦτος.
3395 3615 3634 3685 λέληθας
3670 3614 3794 3666 σκόο

2209 3731 2300 3778 τος
2321 3713 2442 3767 ἀντὶ
2462 3712 2639 3782 φωτὸς
2659 3711 2924 3780 κατέχων.
2958 3709 3099 3762 Ἀλλ’
3119 3707 3394 3778 άνάνηψον
3406 3705 3500 3758 τοῦ
3521 3704 3798 3774 καταχθο-

2209 3807 2323 3861 νίου
2371 3805 2539 3859 ὑπνου
2581 3805 2811 3870 τούτου,
2844 3802 3108 3867 διάνοιξόν
3152 3817 3246 3854 σου
3290 3801 3420 3862 τοῦς
3470 3796 3794 3868 μεμυκότας

2206 3898 2538 3968 ὀφθαλμοὺς,
2566 3896 2663 3950 καὶ
2689 3896 2766 3948 ῑδε
2787 3895 2885 3966 τὴν
2913 3893 3364 3964 περιλάμπουσαν
3395 3891 3532 3943 πᾶσι
3556 3887 3671 3956 (18)
3698 3884 3791 3938 τοῦ

2206 3991 2342 4044 Θεοῦ
2365 3990 2521 4060 ἡμῶν
2537 3987 2724 4052 δόξὰν⁹
2751 3986 2846 4039 καὶ
2861 3984 2926 4038 σύ
2950 4000 3081 4037 ποτε
3105 3981 3336 4037 σεαυτοῦ
3359 3980 3544 4049 γενοῦ·
3591 3978 3787 4032 Σύνετε

2205 4082 2336 4152 γὰρ,
2356 4082 2590 4153 ἄφρονες
2612 4083 2670 4133 ὲν
2696 4078 2774 4149 τῷ
2800 4077 2934 4148 λαῷ,
2961 4077 3056 4130 καὶ
3089 4075 3261 4146 μωροί
3288 4091 3418 4127 ποτε
3448 4073 3759 4143 φρονήσατε
3777 4108 3792 4132 ,

2207 4172 2371 4243 φησὶν
2389 4173 2418 4224 ό
2441 4171 2727 4240 προφήτης
2752 4169 2884 4239 (19)*
2918 4167 3074 4228 σύνες
3092 4167 3174 4219 ὅτι
3196 4165 3297 4218 οὑκ
3325 4163 3440 4217 ἔστι
3469 4161 3628 4226 Θεὸς,
3654 4159 3796 4228 πλὴν

2202 4261 2299 4317 τοῦ
2347 4262 2481 4316 Θεοῦ
2525 4263 2704 4334 ἡμῶν,
2744 4263 2838 4314 καὶ
2889 4259 2989 4313 οὑκ
3037 4257 3153 4312 ἐστι
3195 4256 3462 4327 σωτηρία,
3511 4257 3560 4308 εί
3611 4254 3691 4324 μὴ
3737 4253 3796 4304 ἐν

2203 4354 2373 4425 αὐτῷ.

2293 4629 2351 4684 Ὀ
2379 4630 2438 4683 δὲ
2468 4627 2740 4699 βασιλεὺς’
2775 4628 2885 4697 Τῆς
2923 4627 3112 4698 μωρᾶς
3146 4644 3240 4680 σου
3273 4625 3478 4696 ταύτης
3522 4624 3798 4695 φλυαρίας

2211 4724 2594 4793 παυσάμενος,
2632 4722 2722 4774 τὸν
2757 4721 3020 4792 Βαρλαὰμ
3055 4719 3250 4773 αὐτίκα
3293 4736 3383 4788 μοι
3414 4714 3716 4781 ὑπόδειξον,
3760 4717 3794 4785 ἢ

2211 4813 2556 4885 πειρασθήσῃ
2588 4812 2699 4884 (20)
2735 4811 3108 4883 κολαστηρίων
3133 4809 3400 4883 ὀργάνων,
3430 4803 3504 4861 ὧν
3534 4808 3792 4860 οὐδέποτε

2212 4909 2408 4979 πεῖραν
2441 4905 2689 4977 εἴληφας.
2737 4903 2795 4957 ’0
2833 4903 3195 4974 μεγαλόφρων
3227 4901 3320 4955 οὑν
3351 4901 3447 4954 καὶ
3476 4899 3796 4968 γενναιότα-

2209 5016 2301 5062 τος
2339 4998 2586 5067 ἀσκητὴς
2624 4995 2722 5050 καὶ
2765 4997 2862 5065 τῆς
2907 4994 3159 5066 οὑρανίου
3206 4992 3526 5062 φιλοσοφίας
3558 4990 3799 5061 ἐραστὴς

2213 5089 2332 5142 κατ’
2353 5089 2545 5142 οὐδένα
2565 5087 2769 5156 τρόπον
2803 5088 2922 5149 ταῖς
2952 5085 3045 5138 τοῦ
3077 5083 3341 5154 βασιλέως
3376 5080 3632 5142 ἀπειλαῖς
3663 5095 3795 5148 μετ·

2212 5177 2470 5247 ετρέπετο
2494 5193 2505 5205 ·
2539 5175 2655 5228 ἀλλ’
2684 5176 2930 5246 ἀτρέμας
2960 5172 3133 5236 ἑστὼς
3165 5173 3382 5240 ἔλεγενο
3427 5171 3504 5223 Οὐ
3546 5169 3617 5222 τὰ
3652 5168 3802 5238 παρὰ

2219 5269 2312 5322 σοῦ
2344 5267 2713 5337 θεσπιξόμενα
2744 5269 2940 5330 ποιεῖν,
2963 5259 3008 5319 ὦ
3033 5264 3279 5335 βασιλεῦ,
3312 5259 3794 5334 προστετάγμεθα,

597 5463 709 5533 (l7)
744 5463 896 5519 Nilus
924 5467 1083 5541 epist.
1114 5468 1220 5524 267
1260 5487 1272 5523 :
1309 5467 1374 5521 Τί
1402 5467 1690 5522 δαὼιλέστε
1703 5485 1795 5540 ρον
1837 5468 2072 5532 πιαίνεις
2110 5485 2206 5522 σου
2238 5471 2299 5522 τὸ
2346 5469 2592 5541 σαρκίον,
2621 5468 2796 5538 τροφὴ
2825 5467 3125 5538 σκωλήκων
3175 5467 3434 5537 ἐσόμενον
3457 5465 3585 5517 ὅσον
3617 5461 3798 5517 οῦπωε

531 5529 573 5586 F
579 5529 613 5585 ό
620 5529 702 5606 rs_a
711 5551 742 5599 In
752 5552 804 5606 _1:
809 5551 911 5606 ροφ

867 5538 1167 5689 mror;
1196 5606 1309 5689 aliin
1316 5607 1526 5662 codices
1559 5608 1789 5689 dabunt_
1809 5608 2028 5689 meliore
2062 5623 2098 5686 Ξ

2210 5607 2282 5661 ιχί
2315 5607 2736 5689 ﬁdv1a§._C0ttf.
2774 5623 2897 5677 pag.
2932 5606 3020 5689 ξ’)ϐ,
3053 5623 3105 5664 n.
3137 5605 3193 5662 2.
3233 5606 3294 5662 Et
3323 5619 3444 5677 pag.
3475 5606 3586 5662 216
3610 5605 3790 5661 datiro

527 5672 1060 5750 utetttr._Gregorius
1095 5674 1229 5750 Pius.
1268 5674 1361 5732 0r.
1394 5694 1483 5746 XL,
1507 5693 1562 5749 p.
1591 5677 1728 5733 640:
1759 5677 1877 5742 Φῶς
1904 5678 1938 5748 ἡ
1971 5676 2098 5730 Παῦ]

2228 5679 2680 5750 περιαστράψασα
2713 5672 3004 5746 φαντασία.

600 5740 714 5812 (l9)
745 5740 899 5798 Psal.
924 5759 1078 5810 xcm,
1111 5747 1165 5800 8.

600 5813 713 5884 (20)
743 5815 806 5882 A,
836 5814 1164 5886 πειραθήσῃ.
