4042 6430
192 434 333 498 ιρις)
402 382 405 385 γ

1267 437 1444 497 VITA
1483 431 1839 494 BABLAAM
1880 433 1973 493 ET
2010 436 2358 501 JOASAPH.

3297 432 3432 499 1070

176 551 322 605 ἀλλὰ
368 549 437 604 τὰ
466 549 619 620 παρά
661 547 757 602 τοῦ
794 548 1067 602 Δεσπότου
1100 547 1257 619 ήμῶν
1292 549 1386 601 καὶ
1418 545 1555 600 Θεοῦ
1594 563 1756 600 κεκε⁸

1873 573 1901 610 a
1925 566 1978 613 te
2009 557 2283 627 jubentur.
2336 569 2371 610 o
2408 569 2522 620 rex,
2563 553 2759 621 facere,
2814 555 3080 614 minimea
3126 557 3278 614 nobis
3304 559 3443 612 inui-

173 641 480 710 λευσμένα,
495 640 555 706 δς
577 640 931 711 σωφροσύνην
950 640 1097 710 ἡμᾶς
1121 639 1426 693 ἐκδιδάσκει
1452 638 1545 693 τοῦ
1573 639 1761 692 πασῶν

172 734 293 788 τῶν
320 734 525 805 ἡδονῶν
564 735 724 805 202
759 734 853 787 καὶ
894 733 1200 803 ἐπιθυμιῶν
1236 734 1489 805 κρατεῖν,
1533 732 1629 786 καὶ⁸
1668 733 1760 785 ἁνο

173 824 271 894 δρε
281 823 368 877 ίαν
396 824 669 889 ἐξασκεῖν,
691 823 835 878 ῶστε
868 824 1045 879 πάντα
1072 825 1235 877 πόνον
1254 825 1350 877 καὶ
1372 825 1553 878 πᾶσαν
1574 825 1761 879 κάκω-

177 932 269 968 σιν
319 916 462 986 ὑπὲρ
512 915 613 985 τῆς
662 915 1011 986 δικαιοσύνης
1064 915 1379 986 ὑπομένειν.
1430 917 1573 971 Ὅσα
1629 916 1760 985 γοῦν

174 1005 407 1071 ἐπάξεις
426 1008 559 1077 ἡμῖν
587 1006 729 1077 ὑπὲρ
756 1007 854 1077 τῆς
880 1007 1165 1071 εὐσεϐείας
1186 1008 1357 1075 δεινά,
1386 1007 1585 1079 μᾶλλον
1600 1010 1759 1081 εὐερ-

172 1101 460 1166 γετήσεις.
509 1098 657 1152 Ποίει
698 1094 790 1152 οὖν
840 1099 870 1153 ὃ
916 1099 1113 1169 βούλειο
1151 1101 1314 1171 ἡμεῖς
1359 1103 1470 1173 γάρ
1517 1102 1623 1167 ἔξω
1665 1101 1758 1156 τοῦ

176 1190 521 1261 καθήκοντος
549 1191 753 1261 πρᾶξαί
782 1209 835 1245 τι
866 1192 967 1245 οὐκ
1006 1192 1337 1264 ἀνεξόμεθα,
1367 1194 1491 1248 οὐδέ
1517 1195 1761 1267 ἁμαρτίᾳ

176 1283 417 1347 ἑαυτοὺς
458 1283 786 1354 ἐκδώσομεν.
847 1284 937 1355 Μὴ
988 1284 1100 1355 (21)
1159 1284 1360 1356 μικρὰν
1407 1286 1516 1358 γὰρ
1556 1285 1760 1356 ταύτην

178 1373 417 1447 νομίσῃς
448 1375 757 1445 ἁμαρτίαν,
793 1375 842 1428 εί
884 1374 977 1428 τὸν
1024 1376 1433 1447 συναγωνιστὴν
1463 1374 1619 1447 ήμῶν
1665 1379 1761 1431 καὶ

179 1464 600 1536 συστρατιώτην
626 1467 707 1529 είς
734 1464 833 1529 τάς
862 1465 961 1529 σὰς
990 1466 1341 1539 προδώσομεν
1369 1470 1575 1541 χεῖρας.
1619 1469 1759 1522 Ἀλλ’

174 1557 244 1611 οὐ
274 1559 389 1628 γὰρ
420 1559 666 1627 γελάσεις
694 1558 817 1612 καθ’
846 1558 1006 1629 ήμῶν
1044 1558 1136 1613 τὸν
1164 1560 1377 1628 γέλωτα
1404 1562 1623 1627 τοῦτον,
1655 1563 1760 1617 κᾶν
1828 1612 1835 1619 .

180 1650 407 1720 μυρίοις
453 1652 601 1720 ἡμᾶς
646 1649 947 1722 περιϐάλῃς
987 1651 1100 1721 (τε)
1136 1652 1407 1717 θανάτοις⁶
1448 1653 1546 1725 οὐχ
1588 1654 1761 1719 οὕτως

176 1740 294 1813 γὰρ
324 1744 486 1813 ἡμεῖς
512 1742 764 1813 ἄνανδροι
782 1784 797 1810 ,
827 1741 903 1807 ὡς
938 1743 1088 1815 φόϐῳ
1114 1744 1224 1799 τῶν
1254 1747 1362 1799 σῶν
1390 1746 1642 1816 βασάνων
1660 1748 1761 1820 τὴν

177 1833 466 1904 ἡμετέραν
495 1834 784 1904 προδοῦναι
823 1834 1159 1905 φιλοσοφίαν,
1183 1837 1280 1891 καὶ
1303 1837 1521 1903 ἀνάξιόν
1551 1855 1604 1894 τι
1631 1839 1760 1910 δρᾶ-

180 1940 275 1975 σαι
326 1925 425 1993 τῆς
463 1925 613 1989 θείας
661 1926 1004 1995 νομοθεσίας.
1043 1928 1188 2000 Πρὸς
1217 1926 1389 1984 ταῦτα
1436 1930 1577 1994 πᾶν,
1623 1931 1677 1985 ετ
1706 1946 1757 1985 τι

178 2010 497 2079 γινώσκεις,
520 2015 859 2086 ἀμυντήριον
884 2015 1173 2088 εὐτρέπιζε
1198 2017 1432 2089 ὄργανον
1451 2035 1466 2052 ·
1488 2021 1621 2092 ἡμῖν
1649 2021 1756 2094 γὰρ

176 2102 243 2156 τὸ
259 2102 365 2175 ζῇν
392 2105 627 2175 Χριστός
647 2108 787 2174 ἐστι,
810 2109 902 2163 καὶ
926 2109 987 2164 τὸ
1010 2109 1193 2164 θανεῖν
1215 2110 1356 2184 ὑπὲρ
1376 2113 1544 2167 αὐτοῦ
1568 2115 1758 2187 κέρδος

177 2192 407 2265 ἄριστον
433 2198 567 2268 (23).

259 2375 391 2430 Ἐπὶ
418 2376 627 2440 τούτοις
656 2378 812 2450 θυμῴ
851 2379 1137 2451 ἐξαφθεὶς,
1180 2387 1210 2439 6
1242 2385 1462 2456 κρατῶν
1502 2386 1756 2443 ἐκέλευσε

174 2467 277 2530 τὰς
344 2468 445 2537 μὲν
499 2468 784 2539 θεολόγους
854 2474 1036 2528 αὐτῶν
1097 2478 1401 2550 ἐκκοπῆναι
1465 2480 1754 2551 γλώσσας,

173 2558 539 2630 ἐξορυχθῆναι
594 2561 652 2615 δὲ
702 2564 829 2628 τοὺς
869 2565 1224 2638 ὀφθαλμοὺς,
1268 2572 1460 2642 χεῖράς
1509 2590 1571 2626 τε
1617 2573 1754 2645 ὁμοῦ

174 2651 564 2724 ἀποτμηθῆναι
588 2656 683 2708 καὶ
710 2657 898 2722 πόδας.
924 2659 1038 2730 Τῆς
1060 2660 1105 2712 δ’
1130 2662 1460 2732 ἀποφάσεως
1484 2665 1752 2737 δοθείσης,

172 2743 224 2795 ol
254 2744 733 2814 μὲνιύπασπισταὶ
756 2751 1117 2821 περιστάντες
1142 2755 1327 2818 αὐτοῖς
1351 2757 1447 2811 καὶ
1467 2758 1752 2831 δορυφόροι

176 2836 586 2908 μισανθρώπως
629 2843 726 2895 καὶ
764 2842 1009 2913 ἀνηλεῶς
1046 2846 1489 2918 ἠκρωτηρίαζον*
1529 2852 1755 2917 καὶτὰς

174 2929 339 3000 203
377 2930 478 2999 μὲν
508 2930 759 3000 γλώσσας
789 2933 1117 3002 ὀγκινίσκοις
1147 2938 1257 2991 τῶν
1291 2941 1575 3011 στομάτων
1603 2944 1753 3009 ἐξελ-

172 3018 450 3084 κύσαντες
469 3059 483 3082 ,
511 3021 791 3092 θηριωδῶς
819 3024 1126 3096 ἀπέτεμνον
1143 3067 1160 3094 ,
1202 3028 1331 3091 τοὺς
1362 3029 1670 3102 ὀφθαλμοὺς
1698 3032 1754 3087 δὲ

175 3105 423 3178 σιδηροῖς
448 3109 750 3182 ἐξώρυττον
770 3112 972 3181 ὄνυξιν,
1002 3116 1399 3188 ἀρθρεμϐόλοις
1423 3119 1481 3173 δὲ
1502 3119 1755 3190 ὀργάνοις

171 3199 276 3261 τὰς
307 3204 496 3272 χεῖρας
520 3203 700 3257 αὐτῶν
731 3206 826 3258 καὶ
853 3208 980 3270 τοὺς
1022 3207 1191 3273 πόδας
1222 3209 1615 3283 ἐξαρθροῠντες
1656 3216 1753 3268 ἀνο

173 3290 431 3363 έτεμνον.
468 3297 531 3350 Ol
568 3297 625 3350 δὲ
672 3298 934 3371 μακάριοι
978 3301 1179 3356 ἐκεῖνοι
1222 3304 1317 3357 καὶ
1344 3305 1634 3375 αἰδήμονες
1664 3310 1761 3361 καὶ¹

152 3387 419 3451 γενναῖοι
441 3386 533 3440 τὸν
565 3387 845 3459 λογισμὸν,
878 3390 954 3456 ώς
979 3391 1116 3462 πρὸς
1139 3393 1377 3464 εὐωχίαν
1411 3395 1759 3468 καλούμενοι,

176 3477 447 3548 ἀνδρείως
470 3482 841 3550 προσήρχοντο
862 3484 983 3547 ταῖς
1009 3483 1284 3554 βασάνοις,
1303 3486 1568 3557 ἀλλήλους
1591 3506 1764 3561 παραο

178 3568 445 3638 θήγοντες
472 3571 565 3625 καὶ
591 3573 728 3642 πρὸς
758 3573 851 3627 τὸν
886 3573 977 3629 διὰ
1010 3575 1248 3648 Χριστὸν
1278 3576 1511 3633 θάνατον
1543 3578 1764 3650 ἀφόϐως

178 3676 257 3729 χω
265 3659 511 3729 ροῦντες.

264 3752 354 3804 Ἑν
377 3752 639 3819 τοιούτοις
668 3755 761 3810 οὖν
784 3757 1088 3815 πολυειδέσι
1112 3760 1410 3833 τιμωρίαις
1435 3763 1533 3828 τὰς
1559 3782 1761 3837 καρτε-

185 3844 347 3914 ρικΞις
391 3845 574 3901 αὐτῶν
614 3847 793 3920 ψυχὰς
834 3850 912 3921 τῷ
945 3852 1134 3924 Κυρίῳ
1186 3854 1485 3926 παρέθεντο
1525 3859 1576 3911 οἱ
1627 3860 1763 3931 ίεροὶ

181 3936 444 4006 ἀσκηταὶ,
472 3938 839 3993 ἑπτακαίδεκα
856 3939 944 3995 τὸν
970 3941 1522 4014 ἀριθμδνιτελοῦντες.
1538 3947 1762 4019 Ὁμολο-

182 4031 469 4099 γουμένως
494 4030 587 4085 οὖν
609 4034 969 4105 αὐτοκράτωρ
990 4035 1109 4090 ἐστὶ
1130 4036 1240 4090 τῶν
1262 4038 1452 4092 παθῶν
1476 4041 1506 4093 6
1532 4040 1761 4111 εὐσεϐὴς

181 4120 468 4192 λογισμὸς,
493 4122 742 4197 καθάπερ
761 4143 845 4190 τις
860 4125 969 4179 τῶν
987 4128 1085 4198 οὐχ
1102 4128 1390 4199 ήμετέρων
1406 4129 1605 4202 ἔφησεν
1625 4132 1758 4203 (τι),

180 4215 379 4280 ἄθλους
431 4215 785 4286 διηγούμενος
824 4219 1131 4289 πρεσϐύτου
1179 4222 1373 4293 ἱερέως
1416 4223 1512 4276 καὶ
1558 4222 1763 4277 παίδων

180 4308 327 4361 ἑπτά
372 4309 470 4362 σύν
505 4309 766 4379 όμόφρονι
798 4313 987 4382 μητρὶ,
1024 4311 1120 4366 τοῦ
1152 4313 1407 4387 πατρῴου
1451 4306 1762 4387 ὐπεραθλη-

183 4401 401 4455 σάντων
421 4402 607 4472 νόμου,
646 4396 722 4457 ὧν
763 4404 862 4475 τῆς
894 4406 1191 4477 καρτερίας
1216 4407 1312 4461 καὶ
1359 4407 1764 4479 μεγαλοψυχίας

179 4493 339 4547 οὐδὲν
370 4494 783 4567 καθυστέρησαν
820 4497 870 4550 οί
900 4486 1195 4569 θαυμάσιοι
1220 4493 1367 4554 οὗτοι
1398 4501 1643 4573 Πατέρες
1672 4502 1765 4555 καὶ

179 4586 284 4658 τῆς
316 4577 430 4642 ἀνω
465 4588 824 4661 Ἰερουσαλήμ
850 4590 1067 4646 πολῖται
1091 4594 1187 4647 καὶ
1212 4592 1563 4665 κληρονόμοι.

254 4856 417 4911 ΚΕΦ.
453 4856 581 4910 KA'.
612 4856 829 4911 Τούτων
870 4857 964 4911 οὐν
997 4858 1235 4920 εὐσεϐῶς
1272 4858 1691 4921 τελειωθέντων,
1736 4862 1766 4912 6

185 4943 445 5015 βασιλεὺς
491 4944 569 5016 τῷ
617 4946 1091 5017 πρωτοσυμϐούλῳ
1140 4947 1327 5015 ἔλεγεν
1379 4948 1584 5018 Ἀραχῇ
1628 4947 1766 5018 πρὸς

183 5036 286 5101 τὴν
310 5034 570 5105 δευτέραν
595 5035 896 5105 ἀποϐλέψαι
922 5036 1140 5107 βουλὴν,
1162 5036 1256 5089 τοῦ
1286 5034 1502 5107 πρώτου
1532 5037 1767 5107 διαμαρ-

184 5128 402 5190 τόντας,
439 5127 535 5180 καὶ
564 5131 658 5181 τδν
689 5126 893 5199 Ναχὼρ
926 5131 1130 5182 ἐκεῖνον
1166 5128 1662 5198 προσκαλέσασθαι.
1708 5129 1768 5183 Ὀ

1872 658 2016 702 ctum
2043 658 2159 713 est,
2200 648 2292 702 sed
2318 661 2435 716 qua
2462 661 2491 699 a
2523 646 2749 700 Domino
2778 655 2963 701 nostro
2994 647 3248 711 imperata
3276 656 3433 707 sunt;

1871 738 1960 804 qui
1992 750 2088 791 nos
2116 737 2478 805 temperantiae
2503 735 2739 800 studere,
2780 744 2940 805 atque
2967 750 3156 791 omnes
3184 740 3432 806 volupta-

1874 839 1955 883 tes
1976 837 2030 882 et
2066 828 2381 895 cupiditates
2411 825 2462 880 in
2492 832 2753 893 potestate
2792 834 2995 891 tenere,
3042 825 3439 882 fortitudinem-

1871 917 2182 986 quecolere,
2209 932 2272 971 ac
2297 917 2531 971 laborem
2558 931 2768 971 omnem
2792 915 3193 971 etafﬂzctionem
3216 918 3437 986 justitite

1873 1022 2030 1064 causa
2057 1009 2319 1064 sustinere
2345 1008 2521 1063 docet.
2555 1009 2670 1072 Quo
2701 1007 2859 1073 igitur
2885 1007 3125 1077 graviora
3154 1010 3307 1063 nobis
3334 1009 3435 1076 pie-

1875 1106 2000 1153 tatis
2054 1112 2212 1153 causa
2261 1098 2398 1153 mala
2452 1098 2716 1164 intulerts,
2763 1112 2829 1152 eo
2859 1098 3163 1164 praeclarius
3189 1098 3256 1153 de
3282 1096 3437 1153 nobis

1872 1190 2094 1244 meritus
2127 1189 2310 1244 fueris.
2338 1189 2592 1256 Quocirca
2631 1187 2889 1258 quidquid
2920 1189 3064 1244 lubet
3093 1188 3211 1253 fac;
3265 1204 3438 1259 neque

1866 1280 2008 1334 enim
2035 1280 2423 1334 committamus
2451 1287 2507 1334 ut
2526 1279 2721 1349 aliquid
2740 1278 2878 1349 quod
2909 1294 2939 1332 a
2967 1288 3114 1334 recto
3144 1278 3437 1335 abhorreat

1866 1368 2142 1437 faciamus,
2172 1384 2236 1425 ac
2264 1380 2478 1439 peccato
2500 1385 2598 1426 nos
2627 1368 2957 1425 addicamus.
3006 1369 3115 1424 Nec
3138 1370 3278 1425 enim
3320 1370 3437 1426 leve

1868 1459 1968 1515 hoc
1993 1460 2169 1516 scelus
2198 1474 2318 1516 esse
2346 1472 2527 1531 putes,
2556 1461 2601 1516 si
2639 1460 3034 1516 colluctatorem
3080 1475 3142 1515 ac
3178 1461 3438 1516 commili-

1865 1558 2041 1605 tonem
2064 1560 2301 1606 nostrum
2345 1552 2437 1605 tibi
2466 1552 2516 1606 in
2553 1565 2743 1605 manus
2786 1552 3073 1606 tradamus.
3108 1552 3301 1606 Verum
3333 1554 3436 1608 hoc

1865 1642 2076 1696 nomine
2103 1642 2321 1696 minime
2367 1656 2465 1696 nos
2515 1640 2781 1707 irridebis,
2830 1640 3068 1708 quamvis
3105 1641 3263 1695 etiam
3305 1657 3433 1696 sex-

1861 1741 2044 1788 centas
2068 1743 2266 1789 mortes
2294 1736 2447 1789 nobis
2472 1734 2689 1790 inferas.
2716 1734 2899 1806 Neque
2925 1737 3066 1790 enim
3093 1736 3226 1791 adeo
3257 1736 3433 1806 ignavi

1861 1835 2065 1887 sumus,
2104 1831 2166 1877 ut
2194 1832 2577 1879 tormentorum
2612 1835 2820 1879 tuorum
2864 1832 3006 1878 metu
3038 1825 3429 1895 philosophiam

1789 1888 1834 1949 Β
1868 1922 2105 1968 nostram
2135 1915 2450 1983 prodamus‘,
2499 1924 2660 1985 atque
2687 1915 2883 1985 aliquid
2917 1888 3093 1971 divina
3134 1888 3263 1988 lege-
3300 1919 3439 1974 indi-

1859 2018 2022 2075 gnum
2068 2015 2456 2075 perpetremus.
2506 2008 2774 2063 Adversus
2805 2009 2920 2063 haec
2949 2024 3279 2079 quatcunque
3325 2021 3435 2067 tor-

1860 2104 2156 2151 mentorum
2188 2096 2534 2152 instrumenta
2566 2098 2726 2164 nosti,
2755 2112 2819 2154 ea
2848 2099 3104 2169 expedias
3140 2101 3286 2156 licet.
3326 2101 3435 2156 No-

1859 2187 1937 2243 bis
1956 2186 2150 2257 quippe
2176 2189 2357 2243 vivere
2398 2186 2645 2245 Christus
2672 2200 2775 2256 est,
2801 2203 2866 2245 ac
2894 2191 3030 2246 mori
3058 2193 3435 2263 praestantissi-

1857 2291 2004 2332 mum
2033 2277 2234 2332 lucrum
2266 2275 2490 2349 (Philip.
2522 2277 2585 2346 ι).

1925 2367 2007 2421 0b
2036 2366 2335 2435 ltujusmodi
2361 2368 2525 2423 verba
2551 2382 2644 2423 rex
2669 2368 2849 2426 furore
2874 2370 3251 2438 inﬂammatus,
3282 2372 3433 2427 theo-

1856 2454 2005 2526 logas
2029 2470 2212 2511 eorum
2240 2458 2445 2527 linguas
2467 2458 2729 2527 amputari
2762 2458 2933 2527 jubet,
2975 2464 3267 2531 oculosque
3292 2463 3429 2527 erui,

1857 2558 2150 2615 manusque
2180 2545 2338 2601 simul
2365 2561 2429 2601 ac
2477 2548 2638 2617 pedes
2693 2551 2944 2607 truncari.
3001 2552 3114 2619 Qua
3168 2554 3428 2609 sententia

1857 2636 2213 2702 pronuntiata,
2244 2636 2453 2692 lictores
2480 2646 2535 2692 et
2554 2639 2808 2696 satellites
2833 2640 3237 2699 circumstantes
3268 2644 3431 2699 inhu-

1857 2740 2013 2779 mane
2037 2741 2101 2781 ac
2129 2726 2414 2784 crudeliter
2454 2730 2601 2797 ipsos
2647 2730 3053 2785 demutilabant.
3105 2731 3183 2787 Ac
3222 2733 3428 2803 linguas

1855 2813 2066 2884 quidem
2094 2830 2277 2870 eorum
2309 2817 2512 2872 uncinis
2539 2833 2605 2871 ex
2625 2834 2718 2874 ore
2740 2828 3007 2875 extractas
3039 2821 3269 2876 belluina
3290 2837 3427 2892 qua-

1856 2903 1976 2957 dam
2008 2904 2214 2960 feritate
2241 2906 2641 2975 abscindebant,
2672 2909 2857 2964 oculos
2880 2918 3058 2965 autem
3089 2909 3279 2967 ferreis
3326 2928 3426 2967 an-

1856 2992 2043 3059 guibus
2068 2986 2343 3063 eruebant,
2368 3010 2431 3051 ac
2458 2996 2685 3067 denique
2713 2997 3082 3057 instrumentis
3104 3001 3420 3070 quibusdam

1860 3095 2047 3137 eorum
2078 3098 2269 3140 manus
2320 3100 2384 3141 ac
2426 3087 2589 3156 pedes
2628 3088 2894 3152 luxantes.
2945 3091 3327 3161 amputabant:
3372 3102 3429 3147 at

1862 3171 2004 3228 beati
2036 3173 2111 3230 illi
2137 3188 2201 3230 ac
2248 3177 2535 3232 venerandi
2575 3190 2627 3234 et
2654 3181 2902 3248 generosi
2931 3182 3054 3247 viri,
3085 3191 3333 3251 tanquam
3359 3188 3427 3239 ad

1858 3261 2044 3329 epulas
2069 3263 2267 3330 vocati,
2290 3274 2508 3321 strenuo
2536 3276 2589 3321 et
2610 3268 2730 3322 forti
2758 3271 2936 3324 animo
2960 3270 3026 3325 ad
3056 3271 3321 3326 cruciatus
3341 3287 3431 3325 ac—

1856 3352 2146 3420 cedebant,
2165 3356 2373 3430 .mutuis
2395 3356 2849 3413 cohortationibus
2892 3374 3012 3416 sese
3040 3370 3311 3426 acuentes,
3341 3373 3426 3415 at-

1857 3456 1960 3509 que
1980 3443 2046 3496 ad
2074 3454 2299 3498 mortem
2334 3459 2431 3513 pro
2478 3444 2692 3504 Christo
2737 3450 3066 3507 subeundam
3110 3452 3233 3508 forti
3269 3461 3427 3522 atque
3463 3514 3466 3527 ί

1861 3533 2125 3602 intrepido
2148 3535 2327 3590 animo
2357 3547 2657 3602 pergentes.

3448 3278 3457 3343 Ι

1931 3768 1988 3824 ln
2007 3770 2305 3843 huiusmodi
2330 3772 2489 3827 variis
2520 3769 2797 3842 supp.ieiis
2824 3769 3147 3825 sacrosancti
3214 3780 3419 3825 mona-

1858 3862 1951 3917 cbi
1977 3908 1993 3931 ,
2024 3879 2245 3921 numero
2267 3865 2452 3920 decem
2481 3873 2536 3919 et
2563 3874 2791 3933 septem,
2835 3862 3001 3917 fortes
3043 3877 3105 3917 ac
3153 3862 3429 3917 tolerantia

1860 3956 2110 4026 praeditas
2160 3956 2365 4010 animas
2394 3968 2516 4009 snas
2566 3954 2792 4007 Domino
2839 3951 3299 4007 commendarunt.
3352 3951 3433 4005 Ex

1859 4050 2271 4121 quo‘perspicue
2309 4057 2518 4104 constat
2548 4050 2782 4102 animum
2813 4048 3005 4116 pietate
3052 4043 3328 4115 praeditum
3356 4045 3435 4095 vis

1862 4143 2013 4196 tiosis
2054 4140 2424 4195 affectionibus
2469 4140 2769 4206 imperare,
2819 4135 3269 4206 quemadmodum
3315 4133 3441 4202 qui»

1861 4233 1985 4287 dam
2015 4247 2044 4285 a
2064 4232 2260 4286 nostris
2278 4230 2505 4285 decretis
2529 4228 2730 4281 alienus
2752 4227 2980 4297 prodidit
2999 4222 3322 4292 (Iosephus).
3349 4238 3437 4277 se-

1864 4324 1947 4376 nis
1970 4323 2256 4378 sacerdotis
2285 4337 2347 4376 ac
2375 4331 2579 4389 septem
2610 4319 2838 4374 filiorum
2876 4319 3167 4373 certamina
3195 4332 3433 4372 comme-

1864 4426 2099 4478 morans,
2128 4414 2218 4478 qui
2255 4427 2360 4466 una
2384 4426 2505 4466 cum
2548 4420 2717 4465 matre
2760 4410 2870 4479 pari
2901 4408 3123 4464 omnino
3170 4409 3435 4463 sententia

1866 4504 2086 4573 praedita
2109 4519 2205 4574 pro
2237 4504 2419 4571 patria:
2446 4503 2575 4572 legis
2604 4502 2915 4557 defensione
2935 4500 3274 4555 dimicarunt.
3300 4500 3441 4566 Qtti—
3498 4496 3501 4499 ⁷

1792 4579 1836 4634 ί)
1868 4594 1967 4648 bus
1996 4594 2273 4649 tolerantia
2299 4604 2352 4648 et
2378 4594 2537 4648 animi
2564 4591 2927 4661 magnitudine
2968 4590 3133 4645 nihilo
3159 4590 3443 4644 inferiores

1869 4682 1924 4738 hi
1955 4683 2139 4738 eximii
2166 4682 2350 4737 Patres
2389 4697 2452 4737 ac
2476 4696 2721 4749 superna:
2768 4680 3061 4735 Jerusalem
3110 4680 3252 4733 cives
3277 4679 3441 4733 exsti-

1873 4783 2068 4829 terunt.

1941 4864 2067 4920 Cn.
2103 4858 2288 4917 XXIV.
2331 4889 2401 4901 —-
2430 4858 2523 4912 His
2570 4853 2731 4927 igitur
2754 4852 2842 4923 pia
2897 4856 3068 4905 morte
3122 4845 3435 4918 perfunctis,

1870 4969 1967 5010 rex
1998 4952 2062 5007 ad
2091 4950 2397 5021 primarium
2426 4945 2788 5003 consiliarium
2813 4956 2967 4997 suum
2998 4934 3240 4994 Arachen
3267 4937 3438 4989 dixit:

1873 5041 2129 5111 Quoniam
2160 5036 2304 5109 prius
2344 5035 2626 5092 consilium
2657 5030 2876 5086 minime
2920 5030 3197 5087 successit,
3225 5024 3295 5077 ad
3338 5038 3437 5088 po-

1877 5134 2071 5189 sterius
2113 5131 2347 5187 animum
2384 5127 2579 5197 adjice,
2625 5140 2688 5180 ac
2735 5120 3029 5176 Nachorcm
3063 5114 3439 5170 accersendum

261 5307 377 5381 12!)
402 5307 587 5381 C_sine
612 5310 714 5381 μή.
749 5308 981 5365 Basilius
1008 5309 1176 5365 Prtec.
1210 5325 1261 5366 c.
1290 5309 1407 5381 36:
1445 5307 1672 5381 πλοῦτος
1705 5309 1761 5379 μέ

1860 5305 1953 5381 γάρ
1984 5304 2285 5381 *ἀρετὴν
2328 5299 2654 5370 ἐνυπάρχων
2689 5294 2889 5357 κακίας
2933 5288 3160 5361 μᾶλλον,
3200 5285 3318 5341 ἀλλ’
3347 5285 3448 5339 οὐκ

189 5375 722 5455 ἀρετῇ-ὑπηρέτης
750 5381 918 5455 ἐστίν.
954 5382 1289 5455 Restitttatur
1312 5380 1390 5455 μὴ
1417 5390 1546 5455 ante
1577 5379 1665 5455 δι’,
1701 5375 1733 5439 e

1860 5375 1963 5455 ﬁge
2158 5380 2225 5429 A'
2399 5442 2411 5455 .
2536 5439 2549 5455 ,
2718 5434 2836 5455 _____.
2899 5430 3106 5455 ι--Δ-3·.-.
3152 5425 3211 5455 -.ι

266 5432 471 5522 (εξίᾉ,
504 5432 934 5522 περισιλέτςτα,
958 5432 1275 5522 agitata;
1312 5432 1544 5522 manus
1576 5432 1743 5522 me.

1860 5448 1914 5500 ιι
1950 5462 1963 5497 ε
2002 5446 2175 5522 Νίκας
2206 5462 2287 5498 σοι
2330 5432 3450 5522 mi.ip‘iﬁf‘i‘ﬂ".FXQE‘EKE‘EIQ‘

292 5494 360 5502 _-
406 5494 445 5503 ..
510 5494 570 5503 ..-
618 5494 818 5511 ηπ--.
875 5494 911 5504 ν
965 5494 1024 5503 ..-
1072 5494 1206 5505 .-_...
1262 5494 1275 5505 .
1312 5494 1543 5504 .,.........v
1576 5494 1743 5502 -.---.

333 5494 1174 5616 dsoé.q6ngra3‘a6:6;:1pégrma.
1212 5494 1307 5574 καὶ
1339 5520 1494 5584 νίκας
1527 5520 1750 5616 στήσεις

255 5604 338 5616 η...
374 5605 401 5616 Α
550 5609 562 5616 .
594 5593 672 5616 ιι-
742 5609 841 5616 __..
877 5609 969 5616 -..η
1001 5590 1152 5616 ...Α.-π
1184 5591 1290 5616 -.¹”’...
1321 5590 1513 5616 ,-.-.ι...
1532 5608 1575 5616 ..ι
1614 5590 1723 5616 ﬁ..--

1860 5494 1914 5571 [o'
2312 5494 2395 5566 est
2426 5494 2626 5565 ἱιιόοιΙ.
2652 5505 2786 5560 ει99ι
2835 5503 2902 5574 Α)
2930 5494 3078 5585 ’κατά
3103 5497 3211 5552 τῶν
3235 5494 3446 5548 παθῶν.

1940 5584 2116 5616 14-.....
2170 5584 2254 5616 ιο..-
2296 5584 2422 5616 Mt...
2459 5579 2516 5616 ar:
2554 5577 2733 5616 ηιήιιτιυ
2782 5589 3030 5616 yanmuc
3071 5567 3324 5616 τουωήση
3354 5564 3450 5616 καὶ

193 5567 563 5665 iisiis-T73
591 5567 1154 5665 ΜελέτηνΪὸῠνῗποιοῦ
1183 5591 1291 5665 τῶν
1320 5567 1575 5665 έοιούέων
1612 5567 2259 5665 ὢφελί“μων..λάίωδῖ.ῖγα
2296 5579 2523 5665 vita“.
2554 5577 2745 5665 αὐτῶν.
2770 5567 3423 5665 ,ξερπῖΡςΑῖᾶῖἳξῘιῖῖὶ.³ξῗ

195 5657 379 5723 καλῶς
403 5658 502 5732 τὴν
536 5647 810 5732 βασιλείαν
839 5662 1134 5732 διοικήσεις
1155 5677 1170 5693 ο
1201 5661 1309 5732 imo
1333 5661 1640 5732 διοικήσῃς,
1661 5647 1755 5732 Αἱξιιι

1860 5647 2033 5718 edice,
2077 5655 2167 5724 qui
2202 5655 2337 5707 bene
2369 5651 2530 5705 habet
2575 5647 2895 5718 τρυφήσης,
2931 5652 3010 5708 et,
3041 5647 3244 5699 omisso
3273 5650 3452 5688 τοιουο

193 5745 340 5800 των,
360 5727 507 5800 addit
529 5727 649 5799 post
668 5731 844 5798 λόγων
873 5727 1193 5800 opportune,
1218 5730 1337 5784 ὅλον
1375 5748 1467 5785 σου
1496 5727 1589 5783 τὸν
1620 5727 1754 5800 βίον.

269 5785 385 5871 (25)
419 5785 586 5871 Epist.
621 5801 689 5856 ad
722 5785 958 5870 ﬁltilipp:
989 5817 1028 5866 I,
1054 5801 1118 5855 21
1158 5785 1372 5871 ι’-Ἑμοὶ⁸
1397 5801 1506 5871 γάρ
1536 5785 1728 5871 τὸξῇν

1860 5799 2019 5871 ιστὸς,
2052 5793 2149 5871 καλΖ
2173 5792 2242 5845 τὸ
2267 5790 2558 5871 ἀποθανεῖν
2588 5785 2800 5857 κέρδος.

276 5858 391 5939 (Ἡ)
424 5858 690 5941 εἶδεευιιιιε
718 5858 947 5940 scilicet,
983 5858 1160 5929 indice
1191 5858 1382 5942 Bilt'yo,
1408 5858 1783 5929 'co'uferen'ilus
1811 5858 1951 5961 libro
1978 5858 2059 5923 De
2103 5862 2346 5919 Maccab.
2376 5874 2478 5916 can
2528 5858 2585 5913 l.
