4042 6442
234 475 365 540 1077
434 416 462 444 .

1323 458 1500 518 VlTA
1540 449 1898 514 BARLAAM
1942 447 2038 508 ET
2074 442 2426 509 JOASAPH.

3334 450 3468 516 1078

225 577 407 638 σκότος
430 571 712 643 ἐξέφυγον,
730 565 808 638 τῷ
834 567 974 638 φωτὶ
1008 563 1394 637 προσδραμώνο
1423 562 1517 616 καὶ
1536 562 1635 631 τὴν
1663 559 1802 613 πλά-

1932 567 2111 623 inﬁcias
2151 567 2359 623 iverim.
2399 566 2656 621 Tenebris
2694 567 2836 623 enim
2877 569 2997 641 luga
3025 569 3257 639 relictis,
3293 571 3360 627 ad
3402 574 3453 628 lu

224 685 317 739 νην
335 664 624 728 ἀπέλιπον,
645 662 711 731 τῇ
736 658 963 730 ἀληθεία
982 656 1283 720 οίκειωθείς
1308 672 1322 686 ·
1341 655 1457 719 καὶ,
1474 655 1586 717 τοῖς
1615 650 1799 722 δαίμο-

228 778 304 814 σιν
349 754 519 825 210
542 750 975 820 ἀποταξάμενος,
1002 746 1224 819 Χριστῷ
1259 744 1639 814 συνεταξάμην
1663 740 1797 814 (40),

224 851 297 923 τῷ
326 847 419 902 τοῦ
450 845 589 900 Θεοῦ
634 843 729 897 καὶ
778 841 993 911 Πατρὸς
1041 838 1155 910 Υίῷ
1180 839 1275 893 καὶ
1296 837 1477 907 Λόγῳ,
1499 829 1560 889 οῦ
1594 833 1673 905 τῷ
1705 833 1803 905 ῥή-

230 959 352 1016 ματι
378 937 639 1009 παρήχθη
662 936 722 990 τὸ
745 936 854 989 πᾶν
870 936 935 988 ἐκ
957 935 1033 1005 μὴ
1053 933 1246 995 ὄντων,
1267 930 1326 995 δς
1348 931 1465 993 καὶ,
1488 926 1803 998 τὸνάνθρω-

228 1054 322 1091 πον
347 1036 411 1088 ἐκ
440 1030 567 1103 χοὸς
588 1028 910 1093 διαπλάσας,
941 1024 1179 1096 ζωτικὴν
1208 1022 1511 1092 ἐνεφύσησε
1528 1020 1717 1089 πνοὴν,
1746 1018 1805 1073 ἐν

231 1124 549 1200 παραδείσῳ
596 1138 656 1175 τε
691 1120 804 1192 (41)
856 1119 958 1189 τῆς
1011 1115 1226 1189 τρυφῆς
1270 1113 1423 1168 ἔθετο
1470 1108 1807 1175 διαιτᾶσθαι,

230 1204 552 1292 παραϐάντα
600 1213 659 1267 δὲ
712 1212 812 1283 τὴν
858 1209 1078 1280 ἐντολὴν
1132 1204 1298 1262 αύτοῦ
1338 1205 1439 1258 καὶ
1467 1202 1547 1275 τῷ
1590 1201 1808 1272 θανάτῳ

231 1312 483 1368 ὑπόδικον
511 1305 906 1377 γενόμενον,τῇ
936 1298 1248 1377 ἐξουσίᾳᾼτε
1279 1296 1371 1351 τοῦ
1393 1294 1569 1349 δεινοῦ
1603 1306 1808 1361 κοσμο-

232 1399 496 1472 κράτορος
523 1371 1006 1466 ζιεγύπαχθὲντα,
1036 1388 1137 1442 ούκ
1164 1371 1381 1458 ἀπέστη
1414 1383 1593 1438 πάντα
1635 1379 1806 1436 ποιῶν

232 1490 366 1562 πρὸς
406 1486 508 1558 τὴν
550 1482 790 1556 ἀρχαίαν
844 1480 1165 1553 βουλόμενος
1210 1476 1580 1547 ἐπαναγαγεῖν
1617 1473 1805 1544 τιμήν.

233 1584 319 1638 Διὸ
347 1579 512 1643 αὐτὸς
566 1579 596 1632 6
646 1576 831 1644 πάσης
883 1576 983 1646 τῆς
1013 1572 1245 1635 κτίσεως
1296 1568 1547 1641 ποιητὴς,
1576 1567 1672 1623 καὶ
1710 1564 1806 1620 τοῦ

234 1671 500 1745 ἡμετέρου
533 1667 725 1737 γένους
766 1661 1121 1734 δημιουργὸς,
1163 1660 1453 1732 ἄνθρωπος
1482 1657 1704 1727 ἐγένετο
1734 1654 1807 1709 δι’

234 1764 375 1836 ἡμᾶς
406 1759 503 1815 καὶ
558 1757 654 1811 ἐπ)⁵
696 1757 801 1827 γῆς
852 1753 1025 1808 ἐλθὼν
1068 1752 1134 1806 ἐκ
1182 1748 1463 1823 Παρθένου
1510 1748 1674 1817 ἁγίας
1694 1747 1809 1809 τοῖς

236 1835 537 1924 ἀνθρώποις
603 1844 1063 1916 συνανεστρέφετο
1093 1843 1233 1915 (45),
1298 1840 1397 1895 καὶ
1448 1839 1591 1910 ὑπὲρ
1650 1835 1809 1908 ἡμῶν

236 1910 345 2001 τῶν.
370 1910 708 2014 ἀγνωμόνων
756 1910 981 1991 οἰκετῶν
1014 1936 1044 1989 6
1082 1910 1362 2005 Ᾰεσπότης
1406 1931 1636 1987 θάνατον
1680 1945 1814 1981 κατ·
1844 1910 1887 1966 Β

240 2039 448 2106 εδὲξατο
505 2033 604 2088 καὶ
657 2032 886 2086 θάνατον
937 2027 1027 2083 τὸν
1076 2026 1167 2081 διά
1216 2022 1451 2095 σταυροῦ
1478 2021 1615 2093 (44),
1666 2021 1814 2082 ὅπως

239 2131 364 2201 λυθῇ
391 2127 493 2198 τῆς
520 2124 798 2197 ἁμαρτίας
835 2124 872 2193 ὴ
894 2121 1173 2193 τυραννὶς,
1209 2118 1358 2180 ὅπως
1377 2118 1413 2187 ἡ
1445 2114 1689 2187 προτέρα
1716 2129 1816 2166 κα-

240 2220 423 2290 ταδίκη
454 2215 745 2290 ἀναιρεθῇ,
768 2215 917 2279 ὅπως
932 2212 1191 2281 ἀνοιγῶσι
1216 2209 1378 2265 πάλιν
1399 2211 1532 2281 ἡμῖν
1567 2208 1625 2261 αί
1654 2206 1816 2276 ούρα-

249 2312 334 2367 νοῦ
363 2308 553 2362 πύλαι.
602 2307 750 2359 Ἐκεῖ
776 2304 885 2374 γὰρ
914 2303 1014 2373 τὴν
1052 2300 1215 2372 φύσιν
1261 2298 1422 2371 ἡμῶν
1451 2299 1695 2369 ἀνήγαγε
1723 2295 1819 2350 καὶ

242 2405 327 2459 ἐπὶ
358 2400 550 2472 θρόνου
582 2396 740 2468 δόξης
771 2393 1056 2459 κεκάθικε,
1088 2392 1367 2464 βασιλείαν
1388 2408 1449 2445 τε
1473 2390 1572 2463 τὴν
1598 2387 1819 2444 ἀτελεύ-

245 2512 394 2568 τητον
411 2492 729 2565 ἐδωρήσατο
742 2489 900 2558 211
919 2488 1031 2551 τοῖς
1056 2485 1220 2540 αὐτὸν
1245 2483 1501 2554 ἀγαπῶσι
1519 2481 1617 2537 καὶ
1638 2478 1822 2550 ἁγαθά

245 2588 309 2642 τὰ
331 2583 615 2658 κρείττονα
638 2580 733 2635 καὶ
752 2579 917 2648 λόγου
939 2577 1037 2631 καὶ
1056 2577 1245 2646 ἀκοῆς.
1278 2574 1451 2637 Δύτὸς
1472 2572 1583 2643 γάρ
1603 2572 1755 2625 ἐστιν
1785 2570 1815 2623 6

251 2674 498 2749 κραταιὸς
528 2673 624 2728 καί⁵
657 2671 818 2743 μόνος
870 2669 1138 2739 δυνάστης
1167 2666 1305 2738 (45).
1342 2666 1370 2718 6
1400 2662 1665 2727 Βασιλεὺς
1711 2660 1823 2715 τῶν

253 2746 642 2843 βασιλευόντων
695 2763 791 2818 καὶ
816 2762 1023 2833 Κύριος
1052 2761 1161 2815 τῶν
1207 2756 1575 2831 κυριευόντων
1597 2754 1734 2826 (46),
1761 2746 1825 2807 οὗ

252 2864 308 2917 τὸ
354 2861 562 2932 κράτος
606 2858 818 2928 ἄμαχον
861 2854 958 2909 καὶ
1002 2854 1037 2924 ἡ
1084 2849 1374 2906 δυναστεία
1416 2847 1759 2910 ἀνείκαστος,
1797 2845 1826 2897 6

260 2955 406 3026 μόνος
437 2952 600 3022 ἆγιος
628 2949 725 3005 καὶ
754 2950 813 3001 ἐν
845 2947 1023 3017 ἀγίοις
1054 2942 1492 3013 ἀναπαυόμενος,
1523 2942 1551 2993 6
1589 2939 1688 2993 σὺν
1712 2938 1827 2992 [Ια-

255 3046 338 3120 τρὶ
371 3045 462 3098 καὶ
487 3041 633 3114 ἁγίῳ
670 3039 952 3111 Πνεύματι
975 3035 1353 3106 δοξαζόμενος,
1382 3034 1463 3096 είς
1504 3030 1541 3086 ἀ
1565 3029 1829 3101 βεὸάπτιι·

259 3118 404 3209 σμαι.
449 3136 568 3190 Καὶ
618 3130 888 3204 ὁμολογῶ,
916 3128 1125 3195 δοξάζω
1163 3143 1224 3180 τε
1268 3127 1365 3179 καὶ
1406 3120 1701 3195 προσκυνῶ
1733 3118 1830 3173 ἐνα

258 3230 380 3284 Θεὸν
405 3230 461 3282 ἐν
491 3227 676 3298 τρισὶν
707 3222 1072 3278 ὑποστάσεσιν
1102 3217 1389 3291 ὁμοούσιόν
1418 3234 1477 3270 τε
1524 3216 1619 3269 καὶ
1656 3212 1830 3282 ἀσύγ-

259 3338 427 3394 χυτον,
459 3316 719 3375 ἄκτιστόν
753 3333 812 3369 τε
846 3315 940 3369 καὶ
977 3313 1271 3376 ἀθάνατον,
1301 3308 1541 3374 αἰώνιον,
1576 3307 1829 3377 ἄπειρον,

258 3412 655 3486 ἀπεριόριστον,
671 3407 986 3479 ἀσώματον,
1000 3403 1214 3475 ἀπαθῆ,
1230 3404 1521 3477 ἄτρεπτον,
1541 3397 1834 3454 ἀναλλοίωο

260 3506 497 3578 τονμῖ),
536 3503 813 3576 ἀόριστον,
859 3498 1045 3571 πηγὴν
1096 3497 1437 3567 ἀγαθότητος
1488 3496 1586 3549 καὶ
1629 3492 1836 3547 δικαιο-

264 3604 417 3674 σύνης
451 3601 551 3656 καὶ
581 3598 758 3671 φωτὸς
798 3596 995 3664 ἀϊδίου,
1023 3594 1245 3650 πάντων
1272 3590 1592 3663 κτισμάτων
1622 3585 1837 3660 ὁρατῶν

263 3712 314 3748 τε
340 3695 431 3748 καὶ
465 3692 720 3765 ἀοράτων
775 3688 1028 3760 ποιητὴν,
1086 3683 1382 3756 συνέχοντά
1424 3699 1484 3737 τε
1513 3681 1694 3735 πάντα
1738 3678 1839 3734 καὶ

266 3783 649 3856 συντηροῦντα,
699 3779 921 3834 πάντων
956 3775 1383 3849 προνοούμενον,
1423 3771 1732 3845 κρατοῦντά
1776 3786 1837 3824 τε

266 3874 470 3928 πάντων
501 3872 599 3928 καὶ
655 3867 1031 3943 βασιλεύοντα.
1075 3865 1215 3921 Οὔτε
1244 3865 1357 3937 γάρ
1408 3862 1627 3933 ἐγένετό
1649 3878 1704 3914 τι
1728 3859 1839 3915 τῶν

265 3968 425 4022 ὅντων
455 3966 631 4038 χωρὶς
660 3961 826 4019 αύτοῦ
862 3961 999 4034 (48),
1039 3957 1166 4014 οὕτε
1214 3957 1314 4030 τῆς
1359 3954 1529 4010 αύτοῦ
1578 3953 1839 4026 προνοίας

268 4060 388 4114 ἀνευ
416 4055 778 4114 συνίστασθαί
812 4072 864 4108 τι
890 4052 1120 4107 δύναται
1146 4065 1162 4081 ⁸
1189 4049 1353 4113 αὐτὸς
1386 4046 1497 4119 γάρ
1528 4047 1649 4099 ἐστι
1695 4044 1839 4098 πάν-

269 4169 369 4205 των
387 4153 421 4223 ὴ
445 4149 585 4222 ζωὴ,
620 4149 839 4203 πάντων
868 4148 904 4217 ὴ
923 4144 1208 4207 σύστασις,
1225 4140 1446 4197 πάντων
1476 4141 1505 4193 6
1533 4135 1841 4209 φωτισμὸς,

271 4244 382 4308 ὅλος
400 4240 722 4312 γλυκασμὸς
743 4237 838 4293 καὶ
864 4236 1133 4307 ἐπιθυμία
1159 4233 1476 4304 ἀκόρεστος,
1499 4230 1594 4285 καὶ
1625 4229 1845 4285 πάντων

270 4334 372 4387 τῶν
416 4331 626 4404 ἐφετῶν
669 4330 733 4385 τὸ
772 4328 1097 4401 ἀκρότατον.
1143 4325 1219 4379 Τὸ
1272 4322 1597 4378 καταλιπεῖν
1630 4314 1725 4375 οὖν
1752 4319 1846 4372 τὸν

273 4426 435 4492 οὕτως
467 4423 701 4495 ἀγαθὸν,
734 4420 880 4476 οὕτω
911 4418 1097 4490 σοφὸν,
1130 4416 1276 4471 οῦτω
1303 4413 1534 4469 δυνατὸν
1560 4411 1717 4476 Θεὸν,
1749 4410 1847 4467 καὶ

274 4519 515 4591 δαίμοσιν
529 4515 886 4587 ἀκαθάρτοις,
902 4512 1263 4585 δημιουργοῖς
1277 4507 1498 4562 πάντων
1508 4506 1620 4561 τῶν
1634 4504 1847 4569 παθῶν,

276 4612 586 4684 λατρεῦσαι,

280 4707 581 4778 ἀπονεῖμαι,
614 4703 726 4766 τοῖς
754 4699 891 4771 μήτε
924 4689 1044 4751 οὖσί
1075 4712 1132 4748 τι
1173 4692 1311 4764 μήτε
1339 4689 1640 4762 ἐσομένοις,
1676 4688 1851 4757 πόσης

282 4799 375 4854 οὒκ
392 4799 456 4854 ἂν
478 4796 570 4869 εἴη
590 4795 735 4867 πέρα
761 4791 947 4855 ἀνοίας
971 4789 1083 4861 (49)
1112 4787 1208 4843 καὶ
1230 4782 1692 4857 παραφροσύνηςς
1714 4780 1852 4835 Πότε

1908 672 2025 714 cem
2055 657 2293 723 accurri,
2324 671 2388 711 ac
2412 656 2599 712 relicto
2625 671 2809 714 errore
2835 658 2900 714 ad
2931 660 3207 717 veritatem
3252 676 3340 718 tne
3381 663 3479 721 atl-

1906 748 2104 819 junxi:
2156 747 2448 817 nuntioque
2474 747 2807 803 daemonibus
2850 751 3110 817 remisso,
3165 751 3233 806 ad
3278 753 3479 809 Chriin

1910 840 2126 895 ordines
2154 855 2241 895 me
2269 840 2505 905 contuli,
2533 841 2621 910 qui
2650 840 2739 895 Dei
2771 841 2942 897 Patris
2968 842 3136 899 Filius
3165 858 3227 898 ac
3252 844 3482 901 Verbum

1911 940 2027 997 est,
2060 929 2321 1001 cujusque
2347 930 2511 985 verbo
2540 930 2717 985 omnia
2744 946 2810 986 ex
2839 931 3004 988 nihilo
3048 933 3100 988 in
3142 943 3318 990 ortutn
3362 951 3458 1003 pro

1910 1021 2069 1076 ducta
2107 1029 2267 1086 sunt,
2310 1020 2505 1090 quique
2543 1021 2724 1076 emoto
2767 1036 2799 1077 e
2838 1032 2981 1076 terra
3022 1022 3239 1080 homine
3265 1024 3482 1079 vitalem

1912 1108 2015 1177 ipsi
2057 1117 2300 1178 sptrttnm
2332 1108 2651 1175 insumavit,
2683 1125 2913 1179 eumque
2940 1110 2993 1168 in
3020 1112 3303 1180 voluptatis
3331 1128 3487 1184 para-

1913 1200 2064 1268 diso,
2108 1209 2170 1255 ut
2219 1199 2326 1254 illic
2377 1200 2627 1270 degeret,
2675 1199 2979 1255 collocavit.
3029 1199 3268 1272 Cumque
3317 1200 3486 1270 ipsius

1914 1289 2226 1347 mandatum
2255 1290 2537 1358 violasset,
2568 1291 2833 1360 mortique
2859 1290 3084 1360 proinde
3108 1290 3395 1346 obnoxium
3425 1306 3488 1347 se

1916 1386 2271 1452 reddidisset,
2315 1395 2474 1454 atque
2516 1385 2768 1457 horrendi
2812 1385 2995 1441 mundi
3038 1385 3293 1455 principis
3336 1395 3491 1453 potet

1918 1479 2041 1535 stati
2070 1475 2424 1546 subjecisset,
2456 1491 2564 1532 non
2596 1485 2775 1530 tamen
2818 1475 2998 1531 omnia
3037 1475 3214 1531 iacere
3251 1474 3488 1542 destitit,

1917 1585 2025 1641 quo
2051 1584 2171 1625 eum
2194 1568 2260 1623 ad
2291 1567 2573 1636 pristinam
2601 1568 2913 1637 dignitatem
2942 1577 3241 1624 revocaret.
3271 1568 3349 1622 Ac
3377 1582 3491 1636 pro-

1918 1671 2101 1733 pterea
2150 1660 2239 1716 ille
2276 1675 2454 1715 rerum
2490 1659 2728 1714 omnium
2765 1659 3101 1714 conditarum
3129 1656 3368 1726 eti‘ector,
3396 1672 3487 1726 ge-

1920 1751 2174 1822 nerisque
2212 1752 2384 1808 nostri
2420 1750 2787 1819 architectus,
2827 1760 3008 1806 nostra
3036 1764 3196 1806 causa
3223 1750 3383 1805 homo
3409 1750 3492 1805 er-

1922 1842 2091 1899 iectus
2140 1850 2251 1906 est.
2300 1851 2460 1912 atque
2503 1840 2559 1897 in
2607 1849 2805 1897 terram
2849 1840 3101 1907 veniens,
3146 1848 3202 1895 et
3240 1854 3273 1895 e
3309 1847 3493 1895 sancta

1926 1933 2145 2004 Virgine
2196 1948 2460 1999 nascens,
2513 1945 2635 1987 cum
2691 1930 3000 1987 hominibus
3053 1928 3493 1985 consuetudinem

1927 2025 2114 2082 habuit
2141 2022 2413 2097 (Bartsch.
2443 2022 2562 2092 ιιι).
2610 2025 2686 2077 Ac
2725 2035 2825 2091 pro
2863 2020 3018 2077 nobis
3058 2020 3278 2091 ingratis
3325 2018 3497 2073 servis

1926 2115 2188 2172 Dominus
2217 2122 2445 2169 mortem
2473 2112 2669 2178 subiit,
2716 2120 2770 2167 et
2806 2111 3022 2181 quidem
3059 2118 3284 2165 mortem
3322 2108 3499 2164 crucis

1927 2205 2167 2277 (Philip.
2197 2206 2312 2275 ιι),
2345 2211 2403 2257 ut
2428 2188 2681 2258 videlicet
2710 2201 2910 2270 peccati
2939 2200 3176 2271 tyrannis
3215 2196 3283 2255 de
3323 2198 3499 2253 medio

1926 2298 2224 2362 tolleretur,
2256 2295 2504 2365 priorque
2534 2293 2909 2349 condemnatio
2953 2290 3242 2356 deleretur,
3272 2304 3335 2345 ac
3374 2289 3499 2344 σαείί

1927 2396 2096 2460 porta:
2142 2386 2296 2441 nobis
2343 2399 2558 2441 rursum
2604 2390 2870 2454 paterent.
2917 2381 3050 2437 Nam
3092 2382 3218 2436 illuc
3256 2394 3501 2436 naturam

1926 2491 2171 2541 nostram
2243 2476 2460 2541 evexit,
2535 2486 2698 2547 atque
2770 2478 2829 2533 in
2905 2473 3087 2544 gloriae
3117 2473 3311 2527 throno
3334 2470 3503 2525 collo-

1928 2570 2108 2636 cavit,
2139 2581 2470 2638 regnumque
2510 2566 2631 2621 linis
2660 2579 2852 2635 expers
2870 2605 2888 2632 ,
2919 2563 2987 2620 iis
3012 2564 3101 2633 qui
3130 2563 3293 2631 ipsius
3318 2575 3504 2616 arnore

1928 2660 2140 2733 praediti
2164 2668 2324 2727 sunt,
2352 2659 2605 2723 donavit,
2634 2657 2879 2727 bonaque
2903 2654 3047 2711 omni
3074 2668 3321 2709 sermone
3348 2662 3506 2721 atque

1929 2753 2114 2810 auditu
2139 2750 2509 2822 praestantiora
2536 2750 2556 2819 (
2579 2747 2609 2801 Ι
2639 2746 2760 2802 Cor.
2790 2747 2885 2817 tt).
2919 2747 3034 2817 Ipse
3061 2745 3204 2801 enim
3241 2752 3325 2798 est
3354 2742 3507 2797 fortis

1931 2844 2052 2910 ille,
2083 2857 2147 2898 ac
2186 2841 2334 2897 solus
2361 2849 2587 2909 potens,
2612 2838 2727 2894 Rex
2754 2851 2939 2907 regum
2967 2844 3023 2892 et
3049 2834 3304 2890 Dominus
3330 2833 3507 2888 domi-

1933 2933 2173 2988 nantium
2199 2931 2403 3001 (Apoc.
2434 2944 2525 2983 xtx
2546 2926 2566 2998 )
2586 2970 2602 2996 ,
2631 2928 2786 2996 cujus
2817 2926 2978 2981 robur
3015 2924 3271 2980 invictum
3311 2932 3394 2979 est
3413 2964 3426 2986 ,
3453 2931 3510 2978 et

1933 3024 2172 3097 potentia
2201 3022 2467 3094 ejusmodi
2494 3036 2614 3092 qua:
2643 3033 2858 3075 omnem
2906 3016 3103 3086 ingenii
3146 3014 3508 3085 coniecturam

1935 3114 2196 3181 excedat;
2226 3114 2315 3183 qui
2340 3113 2487 3168 solus
2513 3120 2729 3167 sanctus
2750 3117 2835 3165 est
2853 3147 2869 3173 ,
2897 3118 2953 3164 et
2979 3108 3030 3162 in
3055 3105 3252 3161 sanctis
3273 3105 3512 3174 requies-

1937 3221 2067 3264 cens
2094 3224 2111 3274 ;
2144 3204 2234 3276 qui
2262 3219 2384 3260 cum
2412 3204 2574 3259 Patre
2610 3210 2666 3258 et
2693 3201 2890 3270 Spiritu
2929 3206 3115 3255 sancto
3141 3196 3468 3266 gloriﬁcatur
3495 3212 3513 3261 ;

1940 3297 1999 3352 in
2024 3309 2253 3368 quorum
2300 3294 2518 3349 nomine
2552 3291 2849 3360 baptizatus
2888 3302 3037 3351 sum,
3079 3291 3139 3341 et
3173 3298 3307 3355 quos
3344 3282 3515 3337 conti-

1943 3397 2083 3452 tuor,
2125 3383 2345 3440 celebro
2382 3393 2544 3451 atque
2589 3380 2793 3444 adoro,
2838 3391 3001 3432 unum
3047 3375 3211 3432 Deum
3252 3374 3306 3427 in
3346 3372 3518 3428 tribus

1942 3477 2219 3548 personis,
2263 3470 2808 3535 consubstantialem,
2855 3482 2920 3524 ac
2958 3464 3289 3523 confusionis
3329 3478 3518 3532 exper-

1943 3580 2083 3638 tem,
2114 3569 2407 3624 increatum
2425 3604 2442 3630 ,
2474 3561 2832 3618 immortalem
2853 3604 2868 3629 ,
2897 3560 3279 3629 sempiternum
3300 3595 3316 3621 ,
3344 3552 3520 3608 inlini~

1943 3673 2090 3729 tum,
2120 3663 2190 3718 ab
2228 3659 2374 3717 omni
2415 3655 2914 3725 circumscriptione
2952 3660 3255 3719 remotnm‘,
3293 3663 3521 3718 corpore

1943 3765 2225 3813 vacantem
2250 3795 2267 3823 ,
2319 3767 2351 3807 a
2393 3748 2884 3821 perturbationibus
2924 3754 2979 3800 et
3027 3743 3324 3801 mutatione
3363 3748 3522 3811 atque

1944 3845 2301 3906 conversione
2328 3842 2564 3899 alienum
2590 3881 2607 3908 ,
2634 3838 2780 3894 omni
2810 3837 3037 3893 termino
3076 3842 3346 3891 carentem
3365 3872 3382 3899 ,
3422 3830 3522 3885 bu-

1947 3940 2129 3999 nitatis
2152 3947 2207 3995 et
2226 3935 2445 4008 iustitia
2469 3948 2533 3988 ac
2557 3933 2898 4001 sempiterna:
2930 3929 3064 3985 lucis
3088 3927 3330 3986 fontem,'
3346 3938 3523 3979 rerum

1947 4034 2188 4090 omnium
2218 4028 2592 4091 conditarum,
2635 4034 2742 4079 tam
2785 4037 2905 4093 qua:
2945 4020 3093 4076 cerni
3118 4026 3338 4089 possunt
3365 4030 3524 4087 quam

1952 4144 2072 4200 quae
2119 4124 2400 4181 oculorum
2438 4134 2656 4178 sensum
2691 4118 2942 4191 fugiunt,
2981 4113 3323 4176 elici-torem,
3366 4120 3527 4177 atque

1950 4217 2128 4274 omnia
2156 4215 2517 4271 continentem
2558 4218 2613 4267 et
2650 4216 3054 4265 conservantem
3075 4244 3092 4268 .
3120 4201 3367 4263 omnibus
3407 4212 3528 4267 pro-

1950 4306 2286 4377 spicientem,
2313 4312 2473 4372 atque
2503 4303 2554 4355 in
2584 4300 2761 4354 omnia
2794 4311 3015 4367 regnum
3043 4303 3097 4349 et
3125 4289 3404 4370 imperium
3434 4288 3529 4343 ob-

1955 4400 2239 4455 tinentem.
2285 4393 2469 4463 Neque
2508 4392 2650 4446 enim
2691 4390 2809 4444 sine
2845 4387 2963 4457 ipso
2990 4398 3077 4440 res
3103 4382 3205 4437 ulla
3240 4380 3377 4435 facta
3404 4387 3488 4433 est
3510 4416 3529 4444 ,

1955 4504 2057 4547 nec
2106 4488 2225 4542 sine
2270 4483 2440 4553 ipsius
2487 4478 2821 4551 providentia
2869 4475 3156 4546 quidquam
3202 4470 3421 4525 conﬂari
3467 4482 3532 4522 ac

646 4559 861 4677 ξοάνοις
869 4559 886 4581 ν
896 4559 1227 4672 reticuit;qu
1368 4559 1376 4562 ⁷
1402 4559 1625 4663 ἀλάλοις
1679 4597 1829 4661 σέϐας

1958 4578 2254 4639 consistere
2283 4582 2481 4645 potest.
2526 4571 2643 4640 Ipse
2670 4567 2936 4638 siquidem
2976 4573 3057 4619 est
3100 4560 3336 4617 omnium
3383 4559 3489 4612 vita
3512 4595 3529 4619 ,

2089 4672 2099 4677 -
2718 4657 2945 4677 --ηε---ρ
2997 4650 3312 4677 :It.._.:.....:..
3392 4655 3529 4677 ηοω,

1958 4672 2197 4727 omnium
2245 4661 2662 4735 coagmentatio,
2710 4657 2949 4713 omnium
2997 4650 3344 4715 illuminatio,
3392 4655 3533 4702 totus

1958 4762 2209 4831 dulcedo,
2278 4773 2343 4815 ac
2404 4765 2550 4812 totus
2578 4754 2697 4809 sine
2727 4751 2832 4808 ulla
2861 4747 3141 4805 saturitate
3167 4740 3535 4797 desiderabilis

349 4980 456 5053 (40)
478 4974 773 5053 (ὶτθερτίιιβ
804 4971 936 5053 Nec.
960 4964 1245 5053 σφι-Ην,
1262 4978 1319 5053 P:
1348 4954 1829 5053 9.352.139.3233?

1932 4948 2182 5053 ἓὲἕμῖἕῖῑ

486 5029 1066 5115 ῖξὲέξειιοτίοἰιιεῇι
1114 5029 1348 5115 Ρτροόρἱ
1371 5030 1399 5104 ς
1436 5030 1502 5085 l0
1532 5047 1546 5085 :
1589 5029 1765 5081 Ὅπου
1795 5039 1903 5095 χαρ

289 5102 469 5193 miihi
504 5102 693 5193 ii'elius
716 5114 886 5193 co_d_ex
910 5108 1074 5193 2992,
1109 5102 1394 5193 πλάτανός

1911 4993 2196 5076 ῐεῖἕεὲἴᾷἑὰὶ
2230 5012 2465 5084 διαφανῆ
2500 4998 2595 5065 καὶ
2641 5007 2849 5078 πότιμα
2896 5005 3140 5076 νάματα,
3178 4997 3452 5059 πλάτανος
3479 4993 3540 5048 δὲ

289 5134 469 5193 πολλή.
504 5134 693 5176 melius
716 5134 886 5169 couex
910 5134 1074 5171 πω.
1109 5134 1377 5167 morsum
1410 5134 1492 5153 πο
1570 5166 1597 5179 _
1862 5162 1874 5174 ,
1901 5161 1914 5175 ,
2320 5156 2330 5166 ,
2817 5145 2828 5156 -
2967 5141 2979 5154 -

235 5194 239 5205 δ
293 5261 303 5263 _
356 5194 462 5263 (42)
491 5188 648 5247 cont“.
681 5186 849 5258 p.15,
882 5199 940 5237 n.
973 5181 1067 5235 45.
1104 5207 1172 5218 -
1204 5178 1245 5228 A
1277 5174 1395 5228 sine
1424 5171 1622 5224 δεινου.
1667 5166 1744 5221 Eo
1775 5161 1987 5217 facilius
2025 5172 2185 5213 voces
2224 5160 2551 5210 omittuntur
2589 5162 2618 5200 a
2655 5141 3108 5229 describentthus.
3152 5152 3259 5205 quo
3296 5144 3444 5222 ‘sunt
3472 5134 3541 5188 ad

796 5256 806 5263 .
1110 5261 1148 5263 ,_
1170 5246 1251 5263 ,,-_-
1304 5240 1583 5263 n.__..:..:-...
1618 5238 1668 5263 ι..
1700 5236 1886 5263 cum...“
1945 5230 1971 5263 Β
1996 5229 2068 5263 αι
2099 5242 2113 5256 ο
2152 5224 2304 5263 nl'vm
2349 5221 2447 5263 ηέυ
2468 5216 2536 5263 ἦν
2566 5216 2793 5263 ἀγαθός-
2821 5214 3001 5263 LOdEX
3221 5208 3363 5263 ἀνηρ
3395 5207 3538 5263 ἀΐα’

292 5230 462 5329 mstiti),
483 5230 1277 5329 'mivnlt-s'necessariaf.
1303 5240 1587 5329 Crito‘ricius
1618 5238 1669 5291 in
1700 5236 1908 5329 §llll|nm.
1945 5230 1973 5301 §

1996 5207 2309 5284 et'E'mim
2347 5221 2447 5293 μὲν
2468 5216 2536 5290 ἦν
2566 5216 2793 5293 ἀγαθός.
2808 5214 3001 5293 Eodem
3033 5210 3194 5293 sust,
3221 5207 3363 5293 ἀνὴρ
3395 5207 3538 5293 alia.

294 5277 453 5329 Ipsum
483 5277 702 5317 sensum
739 5277 916 5309 ulmus
940 5277 1277 5305 ιιτυωθαιιω.
1304 5277 1587 5297 uanum...

428 5326 804 5414 MAoscbopu‘lns
833 5324 897 5378 Π.
936 5338 1023 5391 σχ.
1059 5333 1113 5388 p.
1148 5316 1249 5371 M9
1278 5329 1293 5368 :
1325 5309 1639 5383 Πόρρωθεν,
1667 5304 1829 5359 πόσωε

1932 5277 2277 5366 ,δκύκλωθεν.
2314 5277 2533 5361 Κονοῐῖθ
2571 5277 2764 5342 οέοιιζ
2806 5282 2950 5340 2599
2984 5297 2998 5334 :
3033 5280 3198 5350 πόρῤ.
3230 5277 3536 5348 πρόσωθεν,

294 5402 574 5463 ὁπίσωθεν,
600 5396 761 5453 κύκλ.

361 5442 857 5542 ,_
978 5478 991 5516 :
1019 5442 1885 5542 Μετὲτοῦτο

363 5518 472 5611 ius
505 5518 1042 5611 s1.s;.:"sa"punnp.,
1058 5544 1121 5591 ιι.
1160 5528 1193 5581 8
1219 5543 1233 5578 =
1264 5518 1572 5611 revises;
1590 5518 1833 5611 ‘Zfﬁl‘i"?
1858 5531 1896 5583 μ

504 5584 1176 5683 sitiat-ii
1195 5584 1455 5683 κραταιὸς
1466 5588 1578 5683 Δκαὶ

370 5655 476 5753 ὶὶῶ
500 5655 976 5753 ῐὶἴρἱεῖ.”εῖᾲίτῇιη.
1008 5655 1088 5753 vi,
1111 5655 1196 5723 ιδ.
1224 5655 1308 5723 Ct.
1343 5660 1567 5733 Apocal.
1601 5673 1716 5720 χιχ,
1759 5655 1845 5735 ιο.

371 5741 478 5821 (47’,
502 5741 745 5821 etfpag.
778 5744 901 5821 tte,
925 5758 1000 5821 [ιε.
1020 5741 1109 5794 ts.

1951 5438 2045 5493 καὶ
2072 5438 2131 5490 ἐν
2158 5436 2271 5497 τοῖς
2297 5418 3111 5504 ἀνθρῴποιςᾳσυνανεστράφηκ

1928 5528 2020 5582 χρι
2048 5496 2297 5570 θανάτου,
2339 5496 2570 5557 θανάτου
2613 5496 2671 5550 δὲ
2702 5496 2958 5588 σταυροῦ.

502 5775 901 5881 ﬂagitiis?!
1142 5808 1207 5860 δι’
1230 5803 1396 5859 αὐτοῦ
1431 5801 1666 5892 ἐγένετο,
1695 5796 1794 5892 καὶ1
1822 5792 1991 5866 χωρὶς
2025 5785 2189 5843 αὑτοῦ
2219 5785 2434 5892 ἐγένετο
2469 5779 2583 5837 οὐδὲ
2616 5781 2671 5833 ἓν
2696 5775 3008 5892 ἦιγέγονειι

849 5887 859 5892 “
940 5883 951 5892 ‘
1080 5881 1123 5892 "
1223 5880 1233 5889 '
1281 5877 1312 5892 ’-
1374 5874 1428 5892 ¹⁹ν
1474 5876 1501 5892 εν
1529 5889 1557 5892 --
1589 5886 1644 5892 ---
1684 5880 1968 5892 --..--.Α-ς.-...
2005 5875 2121 5892 "nm
2163 5873 2188 5892 τι
2225 5870 2323 5892 ιηρ
2351 5870 2442 5892 ,ηρ
2485 5871 2582 5892 cun
2626 5869 2708 5892 ,ΠΗ
2738 5866 2924 5892 γυμνή..
2997 5880 3008 5892 Δ

375 5836 479 5892 μδ)
513 5836 706 5877 Joann.
748 5836 785 5881 l,
816 5836 889 5871 0:
929 5836 1109 5866 ιιαντα
1142 5836 1191 5860 ur.
1230 5836 1396 5859 αυιυυ
1431 5836 1666 5869 Giese-'1,
1698 5836 1787 5851 ω..
1824 5849 1829 5865 Α

375 5894 481 5965 (49)
510 5894 574 5959 Α,
606 5892 804 5961 εἴηπερ
838 5883 1039 5947 ἀνοίας.
1080 5877 1319 5935 Meminit
1354 5872 1648 5943 disvipulus
1684 5869 1829 5924 vct'bt

1932 5836 2121 5931 :n’qua)
2161 5873 2191 5911 a
2225 5836 2442 5912 doctore
2479 5836 2582 5910 suo
2620 5836 2924 5905 audiverat.
2969 5842 3167 5899 Confer
3202 5856 3319 5909 pag.
3350 5836 3441 5893 79.
