4042 6438
224 468 243 530 1
258 470 372 534 085

1324 455 1501 519 νΙΤΑ
1536 454 1893 515 BARLAAM
1930 456 2025 516 ΕΤ
2062 456 2411 529 JOASAPH.

3311 491 3447 554 1086

212 563 391 637 σὺνης
422 563 493 619 τά
524 563 739 638 φθαρτά
776 564 871 620 καὶ
914 564 1175 639 ἐπίκηρα,
1203 564 1409 637 ἀσθενῆ
1432 584 1491 621 τε
1516 567 1611 620 καὶ
1633 567 1793 620 οὐδα-

1908 575 2039 629 mnii
2073 586 2231 647 atque
2273 584 2474 638 umbrae
2524 584 2687 641 instar
2738 599 3053 654 prater-eaut
3081 605 3147 646 ac
3187 590 3468 646 deleantur

213 656 376 725 μινά,
410 655 520 710 τῶν
541 656 836 728 ἀφθάρτων
861 660 1153 732 προκρῖναι
1186 659 1281 712 κει)⁸
1302 658 1558 723 αίωνίων,
1577 660 1790 729 ἀκηρά-

210 762 331 801 των
357 764 419 801 τε
446 748 545 803 καὶ
572 749 968 820 ἀτελευτήτων,
1000 750 1098 804 καὶ
1126 752 1192 821 τῇ
1246 750 1567 821 προσκαίρῳ
1588 749 1792 803 τούτων

209 838 521 893 ἀπολαύσει
580 840 680 910 τῆς
712 841 994 913 ἀδιαδόχου
1040 841 1370 914 στερηθῆναι
1419 840 1527 894 τῶν
1573 838 1792 909 ἀγαθῶν

209 930 445 985 ἐκείνων
477 932 868 1003 ἀπολαύσεωςς
896 935 971 987 Οὐ
1006 935 1257 1005 συνήσεις
1286 932 1480 997 ταῦτα,
1509 925 1554 985 ὦ
1584 932 1790 1000 πάτερ;

208 1022 276 1075 οὐ
331 1024 713 1096 παρώραμεῖς
759 1026 829 1079 τά
877 1025 1317 1097 παρατρέχοντα,
1364 1024 1460 1077 καὶ
1509 1021 1790 1095 προσθήσῃ

209 1115 337 1177 τοῖς
361 1116 749 1186 ἐπιμένουσιν;
777 1117 837 1170 οὐ
866 1118 1230 1187 προτιμήσεις
1262 1115 1362 1186 τὴν
1388 1114 1667 1169 κατοικίαν
1694 1115 1793 1184 τῆς

212 1206 539 1277 παροικίας,
586 1208 648 1260 τὸ
693 1207 810 1277 φῶς
851 1209 947 1262 τοῦ
1002 1209 1248 1273 σκότους,
1307 1207 1368 1260 τὸ
1430 1206 1646 1277 πνεῦμα
1692 1205 1792 1275 τῆς

211 1298 444 1368 σαρκὸς,
460 1298 559 1371 τὴν
588 1297 805 1353 αἰώνιον
823 1300 971 1371 ζωήν
993 1301 1095 1370 τῆς
1120 1301 1279 1363 σκιᾶς
1295 1298 1388 1352 τοῦ
1408 1298 1638 1353 Θανάτου
1654 1297 1789 1368 (7i),

207 1389 285 1442 τὰ
318 1388 394 1460 μή
440 1389 676 1459 λυόμενα
711 1390 820 1444 τῶν
871 1391 1135 1461 ρεόντωνς
1174 1392 1275 1445 οὐκ
1304 1390 1541 1463 ἐκφεύξῃ
1562 1390 1664 1461 τῆς
1690 1410 1790 1462 χα-

207 1480 391 1553 λεπῆς
429 1481 673 1545 δουλείας
717 1482 812 1536 τοῦ
852 1483 1029 1537 δεινοῦ
1070 1483 1532 1555 κοσμοκράτορος,
1561 1484 1657 1537 τοῦ
1701 1502 1793 1538 πο-

210 1575 414 1646 νηροῦ,
469 1576 635 1646 φημὶ,
666 1575 914 1629 διαϐόλου
940 1576 1074 1647 (72),
1124 1579 1217 1631 ml.
1240 1577 1318 1647 τῷ
1361 1577 1551 1648 ἀγαθῷ
1581 1578 1677 1631 καὶ
1700 1579 1793 1631 εὐ-

212 1666 519 1736 σπλάγχνῳ
551 1667 648 1720 καὶ
695 1668 1108 1738 πανοικτίρμονι
1138 1669 1470 1741 οἰκειωθήσῃ
1500 1669 1788 1743 Asander];

210 1751 318 1815 οὐ,
339 1754 439 1822 τῆς
475 1753 583 1806 τῶν
610 1753 819 1807 πολλῶν
848 1756 1090 1820 ἀποστὰς
1116 1757 1211 1810 καὶ
1243 1757 1614 1828 ψευδωνύμων
1652 1758 1790 1814 θεῶν

208 1838 476 1912 λατρείας
494 1882 510 1906 ,
541 1841 621 1913 τῷ
645 1844 728 1897 ἐνὶ
749 1844 1066 1915 λατρεύσεις
1086 1846 1323 1917 ἀληθινῷ
1345 1848 1441 1902 καὶ
1463 1847 1625 1913 ζῶντι
1648 1848 1788 1921 Θεῷ;

1906 662 2080 731 (Psal.
2108 674 2310 739 cum),
2344 674 2480 728 adeo
2525 684 2581 728 ut
2622 676 2951 732 iustabilibus
2986 681 3158 746 potius
3194 680 3363 744 auris,
3407 690 3465 737 et

1908 768 2058 824 navis
2094 782 2190 838 per
2226 784 2373 825 mare
2398 769 2665 826 currentis
2691 770 2824 825 vesti
2858 771 2945 835 iis,
2988 784 3149 839 quam
3196 770 3465 824 hominum

1904 859 2242 928 prosperitati
2269 859 2400 913 tides
2431 858 2669 914 habenda
2698 860 2797 924 sit;
2826 875 2943 928 quae
2972 860 3186 913 tandem
3211 859 3468 925 simplici-

1907 957 2011 1017 tas,
2053 950 2135 1004 vel
2164 960 2220 1004 ut
2259 950 2454 1005 rectius
2497 952 2702 1020 loquar,
2733 952 2954 1006 stultitia
2981 962 3034 1008 et
3062 952 3329 1007 dementia
3358 953 3471 1005 ha-c

1904 1049 2010 1103 est,
2038 1055 2100 1094 ea
2124 1056 2244 1110 qua:
2273 1042 2470 1095 caduca
2510 1051 2563 1095 et
2593 1042 2854 1096 imbecilla
2894 1044 3326 1111 corruptionique
3364 1042 3465 1096 ob.

1906 1131 2063 1185 noxia
2095 1140 2239 1195 sunt,
2270 1132 2375 1185 imo
2406 1131 2538 1185 nihil
2571 1146 2786 1199 prorsus
2814 1140 2955 1195 sunt,
2984 1133 3046 1185 iis
3073 1146 3192 1200 quae
3229 1146 3257 1184 a
3290 1146 3473 1186 corru-

1910 1222 2090 1291 ptione
2113 1223 2281 1276 aliena
2309 1238 2371 1276 ac
2393 1224 2711 1291 sempiterna
2750 1234 2894 1288 sunt,
2928 1224 3131 1292 potiora
3161 1223 3379 1288 ducere,
3410 1239 3473 1276 ac

1911 1324 2129 1382 propter
2170 1312 2709 1387 caducarum’rerum
2763 1315 3007 1375 fructum,
3062 1313 3319 1367 hortorum
3358 1314 3474 1367 illo-

1910 1420 2031 1459 rum
2057 1404 2228 1458 fructu
2251 1405 2317 1459 ab
2338 1406 2481 1459 omni
2512 1406 2850 1460 successione
2879 1416 3083 1461 remoto
3116 1408 3351 1473 privari?
3392 1410 3472 1461 An

1903 1509 2013 1550 tton
2048 1497 2182 1560 haec,
2211 1514 2243 1549 υ
2286 1505 2458 1565 pater,
2504 1496 2803 1567 intelliges?
2835 1499 2913 1551 An
2945 1513 3052 1551 non
3098 1499 3473 1567 praetereuntia

1908 1587 2227 1655 praeteribis,
2260 1597 2417 1655 atque
2443 1587 2506 1641 ad
2548 1603 2610 1642 ea
2651 1603 2770 1655 qua:
2796 1586 2901 1641 fixa
2926 1598 2979 1642 et
3005 1600 3150 1643 certa
3179 1601 3323 1657 sunt,
3362 1589 3475 1643 ani-

1907 1692 2052 1730 mum
2084 1678 2386 1747 adiunges?
2427 1679 2507 1734 An
2540 1693 2642 1733 non
2676 1680 2899 1747 patriam
2930 1681 3341 1749 peregrinationi
3382 1696 3475 1734 an-

1908 1778 2151 1838 tepones,
2178 1768 2350 1824 lucem
2384 1770 2636 1835 tenebris,
2690 1772 2935 1839 spiritum
2987 1774 3159 1836 carni,
3193 1772 3354 1826 vitam
3398 1788 3474 1826 ω-

1902 1865 2113 1914 ternam
2144 1861 2347 1914 umbra:
2368 1860 2575 1925 mortis,
2618 1876 2679 1916 ea
2719 1876 2837 1931 quae
2870 1877 2973 1916 non
2997 1863 3302 1918 dilabuntur
3321 1861 3477 1916 ﬂuxis

213 1932 267 1985 εί
300 1933 413 2001 γὰρ
445 1934 537 1987 καὶ
568 1935 818 2003 ἥμαρτες
856 1936 1025 2006 αὐτῷ,
1066 1938 1237 1991 πολλὰ
1268 1939 1669 2012 βλασφημήσας
1698 1942 1793 1995 καὶ

1905 1962 1959 2004 ὼ
1991 1949 2297 2017 fragilibus?
2318 1953 2399 2004 Au
2430 1966 2535 2005 non
2563 1966 2628 2007 ex
2658 1928 2825 2008 atroci
2864 1954 2962 2009 hac
3003 1953 3253 2008 horrendi
3288 1954 3474 2007 mundi

207 2024 346 2086 τοὺς
387 2023 554 2076 αὑτοῦ
594 2024 930 2093 θεράποντας
961 2025 1160 2090 δειναῖς
1210 2027 1416 2082 ἀνελὼν
1475 2031 1791 2101 τιμωρίαις,

211 2116 266 2184 2
280 2116 389 2186 19
407 2115 541 2169 ἀλλά
556 2116 765 2181 δέξεταί
785 2134 866 2182 σε,
886 2117 947 2172 εὖ
966 2114 1101 2185 οἶδα,
1126 2120 1155 2171 ό
1172 2120 1375 2188 ἀγαθὸς
1394 2122 1796 2192 ἐπιστρέψαντα

214 2208 317 2259 καὶ
340 2206 555 2260 πάντων
582 2223 675 2259 σου
703 2208 1108 2278 ἀμνημονεύσει
1136 2210 1243 2264 τῶν
1268 2210 1753 2285 πλημμελημάτων
1776 2227 1793 2246 ⁸

209 2297 278 2350 οὗ
321 2296 569 2368 βούλεται
600 2298 709 2370 γάρ
742 2300 833 2353 τὸν
863 2300 1092 2356 θάνατον
1126 2303 1220 2358 τοῦ
1252 2305 1600 2375 ἀμαρτωλοῦ,
1632 2307 1709 2371 ὼς
1734 2308 1797 2361 τὸ

214 2388 550 2458 ἐπιπρέψαι
581 2393 676 2444 καὶ
711 2390 812 2462 ζῇν
847 2392 1009 2445 αὑτὸν
1033 2394 1169 2463 (75),
1191 2398 1219 2449 ό
1248 2397 1312 2449 ἐκ
1334 2396 1444 2449 τῶν
1470 2397 1795 2470 ἀνεκδιηγή-

211 2493 330 2532 των
356 2478 640 2533 κατελθὼν
664 2481 975 2551 ὑψωμάτων
1025 2485 1119 2537 ἐπὶ
1148 2486 1378 2558 ζήτησιν
1427 2488 1536 2542 τῶν
1584 2489 1790 2561 πλανη-

214 2570 423 2625 θέντων
444 2573 621 2642 ήμῶν,
668 2575 901 2645 σταυρόν
926 2593 987 2629 τε
1013 2579 1108 2630 καὶ
1138 2578 1412 2648 μάστιγας
1448 2580 1542 2634 καὶ
1570 2581 1798 2636 θάνατον

214 2662 521 2732 ὑπομείνας
545 2663 611 2716 δι’
642 2666 809 2735 ἡμᾶς,
841 2667 936 2720 καὶ
972 2667 1051 2737 τῷ
1082 2668 1249 2739 τιμίῳ
1286 2669 1453 2723 αὑτοῦ
1488 2671 1679 2741 αἵματι
1712 2672 1802 2740 ἐξ·

211 2752 498 2824 αγοράσας
520 2755 664 2825 ἡμᾶς
687 2756 813 2820 τοὺς
838 2760 1231 2828 πεπραμένους
1259 2759 1365 2813 ὑπὸ
1376 2761 1476 2832 τὴν
1500 2763 1796 2834 ἁμαρτίαν.

222 2848 393 2920 Αὐτῷ
428 2852 461 2923 ή
493 2851 619 2919 δόξα
649 2854 744 2907 καὶ
770 2854 974 2919 αίνεσις
1011 2856 1095 2920 είς
1118 2857 1245 2922 τοὺς
1264 2858 1486 2924 αίῶνας.
1533 2862 1728 2935 Ἀμήν.

1906 2037 2184 2108 principis,
2223 2040 2325 2095 hoc
2354 2052 2437 2097 est
2471 2042 2705 2110 perversi
2729 2045 2925 2100 diaboli
2972 2048 3251 2107 servitute,
3276 2044 3394 2113 fuga
3425 2056 3478 2100 te

1905 2130 2191 2196 subduces,
2221 2140 2377 2200 teque
2405 2132 2472 2186 ad
2502 2133 2700 2188 bonum
2725 2144 2779 2190 et
2808 2136 2872 2188 ad
2906 2136 3328 2190 misericordiam
3354 2151 3476 2204 pro-

1909 2220 2286 2288 pensissimum
2320 2221 2601 2276 Dominum
2630 2225 2909 2280 conteres?
2936 2227 3016 2279 Au
3060 2241 3163 2279 non
3212 2240 3243 2279 a
3289 2228 3477 2280 multo-

1908 2323 2025 2363 rum
2055 2311 2537 2366 cnmmcntitinrum
2560 2314 2779 2368 deorum
2803 2316 2945 2370 cultu
2970 2316 3197 2385 teipsum
3220 2317 3471 2381 abduces,

1909 2409 2071 2467 atque
2096 2400 2183 2454 uni
2208 2402 2329 2455 vivo
2366 2416 2430 2456 ac
2464 2416 2592 2457 vero
2624 2404 2731 2457 Deo
2760 2406 2959 2458 cultum
2989 2404 3264 2457 adhibebis
3289 2404 3311 2456 ?
3340 2404 3473 2457 Nam

1904 2490 2004 2546 etsi
2038 2493 2089 2545 in
2137 2491 2300 2546 Deum
2332 2492 2585 2562 peccasti,
2618 2508 2739 2548 cum
2770 2495 2962 2548 multas
2992 2496 3044 2548 in
3066 2510 3188 2548 eum
3228 2494 3474 2561 blasphe-

1906 2580 2041 2634 mias
2079 2579 2331 2647 eﬂ'udisti,
2365 2590 2524 2652 atque
2550 2583 2715 2651 ipsius
2733 2598 2921 2638 servos
2957 2585 3206 2653 gravibus
3239 2596 3471 2638 tormen-

1907 2672 1978 2726 tis
2003 2673 2341 2728 excruciatos
2366 2676 2589 2742 necasti,
2626 2691 2731 2729 non
2757 2686 2931 2730 tamen
2962 2676 3146 2729 dubito
3172 2676 3299 2744 quin
3324 2685 3377 2730 te
3409 2677 3473 2729 ad

1908 2763 2182 2819 meliorem
2228 2774 2460 2820 mentem
2491 2766 2799 2821 redeuntem
2851 2777 3191 2835 suscepturus
3222 2768 3311 2831 sit,
3354 2782 3469 2820 om-

1916 2855 2111 2923 niaque
2139 2855 2329 2909 deliCIa
2368 2866 2455 2911 tua
2503 2871 2534 2911 e
2564 2859 2820 2912 memoria
2859 2857 3146 2926 ejecturus.
3190 2857 3304 2911 Non
3332 2857 3474 2912 enim

218 2954 455 3001 tnortem
489 2944 812 3014 peccatoris,
846 2944 940 2999 sed
973 2944 1148 3014 magis
1185 2954 1243 2999 ut
1270 2954 1625 3001 convertatur
1649 2955 1704 3002 et
1733 2945 1897 3011 vivat,
1929 2946 2018 3000 ille
2044 2946 2154 3001 vult
2186 2943 2402 3018 (Ezech.
2446 2949 2629 3017 xvm),
2661 2950 2752 3019 qui
2789 2960 2847 3004 ut
2882 2964 2979 3005 nos
3014 2966 3042 3003 a
3084 2960 3229 3005 recta
3260 2951 3343 3005 via
3375 2953 3474 3005 ab-

208 3046 467 3094 errantes
501 3035 823 3105 requireret,
856 3052 921 3089 ex
956 3050 1019 3089 ea
1051 3035 1384 3092 sublimitate
1419 3052 1541 3107 quae
1574 3037 1741 3093 nullis
1770 3037 1953 3092 verbis
1983 3036 2181 3106 exponi
2228 3046 2405 3106 potest
2452 3038 2752 3104 descendit,
2786 3055 3115 3110 crucemque
3154 3050 3207 3096 et
3247 3052 3476 3096 mortem

209 3141 404 3185 nostra
435 3142 601 3182 causa
634 3127 874 3195 pertulit,
905 3139 970 3180 ac
999 3139 1100 3179 nus
1137 3125 1229 3195 qui
1264 3127 1368 3181 sub
1397 3136 1619 3196 peccato
1652 3126 1858 3182 venditi
1889 3140 2106 3183 eramus
2145 3126 2323 3200 (Rom.
2359 3128 2475 3199 vtt),
2502 3130 2738 3199 pretioso
2778 3144 2878 3186 suo
2928 3132 3194 3200 sanguine
3227 3130 3474 3195 redemit,

210 3222 321 3289 Ipsi
354 3224 471 3275 laus
500 3231 553 3274 et
583 3219 752 3288 gloria
783 3218 834 3272 iu
863 3218 1059 3272 saecula
1091 3220 1434 3274 saeculorum.
1466 3222 1656 3277 Amen.

276 3312 389 3367 Τοῦ
418 3312 476 3366 δὲ
511 3312 773 3384 βασιλέως
817 3313 1079 3385 ἐκπλήξει
1127 3331 1187 3368 τε
1216 3313 1334 3386 ἅμα
1376 3315 1473 3369 καὶ
1503 3315 1640 3388 ὀργῇ
1685 3317 1784 3389 λη-

1958 3322 2071 3378 Rex
2102 3332 2280 3377 autem
2310 3332 2525 3389 stupore
2554 3322 2711 3377 simul
2743 3330 2902 3391 atque
2929 3319 3006 3375 ira
3027 3330 3303 3389 correptus
3331 3328 3409 3373 est
3436 3335 3451 3374 :

204 3404 460 3475 φθέντος,
497 3404 558 3459 τδ
604 3406 702 3477 μὲν
726 3406 819 3459 ἐπὶ
846 3409 913 3477 τῇ
958 3406 1053 3461 τοῦ
1084 3407 1274 3471 παιδὸς
1310 3408 1525 3462 συνέσει
1553 3410 1650 3462 καὶ
1677 3412 1789 3473 τοῖς

1910 3412 2017 3467 llud
2048 3427 2260 3480 nempe,
2292 3414 2361 3466 ob
2388 3413 2477 3466 tllii
2497 3411 2853 3478 prudentiam,
2882 3420 3041 3479 atque
3066 3410 3329 3475 ejusmodi
3350 3425 3460 3464 ser-

207 3497 630 3569 ἀναντιρῥήτοις
650 3497 816 3552 αὐτοῦ
842 3498 1073 3570 ῥήμασι,
1096 3497 1157 3551 τὸ
1187 3498 1244 3552 δὲ
1261 3499 1345 3568 ἐφ’
1366 3491 1410 3568 ᾧ
1428 3499 1554 3563 τοὺς
1578 3499 1787 3555 ἐκείνου

1905 3519 2097 3569 :nones,
2135 3506 2223 3572 qui
2252 3507 2397 3559 nullo
2435 3514 2588 3573 pacto
2628 3504 2801 3559 refelli
2844 3511 3095 3573 possent;
3130 3504 3229 3555 hoc
3256 3512 3456 3567 autem,

206 3590 273 3643 οὐ
299 3590 541 3644 διέλιπεν
583 3589 945 3644 ἐνδιαϐάλλων
994 3590 1151 3653 θεοὺς
1200 3590 1296 3643 καὶ
1324 3590 1445 3645 ὅλον
1493 3591 1659 3646 αὑτοῦ
1687 3609 1789 3663 μυ·-

209 3682 497 3753 κτηρίζων
528 3681 623 3734 καὶ⁸
662 3682 938 3752 χλευάζων
977 3682 1068 3736 τὸν
1120 3681 1253 3752 βίον,
1288 3683 1349 3737 τὸ
1385 3683 1483 3755 μὲν
1505 3683 1599 3738 τοῦ
1630 3684 1789 3754 λόγου

213 3776 448 3845 φαιδρὸν
480 3775 568 3830 διὰ
605 3776 704 3846 τὴν
731 3774 877 3829 ἔνδον
908 3774 1008 3828 οὐκ
1040 3776 1258 3842 ἐδέξατο
1284 3776 1380 3829 τοῦ
1421 3778 1646 3841 σκότους
1688 3794 1793 3832 πα-

214 3866 454 3939 χύτητα,
479 3867 905 3939 τιμωρήσασθαι
948 3868 1005 3921 δέ
1043 3869 1204 3921 αὑτὸν
1238 3869 1272 3939 ἢ
1307 3870 1494 3933 κακῶς
1525 3888 1579 3923 τι
1612 3870 1793 3924 διαθέ-

216 3957 347 4013 σθαι
376 3961 445 4030 τῇ
493 3962 695 4031 φυσικῇ
736 3962 813 4031 μὴ
840 3960 1139 4031 δυνάμενος
1186 3964 1410 4032 στοργῇ,
1457 3962 1517 4016 τὸ
1542 3961 1598 4015 δὲ
1626 3981 1795 4034 μετα-

215 4050 431 4104 πείσειν
458 4051 621 4105 αὑτὸν
679 4052 931 4117 ἀπειλαῖς
979 4051 1159 4123 πάντη
1211 4054 1505 4122 ἀπογνοὺς,
1537 4054 1795 4124 φοόηθεὶς

219 4137 320 4210 μὴ,
350 4138 606 4205 πλείονας
660 4144 889 4211 κινήσας
931 4142 1069 4212 πρὸς
1104 4141 1269 4196 αὑτὸν
1315 4141 1529 4211 λόγους,
1584 4144 1795 4197 ἐκείνου

220 4231 750 4302 παρρησιαζομένου
787 4233 883 4287 καὶ
909 4233 978 4287 τά
1004 4234 1111 4287 τῶν
1141 4234 1281 4288 θεῶν
1316 4234 1797 4304 διακωμῳδοῦντος

220 4325 320 4377 καὶ
347 4322 725 4393 χλευάζοντος,
767 4325 849 4388 είς
889 4324 1111 4379 πλείονα
1161 4325 1332 4395 θυμὸν
1381 4323 1657 4394 ἐξαφθεὶς,
1688 4326 1799 4378 τῶν

220 4412 494 4466 ἐναντίων
527 4414 608 4476 είς
633 4414 793 4465 αὐτόν
821 4430 873 4465 τι
893 4412 1262 4482 διαπράξοιτο,
1311 4414 1428 4481 μετ’
1462 4411 1630 4480 ὀργῆς
1662 4412 1797 4464 ἀνα-

218 4502 382 4567 στὰς,
419 4502 800 4574 ὑπεχώρησεν,
824 4502 953 4557 Εἴθε
987 4503 1232 4573 μηδόλως
1254 4501 1572 4572 ἐγεννήθης,
1605 4500 1797 4567 είπὼν,

222 4593 358 4663 μήτ’
392 4594 471 4656 είς
500 4592 618 4661 φῶς
668 4592 960 4663 προῆλθες,
1007 4592 1246 4656 τοιοῦτος
1310 4592 1518 4663 μέλλων
1555 4593 1795 4659 ἔσεσθαι,

222 4678 547 4749 βλάσφημος
570 4681 648 4742 είς
672 4680 798 4744 τοὺς
828 4680 985 4743 θεοὺς
1013 4681 1107 4733 καὶ
1132 4682 1230 4750 τῆς
1262 4681 1535 4751 πατρικῆς
1558 4682 1798 4736 ἀποστά-

221 4785 326 4838 της
352 4767 537 4836 φιλίας
566 4785 625 4821 τε
656 4769 751 4822 καὶ
795 4770 1107 4833 νουθεσίαςι
1180 4771 1319 4823 Ἀλλ’
1369 4770 1596 4834 obit-el;
1650 4771 1802 4835 τέλος

221 4858 336 4914 τῶν
389 4859 674 4930 ἀηττήτων
721 4858 1117 4933 καταμωκήσῇ
1153 4861 1312 4924 θεῶν,
1356 4861 1468 4914 οὐδ’
1524 4862 1616 4914 ἐπὶ
1666 4864 1802 4917 πολὺ

1891 3595 2013 3664 quia
2042 3595 2214 3665 ipsius
2234 3596 2366 3650 deos
2398 3595 2677 3649 traducere
2719 3609 2781 3648 ac
2809 3592 3081 3647 criminari
3109 3608 3215 3645 non
3249 3591 3462 3645 desine-

1892 3686 2005 3754 bat,
2033 3696 2304 3756 totamque
2336 3687 2502 3756 ipsius
2524 3688 2683 3741 vitam
2710 3684 3029 3755 suggillabat
3064 3700 3126 3738 ac
3149 3682 3460 3752 proscinde-

1900 3778 2013 3835 bat.
2055 3781 2230 3849 Atque
2253 3779 2557 3848 lmjusmodi
2582 3779 2794 3849 quidem
2833 3777 3095 3832 sermonis
3123 3776 3461 3846 splendorem

1896 3876 1969 3930 ob
2007 3876 2268 3929 internam
2322 3874 2666 3928 tenebrarum
2710 3871 3012 3928 crassitiem
3056 3870 3463 3938 haudquaquam

1898 3967 2131 4022 admisit.
2163 3965 2295 4021 Cum
2332 3976 2510 4021 autem
2539 3965 2609 4019 ob
2647 3964 2846 4019 amoris
2882 3978 2911 4015 a
2945 3972 3128 4016 natura
3161 3959 3305 4014 insiti
3330 3958 3467 4013 υσε-

1897 4068 2042 4114 ctum
2075 4060 2127 4113 in
2157 4059 2326 4127 ipsum
2366 4058 2816 4121 animadvertere,
2843 4063 2934 4110 aut
2971 4069 3093 4108 eum
3122 4052 3264 4107 malo
3290 4052 3469 4121 aliquo

1898 4152 2122 4205 multare
2148 4166 2251 4205 non
2280 4159 2489 4219 posset,
2554 4159 2881 4215 rursumque
2952 4140 3133 4211 ipsum
3207 4138 3277 4196 de
3341 4155 3467 4195 sen-

1902 4243 2066 4296 tentia
2095 4241 2369 4294 dimovere
2397 4253 2455 4293 se
2484 4252 2642 4309 posse
2670 4249 2888 4306 prorsus
2912 4234 3241 4303 desperaret,
3271 4231 3471 4285 veritus

1903 4347 1973 4389 ne
2002 4333 2047 4388 si
2080 4333 2320 4402 pluribus
2351 4347 2474 4385 eum
2503 4330 2843 4385 sermonibus
2873 4328 3177 4388 lacesseret,
3205 4339 3271 4378 eo
3304 4324 3471 4379 libere

1906 4438 1969 4478 ac
2009 4424 2233 4478 fidenter
2254 4423 2525 4490 loquente,
2559 4422 2795 4489 deosque
2821 4418 3139 4488 sttggillante
3178 4424 3338 4485 atque
3380 4428 3471 4468 ca-

1905 4514 2045 4567 villis
2072 4514 2390 4577 insectante,
2422 4510 2623 4578 majore
2653 4510 2766 4578 ipse
2793 4506 3064 4563 iracundia
3095 4505 3471 4567 inﬂammatus,

1909 4603 2101 4658 hostile
2130 4601 2330 4671 aliquid
2363 4601 2415 4654 in
2446 4615 2567 4654 eum
2602 4599 2931 4669 designaret,
2974 4596 3111 4651 irato
3142 4596 3318 4648 animo
3356 4607 3473 4647 sur-

1909 4709 2043 4765 gens
2091 4692 2337 4757 secessit,
2389 4689 2469 4744 his
2515 4690 2772 4744 duntaxat
2816 4686 2994 4743 verbis
3044 4695 3238 4739 utens:
3270 4682 3477 4739 Utinam

1912 4797 2177 4851 nunquam
2209 4792 2361 4835 natus
2395 4779 2607 4844 fuisses,
2653 4793 2749 4832 nec
2778 4780 2830 4831 in
2874 4778 3044 4831 lucem
3077 4776 3395 4844 prodiisses,
3435 4771 3483 4826 si

1913 4875 2135 4943 quidem
2166 4874 2399 4927 futurum
2428 4883 2545 4926 erat
2572 4885 2629 4925 ut
2658 4872 2711 4926 iu
2750 4870 2877 4925 deos
2907 4878 3016 4922 tam
3044 4869 3235 4936 impius
3273 4876 3328 4921 et
3354 4882 3482 4921 con-

224 4952 565 5022 χαρήσονται
600 4952 650 5004 οί
691 4952 1022 5020 ὑπεναντίοι,
1056 4954 1166 5007 οὑδῗ
1198 4957 1255 5007 αί
1286 4956 1493 5011 τούτων
1526 4958 1793 5029 ίσχύσουσι

1916 4964 2227 5019 tumeliosus
2254 4976 2428 5026 esses,
2455 4969 2611 5030 atque
2642 4975 2672 5014 a
2704 4968 2917 5028 paterna
2948 4960 3178 5012 amicitia
3208 4966 3262 5012 et
3285 4957 3476 5010 admo-

228 5044 397 5115 220
437 5048 705 5117 γοητεῖαι.
742 5047 805 5101 Εἰ
835 5046 912 5119 μὴ
935 5048 1046 5119 γὰρ
1089 5048 1314 5120 εὐήκοος
1342 5051 1551 5124 γενήσῃ
1589 5068 1681 5123 μοι
1715 5052 1793 5105 κατ

1916 5055 2118 5110 nitione
2144 5053 2478 5109 abscedercs.
2529 5051 2719 5106 Verum
2760 5050 3050 5105 adversarii
3080 5052 3210 5103 deos
3254 5064 3479 5117 quorum

304 5270 420 5337 (7|)
452 5268 743 5344 Gregorius
769 5270 905 5344 Naz.
938 5280 1080 5325 orat.
1117 5271 1205 5344 16,
1239 5284 1292 5344 ρ.
1321 5270 1429 5326 252
1461 5290 1473 5325 :
1507 5272 1604 5336 Τίς
1637 5272 1793 5344 σοφὸς

1905 5272 1948 5326 tl.
1982 5275 2205 5344 συνήσει
2252 5273 2459 5339 ταῦτα;
2489 5271 2574 5336 τίς
2603 5271 3043 5344 παραδραμεῦται
3086 5269 3154 5344 τά
3201 5272 3478 5344 παρατρές

231 5356 429 5414 χοντᾳς
460 5341 544 5403 τίς
575 5341 941 5414 πᾼροσθᾼήσεται
971 5344 1083 5401 τοῖς
1114 5342 1569 5414 ἐπιμένουσιμςι...
1602 5343 1684 5414 τίς
1713 5344 2081 5413 διαιρήσει....
2102 5341 2409 5414 παροικίαν
2431 5346 2542 5414 ,καὶ
2570 5341 2854 5414 κατοικίαν
2873 5357 2895 5414 ;A
2919 5342 3004 5414 τίς
3035 5342 3221 5414 σκότος
3251 5342 3358 5394 ἀπὸ
3384 5341 3480 5397 τοῦ

234 5410 540 5485 φωτός;ε...
571 5411 653 5473 τίς
672 5412 873 5485 Δσάρκα
904 5414 1000 5463 καὶ
1030 5411 1280 5485 πνεῦμα;
1311 5412 1395 5475 τίς
1424 5412 1558 5485 Θεὸν
1588 5412 1682 5465 καὶ
1712 5410 2165 5485 κοσμοκράτορω
2196 5410 2279 5485 τίς
2310 5413 2543 5485 θανάτου
2574 5413 2732 5465 σκιὰν
2762 5413 2855 5465 καὶ
2880 5410 3301 5485 ζωὴνᾲαίῴνιοῃ

306 5481 422 5549 (72)
453 5480 509 5532 lu
542 5480 777 5552 nomine
802 5482 1267 5552 κοσμοκράτορος,
1300 5483 1443 5552 quod
1489 5497 1787 5552 synouytno

1905 5480 2096 5536 αὸόλου
2141 5484 2355 5537 nomine
2402 5484 2811 5552 interpretatur,
2843 5493 2928 5535 est
2979 5480 3171 5536 allusio
3200 5482 3265 5552 ad
3300 5484 3475 5552 locum

233 5550 608 5641 fauli,nsupra
639 5551 815 5641 Ρζιεὶὂ,
850 5550 1027 5641 ινξλᾶξζ
1058 5550 1371 5641 i‘sellusLDe
1405 5550 1633 5630 daemon.
1666 5550 1741 5620 Vp.
1788 5558 1793 5578 ⁴

1933 5553 1992 5606 τὸ
2021 5553 2140 5638 γὰρ.
2176 5552 2269 5605 τοῦ
2313 5550 2680 5641 Ἀντιχριστοῦ
2730 5553 2937 5641 κράτος.
2977 5552 3141 5619 ἐγγὺς
3170 5551 3263 5641 ἐπὶ
3292 5550 3484 5641 θύραις

234 5623 382 5690 ἥκει.
419 5620 601 5673 Codex
636 5620 771 5674 1510
805 5620 926 5692 ε-Τὸ
943 5621 1051 5691 γάρ
1079 5638 1163 5673 τοι
1193 5621 1395 5689 κράτος
1420 5620 1513 5673 τοῦ
1547 5638 1791 5691 κοσμοκρ

1905 5640 1991 5692 ρος
2023 5620 2281 5691 ἐγγὺς....
2316 5620 2512 5689 Nescio
2546 5640 2687 5675 nunc
2712 5620 2837 5689 quid
2872 5623 3103 5692 eligant;
3139 5622 3327 5692 saltem
3364 5620 3484 5674 Ἅν-

234 5691 520 5763 τιχρίστου
550 5693 655 5763 erit
686 5690 1489 5763 rescribendum,uotantlaque
1540 5690 1771 5747 imitatio

1905 5690 2075 5748 i‘ciani
2128 5694 2227 5747 loci
2278 5708 2397 5758 xm,
2430 5692 2500 5746 29
2533 5709 2547 5748 :
2583 5693 2753 5745 Ὅταν
2793 5690 2969 5747 ταῦτα
3023 5691 3169 5763 ίδητε
3199 5691 3480 5761 γινόμενα,

236 5760 537 5830 γινώσκετε
567 5760 647 5812 ὅτι
677 5759 839 5828 ἐγγύς
872 5760 1018 5812 ἐστιν
1049 5761 1140 5811 ἐπὶ
1172 5762 1233 5811 θύ

310 5831 425 5900 (75)
460 5830 652 5883 Ezeclt.
687 5846 879 5900 χχχιιι,
915 5830 1026 5900 iis
1059 5830 1195 5900 Τάδε

239 5898 416 5971 ἀσεϐῆ
444 5900 551 5955 ἀπὸ
578 5900 676 5970 τῆς
704 5899 822 5953 ὁδοῦ
853 5898 1017 5953 αὑτοῦ
1051 5900 1143 5953 καὶ
1174 5899 1270 5971 ζῇν
1305 5901 1488 5954 αὐτόν.

1276 5779 1381 5813 αις.

1276 5779 1381 5813 αις.

1241 5778 1388 5897 iam
1421 5830 1641 5903 Κύριος
1679 5834 1749 5886 UO
1791 5832 2048 5903 βούλομαι
2083 5832 2170 5886 τὸν
2212 5832 2443 5886 θάνατον
2482 5832 2573 5886 τοῦ
2609 5832 2877 5899 ἀσεϐοῦς,
2913 5833 2986 5897 ὡς
3028 5830 3363 5903 ἀποστρέψαι
3394 5829 3486 5883 τὸν
