4042 6430
224 450 243 511 1
258 448 373 507 099

1327 428 1499 489 VlTA
1542 426 1897 485 BARLAAM
1937 425 2031 483 ET
2068 425 2416 486 JOASAPH.

3344 451 3483 524 1090

208 553 412 606 τοῦτον
448 548 909 622 προσεκαλέσατο.
937 542 1070 600 Εἶτα
1104 542 1467 615 περιπλακεὶς
1495 538 1795 607 κατεφίλει,

1917 573 2006 611 ιορ-
2028 557 2142 619 rsit,
2175 567 2337 626 atque
2361 556 2729 625 complectitur
2770 563 2824 610 et
2864 556 3219 621 exosculatur,
3250 554 3468 609 leniter-

210 645 416 715 πράως
469 641 839 713 ὑπερχόμενος
895 637 1006 711 (8‘2)
1053 637 1150 691 καὶ
1198 636 1378 705 ἠπίως
1404 674 1421 699 ,
1478 628 1550 685 Ὦ
1610 631 1797 683 τέκνον

210 735 622 798 ποθεινότατον,
680 730 955 803 εἰρηκὼς,
1010 729 1107 782 καὶ
1168 726 1512 797 φιλούμενον,
1567 722 1797 791 τίμησον

208 823 318 894 τὴν
355 822 451 876 τοῦ
491 822 582 875 σοῦ
611 823 817 893 πατρὸς
849 819 1062 883 πολιὰν,
1100 820 1215 883 καὶ,
1251 818 1349 885 τῆς
1378 816 1520 885 ἐμῆς
1558 814 1799 875 ἀκούσας

208 915 484 985 δεήσεως,
514 915 675 984 222
705 912 1021 985 προσελθὼν
1067 910 1261 965 Θυσίαν
1303 912 1415 972 τοῖς
1450 910 1590 970 Θεοῖς
1628 922 1799 974 προσ-

209 1008 420 1075 άγαγε.
445 1007 599 1060 Οὐτω
623 1010 731 1077 γάρ
758 1006 999 1070 ἐκείνους
1019 1022 1079 1058 τε
1103 1003 1353 1074 εὐμενεῖς
1380 1001 1544 1066 ἕξεις,
1569 1000 1662 1052 καὶ
1694 1016 1800 1067 μα-

210 1099 465 1169 κρότητα
510 1099 757 1169 ἡμερῶν,
811 1097 969 1167 δόξης
1030 1112 1090 1149 τε
1152 1096 1332 1164 πάσης
1379 1094 1474 1145 καὶ
1525 1090 1803 1161 βασιλείας

211 1192 635 1261 ἀνεπηρεάστου
666 1192 759 1244 καὶ
786 1189 1066 1243 παντοίων
1093 1186 1317 1259 ἀγαθῶν
1348 1183 1637 1256 μετουσίαν
1676 1182 1802 1253 παρ’

212 1283 403 1337 αὐτῶν
440 1284 718 1354 ἀπολήψῃ,
760 1282 885 1355 ἐμοί
913 1300 975 1336 τε
1014 1281 1093 1351 τῷ
1127 1280 1296 1352 πατρὶ
1324 1279 1424 1351 ἔσῃ
1466 1275 1803 1347 κεχαρισμέ-

213 1392 313 1438 νος
340 1375 427 1429 διά
455 1375 571 1445 βίου
598 1376 824 1438 παντὸς,
856 1376 952 1427 καὶ
988 1375 1157 1428 πᾶσιν
1185 1370 1496 1443 ἀνθρώποις
1529 1367 1709 1439 τίμιός
1745 1382 1804 1418 τε

215 1467 323 1519 καὶ
348 1466 651 1530 ἐπαινετός.
684 1465 841 1534 Μέγα
878 1466 988 1537 γὰρ
1019 1465 1099 1528 είς
1143 1464 1369 1516 ἐπαίνου
1402 1462 1563 1529 λόγον
1590 1458 1670 1529 τῷ
1701 1473 1807 1509 πα-

214 1559 319 1628 τρὶ
351 1558 670 1623 ὑπακούειν,
709 1560 804 1611 καὶ
854 1558 1090 1628 μάλιστα
1128 1555 1217 1609 ἐπ’
1264 1552 1456 1623 ἀγαθῷ
1493 1552 1589 1604 καὶ
1625 1552 1691 1621 τῇ
1726 1549 1807 1611 είς

218 1648 385 1711 θεοὺς
437 1647 639 1719 εὐνοίᾳ.
677 1648 744 1700 Τί
775 1648 853 1713 δὲ,
890 1646 1102 1710 τέκνον,
1141 1644 1441 1709 ὑπέλαϐες;
1481 1641 1708 1709 πότερον
1732 1638 1808 1700 ὡς

222 1738 372 1792 ἑκὼν
394 1738 497 1808 τῆς
538 1738 750 1809 ἀγαθῆς
804 1737 1059 1801 ἐκκλίνας
1090 1735 1213 1790 ὁδοῦ
1249 1734 1347 1805 τὴν
1391 1730 1639 1785 ἐναντίαν
1673 1728 1807 1781 ξέναι

222 1829 558 1901 προέκρινα,
606 1830 641 1900 ἢ
674 1830 869 1901 ἀγνοίᾳ
911 1832 1006 1883 καὶ
1050 1828 1282 1900 ἀπειρία
1327 1826 1421 1879 τοῦ
1451 1821 1659 1890 ἀγαθοῦ
1693 1824 1805 1886 τοῖς

220 1894 492 1994 όλεθρίδις
524 1894 665 1992 ἐμαυ
678 1894 759 1974 τὸν
804 1894 1076 1985 ἐξέδωκαά
1125 1894 1283 1981 Ἀλλ’,
1312 1917 1361 1969 εί
1384 1916 1483 1986 μὲν
1504 1914 1699 1967 ἐκὸντα
1735 1930 1804 1984 με
1838 1894 1878 1949 Β

221 2014 473 2082 νομίζεις
500 2012 595 2066 τοῦ
628 2012 1000 2084 συμφέροντος
1027 2010 1304 2082 προτιμᾷν
1320 2009 1387 2061 τά
1414 2008 1562 2061 κακὰ
1587 2008 1684 2059 καὶ
1711 2006 1809 2075 τῆς

223 2103 377 2173 ζωῆς
393 2103 709 2174 προκρίνειν
724 2103 817 2157 τὸν
834 2104 1085 2168 θάνατον,
1105 2100 1248 2154 πάνυ
1267 2115 1358 2170 μοι
1375 2099 1574 2162 δοκεῖς,
1595 2097 1808 2161 τέκνον,

223 2198 331 2264 τῆς
358 2197 527 2267 ὀρθῆς
552 2195 932 2268 ἀποσφαλῆναι
970 2194 1228 2266 κρίσεως.

311 2498 386 2556 'll
426 2504 525 2576 οὐχ
548 2507 678 2577 ὁρᾷς
703 2506 803 2579 ὅσῃ
836 2507 1108 2581 κακουχίᾳ
1154 2508 1249 2563 καὶ
1279 2507 1628 2582 ταλαιπωρίᾳ
1676 2510 1805 2565 πολι

216 2594 386 2660 λάκις
430 2598 670 2669 ἐμαυτὸν
707 2600 966 2672 ὲκςίδωμι
995 2602 1055 2655 ἐν
1080 2603 1202 2666 ταῖς
1258 2602 1403 2656 κατὰ
1446 2601 1557 2655 τῶν
1593 2602 1804 2675 ἐχθρῶν

222 2689 634 2759 ἐκστρατείαις,
666 2692 699 2762 ἢ
732 2692 924 2755 ἄλλαις
949 2695 1064 2747 τισὶ
1085 2693 1178 2747 τοῦ
1233 2693 1415 2747 κοινοῦ
1444 2697 1803 2766 προστασίαις

222 2780 655 2850 ἀσχολούμενος,
685 2782 762 2847 ὡς
793 2784 884 2837 καὶ
922 2782 1111 2853 πείνης
1141 2801 1201 2837 τε
1226 2778 1320 2837 καὶ
1353 2784 1533 2855 δίψης,
1565 2786 1803 2850 πεζοποο

222 2876 356 2945 ρίας
392 2893 451 2929 τε
481 2878 575 2930 καλ⁵
598 2880 1005 2948 χαμαικοιτίας,
1046 2878 1188 2933 οὕτω
1214 2879 1433 2950 δεῆσαν,
1490 2880 1567 2951 μὴ
1610 2881 1800 2949 φείσαο

225 2968 389 3036 σθαι;
427 2969 653 3024 πλούτου
685 2971 742 3025 δέ
772 2972 866 3024 καὶ
910 2972 1211 3042 χρημάτων
1243 2970 1476 3042 τοσαύτη
1512 2990 1602 3043 μοι
1631 2975 1802 3043 πρόσ-

218 3077 379 3116 εστιν
412 3062 680 3134 ὑπεροψία
708 3080 768 3116 τε
829 3064 922 3117 καὶ
974 3064 1406 3134 καταφρόνησις,
1438 3066 1515 3128 ῶς
1548 3066 1801 3135 ἀφθόνως

221 3154 341 3208 ἔσθ’
403 3155 494 3209 ὅτε
557 3154 626 3209 τά
677 3158 904 3225 ταμιεῖα
967 3155 1146 3209 πάντα
1192 3156 1285 3209 τοῦ
1339 3155 1474 3226 ἐμοῦ
1537 3156 1800 3212 παλατίου

222 3250 610 3305 κατακενῶσαι
658 3252 740 3315 είς
792 3252 855 3303 τὸ
900 3249 1321 3319 ἀνοικοδομῆσαι
1350 3250 1476 3312 τούς
1506 3250 1615 3325 τῶν
1662 3250 1800 3303 θεῶν

227 3343 522 3412 μεγίστους
541 3346 701 3407 ναοὺς
734 3345 828 3397 καὶ
850 3344 1089 3415 παντοίῳ
1104 3343 1327 3407 τούτους
1346 3343 1800 3414 καταλαμπρῦναι

224 3432 424 3501 κόσμῳ
454 3431 489 3503 ἢ
520 3435 629 3497 τοῖς
657 3433 1039 3503 στρατοπέδοις
1070 3431 1319 3502 ἀφθόνως
1356 3432 1627 3502 διανεῖμαι
1674 3435 1801 3496 τοὺς

225 3522 539 3593 θησαυροὺς
588 3523 698 3575 τῶν
738 3524 1061 3595 χρημάτων.
1114 3522 1385 3594 Τοιαύτης
1424 3520 1517 3575 οῦν
1560 3523 1803 3594 μετέχων

224 3613 337 3667 τῶν
360 3613 781 3668 ἀπολαυστικῶν
806 3614 1109 3686 ὑπεροᾲίας
1139 3615 1233 3667 καὶ
1261 3616 1358 3684 τῆς
1386 3615 1445 3666 ἐν
1470 3616 1583 3677 τοῖς
1611 3614 1803 3677 δεινοῖς

224 3707 546 3778 νερτερίας,
589 3707 637 3760 εί
665 3708 765 3777 τὴν
816 3708 925 3761 τῶν
976 3706 1280 3761 Γαλιλαίων
1318 3706 1616 3776 ἐγίνωσκον
1667 3705 1802 3776 θρη-

226 3797 419 3855 σκείαν
445 3798 729 3868 κρείττονα
756 3797 854 3868 τῆς
882 3799 939 3850 ἐν
985 3797 1173 3867 χερσὶν
1216 3796 1505 3866 ὑπάρχειν,
1538 3795 1709 3866 πόσης
1737 3794 1805 3848 ἂν

224 3889 327 3941 οὐκ
359 3888 522 3959 223
546 3888 736 3960 ἔκρινα
764 3888 825 3941 τὸ
850 3889 1082 3958 πρᾶγμα
1114 3885 1351 3955 σπουδῆς
1381 3886 1554 3952 ἀξιον,
1581 3886 1799 3938 πάντων

227 3980 330 4051 μὲν
386 3980 663 4051 ὑπεριδεῖν
708 3978 806 4032 καὶ
870 3980 971 4050 τὴν
1044 3977 1285 4049 ἐμαυτοῦ
1340 3976 1805 4050 περιποιήσασθαι

227 4069 542 4141 σωτηρίαν;
572 4070 634 4123 El
664 4069 721 4124 δὲ
749 4069 973 4138 ἄγνοιάν
996 4086 1086 4139 μοι
1105 4068 1198 4122 καὶ
1224 4068 1485 4138 ἀπειρίαν
1513 4067 1607 4119 τοῦ
1637 4065 1803 4119 καλοῦ

226 4161 685 4230 καταγινώσκεις,
710 4150 869 4227 σύνες
889 4164 1021 4225 ὅσας
1052 4159 1316 4223 πολλάκις
1348 4158 1548 4221 νύκτας
1566 4159 1806 4222 ἀΰπνους

222 4252 527 4317 διετέλεσα,
577 4252 888 4324 ζητηματός
938 4266 1084 4315 τινος
1132 4248 1512 4320 προτεθέντος,
1564 4247 1676 4301 ἔσθ’
1715 4249 1805 4301 ὅτε

226 4343 325 4396 καὶ
348 4344 412 4395 οὐ
446 4344 580 4396 πολὺ
629 4343 955 4410 ἀναγκαίου,
991 4340 1067 4410 μὴ
1123 4338 1383 4410 παρέχων
1414 4338 1551 4401 ὅλως
1579 4336 1805 4407 ἐμαυτῷ

223 4434 556 4497 ἀνάπαυσιν,
592 4434 722 4504 πρὶν
750 4434 783 4502 ἢ
816 4431 909 4487 τοῦ
944 4429 1283 4502 ζητουμένου
1316 4433 1462 4500 σαφῆ
1486 4430 1576 4482 καὶ
1603 4430 1804 4499 εὐπρε-

225 4528 507 4595 πεστάτην
534 4526 752 4597 εὑροιμι
778 4524 875 4597 τὴν
907 4524 1083 4579 λύσιν.

1904 664 2005 716 quc
2030 662 2092 700 ac
2119 646 2320 715 placide
2342 646 2607 713 irrepens:
2631 646 2674 698 0
2695 645 3002 701 charissime
3023 654 3077 700 et
3103 645 3469 706 amantissimo

1908 739 2011 800 fili,
2046 737 2246 805 inquit,
2279 736 2441 804 patris
2469 736 2715 790 canitiem
2750 737 2951 791 honore
2981 733 3155 802 affice,
3199 736 3470 804 precibus-

1905 842 2008 897 que
2040 827 2172 881 meis
2202 826 2397 880 auditis
2423 827 2639 891 accede,
2671 841 2734 880 ac
2764 826 2868 881 diis
2906 825 3223 881 sacriﬁcium
3252 827 3467 880 adhibe.

1911 920 1999 975 Sic
2027 919 2167 973 enim
2193 914 2247 973 et
2284 920 2403 973 illos
2430 919 2684 987 benignos
2715 928 2768 973 et
2795 917 2976 973 faciles
3008 918 3279 972 habiturus
3307 933 3384 982 es,
3416 926 3473 973 et

1908 1010 2114 1065 dierum
2146 1010 2568 1075 diuturnitatem,
2609 1009 2935 1078 gloriamque
2973 1022 3209 1071 omnem,
3251 1016 3305 1061 et
3334 1009 3472 1061 inof-

1910 1100 2118 1154 fensum
2171 1114 2419 1170 regnum,
2459 1102 2737 1170 omnisque
2783 1098 2995 1169 generis
3044 1098 3179 1153 bona
3227 1097 3295 1150 ab
3341 1097 3473 1163 ipsis

1910 1190 2194 1260 percipies,
2216 1200 2270 1244 et
2290 1190 2416 1244 mihi
2449 1192 2580 1260 patri
2615 1200 2703 1244 tuo
2731 1205 2822 1258 per
2850 1204 3061 1244 omnem
3093 1190 3248 1242 vitam
3279 1188 3475 1242 charos

1913 1284 2053 1345 eris;
2086 1298 2148 1338 ac
2170 1282 2397 1353 denique
2427 1286 2526 1338 hoc
2561 1284 2881 1351 assequeris,
2913 1290 2969 1335 ut
3003 1296 3189 1335 omnes
3228 1279 3473 1335 homines

1918 1386 1970 1431 te
1998 1378 2051 1431 in
2082 1376 2284 1433 honore
2330 1377 2578 1443 habeant,
2631 1377 2978 1445 laudibusque
3007 1373 3245 1430 efferant.
3292 1374 3475 1441 Siqui-

1913 1466 2032 1522 dem
2074 1468 2137 1521 ad
2175 1467 2383 1522 laudem
2428 1467 2819 1532 adipiscendam
2852 1465 3028 1536 magni
3075 1466 3292 1519 interest
3337 1464 3475 1532 patri

1914 1558 2155 1625 obedire,
2178 1573 2240 1611 ac
2270 1559 2563 1626 prmsertim
2596 1558 2650 1611 in
2699 1558 2762 1611 iis
2801 1556 2983 1623 rebus,
3016 1569 3132 1624 qua:
3161 1554 3227 1607 ad
3279 1554 3475 1608 bonum

1915 1668 1969 1713 et
1996 1658 2061 1713 ad
2083 1657 2301 1713 deorum
2333 1659 2758 1713 benevolentiam
2788 1666 3050 1726 spectant.
3083 1653 3350 1722 Quidnam
3382 1668 3480 1705 au-

1916 1764 2046 1826 tem,
2076 1756 2168 1821 fili,
2199 1770 2409 1821 censes,
2440 1767 2615 1811 utrum
2647 1770 2712 1811 ne
2754 1771 2838 1811 me
2863 1756 3108 1822 consulto
3133 1770 3195 1808 ac
3226 1751 3293 1808 de
3321 1751 3478 1806 indu-

1917 1857 2044 1911 stria
2073 1870 2102 1909 a
2131 1857 2264 1909 bona
2287 1857 2369 1910 via
2397 1856 2706 1921 deﬂexisse,
2736 1870 2895 1925 atque
2921 1856 3243 1910 contrariam
3274 1851 3480 1923 ingredi

1916 1953 2203 2019 maluisse,
2257 1969 2323 2008 an
2362 1969 2488 2010 vero
2543 1956 2666 2010 boni
2715 1954 3049 2038 ignoratione
3100 1963 3155 2010 et
3207 1953 3473 2023 imperitia

1921 2055 2179 2123 meipsutn
2212 2055 2478 2124 pestiferis
2526 2056 2867 2126 dogmatibus
2911 2056 3214 2112 dedidisse?
3239 2054 3397 2114 Certe
3435 2059 3479 2111 si

1921 2170 2008 2209 tne
2036 2163 2224 2224 sponte
2263 2169 2327 2211 ac
2356 2155 2421 2209 de
2455 2154 2733 2219 industria,
2776 2165 2958 2209 contra
3012 2171 3171 2225 quam
3218 2156 3351 2210 utile
3388 2156 3479 2221 sit,

1923 2254 2059 2307 mala
2103 2252 2258 2308 bonis
2285 2254 2559 2323 praeferre,
2589 2266 2921 2323 mortemque
2949 2253 3052 2307 vita
3083 2254 3343 2319 potiorem
3384 2253 3486 2309 Ita--

1928 2335 2057 2392 bere
2099 2336 2389 2401 existimas,
2422 2338 2785 2403 vehementer,
2836 2354 2870 2392 o
2912 2337 3004 2404 fili,
3038 2354 3067 2392 τι
3108 2349 3252 2394 recte
3288 2337 3488 2407 judicio

1926 2425 2055 2480 mihi
2081 2427 2331 2481 aberrare
2357 2427 2571 2482 videris;

1998 2519 2080 2571 An
2109 2530 2215 2571 non
2247 2517 2395 2572 vides
2423 2528 2551 2585 quot
2595 2518 2844 2572 aerumnis
2887 2526 2943 2573 et
2969 2516 3345 2573 afflictionibus
3376 2532 3486 2570 me-

1931 2607 2102 2675 ipsutn
2141 2621 2379 2675 persaepe
2423 2609 2644 2672 tradam,
2680 2620 2787 2662 tum
2844 2610 2895 2663 in
2940 2608 3365 2677 expeditionibus
3393 2608 3486 2660 ad-

1924 2710 2111 2749 versus
2150 2696 2351 2759 hostes,
2398 2707 2506 2751 tum
2537 2700 2587 2752 in
2632 2700 2963 2768 publicorum
3004 2700 3330 2767 negotiorum
3364 2714 3485 2767 pro-

1924 2786 2199 2841 curatione
2230 2787 2489 2855 meipsum
2529 2803 2816 2856 occupans,
2846 2790 2981 2843 adeo
3011 2799 3066 2842 ut
3100 2788 3293 2843 famem
3322 2788 3482 2842 etiam

1925 2890 1986 2929 ac
2013 2878 2182 2943 sitim,
2215 2893 2332 2932 cum
2375 2879 2444 2932 ita
2475 2894 2694 2933 necesse
2722 2890 2824 2946 est,
2853 2880 3141 2950 perferam,
3170 2896 3232 2936 ac
3260 2881 3482 2949 pedibus

1924 2965 2215 3030 ambulem,
2243 2965 2489 3035 humique
2532 2981 2774 3021 somnum
2799 2968 3049 3036 carpam?
3092 2968 3262 3036 Opum
3301 2978 3479 3022 autem

1920 3064 1975 3110 et
2005 3058 2343 3124 pecuniarum
2374 3067 2514 3112 tanta
2543 3059 2595 3113 in
2626 3074 2710 3113 me
2734 3060 3059 3127 contemptio
3094 3074 3157 3113 ac
3184 3059 3482 3128 despicien-

1924 3145 1993 3197 tia
2032 3154 2136 3213 est,
2178 3155 2234 3200 ut
2274 3146 2542 3202 interdum
2578 3148 2790 3217 profusa
2821 3165 2977 3204 manu
3020 3150 3199 3218 palatii
3229 3151 3331 3205 mei
3359 3149 3478 3205 the-

1919 3250 2106 3288 sauros
2134 3239 2462 3303 exhauriam,
2493 3255 2597 3306 qtto
2627 3241 2950 3307 amplissima
2975 3241 3075 3294 diis
3110 3240 3329 3294 delubra
3379 3256 3480 3295 ex-

1920 3334 2141 3390 struarn,
2172 3330 2419 3396 omnique
2445 3341 2638 3383 ornatu
2680 3332 2960 3397 illustrem,
3006 3342 3093 3384 aut
3134 3332 3475 3398 pecuniarum

1919 3430 2137 3486 aggeres
2167 3404 2420 3471 militibus
2451 3420 2820 3475 liberalissime
2848 3421 3180 3474 dlstribuam.
3220 3420 3348 3475 Cum
3378 3421 3478 3475 ita-

1918 3522 2020 3575 que
2049 3516 2221 3560 tantus
2265 3508 2315 3561 in
2347 3523 2431 3563 me
2470 3510 2793 3577 voluptatum
2847 3518 3202 3578 contemptus,
3237 3518 3378 3562 tanta
3419 3510 3473 3563 in

1921 3597 2166 3663 periculis
2193 3598 2469 3652 tolerantia
2501 3601 2587 3662 sit,
2606 3599 2651 3653 si
2679 3598 3017 3653 Galilzeorum
3048 3600 3383 3669 religionem,
3409 3614 3474 3654 ea

1919 3700 2075 3753 quam
2108 3687 2350 3742 manibus
2401 3697 2638 3742 tenemus
2674 3687 3091 3757 prazstantiorem
3128 3701 3248 3743 esse
3274 3702 3472 3757 cogno-

1912 3788 2141 3841 scerem,
2173 3791 2239 3829 an
2266 3792 2369 3830 non
2396 3791 2603 3830 summo
2624 3776 2797 3830 studio
2828 3776 2877 3829 id
2901 3790 3134 3845 agerem,
3158 3786 3213 3830 ut
3236 3787 3475 3831 contem-

1915 3867 2017 3931 ptis
2045 3867 2290 3921 omnibus
2313 3868 2492 3932 rebus,
2532 3868 2754 3920 salutem
2786 3865 2914 3919 mihi
2952 3866 3353 3933 compararem?
3380 3865 3475 3921 Sin

1912 3964 2085 4009 autem
2108 3958 2234 4015 mihi
2264 3958 2384 4012 boni
2412 3958 2793 4022 ignorationem
2816 3967 2974 4026 atque
3004 3956 3320 4025 imperitiam
3349 3956 3475 4012 vitio

1913 4049 2099 4109 vertis.
2151 4049 2280 4102 illud
2336 4058 2506 4103 tecum
2565 4060 2766 4115 reputa,
2811 4056 2942 4118 quot
2986 4058 3169 4104 noctes
3216 4048 3473 4104 insomnis

1910 4140 2209 4205 exegerim,
2264 4139 2557 4203 qnmStione
2602 4139 2775 4207 aliqua
2816 4138 3113 4206 proposita,
3159 4148 3214 4194 et
3257 4138 3471 4208 quidem

1919 4228 2182 4283 interdum
2208 4228 2341 4283 haud
2369 4228 2649 4282 admodum
2681 4230 2999 4292 necessaria,
3028 4228 3227 4282 nullam
3249 4229 3473 4283 omnino

1911 4324 2039 4378 mihi
2071 4322 2305 4389 requiem
2346 4321 2660 4384 concedens,
2704 4321 3008 4388 priusquam
3049 4321 3379 4387 perspicuam
3408 4329 3465 4374 et

1909 4412 2513 4467 accoutmodatissimam
2549 4405 2723 4477 ipsius
2744 4410 3070 4467 solutionem
3090 4406 3443 4468 invenissem.

301 4623 367 4676 El
409 4622 503 4676 οῦν
528 4622 637 4675 τῶν
672 4622 1025 4691 προσκαίρων
1052 4620 1256 4674 τούτων
1300 4620 1644 4691 πραγμάτων
1680 4618 1801 4672 οὐδέ

1983 4618 2234 4687 Quocirca
2263 4630 2383 4671 cum
2412 4613 2723 4669 caducarnm
2753 4610 2939 4665 harum
2986 4624 3162 4663 rerum
3192 4621 3258 4663 ne
3301 4604 3463 4660 mini-

224 4713 289 4767 τὸ
303 4714 669 4785 σμικρότατον
696 4712 805 4782 ἐχω
825 4712 1321 4783 εὐκαταφρόνητον,
1353 4713 1512 4782 ἄχρις
1533 4704 1594 4764 οὐ
1623 4710 1803 4779 πάντα

227 4806 620 4878 συμφερόντως
703 4807 798 4860 καὶ
850 4806 945 4858 ἐπὶ
1002 4805 1313 4876 λυσιτελείᾳ
1382 4805 1493 4857 τῶν
1545 4804 1805 4858 ἁπάντων

225 4896 624 4967 ἐπιτελεσθείη,
651 4897 745 4951 καὶ
773 4896 948 4950 οὐδενὶ
993 4895 1165 4967 ἑτέρῳ
1199 4894 1588 4965 ἀκριϐέστερον
1631 4895 1664 4964 ἡ
1694 4894 1804 4945 τῶν

226 4990 559 5061 ἀπορρήτων
583 4989 872 5057 διάγνωσις
901 4989 959 5040 ἐν
983 4987 1153 5058 πάσῃ,
1179 4987 1255 5051 ὼς
1283 4983 1459 5057 οἶμαι,
1492 4990 1558 5056 τῇ
1592 4985 1805 5057 ὐφηλίῳ

225 5078 632 5151 διερευνᾶσθαι,
656 5080 733 5143 ὡς
764 5080 889 5148 ἐμοὶ
919 5078 1075 5150 παρά
1100 5080 1319 5132 πάντων
1351 5075 1800 5148 μεμαρτύρηται,

226 5172 348 5235 πῶς
383 5171 454 5224 τὰ
491 5169 631 5234 θεῖα,
682 5170 835 5224 καὶά
889 5170 1142 5224 σέῦεσθαι
1172 5169 1267 5223 καὶ
1308 5169 1578 5237 θεολογεῖν
1620 5167 1802 5239 θέμις,

225 5264 688 5335 εὐκαταφρόνητα
714 5264 781 5318 ἂν
810 5263 1167 5333 ἐλογισάμην,
1214 5263 1309 5315 καὶ
1342 5261 1417 5333 μὴ
1451 5261 1601 5331 πάσῃ
1637 5277 1806 5313 σπου-

224 5358 314 5429 δῇ,
348 5358 500 5429 πάσῃ
523 5357 773 5427 δυνάμει,
817 5356 913 5428 ὅλη
943 5357 1009 5427 τῇ
1035 5356 1178 5426 ψυχῇ
1223 5356 1317 5408 κα)⁵
1348 5355 1456 5425 ὅλῳ
1481 5353 1561 5425 τῷ
1589 5351 1688 5417 νοῒ,
1724 5355 1805 5417 είς

223 5452 328 5521 τὴν
357 5449 561 5503 τούτων
591 5448 949 5520 ἀπησχόλησα
979 5448 1215 5520 ἐμαυτὸν
1235 5447 1484 5519 ζήτησιν,
1506 5444 1603 5498 τοῦ
1624 5446 1809 5517 εὑρεῖν

224 5543 444 5614 τάληθῆ
482 5543 575 5596 καὶ
620 5542 1087 5615 πρεπωδέστατα;
1123 5541 1231 5594 Καί
1271 5557 1334 5609 γε
1360 5538 1603 5611 ἐζήτησα
1633 5539 1809 5609 ἐμπό-

226 5652 358 5698 νως,
386 5633 585 5697 πολλάς
617 5634 717 5704 μὲν
746 5632 946 5695 νύκτας
968 5634 1057 5685 ῖσα
1087 5634 1207 5696 ταῖς
1235 5617 1473 5701 ἡμέραίς
1500 5632 1558 5682 ἐν
1588 5632 1804 5694 τούτοις

225 5722 794 5787 ἀναλώσας,“πολλοὺς
827 5721 885 5774 δέ
940 5722 1139 5790 σοφοὺς
1178 5724 1275 5773 καὶ
1305 5720 1683 5790 ἐπιστήμονας
1722 5720 1804 5780 εἰς

782 5850 808 5883 ο

296 5906 413 5978 (82)
446 5907 507 5972 ϐ,
538 5906 991 5980 ὐπερευχόμινος.

1917 4727 2059 4768 mam
2086 4709 2297 4780 quidem
2324 4703 2761 4760 contemnendam
2809 4703 3018 4765 ducam,
3049 4714 3229 4752 rerum
3258 4698 3477 4751 omnino

1915 4797 2323 4856 conducibiliter
2347 4802 2506 4862 atque
2543 4792 2608 4845 ad
2628 4793 2861 4843 omnium
2882 4788 3161 4842 utilitatem
3186 4800 3300 4838 eam
3317 4800 3478 4837 excu-

1917 4891 2043 4944 tiam
2066 4895 2120 4943 et
2136 4886 2403 4941 absolvam
2433 4882 2533 4954 (sic
2558 4881 2699 4935 enim
2733 4881 2871 4932 inter
2891 4889 3075 4930 omnes
3120 4884 3365 4929 constare
3392 4888 3476 4925 ar-

1919 4978 2114 5042 bitror,
2158 4976 2420 5030 neminem
2477 4968 2708 5024 omnium
2762 4967 2850 5036 qui
2879 4966 2978 5021 sub
3004 4965 3115 5018 sole
3151 4971 3297 5027 sunt,
3320 4974 3475 5015 arca-

1920 5082 2108 5122 narum
2137 5079 2313 5119 rerum
2339 5060 2692 5131 cognitionem
2729 5057 3025 5111 accuratius
3064 5066 3292 5121 unquam
3320 5052 3469 5105 inve-

1917 5157 2139 5226 stigasse
2165 5167 2319 5223 quam
2347 5153 2462 5221 ipse
2483 5146 2740 5218 fecerim),
2787 5159 3012 5215 quonam
3048 5151 3199 5212 pacto
3214 5156 3312 5196 res
3336 5140 3475 5194 divi—

1921 5260 2040 5310 nas,
2073 5255 2126 5299 et
2152 5258 2211 5298 ea
2255 5255 2372 5311 quae
2416 5236 2656 5292 venerari
2686 5250 2747 5290 ac
2774 5234 2990 5288 deorum
3021 5234 3225 5285 honore
3260 5229 3477 5284 afﬁcere

1925 5347 2157 5408 oportet,
2188 5331 2578 5389 contemnenda
2607 5326 2896 5384 duxissem.
2921 5338 2983 5378 ac
3011 5338 3113 5376 non
3136 5322 3310 5390 potius
3329 5321 3474 5375 omni

1921 5429 2117 5491 studio,
2140 5424 2387 5480 omnibus
2412 5418 2636 5482 viribus,
2671 5424 2783 5468 toto
2804 5410 3037 5482 denique
3079 5413 3257 5464 animo
3278 5423 3340 5462 ac
3368 5418 3477 5462 tota

1921 5529 2097 5576 tuente
2119 5518 2170 5572 in
2195 5528 2377 5570 eorum
2404 5507 2813 5577 investigatione
2850 5513 3058 5572 tempus
3083 5510 3240 5568 atque
3258 5513 3476 5569 Operam

1924 5611 2237 5679 posuissem.
2279 5611 2337 5657 ut
2390 5616 2507 5671 quae
2563 5611 2689 5653 vera
2741 5598 2799 5651 et'
2844 5593 3071 5648 maxime
3119 5599 3475 5679 consentanea

1928 5678 2072 5765 sunt,
2103 5693 2433 5751 invenirem?
2469 5689 2672 5745 Etenim
2719 5697 2911 5754 magno
2961 5698 3077 5739 cum
3105 5681 3283 5735 labore
3310 5678 3386 5733 sic
3414 5691 3475 5732 ea
