4042 6424
205 418 336 482 1093

1269 395 1443 456 VlTA
1486 392 1842 453 BARIAAM
1884 390 1979 451 ΕΤ
2017 390 2371 451 JOASAPII.

3275 404 3410 470 1094

173 515 313 569 ἀλλὰ
342 510 521 580 μάχην
554 507 651 561 καὶ
675 507 974 579 μάχαιραν·
1035 502 1200 577 ἦλθον
1236 506 1346 576 γάρ
1389 505 1606 576 διχάσαι
1634 504 1748 557 υἱὸν

1874 502 2079 557 mittere
2125 515 2334 570 pacem,
2393 502 2485 556 sed
2533 501 2786 572 gladium.
2841 501 2969 558 Veni
2997 496 3141 558 enim
3169 516 3422 573 separare

174 599 318 652 κατά
343 596 434 650 τοῦ
470 596 679 666 πατρὸς
710 594 875 649 αὐτοῦ
907 596 1001 650 καὶ
1034 596 1309 667 θυγατέρα
1339 598 1481 649 κατά
1512 597 1610 664 τῆς
1643 611 1749 664 μη-

173 688 301 760 τρὸς
337 687 524 757 αὐτῆς,
559 687 653 739 κει)⁸
681 685 750 739 τὰ
792 686 939 756 ἑξῆς.
970 685 1101 747 Καὶ,
1125 686 1209 740 ὅτι
1240 684 1299 739 Ὁ
1334 684 1504 754 φιλῶν
1535 684 1749 755 πατέρα

173 780 213 851 ἢ
261 779 466 850 μητέρα
529 777 670 849 ὑπὲρ
726 777 862 849 ἐμὲ,
915 778 1016 831 οὐκ
1070 776 1187 831 ἔστι
1240 794 1344 847 μου
1408 776 1588 841 ἄξιος,
1623 777 1747 841 καὶ,

174 873 362 934 Ὅστις
384 872 494 939 (90)
533 887 600 940 με
626 871 925 942 ἀρνήσεται
951 869 1262 941 ἔμπροσθεν
1290 869 1397 923 τῶν
1425 868 1749 938 ἀνθρώπων,

173 964 487 1034 ἀρνήσομαι
526 962 690 1016 αὑτὸν
728 962 887 1031 κάγὼ
921 962 1231 1034 ἔμπροσθεν
1258 961 1351 1016 τοῦ
1386 962 1598 1034 Πατρός
1648 979 1751 1033 μου

171 1056 273 1109 τοῦ
315 1059 370 1109 ὲν
411 1055 683 1127 οὐρανοῖς.
735 1053 924 1108 Ταῦτα
966 1055 1348 1125 λογισάμενος,
1386 1056 1481 1109 καὶ
1512 1056 1589 1126 τῷ
1622 1054 1753 1127 θείῳ

170 1148 325 1218 φόϐῳ
370 1146 470 1215 τὴν
517 1146 683 1217 226
724 1145 905 1217 ψυχὴν
962 1146 1225 1216 πεδήσας,
1252 1146 1330 1218 τῷ
1356 1147 1507 1219 πόθῳ
1555 1165 1614 1200 τε
1658 1148 1755 1201 καὶ

170 1241 337 1311 ἔρωτι
366 1238 675 1310 ἐνισχύσας,
708 1240 766 1292 τὸ
794 1239 1179 1311 Σολομόντειον
1212 1242 1390 1293 έκεῖνο
1430 1242 1580 1311 ῥῆμα
1610 1241 1753 1295 πάνυ

172 1332 313 1385 κατὰ
362 1332 555 1401 καιρὸν
612 1330 931 1396 ὲξελάὅετο,
984 1332 1213 1403 Καιρὸς,
1245 1332 1452 1401 φάσκον
1485 1332 1622 1402 (91),
1657 1330 1753 1386 τοῦ

172 1425 399 1494 φιλῆσαι
429 1424 525 1476 καὶ
554 1424 746 1495 καιρὸς
771 1423 865 1477 τοῦ
901 1422 1151 1493 μισῆσαι,
1181 1424 1372 1494 καιρὸς
1397 1424 1634 1495 πολέμου
1662 1426 1757 1479 καὶ

173 1515 365 1585 καιρὸς
391 1515 635 1585 εἰρήνης.
672 1513 781 1566 Καὶ
814 1513 1010 1584 πρῶτα
1041 1515 1160 1585 μὲν,
1196 1515 1338 1569 κατά
1368 1516 1493 1570 νοῦν
1520 1517 1756 1588 εὐξάμε-

173 1623 282 1669 νος,
311 1605 567 1675 Ἐλέησόν
600 1623 691 1676 με,
727 1605 898 1678 Κύριε
933 1605 1066 1677 (92),
1100 1600 1273 1671 εἶπεν,
1299 1609 1328 1660 ό
1348 1607 1501 1672 Θεὸς,
1533 1607 1757 1681 ἐλέησόν

176 1716 265 1778 με,
295 1700 379 1752 ὅτι
410 1698 505 1751 ἐπὶ
535 1700 619 1752 σοὶ
652 1698 917 1751 πέποιθεν
946 1699 979 1769 ἡ
1008 1698 1155 1769 ψυχή
1189 1717 1315 1769 μου,
1343 1700 1435 1753 καὶ
1460 1702 1517 1755 ὲν
1536 1703 1604 1772 τῇ
1629 1702 1760 1774 σκιᾴ

171 1790 281 1842 τῶν
330 1788 624 1861 πτερύγων
667 1805 764 1842 σου
813 1788 986 1843 ὲλπιῶ
1039 1788 1143 1852 ἕως
1185 1783 1249 1844 οὗ
1295 1790 1543 1864 παρέλθῃ
1581 1791 1689 1864 (93)
1724 1793 1756 1864 ἡ

174 1882 400 1953 ἀνομία.
429 1882 784 1954 Κεκράξομαι
820 1882 957 1953 πρὸς
991 1881 1081 1936 τὸν
1110 1882 1242 1936 Θεὸν
1266 1882 1358 1937 τὸν
1389 1882 1633 1954 ὕψιστον,
1669 1885 1760 1939 τδν
1792 1870 1834 1925 Β

173 1975 310 2029 Θεὸν
334 1975 428 2029 τὸν
452 1976 891 2047 εὐεργετήσαντά
913 1993 1005 2047 με,
1036 1977 1133 2031 καὶ
1159 1977 1227 2031 τὰ
1257 1976 1383 2046 ἑξῆς
1403 1976 1499 2030 τοῦ
1522 1977 1760 2048 ψαλμοῦ.

245 2064 387 2122 Εἷτά
430 2086 563 2139 φησι
596 2069 735 2141 πρὸς
762 2068 856 2123 τὸν
898 2068 1157 2140 βασιλέα·
1196 2070 1270 2123 Τὸ
1304 2072 1405 2141 μὲν
1435 2070 1765 2143 θεραπεύειν

174 2161 395 2232 πατέρα
421 2161 516 2213 καὶ
544 2162 658 2225 τοῖς
686 2160 854 2215 αὑτοῦ
896 2162 1146 2216 ὑπείκειν
1189 2164 1627 2235 προστάγμασιν,
1673 2166 1766 2218 εὑ-

172 2254 296 2324 vola
313 2270 374 2305 τε
398 2254 494 2307 καὶ
516 2253 666 2325 φιλίᾳ
679 2253 1101 2326 καθυπηρετείν,
1114 2257 1142 2308 ό
1162 2255 1339 2320 κοινὸς
1356 2258 1507 2328 ἡμᾶς
1526 2256 1768 2311 διδάσκει
1820 2252 1841 2274 ⁸

171 2344 479 2414 Δεσπότης,
504 2344 737 2415 φυσικὴν
770 2346 900 2415 ἡμῖν
928 2346 1025 2417 τὴν
1050 2346 1306 2417 τοιαύτην
1322 2348 1767 2419 ἐγκατασπείρας

174 2437 615 2508 στοργήν.”οταν
635 2436 691 2489 δὲ
721 2437 754 2506 ὴ
784 2436 894 2490 τῶν
916 2439 1119 2506 γονέων
1152 2441 1335 2510 σχέσις
1360 2441 1454 2494 καὶ
1471 2441 1621 2511 φιλία
1654 2441 1768 2514 (94)

174 2526 321 2592 πρὸς
348 2526 511 2579 αὑτὸν
533 2526 672 2598 φέρῃ
700 2527 791 2580 τὸν
813 2527 1058 2583 κίνδυνον
1086 2528 1184 2599 τὴν
1209 2530 1384 2601 ψυχὴν
1417 2531 1513 2585 καὶ¹
1537 2531 1632 2586 τοῦ
1660 2535 1767 2604 Δηο

178 2617 444 2688 μιουργοῦ
468 2619 654 2690 πόρρω
686 2622 812 2692 ποιῇ
845 2620 978 2691 (95),
1010 2623 1298 2675 ἐκκόπτειν
1328 2624 1530 2696 ταύτην
1564 2628 1771 2681 παντάο

177 2726 317 2761 πσσι
334 2709 809 2781 προστετάγμεθα,
826 2711 918 2764 καὶ
937 2711 1181 2782 μηδό).ως
1198 2715 1367 2767 εἴκειν
1382 2717 1492 2777 τοῖς
1509 2716 1770 2788 χωρίζου-

179 2816 267 2851 σιν
297 2800 448 2869 ἡμᾶς
463 2798 556 2852 τοῦ
576 2799 709 2852 Θεοῦ
727 2839 742 2864 ,
774 2799 907 2853 ἀλλά
934 2803 1111 2871 μισεῖν
1137 2801 1358 2865 τούτους
1376 2804 1473 2856 καὶ
1509 2806 1773 2877 ἀποστρέ·

180 2890 386 2961 φεσθαι
407 2931 421 2955 ,
455 2890 559 2944 κᾶν
586 2890 768 2962 πατὴρ
801 2892 829 2943 ὁ
867 2891 935 2944 τὰ
964 2893 1276 2945 ἀπευκταία
1327 2894 1632 2947 ἐπιτάττων
1661 2893 1771 2965 εἴη,

178 2981 291 3035 κᾶν
325 2981 532 3054 μήτηρ,
578 2982 684 3035 κᾶν
716 2980 969 3051 βασιλεὺς
992 3022 1005 3045 ,
1038 2982 1199 3053 227
1232 2981 1335 3037 κᾶν
1365 2984 1464 3054 τῆς
1495 2980 1643 3054 ζωῆς
1673 2986 1771 3039 αὐ-

178 3076 283 3145 τῆς
320 3073 530 3145 κύριος.
579 3074 681 3128 Διά
723 3074 898 3129 ταῦτα
946 3076 1046 3146 τῆς
1081 3078 1355 3147 πατρικῆς
1401 3079 1501 3148 μὲν
1535 3080 1774 3149 σχέσεως

179 3167 348 3221 ἓνεκα
376 3166 467 3219 τὸν
497 3166 629 3219 Θεὸν
666 3165 1016 3239 ζημιωθῆναι
1046 3169 1153 3222 τῶν
1184 3170 1462 3224 ἀδυνάτων
1498 3172 1587 3242 μοί
1632 3173 1767 3226 ἐστι.

182 3258 278 3310 Διὸ
309 3258 446 3328 μήτε
477 3258 687 3329 σεαυτῷ
718 3260 921 3322 κόπους
953 3261 1182 3331 πάρεχε,
1222 3264 1357 3333 μήτε
1387 3263 1511 3332 ἐμοί
1531 3281 1545 3293 ·
1576 3264 1691 3317 ἀλλ’
1733 3266 1767 3336 ἢ

186 3351 442 3421 πείσθητι
489 3351 584 3403 καὶ
622 3351 702 3421 τῷ
746 3351 909 3415 ζῶντι
938 3352 1104 3422 ἄμφω
1139 3355 1232 3406 καὶ⁹
1275 3353 1515 3424 ἀληθινῷ
1545 3354 1775 3427 λατρεύ-

187 3461 374 3514 σωμεν
421 3443 574 3515 θεῷ·
625 3443 661 3498 ἂ
690 3444 798 3515 γὰρ
839 3444 934 3497 νῦν
971 3444 1106 3519 σέϐῃ
1149 3445 1368 3513 εἴδωλα,
1404 3448 1541 3500 εἰσὶν
1572 3447 1775 3518 χειρῶν

186 3536 550 3608 ἀνθρωπίνων
589 3536 728 3607 ἔργα
758 3536 991 3607 (96ο98),
1045 3538 1214 3609 πνοῆς
1247 3538 1429 3610 ἔρημα
1464 3542 1559 3594 καὶ
1590 3541 1772 3610 κωφά,

190 3627 360 3698 μηδὲν
393 3627 529 3692 ὅλως
558 3627 591 3698 ἢ
625 3629 796 3699 μόνην
824 3629 1103 3685 ἀπώλειαν
1133 3631 1229 3683 καὶ
1257 3631 1531 3703 τιμωρίαν
1558 3632 1775 3687 αἰώνιον

188 3722 301 3783 τοῖς
329 3721 473 3775 αὑτά
500 3721 813 3791 σεὸομένοις
840 3721 1229 3793 προξενοῦντα.

266 3986 331 4039 Εἰ
363 3985 422 4038 δὲ
456 3984 532 4055 μὴ
566 3982 723 4037 τοῦτο
778 3982 1010 4053 βούλοιο,
1058 3981 1203 4035 ποίει
1247 3983 1325 4045 εἰς
1369 3982 1469 4051 ἐμὲ
1503 3982 1643 4053 ὅπερ
1690 4000 1773 4036 σοι

192 4079 375 4132 δοκεῖ’
404 4076 587 4141 δοῦλος
631 4077 737 4149 γάρ
796 4076 911 4146 είμι
955 4074 1047 4127 τοῦ
1080 4074 1339 4145 Χριστοῦ,
1387 4075 1482 4127 καὶ
1511 4073 1634 4127 οὔτε
1670 4075 1779 4128 θω-

196 4170 380 4233 πείαις
402 4211 416 4235 ,
464 4166 587 4221 οὔτε
618 4167 871 4222 κολάσεσι
905 4168 1005 4238 τῆς
1035 4166 1199 4220 αὑτοῦ
1232 4166 1613 4237 ἀποστήσομαι
1642 4167 1781 4235 ἀγά-

194 4278 309 4333 πης
358 4260 492 4333 (99),
533 4260 678 4315 καθά
726 4259 792 4331 δὴ
834 4259 930 4311 καὶ⁴
978 4260 1046 4328 τῇ
1100 4257 1406 4329 προτεραίᾳ
1472 4256 1625 4311 εἶπόν
1671 4275 1777 4323 σοι,

1867 593 2030 647 lilium
2052 594 2309 649 adversus
2336 604 2536 659 patrem
2560 608 2740 661 suum,
2770 605 2825 650 et
2850 595 3008 667 tiliam
3026 597 3285 651 adversus
3314 612 3422 650 ma-

1866 693 1997 740 trem
2025 700 2196 748 suam,
2223 694 2277 740 et
2305 700 2422 752 qua:
2450 686 2700 754 deinceps
2748 696 3039 755 sequuntur
3086 686 3295 754 (Matth.
3337 689 3422 757 ι).

1931 794 2169 865 llludque
2195 795 2319 850 item
2350 812 2363 847 :
2395 796 2493 860 Qui
2520 803 2663 849 amat
2689 805 2891 864 patrem
2927 806 3020 851 aut
3046 806 3267 853 matrem
3296 798 3416 865 plus

1862 898 2017 953 quam
2041 899 2146 951 me,
2170 900 2274 938 non
2304 894 2386 939 est
2414 899 2499 939 me
2524 883 2733 953 dignus.
2762 887 2837 939 Ac
2860 901 3065 941 rursum
3096 886 3222 941 illud
3252 904 3266 941 :
3293 887 3421 955 Qni-

1860 989 2068 1045 cunque
2089 990 2172 1029 me
2197 975 2468 1046 negaverit
2487 990 2664 1030 coram
2689 974 3009 1041 hominibus,
3032 976 3238 1045 negabo
3258 977 3417 1031 etiam

1862 1080 1984 1121 eum
2027 1081 2207 1121 coram
2238 1067 2392 1122 Patre
2438 1080 2577 1133 meo,
2605 1067 2693 1136 qui
2721 1067 2954 1123 itrcmlis
2984 1077 3087 1124 est.
3134 1069 3261 1124 Haec
3300 1084 3422 1122 eum

1861 1171 2040 1214 secum
2071 1159 2183 1227 ipse
2210 1168 2527 1227 reputasset,
2556 1159 2841 1228 divinoque
2870 1169 3010 1216 metu
3037 1160 3266 1214 animam
3298 1178 3424 1215 con-

1862 1248 2182 1310 strinxisset.
2215 1248 2339 1303 illud
2372 1249 2669 1304 Salomonis
2693 1250 2890 1304 dictum
2929 1265 3184 1321 perquam
3218 1261 3424 1321 tempe-

1861 1341 1997 1395 stive
2018 1342 2288 1408 usurpavit
2310 1355 2324 1392 :
2347 1340 2578 1409 Tempus
2607 1341 2835 1406 amandi,
2864 1350 2919 1395 et
2947 1350 3151 1410 tempus
3178 1342 3424 1407 odieudi;

1868 1441 2073 1500 tempus
2102 1432 2249 1498 belli,
2273 1440 2328 1488 et
2348 1442 2552 1501 tempus
2576 1435 2716 1501 pacis
2740 1430 2932 1505 (Eccle.
2959 1432 3063 1503 ιιι).
3096 1434 3170 1488 Ae
3200 1434 3424 1502 primum

1865 1522 2077 1591 quidem
2109 1532 2283 1577 mente
2312 1524 2376 1576 ad
2407 1522 2548 1577 hunc
2592 1523 2809 1577 modum
2849 1533 3092 1594 precatus
3120 1533 3201 1578 est
3228 1540 3241 1576 :
3270 1523 3426 1577 Mise-

1866 1626 1984 1666 rere
2011 1611 2135 1677 mei,
2166 1612 2324 1676 Deus,
2357 1611 2608 1666 miserere
2636 1613 2759 1676 nl'ei,
2780 1613 3026 1681 quoniam
3060 1612 3112 1665 ln
3141 1619 3194 1666 te
3210 1612 3428 1666 conlidit

1866 1701 2040 1754 anima
2072 1714 2216 1765 mea;
2248 1709 2302 1755 et
2340 1700 2389 1753 in
2440 1700 2623 1755 umbra
2673 1700 2872 1754 alarum
2924 1708 3129 1754 tuarum
3178 1700 3428 1769 sperabo,

1868 1791 2035 1846 donec
2075 1799 2304 1844 transeat
2333 1790 2602 1857 iniquitas.
2648 1787 2899 1844 Clanlabo
2928 1789 2992 1842 ad
3026 1789 3189 1843 Deum
3232 1790 3428 1844 altissi-

1870 1895 2035 1945 mum,
2064 1878 2226 1934 Deum
2256 1880 2342 1947 qui
2372 1880 2506 1935 bene
2528 1879 2651 1935 fecit
2679 1879 2808 1934 mihi
2838 1878 3011 1949 (Psal.
3041 1881 3184 1951 ut);
3214 1895 3279 1937 ac
3306 1882 3429 1936 reli-

1869 1987 1969 2042 qua
1998 1986 2117 2042 quae
2142 1970 2391 2040 deinceps
2418 1971 2471 2024 in
2502 1970 2705 2040 psalmo
2731 1979 3046 2040 sequuntur.

1939 2083 2066 2138 Post
2090 2091 2267 2138 autem
2298 2081 2364 2137 ad
2395 2091 2596 2151 patrem
2636 2080 2720 2137 bis
2768 2080 2950 2136 verbis
2998 2094 3122 2136 usus
3171 2089 3252 2136 est
3281 2098 3293 2133 :
3326 2080 3426 2134 Pa-

1870 2186 2006 2229 trem
2042 2174 2254 2245 quidem
2293 2174 2486 2239 colere,
2530 2183 2689 2244 atque
2736 2172 2899 2241 ipsius
2942 2172 3179 2242 imperiis
3218 2186 3430 2242 parere,

1872 2267 2080 2334 ipsique
2104 2264 2277 2319 amico
2304 2273 2357 2319 et
2397 2264 2651 2318 benevolo
2675 2265 2855 2318 animo
2883 2263 3166 2330 inservire,
3193 2276 3431 2317 commu-

1872 2360 1953 2411 nis
1977 2357 2226 2426 magister
2256 2366 2436 2411 noster
2462 2355 2617 2411 docet
2638 2353 2831 2424 (Ea'od.
2858 2352 2973 2424 xx),
3006 2361 3062 2407 ut
3104 2352 3191 2423 qui
3219 2363 3431 2406 natura-

1873 2447 1975 2500 lem
1998 2445 2291 2515 hujusmodi
2311 2444 2621 2501 charitatem
2647 2445 2699 2499 in
2720 2445 2911 2519 animis
2938 2447 3131 2498 nostris
3153 2441 3426 2499 inseverit.

1870 2539 1939 2589 At
1962 2549 2081 2590 cum
2104 2545 2375 2603 parentum
2397 2550 2554 2590 ramor
2574 2546 2730 2603 atque
2769 2548 2893 2602 erga
2932 2547 3023 2587 eos
3062 2532 3429 2587 benevolentia

1873 2627 2068 2680 anima:
2104 2627 2200 2694 ipsi
2232 2640 2519 2694 periculum
2547 2635 2712 2689 creat,
2741 2639 2963 2692 eamque
3010 2639 3039 2675 a
3082 2638 3292 2677 summo
3341 2623 3431 2677 illo

1873 2718 2120 2773 ellectore
2148 2717 2328 2785 procul
2368 2724 2623 2778 removet,
2653 2715 2792 2770 hunc
2816 2715 3061 2769 allectum
3090 2729 3307 2781 prorsus
3337 2730 3433 2769 ex-

1874 2810 2119 2867 scindere
2143 2808 2411 2876 jubemur,
2455 2821 2518 2861 ac
2546 2808 2692 2861 nullo
2722 2806 2878 2861 modo
2916 2807 2981 2861 iis
3007 2807 3098 2875 qui
3130 2820 3225 2859 nos
3260 2819 3290 2859 a
3324 2805 3434 2859 Deo

1875 2898 2184 2955 abstrahunt
2207 2897 2397 2951 cedere
2432 2910 2494 2950 ac
2519 2911 2707 2950 manus
2748 2896 2897 2958 dare,
2926 2910 3107 2948 verum
3137 2908 3229 2948 eos
3254 2893 3435 2948 odisse

1875 3001 1930 3046 et
1961 2990 2196 3044 aversari
2228 3006 2240 3040 :
2273 2986 2511 3056 quamvis
2538 2989 2697 3040 etiam
2743 2986 2786 3040 is
2812 3001 2898 3055 qut
2926 2985 3247 3039 exsecranda
3292 2998 3431 3053 pra:-

1871 3082 2001 3151 cipit
2027 3088 2175 3151 pater
2220 3079 2308 3144 sit,
2338 3079 2576 3147 quamvis
2606 3085 2792 3140 mater,
2823 3076 3063 3145 quamvis
3099 3090 3216 3137 rex.
3246 3089 3433 3145 quam-

1875 3175 1956 3227 vis
1978 3172 2203 3240 denique
2231 3184 2393 3238 penes
2414 3185 2533 3223 eum
2562 3170 2683 3222 vitae
2713 3177 2908 3222 nostrae
2936 3176 3164 3235 potestas
3190 3178 3278 3222 snt.
3302 3168 3432 3233 Quae

1871 3280 1991 3320 cum
2026 3266 2094 3318 ita
2127 3262 2261 3326 sint,
2283 3271 2513 3329 paterna:
2561 3259 2939 3313 benevolentia:
2965 3272 3120 3311 causa
3147 3257 3237 3312 Dei
3261 3258 3433 3323 jactu-

1875 3370 1987 3409 ram
2015 3352 2189 3407 facere
2216 3365 2429 3418 prorsus
2456 3362 2660 3418 nequeo
2684 3366 2697 3413 ;
2725 3361 2787 3401 ac
2810 3346 3031 3415 proinde
3054 3356 3161 3399 tum
3187 3345 3276 3399 tibi
3307 3346 3428 3416 ipsi.

1877 3456 1988 3500 tum
2025 3442 2151 3497 mihi
2201 3440 2467 3510 negotium
2518 3438 2780 3492 facessere
2827 3436 3040 3502 desine;
3071 3451 3253 3491 verum
3300 3436 3431 3490 mibi

1877 3549 2077 3590 morem
2106 3547 2250 3602 gere,
2282 3545 2344 3586 ac
2381 3530 2554 3583 vivum
2601 3537 2653 3581 et
2698 3542 2878 3581 verum
2911 3528 3071 3580 Deum
3102 3527 3259 3580 ambo
3285 3525 3428 3581 cola—

1878 3641 2012 3681 mus.
2037 3625 2165 3679 Nam
2193 3637 2309 3692 quae
2337 3634 2476 3675 nunc
2502 3617 2787 3683 veneraris,
2819 3616 3100 3671 simulacra
3146 3624 3288 3679 sunt,
3336 3614 3431 3669 ho-

1880 3720 2077 3772 minum
2108 3715 2347 3770 manibus
2372 3712 2576 3775 effecta,
2608 3711 2826 3779 spiritus
2870 3709 3102 3776 expertia
3153 3716 3210 3762 et
3249 3707 3431 3769 surda,

1887 3803 2122 3875 nihilque
2148 3803 2369 3859 omnino
2395 3802 2534 3856 aliud
2564 3815 2721 3870 quam
2752 3798 2973 3853 exitium
3001 3803 3055 3849 et
3070 3790 3458 3861 sempiternum

1884 3900 2172 3954 cruciatum
2203 3896 2495 3951 cultoribus
2523 3894 2633 3947 suis
2656 3892 2983 3946 accersentia

1955 3987 2051 4043 Sin
2094 3994 2266 4040 autem
2298 3985 2347 4038 id
2396 3996 2633 4047 recusas,
2668 3979 2920 4051 quidquid
2951 3978 3113 4039 Iubet,
3142 3974 3268 4029 mihi
3297 3972 3456 4038 infer,

1890 4091 2079 4131 servus
2115 4076 2256 4130 enim
2286 4074 2483 4129 Christi
2510 4089 2648 4128 sum.
2680 4072 2755 4126 Ac
2785 4084 2957 4139 neque
2984 4066 3253 4123 blanditiis
3288 4076 3460 4130 neque

1889 4167 2167 4222 tormentis
2214 4164 2281 4217 ab
2336 4163 2453 4233 ejus
2544 4172 2729 4217 amore
2826 4153 3123 4211 desciscant
3182 4168 3196 4205 :
3264 4166 3458 4222 quem-

1887 4255 2172 4311 admodum
2227 4254 2386 4308 etiam
2442 4252 2613 4321 pridie
2660 4248 2753 4303 tibi
2783 4247 2913 4310 dixi,
2960 4243 3166 4299 Domini
3215 4241 3318 4296 mei
3367 4254 3460 4292 no.

198 4329 377 4424 μέσον.
414 4329 668 4420 ἐμϐαλὼν
722 4329 789 4402 τὸγ
834 4348 928 4402 τοῦ
980 4349 1257 4402 Δεσπότου
1302 4366 1402 4420 μου
1462 4348 1634 4419 ὄνομα
1687 4350 1769 4403 κα)

1891 4363 2014 4403 men
2045 4351 2412 4415 interponens,
2454 4358 2517 4397 ac
2544 4353 2848 4396 sermonem
2897 4334 3210 4402 interposito
3248 4329 3461 4400 jureju-

194 4442 591 4513 ἀσφαλέστατα
612 4441 704 4495 τὸν
726 4440 883 4509 λόγον
909 4441 1391 4511 ἐμπεδωσάμενος.
1412 4440 1537 4494 Ὀτι
1561 4440 1617 4494 δὲ
1646 4442 1782 4513 μήτε

1891 4439 2059 4496 rando
2088 4438 2430 4493 conﬁrmans.
2463 4433 2611 4501 Quod
2638 4440 2812 4486 autem
2853 4443 2951 4485 nec
2998 4438 3049 4483 te
3090 4434 3278 4495 sponte
3326 4423 3464 4501 male

196 4490 590 4606 Ξέὧῖῐςρτλξᾴξ
620 4490 1769 4606 ig..;;,;'.z;‘;"lli;.'1:5;1501;.ng

1891 4544 2071 4600 agere,
2099 4544 2196 4584 nec
2226 4541 2436 4582 rursum
2467 4524 2797 4593 ignoratione
2836 4535 2866 4574 a
2897 4520 3037 4575 bono
3082 4518 3335 4573 aberrare
3382 4490 3473 4567 di-l

1931 4624 1943 4633 .
2001 4624 2013 4633 .
2284 4622 2297 4633 .
2447 4619 2479 4633 ,ι
2520 4632 2565 4633 ,,
2620 4614 2875 4633 ι,ι,,.ξΑ--
2927 4608 3333 4633 ε,-..--.ε-...ξ.....ι
3365 4604 3468 4633 IL...

195 4630 385 4682 τάνειν
428 4627 523 4680 τοῦ
552 4625 789 4696 ἀγαθοῦ,
825 4626 963 4681 ἀλλά
1000 4626 1167 4699 πολλῇ
1224 4628 1317 4680 καὶ
1348 4628 1572 4698 ἐμπόνῳ
1618 4625 1786 4699 συζη-

196 4722 360 4791 τήσει
390 4718 547 4771 τοῦτο
577 4718 747 4787 ἔγνως
763 4718 932 4782 ὅντως
948 4713 1088 4773 εἶναι
1117 4720 1303 4785 καλὸν,
1328 4720 1390 4773 τὸ
1415 4720 1662 4784 εἰδώλοις
1688 4721 1787 4773 λα-

196 4810 421 4883 τρεύειν
451 4813 545 4864 καὶ
586 4813 707 4875 ταῖς
736 4811 951 4882 ἡδοναῖς
991 4811 1101 4866 τῶν
1137 4812 1327 4867 παθῶν
1355 4812 1784 4886 προσηλοῦσθαι,

277 4993 393 5065 (ςιο)
418 4992 608 5065 ιιειιιι.
630 5010 684 5058 x,
716 4995 806 5049 εδ.

280 5063 397 5134 (91⁷)
426 5063 605 5119 Eccle.
636 5081 716 5128 ιιι,
747 5067 801 5119 8.

278 5136 371 5205 (92
424 5135 565 5189 Psal.
597 5150 708 5198 ιη,
735 5138 786 5201 1,
815 5137 871 5192 2.

279 5137 395 5277 (93)
436 5204 498 5273 C,
531 5206 796 5277 παρέλθοι
824 5211 866 5262 Α

1893 4624 2037 4689 xisti,
2071 4637 2253 4677 verum
2283 4619 2480 4689 ingenti
2511 4632 2574 4671 ac
2620 4614 2881 4670 laboriosa
2927 4608 3334 4679 investigatione
3365 4604 3468 4660 huc

1894 4713 2230 4782 cOgnovisse,
2262 4724 2453 4777 nempe
2498 4708 2692 4760 bonum
2722 4718 2844 4758 esse
2873 4701 3152 4757 simulacra
3179 4697 3374 4752 colere.
3403 4709 3468 4750 ac

1896 4802 2172 4858 libidinum
2205 4797 2562 4867 voluptatibus
2600 4793 2822 4849 al'llxum
2852 4804 2988 4856 esse,
3022 4798 3170 4845 certe
3199 4796 3250 4841 te
3278 4793 3469 4854 sponte

279 5204 395 5277 (93)
436 5204 498 5273 C,
531 5206 796 5281 παρέλθοι
824 5211 891 5271 Α,
952 5206 1230 5281 παρέλθῃ,
1254 5222 1287 5264 e
1319 5206 1682 5281 correctione.

1880 5207 2049 5281 usDe
2096 5208 2326 5281 daemon.
2360 5226 2413 5281 p.
2445 5210 2553 5265 94:
2582 5209 2702 5264 Κᾶν
2752 5208 3002 5280 θλίὸηται
3033 5204 3094 5260 τὸ
3138 5204 3352 5277 νεῦρον,
3382 5205 3474 5260 καὶ

203 5275 469 5403 ψύχθηται,
501 5275 601 5330 κᾶν
621 5275 756 5331 ’ἄλλο
785 5282 927 5333 τοῖον
949 5275 1099 5348 δήτοι
1128 5275 1309 5332 πάθοι.
1355 5276 1501 5358 Bene
1525 5279 1692 5332 codex
1727 5277 1886 5341 1510,
1913 5278 1976 5346 δή
2004 5295 2057 5357 τι
2090 5279 2260 5350 πάθῃ.

281 5354 300 5417 (
339 5347 395 5416 4)
427 5346 736 5417 Synonytno
763 5349 918 5417 φιλίᾳ
952 5350 1081 5417 quid
1109 5351 1179 5401 sit
1204 5347 1386 5417 σχέσις
1415 5362 1529 5416 Ipse
1553 5346 1811 5403 declarat.
1836 5348 2015 5403 Mount
2041 5352 2105 5403 de
2138 5354 2238 5404 hoc

339 5345 395 5416 λι)
427 5346 736 5421 Synonymo
763 5349 918 5421 φιλίᾳ
952 5345 1081 5417 quid
1109 5351 1179 5401 sit
1204 5347 1386 5421 σχέσις
1414 5347 1529 5421 ipse
1553 5346 1811 5421 dcclarat.
1836 5345 2238 5421 Mouuideltoe
2267 5366 2427 5407 sensu
2454 5360 2492 5406 t.
2518 5366 2580 5419 ιι,
2604 5366 2655 5420 p.
2689 5350 2813 5405 370.
2843 5348 3081 5417 lsaacius
3107 5349 3369 5419 Porpliyr.
3405 5345 3474 5401 Dr

206 5417 685 5490 pra:_terutissis,ip.
710 5417 815 5476 279
840 5438 853 5474 :
884 5417 1069 5490 Σχέσει
1108 5417 1339 5490 μητρῷα.
1364 5418 1527 5471 πάλιν
1556 5418 1646 5490 τὸν
1676 5419 1769 5471 παῖ

1874 5420 2283 5476 ἐνεκολπίσατο.

283 5488 399 5560 (95)
426 5490 493 5560 A_,
516 5485 699 5560 ποιεῖ.
732 5485 1043 5560 Saepissime
1073 5485 1449 5560 confusionem
1492 5487 1757 5543 vocalium
1804 5505 1838 5560 η
1875 5498 1928 5541 et
1962 5506 2011 5542 ει
2038 5493 2291 5558 tractavi,
2341 5491 2528 5545 vitiata
2566 5491 2680 5546 loca
2739 5491 3143 5545 emendaturus.
3174 5488 3289 5560 Sic.
3344 5497 3383 5540 t.
3414 5485 3476 5542 ll.

209 5574 267 5630 ι).
293 5558 422 5625 273,
448 5558 673 5613 Libanio
710 5557 1031 5631 medicinam
1062 5557 1189 5623 feci,
1239 5572 1470 5631 eamque
1511 5560 1792 5631 optimum,
1826 5557 1994 5631 'quud
2049 5557 2283 5615 securus
2329 5562 2620 5631 proﬁteor;
2649 5578 2772 5616 nam
2803 5576 2830 5613 a
2862 5561 3127 5615 Lnbecttio
3164 5559 3277 5630 jam
3309 5560 3476 5612 fuerat

213 5632 431 5686 iuventa
463 5643 528 5683 ac
565 5643 662 5697 pro

666 5632 840 5700 posita
871 5633 938 5686 ad
967 5630 1117 5695 Ajac.
1153 5643 1274 5700 pag.
1307 5628 1447 5700 £00;
1477 5630 1620 5700 quod
1653 5639 1780 5700 tunc
1812 5634 1896 5700 vel
1924 5629 2240 5699 ignorabam
2271 5628 2352 5685 vel
2384 5649 2486 5685 non
2520 5633 2897 5686 memineram.

285 5697 681 5773 (96-9_8)Psal.
712 5716 869 5773 cxttt,
896 5703 967 5757 ιι
1000 5700 1081 5754 Τά
1097 5698 1313 5773 εἴδωλα.
1338 5697 1674 5773 τῶν-ἐθνῶν,
1699 5699 1769 5773 ἀρ

1874 5697 1967 5773 »ιον
2001 5701 2118 5773 καὶμ
2135 5701 2380 5773 χρυσίον,
2412 5702 2549 5771 ἔργα
2584 5702 2788 5773 χειρῶν
2820 5700 3146 5773 ἀνθρώπιον.

248 5765 401 5855 ,(99)
432 5765 603 5855 βρὶδι.
637 5765 888 5855 adytum.
915 5770 1212 5855 χιιιιυὸξξὶ
1245 5768 1385 5825 Οὔτε
1411 5767 1636 5841 ὕψωμα,
1668 5765 1763 5824 οὔτ

1874 5770 2032 5838 πάθος,
2064 5765 2191 5826 οὗτε
2232 5789 2318 5837 τις
2367 5765 2544 5837 κτίσις
2583 5765 2875 5843 δύνῆσεται
2920 5765 3068 5843 ἡμᾶς
3106 5769 3341 5841 χωρίσαι
3374 5765 3475 5823 ἀπὶ

211 5839 312 5914 τῆς
343 5842 566 5912 ἀγάπης
588 5842 684 5897 τοῦ
718 5841 875 5900 Θεοῦ.
910 5844 993 5900 Cf.
1026 5841 1115 5907 55,
1144 5839 1233 5894 57.
