4042 6410
660 402 796 467 1095

2022 386 2399 450 ADDENDA.

3763 399 3873 467 ιον)

645 511 787 562 male
819 519 977 576 agere
1017 504 1195 560 dicere
1224 505 1360 559 haud
1391 521 1617 575 nequeo.
1649 508 1797 573 Quod
1826 517 2001 561 autem
2030 523 2206 576 magna

2328 502 2655 569 κακουργεῖν
2697 501 2797 569 μέν
2829 517 2887 553 σε
2925 500 3162 555 ἐθελοντὶ
3200 502 3301 556 ούκ
3328 503 3437 573 ἐχω
3474 502 3671 572 λέγειν.
3703 507 3813 561 Ὅτι
3836 512 3882 566 δι

647 600 871 653 inscitiae
899 599 1126 667 caligine
1154 598 1508 653 circumfusus
1538 602 1632 667 sis,
1665 615 1726 654 ac
1757 610 2005 670 tanquam
2034 601 2086 653 itt
2112 608 2218 652 tra-

643 688 925 745 ctabilibtts
971 688 1207 744 tenebris
1244 690 1542 751 ambulans.
1577 707 1641 745 ne
1686 693 1960 745 minimum
2006 692 2215 760 quidem

643 779 861 834 luminis
891 780 1226 849 splendorem
1259 781 1569 849 perspicias.
1601 781 1672 836 ob
1720 783 1897 850 idque,
1940 791 2084 837 recta
2129 782 2212 835 via

644 870 863 935 amissa,
895 870 947 925 in
974 870 1264 940 pracipitia
1310 879 1365 925 et
1411 872 1652 924 harathra
1701 872 1939 937 oberres,
1987 872 2038 926 id
2086 887 2215 927 vero

644 962 998 1017 certissimum
1027 976 1091 1016 ac
1113 963 1593 1028 compertissimum
1625 962 1814 1028 habeo,
1846 972 2002 1031 teque
2028 963 2209 1027 etiam,

645 1065 678 1105 ο
708 1059 875 1119 pater,
903 1050 954 1105 id
1002 1051 1304 1128 intelligere
1329 1054 1507 1118 cupio.
1543 1053 1614 1106 Ac
1646 1061 1925 1120 pr0pterea
1966 1053 2215 1107 tenebras

646 1142 779 1197 lucis
802 1142 917 1196 loco
936 1150 1141 1207 tenens;
1166 1156 1228 1197 ac
1252 1152 1474 1196 mortem
1498 1144 1622 1197 vita;
1645 1143 1811 1195 in-tar
1829 1144 2209 1212 complectens,

648 1234 797 1289 utilia
821 1234 1041 1289 consilia
1072 1235 1273 1298 iniisse,
1303 1234 1703 1304 fructuo'sasque
1730 1236 2071 1303 cogitationes
2099 1251 2215 1291 sus-

650 1327 859 1394 cepisse
890 1325 983 1380 tibi
1030 1326 1246 1380 videris.
1276 1328 1346 1380 At
1382 1340 1485 1380 non
1529 1328 1598 1379 ita
1626 1336 1726 1385 est.
1760 1343 1862 1380 nun
1892 1328 2102 1395 inquam
2132 1340 2215 1383 est

645 1417 739 1474 ita.
766 1418 895 1472 Nam
924 1433 1024 1473 nec
1048 1434 1108 1474 ea
1139 1435 1257 1489 qua:
1286 1421 1554 1473 veneraris
1581 1420 1653 1475 dii
1703 1431 1849 1485 sunt,
1891 1421 1985 1476 sed
2016 1422 2215 1476 daemo-

647 1524 775 1564 num
806 1517 1015 1575 statuae,
1047 1526 1258 1565 omnem
1288 1524 1470 1565 earum
1518 1514 1899 1567 exsecrandum
1949 1514 2215 1583 operatio-

647 1615 771 1655 Item
803 1602 941 1655 intus
986 1601 1347 1666 continentes;
1377 1616 1473 1656 nec
1519 1618 1728 1657 rursum
1780 1606 1884 1657 vita
1935 1620 1999 1659 ea
2052 1619 2212 1674 quam

645 1704 858 1744 suavem
887 1698 942 1743 et
969 1690 1313 1758 voluptariam
1344 1692 1598 1759 appellas,
1620 1695 2075 1765 jucunditatisque
2099 1713 2214 1749 om-

645 1781 730 1833 nis
756 1790 807 1833 et
833 1780 1112 1833 hilaritatis
1139 1779 1349 1848 plenam
1374 1795 1496 1836 esse
1524 1797 1731 1847 censes,
1757 1784 2018 1852 ejusmodi
2060 1795 2215 1839 natu-

2331 594 2500 664 πολλή
2535 610 2619 646 σοι
2666 594 3032 665 περικέχυται
3074 594 3350 664 ἀγνωσίας
3380 597 3581 667 ἀχλὺς,
3622 599 3714 653 καὶ
3744 602 3809 664 ὡς
3836 608 3882 657 ἐν

2331 686 2513 738 σκότει
2576 684 2884 756 ψηλαφητῷ
2935 686 3010 758 (l)
3072 687 3444 758 πορευόμενος
3498 689 3728 753 οὐδόλως
3773 695 3880 763 ὁρᾷς

2327 776 2507 845 φωτὸς
2549 778 2656 830 κᾶν
2701 778 2909 849 μικράν
2948 795 3067 832 τινα
3098 780 3495 852 μαρμαρυγὴν,
3540 781 3659 834 ὅθεν
3687 783 3780 852 τὴν
3808 788 3879 837 εὖ·

2327 869 2477 923 θεῖσιν
2508 869 2586 939 (2)
2620 870 2896 935 ἀπολέσας
2922 874 3192 942 κρημνοῖς
3213 872 3308 925 καὶ
3336 872 3577 942 φάραγξι
3598 873 3781 937 δεινοῖς
3801 894 3877 928 πε-

2327 959 2761 1031 ριπεπλάνησαι,
2803 959 2965 1013 τοῦτο
3004 958 3163 1029 κάγὼ
3202 960 3440 1030 βεϐαίως
3486 963 3777 1033 ἐπίσταμαι
3804 968 3876 1019 καὶ

2327 1051 2409 1117 σὲ,
2458 1052 2624 1122 228
2675 1052 2875 1123 πάτερ,
2912 1050 3203 1121 γινώσκειν
3259 1053 3544 1123 βούλομαι.
3579 1055 3667 1108 Διὸ
3720 1059 3876 1122 σκότος

2321 1143 2443 1196 ἀντὶ
2482 1144 2659 1212 φωτὸς
2694 1144 2942 1213 κατέχων
2989 1142 3082 1197 καὶ
3113 1143 3346 1199 Θανάτου
3375 1144 3570 1217 ὥσπερ
3602 1147 3742 1216 ζωῆς
3774 1152 3876 1202 ἀντ-

2324 1236 2611 1304 εχόμενος,
2646 1235 2751 1288 οἴει
2779 1236 3165 1306 συμφερόντως
3199 1235 3587 1307 βεϐουλεῦσθαι
3624 1240 3715 1291 καὶ
3755 1240 3875 1293 λυσι-

2319 1328 2492 1393 τελῶς
2539 1328 2941 1399 ἐντεθυμῆσθαι
3137 1331 3253 1384 ἀλλ’
3285 1330 3387 1384 οὐκ
3419 1331 3539 1384 ἐστι
3582 1332 3765 1398 ταῦτα,
3792 1337 3873 1389 οὐκ

2321 1419 2488 1475 ἔστιν.
2529 1420 2669 1474 Οὔτε
2709 1422 2819 1492 γὰρ
2851 1424 2996 1493 ἅπερ
3029 1422 3164 1495 σέϐῃ
3192 1422 3305 1477 θεοί
3340 1425 3511 1487 εἰσιν,
3547 1422 3681 1477 ἀλλά
3713 1426 3873 1492 στῆλαι

2315 1515 2607 1586 δαιμόνων,
2631 1516 2810 1567 πᾶσαν
2830 1515 3010 1569 αὐτῶν
3050 1518 3149 1585 τὴν
3174 1518 3426 1586 μυσαραν
3452 1516 3727 1587 ἐνέργειαν
3751 1520 3872 1573 ἔνδον

2317 1606 2571 1677 ἔχουσαιο
2623 1605 2746 1660 οὔτε
2794 1607 2970 1677 ἥνπερ
3021 1606 3280 1675 γλυκεῖαν
3331 1606 3629 1670 ἀποκαλεῖς
3675 1610 3762 1662 καὶ
3804 1612 3871 1663 ὲν-

2317 1701 2504 1771 ήδονον
2545 1699 2754 1770 βιοτὴν,
2800 1700 3167 1771 τερπνότητός
3211 1716 3270 1751 τε
3307 1700 3403 1753 καὶ
3430 1700 3692 1771 θυμηδίας
3723 1703 3871 1766 δοκεῖς

2317 1791 2734 1863 πεπληρῶσθαι,
2764 1791 2868 1861 τῆς
2903 1792 3164 1861 τοιαύτης
3211 1791 3323 1862 ἔχει
3354 1791 3592 1859 φύσεως,
3622 1791 3748 1846 ἀλλά
3776 1796 3870 1863 βδε-

645 1885 759 1924 ratn
805 1870 1000 1935 habet,
1038 1870 1131 1925 sed
1176 1870 1221 1926 si
1270 1874 1507 1929 veritatis
1546 1876 1746 1943 judicio
1796 1878 2043 1933 standum
2092 1892 2206 1946 est,

2314 1859 2669 1955 λυκτήηέστιν
2699 1859 2862 1951 αὕτη,
2899 1884 3043 1937 κατά
3073 1859 3136 1953 γε
3164 1859 3271 1936 τὸν
3302 1884 3402 1953 τῆς
3436 1883 3688 1953 ἀληθείας
3715 1859 3865 1952 λόγον,

644 1961 967 2015 exsecranda
994 1976 1056 2015 ac
1086 1962 1257 2017 modis
1295 1965 1539 2018 omnibus
1566 1968 1856 2022 aversanda
1883 1978 1984 2024 est.
2014 1970 2214 2037 Quam-

644 2052 726 2105 vis
753 2052 892 2105 enim
924 2051 989 2105 ad
1031 2053 1241 2121 aliquod
1273 2063 1479 2124 tempus
1508 2056 1692 2113 fauces
1717 2059 1953 2124 deliniat,
1986 2069 2105 2129 post
2131 2070 2212 2120 ta-

645 2157 790 2210 men,
816 2152 874 2198 nt
900 2160 928 2198 ιι
970 2146 1221 2214 magistro
1247 2161 1367 2201 meo
1410 2147 1609 2205 dictum
1660 2160 1763 2217 est,
1819 2151 1937 2206 felle
1979 2154 2212 2208 amarius

646 2233 923 2304 digeritur,
954 2235 1234 2305 gladioque
1255 2238 1471 2306 ancipiti
1497 2240 1701 2296 acutior
1729 2251 1833 2297 est.

708 2468 771 2522 Et
799 2482 1025 2538 qttnnam
1056 2469 1266 2523 tandem
1295 2476 1447 2538 pacto
1469 2468 1583 2537 ejus
1609 2468 1744 2521 mala
1778 2468 1872 2522 tibi
1916 2480 2201 2522 recensere

640 2574 795 2629 posse
818 2561 887 2614 ni
936 2562 1289 2616 Dinumerabo
1316 2577 1398 2624 ea,
1427 2572 1479 2616 et
1514 2576 1675 2629 super
1703 2575 1917 2614 arenam
1952 2558 2203 2629 multipli-

638 2652 903 2706 cabuntur
950 2650 1118 2721 (Psal.
1149 2653 1442 2720 cxxxvut);
1490 2651 1681 2705 diaboli
1709 2652 1849 2706 enim
1883 2651 2069 2705 hamus
2099 2665 2203 2719 est,

640 2739 965 2796 exsecranda
991 2741 1282 2809 voluptate,
1312 2750 1556 2810 tanquam
1581 2739 1831 2794 illecebra
1862 2740 2088 2809 quadam
2110 2741 2205 2795 ob-

639 2832 849 2896 ductus,
877 2846 972 2901 per
1000 2845 1154 2899 quam
1186 2844 1280 2885 eos
1310 2829 1399 2900 qui
1428 2830 1478 2883 in
1508 2828 1744 2883 fraudem
1768 2829 2110 2893 inducuntur,
2139 2829 2205 2883 ad

638 2920 800 2974 itnutn
834 2920 1021 2974 inferni
1052 2920 1310 2990 gurgitem
1342 2917 1520 2975 trahit.
1546 2920 1687 2974 Bona
1717 2931 1892 2974 autem
1916 2935 1946 2973 a
1978 2920 2205 2975 Domino

638 3026 759 3066 meo
786 3013 1074 3079 promissa,
1113 3026 1231 3081 quae
1277 3012 1487 3081 quidem
1541 3021 1594 3066 tu
1638 3012 1854 3066 incertae
1889 3017 2008 3067 vitae
2056 3028 2204 3082 spem

643 3087 983 3168 nuncupasti,
1014 3100 1080 3154 ab
1108 3100 1253 3154 omni
1301 3100 1579 3155 mendacio
1607 3111 1662 3155 et
1708 3104 1998 3156 mutatione
2028 3104 2204 3157 aliena

2315 1977 2410 2028 καὶ
2459 1976 2854 2046 ἀποτρόπαιος.
2911 1976 3057 2046 Πρὸς
3104 1975 3296 2047 καιρὸν
3329 1975 3440 2046 γὰρ
3478 1977 3748 2044 γλυκαίνει
3790 1980 3866 2031 καὶ

2312 2069 2517 2122 λεαίνει
2568 2069 2662 2121 τὸν
2717 2068 2978 2140 φάρυγγα
3018 2067 3119 2141 (4),
3172 2068 3401 2139 ὕστερον
3456 2070 3515 2123 δὲ
3572 2072 3864 2142 πικροτέρας

2310 2164 2477 2235 χολῆς
2529 2166 2762 2218 ποιεῖται
2813 2164 2914 2228 τάς
2973 2163 3289 2227 ἀναδόσεις,
3329 2163 3404 2226 ὡς
3452 2167 3481 2217 6
3527 2165 3657 2235 ἐμὸς
3686 2166 3778 2235 ἔφη
3805 2166 3864 2219 δι-

2309 2258 2611 2321 δάσκαλος,
2664 2259 2757 2311 καὶ
2784 2256 3099 2328 ὴκονημένη
3156 2256 3356 2326 μᾶλλον
3398 2258 3673 2329 μαχαίρας
3708 2258 3856 2311 διστὸο

2313 2368 2414 2422 μου
2452 2352 2552 2422 (5).

2379 2465 2489 2519 Καὶ
2521 2464 2638 2527 πῶς
2683 2464 2749 2519 ἀν
2791 2482 2874 2518 σοι
2922 2463 2993 2519 τά
3037 2464 3243 2536 ταύτης
3284 2464 3430 2518 κακά
3485 2465 3856 2535 διηγησαίμην;

2320 2556 2785 2628 Ἐξαριθμήσομαι
2824 2556 2997 2619 αύτά,
3058 2557 3152 2611 καλ⁴
3189 2557 3329 2628 ὑπὲρ
3375 2558 3564 2627 ἄμμον
3596 2558 3858 2631 πληθυνθή-

2308 2666 2491 2702 σονται
2522 2648 2620 2718 (6).
2655 2649 2984 2719 Ἀγκιστρον
3013 2648 3124 2719 γάρ
3171 2651 3288 2701 ἐστι
3334 2646 3430 2701 τοῦ
3482 2648 3756 2715 διαϐόλου,
3798 2652 3857 2712 ὡς

2304 2741 2495 2812 δέλεαρ
2529 2740 2625 2811 τὴν
2654 2739 2918 2811 βδελυρὰν
2939 2739 3300 2811 περικειμένη
3337 2739 3553 2811 ἡδονὴν,
3585 2740 3651 2793 δι’
3676 2735 3729 2794 οὗ
3755 2742 3858 2803 τοὺς

2303 2834 2723 2904 ἀπατωμένους,
2746 2834 2826 2896 εἰς
2846 2832 2937 2885 τὸν
2956 2832 3050 2886 τοῦ
3077 2832 3206 2905 ᾅδου
3229 2833 3486 2887 καθέλκει
3515 2835 3752 2905 πυθμένα
3772 2837 3854 2905 (7).

2303 2926 2385 2979 Τά
2413 2926 2470 2978 δὲ
2501 2926 2652 2997 παρά
2681 2925 2775 2978 τοῦ
2810 2925 2947 2997 ἐμοῦ
2973 2926 3244 2980 Δεσπότου
3276 2926 3662 2997 ἐπηγγελμένα
3683 2927 3854 2994 ἀγαθὰ,

2303 3019 2449 3089 ἅπερ
2476 3018 2540 3070 σὺ
2583 3016 2780 3089 ἀδήλου
2806 3015 2951 3087 ζωῆς
2974 3016 3164 3070 ἐλπίδα
3192 3016 3509 3086 ὠνόμασας.
3542 3017 3741 3088 ἀψευδῆ
3768 3019 3854 3069 εἰσι

2302 3112 2398 3165 καὶ
2430 3111 2797 3176 ἀναλλοίωτα,
2829 3110 2982 3174 τέλος
3025 3110 3126 3163 οὐκ
3170 3105 3300 3175 οἶδε,
3336 3110 3518 3181 φθορᾷ
3547 3111 3645 3180 οὐχ
3669 3110 3856 3164 ὑπόκει-

640 3199 782 3257 sunt,
812 3189 968 3244 tinem
1001 3190 1261 3254 nesciunt,
1291 3190 1613 3259 corruptioni
1642 3190 1879 3260 subjecta
1903 3206 2007 3245 non
2033 3203 2154 3247 sunt
2187 3206 2202 3246 :

2311 3220 2427 3257 ιαιο
2471 3203 2625 3272 λόγος
2660 3203 2761 3256 οὐκ
2808 3201 2956 3255 ἐστιν
2999 3204 3027 3255 6
3056 3203 3406 3274 παραστῆσαι
3437 3202 3499 3254 τὸ
3534 3202 3751 3273 μέγεθος
3776 3203 3855 3273 τῆς

638 3280 867 3348 denique
889 3280 1027 3334 nulla
1056 3289 1137 3333 est
1158 3281 1347 3341 oratio,
1374 3296 1492 3349 qua:
1517 3279 1655 3334 illius
1678 3280 1860 3349 gloria:
1884 3281 2203 3350 etjucuttdt-

640 3374 782 3438 tatis,
820 3372 958 3427 illius
991 3371 1358 3427 inenarrabilis
1396 3372 1569 3440 gaudii
1606 3387 1667 3426 ac
1709 3383 1975 3442 perpetua:
2006 3374 2203 3429 latitia:

639 3463 1056 3534 magnitudinem
1087 3464 1387 3530 exprimere
1413 3470 1590 3531 queat.
1618 3463 1814 3519 Omnes
1836 3464 1998 3526 enim,
2031 3480 2203 3533 quem-

636 3553 919 3606 adtnudutn
962 3553 1073 3621 ipse
1122 3552 1287 3617 vides,
1330 3554 1607 3622 morimur,
1647 3570 1743 3608 nec
1780 3564 1864 3608 est
1914 3556 2071 3609 homo
2111 3556 2202 3624 qui

638 3644 798 3705 vivat,
847 3649 901 3697 et
944 3652 1167 3697 mortem
1221 3644 1429 3698 visurus
1475 3660 1580 3697 non
1625 3643 1695 3698 sit
1751 3644 1841 3717 (11
1896 3646 2027 3714 Reg.
2072 3663 2194 3711 xtv;

638 3733 786 3787 Psal.
818 3734 1110 3805 Lxxxvm);
1156 3735 1387 3790 futurum
1433 3746 1514 3791 est
1555 3746 1731 3791 autem
1776 3748 1833 3791 ut
1880 3754 2087 3793 rursum
2130 3741 2198 3794 ad

635 3827 796 3879 vitam
826 3826 1125 3892 redeamus,
1153 3835 1261 3881 tum
1311 3829 1580 3893 nimirum.
1611 3844 1729 3883 cum
1762 3829 2017 3885 Dominus
2043 3831 2199 3887 Jesus

635 3917 878 3972 Christus
906 3918 995 3973 Dei
1020 3917 1184 3972 Filius
1213 3918 1263 3973 in
1294 3916 1480 3988 gloria.
1512 3938 1626 3990 qua:
1650 3923 1803 3975 nullis
1834 3925 2198 3980 verbisdecla-

637 4010 742 4063 rari
767 4018 960 4078 potest,
981 4026 1042 4065 ac
1066 4010 1335 4065 tremenda
1354 4016 1583 4080 potentia
1598 4014 1773 4068 veniet
1795 4014 2010 4083 (Matth.
2043 4018 2194 4089 xxv),

636 4101 747 4169 ille,
779 4101 1017 4170 inquam,
1058 4101 1167 4156 Rex
1220 4117 1399 4169 regum
1428 4118 1490 4158 ac
1520 4105 1768 4159 Dominus
1809 4107 2191 4162 dominantium

632 4189 1072 4263 (Apoc.1tx).cui
1106 4207 1262 4247 omne
1291 4208 1426 4262 genu
1459 4193 1715 4251 ﬂectetur.
1741 4196 2062 4262 caelestium,
2090 4207 2197 4253 ter-

2301 3298 2458 3366 δόξης
2503 3299 2720 3367 ἐκείνης
2761 3298 2856 3351 καὶ
2905 3299 3273 3369 τερπνότητος
3321 3297 3545 3367 ίσχύων,
3584 3297 3738 3368 229
3772 3298 3852 3365 τῆς

2302 3393 2478 3462 χαρᾷς
2521 3391 2619 3461 τῆς
2658 3390 3049 3461 ἀνεκλαλήτου,
3087 3391 3185 3461 τῆς
3219 3388 3502 3461 διηνεκοῦς
3526 3390 3850 3460 εὐφροσύνης.

2303 3484 2512 3546 Πάντες
2562 3482 2663 3554 μὲν
2692 3483 2822 3554 γὰρ,
2859 3483 3111 3555 καθάπερ
3144 3483 3308 3546 αὐτὸς
3351 3484 3505 3554 δρᾷς,
3558 3484 3851 3554 ἀποθνήσκο-

2306 3589 2426 3642 μεν,
2458 3571 2551 3623 καὶ
2577 3572 2677 3623 οὐκ
2703 3572 2850 3623 ἐστιν
2881 3571 3163 3642 ἄνθρωπος
3186 3572 3244 3635 ὃς
3266 3571 3490 3643 ζήσεται
3523 3575 3619 3626 καὶ
3637 3573 3723 3625 ούκ
3747 3574 3851 3638 665-

2302 3682 2390 3716 ται
2426 3663 2655 3717 θάνατον
2675 3680 2689 3694 ·
2716 3664 2981 3735 μέλλομεν
3006 3665 3062 3716 δὲ
3096 3664 3297 3729 πάντες
3326 3665 3681 3729 ἀνίστασθαι,
3712 3668 3846 3736 ἡνίκα

2300 3755 2579 3808 ἐλεύσεται
2611 3754 2815 3825 Κύριος
2855 3754 3062 3825 Ἰησοῦς
3094 3755 3350 3825 Χριστὸς,
3387 3758 3415 3808 6
3447 3756 3580 3818 Υἱὸς
3602 3756 3691 3808 τοῦ
3716 3754 3846 3816 Θεοῦ,

2301 3849 2362 3900 ἐν
2392 3847 2517 3919 δόξῃ
2550 3847 2899 3917 ἀνεκλαλήτῳ
2932 3849 3025 3900 καὶ
3047 3846 3278 3917 δυνάμει
3308 3846 3519 3918 φοϐερᾷ
3544 3848 3643 3916 (8),
3668 3850 3692 3901 6
3714 3848 3844 3917 μόνος

2300 3939 2566 4002 Βασιλεὺς
2607 3938 2716 3992 τῶν
2766 3937 3156 4008 βασιλευόντων
3223 3930 3325 3992 καὶ)
3377 3937 3586 4011 Κύριος
3631 3939 3728 3991 τῶν
3771 3958 3845 3992 za-

2301 4031 2589 4102 ριευόντων
2618 4029 2715 4101 (9),
2755 4022 2799 4097 ᾧ
2842 4029 2950 4082 πᾶν
2990 4029 3120 4095 γόνυ
3160 4027 3370 4098 κάμψει
3410 4030 3737 4101 ἐπουρανίων
3767 4029 3843 4080 καὶ

2298 4120 2559 4189 ἐπιγείων
2604 4120 2702 4173 καὶ
2736 4117 3107 4189 καταχθονίων
3161 4118 3304 4189 (10)·
3343 4120 3439 4172 καὶ¹
3488 4120 3741 4191 τοσαύτην
3768 4123 3843 4187 ἐμ-

2299 4217 2513 4281 ποιήσει
2535 4212 2657 4263 τότε
2683 4210 2781 4281 τὴν
2810 4210 3087 4276 ἔκστασιν,
3118 4210 3193 4272 ὡς
3218 4212 3310 4264 καὶ
3340 4212 3511 4274 αύτάς
3536 4211 3840 4279 ἐκπλαγῆναι

632 4282 908 4346 restrium,
937 4293 989 4335 et
1026 4280 1353 4336 infernorttm
1387 4281 1609 4352 (Philip.
1644 4281 1724 4353 tt);
1753 4285 1947 4353 quique
1989 4296 2192 4341 tantum

2311 4304 2394 4367 ιάς
2432 4280 3021 4374 ούρανίουςδυνάμεις
3076 4302 3223 4375 (Η)’
3280 4304 3375 4356 καὶ
3434 4307 3841 4375 παραστήσονται

628 4371 874 4425 omnibus
913 4385 1168 4439 pavorem
1195 4372 1583 4438 comntovebit,
1638 4383 1695 4426 ut
1738 4375 1894 4430 etiam
1921 4376 2047 4443 ipsa:
2078 4392 2192 4432 cm-

684 4612 761 4683 (I)
799 4613 1062 4683 Respectu
1093 4614 1158 4667 ad
1195 4614 1367 4670 Exod.
1398 4633 1450 4680 χ,
1472 4618 1561 4671 2|.

2294 4396 2443 4467 αὐτῷ
2480 4397 2670 4468 τρόμῳ
2731 4396 2899 4466 χίλιαι
2952 4395 3183 4466 χιλιάδες
3241 4398 3337 4449 καὶ
3377 4396 3573 4468 μύριαι
3619 4395 3842 4467 μυριάδες

686 4685 762 4753 (‘2)
791 4684 853 4765 (ξ,
887 4683 1087 4765 τηεὺθ.
1122 4685 1262 4765 ὀδόν.
1292 4688 1462 4741 Omisi
1492 4689 1631 4765 666v,
1666 4686 1819 4755 cujus
1853 4697 1937 4743 est
1980 4701 2104 4765 cum
2141 4684 2206 4738 ad

2311 4684 2408 4739 .ivo
2443 4684 2935 4765 £69_si'a_f_t'eqttet_ts
2963 4685 3187 4765 ellipsis.
3212 4688 3472 4765 et‘qttod,
3520 4688 3588 4742 ob
3636 4702 3836 4765 sequens

611 4753 1190 4837 969ay§z,|vit.let'e.tttr_
1208 4755 1319 4809 fere
1350 4760 1659 4837 tnetninisse
1685 4753 1875 4837 auctor
1911 4761 2197 4837 verborum

2311 4773 2379 4837 cie
2416 4772 2495 4817 ιιι,
2636 4758 2796 4837 Πᾶσα
2826 4756 3047 4837 φάραγξ
3078 4755 3564 4837 πληρωθήσεται...
3600 4761 3685 4837 xu}
3708 4760 3833 4809 ἔσται

607 4824 1015 4899 τάσκολιὰᾷείς
1041 4824 1257 4878 εὐθεῖαν
1307 4827 1400 4879 καὶ
1430 4828 1488 4881 αἱ
1514 4830 1768 4899 τραχεῖαι
1798 4830 1879 4891 είς
1909 4828 2062 4892 ὀδοὺς
2118 4826 2285 4890 λείας.
2315 4828 2379 4893 Α,
2420 4828 2747 4897 φαράγγοις.
2780 4825 2837 4880 ltt
2873 4824 2936 4890 C,
2987 4832 3129 4881 inter
3178 4824 3405 4897 φάραξι,
3448 4834 3549 4895 sic,
3579 4840 3627 4881 ct
3648 4828 3829 4889 δεινοῖς,

608 4904 692 4950 est
725 4896 990 4950 laruttula.

680 4967 759 5039 (ᾗ)
789 4967 899 5031 AC,
929 4965 1368 5039 ἐντεθυμεῖσθαι.
1392 4966 1613 5039 Βιιιειιει
1641 4985 1673 5039 η

1709 4977 1765 5023 et
1794 4985 1843 5021 ει
1878 4970 2142 5033 confusae,
2181 4986 2206 5022 tl

2311 4978 2498 5022 terunt
2525 4967 2575 5020 in
2607 4965 2785 5019 Basilii
2814 4966 3102 5035 Pra’ceptis
3133 4983 3181 5021 c.
3218 4967 3321 5020 50:
3356 4968 3480 5021 Κᾶν
3512 4969 3616 5037 γὰρ
3641 4968 3829 5035 ἐτέρους

610 5036 906 5099 πταίοντας
956 5036 1282 5106 λογοθετείς,
1320 5037 1460 5093 ἀλλά
1490 5039 1587 5091 καὶ
1639 5036 1801 5102 αὐτὸς
1846 5039 1956 5092 τῶν
2006 5041 2233 5094 σεαυτοῦ
2295 5039 2626 5106 σφαλμάτων
2681 5037 2971 5107 λογοθέτην
3022 5036 3166 5105 ἔχεις
3212 5038 3304 5091 τὸν
3344 5040 3499 5092 θεόν.
3550 5039 3683 5091 Bene
3722 5044 3824 5090 ωιι.

606 5108 743 5181 ανθι
777 5109 841 5181 ᾼ,
875 5106 1186 5181 λογοθετῇς.
1221 5110 1418 5164 Ibidem
1455 5126 1469 5161 :
1501 5109 1575 5181 ,‘A
1600 5111 1707 5181 γὰρ
1730 5108 1799 5163 ἂν
1831 5110 1946 5174 τοῖς
1976 5111 2286 5174 συνδούλοις
2321 5106 2588 5179 ποιήσεις,
2615 5108 2787 5160 ταῦτα
2817 5106 2967 5177 παρά
2999 5110 3094 5161 τοῦ
3128 5107 3310 5161 κοινοῦ
3335 5107 3593 5164 δεσπότου
3621 5111 3827 5161 ἀνταπο-

605 5177 752 5249 δέξῃ.
786 5177 981 5250 lterum
1009 5177 1144 5250 bene
1170 5182 1359 5244 codex,
1393 5180 1645 5250 ποιήσῃς.

679 5224 752 5319 ἱΖῇ
786 5224 1359 5321 (squmae:
1384 5224 1550 5321 ιῖἔόῧξ
1565 5224 1717 5317 ἲῖιν,
1750 5250 1855 5305 t5:
1888 5250 2008 5306 Ἵνα
2040 5251 2206 5320 γλυκα

2311 5273 2315 5320 ι
2352 5266 2446 5304 σου
2472 5252 2501 5303 ὁ
2534 5248 2770 5320 φάρυγξ.
2801 5248 2885 5304 cr.
2928 5264 2984 5317 p.
3020 5247 3142 5305 tto.

678 5316 754 5389 (5)
788 5318 868 5371 (1f.
901 5316 1071 5386 Epist.
1101 5321 1163 5373 ad
1186 5321 1348 5374 l’leltr.
1386 5335 1459 5387 Iv,
1490 5319 1577 5373 12.

675 5392 752 5446 ιϋι
782 5389 924 5441 Psztl.
950 5404 1210 5451 cxxan,
1244 5391 1330 5444 18.

677 5459 752 5534 (7)
774 5460 939 5534 _Dixit
966 5470 1156 5534 auctor
1180 5460 1599 5534 Proverbiorunt
1627 5476 1737 5523 κιν,
1776 5461 1875 5534 12;
1907 5477 2017 5534 xvi.
2054 5461 2125 5516 25
2154 5478 2178 5534 :_

2311 5477 2496 5534 flerat,
2532 5459 2718 5534 βλέπει
2750 5454 2829 5523 εἰς
2864 5461 3118 5530 πυθμένα
3151 5462 3301 5534 ᾅδου.

676 5528 1185 5613 ('3)Lttc.‘§xt,l:2‘5:
1235 5532 1346 5585 Καὶ
1388 5532 1511 5613 τότε
1542 5532 1763 5601 ὄψονται
1796 5533 1886 5585 τὸν
1926 5533 2041 5584 υἱὸν
2087 5531 2182 5585 τοῦ
2232 5528 2542 5601 ἀνθρώπου
2579 5532 2873 5603 ἐρχόμενον
2912 5528 3219 5606 ἐν’νεφέλῖῃ,
3271 5538 3410 5606 μετά
3435 5539 3708 5613 δυνάμεως
3745 5538 3819 5593 tul.

603 5597 755 5667 δόξης
795 5597 1013 5669 πολλῆς.
1045 5599 1315 5669 (Πηδιψνα
1338 5618 1393 5669 p.
1424 5602 1514 5656 65.

675 5666 750 5737 (9)
785 5669 799 5719 l
826 5666 995 5733 Epist.
1028 5671 1092 5720 ad
1125 5666 1363 5726 Timmh'.
1397 5687 1469 5730 νι.
1500 5671 1586 5725 15.

673 5741 785 5808 (ιιι)
822 5740 989 5805 Epist.
1021 5739 1086 5790 ad
1118 5740 1347 5807 Philipp.
1377 5758 1434 5806 tt,
1472 5741 1557 5795 10.

671 5810 783 5878 (ti)
818 5808 976 5862 Louf.
1006 5823 1058 5876 p.
1089 5810 1176 5872 63,
1206 5826 1259 5864 ιι.
1294 5811 1381 5864 63.
