4042 6420
641 432 773 495 1099

2051 416 2426 479 ADDENDA.

3744 424 3854 491 110)

627 551 886 597 venenato
912 541 1075 596 vermi
1105 541 1435 597 addicentur.
1467 541 1587 598 "me
1616 542 1828 599 illorum
1860 543 2030 613 portio
2058 544 2181 611 erit,

2297 529 2788 604 ταδικασθήσονται
2819 535 2898 598 είς
2923 533 2983 587 τὸ
3005 533 3118 606 πῦρ
3147 537 3246 607 τῆς
3275 536 3499 606 γεέννης
3528 536 3591 588 τὸ
3619 536 3852 593 ἄσειστον

625 635 738 687 haec
762 633 1045 688 hmreditas
1073 650 1086 686 :
1119 633 1170 686 in
1200 634 1279 688 his
1309 649 1402 702 per
1437 635 1755 703 sempiterna
1783 636 1980 689 saecula
2006 649 2186 690 versa-

625 723 842 786 buntur,
874 723 1134 776 scelerum
1165 737 1348 790 ptenas
1375 722 1584 787 dantes,
1618 732 1893 791 propterea
1916 723 2056 792 quod
2087 725 2182 776 bo-

623 813 706 866 nis
736 813 799 866 iis
829 828 946 881 quae
989 815 1038 865 in
1071 813 1444 880 pollicitatione
1475 814 1742 867 recondita
1771 823 1943 879 erant,
1975 824 2188 880 propter

623 906 836 957 brevem
867 905 1190 971 voluptatem
1237 905 1527 972 repudiatis
1554 913 1606 959 ct
1646 905 1884 976 abjectis,
1929 915 2186 960 aeternum

621 994 721 1046 sibi
754 995 884 1061 ipsis
933 995 1249 1062 supplicium
1289 995 1695 1048 accersiverunt.
1752 997 1854 1049 Pro
1896 996 1977 1050 his
2007 996 2184 1064 igitur,

625 1083 724 1136 hoc
754 1093 855 1146 est,
889 1091 944 1136 ut
973 1094 1025 1136 et
1055 1085 1300 1151 gaudium
1335 1085 1463 1138 illud
1495 1086 1637 1138 omni
1666 1100 1911 1138 sermone
1935 1095 2186 1153 pra-stan-

624 1174 726 1226 tius
751 1188 1165 1242 consequamur,
1196 1185 1250 1228 et
1277 1189 1469 1228 arcana
1502 1176 1589 1228 illa
1618 1176 1781 1244 gloria
1809 1181 2064 1241 lruamur,
2087 1192 2185 1230 an-

621 1265 871 1333 gelo5que
897 1265 1183 1333 splendore
1210 1265 1569 1334 aquuemus,
1593 1280 1653 1318 ac
1667 1266 1803 1318 bono
1816 1266 2187 1322 etdulcissituo

624 1354 848 1407 Domino
878 1354 1059 1407 ﬁdenti
1089 1355 1264 1408 animo
1280 1366 1532 1417 astemus,
1556 1365 1714 1422 atque
1741 1355 2104 1410 atrocissimas
2131 1365 2187 1412 et

2299 625 2394 678 καὶ
2436 626 2677 695 ἀφεγγὲς
2723 625 2859 698 (22),
2911 629 2992 691 εἰς
3037 628 3098 680 τὸ
3129 628 3319 691 σκότος
3358 627 3422 680 τὸ
3463 627 3748 697 ἐξώτερον,
3777 634 3851 684 τὸν

2303 718 2548 789 βρυγμὸν
2575 720 2685 773 τῶν
2713 720 2942 774 ὀδόντων
2973 721 3069 774 καὶ
3100 720 3356 792 σκώληκα
3387 722 3478 775 τὸν
3512 723 3712 775 ἰοϐόλον
3736 725 3850 797 (23).

2300 809 2448 880 Αὕτη
2478 811 2512 880 ὴ
2541 811 2698 881 μερὶς
2733 812 2932 875 αὑτῶν,
2959 806 3114 874 οὗτος
3135 813 3164 866 ό
3190 812 3412 883 κληρὸς,
3451 809 3644 880 οἷςῖεξς
3680 816 3853 878 αἰῶνας

2302 901 2617 955 συνείσονται
2665 905 2793 966 τοὺς
2834 903 3227 974 ἀτελευτήτους
3277 905 3711 975 τιμωρούμενοι,
3756 907 3852 958 ἀνθ’

2297 988 2395 1057 ὧν,
2449 992 2520 1046 τά
2558 995 2616 1046 ὲν
2665 995 3021 1062 ἐπαγγελίαις
3079 995 3260 1062 ἀγαθά
3312 998 3735 1066 παρωσάμενοι.
3782 999 3853 1050 διὰ

2299 1085 2632 1155 πρόσκαιρον
2671 1085 2945 1156 ἁμαρτίας
2989 1086 3182 1156 ἡδονὴν
3210 1087 3436 1140 κόλασιν
3471 1087 3690 1139 αἰώνιον
3713 1086 3853 1150 ἐξελέ-

2301 1178 2479 1243 ξαντο.
2536 1178 2708 1249 ’Υπὲρ
2764 1176 2829 1247 δὴ
2881 1176 3130 1241 τούτων,
3182 1176 3324 1230 ὥστε
3362 1177 3465 1246 τῆς
3506 1178 3740 1247 ἀρρήτου
3773 1181 3852 1247 μὲν

2298 1270 2474 1339 χαρᾶς
2507 1268 2724 1337 ἐκείνης
2756 1269 3034 1336 ἐπιτυχεῖν
3080 1267 3176 1320 καὶ
3223 1271 3324 1337 τῆς
3371 1268 3691 1338 ἀπορρήτου
3721 1270 3852 1339 δόῇς

2297 1358 2617 1424 ἀπολαύειν,
2669 1362 2782 1421 τοῖς
2827 1359 3079 1426 ἀγγέλοις
3134 1359 3190 1411 δὲ
3235 1359 3623 1430 ἀντιλάμπειν,
3670 1361 3754 1413 καὶ
3789 1364 3852 1431 τῷ

622 1458 890 1512 nunquam
920 1445 1176 1498 ﬁniendas
1205 1459 1405 1512 poenas,
1435 1454 1488 1498 et
1510 1446 1903 1498 acerbissimam
1938 1446 2079 1499 illam
2103 1447 2186 1500 in-

621 1533 836 1590 famiam
884 1537 1214 1605 eﬁ'ugiamus,
1299 1552 1436 1604 quas
1509 1552 1616 1592 non
1689 1539 1986 1608 pecunias,
2066 1555 2184 1608 quae

618 1645 724 1684 non
749 1644 989 1697 corpora,
1021 1629 1124 1682 imo
1146 1629 1305 1680 etiam
1333 1631 1472 1696 ipsas
1505 1629 1708 1680 animas
1737 1628 2057 1695 profundere
2089 1645 2183 1696 par

618 1719 801 1773 fuerit?
813 1718 1055 1783 Quistam
1073 1718 1245 1785 ignavi
1267 1718 1427 1770 animi
1442 1726 1545 1781 est,
1564 1720 1683 1785 quis
1699 1726 1804 1770 tam
1825 1733 2035 1785 excors,
2055 1720 2181 1788 quin

2298 1727 2439 1778 πόσα
2492 1725 2592 1778 οὑκ
2628 1726 2776 1790 ἄξιον
2825 1725 3090 1792 προέσθαι
3142 1727 3240 1779 καὶ
3284 1730 3546 1798 χρήματα
3598 1728 3746 1798 232
3773 1732 3851 1781 καὶ

615 1818 896 1864 sexcentas
925 1809 1273 1875 temporarias
1304 1817 1502 1860 mortes
1531 1808 1713 1862 subire
1760 1809 1812 1862 in
1841 1809 2073 1863 animum
2102 1811 2181 1866 in-

2301 1818 2547 1889 σώματα,
2581 1816 2779 1888 μᾶλλον
2813 1817 2870 1870 δὲ
2902 1818 2996 1872 καὶ
3027 1819 3198 1882 αὑτὰς
3220 1819 3320 1881 τάς
3345 1819 3560 1888 ψυχάς;
3593 1820 3683 1881 Τίς
3704 1821 3849 1883 οὕτως

614 1901 801 1968 ducat,
831 1909 888 1954 ut
914 1915 944 1954 a
974 1900 1292 1967 sempiterna
1322 1910 1373 1953 et
1406 1900 1526 1953 ﬁnis
1555 1902 1729 1954 omnis
1759 1912 1981 1968 experte
2009 1913 2179 1959 morte

2296 1884 2558 1980 ἀγεννὴς,
2582 1884 2692 1972 ⁷’τίς
2737 1908 2912 1972 οὕτως
2941 1907 3231 1972 ἀσύνετος,
3264 1884 3456 1979 ὡς
3485 1884 3709 1979 μυρίους
3739 1911 3848 1963 ὑπο-

615 1991 888 2050 liberetur,
919 1989 1234 2058 beatamque
1263 1999 1315 2042 et
1357 1990 1423 2043 ab
1471 1990 1617 2044 omni
1665 1990 1879 2044 interitu
1921 2003 2177 2047 remotam

2297 2002 2488 2071 στῆναι
2517 2000 2889 2071 προσκαίρους
2913 1999 3196 2064 θανάτους,
3229 2000 3314 2053 ἵνα
3339 2000 3434 2053 τοῦ
3463 2002 3680 2053 αἰωνίου
3709 2003 3849 2054 ἀπαλ-

612 2080 771 2132 vitam
801 2079 1135 2132 hzereditario
1165 2079 1463 2147 possideat,
1503 2094 1565 2131 ac
1611 2089 1809 2134 sanctae
1846 2089 1902 2135 et
1929 2083 2050 2137 vitae
2078 2083 2178 2138 ini-

2295 2094 2430 2165 λαγῇ
2466 2095 2562 2148 καὶ
2609 2093 2963 2164 ἀτελευτήτου
3007 2093 3262 2155 θανάτου,
3291 2094 3391 2164 τὴν
3421 2093 3571 2166 ζωὴν
3595 2096 3650 2149 δὲ
3677 2097 3847 2168 κληροο

613 2169 743 2224 tium
756 2168 1041 2245 “aii‘erentis
1073 2170 1346 2225 Trinitatis
1373 2171 1568 2227 lumine
1592 2173 1971 2228 collustreturi

2295 2189 2507 2259 νομήσῃ
2528 2187 2627 2258 τὴν
2655 2186 2931 2257 μακαρίαν
2955 2203 3012 2238 τε
3037 2187 3135 2239 καὶ
3161 2186 3492 2258 ἀνώλεθρον,
3519 2187 3617 2241 καὶ
3637 2189 3710 2258 τῷ
3733 2190 3849 2256 φωτὶ

2293 2277 2650 2349 περιλαμφθῇ
2704 2277 2806 2347 τῆς
2860 2278 3141 2348 μακαρίας
3203 2278 3297 2332 καὶ
3347 2279 3666 2350 ζωαρχικῆς
3715 2280 3849 2350 Τριό-

2291 2370 2379 2432 δος
2416 2369 2528 2437 (24)
2552 2385 2566 2434 ;

2365 2461 2536 2514 ΚΕΨ.
2579 2461 2706 2515 KA'.
2755 2462 2975 2516 Τούτων
3015 2461 3260 2524 ἀκούσας
3286 2463 3314 2515 ό
3347 2460 3612 2532 βασιλεὺς
3642 2462 3742 2514 τῶν
3767 2465 3845 2532 pr,-

2297 2552 2502 2622 μάτων,
2543 2553 2638 2605 καὶ
2673 2553 2735 2606 τὸ
2779 2554 3100 2624 στερέμνιον
3140 2553 3235 2604 καὶ
3279 2554 3570 2606 ἀνένδοτον
3623 2552 3737 2604 ίδὼν
3769 2553 3844 2604 τοῦ

2294 2644 2486 2706 παιδὸς
2537 2645 2677 2714 μήτε
2729 2643 3048 2708 κολακείαις
3091 2645 3335 2708 εἴκοντος
3369 2645 3486 2714 (‘25)
3521 2646 3659 2714 μήτε
3702 2645 3846 2712 λόγων

2293 2737 2506 2800 πειθοῖ,
2543 2735 2616 2807 μὴ
2657 2737 2943 2807 τιμωριῶν
2991 2736 3278 2802 ἀπειλαῖς,
3323 2737 3608 2807 ἐθαύμαζε
3653 2737 3742 2806 μὲν
3772 2737 3846 2787 ἐπὶ

2290 2831 2357 2899 τῇ
2381 2828 2697 2897 πιθανότητι
2725 2828 2820 2879 τοῦ
2854 2825 3012 2892 λόγου
3032 2828 3126 2880 καὶ
3153 2829 3276 2889 ταῖς
3295 2827 3708 2898 ἀναντιρῤήτοις
3733 2827 3846 2878 ἀπο-

2291 2919 2562 2990 κρίσεσιν,
2612 2917 2877 2988 ἠλέγχετο
2920 2917 2978 2969 δὲ
3029 2917 3134 2970 ὑπὸ
3179 2918 3274 2970 τοῦ
3320 2918 3648 2979 συνειδότος,
3698 2915 3846 2985 ἀληθῆ

2296 1452 2482 1522 ἀγαθῷ
2505 1450 2598 1503 καὶ
2626 1450 2945 1520 γλυκυτάτῳ
2969 1452 3211 1524 Δεσπότῃ
3246 1452 3383 1522 μετά
3406 1453 3716 1523 παρρησίας
3730 1471 3851 1524 παρα

2301 1542 2552 1596 ίστασθαι
2578 1584 2593 1608 ,
2649 1540 2748 1604 τὰς
2778 1542 3108 1612 πικροτάτας
3141 1542 3196 1594 δὲ
3231 1543 3506 1612 τιμωρίας
3539 1544 3631 1596 καὶ
3662 1544 3853 1596 ἀτελευ-

2297 1637 2494 1704 τήτους
2523 1633 2619 1687 καὶ
2646 1632 2744 1703 τὴν
2769 1632 3036 1701 ὀδυνηρὰν
3066 1633 3282 1704 ὲκείνην
3307 1637 3573 1704 ἐκφυγεῖν
3597 1635 3849 1704 αἰσχύνην,

687 2471 818 2527 CAP.
860 2471 1049 2528 XXVI.
1090 2475 1303 2529 ——H:ec
1325 2476 1481 2530 verba
1521 2491 1640 2532 cum
1675 2492 1764 2531 rex
1806 2476 2080 2538 audiisset,
2130 2475 2182 2526 ﬁ-

621 2562 784 2631 liique
837 2565 1140 2618 ﬁrmitatem
1209 2576 1366 2634 atque
1415 2569 1766 2620 constantiam
1803 2567 2178 2634 perspexisset,

618 2666 716 2705 nec
745 2653 1038 2718 blanditiis,
1067 2669 1164 2708 nec
1193 2669 1497 2709 sermonum
1521 2656 1803 2719 lenocinio,
1830 2672 1926 2709 nec
1951 2654 2183 2716 denique

613 2742 994 2810 suppliciorum
1024 2744 1182 2796 minis
1213 2744 1470 2808 cedentis,
1506 2746 1760 2798 orationis
1799 2745 2008 2812 quidem
2042 2744 2180 2796 illius

616 2832 1065 2899 probabilitatem,
1097 2847 1156 2886 ac
1177 2850 1432 2902 responsa
1459 2851 1576 2903 quae
1608 2836 1777 2890 refelli
1811 2851 1910 2888 non
1940 2845 2177 2902 possent,

613 2921 992 2982 admirabatur,
1017 2932 1174 2988 atque
1203 2925 1361 2975 etiam
1389 2937 1418 2974 a
1447 2925 1655 2992 propria
1684 2924 2029 2989 conscientia,
2062 2938 2179 2990 qum

614 3010 784 3076 ipsum
807 3025 931 3063 vera
951 3019 1005 3064 et
1029 3011 1167 3079 justa
1206 3013 1383 3066 dicere
1411 3013 1830 3078 demonstrabat,
1858 3012 2180 3082 coargueba-

2295 3009 2467 3078 λέγειν
2507 3009 2670 3062 αὑτὸν
2705 3010 2795 3061 καὶ
2825 3009 3010 3062 δίκαια
3059 3009 3508 3073 ὑποδεικνύοντος
3532 3025 3547 3040 ⁸
3602 3008 3712 3061 ἀλλ’
3741 3009 3846 3060 ἀνθ·

607 3121 924 3177 tur;verum
956 3127 984 3162 a
1020 3124 1177 3175 prava
1199 3095 1586 3163 consuetudine
1616 3117 1772 3173 atque
1814 3122 1838 3153 a
1875 3103 2077 3156 vitiosis
2097 3101 2175 3151 at—

2295 3101 2508 3154 είλκετο
2559 3101 2664 3154 ὑπὸ
2695 3100 2796 3169 τῆς
2847 3101 3094 3171 πονηρᾶς
3147 3100 3440 3170 συνηθείας
3494 3099 3592 3152 καὶ
3661 3098 3757 3151 τῶν
3799 3099 3846 3150 ἑν

609 3198 949 3263 fectionihus,
989 3213 1213 3265 quarum
1270 3198 1504 3251 habitum
1557 3205 1914 3260 contraxerat,
1964 3203 2018 3247 et
2065 3207 2181 3260 qua:

2295 3193 2401 3258 ἕξει
2438 3191 2847 3262 βεϐαιωθέντων
2895 3193 2954 3245 ὲν
2999 3192 3148 3261 αὑτῷ
3201 3192 3409 3255 παθῶν,
3445 3192 3538 3259 ὑφ’
3585 3187 3659 3244 ῶν
3685 3191 3752 3252 ώς
3796 3191 3844 3241 ὲν

2293 3283 2456 3354 κημῷ
2497 3284 2776 3353 κατείχετο
2808 3282 2902 3335 καὶ
2927 3282 3130 3352 χαλινῷ
3159 3283 3291 3352 (26),
3335 3284 3412 3352 τῷ
3448 3283 3590 3351 φωτὶ
3624 3283 3696 3352 μὴ
3730 3298 3840 3348 συγ-

2291 3376 2638 3447 χωρούμενος
2680 3374 3023 3446 προσϐλέψαι
3059 3374 3161 3444 τῆς
3189 3374 3474 3445 ἀληθείας.
3507 3374 3670 3426 Ὅθεν
3696 3374 3844 3425 πάντα

2291 3466 2459 3532 λίθον,
2510 3465 2572 3518 τὸ
2613 3464 2708 3517 τοῦ
2753 3465 2945 3533 λόγου,
2981 3464 3148 3516 κινῶν
3180 3464 3316 3533 (27),
3365 3466 3548 3535 εἴχετο
3580 3463 3672 3517 τοῦ
3705 3463 3842 3516 πάλαι

2293 3557 2518 3622 σκοποῦ,
2545 3557 2644 3627 τὴν
2667 3555 3171 3627 προμελετηθεῖσαν
3194 3555 3343 3627 αὐτῷ
3367 3556 3508 3626 μετὰ
3541 3556 3636 3609 τοῦ
3671 3557 3841 3623 Ἀραχῆ

2294 3649 2491 3720 σκῆψιν
2524 3650 2603 3711 είς
2629 3648 2790 3719 ἔργον
2834 3649 3061 3718 ἀγαγεῖν
3093 3647 3437 3718 βουλόμενος.
3471 3648 3582 3701 Καί
3621 3663 3744 3717 φησι
3781 3645 3843 3716 τῷ

2291 3741 2481 3794 παιδί’
2524 3740 2673 3793 Ἔδει
2713 3740 2814 3810 μέν
2854 3757 2950 3803 σε,
2991 3735 3035 3792 ὦ
3077 3739 3290 3804 τέκνον,
3339 3742 3452 3802 τοῖς
3487 3741 3641 3809 ἐμοῖς
3686 3738 3841 3799 ἀτελῶς

2291 3831 2462 3883 εῐκειν
2507 3831 2565 3884 ὲν
2598 3832 2734 3884 πᾶσι
2775 3831 3239 3901 προστάγμασιν·
3289 3831 3405 3885 ἀλλ’
3452 3831 3600 3894 ἐπεὶ,
3640 3829 3840 3901 σκληρὸς

2291 3919 2368 3973 ὢν
2403 3921 2495 3974 καὶ
2532 3921 2782 3992 ἀπειθὴς,
2835 3921 3072 3992 ἰσχυρῶς
3104 3913 3580 3992 οὑτωξάντέστης
3617 3939 3721 3992 μοι,
3761 3921 3839 3989 τὴν

2294 4009 2428 4062 ίδίαν
2459 4009 2804 4078 ἐνιστάμενος
2837 4009 3063 4079 γνώμην
3091 4008 3428 4079 κυριωτέραν
3462 4010 3681 4064 πάντων
3712 4007 3840 4076 ποιὴο

2293 4100 2492 4154 σασθαι
2529 4141 2545 4165 ,
2581 4100 2742 4172 δεῦρο
2774 4100 2838 4171 δὴ
2859 4104 2924 4172 τῇ
2953 4101 3160 4169 ματαίᾳ
3193 4101 3444 4154 ὲνστάσει
3467 4101 3678 4171 χαίρειν
3701 4102 3839 4170 ἀμφω

2291 4191 2568 4256 εἰπόντες,
2628 4191 2810 4244 πειθοῖ
2859 4190 3332 4260 πολιτευσώμεθα.
3391 4191 3504 4245 Καὶ
3559 4193 3680 4247 ἐπεὶ
3726 4192 3752 4243 ό
3793 4189 3839 4240 σὲ

2292 4283 2582 4353 ἀπατήσας
2625 4282 2784 4352 233
2827 4283 3090 4354 Βαρλαάμ
3125 4283 3540 4354 σιδηροδέσμιος
3574 4285 3703 4354 παρ’
3737 4282 3838 4351 ἐμοὶ

608 3307 735 3346 eum
768 3290 913 3343 velut
960 3305 1113 3343 camo
1156 3298 1210 3343 et
1255 3288 1405 3342 freno
1453 3287 1753 3352 coercebat,
1801 3300 1902 3339 nec
1944 3285 2183 3338 veritatis

610 3381 788 3434 lumen
830 3379 1134 3447 perspicere
1184 3379 1414 3442 sinebat,
1470 3379 1520 3430 in
1554 3377 1820 3430 diversum
1853 3374 2180 3428 trahebatur.

611 3471 686 3524 Ac
717 3480 995 3539 propterea
1029 3470 1227 3523 nullum
1251 3486 1354 3522 non
1385 3469 1631 3536 lapidem,
1667 3475 1726 3520 ut
1754 3467 1856 3520 dici
1886 3467 2043 3531 solet,
2075 3481 2182 3518 mo-

611 3569 762 3623 vens,
807 3561 858 3612 in
914 3574 978 3612 eo
1013 3560 1153 3627 quod
1211 3560 1359 3626 prius
1398 3557 1497 3611 sibi
1548 3566 1894 3624 proposuerat
1923 3556 2177 3621 haerebat,

610 3651 890 3702 consilium
921 3651 1186 3713 nimirum,
1235 3648 1376 3716 quod
1431 3663 1548 3701 cum
1592 3648 1798 3700 Arache
1844 3653 2078 3715 ceperat,
2128 3647 2181 3700 in

607 3753 741 3805 Opus
775 3739 1064 3804 perducere
1088 3737 1327 3805 cupiens.
1363 3737 1539 3804 Itaque
1582 3738 1645 3789 ad
1677 3736 1837 3789 ﬁlium
1868 3737 1975 3790 ait:
2006 3736 2181 3803 Opor-

607 3827 751 3881 tebat
772 3827 1005 3895 quidem,
1040 3826 1133 3891 illi,
1163 3835 1214 3879 te
1246 3827 1377 3879 meis
1407 3826 1640 3894 imperiis
1669 3825 1916 3880 omnibus
1940 3825 1993 3878 in
2021 3826 2181 3879 rebus

611 3919 933 3986 simpliciter
955 3919 1197 3987 obsequi.
1231 3918 1486 3983 Quoniam
1507 3928 1682 3972 autem
1714 3933 1810 3986 pro
1857 3929 1943 3972 tua
1984 3906 2179 3972 duritia

609 4019 768 4079 atque
819 4010 1146 4063 contumacia
1209 4007 1336 4061 mihi
1384 4007 1454 4062 ita
1511 4008 1858 4062 vehementer
1900 4008 2175 4076 restitisti,

605 4103 710 4158 hoc
739 4117 902 4160 unum
931 4100 1277 4166 contendens,
1303 4109 1362 4154 ut
1387 4109 1474 4153 tua
1503 4102 1764 4155 sententia
1802 4100 2017 4169 majoris
2038 4102 2178 4171 apud

607 4207 680 4260 te,
701 4208 858 4264 quam
881 4193 1057 4246 omnia
1079 4192 1202 4258 alia,
1229 4191 1476 4260 ponderis
1491 4201 1646 4260 atque
1669 4193 1994 4247 auctoritatis
2008 4202 2174 4262 esset,

601 4298 716 4352 age,
767 4283 908 4338 inani
953 4283 1294 4337 contentione
1343 4282 1520 4336 valere
1557 4282 1724 4349 jussa,
1772 4281 2063 4336 rationibus
2108 4280 2178 4336 ad

610 4372 1034 4440 persuadendum
1056 4372 1196 4442 aptis
1247 4387 1484 4441 agamus.
1534 4373 1610 4426 Ac
1659 4373 1780 4438 quia
1832 4373 2095 4438 Barlaatn,
2142 4387 2176 4427 a

2295 4373 2580 4443 τυγχάνει,
2643 4374 3017 4445 ἐκκλησιάσας
3074 4375 3376 4445 ἐκκλησίαν
3435 4375 3710 4445 μεγάλην,
3762 4372 3839 4424 καί

599 4482 706 4533 quo
727 4465 824 4521 tibi
856 4466 1005 4520 fucus
1028 4466 1197 4521 factus
1227 4476 1329 4532 est,
1380 4468 1588 4521 vinctus
1613 4482 1643 4521 a
1681 4482 1765 4520 me
1792 4477 2023 4533 tenetur,
2055 4484 2167 4522 am-

2295 4464 2503 4526 πάντας
2549 4463 2857 4532 ἡμετέρους
2901 4480 2961 4516 τε
3013 4463 3108 4516 καὶ
3156 4463 3473 4526 Γαλιλαίους
3497 4464 3588 4516 ἐπὶ
3636 4463 3693 4515 τὸ
3731 4460 3839 4514 αὐτὸ

600 4556 840 4624 piissimo
879 4566 1019 4610 cestu
1061 4558 1274 4619 habito,
1321 4565 1479 4625 atque
1521 4557 1771 4611 omnibus
1813 4566 1920 4611 tum
1974 4559 2170 4613 nostris

2295 4553 2673 4622 συγκαλέσας,
2723 4554 2972 4624 κήρυκάς
3004 4570 3064 4605 τε
3104 4553 3397 4624 διαρρήδην
3425 4553 3555 4624 βοᾷν
3601 4551 3839 4611 θεσπίσας

600 4657 710 4700 tum
741 4647 971 4703 Galilais
990 4649 1047 4702 in
1077 4664 1237 4702 unum
1264 4651 1461 4702 coactis
1491 4649 1928 4721 praeconibusque
1954 4651 2170 4708 disertis

2295 4643 2387 4696 τοῢ
2424 4643 2630 4713 μηδένα
2657 4643 2764 4696 τῶν
2792 4642 3133 4714 Χριστιανῶν
3158 4642 3477 4709 δεδοικέναι,
3505 4643 3619 4696 ἀλλ’
3647 4641 3836 4708 ἀφόεως

603 4737 780 4790 verbis
827 4737 1036 4792 edicere
1074 4737 1258 4806 jussis,
1304 4751 1371 4792 ne
1415 4741 1693 4809 quisquam
1747 4741 2169 4797 Christianorum

2295 4735 2504 4796 πάντας
2543 4732 2928 4797 συνεισελθεῖν,
2967 4735 3120 4804 κοινῇ
3172 4732 3599 4803 διασκεψώμεθα
3648 4731 3834 4801 γνώμῃ.

603 4827 762 4880 ullius
796 4827 1015 4895 periculi
1063 4841 1210 4881 metu
1251 4828 1534 4893 afﬁciatur,
1587 4845 1775 4884 verum
1811 4847 1996 4887 omnes
2025 4832 2168 4888 omni

2295 4825 2403 4881 Kal.
2424 4824 2481 4895 ἢ,
2509 4824 2816 4886 πείσαντες,
2844 4824 3004 4894 ὑμεῖς
3021 4825 3158 4893 μετά
3185 4824 3281 4878 τοῦ
3313 4825 3582 4897 ὑμετέρου
3604 4823 3836 4895 Βαρλαὰμ

602 4926 744 4968 metu
790 4915 942 4969 vacui
999 4931 1090 4982 per
1135 4917 1378 4970 sodalitia
1424 4927 1478 4971 et
1528 4919 1865 4987 cognationes
1919 4921 1974 4975 in
2003 4936 2166 4975 unum

2295 4913 2551 4979 τεύξεσθε
2591 4907 2666 4967 ὧν
2692 4914 3065 4968 ἐσπουδάκατε
3085 4929 3098 4944 ⁸
3131 4914 3189 4985 ἢ,
3221 4917 3556 4982 πεισθέντες,
3588 4917 3682 4969 σὺν
3701 4913 3834 4967 ἐκού-

595 5013 808 5068 coeant,
831 5007 1098 5060 communi
1144 5009 1368 5060 consilio
1390 5024 1500 5062 rem
1543 5009 1964 5066 consideremus.
1995 5015 2170 5079 Atque

2295 5007 2387 5078 σία
2415 5008 2481 5077 τῇ
2508 5005 2700 5080 γνώμῃ
2715 5007 2828 5071 τοῖς
2854 5005 3240 5081 προστάγμασί
3264 5025 3368 5078 μου
3389 5008 3634 5063 ὑπείκειν
3659 5005 3834 5078 προθυ-

595 5104 691 5149 aut
719 5110 814 5150 vos
844 5106 899 5150 et
926 5106 1100 5151 vester
1139 5097 1399 5164 Barlaam,
1429 5099 1584 5152 nobis
1623 5101 1685 5155 .in
1731 5104 2048 5156 sententiam
2080 5117 2170 5157 ve-
2294 5097 2578 5169 μηθείητε.

609 5187 780 5231 stram
808 5181 1078 5245 adductis,
1104 5198 1166 5234 ea
1199 5199 1320 5250 qua:
1350 5183 1552 5249 optatis
1577 5182 2014 5252 consequimini;
2040 5195 2133 5241 aut
2161 5196 2486 5257 contra_vos
2527 5192 2582 5242 in
2609 5192 2939 5250 sententiam
2975 5203 3224 5252 nostram
3249 5197 3499 5263 adducti,
3525 5198 3698 5268 jussis
3721 5195 3833 5249 meis
3907 5249 3913 5256 ,

609 5283 810 5342 sponte
843 5288 907 5329 ac
935 5285 1190 5347 prompto
1222 5278 1409 5333 animo
1442 5279 1733 5351 parebitis.

675 5399 788 5478 (se)
818 5401 970 5478 ρους.
1005 5420 1058 5474 p.
1092 5405 1217 5478 an,
1250 5425 1302 5464 η.
1337 5409 1426 5478 66,

671 5471 786 5541 (23)
817 5471 971 5526 Conf.
1006 5471 1057 5541 'p.
1092 5476 1181 5530 66.

671 5540 785 5610 (24)
817 5541 970 5596 Conf.
1005 5540 1056 5608 ρ.
1089 5545 1157 5600 60
1186 5558 1327 5602 extr.

669 5609 785 5680 (25)
819 5610 925 5680 At),
955 5615 1190 5668 εἴκοντα.
1215 5615 1370 5672 Fors.
1401 5629 1450 5673 et
1481 5614 1646 5676 εῐκον.

671 5679 786 5749 (26)
817 5679 900 5735 Cf.
936 5681 1078 5736 Psal.
1116 5701 1264 5748 xxxu,
1296 5687 1348 5741 9.

669 5749 784 5871 (27)
819 5750 890 5803 De
923 5753 1340 5833 hoe-proverbio
1370 5756 1489 5810 vide
1521 5775 1571 5827 p.
1606 5760 1660 5824 9,
1697 5778 1747 5815 n.
1780 5763 1869 5818 28.
1903 5764 2139 5823 Joannes
2168 5783 2181 5822 Α

597 5820 666 5874 lx
690 5838 842 5889 νησε,
870 5822 931 5878 τὸ
961 5841 1052 5876 του
1085 5821 1266 5885 λόγου.
1293 5826 1390 5889 τὴν
1421 5829 1741 5896 ὲξαφθεῖσαν
1766 5834 1948 5890 πίστιν
1979 5841 2181 5894 κατασε

2295 5772 2417 5827 och.
2454 5772 2505 5828 in
2541 5773 2968 5856 M~onum.Cotel.
3006 5791 3042 5836 t.
3078 5781 3116 5849 Ι,
3151 5799 3274 5857 pag.
3310 5787 3411 5846 160
3444 5809 3457 5846 :
3491 5793 3666 5847 Πάντα
3696 5794 3817 5848 λίθον

2297 5861 2309 5896 ι
2335 5843 2670 5906 φιλονεικων.
