4042 6440
290 429 420 499 1101

352 552 419 605 '0
445 551 503 605 δέ
545 550 807 623 φρόνιμος
835 550 915 621 τῷ
958 552 1072 604 ὄντι
1107 549 1204 603 καὶ
1234 550 1483 621 ἐχέφρων
1508 547 1746 611 νεανίας,
1772 543 1861 600 διὰ
1892 549 1936 605 Α

273 643 370 699 τοῦ
403 643 590 698 θεόθεν
628 643 779 715 αὑτῷ
820 642 931 715 (28)
978 641 1408 714 ἐμφανισθέντος
1449 642 1721 713 ὁράματος
1754 639 1853 709 τὴν

275 734 373 789 τοῦ
400 734 678 800 ,βασιλέως
722 734 1207 805 προδεδιδαγμένος
1252 733 1575 804 σκαιωρὶαν,
1608 731 1715 801 ἔφη
1735 748 1749 761 ·
1782 731 1855 784 Τὸ

271 826 487 897 θέλημα
519 826 616 881 τοῦ
654 827 861 897 Κυρίου
884 826 1149 895 γενέσθω,
1180 827 1274 880 καὶ
1305 826 1449 879 ἔστω
1497 822 1685 887 καθὼς
1734 823 1855 876 ἐκέ-

269 919 496 984 λευσας’
524 921 686 983 αὐτὸς
714 920 822 993 γὰρ
851 923 878 973 ὁ
903 919 1107 988 ἀγαθὸς
1136 920 1270 982 Θεὸς
1302 919 1398 972 κα).
1441 917 1553 988 (29)
1585 916 1854 987 δεσπότης

269 1011 381 1082 δῴη
430 1012 533 1081 τῆς
576 1012 793 1075 εὐθείας
843 1012 917 1083 μὴ
964 1011 1304 1082 πλανηθῆναι
1350 1010 1533 1080 ἡμᾶς’
1586 1008 1674 1062 ἐπ’
1707 1006 1856 1077 αὐτῷ

270 1101 379 1172 γάρ
412 1100 721 1174 πέποιθενή
745 1102 893 1175 ψυχή
918 1120 1040 1173 μου,
1069 1103 1166 1156 καὶ
1195 1101 1356 1163 αὐτὸς
1385 1100 1597 1170 ἐλεήσει
1623 1116 1689 1169 με
1717 1097 1852 1169 (50).

270 1193 408 1245 Τότε
433 1193 498 1263 δὴ
532 1193 654 1246 τότε
686 1194 901 1248 κελεύει
922 1197 950 1248 ό
985 1194 1241 1265 βασιλεὺς
1265 1194 1475 1255 πάντας
1506 1191 1855 1263 ἁθροίζεσθαι

271 1281 675 1354 είδωλολάτρας
708 1301 767 1337 τε
801 1283 896 1338 καὶ
940 1286 1322 1355 Χριστιανοὺς,
1368 1284 1712 1355 γραμμάτων
1757 1282 1858 1352 μὲν

270 1374 552 1446 πανταχοῦ
583 1376 1081 1446 διαπεφοιτηκότων
1100 1417 1115 1441 ,
1141 1375 1398 1447 κηρύκων
1438 1391 1497 1427 τε
1526 1374 1631 1428 ἀνὰ
1677 1373 1858 1436 πάσας

271 1462 375 1525 τὰς
418 1465 761 1534 κωμοπόλεις
797 1463 1046 1535 βοώντων
1077 1464 1170 1517 τοῦ
1208 1464 1413 1535 μηδένα
1443 1462 1553 1516 τῶν
1593 1463 1859 1533 Χριστια-

272 1553 386 1608 νῶν
437 1556 731 1610 δεδοικέναι
776 1555 917 1609 ὥστε
970 1556 1232 1629 ἀδόκητόν
1282 1574 1336 1609 τι
1382 1554 1716 1625 ὑποστῆναι,
1741 1554 1856 1608 ἀλλ’

272 1646 451 1711 ἀδεῶς
488 1646 697 1709 πάντας
732 1647 854 1700 καθ’
894 1647 1172 1719 ἑταιρείαν
1206 1646 1299 1699 κα)⁵
1326 1645 1645 1714 συγγένειαν
1676 1644 1768 1697 ἐπὶ
1794 1644 1858 1697 τὸ

272 1738 412 1792 αὐτὸ
439 1739 713 1792 συνελθεῖν
737 1739 830 1792 ἐπὶ
858 1738 1145 1811 φιλαλήθει
1174 1738 1284 1811 (Si)
1311 1739 1406 1792 καὶ
1436 1739 1499 1791 ού
1526 1736 1858 1809 βεϐιασμένη

272 1829 602 1900 συζητήσει,
649 1830 787 1900 μετὰ
818 1830 911 1884 τοῦ
939 1829 1171 1902 ἐξάρχου
1219 1831 1314 1884 καὶ
1340 1829 1716 1900 καθηγεμόνος
1755 1829 1857 1881 αύ-

1391 437 1568 498 ΥΙΤΑ
1607 431 1965 494 BARLAAM
2002 432 2098 493 ET
2135 433 2485 495 JOASAPH.

3401 452 3534 515 1102

2060 555 2297 613 Prudens
2334 568 2508 615 autem
2536 574 2717 616 revera
2751 572 2801 618 et
2837 564 3089 621 cordatus
3111 565 3322 634 juvenis
3353 582 3449 639 per
3469 570 3553 623 vi-

1982 659 2099 701 sum
2124 649 2265 717 quod
2289 650 2540 705 divinitus
2571 651 2671 719 ipsi
2692 655 3004 725 contigerat,
3038 658 3179 727 regis
3203 658 3431 714 versutia
3460 674 3553 714 co-

1979 741 2147 808 gnita,
2176 742 2290 795 ait:
2339 743 2546 797 Domini
2578 746 2822 801 voluntas
2865 746 2974 817 fiat,
3003 749 3177 817 sitque
3202 751 3549 819 quemadmo-

1978 830 2103 885 dum
2127 829 2358 900 iussisti.
2393 835 2509 902 Ipse
2534 845 2712 891 autem
2752 837 2922 893 bonus
2954 839 3091 894 Deus
3120 855 3183 896 ac
3202 841 3413 899 divinus
3448 842 3551 899 hoc

1979 919 2131 975 nobis
2158 922 2436 988 concedat,
2466 938 2535 979 ne
2570 939 2600 979 a
2630 936 2774 980 recta
2803 926 2884 981 via
2930 928 3269 998 aberremus;
3313 948 3436 988 nam
3492 934 3546 989 in

1978 1007 2096 1077 ipso
2134 1010 2354 1067 coizfidit
2398 1014 2573 1068 anima
2622 1030 2763 1080 mea,
2794 1024 2847 1070 et
2876 1017 2991 1086 ipse
3033 1021 3137 1074 mei
3187 1023 3549 1078 miserebitur.

1980 1100 2128 1157 Tunc
2150 1100 2308 1172 igitur
2333 1119 2453 1170 rex,
2486 1120 2672 1161 omnes
2697 1117 2804 1161 tam
2834 1108 3094 1164 idolorum
3123 1113 3354 1168 cultores
3388 1130 3547 1183 quam

1977 1194 2305 1250 Christianos
2328 1197 2377 1250 in
2408 1212 2567 1251 unum
2599 1200 3055 1269 eonvenirijubet,
3080 1204 3270 1258 litteris
3294 1206 3547 1261 nimirum

1975 1300 2395 1354 quaquaversum
2411 1290 2605 1354 missis,
2627 1304 2688 1343 ac
2704 1292 3033 1357 przeconibus
3050 1293 3136 1360 qui
3158 1308 3249 1360 per
3271 1295 3448 1348 omnia
3465 1311 3549 1363 op-

1975 1375 2097 1442 pida
2126 1377 2544 1445 proclamarent,
2576 1395 2642 1434 ne
2672 1382 2788 1449 quis
2812 1380 3260 1447 Christianorum,
3294 1394 3545 1451 tanquam

1978 1463 2234 1532 inopinati
2249 1466 2443 1533 aliquid
2465 1482 2837 1537 perpessurus,
2859 1471 2911 1524 in
2927 1481 3068 1525 metu
3089 1481 3422 1539 versaretur;
3449 1491 3545 1529 ve-

1977 1568 2094 1609 rum
2142 1572 2325 1612 omnes
2371 1574 2465 1627 per
2510 1560 2757 1614 sodalitia
2806 1569 2860 1614 et
2896 1562 3239 1630 cognationes
3283 1562 3335 1616 iu
3382 1578 3543 1617 unum

1976 1646 2196 1715 coirent,
2249 1652 2388 1720 quod
2443 1652 2682 1707 veritatis
2727 1654 2988 1716 studiosa,
3040 1670 3104 1709 ac
3147 1670 3251 1710 non
3281 1667 3463 1712 coacta
3493 1668 3548 1713 et

1973 1735 2203 1791 violenta
2228 1739 2495 1809 inquisitio
2525 1756 2625 1796 una
2648 1756 2767 1795 cum
2799 1756 2983 1795 eorum
3023 1743 3158 1798 duce
3199 1751 3358 1813 atque
3397 1755 3547 1799 ante-

1972 1826 2197 1893 signano
2223 1829 2499 1885 Barlaamo
2528 1831 2698 1886 futura
2720 1840 2884 1886 esset.
2915 1831 3223 1901 Eodemque
3245 1832 3404 1888 modo
3430 1834 3544 1888 ἱιίι-

270 1915 387 1971 τῶν
418 1919 691 1994 μελλούσῃ
733 1920 986 1989 γενέσθαι
1030 1921 1320 1993 Βαρλαάμ.
1381 1919 1658 1983 Ὡσαύτως
1685 1919 1742 1972 δέ
1768 1918 1861 1971 καὶ

1974 1917 2144 1971 lorum
2168 1921 2328 1974 etiam
2360 1924 2589 1979 cultores
2622 1938 2685 1979 ac
2713 1923 3036 1988 sacerdotes,
3067 1922 3545 1995 Chaldaeorumque

270 2015 404 2076 τοὺς
440 2013 652 2082 μύστας
681 2013 775 2067 καὶ
802 2015 1104 2085 νεωκόρους
1129 2014 1238 2068 τῶν
1281 2013 1515 2067 εἰδώλων
1541 2013 1635 2065 καὶ
1666 2014 1864 2081 σοφοὺς

270 2104 385 2156 τῶν
437 2104 723 2159 Χαλδαίων
771 2106 869 2159 καὶ
915 2105 1111 2170 Ἰνδῶν,
1166 2107 1293 2170 τοὺς
1336 2107 1478 2159 κατὰ
1533 2107 1715 2158 πᾶσαν
1763 2105 1863 2175 τὴν

273 2194 369 2250 ὑπ’
392 2196 552 2249 αὐτὸν
575 2196 750 2269 ἀρχὴν
772 2197 952 2262 δντας,
978 2197 1401 2262 συνεκαλέσατο,
1420 2196 1584 2268 234
1602 2196 1863 2259 καίτινας

270 2288 675 2353 οἰωνοσκόπους
701 2290 797 2343 καὶ
821 2290 1025 2361 γόητας
1055 2290 1152 2344 καὶ
1187 2290 1431 2361 μάντεις,
1455 2291 1605 2354 ὅπως
1635 2289 1701 2343 ἂν
1735 2290 1863 2360 Χριο
1900 2349 1913 2360 _

273 2377 512 2431 στιανῶν
543 2377 943 2450 περιγένοιντο.

346 2469 461 2522 Καὶ
494 2468 559 2539 δὴ
598 2469 860 2541 συνῆλθον
899 2470 1035 2540 πρὸς
1081 2472 1174 2523 τὸν
1219 2469 1445 2541 βασιλέα
1489 2469 1692 2539 πλῆθος
1724 2469 1861 2523 πολὺ

270 2558 376 2628 τῆς
422 2561 677 2631 μυσαρᾶς
721 2560 890 2616 αὐτοῦ
940 2560 1265 2631 θρησκείαςο
1299 2560 1647 2633 Χριστιανῶν
1683 2561 1740 2615 δέ
1780 2556 1863 2623 εἷς

272 2649 474 2721 εὑρέθη
516 2651 676 2722 μόνος
718 2653 798 2715 είς
848 2651 1103 2722 βοήθειαν
1148 2651 1319 2705 ἐλθὼν
1358 2652 1453 2705 τοῦ
1500 2651 1859 2723 νομιζομένου

272 2741 562 2814 Βαρλαάμ,
607 2743 834 2813 ὀνόματι
882 2743 1164 2814 Βαραχίας
1196 2742 1331 2813 (52).
1375 2744 1439 2795 Οἱ
1487 2744 1585 2815 μὲν
1612 2743 1722 2814 γάρ
1751 2742 1861 2797 τῶν

272 2834 489 2889 πιστῶν
527 2835 781 2898 θανόντες
812 2830 954 2906 ἦσαν
990 2835 1097 2888 ὑπὸ
1120 2835 1221 2906 τῆς
1261 2834 1371 2888 τῶν
1398 2834 1542 2889 κατὰ
1576 2834 1731 2887 πόλιν
1759 2835 1859 2902 άρ-

273 2925 483 2995 χόντων
515 2926 714 2997 μανίας
751 2927 1234 2996 κατασφαγέντες·
1271 2927 1320 2979 οι
1355 2927 1411 2979 δέ
1441 2927 1499 2979 ἐν
1538 2926 1720 2998 ὄρεσιν
1747 2927 1859 2979 άπ-

270 3017 611 3089 εκρύπτοντο
640 3019 734 3073 καὶ
758 3018 1045 3089 σπηλαίοις
1071 3019 1149 3089 τῷ
1181 3018 1332 3089 φόϐῳ
1356 3018 1465 3072 τῶν
1496 3019 1861 3089 ἐπικειμένων

268 3108 487 3165 δεινῶν.
526 3110 711 3164 Ἀλλοι
741 3110 799 3163 δὲ
828 3110 1190 3163 ἐδεδοίκεισαν
1232 3111 1331 3180 τὴν
1362 3110 1595 3182 ἀπειλὴν
1620 3112 1713 3166 τοῦ
1760 3113 1859 3183 βα-

1970 2018 2026 2065 et
2058 2011 2304 2065 Indorum
2334 2015 2626 2082 sapientes,
2676 2015 2766 2083 qui
2815 2016 2866 2069 in
2896 2014 3149 2070 universo
3177 2014 3342 2084 ipsius
3368 2013 3540 2083 impe-

1968 2100 2048 2155 rio
2072 2112 2242 2168 erant,
2273 2104 2637 2175 quosdamque
2685 2108 2845 2159 etiam
2893 2120 3142 2175 augures,
3170 2114 3223 2159 et
3253 2106 3543 2177 praestigia-

1967 2198 2136 2254 tores,
2165 2207 2227 2247 ac
2256 2204 2406 2248 vates
2452 2196 2804 2265 convocavit,
2839 2203 2898 2249 ut
2926 2195 3181 2250 adversus
3208 2194 3541 2250 Christianos

1964 2282 2239 2338 victoriam
2264 2286 2582 2342 obtinerent.

2050 2500 2115 2554 Et
2141 2501 2353 2571 quidem
2383 2502 2571 2570 ingens
2598 2501 2662 2555 ad
2692 2515 2873 2569 regem
2899 2497 3240 2554 exsecranda“:
3269 2496 3436 2567 ipsius
3458 2511 3547 2549 re-

1979 2591 2190 2661 ligionis
2236 2592 2519 2646 multitudo
2563 2591 2862 2647 conﬂuxit:
2909 2588 3330 2643 Christianorum
3368 2595 3545 2643 autem

1978 2696 2113 2735 unus
2165 2690 2385 2748 tantum,
2419 2681 2704 2736 Barachias
2734 2683 2966 2745 nomine,
3024 2680 3269 2733 inventus
3306 2686 3407 2741 est,
3453 2678 3545 2747 qui

1981 2771 2253 2824 Barlaamo
2277 2771 2357 2841 (ut
2382 2771 2595 2841 quidem
2623 2771 3043 2834 existimabatur)
3064 2770 3331 2838 suppetias
3360 2769 3541 2823 ferret.

1976 2861 2106 2913 Nam
2138 2860 2207 2926 pii
2235 2862 2331 2915 viri
2363 2864 2552 2929 partim
2572 2847 2816 2917 extremo
2849 2862 2970 2915 vitae
2998 2862 3084 2914 die
3111 2861 3273 2915 functi
3308 2858 3542 2924 fuerant,

1972 2965 2001 3003 a
2059 2951 2269 3004 furiosis
2309 2952 2514 3005 scilicet
2575 2950 2779 3004 urbium
2833 2950 3147 3019 primoribus
3186 2950 3536 3015 obtruncati;

1977 3041 2166 3110 partim
2197 3041 2615 3109 impendentium
2645 3041 2999 3110 periculorum
3022 3053 3164 3096 metu
3196 3042 3247 3096 in
3276 3042 3545 3096 montibus

1975 3148 2038 3188 ac
2063 3133 2330 3202 speluncis
2358 3132 2772 3200 delitescebant;
2806 3135 2997 3203 partim
3020 3132 3248 3203 denique
3274 3135 3418 3203 regis
3447 3135 3547 3188 mi-

274 3201 493 3265 σιλέως,
527 3203 619 3256 καὶ
665 3202 767 3257 οὐκ
808 3200 1051 3271 ἐτόλμων
1089 3202 1315 3265 ἑαυτοὺς
1342 3204 1421 3265 είς
1452 3203 1569 3271 φῶς
1593 3204 1856 3273 ἀγαγεῖν

1974 3239 2070 3278 nas
2122 3224 2555 3292 pertimescentes
2581 3225 2634 3278 in
2666 3226 2836 3279 lucem
2869 3223 3080 3293 prodire
3116 3225 3335 3279 minime
3381 3224 3546 3278 aude-

272 3293 419 3347 ἁλλὰ
454 3294 761 3366 νυκτερινοὶ
798 3290 939 3365 ἦσαν
979 3293 1271 3359 θεοσεϐεῖς,
1303 3294 1361 3347 ἐν
1387 3293 1466 3365 τῷ
1494 3294 1741 3367 λεληθότι
1779 3298 1858 3369 τῷ

1974 3290 2313 3382 ὺοοι,νειίιιη
2329 3314 2567 3369 nocturni
2592 3314 2802 3382 pietatis
2823 3290 3051 3369 cultores
3073 3322 3245 3379 erant,
3265 3316 3316 3368 in
3333 3316 3545 3369 occulto

270 3385 498 3457 Χριστῷ
522 3384 880 3456 λατρεύοντες
906 3385 999 3438 καὶ
1031 3383 1298 3456 μηδαμῶς
1329 3384 1856 3458 παρρησιαζόμενοι.

285 3477 529 3539 Ἐκεῖνος
572 3475 629 3528 δὲ
658 3475 843 3545 μόνος,
885 3477 1137 3544 γενναῖος
1166 3473 1242 3529 ὣν
1270 3474 1372 3546 τὴν
1398 3475 1602 3547 ψυχὴν,
1631 3478 1712 3541 είς
1740 3494 1860 3532 συν-

270 3569 590 3640 αγωνισμδν
612 3565 744 3640 ἦλθε
768 3570 864 3639 τῆς
886 3568 1165 3639 ἀληθείας.

348 3662 694 3733 Προκαθίσας
728 3662 843 3731 (55)
899 3661 1078 3714 τοίνυν
1112 3661 1140 3713 ό
1183 3660 1435 3729 βασιλεὺς
1475 3661 1567 3715 ἐπὶ
1613 3662 1859 3734 βήματος

271 3753 481 3824 ὑψηλοῦ
512 3770 571 3807 τε
597 3754 691 3807 καὶ
722 3753 1017 3825 μετεώρου,
1048 3753 1422 3823 συνεδριάζειν
1451 3753 1600 3825 αὐτῷ
1628 3755 1718 3810 τὸν
1744 3757 1859 3809 υἱὸν

270 3845 582 3901 ἐκέλευσεν,
625 3846 682 3899 '0
705 3845 794 3909 δέ,
831 3848 897 3916 τῇ
930 3845 1067 3917 πρὸς
1097 3845 1188 3898 τὸν
1239 3846 1455 3916 πατέρα
1475 3846 1732 3919 εὐλαϐείᾳ
1765 3851 1860 3903 καὶ

270 3942 411 4010 τιμῇ
434 3938 592 3993 τοῦτο
618 3938 693 4010 μὴ
723 3938 957 4009 θελήσας
986 3938 1229 4009 ποιῆσαι,
1257 3938 1350 3991 ἐπὶ
1375 3938 1473 4009 τῆς
1501 3939 1601 4008 γῆς
1631 3940 1860 4010 πλησίον

270 4032 444 4085 αὐτοῦ
479 4031 728 4086 ἐκάθισε.
773 4030 1134 4103 Παρέστησαν
1176 4030 1356 4083 τοίνυν
1394 4031 1444 4082 οί
1497 4032 1860 4102 ἐπιστήμονες

268 4124 376 4193 τῆς
430 4121 815 4193 μωρανθείσης
870 4121 1019 4192 παρὰ
1045 4121 1141 4174 τοῦ
1180 4120 1317 4173 Θεοῦ
1364 4120 1555 4190 σοφίας
1596 4121 1732 4193 (54),
1783 4118 1860 4176 ὧν

270 4213 556 4284 ἐπλανήθη
591 4216 625 4285 ή
671 4213 931 4278 ἀσύνετος
970 4212 1168 4283 καρδία
1215 4213 1350 4285 (55),
1392 4213 1574 4277 καθώς
1624 4233 1787 4287 φησιν
1832 4219 1860 4269 ό

287 4304 648 4368 Ἀπόστολοςο
698 4305 858 4376 235
910 4304 1205 4369 Δοκοῦντες
1254 4305 1365 4377 γὰρ
1399 4306 1509 4375 (56)
1536 4301 1677 4361 εἶναι
1706 4309 1862 4377 σοφοὶ

270 4395 700 4466 ἐμωράνθησαν,
730 4398 824 4449 καὶ
859 4396 1095 4466 ἤλλαξαν
1132 4396 1232 4466 τὴν
1266 4396 1423 4461 δόξαν
1456 4396 1550 4449 τοῦ
1578 4397 1859 4469 ἀφθάρτου

271 4486 415 4539 Θεοῦ
469 4489 528 4539 ἐν
579 4487 888 4559 ὁμοιώματι
934 4487 1145 4560 θνητῶν
1178 4488 1484 4560 ἀνθρώπων
1517 4489 1613 4543 καὶ
1661 4508 1856 4562 τετρα-

1973 3404 2231 3460 duntaxat
2257 3404 2525 3459 Christum
2553 3405 2809 3470 colentes,
2840 3420 2943 3458 non
2975 3414 3149 3458 autem
3180 3404 3343 3458 libere
3378 3401 3543 3471 ipsius

1976 3494 2135 3548 fidem
2160 3493 2486 3563 profitentes.
2519 3494 2611 3549 llle
2640 3506 2814 3549 autem
2839 3495 3008 3561 solus,
3053 3500 3240 3560 utpote
3278 3506 3543 3562 generoso

1968 3583 2154 3636 animo
2169 3582 2429 3651 praeditus
2447 3582 2511 3636 ad
2527 3580 2975 3652 propngnandam
2993 3582 3274 3637 veritatem
3288 3580 3544 3637 accessit.

2031 3672 2170 3729 Cum
2200 3675 2369 3745 igitur
2406 3690 2501 3728 rex
2543 3674 2595 3728 in
2635 3676 2745 3727 alto
2782 3684 2946 3744 atque
2985 3675 3135 3729 edito
3181 3672 3321 3729 solio
3353 3687 3549 3730 conse-

1961 3766 2157 3831 disset,
2191 3767 2359 3821 filium
2388 3782 2492 3820 una
2518 3767 2710 3821 sedere
2730 3766 2921 3834 jussit.
2953 3768 3019 3820 At
3048 3767 3137 3821 ille
3164 3782 3262 3837 pro
3287 3782 3389 3821 suo
3419 3780 3551 3836 erga

1962 3865 2174 3927 patrem
2205 3857 2413 3912 honore
2435 3872 2499 3911 ac
2522 3859 2831 3912 reverentia
2856 3856 2922 3927 id,
2937 3858 3119 3912 facere
3148 3858 3440 3921 recusavit,
3468 3866 3553 3911 at-

1962 3961 2071 4017 que
2095 3946 2151 3999 in
2183 3954 2329 4001 terra
2354 3963 2460 4001 non
2492 3948 2651 4017 longe
2674 3948 2741 4001 ab
2770 3962 2835 4001 eo
2862 3947 3022 4002 sedit.
3048 3947 3357 4001 Astitcrunt
3384 3946 3553 4016 igitur

1965 4038 2068 4092 viri
2095 4035 2385 4106 infatuatze
2419 4054 2449 4091 a
2493 4038 2602 4093 Deo
2640 4039 2921 4107 sapientia
2965 4039 3147 4109 periti,
3193 4054 3456 4106 quorum,
3493 4049 3557 4091 ut

1964 4127 2210 4196 Apostoli
2242 4127 2422 4182 verbis
2450 4139 2594 4193 utar,
2614 4127 2882 4196 insipiens
2910 4142 3006 4181 cor
3027 4127 3231 4181 erravit
3257 4125 3309 4197 (I
3331 4125 3459 4181 Cor.
3487 4129 3553 4195 ι).
3586 4144 3599 4157 ~

1966 4217 2230 4272 Putantes
2256 4220 2403 4272 enim
2431 4234 2490 4273 se
2512 4234 2634 4273 esse
2661 4219 2959 4288 sapientes,
2983 4219 3137 4271 stulti
3166 4217 3294 4272 facti
3322 4225 3471 4283 sunt,
3498 4224 3556 4271 et

1966 4317 2321 4364 mutaverunt
2354 4309 2584 4381 gloriam
2636 4308 3074 4377 incorruptibilis
3120 4307 3213 4362 Dei
3262 4308 3319 4363 in
3353 4307 3556 4362 simili-

1968 4401 2212 4455 tudinem
2239 4400 2683 4469 corruptibilium
2713 4400 3018 4464 hominum,
3038 4408 3091 4453 et
3116 4398 3554 4468 quadrupedum,

1967 4502 2020 4548 et
2046 4493 2379 4562 serpentium
2414 4491 2587 4563 (Rom.
2620 4492 2681 4561 ι).
2702 4489 2796 4569 ⁷111,
2824 4500 2884 4545 ut
2908 4505 3033 4545 cum
3060 4492 3200 4562 regis
3232 4490 3366 4553 filio,
3391 4498 3558 4560 atque

271 4579 456 4632 πόδων
496 4579 590 4632 καὶ
633 4578 899 4651 ἑρπετῶν.
931 4573 1092 4633 Οὗτοι
1132 4578 1394 4650 συνῆλθον
1434 4582 1666 4653 συνᾶραι
1701 4581 1858 4650 λόγον

1974 4585 2036 4640 iis
2063 4585 2157 4654 qui
2198 4584 2267 4639 ab
2306 4584 2483 4656 ipsius
2525 4584 2774 4653 partibus
2805 4583 3047 4648 stabant,
3083 4596 3391 4637 sermonem
3424 4596 3561 4635 con-

271 4668 415 4735 πρὸς
435 4669 526 4720 τὸν
553 4668 647 4722 τοῦ
676 4668 943 4738 βασιλέως
971 4669 1084 4722 υἱὸν
1111 4670 1207 4723 καὶ
1236 4670 1359 4735 τοὺς
1387 4672 1515 4742 περ).
1544 4672 1727 4736 αὐτὸν,
1763 4674 1858 4727 καὶ

273 4759 584 4831 ἐπληροῦτο
627 4760 713 4813 ἐπ’
758 4761 945 4823 αὐτοῖς
992 4760 1051 4812 τὸ
1079 4763 1178 4831 τῆς
1236 4762 1558 4832 παροιμίας,
1596 4765 1678 4818 ὅτι
1719 4764 1857 4835 πρὸς

271 4851 465 4905 λέοντα
494 4850 695 4922 δορκάς
738 4850 919 4923 μάχης
954 4851 1179 4922 ἥπτετο.
1219 4852 1406 4923 Ὀςμέν
1432 4853 1542 4924 γὰρ
1570 4856 1663 4909 τὸν
1691 4856 1856 4927 Ὕψι-

372 5078 464 5140 29)
496 5079 541 5131 Α
569 5079 685 5131 sine
713 5078 845 5140 Θεὸς
870 5079 984 5133 καί.

375 5149 465 5219 50)
496 5147 842 5219 Psa|._Lvt,_l
879 5164 898 5202 :
936 5147 1189 5219 Ἐλέησόν

375 5217 465 5280 51)
502 5218 569 5279 Α,
597 5216 898 5286 φιλαλήθω.
930 5219 995 5283 C,
1034 5216 1343 5290 φιλαλήθει,
1374 5236 1404 5273 e
1427 5223 1785 5275 correctione.

350 5223 466 5357 (52)
503 5288 648 5357 Αιιά
673 5288 1002 5357 marginem,
1037 5305 1197 5342 manu
1229 5290 1396 5343 altera
1427 5308 1439 5341 :
1482 5291 1578 5343 Ὃν
1612 5291 1705 5343 καὶ
1739 5292 1785 5344 κ]

349 5007 464 5214 (28)
494 5008 537 5060 Α
571 5008 688 5061 sine
722 5007 891 5077 αὐτῷ.

372 5078 443 5133 29
496 5079 541 5131 Α
569 5079 685 5131 sine
713 5078 845 5140 Θεὸς
870 5096 891 5131 ν

375 5149 465 5214 50)
496 5147 641 5201 Psal.
675 5163 785 5209 Lvi,
818 5149 842 5200 1
879 5164 891 5202 .'

1969 4684 2236 4744 sererent,
2271 4677 2324 4730 in
2355 4690 2525 4730 unum
2552 4684 2958 4730 convenerunt.
2992 4676 3172 4744 Atque
3208 4673 3261 4727 in
3304 4673 3387 4728 eis
3420 4673 3557 4726 illud

1969 4769 2225 4841 adagium
2268 4769 2601 4839 implebatur
2640 4786 2653 4822 :
2687 4766 2897 4838 Caprea
2934 4782 3061 4822 cum
3112 4766 3271 4820 leone
3319 4779 3556 4834 pugnam

1972 4863 2127 4920 iniit.
2173 4862 2383 4919 Etenim
2425 4860 2546 4931 ipse
2586 4859 2929 4916 Altissimum
2973 4865 3234 4929 posuerat
3285 4854 3558 4928 refugium

1218 5166 1308 5226 με,
1335 5150 1415 5203 ὅτι
1446 5151 1539 5203 ἐπὶ
1565 5152 1654 5226 σο).Δ
1686 5152 1945 5207 πέποιθεν
1972 5154 2007 5225 η
2030 5154 2177 5226 ψυχή
2212 5171 2334 5225 μου.

374 5286 466 5354 52)
503 5288 648 5363 A_ad
673 5288 1002 5363 _niargi_ueut,
1029 5286 1197 5363 manu
1223 5286 1396 5363 altera
1427 5308 1448 5363 :_
1482 5291 1578 5343 Ὃν
1612 5291 1705 5363 καὶ
1732 5292 1861 5363 ᾲκληε

1977 5310 2076 5363 μον
2110 5293 2210 5362 τῆς
2243 5293 2519 5363 βασιλείας
2558 5291 2723 5363 αὐτοῦ
2754 5292 2815 5363 ἐς
2848 5290 3073 5363 ὕστερον
3098 5294 3134 5363 ό
3179 5291 3544 5363 -καλὸςιξῐωά-

275 5354 739 5436 σαῲριαταλιπιῖον
772 5354 867 5410 καὶ
899 5358 1131 5436 οἰκείαις
1161 5358 1320 5430 χερσὶ
1359 5359 1689 5436 στέφειηκαὶ
1725 5354 2015 5433 διαδῆματι
2043 5354 2282 5434 τιμήσας
2315 5363 2453 5436 πρὸς
2479 5354 2571 5416 τὸν
2603 5354 2938 5432 ποθούμενον

3023 5361 3246 5433 αρλαὰμ
3276 5360 3539 5431 ἀπῆλθεν.

270 5426 500 5498 Conjeci
528 5425 794 5498 ἀπῆλθεν,
827 5443 947 5481 cum
981 5425 1314 5498 bililiopeg'us
1344 5425 1618 5498 reliquerit
1652 5442 1855 5486 tantum

1974 5474 1977 5485 .
2014 5425 2209 5489 vel‘érr.

349 5496 465 5575 (55)
494 5497 968 5575 Α,Δπρ-οκαθήσας.
992 5496 1353 5575 Permutatio
1402 5496 1637 5555 solennis
1683 5512 1808 5575 est._
1834 5500 1861 5555 ῑ

1974 5504 2138 5556 etrius
2192 5501 2529 5575 Phal.§21)l
2566 5500 2910 5575 emeratore
2935 5502 3143 5575 ‘reitilat
3187 5502 3538 5575 sententiam.

272 5564 949 5644 eiijtts'verbippﬁ’dvetov
987 5567 1366 5638 ἐπολιόρκισεν
1390 5584 1456 5624 ne
1485 5583 1766 5625 sumantur
1796 5571 1847 5625 in

1974 5575 2180 5641 impium
2216 5564 2749 5643 νοιιιὶνπολιορκίζω,
2774 5571 3001 5627 monebo
3030 5588 3150 5629 esse
3181 5573 3537 5644 svi-02.16;:an

272 5639 332 5693 in
366 5636 552 5691 codice
588 5636 715 5689 I7“
730 5674 746 5690 .

356 5706 469 5783 (ἒξ)
499 5706 544 5783 L
551 5706 719 5783 Epist.
752 5706 1167 5783 aiLCorintliLI,
1190 5709 1307 5783 QQ:
1342 5708 1791 5783 Οὐχὶ-ἐμώρανεν
1823 5714 1851 5765 ό

1974 5730 2010 5775 ις
2036 5711 2133 5783 τὴν
2174 5712 2368 5781 σοφίαν
2396 5710 2492 5766 τοῦ
2522 5711 2730 5782 κόσμου
2761 5712 2952 5767 τούτου

357 5775 473 5853 (ξιξοι
503 5775 769 5853 Epist._ad
804 5777 959 5830 Rom.
993 5778 1181 5853 [κῆρ
1229 5775 1552 5852 Ἐσκοτίσθη
1584 5775 1861 5852 η’ἀτύνετι

1976 5775 2116 5837 ὐτῶῦ
2140 5775 2358 5853 καρδία.

355 5844 469 5917 (56)
503 5844 598 5917 Ep.
635 5848 701 5901 ad
732 5844 888 5901 Rom.
924 5864 959 5915 ι,
990 5846 1079 5913 22,
1109 5846 1199 5903 25.
