4042 6428
617 378 637 440 1
658 377 753 440 103

2030 384 2380 447 ΑΒΒΕΝΒΑ
2392 437 2405 449 .

3715 387 3825 453 ΗΜ

609 525 786 576 suum,
816 518 871 564 et
893 508 945 563 in
974 506 1176 561 alarum
1196 505 1359 576 ipsius
1380 505 1563 560 umbra
1594 505 1842 575 sperabat
1866 505 2037 576 (Psal.
2064 508 2172 580 xc).

2294 517 2416 554 στον
2447 499 2598 553 ἔθετο
2639 504 2961 574 καταφυγὴν
2998 504 3162 557 αὑτοῦ
3197 503 3332 571 (57),
3384 508 3478 560 καὶ⁵
3527 508 3584 558 ὲν
3619 510 3683 577 τῇ
3724 514 3835 583 σκιᾷ

604 602 680 658 llli
706 610 881 656 autem
906 602 957 653 in
988 598 1141 668 hujus
1162 598 1340 652 seculi
1360 598 1686 667 principibus
1700 601 1789 668 qui
1806 599 2171 667 destruantur,

605 707 669 747 ac
696 691 875 745 mundi
901 691 1135 759 principe
1170 688 1529 753 tenebrarum,
1582 690 1665 744 cui
1702 706 1760 745 se
1800 692 1945 760 ipsos
1975 692 2175 747 misere

606 783 967 849 subiecerunt,
1000 780 1246 835 ﬁduciam
1278 794 1427 833 suam
1471 780 1803 835 collocabant
1844 780 2013 847 (Psal.
2056 797 2173 848 LVI;

604 872 795 943 Ephes.
825 870 920 940 Vl).

681 962 997 1017 Producitur
1023 963 1199 1030 itaque
1228 959 1457 1026 Nachor,
1486 960 1574 1028 qui
1608 960 1939 1015 Barlaamum
1960 975 2019 1016 se
2056 974 2175 1016 esse

605 1053 907 1106 simulabat.
931 1052 1007 1108 Ac
1034 1068 1125 1107 rex
1168 1051 1382 1121 quidem
1430 1052 1531 1105 hoc
1557 1050 1655 1104 sibi
1707 1050 2032 1120 propositum
2084 1051 2177 1105 ba-

605 1143 800 1207 bebat;
832 1158 1017 1196 verum
1046 1147 1256 1210 sapiens
1305 1143 1395 1197 Dei
1426 1141 1753 1211 providentia
1784 1143 1991 1198 ctelitus
2033 1143 2175 1197 aliud

611 1233 1037 1286 administrabat.
1069 1231 1382 1285 Astantibus
1409 1231 1548 1286 enim
1579 1231 1660 1286 his
1688 1232 1956 1299 omnibus,
1984 1247 2079 1287 rex
2108 1233 2175 1286 ad

607 1332 845 1378 oratores
868 1337 993 1376 suos
1013 1330 1067 1377 et
1097 1321 1457 1391 philosophos,
1482 1321 1563 1375 vel
1596 1323 1773 1389 potius
1814 1322 1979 1390 plebis
2020 1322 2179 1377 sedu-

607 1424 785 1470 ctores
813 1426 866 1470 et
894 1415 1093 1469 stolido
1120 1416 1279 1469 corde
1336 1417 1629 1488 prmdilos,
1704 1418 1831 1471 ait:
1891 1416 1970 1472 En
2030 1416 2181 1469 vobis

613 1517 905 1571 certamen,
935 1515 989 1561 et
1018 1506 1226 1575 quidem
1250 1508 1535 1558 maximum
1566 1505 1889 1574 propositum
1914 1518 2013 1560 est.
2047 1506 2181 1559 Duo-

607 1612 726 1652 rum
758 1596 901 1651 enim
943 1595 1166 1648 alterum
1214 1594 1365 1647 vobis
1412 1594 1704 1663 continget,
1755 1608 1947 1663 nempe
1995 1602 2054 1647 ut
2094 1594 2179 1648 vel

608 1688 847 1743 doctrina
879 1696 1060 1742 nostra
1091 1685 1423 1749 conﬁrmata,
1451 1686 1757 1754 errorisque
1782 1684 2026 1740 convicto
2053 1685 2180 1739 Bar-

611 1780 786 1834 laamo
819 1778 1094 1848 ipsiusque
1122 1778 1305 1842 sociis,
1338 1776 1623 1830 maximam
1654 1775 1875 1845 gloriam
1917 1784 1971 1829 et
2014 1776 2182 1830 bono-

610 1886 721 1926 rem
748 1881 856 1925 tum
884 1885 916 1925 a
945 1870 1101 1925 nobis
1134 1879 1243 1924 tum
1273 1885 1303 1924 a
1330 1879 1518 1924 senatu
1550 1870 1970 1937 consequamtni,
2013 1885 2076 1925 ac
2100 1870 2183 1923 vi-

608 1963 860 2017 ctricibus
871 1962 1084 2017 coronis
1096 1962 1359 2016 ornemini
1379 1979 1393 2027 ;
1421 1961 1503 2017 vel
1526 1960 1675 2016 fracti
1695 1978 1759 2020 ac
1781 1962 2038 2032 superati,
2061 1978 2181 2016 cum

506 2048 507 2051 “
609 2055 754 2109 omni
776 2054 1063 2124 ignominia
1085 2055 1456 2123 gravissimam
1479 2065 1702 2110 mortem
1725 2055 2183 2125 oppetatis,atque

609 2160 797 2201 omnes
820 2154 1013 2200 vestrm
1042 2144 1321 2200 facultates
1353 2146 1550 2215 populo
1579 2147 1912 2218 addicantur,
1946 2162 2051 2217 quo
2072 2163 2182 2202 me~

609 2237 777 2291 moria
806 2246 982 2292 vestra
1003 2251 1223 2306 prorsus
1250 2252 1280 2291 a
1329 2247 1468 2292 terra
1518 2239 1783 2294 deleatur.
1811 2239 1943 2294 Nam
1983 2250 2040 2296 et
2066 2255 2184 2295 cor-

605 2346 737 2399 pora
768 2338 945 2385 vestra
996 2329 1181 2385 bestiis
1209 2329 1517 2385 devoranda
1570 2331 1842 2401 objiciam,
1891 2342 1946 2388 et
1988 2332 2184 2388 liberos

609 2435 819 2477 vestros
850 2432 1106 2491 perpetua
1148 2421 1406 2475 servitute
1432 2421 1687 2477 multabo.

678 2514 790 2569 Hac
817 2515 1059 2569 oratione
1091 2528 1120 2567 a
1144 2526 1271 2582 rege
1294 2510 1496 2576 habita,
1533 2510 1704 2580 ipsius
1733 2512 1874 2565 ﬁlius
1908 2510 1990 2567 bis
2010 2510 2188 2566 verbis

607 2617 735 2657 usus
764 2611 884 2657 est:
915 2601 1145 2671 [Equam
1194 2601 1514 2655 sententiam
1549 2598 1811 2653 hodierno
1858 2600 1945 2653 die
1996 2599 2183 2661 tulisti,

615 2714 648 2748 ο
671 2711 784 2762 rex,
814 2709 1039 2764 eamque
1069 2693 1225 2747 velim
1250 2692 1391 2746 Deus
1420 2692 1733 2755 conﬁrmet;
1771 2700 1933 2759 atque
1967 2706 2066 2760 ego
2096 2706 2184 2745 ea-

608 2787 727 2839 dem
759 2785 1013 2853 magistro
1036 2796 1155 2836 meo
1178 2781 1317 2835 dico.
1345 2779 1752 2850 Conversusque
1773 2782 1839 2835 ad
1860 2779 2181 2845 Nachorem,

608 2875 695 2944 qni
727 2874 970 2927 Barlaam
1002 2886 1121 2926 esse
1154 2870 1459 2939 putabatur;
1492 2870 1557 2923 ad
1581 2885 1701 2925 eum
1732 2871 1843 2924 ait:
1878 2870 1991 2924 Non
2024 2880 2077 2925 te
2105 2872 2185 2923 fu-

607 2970 703 3033 git,
728 2963 1057 3027 o.Barlaam,
1086 2962 1138 3015 in
1168 2975 1269 3031 qua
1318 2961 1485 3029 gloria
1536 2960 1836 3030 quibusque
1864 2961 2069 3016 deliciis
2102 2977 2185 3015 me

611 3055 901 3109 inveneris.
937 3054 1015 3107 Tu
1054 3062 1227 3106 tamen
1270 3050 1547 3120 permultis
1589 3050 1921 3104 sermonibus
1962 3065 2047 3105 me
2092 3051 2185 3102 ad-

2291 595 2487 664 ἧλπισε
2514 594 2621 645 τῶν
2654 594 2817 647 αὑτοῦ
2852 596 3138 666 πτερύγων
3174 598 3283 665 ('58)
3305 613 3317 625 ·
3365 598 3414 649 οἱ
3444 598 3503 651 δὲ
3534 601 3647 661 τοῖς
3671 601 3833 671 ἄρχου-

2293 705 2375 739 σιν
2405 688 2773 758 ὲπεποίθησαν
2809 689 2919 755 (59)
2949 687 3042 741 τοῦ
3084 691 3278 752 αἰῶνος
3302 689 3492 743 τούτου
3525 692 3637 752 τοῖς
3658 709 3835 763 καταρ-

2290 778 2597 847 γουμένοις,
2620 780 2715 832 καὶ
2742 779 2819 848 τῷ
2847 781 3250 850 κοσμοκράτορι
3280 781 3373 834 τοῦ
3408 782 3632 845 σκότους
3658 784 3777 853 (40),
3799 779 3835 851 ᾧ

2289 869 2669 937 καθυπὲταξαν
2690 870 2916 932 ἑαυτοὺς
2946 870 3192 935 ἐλεεινῶς
3220 872 3315 924 καὶ
3344 872 3569 935 ἀθλίως.

2364 960 2591 1027 Ἀγεται
2632 958 2811 1012 τοίνυν
2846 960 2873 1012 ὁ
2910 959 3114 1031 Ναχὼρ
3144 960 3234 1013 τὸν
3269 960 3539 1029 Βαρλααμ
3581 961 3837 1030 ὑποκρινό-

2294 1062 2486 1115 μενος·
2524 1047 2619 1099 καὶ
2665 1047 2715 1099 oi
2759 1046 2859 1113 μὲν
2914 1048 3043 1117 περὶ
3087 1048 3176 1101 τὸν
3216 1048 3439 1119 βασιλέα
3487 1049 3582 1102 τοῦ
3621 1052 3833 1104 τοιούτου

2291 1136 2498 1205 εἴχοντο
2526 1137 2727 1190 σκοποῦ
2748 1155 2761 1169 ο
2794 1138 2956 1208 ἕτερα
2984 1138 3041 1191 δὲ
3058 1139 3221 1193 πάλιν
3250 1140 3283 1209 ἡ
3313 1141 3447 1210 σοφὴ
3479 1140 3699 1210 πρόνοια
3724 1142 3834 1197 ἅνω-

2292 1228 2382 1281 θεν
2413 1228 2701 1299 ᾠκονόμει.
2734 1230 3167 1300 Παρισταμένων
3218 1233 3327 1302 γὰρ
3368 1232 3580 1286 τούτων
3611 1235 3834 1290 ἁπάντων

2290 1319 2457 1387 φησὶν
2495 1318 2523 1369 ὁ
2569 1318 2822 1386 βασιλεὺς
2864 1324 2975 1383 τοῖς
3026 1324 3285 1392 ῥήτορσιν
3320 1322 3487 1375 αὐτοῦ
3523 1325 3617 1377 καὶ
3650 1327 3833 1392 φιλοσόο

2290 1426 2436 1477 φοις,
2468 1410 2667 1479 μᾶλλον
2703 1411 2761 1463 δὲ
2794 1413 2907 1474 τοῖς
2954 1412 3285 1476 λεωπλάνοις
3319 1414 3431 1485 (41)
3464 1416 3557 1467 καὶ
3586 1418 3834 1481 άσυνέτας

2287 1499 2387 1570 τὴν
2431 1498 2690 1571 καρδίαν⁶
2756 1500 2888 1554 Ἰδοὺ
2940 1502 3004 1570 δὴ
3056 1503 3205 1570 ἀγὼν
3255 1504 3383 1573 ὑμῖν
3436 1505 3715 1575 πρόκειται
3756 1510 3833 1562 καὶ

2287 1595 2515 1664 ἀγώνων
2557 1596 2586 1647 ό
2620 1596 2895 1666 μέγιστος.
2945 1598 3100 1650 Δυοῖν
3144 1598 3255 1669 γάρ
3301 1599 3532 1669 θάτερον
3577 1604 3833 1671 γενήσεται

2291 1689 2446 1756 ὑμῖν
2483 1687 2514 1756 ἦ
2545 1688 2611 1740 τά
2644 1687 2889 1757 ἡμέτερα
2922 1688 3332 1758 κρατύναντας,
3383 1693 3480 1744 καὶ
3515 1692 3626 1759 (ﬂ)
3657 1694 3832 1747 πλανᾶ-

2293 1780 2416 1832 σθαι
2446 1779 2535 1831 τὸν
2575 1778 2841 1848 Βαρλαάμ
2884 1780 3046 1850 236
3091 1781 3339 1844 καὶτοὺς
3385 1783 3485 1835 σὺν
3512 1784 3659 1855 αύτῷ
3699 1785 3833 1853 ἰλέγο

2293 1872 2509 1937 ξαντας,
2547 1871 2704 1941 δόξης
2751 1870 3015 1942 μεγίστης
3066 1872 3161 1925 xui.
3200 1873 3365 1944 τιμῆς
3410 1874 3545 1942 παρ’
3611 1875 3759 1944 ἡμῶν
3784 1894 3831 1929 τε

2290 1964 2383 2016 καὶ
2411 1962 2594 2033 πάσης
2626 1965 2808 2033 τυχεῖν
2848 1964 2947 2033 τῆς
2978 1964 3285 2033 συγκλήτου
3317 1966 3413 2019 καὶ¹
3449 1967 3725 2035 στεφάνοις
3766 1968 3831 2021 νὶ-

2289 2072 2394 2124 κης
2445 2055 2916 2124 καταστεφθῆναι·
2961 2056 2993 2126 ἢ
3049 2056 3381 2125 ἡττηθέντας
3439 2059 3540 2109 σὺν
3590 2058 3730 2128 πάσῃ
3771 2062 3833 2111 ai-

2291 2144 2460 2217 σχύνῃ
2474 2143 2829 2210 κακιγκάκως
2849 2143 3246 2212 θανατωθῆναι,
3270 2144 3449 2198 πάντα
3468 2144 3526 2198 δὲ
3539 2146 3606 2198 τά
3628 2146 3830 2218 ὑμέτερα

2289 2237 2367 2307 τῷ
2403 2238 2464 2308 δή
2475 2254 2559 2307 μῳ
2578 2236 2820 2305 δοθῆναι,
2850 2236 2925 2299 ὡς
2946 2236 3011 2289 ἂν
3042 2237 3387 2291 παντάπασιν
3417 2236 3620 2308 ἐξαρθῇ
3641 2238 3696 2291 τὸ
3722 2256 3829 2307 pm,-

2292 2329 2522 2398 μόσυνον
2575 2326 2731 2396 ὑμῶν
2780 2326 2888 2380 ἀπὸ
2917 2326 3016 2394 τῆς
3056 2327 3306 2394 γῆς.’Τά
3356 2327 3459 2396 μὲν
3488 2328 3597 2397 γὰρ
3636 2328 3829 2398 σώματα

2290 2418 2443 2481 ὑμῶν
2480 2416 2690 2487 θηρίοις
2722 2414 2879 2469 δώσω
2903 2417 3302 2486 παρανάλωμα,
3334 2417 3401 2470 τὰ
3428 2418 3487 2470 δὲ
3512 2418 3675 2471 τέκνα
3703 2418 3830 2489 ὑμῶν

2289 2510 2531 2577 διηνεκεῖ
2564 2504 2959 2561 καταδουλώσω
2992 2507 3227 2577 δουλείᾳ.

2364 2599 2579 2652 Τούτων
2608 2597 2781 2660 οὕτως
2807 2597 3112 2669 εἰρημένων
3148 2598 3227 2665 τῷ
3245 2598 3477 2667 βασιλεῖ,
3506 2599 3533 2651 ό
3555 2600 3666 2662 υίὸς
3692 2597 3826 2652 αὐτοῦ

2289 2691 2427 2759 ἔφη·
2481 2688 2673 2758 Κρίμα
2705 2688 2911 2742 δίκαιον
2954 2688 3194 2759 σήμερον
3244 2688 3487 2759 ἔκρινας,
3534 2682 3580 2740 ὧ
3613 2687 3825 2756 βασιλεύ·

2289 2779 2553 2849 κρατύναι
2591 2778 2797 2848 Κύριος
2837 2777 3042 2849 ταύτην
3072 2796 3166 2832 σου
3192 2780 3289 2850 τὴν
3318 2779 3570 2850 γνώμην.
3598 2778 3751 2847 Κάγὼ
3782 2779 3827 2831 δὲ

2288 2872 2355 2925 τὰ
2392 2871 2532 2924 αύτά
2569 2887 2709 2939 φημι
2743 2870 2819 2939 τῷ
2847 2869 2964 2940 ὲμῷ
2994 2870 3321 2940 διδασκάλῳ.
3360 2872 3471 2924 Καὶ
3506 2871 3828 2939 Extinguat;

2288 2964 2438 3031 λέγει
2466 2961 2543 3033 τῷ
2571 2961 2795 3033 Ναχὼρ,
2836 2962 2894 3025 ὃς
2937 2962 3218 3031 ἐνομίζετο
3261 2962 3529 3032 Βαρλαάμ
3564 2957 3725 3014 εἶναι’
3755 2955 3826 3014 07.-

2287 3054 2403 3117 δας,
2433 3048 2477 3106 ὦ
2501 3053 2785 3124 Βαρλαὰμ,
2818 3054 2875 3107 ἐν
2895 3052 2999 3106 τίνι
3018 3070 3086 3123 με
3105 3053 3230 3123 δόξῃ
3254 3052 3500 3123 εὕρηκας
3529 3054 3622 3105 xui.
3645 3054 3799 3122 τρυφῇ
3815 3066 3827 3079 °

610 3147 807 3201 duxisti
853 3156 962 3199 uta
989 3142 1398 3213 patriislegibus
1437 3151 1490 3196 et
1534 3142 1790 3195 institutis
1818 3142 2180 3202 abscederem,

2293 3146 2384 3198 καὶ
2408 3145 2587 3211 λόγοις
2616 3144 2889 3205 πλείστοις
2936 3143 3160 3206 ἔπεισάς
3203 3161 3268 3213 με
3298 3145 3406 3195 τῶν
3457 3143 3557 3213 μὲν
3593 3141 3829 3213 πατρῴων

609 3247 772 3308 atque
804 3238 1040 3305 ignotum
1071 3236 1236 3290 Deum
1260 3234 1512 3297 colerem,
1567 3249 1883 3288 arcanorum
1931 3249 2184 3303 quorum-

609 3328 733 3380 dam
761 3326 1011 3379 videlicet
1039 3338 1100 3377 ac
1126 3324 1575 3391 sempiternorum
1600 3323 1861 3377 bonorum
1894 3336 1988 3392 spe
2029 3337 2181 3376 men-

611 3428 718 3473 tem
748 3431 920 3471 meam
944 3416 1012 3471 ad
1038 3415 1305 3484 sequenda
1352 3422 1442 3467 tua
1473 3415 1739 3483 dogmata,
1780 3422 1834 3469 et
1861 3414 2184 3470 exacerban-

609 3512 737 3567 dum
769 3510 935 3581 patris
964 3511 1067 3564 mei
1100 3523 1161 3562 ac
1196 3507 1398 3561 domini
1431 3509 1665 3561 animum
1713 3522 1799 3560 me
1844 3506 2179 3575 pertraliens.

610 3602 957 3672 Quocircaila
989 3601 1254 3661 existima,
1280 3609 1333 3654 te
1365 3614 1508 3653 nunc
1541 3599 1682 3652 velut
1724 3598 1775 3651 in
1798 3600 1988 3651 trutina
2017 3605 2180 3650 stare.

610 3695 744 3750 Nam
773 3695 815 3749 si
846 3708 909 3747 ex
945 3693 1214 3762 proposito
1247 3690 1539 3745 certamine
1575 3690 1817 3756 superior
1847 3687 2181 3748 discesseris.

611 3800 729 3841 eam
744 3786 944 3840 scilicet
960 3798 1116 3853 quam
1134 3783 1257 3837 mihi
1279 3781 1539 3835 tradidisti
1558 3780 1851 3833 doctrinam
1870 3792 2047 3831 veram
2065 3791 2183 3829 esse

611 3878 1007 3941 demonstrans,
1060 3885 1219 3944 atque
1248 3888 1341 3928 eos
1374 3872 1466 3943 qui
1500 3868 1758 3924 hodierna
1789 3870 1874 3923 die
1903 3867 2054 3921 nobis
2084 3866 2175 3919 ad-

608 3977 909 4031 versantur,
944 3966 997 4019 in
1042 3981 1224 4020 errore
1253 3964 1453 4019 versari
1507 3963 1817 4025 ostendens,
1851 3971 1906 4013 tu
1960 3958 2172 4028 quidem

609 4059 866 4127 majorem
896 4072 1054 4127 quam
1086 4057 1224 4108 nllus
1264 4069 1493 4122 unquam
1526 4051 1797 4117 habuerit,
1826 4049 2047 4117 gloriam
2094 4062 2181 4129 re-

608 4149 771 4214 feres,
803 4160 866 4198 ac
911 4146 1149 4199 veritatis
1197 4157 1369 4212 praeco
1420 4142 1735 4203 vocaberis;
1782 4149 1941 4208 atque
1980 4151 2080 4207 ego
2122 4137 2173 4189 in

611 4249 699 4293 tua
718 4239 954 4292 doctrina
984 4238 1251 4305 perstabo,
1280 4232 1678 4301 Christumque,
1727 4228 2175 4299 quemadmodum

608 4328 932 4397 praedicasti,
965 4326 1030 4379 ad
1058 4335 1353 4379 extremum
1399 4338 1562 4391 usque
1593 4320 1833 4390 spiritum
1861 4320 2051 4373 colam.
2079 4317 2177 4373 Sin

610 4429 809 4483 autem,
840 4419 952 4471 sive
986 4416 1129 4482 dolo,
1179 4416 1293 4468 sive
1340 4413 1480 4467 serio
1523 4426 1585 4464 ac
1612 4425 1737 4463 vere
1764 4417 2062 4476 superatus,
2094 4407 2177 4475 ig-

2291 3236 2594 3304 ἀποστῆναι
2629 3234 2809 3303 νόμων
2840 3251 2899 3286 τε
2930 3233 3025 3286 καὶ
3061 3233 3220 3297 ἐθῶν,
3257 3232 3522 3304 ἀγνώστῳ
3552 3235 3605 3285 δὲ
3636 3232 3829 3303 λατρεύ-

2289 3345 2380 3380 σαι
2412 3324 2551 3396 Θεῷ.
2582 3324 2836 3395 ἀρρήτων
2864 3324 3024 3377 τινῶν
3048 3324 3144 3377 καὶ
3176 3325 3409 3377 αἰωνίων
3439 3324 3659 3391 ἀγαθῶν
3686 3325 3828 3389 ἑπαγ-

2287 3418 2495 3487 γελίαις
2540 3416 2775 3479 ἑλκύσας
2814 3433 2915 3486 μου
2966 3416 3057 3467 τὸν
3104 3414 3227 3467 νοῦν
3265 3418 3376 3477 τοῖς
3424 3418 3538 3477 σοῖς
3577 3414 3829 3479 ἐξακολου-

2289 3508 2449 3579 θῆσαι
2493 3506 2731 3576 δόγμασι
2761 3505 2856 3558 καὶ
2895 3504 2987 3557 τὸν
3030 3504 3161 3573 ἐμὸν
3196 3506 3613 3574 παραπικρᾶναι
3648 3502 3827 3572 πατέρα

2287 3620 2346 3657 τε
2389 3601 2485 3655 καὶ
2515 3588 2815 3668 δεσπότηνς
2848 3596 2960 3649 Νῦν
2991 3596 3083 3649 οὖν
3121 3597 3195 3660 ὡς
3226 3597 3317 3648 ἐπὶ
3362 3597 3635 3666 τρυτάνης
3669 3594 3826 3662 νόμιζε

2292 3693 2518 3746 σεαυτὴν
2568 3692 2812 3744 ἑστάναι.
2845 3692 2905 3743 Εἰ
2937 3691 3035 3760 μὲν
3074 3690 3203 3759 γάρ,
3234 3691 3465 3759 νικήσας
3510 3688 3606 3758 τὴν
3641 3705 3823 3756 προκει-

2295 3785 2466 3855 μένην
2515 3784 2714 3853 πάλην,
2755 3781 2931 3852 ἀληθῆ
2968 3799 3061 3833 σου
3094 3781 3162 3833 τά
3189 3781 3434 3850 δόγματα
3471 3781 3664 3847 δείξεις
3703 3778 3825 3847 ἇμοι

2290 3874 2568 3939 ἐδίδαξας,
2627 3873 3016 3941 πλανωμένους
3066 3872 3123 3924 δὲ
3168 3868 3405 3938 ὲλέγξεις
3444 3871 3573 3931 τοὺς
3622 3871 3825 3940 σήμερον

2290 3969 2422 4037 ἡμῖν
2466 3965 2923 4027 άντιπίπτοντας,
2976 3964 3039 4016 σὺ
3082 3963 3179 4032 μὲν
3221 3960 3528 4033 δοξασθήση
3569 3961 3643 4024 ὡς
3684 3959 3825 4020 οὐδεὶς

2287 4057 2397 4110 τῶν
2453 4055 2671 4108 πώποτε
2715 4053 3016 4122 γεγονότων
3071 4055 3164 4106 καὶ
3220 4052 3392 4123 κῆρυξ
3431 4052 3687 4122 άληθεέας
3716 4050 3823 4117 κλη-

2290 4147 2453 4217 θήσῃ,
2488 4144 2597 4214 ἐγὼ
2623 4146 2679 4197 δὲ
2710 4147 2775 4213 τῇ
2815 4147 2879 4214 σῇ
2920 4144 3139 4214 ὲμμενῶ
3183 4143 3369 4214 διδαχῇ
3406 4142 3607 4213 καὶτῷ
3639 4136 3827 4211 Χριστῷ

2288 4237 2591 4307 λατρεύσω,
2634 4236 2775 4289 καθά
2803 4234 2866 4304 δὴ
2896 4235 2990 4287 καὶ
3030 4234 3325 4305 ἑκήρυξας,
3355 4234 3517 4304 μέχρι
3548 4233 3644 4303 τῆς
3672 4231 3826 4284 τελευο

2286 4329 2446 4391 ταίας
2485 4345 2587 4397 μου
2622 4326 2925 4394 ἀναπνοῆς·
2966 4328 3014 4378 εί
3043 4325 3120 4386 δὲ,
3167 4326 3420 4395 ἡττηθεὶς
3449 4327 3560 4377 εἴτε
3587 4325 3715 4393 δόλῳ
3735 4322 3824 4375 εἴτε

2287 4419 2535 4492 ἀληθεία,
2585 4418 2843 4489 αἰσχύνης
2873 4434 2960 4488 μοι
2991 4418 3231 4488 σήμερον
3260 4416 3517 4486 πρόξενος
3536 4416 3685 4485 γένῃ,
3715 4414 3824 4466 θάτ-

610 4507 900 4561 nominiam
956 4504 1084 4556 milii
1157 4502 1510 4564 con‘llaveris,
1565 4497 1940 4551 contumeliam
2003 4508 2178 4551 meam

2289 4529 2375 4565 τον
2406 4511 2674 4580 ἐκδικήσω
2718 4527 2817 4580 μου
2852 4509 2950 4563 τὴν
2982 4507 3158 4578 ὕϐριν,
3187 4507 3374 4577 χερσὶν
3411 4507 3641 4569 οἰκείαις
3665 4505 3756 4571 τήν
3777 4518 3822 4554 τε

600 4588 781 4640 statim
810 4587 1065 4640 ulciscar.
1094 4587 1305 4639 Etenim
1334 4588 1581 4640 meismet
1609 4586 1862 4640 manibus
1895 4599 1990 4637 cor
2019 4592 2175 4636 tuum

600 4694 663 4731 ac
698 4679 936 4747 linguam
966 4678 1213 4740 evellam,
1247 4693 1419 4748 eaque
1448 4691 1571 4731 cum
1604 4677 1812 4746 reliquo
1838 4687 1928 4730 tuo
1948 4688 2179 4744 corpore

600 4770 829 4825 canibus
854 4768 907 4823 in
932 4768 1164 4838 prazdam
1193 4769 1357 4833 dabo,
1388 4779 1447 4824 ut
1477 4779 1569 4825 tuo
1596 4770 1845 4838 exemplo
1876 4782 2067 4821 omnes
2095 4781 2179 4820 re-

598 4877 724 4932 gum
756 4860 882 4915 ﬁliis
915 4862 1268 4930 itnposturam
1305 4862 1527 4915 minime
1559 4860 1738 4915 facere
1763 4860 2106 4914 condiscant.

670 4952 767 5008 llis
796 4955 978 5010 verbis
1008 4953 1231 5021 auditis,
1261 4954 1472 5009 Naclior
1500 4954 1769 5023 ingentem
1808 4950 2085 5005 tristitiam
2119 4963 2184 5003 ac

827 5087 965 5163 Esnl.
1009 5101 1094 5149 xc,
1368 5086 1590 5163 ὖιξιστον
1621 5089 1741 5163 ἔθου
1774 5092 2100 5163 καταφυγήν
2127 5110 2243 5147 σου.

2286 4602 2514 4673 καρδίαν
2561 4620 2655 4654 σου
2696 4601 2790 4654 καὶ
2844 4600 2940 4669 τὴν
2992 4599 3238 4666 γλῶτταν
3287 4597 3565 4666 ἐξορύξας,
3617 4597 3736 4647 κυσί
3775 4609 3823 4644 τι

2286 4693 2453 4763 βοράν
2484 4690 2657 4745 ταῦτα
2702 4688 2861 4759 237
2900 4689 2995 4741 σὺν
3048 4687 3123 4757 τῷ
3154 4687 3329 4756 λοιπῷ
3377 4704 3467 4739 σου
3502 4685 3705 4755 σώματι
3736 4698 3822 4735 πα-

2290 4782 2503 4851 ραδοὺς,
2543 4781 2632 4833 ἵνα
2678 4778 3007 4833 παιδευθῶσι
3051 4779 3254 4840 πάντες
3286 4777 3374 4830 διὰ
3402 4777 3496 4829 σοῦ
3530 4776 3605 4845 μὴ
3644 4773 3822 4840 πλανᾷν

2286 4874 2433 4934 υἱοὺς
2470 4853 2754 4940 βασιλέων.

2358 4960 2576 5013 Τούτων
2603 4958 2841 5022 ἀκούσας
2868 4961 2896 5012 ό
2924 4955 3125 5028 Ναχὼρ
3149 4956 3258 5011 τῶν
3286 4955 3545 5027 ῥημάτων
3566 4954 3693 5025 (43).
3716 4966 3823 5003 σκυ-

823 5155 971 5231 }?sal.
1004 5172 1111 5220 va,
1143 5156 1211 5231 l_:
1258 5156 1436 5231 τῇ
1468 5160 1593 5231 σκιᾷ
1616 5159 1723 5211 τῶν
1749 5154 2035 5231 πτερύγων
2055 5154 2154 5214 ’σου
2184 5162 2375 5216 ἐλπιῶ.

820 5224 961 5302 Bsal:
994 5241 1151 5302 θην,
1174 5226 1208 5277 5
1240 5242 1253 5277 :
1406 5223 1701 5281 πεποίθατε
1732 5232 1818 5283 ἐπ’
1849 5223 2134 5302 ἄρχοντας.

699 5294 789 5359 40)
815 5293 971 5347 Gonf.
1003 5310 1055 5362 p.
1090 5296 1175 5357 l5,
1209 5308 1263 5347 n.
1295 5295 1385 5348 45.

815 5362 1272 5436 0.-λαοπλόινοιςε
1294 5365 1359 5424 A,
1399 5364 1734 5429 λεοπλάνοις.
1771 5367 2103 5423 Permutatio
2138 5384 2181 5422 ni

2309 5370 2575 5421 vocalium
2611 5387 2655 5421 ω
2683 5379 2739 5422 et
2778 5387 2825 5422 ο.
2859 5367 3114 5423 lsaacius.
3146 5367 3415 5436 Porpliyr.
3462 5366 3535 5421 De
3564 5365 3815 5420 Pmterm.

603 5445 659 5498 p.
824 5450 847 5507 ιΔ
874 5433 986 5507 Τὴν
1013 5432 1223 5507 διάθεον
1252 5434 1511 5507 ἁρπαγὴν
1535 5436 1636 5507 τῆς
1670 5436 1912 5505 Ἑλένης.
1944 5438 2181 5491 Rescriln

2289 5456 2330 5507 ιν
2354 5438 2439 5490 διὰ
2472 5437 2609 5490 θεῶν
2643 5440 2797 5507 ἀρπ.,
2830 5449 2887 5491 ut
2914 5447 2994 5491 est
3025 5440 3075 5491 in
3108 5440 3226 5492 rod.
3258 5431 3381 5491 817.

680 5499 793 5577 (At?)
823 5501 862 5552 Α
898 5504 1013 5577 sine
1042 5499 1669 5577 xci.-Synesius'Calvit.
1704 5499 1902 5577 p263":
1942 5507 2165 5577 ΔἘπειδὴ

2289 5499 2532 5560 οσέκειτο

2575 5501 2794 5579 μᾶλλον,
2822 5508 2990 5579 ᾇλλης
3020 5510 3115 5579 ὲπέ
3135 5508 3281 5579 άλλη
3304 5505 3629 5575 πιπτούσης,
3656 5502 3745 5574 ήδη
3770 5501 3813 5553 δὲ

605 5563 943 5647 ﬁnitioni.
968 5563 1372 5647 xa'rdt_rr).s'loug.
1407 5572 1610 5647 Inveni,
1644 5563 1782 5647 quod
1816 5574 2127 5647 amplector,
2152 5563 2174 5629 ’ἱ

2289 5578 2522 5647 silicibus
2554 5563 2792 5641 duobus,
2815 5577 2916 5647 ἤδη
2943 5563 3001 5631 δὲ
3039 5578 3131 5631 καὶ
3166 5563 3379 5632 σύνδυο.

675 5637 785 5722 (45)
816 5636 1012 5722 Lector
1041 5636 1605 5722 diligensailscripsit;
1636 5636 1699 5722 ad
1732 5636 2029 5722 marginem
2077 5636 2174 5699 coll

2307 5646 2605 5722 ᾼκστίχος.
2664 5636 2991 5722 Εκέίὐξξέιηι
3037 5663 3177 5716 smpe
3223 5648 3541 5722 auctoribus
3568 5640 3812 5722 prosairis

602 5720 822 5788 versus,
849 5711 1248 5788 acdpragsertim
1274 5711 1511 5788 iambici.
1562 5711 1754 5788 stultus
1784 5711 1953 5788 fni:_ea
1982 5714 2049 5767 de
2084 5730 2144 5767 re
2192 5716 2258 5788 ad
2303 5711 2681 5771 Aristaenetum
2720 5732 2774 5788 p.
2815 5716 2939 5781 9.55,
2976 5732 3039 5771 ac
3073 5711 3284 5787 possem
3332 5720 3494 5773 etiam
3528 5711 3612 5771 hic
3640 5713 3812 5767 inultus

603 5789 741 5841 esse,
771 5777 823 5831 ni
848 5777 1019 5831 satius
1050 5777 1323 5832 videretur
1347 5779 1594 5834 brevitati
1625 5782 1769 5836 circa
1804 5783 1929 5837 talia
1964 5798 2105 5838 nunc
2134 5786 2373 5839 studere.
