4042 6422
547 431 680 497 1107

1997 419 2371 481 ADDENDA.

3650 416 3775 483 1108

531 550 678 603 asina
706 546 938 612 Balaam,
963 544 1278 615 aperuisset,
1303 557 1363 598 ea
1392 557 1509 612 qua:
1536 542 1717 597 dicere
1768 540 1986 596 minime
2014 542 2097 595 in-

2224 544 2371 603 trpre'
2419 530 2514 586 καί
2558 548 2694 603 φησι
2743 530 2879 603 πρὸς
2911 530 3006 585 τὸν
3049 530 3305 602 βασιλέαο
3353 530 3519 600 Ἐγὼ,
3557 531 3789 599 βασιλεῦ,

533 642 777 695 stituerat
810 639 1115 708 prolocutus
1144 646 1244 702 est,
1277 637 1455 706 aitque
1475 634 1540 690 ad
1568 650 1744 705 regem
1777 651 1790 688 :
1822 634 1953 705 Ego,
1982 649 2097 702 rex,

536 730 628 786 Dei
661 729 988 798 providentia
1016 729 1067 782 in
1113 728 1363 781 mundum
1389 727 1546 791 veni;
1575 734 1969 796 cunspectoqne
1997 740 2106 780 cm-

540 819 610 885 lo,
657 831 821 884 terra,
875 821 1031 885 mari,
1093 818 1229 882 sole,
1279 833 1342 873 ac
1391 818 1535 883 luna,
1597 816 1922 886 reliquisque
1962 816 2106 884 ejus-

534 912 679 967 modi
712 912 891 976 rebus,
922 925 1103 966 earum
1132 920 1376 963 ornatum
1425 909 1716 962 admiratus
1765 921 1901 960 sum.
1953 905 2103 959 Mun-

534 1003 661 1054 dum
688 1010 884 1064 autem,
914 1015 1083 1069 eaque
1112 1001 1287 1055 omnia
1318 1013 1435 1068 quae
1463 997 1627 1068 ipsius
1651 995 1930 1064 complexu
1975 1010 2104 1049 con-

535 1092 794 1154 tineatur,
820 1091 1122 1145 necessario
1151 1087 1358 1143 moveri
1384 1086 1743 1156 conspiciens,
1776 1099 1896 1139 eum
1926 1098 1954 1135 a
1998 1098 2104 1153 quo

535 1186 776 1231 movetur
799 1186 853 1231 et
880 1189 1224 1232 conservatur
1244 1177 1410 1232 Deum
1437 1189 1556 1229 esse
1593 1174 1849 1228 intellexi.
1894 1173 2103 1227 Etenim

536 1270 788 1337 quidquid
806 1278 986 1327 movet
1016 1287 1080 1327 eo
1097 1274 1233 1342 quod
1259 1283 1499 1326 movetur
1521 1271 1709 1325 fortius
1730 1277 1811 1324 est
1833 1285 1848 1334 ;
1871 1278 1927 1324 et
1962 1272 2102 1339 quod

537 1360 776 1412 continet
802 1368 960 1429 atque
988 1370 1269 1415 conservat
1294 1361 1482 1415 fortius
1506 1368 1588 1414 est
1632 1372 1698 1413 eo
1745 1360 1886 1427 quod
1934 1362 2103 1413 cunti-

537 1462 692 1505 netur
728 1458 782 1505 et
831 1464 1201 1506 consermtur.
1234 1452 1491 1518 Quocirca
1537 1450 1708 1519 ipsum
1765 1449 1930 1503 Deum
1981 1464 2102 1505 esse

538 1537 659 1592 dico
739 1536 834 1607 qui
933 1537 1113 1593 omnia
1210 1539 1516 1609 procreavit
1602 1550 1759 1607 atque
1802 1548 2099 1604 conservat,

538 1632 736 1699 quique
767 1631 1036 1700 principiis
1065 1644 1257 1699 expers
1286 1639 1386 1693 est,
1419 1638 1471 1684 et
1506 1629 1857 1696 sempiternus
1906 1636 1961 1681 et
2000 1629 2098 1682 im~

536 1723 799 1787 mortalis,
829 1733 882 1775 et
908 1722 1049 1774 nulla
1077 1736 1134 1774 re
1181 1720 1443 1788 indigens,
1490 1719 1841 1787 omnibusque
1890 1728 2098 1786 pertur-

536 1810 837 1865 bationibus
884 1826 944 1865 ac
991 1809 1284 1865 defectibus
1327 1810 1626 1874 sublLtnior,
1658 1809 1758 1861 hoc
1797 1818 1877 1862 est
1928 1810 2005 1861 ira
2048 1816 2104 1862 et

2211 624 2437 696 προνοίᾳ
2481 623 2616 677 Θεοῦ
2657 619 2822 695 ἦλθον
2868 624 2949 686 εἰς
2992 623 3085 676 τὸν
3116 624 3355 693 κόσμον·
3389 623 3487 677 καὶ
3518 622 3793 694 θεωρήσας

2207 718 2300 771 τὸν
2331 717 2561 789 οὐρανὸν
2593 717 2688 770 καὶ
2715 719 2820 787 γῆν
2848 716 2943 770 καὶ
2976 716 3273 778 θάλασσαν,
3302 715 3457 785 ἥλιόν
3488 733 3549 768 τε
3585 718 3678 769 καὶ
3713 734 3793 770 σε-

2208 811 2379 883 λήνην
2410 812 2505 865 καὶ
2528 810 2598 864 τὰ
2625 809 2813 872 λοιπά,
2843 809 3133 880 ἐθαύμασα
3154 808 3254 879 τὴν
3276 808 3646 878 διακόσμησιν
3676 810 3785 863 τού-

2207 923 2337 959 των.
2381 903 2529 958 Ίδὼν
2552 904 2608 957 δὲ
2637 903 2731 958 τὸν
2757 903 2960 971 κόσμον
2985 902 3082 956 καὶ
3110 902 3179 955 τὰ
3207 904 3265 955 ὲν
3291 900 3445 969 αὐτῷ
3485 901 3685 964 πάντα,
3714 902 3791 955 ὅτι

2210 997 2353 1051 κατά
2395 996 2644 1068 ἀνάγκην
2675 996 2926 1056 κινεῖται,
2990 992 3203 1063 συνῆκα
3246 993 3340 1046 τὸν
3387 992 3649 1045 κινοῦντα
3702 994 3787 1046 καὶ

2209 1088 2605 1159 διακρατοῦντα
2635 1083 2773 1141 εἶναι
2804 1087 2936 1140 Θεόν
2957 1102 2971 1117 ο
3025 1088 3134 1140 πᾶν
3164 1086 3275 1157 γὰρ
3303 1086 3365 1139 τὸ
3410 1086 3602 1141 κινοῦν
3650 1088 3789 1157 ισχυ-

2213 1181 2434 1253 ρότερον
2469 1180 2563 1234 τοῦ
2609 1179 2950 1250 κινουμένου,
2992 1178 3087 1232 καὶ
3118 1178 3178 1233 τὸ
3203 1179 3536 1250 διακρατοῦν
3584 1180 3787 1250 ἰσχυρός

2210 1288 2368 1342 τερον
2414 1268 2509 1323 τοῦ
2565 1269 3031 1340 διακρατουμένου
3102 1269 3269 1323 ἐστίν.
3319 1269 3499 1322 Αὐτὸν
3525 1264 3620 1323 οὗν
3664 1271 3792 1338 λέγω

2212 1356 2351 1415 εἶναι
2381 1360 2514 1414 Θεὸν
2548 1360 2639 1415 τὸν
2678 1360 3087 1431 συστησάμενον
3122 1361 3191 1413 τὰ
3227 1361 3405 1413 πάντα
3444 1362 3538 1413 καὶ
3573 1360 3791 1431 διακρα-

2210 1453 2443 1519 τοῦντα,
2495 1454 2730 1525 ἄναρχον
2773 1454 2867 1507 καὶ
2894 1453 3085 1516 ἀΐδιον,
3135 1453 3404 1507 ἀθάνατον
3453 1454 3553 1507 καὶ
3597 1453 3792 1526 ἀπροσ-

2209 1545 2304 1614 δεῆ
2338 1545 2472 1615 (δι),
2500 1543 2773 1615 ἀνώτερον
2807 1544 3026 1597 πάντων
3066 1542 3176 1597 τῶν
3217 1543 3410 1596 παθῶν
3434 1544 3534 1596 καὶ
3565 1542 3788 1597 ἔλαττων

2216 1638 2421 1709 μάτων,
2452 1637 2625 1706 ὀργῆς
2649 1653 2707 1690 τε
2737 1636 2832 1688 καὶ
2852 1635 3026 1705 λήθης
3056 1634 3150 1689 καὶ
3179 1634 3405 1699 ἀγνοίας
3432 1633 3660 1687 καὶτῶν
3684 1634 3786 1687 λοι-

2214 1729 2354 1783 πῶν.
2392 1729 2471 1780 Δι’
2513 1725 2678 1781 αὐτοῦ
2708 1726 2762 1779 δὲ
2799 1724 2869 1779 τὰ
2895 1725 3075 1779 πάντα
3117 1724 3472 1795 συνέστηκεν.
3510 1725 3584 1778 Οὐ
3609 1724 3790 1795 χρῄζει

2215 1821 2407 1884 θυσίας
2437 1819 2532 1874 καὶ
2563 1819 2822 1890 σπονδῆς,
2857 1818 2977 1871 οὐδὲ
3009 1817 3231 1873 πάντων
3255 1816 3365 1871 τῶν
3419 1816 3755 1888 φαινομένων
3774 1832 3789 1847 ο

533 1898 800 1953 oblivione
820 1908 977 1968 atque
998 1899 1314 1968 ignorantia,
1337 1897 1662 1966 reliquisque
1682 1898 1926 1951 omnibus
1942 1898 2100 1951 rebus

2224 1914 2419 1975 πάντες
2446 1912 2503 1965 δὲ
2531 1911 2697 1965 αὐτοῦ
2728 1911 3011 1983 χρῄζουσι.

540 1991 755 2064 generis
790 1992 1055 2059 ejusdem.
1094 1991 1195 2046 Per
1230 1993 1406 2060 ipsum
1440 2000 1619 2047 autem
1671 1993 1851 2046 omnia
1893 2004 2271 2062 coagmentata
2301 2006 2354 2052 et
2398 2009 2652 2054 concreta
2703 2010 2833 2056 sunt
2858 2001 3030 2071 (Psal.
3060 2002 3173 2071 xv).
3210 2001 3321 2058 Nec
3352 2018 3484 2060 vero
3516 2007 3792 2063 sacrificii!

540 2093 634 2136 aut
666 2081 1037 2148 lihaminibus,
1070 2089 1163 2135 aut
1193 2081 1300 2136 ulla
1334 2081 1438 2134 alia
1465 2096 1523 2135 re
1556 2082 1609 2134 in
1638 2090 1919 2150 aspectum
1948 2082 2176 2140 cadente
2213 2099 2351 2156 Opus
2380 2086 2538 2143 habet
2567 2089 2705 2160 (Act.
2737 2090 2895 2161 XVII),
2921 2106 3109 2147 verum
3142 2101 3333 2147 contra
3356 2108 3552 2151 omnes
3578 2112 3642 2151 eo
3665 2114 3791 2169 Opus

540 2173 763 2228 habent.

608 2271 741 2328 Car.
784 2270 1092 2327 XXVII.—
1125 2271 1217 2325 llis
1259 2270 1328 2324 ita
1377 2273 1445 2326 de
1493 2272 1601 2326 Deo
1644 2256 2125 2335 commemoratis,

539 2362 984 2429 quemadmodum
1030 2362 1198 2431 ipsius
1250 2362 1508 2416 beneficio
1554 2362 1683 2415 milii
1713 2363 1779 2415 de
1825 2364 1940 2429 ipso
1970 2361 2112 2430 loqui

539 2469 851 2509 concessum
906 2462 1025 2519 est,
1057 2454 1121 2508 ad
1174 2454 1461 2508 humanum
1508 2467 1673 2523 genus
1727 2453 2022 2516 veniamus,
2054 2460 2113 2507 ut

515 2544 751 2611 quinam
784 2544 1016 2612 ipsorum
1052 2544 1309 2607 veritatis,
1342 2545 1556 2612 quinam
1585 2543 1785 2597 erroris
1827 2543 2112 2612 participes

536 2632 647 2687 sint
674 2635 1083 2701 conspiciamus.
1118 2634 1245 2687 Illud
1278 2648 1439 2697 enim,
1469 2648 1502 2688 o
1532 2649 1644 2699 rex,
1678 2633 1818 2687 inter
1856 2647 1954 2687 nos
1980 2647 2107 2687 con-

535 2734 660 2790 stat,
694 2722 794 2778 tria
824 2725 874 2779 iu
920 2726 1119 2779 mundo
1150 2726 1419 2779 hominum
1461 2740 1655 2796 genera
1683 2740 1823 2787 esse,
1856 2726 2101 2779 nimirum

536 2829 633 2869 eos
658 2815 747 2884 qui
780 2815 918 2883 apud
949 2830 1042 2870 vos
1075 2815 1294 2870 deorum
1337 2816 1568 2869 cultores
1610 2815 1859 2869 dicuntur
1880 2854 1896 2881 ,
1924 2825 1978 2869 et
2019 2814 2111 2868 Ju-

536 2906 703 2971 d-ros,
731 2917 786 2961 et
824 2907 1179 2962 Christianos.
1225 2910 1303 2963 Ac
1332 2894 1538 2962 rursum
1568 2924 1752 2963 eorum
1783 2910 1873 2977 qui
1914 2909 2108 2962 multos

537 2998 667 3053 deos
710 2998 891 3054 colunt
943 3000 1131 3068 triplex
1172 3014 1339 3070 genus
1381 3014 1537 3064 esse,
1568 3014 1762 3068 nempe
1808 2999 2107 3065 Chaldaeos,

537 3089 753 3142 Graecos
775 3099 828 3142 et
857 3087 1159 3160 Egyptios.
1189 3088 1319 3144 Nam
1344 3087 1395 3140 hi
1422 3088 1638 3155 reliquis
1666 3089 1968 3143 nationibus
1994 3088 2110 3158 plu-

539 3180 676 3232 rium
707 3179 926 3234 deorum
956 3181 1131 3234 cultus
1160 3188 1215 3233 et
1242 3178 1566 3233 adoratiunis
1596 3178 1755 3233 duces
1783 3192 1844 3233 ac
1870 3178 2107 3247 magistri
2146 3164 2192 3225 C

538 3269 775 3322 fuerunt.
820 3269 1078 3335 Quocirca
1125 3270 1338 3339 quinam
1378 3270 1611 3335 ipsorum
1642 3268 1695 3323 in
1723 3267 2110 3338 veritate,qut-

538 3372 660 3412 nam
690 3360 743 3412 in
766 3372 949 3414 errore
973 3346 1273 3426 versentur,
1300 3359 1591 3413 videamus.
1620 3359 1698 3413 Ac
1721 3356 1961 3413 Chaldaii
1989 3360 2109 3429 qui-

540 3449 665 3503 dem
709 3450 874 3505 Deum
906 3451 1232 3520 ignorantes,
1266 3460 1383 3519 pust
1412 3450 1680 3504 elementa
1710 3448 2109 3514 aberraverunt,

536 3554 730 3609 resque
749 3540 993 3595 conditas
1013 3540 1284 3595 Creatoris
1306 3539 1423 3594 loco
1443 3539 1619 3593 colere
1639 3547 1915 3607 creperum
1938 3555 1950 3590 :
1978 3552 2107 3607 qua-

541 3645 660 3684 rum
687 3630 848 3685 etiam
871 3644 990 3686 cum
1016 3631 1213 3684 formas
1235 3630 1486 3698 quasdam
1510 3628 1827 3692 ell‘ecissent,
1848 3643 1939 3683 eas
1966 3627 2109 3693 caeli,

541 3729 594 3773 et
620 3728 800 3784 terrae,
832 3728 888 3774 et
917 3721 1099 3787 maris,
1125 3730 1179 3774 et
1206 3720 1358 3786 solis,
1390 3733 1452 3774 ac
1482 3720 1618 3773 lunae
1638 3759 1655 3785 ,
1683 3718 2113 3788 reliquorumque

548 3809 935 3864 elementorum
957 3819 1011 3865 et
1030 3810 1265 3864 siderum
1297 3810 1517 3879 figuram
1545 3809 1899 3879 appellarunt,
1915 3822 2113 3877 easque

541 3916 630 3955 res
660 3902 713 3955 in
745 3902 955 3969 templis
987 3902 1264 3957 conclusas
1294 3902 1539 3967 adorant,
1569 3916 1632 3955 ac
1658 3902 1791 3956 deos
1821 3901 2112 3968 appellant.

541 3991 689 4057 Quos
722 3992 880 4046 etiam
909 3992 1188 4060 diligenter
1215 4005 1277 4048 ac
1303 3998 1543 4046 studiose
1568 4000 1785 4045 servant
1832 4005 1899 4044 ne
1923 4005 1953 4043 a
1981 3990 2113 4043 furi-

540 4080 643 4136 bus
669 4081 1053 4151 subripiantur.
1081 4081 1191 4137 Nec
1230 4081 1359 4136 illud
1406 4082 1531 4150 ipsis
1579 4082 1630 4134 in
1672 4090 1904 4134 mentem
1951 4089 2113 4150 venit,

541 4172 794 4243 quidquid
817 4183 999 4228 servat
1025 4188 1092 4228 eo
1112 4173 1251 4242 quod
1279 4183 1520 4227 servatur
1544 4170 1717 4240 majus
1738 4185 1879 4237 esse,
1905 4179 1957 4225 et
1988 4172 2115 4225 item

541 4280 664 4320 eum
693 4266 781 4334 qui
810 4264 1011 4334 aliquid
1049 4265 1212 4320 efficit
1241 4280 1306 4320 eo
1348 4264 1489 4333 quod
1519 4264 1750 4318 efﬁcitur
1779 4266 2115 4332 praestantio-

438 4427 442 4432 '
540 4367 656 4410 rem
684 4369 827 4410 esse.
873 4354 1005 4411 Nam
1039 4357 1081 4409 si
1108 4358 1338 4425 ipsorum
1367 4355 1438 4409 dii
1471 4370 1534 4410 ea
1580 4355 1946 4410 imbecillitate
1972 4364 2115 4418 sunt,

542 4455 600 4499 ut
628 4444 785 4499 saluti
833 4459 944 4500 sua:
988 4446 1271 4501 consulere
1314 4456 1613 4515 nequeant,
1641 4461 1869 4515 quonam
1905 4445 2116 4499 tandem

542 4545 699 4603 pacto
726 4534 844 4589 aliis
890 4536 1115 4589 salutem
1160 4536 1418 4590 afferent?
1467 4539 1644 4606 Itaque
1692 4551 1882 4607 magno
1928 4551 2115 4591 errore

542 4623 779 4677 Chaldaei
828 4624 964 4691 lapsi
1009 4634 1172 4692 sunt,
1203 4636 1442 4681 mortuas
1490 4640 1544 4684 et
1591 4629 1831 4682 utilitatis
1877 4637 2119 4698 expertes

544 4724 747 4769 statuas
786 4724 1121 4770 venerantes.
1150 4717 1325 4786 Atque
1373 4718 1532 4772 etiam
1572 4718 1702 4774 mihi
1747 4720 1925 4773 mirari
1956 4721 2120 4784 subit,

544 4821 577 4861 ο
602 4820 721 4872 rex,
747 4820 979 4875 quonam
1013 4807 1168 4860 modo
1194 4807 1233 4861 ii
1261 4807 1353 4878 qui
1383 4809 1519 4877 apud
1548 4823 1642 4865 eos
1687 4810 2120 4881 philosophorum

548 4912 745 4953 nomen
767 4898 1034 4963 obtinent,
1059 4898 1187 4953 illud
1213 4900 1617 4971 haudquaquam
1635 4904 2121 4971 animadverterint,

546 4991 809 5046 elementa
837 5006 1051 5060 quoque
1080 4993 1317 5046 interitui
1348 4994 1577 5050 obnoxia
1597 5009 1738 5051 esse.
1764 4996 1915 5062 Quod
1938 4997 1981 5050 si
2012 4998 2122 5051 οἰο-

546 5093 726 5138 menta
753 5082 990 5138 interitui
1019 5084 1237 5139 omnino
1257 5086 1485 5140 obnoxia
1513 5102 1577 5141 ac
1596 5089 1833 5157 subjecta
1864 5097 2008 5153 sunt,
2028 5088 2121 5156 qui

515 5173 756 5258 ﬁtandem
802 5171 876 5226 dii
924 5185 1047 5228 esse
1096 5174 1327 5242 queant?
1357 5175 1509 5242 Quod
1550 5177 1596 5230 si
1626 5177 1886 5231 elementa
1917 5177 1989 5231 dii
2018 5193 2123 5232 IIO-I

546 5266 675 5329 sint,
705 5278 936 5335 quonam
966 5266 1127 5320 modo
1154 5274 1366 5335 status,
1393 5283 1510 5337 qua:
1548 5284 1733 5325 eorum
1760 5272 1972 5325 nomine
1999 5283 2124 5323 ceu.

549 5367 848 5421 struuntur,
882 5357 955 5411 dii
985 5357 1174 5413 erunt?

2293 2278 2452 2332 ΚΕΦ.
2483 2279 2610 2331 KZ'.
2652 2275 2870 2330 Τούτων
2908 2276 3083 2340 οὕτως
3129 2278 3440 2348 εἰρημένων
3474 2280 3605 2349 περὶ
3646 2280 3790 2333 Θεοῦ.

2225 2368 2404 2433 καθὼς
2433 2370 2531 2439 ἐμὲ
2567 2367 2813 2440 ἐχώρησε
2844 2369 2973 2437 περὶ
3007 2369 3174 2422 αὑτοῦ
3201 2369 3400 2438 λέγειν,
3430 2370 3678 2442 ἔλθωμεν
3706 2375 3790 2425 καὶ

2224 2461 2317 2515 ἐπὶ
2343 2461 2404 2514 τὸ
2441 2459 2783 2533 ἀνθρώπινον
2829 2460 3006 2529 γένος,
3035 2462 3184 2525 ὅπως
3225 2462 3425 2532 ἴδωμεν
3448 2463 3594 2526 τίνες
3626 2464 3793 2516 αὐτῶν

2228 2552 2515 2623 μετέχουσι
2540 2550 2703 2624 240
2731 2554 2829 2623 τῆς
2861 2551 3122 2623 ἀληθείας
3151 2554 3245 2606 καὶ
3275 2554 3419 2618 τίνες
3446 2554 3547 2625 τῆς
3576 2555 3790 2628 πλάνης.

2224 2645 2461 2715 Φανερὸν
2504 2645 2612 2715 γάρ
2660 2647 2807 2698 ἐστιν
2848 2646 3001 2715 ἡμῖν,
3048 2639 3093 2699 ὦ
3123 2645 3362 2716 βασιλεῦ,
3395 2649 3477 2701 ὅτι
3512 2648 3642 2719 τρία
3674 2652 3794 2719 γένη

2226 2738 2362 2791 εἰσὶν
2390 2736 2695 2807 ἀνθρώπων
2725 2737 2784 2790 ὲν
2816 2735 2953 2807 τῷδε
2985 2737 3064 2807 τῷ
3094 2737 3313 2809 κόσμῳ·
3347 2732 3424 2793 ὧν
3459 2740 3598 2792 είσιν
3624 2742 3672 2793 oi
3698 2740 3795 2793 τῶν

2226 2830 2356 2900 παρ’
2391 2829 2545 2899 ὑμῶν
2583 2829 2893 2899 λεγομένων
2935 2828 3073 2882 θεῶν
3104 2831 3504 2902 προσκυνηταὶ,
3537 2834 3633 2884 καὶ
3678 2833 3796 2885 ’1ου-

2225 2921 2385 2987 δαῖοι,
2432 2921 2527 2975 καὶ
2555 2920 2906 2993 Χριστιανοίο
2940 2920 3097 2974 αὐτοὶ
3126 2920 3184 2975 δὲ
3229 2921 3412 2986 πάλιν,
3444 2924 3494 2976 oi
3525 2924 3648 2987 τοὺς
3678 2923 3798 2976 πολ-

2224 3011 2351 3075 λοὺς
2400 3012 2684 3081 σεϐόμενοι
2732 3011 2920 3077 θεοὺς,
2956 3012 3034 3075 είς
3081 3010 3211 3082 τρία
3254 3011 3593 3084 διαιροῦνται
3650 3014 3796 3083 γένη,

2226 3103 2531 3167 Χαλδαίους
2573 3120 2635 3156 τε
2680 3104 2776 3156 καὶ
2815 3102 3086 3174 Ἕλληνας
3136 3104 3231 3156 καί.
3259 3104 3628 3173 Αἰγυπτίους·
3662 3098 3800 3158 οῦτοι

2223 3195 2330 3265 γὰρ
2372 3195 2661 3263 γεγόνασιν
2695 3195 2932 3265 ἀρχηγοὶ
2972 3194 3067 3248 καὶ
3099 3194 3413 3249 διδάσκαλοι
3447 3198 3561 3258 τοῖς
3597 3196 3799 3258 λοιποῖς

2223 3285 2404 3338 ἔθνεσι
2449 3286 2549 3355 τῆς
2601 3286 2711 3339 τῶν
2775 3285 3148 3357 πολυωνύμων
3204 3286 3345 3340 θεῶν
3394 3286 3649 3358 λατρείας
3712 3288 3800 3342 καὶ

2224 3378 2667 3449 προσκυνήσεως.
2703 3376 2931 3448 ’Ἱδωμεν
2960 3373 3053 3431 οῦν
3089 3378 3236 3442 τίνες
3277 3377 3487 3432 τούτων
3523 3378 3800 3449 μετέχουσι

2224 3468 2325 3537 τῆς
2355 3467 2614 3537 ἀληθείας
2638 3468 2734 3521 καὶ
2755 3468 2902 3531 τίνες
2927 3469 3027 3538 τῆς
3052 3468 3282 3540 πλάνης.
3315 3470 3377 3522 Oi
3410 3469 3509 3538 μὲν
3537 3468 3644 3540 γὰρ
3669 3469 3802 3523 Xal-

2223 3560 2384 3625 δαῖοι,
2436 3562 2486 3614 οἱ
2523 3561 2598 3633 μὴ
2637 3562 2841 3625 εἰδότες
2871 3562 3027 3626 Θεὸν,
3070 3562 3459 3633 ἐπλανήθησαν
3494 3563 3668 3616 ὀπίσω
3700 3563 3802 3616 τῶν

2228 3653 2510 3723 στοιχείων
2543 3654 2639 3707 καὶ
2687 3654 2923 3725 ἤρξαντο
2964 3653 3221 3707 σέϐεσθαι
3270 3653 3371 3723 τὴν
3426 3654 3605 3707 κτίσιν
3655 3654 3798 3725 παρά

2226 3745 2317 3798 τὸν
2349 3746 2627 3801 Κτίσαντα
2661 3747 2857 3811 αὐτούς
2888 3747 3023 3818 (55)·
3051 3742 3127 3801 ὧν
3161 3749 3257 3801 καὶ
3294 3748 3641 3820 μορφώματά
3689 3767 3801 3802 τινα

2229 3839 2555 3909 ποιήσαντες
2584 3839 2874 3909 ὠνόμασαν
2919 3837 3294 3907 ὲκτυπώματα
3323 3839 3420 3892 τοῦ
3455 3841 3681 3912 οὐρανοῦ
3713 3841 3801 3894 καὶ

2228 3928 2332 3997 τῆς
2354 3929 2453 3998 γῆς
2500 3928 2595 3983 καὶ
2644 3930 2743 4001 τῆς
2793 3929 3089 4000 θαλάσσης,
3129 3928 3284 4000 ἡλίου
3335 3946 3397 3983 τε
3431 3932 3530 3984 καὶ
3560 3931 3799 4003 σελήνης,

2230 4019 2326 4073 καὶ
2371 4019 2481 4074 τῶν
2520 4020 2722 4075 λοιπῶν
2773 4019 3054 4090 στοιχείων
3088 4018 3122 4090 ἦ
3160 4022 3487 4092 φωστήρων,
3535 4023 3656 4087 καὶ,
3689 4040 3802 4090 συτο

2231 4107 2543 4173 κλείσαντες
2568 4110 2735 4173 ναοῖς,
2778 4108 3145 4179 προσκυνοῦσι
3203 4108 3360 4173 θεοὺς
3383 4110 3687 4177 καλοῦντες,
3716 4110 3803 4175 οὓς

2232 4198 2329 4252 καὶ
2376 4200 2640 4270 τηροῦσιν
2684 4198 2943 4268 ἀσφαλῶς
2991 4200 3080 4253 ἵνα
3140 4198 3216 4271 μὴ
3265 4201 3549 4255 κλαπῶσιν
3578 4202 3679 4255 ὑπὸ
3720 4201 3805 4271 λῃ·

2235 4292 2376 4345 στῶν
2405 4292 2539 4363 (56).
2573 4292 2683 4347 Καὶ
2716 4292 2776 4345 οὐ
2812 4291 3057 4362 συνῆκαν
3100 4292 3183 4345 ὅτι
3220 4294 3327 4348 πᾶν
3357 4293 3417 4347 τὸ
3459 4293 3654 4365 τηροῦν
3688 4297 3800 4364 μεῖο

2234 4380 2328 4445 ζον
2365 4381 2460 4435 τοῦ
2508 4381 2849 4453 τηρουμένου
2896 4381 3036 4445 ἐστὶ,
3072 4381 3167 4434 καὶ
3195 4383 3224 4435 ὁ
3257 4383 3425 4436 ποιῶν
3466 4383 3661 4453 μείζων
3690 4384 3799 4437 ἐστὶ

2233 4472 2329 4526 τοῦ
2367 4474 2724 4544 ποιουμένου⁶
2776 4475 2825 4527 εί
2856 4473 2966 4545 γὰρ
3009 4472 3365 4527 ἀδυνατοῦσιν
3402 4476 3450 4528 οί
3494 4474 3605 4528 θεοὶ
3630 4473 3799 4528 αὐτῶν

2234 4564 2363 4634 περὶ
2389 4564 2487 4634 τῆς
2520 4564 2656 4629 ἰδίας
2687 4565 2985 4636 σωτηρίας,
3030 4564 3151 4629 πῶς
3180 4565 3364 4629 ἄλλοις
3396 4566 3666 4637 σωτηρίαν
3706 4584 3799 4637 χα-

2238 4658 2510 4729 ρίσονται;
2543 4658 2757 4730 Πλάνην
2784 4654 2878 4713 οὖν
2912 4658 3157 4731 μεγάλην
3182 4659 3573 4731 ἐπλανήθησαν
3598 4661 3645 4713 οἱ
3668 4659 3799 4713 Xa).-

2234 4749 2407 4813 δαῖοι,
2462 4750 2745 4821 σεϐόμενοι
2791 4750 3087 4821 ἀγάλματα
3155 4749 3325 4821 νεκρά
3384 4751 3477 4804 καὶ
3532 4750 3795 4819 ἀνωφελῆ.

2237 4842 2350 4897 Καὶ
2378 4841 2681 4913 θαυμάζειν
2715 4860 2806 4915 μοι
2858 4844 3178 4915 ἐπέρχεται,
3234 4837 3280 4896 ὦ
3316 4842 3561 4914 βασιλεῦ,
3612 4844 3721 4908 πῶς
3754 4843 3800 4895 oi

2238 4934 2523 5005 λεγόμενοι
2552 4935 2834 5005 φιλόσοφοι
2864 4936 3043 4990 αὐτῶν
3075 4936 3307 4999 οὺδόλως
3340 4937 3585 5006 συνῆκαν
3613 4939 3691 4990 ὅτι
3718 4935 3802 4988 καὶ

2245 5026 2386 5082 αὐτὰ
2420 5027 2486 5080 τὰ
2520 5030 2759 5098 στοιχεῖα
2811 5027 3027 5099 φθαρτά
3060 5028 3230 5082 ἐστιν.
3273 5029 3337 5081 ΕΞ
3366 5028 3425 5081 δὲ
3458 5028 3528 5081 τὰ
3584 5031 3803 5099 στοιχεῖα

2245 5119 2458 5190 φθαρτά
2494 5120 2610 5170 ἐστι
2654 5118 2751 5171 καὶ
2794 5118 3209 5189 ὑποτασσόμενα
3239 5118 3379 5172 κατά
3413 5118 3676 5189 ἀνάγκην,
3704 5119 3802 5180 πῶς

2243 5213 2349 5266 εἰσι
2405 5211 2552 5276 θεοί;
2590 5210 2748 5283 241
2800 5212 2850 5264 εί
2897 5211 2956 5264 δὲ
3001 5210 3071 5264 τὰ
3104 5213 3349 5282 στοιχεῖα
3382 5212 3483 5265 οὐκ
3534 5213 3641 5265 είσὶ
3685 5211 3801 5271 θεοὶ,

2244 5301 2362 5365 πῶς
2386 5303 2455 5356 τὰ
2485 5301 2801 5372 ἀγάλματα,
2830 5301 2868 5356 ἀ
2898 5301 3125 5370 γέγονεν
3157 5301 3239 5365 είς
3269 5302 3436 5373 τιμὴν
3469 5303 3672 5369 αὐτῶν,
3703 5298 3802 5355 θεοὶ

2246 5391 2583 5462 ὑπάρχουσιν
2599 5408 2613 5456 ;

530 5516 537 5537 ζ
563 5634 578 5639 Α
623 5562 741 5639 *(54)
759 5559 901 5639 ,Αἐι.
921 5563 1024 5639 Ap.
1045 5579 1177 5639 gvtt,
1202 5564 1522 5639 2__5,_de_l_)eo
1552 5585 1579 5639 εξ
1603 5566 1740 5622 Οὐδὲ
1764 5567 2112 5639 προσδεόμενι

2224 5565 2699 5639 wogPlutarclms
2748 5565 2921 5622 Arist.
2954 5575 3008 5621 et
3036 5565 3157 5639 Cat.
3186 5566 3499 5639 Compar.)
3530 5584 3544 5620 :
3589 5565 3797 5639 ’ᾼπροστ

556 5632 683 5705 δεῆς
717 5634 816 5711 μὲν
844 5632 1015 5711 γάρῂιξδ⁸
1042 5635 1185 5711 θεός.
1220 5634 1603 5711 V‘i‘deANodell.
1640 5639 1693 5694 in
1739 5632 1969 5698 classico
1997 5632 2112 5697 Dial

2244 5648 2281 5695 t.
2315 5637 2382 5707 Χ,
2428 5654 2481 5711 p.
2518 5638 2640 5705 162,
2673 5649 2726 5695 οι
2756 5653 2877 5709 quas
2922 5637 3149 5710 apposui
3183 5632 3345 5705 supra
3380 5645 3417 5691 t.
3446 5636 3487 5702 l,
3526 5652 3579 5707 p.
3609 5632 3720 5701 197,
3748 5632 3799 5686 ad

560 5702 932 5770 sententiam,
957 5702 1022 5758 '0
1051 5704 1185 5769 Θεὸς
1211 5705 1425 5771 οὐδενὸς
1454 5707 1649 5763 δεῖται.

630 5773 1232 5918 eis-"~5-
