4042 6484
302 442 435 511 1109

1366 444 1543 507 νΙΤΑ
1577 443 1935 505 BARLAAM
1972 443 2077 504 ΕΤ
2104 443 2454 505 JOASAPH.

3404 447 3533 512 1110

352 545 638 617 meum
668 542 782 616 οῦν,
821 543 868 606 ὦ
901 552 1143 623 βασιλεῦ,
1176 557 1263 611 ἐπ’
1293 556 1434 612 αὐτὰ
1461 557 1532 613 τὰ
1580 560 1850 628 στοιχεῖα,

2031 553 2116 612 Ad
2137 556 2249 624 ipsa
2295 556 2454 629 igitur
2482 559 2769 627 elementa,
2802 578 2835 619 o
2862 581 2974 632 rex,
3007 568 3350 636 accedamus,
3373 579 3430 626 ut
3470 587 3535 629 ea

280 639 428 702 ὅπως
480 640 854 713 ἀποδείξωμεν
883 648 1013 718 περὶ
1046 649 1234 702 αὐτῶν
1276 649 1361 704 δτι
1398 651 1500 704 οὐκ
1556 649 1662 704 εἰσὶ
1710 650 1854 715 θεοὶ,

279 723 415 779 ἀλλὰ
444 726 662 798 φθαρτά
690 730 783 783 καὶ
808 730 1185 806 ἀλλοιούμενα,
1218 739 1283 791 ὲκ
1299 737 1393 792 τοῦ
1434 739 1508 810 μὴ
1532 740 1683 803 θντος
1713 757 1856 811 παρ-

278 814 515 884 αχθέντα
560 821 945 892 προστάγματι
987 825 1083 879 τοῦ
1155 829 1326 893 ὅντως
1366 828 1505 883 Θεοῦ
1531 871 1547 895 ,
1598 831 1660 893 ὃς
1711 832 1857 884 ἐστιν

278 906 558 977 ἄφθαρτός
590 927 649 963 τε
680 913 774 966 καὶ
816 916 1173 983 ἀναλλοίωτος
1202 922 1294 974 καὶ
1323 921 1572 992 ἀόρατος
1607 921 1771 986 αὐτὸς
1801 922 1857 976 δὲ

279 997 460 1052 πάντα
486 1002 618 1071 ὁρᾷ,
659 1003 776 1070 καὶ,
812 1007 993 1072 καθὼς
1032 1009 1301 1080 βούλεται,
1330 1010 1532 1066 ἀλλοιοῖ
1564 1012 1657 1066 καὶ
1686 1030 1856 1084 μετα-

277 1084 484 1143 ϐάλλει.
513 1090 577 1143 Τί
605 1086 699 1145 οὖν
727 1093 869 1163 λέγω
897 1098 1023 1171 περὶ
1056 1100 1165 1153 τῶν
1193 1102 1465 1173 στοιχείων
1488 1123 1503 1172 ;

347 1179 411 1232 Oi
442 1182 754 1252 νομίζοντες
792 1189 885 1242 τὸν
913 1192 1144 1262 οὐρανὸν
1183 1190 1323 1249 εἶναι
1364 1196 1484 1251 θεὸν
1519 1197 1849 1253 πλανῶνται.

256 1268 538 1343 βορῶμεν
572 1277 683 1349 γὰρ
726 1281 888 1336 αὐτὸν
917 1284 1253 1356 τρεπόμενον
1295 1289 1390 1341 καὶ
1433 1288 1575 1343 κατὰ
1606 1290 1856 1360 ἀνάγκην

276 1363 617 1435 κινούμενον,
656 1371 751 1425 καὶ
783 1373 849 1427 ὲκ
884 1374 1097 1429 πολλῶν
1143 1378 1475 1432 συνεστῶτα·
1510 1364 1593 1433 διδ
1635 1381 1730 1435 καὶ
1763 1379 1857 1434 κό-

276 1470 415 1522 σμος
449 1458 717 1527 καλεῖται,
751 1464 970 1535 Κόσμος
1010 1466 1067 1519 δὲ
1096 1471 1406 1541 κατασκευή
1437 1470 1556 1523 ὲστί
1586 1488 1732 1535 τινος
1763 1488 1855 1524 τε-

272 1546 480 1617 χνίτουο
510 1551 573 1604 τὸ
620 1557 1064 1612 κατασκευασθὲν
1094 1559 1152 1613 δὲ
1187 1561 1363 1632 ἀρχήν
1398 1564 1492 1616 καὶ
1534 1563 1687 1626 τέλος
1717 1563 1850 1633 ἔχει.

277 1637 524 1694 Κινεῖται
554 1642 610 1697 δὲ
640 1645 669 1697 ὁ
694 1646 923 1718 οὐρανὸς
954 1652 1096 1707 κατὰ
1124 1653 1372 1723 ἀνάγκην
1418 1655 1515 1707 σὺν
1543 1656 1655 1719 τοῖς
1685 1654 1851 1708 αὑτοῦ

275 1731 582 1803 φωστῆρσι·
613 1737 683 1790 τὰ
710 1738 820 1809 γὰρ
847 1741 1023 1814 ἄστρα
1045 1745 1201 1813 τάξει
1250 1746 1343 1799 καὶ
1389 1745 1716 1817 διαστήματι
1755 1764 1851 1816 φεο

279 1820 484 1891 ρόμενα
508 1825 615 1880 ἀπὸ
645 1832 893 1900 σημείου,
935 1836 1015 1897 είς
1049 1838 1297 1907 σημεῖον,
1331 1837 1382 1890 oi
1414 1836 1513 1907 μὲν
1546 1836 1658 1907 (57)
1697 1836 1852 1890 660b-

276 1930 385 1980 σιν,
434 1917 483 1968 οἱ
530 1917 588 1970 δὲ
617 1920 1003 1989 ἀνατέλλουσι,
1035 1926 1131 1978 καὶ
1169 1925 1313 1979 κατὰ
1351 1927 1578 1997 καιροὺς
1624 1925 1851 1996 πορείαν

274 2005 557 2065 ποιοῦνται
588 2011 682 2064 τοῦ
730 2014 1013 2069 ἀποτελεῖν
1056 2016 1189 2089 θέρη
1231 2018 1326 2071 καὶ
1378 2016 1678 2088 χειμῶνας,
1710 2017 1851 2072 καθά

273 2098 628 2156 ἐπιτέτακται
658 2105 844 2167 αὐτοῖς
884 2109 1034 2178 παρὰ
1062 2108 1155 2162 τοῦ
1182 2108 1340 2173 Θεοῦ,
1370 2110 1465 2163 καὶ
1493 2110 1552 2163 ού
1582 2110 1852 2181 παραϐαί-

272 2208 426 2247 νουσι
457 2196 582 2258 τοὺς
632 2196 795 2261 ἰδίους
827 2198 1018 2269 ὅρους,
1051 2200 1191 2254 κατὰ
1234 2199 1608 2273 ἀπαραίτητον
1637 2200 1851 2271 φύσεως

269 2283 542 2357 ἀνάγκην,
590 2287 688 2341 σὺν
730 2287 809 2360 τῷ
851 2292 1088 2363 οὐρανίῳ
1136 2293 1346 2363 κόσμῳ.
1400 2293 1564 2346 Ὅθεν
1616 2294 1850 2363 φανερόν

271 2375 390 2429 ἐστι
424 2376 501 2449 μὴ
533 2373 671 2433 εἶναι
703 2379 796 2434 τὸν
819 2382 1047 2455 οὐρανὸν
1082 2383 1223 2449 θεὸν,
1254 2383 1369 2438 ἀλλ’
1399 2384 1559 2457 ἔργον
1584 2383 1741 2438 Θεοῦ.

340 2546 405 2600 Οί
436 2546 497 2600 δὲ
528 2548 837 2618 νομίζοντες
859 2550 960 2622 τὴν
992 2552 1095 2623 γῆν
1120 2549 1260 2607 εἶναι
1288 2551 1418 2606 θεὰν
1446 2551 1848 2622 ἐπλανήθησαν.

278 2631 531 2706 Ὀρῶμεν
558 2636 668 2708 γὰρ
693 2638 862 2709 αὐτὴν
890 2639 994 2692 ὑπὸ
1017 2639 1128 2694 τῶν
1151 2640 1455 2712 ἀνθρώπων
1481 2638 1848 2711 ὐῦριζομένην

264 2727 364 2781 καὶ
393 2731 937 2801 κατακυριευομένην
960 2733 1055 2785 καὶ
1079 2733 1393 2804 φυρομένην
1418 2732 1529 2805 (58)
1562 2732 1656 2786 καὶ
1680 2733 1851 2804 ἄχρη-

264 2836 395 2875 στον
420 2822 732 2893 γινομένην.
776 2821 902 2876 Ἐὰν
932 2822 1041 2894 γὰρ
1066 2823 1300 2895 ὀπτηθῇ,
1327 2824 1537 2892 γίνεται
1561 2825 1748 2893 νεκρά·
1783 2825 1849 2876 ἐκ

265 2912 380 2983 γὰρ
402 2912 498 2966 τοῦ
530 2914 800 2985 ὀστράκου
831 2915 1028 2983 φύεται
1057 2915 1229 2971 οὐδέν.
1274 2916 1395 2969 Ἔτι
1426 2916 1482 2969 δὲ
1508 2917 1604 2969 καὶ
1635 2915 1729 2968 ἐὰν
1760 2917 1851 2969 ἐπὶ

264 3008 436 3063 πλέον
454 3008 615 3080 242
641 3009 839 3081 βραχῇ,
859 3010 1140 3082 φθείρεται
1167 3011 1264 3065 καὶ
1280 3010 1419 3082 αὐτή
1444 3011 1540 3064 καὶ
1565 3012 1615 3063 οἱ
1647 3012 1851 3081 καρποὶ

263 3100 459 3170 αὐτῆς.
488 3103 896 3155 Καταπατεῖται
911 3102 968 3155 δὲ
990 3101 1097 3155 ὑπό
1113 3119 1172 3155 τε
1191 3102 1286 3156 ἀνθ
1297 3102 1494 3174 ρώπων
1513 3101 1728 3155 καὶτῶν
1741 3102 1851 3155 λοι-

1961 645 2093 702 deos
2115 663 2221 702 non
2245 663 2370 706 esse
2393 650 2843 721 demonstremus,
2866 657 2957 712 sed
2980 662 3307 728 corruptioni
3331 675 3394 716 ac
3419 678 3535 717 mu-

1964 736 2152 792 tationi
2178 739 2438 809 subjecta,
2488 753 2649 813 atque
2693 759 2758 799 ex
2798 747 2963 803 nihilo
2990 751 3041 803 in
3081 760 3259 806 ortum
3304 754 3413 808 veri
3444 753 3537 811 Dei

1952 825 2110 903 jussu
2140 829 2395 896 producta
2422 846 2560 897 esse,
2592 835 2680 903 qui
2709 837 2924 905 quidem
2966 843 3321 910 corruptionis
3350 852 3405 898 et
3433 843 3536 897 im-

1964 918 2275 973 mutatioois
2314 935 2508 989 expers
2537 932 2641 984 est.
2672 934 2727 979 et
2769 927 3066 994 invisibilis,
3098 940 3391 999 contraque
3425 935 3537 1000 ipse

1964 1007 2140 1061 omnia
2162 1009 2351 1073 cernit,
2378 1019 2432 1064 et
2459 1012 2718 1075 arbitratu
2745 1031 2842 1071 suo
2868 1016 3110 1075 immutat
3133 1029 3294 1091 atque
3312 1035 3538 1075 conver-

1966 1095 2049 1150 tit.
2081 1096 2216 1163 Quid
2243 1099 2405 1168 igitur
2432 1101 2500 1155 de
2527 1103 2810 1160 elementis
2829 1107 2985 1162 dico?

2035 1187 2134 1254 Qui
2180 1191 2372 1245 ccelum
2420 1192 2577 1247 deum
2622 1210 2741 1249 esse
2786 1199 3371 1267 arbitrantur,errant.
3400 1203 3535 1260 Nam

1963 1276 2139 1346 ipsum
2160 1280 2423 1345 converti,
2450 1296 2512 1336 ac
2537 1286 2840 1341 necessario
2866 1290 3093 1353 moveri,
3114 1300 3273 1361 atque
3300 1307 3368 1348 ex
3399 1293 3534 1347 mut»

1963 1371 2033 1423 tis
2062 1370 2223 1425 rebus
2251 1383 2497 1428 constare
2538 1375 2804 1440 videmus;
2840 1391 3118 1449 propterea
3159 1385 3301 1440 enim
3341 1384 3529 1456 κόσμτε

1962 1457 2013 1513 id
2040 1469 2123 1514 est
2150 1461 2380 1516 mundus
2417 1464 2728 1532 appellatur.
2758 1466 2982 1523 Mundus
3012 1488 3169 1540 porro
3197 1474 3413 1528 artiﬁcis
3439 1489 3537 1531 cus

1963 1561 2171 1634 jusdam
2199 1564 2523 1617 constructio
2549 1574 2651 1618 est.
2668 1564 2821 1629 Quod
2843 1574 3020 1619 autem
3042 1574 3401 1621 constructum
3424 1574 3528 1630 est,

1966 1650 2280 1720 principium
2306 1664 2370 1706 ac
2396 1652 2554 1706 ﬁnem
2576 1653 2753 1708 habet.
2793 1656 2861 1708 At
2889 1655 3083 1710 caelum
3110 1670 3213 1710 una
3240 1669 3362 1710 cum
3388 1654 3527 1712 side-

1964 1740 2108 1795 ribus
2137 1740 2250 1794 suis
2277 1741 2579 1795 necessario
2615 1751 2888 1807 movetur;
2919 1743 3180 1812 siquidem
3210 1753 3354 1799 astra
3379 1753 3530 1800 certo

1963 1829 2151 1884 ordine
2176 1843 2238 1883 ac
2263 1830 2437 1895 spatio
2466 1830 2714 1898 impulsa,
2744 1847 2771 1883 a
2800 1841 2995 1900 puncto
3024 1832 3075 1886 in
3106 1843 3379 1902 puuctum,
3411 1848 3532 1901 par-

1883 1894 1932 1956 B
1963 1920 2058 1974 tim
2105 1919 2374 1985 occidunt,
2406 1920 2596 1990 partim
2650 1922 2994 1988 exoriuntur,
3021 1924 3284 1993 certisque
3327 1933 3531 1992 tempo-

1960 2026 2076 2065 rum
2110 2012 2296 2079 spatiis
2324 2012 2423 2067 iter
2454 2027 2609 2067 suum
2655 2014 2875 2080 obeunt,
2905 2022 2962 2068 ut
2985 2023 3197 2071 mstates
3224 2024 3277 2070 et
3307 2017 3528 2078 hiemes,

1959 2099 2410 2167 quemadmodum
2437 2100 2565 2169 ipsis
2585 2115 2614 2153 a
2646 2101 2755 2156 Deo
2790 2103 3105 2170 imperatum
3136 2114 3249 2171 est,
3272 2103 3525 2157 efﬁciant.

1957 2188 2066 2244 Nec
2088 2189 2230 2258 leges
2248 2190 2349 2246 sibi
2368 2188 2517 2259 juxta
2540 2189 2903 2246 inevitabilem
2932 2200 3135 2247 naturae
3160 2193 3529 2248 necessitatem

1957 2283 2274 2338 constitutas
2300 2265 2423 2337 cum
2468 2283 2676 2338 caelesti
2723 2293 2911 2339 ornatu
2961 2285 3271 2353 infringunt.
3320 2287 3396 2339 Ex
3425 2300 3531 2350 quo

1957 2375 2295 2444 perspicuum
2346 2382 2449 2441 est,
2478 2375 2673 2432 coelum
2728 2393 2834 2432 non
2881 2377 3065 2446 deum,
3109 2378 3205 2435 sed
3257 2379 3351 2434 Del
3395 2393 3531 2449 opus

1957 2480 2099 2521 esse.
2750 2463 2752 2466 ’

2028 2559 2130 2625 Qui
2159 2568 2340 2614 autem
2384 2566 2576 2615 terram
2609 2560 2761 2616 deam
2789 2576 2909 2618 esse
2937 2571 3177 2630 censent,
3204 2570 3404 2620 errant.
3442 2563 3531 2619 Vi-

1958 2650 2147 2705 demus
2191 2650 2332 2705 enim
2363 2665 2479 2705 eam
2510 2651 2577 2706 ab
2609 2652 2911 2707 hominibus
2939 2653 3131 2722 injuria
3163 2654 3326 2720 afﬁci,
3358 2662 3414 2709 et
3440 2670 3532 2710 eo-

1953 2754 2071 2793 rum
2098 2740 2322 2808 imperio
2343 2740 2632 2808 subjectam
2656 2756 2799 2805 esse,
2819 2743 2977 2797 effodi
3000 2744 3159 2798 etiam
3190 2753 3241 2799 et
3265 2745 3527 2798 contami-

1954 2829 2102 2898 nari,
2131 2840 2290 2899 atque
2338 2829 2576 2885 inutilem
2626 2831 2760 2886 ﬁeri.
2815 2832 2945 2886 Nam
2984 2835 3029 2886 si
3058 2834 3177 2902 igne
3225 2842 3524 2901 torreatur,

1951 2920 2210 2974 emoritur
2235 2960 2250 2984 ,
2278 2920 2537 2988 siquidem
2579 2935 2643 2974 ex
2692 2929 2825 2975 testa
2868 2923 2998 2977 nihil
3036 2922 3165 2977 oriri
3212 2931 3404 2993 potest.
3454 2927 3531 2980 Ac

1954 3019 2209 3076 praeterea
2237 3010 2281 3063 si
2312 3009 2570 3066 imbribus
2594 3011 2817 3065 nimium
2849 3013 3212 3080 perfundatur,
3246 3022 3357 3068 tum
3389 3014 3528 3084 ipsa,

1952 3110 2064 3157 tum
2096 3103 2260 3172 ipsius
2286 3103 2488 3157 fructus
2515 3114 2948 3174 corrumpuntur.
2978 3106 3115 3171 Quin
3135 3106 3202 3160 ab
3224 3105 3528 3163 hominibus

265 3192 388 3246 πῶν
419 3192 595 3259 ζώων,
641 3194 842 3265 αἵμασι
884 3195 1260 3265 φονευομένων
1294 3196 1603 3267 μιαίνεται,
1631 3195 1847 3266 διορύσ-

1957 3195 2282 3264 reliquisque
2328 3194 2688 3249 animantibus
2734 3196 3090 3263 proculcetur,
3132 3196 3529 3251 interfecturum

265 3299 421 3338 σεται
453 3284 585 3355 (59),
614 3286 827 3356 νεκρῶν
860 3286 1004 3358 θήκη
1054 3287 1266 3356 γίνεται
1313 3288 1598 3358 σωμάτων.
1633 3286 1849 3340 Τούτων

262 3374 444 3439 οὕτως
472 3374 662 3441 ὅντων,
687 3376 789 3431 οὐκ
812 3378 1089 3447 ἐνδέχεται
1122 3378 1223 3447 τὴν
1252 3378 1357 3449 γῆν
1385 3374 1525 3432 εἶναι
1557 3377 1706 3445 θεὰν,
1734 3378 1848 3433 ἀλλ’

264 3466 431 3539 Ξργον
458 3467 595 3522 Θεοῦ
628 3469 709 3532 εἰς
737 3468 933 3540 χρῆσιν
957 3467 1284 3539 ἀνθρώπων.

338 3645 405 3698 Οί
433 3645 491 3698 δὲ
520 3644 833 3715 νομίζοντες
860 3644 922 3698 τδ
948 3643 1096 3714 ὕδωρ
1124 3638 1262 3698 εῖναι
1291 3644 1413 3698 θεὸν
1444 3644 1846 3717 ἐπλανήθησαν.

264 3739 380 3792 Καὶ
412 3737 545 3792 αὐτὸ
573 3737 683 3808 γὰρ
714 3738 795 3801 είς
825 3739 1021 3808 χρῆσιν
1053 3736 1163 3791 τῶν
1188 3735 1493 3808 ἀνθρώπων
1519 3736 1732 3805 γέγονε,
1757 3736 1852 3790 καὶ

265 3829 732 3899 κατακυριεύεται
759 3829 853 3882 ὑπ’
883 3829 1085 3895 αὐτῶν,
1115 3829 1385 3899 μιαίνεται
1415 3830 1512 3882 καὶ
1545 3829 1848 3899 φθείρεται,
1886 3830 1891 3839 ⁸

265 3924 365 3978 καὶ
396 3923 703 3978 ἀλλοιοῦται
726 3922 994 3993 ἑψόμενον
1020 3921 1117 3975 καὶ
1144 3921 1545 3993 ἀλλασσόμενον
1575 3920 1849 3994 χρώμασι,

266 4016 364 4067 καὶ
393 4014 499 4067 ὑπὸ
521 4012 617 4066 τοῦ
640 4011 841 4082 κρύους
864 4010 1233 4081 πηγνύμενον,
1262 4010 1357 4064 καὶ
1388 4011 1469 4073 εἰς
1500 4010 1719 4063 πάντων
1744 4010 1852 4064 τῶν

265 4105 598 4173 ἀκαθάρτων
627 4102 822 4157 πλύσιν
853 4103 1144 4173 ἀγόμενον.
1193 4100 1284 4155 Διὸ
1320 4100 1581 4157 ἀδύνατον
1614 4101 1676 4154 τὸ
1708 4100 1852 4173 ὕδωρ

267 4192 412 4251 εἶναι
442 4196 585 4263 θεὸν,
622 4195 740 4249 ἀλλ’
769 4195 929 4266 ἔργον
961 4193 1120 4249 Θεοῦ.

345 4463 410 4517 Οί
445 4462 505 4516 δε
538 4461 852 4533 νομίζοντες
899 4460 961 4514 τὺ
1009 4458 1121 4530 πῦρ
1168 4454 1307 4513 εἶναι
1349 4458 1472 4512 θεὸν
1520 4457 1850 4512 πλανῶνται.

1951 3285 2205 3359 sanguine
2225 3284 2554 3352 inquinatur,
2574 3284 2843 3353 effoditur,
2865 3286 3182 3356 completur,
3204 3286 3523 3342 cadaverum

1952 3374 2104 3430 theca
2132 3374 2380 3429 efﬁcitur.
2404 3375 2534 3440 Quze
2560 3389 2679 3428 cum
2711 3375 2780 3427 ita
2810 3375 2939 3440 sint,
2960 3375 3094 3433 Lﬁeri
3123 3391 3226 3430 non
3264 3384 3438 3445 potest
3473 3387 3531 3431 ut

1953 3475 2095 3521 terra
2125 3466 2223 3520 dea
2253 3467 2353 3533 sit,
2385 3464 2478 3521 sed
2507 3478 2595 3520 res
2622 3479 2653 3518 a
2684 3464 2794 3519 Deo
2837 3464 3220 3522 adbominum
3264 3482 3416 3521 usum
3445 3466 3528 3521 ef-

1952 3557 2112 3612 fecta.

2024 3647 2224 3703 Eodem
2252 3647 2431 3713 modo,
2458 3646 2547 3716 qui
2566 3660 2755 3717 aquam
2777 3645 2930 3702 deam
2952 3661 3073 3703 esse
3101 3656 3304 3715 putant,
3321 3655 3522 3703 errant.

1953 3735 2082 3791 Nam
2112 3752 2172 3791 ea
2205 3750 2416 3806 quoque
2454 3736 2518 3790 ad
2571 3737 2845 3791 hominum
2897 3751 3054 3793 usum
3103 3747 3378 3806 procreata
3405 3746 3525 3801 est,

1953 3842 2238 3896 eorumque
2280 3825 2633 3881 dominationi
2684 3827 2889 3881 subest.
2935 3826 3338 3881 Contaminatur
3366 3826 3526 3881 etiam

1952 3932 2005 3975 et
2028 3920 2397 3986 labefactatur,
2417 3930 2470 3975 et
2517 3934 2639 3974 cum
2668 3919 2790 3988 igne
2817 3926 2999 3973 coacta
3046 3927 3149 3985 est,
3180 3920 3524 3974 immittatur:

1953 4013 2088 4066 alios
2133 4018 2292 4080 atque
2319 4010 2454 4065 alios
2483 4009 2709 4065 subinde
2737 4009 2945 4063 colores
2986 4009 3168 4074 sumit,
3200 4017 3379 4076 utpote
3407 4021 3527 4077 quae

1954 4110 2007 4156 et
2032 4098 2232 4169 frigore
2276 4107 2619 4165 concrescat,
2653 4107 2709 4153 et
2735 4111 2800 4153 ex
2830 4110 3022 4151 cruore
3049 4097 3355 4164 spurcitiem
3394 4112 3526 4151 con-

1955 4190 2151 4255 trahat,
2182 4197 2236 4243 et
2263 4189 2327 4242 ad
2360 4188 2684 4256 impurarum
2715 4189 2955 4241 omnium
2992 4201 3171 4241 rerum
3200 4186 3527 4241 ablutionem

1956 4277 2291 4331 adhibeatur.
2322 4277 2399 4331 Ex
2423 4291 2529 4345 quo
2549 4276 2751 4346 liquido
2779 4284 2994 4330 constat
3018 4290 3205 4344 aquam
3229 4276 3380 4333 deam
3403 4291 3525 4333 esse

1956 4382 2061 4420 non
2092 4380 2270 4436 posse,
2297 4365 2391 4421 sed
2423 4366 2514 4421 Dei
2545 4381 2699 4435 opus.

2025 4458 2144 4511 Jam
2177 4473 2305 4512 vero
2347 4458 2435 4528 qui
2482 4458 2655 4526 ignem
2685 4458 2845 4514 deum
2888 4471 3014 4514 esse
3054 4458 3400 4526 arbitrantur,
3429 4459 3529 4529 ipsi

272 4555 387 4608 Καὶ
418 4553 551 4607 αὐτὸ
588 4553 697 4624 γὰρ
741 4555 821 4614 είς
872 4552 1066 4623 χρῆσιν
1115 4552 1334 4620 ἐγένετο
1381 4549 1707 4621 ἀνθρώπων.
1743 4548 1853 4602 Καὶ

1956 4568 2165 4622 quoque
2185 4562 2386 4608 errant.
2418 4554 2626 4608 Etenim
2653 4554 2790 4623 ignis
2810 4552 2875 4607 ad
2903 4552 3177 4607 hominum
3205 4567 3358 4607 usum
3381 4567 3532 4607 crea-

269 4642 734 4713 κατακυριεύεται
763 4641 855 4695 ὑπ’
886 4640 1086 4703 αὐτῶν,
1120 4640 1551 4710 περιφερόμενον
1588 4638 1652 4690 ὲκ
1683 4636 1849 4690 τόπου

269 4735 354 4797 είς
372 4737 538 4787 τόπον
561 4735 643 4798 είς
669 4733 864 4803 ἕψησιν
889 4733 984 4785 καὶ
1002 4733 1233 4802 ὄπτησιν
1260 4728 1616 4783 παντοδαπῶν
1648 4727 1850 4799 κρεῶν,

269 4824 354 4878 ἔτι
385 4825 443 4878 δὲ
472 4824 569 4878 καὶ
609 4824 822 4895 νεκρῶν
866 4825 1157 4896 σωμάτων.
1184 4821 1472 4892 Φθείρεται
1501 4820 1558 4874 δὲ
1588 4821 1683 4874 καὶ
1710 4819 1853 4876 κατὰ

272 4916 504 4980 πολλοὺς
538 4916 774 4987 τρόπους
804 4958 819 4982 ,
854 4916 960 4969 ὑπὸ
988 4915 1096 4968 τῶν
1124 4914 1430 4986 ἀνθρώπων
1466 4911 1848 4982 σϐεννύμενον.

272 5008 366 5068 Διὸ
404 5009 505 5061 οὐκ
563 5008 840 5079 ἐνδέχεται
889 5008 951 5061 τὸ
998 5006 1112 5078 πῦρ
1159 5000 1301 5059 εἷναι
1331 5004 1472 5069 θεὸν,
1526 5003 1640 5057 ἀλλ’
1692 5002 1853 5074 ἔργον

271 5100 433 5156 Θεοῦ.
451 5142 465 5147 η

348 5281 411 5334 Οί
449 5280 509 5334 δὲ
526 5278 843 5352 νομίζοντες
872 5277 972 5349 τὴν
992 5277 1101 5332 τῶν
1124 5276 1343 5349 ἀνέμων
1365 5276 1534 5346 πνοὴν
1562 5273 1701 5329 εῖναι
1726 5274 1857 5329 θεὰν

275 5368 612 5424 πλανῶνται.
668 5367 908 5439 Φανερὸν
955 5368 1065 5437 γάρ
1118 5367 1267 5419 ἐστιν
1314 5366 1397 5420 ὅτι
1446 5364 1689 5419 δουλεύει
1741 5366 1858 5419 ἑτέ-

280 5478 361 5533 ρῳ
402 5461 539 5531 (60),
574 5461 670 5514 καὶ
707 5460 867 5531 χάριν
915 5458 1026 5512 τῶν
1076 5457 1380 5531 ἀνθρώπων
1426 5457 1858 5512 κατεσκεύασται

1958 4651 2042 4699 tus
2070 4654 2173 4707 est,
2206 4645 2549 4713 ipsorumque
2590 4644 2941 4699 dominationi
2972 4644 3191 4709 subest,
3223 4644 3371 4698 etab
3402 4644 3532 4711 ipsis

1956 4737 2021 4790 ad
2052 4736 2225 4790 omnis
2254 4736 2467 4804 generis
2504 4749 2693 4790 carnes
2718 4776 2734 4800 ,
2767 4735 2962 4805 partim
2996 4733 3297 4801 elixandas,
3340 4736 3530 4802 partim
3565 4801 3571 4813 ’

1944 4825 2235 4889 .assandas,
2264 4834 2423 4893 atque
2472 4825 2633 4879 etiam
2679 4825 2745 4878 ad
2796 4833 3003 4880 mortua
3036 4840 3258 4894 corpora
3307 4840 3533 4880 concrc-

1957 4913 2171 4980 manda,
2200 4929 2231 4968 e
2260 4913 2377 4967 loco
2403 4914 2456 4967 in
2486 4914 2663 4968 locum
2692 4913 3104 4978 circumfertur;
3133 4926 3292 4982 atque
3317 4916 3534 4983 insuper

1950 5000 2141 5058 multis
2178 5003 2349 5058 modis
2376 5006 2752 5072 corrumpitur,
2786 5013 2839 5059 ct
2881 5004 2948 5060 ab
2997 5005 3300 5059 hominibus
3327 5007 3533 5059 exstin-

1958 5094 2166 5163 guitur;
2200 5107 2262 5145 ac
2310 5092 2534 5160 proinde
2583 5092 2720 5161 ignis
2761 5093 2891 5149 deus
2922 5109 3043 5149 esse
3074 5110 3180 5150 non
3213 5103 3406 5163 potest,
3434 5097 3529 5151 sed

1958 5182 2051 5237 Dei
2081 5197 2236 5250 opus.

2029 5272 2109 5328 Ad
2125 5271 2369 5327 eumdem
2382 5272 2541 5326 etiam
2558 5273 2769 5327 modum
2785 5272 2871 5340 qui
2886 5284 3158 5328 ventorum
3177 5274 3355 5328 flatum
3374 5274 3530 5330 deum

1958 5378 2078 5420 esse
2125 5363 2452 5428 existimant,
2482 5373 2682 5420 errant.
2720 5364 3061 5430 Perspicuum
3094 5366 3234 5419 enim
3277 5375 3359 5419 cSt
3397 5380 3525 5420 ven-

1962 5460 2070 5508 tum
2132 5449 2289 5506 alteri
2363 5447 2670 5516 inservire,
2745 5460 2906 5522 atque
2974 5453 3244 5510 hominum
3275 5469 3433 5511 causa
3462 5456 3528 5511 ad

499 5635 732 5723 §ic..§C,
764 5636 918 5704 quasi
945 5650 1052 5723 non
1083 5634 1261 5723 ἄστρα
1293 5633 1742 5723 scriptuml'oret,
1774 5634 1867 5723 sed
1897 5631 2146 5702 ἀστέρες.

379 5707 469 5776 58)
499 5707 563 5770 C,
595 5707 727 5777 ύὸρ.ι
754 5703 1137 5777 σκαπτομένην
1168 5703 1260 5759 καὶ
1292 5703 1727 5776 φρουρουμένην.

379 5775 467 5846 59)
496 5777 558 5846 (ἓν
593 5775 731 5846 δισρι
760 5775 1067 5846 recitaui-

379 5840 470 5920 60)
502 5844 566 5916 C,
599 5840 844 5901 δουΐεύεί
867 5844 993 5917 θεῷ.

2348 5728 2465 5767 ..ςιιῖθ
