4042 6482
496 447 624 515 1111

1909 410 2288 473 ΑΠΒΕΝΒΑ.

3571 395 3699 460 1112

476 556 902 620 transvehendas
933 565 1095 609 naves
1126 562 1188 603 ac
1219 548 1480 600 frumenta
1524 538 1924 611 comportanda.
1958 553 2047 592 re-

2161 520 2261 577 ύπδ
2288 520 2383 574 τοῦ
2412 518 2553 575 Θεοῦ
2583 518 2719 584 πρὸς
2746 515 3071 588 μεταγωγὴν
3107 514 3310 569 πλοίων
3341 512 3439 567 και
3461 527 3713 582 συγκομι-

475 654 758 723 liquosque
803 649 1036 716 ipsorum
1084 653 1211 694 usus
1238 652 1267 691 a
1299 637 1405 690 Deo
1432 632 1701 690 conditum
1750 642 1886 685 esse.
1933 628 2047 681 llue

478 743 706 807 accedit,
736 739 874 810 quod
907 750 1002 805 pro
1034 733 1123 787 Dei
1159 731 1311 798 jussu
1339 737 1499 795 atque
1544 723 1770 792 imperio
1797 730 1908 775 tum
1954 732 2048 773 au-

477 836 645 907 gessit
691 843 802 887 tum
833 827 1182 883 imminuitur.
1241 820 1418 887 Quare
1464 816 1574 870 ﬁeri
1626 826 1729 868 non
1782 819 1954 881 potest
1994 818 2050 862 ut

483 934 669 981 ventus
696 923 827 975 deus
857 921 944 980 sil,
974 928 1158 970 verum
1193 911 1282 964 Dei
1311 922 1461 976 Opus.

550 1016 716 1071 Porro
757 1010 847 1081 qui
896 1007 1063 1062 solem
1093 1004 1250 1057 deum
1299 1010 1419 1053 esse
1466 1003 1672 1065 putant,
1700 991 1797 1062 ipsi
1842 1002 2052 1081 quoque

480 1080 971 1169 errant.Siquidem
995 1109 1114 1149 eum
1140 1092 1440 1145 necessario
1459 1087 1655 1139 moveri
1682 1080 2047 1151 perspicimus,

481 1209 639 1265 atque
668 1207 696 1246 a
723 1200 919 1262 puncto
951 1190 1002 1241 in
1026 1192 1275 1253 punctum
1308 1181 1537 1249 migrare
1563 1187 1613 1230 et
1635 1174 2049 1265 cutntnutari,_et

406 1307 409 1309 ’
488 1261 603 1341 oeci
627 1261 736 1337 lere
777 1291 832 1334 et
872 1277 1096 1343 exoriri,
1127 1284 1183 1327 ut
1210 1271 1275 1325 ad
1308 1270 1577 1325 hominum
1622 1264 1899 1319 utilitatem
1930 1261 2055 1315 stir-

484 1391 581 1445 pce
606 1385 659 1427 et
691 1372 897 1441 plantas
925 1368 1101 1423 calore
1130 1364 1325 1417 alliciat
1350 1404 1363 1426 ,
1392 1368 1551 1426 atque
1580 1357 1798 1423 insuper
1825 1368 1944 1407 eum
1969 1350 2056 1445 rdi-

482 1442 744 1519 visionem
794 1474 918 1516 cum
967 1456 1185 1524 reliquis
1222 1450 1487 1506 sideribus
1532 1447 1747 1509 habere,
1781 1458 1841 1497 ac
1872 1442 2053 1496 multis

485 1556 721 1626 partibus
739 1553 876 1608 cono
899 1550 1157 1602 minorem
1185 1540 1566 1607 esse,luceque
1586 1535 1849 1590 interdum
1876 1532 2053 1596 deﬁci,

486 1623 586 1701 nec
611 1645 773 1698 ullum
801 1638 1079 1709 imperium
1101 1644 1151 1688 et
1176 1630 1529 1700 principatum
1558 1626 1818 1680 obtinere.
1848 1623 1925 1676 Ex
1948 1637 2055 1690 quo

488 1740 620 1793 illud
651 1738 862 1807 planum
893 1742 976 1788 est
1004 1728 1117 1784 ﬁeri
1151 1742 1252 1781 non
1283 1739 1439 1794 posse
1489 1734 1545 1777 ut
1572 1722 1648 1776 soi
1678 1722 1811 1775 deus
1838 1719 1927 1781 sit,
1960 1716 2052 1770 sed

492 1830 584 1885 Dei
607 1842 757 1898 opus.

2082 1886 2126 1942 Β

564 2007 835 2062 Cousimili
864 2006 1025 2062 etiam
1055 2008 1212 2062 modo
1239 2007 1273 2061 ii
1298 2006 1387 2075 qui
1413 2005 1590 2060 lunam
1613 2002 1769 2057 deam
1796 2017 1915 2059 esse
1943 2003 2061 2073 opi-

494 2107 707 2161 nantur,
739 2107 936 2151 errant.
972 2098 1099 2152 Nam
1126 2100 1291 2166 ipsam
1317 2096 1615 2151 necessario
1642 2096 1844 2149 moveri
1874 2103 1927 2148 et
1955 2094 2058 2148 im-

492 2190 682 2240 mutari
714 2189 971 2253 videmus,
994 2200 1150 2256 atque
1176 2204 1202 2240 a
1232 2193 1426 2255 puncto
1449 2187 1499 2239 in
1522 2196 1771 2254 punctum
1802 2184 2055 2254 migrare,

492 2288 543 2331 et
560 2279 624 2331 ad
646 2279 913 2334 hominum
932 2278 1211 2334 utilitatem
1230 2294 1369 2333 nunc
1394 2278 1612 2345 exoriri,
1628 2291 1770 2331 nunc
1787 2276 2053 2344 occidere,

490 2382 555 2422 ac
582 2369 695 2422 sole
724 2371 981 2425 minorem
1027 2385 1175 2435 esse;
1209 2371 1387 2438 augeri
1417 2370 1576 2425 etiam
1606 2378 1764 2436 atque
1794 2369 2059 2434 imminui,

491 2473 555 2513 ac
582 2459 810 2527 deliquia
842 2460 1105 2515 interdum
1137 2460 1261 2528 pni.
1307 2461 1482 2524 Quare
1528 2459 1641 2515 ﬁeri
1671 2476 1773 2515 non
1806 2469 1975 2529 potest
2003 2470 2064 2514 ut

491 2548 619 2604 luna
641 2550 738 2606 dea
768 2551 858 2619 sit,
889 2566 1073 2607 verum
1102 2553 1193 2607 Dei
1224 2568 1378 2622 opus.

565 2698 804 2770 Denique
830 2699 918 2769 qui
950 2702 1218 2758 hominem
1256 2702 1416 2758 deum
1444 2717 1565 2759 esse
1595 2704 1922 2760 arbitrantur
1978 2721 2065 2762 er-

493 2796 632 2842 rant.
658 2788 789 2843 Nam
829 2805 952 2845 eum
980 2793 1280 2847 necessario
1308 2794 1530 2861 moveri,
1560 2803 1614 2849 et
1642 2796 1733 2858 ali,
1762 2805 1817 2851 et
1839 2797 2059 2851 invitum

494 2879 655 2931 etiam
681 2893 963 2934 senescere
1008 2882 1267 2950 videmus,
1295 2893 1455 2952 atque
1497 2885 1757 2940 interdum
1788 2888 2063 2954 delectari,

2141 614 2236 679 δὰς
2266 615 2376 668 τῶν
2409 612 2619 680 σιτίων,
2650 612 2745 667 καὶ⁵
2789 612 2871 675 είς
2913 610 3106 673 λοιπάς
3144 609 3326 663 αὐτῶν
3354 607 3549 678 χρείας
3576 606 3710 670 αὔξει

2142 724 2203 759 τε
2235 708 2330 761 καὶ
2378 707 2585 775 λήγει,
2622 706 2742 759 κατ’
2776 702 3043 775 ἐπιταγὴν
3081 701 3242 756 Θεοῦ.
3290 702 3382 754 Διὸ
3411 701 3475 754 οὐ
3517 699 3714 767 νενόμι-

2148 812 2270 851 σται
2301 796 2400 868 τὴν
2430 796 2540 852 τῶν
2586 795 2808 867 ἀνέμων
2856 794 3031 865 πνοὴν
3061 789 3201 848 εἶναι
3239 792 3393 856 θεὰν,
3425 790 3541 844 ἀλλ’
3572 791 3718 860 ἔργον

2145 887 2302 942 Θεοῦ.

2220 1001 2285 1054 Οἱ
2322 1000 2379 1054 δὲ
2408 999 2723 1071 νομίζοντες
2749 998 2847 1053 τὸν
2876 998 3029 1069 ἥλιον
3058 994 3199 1051 εἶναι
3238 994 3360 1049 θεὸν
3402 990 3719 1047 πλανῶνται.

2162 1092 2413 1163 Ὀρῶμεν
2462 1094 2571 1163 γὰρ
2610 1091 2773 1146 αὑτὸν
2819 1089 3138 1161 κινούμενον
3185 1089 3325 1143 κατὰ
3357 1088 3606 1156 ἀνάγκην
3640 1087 3727 1137 καὶ

2151 1185 2512 1256 τρεπόμενον,
2543 1185 2639 1237 καὶ
2675 1182 3071 1255 μεταϐαίνοντα
3101 1179 3210 1234 ἀπὸ
3253 1178 3485 1250 σημείου
3525 1177 3603 1239 εἰς
3640 1191 3729 1245 σηο

2155 1277 2329 1343 μεῖον,
2369 1274 2530 1347 243
2557 1274 2786 1328 δύνοντα
2815 1274 2912 1327 καὶ
2942 1270 3298 1325 ἀνατέλλοντα
3323 1308 3339 1333 ,
3377 1267 3477 1321 τοῦ
3509 1267 3733 1337 θερμαί-

2150 1382 2264 1419 νειν
2292 1364 2360 1418 τὰ
2395 1364 2538 1434 φυτὰ
2572 1364 2667 1418 καὶ
2702 1362 2908 1434 βλαστὰ
2936 1364 3019 1426 είς
3046 1361 3243 1433 χρῆσιν
3270 1359 3380 1413 τὼν
3409 1358 3733 1430 ἀνθρώπων,

2152 1454 2231 1507 ἔτι
2258 1454 2314 1507 δὲ
2339 1454 2433 1506 καὶ
2480 1452 2787 1524 μερισμοὺς
2818 1451 3009 1522 ἔχοντα
3038 1451 3175 1520 μετὰ
3209 1447 3319 1501 τῶν
3347 1447 3557 1501 λοιπῶν
3586 1447 3737 1500 ἀστέ-

2158 1562 2289 1617 ρων,
2321 1545 2416 1599 καὶ
2441 1544 2700 1599 ἐλάττονα
2723 1543 2854 1596 ὄντα
2881 1543 2975 1596 τοῦ
2999 1540 3230 1612 ούρανοῦ
3259 1540 3417 1604 πολὺ,
3444 1540 3545 1594 καὶ
3571 1538 3743 1593 ἐκλεί-

2153 1656 2327 1695 ποντα
2341 1639 2436 1694 τοῦ
2459 1641 2655 1709 φωτὸς,
2682 1639 2778 1692 καὶ
2809 1638 3082 1708 μηδεμίαν
3106 1636 3504 1705 αὖτοκράτειαν
3529 1634 3735 1704 ἔχοντα.

2155 1731 2249 1785 Διὸ
2291 1730 2352 1784 οῦ
2394 1729 2712 1801 νενόμισται
2743 1727 2835 1781 τὸν
2874 1726 3026 1797 ἦλιον
3058 1721 3198 1781 εἶναι
3232 1724 3376 1789 θεὸν,
3418 1722 3542 1777 ἀλλ’
3587 1723 3740 1795 ἔργον

2155 1822 2313 1876 Θεοῦ.

2225 1935 2287 1988 Oi
2324 1933 2381 1986 δὲ
2412 1932 2725 2004 νομίζοντες
2760 1932 2859 2002 τὴν
2890 1931 3121 2003 σελήνην
3152 1922 3290 1984 εἶναι
3327 1928 3460 1982 θεὰν
3496 1926 3743 1982 πλανῶν-

2153 2043 2266 2081 ται.
2315 2024 2565 2097 Ὀρῶμεν
2604 2025 2711 2098 γὰρ
2748 2023 2919 2095 αὐτὴν
2945 2020 3274 2092 κινουμένην
3312 2021 3458 2075 κατὰ
3504 2020 3745 2091 ἀνάγκην

2156 2115 2252 2171 καλ⁸
2280 2117 2645 2188 τρεπομένην,
2678 2114 2772 2171 κοῦ.
2803 2113 3237 2186 μεταϐαίνουσαν
3264 2111 3374 2165 άπὸ
3405 2111 3641 2182 σημείου
3670 2113 3744 2175 εἰς

2159 2208 2407 2278 σημεῖον,
2456 2206 2721 2261 δύνουσάν
2748 2224 2810 2260 τε
2850 2206 2945 2259 καὶ
2990 2203 3390 2258 ἀνατέλλουσαν
3429 2204 3515 2265 είς
3562 2202 3746 2272 χρείαν

2156 2299 2267 2354 τῶν
2295 2299 2621 2372 ἀνθρώπων,
2664 2298 2761 2352 καὶ
2794 2296 3056 2352 ἐλάττονα
3101 2295 3269 2349 οῦσαν
3300 2292 3397 2348 τοῦ
3428 2293 3621 2359 ἡλίου,
3654 2293 3745 2345 αύ-

2160 2390 2428 2463 ξουμένην
2453 2409 2514 2445 τε
2542 2388 2637 2445 καὶ
2669 2389 3020 2461 μειουμένην,
3054 2387 3152 2442 καὶ
3178 2385 3451 2456 ἐκλείψεις
3488 2385 3742 2455 ἔχουσαν.

2159 2477 2252 2531 Διὸ
2277 2479 2337 2532 οὐ
2361 2479 2675 2550 νενόμισται
2702 2476 2803 2551 τὴν
2834 2477 3067 2549 σελήνην
3096 2471 3239 2531 εἶναι
3261 2475 3415 2541 θεάν,
3449 2474 3571 2529 ἀλλ’
3596 2474 3747 2546 ἔργον

2160 2564 2321 2623 Θεοῦ.

2234 2686 2297 2739 Ol
2322 2684 2380 2738 δὲ
2413 2683 2730 2755 νομίζοντες
2755 2682 2848 2737 τὸν
2875 2682 3162 2753 ἄνθρωπον
3191 2675 3331 2733 εἶναι
3356 2678 3481 2733 θεὸν
3514 2677 3753 2733 πλανῶν-

2160 2794 2272 2831 ται.
2320 2776 2572 2848 Ὀρῶμεν
2603 2775 2713 2847 γὰρ
2750 2774 2915 2828 αὑτὸν
2945 2773 3264 2844 κινούμενον
3307 2772 3451 2825 κατὰ
3483 2771 3751 2840 ἀνάγκην,

2164 2868 2258 2923 καὶ
2303 2868 2640 2939 τρεφόμενον
2684 2868 2778 2922 καὶ
2818 2865 3209 2938 γηράσκοντα.
3257 2863 3352 2918 καὶ
3397 2864 3472 2935 μὴ
3510 2863 3752 2927 Θέλοντος

494 2965 763 3021 interdum
815 2984 1045 3024 maerore
1091 2972 1252 3033 affici,
1278 2974 1503 3043 ciboque
1542 2991 1606 3031 ac
1651 2988 1774 3045 potu
1824 2988 1879 3033 et
1921 2992 2054 3036 veste

2163 2959 2353 3015 αὐτοῦ.
2382 2962 2495 3015 Καὶ
2536 2959 2668 3014 ποτὲ
2717 2959 2816 3027 μὲν
2841 2957 3045 3030 χαίρει,
3078 2956 3209 3010 ποτέ
3252 2956 3308 3009 δὲ
3336 2955 3619 3045 λυπεῖται,
3646 2955 3755 3009 δεό·

494 3055 756 3124 indigere.
812 3058 1125 3115 lracundnm
1174 3064 1332 3117 etiam
1383 3073 1543 3134 atque
1588 3067 1821 3121 invidum
1850 3086 1988 3133 esse,
2015 3086 2054 3125 ei

2167 3071 2331 3125 μενος
2359 3053 2666 3125 βρωμάτων
2688 3051 2781 3105 καὶ
2806 3050 2971 3105 ποτοῦ
2990 3050 3087 3105 καὶ
3108 3049 3355 3120 ἐσθῆτος.
3377 3043 3541 3102 Εἶναι
3568 3048 3627 3101 δὲ
3649 3046 3754 3117 (Gl)

496 3144 717 3202 libidine
743 3148 972 3216 incitari,
995 3161 1048 3205 et
1077 3151 1383 3218 ptenisentia
1407 3156 1550 3222 duci,
1567 3172 1630 3211 ac
1652 3159 1829 3213 multis
1849 3161 2054 3216 defecti-

2166 3144 2330 3199 αὐτὸν
2360 3145 2579 3216 ὀργίλον
2604 3143 2700 3197 καὶ
2731 3141 2977 3214 ζηλωτὴν
3007 3141 3102 3195 καὶ
3132 3138 3506 3211 ἐπιθυμητὴν,
3544 3140 3643 3191 καὶ
3669 3154 3759 3208 με·

501 3236 601 3291 bus
615 3235 892 3293 'laborare.
926 3239 1119 3295 Verum
1151 3244 1330 3299 multis
1369 3245 1527 3301 etiam
1558 3248 1729 3303 modis
1771 3254 2054 3319 corrumpi-

2166 3235 2563 3307 ταμελὸμενον,
2597 3235 2696 3289 καὶ
2734 3233 2908 3288 πολλὰ
2946 3232 3308 3304 ἐλαττώματα
3353 3231 3577 3301 ἔχοντα.
3610 3229 3759 3283 Q055-

502 3335 609 3391 tur,
638 3325 889 3383 nimirum
933 3328 1003 3384 ab
1051 3330 1351 3398 elementis,
1378 3344 1434 3389 et
1477 3336 1855 3401 animantibus.
1879 3356 1941 3394 ac
1970 3357 2054 3410 po-

2170 3345 2323 3398 ρεται
2354 3328 2413 3381 δὲ
2445 3326 2589 3381 κατὰ
2617 3325 2847 3390 πολλοὺς
2870 3325 3111 3397 τρόπους
3135 3364 3151 3388 ,
3203 3323 3311 3378 ὑπὸ
3344 3322 3636 3393 στοιχείων
3672 3321 3761 3375 καὶ

500 3425 699 3469 stremo
722 3430 753 3469 a
786 3427 958 3471 morte
1003 3417 1104 3488 ipsi
1143 3419 1473 3477 imminente.
1527 3425 1601 3480 Ex
1626 3440 1732 3494 quo
1758 3428 1990 3482 efﬁcitur
2016 3443 2054 3482 ut

2167 3418 2345 3487 ζώων,
2384 3418 2598 3473 καὶτοῦ
2635 3417 2990 3488 ἐπικειμένου
3036 3415 3186 3487 αύτῷ
3225 3416 3486 3471 θανάτου.
3538 3414 3657 3469 Οῦκ
3682 3416 3760 3467 ἐν-

501 3505 662 3561 homo
683 3506 815 3563 deus
841 3522 963 3564 esse
991 3522 1237 3580 nequeat,
1268 3514 1361 3568 sed
1394 3515 1487 3569 Dei
1513 3530 1666 3586 Opus.
1699 3519 1957 3585 Quocirca
1990 3522 2054 3575 in-

2166 3510 2381 3582 δέχεται
2434 3509 2528 3564 οῦν
2577 3504 2717 3564 εἶναι
2764 3509 2855 3563 τὸν
2903 3507 3193 3579 ἄνθρωπον
3240 3506 3383 3569 θεὸν,
3436 3506 3555 3559 ἀλλ’
3607 3506 3760 3575 ἔργον

497 3596 643 3665 genti
695 3611 881 3653 errore
935 3597 1170 3655 Cbaldzei
1227 3601 1361 3670 lapsi
1406 3614 1549 3672 sunt,
1582 3605 1707 3661 dum
1758 3599 2054 3680 opinionum

2168 3602 2327 3658 Θεοῦ.
2352 3602 2570 3674 Πλάνην
2600 3601 2694 3656 οῦν
2719 3602 2964 3673 μεγάλην
2992 3600 3380 3672 ἐπλανήθησαν
3408 3601 3458 3653 οί
3480 3599 3759 3664 Χαλδαῖοι,

498 3700 715 3741 suarum
735 3699 1036 3743 commenta
1062 3701 1376 3760 sequuntur.
1397 3693 1672 3751 Elementa
1694 3700 1855 3765 enim,
1873 3701 1925 3753 in
1949 3716 2054 3769 qua

2168 3697 2344 3751 ὀπίσω
2372 3696 2481 3750 τῶν
2519 3695 2957 3766 ἐπιθυμημάτων
2985 3693 3168 3747 αὐτῶν
3203 3692 3339 3763 (62).
3372 3692 3634 3746 Σέϐονται
3659 3692 3761 3762 γὰρ

497 3774 741 3832 interitus
765 3778 930 3844 cadit,
956 3794 1019 3835 ac
1046 3774 1282 3835 marinas
1303 3792 1505 3839 statuas
1527 3798 1867 3855 venerantur,
1890 3805 1987 3846 nec
2007 3806 2054 3848 st

2170 3788 2240 3842 τὰ
2276 3787 2494 3858 φθαρτὰ
2545 3789 2786 3857 στοιχεῖα
2838 3786 2934 3841 καὶ
2983 3785 3052 3839 τὰ
3090 3784 3261 3853 νεκρὰ
3307 3784 3644 3853 ἀγάλματα,
3676 3784 3763 3837 καὶ

498 3868 550 3922 in
576 3868 793 3925 deorum
817 3887 1095 3928 numermn
1125 3889 1190 3931 ea
1218 3876 1419 3931 referre
1447 3884 1699 3933 sentiunt.

2170 3879 2335 3953 2“
2360 3880 2461 3934 οὐκ
2485 3879 2834 3934 αἰσθάνονται
2865 3877 3044 3932 ταῦτα
3075 3876 3514 3947 θεοποιούμενοι.

566 3961 649 4017 Ad
677 3961 894 4018 Gnaeos
918 3962 1029 4033 jam
1054 3965 1353 4028 veniamus.
1382 3979 1437 4021 ut
1466 3969 1511 4022 si
1543 3969 1671 4037 quid
1703 3970 1839 4025 forte
1864 3970 1932 4025 de
1958 3971 2054 4027 Dec

2246 3970 2530 4041 Ἔλθωμεν
2566 3971 2661 4025 οῦν
2706 3972 2799 4026 ἐπὶ
2836 3972 2964 4034 τοὺς
3004 3970 3314 4039 Ἕλληνας,
3349 3969 3439 4022 ἵνα
3487 3968 3691 4037 ίδωμεν
3718 3965 3767 4018 εἴ

496 4062 641 4110 recte
668 4055 901 4108 sentiant
928 4054 1218 4109 videamus.
1257 4056 1432 4111 Grani
1465 4058 1621 4127 igitur
1649 4059 1924 4126 sapientize
1955 4061 2054 4115 lall-

2170 4078 2223 4115 τι
2256 4062 2514 4132 φρονοῦσι
2565 4060 2696 4132 περὶ
2742 4060 2900 4116 Θεοῦ.
2934 4061 3000 4115 Oi
3031 4060 3127 4115 οῦν
3165 4059 3430 4129 Ἕλληνες
3476 4058 3637 4126 σοφοὶ
3682 4056 3765 4109 λέ-

496 4141 623 4198 dem
666 4141 772 4198 sibi
817 4154 1167 4213 arrogantes,
1196 4146 1467 4204 stultiores
1504 4148 1665 4203 etiam
1706 4149 1965 4205 Chaldaeis
2010 4165 2054 4208 st

2172 4169 2363 4220 γοντες
2385 4148 2526 4205 εἶναι
2553 4152 2954 4223 ἐμωράνθησαν
2978 4152 3090 4221 (65)
3117 4153 3299 4221 χεῖρον
3319 4149 3429 4203 τῶν
3456 4148 3763 4213 Χαλδαίων,

498 4230 877 4300 praebuerunt,
906 4234 1206 4303 complures
1250 4235 1493 4293 vid‘elicet
1540 4239 1670 4295 deos
1719 4239 2054 4297 iuducentes.

2174 4241 2607 4314 παρεισάγοντες
2642 4242 2870 4306 πολλοὺς
2901 4242 3058 4305 θεοὺς
3087 4241 3420 4310 γεγενῆσθαι
3446 4280 3461 4304 ,
3489 4241 3622 4303 τοὺς
3670 4239 3766 4308 μὲν

498 4321 688 4387 partim
719 4324 1002 4383 masculos,
1042 4325 1232 4391 partim
1278 4326 1527 4393 feminas,
1559 4329 1868 4385 vitiosarum
1895 4332 2054 4387 omni:

2176 4332 2414 4405 ἄρρενας
2438 4372 2453 4394 ,
2486 4332 2617 4395 τοῦς
2641 4332 2699 4384 δὲ
2727 4331 2946 4403 θηλείας
2976 4331 3113 4403 (64),
3149 4332 3423 4385 παντοίων
3456 4329 3655 4383 παθῶν
3680 4331 3769 4383 καὶ

495 4412 716 4480 generis
745 4411 1110 4481 aﬂ'ectionnm,
1131 4429 1195 4469 ac
1210 4418 1468 4473 scelerum
1492 4420 1831 4475 architectos.
1857 4422 2054 4477 Etenim

2175 4423 2532 4479 παντοδαπῶν
2559 4424 2928 4495 δημιουργοὺς
2954 4423 3137 4493 άνομη
3148 4423 3356 4494 μάτων.
3390 4420 3557 4475 Ὅθεν
3586 4421 3768 4489 γελοῖα

497 4498 744 4567 ridicula,
767 4509 823 4556 et
848 4502 1029 4566 stulta,
1050 4503 1302 4573 etimpia,
1326 4520 1359 4561 ο
1380 4522 1497 4571 rex,
1528 4507 1695 4563 Graeci
1726 4509 2054 4565 induxerunt.

2180 4514 2272 4569 καὶ
2301 4511 2463 4585 μωρὰ
2490 4513 2585 4567 καὶ
2618 4511 2788 4582 άσεϐἧ
2821 4513 3234 4584 παρεισήγαγον
3272 4514 3321 4567 oi
3353 4511 3647 4581 Ἕλληνες,
3679 4509 3772 4579 βα-

496 4603 589 4641 eos
635 4589 727 4659 qui
776 4605 883 4644 non
929 4600 1057 4647 sunt
1087 4593 1238 4662 juxta
1287 4610 1565 4664 perversos
1595 4614 1720 4654 suas
1745 4601 2054 4669 cupiditates

2180 4604 2367 4670 σιλεῦ,
2422 4605 2683 4675 ῥήματα,
2736 4603 2863 4667 τοὺς
2910 4605 2987 4675 μὴ
3044 4603 3209 4667 ὂντας
3263 4602 3773 4674 προσαγορεύοντες

496 4678 626 4734 deos
668 4680 1020 4748 appellantes,
1047 4691 1103 4737 ut
1146 4685 1394 4739 nimirum
1444 4702 1535 4744 eos
1566 4691 1680 4745 vitii
1729 4702 1980 4760 patronos
2007 4708 2054 4746 at

2180 4696 2358 4761 θεοὺς,
2395 4696 2537 4749 κατὰ
2564 4693 2663 4758 τὰς
2686 4693 2986 4765 ἐπιθυμίας
3018 4695 3199 4750 αὐτῶν
3225 4695 3323 4759 τὰς
3354 4694 3628 4764 πονηράς,
3668 4695 3769 4759 ἵνα,

494 4766 804 4823 defensores
853 4768 1111 4826 habentes
1134 4812 1150 4837 ,
1177 4773 1437 4831 adulteria
1488 4790 1813 4848 perpetrant,
1844 4784 2054 4849 rapiant

2178 4787 2403 4849 τούτους
2428 4786 2765 4856 συνηγόρους
2792 4786 3011 4857 ἔχοντες
3030 4790 3131 4859 τῆς
3154 4788 3381 4852 κακίας,
3418 4786 3770 4857 μοιχεύωσιν,

503 4856 788 4923 trucident,
807 4868 963 4928 atque
985 4863 1317 4919 atrocissima
1348 4881 1572 4937 quaeque
1596 4871 1799 4926 scelera
1824 4876 2054 4930 commit-

2178 4876 2502 4951 ἁρπάξωσι,
2544 4856 2851 4947 φονεύωσι,
2881 4878 2978 4932 καὶ
3022 4856 3096 4933 τά
3120 4879 3384 4933 πάνδεινα
3418 4856 3679 4931 ποιῶσιν.
3713 4877 3772 4930 El

502 4958 643 5051 tant:
663 4948 793 5003 Nam
821 4964 942 5003 cum
989 4953 1226 5022 ipsorum
1266 4955 1340 5010 dii
1371 4957 1672 5027 huiusmodi
1700 4960 1893 5031 ﬂagitia
1923 4963 2054 5019 desi-

2181 4967 2291 5038 γάρ
2323 4966 2373 5020 οἱ
2404 4965 2516 5021 θεοὶ
2548 4966 2728 5022 αὐτῶν
2754 4968 2984 5024 τοιαῦτα
3022 4969 3307 5038 ἐποίησαν,
3343 4968 3463 5031 πῶς
3494 4969 3594 5021 καὶ
3622 4968 3768 5021 αὐτο1

498 5048 728 5107 gnarint,
760 5056 990 5110 quonam
1022 5056 1177 5115 pacto
1204 5048 1305 5116 ipsi
1338 5065 1552 5119 quoque
1588 5067 1690 5106 non
1719 5055 1904 5110 eadem
1948 5070 2054 5123 peri

2186 5062 2249 5115 ού
2277 5062 2508 5116 τοιαῦτα
2546 5060 2883 5131 πράξουσινς
2938 5060 3035 5114 Ἐκ
3066 5060 3273 5114 τούτων
3315 5060 3410 5113 οῦν
3436 5059 3549 5112 τῶν
3579 5061 3768 5126 ἐπιτη-

500 5132 816 5224 petrabunt?
842 5133 917 5222 Ea
958 5132 1044 5187 his
1086 5134 1247 5206 igitur
1272 5142 1472 5194 erroris
1496 5142 1685 5197 studiis
1708 5152 1762 5196 et
1796 5144 2054 5198 institutis

2184 5153 2468 5224 δευμάτων
2500 5154 2598 5224 τῆς
2629 5151 2840 5221 πλάνης
2868 5150 3066 5222 συνέϐη
3096 5152 3225 5215 τοὺς
3265 5149 3590 5220 ἀνθρώπους
3619 5150 3770 5202 πολέ-

497 5219 802 5277 hominibus
827 5219 960 5277 bella
992 5234 1048 5279 et
1072 5227 1268 5293 caedes,
1296 5238 1457 5297 atque
1484 5232 1703 5288 acerbas
1733 5234 2054 5302 captivitate:

2188 5219 2325 5314 μούς
2373 5244 2517 5316 ἔχειν
2556 5219 2812 5314 συχνοὺς,
2858 5243 2953 5296 καὶ
2995 5219 3212 5313 σιραγὰς
3256 5219 3769 5312 καὶῗαὶχμαὶωσὶα,

495 5311 685 5365 crebro
710 5314 940 5382 experiri
969 5317 1211 5387 contigit.
1263 5321 1400 5389 Quin
1430 5324 1588 5381 etiam
1614 5363 1631 5390 ,
1659 5326 1703 5379 si
1733 5325 1800 5381 de
1833 5326 2054 5396 ipsorun'

2190 5311 2436 5409 sttxpdc'.‘
2469 5311 2777 5390 ’Aninxal
2801 5333 2923 5388 καθ’
2957 5311 3186 5390 ἕκαστον
3210 5334 3318 5389 τῶν
3346 5334 3484 5389 θεῶν
3507 5335 3691 5391 αὐτῶν
3725 5335 3771 5387 εί

570 5473 684 5559 (61.)
720 5474 813 5559 5λο
838 5477 1154 5559 Α,.εγιιιιιχξ
1190 5479 1489 5547 laborante,
1513 5497 1621 5559 nec
1658 5483 1818 5559 aliter
1847 5488 2013 5559 codex
2043 5487 2169 5550 907,
2203 5504 2363 5558 quem
2398 5490 2439 5544 D
2466 5492 2671 5545 vocabo
2698 5491 2973 5559 deinceps,
2993 5490 3036 5545 si
3070 5489 3232 5543 fuerit
3262 5488 3328 5542 ad
3359 5498 3547 5557 partes
3575 5503 3772 5559 vocan-

500 5545 621 5598 dus.
653 5547 710 5599 In
738 5545 780 5600 C
806 5558 890 5601 est
922 5545 1111 5616 ingens
1142 5550 1329 5605 lacuna
1359 5568 1389 5605 a
1422 5545 1597 5607 verbis
1625 5556 1991 5623 superioribus
2018 5575 2051 5610 κ

501 5616 895 5689 καιέγγίζειν,
935 5620 1073 5672 infra
1111 5634 1230 5689 pag.
1258 5620 1383 5674 259..

2161 5545 2270 5612 τοτε
2301 5560 2401 5628 μὲν
2424 5560 2629 5633 χαίρει,
2664 5561 2731 5617 ad
2759 5562 2855 5616 καὶ
2887 5545 2996 5615 ὲιᾰι
3032 5560 3341 5631 παράνομοι
3361 5545 3417 5613 ὀἱ
3450 5559 3563 5614 τῶν
3600 5557 3770 5613 ἐθνῶν

716 5682 1067 5770 ῃιεετοιλέιιιιι
1101 5682 1463 5770 πορευόμενοι
1494 5694 1731 5751 videtur.
1760 5693 1843 5750 Cf.
1879 5705 1915 5752 t.
1950 5695 2009 5763 ll,
2038 5714 2054 5768 ς

2161 5697 2247 5765 24,
2280 5714 2333 5753 n.
2365 5698 2416 5753 1.

573 5755 686 5823 (65)
713 5756 798 5810 Ci.
832 5772 883 5823 p.
910 5757 1038 5813 254.
1073 5774 1127 5814 n.
1160 5755 1248 5812 54.

576 5824 687 5897 (64)
715 5825 873 5882 Conf.
907 5840 959 5896 p.
992 5824 1083 5884 49.
