4042 6470
216 453 359 517 1117

1305 451 1479 512 \‘lTA
1516 448 1874 512 BARLAAM
1914 446 2008 507 ΕΤ
2043 447 2393 507 JOASAPH.

3348 467 3483 537 1118

208 561 449 631 μείζονα
481 558 687 629 ταύτης
726 557 1069 629 ἀφροσύνηνς
1121 558 1250 615 θεάν
1300 560 1657 630 παρεισάγειν
1699 560 1798 630 τὴν

1923 590 1947 629 o
1969 589 2090 639 rex,
2120 571 2440 627 dementiam
2472 570 2571 626 hac
2600 571 2853 641 majorem
2873 574 2898 626 ἰ
2927 572 3083 628 deam
3114 571 3362 628 nimirum
3395 573 3476 625 in-

210 653 581 723 μοιχεύουσαν
613 651 708 705 καὶ
739 650 1043 724 θρηνοῦσαν
1076 653 1172 705 καὶ
1203 650 1528 716 κλαίουσαν;

290 824 525 877 Ἀδωνιν
555 824 613 879 δὲ
644 824 1043 893 παρεισάγουσι
1077 824 1199 877 θεὸν
1235 819 1377 878 εἶναι
1411 824 1667 895 κυνηγὸν,
1703 826 1795 878 καὶ

205 915 409 967 τοῦτον
435 916 622 987 βιαίως
640 916 937 971 ἀποθανεῖν
957 915 1234 985 πληγέντα
1261 917 1367 969 ὑπὸ
1393 916 1486 971 τοῦ
1539 917 1631 980 ύὸς
1659 918 1747 985 (77
1755 935 1793 982 i,

208 1010 313 1060 καὶ
349 1008 428 1078 μὴ
456 1007 755 1078 δυνηθέντα
784 1006 1053 1077 βοηθῆσαι
1088 1010 1154 1078 τῇ
1187 1008 1540 1079 ταλαιπωρίᾳ
1576 1009 1793 1062 ἑαυτοῦ.

211 1100 344 1162 Πῶς
369 1095 465 1152 οῦν
495 1099 604 1151 τῶν
633 1098 936 1170 ἀνθρώπων
960 1099 1218 1168 φροντίδα
1246 1102 1529 1170 ποιήσεται
1554 1101 1583 1153 6
1613 1099 1797 1170 μοιχὸς

210 1193 315 1244 καὶ
352 1190 589 1261 κυνηγὸς
627 1191 721 1245 καὶ
753 1190 1106 1261 βιοθάνατος;

289 1390 480 1445 Ταῦτα
507 1390 683 1444 πάντα
708 1390 803 1443 καὶ
827 1389 1001 1443 πολλά
1027 1389 1255 1443 τοιαῦτα
1285 1389 1379 1443 καὶ⁸
1407 1389 1587 1460 πολλῷ
1617 1391 1800 1443 πλεῖον

213 1483 555 1555 αἰσχρότερα
594 1482 688 1536 καὶ
736 1483 948 1551 πονηρά
980 1484 1389 1553 παρεισήγαγον
1413 1482 1463 1534 οἱ
1506 1482 1796 1552 Ἕλληνες,

218 1572 469 1643 βασιλεῦ,
499 1573 629 1642 περὶ
655 1571 763 1623 τῶν
786 1570 926 1623 θεῶν
949 1571 1148 1635 αὐτῶν,
1179 1571 1215 1625 ἀ
1244 1569 1367 1624 οὔτε
1398 1570 1578 1638 λέγειν
1617 1571 1797 1640 Θέμις,

214 1664 335 1720 οὔτ’
378 1664 472 1717 ἐπὶ
504 1665 724 1735 μνήμης
756 1662 895 1726 ὅλως
943 1664 1151 1734 φέρειν’
1192 1665 1318 1716 ὅθεν
1350 1662 1719 1732 λαμϐάνοντες
1750 1664 1800 1715 οι

217 1756 506 1826 ἄνθρωποι
539 1754 794 1825 ἀφορμὴν
822 1752 930 1806 ἀπὸ
973 1753 1082 1806 τῶν
1121 1752 1258 1806 θεῶν
1297 1753 1495 1817 αὐτῶν,
1531 1752 1800 1822 ἔπραττον

217 1854 408 1903 πᾶσαν
443 1847 674 1919 ἀνομίαν
710 1849 809 1902 καὶ
842 1846 1130 1916 ἀσέλγειαν
1176 1848 1269 1901 καὶ
1312 1847 1591 1912 ἀσέϐειαν,
1633 1864 1802 1900 κατα-

1912 667 2133 731 ducere,
2157 679 2275 733 qua:
2296 661 2541 717 adulterii
2562 663 2786 717 crimine
2812 678 2871 718 se
2890 664 3209 734 obstringat,
3231 674 3287 719 et
3313 664 3484 733 ploret

1913 769 1978 810 ac
2007 754 2355 808 lamentetur.

1983 845 2278 900 Adonidem
2300 853 2473 898 autem
2498 843 2657 897 etiam
2679 842 2834 897 deum
2859 852 3165 898 venatorem
3197 844 3479 908 inducunt,

1914 952 2143 1006 eumque
2170 936 2237 990 ab
2265 950 2393 1003 apro
2424 948 2735 1004 percussum
2767 934 2995 987 violenta
3023 944 3192 988 morte
3218 936 3483 988 interiisse

1909 1026 2085 1089 aiunt,
2115 1039 2211 1079 nec
2265 1023 2316 1077 in
2349 1022 2649 1092 hujusmodi
2685 1024 2992 1077 calamitate
3031 1037 3186 1090 opem
3233 1024 3330 1076 sibi
3383 1024 3481 1091 ipsi

1915 1121 2106 1176 afferre
2137 1120 2391 1188 potuisse.
2420 1118 2659 1186 Quonam
2692 1119 2867 1185 itaque
2898 1127 3051 1185 pacto
3081 1114 3351 1169 heminurn
3392 1131 3485 1169 cu-

1916 1226 2026 1265 ram
2058 1220 2203 1280 geret
2233 1210 2437 1264 adulter
2461 1218 2515 1263 et
2544 1219 2786 1272 venatur,
2812 1208 3007 1277 quique
3046 1207 3274 1261 violenta
3313 1215 3484 1263 morte

1916 1302 2150 1357 interiit?

1987 1395 2111 1449 Haec
2139 1394 2316 1447 omnia
2346 1406 2412 1446 ac
2438 1392 2599 1444 multa
2629 1390 2730 1443 alia
2758 1389 3019 1459 eiusmodi
3060 1388 3235 1443 adhuc
3265 1388 3484 1443 foediora

1914 1495 1968 1540 et
1995 1486 2361 1552 sceleratiora,
2395 1499 2427 1538 ο
2458 1498 2582 1547 rex,
2614 1482 2681 1536 de
2708 1482 2812 1535 diis
2840 1481 2951 1536 suis
2977 1481 3150 1536 (irasci
3194 1481 3486 1545 inducunt,

1913 1593 2030 1645 qum
2062 1592 2160 1632 nec
2189 1577 2389 1641 dicere,
2423 1591 2521 1630 nec
2573 1575 2829 1629 memoria
2877 1574 2986 1629 ullo
3030 1574 3187 1628 modo
3227 1589 3484 1642 usurpare

1917 1670 1995 1721 l‘as
2032 1680 2138 1721 est.
2182 1667 2330 1722 Unde
2360 1666 2601 1721 homines
2643 1681 2673 1719 a
2701 1666 2805 1720 diis
2844 1666 2955 1719 suis
2986 1665 3317 1720 occasionem
3347 1667 3486 1719 arri-

1918 1760 2143 1828 pientes,
2178 1774 2339 1812 omne
2379 1758 2596 1812 sceleris
2638 1765 2694 1812 et
2731 1755 2968 1810 libidinis
3008 1767 3165 1825 atque
3204 1755 3486 1825 impietatis

1914 1864 2083 1918 genus
2125 1858 2534 1917 perpetrarnnt,
2568 1846 2849 1901 horrendis
2890 1846 3103 1916 flagitiis
3135 1845 3249 1901 suis
3293 1855 3485 1900 terram

228 1941 541 2012 μιαίνοντες
568 1939 673 2010 γῆν
702 1955 761 1992 τε
797 1939 891 1992 καὶ
916 1938 1055 2008 ἀέρα
1081 1940 1199 2002 ταῖς
1229 1937 1430 2000 δειναῖς
1458 1936 1637 1989 αὐτῶν
1668 1937 1809 2005 πρά-

1923 1950 1969 1996 et
1993 1952 2171 1994 aerem
2209 1936 2653 1993 contaminantes.

221 2031 398 2098 ξεσιν.

292 2143 460 2216 249
486 2142 775 2212 Αἰγύπτιοι
804 2142 880 2205 δὲ,
911 2139 1341 2211 ἀϐελτερώτεροι
1365 2138 1477 2211 (78)
1516 2138 1611 2192 καὶ
1639 2140 1808 2209 ἀφρο-

223 2238 471 2308 νέστεροι
520 2234 724 2289 τούτων
780 2235 954 2298 ὄντες,
1000 2236 1181 2305 χεῖρον
1230 2233 1447 2286 πάντων
1488 2231 1598 2284 τῶν
1639 2230 1808 2283 ἐθνῶν

224 2329 634 2402 ἔπλανήθησαν.
671 2328 744 2381 Ού
780 2327 891 2398 γὰρ
942 2326 1295 2398 ἠρκέσθησαν
1341 2328 1456 2387 τοῖς
1502 2325 1615 2377 τῶν
1661 2324 1808 2376 Χαλ-

223 2421 394 2476 δαίων
424 2422 520 2474 καὶ
554 2420 821 2489 Ἐλλήνων
864 2417 1223 2487 σεϐάσμασιν,
1252 2415 1367 2470 ἀλλ’
1398 2415 1479 2467 ἔτι
1511 2414 1603 2468 καὶ
1638 2414 1810 2481 ἄλογα

225 2514 344 2578 ζῶα
389 2511 806 2582 παρεισήγαγον
841 2509 998 2572 θεοὺς
1045 2506 1185 2563 εἶναι
1221 2508 1452 2579 χερσαῖά
1498 2526 1557 2561 τε
1596 2510 1690 2561 κοιλ¹
1722 2508 1807 2559 ἕν-

227 2604 386 2672 υδρα,
422 2602 516 2655 καὶ
546 2600 615 2654 τὰ
658 2600 801 2669 φυτά
835 2600 931 2651 καὶ
961 2598 1191 2668 βλαστά,
1241 2599 1335 2650 καὶ¹
1382 2597 1720 2668 ἐμιάνθησαν
1751 2600 1807 2650 ἐν

228 2693 383 2762 πάσῃ
420 2689 589 2760 μανίᾳ
624 2688 720 2742 καὶ
749 2687 1008 2758 ἀσελγείᾳ
1040 2690 1220 2758 χεῖρον
1250 2688 1467 2742 πάντων
1497 2689 1606 2741 τῶν
1638 2687 1807 2741 ἐθνῶν

224 2782 324 2835 ἐπὶ
378 2782 479 2851 τῆς
531 2780 657 2849 γῆς.
722 2778 987 2850 Ἀρχῆθεν
1048 2778 1157 2849 γάρ
1209 2778 1461 2833 ὲσέϐοντο
1508 2780 1607 2850 τὴν
1644 2781 1803 2844 Ἶσιν,

224 2874 460 2945 ἔχουσαν
483 2871 709 2940 ἀδελφὸν
731 2872 825 2923 καὶ¹
849 2870 1018 2941 ἄνδρα
1043 2871 1134 2924 τὸν
1162 2872 1395 2945 Ὄσιριν,
1416 2873 1507 2924 τὸν
1532 2872 1808 2941 σφαγέντα

226 2966 341 3020 ὑπὸ
366 2964 461 3018 τοῦ
491 2961 721 3031 ἀδελφοῦ
751 2962 915 3014 αὐτοῦ
942 2961 1221 3032 Τύφωνος.
1248 2963 1358 3015 Καὶ
1385 2963 1473 3016 διά
1497 2963 1654 3017 τοῦτο
1684 2963 1807 3032 φεύ·

225 3073 317 3126 γει
342 3058 377 3128 ὴ
410 3056 545 3117 Ἶσις
573 3054 711 3123 μετά
736 3054 900 3124 Ὤρου
921 3052 1013 3106 τοῦ
1042 3053 1160 3106 υίοῦ
1186 3053 1354 3125 αὐτῆς
1377 3056 1457 3117 είς
1479 3054 1682 3108 Βύϐλον
1706 3054 1808 3125 τῆς

227 3147 456 3217 Συρίας,
481 3144 720 3216 ζητοῦσα
740 3146 834 3197 τὸν
864 3145 1099 3215 Ὄσιριν,
1132 3144 1345 3215 πικρῶς
1380 3145 1674 3217 θρηνοῦσα,
1703 3147 1806 3210 ἕως

224 3235 469 3307 ηὔξησεν
500 3236 529 3286 6
574 3228 740 3305 Ὧρος
786 3235 880 3287 καὶ
914 3234 1201 3287 ἀπέκτεινε
1234 3235 1326 3288 τὸν
1359 3235 1614 3304 Τύφωνα.
1666 3237 1804 3290 Οῦτε

228 3324 327 3381 οὖν
370 3328 407 3396 ἡ
443 3327 579 3388 Ἶσις
609 3326 722 3395 ('79)
766 3324 953 3395 ἴσχυσε
1005 3324 1270 3395 βοηθῆσαι
1324 3324 1401 3395 τῷ
1439 3326 1554 3396 ίδίῳ
1598 3328 1811 3397 ἀδελφῷ

233 3420 332 3473 καὶ
365 3418 540 3487 ἀνδρί’
573 3414 697 3469 οὔτε
743 3417 772 3468 6
807 3417 1021 3486 Ὄσιρις
1069 3416 1411 3486 σφαζόμενος
1447 3419 1551 3471 ὑπὸ
1585 3418 1681 3471 τοῦ
1710 3419 1816 3471 Τύο

233 3524 415 3573 φωνος
440 3507 680 3577 ἠδυνήθη
728 3505 1112 3559 ἀντιλαϐέσθαι
1152 3505 1368 3559 ἑαυτοῦ⁸
1400 3506 1522 3559 οῦτε
1562 3507 1757 3575 Τύφων
1788 3510 1817 3561 ό

231 3598 659 3666 ἀδελφοκτόνος,
690 3596 1061 3665 ἀπολλύμενος
1105 3597 1208 3649 ὑπὸ
1241 3596 1336 3649 τοῦ
1374 3598 1541 3669 Ὤρου
1578 3600 1672 3651 καὶ
1717 3599 1818 3669 τῆς

237 3689 459 3755 Ἴσιδος,
488 3688 761 3758 εὐπόρησε
790 3686 1056 3757 ῥύσασθαι
1088 3688 1280 3741 ἑαυτὸν
1304 3687 1399 3740 τοῦ
1426 3688 1676 3743 θανάτου.
1707 3690 1819 3742 Καὶ

236 3783 334 3836 ἐπὶ
380 3780 642 3842 τοιούτοις
696 3782 1008 3849 ἀτυχήμασι
1061 3780 1457 3849 γνωρισθέντες
1500 3780 1657 3833 αὐτοὶ
1706 3780 1820 3834 θεοὶ

237 3872 349 3926 ὑπὸ
374 3871 484 3923 τῶν
511 3871 786 3924 ἀσυνέτων
815 3870 977 3939 250
1001 3870 1313 3938 Αἰγυπτίων
1345 3870 1729 3941 ἐνομίσθησαν.

312 3964 550 4028 οἵτινες,
594 3962 719 4031 μηδ’
746 3964 804 4015 ὲν
838 3961 1051 4024 τούτοις
1083 3962 1445 4032 ἀρκεσθέντες
1477 3963 1509 4034 ἢ
1563 3966 1678 4027 τοῖς
1711 3963 1821 4017 λοι⁸

241 4057 367 4119 ml;
396 4056 703 4124 σεϐάσμασι
733 4052 843 4106 τῶν
872 4052 1061 4119 ἐθνῶν,
1089 4055 1183 4107 καὶ
1225 4055 1293 4107 τά
1332 4054 1499 4123 ἄλογα
1539 4055 1653 4120 ζῶα
1685 4074 1826 4127 παρ-

241 4146 543 4217 εισήγαγον
613 4143 770 4207 θεοὺς
818 4139 976 4198 εἶναι.
1026 4144 1181 4207 Τινὲς
1235 4144 1345 4215 γὰρ
1399 4146 1577 4199 αὐτῶν
1637 4147 1826 4200 ὲσεϐά⁸

245 4236 458 4307 σθησαν
485 4234 778 4305 πρόϐατον,
804 4235 949 4297 τινὲς
970 4235 1026 4287 δὲ
1050 4237 1271 4306 τράγον,
1302 4236 1478 4306 ἕτεροι
1525 4236 1581 4289 δὲ
1629 4237 1826 4307 μόσχον

244 4329 460 4383 καὶτὸν
493 4331 697 4400 χοῖρον,
735 4327 884 4382 ἄλλοι
917 4328 974 4381 δὲ
1005 4326 1098 4380 τὸν
1127 4328 1341 4398 κόρακα
1374 4328 1468 4381 καὶ
1496 4328 1588 4381 τὸν
1633 4328 1828 4399 ἱέρακα

244 4422 344 4475 καὶ
367 4421 459 4474 τὸν
491 4420 644 4488 γῦπα
681 4420 778 4474 καὶ
821 4420 912 4472 τὸν
966 4418 1146 4483 ἀετὸν,
1188 4420 1282 4472 καὶ
1313 4419 1465 4473 ἄλλοι
1495 4420 1587 4473 τὸν
1628 4421 1828 4491 κροκό-

244 4512 443 4577 δειλον,
473 4513 617 4576 τινὲς
655 4512 713 4564 δὲ
742 4512 833 4564 τὸν
867 4510 1121 4581 αἴλουρον
1149 4511 1245 4564 καὶ
1276 4511 1368 4564 τὸν
1404 4511 1561 4577 κύνα,
1596 4513 1693 4566 καὶ
1737 4512 1830 4566 τὸν

1988 2161 2222 2230 Egyptii
2250 2170 2426 2214 autem
2458 2174 2550 2214 eos
2578 2157 2803 2213 stultitia
2832 2167 2887 2211 et
2915 2156 3208 2210 stoliditate
3241 2170 3493 2224 superan-

1921 2262 2023 2316 tes,
2068 2248 2279 2318 gravius
2317 2263 2474 2316 quam
2525 2248 2648 2300 ulla:
2696 2246 2814 2309 alia:
2867 2247 3107 2297 nationes
3153 2245 3491 2298 aberrarunt.

1918 2340 2103 2410 Neque
2129 2340 2271 2394 enim
2316 2340 2622 2395 Graecorum
2667 2336 2798 2391 deos
2842 2337 3081 2390 venerari
3122 2335 3252 2388 satis
3294 2334 3491 2389 habue-

1919 2440 2073 2495 runt;
2099 2446 2285 2486 verum
2314 2431 2449 2497 insu,
2471 2445 2530 2485 er
2557 2430 2707 2484 bruta
2738 2430 3047 2493 animantia,
3080 2438 3186 2482 tatu
3213 2428 3482 2481 terrestria

1918 2535 2076 2588 quam
2117 2521 2168 2573 in
2199 2517 2352 2589 aquis
2380 2519 2647 2587 degentia,
2682 2529 2786 2570 tam
2836 2517 3032 2581 stirpes
3079 2531 3236 2585 quam
3283 2517 3490 2584 plantas

1922 2610 1975 2664 in
2005 2610 2226 2664 deorum
2257 2624 2481 2663 numero
2529 2609 2825 2662 habuerunt
2848 2647 2861 2669 ,
2893 2618 3049 2676 atque
3088 2610 3231 2660 omni
3276 2607 3493 2661 insania!

1921 2715 1985 2755 ac
2014 2700 2247 2755 libidinis
2278 2715 2473 2771 genere
2502 2698 2712 2768 gravius
2736 2714 2893 2766 quam
2919 2699 3039 2751 ullae
3068 2706 3227 2751 terras
3255 2699 3492 2752 nationes

1922 2806 2041 2846 sese
2078 2801 2520 2860 censpurcarunt.
2566 2789 2869 2859 Antiquitus
2913 2792 3056 2843 enim
3105 2789 3293 2842 Isidem
3347 2788 3495 2842 cole-

1924 2890 2078 2953 bant,
2120 2886 2291 2940 virum
2333 2882 2492 2938 simul
2520 2897 2582 2935 ac
2625 2881 2842 2935 fratrem
2873 2881 3134 2936 Osiridem
3180 2880 3496 2944 habentem,

1922 2980 2009 3048 qui
2039 2995 2070 3032 a
2101 2978 2263 3036 fratre
2291 2990 2389 3029 suo
2415 2972 2673 3044 Typhone
2699 2973 3045 3026 obtruncatus
3073 2981 3173 3025 est.
3219 2971 3398 3040 anue
3427 2971 3498 3025 de

1920 3083 2081 3125 causa
2107 3065 2203 3120 Isis
2231 3078 2349 3118 cum
2384 3062 2494 3116 lilio
2522 3076 2619 3116 suo
2646 3061 2751 3115 Oro
2786 3061 2835 3114 in
2880 3060 3098 3131 Byhlum
3131 3058 3299 3128 Syria:
3329 3060 3493 3128 fugit,

1928 3156 2190 3213 Osiridem
2239 3168 2502 3225 quaerens,
2535 3164 2692 3220 atque
2733 3151 2923 3205 acerbe
2966 3152 3280 3215 lamentans,
3318 3153 3492 3222 quoad

1934 3246 2147 3301 tandem
2187 3244 2328 3299 Orus
2355 3244 2630 3307 crevisset,
2658 3256 2721 3296 ac
2748 3242 3057 3312 Typhonem
3088 3241 3155 3296 de
3184 3242 3357 3295 medio
3384 3255 3500 3294 sus-

1933 3338 2162 3391 tulisset.
2210 3332 2351 3404 Ergo
2399 3347 2498 3387 nec
2544 3332 2639 3386 lsis
2685 3332 2834 3386 fratri
2864 3347 2961 3385 suo
3002 3346 3066 3385 ac
3090 3332 3204 3385 viro
3232 3332 3501 3398 suppetias

1927 3427 2072 3481 ferre
2096 3424 2297 3494 potuit,
2321 3437 2417 3475 nec
2440 3421 2625 3487 Osiris,
2650 3435 2769 3475 cum
2791 3435 2819 3473 a
2841 3419 3098 3489 Typhone
3126 3421 3497 3485 trucidaretur,

1927 3518 2027 3570 sibi
2076 3515 2175 3585 ipsi
2223 3515 2420 3568 auxilio
2467 3528 2586 3567 esse
2631 3514 2831 3582 potuit,
2862 3527 2961 3566 nec
3007 3512 3234 3580 denique
3280 3511 3499 3581 Typhon

1929 3605 2225 3670 fratricida,
2252 3619 2371 3659 cum
2401 3603 2451 3658 ei
2482 3603 2550 3658 ab
2569 3603 2677 3658 Oro
2706 3612 2760 3657 et
2788 3602 2925 3657 Iside
2951 3602 3168 3656 exitium
3201 3601 3501 3666 efferretur,

1926 3700 2160 3769 seipsum
2187 3712 2217 3751 a
2247 3707 2419 3751 morte
2445 3695 2728 3749 vindicare.
2760 3694 2825 3747 Et
2852 3704 3028 3749 tamen
3071 3708 3191 3746 cum
3221 3692 3276 3745 hi
3302 3691 3371 3745 ob
3400 3691 3496 3744 hu-

1927 3792 2158 3863 iusmodi
2188 3790 2513 3846 calamitates
2541 3788 2607 3842 ad
2639 3788 2913 3842 Ιιοιιιίιιυηι
2959 3787 3200 3841 notitiam
3231 3786 3503 3856 pervenis-

1930 3891 2079 3946 sent,
2104 3896 2132 3933 a
2156 3881 2329 3934 stultis
2355 3878 2617 3949 Egyptiis
2642 3877 2714 3931 dii
2745 3876 2904 3930 habiti
2936 3886 3079 3930 sunt.

2003 3978 2140 4044 Quin
2187 3989 2360 4043 neque
2406 3974 2489 4027 his
2518 3981 2609 4027 aut
2655 3971 2874 4039 reliquis
2914 3971 3149 4039 gentium
3198 3967 3503 4023 numinibus

1934 4068 2199 4130 contenti,
2230 4068 2380 4119 bruta
2407 4063 2548 4119 enim
2573 4063 2859 4116 animantia
2889 4063 3226 4115 int/exerunt.
3256 4059 3501 4113 Nonnulli

1932 4158 2127 4214 etenim
2169 4157 2399 4225 ipsorum
2440 4168 2624 4217 ovem,
2654 4152 2743 4206 alii
2792 4152 3023 4212 hircum,
3055 4151 3147 4204 alii
3198 4150 3416 4202 vitulum
3444 4159 3500 4202 et

1933 4264 2116 4310 suem,
2156 4247 2243 4300 alii
2283 4260 2496 4299 corvum
2537 4253 2590 4297 et
2635 4244 2971 4310 accipitrem,
3007 4242 3090 4294 alii
3141 4241 3401 4295 vulturem
3447 4248 3505 4294 et

1934 4337 2161 4407 aquilam
2183 4379 2197 4401 ,
2229 4335 2316 4387 alii
2344 4333 2695 4396 crocodilum;
2726 4331 2936 4399 quidam
2986 4331 3171 4392 felem,
3202 4340 3255 4383 et
3280 4343 3496 4391 canem,

1933 4437 1988 4480 et
2020 4428 2229 4491 lupum,
2256 4434 2310 4477 et
2338 4422 2576 4485 simiam,
2611 4430 2666 4475 et
2690 4421 3008 4483 draconem,
3039 4427 3094 4471 et
3119 4418 3228 4483 aspi
3251 4419 3384 4478 lem;
3411 4416 3504 4470 alii

1934 4528 2112 4583 cepas,
2151 4522 2204 4566 et
2248 4512 2390 4576 allia,
2421 4520 2474 4564 et
2511 4510 2712 4578 spinas,
2759 4518 3085 4576 exterasque
3133 4523 3220 4562 res
3263 4506 3503 4561 conditas

246 4601 415 4656 λύκον
462 4604 559 4657 καὶ
608 4602 700 4655 τὸν
734 4601 987 4671 πίθηκον,
1040 4602 1134 4655 καὶ
1170 4601 1263 4654 τὸν
1294 4601 1564 4672 δράκοντα
1605 4603 1701 4656 καὶ
1728 4604 1812 4675 τὴι

1932 4608 2229 4662 coluerunt.
2258 4602 2367 4657 Nec
2405 4601 2648 4655 homines
2678 4599 2860 4655 miseri
2901 4599 3031 4653 nihil
3063 4599 3282 4652 omnino
3312 4596 3499 4651 virium

248 4693 489 4760 ἀσπίδα,
523 4694 619 4747 καὶ
652 4693 804 4748 ἀλλοι
842 4694 904 4746 τὸ
937 4694 1179 4764 κρόμυον
1212 4694 1309 4748 καὶ
1346 4695 1408 4747 τὸ
1450 4696 1706 4767 σκόροδον
1736 4699 1831 4752 καὶ

249 4786 532 4851 ἀκάνθας,
567 4786 663 4839 καὶ
712 4787 782 4839 τά
808 4785 973 4840 λοιπά
1009 4787 1303 4857 κτίσματα.
1344 4788 1452 4839 Καὶ
1497 4788 1597 4841 ούκ
1635 4788 1832 4844 αἰσθά-

252 4894 439 4932 νονται
469 4878 520 4931 οί
549 4877 889 4948 ταλαίπωροι
914 4877 1040 4949 περὶ
1072 4877 1295 4932 πάντων
1325 4877 1533 4932 τούτων
1560 4880 1643 4933 ὅτι
1676 4880 1831 4935 οὐδὲν

257 4967 561 5041 ισχύουσιν.
613 4967 880 5040 Ὀρῶντες
922 4968 1031 5040 γάρ
1068 4968 1198 5033 τοὺς
1236 4968 1396 5033 θεοὺς
1425 4970 1604 5026 αὐτῶν
1635 4971 1835 5044 βιϐρω-

330 5149 445 5219 (77)
473 5148 680 5219 Forsan
704 5147 810 5219 ὑπό
839 5163 933 5199 του
956 5145 1292 5219 ὑ-όςκῐῂύπὸ
1318 5147 1410 5200 τοῦ
1438 5149 1569 5204 υίοῦ.

1933 4697 2016 4753 his
2059 4696 2304 4749 omnibus
2343 4693 2502 4747 rebus
2532 4693 2707 4745 inesse
2749 4690 3007 4744 sentiunt.
3038 4689 3165 4742 Nam
3210 4703 3330 4741 cum
3371 4687 3504 4742 deos

1933 4803 2060 4844 suos
2090 4788 2160 4841 ab
2184 4787 2303 4840 aliis
2330 4783 2630 4837 hominibus
2660 4794 2712 4837 et
2737 4781 2975 4846 comedi,
3007 4790 3061 4834 et
3092 4781 3212 4851 igne
3239 4778 3501 4846 cremari,

1935 4888 1988 4932 et
2013 4875 2241 4946 iugulari
2271 4885 2429 4942 atque
2454 4872 2723 4939 corrumpi
2748 4870 2992 4931 videant,
3024 4884 3131 4924 non
3177 4879 3352 4923 tamen
3384 4884 3510 4938 pro-

1939 4967 2062 5025 inde
2086 4980 2180 5023 eos
2206 4966 2335 5021 deos
2364 4980 2470 5023 non
2496 4979 2618 5020 esse
2649 4964 3046 5019 intellexerunt.

333 5213 446 5291 (78)
473 5222 539 5281 Α,
566 5217 932 5291 ἀϐελτότεροι.
975 5216 1039 5280 D,
1069 5216 1453 5291 ἀϐελτώτεροι.
1480 5219 1592 5291 Non
1627 5220 1812 5275 videba

1944 5234 2066 5291 esse
2092 5218 2395 5291 Mela-quq
2416 5218 2757 5291 interpauca
2797 5216 3195 5291 numerandum
3225 5213 3512 5291 adjectila,

261 5282 385 5360 qnie
410 5282 841 5361 comparativum
882 5296 1097 5361 curt_nm
1130 5282 1361 5361 habent,
1383 5289 1792 5361 utet'iti’ijrrmtog,

1926 5290 2178 5361 είρωτος,
2211 5282 2316 5343 σις’.
2339 5282 2639 5361 Menander
2664 5286 3116 5361 lliStor.‘[“_ragm.
3147 5299 3261 5361 vin,
3290 5299 3342 5351 p.
3372 5282 3514 5337 428:

264 5355 392 5430 Ὅτι
426 5355 807 5430 ἀναπτερωτόν
833 5374 887 5430 τι
919 5357 1108 5430 χρῆμα
1135 5358 1168 5426 ἠ
1198 5356 1343 5430 νίκη,
1378 5360 1475 5430 καὶ
1500 5355 1812 5428 διαδιδράσκ

1923 5355 2066 5413 οῖᾱιτε
2096 5356 2231 5413 οὖσα
2263 5358 2482 5430 ῥᾳδίως.
2513 5355 2642 5430 1133c
2673 5368 2755 5430 est
2789 5356 2886 5409 viri
2914 5355 3061 5430 doct.
3094 5356 3359 5421 scriptura
3393 5368 3520 5430 eort-

223 5462 227 5467 ο
260 5429 543 5499 jecturalis
578 5422 675 5493 pro
700 5422 929 5495 pristina
942 5422 1420 5499 ςάναπτερώτατόν
1445 5444 1499 5480 τι
1542 5445 1631 5499 χρ.
1664 5422 1812 5498 Εψιίι

1923 5452 1925 5480 I
1964 5430 2039 5483 nil
2074 5422 2274 5482 mutari
2308 5422 2523 5499 'tnalim.
2552 5422 3522 5499 Ειοίιηάναπτ-ερώτατον,’διιρνι-Ιιιιί-

180 5498 225 5532 θ’
264 5498 369 5553 vus
402 5500 735 5558 decurtatns,

266 5572 406 5623 disc.
446 5565 595 5619 adul.
638 5580 760 5633 pag.

791 5492 1465 5618 ἓῖοῡάναπτερωτότατον,
1492 5492 1632 5567 quod
1665 5492 1743 5554 ob'
1775 5509 1812 5552 ta

1923 5513 2084 5552 imum
2126 5500 2327 5568 fugisse
2367 5496 2638 5551 videntur.
2680 5494 2814 5549 Vide
2844 5492 3117 5566 Wy’ttenb.
3159 5494 3226 5546 ad
3270 5492 3415 5547 l’lut.
3449 5492 3523 5546 De

343 5638 569 5732 (792A;
583 5605 849 5732 ,τσῗιῑῗὲὶιξξ
874 5633 1268 5732 εειὲειξέοοηξξρι
1299 5634 1455 5732 ulle
1486 5635 1702 5732 αξξίιέεξη
1712 5650 1812 5732 31°

1923 5637 2071 5691 tario.
2118 5636 2424 5692 Articulum
2473 5636 2840 5689 necessarium
2874 5634 2983 5687 τῶν
3015 5632 3217 5688 reddidi
3258 5642 3384 5685 tom.
3428 5630 3522 5695 lll,

1923 5721 2051 5732 nu...
2109 5706 2394 5732 ΠΙ.Λ-ζηὲ..ο
2418 5705 2468 5732 ζ.-
2496 5705 2683 5732 Qun...“
2739 5705 2762 5732 ε
2802 5704 2865 5732 ιιι
2901 5722 2913 5732 .
2945 5706 3047 5732 v-1.
3085 5704 3148 5732 οξ.
3180 5701 3288 5732 -ιτιυ
3328 5702 3522 5732 ’ΔᾹᾹ--

270 5702 398 5777 pag.
422 5702 509 5769 τι,
530 5704 627 5777 24,
656 5702 847 5777 Joanni
874 5704 1087 5777 Gabi-ge,
1128 5706 1279 5777 quod
1305 5715 1428 5777 tunc
1459 5702 1677 5777 mouere
1712 5721 1812 5775 neg

1923 5721 2077 5777 eram.
2109 5706 2397 5777 Choricius
2418 5705 2469 5758 in
2496 5705 2706 5777 Summ.
2738 5705 2765 5776 ᾗ
2802 5704 2866 5757 16
2901 5722 2913 5758 :
2944 5706 3052 5758 Καὶ
3072 5704 3149 5777 Δσὺ
3180 5702 3288 5777 τῶν
3328 5702 3526 5777 ’ᾼρραο

271 5772 407 5831 ϐίῶν
446 5776 659 5844 ἑκάστῳ
685 5773 784 5847 τὴν
822 5773 1218 5847 ἐπιϐάλλουσαν
1249 5774 1518 5847 Αδιωρίσας
1547 5774 1689 5828 οὕτω
1726 5772 1941 5846 μοῖραν,
1987 5775 2174 5847 ὥσπερ
2210 5777 2289 5841 είς
2321 5774 2512 5842 λόγους
2568 5772 2875 5829 ὲλθώνήπου
2918 5777 2985 5846 τῇ
3022 5773 3163 5846 τύχῃ
3203 5772 3523 5842 οἰκητόρων.

272 5847 421 5903 Bene
450 5842 665 5902 codices
686 5842 944 5915 διώρισας
985 5852 1040 5900 et
1078 5843 1186 5897 τῶν
1213 5842 1390 5912 οίκητ.
