4042 6428
562 430 694 495 1119

1968 412 2321 474 ADDENDA
2333 462 2347 475 .

3669 413 3812 477 112ιί

547 535 847 605 σειομένους
874 533 979 589 ὑπὸ
1009 534 1213 606 ἐτέρων
1236 531 1542 605 ἀνθρώπων
1569 531 1662 585 zeal
1690 527 2017 600 καιομένους
2074 527 2171 579 καὶ
2209 524 2620 597 σφαττομένους
2642 565 2657 592 ,
2705 528 2801 581 zeal
2838 526 3219 600 σηπομένους,
3289 525 3352 579 οὗ
3399 523 3646 595 συνῆκαν
3688 526 3824 596 περί

542 624 726 679 αὐτῶν
754 625 840 678 ὅτι
872 625 975 678 οὐκ
1005 624 1115 677 εἰσι
1145 621 1281 677 θεοί.

623 735 881 801 Quocirca
923 747 1113 800 magno
1158 748 1338 785 errore
1381 742 1490 787 tum
1524 728 1792 798 Egyptii,‘
1824 736 1932 780 tutu
1961 720 2110 777 Chal-

2306 704 2526 776 Πλάνην
2549 700 2642 759 οὖν
2673 706 2917 777 μεγάλην
2944 706 3335 779 ἐπλανήθησαν
3364 709 3419 762 οἴ
3441 727 3501 763 τε
3528 712 3827 779 Αἰγύπτιοι

553 833 687 897 deri,
714 840 827 889 tum
866 834 1036 889 Graeci
1085 834 1219 902 lapsi
1263 846 1411 901 sunt,
1444 837 1573 890 deos
1616 832 1915 901 huiusmodi
1960 829 2114 884 indu-

551 932 765 989 centes,
804 929 962 991 atque
999 924 1229 993 ipsorum
1271 938 1469 979 statuas
1498 928 1814 991 efficientes,
1845 922 2110 988 surdaque

552 1024 606 1068 et
632 1026 817 1066 sensus
838 1020 1073 1081 expertia
1132 1012 1417 1069 simulacra
1489 1026 1588 1083 pro
1662 1007 1766 1063 diis
1833 1014 2108 1067 habentes.

556 1105 631 1155 Ac
660 1101 893 1155 demiror
920 1116 1024 1169 quo
1061 1111 1234 1169 pacto,
1265 1118 1383 1154 cum
1422 1103 1549 1156 deos
1581 1118 1703 1157 suos
1732 1107 1798 1156 ab
1824 1104 2114 1157 artiﬁcibus

551 1192 742 1255 secari,
767 1200 819 1246 et
848 1192 1017 1246 dolari
1033 1237 1048 1259 ,
1072 1206 1135 1246 ac
1163 1195 1418 1258 truncari,
1439 1204 1597 1263 atque
1624 1196 1877 1261 temporis
1909 1194 2115 1264 longin-

551 1285 755 1352 quitate
800 1284 1189 1340 inveterascere
1219 1294 1275 1340 et
1317 1285 1617 1351 immutari,
1644 1294 1802 1355 atque
1833 1287 1951 1354 igne
1987 1299 2117 1339 cnn-

556 1374 669 1426 ilari
700 1382 1013 1437 cernerent,
1046 1376 1166 1428 hinc
1195 1391 1286 1430 eos
1316 1375 1529 1430 minime
1569 1376 1697 1430 deos
1724 1391 1841 1430 esse
1871 1391 1974 1430 non
2000 1376 2115 1428 ani-

554 1463 951 1517 madverterint.
984 1464 1111 1516 Nam
1138 1465 1223 1532 qui
1249 1465 1300 1516 in
1328 1478 1437 1517 sua:
1466 1464 1653 1518 salutis
1680 1467 1888 1531 negouo
1916 1464 2113 1517 nullam

552 1553 659 1606 vim
694 1554 920 1621 habent,
954 1569 1178 1623 quonam
1209 1555 1418 1607 tandem
1451 1556 1607 1609 modo
1638 1555 1911 1609 hominum
1952 1555 2111 1608 saluti

553 1641 876 1695 consulenti
918 1644 985 1695 At
1029 1656 1156 1696 vero
1192 1651 1362 1710 poetae
1414 1642 1679 1711 ipsorum,
1715 1654 1770 1698 et
1815 1642 2116 1712 philosophi

557 1740 664 1785 tam
704 1730 1069 1785 Chaldaeorum
1112 1745 1267 1799 quam
1300 1730 1696 1803 Egyptiorum,
1729 1749 1847 1787 cum
1879 1717 2120 1789 versibus

556 1820 669 1874 suis
706 1833 769 1873 ac
807 1821 1098 1874 litterarum
1139 1821 1497 1875 monumentis
1539 1823 1669 1875 deos
1698 1837 1821 1876 suos
1862 1837 2120 1876 exornare

555 1904 901 1974 studuerunt,
943 1923 1127 1961 eorum
1173 1909 1513 1977 ignominiam
1552 1914 1720 1979 magis
1768 1914 2116 1978 detexerunt,

557 1997 859 2063 nudamque
899 1996 1133 2050 omnium
1178 2000 1345 2052 oculis
1395 2010 1797 2069 proposuerunt.
1831 2002 1960 2054 Nam
1998 2016 2117 2055 cum

2230 792 2325 846 zeal
2366 793 2419 845 οἰ
2456 794 2712 849 Χαλδαῖοι
2758 797 2854 849 zeal
2883 795 2934 849 οἰ
2982 796 3243 869 Ἕλληνες
3277 798 3558 863 τοιούτους
3591 817 3824 872 παρεισ-

2230 884 2455 952 άγοντες
2482 885 2658 950 θεοὺς,
2696 888 2791 941 καὶ
2827 888 3121 959 ἀγάλματα
3153 889 3336 943 αὐτῶν
3369 891 3686 959 ποιοῦντες,
3728 896 3825 948 καὶ

2231 974 2640 1047 θεοποιούμενοι
2676 977 2748 1031 τὰ
2778 978 2939 1048 κωφὰ
2973 980 3067 1033 καὶ
3103 980 3414 1051 ἀναίσθητα
3446 981 3668 1037 εἴδωλα.
3712 986 3823 1037 Καὶ

2231 1068 2501 1138 θαυμάζω
2535 1069 2657 1133 πῶς
2683 1068 2920 1141 ὁρῶντες
2966 1073 3096 1136 τοὺς
3132 1074 3290 1137 θεοὺς
3337 1074 3520 1127 αὐτῶν
3556 1076 3665 1128 ὑπὸ
3712 1076 3825 1129 τῶν

2228 1162 2577 1235 δημιουργῶν
2599 1165 2965 1237 πριξομένους
2980 1168 3074 1220 καὶ
3094 1168 3530 1238 πελεκωμένους,
3556 1171 3828 1223 παλαιοοο

2232 1256 2427 1325 μένους
2461 1273 2521 1309 τε
2577 1258 2681 1311 ὑπὸ
2711 1258 2807 1312 τοῦ
2855 1259 3049 1330 χρόνου
3092 1260 3187 1312 καὶ
3237 1260 3679 1331 άναλυομένους,
3730 1266 3824 1316 zeal

2230 1348 2635 1417 χωνευομένους
2656 1389 2671 1411 ,
2712 1351 2814 1403 οὐκ
2847 1350 3160 1420 ἐφρόνησαν
3194 1352 3327 1423 περὶ⁹
3374 1352 3558 1405 αὐτῶν
3585 1354 3669 1406 ὅτι
3722 1358 3823 1408 οὐκ

2230 1440 2338 1492 εἰσὶ
2381 1440 2515 1495 θεοί.
2554 1442 2685 1495 Ὅτε
2732 1443 2842 1514 γὰρ
2874 1444 3006 1515 περὶ
3036 1445 3133 1514 τῆς
3170 1444 3306 1508 ἰδίας
3352 1446 3635 1517 σωτηρίας
3668 1449 3823 1500 οὐδὲν

2235 1531 2499 1601 ἰσχύουσι,
2532 1533 2650 1597 πῶς
2677 1534 2788 1588 τῶν
2817 1534 3123 1606 ἀνθρώπων
3157 1535 3420 1605 πρόνοιαν
3457 1538 3819 1606 ποιήσονται;

2244 1622 2381 1676 Ἀλλ’
2418 1625 2466 1676 οἰ
2499 1625 2721 1694 ποιηταὶ
2754 1624 2933 1678 αὐτῶν
2963 1627 3057 1677 zeal
3090 1624 3393 1695 φιλόσοφοι,
3425 1625 3537 1679 τῶν
3572 1643 3632 1678 τε
3668 1628 3821 1679 Χαλο

2229 1709 2397 1764 δαίων
2424 1711 2523 1765 zeal
2561 1711 2835 1782 Ἑλλήνων
2866 1714 2959 1767 καὶ
2983 1715 3322 1783 Αἰγυπτίων,
3350 1717 3682 1785 θελήσαντες
3708 1719 3822 1781 τοῖς

2232 1804 2535 1874 ποιήμασιν
2594 1805 2777 1860 αὐτῶν
2829 1808 2925 1859 καὶ
2973 1810 3321 1879 συγγραφαῖς
3373 1810 3643 1879 σεμνῦναι
3695 1811 3823 1875 τοὺς

2233 1896 2362 1965 παρ’
2399 1897 2586 1959 αὐτοῖς
2619 1896 2813 1963 θεοὺς,
2868 1897 3133 1966 μειζόνως
3175 1899 3276 1970 τὴν
3324 1902 3595 1971 αἰσχύνην
3639 1903 3825 1955 αὐτῶν

2231 1986 2574 2057 ὲξεκάλυψαν
2598 1989 2693 2042 zeal
2730 1990 2948 2061 γυμνὴν
2980 1992 3116 2043 πᾶσι
3146 1990 3490 2063 προύθηκαν.
3528 1995 3593 2046 Εἰ
3624 1996 3737 2065 γὰρ
3764 1995 3824 2048 τὸ

557 2084 790 2138 hominis
839 2098 1063 2150 corpus,
1113 2087 1352 2153 quamvis
1402 2068 1595 2155 alioqui
1653 2089 1834 2141 multis
1884 2089 2110 2159 partibus

2233 2078 2396 2147 σῶμα
2425 2079 2521 2132 τοῦ
2550 2079 2845 2151 ἀνθρώπου
2892 2082 3204 2155 πολυμερὲς
3229 2084 3382 2154 25]
3437 2084 3499 2137 ὃν
3550 2088 3654 2138 οὐκ
3683 2089 3820 2139 ἀπο-

556 2179 796 2236 constet,
826 2170 1024 2224 nullum
1061 2181 1234 2225 tamen
1276 2176 1632 2228 membrorum
1674 2190 1889 2228 suorum
1914 2175 2121 2245 abjicit,

556 2276 737 2314 verum
781 2260 1133 2316 firmissimam
1162 2276 1281 2317 cum
1332 2264 1460 2331 ipsis
1504 2263 1748 2319 Omnibus
1793 2267 2120 2332 conjnnvt‘o-

556 2370 677 2409 nent
736 2353 969 2421 habens,
1021 2369 1201 2408 secum
1261 2355 1430 2424 ipsum
1486 2356 1807 2420 concordat,
1856 2358 1944 2425 qui
1999 2366 2116 2410 tan-

556 2446 682 2502 dem
711 2445 763 2500 in
794 2445 1107 2513 DeiOnatura
1152 2454 1294 2500 tanta
1339 2460 1506 2517 pugna
1545 2454 1599 2501 et
1645 2448 1907 2500 discordia
1946 2448 2118 2502 futura

473 2550 480 2559 '
557 2535 677 2591 est?
702 2535 834 2589 Nam
864 2535 1041 2590 siuna
1084 2534 1308 2589 deorum
1356 2549 1539 2589 natura
1589 2546 1760 2601 esset,
1792 2538 1922 2591 deus
1962 2537 2119 2592 deum

560 2626 848 2693 insectari,
878 2634 968 2678 aut
1005 2625 1348 2690 obtruncare,
1381 2634 1470 2678 aut
1498 2625 1638 2680 malo
1663 2627 1839 2694 aliquo
1867 2628 2123 2680 mulctare

559 2718 779 2773 minime
805 2716 1052 2773 debebat.
1083 2717 1234 2784 Quod
1262 2717 1307 2771 si
1345 2716 1417 2771 dii
1457 2732 1486 2770 a
1517 2715 1617 2771 diis
1648 2717 1843 2781 vexati,
1875 2726 1929 2771 et
1956 2717 2123 2771 inter-

560 2808 754 2879 empti,
804 2815 860 2861 et
895 2809 1139 2877 spoliati,
1180 2821 1242 2861 ac
1277 2807 1497 2863 fulmine
1543 2808 1779 2875 percussi
1822 2818 1980 2874 sunt,
2015 2824 2120 2862 non

559 2902 668 2971 iam
696 2913 799 2954 una
828 2912 1011 2955 eorum
1038 2906 1226 2953 natura
1253 2909 1365 2965 est,
1391 2898 1487 2954 sed
1533 2899 1793 2955 distincta:
1820 2899 2121 2955 voluntates

537 2993 701 3052 atque
730 3000 924 3042 omnes
953 2988 1198 3045 exitiosae
1232 3006 1297 3045 ac
1327 2992 1617 3061 pestiferae.
1654 2994 1729 3050 Ex
1760 3011 1868 3066 quo
1898 2998 2126 3052 conclu-

538 3070 773 3127 dendum
796 3085 880 3131 est
895 3078 1166 3133 neminem
1189 3094 1378 3134 eorum
1409 3081 1568 3137 deum
1598 3099 1739 3140 esse.
1768 3084 2122 3156 Perspicuum

538 3170 626 3218 est
658 3164 843 3236 igitur,
875 3183 909 3222 ο
940 3184 1054 3238 rex,
1084 3186 1300 3229 omnem
1335 3190 1525 3230 eorum
1556 3176 1624 3231 de
1658 3179 1886 3235 deorum
1922 3189 2122 3237 natura

538 3255 962 3327 disputationem
989 3265 1202 3320 erroris
1230 3266 1447 3335 plenam
1479 3284 1622 3325 esse.

608 3348 855 3415 Quonam
876 3361 1059 3410 autem
1080 3366 1242 3427 pacto
1263 3359 1298 3413 ii
1315 3362 1408 3430 qui
1431 3363 1575 3431 apud
1596 3363 1815 3421 Graecos
1837 3367 2117 3439 sapientia":

552 3446 709 3506 atque
734 3440 990 3499 doctrina:
1013 3441 1153 3497 fama
1182 3446 1501 3515 floruerunt,
1532 3452 1657 3509 illud
1686 3456 1906 3515 minime
1952 3462 2111 3518 intel-

552 3524 827 3622 texerunt,
854 3545 949 3585 eos
975 3532 1067 3622 qui
1098 3534 1243 3603 leges
1286 3539 1518 3595 tulerunt
1545 3545 1766 3602 suismet
1801 3548 2002 3616 legibus
2024 3552 2115 3622 ju-

551 3617 755 3672 dicarii
779 3618 911 3673 Nam
942 3621 986 3675 si
1025 3621 1167 3690 leges
1197 3625 1356 3693 iusta:
1391 3639 1546 3697 sunt,
1577 3632 1754 3702 injusti
1785 3639 2003 3694 omnino
2025 3617 2112 3713 ip-

550 3719 730 3762 sorum
758 3708 830 3762 dii
872 3720 1027 3778 sunt,
1055 3715 1141 3782 qui
1171 3725 1352 3771 contra
1387 3718 1557 3788 legum
1590 3727 1897 3796 praesciipta
1926 3708 2110 3787 mutuo

548 3808 671 3851 sese
713 3796 1111 3869 interfecerint,
1140 3814 1299 3873 atque
1342 3808 1393 3861 in
1433 3812 1704 3879 veneficia,
1736 3825 1791 3869 et
1825 3818 2107 3887 adulteria,

547 3894 604 3940 et
646 3886 807 3955 furta,
847 3898 904 3943 et
948 3902 1299 3961 prreposteras
1351 3897 1594 3958 libidines
1652 3908 1970 3972 proruerint.
2014 3886 2106 3967 Sin

546 3985 722 4071 autem
746 3989 892 4036 recte
920 3981 1181 4050 fecerunt,
1210 3988 1351 4059 leges
1373 4002 1516 4046 certe
1542 3994 1742 4065 iniquae.
1759 4012 1900 4068 sunt,
1927 4012 2108 4071 utpote

544 4067 799 4124 adversus
819 4070 947 4126 deos
966 4080 1280 4131 constitutae.
1300 4079 1450 4135 Nunc
1473 4093 1648 4140 autem
1674 4089 1817 4155 leges
1838 4067 2104 4160 praeclara:

541 4174 603 4213 ac
627 4160 781 4227 iusta:
810 4173 960 4229 sunt,
998 4174 1054 4219 ut
1096 4182 1212 4236 quin
1239 4179 1295 4224 et
1331 4175 1551 4231 virtutes
1598 4178 1848 4250 laudent,
1877 4196 1932 4240 et
1974 4191 2103 4246 vitia

548 4250 898 4319 prohibeant;
948 4255 1169 4312 deorum
1206 4270 1419 4329 autem,
1460 4280 1594 4334 quos
1637 4268 1733 4335 ipsi
1762 4273 1969 4344 nolunt,
2002 4254 2103 4334 ini-

539 4354 641 4406 qua
663 4350 787 4396 sunt
811 4357 975 4412 opera
1003 4362 1017 4399 :
1042 4361 1205 4417 quare
1229 4349 1393 4420 iniqui
1413 4355 1570 4409 etiam
1600 4358 1833 4426 ipsorum
1854 4366 1927 4419 dii
1947 4379 2099 4438 sunt,

540 4442 829 4501 omnesque
870 4435 1015 4503 impii
1062 4450 1125 4493 ac
1173 4451 1345 4496 morte
1388 4445 1671 4513 multandi,
1704 4451 1793 4519 qui
1840 4435 2100 4522 ejusmodi

542 4524 673 4577 deos
719 4524 994 4583 inducunt.
1026 4530 1155 4585 Nam
1184 4534 1230 4586 si
1266 4550 1326 4588 ea
1367 4552 1485 4605 qua:
1528 4539 1596 4595 de
1642 4542 1772 4609 ipsis
1807 4545 2098 4604 litterarum

537 4619 894 4705 monumentis
944 4622 1151 4687 prodita
1201 4635 1351 4690 sunt,
1393 4628 1512 4683 ficta
1556 4642 1611 4685 et
1659 4632 1892 4690 fabulosa
1942 4648 2095 4705 sunt,

2230 2171 2485 2225 ϐάλλεται
2529 2189 2584 2224 τι
2617 2173 2726 2226 τῶν
2764 2172 2909 2226 ἰδίων
2950 2173 3147 2243 μελῶν,
3178 2176 3333 2240 ἀλλὰ,
3366 2177 3508 2246 πρὸς
3540 2178 3722 2230 πάντα
3755 2180 3822 2232 τά

2232 2262 2371 2333 μέλη
2408 2262 2775 2334 ἁδιάρῤηκτον
2814 2264 3010 2319 ἕνωσιν
3051 2266 3194 2335 ἔχον,
3220 2267 3400 2339 ἑαυτῷ
3432 2270 3551 2321 ἐστι
3596 2268 3822 2339 σύμφω-

2228 2372 2339 2419 νον,
2378 2355 2494 2418 πῶς
2538 2356 2595 2407 ὲν
2636 2354 2796 2423 φύσει
2852 2356 2977 2409 θεοῦ
3012 2356 3162 2428 μάχη
3209 2359 3305 2411 καὶ
3351 2359 3627 2430 διαφωνία
3667 2363 3820 2415 ἔσται

2228 2449 2466 2520 τοσαύτη
2494 2467 2507 2516 ;
2544 2450 2592 2501 εἰ
2626 2451 2737 2519 γὰρ
2779 2448 2876 2520 μία
2907 2449 3070 2520 φύσις
3103 2453 3212 2504 τῶν
3242 2452 3379 2505 θεῶν
3407 2454 3681 2525 ὑπῆρχεν,
3720 2458 3818 2507 οὐκ

2228 2539 2458 2609 ὤφειλεν
2504 2544 2626 2607 θεὸς
2660 2542 2783 2596 θεὸν
2812 2542 3054 2609 διώκειν,
3094 2541 3218 2595 οὔτε
3250 2544 3500 2612 σφάξειν,
3544 2545 3670 2598 οὔτε
3719 2566 3817 2600 κα-

2229 2640 2499 2690 κοποιεῖν·
2538 2638 2586 2689 εἰ
2637 2636 2694 2689 δὲ
2741 2638 2792 2691 oi
2828 2635 2941 2689 θεοὶ
2987 2635 3094 2689 ὑπὸ
3143 2635 3282 2689 θεῶν
3330 2636 3680 2708 ἐδιώχθησαν
3726 2638 3821 2690 καὶ

2229 2729 2566 2799 ἐσφάγησαν,
2593 2730 2687 2782 καὶ
2716 2728 3049 2800 ἡρπάγησαν
3079 2728 3175 2781 zeal
3202 2729 3687 2799 ἐκεραυνώθησαν,
3720 2732 3820 2783 οὐκ

2229 2819 2307 2874 ἔτι
2339 2819 2438 2889 μία
2464 2820 2627 2889 φύσις
2671 2820 2843 2885 ἐστὶν,
2884 2819 3020 2873 ἀλλὰ
3054 2820 3272 2889 γνῶμαι
3303 2821 3640 2891 διῃρημέναι
3664 2860 3679 2884 ,
3716 2823 3820 2874 πᾶ-

2230 2928 2320 2965 σαι
2348 2914 2635 2966 κακοποιοὶ
2658 2952 2674 2978 ,
2704 2910 2846 2965 ὥστε
2890 2912 3066 2975 οὐδεὶς
3098 2911 3160 2975 ἐξ
3180 2911 3357 2964 αὐτῶν
3387 2914 3506 2965 ἐστι
3538 2912 3684 2975 θεός.
3715 2915 3822 2965 Φα-

2228 3004 2383 3074 νερὸν
2411 3004 2504 3057 οὖν
2536 3006 2705 3067 ἐστιν,
2728 2997 2774 3057 ὦ
2798 3002 3023 3073 βασιλεῦ
3042 3045 3059 3071 ,
3090 3002 3299 3073 πλάνην
3328 2999 3471 3057 εἶναι
3506 3005 3694 3057 πᾶσαν
3724 3003 3821 3073 τὴν

2228 3094 2490 3165 περὶτῶν
2521 3093 2659 3148 θεῶν
2690 3092 3063 3164 φυσιολογίαν.

2299 3355 2425 3419 Πῶς
2450 3355 2505 3409 δὲ
2524 3356 2586 3409 οὐ
2617 3356 2858 3427 συνῆκαν
2883 3356 2934 3409 οἱ
2965 3356 3120 3426 σοφοὶ
3150 3355 3245 3409 καὶ
3274 3356 3445 3425 λόγιοι
3472 3357 3587 3411 τῶν
3630 3357 3819 3428 Ἐλλή-

2227 3465 2331 3499 νων
2349 3449 2431 3501 ὅτι
2449 3450 2544 3500 καὶ
2569 3449 2617 3500 οἰ
2640 3447 2836 3518 νόμους
2862 3447 2997 3520 (79⁸)
3021 3448 3242 3517 θέμενοι
3264 3450 3546 3519 κρίνονται
3575 3450 3684 3502 ὑπὸ
3710 3450 3815 3502 τῶν

2228 3538 2372 3591 ἰδίων
2401 3538 2619 3609 νόμων;
2665 3541 2864 3611 Εἰπὰρ
2905 3542 2954 3593 οἰ
3007 3541 3166 3609 νόμοι
3192 3540 3390 3594 δίκαιοί
3440 3544 3608 3609 εἰσιν,
3643 3544 3815 3597 ἄδικοι

2223 3629 2440 3692 πάντως
2460 3631 2510 3682 οἰ
2530 3628 2644 3683 θεοὶ⁵
2666 3630 2850 3684 αὐτῶν
2872 3632 3002 3697 εἰσι,
3019 3632 3317 3702 παράνομα
3341 3634 3702 3703 ποιήσαντες,
3726 3634 3816 3687 άλο

2220 3720 2569 3791 ληλοκτονίας
2594 3724 2690 3775 καὶ
2709 3723 3052 3793 φαρμακίας,
3073 3726 3168 3778 zeal
3191 3724 3440 3795 μοιχείας
3461 3728 3562 3779 zeal
3583 3726 3808 3789 κλοπάς,

2220 3814 2316 3868 zeal
2359 3814 2793 3883 ἀρσενοκοιτίας.
2838 3816 2903 3867 Εἰ
2944 3814 3002 3867 δὲ
3033 3815 3215 3879 καλῶς
3257 3815 3505 3885 ἔπραξαν
3534 3816 3737 3881 ταῦτα,
3763 3820 3808 3869 οἰ

2218 3906 2372 3976 νόμοι
2405 3906 2514 3978 ἄρα
2552 3906 2729 3961 ἄδικοί
2761 3908 2869 3961 εἰσι
2890 3948 2906 3973 ,
2942 3908 3085 3961 κατὰ
3116 3908 3224 3962 τῶν
3257 3908 3394 3961 θεῶν
3436 3911 3801 3974 συντεθέντες.

2217 3992 2355 4044 Νυνί
2402 3992 2461 4045 δὲ
2513 3995 2563 4046 οἰ
2615 3996 2772 4065 νόμοι
2814 3996 2968 4050 καλοί
3006 3999 3114 4050 εἰσι
3153 3998 3250 4051 καὶ
3284 3998 3522 4066 δίκαιοι,
3562 4003 3634 4053 τα
3673 4002 3806 4054 καλά

2217 4083 2568 4148 ἐπαινοῦντες
2598 4085 2691 4138 καὶ
2720 4087 2790 4139 τά
2820 4086 2965 4139 κακά
2991 4087 3452 4157 ἀπαγορεύοντες
3484 4090 3558 4142 τὰ
3582 4090 3644 4143 δὲ
3676 4090 3804 4161 ἔργα

2214 4174 2322 4229 τῶν
2355 4175 2492 4229 θεῶν
2522 4176 2703 4230 αὐτῶν
2735 4179 3029 4250 παράνομα
3049 4195 3065 4211 ·
3098 4180 3408 4252 παράνομοι
3456 4180 3571 4253 ἄρα
3601 4185 3654 4235 οἱ
3701 4183 3803 4235 θεοὶ

2216 4263 2419 4330 αὐτῶν,
2458 4266 2555 4318 zeal
2589 4266 2764 4337 ἔνοχοι
2816 4268 3019 4332 πάντες
3063 4267 3296 4322 θανάτου
3346 4271 3444 4322 καὶ
3490 4272 3719 4333 ἀσεϐεῖς
3756 4273 3800 4324 οἱ

2211 4356 2485 4419 τοιούτους
2523 4357 2679 4422 θεοὺς
2704 4361 3156 4431 παρεισάγοντες.
3196 4363 3258 4415 Εἰ
3296 4362 3398 4433 μὲν
3428 4363 3541 4434 γάρ
3574 4366 3800 4434 μυθικσὶ

2211 4448 2270 4503 αἱ
2296 4448 2425 4520 περὶ
2450 4448 2628 4501 αὐτῶν
2662 4450 2926 4522 ἱστορίαι,
2954 4452 3107 4505 οὐδέν
3138 4455 3298 4517 εἰσιν,
3328 4456 3378 4507 εἰ
3408 4457 3486 4524 μὴ
3517 4457 3685 4525 μόνον
3713 4458 3797 4510 λό-

2210 4554 2318 4606 γοι·
2355 4540 2404 4591 εἰ
2435 4538 2492 4590 δὲ
2520 4541 2781 4609 φυσικαὶ,
2814 4543 2914 4596 οὐκ
2940 4542 3023 4595 ἔτι
3059 4544 3170 4597 θεοί
3199 4545 3336 4597 εἰσιν
3364 4546 3415 4597 οἰ
3443 4546 3627 4599 ταῦτα
3656 4550 3800 4619 mei}.

2212 4646 2406 4695 σαντες
2422 4634 2515 4685 καὶ
2538 4633 2823 4698 παθόντες
2841 4635 2962 4687 εἰδὲ
2985 4635 3363 4706 ἁλληγορικαὶ,
3388 4635 3553 4705 μῦθοί
3581 4639 3687 4690 εἰσι
3707 4650 3797 4691 ut

533 4702 662 4755 nihil
688 4705 831 4759 aliud
859 4719 982 4761 sunt
1025 4724 1182 4778 quam
1212 4717 1345 4769 meri
1371 4731 1679 4784 sermones;
1710 4724 1757 4777 si
1787 4733 1963 4780 autem
1995 4702 2093 4782 na;

2226 4723 2312 4776 >ύκ
2342 4723 2471 4777 ἄλλο
2502 4741 2577 4777 τι.
2616 4725 2777 4796 252
2808 4702 3208 4780 Ἀποδέδειπται
3233 4702 3434 4793 τοίνυν,
3465 4723 3510 4781 ὦ
3541 4728 3792 4798 βασιλεῦ,

533 4795 743 4862 turalia,
765 4812 867 4852 non
889 4800 999 4869 jam
1021 4803 1090 4855 dii
1120 4813 1246 4858 sunt
1266 4809 1354 4875 qui
1383 4807 1493 4863 hac
1516 4809 1754 4868 fecerunt
1773 4830 1833 4870 ac
1857 4820 2093 4885 perpessi

530 4893 683 4949 sunt;
710 4888 848 4954 quod
878 4889 924 4943 si
964 4890 1249 4961 allegorica
1293 4912 1451 4955 senati
1490 4914 1553 4957 ea
1598 4902 1867 4972 dicuntur,
1901 4908 2090 4964 fabulas

528 4984 685 5044 Sunt,
709 4991 771 5031 ac
799 4980 927 5033 nihil
957 4994 1234 5049 praterea.
1272 4987 1696 5046 Detnonstratum
1721 5006 1803 5048 est
1832 4999 2027 5066 itaque,
2056 5016 2089 5052 ο

527 5080 645 5133 rex,
672 5068 770 5122 hos
794 5083 979 5126 omnes
1000 5074 1195 5142 cultus,
1219 5077 1306 5143 qui
1334 5078 1513 5135 multis
1535 5081 1635 5136 diis
1662 5085 1980 5153 tribuuntur,
2007 5105 2091 5144 er-

2212 4816 2385 4870 ταῦτα
2414 4816 2595 4871 πάντα
2631 4818 2702 4870 τὰ
2745 4817 2982 4871 πολύθεα
3029 4818 3356 4888 σεϐάσματα
3405 4819 3623 4891 πλάνης
3661 4822 3793 4892 ἔργα

2209 4909 2302 4961 καὶ
2331 4908 2607 4972 ἀπωλείας
2638 4909 2928 4979 ὑπάρχειν.
2960 4908 3034 4961 Ob
3058 4909 3165 4980 χρὴ
3192 4906 3288 4963 οὖν
3317 4910 3473 4973 θεοὺς
3504 4910 3789 4980 ὀνομάζειν

2206 5000 2437 5070 ὁρατοὺς
2466 5002 2560 5053 καὶ
2583 4999 2659 5070 μὴ
2683 4999 2944 5071 ὁρῶντας·
2974 5000 3112 5054 ἀλλὰ
3142 5002 3233 5055 τὸν
3269 5003 3506 5075 ἀόρατον
3538 5006 3636 5057 καὶ
3665 5005 3790 5056 πάν-

2208 5110 2307 5157 τας
2337 5091 2823 5164 δημιουργήσαντα
2850 5092 2930 5147 δεῖ
2967 5091 3224 5147 σέὄεσθαι
3253 5093 3410 5150 Θεὸν.

524 5164 668 5219 roris
701 5175 865 5236 atque
894 5168 1045 5222 exitii
1075 5184 1241 5241 opera
1274 5187 1397 5228 esse
1422 5180 1624 5243 (neque
1654 5175 1802 5230 enim
1827 5176 1958 5231 deos
1983 5169 2259 5247 appellare
2287 5184 2538 5235 convenit
2568 5184 2659 5252 qui
2694 5182 2944 5238 videntur
2965 5200 3031 5240 ac
3058 5201 3167 5241 non
3191 5186 3409 5252 vident;
3443 5204 3637 5243 verum
3672 5202 3791 5243 eum

524 5258 638 5330 qui,
673 5274 796 5312 cum
834 5261 948 5331 ipse
982 5262 1132 5316 cerni
1160 5271 1411 5333 nequeat,
1440 5265 1620 5318 omnia
1652 5268 1870 5337 cernit),
1897 5266 2175 5341 Deumque
2204 5271 2294 5340 qui
2326 5274 2506 5327 omnia
2542 5275 2808 5339 condidit,
2833 5275 3123 5331 colendum
3154 5292 3298 5333 esse.

600 5356 894 5413 Veniamus
921 5359 1103 5428 igitur,
1129 5375 1163 5415 ο
1183 5362 1484 5424 rex,'etiam
1516 5363 1582 5417 ad
1604 5360 1845 5429 Judacos,
1871 5372 1930 5417 ut
1952 5365 2100 5435 quid-

2284 5362 2569 5432 Ἔλθωμεν
2596 5358 2711 5431 οὖν,
2733 5356 2778 5416 ὦ
2807 5363 3051 5434 βασιλεῦ,
3076 5367 3171 5421 καὶ
3201 5370 3295 5422 ἐπὶ
3316 5371 3444 5435 τοὺς
3484 5370 3779 5438 Ἰουδαίους,
3830 5342 3837 5383 Ξ

526 5460 653 5500 nam
675 5446 779 5515 ipsi
803 5463 1019 5517 quoque
1039 5451 1107 5506 de
1128 5450 1240 5505 Deo
1261 5453 1500 5506 sentiant
1518 5453 1822 5509 videamus.
1843 5454 1976 5509 Nam
2003 5457 2104 5527 ipsi

2226 5457 2354 5519 inm;
2389 5454 2589 5524 ἴδωμεν
2618 5455 2671 5507 τί
2700 5456 2959 5526 φρονοῦσι
2987 5458 3083 5510 καὶ
3105 5460 3259 5513 αὐτοὶ
3292 5465 3418 5533 περί
3441 5463 3600 5517 Θεοῦ.
3626 5462 3779 5519 Οὗτοι
3831 5488 3841 5523 ι

528 5537 597 5593 ab
617 5537 911 5607 Abraham,
942 5540 1109 5608 Isaac,
1141 5554 1193 5598 et
1221 5542 1391 5600 Jacob
1427 5546 1660 5607 oriundi.
1690 5546 1983 5618 {Egyptum
2016 5553 2102 5603 in-

526 5627 833 5687 coluerunt.
863 5630 1016 5689 Illinc
1039 5645 1227 5690 autem
1257 5635 1396 5693 Deus
1421 5652 1518 5694 eos
1547 5638 1602 5692 in
1630 5654 1792 5693 manu
1823 5640 2026 5709 potenti
2051 5648 2104 5697 et

2205 5546 2334 5616 γὰρ,
2366 5546 2459 5599 τοῦ
2500 5546 2753 5618 Ἀϐραὰμ
2785 5548 2938 5612 ὄντες
2963 5552 3221 5620 ἀπόγονοι
3252 5557 3349 5607 καὶ
3384 5555 3575 5611 Ἰσαάκ
3605 5576 3662 5612 τε
3688 5564 3777 5612 zeal

2216 5635 2450 5705 Ἰακὼϐ,
2488 5639 2829 5710 παρῴκησαν
2868 5644 2946 5706 εἰς
2987 5645 3284 5713 Αἴγυπτον.
3336 5648 3577 5704 Ἐκεῖθεν
3608 5652 3662 5704 δὲ
3695 5653 3775 5717 ἑξ-

850 5756 943 5857 δῖιι
968 5757 1281 5857 νόμξουςὶηρ,
1307 5761 1407 5857 zeal
1432 5764 1653 5857 vltipouq.
1680 5767 1897 5857 sumpsi
1934 5777 2106 5857 utram

2250 5784 2516 5857 vocem'et
2551 5775 2831 5845 addidici,
2864 5795 2973 5849 quo
3015 5781 3191 5838 oratio
3231 5799 3419 5842 carere
3461 5802 3569 5842 non
3620 5801 3773 5857 posse

521 5825 824 5881 videbatur.
865 5828 943 5883 Ad
980 5825 1123 5900 κρίν.
1159 5833 1321 5888 est'in
1345 5832 1388 5886 A
1418 5825 1626 5904 glossa,
1648 5839 1735 5892 vel
1767 5825 2022 5909 varietas,
2064 5841 2110 5911 ἡ·

2226 5843 2662 5914 κατακρίνονται.
