4042 6412
216 388 348 455 1121

1298 387 1476 451 VITA
1511 382 1863 446 BARLAAM
1901 383 1998 443 ET
2034 383 2384 451 JOASAPH.

3292 403 3430 470 11°22

197 505 408 576 ήγαγεν
445 501 645 565 αὐτοὺς
686 501 715 556 ό
745 499 878 565 Θεὸς
911 501 971 554 ὲν
999 499 1144 572 χειρὶ
1172 498 1410 571 κραταιᾷ
1435 497 1528 550 καὶ
1557 498 1615 549 ἐν
1648 493 1778 566 βραο

1891 495 2109 556 brachio
2149 503 2385 569 excelso,
2424 516 2520 571 per
2548 503 2766 575 Moysen
2808 505 3040 573 ipsorum
3086 509 3440 578 legis!atorcm

196 597 337 667 κίονι
368 592 560 665 ὑψηλῷ
584 591 698 664 (80)
723 592 812 646 διὰ
851 591 1097 654 Μωσέως
1127 589 1222 643 τοῦ
1257 587 1546 660 νομοθέτου
1569 585 1770 652 αὐτῶν,

197 689 295 743 καὶ
329 687 524 759 τέρασι
562 685 780 748 πολλοῖς
808 684 900 737 καὶ
925 683 1172 753 σημείοις
1206 680 1318 752 (81)
1355 677 1652 750 ἐγνώρισεν
1680 677 1775 730 αύ-

194 783 310 842 τοῖς
329 780 430 851 τὴν
459 777 658 833 ἑαυτοῦ
683 776 936 848 δύναμιν.
971 775 1134 839 Ἀλλ’,
1158 771 1472 842 ἀγνώμονες
1498 769 1594 824 καὶ
1618 768 1775 824 αὐτοὶ

193 870 462 940 φανέντες
505 869 601 922 καὶ
642 867 942 938 ἄχρηστοι,
972 863 1236 928 πολλάκις
1283 861 1617 934 ἐλάτρευσαν
1661 862 1775 924 τοῖς

193 964 306 1017 τῶν
333 962 505 1018 ἐθνῶν
525 960 858 1030 σεδάσμασι,
888 960 983 1014 καὶ
1009 959 1137 1018 τοὺς
1173 954 1616 1026 ἀπεσταλμένους
1641 951 1774 1023 πρὸς

197 1056 403 1118 αὐτοὺς
451 1054 740 1127 προφήτας
791 1051 889 1106 καὶ
932 1049 1175 1112 δικαίους
1230 1047 1582 1102 ἀπέκτειναν.
1644 1038 1776 1097 Εἶτα

197 1148 276 1210 ὡς
309 1145 604 1216 εὐδόκησεν
637 1146 668 1198 ὁ
702 1142 830 1207 Υἱὸς
863 1142 960 1196 τοῦ
998 1140 1135 1195 Θεοῦ
1173 1139 1349 1194 ἐλθεῖν
1375 1139 1473 1192 ἐπὶ
1495 1137 1596 1207 τῆς
1633 1136 1773 1206 γῆς,

200 1238 706 1308 εμπ-παροινήσαντες
753 1234 834 1298 είς
873 1233 1058 1297 αὐτὸν,
1100 1231 1420 1303 προέδωκαν
1449 1229 1665 1298 Πιλάτῳ
1699 1225 1778 1296 τῷ

200 1331 436 1403 ἡγεμόνι
475 1328 590 1384 τῶν
649 1326 939 1398 Ῥωμαίων
987 1325 1084 1378 καὶ
1122 1320 1339 1393 σταυρῷ
1392 1318 1776 1379 κατεδίκασαν,

207 1424 284 1493 μὴ
310 1421 652 1482 αἰδεσθέντες
676 1417 778 1480 τὰς
799 1416 1121 1490 εὐεργεσίας
1149 1412 1338 1477 αὑτοῦ,
1366 1411 1461 1465 καὶ
1493 1409 1562 1463 τά
1586 1408 1782 1478 ἀναρί-

206 1514 392 1583 θμητα
419 1513 672 1580 θαύματα
715 1509 860 1578 άπερ
892 1509 950 1559 ὲν
999 1505 1182 1568 αὐτοῖς
1214 1502 1527 1574 εἰργάσατο.
1560 1499 1648 1552 Διὸ
1678 1499 1779 1551 ἀπ-

205 1603 490 1674 ὡλοντοτῇ
514 1601 620 1673 ίδίᾳ
646 1595 986 1669 παρανομία.
1002 1596 1259 1650 Σέῦονται
1280 1593 1388 1664 γὰρ
1407 1593 1500 1645 καὶ
1528 1591 1624 1644 νῦν
1649 1589 1781 1643 Θεὸν

206 1697 298 1748 τὸν
321 1694 484 1764 μόνον
508 1691 947 1762 παντοκράτορα,
977 1686 1092 1742 ἀλλ’
1114 1687 1179 1739 ού
1205 1685 1325 1738 κατ’
1348 1683 1662 1751 ἐπίγνωσιν·
1689 1679 1782 1732 τὸν

209 1786 320 1854 γάρ
357 1783 608 1854 Χριστὸν
625 1782 916 1852 ἀρνοῦνται
942 1778 1035 1832 τὸν
1056 1776 1184 1830 Υίὸν
1219 1775 1316 1829 τοῦ
1345 1773 1480 1828 Θεοῦ
1499 1815 1516 1840 ,
1543 1772 1641 1826 καὶ
1677 1769 1785 1824 εἰσὶ

213 1877 506 1948 παρόμοιοι
535 1877 652 1936 τοῖς
678 1873 879 1936 ἔθνεσι,
915 1870 1017 1926 κᾶν
1049 1869 1294 1939 ἐγγίζειν
1321 1884 1438 1931 πως
1463 1869 1531 1936 τῇ
1559 1863 1785 1934 ἀληθείᾳ

212 1967 463 2029 δοκῶσιν,
509 1961 577 2038 ἧς
621 1963 848 2026 ἑαυτοὺς
888 1962 1229 2032 ὲμάκρυναν.
1273 1958 1461 2012 Ταῦτα
1502 1955 1632 2026 περ).
1677 1953 1787 2008 τῶν

215 2054 506 2108 Ἰουδαίων.

283 2146 346 2198 Οί
380 2145 438 2197 δὲ
468 2141 782 2215 Χριστιανοὶ
809 2137 1255 2210 γενεαλογοῦνται
1300 2136 1409 2190 ἀπὸ
1447 2137 1544 2190 τοῦ
1581 2133 1786 2203 Κυρίου

225 2234 402 2304 Ἰησοῦ
431 2232 694 2303 Χριστοῦ.
733 2226 902 2295 Οὗτος
931 2231 989 2283 δὲ
1020 2231 1049 2284 ὁ
1093 2228 1220 2292 Υἱὸς
1252 2227 1347 2281 τοῦ
1379 2226 1514 2281 Θεοῦ
1544 2227 1638 2279 τοῦ
1664 2225 1788 2294 ὑψί-

219 2341 342 2377 στου
387 2326 731 2396 ὁμολογεῖται
757 2361 772 2386 ,
802 2324 858 2374 ὲν
907 2319 1186 2390 Πνεύματι
1235 2318 1374 2389 άγὰρ
1415 2317 1511 2371 ἀπ’
1558 2312 1788 2384 ούρανοῦ

217 2415 460 2479 καταϐάς
503 2414 663 2484 253
708 2413 795 2467 διὰ
831 2411 932 2482 τὴν
979 2410 1256 2482 σωτηρίαν
1300 2407 1411 2462 τῶν
1463 2406 1787 2478 ἀνθρώπων

218 2507 313 2560 καὶ
335 2549 351 2570 ,
397 2507 463 2560 ὲκ
491 2505 765 2576 Παρθένου
805 2502 965 2571 ἁγίας
994 2500 1274 2571 γεννηθεὶς
1322 2497 1577 2569 ἀσπόρως
1607 2513 1666 2550 τε
1696 2495 1792 2550 καὶ

218 2597 492 2668 ἀφθόρως,
528 2598 708 2667 σάρκα
735 2579 964 2648 ἀνέλαϐε
986 2632 1002 2658 ,
1032 2591 1126 2645 καὶ
1156 2588 1401 2660 ἀνεφάνη
1451 2584 1790 2658 ἀνθρώποις,

218 2690 369 2752 ὅπως
389 2689 459 2740 ἐκ
480 2688 578 2757 τῆς
607 2685 866 2740 πολυθέου
897 2684 1105 2754 πλάνης
1136 2682 1336 2745 αὐτοὺς
1361 2677 1790 2749 ἀνακαλέσηται.

218 2781 331 2834 Καὶ
350 2819 367 2844 ,
397 2779 620 2842 τελέσας
649 2777 746 2849 τὴν
775 2775 1096 2847 θαυμαστὴν
1141 2771 1308 2828 αὐτοῦ
1343 2769 1676 2840 οἰκονομίαν,
1707 2768 1796 2824 διὰ

222 2871 460 2940 σταυροῦ
489 2870 716 2924 θανάτου
745 2868 1007 2937 ἐγεύσατο
1035 2865 1262 2936 ἑκουσίᾳ
1304 2863 1465 2934 βουλῇ
1495 2861 1616 2914 κατ’
1649 2861 1796 2914 οἱκο-

221 2965 417 3035 νομίαν
445 2963 713 3033 μεγάληνο
759 2959 902 3031 μετά
941 2959 998 3012 δὲ
1027 2960 1178 3029 τρεῖς
1221 2955 1436 3026 ἡμέρας
1469 2951 1667 3008 ἀνεὸίω
1705 2951 1797 3006 καὶ

222 3055 304 3117 είς
339 3052 603 3125 οὐρανοὺς
647 3050 897 3122 ἀνῆλθεν.
943 3041 1020 3103 Ob
1065 3047 1125 3100 τὸ
1154 3046 1311 3109 κλέος
1344 3047 1444 3116 τῆς
1488 3041 1796 3115 παρουσίας

1883 585 2096 652 eduxit,
2125 604 2187 643 ac
2215 605 2309 660 per
2347 592 2505 648 multa
2553 593 2787 664 prodigia
2823 607 2874 652 et
2915 598 3066 666 signa
3110 614 3263 652 suam
3313 601 3444 670 ipsis

1878 677 2174 744 potentiam
2221 679 2532 737 declaravit.
2567 681 2759 737 Verum
2807 685 2909 753 ipsi
2958 701 3168 757 quoque
3214 689 3444 756 perfidos

1896 783 2057 844 atque
2083 777 2318 848 ingratos
2355 795 2476 836 sese
2507 783 2822 853 praebentes,
2851 789 3082 856 gentium
3117 794 3248 848 deos
3276 807 3450 862 sape-

1889 883 2109 923 numero
2153 869 2472 938 adorarunt,
2518 875 2904 946 prophetasque
2945 879 3010 933 ad
3050 893 3110 935 se
3157 883 3349 938 missos
3387 899 3451 940 ac

1885 956 2058 1026 justos
2080 961 2222 1014 viros
2247 971 2420 1016 morte
2441 960 2749 1018 affecerunt.
2769 964 2848 1020 Ac
2871 966 3079 1032 deinde,
3105 977 3451 1039 posteaquam

1890 1047 1959 1101 ita
1993 1048 2087 1103 Dei
2114 1049 2354 1105 voluntas
2384 1053 2528 1117 tulit,
2562 1061 2616 1106 ut
2661 1053 2828 1108 Filius
2871 1070 2998 1110 suus
3033 1057 3086 1112 in
3133 1067 3327 1112 terram
3355 1074 3451 1116 ve-

1891 1137 2055 1206 niret,
2084 1154 2203 1193 eum
2244 1143 2561 1196 contumelia
2603 1143 2878 1212 affectum,
2909 1145 3096 1200 Pontio
3142 1146 3308 1203 Pilato
3337 1147 3450 1205 Ro-

1891 1241 2162 1281 manorum
2185 1229 2302 1284 duci
2334 1231 2690 1300 tradiderunt,
2719 1236 2993 1302 crncisque
3021 1236 3282 1305 supplicio
3309 1251 3442 1291 con-

1893 1315 2241 1384 demnarunt,
2265 1319 2407 1374 nulla
2433 1320 2676 1376 videlicet
2700 1320 2867 1391 ipsius
2895 1323 3270 1384 beneﬁciorum
3295 1335 3454 1396 atque

1895 1405 2364 1462 innumerabilium
2393 1409 2800 1474 miraculorum,
2841 1428 2958 1481 quae
2996 1414 3135 1472 inter
3177 1415 3321 1482 ipsos
3359 1417 3455 1471 de-

1898 1490 2160 1562 signarat.
2206 1497 2384 1550 habita
2431 1500 2657 1556 ratione.
2689 1512 2890 1566 suoque
2918 1503 3120 1558 scelere
3164 1504 3454 1570 perierunt.

1898 1580 2030 1636 Nam
2089 1599 2230 1638 nunc
2285 1601 2493 1656 quoque
2552 1586 2724 1641 solum
2780 1589 2992 1658 quidem
3045 1590 3454 1662 omnipotentem

1897 1674 2061 1728 Deum
2090 1677 2302 1741 colunt,
2343 1677 2438 1730 sed
2481 1693 2586 1732 non
2633 1678 2918 1732 secundum
2949 1682 3247 1748 scientiam,
3289 1683 3451 1752 siqui-

1894 1759 2013 1813 dem
2047 1761 2310 1815 Christum
2341 1762 2530 1816 Filium
2575 1765 2667 1819 Dei
2699 1775 2891 1833 negant
2926 1765 3108 1840 (Rom.
3133 1767 3214 1838 χ),
3241 1769 3454 1839 gentili-

1897 1849 2100 1916 husquc
2125 1851 2324 1904 similes
2352 1860 2493 1917 sunt,
2519 1853 2726 1908 etiamsi
2748 1855 2812 1909 ad
2841 1857 3141 1925 veritatem,
3168 1872 3199 1911 a
3219 1871 3320 1927 qua
3340 1872 3454 1928 pro-

1894 1939 1977 1992 cul
2008 1953 2066 1992 se
2110 1947 2484 2009 removerunt,
2514 1945 2734 2012 propius
2778 1944 3048 2015 aliquanto
3087 1945 3343 2004 accedere
3371 1945 3450 2001 vi-

1894 2025 2137 2080 deantur.
2164 2028 2239 2081 Ac
2259 2027 2327 2082 de
2352 2027 2550 2082 Judaeis
2578 2029 2851 2086 hactenus.

1968 2134 2040 2191 At
2077 2134 2422 2192 Christiania
2453 2139 2676 2194 Domino
2719 2143 3065 2200 nostrodesu
3107 2143 3320 2200 Christo
3357 2144 3456 2200 do-

1889 2226 2075 2282 ctrinae
2101 2241 2210 2281 suae
2232 2228 2487 2297 originem
2513 2231 2734 2285 ducunt.
2765 2231 2860 2292 Hic
2884 2242 3060 2287 autem
3087 2233 3182 2288 Dei
3209 2233 3453 2291 altissimi

1893 2315 2054 2369 Filius
2077 2315 2130 2368 in
2154 2315 2349 2386 Spiritu
2376 2328 2559 2371 sancto
2581 2318 2831 2373 creditur.
2854 2319 2953 2384 Qui
2976 2320 3187 2389 quidem
3211 2320 3455 2376 humanm

1885 2407 2076 2462 salutis
2111 2421 2270 2461 causa
2310 2407 2379 2462 de
2425 2409 2564 2466 coelo
2611 2410 2922 2496 descendit.
2953 2421 3112 2480 atque
3151 2426 3222 2470 ex
3271 2419 3454 2466 sancta

1890 2496 2108 2567 Virgine
2135 2497 2342 2567 genitus
2365 2508 2484 2563 est,
2511 2513 2578 2554 ac
2618 2499 2734 2556 sine
2777 2502 2980 2558 semine
3016 2509 3073 2556 et
3115 2501 3454 2570 corruptione
3555 2543 3563 2549 ι

1891 2603 2108 2644 carnem
2136 2589 2402 2658 suscepit,
2433 2590 2844 2659 hmninihusque
2881 2591 3156 2660 apparuit,
3183 2599 3242 2645 ut
3283 2605 3378 2647 eos
3420 2604 3452 2642 a

1889 2675 2024 2731 falso
2067 2677 2349 2733 multorum
2396 2676 2620 2734 deorum
2645 2678 2796 2734 cultu
2827 2687 3118 2734 revocaret.
3149 2678 3325 2745 Atque
3351 2678 3453 2732 ad-

1883 2766 2128 2826 miranda
2175 2767 2551 2822 incarnationis
2581 2781 2690 2823 sua
2717 2768 3110 2835 dispensatione
3150 2767 3452 2835 perfunctus

1893 2868 2121 2912 mortem
2149 2868 2360 2925 sponte,
2388 2866 2547 2926 atque
2579 2858 2773 2927 ingenti
2807 2857 3041 2926 quodam
3083 2856 3328 2921 consilio,
3359 2870 3454 2925 per

1893 2961 2106 3004 crucem
2143 2946 2458 3014 degustavit.
2503 2944 2702 3002 Triduo
2740 2956 2922 3000 autern
2967 2953 3089 3014 post
3131 2945 3454 3010 resurrexit,

1885 3043 2052 3106 atque
2079 3036 2130 3090 in
2157 3035 2327 3092 ctelos
2345 3036 2608 3092 ascendit.
2636 3035 2801 3105 Cujus
2827 3034 3123 3104 pmsentitc
3145 3033 3364 3104 gloriam
3387 3049 3453 3094 ex

221 3145 289 3197 ὲκ
326 3123 425 3213 τῆς
451 3141 583 3214 παρ’
631 3141 814 3204 αὐτοῖς
858 3138 1197 3209 καλουμένης
1235 3135 1598 3205 εύαγγελικῆς
1633 3135 1793 3202 ἁγίας

1891 3124 2181 3192 Scriptura,
2219 3139 2338 3192 quae
2359 3123 2499 3190 apud
2530 3139 2625 3180 eos
2653 3125 2967 3194 Evangelica
2992 3135 3235 3192 vocatur,
3264 3125 3307 3179 si
3337 3138 3454 3180 eam

155 3270 157 3272 ς
223 3234 451 3306 Γραφῆς
483 3232 665 3298 ἒξεστί
714 3249 799 3285 σοι
835 3229 1076 3299 γνῶναι,
1123 3227 1379 3298 βασιλεῦ,
1419 3225 1516 3279 ἐὰν
1546 3223 1796 3295 ἐντύχῃς.

224 3320 395 3388 Οὗτος
421 3322 633 3378 δώδεκα
664 3321 790 3392 ἔσχε
818 3320 1068 3392 ,μαθητάς
1086 3357 1104 3384 ,
1145 3318 1227 3385 οἳ,
1261 3316 1399 3387 μετὰ
1419 3314 1520 3387 τὴν
1549 3315 1607 3368 ὲν
1631 3315 1801 3385 ούρα-

225 3419 338 3480 νοῖς
390 3415 575 3471 ἄνοδον
607 3413 810 3480 αὐτοῦ,
851 3411 1074 3482 ἐξῆλθον
1109 3412 1190 3475 είς
1240 3409 1341 3473 τὰς
1389 3407 1658 3478 ἐπαρχίας
1695 3406 1800 3476 τῇς

223 3506 575 3578 οίκουμένης,
605 3506 698 3560 καὶ
727 3503 972 3572 ἐδίδαξαν
1005 3503 1104 3574 τὴν
1150 3501 1357 3556 ἐκείνου
1388 3497 1797 3570 μεγαλωσύνηνο

227 3598 482 3665 καθάπερ
509 3591 591 3659 εἷς
621 3596 681 3663 ἐξ
707 3596 888 3650 αύτῶν
917 3596 1018 3658 τάς
1055 3593 1180 3648 καθ’
1211 3593 1358 3663 ἡμᾶς
1391 3589 1656 3664 περιῆλθε
1692 3587 1803 3659 χώ-

229 3702 362 3758 ρας,
408 3684 471 3737 τὸ
501 3684 682 3754 δόγμα
727 3681 1013 3756 κηρύττων
1059 3683 1157 3752 τῆς
1208 3679 1491 3750 ἀληθείας.
1541 3676 1704 3730 Ὅθεν
1749 3677 1798 3728 οί

225 3777 399 3829 εἰσέτι
425 3772 804 3837 διακονοῦντες
846 3776 914 3845 τῇ
941 3771 1262 3844 δικαιοσύνῃ
1309 3770 1405 3826 τοῦ
1447 3768 1801 3842 κηρύγματος

223 3867 433 3931 αὐτῶν,
483 3865 772 3920 καλοῦνται
819 3863 1157 3934 Χριστιανοί.
1210 3864 1323 3916 Καὶ
1368 3856 1517 3915 οὗτοί
1569 3862 1709 3914 είσιν
1751 3859 1800 3912 οἱ

225 3959 368 4028 ὑπὲρ
391 3957 570 4012 πάντα
595 3957 664 4012 τά
689 3955 821 4026 ἔθνη
850 3955 951 4026 τῆς
971 3954 1074 4025 γῆς
1099 3953 1353 4025 εὑρόντες
1377 3950 1480 4023 τὴν
1516 3950 1797 4021 ἀλήθειαν·

224 4049 562 4119 γινώσκουσι
605 4047 716 4119 γὰρ
757 4047 848 4101 τὸν
886 4046 1042 4114 Θεὸν,
1082 4045 1306 4115 κτίστην
1335 4043 1431 4097 καὶ
1473 4043 1801 4113 δημιουργὸν

224 4143 336 4195 τῶν
365 4142 620 4195 ἀπάντων
643 4143 701 4193 ἐν
740 4138 856 4208 Υίῷ
895 4139 1178 4209 μονογενεῖ
1199 4136 1295 4190 καὶ
1331 4134 1611 4204 Πνεύματι
1637 4133 1798 4204 ἁγίῳ,

226 4232 322 4284 καὶ
345 4230 504 4286 ἄλλον
529 4228 651 4284 Θεὸν
680 4229 819 4300 πλὴν
846 4227 1036 4282 τούτου
1063 4229 1126 4281 ού
1151 4227 1422 4280 σέὸονται.
1456 4225 1678 4294 Ἔχουσι
1703 4222 1801 4285 τὰς

227 4322 452 4386 ἐντολὰς
491 4321 654 4374 αὑτοῦ
693 4321 787 4374 τοῦ
830 4320 1036 4391 Κυρίου
1097 4315 1276 4388 Ἰησοῦ
1316 4314 1554 4387 Χριστοῦ
1596 4316 1654 4368 ἒν
1682 4315 1800 4377 ταῖς

227 4414 487 4485 καρδίαις
531 4411 989 4484 κεχαραγμένας,
1032 4411 1129 4465 καὶ
1173 4409 1378 4472 ταύτας
1431 4407 1794 4476 φυλάττουσι,

1889 3215 2063 3282 legere
2086 3213 2143 3268 in
2172 3213 2405 3270 animum
2451 3214 2742 3280 induxeris,
2771 3214 3072 3282 perspicere
3101 3214 3254 3280 licet,
3279 3226 3314 3266 o
3337 3227 3452 3267 rex.

1889 3305 1986 3360 Hic
2013 3304 2292 3362 duodecim
2323 3305 2614 3373 discipulos
2653 3304 2863 3372 habuit,
2905 3305 2992 3373 qui
3035 3313 3154 3374 post
3191 3303 3357 3370 ipsius
3399 3302 3455 3357 in

1885 3398 2082 3453 caelum
2109 3412 2384 3453 ast-ensum
2411 3398 2468 3454 in
2496 3397 2637 3453 orbis
2666 3407 2818 3452 terra:
2844 3397 3141 3467 provincias
3163 3397 3439 3457 exierunt.

1895 3487 2166 3556 ipsiusque
2217 3497 2496 3558 angustam
2549 3488 2945 3557 amplitudinem
3005 3487 3451 3557 promulgarunt:

1886 3575 2333 3647 quemadmodum
2358 3576 2520 3632 etiam
2549 3592 2685 3632 unus
2711 3593 2777 3631 ex
2810 3578 2938 3646 ipsis
2960 3577 3202 3645 regiones
3239 3585 3457 3632 nostras

1859 3693 1863 3696 ~
1891 3666 2220 3736 peragravit,
2253 3675 2310 3722 ut
2336 3667 2576 3722 veritatis
2603 3665 2851 3737 dogmata
2877 3668 3193 3737 praedicaret
3219 3667 3455 3738 (Supra.

1891 3757 2052 3828 0.1);
2096 3759 2234 3814 unde
2283 3759 2571 3813 etiamnum
2619 3759 2656 3814 ii
2703 3759 2792 3828 qui
2841 3758 3232 3826 pradicationis
3277 3771 3458 3815 eorum

1886 3845 2110 3918 iustitia:
2137 3846 2503 3906 administram
2529 3862 2743 3915 operam
2775 3857 3002 3917 rurant,
3032 3845 3322 3904 Christiani
3363 3860 3460 3914 ap-

1890 3937 2176 4006 pellantur.
2205 3938 2379 4006 Atque
2407 3936 2460 3991 hi
2505 3947 2626 3994 sunt
2648 3938 2743 4006 qui
2774 3937 3050 3992 veritatem
3083 3950 3243 4004 supra
3274 3950 3460 3992 onmes

1893 4036 2050 4088 terra:
2091 4027 2338 4084 nationes
2383 4027 2720 4084 invenerunt.
2759 4025 3030 4094 Siquidem
3073 4025 3239 4082 Deum
3277 4037 3456 4081 remot

1892 4117 2128 4172 omnium
2157 4116 2488 4176 conditorem
2517 4125 2675 4184 atque
2701 4115 3048 4173 architectum
3075 4113 3129 4170 in
3174 4113 3312 4169 Filio
3341 4113 3458 4166 uni-

1887 4207 2072 4278 genito
2091 4214 2146 4266 et
2173 4203 2374 4276 Spiritu
2415 4213 2600 4259 sancto
2623 4213 2943 4272 agnoscunt,
2972 4215 3071 4256 nec
3116 4210 3308 4268 praeter
3334 4215 3457 4254 eum

1895 4297 2061 4350 ullum
2109 4294 2269 4350 alium
2311 4294 2474 4349 Deum
2503 4303 2844 4348 venerantur.
2886 4293 3092 4348 Habent
3129 4302 3308 4348 autem
3355 4292 3459 4348 Do-

1893 4387 2022 4451 mini
2085 4385 2214 4440 Jcsu
2307 4381 2506 4441 Christi
2598 4384 2848 4442 mandata
2917 4382 3165 4439 cordibus
3203 4387 3322 4441 suis
3371 4386 3455 4436 in-

227 4474 646 4577 προσδοκῶντες
673 4474 980 4558 ἀνάστασιν
1004 4501 1213 4573 νεκρῶν
1243 4499 1336 4554 καὶ
1375 4474 1522 4569 ζωὴν
1545 4497 1640 4552 τοῦ
1670 4496 1793 4570 μέλ-

1891 4478 2132 4546 sculpta,
2163 4491 2330 4546 eaque
2372 4474 2706 4540 custodiunt,
2739 4480 3066 4530 mortuorum
3107 4476 3455 4530 reetweetio-
3555 4539 3557 4542 γ

226 4597 416 4658 λοντος
451 4595 668 4660 αἰῶνος.
699 4596 774 4648 Οὐ
809 4591 1181 4666 μοιχεύουσιν,
1231 4591 1290 4645 ού
1333 4587 1708 4663 πορνεύουσιν,
1741 4587 1803 4640 ού

225 4685 801 4756 ψευδομαρτυροῦσιν,
852 4685 954 4738 οὐκ
1001 4681 1331 4754 ἐπιθυμοῦσι
1387 4680 1456 4734 τὰ
1510 4679 1802 4750 ἀλλότρια,

227 4776 435 4846 τιμῶσι
475 4761 689 4848 πατέρα
737 4776 834 4830 καὶ
880 4773 1131 4848 μητέρα,
1161 4773 1256 4827 καὶ
1290 4772 1414 4836 τοὺς
1447 4770 1675 4840 πλησίον
1716 4787 1805 4839 φι·

227 4867 421 4932 λοῦσι,
447 4869 630 4922 δίκαια
670 4867 971 4939 κρίνουσιν,
999 4867 1099 4920 ὅσα
1135 4865 1196 4918 ού
1233 4865 1478 4918 θέλουσιν
1505 4863 1686 4925 αὐτοῖς
1722 4861 1808 4930 γί-

233 4959 424 5016 νεσθαι
466 4960 641 5031 ἑτέρῳ
689 4959 752 5014 ού
796 4957 1048 5022 ποιοῦσι,
1089 4957 1216 5020 τοῦς
1251 4953 1572 5017 ἀδικοῦντας
1611 4953 1810 5018 αὐτοὺς

236 5050 618 5120 παρακαλοῦσι
649 5049 743 5106 καὶ
764 5048 1081 5120 προσφιλεῖς
1109 5046 1305 5108 αὐτοὺς
1335 5047 1545 5109 ἑαυτοῖς
1575 5043 1808 5108 ποιοῦσι,

232 5142 364 5204 τοὺς
410 5140 637 5212 ἐχθροὺς
674 5140 983 5210 εὐεργετεῖν
1030 5137 1420 5201 σπουδάζουσι,
1463 5137 1657 5205 πραεῖς
1703 5138 1813 5188 εἰσι

233 5231 334 5284 καὶ
361 5232 623 5293 ἐπιεικεῖς
645 5272 660 5296 ,
688 5231 795 5284 ἀπὸ
817 5229 996 5300 πάσης
1023 5227 1306 5290 συνουσίας
1335 5226 1536 5297 ἀνόμου
1566 5228 1656 5279 καὶ
1703 5225 1813 5281 ἀπὸ

234 5322 421 5391 πάσης
458 5321 621 5392 254
661 5321 1001 5390 ἀκαθαρσίας
1027 5317 1482 5389 ἐγκρατεύονται,
1513 5317 1688 5387 χήραν
1715 5317 1813 5386 οὐχ

234 5413 606 5484 ὑπερορῶσιν,
654 5414 891 5485 ὀρφανὸν
937 5412 999 5465 ού
1032 5408 1318 5464 λυποῦσιν·
1366 5409 1395 5460 ὁ
1434 5407 1572 5478 έχων
1618 5406 1695 5478 τῷ
1734 5410 1810 5478 μὴ

233 5505 418 5575 ἔχοντι
456 5505 700 5575 ἀφθόνως
742 5504 1082 5576 ὲπιχορηγεῖσ
1121 5499 1271 5567 ξένον
1312 5499 1407 5555 ἐὰν
1457 5499 1662 5562 ἴδωσιν,
1699 5497 1810 5550 ὑπὸ

310 5703 426 5774 (80)
459 5703 602 5774 Psal.
630 5719 842 5771 .cxxxv,
873 5705 964 5762 12.

317 5773 433 5845 (8i)
464 5773 547 5831 cr.
585 5792 640 5847 ρ.
666 5775 758 5843 53,
789 5790 845 5831 ιι.
886 5775 975 5830 is.

1895 4581 2017 4622 nem
2049 4581 2112 4622 ac
2139 4565 2300 4620 futuri
2330 4565 2512 4622 saeculi
2543 4562 2702 4617 vitam
2731 4570 3123 4631 exspectantes.
3153 4561 3267 4617 Non
3307 4562 3459 4620 adul-

1896 4655 2013 4710 terii
2034 4696 2049 4719 ,
2077 4669 2186 4730 non
2217 4651 2576 4710 fornicationis
2599 4651 2820 4706 crimine
2843 4665 2961 4704 sese
2988 4649 3316 4715 devinciunt,
3345 4665 3454 4709 non

1895 4746 2087 4804 falsum
2117 4746 2474 4804 testimonium
2501 4744 2702 4807 dicunt,
2723 4743 2893 4802 aliena
2919 4758 3022 4797 non
3041 4743 3457 4812 concupiscunt,

1893 4836 2036 4911 patri
2063 4844 2116 4892 et
2145 4835 2300 4892 matri
2346 4836 2599 4892 heuorem
2631 4835 2900 4897 tribuunt,
2925 4835 3202 4902 proximos
3243 4842 3453 4898 amant,

1895 4927 2094 4998 justum
2116 4926 2374 4998 judicium
2396 4925 2608 4988 ferunt;
2635 4939 2753 4998 qua:
2778 4924 2878 4978 sibi
2923 4923 3053 4992 ipsis
3081 4924 3195 4980 fieri
3239 4924 3457 4990 nolunt,

1899 5017 2020 5076 aliis
2043 5032 2152 5074 non
2185 5015 2379 5074 faciunt
2391 5029 2414 5078 ;
2443 5028 2534 5072 eos
2559 5014 2806 5082 aquibus
2833 5012 3098 5072 laeduntur
3139 5012 3450 5078 obsecrant,

1903 5121 1966 5160 ac
1993 5106 2093 5161 sibi
2115 5119 2298 5164 eorum
2328 5103 2614 5164 amicitiam
2643 5103 2944 5160 conciliant.
2979 5101 3222 5158 Inimicos
3259 5103 3460 5161 bene“.

1901 5197 2000 5251 ciis
2047 5194 2264 5250 afﬁcere
2299 5193 2541 5257 student,
2587 5192 2733 5252 lenes
2773 5199 2829 5246 et
2872 5191 3142 5251 facilesse
3186 5193 3460 5260 praebent,

1902 5288 1968 5340 ab
1997 5286 2142 5340 omni
2182 5285 2363 5354 iniquo
2393 5272 2677 5338 concubitu
2704 5291 2860 5350 atque
2886 5282 2952 5338 ab
2979 5283 3122 5340 omni
3155 5282 3457 5352 impuritate

1903 5376 2204 5439 abstinent,
2228 5375 2436 5430 viduam
2480 5390 2582 5426 non
2622 5380 2999 5440 contemnunt,
3029 5373 3229 5442 pupillo
3266 5386 3462 5432 mmm-

1905 5483 2019 5524 rem
2062 5481 2168 5528 non
2213 5464 2474 5533 inferunt,
2523 5463 2614 5540 qui
2663 5463 2820 5520 habet
2855 5476 2961 5525 non
3007 5463 3217 5522 habenti
3254 5461 3466 5534 prolixe
