4042 6424
632 417 768 483 1123

619 540 1012 594 subministrat.
1057 534 1398 604 Peregrinqu
1435 530 1479 586 si
1521 529 1773 594 viderint,

621 640 769 693 tuut,
799 628 1017 696 ejusque
1054 641 1157 680 non
1199 641 1352 680 secus
1388 639 1448 677 ac
1487 623 1596 676 veri
1634 629 1688 674 et
1725 617 1956 688 germani
1999 612 2178 669 fratris

623 719 852 769 adventu
879 716 1227 770 delectamur.
1256 715 1369 770 Non
1393 714 1533 767 enim
1559 708 1752 773 carnis,
1781 706 1873 760 sed
1891 705 2058 756 animi
2091 717 2173 754 ra-

627 807 771 858 tione
817 805 1005 860 fratres
1043 821 1103 860 se
1146 817 1352 861 vocant.
1387 803 1557 856 Vitam
1601 813 1748 852 suam
1796 795 1988 850 Chr'isti
2017 806 2175 847 causa

629 896 946 961 profundere
979 897 1142 964 parati
1171 903 1330 949 sunt:
1366 909 1484 947 nam
1519 892 1684 959 ipsius
1728 895 1986 957 praet-pta
2029 884 2179 936 ﬁrme

629 983 949 1049 observant,
983 996 1163 1039 sancte
1192 986 1523 1062 videlicetac
1550 983 1706 1052 juste,
1737 975 2174 1049 quemadmodum

633 1084 888 1140 Dominus
916 1082 1051 1134 Deus
1080 1082 1205 1147 ipsis
1236 1081 1537 1148 imperavit,
1566 1081 1800 1132 viventes
1824 1093 1838 1131 :
1869 1077 2062 1144 gratias
2085 1077 2182 1142 ipsr

630 1173 773 1228 omni
822 1163 946 1224 hora
990 1172 1039 1224 in
1071 1170 1212 1224 omni
1257 1171 1375 1222 cibo
1413 1183 1464 1222 et
1495 1179 1649 1236 potu,
1678 1181 1738 1220 ac
1778 1164 1994 1233 reliquis
2033 1166 2185 1219 bonis

629 1271 846 1332 agentes
871 1261 1084 1333 (Ephes.
1109 1260 1187 1330 v).
1221 1260 1353 1314 Vere
1381 1260 1520 1312 cnim
1552 1258 1665 1310 htec
1704 1256 1936 1310 veritatis
1963 1257 2041 1307 via
2069 1267 2182 1320 est,

629 1370 745 1423 quae
768 1353 978 1421 quidem
1009 1367 1101 1406 eos
1130 1351 1218 1420 qui
1247 1366 1362 1403 eam
1399 1348 1780 1415 ingrediuntur,
1812 1346 1876 1398 ad
1907 1346 2187 1412 sempiter-

630 1458 754 1495 num
785 1457 1028 1510 regnum,
1061 1442 1197 1507 quod
1232 1455 1259 1491 a
1285 1439 1494 1491 Christo
1522 1438 1573 1490 in
1603 1437 1771 1490 futura
1810 1437 1913 1489 vita
1956 1435 2186 1503 promis-

628 1547 744 1585 sum
769 1540 878 1594 est,
912 1541 1153 1598 tanquam
1185 1537 1424 1595 porrecta
1455 1541 1609 1579 manu
1637 1526 1799 1580 ducit.

703 1623 872 1689 Atque
936 1630 991 1672 ut
1027 1619 1318 1685 intelligas,
1359 1633 1392 1670 ο
1431 1632 1555 1672 rex.
1597 1632 1679 1669 me
1719 1617 1829 1668 haec
1866 1629 1928 1669 ex
1968 1614 2187 1666 cerebro

631 1731 748 1770 meo
787 1714 1000 1768 minime
1042 1714 1274 1777 fingere,
1312 1709 1356 1762 si
1397 1710 1463 1761 ad
1499 1707 1918 1761 Christianorum
1951 1704 2187 1771 Scriptu-

628 1820 714 1858 ras
752 1808 933 1857 oculos
989 1800 1278 1866 adjeceris,
1321 1815 1405 1854 me
1445 1799 1571 1851 nihil
1611 1813 1639 1850 a
1679 1799 1898 1850 veritate
1955 1796 2184 1847 alienum

625 1894 767 1962 loqui
800 1891 1052 1957 reperies.
1088 1891 1260 1954 Quare
1291 1888 1544 1956 praeclare
1577 1887 1711 1940 filius
1753 1896 1873 1939 tuus
1903 1885 2182 1946 intellexit,

624 1985 926 2051 optimoque
959 1979 1079 2048 jure
1105 1979 1214 2032 Deo
1243 1979 1361 2031 vivo
1388 1978 1586 2030 cultum
1617 1976 1867 2029 adhibere
1896 1974 2097 2037 didicit,
2132 1981 2186 2025 ut

623 2072 676 2125 in
709 2073 882 2124 futuro
911 2085 1026 2122 ιιινο
1055 2070 1277 2121 salutem
1309 2068 1564 2120 obtineat.
1598 2067 1776 2130 Magna
1802 2065 1996 2116 etenim
2029 2074 2184 2127 atque

620 2159 928 2213 admiranda
957 2169 1081 2212 sunt
1106 2165 1224 2226 quae
1253 2173 1282 2209 a
1310 2156 1625 2210 Christianis
1656 2166 1763 2207 tum
1797 2154 2045 2206 dicuntur
2075 2163 2184 2203 tum

620 2256 894 2316 geruntur.
957 2245 1135 2310 Neque
1196 2246 1339 2297 enim
1404 2243 1697 2308 hominum,
1760 2243 1852 2294 sed
1896 2241 1986 2294 Dei
2025 2240 2182 2292 verba

620 2336 1024 2405 proloquuntur,
1055 2336 1273 2403 reliqua:
1293 2347 1465 2387 autem
1496 2335 1733 2387 nationes
1761 2341 1961 2394 errant,
1994 2346 2055 2384 ac
2082 2331 2180 2383 sibi

617 2424 748 2493 Ipsis
784 2425 1122 2491 itnposturam
1159 2423 1376 2483 faciunt,
1415 2423 1671 2489 siquidem
1714 2422 1764 2473 in
1809 2419 2037 2473 tenebris
2074 2434 2184 2469 am-

619 2513 885 2578 bulantes,
907 2514 1170 2565 ebriorum
1197 2512 1362 2564 instar
1383 2512 1432 2564 in
1454 2509 1654 2577 seipsos
1681 2511 1993 2577 impingunt.
2013 2509 2183 2574 Atque

619 2602 704 2654 hic
729 2602 819 2664 sit,
861 2616 895 2653 o
929 2616 1044 2664 rex,
1076 2615 1209 2654 mea:
1245 2601 1312 2652 ad
1343 2609 1395 2654 te
1422 2599 1676 2654 orationis
1705 2598 1842 2660 linis,
1877 2612 2031 2666 quam
2063 2597 2180 2662 qui-

617 2689 738 2743 dem
765 2689 961 2742 veritas
1004 2690 1054 2740 in
1088 2697 1266 2741 mente
1298 2704 1414 2741 mea
1440 2689 1676 2741 dictavit.
1713 2688 1965 2740 Desinant
2007 2687 2181 2753 itaque

617 2779 888 2832 vaecordes
925 2779 996 2830 tui
1037 2778 1303 2845 sapientes
1339 2777 1593 2831 adversus
1633 2777 1913 2829 Dominum
1971 2775 2176 2844 nugari.

616 2870 746 2922 Nam
787 2869 936 2921 vobis
978 2867 1140 2920 Deum
1180 2876 1471 2920 creatorem
1512 2868 1774 2933 venerari,
1816 2874 1980 2934 atque
2018 2867 2180 2932 ipsius

618 2958 792 3011 verbis
814 2957 879 3010 ab
898 2955 1108 3009 interitu
1131 2957 1317 3008 alienis
1337 2971 1515 3010 aurem
1537 2956 1934 3009 accommodare
1946 2953 2176 3022 expedit,

616 3059 669 3101 ut
701 3045 1194 3100 condemnationem
1220 3059 1282 3098 ac
1305 3045 1622 3113 supplicium
1651 3043 1986 3112 eﬁ'ugientes,
2015 3044 2177 3097 vitam

617 3140 859 3193 interitus
889 3147 1159 3204 expertem
1193 3137 1526 3192 haereditario
1557 3137 1892 3206 possideatis.

684 3228 811 3281 CAP.
857 3225 1087 3280 XXVIII.
1129 3253 1198 3267 --
1255 3227 1384 3280 Ilaec
1446 3236 1784 3295 posteaquam
1847 3241 1875 3278 a
1939 3226 2178 3281 Nachore

612 3326 1020 3372 commemorata
1051 3326 1194 3379 sunt,
1232 3333 1321 3370 rex
1357 3316 1622 3370 iracundia
1660 3317 1948 3377 asstuabat;
1994 3320 2176 3372 rheto-

613 3421 700 3461 res
737 3418 914 3461 autem
953 3408 1119 3475 ipsius
1154 3418 1207 3462 et
1237 3410 1540 3464 sacerdotes
1578 3409 1708 3461 muti
1741 3409 1972 3473 stabant,
2003 3418 2057 3460 ut
2086 3408 2176 3475 qui

614 3496 742 3550 nihil
779 3506 962 3551 contra
989 3538 1006 3564 ,
1056 3507 1247 3566 praeter
1286 3498 1525 3552 inﬁrmos
1570 3501 1824 3568 quosdam
1865 3515 1928 3552 ac
1981 3500 2175 3553 nullius

611 3589 863 3641 momenti
889 3592 1275 3654 sermunculos,
1304 3591 1490 3644 afferre
1524 3602 1755 3659 possent.
1783 3595 1850 3644 At
1882 3608 2009 3645 vero
2038 3593 2174 3660 regis

613 3678 752 3731 ﬁlius
782 3678 970 3746 spiritu
996 3678 1316 3741 exsultabat,
1347 3693 1504 3747 atque
1536 3681 1684 3734 hilari
1713 3683 1858 3734 vultu
1890 3681 2168 3734 Dominum

613 3765 939 3831 celebrabat,
962 3767 1050 3836 qui
1092 3767 1156 3822 iis
1175 3783 1396 3837 quorum
1427 3770 1609 3825 ﬁducia
1660 3773 1710 3826 in
1740 3770 1858 3842 ip-o
1880 3774 2045 3842 posita
2067 3779 2167 3837 est,

615 3854 670 3904 in
707 3855 864 3907 rebus
905 3856 1168 3922 perplexis
1203 3866 1258 3909 et
1295 3858 1558 3925 impeditis
1601 3863 1796 3913 exitum
1837 3861 1948 3926 dat,
1977 3862 2174 3929 quique

613 3944 773 3996 etiam
806 3958 901 4011 per
929 3944 1194 3996 inimicum
1235 3957 1288 3999 et
1330 3947 1533 4001 hostem
1571 3950 1844 4002 veritatem
1882 3951 2172 4003 conﬁrma-

612 4033 722 4097 bat,
745 4033 1106 4102 efﬁciebatque
1130 4047 1185 4087 ut
1215 4045 1268 4089 et
1289 4036 1375 4103 qui
1406 4040 1602 4090 erroris
1630 4041 2000 4109 antesignanus
2030 4051 2169 4107 erat,

612 4131 774 4174 recta:
802 4122 1054 4176 doctrina:
1079 4134 1355 4191 patronum
1383 4141 1444 4180 se
1471 4127 1750 4195 praeberet.

687 4219 804 4271 Rex
845 4234 1030 4287 porro,
1071 4226 1310 4292 quamvis
1348 4227 1788 4294 alioquiNachori
1830 4231 2175 4289 vehementer

614 4319 954 4374 Irasceretur,
991 4311 1134 4363 nullo
1176 4322 1349 4366 tamen
1390 4329 1508 4368 eum
1550 4319 1686 4371 malo
1724 4317 1939 4375 afﬁcere
1979 4323 2170 4391 potuit,

619 4406 892 4464 propterea
930 4401 1067 4466 quod
1108 4401 1222 4470 lege
1261 4418 1440 4456 coram
1482 4408 1725 4462 omnibus
1764 4420 1886 4464 ante
1943 4413 2173 4477 promul-

613 4493 756 4551 gata,
787 4485 833 4536 ei
864 4499 957 4550 pro
985 4485 1296 4542 Christianis
1326 4491 1490 4546 libere
1521 4496 1676 4547 verba
1707 4495 1877 4551 facere
1908 4501 2173 4565 permisis-

613 4585 713 4629 set.
745 4577 1005 4631 Craterum
1045 4595 1156 4647 ipse
1188 4598 1423 4652 persaepe
1465 4588 1799 4642 sermonibus
1830 4591 1993 4657 ipsius
2020 4592 2173 4648 oblu-

613 4677 789 4734 ctaus,
821 4683 938 4722 eum
980 4685 1073 4738 per
1110 4673 1256 4738 signa
1295 4676 1532 4743 quasdam
1571 4680 1907 4745 admonebat,
1938 4693 1992 4735 ut
2028 4684 2169 4739 illam

613 4760 878 4826 pugnandi
931 4762 1271 4816 acrimoniam
1330 4769 1651 4833 remitteret,
1693 4780 1847 4839 atque
1901 4773 2170 4829 rhetorum

609 4853 953 4921 diSputattoni
986 4871 1170 4910 manus
1196 4858 1365 4912 daret.
1399 4859 1466 4916 At
1497 4862 1583 4918 iile
1611 4864 1978 4919 vehementius
2025 4869 2171 4921 inva-

609 4941 864 5005 lescebat,
905 4959 1087 4998 omnes
1124 4944 1357 5012 ipsorum
1400 4950 1785 5017 propositiones
1826 4961 1982 5021 atque
2014 4971 2169 5023 argu-

609 5043 785 5086 menta
809 5033 1064 5098 refutans,
1092 5038 1411 5106 errorisque,
1439 5054 1543 5107 quo
1573 5041 1906 5109 tenebantur,
1933 5045 2166 5102 fraudem

609 5137 670 5176 ac
698 5123 953 5180 fallaciam
979 5126 1252 5196 detegens.
1283 5128 1410 5182 Cum
1447 5141 1621 5184 autem
1649 5146 1779 5199 pene
1805 5134 1869 5186 ad
1896 5149 2168 5204 veSperam

606 5233 772 5286 usque
815 5220 1100 5290 disputatio
1146 5223 1395 5290 producta
1443 5222 1662 5288 fuisset,
1715 5241 1807 5280 rex
1856 5232 2164 5286 concionem

606 5308 737 5361 solvi
758 5309 936 5377 jussit,
964 5321 1209 5381 tanquam
1237 5313 1437 5367 scilicet
1467 5316 1718 5381 postridie
1751 5333 1957 5373 rursum
1982 5322 2045 5375 de
2069 5323 2167 5377 hac

605 5412 662 5453 re
692 5401 874 5467 agitari
903 5403 1077 5456 vellet.

681 5486 846 5542 Filius
938 5502 1113 5547 autem
1137 5509 1310 5564 regem
1333 5497 1403 5549 ita
1426 5505 1505 5550 est
1522 5497 1812 5555 allocutus:
1837 5500 2167 5570 Utprimoju-

601 5578 683 5630 ste
705 5579 882 5630 omnia
905 5580 1013 5646 geri
1031 5581 1251 5648 jussisti,
1274 5598 1306 5636 0
1327 5599 1442 5648 rex,
1461 5583 1530 5638 ita
1548 5586 1764 5653 justitiaz
1786 5603 1992 5659 quoque
2008 5589 2162 5644 ﬁnem

602 5667 843 5731 impone,
873 5667 1094 5723 duorum
1124 5672 1350 5728 alterum
1381 5674 1612 5742 faciens,
1643 5692 1833 5746 nempe
1858 5688 1915 5732 ut
1944 5679 2022 5733 vel
2051 5695 2162 5734 ma-

599 5757 820 5825 gistrum
851 5772 1026 5812 meum
1056 5760 1150 5814 hac
1188 5774 1342 5818 nocte
1372 5780 1580 5821 mecum
1613 5783 1827 5824 manere
1867 5771 2158 5841 permittas,

2049 395 2424 458 ADDENDA.

1822 535 1962 581 ερριο
1989 525 2176 577 θὼηίι,
2196 511 2244 567 Α
2273 503 2472 571 στέγην
2518 499 2828 568 εἰσάγουσι,
2857 499 2951 551 καὶ
2991 498 3272 568 χαίρουσιν
3315 498 3404 550 ἐπ’
3446 495 3594 567 αὐτῷ
3635 497 3712 559 ὡς
3757 501 3843 551 ἐπὶ

3701 392 3829 454 ll‘ll

2275 590 2492 660 ἀδελφῷ
2524 589 2781 661 ἀληθινῷ
2808 592 2868 643 οὑ
2894 591 3001 662 γὰρ
3041 591 3182 644 κατὰ
3218 590 3401 660 σάρκα
3441 589 3706 659 ἀδελφοὺς
3735 593 3844 644 tau-

2275 690 2402 752 τοὺς
2450 688 2729 751 καλοῦσιν,
2784 688 2921 741 ἀλλά
2970 686 3112 740 κατά
3152 685 3391 756 πνεῦμα.
3423 686 3670 756 Ἒτοιμοί
3717 690 3845 740 εἰσιν

2277 781 2419 852 ὑπὲρ
2449 779 2686 850 Χριστοῦ
2726 778 2822 842 τὰς
2866 777 3044 848 ψυχάς
3085 777 3263 830 αύτῶν
3308 777 3598 842 προέσθαι·
3631 778 3701 828 τά
3749 780 3846 848 γὰρ

2271 871 2679 942 ’προστάγματα
2725 869 2890 923 αὑτοῦ
2946 870 3204 938 ἀσφαλῶς
3264 870 3648 938 φυλάττουσιν,
3695 868 3847 929 ὁσίως

2277 965 2372 1017 καὶ
2418 963 2638 1024 δικαίως
2672 961 2904 1026 ζῶντες,
2949 961 3133 1024 καθὼς
3182 961 3386 1031 Κύριος
3430 960 3458 1010 6
3498 960 3630 1021 Θεὸς
3675 961 3848 1020 αὐτοῖς

2277 1054 2630 1125 προσέταξεν,
2662 1053 3109 1123 εὐχαριστοῦντες
3139 1052 3287 1121 αύτῷ
3317 1051 3460 1104 κατὰ
3497 1053 3678 1103 πᾶσαν
3709 1050 3848 1118 tibva

2279 1145 2336 1195 ἐν
2371 1143 2532 1196 παντὶ
2557 1142 2808 1212 βρώματι
2831 1145 2924 1196 καὶ
2947 1143 3098 1212 ποτῷ
3118 1145 3345 1204 καὶτοῖς
3372 1143 3584 1203 λοιποῖς
3611 1141 3843 1208 ἀγαθοῖς.

2285 1237 2493 1297 Ὄντως
2539 1232 2633 1288 οὖν
2673 1235 2814 1304 αῦτη
2854 1237 3002 1288 ἐστὶν
3046 1237 3078 1304 ἠ
3118 1235 3236 1296 όδὸς
3265 1236 3362 1303 τῆς
3408 1235 3666 1304 ἀληθείας
3691 1274 3706 1298 ,
3733 1234 3846 1301 ἣτις

2278 1328 2408 1390 τοὺς
2455 1326 2742 1390 ὁδεύοντας
2787 1327 2958 1399 αὐτὴν
3011 1329 3090 1390 είς
3135 1328 3233 1399 τὴν
3273 1327 3495 1380 αἰώνιον
3530 1332 3849 1398 χειραγωγεῐ

2283 1415 2583 1486 βασιλείαν,
2625 1418 2722 1488 τὴν
2759 1417 3180 1489 ἐπηγγελμένην
3226 1419 3379 1488 παρὰ
3408 1417 3649 1488 Χριστοῦ
3697 1420 3751 1471 ὲν
3787 1421 3846 1487 τῇ

2287 1507 2560 1578 μελλούσῃ
2595 1508 2729 1578 ζωῇ.

2351 1599 2460 1651 Καὶ
2504 1600 2591 1653 ἵνα
2609 1601 2772 1670 γνῷς,
2803 1599 3043 1670 βασιλεῦ,
3071 1602 3152 1654 ὅτι
3180 1602 3280 1655 ούκ
3309 1602 3402 1654 ἀπ’
3427 1601 3668 1670 ἐμαυτοῦ
3688 1603 3844 1654 ταῦτα

2281 1690 2443 1759 λέγω,
2472 1694 2592 1751 ταῖς
2622 1692 2661 1742 Γ
2666 1694 2865 1760 ραφαῖς
2897 1691 3142 1760 ἐγκύψας
3169 1693 3276 1745 τῶν
3304 1692 3667 1762 Χριστιανῶν,
3692 1693 3842 1760 εὑρή-

2283 1797 2398 1840 σεις
2434 1781 2584 1832 οὐδὲν
2626 1780 2730 1844 ἔξω
2777 1784 2876 1851 τῆς
2923 1782 3179 1852 ἀληθείας
3213 1801 3278 1852 με
3307 1783 3506 1850 λέγειν.
3543 1783 3732 1844 Καλῶς
3763 1781 3845 1835 οὖν

2285 1869 2516 1938 συνῆκεν
2541 1871 2570 1921 6
2609 1871 2721 1932 υίός
2750 1886 2843 1921 σου
2861 1912 2876 1932 ,
2908 1872 3002 1923 καὶ
3031 1871 3253 1933 δικαίως
3281 1872 3533 1941 ἐδιδάχθη
3577 1873 3846 1943 λατρεύειν

2283 1959 2446 2024 ζῶντι
2473 1959 2593 2028 Θεῷ
2619 1961 2712 2012 καὶ
2735 1961 2974 2029 σωθῆναι
2999 1964 3078 2024 είς
3105 1963 3196 2014 τὸν
3227 1963 3492 2032 μέλλοντα
3523 1965 3842 2032 ἐπέρχεσθαι

2282 2054 2476 2105 αἰῶνα.
2505 2052 2735 2120 Μεγάλα
2760 2055 2868 2124 γὰρ
2899 2055 2993 2106 καὶ¹
3028 2054 3319 2124 θαυμαστὰ
3349 2055 3417 2106 τὰ
3446 2055 3555 2107 ὑπὸ
3584 2055 3691 2106 τῶν
3719 2056 3844 2124 Χρι-

2282 2144 2514 2196 στιανῶν
2553 2144 2822 2214 λεγόμενα
2862 2145 2955 2197 καὶ
2985 2147 3352 2216 πραττόμενα·
3392 2147 3454 2199 ού
3500 2147 3610 2216 γάρ
3651 2147 3844 2217 ἀνθρὼ-

2282 2252 2398 2287 πων
2425 2235 2644 2305 ῥήματα
2667 2235 2943 2298 λαλοῦσιν,
2971 2234 3107 2289 ἀλλά
3133 2237 3201 2290 τὰ
3220 2236 3314 2289 τοῦ
3337 2237 3492 2289 Θεοῦ.
3521 2238 3602 2289 Τά
3624 2237 3679 2289 δὲ
3701 2238 3846 2289 λοιπὰ

2284 2325 2412 2395 ἔθνη
2454 2327 2800 2392 πλανῶνται,
2850 2329 2944 2380 καὶ
2988 2327 3264 2381 πλανῶσιν
3300 2329 3550 2392 ἑαυτούς’
3589 2329 3845 2390 ὁδεύοντες

2281 2414 2389 2484 γὰρ
2416 2415 2473 2466 ἐν
2505 2415 2687 2467 σκότει
2717 2417 3155 2487 προσρήσσονται
3189 2419 3400 2479 ἑαυτοῖς
3441 2417 3519 2480 ὡς
3548 2417 3843 2487 μεθύοντες.

2285 2508 2431 2572 Ἕως
2467 2502 2568 2562 ὧδε
2601 2512 2629 2562 6
2658 2510 2799 2580 πρὸς
2829 2510 2888 2563 σέ
2920 2528 3022 2581 μου
3071 2511 3246 2580 λόγος,
3280 2510 3504 2581 βασιλεῦ
3527 2551 3542 2572 ,
3569 2514 3598 2564 6
3629 2512 3731 2563 ὑπὸ
3760 2515 3844 2579 τῆς

2281 2598 2537 2669 ἀληθείας
2579 2600 2636 2653 ὲν
2689 2600 2767 2671 τῷ
2803 2601 2885 2654 νοτ
2919 2618 3027 2673 μου
3075 2603 3491 2672 ὑπαγορευθείς.
3526 2605 3617 2656 Διὸ
3657 2605 3844 2657 παυσά-

2284 2688 2501 2743 σθωσαν
2542 2691 2591 2743 οί
2623 2691 2842 2762 ἀνόητοί
2873 2708 2966 2745 σου
2999 2694 3153 2761 σοφοὶ
3188 2693 3678 2762 ματαιολογοῦντες
3724 2695 3847 2747 κατὰ

2279 2780 2375 2834 τοῦ
2403 2780 2630 2851 Κυρίου·
2671 2784 2941 2853 συμφέρει
2975 2784 3084 2854 γὰρ
3127 2784 3257 2854 ὑμῖν
3294 2785 3428 2836 Θεὸν
3457 2783 3686 2855 κτίστην
3711 2786 3847 2838 σέϐε-

2284 2872 2408 2925 σθαι
2662 2875 2758 2926 καὶ
2795 2875 2862 2927 τά
2893 2875 3148 2947 ἄφθαρτα
3177 2876 3338 2929 αὑτοῦ
3369 2878 3726 2941 ὲνωτίζεσθαι
3763 2881 3848 2945 ῥή-

2285 2982 2448 3034 ματα,
2483 2966 2591 3031 ἵνα,
2639 2966 2820 3036 κρίσιν
2870 2968 3200 3036 ἐκφυγόντες
3243 2968 3338 3022 καὶ
3379 2970 3676 3039 τιμωρίαν,
3717 2967 3849 3037 ζωῆς

2281 3056 2588 3128 ἀνωλέθρου
2625 3058 2925 3129 δειχθείητε
2957 3059 3058 3129 κλη
3067 3061 3306 3131 ρονόμοι.

2351 3237 2510 3291 ΚΕΦ.
2551 3235 2688 3290 KH'.
2728 3237 2914 3290 Ταῦτα
2946 3236 3020 3300 ῶς
3051 3237 3326 3307 διεξῆλθεν
3364 3239 3392 3291 6
3432 3237 3664 3308 Ναχὼρ,
3695 3239 3723 3289 6
3763 3241 3848 3308 μὲν

2282 3326 2535 3398 βασιλεὺς
2578 3329 2654 3399 τῷ
2685 3327 2841 3399 θυμῷ
2873 3328 3186 3398 ὴλλοιοῦτω
3233 3331 3282 3382 οἰ
3323 3329 3378 3381 δὲ
3415 3330 3650 3399 ῥήτορες
3697 3327 3845 3381 αὑτοῦ

2280 3420 2374 3472 καὶ
2410 3419 2668 3489 νεωκόροι
2707 3419 2913 3488 ἄφωνοι
2956 3420 3204 3484 ἵσταντο,
3263 3420 3337 3489 μὴ
3382 3420 3678 3488 δυνάμενοι
3711 3420 3845 3471 ἀντι-

2278 3509 2480 3577 λέγειν,
2515 3510 2630 3564 ἀλλ’
2678 3511 2710 3581 ἢ
2753 3511 2928 3580 σαθρά
2976 3529 3098 3564 τινα
3149 3513 3244 3564 καὶ
3280 3510 3549 3579 ούδαμινὰ
3592 3510 3842 3580 λογίδρια.

2290 3601 2350 3653 Ὀ
2379 3599 2438 3652 δὲ
2461 3600 2554 3652 τοῦ
2581 3599 2845 3669 βασιλέως
2868 3600 2982 3663 υίὸς
3009 3600 3305 3668 ἡγαλλιᾶτο
3329 3600 3408 3670 τῷ
3436 3600 3734 3669 πνεύματι,
3765 3603 3844 3650 καὶ

2280 3692 2491 3763 φαιδρῷ
2533 3692 2612 3760 τῷ
2658 3691 2934 3762 προσώπῳ
2982 3692 3200 3758 ἐδόξαζε
3249 3692 3339 3745 τὸν
3392 3693 3625 3763 Κύριον,
3665 3694 3754 3746 τὸν
3797 3693 3846 3754 ἐξ

2278 3781 2485 3852 ἀπόρου
2514 3782 2682 3850 πόρον
2717 3781 2930 3834 διδόντα
2959 3785 3070 3843 τοῖς
3105 3783 3421 3836 πεποιθόσιν
3463 3785 3554 3837 ἐπ’
3592 3784 3770 3847 αὑτὸν,
3797 3785 3846 3844 6;

2282 3875 2378 3926 καὶ
2415 3871 2504 3924 διὰ
2529 3873 2622 3925 τοῦ
2647 3871 2909 3942 πολεμίου
2933 3874 3025 3925 καὶ
3060 3873 3255 3944 ἐχθροῦ
3287 3874 3386 3945 τὴν
3416 3875 3677 3945 ἀλήθειαν
3709 3877 3842 3942 Expi-

2283 3982 2430 4018 τυνε·
2459 3965 2551 4018 καὶ
2575 3965 2603 4016 6
2631 3965 2729 4035 τῆς
2759 3965 2967 4035 πλάνης
2999 3965 3225 4037 ἔξαρχος
3257 3967 3557 4038 συνήγορος
3583 3965 3677 4020 τοῦ
3703 3965 3841 4036 ὀρθοῦ

2284 4055 2444 4125 λόγου
2479 4057 2771 4110 ἐδείκνυτο.

2363 4255 2423 4307 '0
2453 4254 2636 4324 μέντοι
2667 4253 2940 4324 βασιλεὺς,
2972 4255 3175 4325 καίπερ
3197 4255 3384 4317 δεινῶς
3406 4254 3759 4323 ὀργιζόμενος
3780 4254 3844 4321 τῷ

2281 4344 2518 4418 Ναχὼρ,
2571 4345 2720 4398 οὐδὲν
2758 4347 2906 4414 ὅμως
2958 4344 3294 4415 ἐργάσασθαι
3345 4346 3516 4399 κακὸν
3575 4349 3657 4408 εἰς
3705 4347 3846 4399 αὑτὸν

2280 4435 2544 4505 ἠδύνατο,
2578 4435 2667 4487 διὰ
2708 4434 2769 4487 τὸ
2807 4435 3106 4506 προλεχθὲν
3150 4436 3242 4488 ἐπὶ
3282 4435 3500 4487 πάντων
3551 4435 3844 4504 θέσπισμα,

2205 4541 2250 4594 ι)
2282 4527 2456 4589 ἀδεῶς
2493 4527 2654 4579 αὑτὸν
2684 4526 2861 4594 λέγειν
2888 4527 3028 4596 ὑπὲρ
3054 4526 3161 4579 τῶν
3195 4527 3533 4596 Χριστιανῶν
3558 4527 3849 4598 προτρεπο-

2286 4634 2469 4687 μενοψ
2515 4616 2686 4669 πολλά
2716 4617 2772 4669 δὲ
2809 4616 2970 4680 αὐτὸς
3018 4617 3315 4684 ἀντιλέγων
3368 4617 3755 4686 ὑπεμίμνησκε
3790 4613 3846 4667 δι’

2280 4706 2618 4782 αἰνιγμάτων
2645 4704 2964 4758 ύπενδοῦναι
2986 4705 3084 4774 τῆς
3114 4705 3415 4766 ὲνστάσεως
3443 4706 3537 4757 καὶ
3561 4704 3844 4773 ἡττηθῆναι

2280 4801 2347 4869 τῇ
2381 4796 2612 4861 διαλέξει
2638 4796 2746 4849 τῶν
2773 4795 3038 4867 ρητόρων.
3075 4797 3133 4848 'U
3158 4795 3214 4848 δὲ
3243 4796 3509 4864 μειζόνως
3531 4795 3841 4865 ύπερίσχυε,

2279 4888 2512 4942 διαλύων
2559 4888 2739 4949 πάσας
2768 4887 2948 4940 αὐτῶν
2994 4888 3093 4951 τὰς
3134 4888 3427 4955 προτάσεις
3472 4887 3567 4939 καὶ
3620 4887 3846 4953 συλλογι-

2281 4982 2477 5050 σμοὺς,
2523 4980 2618 5033 κα)⁸
2649 4979 2887 5049 ἐλέγχων
2920 4979 2981 5032 τὸ
3021 4979 3298 5049 ἀπατηλὸν
3331 4979 3430 5049 τῆς
3461 4979 3695 5049 πλάνης.
3732 4979 3844 5047 Σχε-

2277 5073 2368 5126 δὸν
2393 5072 2446 5124 δὲ
2477 5071 2670 5142 μέχρις
2708 5072 2948 5140 ἑσπέρας
2978 5071 3387 5141 παραταθείσης
3414 5071 3515 5140 τῆς
3545 5072 3841 5136 διαλέξεως,

2278 5165 2562 5218 ἐκέλευσεν
2607 5167 2635 5217 6
2676 5164 2930 5233 βασιλεὺς
2975 5162 3290 5232 διαλυθῆναι
3339 5163 3399 5215 τὸ
3446 5163 3742 5231 συνέδριον,
3781 5159 3845 5220 ὡς

2277 5258 2343 5326 τῇ
2376 5257 2606 5326 ἐπιούσῃ
2635 5253 2954 5324 βουλόμενος
2983 5249 3139 5316 αὖθις
3173 5253 3302 5323 περὶ
3338 5252 3526 5306 τούτου
3561 5251 3844 5319 διασκέψα-

2279 5347 2422 5401 σθαι.

2356 5523 2413 5574 ’0
2443 5524 2499 5576 δὲ
2537 5524 2652 5587 υἱὸς
2683 5523 2788 5592 έςρη
2817 5524 2895 5594 τῷ
2942 5522 3169 5592 βασιλεῖ·
3221 5521 3308 5584 Ὠς
3353 5521 3412 5573 ὲν
3453 5521 3596 5590 ἀρχῇ
3641 5518 3841 5571 δικαίαν

2273 5615 2566 5678 ἐκέλευσας
2611 5615 2794 5686 κρίσιν
2851 5613 3138 5682 γενέσθαι,
3185 5612 3448 5675 δέσποτα,
3503 5608 3841 5676 δικαιοσύνην

2275 5709 2368 5759 καὶ
2393 5707 2472 5778 τῷ
2493 5707 2635 5760 τέλει
2659 5707 2848 5769 ἐπίθες
2871 5745 2885 5770 ,
2911 5707 3020 5759 τῶν
3051 5706 3143 5758 δύο
3170 5705 3232 5757 τὸ
3261 5705 3446 5774 ἕτερον
3475 5701 3663 5755 ποιῶν⁸
3695 5702 3728 5770 ἦ
3759 5700 3839 5752 τὸν

2277 5795 2407 5866 ἐμὸν
2430 5795 2748 5852 διδάσκαλον
2770 5800 3064 5872 ἐπίτρεψον
3095 5800 3270 5869 μεῖναι
3297 5797 3413 5866 μετ’
3440 5794 3573 5862 ἐμοῦ
3597 5797 3662 5863 τῇ
3690 5793 3836 5847 νυκτὶ
