4042 6420
214 419 346 481 1125

1309 414 1487 479 VITA
1524 416 1884 477 BARLAAM
1921 415 2017 476 ΕΤ
2051 416 2401 478 JOASAPH.

3316 424 3453 490 1126

210 534 376 605 256
403 534 595 609 ταύτῃ,
618 533 694 600 ὡς
714 534 849 606 ὁμοῦ
872 532 1297 604 διασκεψώμεθα
1320 534 1453 604 περὶ
1474 525 1549 587 ὧν
1571 532 1676 604 χρὴ
1698 532 1797 603 τήν

1912 550 1962 595 ιιι
1981 540 2049 596 de
2070 542 2152 598 bis
2173 542 2332 597 rebus
2352 543 2421 597 de
2440 544 2633 611 quibus
2656 545 2886 600 crastina
2910 544 2997 601 die
3020 559 3143 602 cum
3168 545 3233 602 iis
3251 549 3337 616 qui
3365 564 3461 602 nos

209 625 401 696 αὔριον
437 625 669 696 λαλῆσαι
703 628 814 689 τοῖς
845 625 1176 696 πολεμοῦσιν
1204 626 1352 695 ἡμᾶς
1371 662 1387 688 ,
1422 624 1552 687 τοὺς
1579 624 1708 686 σοὺς
1732 622 1790 676 δὲ

209 716 372 770 πάλιν
413 718 478 771 σὺ
509 717 627 788 μεθ’
662 716 857 771 ἑαυτοῦ
896 717 1080 772 λαϐὼν
1123 716 1194 770 τά
1229 716 1419 769 εἰκότα
1455 714 1790 786 μελετήσατε

210 806 394 870 καθὼς
422 806 696 877 βούλεσθε·
722 808 780 877 ἢ,
806 806 936 870 τοὺς
967 807 1095 871 σοὺς
1128 807 1254 877 ἐμοὶ
1282 807 1695 877 παραχωρήσας
1721 805 1789 875 τῇ

208 902 366 951 νυκτί
399 898 603 970 ταύτῃ,
633 898 764 952 λάϐε
797 898 889 951 τὸν
918 898 1053 969 ὲμδν
1096 897 1235 967 πρὸς
1264 897 1476 951 ἑαυτόν.
1505 896 1570 949 Εἰ
1601 895 1658 949 δὲ
1683 896 1791 966 ἀμ-

206 990 427 1060 φότεροι
444 985 545 1044 ὦσι
567 990 720 1061 παρὰ
748 991 851 1056 σοὶ,
875 991 904 1043 6
932 991 1030 1060 μὲν
1052 989 1185 1060 ὲμὺς
1212 989 1268 1043 ὲν
1294 988 1471 1059 θλίψει
1499 988 1595 1041 καὶ
1617 988 1787 1058 φόϐῳ,

206 1079 259 1131 οἰ
281 1077 340 1131 δὲ
370 1080 454 1132 σοὶ
489 1080 548 1131 ὲν
595 1080 743 1151 χαρᾷ
780 1081 878 1133 καί⁸
901 1079 1086 1133 ἀνέσει
1108 1119 1121 1145 ,
1152 1078 1214 1133 οὔ
1260 1095 1351 1150 μοι
1392 1078 1542 1132 δοκεῖ
1572 1078 1792 1132 δικαίαν

209 1166 352 1221 εἶναι
380 1168 586 1241 κρίσιν,
630 1170 766 1224 ἀλλὰ
793 1171 1112 1225 δυναστείαν
1149 1172 1249 1241 τῆς
1278 1170 1526 1235 ἐξουσίας
1560 1170 1658 1224 καὶ
1683 1187 1790 1224 πα-

211 1258 443 1325 ράϐασιν
465 1259 576 1313 τῶν
609 1261 914 1331 συνθηκῶν.
958 1261 1246 1332 Ἠττηθείς
1278 1261 1337 1315 δὲ
1365 1263 1393 1315 6
1434 1261 1689 1331 βασιλεὺς
1711 1260 1790 1331 τῷ

206 1350 417 1421 ἀστείῳ
442 1350 536 1404 τοῦ
569 1353 847 1423 ῥήματος,
884 1355 1011 1417 τοὺς
1053 1353 1252 1422 σοφοὺς
1292 1352 1458 1406 αὑτοῦ
1492 1352 1588 1406 καὶ
1626 1353 1793 1421 ἱερεῖς

209 1442 349 1512 πρὸς
380 1443 576 1498 ἑαυτὸν
615 1444 949 1516 λαϐόμενος,
991 1445 1084 1498 τὸν
1116 1444 1321 1517 Ναχὼρ
1361 1448 1685 1514 παραχωρεῖ
1716 1442 1794 1514 τῷ

210 1533 332 1603 υἰῷ,
365 1534 591 1597 ιλπίδας
613 1534 692 1589 ἔτι
723 1536 1060 1607 κεκτημένος
1091 1537 1177 1590 ἐπ’
1197 1537 1360 1591 αὐτὸν
1386 1537 1482 1589 καὶ⁸
1503 1536 1792 1605 φυλάττειν

205 1620 279 1675 τὰ
306 1622 709 1694 ὡμολογημένα
745 1625 941 1679 δοκῶν.

295 1712 624 1785 Ἀπέρχεται
648 1715 833 1768 τοίνυν
865 1718 893 1769 6
920 1715 1016 1769 τοῦ
1049 1716 1318 1787 βασιλέως
1339 1717 1456 1782 υίὸς
1483 1718 1566 1782 εἰς
1586 1718 1648 1771 τὸ
1674 1719 1794 1772 eau-

206 1805 303 1860 τοῦ
335 1807 618 1873 παλάτιον,
653 1807 845 1880 ὥσπερ
889 1826 975 1872 τις
1018 1809 1446 1881 Ὀλυμπιονίκης
1487 1813 1599 1865 τῶν
1638 1812 1791 1865 ἀντι-

207 1897 400 1951 πάλων
428 1900 731 1970 κρατήσας,
762 1876 901 1970 ἔχων
926 1900 1047 1971 μεθ’
1075 1876 1269 1953 ἑαυτοῦ
1298 1876 1649 1973 τδννΝαχώρ.
1679 1902 1791 1955 Καὶ
1824 1876 1867 1932 Β

208 1990 353 2044 κατά
385 1992 553 2060 μόνας
581 1991 820 2055 καλέσας
844 1992 1007 2045 αὑτὸν
1039 1991 1166 2064 ἔφη·
1212 1992 1306 2063 Μὴ
1334 1993 1565 2065 νομίσῃς
1594 1992 1797 2047 λανθά-

206 2098 322 2135 νειν
348 2082 448 2152 ἐμὲ
482 2082 551 2136 τά
588 2082 731 2136 κατὰ
759 2082 849 2136 σέ·
878 2080 997 2137 οἴδα
1033 2083 1144 2155 γάρ
1191 2100 1252 2137 σε
1292 2083 1540 2156 ἀκριϐῶς
1584 2084 1660 2156 μὴ
1702 2084 1795 2139 τὸν

210 2170 491 2226 θειότατον
518 2169 657 2226 εἰναι
702 2173 1001 2245 Βαρλαάμ,
1045 2173 1186 2229 ἀλλά
1215 2174 1422 2247 Ναχὼρ
1456 2175 1551 2228 τὸν
1594 2175 1798 2248 άστρο-

209 2261 391 2331 λόγον.
422 2263 534 2317 Καὶ
561 2263 828 2336 θαυμάζω
857 2266 976 2330 πῶς
1006 2265 1187 2333 ἔδοξεν
1219 2267 1352 2338 ὑμῖν
1375 2266 1634 2339 τοιαύτην
1656 2269 1796 2322 ὐπο-

209 2354 469 2427 κριθῆναι
501 2356 792 2429 ὑπόκρισιν
820 2359 916 2412 καὶ
938 2357 1179 2431 τοσαύτῃ
1212 2358 1548 2431 ἀμϐλυωπία
1575 2359 1796 2430 νομίσαι

211 2447 530 2518 περιϐαλεῖν
574 2465 643 2519 με
693 2448 870 2520 μέσης
914 2450 1170 2524 ἡμέρας,
1214 2451 1305 2506 ἵνα
1345 2451 1511 2506 λύκον
1556 2452 1796 2523 δέξωμαι

208 2540 332 2593 ἀντὶ
359 2540 657 2612 προϐάτου.
724 2541 889 2597 Ἀλλά
935 2543 1120 2607 καλῶς
1164 2545 1193 2597 6
1246 2544 1408 2613 λόγος
1438 2545 1627 2617 ᾅδεται
1652 2585 1667 2609 ,
1713 2546 1797 2599 ὅτι

213 2630 430 2702 Καρδία
458 2630 644 2704 μωροῦ
684 2633 892 2704 μάταια
916 2635 1101 2705 νοήσει
1125 2633 1261 2707 (82).
1294 2636 1369 2690 Τὸ
1397 2637 1500 2705 μὲν
1519 2634 1613 2691 οὖν
1635 2636 1796 2691 ὲνθύ-

212 2740 377 2794 μημα
401 2723 561 2779 τοῦτο
584 2724 680 2779 καί
707 2725 984 2798 βούλευμα
1011 2725 1166 2795 ὑμῶν
1208 2727 1375 2781 ἕωλον
1398 2724 1467 2802 ἦν
1500 2730 1595 2783 καί⁸
1620 2731 1797 2802 πάντη

211 2814 447 2887 ἀνόητον
466 2832 483 2849 ο
508 2818 569 2871 τὸ
591 2817 650 2871 δὲ
675 2816 836 2890 ἔργον
858 2818 887 2872 6
909 2819 1155 2890 εἰργάσω
1181 2821 1361 2891 πάσης
1388 2821 1505 2874 ἐστὶ
1530 2820 1799 2886 συνέσεως

213 2905 672 2977 πεπληρωμένον.
721 2907 815 2961 Διὸ
868 2912 1063 2979 χαῖρε,
1114 2909 1357 2980 Ναχὼρ,
1399 2910 1497 2964 καὶ
1534 2910 1795 2979 ἀγαλλιῶ·

212 2997 421 3062 πολλὰς
448 2998 560 3070 γάρ
585 3015 669 3052 σοι
698 3000 928 3071 χάριτας
949 3000 1219 3071 ὁμολογῶ,
1252 2998 1414 3071 257
1456 3002 1540 3055 δτι
1570 3003 1801 3072 συνήγο-

217 3105 313 3160 ρος
338 3090 581 3161 σήμερον
618 3090 717 3160 τῆς
742 3091 1002 3163 ἀληθείας
1024 3092 1287 3162 γέγονας,
1316 3094 1412 3147 καὶ
1437 3093 1541 3148 οὐκ
1567 3093 1801 3165 ὲμίανας

214 3180 286 3233 τὰ
316 3180 473 3250 χείλη
511 3197 605 3234 σου
649 3181 829 3249 λόγοις
873 3185 1091 3255 μιαροῖς
1133 3185 1229 3237 καὶ
1275 3183 1565 3256 ὑποκρίσει
1611 3184 1797 3255 δολία,

215 3271 357 3325 ἀλλά
394 3272 501 3324 τῶν
542 3272 754 3325 πολλῶν
802 3272 1003 3343 μᾶλλον
1037 3274 1381 3347 ὲξεκάθαρας
1414 3275 1801 3346 μολυσμάτων,

215 3362 322 3433 τὴν
353 3362 564 3433 πλάνην
583 3362 692 3416 τῶν
719 3363 1091 3434 ψευδωνύμων
1120 3364 1403 3433 διελέγξας
1426 3365 1565 3419 θεῶν
1590 3367 1686 3420 καὶ
1706 3367 1806 3437 τὴν

218 3453 485 3524 ἀλήθειαν
538 3454 646 3508 τῶν
698 3454 1103 3526 Χριστιανικῶν
1153 3455 1442 3526 δογμάτων
1508 3456 1804 3527 κρατύνας.

232 3542 453 3611 ἐγὼδὲ
477 3543 784 3596 ἐσπούδασα
806 3544 1036 3612 ἀγαγεῖν
1059 3558 1119 3595 σε
1144 3542 1265 3614 μετ’
1288 3542 1423 3614 ἐμοῦ
1448 3543 1595 3596 δυοῖν
1620 3544 1804 3597 ἒνεκσπ

221 3633 314 3686 ἵνα
347 3631 457 3704 μὴ,
488 3632 629 3686 κατά
662 3633 832 3704 μόνας
866 3635 896 3687 6
929 3632 1186 3704 βασιλεὺς
1231 3632 1414 3687 λαϐών
1441 3650 1524 3699 σε,
1555 3635 1807 3704 τιμωρή-

225 3742 396 3795 σηται
433 3724 519 3794 ἐφ’
562 3718 607 3793 ᾧ
634 3725 696 3778 ού
742 3725 814 3778 τὰ
846 3722 1163 3795 καταθύμια
1195 3723 1344 3795 αὐτῷ
1393 3723 1676 3793 ἐφθέγξω,
1714 3724 1810 3778 καὶ

223 3817 317 3869 ῐνα
366 3817 467 3887 τὴν
505 3816 664 3886 χάριν
695 3813 921 3886 ταύτην,
952 3816 1049 3886 -ἢνξ
1081 3815 1324 3886 σήμερον
1366 3813 1644 3885 εἰργάσω,
1685 3814 1811 3867 ἀντ-

223 3906 576 3978 αμείψωμαι.
605 3906 700 3970 Τίς
749 3906 808 3960 δὲ
848 3909 882 3976 ή
910 3905 1270 3981 ἀντάμειψιςς
1301 3903 1376 3958 T6
1404 3904 1684 3970 ὑποδεῖξαί
1726 3920 1809 3958 σοι

224 3998 478 4052 ἐκκλῖναι
503 3998 602 4068 τῆς
638 3998 884 4069 πονηρᾶς
914 3995 1036 4051 ὀδοῦ
1075 3997 1172 4051 καὶ
1208 3996 1502 4068 ὀλισθηρᾶς
1529 3998 1597 4069 ήν
1637 3996 1810 4051 ὥδευ-

226 4104 336 4153 σας
364 4088 471 4151 ἕως
500 4088 619 4153 νῦν,
652 4088 989 4160 πορευθῆναι
1024 4088 1083 4141 δὲ
1113 4087 1213 4160 τὴν
1243 4087 1462 4142 εὐθεῖαν
1501 4088 1597 4141 καὶ
1632 4090 1812 4162 σωτή-

226 4198 352 4252 ριον
382 4181 588 4254 τρίϐον,
619 4183 688 4254 ἢν
721 4182 821 4236 οὐκ
853 4181 1088 4250 ἀγνοῶν,
1121 4179 1239 4235 ἀλλ’
1288 4181 1530 4235 ἐθελοντί
1575 4198 1815 4253 κακουρ-

221 4271 369 4341 γῶν,
418 4272 719 4342 ὲξέφυγες,
773 4271 1073 4344 βαράθροις
1119 4271 1215 4326 καὶ
1264 4274 1533 4343 κρημνοῖς
1578 4272 1813 4343 ἀνομίας

225 4365 466 4420 σεαυτὸν
492 4366 965 4437 κατακρημνίσας.
1000 4363 1167 4428 Σύνες
1195 4360 1312 4426 οὖν,
1343 4358 1388 4418 ὧ
1421 4362 1648 4435 Ναχὼρ,
1684 4381 1814 4417 συν-

221 4454 356 4518 ετὺς
382 4455 479 4523 ῶν,
505 4456 601 4509 καὶ
621 4457 1008 4529 προθυμήθητι
1027 4456 1119 4509 τὸν
1140 4456 1376 4527 Χριστὸν
1408 4456 1571 4526 μόνον
1600 4457 1696 4510 καὶ
1715 4454 1815 4527 τὴν

222 4548 369 4619 παρ’
401 4547 551 4618 αὐτῷ
593 4548 981 4619 κρυπτομένην
1022 4547 1167 4620 ζωὴν
1205 4547 1486 4620 κερδᾶναι,
1517 4547 1629 4601 τῶν
1663 4549 1815 4619 ρεόν-
1846 4548 1890 4602 ι)

220 4656 345 4694 των
377 4639 583 4693 τούτων
613 4639 708 4694 καί
745 4638 1119 4711 φθειρομένων
1148 4637 1442 4711 ὑπεριδών.
1478 4640 1554 4694 Οὐ
1587 4639 1698 4710 γὰρ
1722 4638 1814 4692 τὸν

222 4729 419 4784 πάντα
442 4732 586 4804 ζήσῃ
615 4731 806 4785 αἰῶνα·
840 4730 977 4784 άλλά
996 4771 1013 4797 ,
1043 4729 1235 4801 θνητὸς
1260 4730 1358 4799 ὢν,
1381 4730 1663 4803 ἀπελεύσῃ
1690 4732 1815 4785 ὅσον

221 4819 425 4888 οὔπω,
455 4820 637 4885 καθὼς
665 4822 762 4876 καὶ
790 4824 840 4875 οἰ
881 4823 988 4894 πρὸ
1015 4822 1111 4877 σοῦ
1144 4823 1364 4886 πάντες.
1403 4821 1516 4875 Καὶ
1551 4822 1674 4875 οὐαί
1706 4839 1811 4887 σοι,

224 4916 290 4969 εἰ
325 4914 423 4979 τὸν
474 4913 646 4985 βαρὺν
695 4915 891 4985 φόρτον
934 4915 1037 4985 τῆς
1085 4914 1362 4987 ἁμαρτίας
1419 4914 1816 4984 ἐπιφερόμενος

226 5004 518 5077 ἀπελεύσῃ
569 5006 688 5059 ἐκεῖ
717 5005 854 5059 ὅπου
888 5006 1071 5077 κρίσις
1105 5005 1291 5059 δικαία
1320 5004 1417 5057 καὶ
1461 5005 1815 5068 ἀνταπόδοσις

224 5096 348 5149 τῶν
396 5095 574 5167 ἔργων
607 5097 746 5161 εστὶ,
786 5096 881 5150 καὶ
916 5095 994 5169 μὴ
1025 5095 1338 5169 ἀπορρίψῃς
1380 5095 1591 5164 τοῦτον,
1625 5095 1818 5167 ῥᾳδίας

228 5184 406 5257 οὔσης
430 5187 528 5257 τῆς
552 5186 887 5252 ἀποθέσεως.

332 5467 397 5521 ’0
422 5467 626 5539 Ναχὼρ
669 5452 1226 5538 τοίνυν,⁴κατανυγείς
1265 5469 1363 5540 τὴν
1390 5469 1569 5545 ψυχὴν
1597 5473 1691 5527 ἐπὶ
1719 5477 1835 5539 τοῖς

248 5562 434 5630 λόγοις
471 5559 705 5625 τούτοις,
738 5559 874 5632 ἔφη’
926 5560 1122 5626 Καλῶς
1177 5558 1356 5631 εἶπας,
1389 5557 1436 5619 ῶ
1467 5563 1688 5635 βασιλεῦ
1730 5583 1836 5621 κα-

324 5763 439 5835 (82)
471 5762 573 5819 lsa.
610 5778 784 5831 xxxii,
819 5764 870 5819 6.

1907 634 2045 686 bello
2073 634 2337 689 lacessent
2364 636 2520 689 verba
2550 636 2785 691 iacienda
2813 645 2943 691 sunt
2966 653 3070 691 una
3095 638 3458 707 dispiciamus.

1906 736 1968 777 ac
1994 731 2048 777 tu
2074 723 2201 778 item
2227 735 2345 778 tuos
2372 739 2668 790 assumens,
2712 727 2971 781 arbitratu
3001 736 3090 782 tuo
3115 743 3237 782 cum
3268 729 3375 783 illis
3399 745 3460 781 ea

1905 827 2023 882 qua
2059 814 2111 877 iu
2150 829 2262 869 rem
2300 814 2471 868 futura
2511 813 2827 870 videbuntur
2864 815 3175 882 mediteris;
3213 825 3305 870 aut
3341 828 3461 872 tuos

1906 903 2034 961 mihi
2074 905 2174 960 hac
2209 914 2363 960 nocte
2399 907 2729 973 concedens,
2769 923 2945 962 meum
2985 907 3193 976 accipe.
3227 908 3380 976 Quod
3419 910 3461 962 si

1905 994 2111 1067 utrique
2135 994 2273 1061 apud
2302 1005 2351 1049 te
2380 995 2506 1058 sint,
2533 1012 2685 1050 meus
2712 997 2959 1052 nimirum
3005 998 3059 1051 iu
3088 996 3379 1052 alﬁictione
3409 1010 3463 1049 et

1902 1103 2069 1161 metu,
2132 1096 2204 1149 tui
2261 1103 2436 1147 autem
2490 1092 2542 1146 in
2586 1090 2767 1145 laetitia
2812 1099 2866 1143 et
2908 1088 3070 1142 animi
3120 1088 3457 1157 remissione,

1902 1201 2110 1253 aequum
2156 1185 2284 1240 mihi
2324 1184 2580 1253 judicium
2626 1181 2762 1236 istud
2803 1195 2923 1235 esse
2970 1196 3074 1233 non
3103 1181 3328 1241 videtur,
3362 1182 3457 1236 sed

1901 1277 2225 1346 principatus
2250 1274 2482 1339 licentia,
2502 1283 2556 1328 et
2585 1279 2855 1335 pactorum
2883 1268 3123 1323 violatio.
3148 1269 3257 1323 Rex
3281 1269 3459 1337 itaque

1901 1366 2060 1436 hujus
2089 1365 2345 1421 orationis
2373 1365 2551 1432 lepore
2577 1362 2781 1425 victus,
2812 1360 3094 1422 assumptis
3132 1357 3462 1426 sapientibus

1903 1462 1958 1509 et
1995 1453 2358 1509 sacerdotibus
2394 1451 2527 1515 suis,
2566 1450 2857 1505 Nachorem
2896 1448 3006 1502 ﬁlio
3039 1448 3323 1512 concessit,
3363 1449 3463 1504 hac

1902 1545 2156 1598 nimirum
2197 1557 2292 1613 spe
2322 1543 2504 1607 fretus,
2533 1540 2647 1596 iure
2684 1546 2830 1594 utea
2860 1553 2978 1608 qua
3004 1538 3268 1609 pollicitus
3293 1536 3464 1597 fuerat

1902 1643 2197 1703 praestaret.

1973 1722 2133 1792 Regis
2177 1723 2354 1790 itaque
2379 1720 2517 1774 ﬁlius
2542 1718 2596 1773 in
2627 1716 2876 1785 palatium
2904 1729 3057 1768 suum
3087 1715 3461 1783 proﬁciscitur,

1904 1830 2012 1870 non
2040 1830 2194 1870 secus
2221 1823 2379 1882 atque
2406 1809 2711 1881 Olympicus
2740 1807 2951 1876 quidam
2979 1809 3171 1868 victor.
3198 1806 3464 1874 superatis

1903 1907 2255 1970 adversariis,
2292 1917 2473 1957 secum
2512 1900 2805 1954 Nachorem
2843 1896 3067 1951 habens.
3116 1896 3281 1962 Quem
3319 1909 3464 1961 cuin,

1904 1994 2123 2049 remotis
2159 1990 2394 2055 arbitris,
2433 1988 2728 2052 accivisset,
2759 1988 2839 2041 his
2861 1987 2925 2040 ad
2966 2001 3087 2041 eum
3128 1986 3302 2040 verbis
3340 1999 3466 2039 usus

1904 2091 1985 2138 est
2009 2099 2022 2137 :
2048 2082 2124 2137 Ne
2152 2096 2256 2147 me,
2283 2078 2371 2149 qui
2397 2078 2491 2144 sis,
2518 2076 2759 2148 ignorare
2785 2076 3072 2130 existimes.
3106 2074 3465 2128 Certissimum

1906 2174 2046 2229 enim
2075 2172 2243 2226 habeo
2291 2180 2341 2223 te
2366 2168 2749 2223 divinissimum
2778 2166 3111 2219 Barlaamum
3157 2162 3293 2216 haud
3337 2177 3467 2231 qua-

1907 2277 2066 2329 quam
2105 2274 2245 2326 esse,
2276 2274 2459 2312 verum
2490 2257 2783 2310 Nachorem
2831 2254 3174 2321 astrologum.
3205 2253 3281 2306 Ac
3308 2252 3467 2304 miror

1908 2352 2035 2421 quid
2059 2350 2208 2405 vobis
2232 2349 2287 2403 in
2315 2357 2546 2402 mentem
2574 2346 2798 2409 venerit,
2826 2350 2887 2402 ut
2911 2340 3209 2409 hujusmodi
3237 2338 3467 2394 fabulam

1912 2443 2202 2513 ﬁngeretis,
2247 2448 2407 2510 atque
2448 2438 2550 2492 hoc
2584 2436 2734 2491 vobis
2781 2432 3195 2504 persuaderctis,
3241 2443 3336 2484 vos
3375 2443 3468 2484 eas

1915 2531 2215 2588 clarissima
2252 2530 2341 2584 die
2369 2529 2536 2583 oculis
2563 2526 2695 2579 meis
2731 2524 2975 2579 tenebras
2999 2521 3301 2590 objecturos
3329 2531 3472 2582 esse,

1909 2631 1970 2677 ut
1996 2636 2091 2691 pro
2117 2636 2217 2676 ove
2243 2621 2421 2689 lupum
2447 2618 2761 2685 acciperem.
2791 2613 2984 2668 Verum
3015 2625 3120 2665 non
3150 2608 3245 2663 abs
3271 2622 3329 2662 re
3354 2620 3470 2675 pro-

1911 2712 2093 2768 verbio
2120 2712 2302 2774 fertur,
2331 2707 2436 2763 Cor
2474 2707 2620 2761 stulti
2658 2719 2791 2761 vana
2834 2702 3085 2769 cogitare.
3136 2702 3308 2766 Atque
3354 2696 3470 2749 haec

1910 2804 2121 2875 quidem
2183 2800 2426 2871 cogitatio
2480 2806 2535 2852 et
2572 2795 2847 2851 consilium
2907 2801 3139 2846 vestrum
3201 2786 3473 2842 rancidum

1909 2908 2039 2951 sane
2065 2906 2128 2945 ac
2156 2902 2371 2959 prorsus
2396 2885 2644 2940 stolidum
2669 2890 2806 2949 erat,
2832 2894 2965 2950 opus
2984 2888 3160 2931 autem
3182 2878 3322 2945 quod
3355 2876 3469 2943 ipse

1909 2980 2103 3049 egisti,
2151 2977 2299 3034 omni
2347 2974 2619 3045 prudentia
2668 2967 3048 3049 etisagacitate
3097 2967 3461 3049 plenum‘esi,

1906 3041 1973 3114 ac
2028 3041 2313 3127 propterea
2347 3041 2562 3122 gaude,
2613 3048 2853 3110 Nachor,
2903 3054 2960 3099 et
3002 3043 3237 3099 exsulta.
3290 3041 3487 3095 Multas

1907 3150 2053 3205 enim
2089 3148 2188 3202 tibi
2234 3146 2340 3199 hoc
2385 3140 2609 3197 nomine
2650 3137 2855 3209 gratias
2899 3136 3097 3197 habeo,
3150 3130 3301 3203 quod
3344 3128 3483 3185 veri~

1827 3218 1872 3278 c
1910 3239 2041 3294 tatis
2091 3232 2460 3305 patrocinium
2513 3228 2787 3283 hodierno
2847 3225 2939 3280 die
2997 3220 3326 3291 suscepisti,
3385 3230 3489 3273 nec

1920 3322 2195 3373 sceleratis
2240 3319 2418 3371 verbis
2463 3330 2528 3369 ac
2570 3322 2785 3369 versuta
2827 3310 3168 3366 simulatione
3213 3309 3349 3364 labia
3397 3317 3484 3363 tua

1923 3405 2327 3471 contaminasti;
2359 3408 2484 3475 quin
2514 3406 2687 3472 pmius
2711 3417 2772 3457 ea
2814 3401 2996 3454 multis
3021 3398 3267 3453 sordibus
3292 3412 3487 3466 expur-

1918 3497 2087 3566 gasti,
2128 3495 2377 3549 falsorum
2416 3494 2665 3547 nimirum
2704 3492 2924 3545 deorum
2964 3502 3147 3543 errore
3184 3486 3479 3549 confutato,

1918 3602 2077 3657 atque
2101 3587 2521 3643 Christianorum
2560 3585 2863 3653 dogmatum
2892 3581 3114 3635 veritate
3149 3578 3481 3632 conﬁrmata.

1920 3679 2031 3748 Ego
2054 3692 2180 3733 vero
2204 3676 2404 3744 duplici
2430 3676 2495 3729 de
2532 3688 2709 3740 causa,
2744 3683 2799 3726 ut
2826 3680 2879 3726 te
2907 3685 3111 3725 mecum
3140 3669 3481 3726 adducerem.

1918 3780 2133 3835 Operam
2161 3765 2313 3829 dedi;
2342 3764 2530 3831 altera,
2565 3779 2630 3816 ne
2654 3772 2705 3816 te
2733 3777 2823 3815 rex
2851 3760 3096 3829 privatim
3126 3767 3332 3823 tenens,
3360 3772 3484 3824 sup-

1919 3858 2077 3931 plicio
2098 3855 2356 3925 afﬁceret,
2381 3863 2658 3927 propterea
2682 3853 2820 3926 quod
2850 3867 2952 3906 non
2973 3865 3032 3908 ea
3059 3864 3117 3906 es
3139 3850 3344 3905 locutus
3363 3862 3484 3919 qua:

1920 3952 2019 4021 ipsi
2055 3960 2202 4020 grata
2241 3958 2462 4012 essent;
2501 3949 2666 4017 altera
2705 3956 2760 4000 ut
2799 3945 2902 3998 hod
2926 3957 3056 3997 erno
3093 3950 3184 3995 tuo
3223 3941 3485 3995 beneﬁcio

1918 4041 2141 4110 gratiam
2170 4038 2263 4094 tibi
2290 4037 2597 4106 rependam.
2625 4035 2863 4102 Quonam
2886 4042 3060 4086 autem
3091 4030 3304 4084 tandem
3332 4040 3485 4098 pacto

1921 4131 2103 4187 istud?
2147 4130 2401 4184 Nimirum
2442 4139 2494 4182 te
2519 4126 2830 4187 admonens,
2864 4132 2921 4177 ut
2948 4136 2978 4174 a
3004 4136 3163 4190 prava
3190 4129 3244 4174 et
3273 4123 3483 4189 pericu-

1922 4223 2034 4277 losa
2063 4220 2161 4275 hac
2183 4220 2288 4281 via,
2317 4233 2475 4287 quam
2503 4217 2568 4268 ad
2600 4216 2740 4268 hunc
2765 4227 2930 4282 usque
2957 4211 3101 4266 diem
3131 4210 3364 4270 tenuisti.
3393 4210 3485 4264 de-

1923 4310 2098 4377 ﬁecta,
2128 4325 2192 4364 ac
2219 4318 2413 4364 rectam
2444 4317 2499 4363 et
2527 4307 2812 4360 salutarem
2854 4303 3099 4358 semitam
3138 4300 3482 4371 ingrediaris:

1922 4414 2078 4469 quam
2117 4400 2329 4468 quidem
2362 4412 2465 4450 non
2496 4395 2767 4462 ignorans,
2800 4391 2892 4447 sed
2930 4398 3119 4459 sponte
3146 4391 3341 4443 malum
3369 4402 3486 4441 am-

1924 4491 2177 4557 plectens,
2208 4486 2458 4556 eil'ugisti,
2501 4486 2555 4541 in
2598 4485 2889 4554 iniquitatis
2929 4482 3174 4536 barathra
3210 4488 3264 4535 et
3292 4481 3484 4548 praecl-

1925 4580 2051 4649 pitia
2081 4580 2306 4646 teipsum
2338 4576 2635 4645 impellens.
2682 4572 2915 4639 lntellige
2964 4570 3166 4638 itaque,
3197 4582 3230 4622 ο
3254 4566 3486 4631 Nachur,

1924 4684 2043 4724 cum
2072 4668 2305 4739 prudens
2333 4674 2387 4720 et
2414 4680 2573 4736 sagax
2603 4666 2699 4727 sis,
2728 4677 2790 4715 ac
2816 4659 3084 4715 Christum
3112 4659 3303 4723 solum,
3333 4669 3384 4711 et
3413 4654 3486 4709 vi-

1925 4770 2032 4815 tam
2063 4759 2200 4830 apud
2231 4759 2399 4830 ipsum
2427 4758 2723 4813 abstrusam
2751 4753 2979 4808 elucrari
3026 4750 3199 4815 stude,
3225 4749 3379 4803 ﬁuxis
3405 4747 3487 4800 li‘s

1925 4860 1981 4907 et
2004 4850 2220 4906 caducis
2247 4845 2561 4916 contemptis
2588 4858 2649 4898 ac
2671 4840 2953 4913 pro‘nihilo
2974 4839 3186 4893 habitis.
3210 4836 3322 4891 Non
3344 4834 3486 4889 enim

1926 4944 1979 4997 in
2001 4950 2257 4996 azternum
2281 4939 2466 5004 vives;
2485 4936 2599 5001 sed,
2622 4949 2743 4989 cum
2767 4930 3001 4986 mortalis
3022 4929 3118 4993 sis',
3142 4927 3248 4996 jam
3272 4924 3488 4995 jamque

1928 5031 2051 5086 hinc
2078 5030 2315 5084 abiturus
2341 5040 2421 5093 es,
2451 5021 2890 5095 quemadmodum
2931 5029 2983 5073 et
3013 5032 3219 5079 omnes,
3247 5014 3335 5083 qui
3365 5028 3488 5066 ante

1935 5131 1987 5175 te
2014 5121 2350 5175 exstiterunt.
2391 5119 2583 5185 Atque.
2613 5129 2646 5166 ο
2675 5124 2724 5166 te
2753 5111 3037 5165 miserum!
3067 5105 3134 5170 si,
3162 5104 3249 5158 ubi
3287 5104 3486 5171 justum

1924 5214 2214 5283 judicium,
2246 5224 2310 5265 ac
2337 5211 2476 5277 justa
2508 5221 2727 5274 Operum
2760 5216 2962 5255 merces
2990 5206 3091 5261 est,
3121 5209 3330 5266 gravem
3362 5208 3488 5259 pec-

1928 5306 2031 5361 cati
2061 5303 2321 5359 sarcinam
2354 5310 2525 5355 tecum
2553 5298 2728 5352 l'erens
2754 5294 2937 5357 abeas,
2961 5304 3056 5344 nec
3083 5303 3199 5343 eam
3228 5289 3367 5356 prius
3396 5286 3489 5335 ab-

1928 5397 2147 5467 ieceris,
2175 5409 2295 5449 cum
2322 5392 2553 5462 abjicere
2582 5387 2813 5459 proclive
2839 5386 2928 5438 sit.
3381 5464 3391 5474 I
3565 5429 3572 5455 τ

2002 5484 2210 5538 Nachor
2273 5482 2449 5547 itaque
2506 5480 2577 5532 ob
2627 5473 2924 5545 huiusmodi
2981 5481 3254 5524 sermones
3309 5473 3486 5517 animo

1932 5584 2299 5646 compunctus,
2343 5574 2423 5625 bis
2464 5570 2637 5623 Verbis
2681 5580 2805 5621 usus
2844 5573 2967 5618 est:
3010 5560 3169 5612 ﬂecte
3218 5554 3414 5618 dixisti,
3454 5572 3488 5608 υ
3558 5567 3567 5598 έ
