4042 6420
252 413 396 481 1129

229 619 322 672 ἐπὶ
357 620 458 688 τὴν
495 617 808 689 βαθυτάτην
841 616 1062 671 ἅλλεται
1106 617 1183 681 ὡς
1222 618 1420 687 ἔλαφος
1451 619 1679 691 ἔρημον,
1717 619 1813 674 καὶ

233 707 472 780 μοναχοῦ
500 724 666 771 τινος,
690 708 991 779 ἱερωσύνης
1021 710 1410 779 περικειμένου
1446 709 1624 776 ἀξίαν,
1651 727 1814 765 κατα-

227 802 499 871 λαμϐάνει
532 801 814 873 σπήλαιον,
840 800 968 856 ἔνθα
1007 801 1318 873 ἐκέκρυπτο
1349 802 1558 866 ἐκεῖνος
1585 801 1676 855 διὰ
1717 801 1813 854 τὸν

231 896 582 966 ἐπικείμενον
604 893 790 963 φόϐον.
812 894 999 965 Τούτῳ
1027 894 1086 947 δὲ
1119 893 1429 965 θερμότατα
1450 893 1811 965 προσπίπτει,

231 987 425 1040 πλύνει
467 988 592 1050 τοὺς
629 985 796 1048 πόδας
840 986 1094 1058 δάκρυσι,
1144 987 1249 1057 τήν
1296 1001 1426 1040 ποτε
1476 985 1816 1056 μιμούμενος

232 1081 444 1150 πόρνην
462 1078 593 1148 (85),
609 1079 703 1132 καὶ
717 1078 778 1132 τὸ
792 1079 936 1132 θεῖον
953 1078 1246 1146 ἐξαιτεϊται
1266 1077 1567 1148 βάπτισμα.
1581 1079 1745 1150 260
1756 1078 1815 1131 ’0

231 1171 418 1223 τοίνυν
447 1171 648 1241 ἱερεὺς,
678 1170 828 1236 θείας
855 1171 931 1224 ὢν
951 1172 1172 1242 χάριτος
1199 1171 1649 1242 πεπληρωμένος,
1672 1171 1816 1241 ἥσθη

233 1277 294 1314 τε
323 1260 466 1321 λίαν,
508 1261 622 1326 καὶ,
656 1262 1020 1332 παραχρῆμα,
1043 1261 1234 1333 ὥσπερ
1263 1257 1382 1323 ἔθος
1405 1261 1539 1331 (86),
1570 1261 1817 1332 κατηχή-

238 1370 342 1417 σας
373 1351 555 1416 αὑτὸν,
584 1354 652 1406 δι’
675 1353 898 1424 ἡμερῶν
929 1355 1029 1407 οὐκ
1055 1353 1251 1422 ὀλίγων
1276 1352 1471 1406 τελειοί
1503 1349 1580 1422 τῷ
1619 1350 1820 1422 βαπτί-

237 1461 410 1514 σματι
441 1447 519 1508 είς
552 1445 724 1516 ὄνομα
761 1444 856 1498 τοῦ
903 1446 1116 1516 Πατρὸς
1157 1445 1251 1499 καὶ
1283 1444 1380 1498 τοῦ
1409 1443 1542 1498 Υίοῦ
1585 1444 1681 1498 καὶ¹
1722 1443 1818 1498 τοῦ

238 1537 399 1604 ἁγίου
459 1535 793 1605 Πνεύματος.
852 1536 1078 1606 Ἔμεινε
1131 1536 1186 1589 δὲ
1227 1534 1432 1606 Ναχώρ
1487 1535 1605 1606 μετ’
1653 1533 1818 1589 αὐτοῦ

240 1627 523 1698 μετανοῶν
552 1628 639 1682 ἀεὶ
669 1628 753 1697 ἐφ’
780 1623 860 1692 οἷς
891 1629 1130 1701 ἥμαρτε,
1157 1628 1252 1683 κοιλ⁵
1289 1629 1528 1697 εὐλογῶν
1559 1628 1653 1681 τὸν
1687 1627 1822 1682 Θεὸν

236 1719 333 1771 τὸν
358 1717 432 1788 μὴ
467 1718 788 1790 βουλόμενον
817 1715 1112 1774 ἀπολέσθαι
1140 1721 1282 1784 τινὰ,
1316 1720 1454 1775 ἀλλά
1480 1719 1699 1774 πάντων
1720 1720 1820 1791 τὴν

239 1811 582 1882 ἐπιστροφὴν
624 1811 978 1884 ἐκδεχόμενον
1019 1813 1132 1884 (87)
1160 1814 1254 1868 καὶ
1285 1812 1683 1885 μετανοοῦντας
1731 1829 1822 1883 φι-

237 1901 374 1956 λανθ
385 1902 583 1975 ρώπως
605 1903 918 1975 δεχόμενον.

1337 421 1512 480 VI'I’A
1552 421 1910 480 BARLAAM
1950 422 2044 480 ET
2081 422 2430 482 JOASAPH.

312 525 580 591 Ἐξελθὼν
601 525 659 579 δὲ
686 527 714 580 ό
745 524 950 598 Ναχώρ
975 527 1445 598 κατανενυγμένος
1484 527 1584 598 τὴν
1613 529 1814 600 ψυχὴν,
1835 532 1896 590 Ἀ

3335 427 3481 496 1130

2023 547 2276 618 Egressus
2320 557 2498 603 autem
2540 548 2770 617 Nachor,
2823 551 2998 607 animo
3045 564 3390 621 compunctus
3439 553 3488 605 in

1931 638 2299 693 densissimam
2327 637 2665 694 solitudinem
2690 642 2833 696 cervi
2864 642 3027 696 instar
3058 642 3303 712 prosiliit,
3334 654 3492 712 atque

1935 729 1988 781 in
2015 726 2262 781 monachi
2288 727 2582 797 cujusdam,
2613 731 2701 800 qui
2730 733 3012 786 sacerdotii
3041 733 3298 803 dignitate
3325 749 3491 787 orna-

1934 825 2019 871 tus
2060 826 2194 881 erat,
2238 819 2542 885 speluncam
2581 835 2640 875 se
2680 820 2885 876 confert
2925 823 2978 877 in
3022 839 3125 893 qua
3157 824 3246 878 ille
3280 835 3494 893 pr0pter

1935 906 2298 963 imminentem
2322 921 2519 965 metum
2542 910 2904 966 delitescebat.
2947 913 3117 982 Atque
3157 922 3280 968 ante
3320 914 3494 982 ipsum

1935 994 2326 1053 ferventissimo
2355 1012 2566 1068 pectore
2593 1002 2738 1056 humi
2771 1017 2891 1058 sese
2921 1003 3198 1071 provolvit,
3228 1006 3497 1074 ipsiusque

1937 1087 2117 1156 pedes,
2153 1090 2318 1143 instar
2338 1090 2580 1146 videlicet
2617 1094 2808 1148 veteris
2840 1093 2980 1147 illius
3008 1094 3502 1164 tneretricis(Lucaa

1938 1173 2055 1242 νει),
2110 1174 2354 1246 lacrymis
2420 1176 2712 1243 perfundit,
2770 1192 2832 1230 ac
2894 1178 3127 1230 divinum
3181 1178 3498 1241 baptismum

1933 1275 2193 1346 exposcit.
2263 1276 2522 1331 Sacerdos
2574 1276 2788 1343 itaque,
2861 1280 3042 1341 utpote
3095 1269 3274 1325 divina
3327 1273 3501 1342 gratis

1937 1366 2161 1435 plenus,
2199 1364 2465 1434 ingentem
2515 1363 2692 1418 animo
2732 1363 3052 1430 voluptatem
3089 1362 3248 1431 cepit,
3276 1377 3502 1431 eumque

1936 1452 2252 1519 confestim,
2295 1461 2353 1507 ut
2402 1467 2520 1507 mos
2559 1451 2798 1517 ferebat,
2843 1465 2935 1518 per
2976 1450 3089 1505 dies
3135 1449 3276 1505 haud
3304 1467 3502 1520 paucos

1939 1543 2254 1599 Christiana:
2325 1541 2428 1598 fide
2510 1541 2824 1598 rudimentis
2903 1540 3197 1595 institutum
3231 1581 3244 1606 ,
3320 1543 3500 1596 divino

1927 1629 2251 1702 baptismate
2347 1631 2558 1702 perficit
2659 1631 2712 1686 in
2860 1631 3072 1686 nomine
3099 1631 3269 1686 Patris
3324 1639 3379 1687 et
3410 1635 3497 1686 Fi-

1939 1723 1994 1780 lii
2024 1735 2078 1781 et
2104 1724 2337 1794 Spiritus
2366 1723 2535 1778 sancti
2563 1721 2753 1796 (Marc.
2783 1724 2925 1792 ult.).
2959 1723 3148 1778 Mansit
3174 1733 3353 1778 autem
3381 1738 3499 1780 cum

1941 1815 2033 1870 illo
2062 1815 2293 1880 Nachor,
2327 1825 2578 1884 perpetua
2605 1814 2674 1869 ob
2702 1828 2764 1868 ca
2793 1824 3003 1882 peccata
3032 1829 3150 1883 quae
3175 1823 3508 1884 perpetrarat

1859 1897 1902 1952 Β
1945 1905 2272 1973 ρωιιίωόὶηο
2298 1905 2512 1971 ductus,
2546 1905 2814 1972 Deumque
2843 1903 3178 1961 benedicens.
3206 1905 3295 1974 qui
3337 1908 3507 1959 nemi-

229 2010 357 2050 nem
409 1994 591 2062 perire
626 1991 765 2053 vult,
813 2003 1008 2042 verum
1046 2001 1296 2044 omnium
1331 1986 1771 2056 resipiscentiam
1816 1997 2124 2060 exspectat,
2171 1997 2338 2058 atque
2383 2003 2478 2045 eos
2513 1989 2608 2060 qui
2635 1989 3022 2061 paenitentiam
3056 2001 3225 2062 agunt
3261 1990 3505 2051 humane

231 2104 292 2141 ac
331 2088 566 2156 benigne
611 2083 817 2153 excipit
863 2081 941 2154 (II
987 2081 1134 2137 Petr.
1170 2096 1262 2144 m;
1311 2081 1500 2135 Ezech.
1546 2081 1722 2149 xvm).

320 2185 535 2240 Ἐωθεν
556 2184 612 2240 δὲ
639 2184 830 2256 μαθὼν
857 2185 926 2241 τά
953 2187 1094 2241 κατὰ
1131 2186 1222 2241 τὸν
1246 2184 1451 2257 Ναχώρ
1485 2186 1514 2237 ὁ
1557 2181 1830 2254 βασιλεὺς,

245 2280 344 2334 καὶ
376 2281 646 2349 ἀπογνοὺς
674 2276 745 2354 ἦς
778 2277 924 2351 εἶχεν
947 2279 1161 2344 ἐλπίδος
1187 2278 1275 2333 ἐπ’
1306 2278 1475 2350 αὐτῷ,
1501 2277 1623 2332 ἰδὼν
1651 2275 1709 2330 δὲ
1734 2275 1832 2332 καὶ⁸

245 2374 380 2436 τοὺς
404 2373 604 2442 σοφοὺς
647 2372 814 2427 αὑτοῦ
855 2372 952 2428 καὶ
991 2373 1351 2444 παράφρονας
1386 2372 1623 2443 ῥήτορας
1657 2369 1833 2434 οὓτως

246 2463 354 2517 ἀνὰ
382 2464 584 2535 κράτος
613 2463 967 2535 ἡττηθέντας,
995 2464 1054 2516 ἐν
1081 2461 1362 2534 ἀμηχανίᾳ
1397 2456 1486 2532 ἦν.
1530 2459 1641 2514 Καὶ
1688 2458 1832 2512 ἐκεί-

247 2572 374 2619 νους
409 2555 508 2626 μέν
537 2554 728 2623 ῦϐρεσι
757 2555 962 2618 δειναῖς
1001 2555 1096 2608 καὶ
1134 2555 1385 2625 ἀτιμίαις
1422 2551 1618 2624 βαλὼν,
1651 2550 1747 2614 οὓς
1774 2546 1833 2605 δὲ

245 2650 346 2702 καὶ
411 2647 723 2720 βουνεύροις
769 2649 1016 2720 σφοδρῶς
1069 2645 1424 2720 μαστιγώσας
1477 2646 1571 2700 καὶ
1625 2645 1831 2717 ἀσϐόλῃ

244 2741 350 2806 τὰς
373 2740 528 2810 ὄψεις
558 2741 906 2812 περιχρίσας,
937 2738 1164 2806 ἐξέϐαλε
1193 2739 1291 2794 τοῦ
1333 2739 1463 2794 ἰδίου
1501 2738 1827 2809 προσώπου”

244 2835 412 2898 αὐτὸς
439 2835 497 2888 δὲ
525 2833 959 2904 καταγινώσκειν
984 2833 1186 2906 ἤρξατο
1209 2833 1310 2904 τῆς
1334 2832 1441 2888 τῶν
1464 2832 1708 2904 ψευδωνύ
1716 2849 1833 2903 μων

245 2926 388 2980 θεῶν
416 2927 700 2991 ἀσθενείας
720 2967 735 2993 ,
764 2928 814 2980 εί
843 2925 936 2980 καὶ
964 2925 1039 2998 μὴ
1071 2927 1292 2994 τελείως
1322 2925 1401 2998 τῷ
1426 2926 1567 2996 φωτὶ
1594 2925 1830 2996 Χριστοῦ

247 3018 592 3090 προσϐλέψαι
622 3019 760 3083 τέως
779 3018 1038 3091 ἠθέλησε.
1076 3019 1150 3072 Τὸ
1175 3018 1286 3090 γὰρ
1312 3019 1410 3090 τῆς
1445 3017 1835 3090 περικειμένης

247 3110 401 3182 αὐτῷ
430 3110 626 3182 ἀχλύος
663 3113 808 3182 παχὺ
855 3112 1016 3180 νέφος
1059 3114 1310 3181 κατεῖχεν
1358 3110 1437 3164 ἔτι
1483 3111 1582 3174 τὰς
1614 3111 1834 3182 ὁράσεις

248 3203 421 3258 αὐτοῦ
451 3204 552 3274 τῆς
573 3203 819 3275 καρδίας.
863 3204 1002 3258 Ἀλλ’
1026 3199 1120 3258 οὖν
1141 3204 1241 3257 οὐκ
1272 3202 1352 3257 ἐτι
1382 3205 1509 3267 τοὺς
1529 3203 1832 3274 νεωκόρους

247 3297 439 3366 ἐτίμα,
473 3295 596 3350 οὗτε
643 3296 749 3368 μὴν
793 3297 988 3367 ἑορτὰς
1027 3292 1130 3368 ἦγε
1175 3297 1269 3350 καὶ
1315 3296 1550 3359 σπονδὰς
1587 3295 1832 3349 ἐπετέλει

246 3391 368 3450 τοῖς
400 3385 665 3450 εἰδώλοις·
705 3386 841 3442 ἀλλὰ
879 3388 1247 3459 σαλευομένην
1287 3384 1401 3458 εἷχε
1447 3387 1548 3458 τὴν
1593 3387 1835 3441 διάνοιαν

246 3479 668 3552 ἀμφοτέρωθεν,
689 3480 841 3533 ἐνθεν
866 3480 966 3551 μὲν
986 3481 1085 3552 τῆς
1101 3479 1386 3544 ἀσθενείας
1406 3478 1836 3548 καταγινώσκων

248 3573 364 3626 τῶν
398 3571 538 3627 θεῶν
571 3572 762 3640 αὑτοῦ,
794 3573 1082 3628 ἐκεῖθενδέ
1119 3572 1218 3643 τὴν
1253 3572 1544 3646 ἀκρίϐειαν
1579 3570 1836 3635 δεδοικὼς

249 3671 352 3736 τῆς
387 3666 752 3738 εὑαηελικῆς
800 3667 1072 3732 πολιτείας
1100 3668 1193 3720 καὶ
1225 3667 1694 3729 δυσαποσπάστως
1725 3663 1834 3719 τῶν

251 3759 416 3830 261
449 3758 706 3833 πονηρῶν
735 3759 874 3829 ἔχων
906 3759 1045 3812 ἐθῶν
1077 3757 1210 3828 (88).
1240 3757 1390 3812 Πάνυ
1423 3757 1530 3829 γὰρ
1557 3759 1678 3822 ταῖς
1711 3756 1836 3829 ἠδο-

2002 2185 2114 2241 Rex
2141 2195 2339 2254 autem,
2371 2201 2491 2242 cum
2520 2187 2586 2242 de
2621 2185 2875 2242 Nachoris
2909 2186 3068 2241 rebus
3109 2200 3262 2240 mane
3288 2185 3485 2240 certior

1932 2276 2102 2333 factus
2149 2276 2355 2346 fuisset,
2385 2293 2447 2335 ac
2485 2293 2580 2348 spe
2610 2293 2706 2333 sua
2759 2277 3084 2343 excidisset,
3134 2286 3190 2333 et
3240 2287 3495 2348 praeterea

1933 2372 2200 2440 sapientes
2246 2385 2372 2426 suos
2415 2385 2476 2426 ac
2524 2369 2748 2425 stolidos
2791 2379 3032 2425 oratores
3086 2369 3230 2424 nullo
3286 2369 3497 2438 negotio

1937 2472 2217 2531 superatos
2248 2465 2409 2519 fuisse
2435 2463 2819 2532 conspexisset,
2845 2463 2895 2516 in
2918 2477 3108 2530 magna
3139 2462 3300 2516 animi
3323 2461 3498 2516 anxie-

1935 2562 2043 2606 tate
2078 2554 2419 2616 versabatur;
2445 2567 2667 2622 eosque,
2697 2566 2815 2606 cum
2842 2566 3030 2622 graves
3054 2553 3200 2620 prius
3222 2561 3496 2607 contume-

1939 2641 2041 2698 lias
2065 2658 2127 2698 ac
2156 2643 2422 2699 dedecora
2453 2645 2580 2713 ipsis
2609 2644 2900 2709 intulisset,
2929 2660 2991 2700 ac
3020 2646 3302 2700 nonnullos
3337 2646 3496 2699 etiam

1938 2733 2152 2790 bubulis
2190 2733 2372 2789 nervis
2419 2743 2653 2788 atrocem
2686 2735 2737 2788 in
2767 2736 2980 2788 modum
3013 2735 3322 2800 lacerasset,
3357 2735 3499 2803 ipso-

1934 2839 2157 2894 rumque
2178 2825 2358 2878 oculos
2379 2821 2597 2893 fuligine
2617 2823 2891 2891 illevisset,
2921 2839 2949 2877 a
2985 2841 3045 2880 se
3072 2825 3354 2894 ablegavit.
3385 2825 3498 2894 ipse

1933 2919 2110 2967 autem
2147 2911 2398 2966 falsorum
2427 2913 2649 2967 deorum
2687 2914 3104 2968 imbecillitatem
3135 2918 3386 2970 damnare
3415 2916 3498 2971 in-

1933 3006 2338 3074 coepit,etiamsi
2363 3006 2560 3077 alioqui
2587 3005 2820 3061 nondum
2846 3007 2911 3061 ad
2933 3006 3128 3060 Christi
3154 3007 3326 3062 lucem
3346 3007 3500 3076 plene

1942 3111 2006 3151 ac
2037 3095 2272 3166 perfccte
2300 3097 2486 3152 oculos
2527 3095 2795 3166 conjicere
2836 3096 2889 3151 in
2929 3097 3164 3150 animum
3196 3096 3494 3152 induceret.

1935 3187 2150 3243 Etenim
2198 3189 2362 3242 densa
2407 3187 2646 3258 caliginis
2679 3189 2848 3244 nubes
2899 3188 2998 3258 ipsi
3046 3188 3279 3259 undique
3333 3188 3499 3247 affusa

1934 3278 2110 3335 cordis
2163 3277 2327 3347 ipsius
2373 3281 2558 3334 oculos
2611 3281 2784 3335 adhuc
2819 3283 3050 3336 tenebat.
3093 3281 3358 3337 Caeterum
3399 3299 3499 3339 non

1930 3371 2040 3442 jam
2091 3372 2398 3427 sacerdotes
2429 3386 2555 3427 suos
2586 3373 2640 3426 in
2671 3372 2926 3428 honorem
2960 3373 3208 3439 habebat,
3240 3387 3338 3429 nec
3366 3373 3500 3433 festa

1935 3474 1988 3519 et
2019 3465 2272 3520 libamina
2301 3466 2601 3521 simulacris
2627 3468 2737 3521 suis
2767 3467 3074 3536 peragebat,
3107 3481 3290 3522 verum
3321 3468 3499 3521 animo

1934 3554 1992 3608 in
2037 3565 2316 3626 utramque
2359 3567 2565 3627 partem
2603 3558 2922 3612 vacillabat:
2948 3557 3068 3613 hinc
3093 3558 3344 3613 nimirum
3367 3559 3500 3614 den.

1938 3661 2055 3699 rum
2086 3661 2307 3701 suorum
2339 3648 2756 3704 imbecillitatem
2782 3649 3110 3719 improbans,
3143 3649 3287 3703 illinc
3315 3659 3498 3704 autem
3563 3648 3565 3650 ’

1935 3734 2272 3806 Ενοηεειὶεω
2293 3737 2412 3792 vitae
2435 3739 2797 3794 sinceritatem
2826 3739 3202 3804 reformidans,
3235 3754 3500 3810 pravoque

254 3829 375 3913 vati;
398 3829 794 3903 κατεδουλοῦτο
831 3849 926 3902 τοῦ
965 3849 1238 3920 σώματος,
1291 3850 1387 3902 καὶ
1428 3848 1550 3913 ὅλος
1594 3843 1664 3920 ἦν
1700 3847 1829 3920 πρὸς

1937 3829 2329 3886 consuetudine
2351 3830 2421 3884 ita
2459 3832 2801 3896 constrictus,
2830 3840 2887 3886 ut
2909 3829 2976 3886 ab
2999 3845 3061 3886 ea
3091 3831 3176 3885 vix
3202 3832 3358 3885 avelli
3383 3846 3500 3901 pos-

254 3943 324 3995 τά
359 3942 510 4014 πάθη
542 3941 892 4012 αἰχμαλώτου
913 3919 1068 4012 δίκην
1102 3941 1391 4012 ἀγόμενος,
1416 3941 1510 3994 καὶ
1551 3919 1829 4012 μεθύων,ε

1937 3929 2039 3974 set.
2073 3919 2347 3989 Siquidem
2375 3935 2752 3990 corporearum
2774 3923 3100 3992 voluptatum
3126 3922 3366 3978 servituti
3392 3938 3501 3978 tua~

256 4051 430 4104 φησιν
471 4033 702 4097 Ἡσαΐας
735 4034 872 4103 (89),
903 4033 1030 4088 ἄνευ
1061 4020 1237 4096 οἴνου,
1274 4034 1370 4087 καὶ
1389 4033 1580 4105 ῶσπερ
1603 4033 1708 4087 ὑπὸ
1736 4051 1841 4106 κη-

262 4127 368 4200 μοῦ
401 4129 499 4200 τῆς
523 4129 768 4199 πονηρᾶς
790 4125 1078 4196 συνηθείας
1107 4126 1421 4196 ἑλκόμενος.

1932 4008 2104 4078 jorem
2135 4009 2188 4063 in
2230 4012 2442 4066 modum
2471 4013 2718 4067 addictus
2748 4021 2885 4081 erat,
2917 4013 3229 4080 vitiosisque
3256 4012 3499 4066 affectio-

1904 4097 1909 4104 ’
1937 4102 2095 4155 nibus
2122 4116 2341 4169 prorsus
2363 4118 2579 4170 operam
2623 4105 2805 4170 dabat,
2838 4105 3035 4172 captivi
3079 4103 3244 4158 instar
3281 4104 3494 4163 ductus.

241 4236 413 4296 atque
449 4229 657 4297 absque
685 4226 838 4291 vino,
879 4233 939 4280 ut
967 4223 1122 4280 Isaia:
1151 4223 1337 4279 verbis
1369 4234 1492 4277 utar
1531 4222 1711 4292 (Isaiae
1747 4220 1842 4288 ιι),
1876 4217 2071 4274 ebrius
2093 4256 2108 4282 ,
2151 4221 2206 4270 et
2235 4213 2304 4269 ab
2344 4205 2596 4280 improba
2628 4199 3031 4259 consuetudine
3074 4207 3334 4268 tanquam
3368 4199 3526 4254 freno

239 4318 486 4390 quodam
520 4326 812 4374 retractus.

319 4421 509 4486 Οὕτως
557 4417 649 4476 οὖν
695 4419 788 4474 τοῦ
829 4418 1094 4490 βασιλέως
1135 4415 1256 4469 δυσὶ
1302 4415 1625 4477 παλαίοντος
1669 4415 1818 4483 λογι-

2010 4412 2142 4467 Cum
2170 4411 2331 4481 igitur
2360 4423 2454 4463 rex
2483 4421 2602 4463 cum
2635 4405 2838 4475 duplici
2873 4403 3196 4474 cogitatione
3243 4400 3310 4454 ad
3359 4397 3502 4454 hunc

245 4518 433 4588 σμοῖς,
461 4517 490 4568 ὁ
525 4513 910 4582 εὐγενέστατος
945 4508 1112 4564 αὑτοῦ
1151 4508 1286 4572 υἱὸς,
1330 4507 1425 4561 καὶ
1465 4505 1541 4579 τῷ
1585 4505 1699 4560 ὄντι
1740 4506 1829 4578 βα-

1945 4504 2158 4556 modum
2197 4503 2487 4556 luctaretur
2515 4541 2530 4565 ,
2580 4498 2943 4553 nobilissimus
2998 4495 3166 4565 ipsius
3217 4492 3355 4546 illius
3386 4531 3400 4557 ,
3439 4505 3503 4545 ac

249 4606 620 4676 σιλικωτάτην
665 4600 1004 4674 κεκτημένος
1041 4598 1243 4670 ψυχὴν,
1287 4597 1511 4669 ἠρεμῶν
1553 4591 1622 4670 ἧν
1666 4599 1726 4650 ἐν
1757 4597 1838 4668 τῷ

248 4698 506 4770 παλατίῳ
532 4695 721 4758 αὑτοῦ,
763 4697 825 4748 τὺ
859 4694 958 4764 τῆς
996 4692 1213 4763 φύσεως
1246 4689 1412 4744 αὑτοῦ
1457 4689 1704 4760 γενναῖον
1752 4691 1839 4744 κό⁸

250 4789 416 4861 σμιόν
446 4804 504 4840 τε
532 4791 625 4840 καὶ
651 4784 883 4856 βεϐηκὸς
911 4782 1000 4837 διὰ
1029 4779 1138 4835 τῶν
1158 4783 1336 4854 ἔργων
1361 4781 1497 4836 πᾶσι
1534 4779 1833 4852 παριστῶν.

246 4882 474 4952 Θέατρα
508 4881 618 4951 γὰρ
656 4877 753 4932 καὶ
789 4875 1000 4945 ἀγῶνες
1026 4873 1210 4929 ἵππων
1239 4873 1330 4928 καὶ
1363 4870 1706 4943 κυνηγεσίων
1741 4886 1839 4940 με-

247 4975 408 5047 λέτη,
449 4973 542 5027 καὶ
585 4973 757 5026 πᾶσαι
794 4970 850 5022 αἱ
883 4967 982 5037 τῆς
1024 4967 1277 5036 νεότητος
1317 4963 1471 5017 κεναὶ
1511 4961 1700 5033 σχολαὶ
1740 4960 1837 5015 καὶ

250 5069 491 5134 ἀπάται,
529 5066 599 5118 τὰ
639 5063 748 5117 τῶν
785 5060 1036 5133 ἀφρόνων
1081 5056 1266 5128 ψυχῶν
1302 5054 1661 5126 δελεάσματα,
1703 5056 1835 5126 παρ’

250 5159 412 5216 οὐδὲν
450 5155 758 5227 ἐλογίζοντο
793 5151 971 5223 αὐτῷ’
1019 5148 1133 5202 ἀλλ’
1166 5149 1286 5212 ὅλος
1321 5145 1430 5200 τῶν
1465 5147 1561 5200 τοῦ
1596 5145 1832 5216 Χριστοῦ

254 5253 528 5325 ἐξήρτητο
587 5246 837 5310 ἐντολῶν,
887 5245 983 5298 καὶ
1025 5240 1188 5295 αὑτὸν
1226 5237 1411 5292 ἐπόθει
1447 5238 1677 5310 τρωθεὶς
1729 5237 1830 5308 τὴν

254 5345 438 5417 ψυχὴν
473 5342 637 5412 ἔρωτι
671 5338 800 5408 θείῳ
819 5354 833 5368 ο
873 5335 1034 5390 αὐτὸν
1057 5332 1244 5388 ἐπόθει
1271 5331 1360 5386 τὸν
1384 5330 1552 5394 ὅντως
1580 5329 1835 5399 ποθητὸν,

1940 4607 2064 4647 vere
2112 4592 2258 4662 regio
2303 4591 2484 4645 animo
2529 4589 2800 4656 praeditus,
2834 4587 2885 4641 in
2935 4600 3033 4640 suo
3072 4583 3506 4654 palatioquietus

1941 4683 2187 4753 degebat,
2223 4691 2426 4737 natura:
2454 4695 2566 4736 suae
2593 4680 3005 4750 generositatem
3035 4717 3052 4745 ,
3086 4677 3508 4742 modestiamque

1942 4782 2001 4832 et
2035 4773 2390 4829 constantiam
2447 4787 2539 4842 per
2578 4783 2742 4841 opera
2783 4769 2988 4825 cunctis
3039 4768 3333 4822 declarans.
3376 4765 3508 4819 Nam

1947 4865 2154 4922 theatra
2186 4875 2238 4920 et
2265 4879 2522 4932 equorum
2552 4861 2876 4930 certamina,
2906 4868 2961 4915 et
2990 4859 3326 4914 venationum
3355 4846 3511 4912 e'xer-

1947 4957 2252 5026 citationes,
2278 4963 2334 5011 et
2353 4956 2528 5010 inania
2551 4954 2730 5010 omnia
2756 4951 3008 5021 juvenilis
3037 4952 3209 5005 aetatis
3236 4948 3430 5013 studia,
3455 4954 3513 5001 et

1950 5051 2273 5118 imposturas
2301 5048 2492 5118 quibus
2520 5047 2669 5102 stulti
2719 5045 2884 5100 animi
2928 5043 3257 5100 deliniuntur
3282 5049 3338 5096 et
3365 5041 3510 5095 ines-

1949 5156 2178 5211 cantur,
2229 5145 2384 5200 nihili
2426 5144 2644 5200 omnino
2670 5142 2929 5201 ducebat;
2968 5154 3158 5195 verum
3201 5153 3268 5194 ex
3313 5136 3512 5193 Christi

1949 5237 2214 5292 mandatis
2241 5236 2459 5290 omnino
2487 5235 2774 5303 pendebat,
2801 5246 2865 5286 ac
2889 5233 3071 5286 divino
3099 5241 3285 5285 amore
3310 5229 3516 5283 saucia-

1951 5335 2057 5396 tus,
2085 5341 2209 5381 eum
2238 5325 2519 5395 expetebat
2544 5363 2559 5388 ,
2590 5323 2681 5394 qui
2713 5335 2835 5377 vere
2863 5319 3193 5389 expetendus
3230 5326 3331 5380 est,
3373 5325 3518 5370 totus

332 5477 449 5546 (85)
473 5477 609 5532 Luc.
639 5490 738 5542 VII,
774 5473 864 5537 37,
895 5470 965 5526 58
993 5485 1008 5525 :
1051 5467 1195 5541 Γυνὴ
1231 5467 1289 5520 ἐν
1329 5467 1396 5538 τῇ
1429 5465 1603 5531 πόλει,
1651 5457 1829 5534 ἡτιςῆ

1935 5461 2288 5536 μαρτωλδς...
2318 5455 2522 5529 ἤρξατο
2567 5452 2784 5526 βρέχειν
2821 5451 2949 5515 τοὺς
2997 5447 3166 5512 πόδας
3197 5443 3365 5502 αὐτοῦ
3405 5445 3520 5509 τοῖς

256 5549 514 5605 δάκρυσι.

355 5566 520 5687 ἵῶσᾏ
556 5618 673 5673 sine
705 5611 1068 5687 ὥσπερᾼζθοςΣ

901 5654 1141 5764 23?}:lii1
1165 5678 1620 5764 θελήσεξθελήσω
1648 5677 1738 5731 τδν
1767 5675 1996 5732 θάνατον
2029 5672 2123 5728 τοῦ
2149 5670 2375 5744 ἀνόμου,
2401 5667 2554 5738 λέγει
2586 5665 2814 5736 Κύριος,
2855 5662 2930 5727 ώς
2958 5659 3020 5716 τὸ
3049 5654 3390 5730 ἀποστρέψαι
3412 5655 3515 5710 αὐ-

259 5749 352 5815 τὸν
475 5759 587 5829 τῆς
603 5757 724 5812 ὁδοῦ
741 5754 846 5829 τῆς
862 5749 1160 5824 πονηρίας.
1187 5783 1256 5820 -έ
1285 5750 1348 5816 C,
1372 5749 1678 5820 δεχόμενον.

336 5828 452 5899 (88)
478 5825 544 5894 C,
564 5828 704 5898 ἔχων
733 5825 894 5899 θεῶν.

340 5889 452 5972 (89)
477 5889 696 5959 ιεὀίὶι,
723 5896 788 5948 21
826 5913 839 5948 :
881 5893 1172 5951 Μεθύουσα
1203 5892 1303 5944 οὐκ
1333 5891 1441 5944 ἀπὸ
1473 5889 1639 5943 οἴνου.

572 6001 849 6064 Panos.
894 6000 1012 6064 Gn.
1067 5998 1232 6063 XCV
1240 5999 1289 6059 1.

3134 5963 3216 6026 36
