4042 6420
283 405 420 472 1133

1372 403 1548 463 VITA
1587 401 1941 460 BARLAAM
1983 402 2076 460 ET
2114 402 2464 462 JOASAPII.

3386 409 3520 475 1134.

275 516 610 587 ὐπελείφθης
645 515 745 586 τῆς
787 517 1072 587 συμφορᾶς
1105 512 1475 587 παραμύθιον,
1512 518 1604 570 καὶ
1652 517 1744 568 ἐπὶ
1778 515 1859 568 σοὶ

1977 533 2196 586 deorum
2228 531 2403 585 cultus
2433 544 2494 582 ac
2524 528 2794 584 ve::eratio
2837 529 3009 598 periit.
3051 527 3179 582 Nam
3215 537 3269 582 tu
3317 543 3527 582 unicum

272 607 371 670 τὰς
402 606 625 670 ἐλπίδας
662 605 918 676 ἐθέμεθα.

357 785 744 856 Ἑκστρατεύει
773 784 951 838 τοίνυν
982 786 1008 836 ό
1035 784 1237 847 Θευδᾶς
1285 786 1421 856 μετά
1454 787 1556 857 τῆς
1596 805 1850 859 συμπαρ-

272 877 448 948 ούσης
476 878 586 948 (94)
615 876 765 947 αὐτῷ
821 881 1116 948 σατανικῆς
1154 880 1434 951 στρατιᾶς,
1469 881 1564 933 καὶ
1592 883 1733 935 κατά
1753 883 1854 952 τῆς

276 972 538 1043 ἀληθείας
562 971 864 1037 όπλίζεται,
906 972 1074 1026 πολλά
1099 973 1206 1026 τῶν
1235 974 1486 1044 πονηρῶν
1529 976 1853 1047 πνευμάτων

284 1064 544 1126 καλέσας,
594 1063 630 1117 ἃ
685 1063 820 1132 πρὸς
863 1063 930 1116 τά
974 1063 1154 1132 φαῦλα
1198 1066 1478 1134 συνεργεῖν
1512 1060 1620 1118 οἶδε
1656 1065 1849 1135 προθύ-

279 1173 420 1226 μως,
451 1155 544 1208 καὶ
581 1149 662 1218 οἷς
693 1157 921 1220 ἐκεῖνοις
952 1158 1041 1211 ἀεὶ
1077 1157 1345 1220 διακόνοις
1369 1158 1598 1230 ἐχρῆτο·
1628 1159 1746 1230 μεθ’
1779 1152 1854 1213 ὧν

279 1247 640 1319 παραγίνεται
671 1249 808 1321 πρὸς
832 1249 922 1303 τὸν
961 1248 1204 1320 βασιλέα.

360 1420 455 1481 Ὠς
495 1419 551 1473 δὲ
583 1420 830 1492 ἐμηνύθη
869 1421 948 1493 τῷ
982 1421 1192 1493 βασιλεῖ
1234 1425 1266 1495 ἡ
1307 1423 1492 1491 ἄφιξις
1532 1425 1717 1490 αὐτοῦ,
1761 1425 1856 1478 καὶ

278 1508 521 1578 εἰσῆλθε,
545 1510 738 1578 ῥάϐδον
764 1512 864 1581 μὲν
885 1511 1129 1582 κατέχων
1150 1512 1364 1583 βαῖνην,
1389 1513 1853 1586 μηλωτάριον(95)

276 1600 337 1653 δὲ
381 1601 839 1672 περιεζωσμένος,
863 1603 1062 1676 ἀνέστη
1108 1606 1136 1658 ό
1189 1605 1444 1674 βασιλεὺς
1489 1604 1580 1658 τοῦ
1630 1605 1852 1677 θρόνου,

281 1693 378 1744 καὶ
433 1693 621 1745 τοῦτον
667 1696 1132 1766 προσυπαντήσας
1171 1696 1336 1768 264
1380 1699 1687 1768 ἠσπάσατο,
1740 1699 1853 1764 καὶ,

277 1782 474 1852 θρόνον
505 1783 766 1852 ἐνεγκὼν,
793 1785 1017 1856 πλησίον
1043 1787 1205 1841 αὐτοῦ
1234 1789 1602 1861 συνεδριάξειν
1630 1791 1858 1861 πεποίη-

1978 621 2132 676 nobis
2155 619 2465 674 Calamitatis
2509 619 2752 671 solatium
2783 618 3000 672 relictus
3029 633 3089 672 es
3111 658 3126 683 ,
3169 626 3326 688 atque
3378 617 3428 670 in
3481 627 3531 670 te

1977 730 2082 768 uno
2107 728 2230 782 spes
2257 727 2442 768 omnes
2471 712 2892 778 nostras'positas
2918 710 3187 764 habemus.

1940 870 1941 873 η
2045 805 2292 859 Theudas
2338 804 2514 872 itaque
2563 816 2681 855 cum
2729 801 2964 854 satanico
2993 814 3057 853 eo
3087 799 3322 854 exercitu
3373 813 3530 865 quem

1977 912 2158 952 secum
2189 895 2418 950 habebat
2441 896 2491 948 in
2516 893 2904 961 expeditionem
2935 891 3129 959 pergit,
3159 902 3320 959 atque
3345 891 3522 943 adver-

1977 1003 2068 1043 sus
2096 989 2372 1042 veritatem
2398 1000 2539 1038 arma
2571 990 2840 1052 comparat
2871 1000 2882 1036 :
2916 981 3101 1036 accitis
3128 979 3372 1034 nimirum
3398 979 3534 1034 mul-

1976 1080 2042 1133 tis
2073 1081 2247 1148 pravis
2273 1077 2543 1146 spiritibus
2575 1115 2588 1135 .
2620 1087 2753 1142 quos
2780 1071 2844 1126 ad
2877 1086 2964 1126 res
2996 1069 3262 1139 improbas
3293 1079 3532 1136 prompte

1975 1185 2036 1224 ac
2119 1171 2354 1226 libenter
2454 1167 2768 1224 auxiliarem
2859 1178 3069 1218 manum
3100 1161 3290 1214 afferre
3331 1171 3528 1226 norat,

1973 1268 2026 1313 et
2049 1275 2180 1326 quos
2216 1265 2329 1326 ipse
2354 1272 2565 1325 semper
2592 1257 2862 1309 ministros
2885 1253 3200 1307 adhibuerat
3223 1292 3237 1316 ,
3264 1251 3345 1304 his
3368 1252 3535 1304 conii-

1973 1350 2111 1403 tatus
2131 1348 2198 1401 ad
2227 1362 2402 1417 regem
2436 1347 2666 1400 accedit.

2047 1437 2112 1492 Ut
2140 1447 2312 1490 autem
2345 1437 2507 1504 ipsius
2533 1436 2788 1488 adventus
2814 1432 2920 1502 regi
2955 1431 3222 1486 nuntiatus
3249 1440 3350 1495 est,
3375 1440 3532 1497 atquo

1973 1527 2086 1596 ipse
2117 1527 2414 1595 palmarum
2439 1527 2637 1594 virgam
2674 1539 2828 1578 manu
2855 1533 3061 1588 tenens,
3095 1524 3356 1590 oviuaque
3390 1523 3528 1589 pelle

1973 1619 2186 1674 indutus
2214 1619 2482 1686 ingressus
2511 1626 2611 1681 est,
2643 1631 2734 1669 rex
2769 1630 2800 1670 e
2827 1615 3019 1668 throno
3060 1629 3157 1666 suo
3202 1612 3418 1671 exsiliit,
3453 1612 3531 1678 ip-

1974 1711 2125 1777 sique
2155 1709 2360 1762 obviam
2393 1707 2610 1776 prodiit,
2642 1720 2867 1773 eumque
2888 1704 3155 1758 osculatus
3169 1715 3269 1756 est.
3293 1702 3530 1770 Cumque

1976 1799 2282 1852 cathedram
2311 1796 2485 1849 afferri
2514 1794 2782 1862 iussisset,
2819 1796 2987 1860 ipsum
3015 1806 3179 1860 prope
3203 1804 3261 1844 se
3295 1790 3529 1843 colloca-

279 1892 394 1929 κεν.
449 1871 582 1930 Εἶτα
626 1878 772 1946 λέγει
815 1880 1020 1943 Θευδᾶς
1062 1880 1139 1952 τῷ
1197 1881 1442 1952 βασιλεῖ’
1482 1883 1737 1946 Βασιλεῦ,
1781 1887 1860 1948 εἰς

1977 1890 2064 1942 vit.
2094 1889 2386 1956 Posteaque
2415 1886 2660 1939 Theudas
2691 1884 2772 1938 his
2801 1885 2864 1936 ad
2899 1898 3076 1952 regem
3104 1882 3281 1935 verbis
3313 1881 3476 1934 utitur
3509 1897 3521 1929 :

276 1973 407 2034 τοὺς
439 1971 644 2035 αἰῶνας
676 1973 827 2042 ςῆθι,
863 1975 929 2044 τῇ
972 1973 1078 2027 τῶν
1113 1975 1387 2046 μεγίστων
1425 1975 1564 2028 θεῶν
1601 1977 1858 2048 εὐμενείᾳ

279 2065 640 2133 σκεπόμενος.
682 2065 930 2120 Ἤκουσα
974 2066 1082 2134 γὰρ
1121 2067 1308 2134 ἀγῶνά
1351 2085 1408 2121 σε
1444 2068 1617 2138 μέγαν
1661 2070 1858 2138 ἀγωνί-

281 2155 481 2208 σασθαι
520 2157 662 2211 κατά
701 2157 811 2211 τῶν
853 2159 1154 2214 Γαλιλαίων
1189 2162 1284 2214 καὶ
1312 2162 1719 2233 λαμπροτάτοις
1745 2164 1860 2218 διατ

277 2246 491 2318 δήμασι
529 2249 684 2321 νίκης
720 2252 1187 2324 καταστεφθῆναι.
1228 2253 1320 2307 Διὸ
1355 2253 1610 2323 ἐλήλυθα,
1647 2256 1736 2310 ἵνα
1768 2256 1857 2307 εὐ·

280 2340 636 2410 χαριστήριον
677 2341 872 2414 ἑορτὴν
903 2343 1042 2414 όμοῦ
1081 2343 1412 2415 τελέσωμεν,
1447 2347 1762 2409 νεανίσκους
1798 2364 1857 2400 τε

275 2429 518 2501 ὡραίους
555 2433 647 2487 καὶ
691 2435 861 2505 κόρας
908 2437 1170 2500 εὐόπτους
1213 2440 1326 2501 τοῖς
1374 2438 1659 2503 ἀθανάτοις
1716 2440 1858 2503 θεοῖς

281 2523 704 2595 καταθύσωμεν,
757 2527 992 2599 ταύρους
1029 2546 1087 2582 τε
1128 2530 1321 2584 έκατὺν
1362 2531 1459 2585 καὶ
1501 2530 1616 2596 ζῶα
1650 2531 1859 2612 τρύτοις

283 2615 517 2670 πλεῖστα
543 2619 1020 2692 προσενέγκωμεν,
1049 2623 1125 2686 ὡς
1163 2623 1230 2677 ἂν
1265 2622 1485 2694 ἔχοιμεν
1520 2615 1718 2688 αὐτοὺς
1763 2625 1859 2679 καὶ

280 2709 363 2770 είς
389 2708 451 2760 τὸ
477 2708 606 2779 έξῆς
635 2712 954 2784 συμμάχους
982 2715 1308 2787 ἀηττήτους,
1335 2717 1456 2772 ὅλον
1479 2719 1608 2790 ἡμῖν
1634 2718 1723 2772 τὸν
1745 2718 1858 2788 βίον

282 2798 725 2871 ἑξομαλίζοντας.

357 2981 503 3053 Πρὸς
533 2982 706 3039 ταῦτα
741 2985 770 3037 ὁ
805 2986 1092 3057 βασιλεὺς,
1123 2990 1196 3044 Οὐ
1237 2994 1623 3065 νενικήκαμεν,
1655 2997 1781 3067 ἐφη,
1815 2991 1860 3052 ὦ

287 3074 603 3145 πρεσϐύταο
631 3077 693 3130 οὐ
732 3081 1116 3152 νενικήκαμεν,
1149 3084 1263 3136 ἀλλ’
1293 3087 1395 3140 ἀνὰ
1422 3088 1625 3158 κράτος
1661 3091 1860 3160 μᾶλλον

285 3167 592 3240 ἡττήμεθα.
641 3172 702 3224 Oi
746 3172 854 3244 γὰρ
895 3174 1033 3246 ὑπὲρ
1061 3177 1218 3246 ἡμῶν
1256 3179 1378 3232 καθ’
1415 3181 1572 3251 ἡμῶν
1601 3181 1862 3256 ἐξαίφνης

1971 1980 2104 2045 Rex,
2138 1979 2189 2031 in
2218 1986 2473 2031 aeternum
2506 1975 2623 2029 vive
2647 2013 2662 2036 ,
2709 1974 3057 2027 maximorum
3091 1972 3310 2025 deorum
3348 1970 3528 2023 πίνοι-θ

1969 2085 2030 2122 ac
2062 2066 2423 2122 benevolentia
2452 2077 2652 2135 septus.
2676 2065 2755 2118 Ad
2782 2078 2868 2118 me
2902 2062 3042 2116 enim
3088 2063 3308 2114 allatum
3349 2069 3431 2112 est
3475 2070 3528 2112 te

1971 2163 2156 2232 ingens
2185 2168 2454 2214 certamen
2485 2157 2739 2210 adversus
2769 2154 3017 2209 Galilzeos
3047 2153 3252 2220 iniisse,
3283 2166 3344 2205 ac
3374 2152 3524 2206 lucu-

1970 2253 2314 2309 lentiSsitnam
2364 2251 2587 2316 palmam
2621 2249 2884 2302 retulisse.
2914 2246 3102 2313 quue
3155 2245 3370 2296 nomine
3419 2243 3520 2295 huc

1973 2341 2111 2407 veni,
2141 2351 2219 2405 ut,
2268 2341 2332 2394 ad
2381 2340 2641 2394 edendam
2673 2337 2803 2407 grati
2839 2335 2998 2389 animi
3030 2333 3470 2403 signiﬁcationem
3500 2373 3517 2398 ,

1970 2429 2161 2482 festum
2220 2443 2320 2480 una
2362 2428 2714 2488 celebremus,
2745 2435 2903 2492 atque
2930 2424 3157 2494 eleganti
3187 2424 3352 2477 forma
3384 2437 3523 2490 prai-

1969 2515 2108 2572 ditos
2139 2518 2503 2572 adolescentes
2523 2531 2586 2571 ac
2616 2517 2872 2570 formosas
2899 2515 3100 2584 puellas
3126 2513 3228 2567 diis
3255 2513 3526 2567 immorta-

1970 2607 2108 2661 libus
2143 2608 2503 2674 immolemus,
2533 2617 2818 2675 taurosque
2838 2615 3070 2671 centum,
3093 2620 3156 2659 ac
3182 2605 3403 2673 plurima
3423 2604 3526 2661 alia

1971 2699 2222 2752 animalia
2252 2700 2384 2767 ipsis
2413 2699 2697 2752 oli‘eramus
2721 2739 2736 2763 ,
2770 2711 2876 2766 quo
2902 2711 2996 2751 eos
3025 2709 3234 2764 quoque
3269 2695 3322 2748 in
3353 2704 3551 2762 poster

1975 2802 2090 2840 rum
2121 2788 2346 2842 invictos
2365 2788 2636 2856 adjutores
2666 2787 2952 2842 habeamus
2973 2827 2987 2850 ,
3015 2786 3102 2853 qui
3134 2785 3285 2838 nobis
3315 2785 3527 2838 univer-

1970 2889 2085 2928 sum
2111 2876 2234 2929 vitae
2257 2876 2579 2930 curriculum
2602 2876 2812 2945 planum
2837 2881 2890 2929 et
2917 2873 3175 2942 aequabile
3202 2873 3443 2927 reddant.

2048 2979 2122 3034 Ad
2154 2981 2264 3035 hmc
2293 2997 2385 3037 rex
2421 2983 2672 3040 :Minime
2691 2999 2854 3050 vero,
2881 2985 3072 3054 inquit,
3121 2999 3155 3040 ο
3193 2997 3378 3050 senex,
3402 2984 3531 3039 vici-

1975 3083 2112 3132 mus,
2149 3070 2396 3137 minime,
2421 3072 2632 3141 inquam
2652 3113 2666 3136 ,
2699 3073 2951 3140 vicimus;
2977 3088 3157 3129 verum
3188 3074 3331 3128 nullo
3360 3073 3532 3144 potius

1975 3161 2186 3228 negotio
2215 3162 2336 3216 victi
2379 3178 2582 3218 sumus.
2613 3164 2742 3219 Nam
2776 3165 2865 3232 qui
2911 3179 2941 3218 a
2987 3166 3138 3221 nobis
3177 3167 3410 3231 stabant,
3448 3181 3533 3221 re-

288 3258 568 3326 γεγόνασι.
611 3243 973 3333 Παράσακχόν
1002 3243 1202 3320 eam
1236 3243 1472 3341 μανικὴν
1518 3273 1611 3324 καὶ
1643 3243 1860 3346 *ἀσθεύῆ

1978 3257 2133 3315 peute
2160 3249 2446 3303 adversum
2489 3265 2586 3304 nos
2614 3253 2929 3306 exstiterunt
2954 3291 2970 3316 ,
3001 3266 3064 3306 ac
3093 3253 3238 3306 velut
3267 3252 3444 3307 furore
3479 3262 3532 3307 et

284 3350 389 3419 τὴν
427 3352 703 3424 ἡμετέραν
751 3355 1006 3424 εὑρόντες
1059 3361 1386 3432 παράταξιν,
1434 3363 1614 3418 τέλεον
1659 3367 1863 3439 ταύτην

289 3443 615 3498 κατέϐαλον.
649 3446 788 3500 Νυνὶ
813 3449 890 3510 δὲ,
920 3450 974 3503 ετ
997 3450 1078 3513 τίς
1103 3469 1185 3506 σοι
1215 3452 1444 3525 δύναμις
1477 3458 1732 3528 πρόσεστι
1769 3461 1863 3514 καὶ

293 3536 451 3606 ἰσχὺς
483 3538 564 3600 είς
602 3537 664 3591 τὸ
706 3539 974 3611 βοηθῆσαι
1009 3545 1073 3614 τῇ
1116 3545 1268 3599 κάτω
1321 3548 1550 3622 κειμένῃ
1593 3548 1863 3625 θρησκείᾳ

289 3627 450 3698 ἡμῶν
476 3630 570 3683 καὶ
594 3629 798 3702 ταύτην
825 3628 982 3696 αὖθις
1020 3635 1344 3704 ἀνορθῶσαι,
1386 3639 1708 3708 ἀνάγγειλόν
1749 3661 1862 3714 μοι.

301 3719 362 3772 '0
401 3720 460 3773 δὲ
507 3720 711 3784 Θευδᾶς
757 3724 1010 3789 τοιαύτας
1051 3726 1218 3782 ἐδίδου
1268 3729 1369 3793 τὰς
1415 3731 1740 3804 ἀποκρίσεις
1787 3735 1865 3806 τῷ

293 3813 540 3882 βασιλεῖ·
578 3817 690 3881 Τὰς
723 3818 821 3888 μὲν
853 3818 960 3872 τῶν
998 3821 1300 3877 Γαλιλαίων
1327 3824 1607 3891 ἐνστάσεις
1640 3830 1735 3884 καὶ
1763 3847 1867 3900 μα-

288 3906 603 3976 ταιολογίας
644 3908 718 3980 μὴ
761 3909 964 3977 φοὸοὖ,
1006 3911 1259 3982 βασιλεῦ’
1314 3916 1436 3971 τίνα
1485 3919 1593 3990 γάρ
1639 3921 1745 3974 είσι
1798 3921 1867 3976 τὰ

291 4000 428 4070 παρ’
461 3999 642 4054 αὐτῶν
675 4000 941 4073 λεγόμενα
960 4006 1097 4076 πρὸς
1129 4005 1330 4078 ἄνδρας
1360 4008 1610 4078 λογικοὺς
1637 4013 1730 4065 καὶ
1751 4013 1868 4084 ἐχέ-

292 4107 531 4160 φρονας;
564 4093 783 4160 Ἃτινα,
809 4096 932 4166 ἐμοὶ
961 4097 1139 4163 δόξαν,
1169 4100 1366 4170 ῥᾳδίως
1397 4102 1867 4176 καταϐληθήσεται

293 4181 502 4250 μᾶλλον
532 4181 564 4252 ἢ
599 4182 795 4251 φύλλον
823 4186 1008 4258 ἀνέμῳ
1029 4190 1405 4244 κατασεισθέν.
1436 4192 1569 4245 Οὐδὲ
1594 4193 1702 4264 γὰρ
1729 4195 1870 4248 κατά

293 4273 590 4342 πρόσωπόν
615 4292 716 4346 μου
743 4275 918 4332 ἐλθεῖν
938 4279 1289 4350 ὑπομενοῦσι,
1317 4283 1391 4353 μὴ
1410 4284 1492 4336 ὅτι
1513 4301 1575 4352 γε
1600 4287 1693 4338 καὶ
1713 4285 1868 4353 λόγον

293 4367 530 4435 συνᾶραι
564 4367 657 4420 καὶ
688 4368 770 4430 είς
795 4369 1084 4439 προτάσεις
1112 4388 1202 4441 μοι
1228 4374 1322 4425 καὶ
1350 4373 1652 4438 ἀντιθέσεις
1690 4376 1870 4447 χωρῆ-

296 4475 413 4512 σαι.
453 4458 613 4524 Ἀλλ’,
659 4460 746 4514 ἵνα
786 4461 944 4514 τοῦτό
981 4479 1041 4515 τε
1075 4463 1137 4516 τὸ
1178 4465 1539 4536 προκείμενον
1579 4467 1870 4538 ἀγώνισμα

296 4552 398 4604 καὶ
433 4553 541 4605 πᾶν
572 4553 732 4624 265
764 4555 943 4607 ὁτιοῦν
983 4554 1050 4608 ἂν
1089 4554 1486 4627 βουληθείημεν
1524 4559 1610 4611 ἐπ’
1653 4559 1869 4624 εὐθείας
1900 4587 1944 4642 D

296 4644 434 4714 ἡμῖν
455 4643 664 4712 γένοιτο
693 4645 951 4699 καὶκατὰ
985 4645 1112 4716 ῥοῦν
1137 4647 1204 4702 τὰ
1239 4649 1541 4719 πράγματα
1575 4652 1868 4720 χωρήσειε,

297 4733 400 4804 τὴν
431 4733 624 4805 ἑορτὴν
649 4735 928 4805 κόσμησον
956 4735 1162 4806 ταύτην
1197 4735 1295 4808 τὴν
1329 4737 1624 4808 δημοτελῆ,
1653 4739 1747 4791 καὶ
1775 4739 1874 4810 τὴν

295 4823 590 4892 εὐμένειαν
622 4825 732 4877 τῶν
770 4824 908 4877 θεῶν
944 4823 1132 4895 ὥσπερ
1176 4841 1229 4878 τι
1273 4826 1536 4898 κραταιὸν
1573 4827 1874 4899 περιδαλοῦ

292 4915 464 4968 ὅπλον
486 4931 500 4946 ’
532 4916 628 4968 καὶ
651 4913 710 4969 εὖ
741 4933 823 4968 σοι
854 4915 1100 4987 γένηται.
1141 4915 1296 4970 Οὕτω
1326 4917 1741 4988 καυχησάμενος
1763 4921 1790 4971 ὁ
1818 4920 1877 4973 ἐν

297 5007 470 5078 κακίᾳ
497 5007 720 5070 δυνατὸς
745 5003 885 5061 εῖναι
907 5007 1139 5079 ἀνομίαν
1164 5025 1224 5060 τε
1248 5008 1377 5079 ὅλην
1402 5009 1498 5079 τὴν
1523 5009 1740 5080 ἡμέραν
1758 5009 1872 5081 (96)

298 5100 608 5169 μελετήσας
649 5098 1108 5170 (συμφθεγγέσθω
1131 5099 1240 5170 γὰρ
1269 5101 1401 5170 ἡμῖν
1433 5101 1462 5152 ὁ
1491 5099 1697 5170 Δαυῒδ),
1738 5102 1872 5154 ἀνα-

293 5190 506 5259 τροπὴν
529 5191 588 5243 δὲ
621 5189 868 5261 θολεράν,
892 5192 1036 5246 καθά
1063 5207 1226 5261 φησιν
1253 5191 1482 5255 Ἡσαΐας
1507 5193 1617 5263 (97)
1645 5193 1723 5264 τῷ
1745 5194 1876 5260 πλη-

297 5284 416 5337 σίον
474 5284 731 5347 ποτίσας,
790 5283 1049 5354 συνεργίᾳ
1094 5283 1204 5337 τῶν
1262 5285 1873 5356 συμπαρομαρτούντων
1948 5312 1951 5315 ·

295 5374 450 5445 αὐτῷ
480 5374 732 5446 πονηρῶν
777 5375 1100 5445 πνευμάτων
1142 5375 1491 5430 ἐπιλαθέσθαι
1523 5377 1614 5430 τὸν
1650 5378 1874 5449 βασιλέα

1977 3337 2178 3391 insania
2209 3339 2532 3394 laborantem
2557 3348 2713 3408 atque
2738 3339 3052 3394 imbecillam
3078 3352 3311 3394 nostram
3362 3342 3528 3396 aciem

1980 3429 2140 3495 nacti,
2173 3445 2387 3497 prorsus
2415 3445 2530 3484 eam
2562 3431 2827 3500 fregerunt
2854 3445 2916 3485 ac
2939 3438 3356 3499 prostraverunt.
3379 3430 3531 3485 Nunc

1977 3527 2150 3572 autem
2178 3558 2193 3582 ,
2222 3519 2267 3573 si
2297 3533 2396 3587 qua
2430 3520 2521 3574 tibi
2555 3519 2776 3574 facultas
2820 3527 2876 3575 et
2918 3522 2998 3574 vis
3047 3521 3320 3589 suppetit,
3348 3537 3447 3590 qua
3475 3528 3533 3574 tu

1979 3607 2122 3662 humi
2181 3608 2378 3677 iacenti
2426 3608 2668 3679 religioni
2723 3619 2917 3664 nostra:
2982 3611 3266 3678 opitulari,
3310 3625 3534 3681 eamque

1978 3712 2185 3752 rursum
2213 3699 2444 3752 excitare
2473 3715 2658 3767 queas,
2689 3700 2844 3755 velim
2874 3714 3135 3769 exponas.
3166 3699 3412 3754 Theudas
3440 3715 3533 3754 au-

1980 3797 2085 3844 tem
2117 3791 2224 3859 regi
2272 3789 2338 3842 ad
2377 3789 2520 3843 hunc
2557 3791 2768 3845 modum
2810 3791 3085 3861 respondit
3131 3808 3144 3844 :
3196 3789 3534 3846 Galilmorum

1979 3881 2345 3936 contentiones
2435 3890 2592 3950 atque
2667 3883 2850 3936 inanes
2939 3897 3259 3948 sermones,
3310 3897 3343 3938 ο
3396 3897 3532 3948 rex,

1981 3973 2196 4027 minime
2224 3974 2556 4041 pertimesce.
2600 3974 2726 4039 Qnre
2753 3973 2893 4027 enim
2924 3981 3050 4028 sunt
3077 3989 3138 4027 ea
3169 3988 3285 4044 qua:
3313 3975 3380 4028 ab
3406 3974 3536 4042 ipsis

1978 4063 2290 4130 aﬂ‘eruntur,
2341 4073 2595 4133 quantum
2653 4063 2870 4129 quidem
2913 4062 2980 4117 ad
3028 4063 3171 4116 viros
3220 4062 3424 4116 ratione
3474 4077 3535 4115 ac

1979 4155 2259 4224 prudentia
2299 4155 2548 4221 praeditos
2576 4153 2799 4206 attinet?
2842 4154 2959 4207 Meo
2997 4153 3208 4222 quidem
3230 4151 3429 4221 judicio
3457 4148 3535 4203 fa-

1979 4243 2134 4296 cilius
2159 4241 2494 4311 dejicieutur,
2545 4256 2702 4310 quam
2742 4240 2922 4294 folium
2974 4255 3003 4294 a
3047 4249 3206 4295 vento
3233 4254 3532 4296 excussum.

1981 4332 2160 4401 Neque
2184 4332 2327 4386 enim
2352 4332 2436 4385 vel
2463 4340 2802 4396 conspectum
2825 4345 3000 4384 meum
3027 4330 3388 4394 sustinebunt,
3415 4338 3534 4382 tan-

1983 4435 2096 4480 tum
2127 4424 2279 4476 abest
2304 4431 2361 4474 ut
2381 4435 2653 4476 sermones
2681 4431 3005 4485 conserant,
3047 4431 3207 4489 atque
3233 4420 3298 4474 ad
3330 4433 3534 4473 mecum

1981 4512 2353 4581 disputandum
2380 4512 2565 4580 pedem
2601 4520 2903 4566 conserant.
2931 4509 3213 4576 Caeterum,
3247 4517 3304 4564 ut
3330 4522 3384 4565 et
3414 4525 3535 4578 pro-

1986 4602 2214 4671 positum
2242 4600 2386 4655 istud
2411 4609 2678 4654 certamen
2698 4638 2716 4666 ,
2747 4609 2800 4654 et
2828 4599 3082 4668 quidquid
3114 4597 3255 4652 aliud
3280 4597 3332 4652 in
3363 4596 3535 4652 anime

1984 4691 2351 4756 habuerimus,
2381 4699 2528 4746 recto
2570 4703 2726 4745 cursu
2769 4689 2992 4754 feratur,
3041 4703 3232 4758 resque
3277 4689 3431 4744 nobis
3472 4703 3538 4743 ex

1985 4784 2147 4838 animi
2173 4783 2432 4838 sententia
2461 4782 2772 4846 succedant,
2800 4780 2882 4835 fac
2903 4780 3169 4849 publicum
3212 4778 3314 4834 hoc
3350 4779 3536 4834 festum

1985 4887 2212 4929 exornes
2237 4915 2251 4940 ,
2288 4872 2616 4940 deorumque
2660 4871 3087 4926 benevolentiam
3119 4911 3134 4936 ,
3174 4877 3421 4936 tanquam
3454 4868 3536 4919 lir-

1993 4965 2232 5017 missima
2254 4961 2492 5030 quaedam
2515 4974 2660 5014 arma
2691 4961 2898 5023 induas,
2931 4974 2994 5014 ac
3024 4969 3132 5012 tum
3165 4957 3334 5011 fausta
3363 4958 3537 5011 omnia

1993 5053 2268 5108 habiturus
2289 5066 2366 5106 es.
2395 5051 2515 5104 Haec
2543 5063 2662 5104 cum
2692 5049 2781 5104 ille
2806 5049 3065 5117 jactasset
3093 5085 3111 5112 ,
3156 5046 3288 5116 qui,
3337 5053 3390 5100 ul
3421 5060 3539 5101 cum

1994 5144 2188 5200 Davide
2217 5143 2421 5212 loquar,
2454 5146 2503 5196 in
2529 5141 2724 5196 malitia
2750 5149 2935 5210 potens
2955 5147 3087 5206 erat,
3111 5148 3270 5207 atque
3292 5137 3539 5206 iniquita-

1989 5242 2093 5288 tem
2141 5243 2248 5288 tota
2284 5233 2370 5287 die
2398 5231 2748 5287 meditabatur
2779 5230 2948 5302 (Psal.
2991 5229 3091 5298 LI),
3150 5230 3542 5300 turbidaqique,

1988 5336 2046 5382 ut
2075 5326 2224 5382 Isaiae
2251 5328 2270 5347 ⁹
2296 5325 2474 5380 verbis
2501 5337 2636 5392 utar,
2672 5323 3068 5378 subversionem
3094 5323 3266 5376 amico
3295 5337 3392 5375 suo
3425 5339 3542 5389 prn-

373 5523 488 5594 (94)
511 5523 576 5587 Α,
605 5519 907 5594 παρούσης,
941 5522 1180 5594 absente
1219 5521 1615 5594 praepositione.
1660 5519 1867 5594 Libani:

1977 5520 2132 5591 Epist.
2169 5520 2282 5577 20:
2333 5519 2580 5594 Σταθμός
2620 5519 2702 5581 τίς
2749 5519 2867 5571 ἐστι
2917 5515 3060 5594 περὶ.
3090 5509 3506 5594 τδνεΕὐφράτῃιν
3533 5521 3551 5540 ⁸

296 5577 625 5654 καλλίνικος
648 5577 820 5659 ὄνομα
845 5577 1012 5662 αὐτῷ.
1047 5577 1509 5662 Καλλιῖιίκόυγγάρ
1539 5590 1772 5645 ἐνταῦθα
1796 5577 2118 5662 σφαγέντος,
2149 5595 2176 5646 ὁ
2210 5577 2706 5661 σοφιστὴς’γίνετοιι
2755 5577 3100 5659 προσηγορία
3135 5582 3213 5653 τῷ
3240 5577 3412 5652 τόπῳ.
3442 5577 3548 5631 Po-

299 5667 430 5718 terit
467 5663 690 5716 rescribi
722 5659 1135 5728 ἀποσφαγέντος
1168 5675 1198 5714 e
1222 5662 1340 5715 cod.
1373 5659 1533 5716 3055.

267 5747 270 5752 '
374 5733 489 5802 (95)
515 5732 593 5785 (ΖΓ.
631 5749 683 5801 p.
719 5731 841 5794 i5i,
871 5746 924 5783 ιι.
954 5730 1038 5781 77.

379 5787 491 5872 ξθϐ)
526 5787 664 5858 l’sai.
685 5818 761 5874 iLl,
794 5787 858 5856 i':
889 5802 1224 5874 Tlﬂéyaauxﬁi
1245 5802 1303 5874 ἐν
1330 5800 1539 5874 κακίᾳὸ
1558 5802 1778 5866 δυνατὸς
1799 5802 2062 5872 ἀνομίανς
2088 5803 2214 5871 ὅλην
2234 5801 2332 5874 τὴν
2353 5798 2567 5874 ἡμέραν
2589 5793 3101 5874 ἀδικίανέλογίσατο
3126 5793 3158 5864 ἡ
3182 5787 3405 5862 γλῶσσά
3434 5802 3550 5841 σου.

376 5866 487 5944 (97)
518 5874 627 5928 Ιιιιο
658 5866 790 5926 llab.
823 5889 880 5936 tt,
918 5872 983 5925 15
1016 5866 1029 5926 ἑ
1068 5871 1126 5922 Ὀ
1154 5866 1512 5948 ποτίζωνπόν
1542 5874 1768 5944 πλησίον
1801 5874 1867 5926 αὐ

2000 5866 2525 5943 ἀνατροπῇθολερᾷ.
2556 5899 2623 5909 -
2647 5866 2708 5930 C,
2749 5866 2993 5935 δολερὰν.
