4042 6410
246 445 380 511 1137

1335 447 1510 507 VlTA
1554 444 1906 506 BARLAAM
1945 446 2040 506 ET
2079 445 2435 509 JOASAPH.

3367 455 3508 522 1138

237 561 370 629 φίας
414 555 695 628 γεμούσης
717 554 1105 628 περιγενέσθαι
1152 553 1229 625 (l)
1267 554 1467 626 ψυχῆς.
1517 553 1627 608 Kal
1674 552 1758 618 τίς
1785 555 1820 625 ἡ

1938 567 2283 640 philosophia:
2305 567 2518 638 plenum
2542 576 2909 638 superaturam
2933 581 3075 624 esse.
3096 567 3335 633 Cumque
3359 581 3508 636 qure-

235 651 402 722 τέχνη
442 649 633 720 μαθεῖν
661 649 844 720 ῆρετο.
875 647 1008 700 Τότε
1037 646 1244 711 Θευδᾶς
1277 647 1408 700 ὡσεὶ
1431 643 1592 719 ξυρὸν
1619 648 1820 717 ἠκονη-

242 745 406 814 μένον
448 741 523 814 (2)
550 741 764 811 ὑφαίνει
800 739 858 794 τὸ
889 740 1260 812 κακούργημα
1283 741 1378 794 καὶ
1408 739 1600 802 δεινῶς
1627 739 1821 810 ἀρτύει

239 837 310 890 τά
334 835 622 907 φάρμακα.
656 834 768 888 Kal
791 835 892 906 ὅρα
915 835 1157 905 σόφισμα
1192 833 1522 904 κακότεχνον
1556 832 1655 889 καὶ
1685 834 1822 886 ὑπο-

241 927 406 999 ϐολὴν
439 925 533 981 τοῦ
567 925 827 998 πονηροῦ.
867 926 1102 993 Πάντας,
1131 926 1318 997 φησὶν,
1345 920 1391 981 ὦ
1419 926 1664 998 βασιλεῦ,
1695 927 1824 990 τοὺς

240 1017 684 1090 παριςταμὲνους
726 1017 804 1088 τῷ
845 1015 946 1087 υἱῷ
983 1033 1074 1069 σου
1120 1016 1214 1070 καὶ
1256 1016 1668 1087 ὑπηρετοῦντας
1714 1034 1823 1088 μα-

240 1085 449 1179 septi”;
479 1085 575 1162 ἀπ’
607 1085 798 1174 αὐτοῦ,
825 1085 1092 1176 γυναῖκας
1113 1107 1338 1171 εὐειδεῖς
1359 1085 1468 1161 καὶ
1505 1107 1628 1163 λίαν
1667 1085 1824 1178 περι-

240 1201 485 1267 καλλεῖς,
532 1201 628 1254 καὶ⁵
681 1200 1102 1272 κεκοσμημένας
1141 1200 1222 1264 εἰς
1267 1199 1330 1254 τὸ
1384 1199 1822 1272 ἐπαγωγότερον,

241 1293 483 1344 συνεῖναι
511 1288 658 1361 αὐτῷ
692 1289 955 1358 διηνεκῶς
983 1287 1078 1343 καὶ
1117 1289 1539 1361 καθυπηρετεῖν,
1585 1289 1824 1344 συνδιαι-

240 1382 442 1436 τᾶσθαι
476 1399 535 1436 τε
579 1384 674 1437 xa‘t
711 1381 1151 1447 συναυλίζεσθαι,
1189 1381 1515 1452 πρόσταξον.
1571 1381 1712 1451 Ἐγὼ
1739 1381 1823 1448 δὲ,

239 1476 352 1530 τῶν
375 1477 702 1546 πνευμάτων
729 1475 788 1529 ἓν
814 1475 921 1529 τῶν
951 1477 1032 1538 είς
1065 1474 1134 1529 τά
1164 1474 1389 1530 τοιαῦτά
1421 1492 1512 1546 μοι
1552 1474 1825 1546 τεταγμέ-

237 1584 352 1622 νων
380 1568 775 1632 ἐπαποστείλας
816 1567 986 1639 αὐτῷ,
1029 1567 1330 1640 βιαιότερον
1381 1569 1443 1622 τὸ
1483 1569 1584 1640 τῆς
1631 1568 1824 1640 ἡδονῆς

241 1661 360 1734 πῦρ
391 1661 601 1732 ἀνάψω.
627 1661 738 1715 Kal
762 1662 880 1732 ἀμα
915 1661 995 1733 τῷ
1030 1661 1389 1732 συγγενέσθαι
1414 1662 1577 1715 αὑτὸν
1605 1664 1703 1733 μιᾷ
1729 1663 1824 1716 καὶ

245 1754 384 1824 μόνῃ
411 1753 518 1807 τῶν
545 1755 803 1807 τοιούτων
837 1753 1135 1822 γυναικῶν,
1177 1754 1225 1807 εί
1265 1751 1340 1826 μὴ
1375 1755 1552 1808 πάντα
1589 1752 1700 1818 ἐξει
1743 1769 1824 1807 σοι

242 1847 389 1899 κατά
408 1845 654 1918 γνώμην,
679 1846 988 1916 παροπτέος
1011 1845 1122 1913 ἐγὼ
1145 1845 1206 1900 τὸ
1224 1846 1414 1901 λοιπόν
1438 1865 1518 1901 σοι
1541 1848 1636 1901 καὶ
1655 1847 1822 1918 ἀχρη-

242 1953 393 2003 στος,
424 1915 992 2012 καὶξθετιμωριῶν
1017 1939 1312 2008 μεγίστων,
1333 1940 1394 1994 ού
1425 1939 1620 2011 τιμῶν,
1848 1915 1894 1974 Β

240 2029 409 2083 οὐδὲν
437 2029 546 2102 γάρ
580 2031 657 2094 ὼς
681 2029 802 2100 ὄψις
826 2031 1099 2100 γυναικῶν
1139 2031 1439 2100 ἐπάγεσθαι
1471 2031 1564 2085 καὶ
1609 2030 1820 2100 θέλγειν

239 2122 372 2186 τοὺς
420 2121 666 2195 ἀρρένων
710 2122 1006 2192 λογισμοὺς
1043 2123 1276 2192 πέφυκε.
1326 2122 1436 2178 Καὶ
1471 2123 1702 2177 ἄκουσον
1745 2124 1822 2177 δι-

239 2215 492 2286 ηγήσεως
513 2214 592 2286 τῷ
618 2213 737 2288 ἐμῷ
768 2217 1271 2288 συμμαρτυρούσης
1309 2219 1535 2288 ῥήματι.

307 2499 470 2556 ΚΕΦ.
501 2500 581 2556 Λ’.
615 2529 680 2541 -
705 2499 965 2566 Βασιλεύς
985 2518 1068 2565 τις
1098 2501 1286 2567 παιδὸς
1315 2499 1565 2574 ἀμοιρῶν
1592 2501 1821 2575 ἄρρενος

237 2591 450 2661 ἠνιᾶτο,
501 2591 626 2646 λίαν
667 2591 766 2663 τὴν
811 2592 990 2664 ψυχὴν
1028 2592 1360 2665 ἀχθόμενος,
1418 2594 1517 2649 καὶ
1564 2593 1822 2665 ἀτύχημα

237 2683 399 2762 τοῦτο
429 2683 491 2738 ού
539 2685 735 2756 μικρὸν
766 2684 1137 2755 λογιζόμενος.
1191 2686 1281 2741 Ἐν
1315 2684 1531 2752 τούτοις
1555 2680 1650 2742 οῦν
1673 2686 1822 2759 αὑτῷ

238 2777 356 2832 δντι
377 2779 632 2846 γεννᾶται
660 2779 774 2844 uid;
793 2796 806 2809 ο
834 2780 928 2834 καὶ
949 2783 1124 2851 χαρᾶς
1147 2780 1241 2834 ἐπὶ
1264 2779 1440 2852 τούτῳ
1466 2780 1568 2852 τὴν
1595 2781 1822 2852 καρδίαν

238 2869 600 2944 ἐπεπλήρωτο
618 2873 646 2925 ὁ
674 2870 945 2942 βασιλεύς.
967 2869 1136 2926 Εἶπον
1155 2873 1212 2925 δέ
1233 2871 1384 2945 αῦτῷ
1410 2873 1461 2927 οἱ
1485 2873 1595 2928 τῶν
1622 2873 1822 2944 ίατρῶν

236 2963 626 3034 ἐπιστήμονες,
670 2963 766 3032 ὡς,
812 2967 860 3018 εί
906 2965 1056 3041 ἐντὸς
1091 2965 1196 3019 τῶν
1239 2965 1448 3021 δώδεκα
1490 2966 1568 3037 (ὅ)
1615 2967 1823 3038 χρόνων

235 3057 394 3128 ἣλιον
443 3056 478 3130 ἢ
527 3057 641 3129 πῦρ
682 3057 745 3111 τὸ
791 3057 1006 3112 παιδίον
1045 3057 1205 3111 τοῦτο
1256 3059 1377 3121 ίδοι,
1421 3059 1822 3130 στερηθήσεται

237 3151 570 3204 παντάπασι
612 3149 708 3204 τοῦ
757 3151 967 3220 φωτός·
1013 3149 1170 3204 τοῦτο
1209 3151 1320 3222 γὰρ
1352 3151 1522 3222 ἡτῶν
1559 3151 1824 3223 ὀμμάτων

237 3240 410 3297 αὐτοῦ
440 3241 590 3306 θέσις
613 3240 784 3313 δηλοῖ.
813 3241 1001 3296 Ταῦτα
1033 3242 1124 3294 τὸν
1153 3241 1380 3312 βασιλέα
1408 3240 1722 3297 ἀκούσαντα
1742 3241 1824 3295 λέ·
1851 3254 1894 3313 (ζ

237 3352 403 3406 γεται
434 3334 675 3389 οίκίσκον
711 3335 986 3408 ἀντρῶδες
1017 3335 1092 3407 (4)
1126 3339 1190 3390 ἐκ
1219 3336 1426 3407 πέτρας
1461 3335 1607 3399 τινὸς
1627 3333 1825 3402 λαξεῦ-

244 3447 361 3494 σαι,
399 3429 628 3483 κάκεῖσε
655 3429 748 3484 τὸν
778 3430 944 3484 παῖδα
977 3430 1114 3502 μετά
1141 3429 1250 3483 τῶν
1277 3426 1636 3498 τιθηνούντων
1661 3428 1826 3483 αὑτὸν

241 3521 709 3588 κατακλείσαντα,
748 3522 1017 3594 μηδόλως,
1045 3522 1208 3593 μέχρι
1240 3519 1690 3592 συμπληρώσεως
1714 3519 1827 3575 τῶν

241 3613 458 3669 δώδεκα
497 3613 785 3680 ἐνιαυτῶν,
813 3614 992 3683 φωτὸς
1033 3613 1311 3680 ὑποδεῖξαι
1349 3613 1726 3686 μαρμαρυγὴν
1767 3612 1830 3666 τὸ

239 3706 535 3778 παράπαν.
559 3705 717 3761 Μετά
731 3705 788 3760 δὲ
806 3706 907 3778 τὴν
925 3707 1318 3778 συμπλήρωσιν
1339 3706 1448 3761 τῶν
1464 3706 1671 3761 δώδεκα
1690 3705 1829 3760 ἐτῶν

238 3797 432 3868 ἐξάγει
459 3797 554 3852 τοῦ
595 3797 844 3852 οἰκίσκου
873 3797 966 3852 τὸν
1005 3797 1172 3852 παῖδα
1208 3797 1374 3870 μηδὲν
1417 3797 1555 3863 ὅλως
1590 3798 1687 3852 τοῦ
1737 3797 1830 3851 κό-

242 3905 389 3961 σμου
421 3889 780 3962 θεασάμενον,
808 3889 905 3943 καὶ
931 3889 1142 3944 κελεύει
1165 3892 1192 3944 ό
1214 3890 1469 3962 βασιλεὺς
1492 3891 1672 3946 πάντα
1689 3890 1832 3945 κατά

239 3982 404 4050 γένος
441 3983 907 4054 παραστήσαντας
945 3983 1224 4048 ὑποδεῖξαι
1266 3983 1440 4054 αὐτῷ,
1481 3982 1681 4054 ἀνδρας
1730 3983 1830 4054 μὲν

238 4076 300 4130 ἐν
327 4076 412 4130 ἐνὶ
438 4075 612 4146 τόπῳ,
644 4075 880 4148 ἀλλαχοῦ
917 4076 974 4130 δὲ
1016 4075 1301 4146 γυναῖκας,
1345 4076 1574 4149 ἑτέρωθι
1606 4077 1828 4147 χρυσὸν,

237 4168 510 4241 ἄργυρον,
549 4167 846 4240 ἀλλαχόθεν
880 4167 1230 4240 μαργαρίτας
1262 4186 1322 4222 τε
1367 4168 1462 4222 καὶ
1499 4167 1681 4232 λίθους
1735 4185 1833 4221 πο-

239 4259 508 4325 λυτελεῖς,
544 4259 736 4331 ἱμάτια
773 4259 1006 4332 λαμπρά
1036 4261 1133 4314 καὶ
1157 4260 1381 4330 κόσμια,
1409 4258 1632 4330 ἅρματα
1665 4275 1828 4330 περι-

241 4352 423 4424 καλλῆ
461 4351 601 4424 μετά
640 4353 822 4406 ἵππων
852 4352 1148 4423 βασιλικῶν
1177 4353 1579 4425 χρυσοχαλίνων
1607 4352 1706 4405 σὺν
1733 4353 1832 4407 τά-

242 4459 420 4516 πησιν
453 4442 764 4515 ἁλουργοῖς,
801 4443 898 4497 καὶ
919 4443 1196 4507 ἀναϐάτας
1243 4444 1334 4495 ἐπ’
1378 4443 1562 4507 αὐτοῖς
1601 4442 1834 4512 όπλοφό·

244 4551 399 4608 ρους,
432 4535 686 4606 βουκόλιά
713 4552 774 4588 τε
803 4535 942 4606 βοῶν
975 4535 1070 4590 καὶ
1103 4535 1330 4606 ποίμνια
1355 4535 1666 4607 προϐάτων.
1699 4538 1829 4602 Kal,

239 4627 437 4691 ἁπλῶς
459 4629 654 4693 εἰπεῖν,

240 4719 667 4791 Πυνθανομένου
692 4720 750 4775 δὲ
778 4719 945 4775 αὐτοῦ
974 4719 1138 4790 269
1166 4719 1220 4772 τί
1242 4719 1452 4773 τούτων
1477 4719 1710 4774 ἕκαστον
1739 4738 1833 4775 κα-

240 4812 449 4881 λεῖται,
503 4813 554 4866 οί
589 4811 686 4867 τοῦ
725 4811 992 4884 βασιλέως
1035 4813 1378 4866 ὑπασπισταὶ
1411 4813 1506 4866 καὶ
1536 4812 1830 4884 δορυφόροι

241 4905 344 4978 τὴν
377 4905 608 4960 ἐκάστου
647 4908 842 4978 κλῆσιν
877 4907 1120 4977 ἐδήλουν.
1160 4907 1248 4970 Ὦς
1277 4905 1335 4959 δὲ
1362 4907 1463 4978 τὴν
1497 4906 1688 4978 κλῆσιν
1721 4906 1830 4960 τῶν

243 4997 529 5068 γυναικῶν
576 4998 744 5070 ήρετο
796 4997 1012 5069 μαθεῖν,
1057 4998 1147 5051 τὸν
1197 4996 1502 5068 σπαθὰριον
1540 4997 1636 5051 τοῦ
1680 4997 1834 5068 βασι-

244 5093 390 5155 λέως
426 5091 503 5160 (5)
543 5092 844 5163 χαριέντως
893 5092 1092 5153 εἰπεῖν,
1131 5088 1392 5160 δαίμονας
1441 5089 1612 5154 αύτάς
1654 5090 1837 5144 καλεῖ-

247 5187 404 5250 σθαι,
438 5185 495 5241 αἱ
528 5185 651 5248 τοὺς
687 5183 1011 5256 ἀνθρώπους
1042 5181 1339 5237 πλανῶσιν.
1382 5181 1445 5234 Ἦ
1479 5182 1535 5234 δὲ
1564 5181 1660 5236 τοῦ
1705 5198 1835 5236 παι-

246 5279 340 5344 δδς
366 5279 564 5351 καρδία
583 5277 661 5350 τῷ
690 5277 919 5332 ἐκείνων
949 5275 1102 5347 πόθῳ
1128 5275 1288 5330 πλέον
1317 5275 1428 5331 τῶν
1453 5275 1659 5330 λοιπῶν
1683 5273 1834 5328 ἐθέλ-

1938 674 2059 716 nam
2093 660 2182 715 illa
2209 675 2296 715 ars
2327 669 2468 715 esset
2487 675 2552 716 ex
2575 675 2640 715 eo
2671 661 3052 726 sciscitaretur,
3084 669 3193 714 tum
3226 657 3502 724 Theudas,

1940 760 2190 820 tanquam
2215 750 2472 805 novacula
2498 759 2651 805 acuta
2669 750 2847 805 dolum
2869 747 3501 819 contexit(Psal.uxu),

1937 839 2231 907 callideque
2275 840 2559 908 pharmaca
2619 849 2914 908 comparat.
2979 843 3152 908 Atque
3201 839 3502 906 improbam

1939 932 2182 986 technam
2208 969 2225 995 ,
2278 931 2582 1001 diabolique
2625 932 2906 986 consilium
2936 972 2950 996 ,
2980 947 3162 1002 quaeso
3187 971 3203 998 ,
3238 929 3502 999 perspice.

1940 1025 2217 1089 Omnibus,
2250 1025 2438 1095 inquit,
2466 1039 2499 1079 ο
2528 1039 2642 1090 rex,
2697 1026 2783 1094 qui
2818 1025 2928 1080 (ilio
2955 1031 3128 1078 astant
3149 1033 3306 1093 atque
3335 1025 3505 1085 inser-

1938 1115 2087 1171 viunt
2110 1158 2127 1183 ,
2153 1116 2221 1171 ab
2248 1131 2314 1172 eo
2345 1117 2530 1186 procul
2559 1115 2838 1186 disiunctis
2861 1155 2878 1182 ,
2925 1116 3141 1185 pulchra
3167 1124 3221 1169 et
3250 1128 3505 1184 perquam

1937 1208 2163 1280 eleganti
2219 1209 2388 1264 forma
2444 1209 2692 1279 prmditas
2721 1209 2992 1273 mulieres,
3029 1217 3188 1278 atque
3229 1208 3297 1263 ad
3354 1208 3505 1276 pelli-

1937 1300 2156 1356 ciendos
2176 1302 2384 1357 animos
2411 1302 2717 1367 adornatas,
2750 1318 2870 1358 cum
2901 1316 2966 1356 eo
2995 1309 3254 1371 perpetuo
3279 1301 3502 1363 versari,

1939 1393 2146 1464 ipsique
2189 1395 2495 1451 ministrare
2518 1434 2534 1462 ,
2564 1395 2797 1466 vitatque
2835 1395 3273 1452 consuetudinem
3293 1404 3348 1449 et
3376 1409 3510 1449 con-

1939 1487 2239 1542 tubernium
2268 1504 2390 1544 cum
2417 1503 2482 1544 eo
2511 1487 2710 1544 habere
2737 1487 2891 1558 jube.
2941 1489 3050 1558 Ego
3094 1497 3270 1542 autem
3304 1501 3414 1542 uno
3438 1502 3504 1541 ex

1939 1578 2005 1633 iis
2032 1579 2324 1648 spiritibus,
2373 1593 2506 1650 quos
2547 1579 2613 1634 ad
2641 1595 2730 1636 res
2758 1579 3062 1648 huiusmodi
3087 1578 3416 1646 comparavi,
3439 1579 3505 1634 ad

1937 1684 2058 1726 eum
2081 1679 2265 1738 postea
2293 1669 2585 1737 submisso,
2614 1672 2872 1727 acriorem
2899 1673 3183 1741 voluptatis
3215 1672 3389 1741 ignem
3415 1686 3508 1727 ex-

1937 1760 2128 1820 citabo.
2157 1761 2234 1816 Ac
2255 1761 2412 1816 simul
2435 1769 2595 1831 atque
2618 1761 2703 1817 vel
2733 1777 2852 1817 cum
2897 1778 3000 1818 una
3043 1763 3156 1816 sola
3201 1762 3508 1832 hujusmodi

1937 1852 2246 1908 muliercula
2292 1868 2404 1908 rem
2443 1853 2732 1921 habuerit,
2780 1853 2878 1908 nisi
2913 1853 3006 1908 tibi
3039 1853 3216 1908 omnia
3245 1867 3309 1909 ex
3342 1853 3507 1907 animi

1937 1943 2198 1998 sententia
2229 1942 2431 2020 fluant,
2463 1945 2562 1998 erit
2585 1943 2696 2014 jam
2729 1959 2825 2000 cur
2851 1960 2936 2000 me
2963 1954 3277 2000 contemnas
3303 1983 3318 2010 ,
3348 1955 3511 2014 atque

1938 2041 1997 2088 ut
2025 2033 2224 2089 nullius
2249 2049 2376 2091 usus
2405 2035 2697 2102 hominem,
2729 2051 2834 2090 non
2877 2034 3190 2101 honoribus,
3222 2035 3314 2089 sed
3339 2036 3507 2088 maxi-

1938 2125 2038 2178 mis
2065 2124 2342 2194 suppliciis
2367 2123 2706 2180 afticiendum
2744 2124 2930 2179 ducas.
2954 2125 3096 2179 Nihil
3127 2125 3269 2178 enim
3299 2139 3514 2178 mascu-.

1938 2215 2110 2270 lorum
2151 2217 2358 2270 animos
2394 2215 2611 2286 perinde
2643 2217 2860 2273 allicere
2880 2231 2944 2272 ac
2986 2215 3292 2270 demulcere
3345 2217 3502 2279 solet,

1937 2316 1992 2358 ut
2021 2304 2332 2360 feminarum
2363 2314 2699 2376 conspectus.
2730 2307 2904 2378 Atque
2927 2314 2986 2361 ut
3008 2307 3348 2362 sermonibus
3370 2307 3506 2362 meis

1937 2394 2094 2452 fidem
2121 2395 2396 2459 adhibeas.
2423 2396 2700 2452 historiam
2735 2397 2871 2453 hanc
2895 2398 3056 2453 velim
3087 2398 3290 2453 audias.

2003 2485 2131 2542 CAP.
2173 2485 2342 2542 XXX.
2381 2517 2453 2530 —-
2491 2487 2599 2542 Rex
2648 2489 2859 2558 quidam
2908 2503 3028 2542 cum
3082 2490 3316 2543 mascu'a
3356 2488 3508 2558 prole

1935 2585 2144 2632 careret
2172 2577 2518 2632 vehementer
2545 2578 2722 2632 animo
2751 2578 3064 2650 angebatur,
3116 2593 3342 2648 eamque
3367 2582 3509 2632 cala-

1936 2669 2172 2722 mitatem
2204 2665 2340 2722 haud
2386 2681 2602 2735 parvam
2649 2668 3008 2724 existimabat.
3044 2668 3156 2723 Hoc
3186 2669 3344 2738 igitur
3389 2683 3508 2723 cum

1935 2767 2077 2813 statu
2123 2767 2288 2824 esset,
2335 2757 2502 2814 ﬁlium
2552 2759 2604 2814 in
2656 2761 2825 2815 lucem
2869 2759 3056 2825 edidit,
3097 2775 3268 2832 eoque
3297 2763 3511 2815 nomine

1934 2863 2145 2905 summa
2190 2852 2460 2920 voluptate
2488 2849 2734 2920 perfusus
2767 2861 2870 2906 est.
2904 2852 3169 2907 Dixerunt
3219 2863 3395 2906 autem
3441 2856 3511 2907 ad

1933 2957 2057 2998 eum
2102 2943 2296 2999 eruditi
2334 2944 2550 3014 quidam
2600 2945 2812 3012 medici,
2866 2944 2984 3000 fore
3033 2956 3092 3000 ut
3137 2947 3180 3001 si
3211 2961 3341 3014 puer
3367 2947 3509 3000 intra

1933 3033 2214 3090 duodecim
2266 3049 2434 3089 annos
2475 3035 2642 3090 solem
2689 3046 2782 3091 aut
2808 3037 2981 3106 ignem
3031 3037 3255 3101 videret,
3307 3037 3508 3090 lumine

1935 3138 2153 3194 prorsus
2195 3125 2494 3191 orbaretur,
2543 3126 2592 3180 id
2631 3127 2772 3181 enim
2811 3143 2876 3180 ex
2903 3127 3175 3182 oculorum
3205 3127 3371 3196 ipsius
3401 3128 3505 3180 situ

1935 3215 2220 3285 designari.
2247 3215 2375 3282 Quae
2404 3230 2523 3269 cum
2555 3225 2702 3282 pater
2720 3215 2976 3286 audisset,
3007 3216 3308 3270 cubiculum
3334 3217 3505 3285 quoil-

1939 3310 2064 3367 dam
2101 3313 2385 3370 obscurum
2429 3329 2493 3370 ex
2525 3330 2656 3384 rupe
2683 3315 2908 3383 quadam
2939 3313 3270 3374 condidisse,
3322 3312 3520 3365 illium-

1939 3419 2042 3473 que
2087 3404 2198 3460 illic
2227 3421 2330 3460 una
2361 3421 2481 3461 cum
2534 3405 2827 3462 nutricibus
2857 3405 3136 3462 inclusisse
3182 3401 3373 3469 fertur,
3418 3417 3519 3458 nec

1939 3506 2064 3552 ante
2093 3497 2372 3555 duodecim
2403 3513 2574 3554 annos
2599 3508 2818 3555 exactos
2843 3499 3007 3552 ullum
3036 3496 3254 3552 omnino
3296 3493 3395 3564 ipsi
3429 3495 3518 3548 lu-

1939 3587 2017 3642 cis
2057 3587 2396 3654 splendorem
2445 3589 2764 3645 ostendisse.
2807 3586 3072 3644 Confecto
3109 3596 3290 3642 autem
3333 3585 3520 3652 hujus-

1939 3678 2080 3733 modi
2108 3679 2362 3749 temporis
2384 3681 2674 3744 curriculo,
2703 3681 2900 3746 ﬁlium,
2927 3681 3014 3750 qui
3048 3677 3419 3734 nihilomnino
3441 3692 3519 3731 re-

1938 3783 2054 3823 rum
2088 3769 2472 3825 mundanarum
2504 3771 2570 3826 ad
2615 3771 2758 3826 hunc
2784 3785 2950 3838 usque
2977 3769 3120 3824 diem
3150 3777 3518 3840 perspexerat,

1936 3873 2003 3914 ex
2055 3860 2156 3915 hoc
2203 3860 2445 3916 cubiculo
2493 3862 2700 3928 educit;
2738 3875 2801 3916 ac
2849 3869 2957 3914 tum
2986 3860 3084 3928 ipsi
3126 3859 3334 3922 omnia,
3365 3858 3518 3927 juxta

1937 3965 2090 4006 suum
2123 3953 2367 4023 quodque
2395 3968 2564 4022 genus
2592 3950 2832 4009 exhiberi
2858 3966 2923 4006 ac
2952 3950 3308 4006 demonstrari
3328 3949 3516 4019 jubet,

1936 4044 2083 4097 viros
2113 4043 2360 4098 nimirum
2404 4043 2456 4097 in
2488 4058 2594 4097 uno
2624 4045 2760 4107 loco,
2802 4045 2853 4098 in
2881 4043 2988 4098 alio
3018 4043 3265 4109 feminas,
3305 4041 3522 4096 aliunde

1937 4149 2157 4200 aurum,
2187 4134 2288 4189 alia
2333 4150 2396 4190 es
2429 4146 2578 4205 parte
2605 4146 2915 4204 argentum,
2946 4137 3172 4190 uniones
3202 4145 3256 4189 et
3303 4135 3510 4203 lapides

1936 4225 2184 4295 exquisiti
2215 4226 2392 4295 pretii,
2424 4236 2600 4282 vestes
2628 4228 2928 4283 luculentas
2955 4239 3009 4283 et
3034 4229 3330 4296 elegantes,
3379 4242 3508 4282 cur-

1939 4332 2029 4372 rus
2049 4317 2243 4389 insigni
2272 4317 2660 4386 pulchritudine
2687 4320 2845 4374 simul
2877 4335 2997 4374 cum
3035 4320 3196 4388 regiis
3219 4320 3371 4388 equis
3415 4334 3512 4372 au-

1937 4421 2032 4462 reo
2059 4405 2211 4464 freno
2235 4410 2526 4474 instructis,
2549 4423 2670 4464 cum
2697 4411 2881 4466 aulaeis
2907 4411 3210 4481 purpureis,
3240 4424 3304 4465 ac
3333 4423 3516 4465 sesso~

1938 4501 2086 4557 ribus
2113 4503 2352 4568 armatis,
2385 4502 2542 4558 boum
2573 4505 2699 4558 item
2727 4513 2992 4570 armenta,
3022 4512 3078 4559 et
3107 4501 3368 4572 pecudum
3391 4515 3520 4572 gre-

682 4591 860 4681 πάντα
885 4627 1162 4697 στοιχηδὸν
1186 4591 1536 4682 ύπεδείκνυον
1557 4626 1635 4699 τῷ
1656 4591 1829 4684 παιδίί

1938 4606 2065 4660 ges;
2093 4601 2276 4662 atque,
2310 4602 2366 4646 ut
2390 4593 2692 4648 summatim
2721 4593 2916 4657 dicam,
2945 4593 3125 4649 omnia
3152 4601 3300 4647 certo
3329 4591 3518 4646 ordino

1947 4697 2112 4750 puero
2140 4684 2556 4740 demonstrabat.
2594 4685 2951 4740 Percoiitante
2975 4695 3152 4740 autem
3194 4700 3258 4740 eo
3285 4699 3518 4754 quonam

1941 4773 2164 4843 singula:
2195 4787 2282 4828 res
2311 4776 2527 4830 nomine
2552 4776 2969 4844 appellarentur,
2999 4778 3141 4844 regis
3171 4774 3519 4834 satelliteaac

1942 4863 2226 4933 Stipatores
2275 4863 2694 4936 uniuscujusque
2737 4880 2930 4920 nomen
2974 4863 3336 4933 exponebant.
3381 4864 3519 4918 Cum

1943 4967 2118 5012 autem
2149 4959 2430 5014 mulierum
2460 4975 2654 5016 nomen
2680 4962 2819 5015 scire
2848 4967 3093 5028 cuperet,
3126 4968 3238 5012 tum
3270 4957 3409 5027 regis
3427 4970 3517 5010 ar-

1943 5051 2110 5119 miger
2134 5049 2309 5118 lepide
2337 5064 2400 5105 ac
2431 5049 2642 5117 festive,
2662 5050 2936 5106 daemones
2955 5065 3046 5105 eas
3073 5049 3336 5118 appellari
3357 5048 3514 5113 ἀιιίι,

1943 5155 1972 5192 a
2001 5141 2195 5209 quibus
2226 5141 2497 5196 hominum
2530 5150 2734 5197 mentes
2770 5142 2826 5196 in
2870 5155 3109 5196 errorem
3155 5143 3516 5194 traherentur.

1943 5231 2099 5288 Pueri
2129 5242 2304 5288 autem
2351 5242 2538 5303 pectus
2579 5247 2764 5288 earum
2809 5247 2993 5288 amore
3019 5241 3179 5302 atque
3226 5229 3521 5299 cupiditate

324 5485 406 5558 (1)
434 5485 696 5558 Syntasis
723 5485 873 5540 verbi
928 5482 1329 5558 tlnlCetv‘cum
1371 5481 1582 5558 feriato
1613 5489 1706 5558 est_
1742 5494 1774 5534 e
1807 5471 2297 5558 frequentissimis,
2320 5458 3518 5558 ﬁamqueJtracl'aLllemntetnjttjfflﬂifﬁf‘;

251 5575 306 5628 p.
334 5550 894 5628 396.'Appianus_vn,
925 5555 993 5608 M
1021 5571 1035 5607 :
1074 5553 1194 5606 Οὐδ’
1229 5550 1712 5628 ἠλπιζεμφάϐιονῆ

1741 5530 2003 5612 τοῦςήὲπὶ
2045 5546 2153 5598 τῶν
2185 5530 2386 5596 στενῶν
2434 5530 2738 5612 βιᾶσεσθαι.
2775 5535 2852 5590 lbi
2888 5547 3174 5612 monemur
3216 5531 3284 5586 ab
3310 5530 3520 5584 editore

253 5607 1132 5696 vulgatutnfﬂrtaeaaﬁatinuitasse
1159 5607 1712 5696 secum-blusgravio
1736 5621 1786 5674 in
1822 5624 1829 5690 1

1938 5615 2104 5670 τεσθαι
2129 5630 2141 5644 ο
2191 5615 2282 5668 sed
2319 5607 2606 5666 mutandus
2642 5622 2746 5661 non
2781 5615 2897 5660 erat
2927 5607 3181 5660 aoristus.

442 5688 585 5770 [333]:
620 5711 695 5760 LI,
719 5697 756 5749 2
783 5715 796 5750 :
841 5696 984 5770 Ὠσεὶ
1015 5693 1177 5763 ξυρὸν
1213 5688 1551 5763 ἠκονημένον
1584 5688 1846 5762 ἐποίησας
1875 5688 2048 5743 δόλον.

327 5765 411 5838 (5)
439 5768 502 5830 C,
533 5765 686 5838 δέκα,
714 5776 776 5838 ut
804 5774 858 5821 et
886 5765 1046 5819 infra.

711 5817 1264 5908 I—g—noratiurnenlrutti
1298 5833 1360 5886 τὸ
1387 5832 1649 5886 οἰκίσκον.
1679 5830 1813 5886 Puto

1939 5844 1966 5884 θ
2000 5825 2250 5896 ἀντρώδη
2277 5823 2344 5878 ab
2377 5828 2597 5878 auctore
2624 5818 2741 5891 ipso
2771 5817 3056 5886 scriptum.

328 5904 404 5978 (5)
437 5909 501 5975 Δ,
535 5904 938 5972 ecorrectione,
972 5904 1148 5974 βασιλ.
1190 5904 1425 5972 λέγεται.
