4042 6418
249 416 378 483 1141

1343 425 1517 486 VITA
1557 418 1916 483 BARLAAM
1955 421 2050 482 ET
2087 421 2438 484 JOASAPH.

3369 423 3505 491 1142

233 535 557 606 ἢμφιάσατο
579 535 758 606 χάρις.
787 535 962 600 Εὐθὺς
982 531 1075 592 οὖν
1097 537 1259 610 ἔρωτι
1281 537 1598 606 ἀνθίστησιν
1623 533 1821 606 ἔρωτα,

1948 561 2051 618 que
2092 549 2261 602 amori
2290 560 2550 613 amorem,
2593 545 2696 602 hoc
2745 554 2826 604 est
2853 546 3121 617 impudico
3147 546 3384 603 divinum
3417 563 3512 618 op-

231 628 316 698 τῷ
341 626 632 697 ἀκολάστῳ
660 627 751 680 τὸν
776 627 977 696 θεῖκδν,
1002 632 1096 684 καὶ
1126 632 1204 694 είς
1239 630 1461 701 μνήμην
1483 629 1606 696 άγει
1629 625 1821 680 ἑαυτὸν

232 719 336 789 τῆς
365 717 701 790 ὡραιότητος
734 719 952 790 ἐκείνης
979 722 1075 774 καὶ
1107 720 1474 792 ἀνεκλαλήτου
1503 719 1661 790 δόξης
1689 719 1823 790 Χρι-

236 808 371 862 στοῦ
403 809 500 862 τοῦ
547 809 820 864 ἀθανάτου
860 812 1100 882 νυμφίου
1138 811 1249 865 τῶν
1291 811 1698 883 καθαρωτάτων
1722 809 1826 880 ψυ-

233 901 374 973 χῶν,
410 903 504 956 καὶ
543 903 648 956 τοῦ
683 903 972 974 νυμφῶνος
1015 907 1228 961 ἐκείνου
1267 906 1364 960 καὶ
1405 905 1609 976 γάμου,
1653 899 1824 977 οὗπερ

233 993 492 1058 ἐλεεινῶς
521 994 878 1050 ἐκϐάλλονται
915 998 966 1050 οἱ
998 997 1092 1051 τὸν
1129 998 1402 1069 νυμφικὸν
1451 996 1824 1060 σπιλώσαντες

234 1085 472 1155 χιτῶνα,
497 1086 776 1158 δεδεμένοι
802 1092 991 1162 χεῖρας
1015 1090 1116 1145 καὶ
1143 1091 1332 1156 πόδας,
1366 1093 1446 1155 είς
1474 1090 1535 1144 τὸ
1562 1090 1825 1162 ἐξώτερον

235 1177 433 1241 σκότος
471 1177 569 1250 (9).
607 1177 796 1234 Ταῦτα
843 1180 1207 1251 λογισάμενος
1259 1183 1354 1236 καὶ
1395 1182 1699 1254 σύνδακρυς
1727 1200 1825 1252 γε-

235 1272 466 1340 νόμενος
483 1314 498 1339 ,
530 1273 727 1327 ἔτυπτε
748 1275 810 1328 τὸ
836 1274 1054 1346 στῆθος,
1083 1269 1171 1329 οἷα
1194 1275 1400 1338 κακοὺς
1427 1274 1680 1346 κηφῆνας
1699 1274 1826 1339 τοὺς

236 1367 516 1438 πονηροὺς
532 1367 741 1422 ἐκεῖθεν
769 1369 1062 1440 λογισμοὺς
1085 1369 1426 1438 φυγαδεύων.
1460 1364 1592 1421 Εἶτα
1628 1367 1818 1421 διανα-

241 1457 416 1523 στὰς,
465 1461 561 1512 καὶ
592 1462 782 1530 χεῖρας
844 1463 926 1525 είς
953 1461 1184 1532 οὐρανὸν
1217 1461 1410 1532 διάρας
1435 1502 1449 1528 ,
1486 1459 1711 1533 θερμοῖς
1735 1459 1827 1515 δά-

235 1566 408 1618 κρυσι
432 1553 525 1606 καὶ
555 1556 880 1625 στεναγμοῖς
906 1554 1004 1610 τὸν
1022 1555 1155 1610 Θεὸν
1179 1538 1502 1609 ἐπεκαλεῖτο
1530 1555 1668 1626 πρὸς
1697 1572 1826 1626 συμ-

240 1643 472 1712 μαχίαν,
501 1645 597 1699 καὶ
621 1644 800 1716 ἔλεγε·
819 1646 994 1718 Κύριε
1021 1649 1421 1720 παντοκράτορ,
1455 1649 1487 1702 ὀί
1517 1649 1674 1720 μόνος
1732 1648 1828 1700 δυ-

238 1733 406 1799 νατὸς
440 1737 534 1790 καὶ
563 1737 891 1810 οἰκτίρμων,
924 1741 957 1809 ἡ
994 1739 1152 1804 ἐλπὶς
1181 1738 1288 1794 τῶν
1305 1739 1758 1812 ἀπηλπισμένων,
1795 1739 1828 1810 ἡ

237 1826 354 1880 τῶν
379 1828 701 1900 ἀϐοηθήτων
733 1830 957 1902 βοήθεια
976 1872 990 1895 ,
1031 1832 1302 1904 μνήσθητί
1359 1851 1461 1904 μου
1492 1833 1586 1887 τοῦ
1611 1831 1829 1905 ἀχρείου

239 1929 339 1966 σου
363 1914 552 1970 δούλου
583 1919 642 1970 ἐν
665 1922 731 1990 τῇ
758 1918 878 1992 ῶρᾳ
902 1909 1097 1994 ταύτῃ,
1131 1921 1227 1976 καὶ
1252 1921 1377 1991 ίλέῳ
1413 1940 1502 1994 μοι
1539 1922 1830 1993 ἐπίϐλεψον

237 2001 455 2074 ὄμματι
481 2048 496 2072 ,
528 2007 623 2061 καὶ
668 2009 832 2079 ῥῦσαι
874 2011 983 2065 ἀπὸ
1030 2013 1310 2083 ῥομφαίας
1364 2013 1690 2086 δαιμονικῆς
1731 2013 1837 2087 τὴν

237 2095 425 2168 ψυχήν
483 2117 586 2170 μου
644 2101 738 2156 καὶ
797 2102 863 2156 ἐκ
917 2105 1099 2175 χειρὸς
1154 2104 1319 2168 κυνὸς
1386 2105 1487 2177 τὴν
1564 2107 1829 2179 μονογενῆ

243 2204 349 2258 μου
374 2188 513 2261 (10)·
536 2192 632 2245 καὶ
652 2192 728 2264 μὴ
751 2193 918 2266 ἐάσῃς
935 2196 1199 2266 ἐμπεσεῖν
1223 2213 1291 2266 με
1312 2196 1391 2261 είς
1412 2199 1603 2269 χεῖρας
1622 2199 1829 2270 ἐχθρῶν

243 2296 350 2350 μου
372 2319 388 2345 ,
439 2282 574 2353 μηδὲ
609 2285 1008 2358 ἐπιχαρείησάν
1049 2305 1139 2359 μοι
1184 2290 1233 2341 οἱ
1267 2288 1556 2359 μισοῦντές
1589 2309 1656 2362 με
1691 2292 1830 2362 (1·1)⁶

241 2371 342 2424 καὶ
375 2374 458 2440 μὴ
485 2376 861 2450 ἐγκαταλίπῃς
888 2379 1065 2456 272·
1089 2397 1156 2451 με
1185 2380 1604 2453 καταφθαρῆναι
1635 2384 1694 2437 ἐν
1717 2385 1833 2437 divo-

243 2461 424 2532 μίαις,
452 2467 548 2520 καὶ
577 2467 689 2539 (12)
719 2469 1051 2541 καθυϐρίσαι
1084 2489 1186 2542 μου
1213 2473 1289 2542 ire
1317 2473 1475 2544 σῶμα
1507 2474 1643 2546 ὅπερ
1667 2475 1832 2544 ἁγνόν

243 2570 331 2608 σοι
374 2560 727 2630 παραστῆσαι
759 2562 1202 2636 ἐπηγγειλάμην.
1248 2566 1315 2619 Σέ
1364 2567 1476 2638 γὰρ
1521 2567 1703 2632 ποθῶ,
1738 2569 1850 2622 καί

242 2648 331 2701 σοὶ
366 2650 662 2720 προσκυνῶ
710 2652 790 2723 τῷ
828 2655 1011 2728 [Im-pl
1049 2657 1146 2711 καὶ
1175 2657 1254 2728 τῷ
1283 2658 1398 2730 Υἱῷ
1438 2661 1534 2714 καὶ
1570 2660 1648 2732 τῷ
1691 2661 1831 2732 ἁγίῳ

239 2738 530 2811 Πνεύματι
561 2742 655 2797 νῦν
679 2745 774 2799 καὶ
799 2745 889 2800 ἀεὶ
915 2747 1010 2801 καὶ
1039 2750 1120 2812 είς
1147 2750 1274 2814 τοὺς
1293 2750 1521 2817 αίῶνας.
1545 2753 1658 2806 Καὶ
1690 2754 1832 2808 ἐπει-

238 2830 364 2886 πὼν
392 2833 452 2886 τὸ
485 2835 652 2906 ἀμὴν,
687 2836 839 2902 θείας
871 2838 1070 2911 ᾔσθετο
1110 2842 1508 2914 παρακλήσεως
1535 2844 1831 2916 οὐρανόθεν

238 2922 396 2993 αὐτῴ
448 2925 921 2999 ἐπιφοιτησάσης,
982 2929 1077 2985 καὶ
1127 2932 1178 2986 οί
1233 2934 1462 3004 πονηροὶ
1511 2933 1832 3006 ὑπεχώρουν

237 3014 516 3087 λογισμοί.
564 3019 735 3084 Αὐτὸς
767 3019 824 3073 δέ
867 3021 1031 3093 μέχρι
1068 3025 1280 3095 πρωῒας
1327 3026 1617 3098 εὐχόμενος
1655 3029 1830 3083 διετέ-

237 3102 391 3160 λεσε.
433 3109 544 3162 Kal
573 3112 735 3179 γνοὺς
767 3111 838 3166 τὰ
872 3116 1245 3188 μηχανήματα
1271 3117 1368 3171 τοῦ
1396 3119 1594 3187 δολίου,
1625 3120 1832 3192 ἥρξατο

1948 641 2114 710 ponit,
2147 640 2352 710 sibique
2382 639 2826 710 pulchritudinem
2854 641 2998 696 illam
3030 655 3092 696 ac
3119 641 3340 711 gloriam
3365 643 3512 696 omni

1950 747 2198 787 sermone
2221 733 2668 802 praestantiorem,
2687 748 2843 802 quam
2868 748 3012 802 pura:
3031 733 3220 788 animae
3239 734 3291 788 in
3314 733 3512 788 Christi

1943 827 2127 894 Sponsi
2157 828 2373 896 nuptiis.
2401 843 2466 883 ex
2506 827 2697 896 quibus
2735 827 2809 880 illi
2838 827 2923 896 qui
2956 826 3244 896 nuptialem
3279 829 3510 882 tunicam

1942 919 2348 986 oonspurcarint
2389 917 2685 987 ejicientur,
2717 917 3012 986 vinetisque
3043 918 3298 985 .manibus
3327 926 3380 972 et
3422 933 3512 986 pe-

1942 1009 2099 1064 dibus
2146 1010 2198 1063 in
2251 1011 2544 1065 exteriores
2573 1012 2820 1069 tenebras
2866 1009 3261 1078 pretrudentur,
3307 1008 3508 1062 habita-

1943 1106 2076 1152 tura:
2110 1107 2235 1152 sunt
2261 1098 2473 1170 (Matth.
2499 1100 2654 1168 χιιι),
2686 1100 2737 1154 in
2781 1100 3092 1153 memoriam
3120 1105 3355 1151 revocat.
3385 1097 3508 1151 llaec

1941 1202 2059 1242 cum
2078 1189 2256 1243 animo
2284 1203 2380 1243 suo
2398 1189 2764 1255 considerans,
2800 1198 2852 1242 ct
2877 1190 3134 1258 Iacrymas
3159 1189 3502 1256 protundens,

1942 1289 2127 1350 pectus
2155 1281 2489 1349 verberabat,
2529 1282 2798 1350 improbas
2829 1280 2946 1334 illas
2973 1279 3357 1350 cogitationes,
3401 1293 3507 1332 non

1924 1387 2092 1428 secus
2129 1387 2193 1429 ac
2240 1373 2386 1429 fucos
2417 1374 2670 1444 quosdam
2723 1374 2774 1428 in
2808 1379 2982 1444 togam
3023 1381 3259 1428 vertens.
3312 1371 3510 1426 Deinde

1939 1477 2178 1531 surgens,
2212 1479 2275 1520 ac
2301 1480 2489 1518 manus
2533 1464 2802 1533 attollens,
2831 1463 3128 1519 calentibus
3159 1462 3408 1532 lacrymis
3447 1477 3510 1516 ac

1938 1555 2224 1626 gemitibus
2249 1556 2338 1609 Dei
2371 1569 2525 1625 opem
2572 1563 2733 1624 atque
2761 1555 3014 1608 auxilium
3040 1553 3377 1623 implorabat,
3418 1553 3510 1606 iis—
3577 1603 3594 1615 κ

1939 1660 2038 1714 que
2069 1645 2246 1700 verbis
2269 1645 2516 1700 utebatur
2542 1663 2553 1698 :
2587 1645 2938 1713 Omnipotens
2970 1645 3211 1709 Domine,
3243 1643 3333 1712 qui
3364 1645 3510 1698 solus

1939 1735 2138 1789 viribus
2165 1735 2352 1805 polles,
2389 1745 2546 1806 atque
2577 1735 2642 1789 ad
2673 1733 3093 1788 misericordiam
3135 1734 3390 1802 proclivis
3426 1747 3508 1796 es,
3562 1783 3570 1788 .

1940 1827 2184 1895 Domine,
2233 1827 2476 1898 inquam,
2516 1841 2640 1895 spes
2666 1827 3070 1894 deSperatorum
3098 1833 3153 1880 et
3192 1839 3376 1878 eorum
3422 1825 3508 1893 qui

1909 1911 2139 1972 'auxilio
2170 1932 2376 1982 carent,
2426 1918 2550 1980 mei,
2582 1931 2784 1986 quaeso,
2838 1915 3042 1970 inutilis
3085 1915 3158 1968 tui
3191 1915 3328 1968 servi
3369 1928 3510 1967 nunc

1938 2007 2234 2075 recordare,
2281 2007 2528 2077 facilique
2558 2021 2629 2076 .ac
2668 2005 2900 2077 propitio
2949 2006 3105 2059 oculo
3148 2019 3232 2057 me
3277 2003 3507 2068 intuere,

1937 2101 2267 2170 animamque
2309 2115 2482 2155 meam
2518 2115 2547 2154 a
2594 2099 2852 2154 diabolica
2899 2097 3097 2152 framea
3125 2096 3292 2165 eripe.
3337 2110 3400 2150 ac
3443 2096 3511 2150 de

1939 2207 2094 2247 manu
2119 2191 2264 2248 canis
2295 2192 2504 2246 unicam
2537 2205 2732 2255 meam,
2763 2205 2861 2245 nec
2887 2203 2973 2243 me
3002 2189 3052 2240 in
3087 2187 3320 2240 hostium
3359 2200 3510 2241 meo-

1940 2298 2053 2339 rum
2082 2298 2274 2338 manus
2301 2282 2538 2338 incidere
2567 2281 2844 2350 permittas
2874 2277 3048 2349 (Paul.
3083 2277 3216 2346 ut).
3261 2277 3378 2331 Non
3427 2292 3513 2330 sn-

1941 2374 2294 2444 pergaudeant
2311 2373 2441 2428 mibi
2463 2373 2552 2442 qui
2568 2371 2798 2427 oderunt
2811 2385 2897 2425 me
2913 2369 3087 2439 inique
3103 2367 3272 2438 (Paul.
3288 2367 3497 2434 xxxiv);

1941 2481 2038 2521 nec
2080 2479 2166 2521 me
2195 2466 2248 2520 in
2291 2464 2662 2534 iniquitatibus
2698 2461 2971 2529 corrumpi
3014 2461 3180 2526 sinas,
3211 2471 3510 2527 corpusque

1941 2572 2135 2622 meum,
2169 2557 2309 2626 quod
2341 2556 2435 2612 tibi
2461 2567 2666 2610 castum
2690 2552 2946 2610 exhibere
2968 2549 3211 2620 promisi,
3245 2548 3439 2618 probro
3458 2555 3514 2602 et

1942 2647 2261 2703 contumelia
2283 2646 2518 2701 allicere.
2541 2646 2617 2701 Te
2632 2644 2772 2700 enim
2787 2643 3128 2712 concupisco,
3146 2648 3304 2707 teque
3322 2639 3510 2704 adoro.

1941 2737 2168 2805 Patrem,
2196 2747 2249 2793 et
2277 2738 2488 2804 Filium,
2521 2747 2574 2792 et
2605 2737 2864 2807 Spiritum
2889 2742 3129 2788 sanctum
3148 2771 3164 2798 ,
3193 2729 3248 2785 in
3288 2729 3507 2785 saecula.

1924 2833 2173 2907 Cumque
2205 2837 2379 2890 Amen
2428 2834 2836 2906 subjunxisset,
2883 2830 3128 2888 divinam
3171 2824 3506 2884 consolatio-

1926 2945 2052 2986 nem
2070 2928 2287 2986 coelitus
2306 2929 2425 2999 ipse
2448 2929 2553 2984 sibi
2570 2927 2832 2983 advenire
2845 2924 3038 2990 sensit,
3059 2931 3224 2993 atque
3244 2917 3509 2988 improbae

1937 3046 2284 3117 cogitationes
2313 3058 2432 3100 sese
2459 3041 2853 3098 subduxerunt.
2885 3037 3002 3108 ipse
3029 3045 3206 3090 autem
3236 3034 3300 3088 ad
3337 3042 3508 3087 matu-

1937 3137 2100 3191 tinum
2143 3149 2314 3204 usque
2357 3142 2567 3206 tempus
2601 3128 2655 3182 in
2699 3127 2947 3198 precibus
2977 3123 3246 3195 perstitit;
3301 3121 3508 3175 intelle-

237 3198 336 3310 ἐπ)
361 3200 549 3310 πλεῖον
588 3203 800 3269 πιέζειν
821 3205 883 3260 τὸ
912 3207 1076 3280 σῶμα
1101 3209 1307 3280 τροφῆς
1333 3211 1513 3284 ἐνδείᾳ
1537 3214 1632 3266 καὶ
1659 3213 1788 3286 δίψῃ
1811 3254 1826 3279 ,

1938 3228 2142 3296 ctisque
2171 3198 2485 3292 versipellis'
2501 3221 2669 3275 hostis
2698 3218 2909 3274 tecltnis
2935 3228 3094 3284 atque
3125 3215 3350 3278 artibus,
3389 3227 3508 3266 cor-

238 3292 334 3344 καὶ
364 3295 429 3363 τῇ
461 3292 598 3367 ἄλλῃ
623 3296 1006 3371 ταλαιπωρίᾳ,
1058 3299 1384 3367 ὁλονύκτους
1427 3304 1530 3374 μὲν
1561 3307 1828 3362 ἐπιτελῶν

239 3383 485 3450 στάσεις,
513 3387 708 3442 ἐαυτὸν
734 3388 791 3444 δέ
819 3390 1255 3463 ἀναμιμνήσκων
1279 3395 1389 3448 τῶν
1419 3396 1557 3466 πρὸς
1577 3399 1670 3451 τὸν
1696 3399 1831 3454 Θεὸν

237 3480 570 3551 ὁμολογιῶν,
610 3484 708 3538 καὶ
736 3486 1074 3565 ὑπογράφων
1102 3487 1181 3560 τῷ
1209 3488 1460 3561 λογισμῷ
1493 3490 1592 3563 τὴν
1618 3493 1830 3546 ἐκεῖθεν

235 3572 352 3626 τῶν
380 3574 607 3629 δικαίων
637 3575 1024 3650 λαμπρότητα,
1060 3579 1160 3650 τὴν
1197 3581 1578 3653 ὴπειλημένην
1617 3601 1679 3636 τε
1719 3589 1838 3650 τοῖς

238 3663 473 3734 φαύλοις
495 3666 722 3735 γέενναν
741 3669 1042 3742 ἀνιστορῶν
1069 3672 1445 3743 ἐναργέστατα
1465 3689 1481 3704 ⁶
1509 3676 1700 3740 Ὅπως
1733 3678 1828 3749 μὴ’,

238 3757 423 3829 ἀργὴν
454 3760 549 3812 καὶ
578 3759 769 3814 ἄνετον
799 3763 828 3815 ὁ
855 3762 1052 3834 ἐχθρὸς
1097 3765 1274 3837 εὑρὼν
1320 3767 1417 3839 τὴν
1443 3767 1642 3841 ψυχὴν,
1679 3769 1830 3838 λογι-

243 3850 385 3922 μοὺς
412 3850 551 3922 αὐτῇ
580 3853 850 3924 πονηροὺς
877 3853 988 3926 (15)
1027 3855 1229 3927 ῥᾳδίως
1278 3858 1611 3931 ὑποσπείρῃ,
1649 3863 1744 3915 καὶ
1771 3862 1838 3916 τὸ

239 3942 492 4014 καθαρὸν
515 3943 822 4018 ἐπιθολὼσῃ
850 3946 963 4016 (14)
990 3947 1090 4018 τῆς
1125 3948 1386 4015 διανοίας.
1415 3951 1578 4022 273
1622 3953 1832 4008 Πάντοο

241 4035 338 4090 θεν
363 4035 545 4089 τοίνυν
567 4039 596 4090 ὁ
621 4038 816 4110 ἐχθρὸς
865 4038 1249 4110 ἐξαπορηθεὶς,
1302 4042 1397 4095 καὶΙ
1421 4045 1697 4109 παντελῶς
1729 4047 1833 4100 άπ-

240 4122 558 4194 αγορεύσας
587 4124 736 4180 ἑλεῖν
758 4126 850 4182 τὸν
875 4131 1142 4197 γενναῖον,
1167 4128 1362 4202 ἑτέραν
1378 4129 1596 4202 ἔρχεται
1614 4135 1642 4187 ὁ
1665 4133 1836 4199 δεινές

240 4215 469 4288 ἀπάτην
495 4217 920 4290 ποικιλωτέραν,
945 4219 974 4272 ὁ
998 4219 1087 4275 ἀεί
1115 4238 1259 4274 ποτε
1287 4225 1525 4293 πονηρὸς
1549 4223 1627 4278 ὣν
1651 4226 1744 4279 καὶ
1772 4226 1835 4279 τὸ

239 4308 606 4380 τεχνάζεσθαι
655 4312 751 4365 καὶ
781 4311 1042 4382 βλάπτειν
1079 4313 1330 4384 οὐδαμῶς
1359 4315 1693 4371 ἀπολείπων.
1738 4319 1836 4382 Εἰς

239 4397 414 4467 ἔργον
445 4400 555 4472 γάρ
595 4401 831 4471 ἀγαγεῖν
871 4403 941 4457 τὰ
968 4403 1334 4474 ἐντεταλμένα
1366 4404 1514 4476 αὐτῷ
1553 4405 1706 4475 παρά
1740 4406 1834 4462 τοῦ

245 4491 452 4558 Θευδᾶ,
494 4494 665 4564 μυρία
705 4495 905 4564 γέγονε
939 4495 1168 4568 σπουδή.
1209 4496 1322 4552 Kal
1370 4485 1514 4552 οὕτω
1563 4498 1728 4554 πάλιν
1765 4499 1837 4554 τὰ

243 4582 523 4655 φάρμακα
553 4584 766 4657 ἀρτύει.

1940 3331 2040 3387 pus
2066 3330 2220 3370 suum
2264 3322 2373 3368 tum
2422 3311 2530 3367 cibi
2568 3309 2808 3380 penuria,
2843 3317 2952 3362 tum
2982 3307 3067 3361 siti
3118 3305 3340 3373 aliisque
3381 3302 3511 3357 afﬂi-

1939 3410 2173 3462 ctionum
2221 3404 2504 3476 generibus
2552 3414 2796 3470 premere
2843 3397 3037 3466 cmpit,
3067 3397 3120 3450 in
3183 3393 3510 3448 orationibus

1939 3507 2122 3557 erecto
2148 3511 2374 3567 corpore
2402 3503 2744 3566 pernoctans,
2772 3491 2980 3560 sibique
3005 3489 3104 3558 ipsi
3132 3496 3284 3556 pacta
3308 3501 3368 3541 ea
3392 3500 3510 3554 quae

1939 3605 2058 3646 cum
2086 3590 2197 3646 Deo
2226 3589 2418 3643 inierat
2448 3588 2501 3642 in
2549 3583 2861 3641 memoriam
2891 3580 3172 3644 reducens,
3203 3587 3364 3647 atque
3400 3587 3508 3630 tum

1941 3697 2123 3737 eorum
2153 3681 2241 3750 qui
2281 3679 2550 3756 justitiam
2591 3675 2857 3732 coluerint
2899 3672 3136 3727 futurum
3165 3668 3506 3737 splendorem

1945 3774 2124 3827 animo
2171 3777 2227 3826 et
2273 3768 2594 3839 cogitatione
2625 3764 2941 3827 informans,
2989 3769 3102 3815 tum
3146 3759 3510 3813 dennntiatam

1945 3863 2198 3932 improbis
2221 3861 2518 3930 gehennam
2542 3865 2726 3927 aperte
2757 3855 2856 3909 sibi
2875 3853 2945 3907 ob
2973 3851 3158 3906 oculos
3187 3863 3514 3917 proponens.

1945 3953 2098 4023 Quod
2125 3953 2328 4008 scilicet
2353 3965 2414 4004 ea
2445 3948 2511 4004 de
2535 3959 2696 4002 causa
2730 3943 2956 3998 faciebat
2985 3956 3051 3995 ne
3072 3939 3243 3994 hostis
3286 3939 3516 3992 inertem

1946 4063 2008 4103 ac
2034 4047 2261 4102 solutam
2292 4045 2459 4114 ipsius
2499 4043 2729 4096 animam
2761 4046 2969 4103 nactus,
3016 4050 3204 4104 pravas
3237 4033 3524 4101 cogitatio-.

1947 4155 2041 4195 nes
2065 4139 2161 4208 ipsi
2188 4138 2337 4192 nullo
2366 4133 2580 4205 negotio
2611 4133 2890 4194 insereret,
2924 4126 3192 4194 animique
3226 4125 3402 4193 ipsius
3419 4140 3516 4193 pu-

1949 4231 2158 4285 ritatem
2181 4227 2417 4282 turbaret
2433 4233 2487 4280 et
2506 4223 2766 4278 inliceret.
2785 4219 2916 4274 Cum
2936 4217 3096 4286 igitur
3112 4216 3281 4278 hostis
3295 4213 3532 4280 omnino,

1948 4327 2128 4376 mente
2173 4317 2502 4379 concideret,
2552 4326 2717 4382 seque
2765 4320 3045 4366 strenuum
3087 4305 3334 4380 juvenem
3375 4302 3522 4371 deje-

1950 4421 2161 4466 cturum
2192 4421 2407 4476 prorsus
2437 4403 2726 4470 difﬁderet,
2758 4399 2824 4455 ad
2851 4398 3007 4453 aliam
3040 4393 3364 4452 callidiorem
3389 4393 3522 4445 frau-

1950 4500 2074 4556 dem
2103 4513 2223 4554 sese
2248 4496 2456 4552 confert
2484 4495 2566 4566 (ut
2601 4493 2688 4563 qui
2719 4504 2932 4557 semper
2964 4486 3138 4540 malus
3167 4487 3269 4550 sit,
3301 4498 3398 4538 nec
3427 4498 3523 4536 un-

1865 4585 1910 4642 ι)
1952 4607 2112 4664 quam
2140 4589 2336 4660 aliquid
2377 4586 2580 4649 moliri,
2605 4595 2763 4654 atque
2791 4578 3186 4636 incommodum
3210 4573 3422 4644 aliquod
3469 4583 3525 4626 et

243 4703 645 4761 detrimentum
694 4708 894 4764 aﬂ‘erre
941 4706 1312 4779 intermittat),
1343 4698 1486 4764 in‘id
1522 4710 1674 4765 omni
1703 4709 1890 4765 studio
1922 4705 2270 4768 incumbens,
2311 4709 2372 4755 ut
2400 4714 2522 4770 quae
2553 4697 2661 4754 sibi
2703 4711 2733 4751 a
2771 4694 2998 4764 Theuda
3026 4695 3280 4750 mandata
3315 4693 3538 4755 fuerant,

239 4813 600 4875 exsequatur.
636 4805 827 4877 Itaque
855 4821 1049 4861 rursus
1079 4806 1394 4876 hujusmodi
1423 4806 1714 4876 pharmaca
1749 4813 2052 4877 comparat.

340 4933 439 5004 (9),
463 4932 733 5004 Respectu
773 4937 839 4991 ad
867 4937 1207 5004 parabolam,

340 4943 421 5003 (9)
463 4943 733 5004 uespectu
773 4943 839 4991 ad
862 4943 1207 5059 garabolam,
1241 4953 1403 5009 qnam
1434 4943 1559 4998 vide
1589 4958 1645 5012 p.
1677 4943 1765 4998 73.

338 5003 455 5142 (1οζ
489 5003 631 5060 Psal.
674 5021 789 5069 xxi,
824 5007 860 5060 2
921 5023 935 5060 :
976 5006 1046 5063 cf.
1079 5024 1264 5073 xxxrv,
1302 5011 1389 5066 17.

339 5074 425 5142 (11
489 5074 635 5130 Psal.
668 5091 856 5142 xxxrv,
889 5077 956 5133 19
982 5096 998 5134 :
1027 5078 1121 5142 Μὴ
1151 5081 1549 5142 ἐπιχαρείησάν
1589 5099 1680 5142 μοι
1711 5085 1758 5136 οἱ

921 5023 935 5060 :
976 5006 1046 5063 cf.
1079 5006 1274 5073 xxxw,
1302 5011 1389 5066 17.

489 5074 635 5155 [⁵8³1.
668 5091 866 5155 xxxrv,
889 5077 956 5133 19
982 5096 998 5134 :
1027 5078 1121 5151 Μὴ
1151 5069 1549 5154 ἐπιχαρείησάν
1589 5099 1680 5153 μοι
1711 5085 1758 5136 οἱ
1787 5083 2164 5155 ἐχθραίνοντες
2207 5100 2311 5153 μοι-
2341 5080 2611 5154 ματαίως,
2652 5079 2704 5131 οῑ
2739 5073 3026 5146 μισοῦντές
3051 5090 3119 5143 με
3144 5069 3375 5142 δωρεάνο

335 5074 455 5210 (11)
489 5074 635 5130 Psal.
668 5091 856 5143 xxxrv,
889 5102 890 5107 π

344 5145 454 5228 .122
485 5146 549 5228 ς»
579 5146 613 5228 i
645 5160 743 5214 ρτο
771 5148 890 5203 καί.

485 5207 679 5270 Αέἷηε
708 5219 1005 5289 πονηρούς.
1036 5219 1458 5293 Οιηξεςοπινεεεο
1482 5236 1667 5276 vocem
1697 5225 1976 5280 sententia:
2002 5223 2084 5278 vis
2120 5223 2401 5293 arguebat,
2432 5230 2490 5276 nt
2515 5219 2611 5293 vel
2637 5217 2755 5293 sine
2782 5213 2968 5293 codice
2999 5212 3283 5293 potuisset‘
3311 5207 3536 5293 restitui.

263 5278 376 5362 ξοδ
410 5278 1348 5362 nonnumquamfeasjoceslibrarii
1382 5296 1659 5356 omittunt,
1691 5278 1841 5362 quas
1863 5278 2214 5350 sensus'non"
2243 5278 2467 5346 multum
2498 5287 2791 5362 desiderat.
2838 5278 3106 5362 Lucio—nus
3137 5280 3198 5336 D.
3229 5281 3432 5362 “0.3x,
3465 5278 3499 5331 4
3528 5292 3536 5299 ³

263 5349 780 5435 Παραπρεσβεῦεις,
881 5354 1058 5435 οὗτος,
1079 5361 1198 5435 -ίδίᾳ
1233 5349 2003 5435 ταύτῃᾲκοινολογῆσάμενος.
2036 5365 2215 5418 Codex
2249 5363 2408 5435 1510,
2456 5360 2634 5435 ταυτῃ
2666 5354 2850 5435 πάλαι.
2869 5352 3192 5435 .κοιν..Ιιιεη1
3225 5349 3288 5435 D:
3320 5349 3452 5435 Mar.
3487 5363 3538 5435 ξ.

262 5419 694 5512 εκξὶῇἐήκέτω,
722 5419 776 5496 η’
799 5429 963 5512 Anuli
1005 5419 1102 5512 καὶ
1129 5419 1830 5512 τίκτέτωιῗϐομςξλίόὲιίιηκ

1938 5419 2210 5512 ἤδητικτ.
2241 5419 2419 5512 fleto;
2456 5419 2634 5512 Epist:
2660 5443 2765 5512 xnzh
2786 5421 3162 5512 fE‘epoioéxre,

261 5497 382 5557 τοῖς
419 5488 610 5566 ἤθε’σιν
639 5488 837 5621 οἷσπερ
868 5488 974 5582 ’καὶ
1008 5501 1211 5572 μένεις.
1241 5501 1444 5584 _Codex
1482 5503 1664 5560 176οε
1703 5488 1811 5558 Keil
1839 5488 1964 5558 νῦν.
1991 5488 2191 5574 μῖἑνεις.
2238 5488 2464 5558 Photius
2492 5488 2651 5570 epist.
2697 5496 2767 5551 92
2796 5509 2811 5549 :
2844 5488 2956 5548 ιω
3003 5492 3141 5555 ὅλως
3194 5488 3396 5579 φρίνίκι
3447 5488 3539 5541 καὶ

263 5566 582 5639 ἐπιτήδειον
609 5567 792 5639 άλμυρ
855 5587 928 5639 γη
949 5589 963 5604 ·
996 5572 1182 5625 καίτοι
1199 5589 1308 5626 των
1337 5571 1513 5628 ἄλλων
1559 5575 1913 5639 σπερμάτων,
1944 5575 2046 5629 ὅσα
2074 5576 2135 5628 τὸ
2165 5574 2339 5639 γλυκὺ
2388 5574 2563 5639 φιλεῖν
2605 5567 2778 5622 ἐθέλει
2817 5564 2908 5619 καὶ
2935 5562 3187 5639 λιπαρὸν,
3224 5562 3540 5639 υπάρχουσσ

265 5588 582 5636 επιτηοειον
611 5588 831 5639 αΛμυρα
855 5588 928 5639 γη
949 5589 963 5604 ·
996 5588 1182 5625 καιτοι
1199 5589 1308 5626 των
1337 5588 1513 5628 αλλων
1559 5588 1830 5646 σπερματι

265 5634 580 5724 φθαρτικὴ..
594 5637 781 5724 (foder
807 5640 968 5723 2729,
1000 5644 1090 5724 qui
1106 5652 1513 5724 ropportnneca
1523 5656 1602 5698 ret
1631 5647 1819 5700 vocula

1944 5588 2046 5629 οσα
2074 5588 2135 5628 το
2165 5588 2339 5642 γλυκυ
2388 5588 2563 5642 φιλειν
2605 5588 2778 5622 ευελει
2817 5588 2908 5619 και
2935 5588 3187 5633 Λιπαρυν,
3225 5588 3540 5642 υπςρχυυυυ

1938 5666 1944 5697 ι
1997 5655 2126 5724 post
2148 5646 2313 5713 φοίν..
2352 5645 2512 5724 liabet
2560 5638 2793 5724 plenius,
2829 5651 3036 5705 σπερμ.
3068 5633 3162 5687 καὶ
3185 5648 3389 5700 φυτων,
3427 5643 3543 5699 (tua!

263 5716 322 5758 ει
350 5705 883 5784 Palinds‘inl‘erpres
910 5705 1140 5778 invenit,
1161 5705 1266 5781 'q'ui
1297 5714 1466 5778 dedit,
1499 5733 1516 5765 ι
1552 5725 1746 5769 caetera
1775 5717 1957 5771 omnia
1993 5705 2198 5769 semina
2236 5726 2289 5768 et
2319 5705 2626 5784 plantasfri

341 5775 457 5858 (14)
475 5778 549 5858 Α,
582 5770 928 5858 ἐπεθολῶσει,
969 5770 1290 5858 pertnjttatis
1317 5801 1352 5855 η
1383 5795 1438 5838 et
1455 5770 1538 5839 ἐι.
1569 5770 1830 5858 Scholiast

1938 5785 2165 5858 I‘lieocr.
2203 5800 2240 5848 ι,
2272 5770 2340 5858 51
2375 5802 2387 5838 :
2434 5782 2859 5858 Ἐθειράζοντες,
2894 5774 3196 5858 κομῶντες,
3230 5770 3540 5858 είδτρᾼιχοι-Ἶ.

269 5845 370 5927 καὶ
399 5845 734 5927 καθήκοντες
763 5851 830 5903 τὰ
861 5845 1070 5927 γένεια.
1117 5845 1404 5912 Kteiilertts
1461 5856 1693 5926 conjecit
1731 5856 1830 5911 καθ

1938 5856 2102 5920 ὒντες,
2148 5845 2252 5911 non
2302 5855 2462 5923 bene,
2493 5855 2554 5911 si.
2579 5845 2706 5924 quid
2737 5850 2912 5906 video.
2959 5845 3206 5915 Conjicio
3262 5845 3398 5908 ipse,
3432 5853 3543 5899 ωοο

270 5917 597 5988 liusqne,tri
630 5919 809 5990 fallor,
845 5917 1184 5988 καθεικότες.
