4042 6412
251 387 387 455 1145

230 592 363 645 σθαι
396 588 852 661 παρασκευάσας.

314 685 405 748 Ὧς
440 683 550 755 γὰρ
594 683 828 753 ηκουσεν
868 682 903 751 η
958 678 1097 750 κόρη
1142 677 1213 732 τὰ
1260 679 1483 749 ῥήματα
1514 678 1699 730 ἐκεῖνα
1744 676 1814 729 τὰ

229 781 420 847 πάσης
466 773 876 845 πεπληρωμένα
906 770 1119 841 σοφίας,
1147 770 1405 832 ἀσύνετος
1428 769 1562 823 οῦσα
1586 769 1646 821 ού
1690 784 1815 820 συν-

225 875 391 942 ῆκενο
446 867 584 922 ἀλλά
642 865 900 928 τοιαύτας
947 863 1116 916 ἐδίδου
1172 861 1270 925 τάς
1326 861 1686 931 ἀποκρίσεις,
1739 859 1815 923 ὡς

225 961 326 1014 ἃτε
360 957 472 1028 (21)
504 955 725 1026 γλῶσσα
759 955 853 1009 καὶ
889 954 1063 1022 στόμα
1115 953 1193 1022 τῷ
1250 950 1472 1022 πονηρῷ
1520 949 1811 1021 γενομένη,

229 1048 331 1104 καί
365 1064 550 1118 φησιν’
584 1048 648 1101 Et
670 1048 768 1117 τῆς
794 1045 953 1117 ὲμῆς,
988 1038 1033 1097 ὦ
1054 1045 1310 1109 δέσποτα,
1348 1044 1626 1115 σωτηρίας
1649 1061 1814 1115 φρον-

226 1139 427 1205 τίζεις,
451 1140 546 1193 καὶ
565 1137 820 1207 προθυμῇ
838 1135 919 1203 τῷ
950 1134 1069 1205 Θεῷ
1103 1152 1195 1188 σου
1215 1137 1590 1205 προσαγαγεῖν
1621 1152 1691 1206 με
1722 1134 1815 1188 καὶ

227 1230 333 1301 τὴν
364 1227 624 1298 ταπεινὴν
648 1228 826 1297 ψυχήν
860 1244 960 1299 μου
1008 1225 1203 1289 σῶσαι,
1236 1225 1465 1297 ποίησον
1507 1228 1601 1280 καὶ
1652 1226 1815 1289 αὐτὸς

231 1324 371 1395 μίαν
416 1340 516 1393 μου
550 1322 791 1391 αἴτησιν,
830 1318 945 1383 καὶ,
991 1320 1159 1372 πᾶσιν
1200 1319 1362 1383 εὐθὺς
1391 1322 1503 1383 τοῖς
1540 1318 1815 1391 πατρῴοις

230 1430 341 1484 μου
369 1413 510 1474 θεοῖς
533 1408 945 1480 ἀποταξαμένη,
968 1407 1046 1478 τῷ
1078 1408 1155 1477 σῷ
1180 1407 1513 1478 συντάξομαι
1541 1408 1661 1479 Θεῷ
1679 1408 1815 1477 (22),

230 1503 401 1575 μέχρι
434 1500 751 1563 τελευταίας
793 1498 942 1568 αὐτῷ
981 1497 1322 1568 λατρεύουσα
1360 1498 1636 1569 ἀναπνοῆς
1675 1499 1811 1570 (25),

226 1596 331 1649 καὶ
360 1593 553 1666 μισθὸν
596 1592 746 1664 λήψῃ
780 1592 879 1661 τῆς
905 1589 1045 1662 ἐμῆς
1090 1590 1366 1662 σωτηρίας
1411 1593 1507 1645 καὶ
1546 1590 1684 1663 πρὸς
1722 1592 1815 1644 τὸν

225 1690 368 1743 Θεὸν
396 1687 754 1757 ἐπιστροφῆς.

303 1800 415 1856 Τοῦ
448 1800 525 1865 δὲ,
560 1800 657 1862 Τίς
699 1801 732 1870 ἡ
769 1797 1014 1864 ἀξίωσις,
1042 1791 1087 1852 ὦ
1124 1796 1324 1867 γύναι;
1359 1796 1524 1868 276
1546 1795 1812 1858 εἰπόντος,

228 1894 417 1965 ἐκείνη
439 1893 532 1949 καὶ
568 1892 753 1964 σχῆμα
784 1892 883 1946 καὶ
924 1890 1147 1963 βλέμμα
1190 1892 1283 1944 καὶ
1315 1890 1535 1960 φθέγμα
1566 1890 1659 1943 καὶ
1687 1889 1813 1959 ὃλην

227 1986 435 2057 ἑαυτὴν
463 1983 598 2055 πρὸς
612 1984 672 2037 τὸ
694 1982 905 2051 θέλγειν
931 1981 1341 2052 καταστήσασα,
1364 1980 1673 2052 Συνάορθητί
1699 1997 1809 2051 μοι,

228 2079 365 2150 ἔφη,
392 2078 571 2148 γάμου
606 2074 885 2146 κοινωνίᾳ,
930 2072 1087 2142 κάγώ
1128 2088 1222 2126 σου
1264 2074 1378 2136 τοῖς
1425 2072 1814 2142 προστάγμασι

227 2174 504 2244 χαίρουσα
539 2166 971 2239 ὲξακολουθήσω.

313 2357 375 2409 ὐ
399 2356 477 2420 δὲ,
506 2352 723 2422 Μάτην,
753 2350 940 2421 φησὶν,
966 2342 1011 2402 ὣ
1045 2346 1205 2417 γύναι
1230 2390 1245 2413 ,
1275 2344 1531 2416 τοιαύτην
1561 2362 1650 2415 μοι
1683 2362 1817 2417 προ-

230 2450 452 2511 έτεινας
478 2444 720 2516 σκληρὰν
770 2442 993 2508 ἀξίωσιν
1019 2456 1033 2471 ο
1075 2439 1178 2509 τῆς
1223 2439 1320 2510 μὲν
1359 2438 1469 2509 γάρ
1516 2437 1616 2508 σῆς
1663 2438 1817 2506 ισχυ-

230 2541 348 2614 ρῶς
404 2538 639 2609 κήδομαι
694 2534 1003 2605 σωτηρίας,
1050 2533 1147 2586 καὶ
1209 2530 1304 2584 τοῦ
1351 2529 1517 2601 βυθοῦ
1564 2529 1667 2599 τῆς
1712 2530 1817 2583 ἀπ-

227 2632 431 2695 ωλείας
458 2628 609 2683 ποθῶ
636 2643 695 2681 σε
725 2624 1018 2681 ἀνελκῦσαι
1048 2622 1182 2695 (24)·
1216 2621 1442 2694 μολῦναι
1473 2622 1529 2676 δὲ
1553 2623 1616 2674 τὸ
1656 2620 1819 2691 σῶμά

232 2738 341 2793 μου
391 2719 459 2774 δι’
495 2718 728 2790 αἰσχρᾶς
772 2714 971 2787 μίξεως
1012 2712 1152 2785 βαρύ
1197 2728 1287 2783 μοι
1330 2714 1422 2765 καὶ
1468 2713 1647 2782 πάντη
1689 2709 1819 2764 ἀδύ-

229 2827 421 2867 νατον.
1588 2868 1607 2883 ,

316 2928 386 2982 Ἥ
414 2927 493 2991 δὲ,
514 2924 642 2994 ὅλην
660 2921 996 2994 δμαλίζουσα
1009 2921 1109 2992 τὴν
1129 2920 1248 2974 ὁδὸν
1277 2917 1426 2990 αὐτῷ
1459 2916 1553 2973 καὶ
1579 2917 1817 2972 διαλεαί-

228 3036 404 3076 νουσα
429 3018 541 3090 (25)
582 3014 766 3082 Ἰνατί,
790 3014 944 3085 φησὶ,
970 3011 1195 3066 τοιαῦτα
1220 3010 1434 3082 φθέγγῃ
1467 3010 1554 3073 σὺ,
1585 3011 1613 3063 ὁ
1637 3009 1819 3079 πάσης

227 3110 669 3185 πεπληρωμένος
712 3107 938 3177 σοφίας;
986 3104 1126 3159 ἱνατί
1163 3103 1437 3175 μολυσμὸν
1471 3102 1533 3155 τὸ
1582 3102 1815 3172 πρᾶγμα

1330 386 1506 447 VITA
1547 382 1908 445 BARLAAM
1946 383 2042 443 ET
2078 384 2427 447 JOASAPH.

224 500 400 553 αὑτὸν
445 498 568 553 ἀντὶ
612 496 715 566 τῆς
755 493 1034 567 μακαρίας
1068 493 1164 549 καὶ
1193 492 1462 549 ἀθανάτου
1498 492 1643 562 ζωῆς
1667 491 1821 562 γενέ·
1848 500 1895 555 Α

3336 416 3469 483 1146

1994 679 2345 749 Posteaquam
2376 678 2535 749 igitur
2557 680 2729 749 puella
2749 680 2912 735 verba
2938 679 3027 734 illa
3054 680 3201 735 omni
3234 679 3498 749 sapientia

1920 770 2116 827 referta
2164 769 2389 834 audivit,
2421 784 2518 839 pro
2563 785 2655 825 sua
2688 771 2910 825 stultitia
2952 786 3015 825 ea
3054 787 3159 825 non
3209 770 3496 832 intellexit.

1922 878 2105 917 verum
2134 860 2435 931 hujusmodi
2466 876 2778 926 responsum
2809 860 2997 922 edidit,
3028 862 3186 929 quale
3218 861 3283 913 ab
3328 874 3387 914 ea
3411 858 3499 917 edi

1921 965 2343 1012 consentaneum
2446 962 2595 1021 erat,
2667 967 2788 1023 quae
2859 956 3057 1014 diaboli
3138 956 3310 1022 lingua
3337 965 3499 1024 atque

1921 1062 1984 1102 os
2007 1056 2160 1111 erat;
2211 1046 2391 1114 aitque
2440 1062 2453 1097 :
2507 1044 2559 1099 Si
2604 1046 2796 1097 salutis
2838 1060 2996 1109 mem,
3044 1047 3337 1107 ndnmine.
3368 1062 3496 1101 cura

1922 1136 2178 1205 tangeris,
2206 1150 2269 1189 ac
2318 1150 2406 1188 me
2436 1134 2546 1188 Deo
2571 1147 2661 1189 tuo
2687 1135 2999 1199 conciliare,
3030 1135 3357 1204 ahjectmque
3382 1135 3499 1189 ani-

1924 1244 2026 1283 ma:
2049 1244 2181 1284 mese
2210 1227 2435 1281 salutem
2482 1227 2677 1282 aﬂ'erre
2716 1228 2921 1293 studes,
2969 1227 3049 1281 iac
3073 1237 3126 1280 tu
3154 1243 3365 1297 quoque
3406 1227 3497 1283 uni

1927 1335 2061 1375 mea:
2092 1318 2332 1387 petitioni
2359 1333 2582 1383 annuas,
2616 1333 2677 1372 ac
2700 1321 2878 1372 statim
2904 1319 3093 1387 patriis
3119 1320 3366 1372 omnibus
3388 1317 3491 1371 diis

1924 1412 2058 1465 meis
2080 1408 2391 1478 repudiatis,
2423 1408 2532 1464 Deo
2554 1417 2643 1462 tuo
2672 1424 2757 1464 me
2786 1409 3096 1479 adjungam,
3124 1409 3404 1478 ipsumque
3426 1407 3492 1462 ad

1919 1515 2216 1556 estremum
2245 1514 2413 1568 usque
2441 1498 2685 1565 spiritum
2713 1500 2907 1553 colam.
2938 1500 3010 1554 Ita
3040 1510 3096 1554 tu
3116 1499 3306 1554 salutis
3337 1513 3491 1563 meae,

1919 1599 2080 1659 atque
2108 1588 2177 1645 ad
2201 1588 2369 1645 Deum
2398 1586 2790 1652 conversionis,
2831 1588 3133 1644 mercedem
3162 1588 3360 1642 referes

1994 1795 2125 1853 Cum
2170 1804 2346 1849 autem
2392 1793 2482 1850 ille
2526 1808 2767 1864 quaenam
2796 1794 2909 1849 haec
2936 1794 3119 1863 petitio
3137 1802 3279 1849 esset
3305 1796 3498 1865 quas-i-

1923 1889 2110 1953 visset,
2142 1897 2250 1941 tum
2280 1886 2365 1940 illa
2390 1894 2444 1940 et
2474 1886 2674 1953 habitu,
2703 1894 2757 1941 et
2775 1896 3013 1955 aspectu,
3042 1895 3097 1940 et
3124 1902 3391 1951 sermone,
3436 1902 3496 1943 ac

1925 1983 2159 2051 denique
2201 1981 2345 2035 omni
2377 1996 2444 2034 ex
2480 1988 2627 2048 parte
2674 1995 2792 2033 sese
2832 1980 2896 2032 ad
2948 1979 3281 2034 alliciendum
3330 1980 3496 2047 ipsius

1926 2073 2163 2126 animum
2216 2085 2529 2140 comparans
2576 2088 2588 2123 :
2639 2070 2994 2134 Matrimonio,
3048 2072 3236 2141 inquit,
3286 2086 3493 2125 mecum

1923 2161 2273 2231 conjungere,
2323 2170 2483 2231 atque
2535 2174 2636 2231 ego
2680 2161 2914 2230 imperiis
2964 2164 3067 2215 tuis
3107 2161 3294 2216 lubens
3334 2159 3493 2214 obse-

1925 2268 2079 2321 quar.

1996 2359 2065 2411 At
2090 2354 2216 2409 ille:
2247 2354 2540 2425 Incassum,
2566 2356 2754 2424 inquit,
2782 2372 2817 2412 ο
2859 2358 3064 2425 mulier,
3097 2358 3282 2414 duram
3312 2357 3495 2431 hujus~

1929 2446 2073 2501 modi
2104 2446 2408 2515 petitionem
2432 2447 2555 2500 mihi
2573 2448 2915 2516 proposuisti.
2938 2448 3068 2502 Nam
3091 2464 3391 2519 quanquam
3414 2449 3495 2504 in-

1930 2536 2075 2603 genti
2113 2534 2299 2588 salutis
2346 2542 2453 2588 tute
2496 2551 2621 2588 cura
2666 2546 2870 2601 teneor,
2916 2547 3072 2607 teque
3100 2556 3164 2595 ex
3214 2543 3397 2597 mortis
3439 2547 3491 2596 et

1923 2624 2069 2678 exitii
2100 2638 2348 2695 voragine
2386 2630 2670 2685 extrahere
2698 2633 2873 2701 cupio,
2918 2632 3046 2687 mihi
3078 2641 3255 2688 tamen
3284 2648 3479 2702 corpus

1924 2725 2098 2766 meum
2140 2729 2231 2780 per
2259 2715 2454 2771 fmdnm
2480 2721 2813 2775 concubitum
2845 2723 3117 2791 inquinare
3146 2724 3299 2777 nimis
3318 2739 3479 2792 grave

1923 2812 2026 2868 est,
2058 2802 2162 2856 imo
2190 2818 2402 2873 prorsus
2429 2807 2769 2875 impossibile.

2000 2920 2092 2978 Ilia
2121 2939 2246 2981 vero
2283 2927 2487 2995 planam
2538 2928 2637 2999 ipsi
2669 2930 2809 2983 viam
2856 2930 2923 2985 ad
2962 2929 3136 2985 scelus
3187 2937 3432 2984 sternens
3466 2945 3481 2982 :

1928 3009 2151 3081 Ecquid,
2198 3015 2382 3084 inquit,
2424 3016 2720 3085 hujusmodi
2749 3034 2993 3074 sermone
3014 3019 3195 3087 uteris,
3224 3021 3310 3088 qui
3335 3019 3480 3073 omni

1927 3104 2199 3175 sapientia:
2225 3122 2415 3174 genere
2442 3110 2649 3175 polles?
2698 3110 2916 3179 Ecquid,
2946 3109 3179 3178 inquam,
3215 3111 3349 3164 hanc
3368 3124 3478 3164 rem

229 3209 329 3263 καὶ
361 3204 590 3277 αἰσχρὰν
624 3201 890 3264 ἐκάλεσας
923 3198 1105 3270 μίξιν;
1136 3198 1250 3251 Οὐκ
1282 3195 1529 3267 ἀμύητος
1564 3194 1672 3265 γάρ
1702 3196 1817 3263 είμι

1926 3195 2231 3277 spurcitiem
2261 3209 2324 3249 ac
2349 3195 2541 3250 fmdum
2569 3198 2904 3253 concubitum
2946 3197 3259 3267 appellasti?
3305 3199 3483 3267 Neque

230 3295 394 3367 κάγὼ
425 3295 536 3350 τῶν
565 3289 967 3365 Χριστιανικῶν
999 3287 1243 3360 βιϐλίωψ
1278 3286 1414 3341 ἀλλά
1443 3285 1667 3349 πολλαῖς
1722 3286 1819 3356 μὲν

228 3389 439 3452 δέλτοις
471 3386 530 3442 ἑν
554 3387 620 3457 τῇ
662 3382 883 3454 πατρίδι
922 3399 1026 3454 μου
1062 3380 1332 3450 ἐνέτυχον,
1370 3378 1583 3432 πολλῶν
1615 3376 1672 3430 δὲ
1699 3378 1822 3447 ὁμι-

230 3480 473 3534 λούντων
501 3494 592 3549 μοι
621 3473 963 3547 Χριστιανῶν
994 3474 1230 3542 ἀκήκοα.
1260 3471 1335 3525 Ού
1368 3469 1682 3541 γέγραπται
1710 3468 1823 3521 τοί-

231 3592 332 3628 νυν
368 3572 426 3625 ἐν
470 3588 577 3623 τινι
609 3568 717 3622 τῶν
765 3565 887 3621 καθ’
929 3566 1071 3635 ὑμᾶς
1123 3563 1364 3635 βιϐλίων,
1415 3562 1609 3633 Τίμιος
1640 3560 1752 3630 (26)
1792 3562 1822 3615 ὀ

229 3668 413 3738 γάμος
439 3663 532 3716 κα)¹
559 3664 592 3735 ἠ
621 3661 773 3732 κοίτη
805 3658 1104 3730 ἀμίαντος;
1138 3657 1253 3724 καὶ,
1289 3657 1559 3728 Κρεῖσσον
1580 3653 1692 3721 (27)
1722 3670 1821 3722 γα-

236 3762 362 3832 μεῖν
394 3756 428 3828 ἢ
466 3753 805 3825 πυροῦσθαι;
846 3752 961 3815 καὶ,
1004 3752 1073 3804 Ἀ
1105 3751 1133 3803 ὁ
1175 3749 1307 3813 Θεὸς
1344 3749 1458 3819 (28)
1502 3744 1821 3811 συνέζευξεν

232 3850 524 3921 ἄνθρωπος
560 3846 636 3918 μὴ
674 3843 976 3917 χωριζέτω;
1020 3844 1096 3897 Οὐ
1125 3842 1334 3907 πάντας
1364 3843 1491 3907 τοὺς
1534 3841 1701 3895 πάλαι
1739 3841 1821 3893 δι-

233 3940 429 4003 καίους
456 3977 471 4002 ,
509 3937 853 4008 πατριάρχας
880 3952 939 3987 τε
988 3934 1081 3988 καὶ
1123 3934 1441 4006 προφήτας,
1490 3934 1654 4002 γάμῳ
1696 3948 1825 3984 συν-

232 4030 476 4101 αφθῆναι
504 4028 559 4081 αἱ
592 4027 809 4099 Γραφαὶ
836 4024 1173 4078 διδάσκουσιν
1205 4022 1389 4094 ὑμῶν;
1415 4022 1488 4077 Ού
1521 4022 1683 4093 277
1720 4023 1823 4075 Πέο

231 4142 366 4198 τρον
429 4124 658 4189 ἐκεῖνον,
718 4118 777 4174 ὃν
837 4119 935 4174 καὶ
986 4118 1284 4189 κορυφαῖον
1338 4114 1449 4168 τῶν
1506 4116 1820 4169 ἀποστόλων

235 4217 379 4283 φατὲ
407 4214 521 4283 (29)
551 4211 856 4282 γεγονέναι,
888 4208 1133 4283 γαμετὴν
1159 4206 1466 4279 γέγραπται
1493 4205 1818 4275 ὲσχηκέναι;

233 4309 394 4362 Τῖσιν
426 4302 518 4361 οὖν
543 4304 703 4369 αὐτὸς
725 4302 1071 4375 πειθόμενος,
1103 4300 1383 4373 μολυσμὸν
1413 4297 1574 4353 τοῦτο
1598 4297 1818 4363 καλεῖς;

1926 3266 2069 3335 enim
2100 3283 2209 3352 ipsa
2242 3300 2445 3353 quoque
2475 3286 2890 3342 Christianorum
2919 3266 3172 3342 librorum
3205 3290 3384 3358 ignara
3400 3266 3485 3342 at-

1927 3386 2030 3441 que
2051 3389 2242 3441 expers
2261 3390 2399 3441 sum,
2415 3392 2595 3431 verum
2618 3389 2671 3432 et
2699 3381 2891 3433 multos
2912 3380 2963 3434 in
2991 3382 3154 3447 patria
3177 3396 3292 3433 mea
3318 3380 3480 3435 libros

1929 3465 2148 3535 perlegi,
2176 3476 2227 3517 et
2256 3482 2399 3534 smpe
2427 3482 2544 3520 cum
2590 3469 2903 3524 Christianis
2938 3486 3211 3526 sermones
3262 3471 3480 3525 contuli.

1930 3544 2062 3618 Quid
2094 3554 2290 3621 igitur?
2326 3554 2510 3611 Nonne
2548 3558 2599 3611 in
2630 3561 2853 3627 quodam
2901 3561 3151 3616 librorum
3184 3574 3481 3615 vestrorum

1932 3645 2185 3713 scriptum
2207 3657 2287 3700 est
2316 3663 2329 3699 :
2354 3647 2668 3704 lionornbile
2696 3653 3014 3706 connubium
3042 3663 3095 3707 et
3125 3663 3271 3708 torus
3301 3654 3484 3708 imma-

1929 3734 2134 3788 culatus
2155 3735 2339 3807 (Hebr.
2369 3739 2520 3808 xm)?
2550 3742 2622 3794 Ac
2650 3757 2856 3795 rursum
2887 3760 2901 3796 :
2932 3743 3113 3797 Melius
3157 3754 3239 3798 est
3284 3745 3485 3800 nubere

1928 3841 2085 3894 quam
2126 3829 2201 3881 uri
2246 3826 2298 3899 (Ι
2317 3828 2434 3883 Cor.
2466 3831 2593 3900 vn)?
2617 3833 2689 3886 Ac
2714 3848 2959 3888 rursum:
3007 3834 3158 3898 Quod
3192 3834 3329 3888 Deus
3355 3849 3484 3888 con-

1931 3919 2121 3981 iunxit,
2148 3917 2305 3971 homo
2328 3934 2431 3972 non
2457 3933 2665 3987 separet
2688 3921 2899 3991 (Matth.
2930 3924 3071 3991 xvi)?
3094 3924 3277 3978 Nonne
3300 3938 3485 3977 omnes

1933 4013 2136 4058 veteres
2150 4007 2296 4073 justi,
2327 4016 2430 4060 tam
2453 4012 2760 4076 patriarchae
2782 4028 2937 4080 quam
2961 4014 3229 4082 propheta:
3251 4014 3485 4082 legitimo

1932 4094 2264 4148 tnalriuluniu
2280 4098 2552 4163 capillatos
2574 4098 2734 4155 fuisse
2749 4101 3037 4170 Scriptum
3054 4112 3241 4157 Vestrae
3265 4104 3491 4157 docent?

1930 4187 2113 4243 Nonne
2166 4189 2348 4243 Petrus
2404 4192 2490 4247 ille
2521 4231 2536 4255 ,
2594 4210 2747 4260 quem
2798 4197 3153 4262 apostolorum
3198 4197 3490 4265 principem

1931 4277 2092 4334 fuisse
2110 4281 2427 4349 praedicatis,
2457 4298 2671 4339 uxorem
2689 4285 2934 4342 habuisse
2949 4303 3036 4343 scr
3058 4289 3197 4343 bitur
3214 4290 3365 4360 (Luc.
3381 4288 3490 4357 tv)?

316 4502 431 4575 (2i)
462 4502 526 4575 ς),
558 4502 677 4575 ὅσα.
708 4500 1125 4575 ΕοῃιῐιιιΙοηιΑὼς
1160 4498 1256 4553 ἀτε
1290 4514 1398 4552 non
1431 4500 1597 4555 semel
1622 4497 1734 4567 jam
1766 4501 1822 4555 ad

1925 4500 2014 4555 iuit
2047 4518 2061 4555 :
2094 4498 2238 4554 conf.
2276 4517 2364 4571 pp.
2400 4500 2523 4566 120,
2558 4501 2679 4569 129,
2714 4503 2837 4557 172.

312 4571 425 4646 (se)
456 4572 611 4646 crint.
644 4586 697 4646 p_.
726 4572 832 4626 210
852 4610 868 4635 ,
900 4571 1077 4646 n._4o.

313 4638 429 4716 (25)
462 4638 944 4716 Plriles'in‘anum_
969 4641 1318 4716 Ιει-ερίνιιιιιλιζ
1343 4639 1411 4694 59
1445 4656 1460 4716 ς
1492 4638 1756 4716 Θνᾼήσκων
1785 4641 1816 4693 ὁ

1925 4640 2037 4707 ττιξ
2065 4638 2492 4716 ’μουσικῶτερον
2534 4639 2681 4716 λέγει
2707 4658 2723 4673 ·
2778 4641 2889 4694 Kal
2920 4641 2983 4716 ei)
3031 4641 3169 4711 πρὸς
3198 4642 3387 4716 αὐταῖς
3418 4641 3513 4716 έκ-

239 4709 437 4777 πνοαῖς
467 4715 587 4775 ταῖς
618 4710 877 4781 ὲσχάταις
907 4710 1107 4780 Στολὴν
1137 4709 1358 4782 στολίζῃ
1407 4710 1505 4779 τὴν
1557 4711 1877 4779 έταιρικωτέ

235 4787 353 4841 Kal
394 4785 459 4837 σὺ
493 4782 628 4853 πρὸς
658 4783 849 4853 αὑταῖς
877 4783 996 4840 ταῖς
1025 4782 1215 4843 πνοαῖς
1244 4784 1431 4845 ταῖς...
1464 4782 1607 4853 quod
1641 4782 1846 4853 malim.

1922 4729 2006 4767 αν.
2054 4711 2236 4766 Codex
2268 4712 2432 4773 εδει,
2470 4712 2559 4780 qui
2594 4715 2645 4764 id
2676 4727 2894 4766 carmen
2946 4712 3239 4766 Prodromo
3272 4713 3458 4764 tribuit
3495 4728 3509 4765 :

1905 4781 2052 4845 labet
2076 4792 2131 4835 et
2161 4782 2614 4852 ὲταιρικωτάτην,
2651 4784 2814 4849 quod,
2847 4782 2917 4836 ob
2950 4781 3370 4852 μουσικώτερον,
3400 4797 3505 4834 non

237 4851 597 4928 praetulerim.
648 4852 820 4918 Quam
853 4853 906 4907 iu
957 4866 1023 4906 eo
1053 4861 1301 4921 poemate
1351 4851 1751 4905 restitutionem
1785 4852 1890 4906 feci
1938 4854 2144 4920 copula:
2190 4851 2304 4908 καὶ.
2338 4859 2377 4905 t.
2411 4852 2452 4916 Ι,
2502 4851 2557 4922 p.
2607 4852 2732 4921 554,
2785 4851 2973 4908 codice
3005 4853 3269 4907 ﬁrmatam
3323 4854 3512 4905 eodem

236 4925 414 4995 imper
445 4925 574 4978 vidi.

310 4986 426 5067 (24)
458 4996 526 5067 Α,
557 4992 802 5067 ὲλκ-ὖ-σαι.
834 4990 1276 5067 Prtepositionem
1306 4988 1348 5045 C
1379 4989 1549 5067 dedit.
1582 4990 1821 5067 Saracen

1939 4992 2273 5067 Commelini
2292 5009 2414 5067 pag.
2450 4994 2503 5067 ii,
2536 4995 2611 5067 de
2632 4993 2975 5067 Malloniethe
3004 5009 3019 5046 :
3047 4986 3216 5067 Οὗτος
3245 4991 3515 5067 ἀπὸ-μιᾶς

234 5062 352 5121 τῶν
384 5062 444 5133 ἐξ
486 5065 712 5136 Ἰσμαὴλ
758 5062 943 5136 φυλῶν
984 5062 1379 5136 καταγόμενος,
1414 5062 1510 5136 καὶ
1560 5062 1758 5136 κομιδῆ
1790 5062 1908 5125 νέος
1954 5062 2326 5136 ὀρφανισθεξς.
2368 5062 2549 5136 codex
2598 5066 2770 5127 1270,
2814 5062 3264 5136 ἀπορφανισθείς.
3308 5064 3513 5117 Ibidem

234 5130 439 5216 ναξ-ξ
466 5130 686 5216 Latna;
717 5130 888 5187 πολλά
917 5130 1290 5216 τερατολογῶν
1320 5135 1377 5183 ὲν
1408 5130 1822 5216 τῇιιτὶοιαύτῃὲγρ

1976 5130 2213 5216 Ῡέέευττές
2244 5134 2612 5216 ἇξξακΜεΙίιιξ
2645 5130 2939 5216 συγγραφῇ
2972 5130 3023 5188 in
3069 5132 3275 5216 codice.

316 5200 435 5276 (25)
466 5206 532 5271 C,
563 5205 872 5267 λεαίνουσα,
905 5200 1064 5258 simili
1097 5202 1413 5255 omissione.
1447 5200 1822 5271 Philostr."EpT

316 5278 341 5328 ὲ
371 5280 465 5328 τὸν
494 5277 611 5328 Δία.
643 5275 778 5328 Cod.
809 5274 983 5328 Paris.
1018 5271 1155 5327 1696
1185 5281 1240 5328 et
1270 5271 1443 5327 Vatic.
1478 5271 1601 5328 ΗΟ.
1635 5289 1822 5328 συμπα

1925 5200 1943 5255 ι’
1969 5200 1995 5257 τ⁷
2020 5204 2091 5257 Ἢ
2123 5206 2232 5276 γὰρ
2261 5205 2370 5287 τῶν
2408 5204 2653 5287 ἐραστῶν
2684 5200 2854 5328 ὲχῗῆν
2876 5200 2983 5258 ’σοι
3014 5202 3272 5327 imperitat
3302 5218 3449 5264 τινα,
3480 5200 3514 5272 ἢ

1925 5291 2005 5328 ναι
2038 5276 2215 5328 bene:
2249 5276 2443 5328 melius
2469 5286 2636 5328 etiam
2679 5276 2751 5328 έν.
2811 5274 2844 5328 ἦ
2874 5273 2966 5327 τὸν
2995 5276 3054 5328 Δ.
3139 5288 3189 5327 Ix
3224 5276 3513 5327 notandum

236 5271 341 5348 δμὲ
371 5271 465 5331 τὸν
494 5277 611 5331 Δία.
631 5274 989 5348 iCod.Pa_ris._
1018 5271 1155 5327 1696
1185 5281 1240 5328 et
1270 5271 1443 5327 Vaiic.
1478 5271 1601 5339 ΗΟ,
1635 5289 1822 5344 συμπα

1925 5291 2005 5328 ναι
2038 5271 2215 5342 bene;
2249 5271 2636 5331 meliusetiam
2679 5271 2751 5347 ἐμ

237 5345 367 5405 esse
395 5364 459 5418 συ
469 5347 751 5418 μπαρῆναι
767 5347 854 5418 _i_u
871 5345 1046 5400 Paris.

317 5417 428 5491 (26)
463 5414 732 5491 Epistfad
765 5416 929 5491 lighr.
962 5429 1083 5479 xm,

312 5485 430 5558 (27)
464 5489 480 5541 l
509 5485 684 5557 Epist.
717 5486 786 5541 ad
816 5485 941 5558 Cor.
974 5501 1070 5549 νιι,
1105 5487 1158 5541 9.

312 5494 405 5558 (27
464 5494 480 5541 1
514 5494 684 5557 Epist.
717 5494 786 5541 ad
816 5494 883 5541 Cu

312 5494 430 5631 (28)
457 5558 644 5631 Matth.
676 5557 883 5631 3|X,_6.

2811 5273 2844 5345 ἢ
2874 5273 2966 5327 τὸν
2995 5276 3054 5328 Δ.
3089 5273 3189 5327 Vix
3224 5276 3513 5327 notandum

315 5626 428 5700 (29)
461 5629 618 5684 Conf.
651 5628 851 5685 similia
882 5643 934 5698 p.
967 5628 1036 5700 78
1063 5636 1117 5700 et
1146 5626 1379 5700 963nm,
1432 5641 1529 5698 pro
1544 5629 1588 5700 _6
1619 5644 1822 5700 xopytpa

1943 5627 2052 5700 τῶν
2084 5627 2359 5700 μαθητῶν
2409 5627 2637 5700 Πέτρος,
2669 5638 2753 5683 est
2785 5630 2836 5684 in
2871 5629 2917 5685 C
2948 5631 2998 5687 ὁ.
3030 5647 3095 5684 κ..
3120 5648 3169 5686 τ.
3202 5626 3513 5700 ἀποστόλων

241 5695 613 5771 μ’ϐὠεοιδίυε
640 5700 845 5771 Quaest.
880 5695 933 5767 ί).
967 5699 999 5752 6
1029 5718 1043 5754 :
1072 5695 1179 5771 Τοῦ
1210 5696 1267 5750 δὲ
1310 5695 1618 5771 κορυφαίου
1668 5695 1784 5771 ⁸τῶν

1925 5695 2259 5771 στόλων-δι’
2301 5695 2580 5771 ἐγγράφου
2630 5700 2926 5770 καθολικῆς
2978 5718 3158 5771 παρεγ
3208 5699 3510 5771 γυῶντος...

239 5768 398 5844 Nilus
431 5771 600 5844 Epist.
632 5770 737 5827 510
766 5771 955 5844 εμὍρα
989 5786 1078 5839 μοι
1099 5767 1191 5844 τὸν
1220 5767 1437 5839 πρῶτον
1459 5770 1603 5823 λίθον
1631 5768 1727 5837 τῆς
1757 5768 2076 5838 ἐκκλησίας,
2103 5768 2309 5840 Πέτρον
2338 5767 2435 5840 τὴν
2465 5773 2707 5843 κορυφὴν
2735 5772 2828 5827 τοῦ
2860 5767 3020 5844 χοροῦ
3043 5767 3119 5827 τῶ
3138 5767 3496 5826 νάποστόλων

242 5843 396 5899 Adde
430 5831 591 5900 Wo'u.
620 5840 825 5897 A‘uecd.
857 5831 903 5895 ι.’
930 5831 1066 5909 t,'p.
1098 5838 1189 5892 at.
