4042 6428
579 367 717 435 1147

2017 381 2395 444 ADDENDA.

3682 399 3825 464 IMR

576 478 712 545 Quid
744 483 901 551 igitur
939 494 989 538 te
1021 487 1256 555 adduxit,
1283 499 1337 543 ut
1362 506 1471 545 rem
1504 493 1801 562 hujusmodi
1831 496 2122 563 Spurcitiem

2254 492 2404 545 Πάνυ
2442 510 2533 562 μοι
2564 494 2772 560 δοκεῖς,
2808 496 3041 552 δέσποτα
3067 538 3081 560 ,
3125 500 3226 569 τῆς
3270 500 3531 570 ἀληθείας
3560 503 3660 557 τῶν
3693 505 3820 573 60y-

574 570 903 637 appellares?
932 572 1247 646 Magnopere
1271 595 1396 635 sane
1418 583 1542 637 mihi
1566 602 1594 638 a
1615 584 1913 654 dogmatum
1930 597 2132 642 vestro-

573 669 690 711 rum
718 662 937 718 veritate
959 666 1207 721 aberrare
1237 669 1448 724 videris.

641 746 737 802 Cui
785 751 875 806 ille
922 758 1190 823 respondit
1232 774 1247 813 :
1292 759 1361 812 lta
1407 760 1663 829 profecto,
1696 766 1905 830 mulier,
1935 767 2047 822 haec
2072 783 2131 824 se

571 832 792 903 habent,
819 846 1259 908 quemadmodum
1284 849 1375 904 abs
1400 860 1451 906 te
1471 853 1665 907 dictum
1687 866 1788 910 est.
1819 857 1966 912 Licet
1988 860 2128 913 enim

573 931 894 995 quibuslibet
924 940 1260 995 matrimonio
1288 945 1542 1012 copulari,
1592 948 1823 1014 exceptis
1852 958 2025 1002 tamen
2064 950 2129 1004 iis

572 1022 659 1087 qui
686 1024 1037 1090 virginitatem
1060 1028 1270 1084 Christo
1291 1034 1455 1088 semel
1480 1036 1830 1102 promiserint.
1858 1038 1964 1105 Ego
1986 1040 2128 1092 enim

570 1113 634 1165 ab
660 1127 724 1166 eo
752 1114 835 1166 die
864 1133 968 1185 quo
997 1134 1087 1186 per
1117 1122 1278 1177 divini
1317 1124 1557 1192 baptismi
1599 1124 1864 1179 lavacrum
1889 1142 1917 1180 a
1941 1127 2129 1197 juven-

573 1205 695 1256 tutis
710 1215 761 1258 et
780 1208 1089 1276 ignorantia:
1108 1228 1238 1267 mea:
1261 1218 1484 1282 peccatis
1506 1229 1754 1287 purgatus
1775 1234 1914 1285 sum,
1940 1237 2125 1289 purum

572 1296 826 1366 nieipsutn
870 1300 1082 1359 Christo
1111 1307 1359 1363 exhibere
1399 1312 1661 1378 pollicitus
1705 1327 1843 1366 sum.
1890 1315 2127 1380 Quonam

572 1386 732 1453 igitur
762 1392 918 1447 modo
948 1407 1098 1464 pacta
1128 1413 1187 1454 ea
1215 1414 1329 1470 qua:
1357 1415 1477 1456 cum
1522 1401 1628 1456 Deo
1659 1404 1809 1459 sanxi
1838 1405 2127 1465 dissolvere

570 1486 726 1543 atque
749 1479 1037 1552 infringere
1054 1488 1292 1543 audebo?

640 1568 863 1627 Rursum
892 1588 1063 1632 autem
1094 1582 1158 1633 ad
1201 1597 1319 1637 eum
1346 1586 1539 1643 mulier
1568 1589 1650 1645 his
1672 1594 1849 1649 verbis
1880 1611 1971 1651 usa
1998 1607 2079 1653 est
2108 1616 2123 1653 :

569 1655 651 1711 Sit
680 1677 804 1716 sane
846 1665 912 1720 de
950 1668 1045 1723 liae
1075 1685 1130 1724 re
1160 1682 1214 1725 ut
1242 1675 1353 1742 ipse
1383 1678 1478 1732 vis.
1509 1682 1578 1735 At
1606 1684 1848 1753 exiguam
1880 1689 2122 1757 alteram,

568 1764 629 1801 ac
653 1753 847 1810 nullius
877 1762 1121 1817 momenti
1150 1767 1485 1834 cupiditatem
1528 1789 1696 1830 meam
1725 1781 1899 1848 exple,
1929 1783 1972 1836 si
2002 1785 2120 1852 qui-

2251 586 2439 656 μάτων
2468 588 2620 658 ὐμῶν
2646 590 3086 671 ἀποπλανᾶσθαι.

2331 763 2389 816 Ὀ
2427 762 2505 829 δέ,
2553 764 2690 829 Ναὶ,
2727 766 2914 835 φησὶν,
2960 760 3004 820 ὦ
3040 766 3220 836 γύναιο
3272 770 3449 836 οὕτως
3497 772 3602 842 ἔχει
3643 776 3821 826 ταῦτα

2253 854 2432 907 πάντα
2473 854 2652 918 καθὼς
2693 857 2943 927 εἴρηκας.
2992 859 3233 927 Ἐφείται
3270 863 3381 932 γάρ
3415 865 3526 926 toi;
3564 864 3821 933 βουλομέ-

2246 964 2357 1010 νοις
2391 947 2551 1017 γάμῳ
2589 954 2888 1005 κοινωνεῖν·
2923 951 3038 1007 ἀλλ’
3068 953 3127 1006 οὐ
3159 958 3272 1017 τοῖς
3308 956 3456 1020 ἅπαξ
3487 958 3819 1024 ἐπαγγελλοο

2250 1038 2431 1105 μένοις
2457 1039 2535 1109 τῷ
2564 1042 2784 1112 Χριστῷ
2816 1042 3195 1111 παρθενεύειν.
3236 1046 3379 1115 Ἐγὼ
3412 1048 3539 1119 γὰρ,
3571 1051 3719 1113 ἐξότε
3743 1051 3821 1119 τῷ

2246 1127 2452 1201 λουτρῷ
2483 1131 2849 1204 ἐκαθαρίσθην
2872 1134 2966 1187 τοῦ
2989 1135 3133 1189 θείου
3160 1138 3559 1209 βαπτίσματος,
3586 1141 3695 1193 τῶν
3720 1146 3818 1212 τῆς

2245 1221 2493 1290 νεότητος
2516 1226 2611 1277 καὶ
2633 1225 2858 1293 ἀγνοίας
2880 1244 2982 1297 μου
3005 1231 3367 1301 πταισμάτων
3388 1231 3623 1303 καθαρὸν
3646 1235 3816 1302 ἐμαυ·

2243 1310 2333 1363 τὸν
2368 1313 2716 1384 παραστῆσαι
2746 1315 2823 1385 τῷ
2860 1317 3083 1389 Χριστῷ
3118 1322 3522 1392 συνεταξάμην
3562 1324 3651 1374 καὶ
3698 1323 3815 1387 πῶς

2242 1402 2310 1456 τὰ
2339 1403 2737 1476 ὡμολογημένα
2772 1407 2889 1479 Θεῷ
2916 1408 3167 1463 διαλῦσαι
3204 1411 3499 1483 τολμήσω;

2244 1582 2247 1583 ⁷
2318 1584 2464 1653 Ἔφη
2499 1584 2555 1637 δέ
2590 1584 2747 1647 αὐθις
2786 1588 2819 1657 ή
2868 1589 3031 1657 γυνή’
3071 1589 3254 1642 Ἔστω
3308 1591 3405 1644 καλ⁵
3435 1590 3592 1645 τοῦτό
3623 1610 3719 1645 σου
3755 1595 3813 1646 τὺ

2243 1671 2474 1744 θέλημα,
2509 1674 2690 1738 καθὼς
2722 1676 2952 1746 βούλοιο.
2989 1678 3191 1749 ’Ἄλλην
3235 1681 3291 1733 δὲ
3327 1683 3533 1751 μικράν
3562 1699 3683 1735 τινα
3721 1684 3813 1736 καὶ

2240 1764 2535 1833 οὐδαμινὴν
2562 1765 2850 1840 πλήρωσον
2881 1768 3178 1839 ἐπιθυμίαν
3208 1789 3333 1841 μου,
3362 1772 3525 1841 εἴπερ
3564 1773 3731 1837 ὅντως
3758 1778 3814 1827 ἐν

567 1840 686 1895 dem
730 1848 918 1901 animae
958 1867 1088 1908 mea:
1127 1858 1348 1914 salutem
1378 1863 1566 1919 afferre
1590 1867 1679 1921 tibi
1707 1871 1853 1925 cordi
1882 1884 1981 1928 est.
2016 1877 2122 1931 liae

2239 1854 2469 1927 ἀληθείᾳ
2502 1857 2597 1927 τὴν
2626 1857 2803 1928 ψυχήν
2839 1876 2938 1928 μου
2976 1858 3151 1924 θέλεις
3190 1861 3381 1914 σῷσαι.
3420 1840 3692 1933 Συγγενοῦ
3727 1884 3815 1935 μω

566 1934 821 1990 ἀυηιαχειι
860 1950 1011 1995 nocte
1041 1960 1242 2001 mecum
1275 1967 1383 2005 rem
1418 1954 1573 2024 habe,
1615 1969 1771 2029 atque
1811 1964 1961 2020 effice
1988 1977 2124 2024 utet

458 2031 467 2038 '
565 2039 664 2089 ego
713 2036 797 2080 tua
849 2031 1236 2096 pulchritudine
1288 2038 1450 2107 fruar,
1492 2060 1553 2100 ac
1607 2058 1659 2102 tu
1699 2066 1905 2107 rursum
1939 2055 2121 2112 forma:

564 2128 697 2168 mea:
725 2118 980 2187 elegantia
1028 2128 1307 2193 cxplear-is.
1360 2132 1509 2198 Quod
1557 2138 1601 2191 si
1654 2140 1863 2209 feceris,
1896 2145 1997 2200 hoc
2028 2149 2118 2202 tibi

563 2208 840 2276 polliceor,
874 2229 957 2268 me
981 2217 1134 2271 simul
1165 2230 1318 2289 atque
1345 2228 1456 2281 dies
1488 2229 1735 2300 illuxerit,
1768 2234 2117 2295 Christianam

563 2299 868 2367 religionem
900 2318 1284 2381 suscepturum,
1316 2325 1469 2386 atque
1496 2336 1703 2377 omnem
1726 2326 1943 2381 deorum
1978 2346 2121 2384 meo-

561 2401 677 2441 rum
696 2392 890 2446 cultum
912 2394 1027 2466 fuga
1051 2401 1347 2458 relicturam
1374 2422 1508 2463 esse.
1540 2413 1710 2482 Atque
1730 2416 1797 2470 ob
1819 2416 2114 2486 hujusmodi

558 2483 860 2551 consilium,
901 2504 1002 2542 non
1033 2494 1188 2549 modo
1217 2498 1443 2564 veniam,
1490 2504 1581 2556 sed
1636 2507 1793 2561 etiam
1838 2509 2114 2583 beneficia,

558 2574 743 2627 salutis
784 2594 914 2632 mere
956 2595 1134 2649 eausa,
1160 2602 1188 2640 a
1222 2587 1326 2643 Deo
1352 2599 1441 2644 tuo
1468 2598 1824 2663 consequeris.
1855 2599 2113 2656 Caudium

558 2661 721 2725 enim,
757 2666 922 2733 inquit
960 2670 1227 2741 Scriptura
1270 2686 1377 2745 tua,
1428 2670 1597 2736 estin
1628 2686 1763 2738 ccelo
1811 2703 1970 2756 super
2011 2709 2115 2747 uno

558 2763 835 2817 peccatore
861 2762 1215 2820 penitentiam
1252 2779 1439 2837 agente
1462 2772 1635 2842 (Luca:
1662 2778 1942 2847 xnx).Nam
1975 2784 2015 2836 si
2048 2786 2116 2839 nh

556 2843 798 2899 scelerati
825 2847 1054 2905 hominis
1084 2857 1495 2924 resipiscentiam
1528 2865 1706 2921 lzetitia
1730 2871 1781 2924 in
1813 2873 1949 2927 coelo
1970 2879 2113 2930 exci-

545 2950 712 3006 tatur,
749 2945 883 3014 quid
929 2947 1113 3002 afferri
1148 2959 1328 3019 potest
1355 2952 1489 3021 quin
1531 2954 1695 3025 hujus
1736 2959 2129 3029 resipisccntia:

542 3037 757 3090 auctori
794 3054 1049 3109 magnum
1096 3044 1383 3111 praemium
1412 3047 1721 3103 debeatur?
1745 3051 1825 3106 Ita
1865 3064 2014 3109 certe
2044 3071 2129 3110 res

544 3141 602 3178 se
636 3126 819 3187 habet,
859 3145 960 3184 nec
982 3142 1067 3185 est
1099 3133 1243 3201 quod
1271 3135 1509 3191 dubites.
1541 3137 1725 3205 Quid?
1758 3140 1956 3198 Annon
1996 3160 2128 3215 apo-

542 3216 670 3270 stoli
721 3234 961 3288 quoque,
1009 3223 1291 3294 religionis
1343 3237 1543 3284 vestrae
1593 3231 1783 3299 duces,
1844 3213 2197 3306 compluraC

541 3316 693 3362 certo
727 3312 959 3366 consilio
1005 3313 1299 3383 faciebant,
1351 3318 1604 3375 divinum
1640 3336 1979 3396 praeceptum
2013 3345 2129 3384 ma-

534 3398 675 3467 joris
722 3403 978 3470 praecepti
1023 3421 1186 3461 causa
1233 3408 1515 3465 interdum
1580 3413 1890 3471 violantes?
1932 3418 2131 3475 Annon

540 3489 743 3547 Paulus
794 3493 1172 3562 Timotheum,
1219 3505 1626 3570 praestantioris
1673 3508 1888 3563 consilii
1941 3527 2127 3579 causa,

538 3582 958 3642 circumcidisse
996 3589 1199 3647 dicitur
1236 3593 1369 3665 (Act.
1399 3598 1546 3668 xvr)?
1577 3598 1743 3670 Atqui
1774 3602 2128 3662 circumcisio

538 3677 683 3745 apud
730 3676 1078 3739 Christianos
1112 3685 1167 3739 in
1209 3688 1442 3744 crimine
1471 3700 1764 3761 censetur;
1798 3711 1904 3751 nec
1943 3708 2126 3755 tamen

538 3766 629 3821 ille
672 3768 779 3825 hoc
828 3772 1012 3829 facere
1063 3775 1358 3833 dubitavit.
1419 3782 1599 3852 Atque
1645 3786 1750 3841 alia
1807 3789 2125 3860 hujusmodi

536 3862 810 3930 permulta
842 3864 897 3919 in
941 3866 1244 3937 Scripturis
1284 3873 1392 3927 tuis
1434 3872 1702 3944 reperies.
1751 3878 2046 3949 Quocirca,
2080 3887 2125 3941 si

537 3953 686 4008 serio
728 3957 925 4013 animae
956 3975 1089 4016 mea:
1129 3964 1363 4020 salutem
1405 3967 1604 4024 afferre
1652 3974 1832 4043 cupis,
1870 3975 2123 4045 exiguam

536 4045 679 4104 hanc
712 4064 889 4105 meam
922 4053 1282 4123 cupiditatem
1331 4063 1519 4131 exple;
1555 4072 1611 4120 et
1642 4080 1765 4137 ego,
1810 4084 2123 4139 quanquam

534 4138 743 4209 alioqui
775 4142 1023 4211 perfecto
1066 4148 1409 4205 matrimonii
1450 4169 1590 4207 nexu
1642 4165 1824 4211 tecum
1876 4160 2121 4229 copulari

533 4230 784 4299 cupiens,
831 4241 1014 4289 tamen
1063 4238 1326 4306 quoniam
1379 4241 1432 4295 id
1486 4243 1587 4298 tibi
1635 4247 1860 4302 minime
1903 4260 2118 4319 gratum

530 4329 639 4386 est,
687 4340 796 4378 non
850 4326 963 4397 jam
1016 4328 1114 4383 tibi
1154 4331 1267 4385 vim
1322 4334 1571 4402 afferam,
1609 4354 1799 4392 verum
1848 4342 2117 4412 quidquid

531 4414 719 4470 animo
759 4425 853 4473 tuo
884 4419 1176 4489 insederit,
1209 4427 1441 4494 posthac
1487 4428 1703 4484 faciant.
1742 4432 1822 4486 Tu
1853 4434 2019 4504 igitur
2047 4452 2116 4491 ne

534 4522 623 4561 me
671 4524 891 4581 quoque
950 4529 1180 4582 prorsus
1211 4517 1444 4588 abjicias
1471 4529 1528 4573 et
1561 4526 1888 4591 cxsecreris,
1922 4542 2116 4581 verum

2236 1947 2407 2017 ταύτῃ
2435 1950 2500 2017 τῇ
2528 1950 2684 2001 νυκτὶ
2707 1952 2802 2002 καὶ
2830 1950 3013 2019 μόνον,
3042 1952 3135 2004 καὶ
3155 1951 3250 2005 τοῦ
3280 1954 3374 2006 σοῦ
3403 1958 3815 2029 κατατρυφῆσαί

2240 2054 2307 2108 με
2341 2038 2571 2101 κάλλους
2606 2041 2851 2110 ποίησον,
2880 2042 2981 2111 τῆς
3005 2044 3146 2113 ἐμῆς
3186 2062 3246 2096 τε
3284 2046 3445 2111 αὐτὸς
3475 2048 3813 2119 ἐμπλήσθητι

2236 2130 2593 2200 ὡραιότητος.
2627 2132 2737 2184 Καὶ
2768 2132 2925 2201 λόγον
2967 2150 3049 2186 σοι
3088 2134 3314 2205 δίδωμι,
3348 2137 3465 2207 ἅμα
3499 2138 3647 2209 πρωῒ
3687 2141 3815 2211 Χρι-

2236 2222 2457 2293 στιανὴν
2484 2223 2739 2291 γενέσθαι
2772 2225 2867 2278 καὶ
2901 2226 3081 2278 πᾶσαν
3117 2228 3377 2295 ἐκφυγεῖν
3406 2229 3507 2300 τὴν
3541 2230 3656 2286 τῶν
3684 2232 3811 2284 θεῶν

2237 2331 2338 2387 μου
2381 2315 2657 2388 λατρείαν.
2708 2319 2819 2371 Καὶ
2862 2316 3014 2370 ἔσται
3070 2335 3155 2371 σοι
3197 2319 3258 2371 οὐ
3306 2321 3467 2391 μόνον
3517 2324 3810 2397 συγγνώμη

2232 2406 2418 2462 ἕνεκεν
2452 2407 2885 2481 τῆςοίκονομίας
2919 2409 3142 2480 ταύτης,
3163 2410 3297 2468 ἀλλὰ
3330 2414 3423 2467 καὶ
3444 2413 3811 2487 (“Impeditith-

2232 2498 2458 2568 άμειψις
2492 2501 2642 2569 παρὰ
2700 2499 2779 2571 τῷ
2816 2500 2937 2572 Θεῷ
2991 2519 3085 2555 σου
3128 2503 3290 2557 ἕνεκα
3316 2506 3414 2575 τῆς
3444 2508 3587 2576 ἐμῆς
3644 2527 3809 2580 σωτη-

2233 2592 2376 2661 ρίας·
2417 2590 2575 2661 Χαρὰ
2624 2592 2732 2662 γὰρ
2756 2633 2770 2657 ,
2807 2595 2969 2663 φησὶν
3007 2597 3040 2666 ἡ
3074 2596 3262 2667 Γραφή
3302 2614 3395 2650 σου
3432 2598 3588 2669 (50),
3616 2600 3813 2669 γίνεται

2230 2682 2397 2751 278
2424 2685 2480 2738 ἐν
2510 2683 2724 2753 οὐρανῷ
2755 2684 2841 2754 ἐφ’
2881 2686 2964 2739 ἐνὶ
2993 2686 3303 2757 ἁμαρτωλῷ
3332 2691 3717 2759 μετανοοῦντι.
3756 2694 3811 2745 Εἰ

2230 2773 2324 2826 οὖν
2361 2773 2507 2844 χαρὰ
2533 2775 2740 2843 γίνεται
2778 2777 2838 2828 ἐν
2867 2778 3082 2849 οὐρανῷ
3104 2780 3169 2833 δι’
3196 2781 3537 2852 ἐπιστροφὴν
3563 2784 3815 2853 ἀμαρτω-

2229 2865 2321 2919 λοῦ
2346 2905 2363 2931 ,
2392 2866 2472 2937 τῷ
2507 2867 2753 2939 προξένῳ
2775 2870 2873 2940 τῆς
2905 2871 3244 2945 ἐπιστροφῆς
3276 2874 3338 2925 οὐ
3370 2876 3549 2944 μέγας
3592 2877 3811 2944 ἐπορεξ-

2229 2957 2379 3012 λεται
2424 2960 2649 3029 μισθός;
2681 2962 2821 3027 Ναὶ,
2858 2963 3030 3027 οὕτως
3060 2964 3175 3034 ἔχει
3197 3006 3211 3033 ,
3249 2967 3343 3019 καὶ
3374 2968 3450 3037 μὴ
3482 2968 3809 3036 ἀμφίϐαλλε.

2231 3051 2305 3104 Οὐ
2356 3051 2528 3105 πολλὰ
2574 3052 2631 3105 δὲ
2680 3054 2773 3106 καὶ
2820 3055 2868 3107 οἱ
2905 3056 3140 3126 ἀρχηγοὶ
3180 3057 3280 3127 τῆς
3322 3058 3625 3129 θρησκείας
3668 3061 3813 3131 ὑμῶν

2228 3142 2516 3196 ἀπόστολοι
2573 3145 2690 3197 κατ’
2729 3146 3041 3216 οἰκονομίαν
3086 3149 3327 3215 ἐποίουν,
3376 3152 3813 3221 παραϐαίνοντες

2229 3231 2341 3284 ἔσθ’
2379 3234 2467 3286 ὅτε
2513 3235 2753 3305 ἐντολὴν,
2801 3236 2964 3290 ἕνεκα
3012 3238 3263 3309 μείζονος
3304 3242 3561 3311 ἐντολῆς;
3606 3245 3685 3296 Οὐ
3730 3245 3813 3297 τὸν

2231 3324 2442 3378 Παῦλον
2471 3324 2691 3395 λέγεται
2721 3331 3039 3400 περιτεμεῖν
3070 3331 3161 3384 τὸν
3184 3332 3449 3402 Τιμόθεον
3480 3336 3621 3404 (3f),
3657 3338 3816 3391 ἕνεκα

2230 3419 2539 3489 κρείττονος
2580 3419 2930 3491 οἱκονομίας;
2972 3414 3151 3475 καίτοι
3194 3425 3515 3496 παράνομον
3552 3428 3816 3497 Χριστιασ

2229 3511 2337 3570 νοῖς
2381 3510 2413 3579 ἡ
2462 3512 2734 3581 περιτομὴ
2781 3511 3114 3581 λελόγισται’
3167 3513 3282 3567 ἀλλ’
3330 3515 3483 3586 ὅμως
3512 3518 3727 3582 ἐκεῖνος
3754 3520 3813 3571 οὐ

2230 3603 2584 3673 παρῃτήσατο
2630 3602 2789 3658 τοῦτο
2833 3604 3080 3678 ποιῆσαι.
3127 3608 3236 3661 Καὶ
3276 3607 3449 3662 πολλὰ
3491 3610 3727 3664 τοιαῦτα
3758 3614 3814 3663 ἐν

2229 3693 2347 3756 ταῖς
2386 3694 2627 3765 Γραφαῖς
2671 3712 2765 3749 σου
2796 3698 3073 3769 εὑρήσεις.
3106 3700 3171 3753 Et
3214 3696 3308 3755 οὖν
3346 3702 3488 3755 κατὰ
3527 3703 3811 3772 ἀλήθειαν,

2230 3784 2413 3849 καθὼς
2439 3787 2637 3856 λέγεις,
2670 3789 2843 3842 σῶσαί
2879 3808 2978 3861 μου
3004 3791 3102 3863 τὴν
3128 3791 3309 3864 ψυχὴν
3336 3793 3520 3864 ζητεῖς
3542 3838 3557 3861 ,
3590 3796 3693 3866 τὴν
3727 3815 3816 3866 μι-

2232 3878 2368 3947 κράν
2396 3895 2498 3948 μου
2524 3879 2730 3952 ταύτην
2754 3881 3055 3953 ἐπιθυμίαν
3087 3883 3397 3955 πλήρωσον.
3426 3887 3539 3940 Καὶ
3569 3888 3684 3956 ἐγὼ
3717 3889 3816 3957 μὲν

2229 3968 2407 4040 τελείᾳ
2440 3986 2523 4023 σοι
2549 3971 2804 4043 κοινωνίᾳ
2823 3972 3003 4043 γάμου
3030 3975 3369 4047 συναφθῆναι
3392 3977 3659 4048 ζητοῦσα,
3693 3980 3815 4032 ἐπεί

2231 4077 2312 4113 σοι
2341 4061 2400 4113 οὐ
2429 4062 2768 4134 καταθύμιόν
2805 4065 2920 4119 ἐστι
2964 4065 3144 4135 τοῦτο,
3184 4069 3283 4121 οὐκ
3311 4069 3391 4122 ἐτι
3424 4086 3483 4122 σε
3531 4088 3814 4140 καταναγ-

2233 4151 2421 4217 κάζω,
2454 4153 2523 4207 τὰ
2567 4155 2773 4225 ἀρεστά
2818 4173 2899 4209 σοι
2946 4158 3126 4211 πάντα
3182 4158 3430 4215 ποιοῦσα·
3492 4161 3686 4216 λοιπὸν
3721 4165 3814 4217 καὶ

2229 4243 2394 4306 αὐτὸς
2427 4243 2501 4315 μὴ
2536 4246 2710 4316 πάντη
2755 4246 3000 4320 βδελύξῃ·
3048 4249 3186 4314 ἀλλ’,
3236 4251 3558 4317 ὑπακούσας
3607 4272 3711 4324 μου
3752 4257 3816 4307 τὸ

2230 4334 2377 4402 ἅπαξ
2410 4336 2568 4390 τοῦτο
2591 4378 2606 4404 ,
2656 4338 2852 4404 σώσεις
2884 4358 2985 4409 με,
3018 4343 3119 4411 τῆς
3165 4343 3561 4415 δεισιδαίμονος
3604 4347 3814 4417 πλάνης

2229 4427 2533 4496 ῥυσάμενος
2553 4467 2568 4494 ,
2600 4429 2669 4481 τὰ
2700 4428 2996 4502 δεδογμένα
3026 4431 3082 4485 δέ
3107 4450 3188 4487 σοι
3214 4436 3295 4498 εἰς
3317 4436 3378 4489 τὸ
3408 4436 3535 4508 ἑξῆς
3565 4442 3814 4508 ποιήσεις

2227 4516 2319 4569 διὰ
2352 4517 2468 4586 βίου
2508 4520 2727 4583 παντός.

532 4601 590 4656 in
630 4602 733 4659 hac
771 4621 878 4661 una
924 4624 983 4663 re
1017 4611 1152 4664 mihi
1191 4612 1504 4683 obsequens
1553 4619 1786 4674 salutem
1819 4624 1956 4678 mihi
1989 4626 2146 4692 alter,
2194 4634 2363 4699 atque
2411 4644 2443 4683 a
2483 4629 2870 4699 superstitioso
2903 4646 3095 4688 errore
3138 4648 3226 4689 me
3256 4633 3461 4700 libera,
3514 4645 3572 4689 tu
3615 4646 3800 4693 autem

529 4694 794 4768 deinceps
830 4716 929 4770 per
972 4717 1194 4760 omnem
1223 4708 1350 4762 vita
1388 4725 1613 4765 cursum
1655 4729 1776 4782 qua:
1824 4717 1923 4771 tibi
1961 4720 2079 4773 visa
2114 4720 2321 4778 fuerint
2357 4722 2528 4778 facias
2556 4724 2766 4779 licebit.

607 4789 704 4844 His
726 4792 911 4848 verbis
940 4802 1104 4851 utens
1128 4803 1273 4869 (nam
1294 4809 1350 4855 et
1369 4801 1609 4858 habebat
1624 4807 1715 4876 qui
1737 4810 1839 4878 ipsi
1860 4826 2121 4882 suggered

2302 4811 2457 4866 Οὕτω
2480 4814 2713 4899 λέγουσα
2747 4820 2763 4881 (
2784 4819 2879 4871 καὶ
2903 4821 3013 4892 γάρ
3042 4817 3154 4893 εἶχε
3195 4824 3286 4879 τὸν
3320 4827 3737 4899 εἰσηγούμενον,
3764 4827 3811 4899 ᾧ

532 4889 639 4949 ret,
666 4884 755 4937 cui
777 4884 947 4939 etiam
967 4903 1131 4943 aures
1152 4892 1288 4945 clam
1311 4893 1664 4962 admovebat,
1690 4908 1853 4969 atque
1872 4901 2121 4974 Scriptu-

2233 4904 2322 4959 καὶ
2374 4905 2440 4957 τά
2489 4898 2606 4959 ὧτα
2655 4907 2875 4978 ὑπεῖχεν
2908 4884 3059 4983 {retia-11}
3092 4884 3380 4984 ’κρυφίωςο
3427 4884 3525 4971 καὶ
3553 4884 3811 4989 Τραςέῶν

532 4988 719 5028 rarum
737 4975 949 5045 peritus
970 4987 1055 5033 est
1072 4980 1165 5035 ille
1191 4982 1313 5037 vitii
1336 4984 1534 5041 artifex
1559 4986 1863 5061 diabolus),
1896 4992 2003 5059 his,
2032 4994 2118 5048 in-

529 5079 719 5134 quam,
750 5067 937 5123 verbis
968 5080 1153 5136 utens,
1181 5087 1420 5145 eumque
1443 5077 1787 5148 demulcens,
1810 5097 1873 5137 ac
1902 5084 2040 5139 retia
2061 5094 2117 5140 et

526 5158 758 5228 laqueos
781 5160 885 5231 ipsi
907 5170 1024 5217 tum
1066 5180 1096 5219 a
1135 5164 1366 5232 dextris,
1394 5178 1508 5225 tum
1538 5187 1567 5225 a
1596 5172 1836 5231 sinistris
1866 5176 2112 5249 undique

527 5260 779 5319 nectens,
794 5255 962 5310 animi
979 5256 1152 5326 ipsius
1169 5260 1367 5315 turrim
1384 5262 1736 5333 labefactare,
1757 5268 2111 5343 institutique

528 5340 702 5409 ipsius
713 5358 914 5400 nervos
932 5346 1244 5415 debilitare,
1266 5366 1332 5405 ac
1353 5352 1693 5410 voluntatem
1709 5367 1765 5412 et
1780 5362 2110 5417 sententiam

526 5433 781 5489 emollire
804 5434 1106 5507 incipiebat
1146 5442 1276 5497 Vitii
1308 5452 1490 5498 autem
1522 5455 1688 5515 sator,
1718 5466 1783 5504 ac
1809 5453 2109 5521 proborum

529 5524 777 5587 virorum
791 5527 989 5593 hostis,
1005 5531 1281 5590 labantem
1297 5536 1472 5607 ipsius
1482 5539 1725 5596 animum
1740 5544 2087 5612 conspiciens

619 5648 730 5716 (50)
762 5647 893 5707 Luc.
924 5664 1017 5716 xv,
1049 5649 1103 5704 7.

618 5719 731 5788 (3|)
767 5720 886 5776 Act.
919 5736 1007 5788 ap.
1041 5735 1150 5785 XVI,
1183 5720 1236 5784 '5,

2228 4997 2491 5067 ἔμπειρος
2519 5000 2547 5052 ὁ
2582 4998 2783 5071 λῃστὴς
2816 4997 2905 5072 ἦν,
2939 5005 2967 5056 ὁ
2992 5005 3089 5075 τῆς
3114 5006 3312 5070 κακίας
3334 5007 3503 5073 ὅντως
3539 5012 3807 5085 δημιουρ-

2228 5089 2324 5157 γὸς
2348 5090 2442 5141 καὶ
2466 5090 2851 5162 διδάσκαλος),
2877 5096 3104 5151 τοιαῦτα
3132 5099 3422 5170 τοιγαροῦν
3447 5101 3684 5169 λέγουσα
3716 5107 3811 5157 καὶ

2232 5178 2636 5246 ὐποσαίνουσα,
2687 5183 2881 5240 δίκτυά
2917 5204 2977 5239 τε
3011 5189 3105 5242 καὶ
3145 5191 3387 5259 παγίδας
3428 5194 3494 5247 ἐκ
3523 5194 3714 5261 δεξιῶν
3750 5215 3808 5250 τε

2229 5274 2327 5327 καὶ
2373 5274 2432 5339 ἐξ
2460 5276 2757 5347 εὐωνύμων
2798 5278 2946 5349 αὐτῷ
2988 5282 3398 5352 περιπλέκουσα
3420 5324 3435 5349 ,
3472 5284 3567 5338 τὸν
3598 5285 3812 5357 πύργον

2228 5367 2396 5421 αὐτοῦ
2429 5369 2526 5438 τῆς
2554 5368 2732 5440 ψυχῆς
2762 5370 3101 5427 διασαλεύειν
3141 5376 3371 5447 ἤρχετο,
3412 5376 3507 5430 τὸν
3552 5379 3707 5433 τόνον
3750 5397 3811 5432 τε

2228 5460 2505 5531 ὑποχαλᾷν
2535 5462 2646 5534 (52)
2676 5464 2842 5520 αὐτοῦ
2886 5466 2989 5536 τῆς
3019 5467 3332 5536 προθέσεως
3354 5508 3369 5532 ,
3402 5469 3500 5522 καὶ
3534 5471 3636 5541 τὴν
3664 5472 3813 5539 γνὼ-

2228 5569 2338 5622 μην
2375 5553 2541 5625 279
2580 5555 2977 5629 μαλακωτέραν
3025 5560 3216 5612 ποιεῖν.
3262 5558 3321 5613 '0
3348 5560 3408 5614 δέ
3438 5562 3675 5633 σπορεὺς
3709 5564 3811 5633 τῆς

621 5790 738 5881 (Ιόἳ)
767 5788 1033 5863 Georgius
1080 5790 1330 5861 Acropol.
1376 5791 1575 5849 llistor.
1626 5810 1677 5866 p.
1724 5796 1792 5854 55
1834 5815 1847 5853 :
1881 5797 1954 5853 Τὸ
1981 5799 2090 5854 τῶν

2238 5800 2421 5871 μάτων
2475 5804 2646 5876 χαλᾷν
2695 5804 3045 5879 εὐεπήόολον.
3099 5806 3230 5863 Cod.
3292 5808 3423 5865 50“
3454 5850 3471 5879 ,
3523 5808 3801 5881 ύποχαλᾷν

548 5860 765 5917 melius.
