4042 6412
185 413 325 479 1153

1293 407 1469 462 νιίΑ
1514 402 1870 457 BAKLAAM
1912 404 1996 456 E'l
2043 403 2394 457 JUASAPH.

3293 403 3429 471 1154

169 524 413 587 ἑαυτοὺς
457 522 505 575 οί
538 516 975 594 παροργίζοντες
1003 514 1189 582 αὐτὸν,
1223 515 1351 570 οἴων
1401 515 1457 569 δὲ
1494 513 1773 570 κολάσεων

1890 519 2193 575 racundiam
2223 530 2514 590 provocant
2559 522 2710 579 bonis
2747 538 2867 582 sese
2910 526 3154 596 privent,
3198 528 3431 596 quantis~

166 615 517 679 ὑπευθύνους
546 613 896 685 εἰργάσαντο.

246 839 365 893 Καὶ
390 836 508 900 νῦν,
538 852 585 890 ω
628 835 828 906 πάτερ,
872 830 996 887 ὲπεί
1040 847 1136 884 σου
1172 828 1245 881 τὰ
1283 821 1400 882 ὦτα
1432 825 1634 891 ἔδυσας
1668 824 1765 879 τοῦ

174 932 257 1004 μὴ
294 928 531 985 ἀκοῦσαί
581 944 685 998 μου
720 928 821 997 τῆς
854 924 1043 995 φωνῆς
1083 923 1182 994 τῆς
1211 924 1282 975 τὰ
1312 920 1493 991 ἀγαθά
1533 937 1615 974 σοι
1668 921 1769 972 έπ-

172 1022 435 1095 ᾳδούσης,
458 1021 621 1092 283
662 1018 767 1073 κᾶν
802 1019 903 1090 ἐμὲ
941 1016 1016 1089 μὴ
1048 1015 1225 1069 κώλυε
1256 1014 1352 1085 τὴν
1377 1013 1593 1067 εὐθεῖαν
1621 1010 1769 1083 βαδί-

175 1133 269 1169 σαι
291 1115 434 1170 ὁδόν.
467 1112 639 1167 Τοῦτο
672 1112 783 1183 γὰρ
809 1108 981 1175 ποθῶ,
1009 1105 1201 1162 τούτου
1228 1106 1474 1177 ἐφίεμαι,
1502 1102 1598 1158 τοῦ
1632 1103 1769 1158 πάνο

171 1226 287 1262 των
311 1206 720 1276 ἀπαλλαγῆναι,
752 1204 848 1257 καὶ
877 1201 1079 1265 τόπους
1108 1198 1440 1254 καταλαϐεῖν
1467 1196 1596 1251 ἔνθα
1624 1196 1769 1265 Βαρ-

171 1302 335 1373 λαὰμ
371 1301 401 1354 ὁ
429 1300 525 1353 τοῦ
549 1295 791 1370 Χριστοῦ
824 1296 1081 1369 θεράπων
1112 1292 1211 1357 τὰς
1242 1292 1484 1362 οἰκήσεις
1514 1289 1646 1360 ἔχει,
1674 1288 1771 1341 καὶ

176 1393 278 1446 σὺν
304 1391 458 1462 αύτῷ
476 1390 537 1444 τὸ
557 1388 744 1443 λοιπὸν
765 1387 865 1458 τῆς
885 1385 1171 1458 παρούσης
1197 1400 1299 1455 μου
1323 1380 1572 1436 διανῦσαι
1589 1378 1760 1449 ζωῆς.

174 1484 241 1537 Ei
266 1484 326 1538 δὲ
360 1484 452 1555 βίᾳ
473 1482 767 1553 κατασχεῖν
799 1495 867 1549 με
891 1476 1195 1548 θελήσειας,
1222 1475 1347 1544 ὄψει
1385 1490 1452 1544 με
1484 1471 1677 1527 θᾶττον
1707 1472 1771 1541 τῇ

178 1576 335 1650 λύπῃ
368 1577 463 1629 καὶ
510 1573 781 1644 ἀδημονίᾳ
817 1570 1010 1641 νεκρόν
1037 1586 1050 1601 ·
1082 1568 1178 1622 καὶ
1224 1566 1351 1619 οὒτε
1383 1566 1447 1620 σὺ
1488 1564 1549 1618 τὸ
1586 1563 1775 1616 λοιπὸν

178 1667 371 1739 πατὴρ
402 1666 673 1738 κληθήσῃ,
714 1662 838 1718 οὔτε
870 1662 986 1715 υἱόν
1017 1677 1087 1733 με
1117 1660 1196 1713 ἔτι
1225 1658 1391 1724 ἕξεις.

1869 626 1973 681 que
2010 627 2218 668 rursum
2257 613 2532 669 tormentis
2561 615 2817 670 obnoxios
2862 630 2921 672 se
2950 618 3174 672 reddant
3210 616 3444 671 demon-

1868 707 2076 761 stravit.

1943 799 2009 851 At
2036 811 2195 863 nunc,
2217 811 2252 852 ο
2273 806 2439 864 pater,
2463 797 2712 867 quoniam
2736 807 2789 850 tu
2811 810 2966 852 aures
2990 806 3104 851 tuas
3135 798 3427 862 occlusisti,

1871 901 1940 941 ne
1964 902 2147 942 vocem
2180 902 2351 942 meam
2383 888 2519 942 bona
2564 899 2724 954 atque
2772 887 2915 941 utilia
2962 887 3053 943 tibi
3103 892 3438 944 occinentem

1870 981 2108 1045 audires,
2155 995 2221 1034 ne
2267 996 2352 1035 me
2380 981 2567 1035 saltem
2600 996 2704 1049 quo
2746 981 2919 1033 minus
2948 990 3147 1033 rectam
3180 981 3318 1034 viam
3346 996 3441 1034 ca-

1873 1086 2079 1140 pessam
2113 1070 2392 1137 impedias.
2428 1071 2537 1124 Hoc
2566 1075 2708 1125 enim
2740 1072 2896 1138 cupio
2921 1113 2935 1136 ,
2990 1071 3089 1125 hoc
3119 1081 3314 1139 expeto
3336 1112 3352 1136 ,
3387 1078 3445 1125 ut

1873 1162 2123 1216 omnibus
2153 1163 2310 1216 rebus
2342 1161 2597 1217 liberatus
2618 1204 2629 1220 .
2661 1161 2727 1215 ad
2756 1178 2816 1215 ea
2851 1161 2968 1216 loca
3001 1162 3320 1216 contendam
3342 1201 3358 1225 ,
3393 1163 3444 1215 in

1874 1254 2064 1323 quibus
2095 1255 2336 1308 Barlaam
2358 1252 2557 1308 Christi
2606 1252 2835 1306 famulus
2868 1252 3104 1315 habitat,
3128 1267 3195 1307 ac
3222 1267 3340 1305 cum
3373 1265 3438 1305 eo

1875 1348 2014 1415 quod
2038 1347 2165 1401 mihi
2196 1347 2455 1415 reliquum
2485 1355 2566 1399 est
2593 1348 2717 1399 vita:
2754 1345 3052 1400 conficiam.
3084 1345 3235 1410 Quod
3285 1358 3329 1396 SI
3362 1358 3448 1396 me

1879 1451 1972 1505 per
1999 1437 2098 1488 vim
2115 1436 2345 1490 retinere
2372 1437 2424 1489 in
2447 1435 2680 1489 animum
2710 1433 3002 1501 induxeris,
3036 1449 3190 1503 quam
3218 1435 3446 1502 primmn

1880 1542 1967 1581 me
1995 1542 2223 1582 maerore
2264 1542 2325 1581 ac
2369 1527 2526 1580 taedio
2566 1527 2884 1580 exstinctum
2918 1525 3139 1580 videbis.
3172 1524 3242 1577 Ita
3276 1524 3365 1577 fiet
3392 1530 3448 1576 ut

1878 1633 1975 1672 nec
2004 1630 2055 1671 tu
2091 1630 2236 1687 pater
2262 1618 2373 1689 jam
2411 1619 2699 1687 appelleris
2728 1659 2744 1684 ,
2777 1635 2874 1673 nec
2916 1635 3001 1675 me
3030 1619 3193 1673 lilium
3232 1617 3447 1672 habitu-

1877 1722 1967 1764 rus
1995 1721 2093 1763 SIS.

260 1867 419 1920 ΚΕΦ.
452 1864 580 1919 ΔΑ’.
608 1890 675 1905 —-
718 1861 890 1917 Πάλιν
921 1854 1015 1914 οὖν
1048 1858 1257 1932 ἀθυμία
1288 1858 1522 1929 κατέσχε
1546 1856 1639 1910 τὸν
1672 1855 1774 1927 βας

1947 1875 2076 1932 CAP.
2107 1874 2296 1930 XXXI.
2322 1903 2392 1916 --
2413 1875 2645 1929 Rursum
2690 1873 2853 1942 igitur
2878 1873 3063 1942 ingens
3090 1886 3268 1942 regem
3310 1884 3448 1925 mm-

184 1958 344 2012 σιλέα
376 1956 517 2025 (44)·
550 1954 712 2009 πάλιν
739 1953 1041 2022 άπελέγετο
1072 1953 1201 2024 ὅλην
1242 1952 1415 2006 αὑτοῦ
1459 1949 1560 2021 τὴν
1606 1948 1773 2020 ζωήνο

183 2052 303 2113 καὶ,
332 2047 480 2103 δεινὰ
508 2048 759 2118 στρέφων
792 2048 850 2099 έν
882 2044 1064 2116 ἑαυτῷ
1088 2085 1101 2106 ,
1133 2046 1214 2109 εἰς
1234 2043 1296 2097 τὸ
1324 2043 1453 2096 ίδιον
1475 2039 1642 2111 ἀπῄει
1671 2057 1780 2093 πα-

184 2145 395 2198 λάτιον.
459 2141 538 2194 Τὰ
579 2139 637 2192 δὲ
677 2137 831 2209 παρὰ
878 2136 972 2190 τοῦ
1022 2136 1203 2190 Θευδᾶ
1250 2131 1633 2189 ἀποσταλέντα
1679 2132 1781 2201 τῆς

186 2233 460 2305 πονηρίας
492 2231 780 2300 πνεύματα
809 2228 951 2282 κατὰ
978 2228 1073 2281 τοῦ
1105 2227 1249 2280 θείου
1285 2224 1476 2287 παιδὸς
1502 2222 1780 2289 ,.ὲπανελ-

188 2326 359 2379 θόντα
419 2322 557 2395 πρὸς
609 2322 801 2387 αὑτὸν,
847 2320 1292 2392 κατῃσχυμμένα
1342 2318 1440 2390 τὴν
1479 2312 1649 2388 ἧτταν
1682 2317 1780 2370 άν-

189 2416 463 2488 ωμολόγει
488 2412 622 2484 (45),
651 2412 828 2467 καίτοι
854 2412 1147 2483 φιλοψευδῆ
1185 2410 1313 2464 ὅντα
1334 2427 1347 2441 ’
1387 2408 1632 2480 σύμϐολα
1672 2408 1783 2478 γὰρ

192 2506 346 2575 σαφῆ
362 2504 461 2575 τῆς
481 2505 649 2574 ἥττης
666 2503 864 2573 ἔφερον
886 2501 980 2555 ἐπὶ
996 2503 1095 2571 τῆς
1118 2502 1364 2571 πονηρᾶς
1384 2499 1563 2551 αὐτῶν
1585 2496 1780 2567 ὅψεως.

200 2600 262 2653 '0
288 2599 375 2665 δὲ,
410 2598 523 2651 Καὶ
566 2596 745 2660 οὕτω,
776 2597 963 2666 φησὶν,
1011 2593 1257 2657 ἀσθενεῖς
1291 2593 1448 2663 ὑμεῖς
1477 2593 1570 2646 καὶ
1592 2590 1784 2645 ταλαί-

192 2708 392 2762 πωροι,
416 2689 490 2753 ὡς
519 2690 636 2752 ἐνὸς
674 2688 961 2759 μειρακίου
998 2686 1074 2758 μὴ
1107 2683 1528 2756 περιγενέσθαιι
1560 2684 1693 2736 Τότε
1717 2682 1786 2737 τὰ

193 2782 414 2853 πονηρὰ
454 2779 774 2851 πνεύματα,
813 2777 935 2849 θείᾳ
982 2775 1213 2846 δυνάμει
1252 2773 1678 2845 τιμωρούμενα,
1706 2774 1786 2837 είς

193 2874 312 2944 φῶς
354 2874 558 2929 ἄκοντα
600 2870 700 2943 τὴν
743 2869 1003 2942 ἀλήθειαν
1042 2863 1203 2939 ἦγεν,
1249 2866 1362 2937 Ούχ
1408 2864 1783 2936 ὑπομένομεν,

193 2968 453 3037 λέγοντα,
484 2965 608 3019 οὐδὲ
641 2961 1093 3034 ἁντοφθαλμῆσαι
1133 2961 1270 3024 ὅλως
1302 2962 1367 3029 τῇ
1411 2957 1506 3011 τοῦ
1547 2954 1786 3027 Χριστοῦ

194 3060 428 3132 δυνάμει
462 3059 558 3112 καὶ
582 3056 662 3129 τῷ
687 3055 942 3127 συμϐόλῳ
963 3052 1058 3108 τοῦ
1088 3052 1296 3117 πάθους
1326 3049 1514 3115 αὑτοῦ,
1546 3048 1605 3103 ὃν
1632 3067 1790 3103 σταυ-

200 3155 296 3225 ρὸν
343 3150 626 3207 καλοῦσιν.
692 3147 932 3203 Ἐκείνου
986 3146 1095 3218 γὰρ
1157 3144 1536 3216 τυπουμένου,
1595 3144 1791 3213 φθάνο-

202 3263 306 3316 μεν
334 3242 448 3314 (46)
483 3243 790 3313 ἁνακράτος
851 3239 1146 3311 ῳεύγοντές
1187 3255 1247 3291 τε
1290 3237 1386 3290 καὶ
1435 3235 1789 3306 διωθούμενοι
1816 3269 1859 3330 C

200 3336 374 3409 285
408 3336 611 3399 πάντες
639 3336 687 3388 οἱ
716 3331 810 3388 τοῦ
838 3332 999 3404 ἀέρος
1032 3330 1298 3402 ἄρχοντες
1336 3328 1432 3382 καὶ
1470 3327 1787 3399 κοσμοκρά-

200 3447 365 3501 τορες
396 3427 491 3481 τοῦ
530 3426 759 3490 σκότους
786 3424 921 3495 (47),
968 3424 1098 3495 πρὶν
1134 3421 1168 3494 ἢ
1198 3420 1421 3483 τελείως
1447 3419 1578 3472 αὐτὸ
1605 3435 1790 3472 τυπω-

204 3522 368 3593 θῆναι
405 3520 540 3592 (48).
576 3516 741 3572 Ὅθεν
771 3517 863 3571 καὶ
891 3514 968 3587 τῷ
992 3514 1263 3585 νεανίσκῳ
1291 3511 1468 3583 τούτῳ
1498 3509 1791 3565 ἐπιπεσόν-

203 3630 298 3676 τες
334 3610 522 3673 δεινῶς
551 3607 897 3680 ὲταράξαμεν
918 3624 933 3638 ο
964 3608 992 3661 ὁ
1029 3606 1107 3669 δὲ,
1134 3604 1226 3658 τὸν
1252 3602 1487 3673 Χριστὸν
1526 3600 1791 3655 ἐπικαλε-

206 3706 448 3775 σάμενος
476 3704 554 3765 είς
582 3700 903 3771 συμμαχίαν
937 3700 1031 3754 καὶ
1063 3697 1142 3769 τῷ
1171 3696 1385 3769 σημείῳ
1426 3695 1520 3750 τοῦ
1558 3691 1794 3766 σταυροῦ

208 3793 548 3855 καθοπλίσας
577 3790 791 3857 ἑαυτὸν,
819 3790 970 3860 ἡμᾶς
1003 3805 1063 3842 τε
1092 3786 1327 3841 διώσατο
1354 3786 1473 3857 μετ’
1504 3784 1675 3855 ὀργῆς
1701 3784 1797 3839 καὶ

207 3886 517 3956 ἀσφάλειαν
552 3882 732 3953 ἐαυτῷ
765 3883 941 3936 ἔθετο.
975 3882 1068 3951 Μὴ
1111 3879 1481 3951 μελλήσαντες
1522 3877 1636 3947 (49)
1676 3872 1792 3941 οὖν,

210 3980 452 4050 εὕρομεν
474 3977 726 4048 ὄργανον,
759 3975 827 4029 δι’
870 3967 932 4029 οὗ
986 3974 1082 4028 καὶ
1126 3972 1206 4042 τῷ
1237 3970 1651 4042 πρωτοπλάστῳ
1677 3971 1797 4039 ὁμι-

209 4072 387 4143 λήσας
423 4070 554 4125 ποτὲ
581 4072 610 4124 ὁ
642 4071 829 4141 άρχων
870 4066 1049 4139 ἡμῶν,
1079 4063 1270 4119 τοῦτον
1297 4062 1408 4133 (50)
1441 4060 1789 4134 ἐχειρώσατο.

211 4163 330 4219 Καὶ
360 4163 424 4234 δὴ
455 4163 585 4233 παρ’
618 4162 770 4215 οὐδὲν
804 4157 1039 4229 ἐθέμεθα
1062 4158 1129 4212 ἂν
1157 4157 1253 4210 καὶ
1276 4156 1439 4227 ἡμεῖς
1464 4153 1657 4224 καινὴν
1682 4151 1794 4223 (51)

209 4258 317 4329 τὴν
342 4256 535 4310 ἐλπίδα
555 4255 649 4309 τοῦ
672 4255 816 4308 νέουσ
840 4253 955 4307 ἀλλ’
978 4250 1296 4320 ἐπικληθεὶς
1325 4244 1483 4311 αὖθις
1505 4249 1534 4301 ὁ
1560 4245 1797 4317 Χριστὸς

214 4352 296 4413 είς
326 4348 667 4420 συμμαχίαν,
694 4347 829 4418 πυρὶ
871 4345 973 4415 τῆς
1002 4342 1208 4398 ἄνωθεν
1234 4341 1405 4411 ὀργῆς
1441 4340 1589 4411 ἡμᾶς
1630 4354 1800 4391 καταο

214 4443 462 4514 φλέξας,
516 4441 762 4512 φυγάδας
802 4439 1121 4510 εἰργάσατο.
1170 4436 1279 4489 Καὶ
1317 4434 1564 4502 ἔγνωμεν
1601 4429 1800 4502 μηκέτι

215 4536 525 4610 πλησιάσαι
559 4534 729 4606 αὐτῷ.
783 4532 941 4587 Οὕτω
992 4529 1091 4602 μὲν
1127 4524 1220 4583 οὖν
1269 4527 1341 4581 τὰ
1374 4524 1590 4596 πονηρὰ
1632 4521 1800 4576 πνεύ-
1834 4569 1841 4573 ,

1879 1968 2019 2024 stitia
2049 1966 2275 2030 invasit;
2303 1982 2514 2020 rursum
2537 1981 2750 2019 omnem
2778 1965 2897 2018 vita:
2920 1978 3031 2019 suae
3052 1977 3199 2031 spem
3221 1962 3450 2031 despon-

1880 2058 2008 2113 dere
2034 2056 2226 2125 cmpit;
2261 2065 2420 2125 atque
2451 2057 2645 2110 acerba
2671 2069 2853 2109 secum
2896 2054 3078 2107 animo
3124 2052 3329 2122 agitans
3349 2098 3361 2119 ,
3394 2054 3446 2106 in

1882 2147 2137 2217 palatium
2168 2160 2318 2201 suum
2363 2144 2513 2199 abiit.
2546 2145 2616 2199 At
2650 2157 2780 2197 vero
2810 2142 3036 2208 improbi
3084 2141 3161 2195 illi
3200 2142 3450 2209 spiritus,

1883 2240 1970 2306 qui
2001 2237 2254 2292 adversus
2282 2235 2517 2290 divinum
2553 2235 2804 2304 juvenem
2835 2249 2862 2285 a
2884 2231 3104 2287 Theuda
3152 2231 3302 2285 missi
3332 2229 3448 2284 fne-

1883 2335 2024 2392 rant,
2056 2327 2121 2381 ad
2151 2342 2271 2381 eum
2303 2324 2713 2395 pudore-suffusi
2748 2323 3004 2388 redeunt,
3033 2333 3192 2392 atque
3213 2321 3453 2392 quamvis

1884 2417 2078 2483 alioqui
2111 2415 2386 2469 mendacio
2407 2414 2698 2481 gaudeant.
2735 2422 3007 2480 acceptam
3041 2421 3217 2465 tamen
3240 2411 3450 2466 cladem

1882 2505 2224 2560 confitentur.
2254 2504 2458 2570 Quippe
2487 2504 2762 2570 perspicua
2795 2502 2961 2556 chidis
3004 2502 3153 2571 signa
3192 2502 3243 2554 in
3274 2501 3447 2554 scele-

1884 2611 2000 2651 rato
2026 2610 2123 2651 suo
2151 2597 2295 2649 vultu
2324 2595 2601 2661 gerebant.
2627 2593 2719 2647 llle
2744 2604 2919 2646 autem
2948 2609 2961 2645 :
2988 2592 3166 2660 Usque
3206 2591 3412 2645 adeone
3435 2630 3452 2653 ,

1884 2686 2076 2754 inquit,
2108 2685 2400 2739 imbecilles
2447 2698 2510 2737 ac
2558 2683 2739 2737 miseri
2780 2684 2941 2747 estis,
2968 2689 3025 2735 ut
3055 2681 3453 2736 adolescentem

1884 2793 2047 2833 unum
2077 2776 2289 2831 vincere
2316 2776 2536 2830 minime
2566 2773 2884 2842 potueritis?
2908 2772 3055 2827 Tunc
3087 2770 3317 2841 improbi
3348 2771 3457 2839 sti-

1888 2869 2023 2920 ritus
2051 2864 2243 2919 virtute
2290 2864 2468 2918 divina
2519 2862 2834 2927 excruciati,
2885 2862 3163 2915 veritatem
3213 2859 3365 2914 inviti
3404 2860 3458 2914 in

1888 2962 2062 3016 bicem
2090 2961 2440 3031 protulerunt,
2470 2959 2556 3015 his
2573 2958 2752 3013 verbis
2774 2966 2983 3012 utentes
3007 2972 3020 3008 :
3044 2953 3241 3009 Christi
3270 2961 3459 3019 poteno

1887 3055 1974 3111 tia:
1998 3069 2059 3108 ac
2084 3054 2344 3121 passionis
2366 3051 2531 3121 ipsius
2554 3051 2729 3119 signo,
2754 3049 2893 3120 quod
2919 3048 3144 3102 Crucem
3166 3044 3459 3113 appellant,

1888 3160 1954 3198 ne
1980 3143 2244 3198 tantillum
2273 3143 2486 3213 quidem
2518 3142 2777 3197 obluctari
2808 3153 3114 3208 possumus.
3161 3137 3292 3190 Nam
3335 3149 3457 3190 cum

1887 3250 1949 3291 ea
1992 3235 2301 3305 effingitur,
2344 3233 2524 3288 statim
2574 3240 2838 3303 quotquot
2878 3230 3019 3284 aeris
3069 3228 3342 3295 principes
3399 3240 3464 3280 ac

1888 3325 2073 3380 mundi
2100 3334 2331 3380 rectores
2354 3325 2694 3379 tenebrarum
2722 3334 2903 3377 sumus
2936 3319 3157 3388 (Ερίιθε.
3176 3317 3270 3384 νι),
3295 3329 3453 3384 quam

1889 3417 2169 3472 celerrime
2189 3416 2436 3484 fugimus,
2462 3429 2527 3469 ac
2556 3414 2701 3482 prius
2722 3412 2880 3465 etiam
2904 3424 3061 3479 quam
3106 3422 3166 3463 ea
3208 3409 3365 3476 plane
3401 3420 3464 3459 ac

1897 3508 2129 3577 perfecte
2156 3520 2407 3575 expressa
2436 3506 2528 3568 sit,
2560 3502 2952 3571 propulsamur.
2984 3498 3339 3565 Quamobrem
3366 3509 3465 3548 nos

1894 3598 2110 3666 quidem
2136 3598 2189 3651 in
2222 3596 2363 3651 hunc
2384 3596 2635 3664 juvenem
2664 3596 2860 3661 impetu
2890 3591 3054 3651 facto,
3078 3588 3313 3657 graviter
3334 3600 3462 3640 eum

1896 3687 2347 3757 perturbavimus;
2380 3700 2565 3740 verum
2597 3685 2686 3738 ille
2712 3698 2830 3736 cum
2858 3680 3056 3735 Christi
3088 3693 3243 3747 opem
3277 3677 3467 3744 implo-

1909 3788 2109 3843 rasset,
2144 3792 2206 3832 ac
2230 3777 2404 3831 crucis
2427 3776 2576 3844 signo
2598 3776 2826 3842 seipsum
2852 3771 3185 3834 munivisset,
3214 3782 3310 3821 nos
3331 3766 3470 3819 irato

1896 3872 2075 3925 animo
2101 3868 2351 3938 propulit.
2383 3876 2540 3936 atque
2593 3864 2952 3918 firmissimum
3005 3859 3105 3915 sibi
3162 3857 3467 3928 prasidium

1897 3961 2243 4027 comparavit.
2274 3957 2351 4011 Ac
2402 3956 2622 4024 proinde
2670 3955 2816 4008 nulla
2862 3952 3173 4020 interposita
3206 3964 3352 4004 mora
3384 3948 3470 4002 in-

1899 4058 2246 4104 strumentum
2299 4046 2427 4102 illud
2471 4046 2831 4115 arripuimus,
2880 4041 3032 4110 cujus
3087 4054 3249 4107 opera
3305 4039 3470 4093 etiam

1901 4141 2147 4210 princeps
2191 4147 2374 4192 noster
2426 4137 2657 4206 primum
2702 4134 2971 4187 hominem
3020 4143 3303 4197 aggressus
3348 4135 3467 4195 est,

1901 4242 2130 4297 eumque
2173 4226 2421 4296 potestati
2465 4240 2578 4280 sum
2620 4223 2867 4292 subjecit.
2898 4221 2965 4274 Et
2991 4218 3202 4288 quidem
3231 4214 3471 4284 profecto

1903 4336 2002 4375 nos
2028 4333 2238 4389 quoque
2263 4331 2449 4371 vanam
2475 4314 2830 4369 adolescentis
2858 4326 3008 4380 spem
3039 4323 3136 4379 pro
3174 4308 3341 4362 nihilo
3373 4307 3472 4360 du-

1904 4415 2183 4478 cehamus;
2207 4426 2391 4467 verum
2411 4410 2478 4464 ad
2500 4408 2757 4462 auxilium
2781 4418 2967 4461 rursus
2988 4402 3186 4459 accitus
3208 4398 3472 4466 Christus,

1905 4503 2138 4559 cmlestis
2163 4503 2257 4556 ira:
2287 4502 2391 4571 igni
2433 4512 2533 4555 nos
2559 4506 2773 4553 exustos
2804 4496 2855 4550 in
2881 4494 3058 4562 fugam
3086 4490 3273 4547 vertit.
3298 4491 3475 4556 Quare

296 4758 411 4833 (44)
442 4757 695 4833 Philostr.
728 4754 857 4833 l_ler_.
883 4768 937 4824 p.
973 4752 1042 4808 54
1069 4769 1083 4805 :
1113 4749 1322 4833 άθυμία
1357 4741 1576 4833 μὲνοῦν
1604 4741 1789 4833 Imbria}

1888 4757 1929 4833 iv
1975 4737 2226 4833 ἀθλῃτῂν
2256 4736 2455 4833 ἔσχενἌ
2474 4734 2580 4818 §ed
2622 4734 2800 4804 potius
2832 4730 3155 4788 meminerat
3186 4729 3481 4787 monachus

218 4806 695 4896 na‘v'ilt’is's'niiﬁni
728 4806 1080 4887 patrem...
1116 4822 1185 4877 55
1209 4806 1235 4886 ,'
1255 4822 1329 4873 ait
1357 4806 1375 4870 ξ
1421 4814 1657 4940 Ἀθυὲία
1684 4829 1787 4866 κατ

294 4901 411 4940 tam
441 4900 499 4940 Ω,
534 4894 934 4940 ἀυιιιιιολόνουν-
967 4894 1058 4940 Sic
1088 4907 1231 4940 mox.
1263 4890 1331 4940 A.
1367 4884 1524 4940 ἦγεν.
1601 4925 1616 4940 .
1643 4880 1789 4940 ἦγον⁴

1892 4827 1918 4863 ε
1966 4827 2033 4879 με
2065 4806 2177 4862 ἀπο
2202 4806 2563 4879 ἁμαρτωλῶν.

1888 4881 2038 4935 lectio
2072 4891 2154 4933 est
2197 4878 2310 4934 fere
2342 4892 2562 4940 anceps.

294 4884 411 4983 es.)
441 4900 503 4962 ον
534 4884 1524 4983 divmesewﬁises:enitar

1601 4925 1616 4950 ,
1643 4880 1800 4955 ἦγον.
1823 4870 2038 4955 Ε]Θοίἰο
2072 4891 2155 4955 est
2197 4870 2562 4955 fe're'anceps.
2602 4875 2864 4955 Synesius
2890 4870 2966 4926 De
2996 4884 3265 4955 regnoap.
3294 4870 3425 4955 _4,_2
3465 4886 3482 4926 :

220 4939 414 5028 ταξῗᾶ
441 4939 522 5022 ἔᾶι
535 4939 644 5021 ’ἑάἱὶ
652 4939 807 5036 Ἥᾶἒ
823 4939 878 5036 ⁷ἦ
887 4939 1355 5036 satisﬁat
1375 4939 1581 5031 sane.
1603 4939 1789 5025 ’ἀλῆθῆ

1888 4966 2085 5019 γοιντο.
2118 4948 2354 5004 Omnino
2385 4939 2580 5003 melius
2621 4939 2707 5002 est
2744 4944 2977 5013 λέγοιτο,
3010 4939 3151 5012 quod
3181 4939 3235 4995 iu
3275 4939 3483 4996 duobus

220 5044 507 5100 codicibus
538 5037 667 5091 vidi.

321 5111 414 5181 ‘46)
441 5108 506 5173 C,
535 5106 829 5181 φεύγομεν.

321 5174 413 5251 47)
444 5174 599 5251 gout.
636 5174 687 5247 ρ.
712 5174 851 5251 218,
881 5174 1057 5251 n._‘72_._

300 5235 417 5322 (λδ)
453 5235 885 5322 Signufuprycis
916 5243 1118 5322 Cyrillo
1146 5243 1369 5322 dictum“
1382 5247 1485 5322 est,
1516 5235 1894 5322 Catecl‘i‘tlrur,

1944 5246 2063 5301 pag.
2103 5229 2225 5294 1'58,
2270 5225 2435 5301 φόὸος
2471 5184 2867 5301 δαιμόγωγίΕῑ
2897 5240 2952 5295 p.
2996 5220 3130 5301 μθ,
3170 5218 3351 5301 ﬂabra,
3387 5219 3486 5283 ait,

229 5290 1655 5397 σῖ.ςῖιῑιξςαξδάθέέλαῖίδέῑίῐιῖέιίδειίιίυε
1686 5305 1786 5397 ειειι

1888 5290 2085 5357 ξιξιὸιι
2126 5290 2221 5369 sq.
2245 5315 2258 5352 :
2283 5290 2315 5351 ἰ
2354 5290 2580 5354 Crucem
2626 5296 2837 5367 fugiunt
2868 5290 3123 5350 tenebrae.
3170 5290 3214 5345 Ο
3248 5300 3489 5345 tortuose

1888 5388 1908 5397 ..
1948 5373 2086 5397 ...ηαξ
2148 5374 2372 5397 nam...“
2409 5379 2551 5397 ειη...-
2584 5378 2857 5397 Ληιιιιαιιιιηὶ
2918 5383 2937 5397 ι
2979 5364 3088 5397 Alia
3124 5360 3238 5397 Innn
3281 5361 3489 5397 ἰηιΙὶιιιι..

226 5360 1301 5461 ξὲΐρῖηέῗ’Βίὲξρᾱέξτόίιῖιῖειὲξῇίἷόέίξ
1330 5360 1578 5452 Signum,
1608 5376 1753 5446 quod
1795 5374 1909 5443 ipse
1946 5373 2111 5439 nosti,
2148 5360 2377 5426 Damnat
2408 5379 2553 5423 tuam
2582 5360 2883 5423 caLErvam.
2916 5383 2937 5417 ι
2972 5364 3091 5418 Alia
3124 5360 3240 5415 loca
3280 5361 3489 5416 indica-

226 5455 562 5532 bit-Billyus.
603 5456 883 5532 Cfasupra
912 5455 1123 5532 p._167.

589 5499 1431 5599 ὧλήοαῗτεςῗῬέἶιῆυιειίοηθω
1463 5516 1690 5573 similem
1724 5514 1789 5569 vit

310 5619 399 5629 -....
426 5600 595 5629 omni-
650 5598 861 5629 φιλίης.
931 5611 1030 5629 ιισιη
1084 5594 1151 5629 '78
1185 5612 1197 5624 -
1240 5594 1352 5629 ἨΝ
1378 5587 1645 5629 »πηηϐἐυην
1673 5586 1789 5629 Mrta

1888 5553 1910 5566 η.
1940 5511 1982 5571 l.
2009 5528 2060 5580 p.
2093 5512 2218 5579 531,
2240 5530 2295 5569 n.
2331 5511 2388 5567 2.
2422 5508 2554 5563 Rem
2590 5506 2740 5629 attigi
2772 5505 2840 5560 ad
2868 5502 3047 5560 Nicet.
3071 5518 3131 5586 ρ.
3155 5499 3281 5557 284.
3310 5499 3489 5555 Theo—

1888 5582 2127 5629 αελῆσαε
2167 5582 2247 5629 τῶ
2277 5582 2385 5629 Gali)
2430 5578 2652 5629 σφάζων
2726 5575 2863 5629 ύεις.
2897 5575 3203 5629 Βεεςιδιυιο.
3232 5572 3374 5629 auod
3404 5579 3485 5623 est

230 5578 1065 5666 ἁοῖἷιῖῥιῖοιῖιῗῄτέιιξοει.’μαθέ
1084 5594 1151 5649 76
1185 5612 1198 5648 :
1240 5594 1352 5663 Τὴν
1378 5587 1645 5666 παρθένον

1888 5578 2127 5666 μελῆσας
2167 5578 2247 5654 τῷ
2430 5578 2652 5666 σφάζων

2726 5575 2863 5639 ύεις.
2897 5572 3203 5639 Rescripto,
3232 5572 3374 5642 quod
3404 5579 3485 5642 est

929 5640 1646 5744 ἵξῖὲυὲᾞωυίἐῖυέίᾷςπῖθι..
1682 5640 1787 5710 δεῖ]
1826 5640 2184 5744 quantitatem
2217 5640 2650 5744 arithmeticam,
2683 5664 2789 5744 non
2836 5646 3139 5710 metricam,
3177 5640 3491 5713 in‘syllahis

233 5719 1099 5801 ch'FabarTiieodorbs.'i’arilem
1127 5719 1243 5803 ejus
1273 5719 1499 5803 circa'id
1524 5727 1745 5785 verbum
1773 5719 2153 5797 negligentiam
2178 5725 2359 5781 notavi
2389 5722 2456 5778 ad
2490 5719 2665 5777 Nicet.
2699 5719 2736 5775 l.
2764 5720 2799 5774 l.

310 5814 422 5883 (50)
452 5811 517 5883 (ξ,
546 5807 798 5883 ὡμίλησε
811 5824 883 5883 Δπ.
1073 5800 1283 5883 {lu-3:91
1310 5800 1520 5856 τοῦτον.

310 5875 424 5954 (51)
454 5882 518 5943 C,
549 5875 736 5949 κενήν.
761 5876 842 5933 Cf.
876 5892 929 5947 p.
961 5876 1050 5943 11,
1087 5892 1141 5930 n.
1176 5875 1265 5930 54.
