4042 6414
602 378 743 441 1155

2039 358 2390 421 ADDENDA
2403 409 2417 423 .

3704 358 3829 423 1156

574 500 690 547 Mal.
719 490 977 545 sententia
1009 505 1113 545 non
1146 490 1282 545 ultra
1326 490 1391 545 ad
1419 505 1543 546 eum
1589 488 1865 545 accedere.
1896 490 1979 561 Ad.
2011 491 2150 545 hunc

2267 482 2415 531 ματα
2462 468 2647 537 σαφῶς
2689 467 2953 539 ἐγνώρισε
3013 470 3090 539 τῷ
3151 468 3323 540 Θευδᾷ
3376 467 3442 522 τά
3476 469 3832 539 γεγενημένα.

519 560 523 574 1
579 583 788 635 scilicet
812 581 1024 634 modum
1054 583 1279 649 improbi
1308 582 1524 651 spiritus
1545 581 1779 637 Theudm
1801 596 1864 636 ea
1885 598 2001 652 qua:
2024 598 2152 636 coo-

590 672 813 740 tigerant
837 674 1111 740 perSpicue
1141 674 1509 727 declararunt.

658 762 773 816 Rex
806 772 982 816 autem
1009 764 1151 817 omni
1181 780 1242 817 ex
1277 773 1423 832 parte
1448 764 1627 817 animo
1650 763 1878 826 haerens,
1906 761 2153 815 consilio-

590 868 691 921 que
720 853 1020 919 destitutns,
1050 854 1318 908 Theudam
1343 870 1525 908 rursus
1554 855 1799 916 accersit,
1826 854 1889 905 ad
1920 868 2148 920 eumque

589 946 703 999 ait:
736 944 991 997 Omnibus
1038 944 1101 997 iis
1149 960 1265 1012 qua:
1318 944 1576 1006 docuisti,
1604 944 1681 996 vir
1723 943 2147 1010 sapientissime,

592 1035 841 1103 perfectis
863 1045 916 1088 et
939 1036 1214 1098 absolutis,
1241 1035 1369 1088 nihil
1401 1045 1574 1088 tamen
1604 1034 1845 1087 utilitatis
1879 1031 2155 1086 consecuti

592 1142 793 1181 sumus.
824 1129 971 1181 Nunc
1010 1128 1187 1196 igitur,
1214 1130 1259 1181 si
1290 1128 1427 1196 quod
1453 1126 1544 1180 tibi
1575 1126 1716 1178 aliud
1744 1123 2025 1177 consilium
2058 1138 2151 1177 su-

594 1228 792 1289 perest,
829 1220 951 1272 illud
985 1222 1340 1287 experiamur.
1365 1220 1613 1271 Fortasse
1638 1216 1779 1271 enim
1807 1216 2035 1284 aliquam
2062 1213 2158 1269 de-

596 1308 825 1375 pellendi
859 1310 981 1361 mali
1014 1309 1266 1361 rationem
1300 1308 1687 1361 nanciscemur.

663 1397 793 1449 Cum
824 1410 996 1450 autem
1028 1398 1305 1460 Thendas,
1332 1408 1384 1447 ut
1413 1410 1531 1449 cum
1565 1394 1730 1461 ipsius
1760 1394 1870 1447 ﬁlio
1899 1394 1951 1448 in
2002 1396 2170 1454 collo-

592 1482 773 1552 quium
802 1486 1003 1539 veniret
1033 1485 1287 1552 petiisset,
1320 1499 1475 1539 mane
1506 1501 1622 1549 rex,
1648 1501 1713 1540 eo
1738 1500 1919 1541 secum
1950 1500 2159 1539 assum-

594 1586 705 1643 pto,
736 1574 799 1626 ad
829 1574 1100 1628 visendum
1132 1575 1297 1629 ﬁlium
1329 1576 1703 1643 proficiscitur.
1728 1575 1971 1646 Cumque
2002 1590 2165 1645 prope

595 1678 718 1721 eum
753 1666 1104 1743 consedisset,
1131 1682 1249 1719 eum
1280 1667 1498 1733 alloqui,
1533 1682 1596 1721 ac
1628 1669 1836 1736 probris
1886 1668 2158 1731 insectari,

593 1764 750 1823 atque
780 1755 943 1823 ipsius
972 1757 1359 1809 contumaciam
1392 1758 1661 1827 animique
1709 1757 2031 1826 rigiditatem
2074 1772 2167 1811 ac-

2349 734 2406 787 ’0
2436 735 2490 787 δέ
2521 735 2771 804 βασιλεὺς
2790 775 2805 799 ,
2839 734 3104 790 πάντοθεν
3134 736 3511 807 ἀπορούμενος
3532 777 3546 799 ,
3595 736 3689 789 τὸν
3713 738 3836 789 Θευ.

2266 825 2362 878 δᾶν
2390 822 2545 889 αὖθις
2572 826 2984 899 προσκαλεῖται,
3013 828 3105 881 καί
3132 844 3285 898 φησι·
3317 830 3397 881 Τὰ
3425 829 3523 898 μὲν
3546 828 3835 899 δεδογμένα

2268 934 2371 983 σοι,
2424 919 2721 987 σοφώτατε,
2760 922 2938 975 πάντα
2982 921 3407 992 πληρώσαντες,
3440 921 3708 989 οὐδεμίαν
3746 925 3835 991 τὴν

2265 1007 2531 1075 ὠφέλειαν
2559 1008 2792 1080 εὕρομεν
2817 1027 2830 1040 ·
2879 1011 2996 1064 νυνὶ⁸
3037 1012 3116 1074 δὲ,
3144 1012 3197 1064 εἴ
3220 1013 3304 1074 τίς
3342 1029 3421 1064 σοι
3468 1011 3636 1082 ἑτέρα
3662 1013 3837 1065 ὑπολὲ-

2265 1101 2478 1157 λειπται
2518 1106 2727 1158 ἐπίνοια
2760 1106 3020 1175 κάκείνης
3067 1106 3227 1177 285
3276 1110 3474 1177 πεῖραν
3518 1107 3833 1177 ληψίμεθα,

2269 1194 2399 1260 ἴσως
2431 1196 2577 1268 εῦρω
2602 1199 2723 1253 τινὰ
2746 1202 2842 1254 τοῦ
2874 1200 3047 1253 κακοῦ
3079 1200 3191 1271 (52)
3221 1200 3395 1254 λύσιν.

2334 1399 2710 1470 Αίτησαμένου
2738 1400 2792 1453 δὲ
2828 1400 2923 1455 τοῦ
2967 1400 3143 1455 Θευδᾶ
3168 1393 3265 1465 ἐίς
3296 1400 3513 1473 ὁμιλίαν
3549 1400 3725 1454 ἐλθεῖν
3749 1403 3829 1454 τοῦ

2265 1496 2405 1561 υἱοῦ,
2455 1496 2622 1548 ἕωθεν
2668 1495 3116 1567 συμπαραλαϐὼν
3165 1495 3350 1555 αὑτὸν,
3380 1497 3410 1548 6
3465 1494 3724 1565 βασιλεὺς
3765 1500 3832 1558 εἰς

2269 1587 2558 1656 ἐπίσκεψιν
2601 1588 2904 1657 ἀπέρχεται
2935 1588 3029 1641 τοῦ
3062 1587 3201 1641 υἱοῦ.
3245 1586 3354 1641 Καὶ
3390 1587 3631 1648 καθίσας
3660 1588 3833 1655 λόγους

2268 1679 2518 1750 ἐκίνησεν
2548 1680 2575 1731 6
2619 1679 2869 1749 βασιλεὺς
2891 1720 2905 1743 ,
2934 1679 3207 1743 ὀνειδίζων
3237 1680 3400 1733 αὑτὸν
3430 1680 3526 1732 καὶ
3564 1680 3830 1749 μεμφόμε-

2268 1789 2357 1835 νος
2383 1772 2477 1825 ἐπὶ
2499 1774 2565 1843 τῇ
2593 1773 2825 1843 ἀνηκοῖα
2849 1770 3012 1824 αὑτοῦ
3035 1774 3128 1825 καὶ
3150 1772 3410 1842 ἀνενδότῳ
3433 1771 3653 1844 γνώμῃ.
3685 1771 3835 1824 Ἐκείρ

594 1858 779 1899 cusare
809 1845 985 1912 cmpit.
1010 1846 1101 1898 lllo
1126 1860 1255 1900 vero
1280 1856 1422 1901 recta
1453 1846 1701 1916 dogmata
1725 1862 1936 1902 rursum
1963 1848 2163 1903 contir-

2279 1820 2354 1835 ’γ’
2387 1820 2475 1825 ’⁷⁷⁷
2512 1820 2565 1843 Ἠ
2597 1820 2823 1843 "uin"?
2853 1820 3405 1842 ”’⁷””’“”⁷’⁷⁷*”’“Ἰ”
3444 1820 3652 1844 I'"r".t'
3702 1820 3791 1824 "Vn

2266 1882 2354 1919 νου
2384 1866 2438 1918 δὲ
2478 1866 2546 1919 τὰ
2577 1865 2719 1917 αὐτά
2758 1864 2916 1926 αὖθις
2950 1863 3296 1933 βεϐαιοῦντος
3336 1865 3430 1917 καὶ
3461 1863 3634 1933 μηδὲν
3662 1880 3831 1931 προτε-

595 1947 808 1998 mante,
838 1936 1140 2006 Christique
1180 1952 1363 1992 amore
1395 1938 1524 1992 nihil
1556 1939 1827 2007 antiquius
1860 1938 2164 1994 habendum

594 2044 712 2085 esse
742 2031 1039 2095 clamante,
1082 2031 1331 2085 Theudae
1372 2032 1423 2085 in
1468 2031 1699 2085 medium
1743 2030 2030 2100 prodiens,
2082 2030 2165 2084 bis

592 2122 766 2175 verbis
796 2136 920 2174 usus
946 2132 1026 2175 est
1054 2138 1065 2173 :
1098 2122 1383 2187 Quidnam,
1412 2137 1445 2177 o
1474 2122 1733 2189 Josaphat
1758 2162 1774 2187 ,
1815 2122 1957 2189 quod
1984 2124 2034 2175 in
2067 2123 2135 2175 im
2154 2151 2168 2163 -

594 2212 905 2265 mortalibus
927 2212 1027 2265 diis
1052 2214 1246 2265 nostris
1276 2214 1777 2281 reprehendendum
1805 2216 1870 2267 sit
1897 2213 2163 2278 invenisti,

593 2309 652 2355 ut
682 2314 735 2355 tu
768 2303 834 2354 ab
854 2317 1037 2356 eorum
1082 2304 1226 2357 cultu
1256 2303 1559 2359 discederes
1580 2347 1594 2371 ,
1628 2318 1691 2357 ac
1723 2305 1863 2373 regis
1892 2304 2061 2371 patris
2095 2304 2166 2358 tui

590 2396 823 2449 animum
882 2397 951 2451 ita
1000 2399 1317 2452 olTen-lendo
1374 2400 1533 2453 totius
1592 2401 1773 2468 populi
1829 2400 2013 2455 odium
2066 2398 2162 2453 tibi

590 2490 1001 2543 commoveres?
1037 2498 1112 2545 An
1137 2507 1239 2543 non
1268 2490 1341 2545 ab
1366 2492 1430 2545 iis
1459 2494 1621 2547 vitam
1646 2495 1932 2563 accepisti?
1956 2495 2036 2547 An
2060 2508 2166 2547 non

592 2583 686 2650 ipsi
720 2583 854 2651 patri
887 2592 937 2636 te
968 2584 1109 2638 dono
1138 2585 1421 2651 dederunt,
1454 2586 1649 2640 auditis
1694 2588 1948 2641 videlicet
1995 2589 2163 2657 ipsius

592 2674 861 2739 precibus,
894 2688 1062 2743 eoque
1092 2676 1385 2730 sterilitatis
1416 2676 1640 2732 vinculis
1680 2678 1889 2734 soluto?
1912 2679 2043 2732 Cum
2074 2694 2167 2731 au-

590 2772 694 2816 tem
728 2764 919 2818 multos
943 2766 1126 2817 inanes
1147 2780 1445 2828 sermones.
1472 2781 1531 2819 ac
1564 2769 1758 2821 multas
1784 2768 1995 2822 inutiles
2017 2783 2164 2837 qum-

588 2854 787 2909 stiones
806 2856 891 2909 ille
914 2856 1227 2910 inveteratae
1250 2859 1320 2910 im
1336 2859 1615 2925 probitatis
1638 2859 1798 2912 homo
1817 2868 2159 2927 proponeret,

587 2957 743 3013 atque
770 2945 835 2998 de
870 2945 1138 3012 Evangelii
1161 2948 1540 3015 praedicatione
1562 2961 1875 3018 argumenta
1900 2960 2160 3014 necterct.

590 3036 689 3089 hoc
717 3036 962 3089 videlicet
992 3038 1171 3090 animo
1197 3077 1211 3100 ,
1245 3047 1300 3091 ut
1330 3053 1446 3092 eam
1478 3041 1788 3109 suggillaret
1812 3083 1826 3103 ,
1864 3052 2022 3113 atque
2050 3043 2162 3097 ido-

2267 1958 2373 2027 μᾷν
2429 1958 2526 2026 τῆς
2582 1956 2818 2026 Χριστοῦ
2863 1956 3084 2026 ἀγάπης
3130 1956 3395 2025 βοῶντος,
3441 1953 3731 2025 παρελθὼν
3763 1957 3832 2016 εἰς

2268 2046 2451 2115 μέσον,
2482 2048 2509 2098 6
2535 2045 2739 2108 Θευδᾶς
2764 2045 2891 2115 ἔφη’
2920 2046 2983 2098 Τί
3014 2047 3316 2114 κατέγνως,
3344 2039 3391 2098 ὦ
3438 2045 3710 2114 Ίωάσαφ,
3737 2046 3831 2098 τῶν

2264 2137 2548 2191 ἀθανάτων
2588 2137 2742 2208 ἡμῶν
2773 2136 2933 2202 θεῶν,
2978 2138 3060 2190 ὄτι
3101 2136 3204 2207 τῆς
3242 2137 3426 2191 αὐτῶν
3472 2137 3721 2207 ἀπέστης
3745 2138 3828 2189 λα-

2246 2214 2473 2300 τρείας,
2507 2229 2619 2295 καὶ,
2651 2229 2742 2283 τὸν
2775 2229 2866 2283 σὺν
2894 2229 3107 2300 πατέρα
3150 2230 3243 2282 καὶ
3276 2229 3503 2300 βασιλέα
3532 2228 3708 2293 οὕτως
3730 2230 3827 2299 (55)

2267 2322 2638 2394 παροργίζων,
2676 2321 2903 2391 μισητὸς
2930 2322 3095 2374 παντὶ
3127 2321 3359 2389 γέγονας
3404 2320 3485 2391 τῷ
3527 2320 3677 2390 λαῷς
3709 2322 3828 2389 Οὐχὶ

2267 2416 2403 2484 παρ’
2432 2413 2610 2466 αὐτῶν
2640 2431 2721 2467 σοι
2768 2415 2827 2467 τὸ
2860 2416 2998 2485 ςῇνς
3040 2415 3140 2467 οὐκ
3173 2414 3328 2467 αὐτοὶ
3373 2416 3651 2484 παρέσχον
3684 2431 3736 2465 σε
3763 2414 3827 2482 τῷ

2269 2505 2465 2574 πατρὶ,
2508 2506 2608 2575 τῆς
2641 2505 2802 2557 αὑτοῦ
2856 2505 3188 2569 ἀκούσαντες
3238 2506 3403 2576 εὐχῆς
3456 2506 3551 2558 καὶ
3600 2504 3707 2557 τῶν
3739 2505 3824 2573 τῆς

2269 2596 2523 2659 ἀτεκνίας
2551 2596 2767 2665 δεσμῶν
2793 2597 3205 2669 λυτρωσάμενοι
3235 2597 3347 2667 (54)
3371 2614 3386 2662 ;
3420 2597 3635 2658 Πολλάς
3663 2596 3716 2648 δὲ
3738 2614 3824 2665 μα-

2266 2692 2574 2759 ταιολογίας
2622 2691 2715 2743 καὶ
2764 2692 3061 2760 ἀνωφελεῖς
3114 2694 3405 2763 προτάσεις
3462 2694 3491 2745 6
3549 2694 3608 2744 ἐν
3657 2695 3826 2753 κακοῖς

2268 2782 2516 2854 γηράσας
2545 2781 2982 2851 προϐαλλόμενος
3008 2824 3022 2848 ,
3054 2783 3149 2836 καὶ
3191 2784 3591 2854 συλλογισμοὺς
3629 2785 3826 2855 ρἀτων

2268 2876 2397 2943 περὶ
2428 2874 2522 2927 τοῦ
2558 2874 2911 2944 κηρύγματος
2955 2874 3049 2927 τοῦ
3096 2876 3429 2944 Εὐαγγελίου
3455 2918 3469 2941 ,
3522 2876 3826 2947 βουλόμενος

2267 2966 2425 3019 τοῦτο
2467 2966 2565 3035 μὲν
2594 2966 2900 3035 χλευάζειν,
2937 2967 3005 3020 τά
3041 2967 3097 3020 δὲ
3128 2966 3235 3020 τῶν
3270 2968 3505 3021 εἰδώλων
3532 2968 3823 3041 κρατύνειν,

2269 3058 2444 3127 ὀλίγον
2474 3058 2711 3129 ἐπισχὼν
2744 3059 2771 3110 6
2797 3058 2894 3128 τῆς
2932 3059 3045 3112 ἄνω
3098 3060 3373 3130 βασιλείας
3404 3061 3526 3124 υίὸς
3557 3101 3573 3125 ,
3615 3061 3707 3113 καὶ
3741 3060 3825 3127 τῆς

588 3127 758 3179 lorum
789 3127 989 3181 cultum
1021 3128 1364 3184 conﬁrmaret
1385 3172 1399 3195 ,
1434 3131 1521 3184 ille
1547 3134 1766 3202 superni
1802 3134 1959 3204 Regis
1991 3135 2163 3201 ﬁlius,

2268 3152 2476 3214 πόλεως
2507 3127 2721 3224 ἐκείνης
2746 3152 2969 3223 πολίτης
2998 3153 3065 3223 ἣν
3099 3127 3299 3223 ἔπηξεν
3327 3154 3355 3206 ὁ
3386 3152 3593 3226 Κύριος
3624 3154 3715 3207 καὶ
3741 3153 3826 3204 οὐκ

585 3225 744 3285 atque
788 3218 922 3270 illius
955 3219 1119 3283 urbis,
1146 3234 1305 3289 quam
1340 3238 1442 3274 non
1477 3226 1655 3289 homo,
1704 3225 1798 3279 sed
1845 3227 1988 3281 Deus
2035 3243 2165 3281 con-

585 3307 773 3359 struxit
801 3305 980 3376 (Ilebr.
1015 3310 1151 3377 vin).
1178 3310 1332 3373 civis,
1370 3322 1707 3381 posteaquam
1738 3330 1858 3370 sese
1888 3317 2162 3386 paulisper

584 3398 954 3464 continuisset,
986 3408 1093 3452 tum
1121 3400 1334 3455 demum
1368 3403 1433 3455 nd
1465 3403 1742 3459 Theudam
1764 3406 1877 3460 ait:

655 3489 811 3555 Audi,
842 3505 874 3542 ο
908 3490 1216 3553 ίιιιρυειιιιυεε
1248 3508 1441 3562 vorago
1463 3536 1477 3556 ,
1512 3509 1576 3548 ac
1611 3494 1970 3564 palpabilibus
2002 3507 2159 3554 tene-

586 3578 693 3631 bris
718 3579 1075 3646 caliginosior,
1106 3598 1288 3637 semen
1338 3584 1714 3655 Babylonicum
1736 3628 1751 3652 ,
1778 3598 1937 3657 atque
1960 3588 2159 3644 Cbala-

585 3670 716 3723 nica:
765 3672 923 3725 turris
964 3683 1378 3741 cxstrnctorum,
1433 3694 1658 3745 quorum
1713 3694 1871 3734 causa
1922 3682 2155 3738 mundus

582 3759 836 3815 confusus
862 3775 958 3825 ρει,
986 3780 1150 3833 nepos
1182 3764 1335 3835 (Gen.
1367 3770 1479 3838 XI);
1514 3785 1671 3835 vane,
1706 3773 1919 3841 inquam
1945 3814 1960 3839 ,
2001 3784 2160 3843 atque

586 3852 767 3906 inleiix
791 3868 974 3921 senex,
1000 3859 1087 3925 qui
1118 3860 1452 3927 gravioribus
1482 3878 1641 3931 quam
1682 3868 1918 3934 quinque
1947 3867 2050 3920 illa:
2079 3868 2162 3921 di-

584 3945 707 3998 vino
738 3946 857 4014 igne
884 3961 1236 4006 concremata;
1266 3953 1423 4008 urbes
1455 3956 1746 4012 sceleribus
1790 3968 1841 4014 te
1883 3963 2156 4014 constrin-

584 4037 729 4089 xisti.
760 4039 959 4108 Ecquid
1010 4042 1195 4096 salutis
1246 4045 1715 4113 przedicationem,
1764 4066 1857 4118 per
1906 4068 2063 4120 quam
2095 4067 2158 4107 ea

582 4143 701 4196 qua:
743 4130 974 4185 tenebris
1017 4133 1341 4189 circumfusa
1369 4147 1560 4205 erant,
1592 4138 1765 4193 lucem
1796 4150 2115 4210 acceperunt
2139 4183 2155 4207 ,

585 4236 681 4289 per
703 4236 859 4291 quam
890 4235 1131 4280 errantes
1156 4228 1294 4280 viam
1328 4228 1664 4296 invenerunt,
1694 4248 1789 4301 per
1814 4250 1971 4303 quam
1996 4236 2029 4289 ii
2059 4236 2155 4305 qui

583 4314 869 4380 perierant,
905 4331 965 4370 ac
996 4318 1191 4373 misera
1223 4321 1481 4377 servitute
1526 4325 1925 4392 premebantur,
1958 4328 2011 4381 in
2045 4330 2155 4396 pri~

582 4405 778 4459 stinum
805 4416 1001 4462 statum
1026 4411 1254 4465 restituti
1283 4423 1448 4481 sunt,
1477 4415 1685 4469 cavillis
1714 4416 1964 4472 insectari
1996 4434 2158 4472 cona-

583 4492 700 4547 ris?
730 4494 873 4549 Cedo
902 4506 1077 4550 utrum
1112 4499 1322 4554 tandem
1351 4516 1418 4555 ex
1454 4503 1537 4557 his
1563 4504 1768 4558 duobus
1812 4509 2154 4573 praestantius
2194 4500 2239 4555 D

580 4589 683 4644 est,
719 4598 907 4651 nempe
934 4587 1353 4654 omnipotentem
1388 4590 1549 4645 Deum
1579 4608 1697 4646 cum
1724 4596 1993 4663 unigenito
2016 4598 2154 4653 Filio

580 4683 636 4723 et
662 4670 859 4740 Spiritu
890 4687 1074 4730 saneto
1097 4678 1273 4732 colere
1298 4720 1311 4743 ,
1339 4680 1506 4735 Deum
1531 4722 1545 4745 ,
1572 4683 1819 4753 inquam,
1854 4688 2151 4743 increatum

581 4774 636 4817 et
663 4766 1036 4832 immortalem,
1069 4768 1326 4824 bonorum
1352 4774 1588 4827 mnnium
1625 4776 1847 4846 fontem,
1873 4779 2026 4848 cujus
2055 4798 2153 4837 nec

662 4961 777 5031 (ΒΞ)
810 4959 870 5029 C,
908 4962 1096 5017 καλοῦ.

660 5034 773 5101 (55)
805 5034 842 5083 Α
879 5035 995 5087 sine
1029 5032 1223 5095 οὕτως.

659 5104 770 5171 (54)
799 5102 955 5157 Conf.
997 5118 1049 5172 p.
1086 5106 1135 5157 6.

656 5174 767 5239 (55)
801 5173 969 5240 Epist.
1002 5176 1066 5228 ad
1103 5172 1275 5229 Hebr.‘
1302 5190 1415 5237 vm,
1441 5176 1527 5230 2.‘

2266 3244 2550 3315 ἄνθρωπος
2578 3244 2710 3316 (55),
2745 3245 2878 3316 φησι
2912 3244 3049 3316 πρὸς
3075 3245 3165 3298 τὸν
3191 3245 3418 3299 Θευδᾶν·

2342 3513 2628 3574 Ἀκουσον,
2680 3507 2725 3566 ὧ
2767 3514 2975 3585 πλάνης
3023 3511 3181 3583 βυθέ,
3228 3512 3322 3566 καὶ
3366 3511 3691 3584 ψηλαφητοῦ
3718 3514 3825 3566 σκό-

2266 3621 2391 3666 τους
2418 3604 2529 3673 (56)
2560 3605 2923 3675 ζοφωδέστερε
2944 3645 2959 3667 ,
2991 3606 3051 3658 τὸ
3096 3604 3441 3658 Βαϐυλώνιον
3478 3607 3733 3677 σπέρμα,
3775 3607 3825 3656 τὸ

2266 3697 2366 3766 τῆς
2404 3695 2715 3763 Χαλανικῆς
2756 3696 2869 3766 (57)
2918 3698 3284 3765 πυργοποιῖας
3325 3695 3574 3763 ἔκγονον,
3619 3697 3682 3749 δι’
3717 3692 3775 3766 ἧς
3799 3698 3823 3747 6

2266 3788 2469 3857 κόσμος
2495 3787 2781 3857 συνεχύθη.
2818 3788 3153 3858 ματαιόφρον
3176 3789 3269 3841 καὶ
3291 3788 3441 3841 sane
3467 3790 3654 3859 γέρον,
3673 3782 3820 3859 οὗπερ

2268 3881 2361 3932 καὶ
2390 3881 2422 3949 ἡ
2456 3879 2592 3947 πυρὶ
2622 3880 2786 3951 286
2818 3881 2914 3933 καὶ
2942 3880 3075 3948 θείῳ
3116 3880 3526 3934 κατακαυθεῖσα
3557 3882 3671 3953 (58)
3715 3898 3823 3935 πεν-

2266 3972 2491 4033 τάπολις
2522 3972 2633 4042 (59)
2686 3973 3025 4045 ἐλαφροτέρα
3070 3976 3185 4037 τοῖς
3224 3975 3591 4045 ἁμαρτήμασι
3631 3974 3818 4044 γέγονε.

2269 4063 2333 4117 Τί
2361 4065 2639 4134 χλευάζειν
2670 4066 2966 4136 ἐπιχειρεῖς
2997 4066 3058 4119 τὸ
3092 4066 3191 4135 τῆς
3224 4068 3499 4139 σωτηρίας
3526 4068 3778 4137 κηρυγμα
3802 4106 3815 4127 ,

2266 4160 2334 4213 δι’
2360 4156 2425 4228 ἧς
2463 4159 2531 4212 τά
2557 4159 2911 4227 ἐσκοτισμένα
2950 4158 3223 4227 ἐφωτίσθη
3246 4198 3260 4222 ,
3286 4158 3353 4211 δι’
3383 4155 3450 4229 ἦς
3483 4159 3534 4211 οἱ
3566 4157 3822 4224 πεπλανη-

2270 4254 2421 4324 μένοι
2450 4253 2546 4323 τὴν
2574 4252 2694 4305 ὁδὸν
2724 4245 2901 4322 εὗρον,
2945 4251 3011 4303 δι’
3043 4246 3111 4323 ἦς
3141 4252 3191 4305 oi
3220 4252 3564 4315 ἀπολωλότες
3605 4251 3697 4303 καὶ
3726 4250 3822 4301 δει-

2266 4346 2373 4409 νῶς
2424 4342 2951 4415 αἰχμαλωτισθέντες
2994 4343 3404 4413 ἀνεκλήθησαν;
3452 4344 3507 4396 τί
3569 4346 3817 4413 κρεῖττον,

2266 4438 2386 4491 εἰπέ
2414 4456 2524 4508 μοι,
2553 4435 2671 4507 Θεῷ
2692 4420 2970 4506 λατρεύείν
2994 4436 3388 4507 παντοκράτορι
3412 4436 3511 4489 σὺν
3537 4436 3652 4507 Υίῷ
3682 4454 3821 4507 μονο-

2267 4532 2415 4598 γενεῖ
2438 4530 2531 4583 καὶ
2560 4528 2835 4598 Πνεύματι
2858 4528 3017 4598 ἁγίῳ,
3041 4527 3159 4597 Θεῴ
3180 4527 3422 4596 ἀκτίστῳ
3452 4528 3542 4580 καὶ
3566 4528 3819 4597 ἀθανάτῳ,

2265 4623 2331 4691 τῇ
2365 4620 2505 4691 ἀρχῇ
2535 4620 2627 4673 καὶ
2660 4622 2808 4690 πηγῇ
2835 4618 2943 4670 τῶν
2969 4619 3207 4688 ἀγαθῶν,
3231 4614 3291 4675 οὗ
3315 4621 3375 4673 τὸ
3398 4622 3603 4692 κράτος
3624 4621 3824 4674 ἀνείκα-

2268 4730 2390 4765 στον
2412 4712 2523 4781 (ϐυ)
2548 4712 2642 4765 καὶ
2670 4713 2702 4782 ἡ
2726 4712 2851 4775 δόξα
2870 4712 3279 4781 ἀκατάληπτος,
3299 4707 3343 4781 ᾧ
3374 4715 3823 4784 παρειστήκεισαν

2264 4804 2433 4875 χίλιαι
2461 4803 2695 4873 χιλιάδες
2725 4804 2817 4857 καὶ
2849 4802 3041 4873 μύριαι
3085 4806 3339 4875 μυριάδες
3370 4806 3679 4875 ἀγγελικιῖΝ
3706 4820 3823 4871 ταγο

656 5245 769 5319 (59)
802 5244 1067 5319 liespectn
1100 5244 1373 5319 atl_i_3_xod.
1410 5246 1547 5311 11,21
1579 5264 1590 5300 :
1624 5245 1910 5319 Γενηθήτω
1942 5245 2130 5311 σκότος

2291 5244 2397 5315 γῆς
2426 5242 2724 5313 Αἰγύπτου,
2751 5243 3067 5317 ψηλαφητὸν
3099 5244 3307 5308 σκότος.
3359 5243 3443 5299 Cl.
3477 5259 3529 5313 p.
3554 5244 3681 5302 227,
3706 5260 3754 5299 ιι.
3777 5246 3819 5298 l.

657 5314 767 5383 (57)
798 5314 879 5368 cr.
924 5325 960 5368 l.
999 5315 1057 5375 ιι.
1085 5330 1136 5382 ρ.
1174 5315 1292 5369 ιδο.

658 5386 768 5470 (5:9
800 5384 863 5470 An,
898 5385 1188 5470 'XGUOEE‘O’E,
1243 5386 1771 5470 omissioneusfpius
1820 5387 2159 5470 animadvers

2266 5384 2577 5470 Heliodorus
2628 5383 2778 5470 Elii:
2814 5400 2850 5439 ιι
2873 5426 2898 5466 ,ο
2998 5403 3011 5438 :
3042 5384 3335 5470 σποδιᾶς...
3380 5385 3599 5470 ἀπαρης
3630 5385 3821 5470 ’σχεδὸν

582 5453 1033 5527 ἀποσϐεσθείσης,
1075 5454 1257 5527 Codex
1294 5456 1479 5527 Yienet.
1529 5453 1666 5513 609..
1697 5457 2157 5527 ἐναποσϐεσθείση

2266 5472 2342 5527 nec
2374 5455 2614 5527 idmale.
2637 5455 3047 5527 —‘liespicitur
3076 5454 3276 5510 Genes.
3319 5470 3432 5527 ξιτ,
3477 5456 3549 5508 ει
3578 5474 3591 5508 :
3630 5453 3820 5527 Κύριος

583 5523 801 5601 ἔϐρεξεν
826 5525 915 5574 ἐπὶ
942 5525 1148 5593 Σόδομα
1179 5526 1272 5577 καὶ
1305 5525 1552 5597 Γομόρῤα
1582 5528 1722 5580 θεῖον
1755 5530 1846 5581 καὶ
1872 5527 1983 5649 πῦρ
2012 5523 2161 5598 παρά

653 5594 762 5649 (59)
801 5594 1032 5645 Sodoma
1067 5595 1291 5649 scilicet.
1328 5595 1651 5649 Comurrha.
1688 5600 1911 5649 Atlanta-
1966 5602 2163 5649 .elioint

2266 5526 2400 5595 »ρίου
2432 5524 2489 5591 ἐξ
2522 5524 2771 5595 ούρανοῦ.
2798 5523 2951 5579 Cunf.
2984 5524 3116 5579 Luc.
3151 5539 3290 5588 xm,
3314 5524 3404 5578 29.

2267 5613 2416 5649 ερον.

653 5594 762 5662 (59)
801 5594 1032 5662 Sodoma
1067 5595 1291 5656 scilicet,
1328 5594 1651 5659 Coniurrha,
1688 5600 1911 5661 Atlanta,

651 5664 763 5732 (δῦ)
796 5661 1032 5715 Joannes
1064 5664 1251 5731 Chrys.
1291 5664 1447 5718 Hom.
1481 5667 1531 5719 in
1560 5666 1698 5721 Psal.
1735 5684 1806 5728 γι,

1842 5613 1911 5661 ta,
1950 5601 2163 5649 Zelioint

1842 5682 1959 5735 pag.
1994 5667 2059 5719 15
2090 5668 2163 5720 Co

2266 5613 2441 5721 Ξείιῖξῷ
2463 5706 2479 5731 ,
2523 5683 2626 5736 qua
2663 5682 2766 5721 una
2805 5680 2947 5719 nunc
2989 5668 3064 5718 uti
3110 5665 3275 5719 licet:
3307 5664 3399 5735 Μὴ
3431 5665 3628 5736 νικήσῃ
3662 5666 3692 5733 ἠ
3723 5664 3818 5732 ἐμὴ

581 5732 946 5805 ῥαθυμίαντὴν
975 5733 1265 5785 ἀνίκαστόν
1291 5751 1384 5787 σου
1416 5732 1852 5805 φιλανθρωπίανί
1879 5732 2163 5804 Insuperab

2267 5754 2297 5789 ιι
2338 5748 2480 5791 tuam
2508 5732 2909 5800 humanitatem,
2943 5736 3246 5791 Cotelerius
3284 5732 3473 5790 vertit.
3505 5732 3627 5790 Sed
3654 5732 3817 5805 legen-

580 5808 705 5859 dum
729 5804 1064 5867 ἀνείκαστον,
1098 5819 1253 5871 quant
1285 5804 1583 5868 conjectura
1618 5804 1764 5861 nemo
1812 5809 1971 5875 possit
2009 5810 2235 5876 assequi.
