4042 6408
241 355 377 422 1157

1331 369 1503 430 VITA
1546 369 1903 430 BARLAAM
1939 371 2033 431 ET
2073 373 2423 440 JOASAPH.

3354 361 3495 433 1158

232 475 422 546 μάτων
448 476 543 532 καὶ
569 477 834 548 οὐρανίων
853 480 986 549 (6|),
1007 479 1104 534 xei.
1129 479 1344 553 πλήρης
1369 484 1397 536 6
1415 483 1641 553 οὐρανὸς
1661 483 1810 555 καὶὴ

1928 493 2211 564 imperium
2249 511 2311 550 ac
2339 497 2502 552 robur
2535 499 2842 567 conjectura
2894 502 3129 571 percipi,
3185 517 3286 559 nec
3326 502 3500 572 gloria

227 569 298 639 γῆ
335 569 439 639 τῆς
465 570 623 640 δόξης
646 571 835 635 αὑτοῦ,
863 573 933 625 δι’
963 567 1025 627 οῦ
1050 573 1120 627 τά
1149 573 1328 628 πάντα
1355 575 1420 627 ὲκ
1444 573 1536 626 τοῦ
1561 575 1636 645 μὴ
1659 574 1811 637 ὅντος

227 661 488 734 παρήχθη
510 701 525 725 ,
551 663 618 716 δι’
641 657 701 718 οῦ
730 667 1015 734 κρατεῖται
1056 665 1116 718 τὸ
1156 667 1264 719 πᾶν
1286 667 1380 719 καὶ
1407 667 1690 736 συνέχεται
1717 665 1812 718 καὶ

227 753 293 820 τῇ
320 755 550 825 προνοίᾳ
567 754 730 808 αὑτοῦ
747 755 1052 822 διοικεῖται,
1081 756 1254 826 τούτῳ
1274 757 1482 828 βέλτιον
1505 757 1811 830 λατρεύειν,

226 841 260 912 ἢ
285 843 510 914 δαίμοσι
537 846 800 918 ὀλεθρίοις
829 849 923 901 καὶ
945 848 1177 919 ἀψύχοις
1207 849 1448 916 εἰδώλοις
1469 889 1484 914 ,
1519 843 1594 905 ὧν
1629 853 1662 921 ἠ
1687 850 1812 917 δόξα

226 935 322 988 καὶ
361 938 390 989 6
432 936 653 1002 ἔπαινος
691 941 909 1010 μοιχεία
951 942 1068 995 ἐστὶ
1100 943 1193 996 καὶ
1231 942 1592 1014 παιδοφθορία
1618 943 1711 997 καὶ
1745 942 1814 997 τὰ

226 1024 396 1081 λοιπὰ
419 1029 520 1099 τῆς
549 1031 779 1101 ἀνομίας
817 1031 976 1102 ἔργα,
1016 1032 1052 1086 ἃ.
1088 1033 1218 1105 περὶ
1243 1035 1352 1088 τῶν
1377 1034 1662 1105 ὑμετέρων
1689 1035 1815 1088 άνα-

223 1122 544 1192 γέγραπται
580 1122 719 1200 θεῷν
747 1125 804 1176 ὲν
833 1127 945 1188 τοῖς
978 1127 1320 1196 συντάγμασι
1347 1130 1447 1198 τῆς
1486 1127 1811 1198 δεισιδαιμο-

224 1213 348 1277 νίας
380 1213 570 1284 ὑμῶν;
607 1214 721 1268 Οὐκ
753 1215 988 1269 αἰδεῖσθε
1011 1257 1026 1280 ,
1060 1217 1436 1289 ταλαίπωροι,
1467 1217 1640 1289 πυρὸς
1662 1219 1815 1271 ἀκοι-

229 1307 408 1377 μήτου
445 1305 601 1378 βορὰ,
627 1308 884 1377 ὁμοίωμα
905 1308 1099 1376 γένους
1129 1308 1458 1374 Χαλδαῖκοῦ,
1493 1311 1595 1362 οὐκ
1624 1309 1813 1380 αἰσχύο

226 1396 388 1449 νεσθε
413 1396 584 1466 νεκρὰ
613 1395 776 1462 ξόανα
806 1397 1242 1468 προσκυνοῦντες
1260 1438 1275 1464 ,
1313 1399 1477 1469 287
1519 1399 1701 1470 χειρὸς
1727 1401 1814 1454 άν-

227 1489 514 1560 θρωπίνης
541 1490 704 1559 ἔργας
745 1490 905 1543 Λίθον
937 1494 1044 1563 γὰρ
1071 1490 1434 1556 λαξεύσαντες
1464 1492 1497 1562 ἢ
1535 1491 1692 1559 ξύλον
1725 1511 1815 1546 τε·

228 1579 656 1645 κτονεύσαντες,
685 1581 806 1634 θεὸν
837 1583 1354 1654 προσηγορεύσατεο
1403 1581 1522 1637 εἶτα
1551 1587 1642 1638 τὸν
1675 1585 1811 1638 κάλ-

227 1673 413 1726 λιστον
442 1675 505 1726 ἔκ
536 1673 831 1743 βουκολίων
859 1673 1059 1745 ταῦρον
1086 1674 1374 1740 λαϐόντες,
1404 1676 1435 1748 ἢ
1485 1676 1614 1730 ἄλλο
1650 1678 1813 1748 τυχὸν

226 1765 338 1816 τῶν
379 1766 834 1835 εὑπρεπεστάτων
884 1765 1060 1833 ζώων,
1102 1767 1284 1839 νεκρῷ
1323 1768 1626 1838 σεϐάσματι
1654 1770 1810 1823 θύετε

227 1856 470 1924 ἀνόητοι.
515 1856 849 1928 Τιμιώτερόν
906 1859 1022 1912 ἐστί
1078 1877 1174 1913 σου
1220 1860 1312 1914 τοῦ
1367 1861 1711 1932 σεδάσματος
1755 1864 1814 1917 τὸ
1846 1862 1886 1917 Β

229 1948 404 2019 θῦμα·
437 1951 498 2003 τὸ
535 1949 635 2020 μὲν
667 1950 776 2022 γὰρ
808 1951 997 2017 ξόανον
1037 1952 1322 2024 ἄνθρωπος
1358 1953 1616 2024 ἐποίησε,
1653 1955 1712 2006 τὸ
1759 1955 1816 2008 δὲ

230 2040 374 2105 ζῶον
417 2042 446 2095 6
479 2043 612 2108 Θεὸς
651 2045 1076 2118 ἐδημιούργησε.
1119 2046 1230 2099 Καὶ
1263 2047 1426 2099 πόσον
1474 2045 1568 2099 σοῦ
1616 2046 1817 2116 μᾶλλον

228 2131 325 2186 τοῦ
377 2132 599 2202 λογικοῦ
647 2135 910 2190 συνετὼτε
925 2136 1014 2208 ρόν
1061 2136 1272 2190 ἔστιτὸ
1315 2137 1511 2206 ἄλογον
1543 2137 1710 2205 ζῶον;
1755 2138 1816 2190 τὸ

233 2225 333 2296 μὲν
364 2226 472 2296 γὰρ
506 2221 613 2278 οἶδε
659 2225 751 2279 τὸν
798 2227 1072 2298 τρέφοντα
1092 2244 1107 2260 ο
1150 2228 1215 2280 σὺ
1247 2227 1304 2280 δὲ
1336 2227 1426 2280 τὸν
1456 2229 1588 2280 Θεὸν
1617 2229 1817 2299 ἠγνόη-

233 2333 334 2380 σας
359 2317 494 2386 (σε),
522 2318 590 2370 δι’
609 2311 668 2372 οῦ
692 2321 755 2371 ὲκ
777 2317 869 2371 τοῦ
899 2319 972 2389 μὴ
1003 2319 1158 2379 ὄντος
1180 2321 1497 2392 παρήχθης,
1529 2321 1597 2374 δι’
1625 2317 1684 2376 οῦ
1716 2321 1816 2394 ζῇς

235 2411 333 2463 καὶ
368 2417 764 2482 συντετηρησαι
789 2452 804 2476 ,
839 2411 934 2465 καὶ
967 2411 1154 2476 καλεῖς
1191 2411 1333 2477 θεὸν,
1364 2412 1422 2466 ὃν
1473 2415 1581 2486 πρὸ
1617 2415 1814 2486 μικροῦ

231 2504 465 2568 ἔῦλεπες
497 2504 699 2575 σιδήρῳ
727 2504 1066 2574 τυπτόμενον
1117 2505 1213 2558 καὶ
1249 2504 1384 2576 πυρὶ
1428 2506 1715 2576 καιόμενόν
1757 2524 1816 2560 τε

233 2594 330 2646 καὶ
380 2595 774 2664 χωνευόμενον,
834 2595 930 2649 καὶ
981 2595 1218 2667 σφύραις
1271 2599 1636 2671 ἐλαυνόμενον
1666 2601 1814 2670 (65),

231 2685 290 2738 ὃν
327 2686 438 2754 (64)
469 2685 709 2757 ἄργυρον
735 2687 829 2739 καλ⁵
856 2687 1056 2759 χρυσὸν
1086 2689 1418 2762 περιέθηκας
1438 2694 1553 2757 καὶ,
1578 2692 1816 2762 χαμόθεν

234 2776 496 2846 ύψώσας,
532 2780 615 2846 ἐφ’
651 2778 858 2849 ὑψηλοῦ
905 2779 1276 2852 μετεώρισας’
1306 2777 1425 2836 εἶτα
1449 2823 1463 2848 ,
1501 2782 1683 2837 πεσὼν
1724 2784 1816 2836 ἐπὶ

229 2871 335 2941 τῆς
380 2873 516 2941 γῆς,
559 2871 652 2925 τοῦ
693 2873 950 2927 ταπεινοῦ
994 2873 1142 2926 λίθου
1185 2876 1365 2928 κεῖσαι
1393 2877 1814 2946 ταπεινότερος,

232 2963 561 3033 προσκυνῶν
582 2965 642 3017 οὐ
666 2963 806 3028 θεὸν,
841 2963 977 3018 ἀλλὰ
1003 2965 1071 3019 τὰ
1098 2965 1234 3036 ἔργα
1258 2965 1366 3017 τῶν
1401 2965 1598 3036 χειρῶν
1623 2984 1716 3019 σου
1746 2969 1813 3021 τά

231 3052 402 3122 νεκρά
435 3054 529 3104 καὶ
557 3051 759 3122 ἄψυχα.
793 3054 1007 3107 Μᾶλλον
1029 3056 1197 3125 288
1211 3055 1266 3107 δὲ
1290 3055 1410 3108 οὐδὲ
1430 3056 1618 3127 νεκρὸν
1634 3057 1698 3108 ἂν
1727 3056 1814 3125 εἴη

1930 595 2108 641 mente
2137 588 2517 656 comprehendi
2553 601 2744 658 potest,
2782 595 2864 648 cui
2907 597 3262 666 angelicorum
3293 611 3355 652 ac
3393 611 3504 653 ca:-

1928 677 2138 732 lestium
2164 679 2413 734 ordinum
2446 682 2609 735 millia
2676 681 2926 749 millium,
2997 694 3053 739 et
3125 687 3307 746 decies
3386 690 3506 744 mil-

1925 767 1992 822 lia
2025 769 2247 823 millium
2269 781 2466 835 astant,
2497 772 2650 840 cujus
2673 774 2838 842 gloria
2868 775 3058 830 calum
3085 787 3141 832 et
3164 786 3303 833 terra
3334 779 3489 848 plena

1926 869 2072 922 sunt,
2104 873 2198 927 per
2240 874 2397 928 quem
2442 863 2620 915 omnia
2651 877 2721 917 ex
2753 864 2921 918 niliilo
2959 867 3008 918 in
3037 874 3212 920 ortum
3245 871 3504 936 producta

1925 957 2083 1016 sunt,
2116 965 2210 1020 per
2239 966 2395 1019 quem
2427 953 2656 1008 mundus
2685 956 2991 1012 enutiuetur
3032 973 3096 1012 ac
3123 971 3500 1031 conservatur,

1929 1040 2201 1110 ipsiusque
2225 1043 2550 1108 providentia
2572 1045 2918 1112 gubernatur,
2943 1050 3125 1104 colere
3147 1063 3210 1103 ac
3235 1055 3500 1118 venerari;

1927 1148 1994 1187 an
2015 1150 2139 1189 vero
2162 1145 2276 1204 pest
2295 1136 2436 1191 feros
2459 1137 2729 1193 daemones
2748 1150 2904 1208 alque
2925 1139 3154 1195 inanima
3185 1141 3493 1209 simulacra,

1928 1242 2149 1296 quorum
2183 1227 2296 1281 laus
2331 1237 2385 1282 et
2425 1229 2590 1295 gloria
2630 1230 2951 1285 adulterium
2980 1243 3085 1296 est,
3113 1246 3177 1286 ac
3211 1249 3498 1300 puerorum

1927 1319 2291 1385 constupratio
2316 1359 2332 1383 ,
2361 1329 2660 1390 caeteraque
2691 1321 2885 1389 ﬂagitia
2912 1338 3032 1391 qua:
3075 1325 3142 1378 de
3175 1324 3278 1378 diis
3306 1326 3500 1380 vestris

1930 1411 1982 1465 in
2013 1411 2404 1479 superstitionis
2429 1424 2618 1467 vestrae
2643 1414 2996 1469 voluminibus
3018 1418 3315 1484 conscripta
3337 1418 3503 1473 sunt?

1919 1499 2038 1554 Non
2079 1513 2174 1552 vos
2209 1495 2400 1566 pudet,
2481 1500 2684 1564 miseri,
2717 1509 2877 1569 atque
2915 1502 3050 1569 ignis
3081 1503 3388 1570 sempiterni
3419 1503 3498 1558 ci-

1929 1586 2048 1650 bus,
2063 1585 2435 1656 Cbaldaicique
2455 1589 2666 1658 generis
2678 1589 3076 1647 similitudinem
3093 1603 3337 1662 gerentes
3363 1609 3377 1657 ;
3394 1610 3498 1649 non

1932 1690 2048 1742 vos,
2077 1677 2311 1743 inquam,
2344 1687 2584 1731 mortuas
2611 1685 2812 1740 statuas
2857 1678 3084 1732 humana
3121 1695 3277 1733 manu
3319 1689 3502 1736 extru-

1931 1776 2042 1821 ctas
2065 1765 2288 1822 adorare
2321 1767 2513 1836 pudet?
2529 1765 2734 1822 Caesam
2757 1769 2897 1822 enim
2922 1769 3149 1835 lapidem
3179 1780 3269 1823 aut
3293 1771 3500 1840 lignum

1931 1875 1993 1916 ac
2019 1859 2190 1914 fabrili
2219 1871 2331 1915 arte
2361 1862 2600 1929 politum,
2631 1860 2789 1916 deum
2816 1862 3134 1931 nuncupatis
3158 1877 3174 1915 :
3199 1877 3263 1917 ac
3303 1865 3501 1918 deinde

1930 1952 2184 2006 eximium
2214 1961 2444 2021 taurum,
2477 1963 2568 2006 aut
2593 1955 2732 2007 aliud
2764 1955 2992 2008 fortasse
3021 1970 3087 2009 ex
3119 1954 3503 2021 pulcherrimis

1932 2043 2187 2114 cujusque
2228 2046 2440 2114 generis
2488 2046 2850 2098 animantibus
2881 2056 3219 2100 assumentes
3241 2086 3257 2109 ,
3289 2056 3502 2100 mortuo

1934 2137 2160 2197 numini,
2191 2151 2294 2203 qua
2327 2136 2591 2190 uecordia
2619 2137 2768 2204 estis,
2803 2136 3112 2190 immolatis.
3147 2140 3315 2204 Atque
3344 2139 3500 2192 victi-
3589 2171 3603 2183 .

1934 2241 2018 2280 tua
2049 2226 2151 2280 deo
2174 2236 2262 2280 luu
2292 2227 2628 2288 prrestantior
2655 2236 2757 2281 est.
2791 2225 2920 2281 Nam
2951 2228 3100 2282 illum
3129 2227 3292 2282 homo
3316 2229 3502 2282 elabo-

1935 2319 2089 2382 ravit,
2115 2317 2254 2372 Deus
2277 2326 2452 2372 autem
2479 2319 2674 2372 animal
2719 2319 3038 2387 procreavit.
3086 2317 3162 2373 Ac
3213 2327 3500 2386 propterea

1937 2411 2096 2465 etiam
2145 2410 2356 2464 brutum
2404 2411 2597 2464 animal
2646 2419 2698 2465 te
2721 2445 2740 2473 ,
2777 2412 2866 2474 qui
2897 2411 3102 2464 ratione
3127 2409 3380 2472 praeditus
3407 2423 3498 2469 es.

1932 2503 2209 2568 prudentia
2241 2513 2296 2559 et
2323 2509 2612 2577 sagacitate
2647 2509 2938 2564 antecellit.
2971 2507 3102 2563 Illud
3141 2523 3282 2563 enim
3315 2522 3438 2563 eum
3472 2527 3502 2564 τι

1927 2609 2032 2659 quo
2058 2595 2218 2650 alitur
2247 2598 2418 2660 novit,
2449 2608 2506 2653 tu
2551 2611 2735 2655 contra
2775 2601 2924 2668 ejus,
2977 2615 3007 2654 a
3059 2615 3167 2670 quo
3206 2615 3272 2654 ex
3317 2597 3488 2654 nibiln

1927 2685 2212 2751 productus
2240 2702 2318 2752 es,
2341 2688 2594 2758 cujusque
2616 2691 2877 2746 beneficio
2899 2691 3031 2745 vivis
3053 2698 3108 2745 et
3128 2688 3485 2752 conservaris,

1925 2775 2255 2845 ignoratione
2291 2779 2524 2835 laboras.
2569 2781 2647 2836 Ac
2677 2781 2835 2837 deum
2877 2783 3113 2851 appellas
3143 2797 3298 2850 quem
3329 2781 3492 2849 paulo

1922 2879 2044 2923 ante
2073 2867 2216 2923 ferro
2244 2871 2537 2935 verberari,
2569 2882 2727 2940 atque
2760 2889 2878 2942 igne
2907 2872 3129 2927 conﬂari
3148 2914 3160 2932 .
3184 2882 3238 2926 et
3278 2871 3487 2924 malleis

1924 2958 2072 3011 tnndi
2121 2959 2372 3027 videbas,
2419 2977 2576 3029 quem
2630 2975 2852 3029 argento
2892 2972 3050 3028 atque
3089 2974 3219 3015 auro
3255 2959 3490 3023 cinxisti,

1921 3057 2080 3117 atque
2108 3067 2136 3102 a
2168 3059 2305 3105 terra
2329 3052 2560 3106 inaltum
2579 3053 2839 3108 sustulisti
2862 3069 2876 3118 ;
2901 3061 3190 3122 posteaque
3217 3053 3268 3106 in
3295 3061 3488 3105 terrain

231 3143 444 3198 δίκαιον
474 3145 756 3200 καλεῖσθαι
783 3147 843 3200 τὸ
871 3147 1119 3214 εἷδωλον;
1147 3149 1264 3212 πῶς
1284 3149 1393 3220 γὰρ
1421 3149 1485 3203 ἂν
1511 3151 1702 3220 νεκρὸν
1729 3151 1813 3220 εἴη

1925 3145 2153 3207 abiectus
2201 3145 2390 3215 abjecii
2437 3148 2624 3213 lapidis
2669 3148 2922 3217 abjectior
2968 3163 3027 3202 es
3074 3147 3343 3210 adorator,
3376 3159 3484 3200 non

231 3238 294 3290 τὸ
337 3239 606 3310 μηδέποτε
639 3237 841 3310 ζῆσαν;
893 3240 1030 3295 ἀλλά
1076 3259 1129 3294 τι
1187 3243 1372 3295 καινὸν
1423 3241 1528 3294 ἔδει
1562 3243 1813 3313 ὲφευρεῖν

1925 3237 2086 3290 Deum
2117 3236 2365 3302 adorans,
2411 3239 2506 3293 sed
2556 3249 2765 3294 mortua
2805 3247 2858 3292 et
2885 3239 3079 3293 anima:
3109 3237 3348 3304 expertia
3383 3253 3496 3290 ma-

234 3331 384 3402 αύτῷ
445 3332 618 3401 ὄνομα
651 3335 746 3386 καὶ
791 3334 889 3404 τῆς
934 3335 1206 3403 τοσαύτης
1249 3333 1673 3404 παραφροσύνης
1713 3337 1812 3388 ἐπ-

234 3423 483 3488 άξιον.⁹0
515 3425 610 3495 μὲν
637 3426 746 3496 γὰρ
769 3425 968 3490 λίθινος
1002 3425 1332 3498 θρύπτεται,
1364 3429 1391 3480 6
1418 3427 1473 3480 δὲ
1497 3427 1814 3498 όστρὰκινος

235 3515 594 3584 κατάγνυται,
620 3519 648 3570 6
676 3517 911 3588 χαλκοῦς
935 3518 1129 3581 ίοῦται,
1147 3521 1175 3573 6
1205 3519 1438 3590 χρυσοῦς
1469 3519 1562 3573 καὶ
1582 3521 1610 3572 6
1638 3520 1813 3590 ἀργυ-

236 3607 366 3679 ροῦς
395 3610 717 3678 χωνεύεται.
757 3610 919 3664 Ἀλλὰ
944 3611 1038 3664 καὶ⁸
1060 3613 1465 3684 πιπράσκονται
1493 3613 1540 3664 οἱ
1565 3611 1675 3665 θεοί
1698 3629 1812 3676 σου,

234 3701 284 3753 οί
319 3700 419 3770 μὲν
450 3700 696 3767 εύώνως,
724 3704 773 3756 ol
799 3703 854 3755 δὲ
879 3705 1044 3773 τιμῆς
1069 3705 1150 3758 ὅτι
1183 3705 1464 3774 πλείστης.
1493 3706 1607 3775 Οὐχ
1632 3707 1664 3775 ὴ
1697 3704 1815 3758 θεό-

233 3810 334 3863 της
366 3795 476 3863 γὰρ
506 3795 690 3858 αὐτοῖς
713 3836 727 3855 ,
773 3795 889 3848 ἀλλ’
915 3798 945 3862 ἡ
978 3796 1076 3867 ῦλη
1101 3796 1201 3867 τὴν
1226 3796 1578 3850 πολυτέλειαν
1605 3797 1812 3850 δίδωσι.

235 3889 368 3940 Θεὸν
401 3887 458 3940 δὲ
488 3887 572 3950 τίς
615 3888 908 3957 ἁγοράζει;
939 3886 1060 3940 θεὸν
1097 3889 1178 3950 τίς
1209 3889 1413 3955 πωλεῖς
1445 3889 1577 3952 Θεὸς
1608 3888 1664 3941 δὲ
1697 3889 1816 3942 ἀκί-

233 3995 395 4050 νητος
429 3978 544 4042 πῶς
583 3978 916 4049 ὀνομάζεται
943 3977 1100 4042 θεός;
1148 3978 1180 4048 ἢ
1232 3978 1330 4048 οὐχ
1361 3979 1493 4048 ὁρᾷς
1524 3979 1604 4030 ὅτι
1640 3979 1668 4030 6
1717 3979 1814 4047 μὲν

236 4068 407 4131 ἑστὼς
429 4069 686 4123 οὐδέποτε
707 4067 1016 4135 καθέζεται,
1039 4069 1066 4122 ὁ
1089 4068 1146 4123 δὲ
1171 4067 1536 4139 καθεζόμενος
1559 4067 1812 4122 οὐδέποτε

233 4161 550 4227 dvis-tatu;

313 4427 672 4501 Δῐσχύνθητι,
703 4430 898 4500 ἀνόητε
921 4471 936 4498 ,
982 4422 1139 4503 χεῖρα
1185 4431 1276 4495 θὲς
1302 4432 1394 4485 ἐπὶ
1437 4433 1666 4502 στόματι
1699 4429 1775 4502 σῷ
1797 4475 1811 4498 ,

239 4521 652 4592 μεμωραμένε,
697 4521 766 4576 τά
813 4521 1037 4577 τοιαῦτα
1087 4523 1346 4578 ἐπαινῶν.
1388 4523 1500 4594 Τῆς
1554 4522 1813 4592 ἀληθείας

1919 3345 2082 3383 ηιιυιη
2111 3338 2316 3383 tuarum
2345 3345 2526 3398 opera.
2555 3330 2666 3384 Imo
2690 3345 2839 3397 vero,
2877 3345 2945 3384 ne
2980 3339 3244 3383 mortuum
3278 3327 3489 3397 quidem

1919 3437 2130 3489 aequum
2175 3430 2256 3476 est
2301 3422 2644 3476 simulacrum
2717 3421 3018 3488 appellare,
3064 3434 3246 3473 verum
3300 3433 3490 3470 novum

1919 3516 2183 3584 quoddam
2211 3531 2274 3571 ac
2297 3526 2438 3570 tanta
2469 3515 2697 3570 amentia
2722 3514 2939 3582 dignum
2972 3528 3166 3568 nomen
3189 3511 3491 3578 excogitare

1923 3623 2015 3676 par
2043 3615 2144 3661 est.
2168 3605 2298 3660 Nam
2325 3606 2563 3674 lapideus
2605 3604 3013 3669 comminuitur,
3056 3612 3324 3656 testaceus
3365 3615 3494 3654 cnu-

1923 3699 2184 3769 fringitur,
2211 3699 2420 3767 ligneus
2445 3699 2824 3765 corrumpitur,
2854 3709 3026 3750 aereus
3052 3693 3294 3761 rubigine
3320 3691 3490 3744 infini-

1922 3803 2026 3859 tur,
2051 3807 2243 3846 aureus
2264 3800 2318 3846 et
2337 3803 2619 3861 argenteus
2647 3793 2750 3860 igni
2780 3788 3203 3854 conﬂatur.Quin
3228 3788 3387 3842 etiam
3415 3785 3490 3840 dii

1921 3886 1994 3940 tui
2023 3886 2213 3954 partim
2241 3883 2434 3953 exiguo
2456 3897 2518 3938 ac
2545 3883 2656 3948 vili,
2687 3882 2878 3950 partim
2909 3895 3120 3936 summo
3153 3879 3327 3948 pretio
3356 3892 3489 3930 ven-

1918 3977 2134 4030 duntur.
2166 3973 2346 4042 Neque
2375 3973 2516 4028 enim
2545 3973 2675 4040 ipsis
2699 3972 2969 4036 divinitas,
2993 3971 3085 4025 sed
3115 3968 3335 4024 materia
3366 3982 3486 4033 pre-

1919 4067 2050 4120 tium
2079 4065 2186 4118 dat.
2217 4063 2376 4133 Atqui
2413 4063 2576 4118 Deum
2623 4064 2867 4133 quisnam
2917 4076 3099 4116 emere
3130 4071 3219 4113 aut
3257 4059 3491 4112 vendere

1917 4157 2116 4226 queat?
2137 4155 2254 4210 Jam
2274 4168 2501 4224 quonam
2529 4165 2683 4222 pacto
2713 4153 2849 4207 Deus
2877 4152 3174 4220 appellatur
3199 4151 3287 4218 qui
3312 4157 3489 4201 motus

1917 4260 2109 4315 expers
2135 4245 2250 4300 est?
2292 4249 2371 4298 An
2416 4259 2521 4298 non
2565 4243 2695 4298 illud
2727 4243 2906 4298 cernis
2928 4283 2943 4306 ,
2977 4257 3073 4296 nec
3109 4256 3230 4295 eum
3262 4237 3352 4308 qui
3381 4246 3488 4291 stat

1917 4353 2146 4407 unquam
2173 4337 2362 4391 sedere
2392 4351 2492 4390 nec
2521 4351 2642 4390 eum
2667 4334 2756 4405 qui
2778 4335 2948 4396 sedet.
2981 4348 3210 4402 unquam
3239 4329 3418 4386 stare?

1989 4428 2189 4483 Pudeat
2216 4438 2286 4494 te,
2315 4441 2349 4480 ο
2379 4440 2600 4481 vecors:
2629 4441 2842 4479 manum
2873 4426 2953 4480 ori
2982 4439 3212 4493 appone,
3245 4437 3279 4476 o
3301 4421 3482 4485 stulte,

1915 4519 2004 4588 qui
2039 4533 2125 4574 res
2151 4516 2452 4586 bujusmodi
2475 4516 2677 4571 laudas.
2706 4516 2916 4571 Etenim
2938 4531 2966 4570 a
2994 4516 3211 4570 veritate
3239 4528 3482 4578 aversus,

236 4571 797 4684 ζδὶξέξιὶἆὲζριζυιειξ,
821 4571 1042 4682 est;
1065 4571 1815 4686 τ’ύζάξέέιλᾷιέρὲξθτᾷξέ’ἔέάᾷἶ

1925 4571 2310 4678 falsisvpicturis
2338 4606 2603 4675 deciperis
2633 4619 2794 4676 atque
2827 4607 2878 4660 in
2911 4605 3151 4660 fraudem
3180 4571 3484 4671 induceris,

243 4723 392 4776 ματα
422 4705 694 4773 πλάττων,
729 4705 826 4759 καὶ
854 4707 968 4769 τοῖς
992 4704 1173 4776 ἔργοις
1199 4707 1310 4758 τῶν
1338 4707 1536 4778 χειρῶν
1564 4723 1658 4759 σου
1689 4706 1813 4760 θεοῦ

1925 4713 2118 4758 statuas
2147 4699 2399 4755 videlicet
2421 4700 2709 4768 efﬁngens,
2739 4701 3002 4768 rebusque
3032 4713 3193 4754 manu
3228 4709 3315 4753 tua
3349 4697 3481 4752 elfe-

241 4797 544 4868 περιτιθεὶς
577 4797 768 4869 ῦνομα.
833 4796 1155 4866 Ἀνάνηψον,
1207 4797 1358 4850 ἄθλιε
1379 4839 1394 4864 ,
1430 4798 1524 4852 καὶ
1550 4796 1707 4861 σύνες
1734 4800 1815 4852 ὅτι

1925 4795 2018 4850 etis
2051 4795 2138 4848 Dei
2167 4807 2370 4847 nomen
2410 4793 2726 4848 attribuens.
2759 4791 3061 4862 Resipisce,
3104 4792 3288 4855 miser,
3331 4799 3488 4859 atque

311 4952 423 5022 (61)
452 4954 717 5025 Respectu
747 4956 812 5010 ad
843 4954 1142 5025 Danielem.
1178 4953 1260 5025 tif.
1296 4967 1416 5025 pag.
1442 4951 1648 5025 229,_n.
1682 4952 1734 5007 5.
1829 5022 1838 5025 _
2184 5024 2190 5025 γ
2354 5023 2362 5025 _
2763 5024 2769 5025 γ
2937 5023 2947 5025 _
3097 5023 3104 5025 _
3287 5021 3317 5025 ν,
3409 5000 3436 5016 κ

312 5025 424 5093 (62)
455 5021 720 5092 Respectu
749 5027 815 5079 ad
840 5023 943 5080 lsa.
981 5040 1018 5093 I,
1049 5024 1084 5078 5
1117 5039 1132 5078 :
1169 5021 1350 5091 Ἔγνω
1372 5021 1507 5094 ’βοῦς
1544 5023 1636 5077 τὸν
1670 5038 1815 5094 κτησι

267 5093 295 5148 ἐ
332 5112 399 5148 με
437 5095 544 5148 σῦκ’
566 5096 724 5148 ἔγνω.

1925 5040 2013 5077 νον
2043 5025 2140 5080 καλ⁵
2167 5024 2286 5088 ὄνος
2314 5023 2413 5096 τὴν
2449 5025 2659 5095 φάτνην
2690 5024 2784 5080 τοῦ
2821 5023 3010 5097 κυρίου
3047 5023 3234 5078 αὐτοῦ·
3281 5021 3495 5097 Ἰσραὴλ

237 5095 295 5148 δέ
332 5112 399 5150 με
437 5095 544 5148 οὐκ·
566 5096 724 5150 ἔγνω.

331 5113 399 5165 με
437 5113 536 5148 ουκ
566 5113 724 5164 εγνω.

315 5166 427 5234 (63)
454 5164 884 5237 ϐ,τυπτόμενον
912 5165 1008 5220 καὶ
1036 5182 1126 5234 σφ.
1161 5161 1352 5237 ἐλαυν.
1380 5164 1444 5226 Α,
1476 5164 1713 5237 τυπτόμ.
1744 5165 1815 5216 κα

1925 5208 1926 5213 η
1958 5165 2266 5237 καιόμενον.
2295 5165 2401 5222 Sed
2432 5169 2484 5224 in
2515 5174 2560 5225 A
2587 5179 2865 5226 corrector
2911 5167 3110 5237 omissa
3141 5165 3384 5237 inseruit.
3415 5166 3491 5220 Es

237 5232 664 5312 bonimoleleulo
707 5232 1180 5312 lacuna_orta_esl.
1219 5233 1444 5312 Psellus,
1494 5235 1568 5288 De
1607 5232 1811 5312 memon

1975 5237 2037 5290 77
2077 5232 2099 5289 ε’
2129 5237 2411 5312 ΚαθάπερΔ
2436 5241 2545 5312 γὰρ
2589 5241 2746 5312 ἡμῶν
2795 5236 3123 5312 φοϐηθέντες
3168 5232 3328 5312 αὖθις
3353 5237 3496 5312 Διὲρύ-

234 5307 460 5394 θηματ.
495 5306 637 5386 κατὰ
661 5306 832 5359 ταῦτα
865 5306 1000 5388 δὴ...
1179 5303 1506 5394 ιροϐηθέντες
1527 5307 1789 5394 ιιιιεξιιιιιιιιι

1925 5321 2212 5394 orumnpro
2245 5303 2986 5394 φοϐηθέντων,’ψιοιιιξιιιιιιίει
3027 5311 3197 5394 chex
3236 5303 3413 5394 ‘15l9_.'
3439 5308 3492 5361 in

233 5372 348 5445 quo
383 5377 590 5445 plenior
618 5387 701 5431 est
745 5372 1011 5432 sententia
1048 5393 1063 5448 ς
1098 5372 1238 5430 Καθ.
1264 5378 1414 5448 xli].
1455 5374 1799 5448 φοϐηθέντων

1926 5393 2015 5448 ρρς
2048 5372 2160 5429 εἷλε
2193 5372 2448 5448 *παρείας
2490 5372 2606 5433 και
2634 5372 2990 5434 α’ὶδεσθέντων
3035 5372 3191 5440 αὖθις
3233 5379 3314 5447 ὲρ.
3353 5377 3496 5432 Bene

231 5441 403 5519 etiam
434 5448 513 5519 ibi
528 5449 794 5519 scriptum
822 5457 906 5519 est
934 5446 1077 5501 κατὰ
1110 5441 1300 5519 ταυτα.
1331 5441 1722 5519 Εἰ-ιιριτιιίᾱιιιιι
1761 5461 1815 5519 ve

1926 5441 2136 5518 ’ὦχρος
2164 5442 2276 5500 εἷλε
2296 5441 2542 5519 ’παρειὰς
2564 5466 2686 5506 esse
2715 5465 2782 5505 ex
2815 5449 2977 5503 Iliade
3009 5463 3243 5517 sumpia.

312 5518 424 5588 (64)
475 5513 706 5591 Videtur
744 5517 795 5570 in
840 5518 1190 5591 Afpt'rector
1253 5513 1298 5587 ᾧ
1336 5515 1580 5591 voluisse
1619 5516 1815 5591 resrrib

1925 5555 1936 5570 .
1973 5513 2090 5591 ΔΙιίέχι.
2137 5519 2350 5591 quidem
2394 5513 2606 5584 ἀὐτοὺς
2653 5521 3019 5591 περιθήσςμαι
3067 5513 3202 5591 ιιιιξε.Δ
3237 5515 3358 5583 160,
3399 5533 3496 5572 nec

237 5585 422 5660 tamen
455 5591 571 5641 sine
597 5589 879 5660 va_r_i_etate.
908 5586 1043 5660 Nam
1077 5588 1236 5642 liabet
1265 5585 1330 5660 Α,
1368 5585 1492 5660 liti);
1511 5586 1704 5660 Δαὐτοῖς
1720 5587 1815 5660 πᾷ)

1925 5587 2033 5660 τοὺς
2059 5585 2416 5658 δερματίνους
2446 5591 2681 5660 χιτῶνας
2715 5585 2807 5644 καὶ
2835 5585 2895 5642 τὸ
2920 5585 3016 5659 τῆς
3047 5585 3308 5657 αἰσχύνης
3347 5605 3496 5658 περι-

235 5658 477 5731 θήσομαι
509 5657 873 5731 περιβόλαιον.
902 5657 943 5711 C
975 5669 1178 5731 autem,
1209 5659 1334 5731 Πῶς
1364 5657 1570 5731 Δαὐτοὺς
1601 5673 1660 5709 π.
1692 5673 1742 5731 τζ
1757 5657 1820 5731 ’δ’⁸
1858 5657 2199 5729 ἁμφιάσαιμι
2231 5677 2338 5729 χιτ.
2383 5657 2478 5714 καί
2521 5662 2583 5714 τὸ
2613 5679 2663 5716 τ.
2709 5664 2856 5730 αἰσχ.
2909 5657 3268 5731 περιθήσαιμι
3309 5657 3493 5728 περιὸ.

235 5726 767 5800 Αἰιωλπεριτιθέναι
789 5730 966 5800 dativo
996 5730 1191 5798 jungit,
1228 5728 1376 5784 verbi
1407 5741 1592 5800 causa,
1627 5742 1679 5795 p.
1713 5727 1838 5784 288.
1870 5726 1990 5800 Nec
2024 5730 2074 5782 id
2110 5726 2281 5798 ipsum
2307 5731 2635 5800 exemplum,
2662 5726 3025 5800 quovl'adtuli,
3062 5726 3172 5783 rem
3203 5726 3495 5784 delenitus

239 5798 482 5869 poterit;
513 5813 678 5869 quum
715 5799 914 5862 αὐτοὺς
937 5797 1109 5871 [iussit
1134 5802 1198 5855 ad
1228 5814 1392 5854 unum
1422 5798 1762 5868 ἁμφιάσαιμι
1798 5814 1815 5853 l‘

1925 5801 2010 5864 Pri,
2036 5810 2088 5854 et
2113 5797 2386 5855 subaudiri
2420 5797 2599 5860 αὐτοῖς
2623 5797 2752 5857 aute
2783 5797 3174 5855 περιθήσοααι.
