4042 6430
573 400 707 467 1159

1984 391 2023 446 Α
2038 388 2361 451 DDENDA.

3693 394 3829 458 1163

567 512 692 568 illud
718 510 969 579 intelligo,
1004 517 1057 563 te
1098 507 1201 562 deo
1230 507 1326 561 abs
1353 516 1405 562 te
1443 506 1580 561 facto
1608 505 1961 576 antiquiorem
1992 517 2131 558 esse.

2241 506 2614 579 πρεσϐύτερος
2643 501 2694 560 εί
2716 506 2810 560 τοῦ
2850 504 2955 560 ὑπὸ
2991 504 3084 557 σοῦ
3123 501 3421 574 γενομένου
3459 502 3605 558 θεοῦ.
3640 503 3835 556 Ταῦτα

563 605 726 673 Cujus
756 603 967 657 tandem
994 600 1186 654 luroris
1216 600 1315 653 ista
1346 600 1502 652 sunt?
1536 597 1765 651 lloccine
1792 596 1887 651 tibi
1915 609 2137 663 persua-

564 696 700 754 sisti.
731 704 802 761 te,
830 709 951 749 cum
998 695 1159 746 homo
1188 708 1292 756 snt,
1348 691 1513 745 Deum
1561 690 1773 744 efﬁcere
1815 688 2005 759 posse?
2037 687 2137 752 Qui

565 786 778 843 tandem
803 784 941 839 istud
967 783 1082 837 ltert
1114 783 1308 851 queat?
1340 780 1596 847 Quocirca
1628 795 1736 833 non
1759 779 2028 831 hominem
2056 775 2136 829 el-

566 879 705 943 ficis,
739 891 920 931 verum
972 873 1203 928 hominis
1250 882 1342 926 aut
1385 873 1678 938 cuiuspiam
1710 868 1994 922 animantis
2033 865 2139 918 lor-

568 986 729 1034 mam,
781 984 885 1022 non
932 968 1127 1035 lingua,
1178 980 1281 1018 non
1330 963 1592 1026 faucibus,
1619 977 1721 1015 non
1751 960 1992 1022 cerebro,
2027 970 2131 1010 non

566 1061 672 1116 ulla
703 1060 875 1128 aliqua
917 1058 1121 1111 interna
1148 1064 1321 1124 parte
1372 1054 1684 1121 prteditam;
1726 1067 1787 1105 ac
1813 1048 2034 1119 proinde
2064 1064 2131 1102 ne

567 1151 796 1205 hominis
828 1148 1039 1218 quidem
1087 1158 1178 1200 aut
1227 1147 1512 1199 animantis
1551 1141 1842 1196 similitudo
1892 1151 2010 1207 est,
2038 1139 2133 1194 sed

568 1246 768 1299 inutilis
798 1242 1014 1295 omnino
1056 1256 1141 1295 res
1188 1254 1251 1293 ac
1296 1238 1543 1291 vanitatis
1582 1235 1754 1305 plena.
1800 1232 1936 1300 Quid
1978 1232 2135 1301 igitur

567 1336 727 1390 rebus
769 1348 957 1387 sensus
988 1330 1293 1397 expertibus
1333 1325 1781 1393 blandiris?Quid
1826 1334 2004 1379 mente
2040 1338 2132 1377 ca-

566 1425 803 1480 rentibus
824 1432 878 1475 et
907 1423 1177 1475 inutilibus
1205 1419 1442 1473 assides?
1471 1416 1579 1471 Nisi
1608 1415 1809 1478 latomi,
1849 1425 1935 1467 aut
1959 1414 2139 1469 archi-

568 1516 714 1577 tecti,
737 1522 829 1568 aut
852 1513 1174 1567 malleatoris
1203 1528 1287 1564 ars
1311 1512 1545 1573 adesset,
1576 1508 1732 1562 deum
1760 1524 1861 1560 non
1887 1507 2136 1562 haberes.

568 1605 675 1659 Nisi
708 1605 955 1658 custodes
980 1613 1170 1673 praesto
1211 1610 1417 1667 essent,
1452 1601 1607 1654 deum
1658 1611 1800 1652 tuum
1840 1600 2135 1654 amisisses.

568 1697 698 1748 Nam
730 1708 885 1764 quem
918 1709 1059 1759 saepe
1100 1693 1413 1745 stolidortnn
1458 1693 1735 1745 hominum
1768 1692 2137 1761 copiosissima

569 1790 693 1842 urbs
723 1798 968 1856 tanquam
996 1787 1179 1850 deum,
1209 1794 1264 1839 ut
1286 1786 1352 1837 ab
1377 1801 1442 1839 eo
1472 1786 1823 1848 custodiatur,
1857 1784 2138 1851 obsecrat,

568 1896 687 1934 cum
715 1896 778 1933 eo
805 1882 919 1946 ipso
969 1879 1118 1946 pauci
1168 1879 1414 1932 custodes
1435 1920 1450 1945 ,
1487 1895 1554 1932 ne
1585 1880 1923 1947 surripiatur,
1963 1893 2140 1932 rema-

568 1982 711 2026 nent.
741 1976 815 2025 Ac
840 1970 883 2024 si
914 1970 1125 2035 quidem
1157 1984 1219 2023 ex
1248 1979 1470 2037 argento
1494 1970 1575 2023 vel
1606 1985 1734 2023 auro
1764 1978 1997 2033 constet,
2020 1969 2137 2024 dili-

565 2074 750 2131 genter
778 2062 1105 2127 custoditur;
1137 2062 1180 2114 si
1211 2070 1387 2115 autem
1420 2077 1484 2115 cx
1538 2062 1737 2131 lapide,
1785 2070 1877 2115 aut
1914 2063 2095 2130 argilla
2120 2105 2135 2127 ,

566 2164 657 2206 aut
694 2153 792 2205 alia
824 2154 1048 2220 quatitm
1088 2154 1259 2207 viliori
1306 2154 1565 2217 materia,
1617 2154 1851 2220 seipsum
1882 2153 2135 2209 custodit.

564 2243 638 2296 Ita
669 2243 734 2296 de
764 2252 934 2295 vestra
966 2245 1227 2296 sententia
1259 2243 1523 2296 valentior
1552 2251 1635 2296 est
1661 2257 1704 2296 ts
1738 2243 1827 2311 qui
1860 2258 1925 2298 ex
1945 2244 2130 2312 argilla

567 2349 724 2405 quam
753 2336 838 2400 qui
871 2351 933 2388 ex
958 2350 1090 2387 auro
1124 2336 1383 2387 conﬂatus
1413 2342 1497 2388 est

642 2425 719 2477 An
749 2442 850 2477 non
886 2426 1042 2493 igitur
1070 2425 1272 2490 Optimo
1297 2425 1411 2493 iure
1442 2440 1537 2478 vos
1566 2426 1755 2478 stultos
1786 2436 1839 2480 et
1866 2441 2039 2481 czecos
2067 2442 2130 2483 ac

569 2516 792 2567 stolidos
815 2513 1056 2568 homines
1092 2516 1357 2576 irridere,
1392 2518 1471 2568 vel
1506 2517 1678 2584 potius
1705 2518 1845 2571 luctu
1888 2520 2129 2588 prosequi

570 2603 894 2671 possumus?
917 2606 1108 2670 quippe
1134 2619 1293 2670 opera
1315 2614 1486 2659 vestra
1520 2604 1750 2659 furorem
1778 2611 1950 2674 potius
1972 2622 2129 2676 quam

571 2698 819 2763 pietatem
864 2698 1126 2750 redolent.
1158 2697 1287 2750 Nam
1312 2701 1400 2766 qui
1433 2698 1507 2751 rei
1538 2700 1751 2752 mititari
1784 2700 2134 2767 studet,.sta-

568 2796 709 2841 tuam
738 2788 804 2840 ad
835 2789 1076 2841 militaris
1121 2789 1319 2854 speciei
1347 2789 1755 2844 similitudinem
1785 2806 2131 2861 expressam,

566 2892 630 2932 ac
656 2890 803 2931 certo
833 2879 948 2931 loco
978 2879 1222 2947 positam,
1254 2879 1472 2935 Martem
1503 2889 1791 2949 nuncupat.
1823 2881 1923 2946 Qui
1948 2892 2129 2937 autem

568 2972 849 3026 mulierum
879 2987 1059 3025 amore
1087 2973 1152 3026 ad
1182 2972 1439 3026 insaniam
1473 2988 1641 3043 usque
1688 2974 1896 3043 ﬂagrat.
1934 2976 2128 3028 animm

565 3075 678 3114 sum
723 3060 1064 3127 cupiditatem
1105 3062 1308 3129 pictura
1357 3061 1677 3128 inlormans,
1733 3063 1916 3117 vitium
1974 3080 2127 3118 suum

567 3153 727 3206 deum
749 3150 932 3214 eflictt,
964 3149 1185 3207 Veneris
1212 3152 1416 3207 scilicet
1442 3152 1659 3207 nomine
1681 3169 1805 3207 eum
1834 3156 2126 3222 appellans.

562 3242 713 3296 Alius
742 3256 923 3295 rursus
954 3243 1275 3296 temulentiaa
1322 3257 1433 3297 suae
1459 3257 1652 3307 causa,
1686 3243 1867 3297 afﬁcto
1901 3245 2128 3299 simula-

559 3348 679 3398 cro,
716 3332 977 3386 Bacchum
1008 3333 1175 3399 ipsum
1205 3334 1460 3389 nominat.
1494 3333 1800 3402 Eodemque
1820 3336 1976 3391 modo
2000 3334 2135 3393 alio.

560 3436 678 3475 rum
703 3423 950 3475 vitiorum
982 3423 1181 3488 cupidi,
1204 3438 1388 3477 eorum
1412 3424 1693 3480 simulacra
1716 3428 2128 3502 constituerunt,

568 3512 818 3580 vitiisque
847 3514 960 3567 suis
1006 3513 1226 3568 deorum
1276 3531 1471 3571 nomen
1520 3518 1821 3588 imponunt.
1856 3519 2038 3589 anue
2069 3524 2137 3576 de

567 3618 727 3658 causa
757 3603 897 3667 apud
926 3618 1113 3658 eorum
1153 3621 1271 3660 aras
1315 3607 1613 3663 libidinosze
1663 3612 1975 3666 saltationes
2023 3614 2132 3667 exi-

568 3702 736 3756 stunt,
759 3710 819 3748 ac
841 3696 1124 3750 meretricii
1147 3707 1354 3762 cantus,
1387 3696 1671 3767 furiosique
1703 3700 1954 3768 impetus.
1980 3702 2133 3768 Quis-

569 3799 692 3837 nam
722 3793 900 3838 autem
930 3787 1310 3839 exsecrandum
1357 3802 1541 3841 eorum
1572 3788 1830 3857 ﬂagitium
1882 3792 2137 3859 deinceps

565 3889 989 3930 commemorare
1018 3877 1205 3945 queat?
1228 3881 1333 3931 Aut
1376 3880 1494 3946 quis
1526 3879 1866 3936 lmdissimam
1899 3882 2132 3950 ipsorum

568 3965 839 4021 libidinem
871 3970 1113 4021 oratione
1157 3970 1518 4036 complectens
1540 4012 1554 4034 ,
1581 3986 1642 4026 os
1672 3987 1827 4026 suum
1868 3989 2131 4045 conspur-

565 4072 690 4112 care
714 4060 962 4113 snstineat
988 4060 1224 4114 iNerum
1257 4062 1369 4116 haec
1397 4064 1643 4119 omnibus
1670 4066 1948 4135 perspicua
1980 4080 2126 4136 sunt,

562 4151 724 4203 et‘am
754 4149 795 4203 si
825 4150 920 4217 ipsi
954 4157 1240 4205 taceamus.
1274 4153 1332 4207 Hi
1366 4154 1436 4206 ttti
1467 4154 1541 4208 dii
1569 4164 1713 4221 sunt,
1744 4172 1776 4211 ο
1804 4162 1997 4212 statuis
2028 4162 2131 4216 tuis

562 4236 826 4307 stupidior
849 4239 1088 4295 Theuda.
1137 4241 1245 4296 Hos
1295 4252 1352 4297 ut
1400 4243 1639 4308 adorem,
1673 4246 1773 4301 hos
1808 4257 1868 4302 ut
1897 4265 2126 4307 venerer

562 4329 838 4387 admones.
857 4331 984 4387 Tuae
1006 4332 1238 4401 profecto
1255 4335 1574 4404 improbitati
1590 4351 1653 4393 ac
1663 4342 1839 4395 stulta:
1852 4346 2131 4399 sententia:

561 4430 973 4475 consentaneum
1002 4434 1082 4478 est
1111 4423 1247 4478 istud
1271 4426 1584 4493 consilium;
1617 4438 1672 4483 at
1694 4430 1884 4485 similis
1915 4434 2044 4501 ipsis
2071 4446 2124 4490 tu

560 4506 678 4575 tias,
707 4519 864 4579 atque
894 4526 1081 4567 omnes
1102 4514 1191 4583 qui
1221 4514 1495 4572 conﬁdunt
1524 4518 1577 4573 in
1607 4520 1687 4574 eis
1715 4519 1833 4591 (Ps.
1858 4527 2031 4593 cun).

631 4712 738 4778 Ego
765 4719 940 4764 autem
975 4711 1135 4767 Deum
1166 4727 1342 4768 meum
1367 4716 1570 4783 colam,
1604 4729 1794 4787 meque
1822 4700 1993 4772 totum
2021 4731 2123 4786 ipsi

556 4802 910 4867 consecrabo;
949 4805 1073 4868 Deo,
1140 4801 1395 4875 inquam,
1468 4812 1734 4875 creatori,
1809 4825 1873 4867 ac
1941 4826 2120 4865 rerum

555 4893 791 4945 omnium
827 4894 1199 4963 gubernatori,
1235 4911 1329 4964 per
1360 4896 1637 4953 Dominum
1668 4909 1907 4956 nostrum
1936 4900 2116 4956 Jesum

554 4983 854 5051 Christum,
884 5002 1033 5057 spem
1067 4999 1337 5058 nostram,
1373 5006 1468 5060 per
1496 5007 1650 5063 quem
1680 4996 1839 5049 etiam
1867 4995 1932 5048 ad
1962 4996 2123 5050 lumi-

554 5095 678 5133 num
709 5080 920 5137 Patrem
966 5084 1017 5137 in
1049 5082 1245 5153 Spiritu
1272 5094 1458 5142 sancto
1495 5100 1769 5142 accessum
1818 5087 2120 5154 habuimus,

553 5186 647 5241 per
676 5188 833 5243 quem
866 5175 936 5230 ab
980 5176 1169 5231 acerba
1201 5179 1457 5233 servitute
1486 5178 1539 5233 in
1569 5178 1735 5248 ipsius
1763 5180 2023 5250 sanguine
2062 5179 2126 5234 li-

552 5264 723 5322 berati
748 5283 933 5324 sumus
961 5266 1177 5340 (Ephes.
1201 5268 1281 5341 ιι).
1311 5269 1419 5326 Nisi
1442 5270 1584 5326 enim
1612 5271 1727 5343 ipse
1767 5270 1929 5327 etiam
1960 5285 2127 5344 usque

639 5492 730 5571 ἓξ)
756 5493 824 5571 ἓν
858 5495 1154 5571 φάραγγαζ
1187 5498 1297 5571 imo
1328 5499 1605 5571 φάρυγγα-

2239 600 2443 670 πολλῆς
2472 603 2589 654 ἐστι
2625 601 2845 673 μανίας.
2875 600 3158 662 Πέπεικας
3184 598 3243 652 δὲ
3284 597 3503 656 σαυτὸν,
3540 597 3835 667 ἄνθρωπος

2238 691 2335 752 ὢν.
2362 691 2482 744 θεὸν
2511 687 2773 744 δύνασθαι
2821 691 3017 744 ποιεῖν.
3050 687 3160 741 Καὶ
3199 686 3321 751 πῶς
3358 686 3638 755 ἐνδέχεται
3671 685 3835 739 τοῦτο

2240 783 2536 852 γενέσθαις
2572 783 2713 837 ὥστε
2752 784 2813 836 ού
2846 781 2968 835 θεὸν
3008 783 3205 845 ποιεῖς,
3237 779 3374 833 ἀλλά
3426 780 3709 850 μόρφωμα
3740 782 3833 832 ἀν-

2240 874 2461 945 Θρώπου
2509 874 2541 945 ἢ
2583 874 2724 940 ζὼου
2754 874 2931 935 τινος.
2983 874 3058 944 μὴ
3108 871 3366 940 γλῶσσαν
3413 869 3559 942 ἔχον,
3621 872 3701 940 μὴ
3739 870 3835 925 λά-

2244 985 2416 1039 ρυγγα
2449 968 2582 1040 (65),
2623 968 2697 1040 μὴ
2725 966 3047 1037 ἐγκέφαλον,
3087 960 3232 1036 μήτε
3260 965 3369 1018 τῶν
3398 966 3552 1026 ἐντός
3583 982 3659 1017 τιε
3695 965 3835 1017 ὥστε

2240 1060 2362 1114 οὔτε
2393 1060 2684 1132 ἀνθρώπου
2708 1061 2856 1113 ἐστὶν
2877 1060 3153 1129 ὁμοίωμα,
3175 1057 3298 1112 οὔτε
3326 1057 3491 1121 ζὼου,
3520 1058 3641 1110 ἀλλ’
3666 1057 3836 1127 ἀχρη-

2243 1166 2369 1203 στον
2392 1153 2572 1220 πάντη
2598 1150 2691 1202 καὶ
2722 1149 3088 1219 ματαιότητος
3119 1149 3348 1221 πλῆρες.
3374 1148 3441 1200 Τί
3467 1144 3563 1201 οὖν
3590 1148 3657 1200 τὰ
3684 1150 3834 1201 amt-

2244 1240 2415 1311 σθητα
2452 1238 2804 1305 κολακεύεις;
2840 1240 2892 1291 τί
2925 1242 3039 1302 τοῖς
3066 1240 3344 1309 ἀκινήτοις
3384 1240 3480 1292 καὶ
3526 1240 3834 1308 ἀνωφελέσι

2243 1332 2666 1404 προσκάθησαις
2704 1328 2766 1384 Εἰ
2820 1331 2894 1402 μὴ
2942 1330 3107 1401 τέχνη
3141 1331 3323 1403 παρῆν
3368 1331 3467 1384 τοῦ
3510 1331 3763 1397 λιθοξόου
3804 1331 3831 1401 ἢ

2242 1422 2337 1475 τοῦ
2374 1422 2627 1484 τέκτονος
2666 1422 2699 1494 ἢ
2743 1420 2835 1474 τοῦ
2869 1420 3236 1491 σφυροκόπου,
3271 1420 3393 1473 θεον
3421 1421 3522 1473 ούκ
3555 1420 3624 1473 ἂν
3656 1416 3822 1490 εἶχες.

2242 1516 2306 1569 Εἰ
2337 1515 2411 1586 μὴ
2444 1513 2684 1584 φύλακες
2709 1512 3118 1585 παρεκάθηντο,
3161 1510 3453 1575 ἀπώλεσας
3485 1511 3554 1565 ἀν
3579 1513 3676 1564 τὸν
3716 1512 3833 1565 θεόν

2246 1626 2363 1666 σου.
2412 1602 2481 1677 ᾯ
2523 1607 2633 1677 γὰρ
2678 1606 2941 1669 πολλάκις
2986 1604 3143 1669 πόλις
3189 1604 3624 1676 πολυάνθρωπος
3673 1605 3835 1675 289

2243 1700 2494 1773 ἀφρόνων
2520 1698 2740 1770 εῠχεται
2775 1698 2850 1761 ὡς
2886 1696 2993 1767 θεῷ
3019 1695 3480 1767 διαφυλαχθῆναι,
3506 1696 3691 1767 τούτῳ
3728 1698 3832 1749 ὀλίο

2244 1808 2330 1860 γοι
2359 1792 2734 1863 παραμένουσι
2768 1790 3008 1859 φύλακες
3042 1790 3128 1843 ἵνα
3158 1789 3231 1861 μὴ
3263 1789 3471 1860 κλαπῇ.
3516 1790 3631 1843 Καὶ⁷
3661 1791 3712 1843 εί
3738 1790 3832 1860 μὲν

2173 1870 2217 1924 Β
2247 1883 2523 1956 ἀργυροῦς
2567 1884 2601 1954 ἢ
2645 1883 2885 1954 χρυσοῦς
2928 1882 3113 1947 ἐσται,
3143 1882 3422 1955 ἐπιμελῶς
3458 1883 3829 1953 φυλάσσεταις

2247 1978 2343 2032 ὲάν
2372 1978 2429 2030 δὲ
2537 1976 2796 2046 λίθινοςῆ
2838 1974 3097 2045 πήλινος,
3132 1976 3165 2047 ἢ
3207 1975 3379 2047 ἄλλης
3398 1977 3549 2040 τινὸς
3582 1976 3833 2046 τοιαύτης

2247 2069 2631 2141 εὐτελεστέρας
2693 2070 2846 2140 ὕλης,
2893 2069 3083 2123 ἑαυτὸν
3127 2070 3429 2139 φυλάσσεν
3488 2071 3833 2143 ἰσχυρότερος

2246 2163 2357 2235 γάρ
2382 2165 2512 2227 ἴσως
2538 2162 2687 2216 ἐστὶν
2708 2163 2738 2216 ό
2765 2162 2991 2234 πήλινος
3018 2161 3115 2216 τοῦ
3148 2162 3352 2235 χρυσοῦ
3381 2163 3506 2217 καθ’
3531 2165 3704 2235 ἡμᾶς.

2318 2457 2433 2510 Οὐκ
2470 2454 2696 2520 εἰκότως
2737 2454 2886 2509 ἐστὶν
2930 2456 3077 2526 ὑμᾶς
3119 2456 3247 2518 τοὺς
3277 2452 3526 2524 ἄφρονας
3552 2497 3567 2519 ,
3602 2453 3828 2523 τυφλοὺς

2247 2551 2343 2604 καὶ
2382 2549 2716 2614 ἀσυνέτους,
2769 2547 2997 2612 δικαίως
3044 2547 3491 2617 καταγελᾶσθαι,
3526 2547 3729 2618 μᾶλλον
3776 2546 3825 2599 ἂ

2248 2642 2602 2709 πενθεῖσθαι;
2656 2641 2855 2712 μανίας
2892 2641 2999 2712 γὰρ
3039 2641 3108 2695 τά
3147 2641 3285 2711 ἔργα
3318 2640 3499 2711 ὑμῶν,
3542 2640 3647 2693 οὐκ
3680 2640 3829 2691 εὐσε-

2248 2736 2401 2798 ϐείας
2433 2733 2603 2789 ἐστίν.
2645 2733 2705 2786 Ὀ
2750 2733 2850 2804 μὲν
2883 2731 2993 2803 γάρ
3042 2732 3279 2804 πόλεμον
3328 2732 3622 2803 ἀσκήσας,
3670 2748 3827 2800 στρα-

2248 2827 2511 2896 τιωτικῆς
2549 2825 2848 2896 ἀντίμιμον
2883 2824 3025 2889 ίδέας
3059 2825 3246 2890 ξόανον
3282 2823 3539 2895 ἱδρύσας,
3575 2824 3830 2878 ἐκάλεσεν

2251 2918 2466 2988 Ἀρηνο
2507 2916 2536 2967 ό
2569 2915 2625 2968 δὲ
2661 2913 3101 2986 γυναικομανοῦς
3143 2913 3447 2983 ἐπιθυμίας
3495 2914 3598 2984 τὴν
3651 2913 3826 2983 ψυχὴν

2246 3006 2754 3076 ἀνατυπωσάμενος
2776 3048 2790 3072 ,
2828 3006 3149 3077 ὲθεοποίησε
3172 3005 3232 3058 τὸ
3263 3005 3459 3070 πάθος.
3510 3004 3828 3075 Ἀςρροδέτην

2247 3098 2726 3171 προσαγορεύσας.
2772 3099 2970 3163 Ἀλλος
2997 3141 3012 3165 ,
3046 3099 3145 3168 τῆς
3170 3097 3365 3151 ἑαυτοῦ
3398 3097 3671 3167 φιλοινίας
3715 3095 3827 3149 ἐνε-

2173 3216 2217 3276 c
2249 3211 2348 3248 κεν
2375 3235 2389 3260 ,
2456 3193 2692 3246 ἔπλασεν
2749 3191 3003 3256 εἴδωλον,
3065 3190 3203 3261 ὅπερ
3264 3189 3493 3243 ἐκάλεσε
3560 3190 3828 3245 Διόνυσον.

2262 3284 2495 3358 Ὁμοίως
2529 3284 2585 3338 δὲ
2626 3285 2719 3339 καί
2748 3284 2860 3339 τῶν
2890 3283 3067 3337 ἄλλων
3124 3283 3314 3338 κακῶν
3343 3281 3688 3353 ἐπιθυμηταὶ
3712 3281 3818 3334 τῶν

2255 3378 2403 3432 ίδίων
2460 3376 2650 3431 παθῶν
2701 3376 2938 3447 ἔστησαν
2979 3374 3208 3428 είδωλαο
3270 3372 3341 3427 τά
3390 3373 3540 3442 πάθη
3574 3374 3687 3442 γὰρ
3734 3375 3828 3428 αύ-

2248 3474 2358 3529 τῶν
2401 3473 2559 3533 θεοὺς
2616 3470 2930 3541 ὠνόμασαν.
2983 3469 3093 3522 Καὶ
3133 3467 3222 3521 διὰ
3291 3467 3454 3520 τοῦτο
3517 3467 3674 3538 παρά
3722 3470 3826 3529 τοῖς

2248 3565 2429 3621 αὐτῶν
2479 3562 2683 3634 βωμοῖς
2741 3559 3039 3631 ήδυπαθεῖς
3100 3562 3239 3612 εἰσιν
3295 3558 3591 3628 ὀρχήσεις,
3648 3574 3827 3628 πορνι-

2247 3660 2362 3714 κῶν
2426 3657 2687 3729 ᾀσμάτων
2738 3650 2862 3725 ἦχοι
2896 3653 2991 3707 καὶ
3038 3650 3327 3723 μανιώδεις
3383 3649 3574 3721 όρμαί.
3629 3650 3727 3713 Ti;
3772 3648 3824 3701 δὲ

2248 3749 2428 3804 σύτῶν
2469 3747 2709 3816 καθεξῆς
2750 3745 2851 3816 τὴν
2906 3742 3169 3814 βδελυρὰν
3210 3741 3415 3808 ἐξείποι
3459 3741 3703 3812 πρᾶξινς
3744 3741 3823 3804 τίς

2246 3841 2533 3907 ἀνέξεται,
2566 3840 2666 3902 τὰς
2703 3838 2930 3891 ἐκείνων
2971 3834 3357 3905 αἰσχρολογίας
3391 3834 3735 3901 καταλέγων,
3768 3832 3822 3885 τὸ

2246 3933 2440 3989 ἑαυτοῦ
2472 3932 2697 4004 μολῦναι
2724 3931 2936 4001 στόμα;
2977 3927 3137 3981 Ἀλλά
3160 3928 3296 3980 πᾶσι
3326 3926 3506 3996 δῆλαι,
3533 3925 3642 3979 κᾶν
3671 3928 3819 3997 ἡμεῖς

2247 4027 2567 4098 σιωπῶμεν.
2618 4024 2809 4079 Ταῦτά
2846 4040 2937 4076 σου
2979 4022 3050 4075 τά
3084 4020 3443 4092 σεϐάσματα,
3492 4017 3673 4074 Θευδᾶ
3719 4019 3819 4071 τῶν

2246 4121 2451 4188 ξοάνων
2498 4136 2590 4172 σου
2626 4115 3086 4188 ἀναισθητότερεῐ
3138 4113 3349 4178 τούτοις
3394 4130 3464 4183 με
3508 4112 3819 4183 ἐπιτρέπεις

2244 4215 2590 4284 προσκυνεῖν,
2614 4210 2787 4264 ταῦτα
2812 4207 3071 4262 σέϐεσθαι
3093 4207 3105 4259 l
3131 4205 3246 4276 Τῆς
3270 4206 3368 4275 σῆς
3391 4205 3569 4267 ὅντως
3591 4219 3817 4272 κακουρ-

2242 4306 2369 4375 γίας
2419 4304 2515 4357 καὶ
2559 4303 2821 4356 ἀσυνέτου
2868 4301 3093 4371 γνώμης
3140 4300 3174 4369 ἡ
3236 4297 3397 4368 βουλή
3424 4314 3439 4329 ο
3476 4296 3597 4348 ἀλλ’
3642 4296 3818 4363 ὅμοιος

2252 4398 2433 4453 αὐτῶν
2472 4397 2649 4464 γένοιο
2673 4439 2687 4463 ,
2730 4394 2793 4448 σύ
2825 4411 2883 4448 τε
2927 4393 3023 4447 καὶ
3053 4391 3258 4455 πάντες
3290 4391 3339 4444 οἱ
3370 4387 3699 4450 πεποιθότες
3740 4386 3818 4437 ἐπ’

2245 4493 2432 4555 αὐτοῖς
2472 4489 2607 4563 {66).

2316 4729 2482 4801 290
2519 4728 2662 4798 Ἐγὼ
2694 4728 2749 4782 δὲ
2798 4726 2877 4799 τῷ
2902 4726 3022 4798 Θεῷ
3055 4742 3159 4798 μου
3191 4724 3500 4795 λατρεύσω,
3532 4723 3630 4777 καὶ
3674 4720 3817 4791 αὐτῷ

2244 4823 2395 4878 θύσω
2416 4823 2536 4877 ὅλον
2562 4820 2823 4892 ἐμαυτὸν,
2852 4819 2932 4890 τῷ
2952 4818 3072 4889 Θεῷ
3086 4818 3164 4889 τῷ
3194 4820 3390 4888 κτίστῃ
3417 4818 3516 4871 καὶ
3542 4817 3814 4886 προνοητῇ

2237 4911 2349 4965 τῶν
2376 4910 2638 4964 ἀπάντων
2665 4909 2755 4962 διά
2783 4906 2878 4961 τοῦ
2919 4907 3129 4978 Κυρίου
3158 4908 3318 4978 ἡμῶν
3362 4904 3542 4975 Ἰησοῦ
3576 4904 3813 4976 Χριστοῦ

2235 5002 2337 5073 τῆς
2370 4992 2585 5065 ἐλπίδος
2619 4999 2778 5071 ἡμῶν
2814 4998 2926 5069 (67)
2950 5038 2966 5059 ,
2998 4998 3067 5051 δι’
3104 4992 3164 5053 οὗ
3195 4997 3295 5070 τὴν
3329 4996 3704 5070 προσαγωγὴν
3731 4998 3813 5050 έσ-

2235 5096 2490 5167 χήκαμεν
2526 5093 2662 5165 πρὸς
2692 5092 2785 5147 τὸν
2825 5091 3050 5160 Πατέρα
3085 5091 3200 5162 (68)
3231 5090 3338 5145 τῶν
3372 5089 3575 5160 φώτων
3617 5089 3728 5161 (69)
3759 5090 3814 5143 ἑν

2235 5186 2521 5259 Πνεύματι
2561 5189 2705 5260 ἀγίῳ
2725 5231 2740 5255 ,
2774 5188 2845 5243 δι’
2875 5181 2939 5242 οὗ
2991 5185 3449 5258 ὲξηγοράσθημεν
3482 5186 3585 5256 τῆς
3616 5184 3813 5255 πικρᾶς

2232 5279 2479 5345 δουλείας
2505 5280 2564 5334 ὲν
2583 5280 2661 5352 τῷ
2684 5280 2879 5353 αἵματι
2903 5278 3089 5334 αὑτοῦ.
3115 5278 3178 5332 Εί
3212 5277 3287 5350 μὴ
3316 5278 3424 5349 γὰρ
3450 5276 3813 5330 ἐταπείνωσεν

758 5563 909 5641 Psal.
934 5563 1085 5632 tuli,
1118 5570 1157 5641 ἕ
1180 5588 1193 5624 :
1239 5563 1455 5640 Ὅμοιοι
1483 5563 1665 5636 αὺτοῖς
1696 5571 1941 5641 γένοιντο
1967 5572 2019 5625 oi
2070 5570 2351 5638 ποιοῦντες
2379 5572 2521 5628 αύτά
2558 5572 2652 5627 καὶ
2682 5571 2882 5636 πάντες
2908 5570 2959 5624 ei
2999 5567 3323 5633 πεποιθότες
3352 5569 3441 5622 ἐπ’
3470 5569 3675 5632 αὐτοῖς.

614 5634 725 5703 (67)
764 5635 782 5687 l
817 5636 987 5705 Epist.
1017 5642 1084 5692 ad
1118 5638 1256 5693 Titii.
1300 5634 1341 5704 ι’,
1377 5642 1429 5698 1.

614 5706 725 5787 (ϋβ)
768 5705 940 5775 Epist.
972 5708 1038 5762 ad
1062 5708 1262 5779 Ephcs.
1298 5726 1359 5779 tt,
1394 5712 1459 5769 l8
1490 5733 1502 5768 :
1533 5713 1615 5768 Δι’
1646 5713 1814 5769 αὑτοῦ
1841 5711 2040 5787 ἔχομεν
2067 5714 2131 5787 τὴ

2241 5731 2578 5786 ιροσαγωγην
2604 5713 2655 5768 οί
2689 5711 2992 5786 ἀμφότεροι
3028 5712 3085 5766 ἐν
3130 5711 3211 5767 ἑνὶ
3250 5709 3523 5781 πνεύματι
3557 5710 3689 5783 πρὸς
3725 5707 3815 5764 τὶν

541 5775 773 5844 πατέρα.

611 5845 907 5918 (διηβοητ.
940 5863 994 5920 ρ.
1030 5848 1115 5916 t7,
1153 5866 1205 5907 η.
1240 5851 1328 5906 5t.
