4042 6482
546 394 680 456 1163

1964 366 2341 427 ΑΠΒΕΝΟΑ,

3664 344 3797 410 1ὶ64

542 488 679 572 tans,
705 507 755 560 in
786 505 948 559 Deum
981 500 1186 565 incidit,
1217 515 1276 553 ac
1308 509 1525 568 repente
1556 496 1726 552 inanis
1773 506 1827 551 et
1870 496 2136 565 captivus‘

2239 475 2455 547 ὐδαμῶς
2490 474 2786 548 ἐχωρίσθη.
2824 474 2936 528 Καὶ
2958 474 3056 544 τὴν
3080 472 3241 543 φύσιν
3258 474 3292 542 ή
3303 470 3423 541 μῶν
3447 470 3545 540 τὴν
3572 466 3802 536 εὐτελῆ,

542 597 759 652 exstitit.
791 593 1034 663 Resurgit
1060 594 1235 662 itaque
1264 599 1323 645 ιιι.
1356 592 1533 655 Deus;
1592 599 1750 659 atque
1793 587 1845 642 in
1890 587 2105 651 caelum,

543 687 678 743 unde
707 686 851 741 nullo
875 684 1033 740 modo
1074 684 1343 755 digressus
1387 681 1576 746 fuerat,
1620 679 1879 744 ascendit,
1907 694 1971 735 ac
2017 691 2110 731 no-

545 788 705 833 stram
737 776 1112 846 despicabilem
1144 784 1300 844 atque
1328 773 1574 828 omnibus
1618 772 1919 827 inferiorem
1961 780 2111 824 natu-

544 884 655 923 ram
680 868 926 922 omnibus
954 867 1285 936 superiorem
1308 864 1561 931 reddidit,
1593 863 1982 930 immortalique
2003 862 2113 929 glo-

544 960 616 1014 ria
647 958 958 1013 rutilantem
991 958 1044 1011 in
1074 956 1257 1026 glorias
1288 958 1483 1010 throno
1524 954 1820 1010 collocavit.
1851 952 2110 1017 Quidnam

546 1053 695 1121 .gitur
754 1050 881 1105 hinc
930 1051 1036 1105 Deo
1089 1049 1266 1104 Verbo
1310 1049 1611 1105 detrimenti
1650 1049 1935 1104 conﬂatum
2000 1056 2113 1109 est,

545 1146 681 1215 quod
713 1154 769 1199 tu
818 1159 940 1200 eum
989 1143 1285 1199 maledictis
1330 1153 1489 1215 atque
1534 1143 1867 1199 contumelzis
1913 1142 2116 1211 insequi

548 1250 647 1289 non
678 1234 999 1290 erubescis?
1028 1234 1239 1302 Utrum,
1269 1249 1474 1304 quaeso,
1501 1248 1565 1290 ex
1596 1233 1679 1288 bis
1727 1234 1933 1287 duobus
1980 1247 2114 1299 prae-

548 1327 773 1379 stantius
794 1333 895 1389 est,
926 1340 1117 1393 nempe
1141 1325 1255 1379 haec
1276 1325 1543 1391 conﬁteri,
1567 1334 1725 1394 atque
1752 1325 1890 1378 hunc
1918 1324 2112 1379 bonum

549 1416 927 1486 hominumque
956 1426 1221 1472 amantem
1244 1416 1409 1472 Deum
1437 1416 1679 1470 venerari
1712 1414 1837 1484 (qui
1858 1414 2117 1482 justitiam

549 1508 785 1571 mandat,
819 1507 1195 1562 continentiam
1244 1505 1502 1574 pra'cipit,
1549 1506 1834 1575 puritatem
1880 1504 2124 1574 prmscri-

551 1597 644 1659 bit,
671 1598 735 1650 ad
767 1596 1182 1651 misericordiam
1214 1611 1533 1666 propensum
1584 1611 1704 1651 esse
1753 1596 1930 1661 docet,
1963 1595 2120 1649 [idem

550 1688 772 1757 praebet,
785 1702 966 1756 pacem
992 1686 1262 1756 prmdicat,
1284 1688 1521 1756 ipsamet
1546 1688 1741 1742 veritas
1780 1694 1836 1741 et
1879 1684 2120 1739 nomina-

554 1791 642 1833 tur
665 1790 718 1833 et
742 1789 845 1847 est,
870 1779 1092 1847 ipsamet
1121 1778 1397 1847 charitas),
1426 1778 2073 1849 bunc,inquam,venerari
2101 1791 2115 1839 ;

554 1887 623 1927 an
647 1845 838 1926 contra
862 1845 1133 1939 improbos
1179 1880 1233 1925 et
1280 1845 1523 1941 plurimis
1565 1845 1775 1941 ﬂagitiis
1826 1870 2119 1934 devinctos,
2155 1845 2197 1899 Β
2226 1846 2480 1916 γώτεροι,

554 1980 620 2019 ac
649 1973 751 2018 tam
784 1966 940 2018 rebus
969 1963 1097 2032 ipsis
1124 1979 1281 2034 quam
1309 1964 1611 2020 nominibus
1640 1964 1808 2033 fmdos
1833 1974 1888 2019 et
1938 1963 2125 2018 obsce«

559 2071 656 2109 nos
681 2055 808 2110 deos
839 2055 998 2110 tuos?
1027 2055 1121 2111 Vae
1148 2057 1320 2125 vobis,
1347 2071 1377 2111 ο
1406 2054 1550 2111 saxis
1584 2056 1844 2122 duriores,
1876 2066 1931 2112 et
1954 2056 2127 2112 brutis

562 2148 903 2213 amentiores,
927 2155 1087 2216 atque
1109 2147 1257 2201 exitii
1283 2147 1396 2212 lilii,
1424 2162 1486 2201 ac
1508 2147 1841 2203 tenebrarum
1865 2146 2125 2201 bmredes.

560 2236 752 2291 Beatus
782 2245 958 2291 autem
987 2252 1084 2306 ego
1113 2252 1176 2292 ac
1220 2236 1510 2294 Christiani
1557 2253 1763 2305 omnes,
1793 2239 1883 2309 qui
1930 2239 2125 2293 bonum

562 2341 626 2382 ac
655 2328 937 2399 benignum
969 2329 1135 2384 Deum
1165 2329 1444 2384 habemus.
1475 2329 1605 2384 Nam
1634 2330 1720 2399 qui
1741 2329 1792 2385 ei
1810 2330 2006 2384 cultum
2035 2329 2130 2383 ad-

565 2415 772 2487 hibent,
804 2419 1014 2474 etiamsi
1036 2420 1102 2474 ad
1132 2418 1295 2475 breve
1321 2419 1533 2490 aliquod
1568 2426 1776 2489 tempus
1807 2421 1859 2474 in
1885 2419 1982 2475 hac
2026 2420 2131 2473 vita

2208 570 2307 640 τὴν
2338 568 2556 621 πάντων
2602 566 3032 636 ἀσυνετωτέραν,
3078 566 3176 635 τῆν
3206 562 3499 632 ἀγνώμονα
3533 562 3640 613 καὶ
3682 561 3799 627 ﬁtt-

2213 659 2496 729 μωμένην,
2526 657 2635 710 τῶν
2663 658 2880 711 πάντων
2923 656 3201 725 ἁνωτέραν
3239 654 3533 721 πεποίηκε,
3582 652 3685 703 καὶ
3713 651 3806 702 ἐπὶ

2212 750 2404 821 θρόνου
2444 751 2603 821 δόξης
2644 750 2888 821 ἐνίδρυσε
2919 790 2933 813 ,
2988 748 3147 817 δόξης
3194 746 3641 800 ἀποστίλϐουσαν
3695 743 3804 811 (ῖιῑ)

2214 842 2511 899 ἀθανάτου.
2549 843 2647 906 Τίς
2672 838 2766 895 οὖν
2794 840 2942 910 αὐτῷ
2970 839 3049 910 τῷ
3082 839 3200 909 Θεῷ
3230 840 3326 892 καὶ
3355 838 3499 907 λόγῳ
3527 835 3805 906 προσεγέ-

2216 952 2337 989 νετο
2366 933 2618 988 ἐντεῦθεν
2653 932 2851 1004 βλάϐη,
2879 933 2976 985 ὅτι
2997 931 3339 1001 βλασφημεῖν
3360 929 3461 981 οὐκ
3492 926 3766 997 ἐρυθριᾷς
3790 941 3803 987 ;

2216 1029 2287 1080 Τί
2307 1027 2364 1081 δέ
2389 1044 2403 1093 ;
2441 1026 2653 1096 βέλτιον
2677 1023 2852 1077 ταῦτα
2879 1022 3163 1092 ὁμολογεῖν
3189 1060 3205 1085 ,
3236 1020 3332 1073 καὶ
3368 1018 3623 1072 τοιοῦτον
3654 1016 3807 1067 σέϐε-

2221 1118 2346 1171 σθαι
2382 1119 2537 1181 Θεὸν,
2574 1116 2777 1184 ἀγαθὸν
2817 1116 2912 1168 καὶ
2948 1112 3357 1183 φιλάνθρωπον,
3388 1112 3447 1173 ὃς
3489 1108 3804 1162 ἐντέλλεται

2219 1208 2590 1278 δικαιοσύνην,
2626 1206 2955 1278 ἐγκράτειαν
2982 1203 3288 1265 ἐπιτάσσει,
3328 1200 3694 1270 καθαρότητα
3725 1215 3808 1249 νο-

2225 1300 2475 1370 μοθετεῖ,
2505 1299 2676 1350 ἐλεεῖν
2729 1297 2996 1357 διδάσκει,
3029 1295 3211 1347 πίστιν
3259 1292 3529 1361 παρέχει,
3588 1290 3809 1359 εἰρήνην

2220 1390 2507 1462 κηρύσσει,
2541 1387 2905 1458 αὑτοαλήθεια
2933 1386 3261 1455 ὀνομάζεται
3310 1385 3405 1443 καί
3433 1384 3612 1446 ἔστιν,
3660 1382 3809 1434 αὺτο-

2222 1482 2436 1551 αγάπη,
2484 1479 2889 1548 αὑτοαγαθότης
2919 1496 2937 1515 ἠ
2966 1477 3152 1531 τοῦτον
3199 1477 3406 1547 βέλτιον
3449 1474 3743 1535 σέϐεσθαι,
3776 1476 3805 1545 ῆ

2222 1575 2347 1636 τοὺς
2381 1571 2538 1635 θεούς
2575 1589 2688 1635 σου,
2730 1572 2859 1634 τοὺς
2895 1569 3226 1631 πολυπαθεῖς
3267 1570 3361 1621 καὶ
3394 1569 3610 1629 κακοὺς
3636 1608 3654 1629 ,
3688 1567 3808 1629 τοὺς

2223 1665 2482 1735 αἰσχροὺς
2511 1663 2605 1717 καὶ
2633 1664 2745 1725 τοῖς
2769 1664 3057 1733 πράγμασι
3091 1662 3186 1714 καὶ
3214 1664 3328 1723 τοῖς
3351 1661 3651 1729 (Mign-3w;
3682 1659 3809 1711 (καὶ

2226 1754 2376 1824 ὑμῖν,
2409 1753 2518 1808 τῶν
2564 1753 2725 1805 λίθων
2757 1752 3137 1821 λιθωδὲστεροι
3168 1752 3261 1803 καὶ
3301 1751 3409 1803 τῶν
3442 1750 3659 1815 ἀλόγων
3688 1748 3807 1801 ἀλο-

2526 1847 2626 1915 τῆς
2658 1844 2933 1907 ἀπωλείας
2984 1844 3113 1907 υἱοὶ,
3155 1842 3248 1896 τοῦ
3280 1843 3509 1904 σκότους
3543 1840 3806 1909 at).an

2236 1941 2366 2010 μοιῑ
2419 1938 2689 2010 μακάριος
2732 1937 2789 1989 δὲ
2819 1936 2931 2005 ἐγὼ
2981 1937 3074 1989 καὶ
3114 1936 3314 1997 πάντες
3362 1935 3412 1986 οἰ
3452 1932 3805 2003 Χριστιανοὶ,

2234 2030 2366 2083 Θεὸν
2394 2029 2607 2099 ἔχοντες
2633 2028 2834 2097 ἀγαθὸν
2863 2028 2958 2081 καὶ
2981 2027 3364 2098 φιλάνθρωπον
3388 2028 3401 2077 l
3436 2026 3499 2077 Ol
3528 2023 3603 2091 γά
3613 2040 3645 2092 ρ
3672 2022 3811 2089 αὐτῷ

2234 2120 2610 2191 λατρεύοντες,
2642 2119 2746 2172 κᾶν
2776 2117 2956 2185 ὀλίγον
2985 2118 3174 2188 χρόνον
3202 2118 3258 2168 ὲν
3280 2115 3357 2186 τῷ
3383 2115 3480 2167 νῦν
3516 2114 3620 2184 βίῳ
3657 2130 3809 2165 κακο-

2235 2213 2578 2282 παθήσωσιν,
2625 2210 2764 2265 ἀλλά
2814 2209 2908 2263 τὸν
2958 2209 3224 2263 ἀθάνατον
3262 2208 3363 2278 τῆς
3402 2205 3806 2265 ἀνταποδόσεως

2236 2305 2397 2376 293
2432 2304 2647 2375 καρπὸν
2681 2302 3050 2373 τρυγήσουσιν
3084 2304 3142 2355 ὲν
3176 2302 3241 2371 τῇ
3272 2298 3527 2370 βασιλεία
3564 2296 3667 2366 τῆς
3692 2298 3805 2348 ἀτε-

2234 2400 2495 2471 λευτήτου
2524 2397 2620 2451 καὶ
2650 2394 2801 2460 θείας
2828 2393 3247 2465 μακαριότητος.

566 2505 735 2559 rebus
766 2504 1016 2559 adversis
1038 2488 1450 2569 conﬂictentur,
1500 2513 1554 2558 at
1586 2488 1958 2559 immortalem
1994 2514 2174 2557 tamen
2205 2502 2482 2558 mercedis
2525 2503 2765 2561 fructum
2804 2505 2859 2559 in
2890 2504 3244 2574 sempiternae
3272 2513 3334 2552 ac
3364 2495 3573 2549 divina:
3603 2488 3810 2543 beatitu-

567 2600 717 2657 dinis
742 2616 915 2672 regno
946 2600 1278 2672 percipient.

635 2694 987 2750 ΟΑΡ.ΧΧΧΙΙ.
1006 2693 1233 2748 -—Dixit
1254 2703 1437 2749 autem
1456 2692 1523 2747 ad
1543 2708 1669 2748 eum
1692 2690 1980 2748 Theudas:
2004 2690 2083 2744 En
2103 2689 2161 2743 il-

566 2786 662 2842 lud
681 2787 1036 2858 perspicuum
1057 2796 1163 2851 est,
1179 2786 1380 2842 multos
1400 2796 1457 2841 et
1476 2800 1702 2857 magnos
1717 2793 1773 2840 et
1791 2785 2067 2855 sapientes
2086 2783 2163 2865 vi-

2326 2696 2486 2752 ΚΕΦ.
2535 2694 2659 2749 AB’.
2703 2695 2846 2765 Ἔφη
2896 2694 2954 2748 δὲ
2983 2693 3121 2765 πρὸς
3159 2694 3320 2748 αὑτὸν
3343 2696 3370 2748 ὁ
3402 2693 3614 2755 Θευδᾶς
3642 2709 3657 2723 σ
3704 2692 3816 2747 Ἰδοὺ

2258 2788 2492 2859 φανερόν
2522 2789 2690 2851 ἐστιν,
2730 2788 2811 2840 ὅτι
2840 2787 2940 2857 τὴν
2971 2786 3095 2840 καθ’
3118 2787 3267 2857 ἡμᾶς
3313 2786 3620 2857 θρησκείαν
3652 2786 3816 2837 πολλοὶ

570 2892 663 2932 ros
674 2886 840 2947 atque
857 2876 1209 2945 interpretes,
1226 2891 1289 2931 ac
1305 2882 1418 2929 tum
1432 2875 1639 2929 virtute
1658 2882 1773 2928 tum
1791 2873 2044 2928 doctrina
2059 2871 2136 2925 ad

2258 2884 2351 2935 καὶ
2383 2881 2613 2952 μεγάλοι
2643 2881 2818 2949 σοφοὶ,
2855 2879 2950 2933 καὶ
2984 2879 3269 2950 ἐξηγηταὶ,
3290 2881 3384 2933 καὶ
3411 2880 3717 2948 θαυμαστοὶ
3735 2879 3819 2946 τίεν

569 2968 874 3033 mirabiles,
890 2966 1211 3038 religionem
1237 2974 1482 3021 nostram
1510 2966 1838 3031 instituisse,
1855 2979 2136 3033 omnesqut

2260 2972 2461 3043 ἀρετὴν
2490 2974 2587 3026 καὶ
2621 2972 2956 3042 ἐπιστήμην,
2997 2970 3413 3040 ἐνομοθέτησαν,
3446 2973 3545 3025 καὶ
3570 2971 3759 3032 πάντες
3778 2971 3820 3021 oi

569 3061 723 3117 orbis
742 3069 902 3117 terra:
917 3074 1075 3130 reges
1094 3074 1159 3115 ac
1176 3055 1581 3128 principeseam
1593 3057 1979 3127 utpraeclaram
1996 3065 2136 3127 atqui

2267 3062 2508 3134 βασιλεῖς
2535 3063 2635 3133 τῆς
2668 3064 2772 3131 γῆς
2808 3062 2902 3115 καὶ
2930 3061 3186 3115 δυνάσται
3220 3061 3295 3124 ὡς
3334 3061 3512 3131 καλὴν
3543 3063 3637 3114 καὶ
3674 3062 3820 3131 μηδὲν

571 3152 723 3208 οηιηί
743 3151 993 3222 periculo
1005 3166 1237 3206 vacuam
1259 3150 1546 3220 excepisse
1568 3167 1583 3216 ;
1601 3150 1952 3205 Galilaeorum
1971 3160 2136 3204 contr:

2269 3151 2539 3223 σφαλερὸν
2580 3151 2813 3217 ἔχουσαν
2842 3149 3124 3216 ἐδέξαντο,
3154 3150 3253 3220 τὴν
3296 3150 3352 3203 δὲ
3384 3150 3494 3203 τῶν
3540 3151 3821 3204 Γαλιλαίων

570 3244 888 3300 doctrinam
925 3243 1165 3298 rusticos
1181 3242 1449 3312 quosdam
1471 3257 1535 3296 ac
1555 3257 1829 3312 pauperes
1846 3251 1903 3295 et
1920 3242 2134 3313 abjecto

2266 3243 2515 3315 ἄγροικοι
2565 3258 2747 3304 τινες,
2784 3241 2993 3311 πτωχοί
3034 3258 3095 3293 τε
3141 3241 3237 3293 καὶ
3280 3240 3522 3303 εὐτελεῖς
3568 3242 3821 3309 ἐκήρυξαν

569 3335 742 3399 viros,
761 3347 967 3403 eosque
989 3347 1320 3403 perpaucos,
1344 3347 1447 3386 nec
1464 3332 1650 3401 plures
1664 3347 1827 3402 quam
1845 3331 2136 3386 duodecim

2266 3335 2481 3405 ἄνδρες,
2516 3334 2612 3386 καὶ
2642 3331 2797 3385 αὐτοὶ
2849 3331 3206 3402 εὐαρίθμητοι
3242 3332 3337 3384 καὶ
3371 3332 3447 3403 μὴ
3478 3331 3588 3385 τῶν
3632 3332 3821 3385 δώδεκα

568 3426 920 3498 praedicasse.
960 3425 1102 3480 Num
1139 3424 1308 3496 igitur
1343 3423 1669 3495 ignobilium
1714 3437 1779 3477 ac
1824 3421 2136 3476 rusticorun

2265 3428 2328 3481 τὸ
2362 3428 2561 3498 μέτρον
2581 3423 3023 3495 ὑπερϐαίνοντες.
3054 3423 3178 3487 Πῶς
3204 3419 3299 3477 οὖν
3323 3424 3427 3476 τῶν
3458 3424 3681 3491 ὀλίγων,
3704 3424 3821 3492 άσήο

570 3518 893 3588 praedicatio
913 3518 1214 3573 multorum
1241 3532 1305 3572 ac
1324 3532 1647 3589 magnorum
1668 3516 1938 3584 virorum,
1956 3517 2136 3586 quiqui

2271 3536 2386 3589 μων
2412 3535 2471 3570 τε
2508 3517 2603 3569 καὶ
2635 3515 2933 3586 ἀγροίκων,
2968 3514 3029 3569 τὸ
3052 3516 3317 3587 κήρυγμα
3353 3515 3718 3586 προτιμητέον
3741 3516 3821 3583 τῆς

577 3622 731 3667 tanta
760 3610 1051 3682 sapientia:
1076 3610 1237 3665 laude
1259 3609 1593 3673 ﬂoruerunt,
1628 3610 1847 3681 legibus
1875 3619 2040 3678 atque
2076 3609 2131 3662 in

2269 3609 2377 3664 τῶν
2410 3608 2623 3663 πολλῶν
2665 3609 2761 3661 καὶ
2800 3608 3055 3678 μεγάλων
3104 3608 3197 3661 καὶ
3234 3607 3396 3678 σοφίᾳ
3440 3608 3679 3678 τοσαύτῃ
3704 3606 3821 3675 λαμ-

572 3704 785 3760 stitutis
808 3704 993 3773 potior
1021 3702 1274 3757 habenda
1298 3702 1416 3757 est?
1435 3700 1579 3768 Quid
1606 3710 1789 3756 autem
1820 3700 1992 3755 habes
2018 3699 2136 3755 undi

2267 3702 2484 3769 ψάντων
2512 3698 2869 3770 νομοθεσίας;
2896 3698 2979 3763 τίς
3009 3699 3066 3752 δὲ
3096 3701 3129 3770 ή
3158 3698 3435 3763 ἀπόδειξις
3457 3699 3685 3762 τούτους
3712 3698 3819 3767 άλη·

573 3795 678 3849 bos
694 3809 823 3849 vera
850 3794 1055 3859 dicere,
1088 3792 1213 3847 illos
1239 3794 1462 3847 mentiri
1490 3792 1880 3847 demonstres?

2271 3794 2470 3856 θεύειν,
2499 3792 2784 3855 κάκείνους
2818 3791 3139 3862 ψεύδεσθαι;

645 3888 887 3941 Rursum
921 3885 1093 3957 igitur
1128 3886 1274 3956 regis
1307 3884 1455 3939 ﬁlius
1492 3884 1785 3954 respondit
1808 3898 1824 3937 :
1846 3883 2051 3939 Asinus
2078 3897 2136 3938 es

2341 3881 2508 3945 Αὖθις
2536 3878 2627 3936 οὖν
2658 3886 2685 3937 ὁ
2714 3883 2807 3935 τοῦ
2836 3882 3099 3953 βασιλέως
3131 3884 3245 3947 υἱὸς
3270 3883 3605 3954 ἀπεκρίνατο
3626 3900 3639 3912 ·
3674 3883 3819 3949 Τάχα.

575 3995 609 4034 ο
661 3977 911 4042 Theuda,
945 3988 1006 4031 ut
1035 3976 1144 4031 dici
1173 3977 1337 4040 solet,
1372 3976 1544 4047 lyram
1584 3975 1839 4039 audiens,
1877 3986 2045 4045 atque
2076 3975 2160 4029 in—

576 4070 834 4125 tcllectus
886 4082 1089 4138 expers
1124 4082 1356 4122 manens
1386 4084 1401 4133 ;
1452 4067 1561 4133 vel,
1595 4076 1657 4122 ut
1699 4068 1909 4122 rectius
1942 4067 2159 4137 loquar,

575 4160 747 4230 aspis,
766 4173 929 4213 aures
950 4157 1239 4222 obturans,
1265 4172 1334 4211 ne
1354 4158 1617 4227 praeclare
1642 4156 2041 4213 incantantium
2066 4172 2165 4209 vo-

576 4249 987 4308 cem-exaudias
1019 4248 1194 4313 (Psal.
1221 4248 1372 4319 Lvn).
1400 4250 1570 4305 Recte
1600 4249 1769 4320 igitur
1791 4248 1859 4303 de
1886 4258 1937 4303 te
1974 4263 2004 4301 a
2037 4264 2166 4318 pro-

576 4344 743 4415 pheta
771 4343 983 4398 dictum
1018 4352 1104 4399 est
1145 4362 1157 4397 :
1198 4343 1255 4399 Si
1307 4352 1524 4399 mutare
1570 4349 1741 4413 queat
1768 4340 2023 4411 Ethiops
2049 4341 2166 4411 pel-

577 4438 687 4494 lem
733 4452 910 4503 suam,
952 4451 1017 4491 ac
1063 4436 1269 4506 pardus
1318 4437 1625 4492 varietates
1658 4450 1808 4501 suas,
1859 4444 1918 4490 tu
1947 4450 2169 4505 quoque

577 4529 748 4586 stulte
766 4538 825 4585 et
848 4543 1012 4591 caece,
1030 4528 1358 4582 benefacere
1382 4526 1614 4597 poteris,
1641 4540 1767 4580 cum
1792 4525 1934 4579 mala
1958 4524 2169 4579 didice-

2271 3974 2467 4038 Θευδᾶ,
2513 3974 2633 4037 ovo;
2680 3970 2759 4037 εἴ,
2792 3974 2853 4026 τὸ
2892 3974 2986 4027 τοῦ
3030 3975 3223 4043 λόγου,
3272 3976 3443 4045 λύρας
3482 3974 3700 4029 ἀκούων
3730 3972 3820 4037 (8ο)

2274 4071 2369 4123 καὶ
2398 4068 2657 4132 ἀσύνετος
2685 4069 2881 4138 μένων,
2938 4070 3143 4140 μᾶλλον
3170 4070 3227 4123 δὲ
3256 4071 3423 4133 ἀσπὶς
3456 4070 3604 4139 βύων
3633 4072 3695 4123 τὰ
3731 4062 3822 4120 ὦτα

2274 4161 2367 4215 τοῦ
2398 4162 2473 4232 μὴ
2501 4162 2733 4215 ἀκοῦσαι
2766 4162 2950 4232 φωνῆς
2976 4162 3286 4232 ἐπᾳδόντων
3317 4164 3451 4236 (81).
3478 4164 3677 4225 Καλῶς
3702 4156 3824 4214 οὗνό

2275 4255 2564 4324 προφήτης
2588 4251 2708 4307 εἷπε
2749 4255 2880 4324 περί
2908 4252 3002 4307 σοῦ
3029 4270 3043 4284 ο
3081 4255 3145 4307 Εἰ
3185 4255 3296 4325 (δε)
3324 4254 3622 4320 άλλάξεται
3660 4253 3825 4320 Ateio?

2276 4347 2336 4399 τὸ
2363 4345 2542 4415 δέρμα
2569 4345 2734 4398 αὑτοῦ
2760 4346 2855 4398 καὶ⁸
2886 4344 3149 4417 πάρδαλις
3175 4349 3246 4399 τά
3268 4346 3607 4417 ποικίλματα
3645 4346 3824 4412 αὐτῆς,

2277 4441 2371 4493 καὶ
2402 4441 2467 4491 σε)
2503 4439 2706 4510 δυνήσῃ
2744 4434 2801 4491 εὖ
2832 4439 3056 4508 ποιῆσαι
3101 4439 3440 4510 μεμαθηκὼς
3467 4441 3639 4494 κακά.
3685 4438 3825 4506 Μωρὲ

2277 4532 2373 4584 καὶ
2402 4529 2569 4597 τυφλὲ
2590 4571 2605 4595 ,
2632 4530 2749 4592 πῶς
2780 4529 2879 4583 οὐκ
2906 4530 3027 4597 ἄγει
3059 4546 3118 4582 σε
3151 4532 3231 4593 είς
3256 4530 3509 4600 αἴσθησιν
3550 4534 3583 4601 ἠ
3608 4533 3702 4601 τῆς
3719 4531 3826 4597 ἁλη-

578 4624 680 4678 ris.
711 4621 857 4689 Quin
903 4629 955 4675 te
988 4620 1073 4673 vis
1100 4618 1353 4673 veritatis
1404 4633 1571 4671 sensu
1612 4615 1824 4670 allicit?
1873 4615 2011 4669 Nam
2062 4615 2135 4669 ho

2239 4597 2255 4650 θ
2280 4623 2428 4686 θείας
2657 4620 2845 4691 ίσχύςς
2883 4593 3057 4674 Τοῦτο
3089 4620 3197 4693 γὰρ
3218 4621 3351 4674 αὐτὸ
3375 4593 3437 4674 rb
3462 4593 3616 4692 παρά
3646 4593 3827 4676 πολλῶν

582 4714 766 4785 ipsum
779 4712 929 4784 quod
944 4711 1045 4776 ais,
1065 4726 1095 4764 a
1106 4709 1299 4764 multis
1314 4708 1628 4763 admirabili
1642 4707 1913 4778 sapientia
1926 4707 2172 4778 praeditis

2283 4716 2381 4785 μὲν
2408 4715 2502 4767 ἐπὶ
2543 4714 2707 4786 σοφίᾳ
2743 4712 3177 4783 θαυμαζομένων
3204 4713 3545 4767 ἐπαινεῖσθαι
3578 4716 3649 4768 τά
3681 4714 3827 4785 μιαρά

584 4807 720 4861 viris
764 4804 1006 4860 nefarios
1046 4812 1174 4857 tuos
1209 4801 1394 4857 cultus
1434 4799 1673 4867 laudari,
1710 4808 1878 4870 atque
1922 4815 1953 4854 a
1982 4800 2136 4855 multi

2282 4822 2375 4858 σου
2409 4802 2749 4874 σεϐάσματα,
2780 4804 2933 4873 παρά
2968 4800 3179 4855 πολλῶν
3206 4802 3262 4855 δὲ
3291 4802 3556 4872 βασιλέων
3586 4804 3824 4873 κρατύνε-

584 4899 809 4971 regibus
848 4897 1191 4962 conﬁrmari,
1226 4905 1532 4964 contraque
1568 4894 1948 4964 Evangelicam
1973 4893 2136 4963 praedi

2280 4894 2428 4956 σθαι,
2449 4893 2510 4945 τὸ
2530 4893 2587 4946 δὲ
2614 4893 2879 4963 κήρυγμα
2903 4890 2997 4945 τοῦ
3026 4892 3358 4961 Εὐαγγελίου
3382 4894 3514 4963 παρ’
3535 4894 3726 4962 ὀλίγων
3751 4892 3826 4945 καὶ

586 4990 863 5045 cationem
891 5002 921 5041 a
946 4986 1161 5057 paucis,
1190 4985 1370 5055 iisque
1404 4984 1662 5039 obscuris
1690 4984 1827 5039 viris
1858 4984 2136 5055 praedicari

2277 4986 2508 5056 ἀσήμων
2552 4985 2763 5056 ἀνδρῶν
2826 4985 3205 5057 κηρυχθῆναι,
3259 4985 3495 5039 δεικνύει
3544 4987 3646 5054 τῆς
3693 4984 3823 5056 ήμῶν

587 5082 645 5138 id
660 5096 792 5137 vero
818 5090 932 5136 tum
954 5078 1243 5149 religionis
1268 5085 1471 5132 nostra:
1486 5077 1620 5142 vim,
1647 5084 1762 5130 tum
1788 5076 2136 5147 improborut

2282 5077 2591 5142 θεοσεϐείας
2633 5077 2733 5147 τὴν
2774 5076 2927 5148 ἰσχὺν
2974 5078 3068 5131 καὶ
3109 5076 3220 5131 τῶν
3269 5078 3554 5149 ὑμετέρων
3601 5077 3826 5149 πονηρῶν

824 5224 1047 5300 Yidetur
1071 5240 1190 5279 esse
1222 5226 1346 5300 in_A
1382 5229 1615 5300 varietas
1648 5229 2104 5300 ἀπολάμπουσαν.

680 5294 802 5415 (8οζ
825 5294 898 5349 De
927 5297 1025 5349 hoc
1051 5297 1334 5362 proverbio
1384 5299 1650 5350 monitum
1694 5298 1796 5353 fuit
1827 5294 1891 5352 ad
1927 5303 2136 5355 Aristaei

680 5363 743 5415 οὗ
809 5364 1046 5415 έγοντος.
1081 5366 1174 5415 καὶ
1216 5364 1325 5415 τῶν
1353 5366 1552 5415 νειοῶν
1579 5368 1885 5415 ἁπτομένου
1919 5372 2013 5415 καὶ
2061 5371 2136 5415 ιιὰε

2239 5314 2361 5369 ,ep.
2394 5301 2484 5363 17,
2513 5315 2563 5368 p.
2611 5300 2736 5355 475-
2788 5299 3044 5355 Libanins
3091 5312 3123 5356 t.
3160 5303 3251 5368 ιν,
3296 5319 3419 5371 pag.
3466 5303 3619 5358 8'57:
3669 5302 3827 5357 Ταῦτα

2259 5372 2317 5415 οὐ
2346 5369 2696 5415 δακρύοντος-
2727 5370 2787 5415 οὐ
2829 5372 3026 5415 Μᾶλλον
3056 5372 3254 5415 ἦγηυεν
3295 5375 3328 5415 «ἢ
3375 5374 3547 5415 λύηηε
3572 5375 3827 5415 tium-Manu

606 5363 743 5446 ἐμοῦ
773 5363 1174 5446 λέγοντος,ηκαὶ
1216 5364 1332 5446 τῶν.
1353 5366 1552 5446 χειρῶν
1579 5368 1885 5446 άπτρμένου
1919 5372 2014 5423 καὶ⁹
2046 5363 2238 5446 ,μό-νονς
2250 5363 2323 5446 οὗ
2346 5363 2697 5446 δακρύοντος,
2727 5370 2798 5446 οὑ-
2827 5372 3026 5446 μᾶλλον
3056 5363 3254 5446 ἤκουεν
3368 5363 3547 5446 ⁷λύρας
3572 5375 3827 5446 ἀκούσειεν

605 5432 747 5514 δνοςζ
782 5432 1392 5514 ιοίιηιιεεμίοτρεκᾛιὰ
1422 5432 1647 5514 Joannis
1680 5432 2012 5514 Damasc:_p.
2040 5432 2136 5514 27:9

2239 5442 2279 5494 0
2310 5432 2665 5514 μισόῇριστος
2683 5432 2902 5514 ἐκεῖνοςΔ
2922 5432 3104 5513 ἄρχων
3128 5445 3263 5514 πρὸς
3290 5432 3359 5498 τά
3391 5432 3499 5499 ὑπὸ
3527 5432 3628 5497 τοῦ
3671 5444 3825 5496 Ἰωάν-

608 5517 702 5586 νου
731 5502 998 5586 λεγομενα
1010 5504 1134 5584 ovo;
1162 5500 1229 5573 ἦν
1257 5506 1425 5586 λύρας
1457 5506 1698 5586 ἀκούων,
1718 5507 1875 5586 τοῦτο
1904 5500 1972 5578 δή
1994 5511 2136 5586 φάνα

2239 5500 2393 5586 ruﬁ;
2418 5500 2738 5586 παροιμίας
2780 5500 2930 5586 Lusit
2961 5500 3591 5586 noniinjicetecirraid
3630 5528 3821 5585 prover-

609 5569 763 5653 bium
780 5569 1125 5653 ‘Stratonicus
1149 5569 1236 5653 ap.
1274 5569 1856 5653 MA'achonemAtﬁenaai
1876 5569 2017 5653 ,νηὶ-ξ
2033 5581 2123 5653 41,
2156 5597 2209 5653 v,
2242 5569 2527 5653 50.'}\dde_
2547 5569 3128 5653 vallin._ad_Boet.r_de
3152 5583 3367 5645 Consol.
3394 5599 3447 5653 p.
3474 5584 3563 5640 15.

833 5639 1004 5728 ίζεει..
1023 5639 1221 5728 um}
1252 5661 1264 5697 :
1294 5644 1486 5728 eupb;
1538 5646 1721 5711 αὐτοῖς
1759 5648 1901 5728 κατά
1941 5639 2051 5728 τήν.
2087 5639 2136 5721 δι

2239 5668 2343 5707 ισιν
2380 5650 2474 5705 τοῦ
2500 5650 2698 5720 ὄφεως,
2742 5648 2876 5703 ὡσεὶ
2910 5651 3136 5718 ἀσπίδος
3169 5639 3371 5726 ⁷κωφῆς
3394 5639 3498 5710 ’καὶ
3526 5639 3750 5728 βυούσης
3772 5651 3825 5705 τὰ

609 5710 727 5762 ἄιτα
756 5710 943 5778 αὐτῆς,
976 5710 1101 5781 ἥτις
1134 5712 1234 5765 οὐκ
1261 5710 1640 5771 εἰσακούσεται
1670 5710 1855 5791 φωνὴν
1885 5710 2212 5791 ἐπᾳδόντων.

691 5780 803 5851 (82)
832 5778 1030 5837 Jerem.
1064 5795 1184 5847 xttt,
1218 5782 1306 5839 2'5.

864 5795 1030 5837 erem.
1064 5795 1184 5847 xttt,
