4042 6476
191 536 324 600 1169

1263 534 1433 594 VITA
1477 530 1829 592 BARLAAM
1867 531 1958 589 ET
1997 503 2364 590 JOASAPH:

3298 552 3430 616 1170

180 649 331 714 ἀξιον
359 649 806 730 ἐπιδειξαμένους
845 648 1091 718 ἀνδριάσι
1126 647 1343 716 λέγεται
1395 648 1490 700 καὶ
1531 644 1755 714 στήλαις

1877 656 1951 701 ius
1974 647 2056 701 vel
2079 650 2281 704 strenui
2306 650 2485 715 animi,
2520 652 2601 706 vel
2627 652 2894 720 amicitiae,
2929 657 3008 712 vel
3039 660 3329 728 cnjuspiam
3355 662 3432 715 al-

178 742 434 811 τιμῆσαι.
484 743 546 794 Oi
573 740 629 794 δὲ
671 741 810 810 μετὰ
842 739 1017 794 ταῦτα
1048 739 1146 810 τὴν
1183 740 1290 792 τῶν
1334 739 1614 810 προγόνων
1653 739 1755 805 ἁγο

181 837 477 905 νοήσαντες
509 834 757 905 γνώμην,
800 837 894 888 καὶ
923 835 1007 888 ὃτι
1032 873 1047 896 ,
1097 836 1320 904 μνήμης
1353 835 1520 886 ἕνεκα
1572 831 1755 902 μόνον,

181 929 294 989 τοῖς
330 928 616 980 ἐπαινετόν
661 944 715 980 τι
750 928 1046 996 ποιήσασιν
1079 926 1405 998 ἀνδριάντας
1433 926 1529 979 καὶ
1559 925 1759 991 στήλας

180 1019 513 1090 ἀνέστησαν,
560 1019 704 1073 κατὰ
741 1019 937 1090 μικρὸν
978 1018 1324 1088 πλανώμενοι
1361 1021 1428 1090 τῇ
1465 1018 1560 1072 τοῦ
1595 1019 1762 1088 ἀρχε-

184 1111 361 1162 κάκου
401 1110 656 1182 δαίμονος
687 1110 1081 1182 ἐνεργείᾳ,αὼς
1133 1111 1426 1174 ἀθανάτοις
1469 1109 1613 1172 θεοῖς
1647 1111 1763 1175 τοῖς

181 1203 542 1272 όμοιοπαθέσι
569 1203 661 1255 καὶ
695 1201 956 1273 φθαρτοῖς
983 1201 1296 1272 ἀνθρώποις
1329 1201 1760 1270 προσετέθησαν,

183 1295 280 1347 καὶ
326 1294 520 1358 θυσίας
569 1295 754 1357 αὐτοῖς
787 1295 883 1348 καὶ
928 1294 1163 1358 σπονδὰς
1205 1295 1608 1365 ἐπενοήσαντο,
1655 1292 1764 1345 τῶν

182 1385 458 1454 δαιμόνων
494 1384 741 1456 δηλονότι
771 1388 887 1449 τοῖς
929 1385 1142 1452 ξοάνοις
1197 1387 1619 1457 ἐνοικησάντων,
1670 1385 1766 1439 καὶ

186 1477 328 1547 πρὸς
362 1478 590 1540 ἑαυτοὺς
635 1476 734 1548 τὴν
768 1476 935 1548 τιμὴν
982 1479 1076 1530 καὶ
1121 1477 1221 1542 τὰς
1251 1477 1444 1541 θυσίας
1495 1476 1765 1548 μεθελκυι-

189 1569 424 1620 σάντων.
471 1567 699 1620 Ἐκεῖνοι
729 1568 910 1621 τοίνυν
951 1569 1078 1630 τοὺς
1116 1569 1189 1639 μὴ
1239 1569 1637 1639 δοκιμάζοντας
1672 1568 1765 1623 τὸν

187 1656 326 1711 Θεὸν
353 1656 496 1726 ἔχειν
525 1660 581 1710 ἐν
607 1657 901 1726 ἐπιγνώσει
933 1659 1182 1712 πείθουσι
1210 1659 1368 1724 θεοὺς
1388 1661 1588 1723 αὐτοὺς
1611 1662 1765 1730 ἡγεῖ-

192 1747 345 1811 σθαι,
379 1748 524 1803 δυοῖν
553 1749 713 1820 χάριν
735 1766 748 1779 ⁸
780 1751 844 1803 ἵν’
873 1752 1026 1804 αὐτοὶ
1067 1753 1167 1822 μὲν
1196 1754 1261 1823 τῇ
1305 1752 1650 1824 προσηγορίᾳ
1679 1752 1768 1806 δο-

194 1839 446 1904 ξάζοιντο
467 1841 639 1912 ταύτῃ
659 1840 894 1910 (ἥδονται
925 1844 1054 1912 γὰρ,
1077 1843 1173 1896 ἆτε
1204 1844 1431 1914 πλήρεις
1453 1844 1770 1909 ἀλαζονείας

189 1934 369 1995 ὅντες.
399 1931 476 1995 ὡς
511 1931 624 1986 θεοὶ
661 1933 966 2004 τιμᾶσθαι)
992 1974 1008 1998 ,
1040 1935 1237 1998 αὐτοὺς
1267 1935 1325 1988 δὲ
1361 1935 1456 1999 οὒς
1483 1937 1772 2007 ἡπατήκα-

1873 738 2039 793 terius
2065 739 2274 794 virtutis
2300 756 2434 806 opus
2462 743 2713 796 memoria
2751 745 2963 813 dignum
2995 748 3300 814 edidissent,
3326 760 3431 804 sta.

1871 831 1976 886 tuis
1997 846 2219 887 ornasse
2247 833 2462 886 dicitur.
2494 833 2698 888 Posteri
2731 843 2930 905 autem,
2976 838 3236 906 majorum
3281 855 3431 894 men-

1865 932 1969 977 tem
2018 923 2323 992 ignorantes
2351 964 2368 990 ,
2413 938 2610 992 nempe
2663 925 2802 994 quod
2860 930 3130 980 memoria:
3177 929 3431 986 duntaxat

1865 1026 2026 1066 causa
2069 1012 2134 1065 iis
2162 1013 2250 1079 qui
2283 1011 2437 1067 laude
2463 1011 2681 1080 dignum
2726 1015 2922 1082 aliquid
2972 1015 3271 1071 effecissent
3323 1029 3431 1072 sta-

1864 1113 1982 1158 tuas
2009 1111 2064 1158 et
2088 1106 2362 1160 columnas
2392 1105 2710 1169 erexissent,
2763 1107 3019 1163 daemonis
3047 1109 3159 1162 vitii
3201 1109 3432 1162 auctoris

1867 1209 2030 1264 opera
2057 1194 2308 1263 paulatim
2339 1195 2672 1264 aberrantes,
2734 1201 2976 1252 homines
3021 1200 3206 1254 iisdem
3237 1199 3432 1265 passio~

1863 1289 2018 1342 nibus
2045 1289 2308 1345 obnoxios
2338 1304 2402 1345 ac
2447 1294 2778 1361 corruptioni
2809 1295 3123 1360 subjectos,
3180 1301 3429 1360 tanquam

1864 1384 2193 1440 immortales
2234 1386 2363 1440 deos
2429 1387 2752 1457 adorarunt,
2814 1382 3180 1457 sacriiiciaque
3216 1389 3345 1458 ipsis
3372 1403 3434 1444 ac

1875 1474 2128 1530 libamina
2186 1477 2549 1547 excogitaruut
2619 1497 2634 1536 :
2699 1479 3030 1535 dzemonibus
3090 1478 3336 1535 videlicet
3378 1482 3430 1535 in

1869 1566 2057 1620 statuis
2106 1567 2483 1636 habitantibus,
2535 1579 2695 1642 atque
2744 1570 3049 1642 bujusmodi
3078 1571 3334 1625 honorem
3381 1580 3433 1627 et

1864 1660 2124 1715 sacriﬁcia
2153 1659 2218 1715 ad
2249 1675 2367 1716 sese
2392 1664 2846 1732 pet-trahentibus.
2902 1666 2973 1722 illi
3017 1666 3195 1736 itaque
3235 1681 3326 1722 eos
3347 1667 3434 1738 qui

1867 1751 2033 1805 Deum
2081 1751 2134 1805 in
2188 1754 2372 1808 notitia
2419 1755 2616 1812 habere
2663 1756 2883 1812 minime
2907 1759 3130 1827 probant
3161 1759 3338 1830 (Rom.
3367 1746 3441 1829 1),.

1865 1840 2060 1910 duplici
2105 1842 2172 1898 de
2220 1859 2380 1899 causa
2427 1855 2482 1900 ut
2530 1861 2588 1901 se
2634 1846 2763 1902 deos
2818 1863 2938 1904 esse
2981 1850 3288 1904 existiment
3331 1850 3432 1904 ad-

1871 1930 2067 1988 ducunt
2111 1952 2124 1986 :
2175 1937 2372 2002 altera,
2418 1946 2475 1992 ut
2523 1938 2624 2008 ipsi
2677 1938 2779 1994 hoc
2819 1938 3033 1993 nomine
3064 1941 3431 2008 celebrentur,

194 2041 281 2076 σιν
324 2025 406 2086 είς
442 2023 505 2078 τὺ
543 2025 946 2095 ἡτοιμασμένον
985 2027 1171 2089 αὐτοῖς
1210 2026 1472 2080 ἄσϐεστον
1497 2027 1768 2083 ἐλκύσωσι

1877 2023 2097 2093 gaudent
2116 2026 2257 2080 enim
2287 2027 2407 2096 ipsi,
2433 2036 2616 2097 utpote
2646 2029 2782 2083 fastu
2809 2039 2967 2099 atque
2989 2032 3286 2100 arrogantia
3314 2033 3423 2098 ple-

196 2114 312 2187 πῦρ
347 2115 450 2186 (2).
487 2116 656 2170 Ὅθεν
704 2118 883 2170 πᾶσαν
908 2119 1104 2181 αὐτοὺς
1136 2118 1379 2183 ἐδίδαξαν
1423 2121 1772 2191 παρανομίαν

195 2206 293 2258 καὶ
321 2206 658 2277 αίσχρότητα
679 2247 695 2271 ,
726 2208 802 2272 ὡς
844 2209 993 2274 ἅπαξ
1030 2209 1404 2277 ὑποταγέντας
1433 2214 1498 2281 τῇ
1548 2213 1774 2267 ἐκείνων

194 2297 402 2369 ἀπάτῃ.
457 2299 580 2352 Ἐπὶ
609 2299 798 2354 τοῦτον
833 2300 928 2356 οὖν
972 2302 1064 2354 τὸν
1103 2301 1390 2372 κολοφῶνα
1427 2302 1538 2356 τῶν
1587 2303 1773 2357 κακῶν

195 2387 448 2452 ἐλθόντες
483 2389 532 2442 οἱ
567 2389 847 2462 ἄνθρωποι
869 2431 884 2455 ,
917 2392 1295 2462 ἐσκοτισμένοι
1326 2392 1479 2454 ὄντες
1499 2432 1512 2456 ,
1543 2393 1776 2458 ἕκαστος

196 2477 290 2530 τοῦ
325 2479 456 2533 ἰδίου
497 2479 705 2543 πάθους
753 2483 849 2535 καὶ
899 2481 1001 2550 τῆς
1054 2481 1189 2544 ἰδίας
1235 2480 1536 2551 ἐπιθυμίας
1576 2481 1776 2550 ἔστησε

201 2569 408 2640 στήλην
435 2613 450 2636 ,
483 2572 578 2624 καὶ
631 2571 752 2626 θεὸν
809 2573 976 2643 299
1027 2572 1314 2644 ὠνόμασε,
1354 2573 1633 2643 βδελυκτοὶ
1673 2573 1777 2644 τῆς

173 2661 428 2733 πλάνης,
461 2663 864 2737 βδελυκτότεροι
906 2666 1009 2736 τῆς
1036 2667 1268 2730 ἀτοπίας
1295 2666 1404 2719 τῶν
1434 2684 1778 2737 προσκυνου-

198 2757 381 2825 μένων
401 2758 855 2828 γενόμενοι.Ἒως
884 2757 1055 2812 ἐλθὼν
1077 2759 1107 2811 6
1139 2759 1344 2831 Κύριος
1373 2759 1462 2813 διὰ
1493 2759 1778 2831 σπλάγχνα

196 2847 385 2911 ἐλέους
411 2849 488 2917 (5)
515 2844 679 2902 αὐτοῦ
716 2847 1060 2920 ἐλυτρὼσατο
1087 2850 1237 2921 ἡμᾶς
1261 2851 1390 2913 τοὺς
1420 2851 1780 2916 πιστεύοντας

198 2941 356 3010 αὑτῷ
383 2940 480 3010 τῆς
514 2943 758 3012 πονηρᾶς
785 2941 990 3013 ταύτης
1020 2944 1114 2996 καὶ
1142 2943 1390 3009 ὀλεθρίου
1421 2941 1652 3013 πλάνης,
1681 2944 1780 2998 καὶ

198 3035 408 3100 ἐδίδαξε
439 3037 536 3106 τὴν
568 3034 746 3105 ἀληθῆ
779 3035 1130 3104 θεογνωσίαν.
1163 3037 1277 3090 Οὐκ
1310 3036 1428 3089 ἔστι
1462 3037 1574 3108 γὰρ
1604 3052 1778 3108 σωτη-

200 3130 318 3199 ρία,
361 3133 411 3184 el
454 3130 528 3202 μὴ
562 3133 620 3184 ἐν
647 3131 799 3201 αὐτῷ
841 3131 914 3202 (4)
943 3171 958 3194 ,
1001 3133 1096 3184 καὶ
1125 3134 1225 3185 οὐκ
1267 3132 1418 3186 ἐστιν
1459 3132 1620 3198 ἄλλος
1655 3131 1780 3196 θεὸς

197 3221 328 3275 οὔτε
360 3224 418 3276 ἐν
443 3221 692 3294 οὐρανῷ,
729 3221 854 3276 οὔτε
886 3224 979 3276 ἐπὶ
1013 3225 1136 3294 γῆς,
1170 3227 1219 3277 εί
1263 3224 1337 3295 μὴ
1394 3225 1558 3290 αὐτὸς
1622 3228 1782 3297 μόνος

197 3318 228 3368 6
276 3316 374 3370 τοῦ
420 3315 622 3380 παντὸς
659 3316 910 3388 ποιητὴς,
958 3318 988 3370 ό
1021 3316 1200 3370 πάντα
1233 3317 1415 3388 φέρων
1461 3317 1540 3388 τῷ
1573 3320 1780 3390 ῥήματι

199 3407 306 3476 τῆς
357 3407 639 3478 δυνάμεως
689 3407 856 3460 αὐτοῦ
890 3407 991 3478 (5).
1047 3407 1140 3477 Τῷ
1165 3407 1308 3478 λόγῳ
1341 3407 1472 3476 γὰρ,
1505 3411 1643 3478 φησὶ
1671 3410 1772 3481 (6),

204 3497 418 3568 Κυρίου
444 3497 746 3569 οίιούρανοὶ
773 3497 1212 3570 ἐστερεώθησαν,
1260 3499 1352 3553 καὶ
1376 3499 1453 3570 τῷ
1505 3499 1779 3571 πνεύματι

201 3589 302 3642 τοῦ
357 3589 628 3659 στόματος
672 3590 836 3644 αὐτοῦ
887 3591 1039 3644 πᾶσα
1078 3592 1112 3660 ὴ
1147 3590 1378 3661 δύναμις
1410 3592 1619 3645 αὐτῶνθ
1660 3594 1776 3658 καὶ,

204 3678 387 3732 πάντα
417 3678 492 3750 (7)
502 3679 580 3734 δι’
599 3677 766 3732 αὑτοῦ
799 3678 1040 3747 ἐγένετο,
1069 3680 1164 3732 κα)⁸
1186 3681 1355 3751 χωρὶς
1375 3679 1541 3733 αὐτοῦ
1562 3681 1780 3749 ἐγένετο

200 3773 327 3827 οὐδὲ
354 3773 412 3826 ἐν
438 3773 468 3827 δ
490 3773 733 3843 γέγονεν.

1869 2115 1951 2181 ni,
2007 2131 2128 2171 cum
2159 2118 2288 2183 ipsis
2317 2127 2563 2188 tanquam
2590 2119 2691 2173 diis
2717 2119 2887 2173 honor
2911 2119 3188 2186 tribuitur;
3245 2120 3431 2186 altera,

1865 2215 1928 2262 ut
1997 2220 2092 2261 eos
2162 2222 2297 2278 quos
2369 2207 2419 2261 in
2495 2206 2737 2261 fraudem
2805 2211 3199 2267 induxerimad
3235 2227 3435 2282 prmpa-

1868 2305 2040 2351 ratum
2067 2297 2170 2353 sibi
2200 2300 2583 2366 sempiternum
2609 2301 2782 2370 ignem
2825 2301 3060 2358 trahant.
3114 2303 3294 2371 quue
3337 2317 3436 2357 nco

1868 2387 2013 2444 mine
2041 2389 2184 2443 omni
2215 2389 2394 2459 ﬂagitii
2425 2405 2489 2445 ac
2531 2391 2869 2459 turpitudinis
2893 2407 3092 2462 genere
3141 2392 3285 2462 ipsos
3312 2407 3434 2448 eru-

1869 2479 2100 2544 dierunt,
2129 2481 2264 2537 adeo
2284 2491 2342 2537 ut
2362 2484 2544 2537 eorum
2575 2481 2743 2538 fraudi
2766 2487 2910 2554 atqui
2941 2486 3246 2554 imposturze
3268 2485 3434 2540 semel

1870 2570 2064 2625 addicti
2095 2571 2358 2636 homines,
2414 2574 2609 2627 mentis
2634 2574 2867 2628 tenebris
2912 2573 3236 2641 circumfusi,
3279 2582 3438 2643 atque

1871 2666 1938 2716 ad
1971 2664 2229 2717 malorum
2255 2664 2606 2733 colophonem
2629 2675 2927 2733 venientes,
2975 2666 3053 2720 sui
3081 2666 3301 2736 quisque
3332 2666 3439 2724 vitii

1872 2767 1936 2809 ac
1962 2770 2072 2809 sua:
2107 2755 2412 2824 cupiditatis
2440 2765 2665 2810 statuam
2697 2756 2926 2821 ﬁxerint,
2979 2758 3240 2826 deumque
3272 2757 3439 2810 nomio

1873 2849 2068 2904 narint.
2099 2849 2210 2917 Qua
2241 2849 2452 2918 quidem
2503 2851 2555 2903 in
2584 2865 2644 2904 re
2664 2892 2679 2916 ,
2737 2866 2858 2905 cum
2889 2851 3088 2906 erroris
3114 2852 3195 2905 sui
3227 2852 3440 2907 nomine

1873 2945 2179 2995 exsecrandi
2211 2942 2338 3004 sint,
2371 2951 2483 2994 tum
2511 2956 2638 2995 vero
2653 2945 2722 2995 ob
2748 2957 2927 2996 earum
2961 2955 3138 2997 rerum
3161 2955 3293 3010 quas
3315 2941 3440 2996 ado-

1873 3041 1994 3086 rant
2040 3031 2418 3086 absmditatem
2472 3032 2656 3101 majori
2711 3034 3078 3088 exist-oratione
3145 3033 3334 3104 dignos
3382 3046 3440 3088 se

1876 3127 2234 3193 praabuerunt.
2285 3123 2339 3177 ld
2384 3133 2559 3177 autem
2601 3124 2780 3177 tandiu
2809 3124 2982 3178 locum
3009 3124 3212 3191 habuit,
3267 3122 3440 3194 quoad

1878 3216 2130 3270 Dominus
2159 3231 2254 3282 per
2271 3215 2473 3269 viscera
2501 3215 2876 3269 misericordia:
2898 3229 3007 3268 sure
3029 3229 3125 3268 nos
3152 3215 3241 3282 qui
3274 3216 3440 3279 ipsius

1877 3309 1978 3362 ﬁde
2006 3307 2208 3374 prazditi
2243 3321 2448 3368 sumus,
2479 3321 2542 3360 ex
2591 3306 2833 3373 improbo
2861 3321 2922 3358 ac
2967 3306 3219 3374 pestifero
3261 3303 3442 3375 hujus-

1877 3397 2018 3452 modi
2044 3412 2229 3452 errore
2255 3397 2517 3462 liberavit,
2540 3411 2769 3465 veraque
2791 3396 2883 3450 Dei
2907 3397 3204 3466 cognitione
3226 3397 3436 3451 imbuit.

1877 3488 2059 3556 Neque
2081 3487 2224 3541 enim
2259 3488 2311 3540 in
2341 3486 2445 3540 alio
2463 3486 2570 3539 ullo
2590 3486 2731 3540 salus
2763 3495 2866 3552 est,
2889 3500 2987 3541 nec
3027 3496 3224 3559 praeter
3268 3489 3438 3556 ipsum

1872 3579 2045 3633 solum
2097 3579 2186 3646 qui
2217 3576 2470 3630 mundum
2495 3575 2690 3641 eﬂ'ecit,
2753 3592 2815 3631 ac
2857 3577 3068 3631 virtutis
3121 3593 3230 3631 sua;
3275 3581 3440 3633 verba

1875 3671 2050 3726 omnia
2070 3678 2243 3738 portat
2272 3669 2454 3740 (Hebr.
2491 3673 2555 3739 1),
2585 3669 2721 3724 alius
2750 3671 2880 3724 deus
2909 3681 2997 3723 aut
3032 3671 3082 3724 in
3114 3670 3250 3725 caelo
3272 3680 3360 3724 aut
3389 3671 3442 3726 in

1879 3774 2022 3820 terra
2075 3771 2179 3817 est.
2235 3762 2411 3817 Verbo
2469 3763 2610 3817 enim
2659 3763 2892 3828 Domini,
2936 3764 3106 3834 inquit
3151 3764 3262 3830 ille,
3320 3765 3440 3820 εαξιί

185 3869 395 3924 ﬁrmati
423 3880 573 3934 sunt,
605 3881 663 3926 et
699 3869 902 3939 spiritu
937 3869 1051 3924 oris
1081 3871 1204 3939 ejus
1233 3873 1417 3926 omnis
1445 3873 1624 3929 virtus
1660 3893 1854 3932 eorum
1903 3876 2076 3942 (Paul.
2119 3878 2285 3949 xxxii)
2313 3895 2327 3945 ;
2361 3888 2525 3949 atque
2568 3882 2754 3936 omnia
2781 3898 2881 3951 per
2914 3881 3094 3950 ipsum
3135 3883 3276 3936 facta
3310 3889 3466 3950 sunt,

183 3974 243 4020 et
269 3965 393 4021 sine
432 3969 554 4037 ipso
589 3967 792 4022 factum
830 3977 914 4021 est
944 3968 1086 4022 nihil
1130 3969 1285 4040 'qu'od
1317 3967 1526 4024 factum
1555 3984 1637 4026 est
1672 3973 1858 4040 (Joan.
1890 3977 1948 4039 ri.

293 4075 355 4128 Ὀ
382 4073 440 4127 δὲ
471 4073 694 4136 Θευδᾶς,
727 4072 936 4126 τούτων
965 4069 1208 4132 ἀκούσας
1237 4069 1348 4122 τῶν
1375 4068 1657 4141 ῥημάτων,
1691 4069 1788 4121 καὶ

207 4169 294 4220 ὅτι
325 4167 542 4237 πλήρης
574 4168 602 4218 ὁ
634 4165 793 4234 λόγος
843 4162 1188 4217 θεοδιδάκτου
1235 4161 1431 4230 σοφίας
1465 4158 1785 4229 ἐτύγχανεν,

207 4251 301 4312 οἷα
347 4257 580 4328 βροντῆς
618 4257 736 4327 ἤχῳ
769 4243 1179 4324 καταπλαγεὶς,
1235 4253 1449 4324 ἀφωνία
1491 4252 1786 4321 συνείχετο.

220 4347 357 4417 Ὄψέ
406 4347 465 4400 δὲ
509 4347 604 4400 καὶ
637 4345 787 4417 μόλις
820 4347 902 4409 είς
940 4343 1196 4416 αἴσθησιν
1237 4343 1406 4397 ἐλθὼν
1450 4343 1550 4412 τῆς
1593 4339 1788 4395 ἐαυτοῦ

206 4435 533 4506 ἀθλιότητος
559 4435 757 4506 (ἥψατο
789 4435 898 4506 γάρ
934 4435 1042 4488 τῶν
1067 4433 1468 4504 ἐσκοτισμένων
1494 4431 1792 4502 ὀφθαλμῶν

207 4529 314 4598 τῆς
345 4527 576 4598 καρδίας
603 4527 766 4580 αὑτοῦ
798 4529 825 4581 ὁ
854 4528 1122 4598 σωτήριος
1153 4526 1331 4594 λόγος,
1359 4526 1452 4579 καὶ
1485 4524 1651 4588 πολὺς
1681 4523 1792 4576 τῶν

207 4618 504 4690 προτέρων
547 4617 711 4670 αὑτοῦ
751 4617 927 4688 εἰσῄει
974 4616 1352 4687 μετάμελος),
1399 4615 1490 4668 καὶ
1537 4613 1639 4684 τῆς
1681 4611 1792 4666 τῶν

1962 4061 2208 4116 Theudas
2237 4072 2410 4116 autem
2441 4077 2559 4116 cum
2601 4062 2714 4116 inec
2741 4063 2898 4117 verba
2932 4063 3240 4129 audivisset,
3290 4072 3448 4133 atque

1893 4152 2197 4222 huiusmodi
2227 4167 2526 4206 sermonem
2557 4153 2809 4206 divinitus
2839 4150 3007 4205 infusa
3053 4153 3312 4219 sapientia
3342 4153 3447 4220 ple-

1892 4260 2015 4298 num
2046 4259 2164 4298 esse
2183 4252 2445 4308 cerneret,
2478 4253 2724 4312 tauquam
2749 4244 2963 4298 tonitrui
2988 4261 3121 4298 sono
3146 4243 3444 4312 perculsus,

1891 4334 2103 4389 silentio
2133 4335 2432 4389 tenebatur.
2464 4334 2704 4389 Tandem
2735 4344 2910 4389 autem
2959 4334 3242 4403 aliquando
3286 4335 3453 4391 mise-

1893 4426 2027 4477 riam
2084 4438 2234 4478 suam
2287 4439 2583 4494 agnoscens
2629 4425 3042 4492 (ubteuehratos
3089 4428 3229 4479 enim
3279 4427 3458 4482 cordis

1899 4516 2066 4582 ipsius
2093 4515 2276 4569 oculos
2302 4515 2546 4567 salutaris
2575 4497 2809 4568 doctrina
2842 4516 3108 4583 tetigerat)
3144 4517 3338 4581 ingenti
3363 4533 3460 4568 at:-

1891 4617 2076 4664 toactae
2098 4605 2222 4660 vita:
2251 4605 2583 4674 paenitudine
2611 4607 2830 4660 affectus
2860 4613 2971 4669 est;
3000 4613 3158 4671 atque
3205 4596 3468 4653 condem-

205 4709 453 4764 εἰδώλων
485 4710 692 4778 πλάνης
717 4708 1044 4777 καταγνοὺς,
1065 4707 1146 4777 τῷ
1167 4707 1363 4776 φέγγει
1385 4707 1482 4778 τῆς
1508 4705 1777 4768 εὐσεϐείας

1893 4706 2014 4754 nato
2040 4693 2300 4753 idolorum
2327 4712 2533 4761 errore,
2564 4698 2629 4752 ad
2661 4699 2874 4768 pietatis
2905 4699 3076 4751 lucem
3108 4694 3366 4757 accurrit,
3402 4704 3466 4742 ac

211 4804 584 4874 προσέδραμε.
631 4803 743 4856 Καὶ
773 4801 834 4854 τὸ
869 4801 963 4855 ἀπ’
1004 4801 1214 4856 ἐκείνου
1258 4799 1404 4854 οὕτω
1446 4799 1549 4870 τῆς
1585 4799 1793 4869 μοχθη-

212 4897 319 4965 ρᾶς
373 4896 597 4964 ἀγωγῆς
639 4894 853 4964 ἀπέστη
887 4895 981 4948 καὶ
1014 4892 1270 4947 τοσοῦτον
1310 4891 1501 4946 ἑαυτὸν
1527 4895 1640 4954 τοῖς
1679 4889 1797 4944 ἀτί-

213 5004 342 5058 μοις
395 4985 774 5058 ἐξεπολέμωσε
813 4987 1012 5041 πάθεσι
1059 4986 1152 5039 καὶ
1194 4984 1483 5056 μαγείαις,
1511 4983 1644 5054 ὅσην
1688 4982 1796 5056 ἀρα

212 5079 326 5150 πρὸ
351 5078 544 5132 τούτου
578 5078 679 5148 τὴν
711 5079 845 5149 πρὸς
881 5075 1020 5131 αὑτά
1057 5075 1240 5144 φιλίαν
1283 5073 1598 5127 ἐσπείσατο.
1645 5073 1780 5125 Τότε

214 5169 320 5240 μὲν
351 5170 462 5240 γὰρ
489 5171 551 5222 ἐν
584 5170 732 5240 μέσῳ
754 5169 847 5222 τοῦ
875 5168 1151 5237 συνεδρίου
1182 5165 1372 5228 ἑστὼς,
1396 5162 1490 5218 τοῦ
1533 5163 1795 5233 βασιλέως

212 5259 699 5332 προκαθεζομένου
724 5302 738 5324 ν
792 5259 1003 5331 μεγάλῃ
1036 5261 1103 5330 τῇ
1137 5260 1288 5329 φωνῇ
1328 5256 1554 5327 ἐϐόησεν
1583 5273 1595 5286 ο

227 5351 506 5424 Ἀληθῶς,
537 5345 583 5404 ὦ
622 5350 876 5421 βασιλεῦ,
914 5350 1132 5420 πνεῦμα
1169 5348 1305 5402 Θεοῦ
1343 5349 1482 5401 οίκεῖ
1509 5349 1566 5402 ἐν
1597 5347 1676 5417 τῷ
1721 5346 1796 5418 (8)

1892 4789 2145 4856 deinceps
2167 4803 2196 4840 a
2224 4789 2482 4843 scelerata
2510 4778 2562 4842 ei
2592 4787 2914 4842 exsecranda
2932 4785 3054 4840 vita:
3076 4786 3282 4838 ratione
3301 4797 3469 4850 usque

1893 4879 2030 4933 adeo
2074 4891 2194 4932 sese
2225 4877 2482 4942 removit,
2519 4886 2827 4945 tantumque
2875 4890 2996 4929 cum
3030 4873 3273 4941 turpibus
3302 4869 3465 4924 animi

1894 4969 2260 5024 adiectionibus
2291 4970 2616 5040 magicisque
2638 4968 2841 5021 artibus
2863 4966 3058 5021 bellum
3081 4963 3269 5034 gessit,
3300 4976 3470 5032 quan-

1895 5072 2005 5115 tum
2037 5071 2160 5116 ante
2189 5061 2386 5115 amoris
2417 5060 2588 5114 fmdus
2616 5075 2735 5114 cum
2770 5058 2900 5126 ipsis
2929 5055 3167 5111 ferierat.
3199 5054 3328 5108 Nam
3356 5061 3467 5105 tum

1895 5153 1946 5206 in
1967 5152 2140 5207 medio
2161 5152 2388 5206 concilio
2406 5159 2576 5214 stans,
2605 5149 2925 5219 prmsidente
2947 5163 3094 5216 rege,
3119 5159 3308 5214 magna
3337 5156 3470 5197 voce

1897 5243 2215 5298 exclamavit
2246 5259 2258 5294 :
2291 5241 2448 5308 Vere,
2473 5256 2507 5295 ο
2529 5255 2644 5306 rex,
2673 5239 2892 5307 spiritus
2921 5236 3011 5291 Dei
3036 5235 3088 5289 in
3118 5235 3226 5289 lilio
3255 5242 3349 5288 tuo
3373 5232 3471 5286 ha-

1899 5333 2049 5398 bitat,
2079 5348 2204 5389 vere
2223 5332 2377 5387 fracti
2400 5346 2462 5386 ac
2483 5331 2718 5401 superati
2745 5343 2950 5393 sumus,
2976 5341 3076 5381 nec
3096 5323 3468 5380 defensionem

291 5468 371 5533 (2i
403 5467 594 5522 Matth.
630 5481 752 5527 xxv,
804 5466 862 5518 Μ
901 5485 912 5520 :
972 5465 1278 5534 Πορεύεσθε
1325 5466 1418 5518 ἀπ’
1456 5463 1589 5534 ἐμοῦ
1625 5464 1682 5534 ci
1725 5479 1777 5517 κι

1877 5461 2098 5534 ραμένοι
2129 5461 2209 5522 εἰς
2240 5458 2299 5511 τὸ
2347 5454 2459 5527 πῦρ
2501 5452 2561 5507 τὸ
2603 5448 2839 5513 αἰώνιον,
2871 5442 2933 5498 τὸ
2968 5432 3367 5514 ἡτοιμασμένον
3397 5431 3475 5503 τῷ

213 5538 468 5609 Διαϐόλῳ
498 5540 592 5590 καὶ
624 5541 732 5592 τοῖς
765 5538 1015 5604 ἀγγέλοις
1044 5532 1231 5589 αὑτοῦ.
1281 5536 1436 5590 (Ioni.
1467 5532 1589 5603 pag.
1623 5532 1710 5598 66,
1755 5551 1808 5586 ιι.
1843 5532 1942 5588 78.

293 5609 384 5738 ὤζ,
411 5609 539 5662 Luc.
573 5625 609 5672 ι,
638 5609 724 5662 78.

293 5679 347 5738 (ι
401 5680 522 5732 Act.
547 5681 724 5738 Apost.

293 5679 347 5746 (ι

401 5680 522 5732 Act.
547 5667 732 5746 Apost.
768 5692 842 5738 Iv,
877 5677 942 5733 1‘2
970 5697 983 5730 :
1018 5677 1127 5730 Καὶ
1162 5677 1261 5730 οὐκ
1297 5675 1441 5729 ἔστιν
1466 5679 1521 5728 ἐν
1552 5675 1696 5744 ἄλλῳ
1725 5674 1777 5727 οὐ

1878 5672 1900 5724 ἰ
1927 5675 1958 5743 ὴ
1995 5667 2252 5738 σωτηρία.

293 5749 373 5818 (5)
406 5747 576 5815 Epist.
606 5751 671 5800 ad
708 5746 865 5818 Hebr.
899 5764 935 5812 ι,
963 5748 1016 5802 5.

292 5816 372 5888 (6)
402 5818 547 5888 Psal.
580 5833 749 5880 xxxii,
778 5816 828 5870 6.

290 5886 371 5958 (7)
403 5886 557 5943 Joan.
595 5905 631 5949 ι,
671 5888 725 5942 ὃ.

403 5927 768 6028 ἓῇηνυΐὶεἶίιε
796 5957 997 6028 ἐνοικεῖ
1023 5956 1115 6026 τῷ.
1156 5955 1323 6013 liabet
1368 5955 1582 6027 πνεῦμα
1627 5953 1766 6008 οἰκεῖ

1884 5950 2033 6007 Paul.
2069 5948 2133 6003 ad
2165 5946 2323 6003 Rom.
2371 5961 2487 6011 vui,
2525 5943 2577 6010 9,
2615 5941 2670 5997 ll
2707 5959 2723 6009 ;
2760 5948 2813 5996 et
2858 5936 3165 6010 πνεύματος
3205 5927 3492 5986 ἐνοικοῦν--

219 6025 318 6094 τος
346 6025 404 6081 ἐν
434 6025 477 6082 ll
509 6031 573 6082 ad
599 6027 736 6082 Titii.
773 6043 811 6095 t,
849 6027 930 6085 H.
