4042 6420
605 482 731 555 illi

2012 499 2264 561 ADDEN
2273 502 2364 561 DA
2375 548 2387 559 .

3706 498 3824 559 1171

603 583 762 663 ull-ain
795 607 1053 664 habemus
1072 650 1089 676 ,
1142 623 1241 665 nec
1264 608 1330 664 ad
1360 622 1421 671 ea
1451 623 1571 680 qua:
1602 610 1667 665 ab
1692 611 1811 678 ipso
1839 622 2171 665 commemo-

2286 614 2383 687 υίῷ
2423 631 2517 668 σου
2544 631 2558 646 ο
2602 614 2818 687 ἀληθῶς
2849 613 3149 688 ήττήμεθα,
3183 612 3278 665 καὶ
3309 610 3566 681 οὐδεμίαν
3598 610 3668 663 ἔτι
3704 614 3831 666 arro-

605 708 718 756 rata
746 710 889 767 sunt,
923 702 1003 757 vel
1030 701 1215 757 oculos
1246 703 1394 771 ipsos
1419 704 1699 758 obvertere
1730 717 2032 772 possumus.
2066 703 2171 756 Ma-

601 806 736 861 gnus
786 792 944 861 igitur
984 807 1167 849 revera
1196 792 1619 849 Christianorum
1669 793 1808 849 Deus
1836 802 1939 860 est,
1983 806 2171 861 magna

603 884 766 953 ipsius
795 883 946 957 ﬁdes,
980 898 1168 958 magna
1192 884 1464 959 mysteria.

676 1077 974 1132 Conversus
1002 1078 1175 1145 itaque
1201 1076 1267 1131 ad
1299 1076 1437 1146 regis
1466 1076 1657 1139 ﬁlium,
1682 1075 1754 1129 ait
1779 1091 1792 1129 :
1820 1074 1937 1141 Dic,
1962 1087 2169 1144 quasso,

605 1187 636 1223 υ
664 1171 809 1223 claro
839 1183 901 1223 ac
932 1168 1120 1222 illustri
1149 1169 1327 1221 animo
1358 1167 1608 1235 praedite,
1662 1165 1869 1219 Deusne
1900 1178 1991 1218 me
2012 1177 2173 1219 exce-

607 1271 789 1326 pturus
817 1267 915 1320 cst,
948 1258 991 1312 si
1023 1257 1089 1310 ab
1114 1256 1368 1325 improbis
1398 1255 1697 1310 actionibus
1745 1252 2073 1314 abscedens,
2106 1251 2172 1305 ad

608 1362 726 1400 cum
758 1361 843 1400 me
871 1345 1225 1401 convenero?
1253 1343 1422 1409 Sane,
1474 1342 1643 1411 inquit
1673 1341 1914 1395 veritatis
1961 1354 2137 1409 prmco
2157 1379 2173 1406 ,

608 1454 757 1503 sane,
780 1438 1011 1507 inquam,
1035 1444 1084 1491 te
1099 1436 1347 1504 excipiet,
1364 1448 1651 1503 omnesque
1667 1432 1791 1486 item
1809 1432 1895 1501 qui
1920 1430 1985 1486 ad
2003 1432 2176 1499 ipsqu

608 1545 727 1595 sese
755 1530 1133 1587 converterint.
1166 1527 1273 1582 Nec
1303 1541 1429 1580 vero
1470 1524 1671 1593 vulgari
1712 1522 1870 1577 modo
1900 1512 2175 1591 excipiet';

609 1635 790 1683 verum
821 1630 877 1673 ut
918 1618 1025 1685 (illo
1058 1633 1088 1673 e
1130 1617 1415 1686 longinqua
1445 1617 1666 1685 regione
1710 1614 1956 1670 redeunti
2004 1612 2179 1683 (Luca:

608 1711 724 1780 xv),
772 1709 870 1763 hoc
899 1716 1002 1773 est,
1047 1722 1076 1761 a
1107 1708 1365 1762 scelerata
1394 1707 1519 1761 vita:
1550 1705 1761 1761 ratione
1802 1706 1870 1762 ad
1901 1705 2175 1761 meliorem

612 1798 813 1870 frugem
846 1812 968 1854 sese
996 1798 1356 1865 convertenti,
1404 1797 1614 1861 obviam
1648 1796 1902 1867 prodibit,
1948 1811 2179 1866 eumque

611 1894 961 1961 amplectetur
1000 1900 1057 1947 et
1103 1892 1527 1959 exosculabitur;
1582 1907 1644 1950 ac
1693 1894 1895 1964 peccati
1942 1893 2181 1949 lmditate

2284 707 2470 774 λογίαν
2505 706 2726 777 ἔχομεν,
2772 704 2896 759 οὔτε
2938 703 3387 775 ἀντοφθαλμῆσαι
3440 701 3576 771 πρὸς
3615 704 3676 756 τὰ
3713 707 3833 773 παρ’

2283 796 2450 852 αὑτοῦ
2479 797 2748 868 λεγόμενα
2781 795 3059 867 ίσχύομεν.
3100 796 3289 864 Μέγας
3321 788 3415 847 οὖν
3451 792 3531 862 τῷ
3558 794 3662 845 δντι
3686 796 3711 845 ό
3732 796 3834 847 τῶν

2284 888 2630 961 Χριστιανῶν
2658 889 2820 958 Θεὸς,
2856 888 3068 960 μεγάλη
3119 890 3153 959 ή
3183 886 3364 949 πίστις
3396 884 3595 951 αὐτῶν,
3643 887 3835 955 μεγάλα

2284 981 2352 1035 τά
2388 982 2681 1051 μυστήρια,
2820 1026 2827 1033 ,

2365 1071 2757 1143 Ἐπιστραφεὶς
2796 1071 2853 1125 δὲ
2882 1070 3019 1142 πρὸς
3035 1070 3125 1124 τὸν
3156 1069 3273 1124 υίδν
3298 1068 3402 1139 ἔφη
3432 1065 3527 1120 τοῦ
3559 1066 3798 1137 βασιλέως
3818 1085 3831 1097 ·

2283 1164 2424 1233 Λέγε
2461 1180 2551 1234 μοι
2576 1166 2777 1228 τοίνυν,
2800 1156 2845 1217 ῶ
2869 1163 3253 1232 πεφωτισμένε
3279 1161 3377 1232 τὴν
3400 1159 3581 1230 ψυχήν
3602 1174 3617 1189 ο
3643 1160 3834 1228 δέχεταὶ

2288 1274 2356 1328 με
2402 1258 2430 1310 δ
2473 1257 2731 1330 Χριστὸς,
2763 1258 2851 1321 εί,
2894 1258 2957 1311 ἐκ
2993 1256 3103 1308 τῶν
3144 1252 3401 1326 πονηρῶν
3454 1269 3558 1322 μου
3604 1251 3834 1320 πράξεων

2284 1348 2544 1416 ἀποστὰς,
2575 1347 2886 1417 ἐπιστρέψω
2915 1346 3049 1417 πρὸς
3076 1344 3237 1399 αὐτόν
3266 1360 3280 1410 ;
3322 1342 3450 1403 Ναὶ,
3487 1339 3646 1408 φησὶν
3692 1343 3715 1391 δ
3745 1342 3833 1409 τῆς

2284 1442 2541 1513 ἀληθείας
2592 1442 2789 1513 κήρυξ,
2848 1440 2935 1493 ναὶ
2960 1482 2974 1507 ,
3016 1439 3228 1508 δέχεται
3285 1435 3381 1490 καὶ
3422 1434 3482 1487 σὲ
3520 1434 3611 1486 καὶ
3646 1434 3836 1495 πάντας

2283 1534 2409 1595 τοὺς
2431 1535 2510 1594 εἰς
2530 1531 2691 1586 αὑτὸν
2721 1530 3167 1600 ἐπιστρέφοντας.
3191 1525 3417 1594 Δέχεται
3446 1524 3504 1576 δὲ
3524 1524 3619 1592 οὐχ
3645 1523 3834 1583 ἁπλῶς,

2284 1623 2432 1688 ἀλλ’,
2487 1623 2563 1685 ὡς
2627 1621 2728 1691 υἱῷ
2766 1621 2874 1676 ἀπὸ
2933 1619 3152 1690 μακρᾶς
3198 1614 3600 1685 ἐπιδημήσαντι
3648 1613 3834 1683 χώρας,

2286 1716 2642 1786 προσυπαντᾷ
2672 1712 2749 1784 τῷ
2794 1713 2860 1766 ὲκ
2901 1711 3001 1780 τῆς
3036 1709 3158 1762 ὁδοῦ
3189 1707 3296 1761 τῶν
3328 1704 3572 1775 ἀνομιῶν
3601 1704 3835 1773 ἐπιστρέ-

2285 1810 2439 1878 φόντι
2462 1825 2476 1841 ο
2508 1808 2600 1862 καὶ
2624 1806 2813 1860 τοῦτον
2840 1802 3152 1874 περιλαϐὼν
3182 1800 3614 1863 κατασπάζεται,
3641 1799 3745 1857 καὶ,
3782 1796 3837 1847 te

2285 1902 2382 1971 τῆς
2412 1898 2685 1973 ἁμαρτίας
2716 1894 2901 1967 αἶσχος
2932 1892 3220 1966 περιελὼν,
3262 1890 3467 1945 αὐτίκα
3518 1890 3719 1958 ίμάτιον
3747 1904 3837 1939 πε-

613 1982 865 2048 detracta,
890 1984 1069 2038 statim
1098 1984 1194 2052 ipsi
1218 1984 1592 2047 vestimentum
1619 1985 1876 2041 salutaris
1908 1986 2179 2055 imponet,

2288 1966 2844 2063 prsiﬂqct'owmpiou,
2882 1986 2997 2051 καὶ,
3030 1985 3223 2054 στολὴν
3263 1981 3657 2052 λαμπροτάτης
3688 1995 3834 2047 περι-

612 2075 1024 2146 rharissimaque
1052 2076 1234 2146 gloriae
1271 2077 1406 2134 stola
1433 2092 1555 2134 eum
1588 2077 1846 2143 induens,
1896 2079 2179 2151 mysticum

612 2168 857 2237 supernis
880 2168 1161 2227 virtutibus
1192 2171 1403 2240 epulum
1430 2182 1673 2241 peraget,
1702 2172 1771 2227 ob
1798 2182 2067 2242 receptam
2095 2175 2180 2227 vi-

615 2258 807 2316 delicet
828 2274 982 2316 ovem
1008 2263 1270 2329 perditam
1294 2263 1484 2318 festum
1502 2263 1644 2319 diem
1664 2264 1942 2319 celebrans
1968 2264 2181 2334 (ἰδίω.

616 2348 850 2420 lpsemet
875 2367 1017 2407 enim
1051 2354 1307 2407 Dominus
1334 2354 1587 2423 ingensin
1613 2355 1750 2410 cmlo
1779 2357 2030 2425 gaudium
2062 2370 2184 2410 esse

618 2440 750 2507 dixit
778 2452 938 2512 seper
988 2460 1094 2501 uno
1124 2455 1403 2515 peccatore
1448 2447 1816 2515 paenitentiam
1866 2455 2077 2516 agente.
2108 2449 2186 2502 Ac

598 2544 824 2589 'rursum
853 2552 866 2589 :
891 2535 1004 2591 Non
1036 2537 1155 2591 veni
1187 2552 1379 2593 vocare
1420 2537 1613 2607 iustos,
1644 2536 1737 2593 sed
1778 2547 2091 2607 peccatores
2121 2539 2185 2592 ad

616 2628 982 2699 paenitentiam
1033 2628 1225 2700 (Luae
1254 2629 1345 2701 v).
1397 2630 1465 2684 Et
1516 2645 1609 2698 per
1653 2632 2009 2700 prOpbetam:
2048 2631 2179 2687 Vivo

617 2731 737 2788 ego,
770 2717 898 2773 dicit
945 2718 1238 2785 Dominus;
1274 2719 1395 2775 nolo
1440 2727 1666 2775 mortem
1717 2720 2036 2789 peccatoris,
2088 2721 2185 2776 sed

618 2811 785 2878 magis
811 2821 869 2863 ut
896 2822 1235 2871 convertatur
1262 2827 1291 2866 a
1319 2814 1401 2871 via
1432 2827 1527 2868 sua
1554 2823 1608 2868 et
1632 2815 1793 2869 vivat.
1822 2814 2183 2868 Convertimi-

618 2900 671 2970 ιιι
713 2914 743 2954 a
771 2902 853 2956 via
902 2912 1076 2959 vestra
1106 2903 1281 2967 mala;
1333 2913 1387 2959 et
1433 2918 1597 2973 quare
1645 2902 1946 2958 moriemini
1995 2904 2187 2959 domus

621 2990 824 3050 Israet‘!
856 2994 1106 3061 iniquitas
1138 2994 1303 3063 iniqui
1333 3009 1439 3049 non
1469 2995 1685 3050 nocebit
1705 2993 1756 3050 ei
1788 2994 1840 3048 in
1868 3010 2183 3065 quacunque

620 3082 708 3150 die
747 3096 1038 3137 conversus
1081 3082 1239 3138 fuerit
1283 3083 1352 3137 ab
1400 3083 1681 3153 iniquitate
1730 3098 1843 3149 sua,
1896 3094 1951 3139 et
2002 3085 2188 3143 iecerit

619 3172 874 3245 justitiam
901 3216 929 3240 ,ν
966 3180 1023 3228 et
1068 3174 1117 3228 in
1170 3173 1422 3229 mandato
1470 3174 1593 3235 vita:
1632 3173 2027 3243 ambulaverit,
2079 3178 2187 3232 vita

619 3267 780 3331 vivet,
813 3274 867 3320 et
894 3281 996 3320 non
1028 3267 1306 3329 morietur.
1338 3264 1529 3327 Omnia
1552 3276 1767 3336 peccata
1799 3283 1917 3338 quae
1948 3270 2189 3335 admisit,

620 3372 731 3431 nun,
756 3357 1215 3424 memorabuntur,
1248 3358 1371 3428 quia
1398 3357 1655 3427 judicium
1678 3359 2007 3428 etjustitiam
2038 3359 2185 3427 fecit,

620 3449 671 3517 in
704 3448 832 3517 ipsis
860 3449 1003 3512 vivet
1030 3449 1239 3522 (Ezech.
1267 3452 1487 3520 ιιιιιι).
1515 3452 1592 3507 Ac
1616 3465 1823 3508 rursmn
1848 3467 1941 3521 per
1961 3451 2187 3507 alterum

619 3540 935 3609 praphetam
987 3542 1252 3597 exclamat
1278 3560 1291 3595 :
1316 3542 1616 3609 Lavamini,
1648 3544 1832 3602 mundi
1872 3552 2066 3612 estote,
2093 3561 2191 3600 au-

619 3631 758 3703 ferte
784 3634 978 3687 malum
1004 3633 1384 3703 cogitationum
1418 3645 1716 3691 vestrarum
1741 3636 1809 3692 ab
1836 3637 2005 3692 oculis
2032 3638 2189 3706 meis,

620 3723 883 3790 quiescite
916 3740 1077 3795 agere
1096 3741 1367 3793 perverse,
1394 3726 1588 3783 discite
1615 3728 1953 3785 benefacere.
1981 3728 2039 3785 Si
2067 3728 2187 3785 fue-

620 3815 729 3887 rint
758 3827 972 3883 peccata
1003 3827 1176 3873 vestra
1204 3819 1342 3874 sicut
1364 3820 1664 3885 coccinum,
1697 3830 1945 3892 tanquam
1978 3823 2066 3877 nix
2094 3821 2189 3877 de-

622 3904 972 3971 albabunlur;
1016 3918 1069 3962 et
1116 3908 1161 3962 si
1203 3908 1396 3964 fuerint
1439 3912 1596 3966 rubra
1648 3912 1785 3968 velut
1828 3915 2189 3979 vermiculus,

622 3998 762 4052 sicut
794 3996 910 4050 lana
939 3999 1056 4051 alba
1086 4008 1243 4053 erunt
1270 3997 1449 4070 (Isaia:
1476 4000 1537 4072 ι).
1567 4001 1696 4057 Cum
1726 4004 1884 4074 igitur
1913 4004 1994 4072 ba:
2038 4005 2192 4075 polli-

621 4088 901 4161 citationes
925 4088 989 4143 iis
1011 4088 1098 4157 qui
1121 4090 1189 4145 ad
1206 4092 1479 4148 meliorem
1503 4093 1708 4168 frugem
1728 4110 1847 4154 sese
1868 4098 2190 4167 receperint,

2285 2080 2464 2136 ϐαλὼν
2492 2079 2650 2150 δόξης
2681 2080 2780 2149 (9),
2812 2074 3081 2148 μυστικὴν
3110 2076 3230 2135 ταῖς
3268 2073 3381 2127 ἄνω
3415 2072 3701 2140 δυνάμεσιν
3729 2071 3839 2121 ἐπι.

2283 2176 2429 2229 τελεῖ
2479 2171 2844 2244 εὐφροσύνην,
2905 2170 3004 2240 τὴν
3054 2165 3393 2236 ἐπιστροφὴν
3444 2161 3708 2232 ἑορτάζων
3748 2160 3837 2214 τοῦ

2284 2267 2624 2331 ἀπολωλότος
2651 2263 2929 2337 προϐάτου
2963 2259 3098 2331 (10).
3132 2257 3303 2320 Αὐτὸς
3331 2255 3445 2326 γὰρ
3469 2253 3572 2323 ἔφη
3596 2253 3623 2304 ὁ
3652 2252 3837 2321 Κύριος

2284 2360 2459 2432 χαρὰν
2488 2356 2730 2428 γίνεσθαι
2757 2357 2816 2409 ἐν
2836 2350 3053 2423 οὐρανῷ
3084 2349 3348 2421 μεγίστην
3373 2347 3468 2399 ἐπὶ
3506 2345 3585 2398 ἑνὶ
3606 2345 3839 2413 ἀμαρτω-

2283 2453 2360 2523 λῷ
2384 2448 2788 2523 μετανοοῦντι(1
2804 2448 2873 2518 l).
2906 2446 3017 2499 Kal.
3035 2441 3343 2505 πάλιν,οὑκ
3358 2436 3543 2510 ἦλθον,
3568 2438 3691 2506 φησὶ
3708 2436 3831 2506 (l3),

2286 2544 2511 2599 καλέσαι
2541 2540 2786 2602 δικαίους
2812 2580 2828 2605 ,
2862 2536 3000 2592 ἀλλά
3032 2532 3390 2606 ἁμαρτωλοὺς
3423 2530 3508 2593 είς
3551 2529 3834 2599 μετάνοιαν.

2284 2636 2423 2705 Φησὶ
2469 2634 2525 2688 δὲ
2573 2632 2668 2686 καὶ
2724 2630 2812 2684 διὰ
2858 2627 2956 2682 τοῦ
3009 2625 3287 2697 προφήτου
3328 2618 3511 2692 (15)’
3579 2618 3659 2672 Ζῶ
3708 2618 3837 2685 ἐγὼ,

2285 2729 2434 2795 λέγει
2488 2724 2733 2795 Κύριος·
2790 2722 2851 2775 οὐ
2912 2718 3172 2789 βούλομαι
3236 2714 3394 2784 301
3460 2711 3553 2764 τὸν
3620 2710 3831 2763 θάνατον

2281 2819 2377 2873 τοῦ
2416 2815 2740 2887 ἀμαρτωλοῦ
2807 2812 2904 2867 καὶ
2958 2807 3212 2871 ἀσεϐοῦς,
3278 2806 3355 2865 ὡς
3412 2805 3473 2856 τὸ
3524 2801 3832 2869 ἐπιστρέψαι

2286 2911 2394 2965 ἀπὸ
2441 2913 2539 2980 τῆς
2597 2906 2717 2961 ὁδοῦ
2772 2903 2940 2959 αὐτοῦ
2996 2902 3092 2955 καὶ
3135 2899 3235 2969 ζῇν
3282 2895 3485 2950 αὐτόν’
3545 2894 3839 2961 ἀποστροφῇ

2286 3002 2666 3074 ἀποστρέψατε
2698 2998 2807 3056 ἀπὸ
2831 2998 2932 3068 τῆς
2972 2994 3091 3050 ὁδοῦ
3137 2991 3292 3064 ὑμῶν
3323 2989 3421 3057 τῆς
3452 2988 3694 3057 πονηρᾶς
3719 3002 3733 3015 ·
3759 2986 3845 3038 καὶ

2288 3096 2428 3150 ἱνατί
2455 3091 2856 3162 ὰποθνήσκετε,
2898 3082 3049 3147 οἶκος
3088 3081 3341 3154 Ἰσραήλς
3376 3078 3576 3148 ἀνομία
3610 3077 3716 3145 (Nl
3738 3076 3836 3142 γὰρ

2288 3186 2488 3256 ἀνόμου
2520 3184 2580 3237 οὐ
2615 3182 2688 3254 μὴ
2728 3178 2957 3250 κακώσῃ
2992 3176 3157 3231 αὐτόν
3180 3192 3194 3206 ·
3240 3175 3297 3227 ὲν
3395 3170 3459 3224 ἂν
3493 3168 3675 3240 ἡμέρα
3720 3168 3844 3218 dm-

2291 3275 2496 3348 στρέψῃ
2526 3273 2633 3329 άπὸ
2660 3273 2760 3338 τῆς
2798 3268 3032 3341 ἀνομίας
3061 3263 3232 3321 αὐτοῦ
3282 3262 3379 3317 καὶ
3406 3261 3613 3331 ποιήσῃ
3657 3260 3845 3312 δικαιο-

2290 3369 2459 3438 σύνην
2485 3407 2499 3431 ,
2535 3365 2630 3419 καὶ
2674 3364 2732 3416 ὲν
2764 3362 3153 3434 προστάγματι
3198 3355 3346 3425 ζωῆς
3396 3350 3844 3420 διαπορεὺσηται,

2286 3460 2398 3531 ζωῇ
2431 3460 2652 3529 ζήσεται
2676 3456 2769 3510 καὶ
2792 3455 2852 3508 οὐ
2883 3453 2956 3524 μὴ
2987 3451 3235 3520 ἀποθάνῃ
3263 3466 3278 3481 ⁸
3304 3448 3479 3501 πᾶσαι
3511 3446 3565 3499 αί
3602 3441 3847 3512 ἁμαρτίαι

2285 3552 2448 3607 αὑτοῦ
2482 3550 2547 3614 ἂς
2596 3550 2843 3620 ἥμαρτεν
2870 3546 2931 3598 οὐ
2973 3544 3048 3614 μὴ
3083 3540 3395 3612 μνησθῶσιν
3420 3552 3435 3567 ⁸
3486 3538 3567 3589 ὅτι
3595 3535 3762 3604 κρίμα
3786 3534 3848 3585 δι-

2289 3640 2583 3711 καιοσύνης
2630 3638 2888 3707 ἐποίησεν
2911 3676 2927 3701 ,
2963 3635 3022 3688 ὲν
3068 3632 3208 3702 αὐτῇ
3242 3632 3489 3701 ζήσεται.
3538 3627 3649 3684 Καὶ
3684 3621 3842 3687 αὖθις,

2288 3731 2593 3796 Λούσασθε,
2628 3731 2695 3784 δι’
2740 3729 2930 3800 ἑτέρου
2977 3726 3077 3797 βοᾷ
3123 3722 3405 3795 προφήτου
3456 3719 3590 3787 (15),
3639 3716 3848 3786 καθαροὶ

2290 3824 2514 3894 γένεσθε
2541 3860 2557 3885 ,
2596 3821 2829 3891 ἀφέλετε
2900 3817 3002 3882 τάς
3052 3814 3319 3886 πονηρίας
3362 3811 3471 3866 ἀπὸ
3520 3810 3629 3863 τῶν
3682 3806 3847 3878 ψυχῶν

2293 3916 2447 3988 ὑμῶν
2478 3915 2741 3973 ἀπέναντι
2787 3909 2898 3965 τῶν
2940 3906 3238 3979 ὀφθαλμῶν
3271 3922 3405 3976 μου·
3439 3900 3720 3956 παύσασθε
3756 3898 3847 3950 ἀπὸ

2291 4010 2398 4065 τῶν
2421 4006 2697 4078 πονηριῶν
2719 4004 2873 4076 ὑμῶν
2893 4017 2907 4032 ⁸
2932 4001 3136 4073 μάθετε
3166 3998 3331 4054 καλὸν
3354 3997 3527 4050 ποιεῖν
3547 4010 3560 4023 ·
3595 3995 3692 4046 καὶ
3715 3990 3845 4045 δεῦτε

2292 4104 2386 4157 καὶ
2410 4098 2809 4169 διαλεχθῶμεν
2860 4095 2955 4149 καὶ
2996 4092 3090 4147 ἐὰν
3123 4085 3257 4147 ὦσιν
3287 4092 3341 4143 αἱ
3391 4086 3659 4158 ἀμαρτὲαι
3698 4084 3835 4153 ὑμῶν

621 4192 653 4235 a
678 4178 785 4234 Deo
816 4180 1100 4249 propositre
1121 4184 1257 4250 sint;
1286 4198 1353 4239 ne
1378 4187 1667 4252 cuncteris,
1690 4201 1723 4239 ο
1749 4187 1929 4254 homo,
1955 4204 2053 4245 nec
2079 4203 2196 4247 mo-

621 4284 736 4337 ram
766 4271 923 4339 ullam
951 4272 1204 4327 adhibeas
1234 4291 1248 4339 ;
1278 4290 1461 4341 verum
1491 4276 1557 4333 ad
1586 4276 1855 4339 Christum
1900 4280 2188 4351 benignum

623 4361 791 4422 Deum
825 4374 1064 4418 nostrum
1102 4366 1328 4433 accede,
1358 4374 1411 4421 et
1450 4366 1779 4436 illuminare,
1824 4380 1879 4424 et
1906 4370 2070 4428 facies
2104 4380 2183 4426 tua

2296 4378 2473 4449 μένων
2498 4371 2840 4443 ἐπαγγελιῶν
2870 4368 3022 4442 παρὰ
3046 4368 3141 4422 τοῦ
3162 4365 3295 4421 Θεοῦ
3316 4366 3429 4427 τοῖς
3458 4360 3851 4430 ἐπιστρέφουσι,

622 4470 729 4509 non
755 4454 1111 4512 confundetur
1139 4456 1312 4528 (Psal.
1340 4458 1537 4527 xxxii).
1568 4458 1698 4514 Nam
1749 4460 1908 4514 simul
1952 4471 2110 4531 atque
2139 4462 2183 4515 in

2298 4472 2372 4542 μὴ
2407 4468 2593 4539 μέλλε,
2624 4459 2668 4518 ῶ
2689 4464 2970 4535 ἄνθρωπε,
3006 4460 3144 4533 μηδὲ
3175 4457 3497 4513 ἀναδάλλου·
3531 4453 3669 4508 ἀλλά
3703 4450 3854 4521 πρόσο

622 4548 788 4617 divini
820 4548 1156 4617 baptismatis
1205 4551 1462 4617 piscinam
1512 4552 1799 4607 immersus
1845 4553 2030 4615 tueris,
2085 4562 2183 4607 tota

2295 4562 2416 4615 ελθε
2454 4560 2592 4632 πρὸς
2639 4556 2904 4629 Χριστὸν,
2941 4555 3035 4609 τὸν
3082 4551 3467 4624 φιλάνθρωπον
3505 4546 3637 4599 Θεὸν
3692 4542 3855 4615 ἡμῶν,

623 4640 823 4705 veteris
851 4640 1083 4695 hominis
1113 4642 1428 4709 spurcities,
1457 4653 1613 4711 atque
1636 4645 1885 4698 universa
1931 4644 2183 4700 scelerum

2294 4653 2387 4707 καὶ
2418 4650 2747 4721 φωτίσθητι,
2786 4648 2882 4702 καὶ
2929 4648 2991 4701 τὸ
3023 4643 3317 4717 πρόσωπόν
3349 4658 3442 4697 σου
3480 4641 3539 4693 οὐ
3570 4637 3646 4708 μὴ
3681 4651 3855 4689 καται-

622 4730 835 4802 sarcina
862 4729 915 4785 in
947 4746 1081 4801 aqua
1110 4732 1421 4799 sepelietur,
1462 4743 1619 4803 atque
1646 4735 1697 4789 in
1729 4734 1952 4793 nihilum
1986 4736 2183 4791 dilabe-

2290 4744 2494 4816 σχυνθῇ
2530 4743 2663 4815 (16).
2700 4742 2855 4812 ’Ἅμα
2882 4739 2993 4810 γάρ
3021 4738 3101 4809 τῷ
3128 4734 3425 4791 καταδῦναί
3461 4750 3520 4787 σε
3548 4734 3612 4801 τῇ
3667 4728 3851 4795 κολυμ-

622 4833 745 4887 tur;
779 4832 940 4890 tuque
981 4839 1149 4883 novus
1178 4824 1322 4889 illinc
1365 4838 1428 4880 ac
1458 4838 1678 4888 recens,
1726 4835 1885 4893 atque
1928 4828 1997 4885 ab
2048 4830 2183 4883 omni

2291 4838 2473 4909 δήθρα
2504 4835 2600 4889 τοῦ
2634 4834 2780 4887 θείου
2830 4832 3209 4903 βαπτίσματος
3230 4871 3244 4893 ,
3278 4829 3400 4882 ὅλον
3432 4826 3491 4879 τὸ
3548 4819 3737 4893 αἶσχος
3768 4816 3849 4871 τοῦ

624 4912 746 4969 labe
794 4928 955 4983 purus
984 4915 1349 4981 conscendes,
1391 4914 1592 4976 nullam
1637 4917 1839 4984 peccati
1886 4916 2058 4971 labem
2102 4926 2183 4973 aul

2294 4928 2524 4983 παλαιοῦ
2559 4924 2848 4998 ἀνθρώπου
2892 4925 2987 4978 καὶ
3032 4923 3151 4987 ὅλος
3200 4922 3229 4974 δ
3267 4920 3469 4990 φόρτος
3512 4915 3621 4968 τῶν
3660 4909 3852 4967 πολλῶν

623 5017 811 5077 rugam
840 5014 1012 5060 tecum
1042 5004 1243 5065 ferens.
1273 5004 1351 5067 Ac
1379 5004 1630 5076 deinceps
1657 5007 1709 5061 in
1741 5016 1791 5062 te
1822 5009 1980 5062 situm
2006 5007 2110 5063 erit
2141 5021 2183 5063 ul

2292 5018 2708 5091 ἁμαρτημάτων
2742 5016 3072 5070 ὲνθάπτεται
3114 5011 3194 5083 τῷ
3227 5011 3382 5063 ὕδατι
3423 5008 3533 5076 (l7)
3574 5004 3673 5057 καὶ
3705 5003 3782 5063 είς
3806 4998 3858 5091 τὸ

624 5098 990 5169 purgationem
1022 5111 1115 5166 per
1134 5098 1339 5153 viscera
1361 5096 1740 5163 misericordiae
1763 5100 1855 5157 Dei
1878 5103 2046 5167 nostri
2070 5101 2183 5158 hinc

2298 5089 2373 5184 μὴ
2412 5110 2471 5164 δν
2500 5110 2704 5181 χωρεῖ,
2744 5106 2864 5170 νέος
2906 5105 2965 5159 δὲ
2997 5105 3067 5169 σὺ,
3095 5100 3307 5159 ἐκεῖθεν
3351 5098 3512 5170 302
3543 5096 3641 5150 καὶ
3676 5089 3856 5153 παντὸς

2291 4193 2367 4256 ὡς
2418 4189 2715 4262 φοινικοῦν,
2757 4187 2832 4251 ὡς
2866 4186 3022 4257 χιόνα
3060 4182 3331 4244 λευκανῶ,
3372 4180 3465 4234 ὲάν
3503 4178 3557 4230 δὲ
3607 4171 3739 4229 ὦσιν
3780 4174 3844 4233 ὡς

2292 4285 2569 4348 κόκκινον,
2599 4281 2734 4335 ὡσεὶ
2759 4280 2907 4351 ἔριον
2938 4275 3207 4333 λευκανῶ,
3236 4272 3505 4327 Τοιούτων
3526 4265 3615 4323 οὖν
3636 4283 3843 4337 προκει-

695 5314 773 5383 (9)
805 5314 1071 5384 Respectu
1112 5314 1178 5367 ad
1210 5314 1371 5384 verba
1402 5313 1564 5384 Lucae.
1594 5313 1644 5366 in
1676 5311 1930 5384 parabola
1962 5310 2060 5384 lilii
2082 5308 2341 5384 prodigi,
2360 5323 2481 5377 cap.
2516 5306 2605 5379 15.⁸

697 5380 808 5453 (10)
840 5380 1106 5453 Respectu
1144 5384 1209 5436 ad
1238 5382 1366 5437 an.
1400 5399 1489 5449 xv,
1526 5383 1578 5449 4,
1611 5398 1731 5451 sqq.
1762 5380 1919 5437 Conf.
1951 5396 2005 5452 p.
2036 5380 2124 5441 96..

700 5452 814 5517 (Ml
842 5452 994 5523 Apud
1025 5452 1157 5509 an.
1193 5469 1279 5519 xv,
1322 5456 1373 5507 7.

654 5570 657 5573 .
700 5524 811 5582 (12)
844 5524 993 5589 Apud
1052 5524 1182 5578 an.
1216 5540 1267 5589 v,
1299 5524 1389 5576 '52.

700 5593 810 5657 (15)
850 5593 1046 5646 Ezecli.
1080 5610 1270 5660 xxxiii,
1310 5594 1391 5644 ll.
1423 5590 1578 5647 Conf.
1616 5607 1767 5657 xvtll,
1798 5591 1853 5656 ὅ,
1883 5589 1973 5662 25,
2003 5589 2095 5656 50,
2128 5590 2219 5661 51.

702 5662 812 5727 (H)
847 5662 1036 5717 Ezecli.
1073 5679 1264 5728 utin,
1297 5663 1498 5728 12,15.

704 5734 815 5795 (l5)
851 5733 949 5786 lsa.
986 5748 1023 5794 Ι,
1058 5734 1143 5787 16.

704 5788 813 5867 {Hii
850 5802 987 5855 Psal.
1013 5788 1213 5866 ἰχιιιιι,
1262 5804 1295 5856 5
1327 5820 1340 5856 :
1372 5804 1716 5874 Προσέλθατε
1762 5803 1897 5873 πρὸς
1922 5801 2086 5874 αὑτὸν
2114 5819 2183 5874 κα

2286 5798 2582 5872 ιωτίσθητε,
2619 5800 2713 5854 καὶ
2742 5798 2811 5853 τὰ
2858 5796 3128 5869 πρόσωπα
3158 5794 3313 5866 ὑμῶν
3339 5791 3399 5845 οὐ
3438 5788 3514 5863 μὴ
3543 5801 3858 5854 inarata-1-

637 5873 934 5947 θῇργοιίιο
966 5874 1268 5947 erutisque:
1295 5872 1591 5947 liaptisrnus
1624 5872 1864 5929 innuitur
1895 5891 1909 5928 :
1942 5872 2009 5928 cf.
2046 5888 2095 5942 p.
2132 5872 2219 5939 85,
2254 5890 2306 5928 ιι.
2338 5876 2395 5927 ‘2.

708 5944 818 6013 (ΓΙ)
848 5944 1004 5999 Catil.
1040 5960 1089 6014 ιι.
1110 5944 1211 6012 .89,
1247 5961 1297 5999 ιι.
1335 5944 1421 5998 75.
