4042 6422
162 517 300 580 1173

1259 516 1430 575 VITA
1475 511 1826 572 BARLAAM
1865 510 1959 570 ET
1997 509 2351 599 JOASAPH.

3268 499 3398 566 1174

159 623 343 696 ῥύπου
403 623 640 693 καθαρὸς
681 623 922 695 ἀνέρχῃ,
980 625 1183 695 μηδένα
1233 625 1422 678 σπίλον
1471 625 1504 694 ἢ
1554 622 1747 694 ῥυτίδα

1874 637 2200 684 contractam
2226 625 2420 680 tuearis
2451 631 2611 679 atoue
2638 633 2940 676 conserves.

159 693 443 786 ἆμαρτίας
479 693 907 784 ἐπιφερόμενος,
941 693 1050 767 καί
1074 715 1258 768 λοιπὸν
1290 717 1383 768 ἐπὶ
1413 693 1501 767 σοί
1558 693 1687 766 ἐστι
1718 711 1778 764 τὸ
1813 709 2137 779 διαφυλάξαι
2192 709 2370 779 ἐαυτῴ
2421 705 2522 777 τὴν
2591 704 2799 758 ἐκεῖθέν
2849 717 2933 755 σοι
2975 693 3417 766 προσγινομένην

162 807 438 880 κάθαρσιν
466 807 554 862 διὰ
587 808 874 879 σπλάγχνα
907 808 1091 874 ἐλέους
1112 809 1248 862 Θεοῦ
1283 809 1440 880 ἡμῶν
1471 809 1608 877 (l8).

251 900 312 954 Ὀ
350 902 449 971 μὲν
480 897 574 954 οὖν
603 901 849 967 Θευδᾶς,
881 901 1094 966 τούτοις
1133 903 1469 973 κατηχηθεις
1500 904 1613 964 τοῖς
1649 901 1750 970 βῆ·

167 1007 361 1060 μασιν,
391 989 587 1056 ἔξεισιν
603 991 824 1056 εὐθέως,
857 991 951 1044 καὶ
990 991 1052 1044 τὺ
1102 992 1335 1062 πονηρὸν
1367 993 1544 1044 ἐκεῖνο
1581 1006 1748 1043 καταο

163 1080 352 1134 λαϐὼν
384 1082 609 1152 ἄντρον,
646 1081 742 1134 καὶ
783 1082 881 1144 τὰς
918 1082 1113 1136 ἐαυτοῦ
1161 1081 1342 1134 λαὸὼν
1384 1081 1626 1152 μαγικὰς
1662 1081 1745 1150 βί-

165 1170 354 1236 ϐλους,
371 1172 448 1234 ὡς
473 1171 668 1236 κακίας
692 1173 873 1244 πάσης
899 1172 1171 1244 ἀπαρχὰς,
1190 1175 1262 1237 ὡς
1282 1173 1483 1244 ὀργίων
1506 1172 1751 1242 δαιμονι-

165 1262 283 1314 κών
314 1261 643 1333 θησαυροὺς,
671 1264 806 1334 πυρὶ
826 1262 1185 1318 κατέκαυσεν.
1226 1262 1396 1325 Δύτδς
1430 1261 1487 1314 δέ
1509 1262 1571 1314 τὺ
1604 1262 1746 1330 σπή-

165 1351 326 1404 λαιον
357 1353 767 1423 καταλαμϐάνει
801 1353 896 1406 τοῦ
931 1353 1074 1425 ἱεροῦ
1108 1353 1298 1424 ἀνδρὸς
1336 1353 1546 1406 ἐκείνου
1571 1394 1586 1418 ,
1611 1352 1747 1422 πρὸς

167 1441 231 1493 ὃν
268 1442 364 1494 καὶ
393 1444 422 1495 ὁ
453 1441 656 1513 Ναχὼρ
678 1443 1004 1514 ἀπεληλύθει
1039 1444 1170 1513 (19),
1201 1446 1294 1497 καὶ
1321 1444 1391 1496 τά
1421 1445 1540 1498 κατ’
1584 1441 1748 1495 αὐτὸν

167 1535 442 1605 διηγεῖται
471 1536 672 1600 πάντα,
695 1537 843 1590 κόνιν
871 1537 968 1606 μὲν
996 1537 1087 1590 ἐπὶ
1119 1535 1362 1606 κεφαλῆς
1399 1535 1746 1605 καταχεάμε-

167 1643 284 1690 νος,
321 1626 507 1696 βαρεῖς
535 1643 594 1679 τε
621 1628 910 1697 ἀναφέρων
950 1628 1292 1697 στεναγμοὺς
1319 1626 1413 1680 καὶ
1437 1626 1610 1680 λούων
1635 1630 1748 1691 τοῖς

165 1715 438 1786 δάκρυσιν
463 1716 672 1782 ἐαυτδν,
703 1717 938 1788 καθεξῆς
957 1719 1014 1772 δὲ
1037 1719 1114 1788 τῷ
1136 1719 1352 1788 γέροντι
1377 1719 1476 1781 τὰς
1503 1718 1752 1789 μυσαρὰς

168 1808 346 1861 αὑτοῦ
393 1808 753 1879 διηγούμενος
809 1809 1060 1880 πράξεις.
1103 1811 1340 1874 Ἐκεῖνος
1384 1809 1483 1876 δέ,
1527 1811 1654 1879 περὶ
1693 1811 1754 1862 τὸ

1917 903 2168 959 Theudas
2211 907 2376 976 igitur
2411 902 2494 959 bis
2534 903 2713 959 verbis
2762 904 3069 971 institutus,
3119 905 3298 960 statim
3357 922 3426 964 ex

1847 995 1966 1050 aula
1997 997 2244 1064 excedit,
2266 1008 2432 1068 atque
2457 993 2535 1049 ad
2568 995 2884 1050 sceleratam
2924 995 3234 1064 speluncam
3265 1011 3419 1051 suam

1849 1089 2140 1156 profectus,
2175 1089 2415 1160 magicos
2443 1086 2615 1144 libros
2641 1101 2767 1141 suos
2795 1096 3045 1156 tanquam
3067 1087 3291 1141 sceleris
3313 1100 3424 1140 om-

1848 1181 1932 1234 nis
1953 1179 2219 1250 primitias
2235 1220 2251 1246 ,
2280 1194 2345 1235 ac
2365 1177 2757 1234 diabolicorum
2781 1192 3098 1232 arcanorum
3122 1176 3424 1243 thesauros,

1850 1270 2072 1328 exussit.
2136 1272 2254 1341 Ipse
2295 1282 2474 1328 autem
2516 1269 2584 1326 ad
2633 1269 2968 1324 sacrosancti
3014 1269 3161 1324 illius
3190 1268 3327 1332 viri,
3358 1267 3426 1322 ad

1849 1375 2006 1429 quem
2035 1361 2196 1417 etiam
2218 1361 2430 1416 Nachor
2450 1367 2784 1430 perrexerat,
2807 1367 3019 1413 antrum
3043 1373 3164 1414 sese
3188 1358 3422 1422 confert,

1850 1465 2140 1518 rerumque
2167 1466 2385 1506 suarum
2416 1451 2655 1505 omnium
2685 1458 2883 1503 statum
2912 1449 3013 1516 ipsi
3061 1447 3301 1516 exponit,
3329 1462 3422 1502 ca-

1851 1537 1943 1606 piti
1973 1553 2071 1593 suo
2097 1549 2290 1594 terram
2318 1553 2634 1608 aspergens,
2654 1553 2950 1606 gravesque
2979 1538 3210 1606 gemitus
3233 1537 3421 1602 edens,

1849 1646 1914 1686 ac
1945 1632 2180 1700 seipsum
2213 1632 2466 1702 lacrymis
2495 1630 2842 1700 perfundens,
2869 1628 3179 1698 nefariaqne
3209 1643 3302 1683 sua
3331 1628 3427 1683 fla-

1851 1723 1976 1793 gitia
2008 1723 2122 1778 seni
2151 1723 2341 1778 ordine
2387 1737 2842 1778 commemorans.
2892 1721 2987 1776 Ille
3016 1730 3216 1786 autem,
3249 1730 3305 1774 ut
3334 1721 3426 1787 qui

1852 1813 2038 1866 salutis
2065 1813 2260 1868 animae
2289 1813 2576 1868 afferenda:
2596 1855 2612 1880 ,
2641 1820 2802 1880 atque
2823 1826 2889 1866 ex
2911 1810 3211 1880 versipellis
3232 1811 3425 1865 draco-

169 1902 350 1956 σῶσαι
379 1904 556 1975 ψυχὴν
602 1905 698 1957 καὶ
727 1905 826 1974 τῆς
857 1904 952 1958 τοῦ
981 1904 1158 1958 δολίου
1186 1905 1478 1975 δράκοντος
1513 1905 1755 1974 ἐξαρπά-

1862 1904 1935 1958 nis
1959 1903 2206 1958 faucibus
2225 1903 2520 1968 eripiendae
2546 1902 2900 1972 peritissimus
2915 1909 3080 1968 esset,
3101 1901 3426 1958 salutaribus

170 2010 267 2046 σαι
323 1993 605 2064 φάρυγγος
652 1993 1036 2064 εὐτεχνότατος
1088 1993 1184 2056 ὣν,
1234 1994 1532 2064 κατεπᾴδει
1591 1993 1752 2048 αὐτὸν

171 2085 389 2154 ῥήμασι
445 2083 773 2154 σωτηρίοις,
833 2085 1101 2152 ἐγγυᾶται
1155 2083 1254 2154 τὴν
1314 2084 1530 2150 ἄφεσιν,
1595 2084 1753 2138 ἱλεων

171 2175 521 2244 ὑπισχνεῖται
550 2175 641 2228 τὸν
679 2175 959 2246 δικαστήν.
993 2171 1126 2228 Εἶτα
1161 2177 1475 2245 κατηχήσας
1513 2176 1608 2228 καὶ
1658 2191 1754 2246 νη-

174 2262 390 2315 στεύειν
421 2263 514 2316 ὲπὶ
567 2263 771 2327 πολλάς
814 2263 1192 2334 ἐντειλάμενος
1235 2263 1446 2334 ἡμέρας
1471 2302 1487 2328 ,
1517 2262 1596 2334 τῷ
1625 2262 1754 2334 θείῳ

174 2352 433 2420 καθαίρει
470 2352 828 2422 βαπτίσματι.
871 2355 980 2408 Καὶ
1001 2350 1070 2425 ἦν
1096 2353 1125 2406 ὁ
1154 2354 1442 2425 ἄνθρωπος
1478 2353 1754 2424 μετανοῶν

173 2445 422 2516 γνησίως
451 2446 629 2510 πάσας
673 2445 840 2500 αὑτοῦ
884 2447 983 2510 τὰς
1015 2447 1227 2518 ἡμέρας
1249 2488 1264 2512 ,
1301 2447 1388 2516 ἐφ’
1421 2441 1503 2510 οἷς
1537 2446 1754 2516 ἐπλημο

176 2538 408 2608 μέλησε,
433 2537 666 2610 δάκρυσί
691 2556 753 2592 τε
780 2539 875 2592 καὶ
905 2541 1228 2610 στεναγμοῖς
1249 2539 1338 2592 τὸν
1362 2542 1493 2592 θεὸν
1522 2537 1755 2604 ἐξιλεού-

177 2647 364 2702 μενος.

249 2724 410 2776 ΚΕΦ.
441 2723 562 2778 Al".
616 2725 677 2777 Ὀ
709 2723 766 2778 δέ
796 2741 858 2792 γε
885 2723 1152 2793 βασιλεὺς,
1179 2723 1383 2778 τούτων
1413 2723 1585 2786 οὕτως
1616 2724 1754 2777 ἀπο-
1827 2770 1832 2775 .

175 2814 418 2878 ὅάντων,
465 2815 735 2868 πάντοθεν
773 2814 1135 2886 ἐξαπορηθεὶς
1159 2855 1174 2880 ,
1220 2813 1377 2884 δῆλος
1412 2810 1480 2886 ἦν
1518 2813 1754 2885 ἰσχυρῶς

176 2903 484 2976 ἀνιώμενος
519 2906 615 2959 καὶ
646 2906 814 2960 πολὺν
863 2905 955 2959 τὸν
987 2906 1151 2960 σάλον
1192 2906 1373 2978 φέρων
1404 2907 1460 2958 ἐν
1488 2908 1553 2977 τῇ
1582 2905 1750 2977 ψυχῇ.

180 2994 537 3061 Συγκαλέσας
578 2995 636 3049 δὲ
684 2991 840 3059 αὖθις
890 2996 1005 3048 ὅσοι
1046 2995 1144 3066 τῆς
1202 2994 1506 3066 συγκλήτου
1559 2995 1756 3065 βουλῆς

179 3085 505 3155 ἐτύγχανον,
544 3087 840 3140 ἐσκέπτετο
859 3085 1018 3158 303
1044 3087 1096 3140 τί
1126 3086 1311 3140 λοιπὸν
1338 3087 1416 3157 τῷ
1447 3085 1562 3156 ἰδίῳ
1593 3086 1754 3158 ποιή-

179 3193 334 3230 σειεν
358 3177 480 3247 υίῷ.
522 3177 732 3241 Πολλὰς
770 3177 826 3230 δὲ
859 3177 1054 3247 βουλὰς
1093 3177 1204 3231 τῶν
1239 3177 1452 3230 πολλῶν
1482 3176 1758 3247 ὑποθεμέ-

1852 1994 2032 2048 verbis
2093 2009 2221 2054 eum
2277 1990 2580 2058 demulcet,
2630 2005 2694 2046 ac
2761 1992 2908 2048 velut
2928 2000 3197 2059 excantat,
3215 1993 3424 2047 veniam

1852 2085 2100 2154 spondet,
2128 2098 2191 2139 ac
2236 2082 2520 2154 prepitium
2549 2092 2606 2138 et
2641 2082 2853 2139 facilem
2882 2083 2983 2152 ipsi
3009 2083 3248 2151 indicem
3299 2081 3414 2137 fore

1855 2173 2156 2243 pollicetur.
2190 2175 2266 2230 Ac
2296 2183 2480 2243 postea
2524 2188 2646 2230 cum
2677 2189 2800 2229 eum
2826 2173 3145 2230 Christianae
3175 2173 3299 2228 fidei
3332 2189 3423 2226 ru-

1853 2265 2103 2321 dimentis
2146 2264 2459 2331 imbuisset,
2488 2267 2883 2334 multorumque
2912 2262 3123 2319 dierum
3159 2263 3424 2335 jejunium

1858 2355 1960 2424 ipsi
1991 2355 2301 2422 indixisset,
2348 2369 2470 2410 eum
2515 2354 2699 2410 divino
2740 2353 3008 2423 baptismo
3052 2353 3316 2409 lustravit.
3350 2355 3426 2408 Ac

1853 2446 2107 2515 deinceps
2133 2461 2227 2516 per
2253 2461 2467 2501 omnem
2497 2447 2620 2501 vita:
2650 2459 2867 2502 cursum
2893 2444 2982 2500 ille
3004 2444 3219 2500 sincero
3247 2445 3427 2498 animo

1855 2535 1923 2590 de
1946 2535 2194 2590 admissis
2235 2535 2530 2590 sceleribus
2573 2525 2940 2600 ptenitentiam
2973 2533 3112 2603 egit,
3144 2533 3422 2604 lacrymis-

1855 2640 1959 2696 que
1987 2640 2050 2681 ac
2076 2626 2364 2695 gemitibus
2387 2627 2556 2682 Deum
2588 2627 2800 2696 placare
2827 2627 3047 2682 studuit.

1927 2715 2056 2770 Car.
2081 2716 2521 2783 XXXlll.—Qute
2548 2731 2669 2772 cum
2697 2717 2761 2770 ad
2793 2715 2933 2771 bunc
2976 2717 3188 2770 modum
3217 2714 3428 2770 evenis-

1858 2813 2000 2872 sent,
2034 2821 2129 2861 rex
2153 2807 2364 2862 consilii
2395 2808 2571 2877 inopia
2597 2809 2828 2877 undique
2854 2808 3159 2870 destitutus,
3197 2808 3248 2862 in
3277 2803 3428 2878 gravi

1860 2897 2015 2966 plane
2041 2911 2274 2952 maerore
2299 2899 2634 2963 versabatur,
2683 2899 2964 2970 animoque
2993 2913 3311 2968 magnopere
3347 2899 3430 2967 ja-

1859 2989 2126 3043 ctabatur.
2170 2989 2369 3044 Coacto
2394 2998 2572 3046 autem
2603 3005 2815 3044 rursum
2844 2999 3054 3056 senatu,
3084 2990 3336 3060 quidnam
3363 2989 3432 3045 de

1860 3078 1972 3134 lilio
1999 3092 2098 3134 suo
2127 3076 2330 3136 faceret
2352 3080 2685 3150 dispiciebat.
2711 3081 2841 3136 Cum
2864 3088 3040 3135 autem
3061 3081 3211 3136 multi
3239 3079 3434 3134 multas

1861 3173 2150 3228 sententias
2180 3174 2234 3228 in
2281 3173 2510 3230 medium
2545 3175 2918 3243 pratulissent,
2945 3173 3183 3228 Aracites
3216 3173 3327 3236 ille,
3357 3171 3434 3226 de

185 3285 323 3331 νων,
348 3268 378 3320 ὁ
403 3269 662 3340 ἀνωτέρω
685 3267 1080 3338 μνημονευθεκ
1119 3269 1355 3341 ’Δραχὴς
1381 3271 1588 3333 ἐκεῖνος
1620 3269 1756 3338 (20),

1862 3279 1968 3334 quo
1995 3265 2248 3334 superius
2264 3265 2592 3321 mentionem
2616 3265 2860 3331 fecimus,
2888 3266 2979 3335 qui
3003 3275 3058 3319 et
3092 3265 3288 3320 ducum
3318 3279 3381 3318 or
3407 3293 3434 3310 ο

179 3359 613 3432 ἐπιφανέστερος
647 3361 747 3431 τὴν
786 3361 1084 3431 ἡγεμονίαν
1119 3362 1212 3415 καὶ
1253 3362 1468 3432 πρῶτος
1502 3361 1600 3432 τῆς
1630 3360 1758 3431 βου-

177 3450 282 3521 λῆς
311 3451 591 3522 ὑπάρχων,
641 3451 744 3522 ἔφη
787 3452 866 3524 τῷ
921 3450 1161 3522 βασιλεῖ’
1208 3451 1273 3504 Τί
1316 3452 1462 3518 ἔδει,
1514 3452 1759 3522 βασιλεῦ,

180 3541 410 3610 ποιῆσαι
442 3539 521 3610 τῷ
551 3540 655 3611 υίῷ
686 3558 780 3622 σου
804 3542 896 3594 καὶ
929 3541 991 3596 ού
1025 3543 1430 3613 πεποιήκαμεν,
1455 3543 1550 3596 τοῦ
1577 3545 1762 3596 πείσαι

183 3631 356 3687 αὐτὸν
383 3635 496 3697 τοῖς
517 3632 810 3702 ἡμετέροις
838 3632 1070 3687 ἔπεσθαι
1097 3633 1329 3704 δόγμασι
1358 3634 1454 3687 καὶ
1481 3635 1594 3697 τοῖς
1617 3635 1761 3700 θεοῖς

184 3725 351 3794 ἡμῶν
382 3723 702 3796 λατρεύειν;
749 3725 913 3791 ’Δλλ’,
947 3725 1025 3789 ὡς
1057 3726 1200 3797 δρῶ,
1235 3725 1522 3796 ἀνηνύτοις
1558 3727 1768 3798 ἐπιχει-

185 3817 430 3889 ροῦμεν·
466 3819 532 3872 ἐκ
561 3817 774 3886 φύσεως
799 3817 908 3889 γὰρ
951 3817 1128 3888 αὐτῷ,
1176 3817 1209 3887 ἦ
1250 3817 1351 3887 τῆς
1389 3817 1558 3887 τύχης
1610 3816 1762 3882 ἴσως,

183 3912 245 3964 τὸ
276 3911 582 3980 φιλόνεικον
603 3926 663 3966 τε
695 3911 788 3964 καὶ
814 3910 1152 3981 ἀμείλικτον.
1175 3909 1238 3964 El
1269 3911 1368 3980 μὲν
1387 3906 1479 3964 οὖν
1511 3910 1767 3980 βασάνοις

185 4003 356 4057 αὑτὸν
387 4001 633 4056 ἐκδοῦναι
668 4001 955 4072 θελήσειας
993 4003 1088 4056 καὶ
1112 4002 1442 4074 τιμωρίαις,
1476 4002 1540 4056 σύ
1571 4019 1630 4055 τε
1667 4018 1764 4055 πο-

184 4095 377 4166 λέμιος
435 4093 533 4166 ἔσῃ
567 4094 667 4164 τῆς
700 4093 918 4164 φύσεως
953 4094 1045 4149 καὶ
1075 4094 1135 4147 οὐ
1172 4094 1354 4164 πατὴρ
1384 4093 1464 4148 ἔτι
1495 4093 1764 4166 κληθήσῃ,

190 4189 453 4242 κάκεῖνον
482 4185 807 4257 ζημιωθήσῃ
845 4185 1078 4256 ἐτοίμως
1119 4184 1312 4255 ἔχοντα
1344 4185 1486 4256 ὑπὲρ
1530 4183 1766 4257 Χριστοῦ

185 4279 505 4332 ἀποθανεῖν.
546 4277 807 4334 Λείπεται
835 4277 962 4346 γοῦν
1006 4276 1163 4332 τούτο
1200 4277 1357 4348 μόνον
1387 4280 1640 4347 ποιῆσαι·
1691 4279 1765 4332 διο

186 4371 336 4423 ελείν
357 4369 506 4439 αύτῷ
533 4368 630 4439 τὴν
657 4368 949 4438 βασιλείαν,
979 4369 1072 4422 καὶ
1105 4370 1184 4431 είς
1212 4367 1274 4421 τὸ
1299 4367 1588 4421 ἐπιϐάλλον
1617 4367 1768 4438 αὐτῷ

191 4464 368 4535 μέρος
422 4462 726 4532 βασιλεύειν
771 4461 1084 4532 ἐπιτρέψαι.
1143 4460 1294 4525 Καὶ,
1349 4461 1398 4514 εί
1448 4461 1546 4530 μὲν
1583 4460 1618 4530 ἡ
1661 4459 1772 4512 τῶν

187 4552 543 4625 πραγμάτων
569 4551 731 4622 φύσις
758 4552 852 4605 καὶ
882 4553 916 4620 η
950 4550 1197 4621 μέριμνα
1231 4549 1342 4601 τῶν
1371 4546 1641 4618 βιωτικῶν
1679 4545 1770 4598 ἐλ-

1863 3353 2012 3410 nium
2040 3355 2374 3410 clarissimus
2401 3367 2537 3421 erat,
2575 3365 2631 3410 et
2657 3356 2952 3424 principem
2975 3355 3028 3410 in
3052 3364 3239 3410 senatu
3261 3355 3434 3412 locum

1864 3446 2174 3512 obtinebat,
2204 3445 2288 3502 bis
2313 3446 2377 3501 ad
2412 3461 2592 3516 regem
2624 3446 2801 3501 verbis
2838 3461 2962 3502 usus
2985 3454 3069 3502 est
3096 3463 3110 3498 :
3133 3445 3395 3512 Quidnam
3414 3484 3434 3513 ,

1865 3550 1900 3591 ο
1927 3551 2044 3602 rex,
2077 3537 2186 3590 filio
2213 3545 2306 3590 tuo
2339 3535 2520 3591 facere
2557 3539 2795 3606 oportuit
2821 3537 2963 3606 quod
2994 3550 3100 3592 non
3130 3535 3435 3599 fecerimus,

1868 3635 1926 3683 ut
1954 3626 2019 3682 ad
2047 3627 2317 3697 sequenda
2349 3636 2527 3682 nostra
2558 3627 2826 3696 dogmata,
2854 3627 3094 3696 deosque
3117 3635 3327 3682 nostros
3347 3641 3436 3682 co.

1869 3719 2056 3774 lendos
2080 3733 2200 3775 eum
2231 3718 2644 3776 induceremus?
2675 3719 2896 3786 Verum,
2938 3727 2998 3775 ut
3024 3719 3200 3787 video,
3243 3720 3440 3790 impos-

1867 3810 2039 3864 sibilia
2070 3809 2408 3880 aggredimur
2431 3826 2446 3865 :
2472 3809 2734 3880 siquidem
2756 3825 2786 3865 a
2811 3819 2997 3866 natura
3021 3809 3144 3882 ipsi,
3167 3819 3258 3864 aut
3281 3811 3440 3865 etiam

1871 3900 2095 3954 fortasse
2121 3913 2150 3952 a
2183 3899 2423 3966 fortuna,
2477 3900 2776 3969 pervicacia
2818 3907 2876 3956 et
2917 3901 3078 3956 animi
3109 3899 3332 3955 durities
3363 3900 3441 3954 in-

1869 3989 1970 4042 sita
1997 3997 2102 4043 est.
2151 3988 2331 4059 Itaque
2362 3989 2409 4044 si
2458 3991 2632 4060 ipsum
2687 3989 2963 4060 suppliciis
3009 4005 3073 4046 ac
3122 3991 3444 4046 cruciatibus

1867 4079 2082 4135 afficere
2123 4082 2178 4135 in
2231 4083 2470 4136 animum
2528 4081 2839 4150 induxeris,
2909 4090 3018 4137 tum
3077 4084 3190 4152 ipse
3245 4091 3444 4137 naturae

1871 4169 2076 4225 hostem
2130 4179 2184 4226 te
2252 4171 2515 4240 praebebis
2542 4211 2557 4235 ,
2624 4173 2894 4242 patrisque
2941 4187 3135 4229 nomen
3196 4168 3443 4235 amittes,

1871 4271 1979 4316 tum
2040 4262 2206 4332 ipsius
2251 4262 2510 4333 jacturam
2569 4263 2729 4318 facies
2758 4305 2775 4330 ,
2851 4272 2910 4319 ut
2961 4267 3051 4335 qui
3095 4280 3191 4335 pro
3235 4265 3446 4320 Christe

1872 4359 2100 4407 mortem
2149 4360 2402 4420 appetere
2462 4359 2680 4422 paratus
2744 4352 2834 4407 sit.
2889 4353 3166 4423 Reliquum
3214 4362 3300 4410 est
3349 4355 3442 4423 igi-

1873 4453 1958 4498 tur
2005 4450 2064 4498 ut
2137 4443 2275 4497 bane
2321 4443 2582 4498 rationem
2634 4444 2819 4511 ineas,
2863 4458 3056 4512 nempe
3114 4454 3170 4498 ut
3225 4460 3447 4514 regnum

1871 4549 1993 4591 cum
2023 4550 2088 4590 eo
2121 4535 2388 4605 partiaris,
2443 4535 2600 4604 eique
2631 4535 2686 4589 in
2743 4550 2806 4591 ea
2855 4546 3004 4604 parte
3046 4551 3164 4606 quae
3211 4539 3277 4591 ad
3323 4551 3446 4590 eum

188 4647 437 4701 κύσωσιν
463 4645 627 4698 αὐτὸν
658 4643 750 4698 τὸν
787 4643 1058 4714 ἡμέτερον
1089 4639 1444 4694 ἀσπάσασθαι
1475 4636 1680 4692 σκοπόν
1707 4653 1761 4693 τε

1873 4627 2150 4682 attinuerit
2215 4625 2346 4694 regii
2417 4627 2655 4680 muneris
2726 4626 3236 4681 administrationem
3303 4643 3449 4682 com-

191 4737 291 4790 καὶ
332 4734 470 4805 βίον,
507 4733 664 4787 ἔσται
714 4734 844 4804 ἡμῖν
876 4729 1020 4785 κατὰ
1063 4728 1265 4784 σκοπὸν
1293 4729 1354 4782 τὸ
1389 4730 1650 4798 πράγμαο
1687 4725 1770 4791 ,τὰ

188 4828 306 4900 γὰρ
336 4825 573 4898 ἰσχυρῶς
597 4823 966 4895 βεϐαιωθέντα
989 4824 1056 4893 τῇ
1077 4821 1225 4892 ψυχῇ
1254 4821 1349 4890 ἔθη
1377 4816 1775 4884 δυσεξάλειπτά

189 4919 302 4974 εισι
330 4919 428 4970 καὶ
453 4914 634 4969 πειθοῖ
675 4912 874 4984 μᾶλλον
911 4911 944 4982 ἢ
987 4910 1079 4982 βίᾳ
1107 4908 1506 4980 μεταϐάλλεται
1537 4907 1672 4978 (21).
1707 4908 1772 4961 Ei

189 5008 252 5067 δὲ
304 5008 374 5076 τῇ
420 5003 690 5075 θρησκείᾳ
737 5003 1051 5073 παραμενεί
1090 5001 1202 5070 (ΞΞ)
1245 4998 1355 5053 τῶν
1406 4997 1769 5068 Χριστιανῶν,

190 5100 331 5154 αὐτὸ
357 5097 423 5168 δὴ
454 5095 649 5161 τοῦτο,
675 5095 737 5148 τὸ
769 5094 844 5165 μὴ
871 5089 1217 5164 ζημιωθῆναί
1249 5107 1308 5144 σε
1350 5089 1462 5160 (25)
1503 5091 1597 5142 τὸν
1632 5087 1769 5152 υἱὸν,

193 5193 356 5247 ἔσται
406 5206 490 5245 σοι
530 5190 631 5259 τῆς
671 5185 912 5256 ἀθυμίας
941 5182 1126 5246 ποσῶς
1169 5179 1537 5251 παραμύθιον.
1588 5176 1774 5230 Ταῦτα

192 5284 293 5340 τοῦ
329 5281 534 5353 Ἀραχῆ
564 5279 834 5341 εἰπόντος,
867 5275 1070 5338 πάντες
1095 5269 1544 5343 συνεμαρτύρουν
1574 5267 1772 5322 ἀποδε-

195 5379 422 5447 χόμενοι
451 5373 551 5444 τὴν
593 5370 844 5440 γνώμην.
888 5367 1204 5422 Συντίθεται
1234 5363 1412 5418 τοίνυν
1439 5362 1534 5416 καὶ
1569 5362 1597 5414 ὀ
1627 5359 1774 5430 βασι-

195 5469 326 5532 λεὺς
347 5465 491 5522 οὕτω
522 5463 697 5518 ταῦτα
725 5459 1056 5531 διατεθῆναι.

269 5579 389 5654 (l8)
419 5579 559 5654 ῐέιιοἶ
585 5594 626 5643 t,
657 5576 746 5632 78.

270 5645 388 5722 ('19)
418 5649 573 5722 (Ξοιιιὲ
606 5663 726 5716 pas.
758 5645 882 5722 $5?-

271 5716 387 5791 (20)
418 5719 576 5791 Qonl'.
610 5733 747 5791 pag._
763 5716 887 5791 132.

271 5726 367 5791 (20
418 5726 576 5774 Conl‘.
610 5733 730 5787 pag.
763 5726 887 5770 192.

271 5726 389 5862 (Ἡ)
419 5789 482 5862 C,
521 5786 984 5862 μεταὸαλλὸμενα.

273 5858 389 5931 (‘22)
419 5861 484 5931 Α,
520 5858 848 5928 παραμένει.

276 5932 392 5994 ('23)
427 5930 628 5988 Forsan
661 5944 763 5982 σοι.

1878 4718 2077 4772 mittas.
2118 4719 2192 4772 Ac
2220 4717 2264 4770 si
2305 4717 2519 4786 quidem
2551 4718 2885 4786 negotiorum
2916 4725 3123 4780 natura,
3166 4731 3451 4786 rerumque

1878 4807 2261 4861 mundanarum
2289 4819 2416 4860 cura
2443 4821 2563 4861 eum
2592 4807 2657 4860 ad
2691 4806 2992 4862 institutum
3024 4815 3262 4860 nostrum
3293 4807 3449 4861 vita:-

1877 4912 1980 4966 que
2009 4909 2176 4968 genus
2206 4896 2636 4964 amplectendum
2667 4904 3042 4966 pertraxerunt,
3074 4910 3162 4950 res
3192 4895 3346 4950 nobis
3373 4912 3440 4950 ex

1879 4989 2136 5044 sententia
2184 4986 2452 5043 succedet.
2503 4987 2679 5042 Mores
2720 4986 2916 5042 etenim
2967 4987 3020 5039 in
3057 4983 3237 5038 animo
3285 4984 3452 5040 vehe-

1879 5087 2089 5132 menter
2133 5076 2467 5132 corroborati
2513 5089 2654 5147 argre
2683 5074 2913 5144 expungi
2959 5082 3118 5143 atque
3159 5073 3451 5128 oblitterari

1877 5178 2125 5240 possunt,
2147 5168 2542 5237 verborumque
2565 5168 2737 5236 potius
2759 5166 3034 5222 blanditiis
3055 5180 3211 5235 quam
3232 5165 3285 5220 vi
3305 5179 3452 5220 com-

1879 5269 2173 5316 mutantur.
2227 5259 2320 5314 Siu
2370 5266 2546 5313 autem
2590 5258 2641 5312 in
2703 5257 3126 5312 Christianorum
3185 5255 3449 5326 religione

1882 5352 2195 5422 perstiterit,
2224 5351 2352 5407 illud
2385 5351 2557 5421 ipsum
2607 5361 2780 5417 certe,
2805 5349 2943 5421 quod
2988 5349 3097 5418 fil-q
3127 5365 3229 5405 non
3259 5351 3333 5406 sis
3359 5363 3449 5403 oro.

2943 5545 2972 5568 κ
