4042 6414
543 5223 564 5258 ε

592 470 727 533 1175

2027 464 2278 525 ADDEN
2288 463 2405 521 DA.

3698 436 3823 503 1176

590 584 770 647 batus,
802 598 1095 643 maerorem
1131 592 1284 637 tuum
1320 582 1502 652 aliqua
1527 598 1591 636 ex
1626 588 1778 650 parte
1812 578 2101 649 mitigabit.
2134 576 2284 631 Hanc
2310 574 2616 630 orationem
2652 586 2776 625 cum
2809 566 3051 622 Aracbes
3093 560 3401 622 habuisset,
3437 570 3625 609 omnes
3664 554 3825 623 ipsius

588 676 917 737 sententiam
947 675 1396 745 comprobarunt,
1425 690 1490 729 ac
1527 673 1756 744 proinde
1793 688 1887 727 rex
1917 687 1975 726 se
2004 671 2078 725 ita
2107 678 2358 725 acturum
2391 665 2645 722 assensit.

675 781 854 847 Itaque
877 780 1131 845 posuidie
1153 793 1271 829 eum
1294 774 1572 834 illuxisset,
1602 771 1765 822 lilium
1788 768 1997 830 accivit,
2016 782 2139 820 eum

2333 760 2438 811 Καὶ
2465 759 2528 833 δὴ
2555 748 3068 832 προσκαλεσάμενος
3085 759 3275 823 ἕωθεν,
3306 758 3410 829 ἔφη
3433 759 3513 829 τῷ
3540 760 3655 829 υἱζῖν
3674 762 3824 835 304

602 886 705 940 que
732 873 799 924 ita
838 879 919 923 est
962 870 1222 921 allocutus
1252 885 1264 919 :
1298 867 1391 919 Hic
1423 865 1574 942 mihi,
1604 878 1636 914 ο
1665 875 1805 921 nate,
1855 869 2156 928 postremus

599 966 664 1016 ad
700 974 751 1016 te
782 976 958 1019 sermo
985 970 1085 1027 est,
1132 958 1217 1012 cui
1246 958 1345 1015 nisi
1372 955 1760 1026 quamprimum
1794 949 2057 1018 parueris,
2088 957 2169 1000 at-

600 1070 704 1123 que
734 1055 787 1108 in
821 1055 919 1107 hac
947 1054 1134 1106 Saltem
1165 1068 1220 1106 re
1244 1051 1469 1119 pectoris
1492 1046 1599 1102 mei
1627 1047 1863 1099 dolorem
1890 1040 2171 1105 leniveris,

603 1163 709 1200 non
740 1147 901 1209 ultra,
940 1147 1067 1198 mihi
1098 1146 1276 1206 crede,
1304 1142 1636 1207 indulgenter
1650 1149 1820 1192 tecum
1834 1150 2011 1205 agam.
2035 1133 2169 1186 Per-

607 1246 847 1289 contaute
876 1243 1051 1288 autem
1101 1234 1189 1287 illo
1235 1234 1358 1297 quid
1404 1232 1502 1284 sibi
1555 1235 1655 1281 hoc
1698 1241 1945 1280 sermone
1972 1223 2172 1280 vellet:

612 1319 894 1384 Quoniam,
951 1321 1118 1388 inquit
1167 1320 1290 1382 ille,
1350 1318 1527 1372 multis
1569 1320 1828 1389 susceptis
1896 1317 2169 1371 laboribus

611 1412 928 1483 perfractum
972 1422 1024 1465 et
1080 1423 1445 1467 contumacem
1494 1425 1545 1467 te
1597 1416 1664 1468 ad
1718 1429 1906 1468 omnes
1960 1411 2172 1481 reperi,

607 1512 667 1563 ut
715 1502 803 1569 qui
837 1503 994 1555 nullis
1042 1520 1271 1569 unquam
1318 1504 1655 1559 sermonibus
1701 1506 1835 1559 meis
1880 1504 2174 1569 parendum

608 1592 703 1645 tibi
735 1593 968 1656 duxeris,
1008 1609 1122 1658 age.
1153 1595 1319 1646 diviso
1349 1595 1568 1659 imperio
1611 1610 1731 1649 meo
1761 1595 1811 1648 id
1863 1595 2077 1660 faciam,
2118 1604 2176 1647 ut

606 1694 660 1743 tu
688 1684 967 1752 separatim
1000 1686 1159 1754 degas
1181 1725 1194 1747 ,
1220 1701 1281 1739 ac
1315 1702 1534 1752 regnum
1559 1702 1732 1755 geras.
1770 1687 1842 1739 Ita
1888 1688 2002 1755 jam
2055 1686 2171 1752 tibi,

603 1790 761 1844 quam
792 1778 958 1843 cupis.
986 1778 1122 1831 viain
1157 1776 1356 1845 ingredi
1392 1786 1504 1830 tuto
1535 1779 1733 1833 licebit.
1767 1779 1959 1831 Divina
1990 1788 2168 1830 autem

606 1864 695 1916 illa
734 1872 929 1926 anima,
958 1878 1258 1932 quanquam
1292 1867 1487 1935 alioqui
1521 1883 1697 1936 regem
1744 1868 1843 1921 hoc
1872 1867 1972 1921 sibi
2000 1866 2170 1921 labe-

608 1951 836 2013 Iactandi
889 1950 970 2005 sui
1019 1954 1243 2007 instituti
1286 1971 1443 2009 causa
1497 1972 1794 2026 proponere
1840 1968 2169 2024 compertum

602 2041 848 2106 haberet,
878 2043 1351 2112 obtemperantium
1399 2056 1573 2101 tamen
1605 2046 1774 2108 duxit,
1826 2045 1928 2099 hoc
1957 2045 2171 2100 scilicet

598 2136 796 2200 animo,
818 2146 874 2188 ut
889 2151 952 2188 ex
969 2136 1133 2203 ipsius
1147 2137 1391 2191 manibus
1408 2138 1638 2204 elapsus,
1664 2138 1801 2189 viam
1821 2151 1974 2206 quam
1997 2152 2166 2205 expe-

597 2226 740 2284 tebat
759 2225 1143 2295 ingrederetur.
1169 2227 1479 2281 Sermonem
1497 2228 1653 2296 igitur
1669 2229 1960 2294 excipiens,
1990 2228 2054 2278 ad
2083 2242 2169 2281 re-

595 2332 713 2384 gem
727 2317 799 2370 ait
823 2336 837 2371 ε
866 2315 1123 2385 Equidem
1160 2318 1272 2387 ipse
1303 2317 1539 2370 divinum
1564 2318 1708 2371 illum
1725 2318 1894 2371 virum
1922 2316 2013 2386 qui
2036 2317 2166 2372 mihi

595 2408 775 2461 salutis
798 2407 896 2462 iter
911 2409 1600 2476 commonstravitquaerere
1635 2406 1949 2476 gestiebam,
1976 2408 2165 2462 rebus-

593 2513 696 2565 que
712 2498 957 2551 omnibus
982 2498 1331 2568 valerejussis
1348 2540 1363 2565 ,
1383 2514 1500 2553 cum
1521 2513 1587 2553 eo
1609 2499 1864 2569 quidquid
1889 2500 2017 2553 mihi
2040 2500 2163 2554 vita:

592 2587 848 2653 reliquum
864 2589 1248 2645 esttraducere.
1287 2589 1477 2643 Verum
1510 2592 1757 2659 quoniam
1798 2602 1980 2661 perte,
2007 2610 2039 2648 o
2068 2612 2160 2665 pa.

593 2687 691 2742 ter,
713 2680 842 2732 mihi
863 2695 923 2734 ea
944 2694 1062 2750 qua:
1078 2679 1225 2735 cordi
1252 2688 1395 2745 sunt,
1436 2679 1611 2735 facere
1641 2682 1859 2736 minime
1890 2683 2032 2749 licet,
2066 2683 2162 2738 hac

2265 847 2433 915 Οὗτός
2463 870 2553 921 μοι
2586 853 2893 916 τελευταῖος
2919 852 3017 923 ἤδη
3039 852 3174 922 πρὸς
3205 852 3265 904 σὲ
3294 850 3483 920 λόγος,
3517 853 3602 904 υἱέ
3627 870 3640 884 ⁸
3666 849 3825 925 οὗπερ

2262 949 2310 1000 εί
2354 948 2429 1018 μὴ
2465 948 2627 1012 εὐθὺς
2662 950 2933 1018 κατήκοος
2974 948 3106 1017 γένῃ
3140 947 3235 1000 καὶ
3282 946 3386 999 κᾶν
3427 948 3485 997 ὲν
3523 945 3690 1015 τούτῳ
3730 950 3823 1015 τὴν

2264 1039 2404 1110 ἐμὴν
2444 1039 2793 1109 θεραπεύσῃς
2833 1039 3093 1109 καρδίαν,
3138 1039 3238 1090 οὒκ
3286 1036 3368 1089 ἔτι
3424 1054 3542 1101 σου,
3589 1036 3647 1089 εὖ
3686 1036 3821 1097 ἴσθι.

2265 1131 2543 1201 φείσομαι.
2584 1130 2691 1183 Τοῦ
2737 1132 2794 1184 δὲ
2838 1130 2955 1183 υίοῦ
2999 1128 3307 1198 πυθομένου
3358 1128 3442 1191 τίς
3474 1130 3507 1197 ἡ
3540 1128 3632 1179 τοῦ
3676 1128 3823 1195 λόγου

2263 1222 2511 1291 δύναμις,
2564 1222 2845 1292 Ἐπείπερ,
2875 1223 3030 1292 φησι,
3061 1220 3233 1274 πολλά
3261 1220 3532 1290 μογήσας,
3564 1218 3824 1272 ἀνένδοτόν

2269 1327 2327 1362 σε
2360 1311 2497 1381 πρὸς
2526 1311 2706 1364 πάντα
2739 1308 2896 1381 εὖρον
2923 1311 3017 1364 τοῦ
3043 1309 3334 1379 πεισθῆναί
3368 1328 3470 1379 μου
3500 1311 3610 1369 τοῖς
3636 1309 3821 1376 λόγοις.

2264 1399 2424 1471 δεῦρο
2467 1401 2531 1471 δὴ
2572 1402 2779 1467 λοιπὸν,
2823 1405 2922 1473 τὴν
2976 1402 3250 1472 βασιλείαν
3283 1401 3496 1463 διελὼν,
3532 1402 3634 1453 ἀνά
3670 1404 3821 1471 μέρος

2267 1492 2406 1549 εἶναί
2443 1514 2501 1549 σε
2529 1497 2624 1549 καὶ
2650 1497 2954 1566 βασιλεύειν
2989 1500 3217 1568 ποιήσω·
3246 1498 3343 1551 καὶ
3371 1497 3524 1550 ἔσται
3551 1514 3630 1549 σοι
3650 1497 3824 1551 λοιπὸν

2267 1591 2352 1642 ἐπ’
2383 1589 2565 1652 ἀδείας
2590 1592 2656 1659 ἣν
2682 1590 2747 1643 ἂν
2773 1590 2942 1661 ποθῇς
2980 1592 3117 1644 ἰέναι
3148 1590 3287 1665 ὀδόν.
3326 1589 3535 1642 Γνοῦσα
3559 1590 3612 1641 δὲ
3645 1592 3676 1659 ή
3715 1590 3825 1642 θεία

2266 1682 2413 1752 ψυχὴ
2445 1683 2626 1753 ἐκείνη
2658 1683 2753 1735 καὶ
2782 1682 2939 1735 τοῦτο
2971 1682 3055 1734 ἐπ’
3089 1682 3290 1752 ὀλίσθῳ
3318 1682 3421 1749 τῆς
3455 1681 3617 1735 αὑτοῦ
3644 1699 3823 1751 προαι-

2272 1774 2474 1845 ρέσεως
2503 1774 2792 1845 προϐαλεῖν
2816 1775 2908 1827 τὸν
2932 1774 3175 1843 βασιλέα,
3207 1776 3358 1844 ὅμως
3380 1770 3676 1826 ἐπακοῦσαι
3705 1790 3825 1826 συν-

2270 1867 2432 1930 εῖδεν,
2479 1868 2567 1920 ἵνα
2593 1908 2609 1932 ,
2642 1867 2742 1943 τάς
2800 1867 2965 1920 αὐτοῦ
3011 1868 3234 1937 διαδράς
3276 1870 3488 1937 χεῖρας,
3527 1866 3622 1934 τὴν
3649 1865 3826 1917 ἐπιθυ-

2274 1957 2552 2028 μουμένην
2595 1957 2742 2027 αὑτῷ
2786 1957 3125 2027 πορεύσηται
3169 1959 3307 2011 ὁδόν.
3365 1956 3676 2009 ’Υπολαϐὼν
3723 1953 3828 2017 οὖν,

2271 2050 2347 2120 τῷ
2380 2049 2594 2119 βασιλεῖ
2626 2048 2733 2117 ἔφη
2754 2066 2767 2078 θ
2805 2047 2948 2116 Ἐγὼ
2983 2048 3080 2119 μὲν
3103 2049 3331 2102 ἐπόθουν
3355 2048 3446 2100 τὸν
3481 2047 3617 2098 θεῖον
3636 2047 3830 2097 ἐκεῖνον

2274 2141 2510 2212 ζητῆσαι
2563 2142 2754 2211 ἄνδρα,
2798 2143 2889 2196 τὸν
2921 2142 3281 2209 ὑποδείξαντά
3330 2159 3422 2211 μοι
3468 2140 3566 2209 τὴν
3604 2139 3714 2191 ὁδὸν
3740 2138 3829 2206 τῆς

2276 2233 2573 2303 σωτηρίας,
2598 2235 2711 2296 καὶ,
2746 2235 2880 2288 πᾶσι
2909 2234 3125 2304 χαίρειν
3154 2234 3384 2286 εἰπόντα
3405 2274 3419 2297 ,
3448 2230 3565 2300 μετ’
3592 2227 3748 2284 αὑτοῦ
3776 2229 3831 2281 τδ

2274 2324 2461 2380 λοιπὸν
2480 2326 2583 2395 τῆς
2614 2325 2759 2396 ζωῆς
2790 2344 2890 2397 μου
2917 2327 3189 2379 διανύσαιο
3226 2326 3342 2378 ἀλλ’
3376 2326 3499 2380 ὲπεί
3532 2341 3618 2393 με.
3646 2324 3825 2390 πάτερ.

2273 2416 2333 2467 ού
2364 2419 2667 2486 συγχωρεῖς
2699 2416 2769 2469 τὰ
2807 2416 3124 2485 καταθύμια
3163 2417 3448 2485 πράττειν,
3490 2412 3737 2480 πείθομαί
3758 2427 3829 2464 σοι

2274 2504 2333 2558 ὲν
2358 2504 2552 2574 τούτῳ.
2603 2506 2689 2557 Ἐν
2722 2499 2805 2567 οἷς
2836 2506 2944 2574 γὰρ
3001 2506 3061 2559 οὐ
3095 2505 3383 2574 πρόκειται
3425 2502 3703 2571 προῳανὴς
3740 2501 3827 2550 ἀπ’

2275 2598 2440 2650 ώλεια
2479 2599 2573 2653 καὶ
2597 2599 2731 2652 Θεοῦ
2761 2598 3116 2668 ἀλλοτρίωσις
3136 2638 3150 2659 ,
3183 2596 3344 2649 καλὸν
3372 2596 3451 2662 τῷ
3480 2595 3644 2648 πατρὶ
3670 2590 3831 2643 πείθε-

2280 2686 2429 2745 σθαι.

581 2793 640 2854 in
677 2808 735 2849 re
777 2792 875 2855 tibi
907 2804 1118 2848 morem
1150 2802 1303 2858 gero,
1347 2785 1621 2856 siquidem
1663 2785 1721 2841 in
1756 2784 1842 2839 his
1880 2784 2048 2839 rebus
2088 2786 2146 2839 in
2176 2783 2383 2859 quibus
2418 2782 2770 2853 perSpicuum
2816 2782 3048 2836 exitium
3093 2788 3258 2850 atque
3296 2774 3629 2835 abalienatio
3664 2791 3695 2827 a
3741 2773 3837 2825 Deo

582 2904 692 2958 non
732 2888 1084 2958 proponitur,
1118 2882 1260 2953 patri
1291 2881 1676 2951 obtemperare
1714 2882 2007 2951 pulchrum
2039 2891 2144 2938 cst.

671 2986 779 3046 lle:
805 2986 981 3053 itaque
1010 2994 1215 3035 summa
1246 2977 1426 3032 laetitia
1460 2976 1725 3045 perfusus,
1758 2981 2029 3042 regionem
2050 2991 2165 3024 uni-

599 3090 724 3129 nem
764 3075 989 3137 imperio
1008 3087 1104 3125 suo
1124 3086 1188 3125 ac
1214 3069 1400 3123 ditinni
1430 3066 1720 3133 subjectum
1754 3064 1804 3117 in
1832 3064 1964 3116 duas
1993 3075 2168 3131 partes

599 3165 805 3229 dividit,
836 3166 1107 3230 liliumque
1129 3175 1305 3229 regem
1330 3165 1499 3220 creat,
1523 3172 1583 3210 ac
1605 3155 1901 3209 diademate
1923 3164 2166 3210 exornat.

603 3256 861 3326 regiaque
892 3252 1035 3306 omni
1066 3251 1231 3325 gloria
1283 3245 1594 3315 insignitum
1636 3245 1688 3297 in
1718 3260 1837 3297 eam
1869 3240 2016 3311 regni
2051 3256 2170 3306 par-

600 3359 710 3401 tem
742 3360 859 3414 quae
886 3342 985 3411 ipsi
1014 3341 1267 3395 attributa
1291 3347 1406 3392 erat
1430 3351 1555 3390 cum
1580 3333 1849 3388 luculenta
1880 3328 2165 3385 satellitum
2191 3381 2230 3414 ρ

599 3452 758 3499 manu
786 3435 978 3490 emittit
1003 3450 1017 3497 ;
1050 3430 1376 3500 principibus
1405 3437 1583 3485 autem
1612 3442 1676 3481 ac
1704 3424 1949 3485 ducibus,
1983 3421 2163 3488 reique

600 3526 847 3582 militaris
892 3524 1158 3592 prmfectis
1184 3533 1240 3576 et
1270 3521 1524 3589 satrapis,
1559 3519 1603 3572 si
1652 3531 1878 3587 quorum
1921 3514 2169 3566 voluntas

600 3625 675 3675 lta
702 3619 925 3681 tulisset,
958 3618 1085 3670 cun!
1112 3614 1220 3667 lilio
1259 3627 1356 3667 suo
1384 3626 1446 3666 ac
1493 3624 1619 3681 rege
1669 3605 2039 3677 proficiscendi
2073 3616 2167 3670 po-

601 3719 846 3775 testatem
879 3709 1021 3761 facit.
1056 3709 1228 3775 Atque
1258 3706 1526 3772 ingentem
1558 3701 1844 3770 quamdam
1875 3713 1937 3751 ac
1970 3712 2166 3749 nume-

602 3801 930 3855 rosissimam
963 3800 1168 3860 urbem,
1216 3796 1269 3849 in
1311 3812 1412 3862 qua
1458 3794 1655 3860 regiam
1706 3792 1888 3845 sedem
1922 3790 2164 3851 haberet,

601 3889 855 3960 assignat,
880 3889 1163 3955 omniaque
1194 3901 1256 3939 ea
1284 3899 1402 3954 quas
1442 3884 1655 3954 regibus
1696 3882 2022 3935 conveniunt
2066 3878 2167 3946 ipsr

602 3980 852 4048 impertit.
884 3978 1015 4031 Tum
1051 3976 1209 4043 igitur
1252 3976 1451 4045 regiam
1496 3973 1873 4048 auctoritatem
1904 3985 1969 4024 ac
2016 3979 2167 4039 pote-

602 4082 790 4125 etatem
822 4078 1007 4123 nactus
1036 4067 1318 4134 Josaphat,
1352 4080 1472 4118 cum
1495 4065 1561 4119 ad
1593 4077 1712 4117 eam
1745 4062 1931 4116 urbem
1970 4060 2025 4114 in
2058 4076 2164 4128 qua

601 4177 665 4216 ca
702 4174 823 4227 quae
875 4159 941 4211 ad
990 4173 1213 4228 regnum
1262 4156 1551 4226 gerendum
1602 4154 1937 4221 pertinebant
1988 4164 2169 4220 parata

601 4262 753 4309 erant
784 4250 1033 4309 venisset,
1059 4248 1340 4302 dominicae
1362 4246 1625 4315 passionis
1665 4248 1897 4313 signum,
1930 4247 2032 4298 hoc
2061 4254 2165 4311 est,

602 4334 954 4388 venerandam
969 4331 1163 4386 Christi
1187 4347 1403 4386 crucem
1428 4332 1479 4385 in
1496 4332 1723 4401 singulis
1752 4331 1899 4384 urbis
1932 4330 2170 4384 turribus

603 4424 903 4483 collocavit.
938 4426 1201 4485 Idolorum
1222 4434 1400 4479 autem
1430 4423 1652 4477 delubra
1695 4432 1747 4476 et
1792 4436 1910 4475 aras
1941 4422 2166 4491 deiecit,

604 4528 763 4587 atque
794 4535 824 4571 a
850 4518 1206 4581 fundamentis
1249 4517 1378 4583 ipsis
1406 4516 1565 4580 eruit,
1597 4515 1773 4567 nttllas
1799 4514 2046 4568 videlicet
2074 4515 2173 4566 im.

606 4609 814 4679 pietatis
842 4609 1093 4675 reliquias
1123 4607 1390 4675 linquens.

2290 2966 2294 2969 ’
2331 2969 2521 3038 Χαρᾶς
2547 2966 2642 3020 οῦν
2663 2967 2744 3018 ὅτι
2772 2966 3035 3033 πλείστης
3066 2966 3095 3018 ὀ
3129 2962 3380 3033 βασιλεὺς
3413 2959 3672 3030 πλησθεὶς
3692 2960 3818 3011 διαιο

2266 3065 2352 3132 ρεῖ
2381 3062 2480 3131 μὲν
2530 3061 2629 3130 τὴν
2671 3058 2905 3127 ὑποτελῆ
2942 3057 3091 3128 αὐτῷ
3137 3056 3321 3126 χώραν
3371 3057 3553 3106 πᾶσαν
3596 3057 3673 3114 εἰς
3706 3052 3815 3111 δύο,

2263 3156 2563 3225 χειροτονεῖ
2600 3153 2655 3206 δὲ
2694 3153 2785 3205 τὸν
2832 3151 2949 3203 υἱὸν
2992 3150 3217 3219 βασιλέα
3241 3189 3255 3210 ,
3308 3149 3506 3217 κοσμεῖ
3552 3145 3627 3215 τῷ
3654 3145 3817 3212 διαδή-

2268 3264 2397 3315 ματι
2422 3285 2438 3311 ,
2477 3248 2603 3310 καὶ,
2646 3246 2795 3315 πάσῃ
2830 3243 3021 3307 τοῦτον
3075 3240 3331 3312 βασιλικῇ
3369 3236 3821 3307 καταλαμπρύνας

2263 3338 2411 3411 δόξῃ,
2447 3340 2526 3402 είς
2550 3336 2649 3409 τὴν
2677 3334 3061 3407 ἀφορισθεῖσαν
3084 3332 3231 3402 αὐτῷ
3260 3332 3537 3399 ἐκπέμπει
3565 3330 3821 3399 βασιλείαν

2268 3431 2407 3500 μετά
2440 3429 2701 3499 λαμπρᾶς
2723 3426 3070 3497 δορυφορίας.
3097 3424 3221 3486 Τοῖς
3250 3424 3481 3493 ἄρχουσι
3503 3421 3559 3472 δὲ
3590 3421 3682 3471 καὶ
3716 3420 3824 3488 ἡγε-

2266 3521 2414 3591 μόσι,
2453 3520 2785 3591 στρατηγοῖς
2811 3534 2868 3569 τε
2911 3518 3007 3569 καὶ
3040 3515 3349 3584 σατράπαις
3391 3510 3641 3572 κελεύει,
3676 3509 3821 3561 παντὶ

2261 3612 2339 3682 τῷ
2373 3610 2712 3681 βουλομένῳ,
2748 3608 3006 3661 ἀπελθεῖν
3040 3608 3181 3676 μετά
3228 3605 3321 3658 τοῦ
3365 3603 3483 3657 υίοῦ
3532 3602 3696 3657 αὑτοῦ
3741 3603 3823 3653 καὶ

2266 3702 2548 3773 βασιλέως.
2571 3703 2681 3754 Καὶ
2703 3700 2858 3753 πόλιν
2880 3700 3002 3752 τινὰ
3026 3697 3270 3769 μεγάλην
3295 3698 3391 3750 καὶ
3418 3695 3821 3761 πολυάνθρωπον

2266 3797 2517 3866 ἀφορίζει
2744 3792 2906 3848 αὐτοῦ
2935 3795 3000 3864 τῇ
3036 3790 3310 3861 βασιλείᾳ,
3336 3790 3434 3842 καὶ
3460 3790 3634 3840 πάντα
3658 3787 3822 3838 δίδωσι

2266 3890 2333 3942 τὰ
2371 3891 2655 3959 πρέποντα
2692 3888 3023 3959 βασιλεῦσιν.
3050 3886 3092 3937 Τ
3096 3886 3185 3938 ότε
3222 3884 3285 3953 δὴ
3317 3884 3441 3935 τότε
3471 3881 3567 3951 τὴν
3591 3879 3823 3944 ἐξουσίαν

2266 3982 2598 4055 παραλαϐὼν
2620 3986 2647 4036 ὁ
2683 3983 2920 4050 Ἰωάσαφ
2951 3979 3050 4050 τῆς
3081 3977 3362 4047 βασιλείας
3387 4016 3400 4036 ,
3427 3976 3585 4045 ἡνίκα
3616 3975 3716 4042 τὴν
3743 3973 3823 4023 πόο

2268 4076 2349 4128 λιν
2393 4074 2692 4128 κατέλαϐεν
2749 4073 2879 4126 ἔνθα
2921 4074 2990 4126 τά
3039 4072 3139 4141 τῆς
3188 4067 3465 4140 βασιλείας
3510 4066 3825 4135 ηΰτρέπιστο

2267 4168 2450 4238 αὐτῷ.
2483 4167 2545 4220 τὸ
2590 4168 2683 4221 τοῦ
2724 4163 3049 4219 δεσποτικοῦ
3089 4164 3187 4234 μὲν
3214 4162 3420 4226 πάθους
3459 4163 3705 4230 σημεῖον.
3745 4158 3822 4207 τὸν

2271 4260 2566 4330 σεϐάσμιον
2607 4258 2835 4329 σταυρὸν
2878 4257 2973 4311 τοῦ
3022 4254 3298 4327 Χριστοῦ,
3335 4253 3548 4323 ἑκάστῳ
3589 4252 3827 4318 ἐφίστησι

2268 4354 2369 4423 τῆς
2405 4353 2612 4414 πόλεως
2644 4352 2842 4422 πύργῳ
2866 4367 2880 4381 '
2931 4350 3056 4413 τοὺς
3096 4350 3154 4402 δὲ
3200 4347 3513 4406 είδωλικοὺς
3552 4344 3716 4405 ναοὺς
3747 4341 3828 4393 καὶ

2272 4447 2491 4517 βωμοὺς
2525 4446 2787 4515 περιστὰς
2834 4442 3179 4512 ἐπολιόρκει,
3219 4440 3520 4494 κατέσειεν.
3568 4436 3828 4505 ἀνώρυττε

2270 4540 2332 4593 τὸ
2358 4541 2574 4605 ἔδαφος,
2607 4537 2944 4603 ἐξεκάλυπτε
2964 4535 3091 4597 τοὺς
3117 4533 3423 4604 θεμελίους,
3466 4530 3629 4600 μηδὲν
3658 4528 3831 4594 λείψα-

2271 4648 2360 4683 νον
2393 4630 2492 4699 τῆς
2520 4630 2778 4689 ἀσεϐείας
2802 4625 3137 4680 καταλιπών.

676 4702 851 4765 Atque
882 4697 935 4749 in
976 4699 1147 4752 media
1183 4703 1313 4752 urbe
1361 4697 1547 4766 ingens
1573 4710 1634 4749 ac
1665 4696 1977 4762 praclarum
2027 4706 2170 4748 tein-

2343 4696 2501 4775 Κατὰ
2548 4722 2605 4773 δὲ
2644 4721 2815 4792 μέσης
2861 4720 2959 4788 τῆς
3001 4719 3209 4779 πόλεως
3254 4717 3379 4769 ναὸν
3439 4715 3608 4783 μέγαν
3655 4728 3714 4763 τε
3754 4709 3833 4762 καὶ

604 4789 751 4856 plum
781 4786 991 4845 CbriSIo
1021 4788 1248 4845 Domino
1283 4789 1554 4853 excitavit,
1583 4788 1826 4854 plebique
1855 4786 2169 4854 imperavit,

606 4892 666 4936 ut
693 4882 758 4941 ad
797 4897 918 4936 eum
952 4882 1127 4935 locum
1159 4880 1351 4935 crebro
1380 4894 1705 4945 commeans,
1741 4878 1851 4932 Deo
1880 4894 1971 4945 per
1997 4895 2175 4933 CI'UCIS

605 4975 969 5029 adorationum
1019 4974 1219 5027 cultum
1278 4973 1572 5027 adhiberet.
1619 4975 1688 5025 At
1737 4982 1859 5025 tunc
1890 4970 2004 5037 ipse
2052 4980 2176 5025 ante

603 5081 794 5121 omnes
823 5066 875 5119 in
904 5065 1136 5120 medium
1166 5064 1435 5135 prodiens,
1470 5063 1826 5117 intentissima
1848 5066 2026 5116 animo
2058 5076 2177 5128 pre-

608 5172 699 5219 ces
730 5158 1004 5221 fundebat,
1037 5171 1331 5224 omnesque
1360 5170 1452 5209 eos
1483 5155 1570 5221 qui
1594 5157 1693 5209 sub
1717 5156 1881 5222 ipsius
1911 5163 2177 5218 potestate

607 5267 672 5309 ac
691 5252 893 5309 ditione
937 5259 1092 5306 erant
1116 5251 1386 5315 mouebat,
1418 5248 1749 5312 obsecrabat,
1784 5249 1912 5301 nihil
1942 5249 2174 5318 denique

608 5342 1068 5409 praetermittebat,
1102 5356 1205 5409 quo
1228 5341 1369 5407 ipsos
1388 5355 1416 5392 a
1438 5340 1818 5408 superstitioso
1841 5355 2025 5393 errore
2046 5340 2175 5393 abs-

611 5432 868 5498 traheret,
900 5440 1057 5498 atque
1100 5432 1164 5483 ad
1214 5430 1486 5483 Chrismm
1536 5430 2174 5498 adjungeret:idolorum

607 5521 780 5577 cultus
826 5521 1065 5574 fraudem
1096 5531 1255 5590 atque
1301 5521 1648 5587 imposturam
1683 5520 1970 5586 indicabat,
2006 5521 2179 5571 Evan-

609 5608 729 5677 gelii
766 5608 1196 5676 praedicationem
1259 5609 1601 5681 exponebat,
1681 5607 1772 5661 Dei
1846 5610 1993 5665 verbi
2057 5609 2177 5675 plc-

610 5714 730 5753 natn
764 5699 1107 5767 indulgentiae
1136 5700 1516 5754 demissiunem
1552 5701 2037 5765 commemorabat,
2083 5702 2176 5754 ad-

608 5799 803 5851 ventus
818 5788 983 5859 ipsius
1005 5790 1258 5845 miracula
1285 5791 1625 5857 praedicabat,
1650 5792 1820 5844 crucis
1838 5792 2173 5859 supplicium,

612 5896 709 5969 per
736 5883 879 5953 quod
908 5884 1135 5939 salutem
1164 5883 1436 5939 consecuti
1480 5898 1687 5949 smnus,
1721 5883 2050 5953 declarabat,
2086 5900 2175 5939 re-

2272 4814 2670 4887 περικαλλῆῖτῳ
2692 4812 2937 4884 Δεσπότῃ
2960 4810 3230 4881 ἀνεγείρει
3248 4806 3489 4878 Χριστῷ.
3506 4805 3614 4858 Καὶ
3635 4799 3829 4855 κελεύει

2269 4905 2330 4959 τὸ
2352 4905 2558 4975 πλῆθος
2586 4908 2703 4957 ἐκεῖ
2728 4904 2945 4974 συνεχὲς
2964 4900 3425 4972 ἐπιχωριάζοντας
3451 4894 3745 4967 προσάγειν
3767 4887 3831 4957 τῷ

2271 4998 2390 5070 Θεῷ
2430 4998 2492 5051 τὸ
2522 4997 2685 5059 σέϐας
2722 4996 2810 5049 διὰ
2852 4997 2955 5065 τῆς
3004 4994 3095 5047 τοῦ
3130 4991 3365 5063 σταυροῦ
3402 4989 3827 5060 προσκυνήσεως.

2271 5094 2352 5153 εἰς
2399 5091 2563 5160 μέσον
2594 5076 2702 5159 πρὸ
2745 5088 2961 5141 πάντων
2990 5086 3153 5147 αὐτὸς
3183 5082 3468 5152 παρελθὼν
3497 5081 3589 5131 καὶ
3636 5080 3831 5129 ἐκτενε-

2274 5182 2444 5254 στάτῃ
2480 5180 2658 5243 διδοὺς
2689 5178 2880 5232 ἑαυτὸν
2902 5178 3104 5246 δεήσει.
3157 5174 3372 5235 Πάντας
3395 5173 3450 5224 δὲ
3474 5171 3603 5232 τοὺς
3628 5168 3729 5221 ὑπὸ
3748 5163 3833 5233 τὴν

2277 5276 2443 5330 αὑτοῦ
2470 5277 2629 5345 χεῖρα
2649 5271 2975 5341 γενομένους
3002 5267 3294 5328 ἐνουθέτει,
3326 5263 3649 5335 παρεκάλει.
3674 5261 3831 5314 πάντα

2277 5368 2450 5419 ἐποίει
2482 5365 2573 5418 τοῦ
2603 5364 2921 5417 ἀποσπάσαι
2962 5362 3061 5428 τῆς
3091 5357 3483 5427 δεισιδαίμονος
3520 5356 3722 5420 πλάνης
3752 5352 3834 5401 καὶ

2275 5454 2353 5523 τῷ
2386 5453 2605 5524 Χριστῷ
2634 5451 2945 5505 οἰκειῶσαι·
2980 5450 3079 5519 τὴν
3115 5447 3330 5515 ἀπάτην
3358 5445 3412 5497 δὲ
3443 5444 3724 5496 ὑπεδείκνυ
3752 5440 3835 5507 τῆς

2279 5546 2670 5616 είδωλομανίας
2696 5546 2788 5597 καὶ
2814 5543 2876 5596 τὸ
2906 5545 3167 5613 κήρυγμα
3198 5536 3531 5607 κατήγγελλε
3566 5534 3656 5587 τοῦ
3678 5534 3835 5595 Εὐστ-

2280 5640 2486 5708 γελίου,
2520 5640 2585 5693 τὰ
2620 5640 2747 5709 περὶ
2775 5637 2877 5705 τῆς
2909 5635 3000 5689 τοῦ
3032 5632 3168 5687 Θεοῦ
3206 5633 3383 5699 Λόγου
3417 5629 3614 5698 διεξῄει
3653 5640 3834 5691 συγκσο

2281 5736 2584 5796 ταϐάσεως,
2615 5732 2685 5785 τὰ
2721 5730 3003 5800 θαυμάσια
3033 5730 3299 5797 ἐκήρυττε
3332 5725 3431 5790 τῆς
3462 5720 3624 5775 αὑτοῦ
3652 5735 3837 5783 παρουο

2286 5830 2427 5891 σίας,
2462 5828 2522 5879 τὸ
2554 5825 2723 5885 πάθος
2768 5821 3031 5893 ἐγνώριζε
3067 5819 3160 5873 τοῦ
3208 5816 3441 5887 σταυροῦ
3471 5815 3537 5868 δι’
3585 5806 3645 5866 οὗ
3684 5807 3835 5862 σεσὼο

2288 5921 2492 5992 σμεθα.
2540 5916 2636 5983 τὴν
2665 5915 2764 5983 τῆς
2802 5912 3147 5973 ἀναστάσεως
3177 5908 3409 5980 δύναμιν
3455 5907 3548 5959 καὶ
3587 5903 3678 5973 τὴν
3718 5898 3838 5969 πρὸς
