4042 6480
560 475 581 539 1
596 480 695 542 179
1988 453 2236 513 ADDEN
2250 453 2367 511 DA.
3099 540 3105 542 _
3666 444 3801 513 1180

550 594 693 649 sunt,
716 589 835 653 post
862 590 1041 637 autem
1069 579 1157 649 qni
1205 577 1450 633 militaris
1488 574 1688 630 ordinis
1732 581 1903 637 erant,
1934 585 1997 626 ac
2027 586 2113 625 re-

2233 565 2463 636 ψυχικὴν
2492 563 2880 634 ἀπελάμϐανον
2912 563 3120 632 ὑγείαν·
3160 562 3297 616 ἀλλά
3335 561 3400 632 δὴ
3433 564 3529 615 καὶ
3566 562 3673 616 ὅσοι
3714 564 3809 617 νό-

554 678 754 745 liquum
786 675 991 743 vulgus.
1028 675 1104 727 Ac
1132 674 1217 739 qui
1273 669 1584 737 baptismum
1612 662 1986 733 suscipiebant,
2014 676 2116 715 non

2233 675 2343 721 σοις
2382 653 2522 730 ἦσαν
2563 659 2907 728 σωματικαῖς
2965 656 3061 708 καὶ
3114 654 3401 726 πηρώσεσι
3461 654 3765 724 πιεζόμενοι
3794 697 3811 718 ,

554 766 711 821 modo
747 766 1047 820 animarum
1100 764 1378 818 sanitatem
1421 756 1903 826 consequebantur,
1935 766 2119 807 verum

2233 749 2411 804 πάντα
2436 748 2766 819 ἀποθέμενοι
2787 789 2801 813 ,
2830 747 3061 818 καθαροὶ
3092 748 3189 810 τὰς
3214 747 3418 817 ψυχὰς,
3451 747 3625 817 ἄρτιοι
3658 748 3711 801 δὲ
3736 750 3813 801 τὰ

554 859 716 911 etiam
746 857 1047 927 quicunque
1068 852 1304 922 corporis
1342 848 1541 904 morbis
1569 858 1624 901 et
1655 844 1888 900 febribus
1912 841 2120 895 labora-

557 950 707 1014 bant,
749 948 955 1016 abiecta
984 946 1132 1001 omni
1161 944 1379 998 adversa
1424 938 1758 1005 valetudine,
1792 945 1901 989 tum
1944 931 2122 985 animo

2233 842 2498 914 σώματα,
2532 842 2633 911 τῆς
2667 841 2819 905 θείας
2866 841 3167 911 ἀνήρχοντο
3203 840 3370 910 308
3410 839 3814 911 κολυμϐήθρας,

2234 934 2532 1007 θεραπείαν
2554 934 2933 1005 τρυγήσαντες
2954 930 3143 1002 ψυχῶν
3165 948 3224 983 τε
3253 930 3391 1001 ὁμοῦ
3414 932 3507 983 καὶ
3530 932 3814 1000 σωμάτων.

571 1036 735 1090 puro,
776 1032 893 1078 tum
925 1025 1144 1094 integro
1172 1036 1409 1090 corpore
1439 1036 1471 1075 e
1508 1020 1725 1090 piscina
1772 1021 2220 1089 revertebantur,
2254 1032 2519 1093 percepta
2547 1023 2806 1077 videlicet
2850 1033 2966 1076 tum
3016 1022 3331 1075 animorum
3382 1029 3498 1074 tum
3540 1036 3835 1091 corporum

572 1114 836 1169 sanitate.

642 1202 721 1257 0b
744 1218 969 1273 eamque
988 1219 1198 1259 causam
1234 1205 1415 1275 ingens
1438 1206 1711 1263 hominum
1746 1210 2029 1264 multitudo
2069 1210 2134 1268 ad

572 1310 754 1363 regem
809 1296 1066 1366 Josaphat
1122 1298 1472 1367 undecunque
1524 1301 1874 1367 conﬂuebat,
1926 1302 2135 1371 pietatis

569 1385 808 1439 doctrina
831 1387 898 1439 ab
926 1403 991 1441 eo
1019 1388 1183 1441 imbui
1213 1404 1502 1457 exposcens
1528 1430 1543 1455 ,
1569 1399 1729 1460 atque
1760 1394 1938 1447 omnia
1966 1392 2136 1447 idolo-

570 1492 686 1530 rum
718 1478 914 1546 templa
970 1480 1367 1543 evertebantur,
1398 1495 1690 1549 omnesque
1730 1496 1862 1550 opes
1889 1497 1950 1535 ac
1981 1498 2136 1551 pecu~

569 1569 672 1619 nia:
727 1567 782 1621 in
831 1567 966 1622 fanis
1011 1569 1296 1623 recondita:
1339 1568 1800 1634 abstrahebantur,
1846 1586 2137 1641 eorumque

570 1656 687 1712 loco
740 1668 1074 1712 sacrosancta
1110 1659 1304 1728 templa
1338 1660 1445 1714 Deo
1470 1659 1954 1726 extediiicabnntur,
1979 1676 2132 1729 opes-

568 1768 673 1821 que
701 1752 819 1806 illas
866 1752 1200 1821 ingentisque
1240 1753 1393 1820 pretii
1419 1761 1599 1808 vestes
1627 1768 1689 1808 ac
1731 1763 2007 1809 tnesauros
2036 1769 2131 1810 rex

2308 1200 2502 1254 Ἔνθεν
2530 1218 2614 1254 τοι
2642 1200 2735 1253 καὶ
2758 1200 3012 1273 συνέρρει
3045 1200 3183 1270 πρὸς
3206 1200 3299 1254 τὸν
3321 1199 3552 1271 βασιλέα
3588 1201 3814 1272 Ἰωάεαφ

2234 1292 2573 1363 πανταχόθεν
2594 1291 2666 1345 τὰ
2700 1290 2882 1362 πλήθη
2903 1332 2919 1355 ,
2969 1292 3243 1363 μυηθῆναι
3276 1294 3377 1364 τὴν
3417 1292 3695 1347 εὐσέϐειαν
3722 1296 3815 1349 ὑπ’

2234 1382 2400 1436 αὑτοῦ
2436 1383 2748 1452 ζητοῦντες.
2783 1383 2896 1436 Καὶ
2931 1384 3110 1436 πάντα
3147 1383 3248 1452 μὲν
3290 1384 3701 1437 κατεσκάπτετο
3737 1391 3815 1439 εἰ·

2232 1474 2434 1528 δωλικά
2463 1474 2804 1545 σεϐάσματα,
2856 1475 3107 1545 ἀφῄρητο
3136 1474 3194 1526 δὲ
3230 1476 3338 1537 πᾶς
3383 1476 3412 1527 6
3449 1474 3676 1538 πλοῦτος
3701 1478 3813 1546 (50)

2234 1567 2331 1619 καὶ
2358 1567 2427 1619 τά
2454 1567 2800 1636 ἀποκείμενα
2819 1568 2931 1629 τοῖς
2958 1565 3249 1627 είδωλείοις
3271 1566 3559 1636 χρήματα⁸
3583 1568 3669 1619 καὶ
3695 1570 3814 1637 ἱερὰ

2234 1660 2434 1729 τεμένη
2467 1659 2545 1729 τῷ
2566 1658 2685 1729 Θεῷ
2714 1658 3147 1729 ἀντῳκοδομεῖτο
3179 1657 3313 1727 (31).
3338 1660 3451 1710 Καὶ
3479 1658 3574 1710 τὸν
3604 1660 3814 1713 ἐκείνων

2237 1750 2466 1805 πλοῦτον
2500 1752 2683 1815 αὐτοῖς
2726 1752 2823 1803 καὶ
2865 1750 2965 1814 τὰς
2998 1750 3314 1813 πολυτελεῖς
3342 1750 3577 1819 ἐσθῆτας
3604 1754 3632 1804 6
3674 1752 3814 1821 βασι-

569 1841 826 1909 Josaphat
875 1842 1005 1908 ipsis
1061 1842 1408 1910 assignabat,
1438 1843 1597 1897 vilem
1626 1844 1833 1898 scilicet
1858 1857 1921 1898 ac
1944 1859 2133 1913 super-

2233 1843 2353 1906 λεὺς
2397 1843 2632 1911 ἰωάσαφ
2663 1842 2757 1897 καὶ
2791 1843 2916 1905 τοὺς
2946 1842 3256 1914 θησαυροὺς
3291 1842 3530 1895 ἀνετίθει
3565 1844 3693 1913 (32),
3718 1846 3815 1917 τὴν

569 1946 855 1986 vacaneam
883 1932 1022 1984 illam
1053 1933 1330 1986 materiam
1364 1934 1461 1987 hac
1490 1934 1693 1989 ratione
1720 1932 1904 1990 utilem
1934 1950 1996 1989 ac
2023 1936 2134 1990 fru-

568 2033 808 2078 ctuosam
832 2022 1093 2077 efﬁciens.
1125 2023 1448 2078 Exsecrandi
1470 2041 1631 2094 porro
1657 2028 2053 2096 daetnones,qui
2081 2027 2137 2082 in

568 2111 706 2166 fanis
733 2111 836 2166 illis
867 2121 923 2166 et
953 2112 1210 2167 altaribus
1238 2115 1727 2182 commorabantur,
1746 2118 2138 2175 atrocissimum

569 2206 623 2260 in
678 2206 894 2260 modum
923 2207 1271 2273 vexabantur,
1304 2222 1367 2261 ac
1416 2206 1755 2279 fugabantur,
1796 2220 2140 2280 coortamque

568 2300 669 2353 sibi
688 2300 1042 2353 calamitatem
1070 2300 1407 2354 audientibus
1427 2301 1604 2355 multis
1626 2301 1944 2356 clamabant.
1971 2305 2141 2372 Atque

570 2391 789 2446 finitima
822 2392 910 2446 illa
933 2393 1175 2447 universa
1206 2393 1355 2461 regio
1383 2394 1660 2447 tenebrosa
1694 2395 1925 2461 ipsorum
1953 2393 2141 2449 fraude

567 2491 732 2551 atque
762 2483 1055 2549 impostura
1093 2483 1442 2549 liberabatur,
1469 2498 1531 2536 ac
1560 2484 1983 2538 Christianorum
2017 2485 2140 2540 fidei

567 2574 637 2627 ab
664 2575 806 2628 omni
839 2574 957 2629 labe
995 2588 1056 2627 ac
1087 2574 1504 2643 reprehensione
1524 2576 1703 2629 libera:
1723 2575 1837 2630 luce
1861 2576 2142 2631 eollostra-a

567 2665 742 2719 batur.

638 2756 1042 2823 Siquitlclnipse
1070 2770 1279 2825 quoque
1324 2773 1413 2810 rex
1444 2760 1687 2813 omnibus
1706 2761 1917 2816 virtutis
1947 2775 2097 2816 exem
2133 2790 2138 2795 -

569 2859 683 2927 plur
719 2863 855 2919 erat,
875 2867 936 2906 ac
991 2853 1282 2919 permultos
1326 2850 1393 2905 ad
1440 2849 1681 2904 eamdem
1724 2848 2048 2902 voluntatem
2079 2852 2135 2898 et

568 2947 886 3000 sententiam
944 2942 1210 2998 excitabat
1276 2950 1331 2996 et
1376 2939 1760 2995 inﬂammabat.
1816 2932 2136 3004 Huiusmodi

570 3036 766 3106 quippe
794 3036 1117 3103 principatus
1149 3042 1306 3102 atque
1334 3031 1543 3100 imperii
1576 3038 1764 3084 natura
1788 3036 1901 3092 est;
1923 3038 2137 3093 semper

571 3125 712 3180 enim
742 3124 939 3179 subditi
962 3123 1028 3177 ad
1062 3137 1184 3178 eum
1213 3123 1303 3190 qui
1333 3134 1511 3175 rerum
1541 3119 1739 3187 potitur
1760 3130 1882 3171 sese
1918 3128 2137 3183 compo-

572 3228 727 3283 nunt,
752 3232 922 3287 eaque
953 3230 1132 3270 amare
1149 3229 1211 3270 ac
1235 3214 1530 3268 consectari
1554 3210 1746 3271 solent,
1773 3207 1964 3279 quibus
1986 3206 2134 3275 prin-

572 3308 1287 3380 cipemdelectarisentiunt.
1314 3304 1470 3371 Hinc,
1498 3303 1609 3357 Deo
1637 3301 1942 3371 adiuvante,
1968 3297 2137 3366 pietas

572 3403 701 3472 ipsis
714 3402 1025 3470 augebatur,
1042 3414 1313 3468 novosque
1331 3399 1383 3452 in
1403 3397 1518 3451 dies
1544 3407 1859 3465 progressus
1887 3390 2132 3453 faciebat,

566 3508 631 3548 ac
658 3507 749 3547 rex
778 3493 830 3545 in
875 3490 1073 3547 Christi
1112 3490 1481 3543 mandatorum
1520 3484 1950 3542 observationem
1989 3489 2132 3536 totus

574 3584 951 3650 incumbebat,
979 3592 1137 3653 atque
1189 3597 1255 3635 ex
1306 3580 1474 3649 ipsius
1530 3577 1787 3633 charitate
1844 3572 2130 3645 pendebat.

571 3675 802 3744 Eratque
832 3673 978 3729 verbi
1004 3674 1187 3743 gratiae
1217 3672 1574 3739 dispensator,
1613 3683 1676 3723 ac
1700 3666 1987 3723 multarum
2018 3662 2134 3718 ani-

571 3782 781 3821 marum
833 3764 1172 3835 gubernator,
1200 3764 1266 3817 ad
1316 3764 1407 3817 Dei
1450 3772 1657 3832 portum
1689 3775 1781 3815 eas
1835 3756 2129 3827 appellens.

577 3858 783 3912 Etenim
813 3854 943 3910 illud
965 3855 1293 3924 exploratum
1316 3852 1563 3915 habebat,
1589 3851 1827 3904 omnium
1856 3848 2129 3917 regiorum

575 3960 856 4001 munerum
885 3946 987 4000 hoc
1037 3944 1346 4014 primarium
1376 3955 1428 3999 et
1458 3941 1955 4013 praestantissimum
1986 3954 2126 4005 esse,

571 4046 628 4090 ut
656 4035 896 4091 homines
911 4034 976 4089 ad
1002 4034 1092 4089 Dei
1125 4044 1319 4090 metum
1339 4050 1401 4088 ac
1415 4034 1634 4104 justitiaa
1659 4033 1857 4087 cultum
1885 4030 2127 4085 erudiat:

567 4129 706 4197 quod
736 4128 897 4184 etiam
921 4130 1034 4199 ipse
1062 4125 1314 4195 faciebat,
1339 4130 1573 4198 seipsum
1598 4126 1846 4183 videlicet
1877 4126 1943 4180 ad
1966 4126 2132 4194 impe-

565 4219 647 4273 rio
676 4219 930 4274 tenendas
959 4220 1119 4273 animi
1143 4220 1563 4288 perturbationes
1591 4231 1924 4285 comparans,
1944 4214 2127 4269 subdi-

563 4319 752 4379 tosque
776 4326 900 4365 suos
929 4311 1249 4376 admonens,
1281 4318 1439 4379 atque
1462 4310 1647 4377 Optimi
1676 4304 1915 4361 naucleti
1963 4304 2131 4360 instar

567 4401 784 4468 justitiae
822 4402 1030 4456 clavum
1079 4400 1266 4456 sedulo
1333 4409 1537 4454 tenens.
1577 4398 1709 4453 Nam
1756 4397 1872 4453 haec
1915 4396 2128 4452 demum

565 4490 682 4546 veri
729 4492 874 4561 regni
930 4493 1013 4547 lex
1070 4507 1133 4546 ac
1193 4506 1375 4545 norma
1432 4499 1547 4557 est,
1596 4488 1845 4543 nimirum
1889 4488 2132 4559 volupta—

575 4583 715 4638 tibus
785 4583 1047 4652 imperare
1075 4625 1090 4650 ,
1141 4584 1306 4651 iisque
1351 4583 1635 4644 dominari,
1679 4581 2127 4650 quemadmodum

567 4674 682 4741 ipse
739 4673 896 4728 etiam
968 4673 1219 4727 faciebat.
1277 4671 1481 4739 Quippe
1549 4685 1648 4726 nec
1727 4672 1795 4726 de
1863 4674 2128 4739 majorum

568 4762 866 4831 nobilitate,
890 4777 986 4818 nec
1030 4763 1095 4816 de
1128 4763 1268 4832 regia
1304 4762 1495 4831 gloria,
1528 4762 1579 4814 in
1626 4776 1728 4829 qua
1789 4761 2123 4828 versabatur,

565 4852 676 4907 ullo
743 4852 901 4907 modo
950 4867 1071 4907 sese
1129 4852 1357 4907 efferens
1398 4849 1850 4921 (quandoquidem
1928 4850 2124 4907 luteum

2233 1932 2428 2002 ἄτιμον
2459 1932 2676 2002 ἐκείνην
2717 1932 2812 1984 καὶ
2852 1931 3116 2004 περιττὴν
3147 1931 3279 2001 ὓλην
3308 1932 3533 2003 ἐνεργὸν
3575 1934 3811 1989 ἐντεῦθεν

2234 2025 2409 2078 ποιῶν
2447 2024 2542 2077 καὶ
2565 2024 2862 2094 ὠφέλιμον.
2897 2025 2960 2077 Οἱ
2994 2024 3051 2077 δὲ
3091 2026 3204 2086 τοῖς
3235 2024 3443 2093 βωμοῖς
3472 2025 3698 2090 ἐκείνοις
3724 2029 3815 2079 καὶ

2233 2117 2382 2178 ναοῖς
2431 2115 2544 2185 (55)
2601 2115 2976 2186 διατρίϐοντες
3037 2114 3229 2185 μιαροὶ
3286 2114 3549 2185 δαίμονες
3601 2116 3813 2188 διωγμῷ

2233 2206 2605 2278 χαλεπωτάτῳ
2639 2206 2959 2276 ἠλαύνοντο,
2996 2207 3092 2260 καὶ
3125 2206 3224 2276 τὴν
3257 2207 3601 2262 ἐπελθοῦσαν
3643 2210 3813 2272 αὐτοῖς

2236 2299 2525 2370 συμφορὰν
2579 2300 2661 2361 είς
2703 2299 2916 2351 πολλῶν
2971 2300 3207 2369 ἐπήκοον
3256 2299 3499 2352 ἀνεϐόων
3543 2301 3673 2369 (54).
3711 2302 3813 2355 Καὶ

2234 2389 2596 2462 ἠλευθεροῦτο
2636 2393 2668 2462 ἡ
2709 2391 3018 2462 περίχωρος
3053 2392 3207 2443 πᾶσα
3238 2392 3423 2462 ἐκείνη
3458 2393 3560 2461 τῆς
3595 2393 3813 2462 ζοφερᾶς

2237 2483 2419 2536 αὐτῶν
2451 2483 2686 2551 ἀπάτης,
2718 2482 2796 2553 τῷ
2831 2483 2969 2552 φωτί
2999 2499 3058 2535 τε
3101 2483 3512 2555 περιελάμπετο
3547 2484 3645 2554 τῆς
3672 2488 3809 2554 ἀμω-

2238 2578 2409 2645 μήτου
2446 2574 2553 2628 τῶν
2586 2574 2928 2645 Χριστιανῶν
2963 2574 3222 2638 πίστεως.

2318 2753 2538 2825 Ἀμέλει
2569 2755 2664 2808 καὶ
2694 2756 2721 2807 ὁ
2771 2753 3025 2823 βασιλεὺς
3071 2754 3275 2823 ἀγαθὸν
3308 2756 3477 2808 πᾶσιν
3522 2755 3813 2825 ὑπόδειγμα

2234 2840 2321 2917 ἧν,
2372 2847 2465 2899 καὶ
2499 2846 2725 2910 πολλοὺς
2764 2848 2857 2900 ἐπὶ
2911 2846 3009 2918 τὴν
3057 2848 3248 2917 ὁμοίαν
3290 2847 3517 2917 γνώμην
3568 2849 3813 2916 ἀνέςλεγε

2237 2938 2331 2991 καὶ
2368 2937 2595 3008 ἐξῆπτε.
2631 2938 2889 2991 Τοιοῦτον
2919 2940 3029 3009 γὰρ
3060 2940 3092 3010 ἡ
3120 2938 3370 3004 ἐξουσίω
3402 2940 3814 3011 συμμορφοῦται

2235 3028 2408 3101 ταύτῃ
2447 3030 2536 3083 ἀεὶ
2574 3029 2633 3083 τὸ
2663 3029 2978 3102 ὑποχείριον
3002 3071 3016 3094 ,
3048 3030 3159 3083 τῶν
3187 3031 3368 3086 αὐτῶν
3399 3049 3460 3084 τε
3496 3032 3644 3101 φιλεῖ
3674 3034 3813 3103 ὲρᾷν,

2238 3119 2468 3173 κάκεῖνα
2493 3119 2835 3189 ἐπιτηδεύειν
2862 3115 3059 3190 οἷσπερ
3086 3121 3153 3173 ἂν
3185 3121 3279 3175 τὸν
3307 3122 3548 3193 ἄρχοντα
3574 3124 3813 3193 αἴσθηται

2239 3211 2503 3283 χαίροντα
2524 3212 2659 3283 (55).
2686 3212 2851 3283 309
2886 3212 3193 3277 Ἐντεῦθεν,
3223 3214 3315 3267 τοῦ
3344 3215 3482 3268 Θεοῦ
3509 3216 3815 3285 συνεργοῦνσ

2238 3319 2350 3365 τος,
2374 3304 2408 3371 ἡ
2436 3301 2688 3356 εὐσέϐεια
2718 3304 2983 3373 ηὐξάνετο
3009 3305 3066 3356 ἐν
3093 3304 3278 3365 αὐτοῖς
3307 3305 3403 3359 καὶ
3424 3307 3693 3360 ἐπεδίδου.
3716 3308 3815 3361 Καὶ

2236 3394 2375 3459 ὅλως
2423 3390 2492 3467 ἦν
2538 3395 2647 3449 τῶν
2694 3395 2789 3451 τοῦ
2826 3396 3066 3468 Χριστοῦ
3110 3398 3343 3451 ἐντολῶν
3389 3400 3484 3451 καὶ
3523 3400 3624 3470 τῆς
3660 3402 3813 3454 αὑτοῦ

2238 3488 2461 3559 ἀγάπης
2501 3488 2874 3561 ἐξηρτημένος
2919 3492 2947 3544 6
2989 3483 3277 3561 βασιλεὺς.
3315 3491 3603 3561 οίκονόμος
3632 3511 3688 3546 τε
3728 3494 3811 3546 τοῦ

2238 3577 2398 3647 λόγου
2432 3579 2531 3650 τῆς
2564 3579 2820 3651 χάριτος,
2857 3581 2953 3635 καὶ
2989 3581 3180 3652 ψυχῶν
3213 3581 3561 3654 κυϐερνήτης
3592 3584 3811 3647 πολλῶν,

2237 3673 2318 3735 είς
2349 3672 2442 3724 τὸν
2475 3672 2673 3742 λιμένα
2700 3673 2795 3726 τοῦ
2827 3672 2961 3727 Θεοῦ
3004 3674 3206 3738 ταύτας
3248 3675 3625 3747 καθορμίζων.
3672 3680 3811 3751 ᾜδει

2235 3764 2345 3834 γὰρ
2378 3762 2536 3817 τοῦτο
2578 3758 2718 3818 εἶναι
2758 3766 2866 3836 πρὸ
2916 3767 3133 3821 πάντων
3184 3766 3449 3837 βασιλέως
3490 3769 3692 3841 ἔργον,
3735 3775 3811 3826 ἴνα

2236 3856 2362 3918 τοὺς
2408 3856 2731 3927 ἀνθρώπους
2773 3858 2961 3931 διδάξῃ
3000 3859 3092 3913 τὸν
3121 3859 3255 3915 Θεὸν
3286 3861 3569 3931 φοϐεῖσθαι
3618 3864 3714 3917 καὶ
3757 3864 3810 3917 τὸ

2235 3946 2444 4000 δίκαιον
2482 3953 2693 4019 τηρεῖν.
2732 3952 2797 4003 Ὃ
2829 3951 2894 4021 δὴ
2940 3954 3034 4006 καὶ
3077 3953 3271 4006 ἐποίει⁹
3305 3954 3500 4008 ἑαυτόν
3542 3973 3605 4009 τε
3645 3957 3723 4019 είς
3756 3958 3810 4010 τὸ

2239 4037 2559 4107 βασιλεῦσαι
2583 4040 2696 4094 τῶν
2726 4041 2913 4095 παθῶν
2943 4045 3307 4116 καταρτίζων,
3342 4046 3440 4098 καὶ
3467 4049 3582 4109 τοῖς
3610 4048 3700 4101 ὑπ’
3724 4049 3809 4100 αύ-

2238 4131 2327 4184 τδν
2354 4130 2431 4195 ὡς
2456 4132 2802 4204 κυϐερνήτης
2827 4135 3049 4206 ἄριστος
3076 4136 3413 4207 διακατέχων
3448 4134 3695 4208 ἀκριϐῶς
3718 4138 3809 4208 τῆς

2239 4221 2501 4292 εὐνομίας
2534 4224 2661 4286 τοὺς
2686 4224 2900 4288 οἴακας.
2927 4225 3098 4279 Τοῦτο
3123 4228 3231 4299 γὰρ
3264 4229 3389 4298 ὅρος
3427 4228 3689 4299 ἀληθινῆς
3719 4231 3811 4300 βιιι⁹

2239 4312 2461 4377 σιλείας,
2495 4314 2557 4368 τὸ
2592 4313 2898 4384 βασιλεύειν
2926 4318 3019 4371 καὶ
3051 4321 3272 4389 κρατεῖν
3296 4319 3406 4373 τῶν
3433 4320 3659 4390 ἡδονῶν·
3680 4322 3810 4392 ὅπερ

2236 4406 2446 4470 ἐκεῖνος
2497 4407 2693 4461 ἐποίει.
2744 4408 2868 4462 Ἐπὶ
2904 4411 3185 4479 προγόνων
3234 4411 3417 4483 μέντοι
3450 4414 3693 4485 εὐγενείᾳ
3724 4416 3812 4469 καὶ

2159 4542 2209 4600 D
2237 4500 2302 4569 τῇ
2332 4499 2461 4570 περὶ
2494 4499 2658 4553 αὑτὸν
2685 4498 2821 4574 οὔσῃ
2852 4500 3106 4574 βασιλικῇ
3143 4503 3271 4577 δόξῃ
3303 4505 3549 4575 μηδόλως
3579 4508 3810 4580 ἐναϐρυ-

2237 4593 2484 4661 νόμενος,
2512 4592 2670 4657 εἰδὼς
2701 4594 2784 4647 ὅτι
2812 4595 3036 4666 πήλινον
3062 4595 3258 4666 ἔχομεν
3286 4597 3486 4661 πάντες
3506 4598 3597 4651 τοῦ
3627 4599 3812 4667 γένοκ
3876 4604 3877 4657 ξ

2236 4682 2559 4755 προπάτορα
2605 4684 2753 4754 (56),
2798 4686 2891 4738 καὶ
2937 4685 3033 4739 τοῦ
3081 4685 3245 4739 αὑτοῦ
3285 4689 3603 4760 φυράματος
3646 4692 3810 4759 ἐσμὲν

2236 4774 2484 4828 πλούσιοί
2521 4792 2580 4829 τε
2612 4776 2707 4830 καὶ
2738 4776 3000 4848 πένητες,
3032 4779 3091 4831 ἐν
3120 4778 3343 4851 ἁϐύσσῳ
3376 4780 3434 4833 δὲ
3462 4798 3811 4855 ταπεινοφρο-

2238 4864 2404 4938 σύνης
2434 4867 2522 4922 ἀεὶ
2545 4867 2635 4922 τὸν
2662 4868 2789 4925 νοῦν
2820 4869 3125 4941 ἐμϐάλλων,
3149 4871 3244 4927 καὶ
3268 4872 3370 4942 τῆς
3398 4873 3605 4928 ἐκεῖθεν
3640 4893 3809 4946 μακα-

761 5022 831 5109 ρ,
917 5026 1031 5109 πᾶς
1070 5025 1164 5109 πλ.
1182 5025 1367 5109 §upra
1403 5028 1545 5109 idem
1575 5031 1802 5109 ἀστεῖοι,
1839 5048 1937 5103 pro
1955 5035 2133 5108 ἄρτιοι

2233 5038 2353 5109 [uod
2385 5055 2489 5095 non
2518 5041 2897 5099 omittendum.

758 5094 821 5175 ςξ,
846 5095 967 5175 ἱερά
988 5097 1043 5149 δὲ
1073 5097 1151 5175 τῷ
1266 5093 1393 5175 τεμ.
1419 5093 1854 5175 ἀντλφκοδόμητοξ

769 5163 830 5241 ς,
862 5163 976 5241 ἔσθ.
1014 5163 1256 5233 καὶτοὺς
1286 5163 1410 5241 θησ.
1442 5171 1470 5223 6
1504 5163 1556 5241 β.
1600 5172 1659 5225 ‘l.
1695 5163 1845 5229 ἀνετ.

761 5236 821 5322 C,
851 5238 901 5318 oi
924 5237 980 5291 δὲ
1005 5242 1120 5322 τοῖς
1149 5242 1298 5304 ναοῖς
1322 5235 1554 5322 ἐκείνοις
1577 5243 1679 5322 ’καὶ
1705 5244 1931 5316 βωμοῖς.
1956 5277 2026 5288 -
2065 5245 2133 5302 Sit

2233 5248 2274 5303 ia
2298 5247 2368 5305 cf.
2396 5265 2450 5322 p.
2475 5251 2599 5307 520.
2631 5252 2895 5312 Minucius
2924 5256 3039 5313 Fel.
3070 5272 3121 5315 c.
3150 5258 3253 5314 27:
3296 5279 3316 5313 ι
3347 5260 3690 5318 daemones...
3716 5261 3808 5317 sub

547 5305 743 5379 stat_u_is
770 5316 828 5379 et
866 5307 1192 5379 imaginibus
1225 5314 1526 5366 consecrati
1557 5305 1904 5370 delitescunt.
1947 5335 1965 5368 ι

751 5376 820 5472 ﬁ.
850 5374 1041 5472 ἐϐέιὲἱν.
1077 5379 1529 5472 ιὶίηηίηειερίεῑ.
1558 5382 1629 5464 29
1659 5385 1779 5472 :‘Tb
1824 5387 1933 5472 γὰρ
1961 5387 2133 5472 χρυσέ]

2233 5390 2620 5472 εἰσπραττέτω-
2645 5394 2768 5465 μὲν,
2800 5398 3179 5472 εἰσπραττέτω
3202 5401 3259 5454 δὲ
3303 5403 3454 5472 παρά
3500 5402 3603 5456 τῶν
3645 5402 3809 5456 λελοιο

545 5447 726 5527 πότων
751 5446 850 5527 τὴν
877 5449 1049 5513 τάξιν,
1075 5453 1169 5505 καὶ
1200 5446 1424 5527 προσέτι
1463 5454 1660 5527 γε-τῶν
1682 5446 2068 5527 ἠπατηκότῶν.
2095 5459 2275 5514 Codex
2305 5446 2469 5524 5035,
2500 5446 2681 5520 additra

618 5514 1038 5615 (§§)né‘qu~ll:lll:
1069 5514 1392 5615 setitgtli‘t‘ian‘t
1420 5514 1568 5615 conf.
1600 5514 1805 5615 toni},
1836 5514 1959 5615 pag.
1986 5529 2133 5615 ὅςὴ..

2233 5531 2272 5584 l.
2306 5514 2701 5615 Basilius—Hac.

2775 5471 3171 5544 raposilione}
3203 5472 3246 5524 Τ
3249 5472 3326 5524 ῶν
3367 5471 3806 5544 ἐξηπατηκότων.

2787 5553 2909 5615 raro.
2941 5554 3057 5615 cap.
3087 5541 3155 5596 19
3186 5560 3199 5596 :
3232 5544 3300 5615 Ἀ
3319 5544 3427 5614 γὰρ
3456 5541 3522 5596 ἂν
3553 5541 3610 5596 σε
3640 5543 3809 5615 πράτ-

542 5601 729 5685 οτῡεονταιὲ
742 5584 988 5685 θεωρξξσι
1007 5590 1324 5685 έςοα.λξ99)
1354 5591 1419 5654 Α.
1455 5593 1668 5685 ὁρῶσι),
1684 5596 1769 5685 .τά
1794 5584 1937 5650 αὗτᾶ
1957 5599 2231 5685 κμξεῖαύτοὶ
2257 5600 2519 5685 πράττειν
2545 5607 2926 5677 συνενεχθῶσι·
3186 5584 3309 5684 ⁸γάρ
3329 5584 3808 5685 ‘Ed'féazg'

546 5656 1097 5755 ειεξξαξεδεεαι
1127 5661 1188 5742 τὸ
1208 5656 1501 5755 sane:
1523 5656 1906 5755 νιμειιιερριηιο
1938 5668 2006 5722 ad

2233 5709 2242 5725 .
2277 5656 2315 5736 ιζ
2358 5671 2421 5726 at
2452 5689 2467 5738 ;
2503 5656 3805 5755 et,mea;is.tias;'e;e:;51.;“iilu'si;;rm}:

544 5726 1093 5809 sttrggls:_GcamtBtl:
1129 5732 1180 5785 in
1204 5726 1357 5809 adis'c.
1389 5731 1542 5809 Lips.
1569 5744 1715 5809 tom.
1745 5726 1835 5809 lll,
1866 5754 1987 5809 pag.
2012 5739 2156 5809 A290.

1043 5800 1179 5858 Mac.
1217 5801 1385 5860 Prwc.
1428 5794 1477 5860 (ᾗ
1522 5804 1589 5861 Η
1630 5824 1641 5860 :
1685 5794 2062 5880 ΙΙηλδξήιμῶν
2096 5827 2133 5863 τ‹

2233 5810 2419 5881 γένους
2451 5807 2530 5879 εἷς
2562 5815 2797 5890 ὑπάρχει
2845 5822 3167 5894 προπάτωρ,
3207 5825 3311 5880 κᾶν
3343 5826 3469 5879 κατ’
3494 5824 3739 5897 ἀλλήλων
3764 5829 3803 5882 οί

542 5865 664 5932 χόες
694 5866 1009 5933 φυσώμεθα.
