4026 6408
132 387 276 449 1185

1242 383 1418 445 VITA
1456 379 1813 443 BARLAAM
1852 377 1947 437 ET
1983 378 2332 437 JOASAPH.

3276 381 3409 446 1186

130 493 474 551 Δεσποτικοῦ
514 494 887 567 χαρακτῆρος,
918 491 1150 565 δάκρυσι
1188 493 1288 563 τὴν
1318 493 1424 561 γῆν
1458 489 1722 561 κατέϐρε-

1836 511 1887 557 et
1903 512 2026 557 ante
2042 502 2371 555 Dnminicam
2396 500 2619 569 efﬁgiem
2653 500 2703 552 in
2734 500 2919 557 faciem
2943 501 3184 571 abiectus
3212 509 3407 557 terram

132 606 265 659 χεν,
300 588 641 657 εὐχαριστῶν
672 584 808 655 ὁμοῦ
848 585 927 655 τῷ
965 584 1200 656 δεσπότῃ
1243 585 1337 637 καὶ
1371 581 1724 654 ἐξομολογού-

133 700 325 754 μενος,
365 684 459 735 καὶ
486 682 636 753 χείλη
667 681 1041 749 ἀγαλλιάσεως
1071 681 1237 734 κινῶν
1264 679 1399 751 πρὸς
1427 677 1721 748 ὑμνῳδίαν.

218 884 455 953 ’Υψώσω
502 901 581 944 σε,
605 883 799 951 λέγων,
827 884 855 936 6
881 881 1014 945 Θεός
1051 899 1153 952 μου
1184 883 1278 935 καὶ
1307 879 1558 952 βασιλεύς
1596 897 1721 950 μου,

133 979 231 1032 καὶ
257 978 542 1046 εὐλογήσω
565 976 625 1028 τὸ
654 976 828 1046 ὄνομά
858 992 951 1027 σου
981 977 1059 1038 εἰς
1082 974 1172 1027 τὸν
1205 974 1377 1027 αἰῶνα
1403 973 1495 1026 καὶ
1524 973 1603 1034 εἰς
1633 972 1724 1024 τὸν

131 1069 311 1121 αἰῶνα
353 1067 449 1120 τοῦ
489 1067 685 1131 αἰῶνος
713 1081 727 1095 ⁸
783 1067 956 1136 μέγας
1000 1062 1073 1129 εἰ,
1122 1065 1333 1135 Κύριε,
1376 1066 1468 1118 καὶ
1512 1062 1722 1127 αἰνετὸς

134 1162 369 1231 σφόδρα,
391 1161 603 1229 καὶτῆς
625 1158 1018 1230 μεγαλωσύνης
1034 1174 1125 1210 σου
1146 1158 1243 1211 οὑκ
1261 1156 1377 1208 ἐστι
1394 1156 1568 1226 πέρας
1587 1154 1720 1224 (49).

132 1254 245 1305 Καὶ
275 1253 361 1315 τίς
384 1251 607 1319 λαλήσει
637 1250 736 1313 τὰς
761 1249 1077 1311 δυναστείας
1113 1264 1230 1310 σου,
1259 1246 1530 1307 ἀκουστάς
1564 1245 1724 1314 ποιή-

132 1361 216 1396 σει
264 1344 447 1408 πάσας
475 1343 573 1406 τὰς
598 1343 834 1406 αἰνέσεις
858 1358 953 1393 σου
988 1340 1123 1410 (50),
1151 1337 1244 1393 τοῦ
1275 1337 1603 1409 στρέψαντος
1623 1336 1721 1406 τὴν

128 1436 349 1505 πέτραν
394 1437 474 1499 εἰς
514 1434 710 1505 λίμνας
750 1433 957 1486 ὑδάτων
996 1432 1093 1485 καὶ
1143 1430 1243 1500 τὴν
1296 1428 1599 1499 ἀκρότομον
1644 1426 1723 1487 είς

130 1526 303 1599 314
338 1527 521 1597 πηγὰς
571 1525 795 1583 ὑδάτωιδ
815 1525 897 1595 (51
910 1537 962 1590 };
1020 1523 1151 1576 Ἰδοὺ
1185 1520 1295 1591 γὰρ
1332 1521 1365 1588 ἡ
1416 1517 1723 1587 ἀκρότομος

130 1619 279 1687 αῦτη
322 1619 417 1671 καὶ
452 1618 657 1688 πέτρας
687 1616 1031 1687 σκληροτέρα
1060 1613 1257 1685 καρδία
1303 1610 1395 1664 τοῦ
1439 1609 1573 1680 ἐμοῦ
1618 1624 1721 1660 πα-

130 1710 286 1781 τρὸς,
313 1709 406 1762 σοῦ
434 1709 789 1781 θηλήσαντος,
808 1709 944 1762 ὡσεὶ
962 1707 1131 1778 κηρὸς
1153 1703 1459 1775 ἐμαλάχθη.
1487 1700 1723 1754 Δυνατὸν

130 1803 246 1871 γάρ
274 1819 358 1855 σοι
398 1803 491 1854 καὶ
534 1803 598 1854 ὲκ
625 1801 736 1855 τῶν
774 1800 938 1854 λίθων
967 1798 1172 1852 τούτων
1206 1799 1418 1868 ἐγεῖραι
1450 1794 1615 1847 τέκνα
1642 1792 1721 1862 τῷ

144 1894 408 1965 Ἀϐραάμ
430 1894 565 1963 (52).
596 1892 920 1965 Εὑχαριστῶ
942 1909 1049 1954 σοι,
1076 1890 1323 1944 Δέσποτα
1348 1886 1717 1957 φιλάνθρωπε,

132 1986 234 2038 Θεὲ
255 1984 356 2038 τοῦ
382 1983 588 2047 ἐλέους,
610 1984 692 2036 ὃτι
723 1980 1191 2054 ἐμακροθὺμησας
1220 1981 1313 2033 κα)⁵
1346 1976 1722 2049 μακροθυμεῖς

131 2080 244 2141 τοῖς
275 2078 720 2148 παραπτώμασιν
748 2076 927 2148 ἡμῶν,
951 2077 1043 2129 κα).
1066 2074 1170 2138 ἕως
1193 2072 1287 2126 τοῦ
1318 2072 1412 2125 νῦν
1437 2070 1721 2140 ἀτιμωρή-

132 2185 261 2231 τους
300 2170 449 2239 ήμᾶς
494 2170 688 2232 εἴασας
722 2165 881 2222 εἶναι.
931 2168 1122 2237 Ἡμεῖς
1152 2166 1250 2237 μὲν
1273 2167 1383 2234 γὰρ
1409 2162 1549 2227 ἄξιοι
1577 2156 1720 2231 ἦμεν

137 2262 309 2316 πάλαι
341 2262 713 2335 ἀπορριφῆναι
760 2262 868 2315 ἀπὸ
892 2260 984 2314 τοῦ
1028 2257 1320 2329 προσώπου
1364 2273 1459 2310 σου
1492 2256 1585 2308 καὶ
1617 2270 1720 2305 πα-

138 2355 663 2426 ραδειγματισθῆναι
696 2358 753 2409 ὲν
797 2353 873 2424 τῷ
910 2354 1010 2424 βίῳ
1035 2352 1229 2420 τούτῳ,
1262 2351 1336 2413 ὼς
1365 2351 1413 2403 οί
1444 2348 1543 2419 τὴν
1584 2348 1721 2399 Πεν-

135 2447 366 2501 τάπολιν
412 2449 686 2511 οἰκοῦντες
728 2448 839 2519 (53)
884 2449 1230 2518 παράνομοι,
1272 2446 1406 2516 πυρὶ
1440 2443 1534 2497 καὶ
1591 2439 1719 2510 θείῳ

136 2540 612 2604 κατακαυθέντες·
660 2542 693 2611 ἡ
741 2540 799 2594 δὲ
844 2540 1164 2602 ἀνείκαστός
1215 2554 1308 2590 σου
1366 2533 1720 2607 μακροθυμία

135 2635 195 2699 ἐς
209 2631 693 2705 ιλανθρωπεὺσατο
714 2634 791 2695 εἰς
811 2634 844 2703 ἡ
854 2632 979 2699 μᾶς.
1004 2630 1325 2701 Εὑχαριστῶ
1345 2646 1425 2683 σοι
1446 2630 1475 2682 6
1496 2626 1719 2698 εὐτελὴς

135 2724 248 2793 ἐγὼ
277 2725 375 2777 καὶ
406 2723 644 2788 ἀνάξιος,
680 2726 728 2776 εἰ
760 2725 854 2776 καὶ
889 2723 963 2795 μὴ
993 2724 1221 2793 ὑπάρχω
1256 2720 1537 2791 αὐτάρκης
1583 2719 1719 2789 πρὸς

134 2816 451 2885 δοξολογίαν
509 2816 608 2886 τῆς
657 2816 760 2885 σῆς
815 2816 1170 2884 ἀγαθότητος.
1218 2813 1327 2866 Καὶ
1371 2812 1561 2881 δέομαι
1610 2810 1720 2861 τῶν

133 2911 469 2980 ἀμετρήτων
514 2926 605 2962 σου
652 2908 977 2979 οἰκτιρμῶν,
1034 2908 1207 2977 Κύριε
1272 2905 1447 2975 Ἰησοῦ
1490 2906 1716 2977 Χριστὲ,

140 3001 232 3053 Υἱὲ
274 3003 373 3054 καὶ
418 3000 556 3069 Λόγε
593 3000 687 3053 τοῦ
722 3000 956 3070 ἀοράτου
996 2998 1245 3069 Πατρδς,
1280 2999 1308 3049 6
1348 2996 1529 3050 πάντα
1578 2994 1719 3065 λόγῳ

135 3091 483 3163 παραγαγὼν
512 3093 605 3146 καὶ
631 3092 898 3162 θελήματι
926 3092 1004 3161 τῷ
1034 3091 1111 3161 σῷ
1141 3090 1400 3160 συνέχων,
1426 3091 1454 3141 6
1478 3088 1719 3160 ῥυσάμε-

134 3203 223 3247 νος
252 3186 411 3254 ἡμᾶς
440 3185 564 3248 τοὺς
606 3183 856 3247 ἀναξίους
897 3183 1118 3244 δούλους
1154 3198 1246 3234 σου
1277 3180 1391 3249 ἱτῆς
1432 3179 1526 3232 τοῦ
1556 3180 1720 3250 ἀρχε-

134 3279 315 3331 κάκου
349 3278 546 3348 ἐχθροῦ
574 3278 835 3341 δουλείας.
863 3279 890 3330 6
911 3277 1099 3340 ταθεὶς
1130 3276 1223 3329 ἐπὶ
1254 3274 1409 3340 ξύλου
1438 3278 1530 3327 καὶ
1557 3275 1725 3343 δήσας

134 3372 226 3424 τὸν
266 3372 529 3440 ἰσχυρὸν,
573 3372 664 3423 καὶ
699 3374 809 3433 τοῖς
857 3371 947 3422 ὑπ’
987 3370 1196 3420 ἐκείνου
1237 3368 1467 3421 δεθεῖσιν
1506 3366 1724 3420 αἰώνιον

136 3463 546 3534 ὲττιδραϐεὑσας
581 3462 913 3533 ἐλευθερίαν·
948 3462 1107 3523 αὑτὸς
1146 3460 1241 3512 καὶ
1267 3459 1336 3512 τά
1366 3458 1459 3510 νῦν
1486 3457 1725 3511 ἔκτεινόν

138 3571 234 3607 σου
263 3556 366 3625 τὴν
389 3557 617 3624 ἀόρατον
646 3557 803 3624 χεῖρα
826 3553 921 3607 καὶ
952 3551 1317 3621 παντουργὸν,
1348 3550 1444 3604 κα).
1464 3551 1544 3613 εἰς
1572 3550 1725 3613 τέλος

138 3649 508 3719 ἐλευθέρωσον
558 3648 649 3700 τὸν
699 3647 886 3700 δοῦλόν
942 3662 1033 3698 σου
1083 3646 1176 3697 καὶ
1220 3645 1432 3713 πατέρα
1481 3659 1581 3713 μου
1627 3641 1725 3711 τῆς

138 3742 393 3812 χαλεπῆς
443 3742 663 3810 ἐκείνης
717 3740 1099 3810 αἰχμαλωσίας
1146 3736 1239 3790 τοῦ
1288 3736 1574 3789 διαϐόλουο
1629 3736 1725 3787 κα).

139 3834 427 3898 ὑπόδειξον
472 3833 622 3902 αὑτῷ
674 3833 1069 3904 ἐναργέστατα,
1094 3832 1187 3884 ὅτι
1233 3830 1297 3883 σὺ
1343 3826 1395 3881 εἴ
1424 3832 1452 3882 6
1496 3828 1583 3881 ἀεὶ
1618 3827 1725 3892 ζῶν

139 3927 275 3991 Θεὸς
310 3925 546 3995 ἀψευδὴς
578 3926 673 3979 καὶ
704 3925 956 3995 βασιλεὺς
986 3924 1143 3992 μόνος
1168 3922 1383 3985 αἰώνιος
1407 3920 1500 3973 καὶ
1520 3921 1724 3974 ἀθάνα-

138 4033 250 4080 τος.
291 4017 395 4070 Ἰδε
441 4033 564 4086 μου,
599 4016 866 4075 Δέσποτα,
908 4015 1008 4083 τὴν
1039 4013 1333 4084 συντριόὴν
1367 4012 1465 4082 τῆς
1498 4011 1727 4078 καρδίας

143 4108 272 4174 ίλέῳ
296 4109 393 4161 κα)⁸
416 4108 577 4179 315
600 4110 659 4161 εὑ
669 4110 819 4177 μενεί
839 4106 1069 4176 ὄμματιο
1094 4106 1211 4169 καὶ,
1242 4105 1385 4157 κατά
1406 4104 1503 4175 τὴν
1520 4103 1724 4173 ἀψευδῆ

143 4216 240 4253 σου
283 4201 658 4268 ἐπαγγελίαν,
706 4198 865 4267 γενοῦ
911 4198 1028 4269 μετ’
1062 4196 1195 4269 ἐμοῦ
1236 4196 1331 4250 τοῦ
1366 4196 1726 4265 γινώσκοντος

139 4293 240 4346 καὶ
272 4292 663 4363 ὁμολογοῦντός
704 4310 762 4345 σε
804 4292 1035 4362 ποιητὴν
1069 4292 1165 4344 κα).
1191 4288 1495 4361 προνοητὴν
1544 4288 1727 4356 πάσης

140 4383 401 4445 κτίσεως.
471 4382 785 4452 Πηγασάτω
846 4384 905 4434 ὲν
965 4382 1090 4451 ἐμοὶ
1147 4380 1209 4433 τδ
1283 4380 1375 4432 σὺν
1434 4378 1726 4448 ἁλλόμενον

140 4472 294 4545 ὕδωρ
322 4470 455 4543 (54)
480 4475 575 4525 καὶ
598 4471 807 4541 δοθήτω
841 4489 930 4542 μοι
958 4470 1115 4540 λόγος
1156 4472 1216 4524 ὲν
1244 4469 1445 4534 ἀνοίξει
1474 4466 1568 4521 τοῦ
1602 4469 1726 4520 στό-

144 4580 321 4632 ματος
363 4561 509 4633 (55).
545 4564 639 4617 καὶ
677 4563 801 4625 νοῦς
840 4562 1021 4625 καλῶς
1055 4562 1391 4633 ἡδρασμένος
1440 4561 1498 4612 ὲν
1530 4560 1615 4613 σοὶ
1646 4560 1723 4629 τῷ
1757 4585 1801 4640 D

138 4656 531 4725 ἀκρογωνιαίῳ
568 4655 699 4725 λίθῳ
729 4654 863 4725 (56),
889 4656 976 4708 ἵνα
1006 4654 1308 4724 δυνήσομαι
1345 4656 1373 4707 ὁ
1399 4654 1616 4723 ἀχρεῖος
1645 4654 1724 4705 οἰ-

139 4750 315 4816 κέτης
346 4764 440 4800 σου
468 4747 825 4815 καταγγεῖλαι
849 4745 927 4816 τῷ
952 4744 1070 4817 ἐμῷ
1093 4746 1400 4815 γεννήτορι,
1431 4745 1506 4807 ὡς
1538 4744 1638 4807 δεῖ,
1662 4747 1724 4797 τὸ

143 4839 454 4908 μυστήριον
485 4838 584 4908 τῆς
615 4842 715 4908 σῆς
737 4838 1071 4908 οἰκονομίας,
1101 4838 1198 4891 καὶ
1224 4837 1529 4907 ἀποστῆσαι
1560 4836 1724 4888 αὑτὸν

139 4932 207 5001 τῇ
245 4930 319 4999 σῇ
363 4927 589 4997 δυνάμει
632 4927 731 4996 τῆς
772 4927 1006 4998 ματαίας
1058 4927 1265 4997 πλάνης
1313 4926 1420 4979 τῶν
1472 4924 1726 4996 πονηρῶν

126 5020 443 5091 ⁴δαιμόνων,
473 5021 570 5073 καὶ
597 5022 965 5089 προσαγαγεῖν
998 5036 1080 5072 σοι
1106 5018 1181 5088 τῷ
1206 5018 1325 5089 Θεῷ
1352 5017 1447 5072 καὶ
1465 5019 1725 5091 δεσπότῃ,

139 5112 220 5184 τῷ
249 5112 332 5184 μὴ
360 5111 668 5184 βουλομένῳ
690 5113 782 5166 τὸν
813 5113 1044 5167 θάνατον
1061 5115 1094 5185 ἡ
1102 5113 1219 5183 μῶν
1239 5112 1347 5165 τῶν
1367 5111 1726 5184 ἀμαρτῶλων,
1748 5182 1751 5185 Α

215 5337 337 5472 (ιθζ
362 5337 508 5393 Psal.
540 5352 718 5399 cxuv,
746 5336 797 5401 Ι,
822 5338 876 5391 5.

216 5411 315 5469 (50
371 5410 511 5462 Psal.
540 5424 624 5471 cv,
654 5409 707 5461 2.

216 5409 337 5471 (50)
371 5410 511 5462 Psal.
540 5424 624 5471 cv,
654 5409 707 5461 2.

218 5479 335 5545 (51)
367 5480 508 5533 Psat.
542 5494 708 5542 cun,
740 5482 793 5534 8.

219 5550 338 5619 (52)
370 5548 560 5619 Matth.
595 5566 677 5613 ιιι,
706 5551 759 5605 9.

218 5616 337 5686 ('53)
369 5618 526 5689 Conf.
558 5635 677 5689 pag.
715 5619 853 5677 286.
889 5635 942 5671 ιι.
977 5618 1065 5681 58,
1100 5616 1286 5689 ξῑθμιθ
1319 5618 1419 5671 ltac
1451 5617 1754 5689 Pentapoli.

1836 593 2084 661 lacrymis
2109 592 2475 661 perfundebat,
2496 593 2649 643 simul
2679 600 2731 644 et
2765 592 2985 648 Dumino
3001 596 3396 665 gratiasagens,

1834 693 1887 737 ct
1911 683 1979 738 ad
2010 683 2176 751 ipsius
2208 680 2566 734 laudationem
2595 681 2967 735 exsultatinnis
2992 683 3126 738 labia
3157 700 3402 747 movens,

1837 776 2025 842 hisque
2051 772 2228 827 verbis
2253 782 2407 825 utens
2435 788 2447 823 :

1909 863 2167 919 Exaltabo
2190 872 2262 929 te,
2288 863 2426 916 Deus
2446 877 2594 915 meus
2620 862 2751 925 Rex,
2777 874 2832 917 et
2854 862 3162 916 benedicam
3194 866 3395 919 nomini

1837 963 1928 1008 tuo
1960 954 2011 1007 in
2042 953 2315 1015 saculum,
2348 962 2399 1005 et
2432 950 2486 1005 in
2526 952 2781 1005 saeculum
2830 952 3029 1005 saeculi.
3061 952 3279 1019 Magnus
3324 970 3404 1016 es,

1837 1044 2082 1107 Domine,
2106 1053 2161 1097 et
2188 1042 2465 1097 laudabilis
2486 1042 2659 1106 valde,
2689 1051 2740 1096 et
2772 1042 3149 1109 magnitudinis
3173 1054 3276 1095 tua:
3300 1058 3405 1096 non

1835 1148 1917 1190 est
1946 1136 2066 1190 linis
2110 1134 2511 1203 (Psal.cxuv).
2571 1133 2635 1187 Et
2691 1132 2813 1201 quis
2860 1131 3104 1201 loquetur
3144 1136 3409 1201 potentias

1836 1234 1954 1279 tuas
1979 1265 1994 1290 ,
2034 1224 2241 1278 auditas
2280 1225 2437 1277 faciet
2475 1236 2659 1276 omnes
2695 1222 2875 1277 laudes
2916 1232 3032 1275 tuas
3075 1221 3246 1294 (Paul.
3280 1222 3408 1290 cv)?

1835 1319 1931 1387 Qui
1955 1317 2267 1372 convenisti
2298 1328 2501 1384 petram
2531 1317 2581 1369 in
2605 1327 2790 1385 stagna
2814 1328 3097 1384 aquarum,
3122 1322 3177 1366 et
3222 1328 3406 1382 rupem

1836 1410 1886 1463 in
1914 1408 2086 1463 fontes
2106 1420 2359 1475 aquarum
2389 1406 2563 1471 (Ρωι.
2596 1406 2771 1474 cxnt).
2797 1405 2874 1460 En
2899 1406 3039 1459 enim
3062 1405 3220 1459 etiam
3249 1420 3409 1473 rupes

1830 1497 1971 1570 lucc,
2002 1511 2066 1550 ac
2090 1512 2220 1564 rupe
2242 1496 2425 1550 durius
2454 1496 2620 1564 patris
2645 1497 2747 1549 mei
2778 1508 2980 1564 pectus,
3015 1505 3102 1549 tua
3135 1494 3410 1549 Voluptate

1836 1588 2170 1659 certeinstar
2194 1587 2485 1641 emollitum
2510 1596 2609 1641 est.
2640 1587 2794 1641 Potes
2820 1590 2962 1639 enim
2992 1587 3153 1639 etiam
3175 1598 3237 1638 ex
3272 1584 3407 1651 lapi-

1837 1679 1991 1732 dibus
2010 1680 2246 1732 excitare
2269 1679 2407 1731 lilios
2437 1677 2667 1733 Abrahae
2689 1678 2904 1746 (Matth.
2939 1677 3042 1745 ιιι).
3069 1677 3278 1731 Gratias
3310 1676 3407 1728 tibi

1836 1783 1958 1838 ago,
1982 1769 2209 1836 benigne
2233 1768 2453 1822 Domine
2474 1782 2538 1821 ac
2562 1769 2698 1821 Dens
2728 1769 3125 1832 misericordias,
3157 1767 3409 1834 quoniam

1757 1850 1793 1901 Β
1842 1860 1892 1911 in
1925 1858 2153 1926 peccatis
2184 1858 2382 1910 nostris
2416 1857 2633 1911 lt-nitate
2664 1872 2793 1911 usus
2818 1872 2898 1921 es,
2931 1866 3090 1924 atque
3117 1857 3409 1909 etiamnum

1838 1952 2024 2015 uteris,
2056 1959 2109 2004 et
2131 1952 2195 2004 ad
2228 1949 2365 2003 hunc
2389 1964 2555 2017 usque
2584 1950 2725 2003 diem
2755 1950 3040 2017 impunitos
3064 1963 3160 2001 nos
3195 1950 3409 2017 reliqui-

1837 2045 1901 2098 sti
1934 2043 2146 2110 (Basil.,
2198 2044 2289 2095 lib.
2337 2042 2513 2096 Const.
2546 2057 2590 2093 c.
2622 2042 2697 2111 l).
2731 2041 2861 2094 Nam
2912 2056 3008 2095 nos
3044 2039 3253 2107 quidem
3297 2039 3406 2107 jatn

1838 2134 2039 2203 pridem
2079 2149 2106 2187 a
2140 2144 2226 2187 tua
2258 2132 2394 2186 facie
2432 2133 2589 2199 abjici
2620 2133 2977 2194 merebamur,
3022 2140 3181 2199 atque
3226 2130 3277 2185 in
3310 2132 3409 2183 hac

1837 2228 1941 2279 vita
1980 2225 2189 2293 publica
2220 2221 2435 2277 infamia
2469 2222 2659 2286 notari,
2685 2221 3132 2291 quemadmodum
3164 2222 3405 2275 scelerati

1837 2317 1911 2373 illi
1940 2316 2308 2385 Pentapolim),
2340 2316 2428 2386 qui
2464 2316 2566 2384 igni
2613 2329 2676 2369 ac
2722 2314 2981 2382 sulphure
3008 2312 3405 2381 conﬂagrarunt

1837 2408 1989 2480 (Gen.
2011 2410 2143 2481 xu).
2170 2411 2236 2463 At
2275 2410 2533 2478 patientia
2564 2418 2620 2461 et
2645 2405 3074 2473 incomparabilis
3100 2404 3287 2460 lenitas
3319 2415 3407 2459 tua

1837 2501 2063 2570 benigne
2093 2501 2369 2555 nobiscum
2405 2498 2529 2567 egit.
2561 2497 2771 2554 Gratias
2800 2497 2891 2551 tibi
2919 2511 3016 2564 ago
3042 2495 3288 2564 indignus
3309 2511 3409 2564 ego

1837 2606 1898 2645 ac
1927 2590 2282 2657 desilicabilis,
2324 2589 2531 2644 etiamsi
2560 2590 2869 2659 benignitati
2901 2603 3003 2641 tum
3045 2587 3318 2641 laudandae
3346 2600 3410 2639 ac

1837 2680 2165 2749 celebrandae
2196 2682 2363 2748 impar
2389 2694 2527 2732 sum.
2559 2678 2633 2731 Ac
2665 2686 2736 2740 te,
2773 2678 2993 2730 Domine
3015 2677 3142 2730 Jesu
3168 2672 3403 2739 Chris:e,

1838 2769 2115 2824 invisibilis
2157 2768 2331 2822 Patris
2372 2768 2469 2821 Fili
2514 2783 2576 2821 ac
2598 2766 2854 2829 Verbum,
2894 2767 2980 2836 qui
3020 2766 3195 2820 omnia
3246 2765 3409 2819 verbo

1838 2860 2153 2931 produxisti,
2204 2875 2266 2914 ac
2294 2862 2567 2914 voluntate
2607 2867 2694 2912 tua
2737 2858 2979 2911 contines
3009 2866 3065 2912 et
3104 2859 3287 2921 tueris,
3318 2860 3407 2927 qni

1839 2955 1894 3008 in
1922 2954 2064 3020 ligno
2081 2961 2335 3006 extensus
2361 2965 2440 3015 es,
2479 2965 2543 3005 ac
2570 2950 2760 3003 fortem
2788 2949 3000 3003 vinxisti
3033 2947 3243 3018 (Matth.
3282 2949 3404 3019 xit),

1838 3042 2012 3109 iisque
2034 3041 2125 3110 qui
2152 3041 2218 3094 ab
2250 3056 2316 3094 eo
2359 3040 2517 3094 vincti
2549 3040 2890 3105 tenebantur,
2920 3040 3301 3106 sempiternam
3344 3039 3408 3092 li-

1836 3132 2093 3186 bertatem
2138 3132 2394 3195 attulisti;
2431 3142 2481 3185 te
2512 3131 2726 3201 inquam
2755 3147 2849 3200 per
2888 3132 3258 3186 miserationes
3291 3142 3408 3186 tuas

1751 3212 1795 3270 C
1835 3222 2092 3284 obtestor,
2128 3232 2186 3275 ut
2208 3238 2348 3275 nunc
2378 3237 2591 3291 quoque
2631 3222 2947 3275 invisibilem
2975 3230 3028 3274 et
3057 3224 3293 3277 omnium
3326 3238 3409 3275 re-

1834 3329 1951 3369 rum
1997 3314 2318 3367 effectricem
2370 3328 2584 3367 manum
2616 3322 2756 3366 tuam
2788 3313 3063 3375 extendas,
3098 3328 3158 3367 ac
3193 3328 3405 3366 servum

1834 3413 1983 3459 tuum
2015 3414 2070 3459 et
2108 3416 2309 3471 patrem
2340 3420 2514 3457 meum
2548 3420 2612 3457 ex
2640 3405 2785 3472 gravi
2831 3405 2916 3455 illa
2955 3402 3149 3456 diaboli
3181 3405 3405 3472 captivi-

1836 3503 1945 3549 tate
1975 3508 2198 3563 prorsus
2250 3495 2467 3559 liberes,
2513 3505 2669 3561 teque
2709 3492 3029 3560 sempiterna
3076 3495 3180 3545 vita
3214 3494 3405 3561 pracdi-

1841 3595 1973 3647 tnm,
2015 3594 2069 3639 et
2093 3600 2275 3639 verum
2311 3587 2473 3639 Deum
2506 3600 2568 3638 ac
2588 3586 2759 3639 solum
2791 3586 3141 3639 immortalem
3174 3595 3229 3638 et
3253 3596 3407 3639 teter-

1832 3694 1957 3732 nuin
1991 3679 2187 3748 Regem
2222 3694 2340 3732 esse
2380 3678 2715 3746 apertissime
2743 3679 2838 3745 ipsi
2886 3677 3160 3733 ostendas.
3189 3676 3408 3731 Contri-

1832 3772 2029 3826 tioncm
2070 3786 2252 3840 quaeso
2288 3771 2451 3823 animi
2498 3772 2598 3824 mei
2643 3770 2870 3838 propitio
2900 3784 2962 3822 ac
3004 3768 3208 3836 placido
3251 3773 3408 3823 oculo

1831 3862 2032 3930 aspice,
2072 3877 2135 3916 ac
2166 3877 2263 3930 pro
2291 3876 2350 3916 ea
2369 3872 2464 3915 .tua
2495 3861 2897 3929 pollicitatione,
2921 3862 2971 3913 in
2994 3875 3151 3929 quam
3186 3863 3406 3914 menda-

1831 3954 1974 4007 ciuin
2004 3968 2111 4006 non
2160 3956 2323 4017 cadit,
2374 3967 2403 4005 a
2436 3958 2569 4006 me;s
2601 3951 2838 4019 partibus
2867 3958 2971 4014 sta,
3008 3952 3094 4017 qni
3142 3961 3191 4004 te
3232 3967 3407 4003 rerum

1833 4047 2068 4101 omnium
2120 4046 2448 4113 eﬂ'ectorem,
2498 4048 2852 4108 conditorem,
2906 4055 2961 4098 et
3000 4044 3408 4115 gubernatorem

1834 4137 2095 4191 conﬁteor
2132 4147 2186 4191 et
2214 4152 2467 4207 agnosco.
2503 4136 2658 4190 Fluat
2702 4136 2754 4188 in
2800 4149 2887 4189 me
2915 4134 3111 4187 saliens
3156 4147 3287 4200 aqua
3323 4144 3407 4183 tua

1834 4232 2020 4299 (Joan.
2064 4234 2165 4299 tv),
2207 4234 2469 4300 deturque
2514 4231 2641 4284 mibi
2677 4244 2856 4284 sermo
2906 4227 2956 4280 in
2990 4226 3264 4291 apertione
3303 4227 3412 4276 oris

1836 4321 2050 4393 (Ephes.
2076 4323 2174 4391 vr),
2198 4337 2260 4373 ac
2299 4321 2533 4374 mensin
2565 4330 2617 4372 te
2658 4316 2895 4384 angulari
2937 4315 3110 4383 lapide
3144 4322 3289 4366 recte
3319 4312 3409 4365 de-

1835 4417 1965 4481 tixa,
1984 4423 2043 4469 ut
2062 4428 2183 4484 ego,
2208 4413 2408 4466 inutilis
2427 4427 2613 4467 servus
2633 4421 2774 4469 tuus.
2796 4408 2928 4475 patri
2955 4421 3072 4460 meo
3095 4405 3414 4459 incarnatio-

1834 4506 1921 4560 nis
1958 4516 2058 4558 tua:
2091 4504 2425 4574 mysterium,
2474 4505 2547 4555 uti
2585 4516 2680 4569 par
2716 4510 2819 4564 est,
2846 4510 3156 4564 ,exponere,
3197 4504 3355 4560 atque
3380 4508 3411 4546 a

1835 4612 1974 4652 vano
2002 4597 2379 4665 pestiferorum
2426 4595 2726 4647 daemonum
2758 4604 2940 4643 errore
2980 4604 3075 4655 per
3121 4587 3409 4655 potentiam

1836 4701 1983 4745 tuam
2023 4689 2197 4758 ipsum
2226 4685 2513 4746 abducere,
2564 4684 2765 4751 tibique
2798 4682 2907 4734 Deo
2938 4694 3001 4732 ac
3041 4677 3285 4741 Domino,
3318 4678 3409 4743 qui

1836 4796 1943 4833 nou
1968 4780 2047 4833 vis
2078 4786 2305 4832 mortem
2338 4785 2704 4847 peccatorum,
2737 4774 2829 4824 sed
2878 4784 3060 4823 eorum
3094 4766 3409 4833 resipiscen~

1837 4869 1963 4920 tiatu
1993 4882 2057 4921 ac
2080 4867 2446 4923 paenitentiam
2475 4874 2755 4926 exspectas
2787 4859 2999 4928 (Ezech.
3026 4854 3203 4924 xvtn),
3231 4856 3410 4908 conci-

1848 4970 1977 5022 l.are
2022 4982 2234 5034 queam.
2292 4962 2552 5031 Quoniam
2601 4971 2655 5015 tu
2707 4961 2970 5029 gloriosns
3022 4974 3081 5012 es
3128 4956 3179 5012 in
3219 4956 3411 5011 stecnla

1846 5073 2160 5114 saeculorum
2169 5096 2182 5111 .
2207 5076 2244 5111 Α
2255 5071 2373 5111 men
2382 5079 2396 5107 '.

220 5682 338 5759 (ἔνι)
369 5688 525 5743 Joan.
559 5682 773 5753 ινξηε
805 5690 877 5742 Τὸ
904 5688 1069 5758 ὕδωρ,
1098 5687 1124 5739 ὃ
1156 5687 1312 5759 δώσω
1353 5687 1522 5759 αὐτῷ,
1555 5682 1844 5759 γενήσεται
1879 5688 1937 5738 ὲν
1968 5686 2115 5755 αὑτῴ
2138 5688 2310 5759 Απηγὴ
2348 5686 2533 5747 ’ὑδατος
2562 5686 2855 5755 ἁλλομένου
2882 5688 2960 5749 εἰς
2998 5686 3140 5755 ζωὴν
3173 5682 3405 5743 αἰώνιον.

220 5756 339 5827 (55)
374 5761 543 5829 Epist.
582 5766 647 5813 ad
686 5759 883 5829 Ephes.
914 5775 984 5823 Vt,
1018 5756 1083 5813 i9
1116 5773 1127 5809 :
1167 5757 1282 5812 ’Ὶνα
1313 5775 1401 5830 μοι
1428 5758 1553 5828 δοοῇ
1591 5757 1725 5827 λόγος

1849 5759 2048 5823 ἀνοίξει
2070 5756 2163 5809 τοῦ
2194 5756 2459 5828 στόματός
2488 5774 2588 5829 μου
2620 5760 2677 5811 ὲν
2717 5759 3021 5828 παρρησίᾳ.

221 5830 337 5903 (56)
367 5830 526 5886 Conf.
564 5838 604 5884 t.
636 5830 700 5897 ιι,
728 5847 779 5901 ρ.
814 5832 932 5897 us,
973 5848 1023 5883 ιι.
1057 5831 1108 5886 t.
