4026 6422
624 376 756 445 1187
2085 388 2200 448 AD]

2312 386 2463 448 iDA.
3772 384 3901 445 1'63

619 486 737 540 αλλ’
789 490 1118 565 ἀναμένοντι
1163 497 1263 569 τὴν
1326 498 1665 572 ἐπιστροφὴν
1725 498 1821 553 καὶ
1876 501 1977 567 τὴν
2030 498 2358 566 μετάνοιαν,
2404 497 2486 547 ὅτι
2536 491 2925 563 δεδοξασμένος
2977 486 3032 545 εἴ
3088 493 3167 554 εἰς
3219 492 3349 553 τοὺς
3417 490 3644 549 αἰῶνας.
3707 494 3896 555 Ἀμήν.

694 590 826 643 Cum
859 592 924 645 ad
969 592 1108 645 hunc
1136 599 1348 645 modum
1372 605 1594 656 orasset,
1632 604 1792 660 atque
1822 594 1923 645 hoc
1944 592 2043 645 sibi
2069 607 2190 660 per-

2384 594 2575 659 Οὖτως
2616 594 2915 665 εὐξάμενος
2952 597 3047 651 καὶ
3096 595 3476 668 πληροφορίαν
3511 594 3695 649 λαϐὼν
3728 596 3806 664 μὴ
3838 594 3902 646 δι-

618 682 900 746 Suasisset,
924 695 981 734 se
1009 682 1112 735 voti
1134 682 1217 734 sui
1238 691 1538 750 compotem
1571 681 1829 747 futurum,
1861 679 2062 736 Christi
2090 683 2189 736 mi-

2314 703 2429 755 αμα
2438 686 2584 756 ρτεῖν
2597 685 2690 738 τοῦ
2715 686 3145 760 ποθουμένου,τῇ
3165 686 3543 758 εὐσπλαγχνίᾳ
3557 686 3653 739 τοῦ
3668 688 3712 739 Χ
3724 687 3899 755 ριστοῦ

621 770 909 823 Sericordia
932 769 1120 837 fretus,
1162 771 1310 826 illinc
1339 788 1459 825 cum
1489 775 1635 841 regio
1661 772 1909 827 satellitio
1937 774 2183 842 excessit,

623 869 779 928 atque
824 863 889 915 ad
937 864 1098 930 patris
1140 863 1393 933 palatium
1429 878 1551 918 sese
1598 865 1846 919 contulit.
1901 864 1968 921 Ut
2015 876 2192 921 autem

630 961 776 1016 pater
802 950 869 1005 de
899 952 989 1006 lilii
1034 954 1259 1008 adventu
1305 955 1500 1009 certior
1548 956 1713 1008 factus
1760 964 1860 1020 est,
1894 957 2072 1010 statim
2098 956 2194 1011 ob-

630 1041 764 1093 viam
794 1040 842 1093 ei
873 1041 1068 1110 prodit,
1101 1052 1260 1111 atque
1290 1044 1460 1111 ipsum
1486 1046 1859 1114 complectitur
1886 1056 1940 1100 et
1970 1062 2189 1101 exoscu-

629 1126 785 1192 latur,
821 1128 991 1198 deque
1022 1132 1188 1198 ipsius
1217 1132 1442 1186 adventu
1476 1135 1701 1187 maxima
1732 1136 2002 1203 voluptate
2028 1136 2197 1191 afﬁci-

630 1229 734 1281 tur,
768 1219 1142 1290 publicumque
1174 1237 1235 1276 ac
1262 1224 1496 1277 solemne
1523 1225 1713 1278 festum
1756 1226 2011 1281 celebrat.
2056 1227 2193 1293 Quid

628 1317 805 1361 autem
836 1311 1054 1376 postea?
1084 1312 1322 1365 Remotis
1349 1313 1586 1377 arbitris,
1633 1328 1736 1367 una
1784 1315 2081 1369 consident.
2128 1317 2197 1371 Et

627 1400 747 1465 quis
774 1400 983 1453 tandem
1015 1416 1107 1455 eos
1135 1417 1429 1467 sermones,
1462 1419 1593 1472 quos
1620 1414 1724 1457 tum
1758 1406 1895 1458 lilius
1920 1405 1987 1459 ad
2014 1420 2193 1475 regem

630 1488 834 1550 habuit,
863 1498 915 1542 et
944 1500 1135 1558 quanta
1182 1507 1303 1546 cum
1344 1493 1605 1562 sapientia
1650 1494 1924 1561 disseruit,
1951 1495 2054 1551 ulla
2084 1510 2196 1550 ora—

631 1578 773 1633 tione
794 1582 1072 1649 complecti
1096 1583 1292 1650 queat?

709 1690 843 1756 Quid
880 1693 1020 1745 enim
1049 1692 1186 1744 aliud
1220 1690 1557 1762 loquebatur,
1591 1710 1747 1764 quam
1778 1710 1897 1765 quae
1930 1695 2029 1766 ipsi
2069 1699 2202 1751 adi-

2315 778 2619 852 θαρῤήσας,
2666 778 2869 850 ἐξάρας
2911 779 3124 833 ἐκεῖθεν
3177 780 3316 852 μετὰ
3348 780 3451 848 τῆς
3500 778 3796 849 βασιλικῆς
3828 779 3900 832 δοο

2316 870 2603 942 ρυφορίας,
2623 871 2691 924 τά
2707 870 2954 941 βασίλεια
2971 871 3383 942 καταλαμϐάνει
3402 870 3495 923 τοῦ
3523 870 3655 923 ἰδίου
3677 870 3897 937 πατρός.

2326 965 2418 1027 Ὠς
2446 963 2504 1016 δὲ
2538 962 2615 1033 τῷ
2643 964 2813 1034 πατρὶ
2845 963 3125 1034 ἀνηγγέλη
3163 966 3196 1034 ἠ
3227 963 3413 1032 ἄφιξις
3448 961 3542 1016 τοῦ
3573 963 3691 1015 υἱοῦ
3711 1002 3727 1023 ,
3759 960 3909 1047 ὲξὲρη

2314 1072 2467 1126 χεται
2504 1056 2668 1120 εὐθὺς
2714 1058 2797 1120 εἰς
2852 1056 3178 1126 συνάντησιν
3233 1056 3443 1125 αὐτῷ»
3475 1054 3895 1126 περιπλέκεται,

2317 1146 2638 1217 καταφιλεῖ,
2684 1146 2951 1218 μεγίστην
2990 1149 3226 1200 ποιεῖται
3270 1146 3450 1217 χαρὰν
3492 1146 3587 1199 καὶ
3634 1144 3894 1215 δημοτελῆ

2317 1237 2510 1309 ἑορτὴν
2542 1238 2635 1291 ἐπὶ
2682 1240 2747 1307 τῇ
2784 1236 3060 1309 παρουσίᾳ
3103 1235 3199 1290 τοῦ
3246 1237 3364 1290 υἱοῦ
3409 1236 3601 1291 αὐτοῦ.
3641 1236 3706 1288 Τί
3754 1236 3813 1287 δὲ
3848 1237 3896 1287 τὸ

2321 1332 2457 1401 μετὰ
2505 1330 2719 1397 ταῦτα;
2771 1332 3205 1401 Συγωθέξονται
3260 1333 3583 1403 καταμόνας
3631 1332 3890 1400 ἀλλήλοκ.

2318 1424 2428 1477 Καὶ
2456 1423 2509 1475 τί
2542 1423 2609 1478 ἄν
2640 1440 2724 1487 τις
2753 1424 2897 1477 εῐποι
2932 1424 3079 1495 ἅπερ
3112 1424 3410 1478 διείλεκται
3437 1424 3559 1477 τότε
3585 1424 3667 1494 τῷ
3697 1422 3895 1493 βασιλεῖ

2317 1517 2347 1569 ὁ
2370 1516 2483 1580 υἱὸς
2508 1516 2605 1570 κα)⁵
2639 1515 2758 1585 μεθ’
2788 1516 2921 1585 ὅσης
2947 1516 3049 1587 τῆς
3085 1515 3443 1586 φιλοσοφίαιςῖ

2388 1691 2454 1745 Τί
2508 1692 2565 1745 δὲ
2614 1691 2744 1747 ἄλλο
2792 1710 2857 1760 γε
2910 1692 2943 1763 ἢ
2992 1693 3062 1747 τὰ
3112 1692 3190 1764 τῷ
3246 1692 3378 1763 θείῳ
3420 1692 3703 1763 Πνεύματι
3760 1691 3893 1760 αὐτῷ

638 1782 764 1835 vino
795 1783 1015 1849 Spiritu,
1052 1799 1146 1851 per
1192 1800 1348 1854 quem
1390 1798 1678 1854 piscatores
1715 1804 2018 1845 universum
2048 1808 2200 1845 ruun-

2320 1784 2711 1854 ύπηχούμενα,
2742 1783 2908 1856 316
2941 1784 3007 1837 δι’
3038 1779 3099 1839 οὗ
3131 1787 3180 1839 οἱ
3214 1786 3388 1849 ἁλιεῖς
3422 1785 3786 1856 σαγηνεύουσι
3829 1783 3893 1853 τῷ

638 1873 762 1927 dum
794 1874 1005 1929 Christo
1037 1877 1361 1942 irretierunt,
1405 1888 1460 1933 et
1489 1881 1783 1935 litterarum
1815 1892 2061 1950 expertes
2083 1898 2207 1938 eru-

638 1965 763 2019 ditis
789 1966 916 2019 viris
941 1968 1182 2023 doctrina
1226 1969 1603 2038 prmStiterunt,
1650 1971 2073 2028 instillabantur?
2104 1974 2204 2029 Per

635 2058 753 2126 ejus
776 2059 999 2128 gratiam
1031 2062 1142 2128 ipse
1177 2076 1388 2130 quoque
1428 2063 1667 2117 eruditus
1695 2065 2091 2132 etinstructus,
2137 2068 2203 2121 ad

636 2164 818 2219 regem
846 2152 1002 2205 verba
1027 2152 1276 2219 faciebat,
1301 2155 1535 2209 scientiae.
1564 2155 1681 2210 luce
1712 2172 1831 2211 eum
1863 2158 2202 2212 collustrans.

637 2240 714 2294 Ac
762 2242 909 2309 prius
961 2243 1202 2311 quidem,
1258 2260 1376 2298 cum
1410 2254 1467 2299 ut
1512 2256 1716 2315 patrem
1768 2263 1797 2302 a
1836 2251 2206 2317 superstitioso

635 2343 819 2384 errore
844 2331 1199 2399 abstraheret,
1232 2334 1323 2387 diu
1356 2337 1685 2405 multumque
1728 2338 2044 2408 laborasset,
2075 2341 2205 2396 nihil

636 2435 741 2475 non
786 2422 966 2477 dicens
995 2432 1087 2477 aut
1127 2424 1347 2495 faciens,
1399 2443 1503 2498 quo
1555 2431 1718 2498 ipsius
1767 2434 1998 2485 animum
2041 2433 2107 2486 ad
2148 2447 2207 2487 se

638 2512 896 2577 alliceret,
927 2512 1122 2569 frustra
1153 2526 1326 2572 tamen
1365 2533 1557 2574 canere
1587 2536 1649 2575 ac
1685 2520 1848 2575 surdo
1886 2521 2031 2591 quui
2061 2522 2207 2577 vide-

635 2602 811 2658 batur.
839 2604 908 2659 At
941 2621 1061 2660 cum
1092 2606 1348 2664 Dominus
1387 2610 1730 2668 afflictionem
1759 2614 1899 2667 servi
1941 2616 2024 2670 sui
2056 2614 2209 2670 Josa-

637 2695 767 2762 that
789 2697 1044 2765 inspexit,
1076 2709 1259 2770 atque,
1283 2702 1547 2759 exauditis
1570 2704 1737 2774 ipsius
1767 2705 2034 2775 precibus,
2060 2708 2207 2763 clau-

636 2798 725 2839 sas
753 2789 922 2854 patris
954 2788 1119 2857 ipsius
1144 2792 1336 2859 januas
1365 2791 1613 2862 patefecit
1658 2796 2008 2866 (voluntatem
2040 2798 2205 2867 enim,

639 2868 809 2943 inquit
836 2875 924 2930 ille
954 2875 1126 2949 [Ρεαί.
1151 2879 1351 2951 cxur],
1394 2883 1692 2939 timentium
1722 2899 1781 2940 se
1807 2885 1985 2953 faciet,
2025 2895 2080 2941 et
2114 2888 2202 2944 de-

641 2968 1005 3033 precationem
1037 2984 1221 3023 eorum
1273 2975 1565 3044 exaudiet),
1600 2986 1709 3030 tum
1752 2976 1977 3045 denique
2007 2994 2099 3033 rex
2146 2997 2206 3038 ea

640 3070 759 3121 qua:
784 3056 1095 3113 dicebantur
1121 3058 1278 3115 facile
1303 3063 1651 3134 intelligebat,
1680 3067 1813 3121 adeo
1843 3078 1918 3137 ut,
1948 3080 2206 3139 opportu-

639 3160 764 3199 num
800 3155 1007 3217 tempus
1034 3160 1217 3205 nactus
1250 3152 1391 3206 filius
1414 3168 1510 3222 per
1540 3153 1733 3228 Chrisd
1763 3160 1984 3227 gratiam
2010 3160 2203 3217 adver-

639 3250 732 3290 sus
757 3238 1027 3307 improbos
1048 3242 1267 3309 spiritus
1292 3244 1380 3313 qui
1405 3246 1567 3314 patris
1595 3249 1771 3302 animo
1796 3249 2202 3306 dominabantur

640 3328 921 3384 victoriam
980 3332 1384 3402 adipisceretur,
1432 3336 1712 3408 ipsumque
1761 3340 1975 3395 illorum
2022 3357 2204 3398 errore

637 3432 797 3490 atque
819 3420 1114 3492 impostura
1145 3428 1291 3481 omni
1314 3443 1379 3483 ex
1407 3441 1557 3499 parte
1588 3432 1860 3500 liberaret,
1888 3435 2201 3490 salutarem-

636 3528 741 3581 que
770 3514 1064 3570 doctrinam
1096 3519 1381 3587 perspicue
1412 3519 1510 3589 ipsi
1537 3523 1793 3594 traderet,
1822 3539 1883 3579 ac
1911 3526 2112 3580 caelesti
2152 3535 2205 3581 et

638 3604 759 3674 vivo
790 3604 897 3660 Deo
926 3606 1097 3675 ipsum
1127 3608 1455 3665 conciliaret.

710 3694 980 3764 Principio
1006 3696 1150 3752 enim
1176 3699 1335 3754 altius
1374 3717 1619 3766 exorsus,
1660 3705 1759 3772 ipsi
1785 3720 2001 3773 magnas
2027 3716 2078 3759 et
2107 3708 2202 3760 ad-

636 3786 910 3843 mirandas
939 3805 1027 3843 res
1049 3805 1181 3859 quas
1212 3793 1357 3861 prius
1383 3808 1481 3848 nec
1507 3795 1867 3858 intellexerat,
1900 3812 1995 3850 nec
2027 3799 2205 3852 cordis

633 3880 853 3934 auribus
905 3893 1236 3951 perceperat,
1277 3885 1625 3939 annuntiavit.
1658 3886 1867 3940 Etenim
1899 3887 2105 3955 longam
2137 3889 2203 3943 ad

635 3988 756 4033 eum
790 3974 857 4029 de
904 3975 1013 4029 Deo
1039 3976 1334 4032 orationem
1370 3977 1575 4046 habuit,
1610 3980 1856 4049 piamque
1903 3980 2199 4037 doctrinam

634 4063 739 4131 ipsi
787 4066 1022 4121 ostendit
1064 4068 1303 4138 (nempe,
1344 4069 1483 4138 quod
1522 4086 1624 4123 non
1653 4072 1717 4124 sit
1751 4071 1883 4124 alius
1913 4071 2043 4131 deus
2090 4086 2204 4127 sur-

631 4168 775 4221 sum,
806 4164 1004 4225 praeter
1034 4172 1195 4211 unum
1246 4158 1434 4223 Deum,
1468 4163 1555 4229 qui
1588 4160 1641 4213 in
1687 4160 1841 4214 Patre
1883 4171 1936 4215 et
1980 4161 2112 4215 Filio
2142 4175 2204 4219 ac

632 4243 836 4313 Spiritu
871 4254 1058 4301 sancto
1088 4248 1441 4319 agnoscitur),
1474 4262 1534 4304 ac
1564 4250 1727 4303 multa
1770 4249 1895 4304 item
1925 4250 2204 4322 theologica

630 4351 824 4390 arcana
854 4338 954 4407 ipsi
985 4341 1212 4406 aperuit.
1257 4339 1551 4411 Posteaque
1580 4344 1738 4396 etiam
1780 4358 1839 4397 ea
1870 4358 1987 4412 quze
2011 4343 2075 4397 ad
2119 4360 2204 4399 re-

2316 1875 2537 1946 Χριστῷ
2561 1875 2653 1929 τὸν
2680 1874 2885 1945 κόσμον
2911 1875 3032 1929 ὅλον
3060 1877 3195 1948 (57),
3223 1878 3320 1931 καὶ
3340 1877 3388 1930 οἱ
3416 1877 3778 1947 ἀγράμματοι
3800 1877 3893 1928 τῶν

2317 1965 2503 2035 σοφῶν
2537 1964 2836 2036 σοφώτεροι
2882 1966 3209 2021 δείκνυνται.
3254 1968 3333 2039 Τῇ
3367 1968 3559 2023 τούτου
3597 1968 3780 2037 χάριτι
3814 1969 3892 2020 καὶ

2315 2058 2478 2121 αὐτὸς
2523 2057 2804 2128 σοφισθεὶς
2841 2059 3027 2113 ἐλάλει
3053 2060 3135 2131 τῷ
3163 2060 3377 2132 βασιλεῖ
3410 2062 3507 2114 καὶ
3554 2061 3742 2130 πατρὶ,
3789 2077 3891 2127 φω-

2314 2150 2478 2215 τίζων
2510 2150 2671 2203 αὐτὸν
2699 2151 2815 2218 φῶς
2840 2150 3119 2220 γνώσεως.
3151 2153 3262 2205 Καὶ
3289 2153 3559 2222 πρότερον
3579 2152 3710 2220 γὰρ,

2315 2243 2590 2308 κοπιάσας
2617 2242 2713 2297 τοῦ
2757 2243 2983 2298 ἑλκύσαι
3023 2244 3122 2316 τῆς
3150 2243 3548 2313 δεισιδαίμονος
3575 2244 3781 2314 πλάνης
3812 2247 3889 2297 τὸν

2316 2335 2552 2407 πατέρα,
2575 2336 2627 2390 τιί
2652 2336 2753 2407 μὲν
2773 2336 2833 2390 οὐ
2857 2336 3055 2405 λέγων,
3090 2336 3143 2389 τί
3170 2336 3225 2390 δὲ
3247 2337 3308 2389 οὐ
3328 2337 3526 2399 ποιῶν,
3549 2336 3689 2390 ὥστε
3716 2338 3885 2390 τοῦτον

2315 2426 2785 2495 ὲπαναγαγέσθαι,
2823 2428 2987 2497 κενὴν
3032 2426 3256 2497 ψάλλειν
3293 2427 3407 2499 (38)
3444 2428 3608 2498 ἐῴκει
3630 2471 3645 2493 ,
3681 2430 3769 2482 καὶ
3818 2430 3884 2489 είς

2314 2510 2429 2569 ὦτα
2465 2516 2641 2585 λέγειν
2676 2515 2752 2587 μὴ
2782 2516 3090 2571 ἀκουόντων
3124 2516 3270 2587 (59)·
3302 2517 3393 2570 ὅτε
3437 2517 3495 2570 δὲ
3538 2518 3827 2587 ἐπέϐλεψεν
3860 2521 3884 2571 ὀ

2316 2609 2522 2681 Κύριος
2546 2611 2641 2662 ἐπὶ
2654 2608 2753 2679 τὴν
2771 2607 3109 2663 ταπείνωσιν
3123 2608 3217 2662 τοῦ
3240 2608 3428 2662 δούλου
3447 2608 3615 2662 αὐτοῦ
3648 2610 3825 2664 Ἱωάσσ
3835 2629 3881 2679 9,

2315 2705 2430 2769 καὶ,
2452 2703 2552 2773 τῆς
2571 2701 2810 2774 δεήσεως
2835 2701 3002 2755 αὐτοῦ
3021 2700 3358 2767 ὑπακούσας,
3382 2701 3486 2765 τὰς
3512 2702 3885 2773 κεκλεισμένας

2317 2795 2492 2859 πύλας
2505 2795 2607 2866 τῆς
2631 2795 2859 2866 καρδίας
2878 2794 2974 2848 τοῦ
2996 2794 3202 2865 πατρὸς
3218 2793 3384 2847 αὐτοῦ
3407 2794 3643 2865 διήνοιξε
3668 2795 3884 2867 (Θέλημα

2314 2889 2443 2958 γάρ,
2481 2888 2614 2959 ςρησ)⁸
2646 2887 2780 2958 (60),
2818 2888 2926 2941 τῶν
2961 2886 3313 2958 φοϐουμένων
3346 2888 3509 2941 αὐτὸν
3543 2889 3768 2959 ποιήσει,
3807 2892 3887 2940 καὶ

2312 2980 2413 3052 τῆς
2439 2980 2677 3051 δεήσεως
2708 2979 2890 3032 αὐτῶν
2919 2977 3340 3049 εἰσακούσεται)
3366 3025 3381 3049 ,
3410 2979 3620 3051 ῥαδίως
3648 2979 3716 3032 τὰ
3745 2980 3884 3048 λεγό-

2318 3088 2455 3142 μενα
2488 3070 2659 3123 συνίει
2696 3072 2725 3123 ό
2769 3067 3060 3140 βασιλεύς·
3112 3068 3278 3135 ὥστε,
3315 3068 3513 3141 καιροῦ
3559 3070 3780 3123 εὐθέτου
3809 3089 3885 3124 τυ-

2315 3164 2503 3233 χόντα,
2550 3163 2643 3216 τὸν
2688 3161 2802 3216 υἱὸν
2841 3165 2907 3233 τῇ
2943 3161 3036 3215 τοῦ
3070 3162 3309 3234 Χριστοῦ
3359 3164 3549 3234 χάριτι
3608 3164 3751 3217 κατὰ
3790 3167 3882 3217 τῶν

2314 3252 2565 3326 πονηρῶν
2609 3250 2739 3323 ἆραι
2781 3254 2938 3325 νίκην
2982 3254 3314 3324 πνευμάτων
3351 3255 3458 3307 τῶν
3494 3259 3882 3326 κυριευσάντων

2311 3346 2413 3416 τῆς
2435 3346 2614 3418 ψυχῆς
2643 3345 2736 3399 τοῦ
2763 3347 2971 3417 πατρὸς
2991 3346 3179 3409 αὐτοῦ,
3215 3347 3309 3400 καὶ
3338 3349 3437 3417 τῆς
3468 3347 3675 3400 τούτων
3697 3347 3881 3417 πλάνης

2312 3437 2496 3491 τέλεον
2539 3437 2905 3508 ἐλευθερῶσαι
2939 3438 3102 3492 αὐτὸν
3122 3477 3137 3501 ,
3170 3438 3264 3492 τὸν
3299 3440 3570 3511 σωτήριον
3602 3439 3659 3492 δὲ
3690 3440 3879 3510 τρανῶς

2310 3530 2578 3602 γνωρίσαι
2623 3530 2781 3599 λόγον
2814 3532 2908 3583 καὶ
2936 3530 3015 3602 τῷ
3044 3531 3103 3583 ἐν
3132 3531 3384 3602 οὐρανοῖς
3414 3532 3699 3585 οἰκειῶσαι
3735 3532 3875 3597 ζῶντι

2310 3618 2450 3672 Θεῶ.

2394 3710 2484 3775 Ἐξ
2513 3709 2691 3781 ἀρχῆς
2736 3709 2846 3783 γάρ
2889 3710 2977 3763 τὸν
3016 3710 3175 3782 λόγον
3208 3712 3498 3767 ἀναλαϐὼν
3524 3755 3539 3780 ,
3575 3714 3871 3786 ἀνήγγειπν

2309 3802 2458 3874 αὐτῷ
2486 3803 2522 3856 δι
2547 3804 2647 3856 ούκ
2681 3803 2796 3873 ᾔδει
2841 3804 3050 3873 μεγάλα
3089 3805 3183 3858 καὶ
3215 3804 3507 3876 θαυμαστά
3532 3848 3546 3871 ,
3580 3806 3618 3861 ἃ
3648 3810 3752 3868 τοῖς
3781 3808 3871 3858 ὠσὶ

2307 3896 2404 3966 τῆς
2429 3895 2656 3967 καρδίας
2679 3897 2777 3948 οὐκ
2806 3896 3058 3968 ἀκηκόει,
3089 3897 3262 3951 πολλὰ
3294 3900 3392 3968 μὲν
3422 3898 3575 3969 αύτῷ
3608 3900 3730 3970 περὶ
3754 3898 3867 3951 Θεοῦ

2307 3987 2469 4058 317
2505 3987 2878 4059 φθεγξάμενος
2910 3989 3008 4042 καὶ
3036 3990 3136 4061 τὴν
3169 3990 3452 4043 εὐσέϐειαν
3488 3992 3864 4061 παραδεικθίις,

2308 4081 2382 4144 ὡς
2406 4080 2505 4133 οὐκ
2553 4080 2701 4134 ἔστιν
2743 4080 2901 4144 ἄλλος
2939 4080 3071 4145 Θεὸς
3110 4083 3170 4135 ὲν
3211 4081 3429 4153 οὐρανῷ
3462 4082 3595 4143 ἄνω,
3630 4085 3747 4138 οὐτε
3787 4086 3867 4138 ἐπὶ

2306 4174 2409 4243 γῆς
2455 4172 2637 4239 κάτω,
2674 4159 2723 4225 έι
2769 4172 2845 4243 μὴ
2900 4174 2929 4225 ὁ
2982 4175 3039 4226 ὲν
3095 4174 3270 4245 Πατρὶ
3317 4175 3411 4229 καὶ
3448 4176 3564 4247 Υἱῷ
3610 4180 3705 4232 και
3746 4180 3868 4248 ἁγίῳ

2308 4256 2585 4334 Πνεύματι
2614 4263 3015 4335 γνωριζόμενος
3042 4261 3122 4329 εἷς
3147 4267 3298 4331 Θεόςο
3330 4269 3501 4323 πολλὰ
3525 4270 3583 4323 δὲ
3612 4274 3866 4343 μυστήρια

2305 4354 2579 4426 γνωρίσας
2625 4356 2725 4425 τῆς
2765 4356 3078 4425 Θεολογίας,
3124 4359 3209 4428 ἐφ’
3240 4356 3321 4423 οἷς
3372 4362 3467 4414 καὶ
3505 4364 3573 4415 τὰ
3624 4365 3745 4434 περὶ
3779 4365 3867 4432 τῆς

630 4442 748 4482 ιὐιη
791 4429 1125 4484 conditarum
1174 4440 1280 4485 tam
1313 4431 1661 4487 invisibilium
1706 4448 1861 4502 quam
1912 4433 2199 4488 visibilium

2312 4446 2541 4516 ἀοράτου
2575 4463 2633 4499 τε
2682 4447 2776 4500 καὶ
2800 4446 3007 4517 ὁρατῆς
3038 4447 3317 4519 διήγγειλε
3362 4452 3619 4517 κτίσεως,
3647 4429 3779 4517 ὅπως
3811 4429 3868 4506 ἐκ

634 4521 1058 4587 procreationem
1114 4523 1409 4577 attinebant
1450 4524 1752 4593 exposuit:
1800 4524 2046 4577 nimirum
2095 4539 2199 4593 quo

635 4620 793 4679 pacto
851 4627 1090 4666 summus
1140 4613 1231 4668 ille
1316 4625 1512 4679 parens
1618 4623 1673 4666 et
1771 4612 1949 4682 opifex
2038 4615 2199 4670 rebus

635 4702 884 4757 omnibus
912 4717 978 4757 ex
1014 4702 1177 4757 nihilo
1205 4703 1496 4772 productis,
1527 4704 1794 4758 hominem
1825 4703 1889 4757 ad
1921 4703 2199 4773 imaginem

634 4805 690 4849 et
724 4795 1125 4849 similitudinem
1173 4811 1325 4849 suam
1358 4797 1648 4860 efﬂuxerit,
1690 4796 1967 4865 ipsumque
1995 4796 2199 4852 arbitrii

637 4883 885 4940 libertate
930 4885 1208 4949 donatum,
1256 4901 1440 4941 eorum
1478 4902 1595 4957 quae
1622 4887 1675 4941 in
1707 4886 1954 4954 paradiso
1981 4887 2197 4954 pulchra

634 4983 789 5033 erant
819 4976 1133 5046 participem
1162 4974 1373 5045 fecerit,
1397 4979 1554 5034 unius
1585 4988 1781 5033 tantum
1815 4979 2018 5034 arboris
2043 4990 2197 5049 gustu

2309 4538 2383 4607 μὴ
2414 4536 2583 4591 ὄντων
2610 4539 2678 4593 τὰ
2704 4540 2882 4594 πάντα
2917 4542 3257 4613 παραγαγὼν
3284 4545 3312 4597 ὁ
3343 4548 3720 4617 Δημιουργὺς,
3760 4548 3867 4601 κατ’

2302 4629 2487 4681 εἰκόνα
2515 4628 2610 4681 καὶ
2633 4629 2892 4697 ὁμοίωσιν
2911 4630 3075 4684 αὐτοῦ
3106 4632 3217 4703 (61)
3250 4633 3465 4698 πλάσας
3486 4638 3577 4689 τὸν
3601 4637 3867 4707 ἄνθρωπον

2303 4720 2398 4772 καὶ
2417 4718 2609 4787 τοῦτον
2628 4720 2706 4792 τῷ
2728 4722 3061 4795 αύτεξουσίῳ
3081 4727 3320 4796 τιμήσας
3343 4727 3480 4797 (62),
3502 4730 3611 4781 τῶν
3632 4731 3687 4782 ἐν
3709 4746 3864 4801 παρι-

2300 4811 2464 4883 δείσῳ
2494 4812 2676 4866 καλῶν
2718 4816 2969 4885 μετέχειν
3002 4818 3327 4888 πεποίηκεν,
3358 4821 3665 4891 ἀπέχεσθαι
3694 4824 3863 4875 τούτου

2305 4904 2468 4974 μόνου
2509 4904 2775 4970 κελεύσας
2801 4908 2939 4979 ὅπερ
2968 4903 3037 4979 ἦν
3064 4908 3126 4963 τὸ
3151 4909 3307 4975 ξύλον
3334 4911 3437 4981 τῆς
3464 4912 3717 4979 γνώσεως
3742 4915 3861 4981 (63).

2305 4995 2611 5067 ήοετηκότα
2658 4998 2717 5051 δὲ
2756 5000 2855 5070 τὴν
2891 5000 3112 5072 ἐντολὴν
3167 5001 3262 5056 τοῦ
3308 5003 3640 5073 παραδείσου
3690 5004 3864 5075 ἐξώρι-

693 5190 807 5259 (57)
838 5187 994 5260 (Ioni.
1021 5200 1081 5260 7p.
1110 5184 1238 5260 936,
1270 5201 1326 5239 n.
1362 5184 1450 5240 90.
1482 5185 1546 5260 ᾼ,
1577 5185 1694 5260 sine
1725 5181 1836 5236 τόν.
1861 5182 1925 5260 (ζ,
1962 5184 2078 5239 sine
2099 5184 2443 5260 ’τῷ-Χριστῷ.

692 5244 805 5333 (58)
834 5244 1100 5326 Georgius
1127 5244 1358 5342 T_r_a|iez.
1390 5274 1405 5310 :
1431 5275 1451 5342 ι
1490 5244 1728 5342 inaniter
1753 5244 2409 5342 canticumpsa'lieliat.3:
2428 5244 2541 5342 Sec
2570 5261 2982 5342 aliter_Bi|lyu_s.
3014 5267 3230 5342 Χορδήν
3260 5269 3689 5327 subaudiendum
3708 5281 3856 5342 ιιυιος

619 5326 810 5413 estque
840 5345 1074 5413 sensus:
1114 5345 1132 5377 ι
1167 5326 1368 5413 adulant
1402 5335 1459 5413 et
1490 5328 1736 5413 ilnsonatu
1781 5334 1996 5413 tangere
2018 5329 2277 5383 chordam
2304 5330 2625 5413 ridebatur.
2663 5352 2680 5384 ι
2706 5326 3007 5413 _Grego_rius
3057 5326 3223 5409 C'ypr.
3258 5355 3423 5411 supra
3456 5353 3495 5397 t.
3530 5326 3720 5413 l,hpag.'
3744 5326 3858 5406 3|5,

618 5394 878 5468 25,'dixit
908 5399 1072 5468 κενὴν
1105 5398 1353 5468 τρέχων,Δ
1373 5396 1621 5468 videlicet
1647 5394 1794 5468 ὁδόν·
1843 5412 1861 5445 ‹
1902 5395 2007 5468 Iter
2037 5412 2200 5452 vanur

2312 5411 2316 5453 ί
2349 5401 2539 5457 inutile
2574 5394 2852 5460 curriculi;
2877 5409 3071 5463 facere.
3100 5394 3139 5461 ⁸»

834 5463 1125 5550 Ετοισειιιὶἱ
1145 5463 1425 5550 vulgatior
1455 5476 1538 5523 est
1567 5466 1817 5531 formula,
1846 5463 2015 5534 κωφῴ
2044 5468 2197 5539 όμιλε

2324 5470 2468 5529 conf.
2498 5480 2539 5528 t.
2572 5469 2626 5542 l,
2659 5490 2781 5546 pag.
2815 5478 2939 5547 167,
2970 5496 3021 5535 n.
3048 5479 3110 5547 5;
3138 5480 3265 5550 598,
3291 5483 3349 5538 2.

678 5536 800 5610 ,(60)
833 5536 973 5610 Psal.
1003 5553 1197 5610 cxuv,
1216 5537 1308 5610 719.

687 5607 800 5677 (Μ)
829 5608 986 5661 Conf.
1019 5623 1137 5677 pag.
1171 5608 1263 5667 45.
1298 5623 1351 5661 n.
1386 5607 1474 5661 96.

708 5680 798 5747 62)
827 5677 982 5731 Couf.
1015 5693 1137 5747 pag.
1168 5679 1257 5731 46.

709 5750 797 5822 63)
829 5748 980 5804 Conf.
1016 5764 1134 5817 pag.
1168 5750 1256 5815 46,
1291 5764 1343 5802 η.
1376 5748 1463 5803 99.
