4026 6416
163 326 299 392 1189
1255 335 1431 396 VITA
1467 337 1820 401 BABLAAM
1852 338 1949 400 ET
1987 341 2341 408 IOASAPH.
3279 357 3417 426 1190

151 457 243 495 σεν
279 437 418 510 (64)·
456 438 597 504 ὅθεν.
632 440 731 511 τῆς
769 442 906 514 πρὸς
942 445 1108 500 αὐτὸν
1147 448 1480 522 οἰκειότητος
1508 452 1727 522 ὀλισθῆ-

1835 447 1936 518 ipsi
1967 448 2291 517 interdicto,
2328 457 2434 512 hoc
2462 467 2549 515 est
2580 459 2712 532 ligni
2749 463 3017 523 scientiae.
3045 467 3167 537 Quo
3191 472 3416 543 quidem

150 546 272 593 σαν,
299 531 383 592 εἰς
409 530 508 592 τὰς
536 529 734 594 πολλάς
762 533 967 598 ταύτας
999 537 1388 607 περιπέπτωκε
1423 539 1631 604 πλάνας
1666 543 1728 596 τὸ

1835 542 2089 598 mandato
2106 546 2332 615 violato,
2353 564 2481 605 eum
2501 567 2532 607 e
2554 555 2811 622 paradiso
2827 561 3236 617 exterminavit.
3261 563 3418 620 Unde

149 619 492 692 ἀνθρώπινον
543 621 730 689 γένος,
793 623 1060 680 δουλωθὲν
1111 630 1233 693 τατς
1290 630 1584 700 ἁμαρτίαις
1634 633 1728 686 καὶ

1835 637 1886 684 et
1915 631 2056 701 ipse,
2096 643 2153 689 et
2186 652 2346 702 uxor,
2373 654 2437 694 ea
2466 656 2633 711 quam
2687 661 2812 701 cum
2851 664 2918 704 co
2960 650 3244 708 habebant
3288 670 3421 710 con-

148 712 427 766 ὕποπεσδν
456 713 533 783 τῷ
568 714 785 786 θανάτῳ
818 716 907 771 διὰ
946 718 1046 787 τῆς
1079 721 1392 791 τυραννίδος
1422 721 1517 775 τοῦ
1550 723 1730 776 διαδό-

147 809 264 857 λου’
309 805 390 868 ὃς,
426 806 772 877 ὑποχειρίους
803 807 950 874 ἅπαξ
979 811 1106 874 τοὺς
1143 811 1464 884 ἀνθρώπους
1508 815 1687 871 λαϐὼν
1710 856 1727 882 ,

147 897 435 960 παντελῶς
459 898 809 954 ἐπιλαθέσθαι
836 903 1106 974 πεποίηκε
1129 905 1226 959 τοῦ
1255 906 1391 960 Θεοῦ
1418 910 1512 963 καὶ
1537 910 1730 964 δεσπό-

146 1007 262 1054 του,
299 989 396 1043 καὶ
431 990 576 1061 αὐτῷ
609 991 861 1046 ἀνέπεισε
900 994 1184 1066 λατρεύειν
1218 997 1306 1052 διὰ
1351 1002 1451 1071 τῆς
1496 1001 1604 1056 τῶν
1652 1005 1729 1056 εί-

147 1077 337 1134 δὼλων
378 1085 627 1153 μυσαρᾶς
668 1087 1116 1156 προσκυνήσεως.
1163 1088 1592 1161 Σπλαγχνισθεὶς
1636 1090 1728 1150 οὖν

146 1173 174 1224 ὁ
209 1173 426 1238 πλάσας
454 1176 602 1246 ἡμᾶς
641 1174 791 1239 Θεὸς,
829 1177 1050 1250 εὐδοκία
1078 1179 1173 1232 τοῦ
1212 1181 1422 1252 Πατρὸς
1460 1185 1555 1237 καὶ
1600 1203 1726 1239 συν-

147 1267 313 1337 εργίᾳ
377 1267 471 1320 τοῦ
531 1270 688 1338 ἁγίου
745 1268 1064 1338 Πνεύματος
1124 1271 1260 1343 (65),
1311 1275 1604 1348 εὐδόκησεν
1663 1279 1728 1332 ἐκ

147 1360 432 1430 Παρθένου
472 1361 634 1429 ἁγίας
656 1400 672 1425 ,
709 1362 807 1432 τῆς
846 1363 1109 1417 Θεοτόκου
1143 1357 1391 1438 Μαρίας,
1425 1369 1547 1423 καθ’
1581 1372 1728 1442 ἡμᾶς

145 1452 411 1522 τεχθῆναι
437 1471 452 1486 ·
485 1454 599 1517 καὶ,
632 1455 863 1509 πάθεσιν
891 1458 1157 1530 ὁμιλήσας
1183 1461 1210 1514 ὁ
1234 1463 1474 1534 ἀπαθὴς,
1500 1463 1587 1517 διὰ
1615 1464 1730 1535 τρί-

151 1561 250 1615 της
278 1561 338 1598 τε
367 1545 581 1617 ἡμέρας
599 1547 672 1610 ,ἐκ
703 1548 913 1617 νεκρῶν
933 1550 1191 1615 ἀναστὰς,
1215 1551 1556 1622 ἐλυτρώσατο
1579 1555 1727 1625 ἡμᾶς

145 1635 243 1688 τοῦ
274 1636 546 1707 προτέρου
569 1638 844 1708 ἐπιτιμίου
871 1640 984 1709 (66)
1009 1641 1104 1694 καὶ
1128 1642 1319 1706 κλέους
1341 1643 1434 1696 τοῦ
1458 1646 1725 1718 προτέρου

1825 722 2117 793 junctione
2146 727 2309 797 lapsi,
2347 729 2402 784 in
2438 731 2541 788 hos
2578 737 2785 792 multos
2812 754 3032 797 errores
3076 743 3416 811 inciderunt,

1830 825 2060 884 peccato
2099 819 2358 876 videlicet
2394 823 2448 879 in
2499 827 2826 884 servitutem
2874 832 3103 901 addicti,
3139 837 3418 909 mortique

1828 921 1930 1000 per
1951 908 2159 966 diaboli
2186 915 2535 985 tyrannidem
2566 919 2790 976 obnoxii
2815 922 3020 980 eﬂ‘ecti.
3047 926 3150 993 Qui
3170 908 3418 1000 quidem,

1829 999 2153 1060 hominibus
2178 1008 2348 1062 semel
2378 1007 2434 1063 in
2460 1020 2789 1080 potestatem
2825 1031 2981 1071 suam
3011 999 3273 1086 redactis,
3315 1023 3422 1080 hoc

1829 1094 1963 1165 egit,
1992 1105 2054 1151 ut
2086 1097 2182 1152 Dei
2221 1115 2284 1154 ac
2314 1101 2534 1157 Domini
2567 1105 2848 1164 oblivione
2887 1125 3118 1179 prorsus
3149 1129 3420 1185 caperen-

1831 1195 1941 1254 tur,
1958 1187 2204 1260 ipsisque
2223 1195 2498 1261 persuasit
2521 1206 2578 1252 ut
2603 1213 2702 1269 per
2725 1204 3118 1259 exsecrandam
3146 1207 3420 1264 idolorum

1830 1278 2212 1338 adorationem
2239 1286 2343 1342 sibi
2381 1289 2593 1346 cultum
2623 1293 2979 1351 adhiberent.
3013 1298 3084 1355 At
3115 1316 3247 1356 vero
3276 1303 3424 1360 Deus

1831 1384 2047 1431 creator
2067 1387 2278 1446 noster,
2312 1383 2672 1443 miseratione
2703 1401 3032 1457 commotus,
3054 1393 3292 1465 benigna
3318 1395 3423 1452 Pa-

1830 1468 1936 1524 tris
1974 1471 2258 1528 voluntate
2288 1490 2352 1530 ac
2379 1475 2622 1548 Spiritus
2645 1483 2816 1536 sancti
2851 1483 3107 1553 adjuncta
3138 1503 3327 1556 opera,
3355 1504 3423 1543 ex

1833 1561 2060 1633 Virgine
2101 1575 2291 1622 sancta
2322 1570 2502 1624 nostri
2539 1573 2718 1629 instar
2769 1575 2822 1629 in
2865 1577 3047 1632 lucem
3083 1578 3174 1634 edi
3210 1581 3419 1648 voluit;

1833 1669 2073 1726 cumque
2120 1660 2369 1716 cruciatu
2416 1662 2649 1721 allectus
2681 1666 2878 1723 fuisset
2925 1669 2972 1724 is
3001 1670 3152 1740 quia
3193 1687 3422 1742 perpes-

144 1727 370 1796 Ῠὶξίωσεο
406 1729 759 1799 Συνανήγαγε
788 1731 896 1802 γὰρ
925 1732 1074 1801 ἡμᾶς
1101 1736 1180 1798 είς
1210 1734 1476 1806 οὐρανοὺς
1500 1737 1725 1808 ἀνερχόο

1835 1746 1990 1802 sione
2040 1748 2306 1807 immunis
2354 1763 2495 1822 erat,
2545 1757 2732 1813 triduo
2781 1769 2904 1829 post
2955 1778 2985 1816 a
3027 1774 3206 1820 morte
3238 1765 3305 1819 ad
3335 1766 3422 1820 vi-

148 1835 336 1888 μενος,
384 1821 506 1872 ὅθεν
553 1821 815 1893 ἐτύγχανε
862 1824 1275 1894 καταϐεϐηκώς·
1329 1827 1388 1881 ὃν
1431 1829 1524 1882 καὶ
1566 1825 1722 1894 αὖθις

145 1911 303 1982 ἥξειν
332 1911 497 1983 318
543 1915 894 1985 πιστεύομεν,
938 1917 1022 1969 ἵνα
1060 1917 1123 1970 τὸ
1173 1917 1398 1989 πλάσμα
1440 1920 1502 1974 τὸ
1537 1922 1728 1977 ἐαυτοῦ

1835 1845 1945 1894 tam
1973 1841 2269 1910 excitatus,
2303 1861 2405 1902 nos
2429 1863 2468 1908 a,
2482 1849 2652 1919 priori
2683 1854 2855 1907 multa
2881 1863 2937 1909 et
2959 1855 3421 1914 condemnatione

1833 1931 2115 2001 liberavit,
2145 1939 2630 2011 praestantiorique
2651 1945 2825 2013 gloria
2860 1945 3107 2002 donavit.
3135 1948 3421 2019 Siquidem

146 2003 450 2075 ἀναστήσῃ.
502 2004 798 2058 Ἀποδώσει
837 2007 893 2060 δὲ
943 2007 1158 2079 ἑκάστῳ
1187 2011 1328 2065 κατά
1359 2013 1425 2064 τὰ
1455 2011 1592 2082 ἔργα
1633 2015 1732 2068 αύ-

1835 2025 1890 2080 in
1923 2026 2124 2081 caalum
2155 2029 2481 2097 ascendens,
2509 2035 2672 2090 simul
2705 2053 2807 2092 nos
2839 2055 2907 2094 eo
2933 2040 3080 2095 unde
3120 2042 3422 2100 descende-

147 2092 243 2147 τοῦ
274 2095 408 2168 (67).
456 2096 582 2150 Ἐπὶ
607 2097 818 2160 τούτοις
856 2097 954 2168 τὴν
989 2099 1354 2173 ἐκδεχομένην
1381 2103 1508 2166 τοὺς
1551 2102 1732 2169 ἀξίους

1835 2126 1935 2182 rat,
1958 2115 2164 2174 evexit.
2188 2118 2362 2186 Quem
2385 2121 2552 2176 etiam
2577 2141 2772 2181 rursus
2795 2138 3092 2184 venturum
3119 2132 3419 2196 credimus,

146 2186 256 2238 τῶν
301 2187 546 2257 οὐρανῶν
607 2187 989 2259 ἐμυσταγὼγει
1040 2191 1316 2260 βασιλείαν
1367 2195 1384 2264 (

147 2279 441 2350 ἀπόρρητα
490 2280 691 2348 ἀγαθά.
748 2281 859 2350 Τὴν
912 2284 1285 2355 ἀποκειμένην
1339 2288 1455 2351 τοῖς
1505 2288 1728 2358 φαύλοις

148 2372 461 2442 προσετίθει
499 2373 730 2440 βάσανον
753 2416 767 2439 ,
797 2375 859 2428 τὸ
889 2376 1152 2430 ἄσϐεστον
1183 2379 1304 2448 πῦρ
1326 2421 1340 2442 ,
1373 2383 1433 2434 τὸ
1462 2382 1726 2456 ἐξώτερον

151 2465 377 2532 σκότος,
424 2464 516 2518 τὸν
553 2465 909 2538 ἀτελεύτητον
959 2468 1217 2540 σκώληκα
1270 2470 1404 2542 (69),
1459 2475 1552 2527 καὶ
1596 2475 1726 2545 ὅσην

148 2555 318 2627 ἄλλην
344 2559 392 2610 οἱ
419 2557 516 2627 τῆς
549 2557 824 2629 ἁμαρτίας
867 2557 1044 2613 δοῦλοι
1090 2560 1312 2616 κόλασιν
1333 2563 1560 2628 ἐαυτοϊς
1597 2565 1724 2636 ἐθη-

150 2666 440 2721 σαυρισαν.

1389 2195 1478 2265 68)
1517 2196 1611 2248 καὶ
1665 2196 1733 2250 τὰ

1835 2219 1892 2265 ιιι
1938 2211 2262 2283 ﬁgmentum
2287 2230 2449 2270 suum
2479 2216 2549 2271 ad
2575 2218 2745 2274 vitam
2791 2233 3035 2287 revocet,
3077 2233 3246 2294 atque
3291 2225 3420 2280 uni-

1833 2301 2035 2371 cuique
2070 2304 2376 2359 secundum
2409 2307 2589 2378 ipsius
2635 2323 2804 2378 opera
2832 2310 3050 2366 reddat.
3091 2312 3291 2369 Postea
3351 2314 3420 2369 de

1835 2395 1929 2450 illo
1971 2397 2240 2453 eualorum
2281 2415 2474 2470 regno,
2519 2402 2667 2471 quod
2698 2417 2794 2457 eos
2824 2403 2918 2473 qui
2952 2404 3004 2459 id
3036 2415 3421 2475 promerentur

1833 2497 2046 2553 manet,
2083 2490 2256 2544 verba
2314 2491 2469 2559 fecit,
2506 2501 2672 2564 atque
2720 2511 2922 2550 arcana
2959 2497 3054 2552 illa
3104 2497 3278 2564 bona,
3331 2515 3420 2554 re-

1835 2579 2224 2652 conditamque
2261 2583 2394 2638 item
2419 2585 2690 2655 improbis
2720 2602 2938 2656 poenam
2979 2580 3291 2659 proposuit,
3329 2591 3419 2645 ni-

1835 2671 2038 2727 mirum
2084 2673 2266 2744 igncm
2304 2692 2591 2750 nunquam
2622 2679 3080 2749 extinguendum,
3115 2682 3418 2740 exteriores

137 2753 417 2818 tenebras,
457 2754 824 2812 immortalem
873 2774 1140 2829 vermem,
1206 2773 1516 2836 caateraque
1556 2773 1964 2822 tormentorum
2007 2782 2235 2838 genera,
2277 2784 2400 2839 qua:
2443 2771 2656 2839 peccati
2689 2774 2838 2828 servi
2879 2774 2986 2830 sibi
3043 2775 3180 2846 ipsis
3217 2793 3406 2832 recon.

136 2846 430 2905 diderunt.

213 2945 404 3000 Ταῦτα
433 2947 609 3001 πάντα
635 2947 815 3017 λόγοις
846 2949 1144 3015 πλείστοις,
1185 2952 1280 3005 καὶ
1304 2950 1544 3021 δαψιλῶς
1571 2950 1720 3023 αὐτῷ

1903 2945 2030 3004 Haec
2072 2957 2257 3008 omnia
2297 2956 2726 3026 quamplurimis
2773 2958 3154 3025 sermonibus,
3189 2976 3254 3016 ac
3293 2960 3414 3032 Spi-

141 3039 556 3108 ἐνυπάρχουσαν
577 3039 677 3110 τὴν
700 3041 794 3094 τοῦ
821 3042 1143 3113 Πνεύματος
1173 3043 1512 3115 μαρτυροῦσι
1536 3043 1718 3114 χάριν,

1835 3040 1978 3097 ritus
2017 3046 2195 3099 sancti
2251 3049 2483 3117 gratiam
2525 3049 2746 3106 abunde
2796 3051 2897 3121 ipsi
2945 3053 3126 3107 inesse
3165 3056 3414 3108 testanti-

139 3129 433 3195 διεξελθὼν
466 3131 615 3202 (70),
653 3129 772 3186 εἶτα
819 3134 1002 3188 καὶοτδ
1045 3133 1450 3206 ἀνεξιχνίαστον
1483 3136 1722 3206 πέλαγος

141 3225 244 3293 τῆς
286 3222 381 3275 τοῦ
435 3221 570 3276 Θεοῦ
612 3224 966 3297 διηγούμενος
1011 3227 1422 3300 φιλανθρωπίας
1470 3229 1564 3283 καὶ
1611 3223 1724 3293 οἷός

143 3315 297 3367 ἐστιν
329 3314 544 3386 ἕτοιμος
573 3315 821 3386 δέχεσθαι
849 3319 946 3387 τὴν
981 3320 1270 3389 μετάνοιαν
1307 3321 1416 3374 τῶν
1453 3323 1590 3394 πρὸς
1627 3323 1723 3376 αὑ·

142 3406 237 3458 τὸν
259 3407 720 3478 ἐπιστρεφόντων,
743 3408 838 3461 καὶ
857 3411 932 3474 ὡς
957 3411 1054 3462 οὐκ
1083 3411 1229 3464 ἐστιν
1254 3413 1497 3483 ἁμαρτία
1515 3414 1724 3468 νικῶσα

143 3497 247 3567 τὴν
276 3498 440 3551 αὑτοῦ
470 3499 907 3570 εὐσπλαγχνίαν,
941 3503 1098 3574 εἴπερ
1132 3504 1428 3575 θελήσομεν
1460 3506 1724 3576 μετανοῆ-

148 3605 242 3642 σαι
285 3588 420 3659 (70),
465 3591 530 3643 ἐκ
563 3591 774 3644 πολλῶν
817 3592 875 3644 δὲ
914 3592 1071 3646 τοῦτο
1122 3595 1583 3666 παραδειγμάτων
1629 3595 1725 3649 καὶ

145 3682 435 3752 γραφικῶν
475 3686 830 3756 παραστήσας
881 3687 1211 3758 μαρτυριῶν,
1246 3691 1274 3742 ὁ
1315 3689 1416 3759 μὲν
1447 3687 1597 3753 τέλος
1628 3690 1728 3743 ἐπ-

145 3773 318 3842 έθηκε
348 3772 426 3842 τῷ
457 3772 620 3844 λόγῳ.

222 3863 382 3914 ΚΕΦ.
415 3864 536 3917 ΛΕ’.
563 3865 904 3934 Κατανυγεὶς
928 3865 984 3918 δὲ
1009 3868 1036 3918 ὁ
1066 3865 1317 3935 βασιλεὺς
1351 3866 1607 3939 Ἀϐεννὴρ
1635 3867 1726 3922 ἐπὶ

147 3956 216 4023 τῇ
241 3953 568 4025 θεοδιδάκτῳ
593 3955 753 4025 σοφίᾳ
780 3955 971 4028 ταύτῃ,
997 3959 1146 4027 φωνῇ
1171 3958 1382 4028 μεγάλῃ
1407 3959 1503 4011 καὶ
1526 3959 1725 4030 θερμο-

148 4047 293 4116 τάτῃ
343 4044 488 4115 ψυχῇ
532 4045 623 4097 τὸν
663 4048 885 4116 σωτῆρα
938 4047 1173 4117 Χριστὸν
1209 4046 1511 4116 ὡμολόγει,
1548 4049 1730 4119 πάσης

150 4135 402 4198 ἀποστάς
435 4134 828 4205 δεισιδαίμονος
869 4135 1074 4204 πλάνης
1123 4136 1257 4207 (72).
1313 4136 1477 4207 319
1525 4135 1597 4189 Τὸ
1639 4154 1730 4208 ση-

152 4224 312 4294 μεῖόν
346 4240 406 4277 τε
441 4227 736 4294 προσκυνεῖ
782 4218 876 4276 τοῦ
934 4222 1197 4286 ζωοποιοῦ
1248 4225 1487 4297 σταυροῦ
1522 4225 1627 4278 ὑπὸ
1661 4227 1728 4295 τῇ

151 4320 376 4372 πάντων
429 4318 550 4388 ὄψει
596 4317 706 4388 (75)
754 4317 847 4370 καὶ
891 4319 971 4381 είς
1009 4319 1244 4388 ἐπήκοον
1298 4317 1552 4370 ἁπάντων
1598 4316 1730 4370 Θεὸν

149 4407 419 4480 κηρύττει
442 4408 693 4479 ἀληθινὸν
713 4407 804 4461 τὸν
827 4407 1030 4480 Κύριον
1054 4410 1086 4479 ὴ
1096 4410 1210 4479 μῶν
1244 4408 1450 4479 Ἰησοῦν
1476 4408 1726 4478 Χριστόν·
1761 4399 1806 4455 ι)

147 4504 254 4573 τήν
287 4517 349 4552 τε
382 4501 651 4573 προτέραν
689 4499 942 4554 ἀσέϐειαν
973 4499 1276 4567 διεξελθὼν,
1309 4499 1407 4571 τὴν
1439 4499 1642 4553 οἰκείαν
1669 4515 1729 4552 τε

150 4593 303 4646 κατὰ
333 4591 442 4645 τῶν
463 4592 802 4663 Χριστιανῶν
833 4593 1092 4665 ὠμότητα
1120 4593 1216 4647 καὶ
1245 4592 1555 4664 μιαιφονίαν
1580 4592 1730 4662 ἐλέγ-

227 4727 345 4803 (64)
376 4731 538 4803 Qonf.
569 4746 692 4803 pag.
721 4732 813 4798 47,
844 4747 898 4803 ιι.
932 4732 984 4787 1.

228 4802 342 4873 (65)
373 4800 527 4873 Qonf.
560 4800 714 4873 pagg.
745 4804 835 4870 51,
867 4801 956 4858 52.

229 4872 347 4937 (se;
378 4871 532 4924 Couf.
564 4871 685 4940 pag;
719 4875 807 4928 54.

231 4942 348 5012 (67)
375 4940 530 5012 Qonf.
560 4957 680 5011 pag.
713 4944 801 5008 55,
832 4961 886 4998 ιι.
920 4941 1010 5000 25.

231 5010 346 5079 (68)
377 5010 534 5081 Qonf.
563 5010 686 5081 pag.
723 5014 812 5079 60,
847 5031 902 5068 ιι.
931 5014 1025 5071 49.

231 5082 346 5152 (69)
377 5079 532 5152 cont.
569 5079 689 5150 pag.
717 5085 806 5150 66,
831 5101 886 5138 ιι.
918 5085 1005 5150 77,
1040 5082 1130 5138 78.

231 5148 348 5222 (⁷ο)
383 5148 538 5222 (ξοηίο
565 5148 668 5222 ξι)ρέ
701 5148 906 5218 94.95-

235 5166 348 5221 (ιυ)
383 5166 538 5234 boni.
580 5166 668 5273 pp.
701 5166 785 5238 ῳ,

235 5221 351 5290 (71)
383 5216 445 5280 C,
477 5220 615 5285 οιεξε
650 5221 785 5279 θειν.

1834 3132 1954 3198 bus,
1983 3144 2318 3204 prosecutus,
2353 3145 2464 3192 tum
2504 3138 2717 3195 demum
2748 3141 3235 3212 impervestigabile
3264 3143 3404 3199 divi-

1821 3240 1917 3280 na:
1966 3225 2302 3296 benignitatis
2363 3229 2584 3298 pelagus
2634 3233 2934 3296 enarravit,
2994 3248 3258 3302 quamque
3311 3234 3404 3288 ille

1831 3331 2015 3372 eorum
2057 3321 2147 3389 qui
2199 3320 2265 3374 ad
2324 3336 2444 3375 eum
2499 3337 2618 3376 sese
2673 3332 2990 3378 convertunt
3037 3324 3401 3392 paenitentiam

1834 3405 2066 3462 libenter
2094 3415 2390 3477 exspectet,
2421 3413 2668 3482 quodque
2695 3413 2899 3467 nullum
2947 3415 3124 3468 scelus
3161 3416 3232 3471 sit
3259 3417 3403 3485 quod

1831 3497 1999 3566 ipsius
2026 3499 2425 3556 misericordam
2449 3514 2684 3572 superet,
2715 3505 2758 3558 si
2781 3504 2993 3574 quidem
3021 3507 3088 3561 ad
3120 3507 3400 3562 meliorem

1831 3587 2035 3658 frugem
2087 3591 2264 3646 redire
2312 3591 2366 3646 in
2420 3594 2654 3649 animum
2693 3596 3031 3653 inducamus.
3075 3597 3228 3664 Quod
3279 3613 3399 3653 cum

1832 3682 2015 3737 multis
2062 3684 2321 3752 exemplis
2350 3700 2414 3740 ac
2460 3687 2748 3755 Scriptum
2779 3688 3096 3744 testimoniis
3129 3689 3401 3746 declaras-

1835 3779 1939 3837 set,
1969 3773 2198 3828 orationi
2229 3774 2387 3830 flnem
2419 3777 2688 3845 imposuit.

1901 3862 2028 3917 Cn.
2077 3863 2383 3919 XXXV.—-
2412 3867 2525 3921 Rex
2568 3877 2742 3922 autem
2780 3869 3032 3924 divinitus
3065 3871 3253 3926 tradita
3298 3875 3419 3954 hac‘

1831 3951 2088 4024 sapientia
2125 3966 2501 4024 compunctus,
2533 3959 2732 4029 ingenti
2758 3975 2887 4016 voce
2918 3976 2983 4016 ac
3007 3959 3402 4019 ferventissimo

1833 4049 2015 4102 animo
2067 4048 2337 4104 Christum
2385 4049 2716 4106 Salvatorem
2764 4053 3078 4119 confitetur,
3131 4067 3288 4124 atque
3332 4058 3400 4111 ab

1835 4139 1980 4192 omni
2003 4141 2374 4208 superstitioso
2402 4156 2588 4196 errore
2613 4144 2852 4198 abscedit
2883 4161 2897 4197 :
2928 4143 3255 4216 viviﬁcmque
3280 4163 3402 4203 cru-

1834 4228 1913 4283 ris
1955 4228 2164 4300 signum
2207 4232 2627 4301 inspectantibus
2665 4235 2913 4290 omnibus
2950 4237 3158 4304 adorat,
3209 4249 3264 4293 et
3303 4256 3402 4294 au-

1833 4321 2103 4377 dientibus
2150 4323 2398 4377 omnibus
2429 4323 2596 4379 Deum
2640 4339 2826 4380 verum
2869 4341 2931 4380 ac
2978 4327 3259 4382 Dominum
3309 4347 3402 4384 no-

1833 4423 2002 4467 strum
2033 4413 2212 4468 Jesum
2259 4414 2526 4469 Christum
2559 4415 2834 4485 praedicat.
2867 4418 3040 4488 Atque
3079 4417 3407 4476 commemo-

1834 4515 1947 4559 rata
1981 4507 2143 4574 priori
2189 4520 2285 4561 sua
2331 4506 2630 4576 impietate,
2679 4519 2734 4563 et
2783 4509 3038 4564 adversus
3069 4510 3407 4568 Christianos

1834 4597 2146 4652 crudelitate
2193 4607 2248 4654 et
2295 4598 2628 4655 immanitate
2666 4600 3038 4665 condemnata,
3093 4603 3281 4674 ingens
3338 4605 3405 4658 ad

240 5290 660 5378 (ῖῆυέιοὲειι-ἰιιι
690 5294 732 5345 Δ
764 5312 777 5348 :
810 5293 1314 5378 στίχοςέμμετρος.
1343 5295 1496 5378 Quod
1521 5305 1606 5378 est
1634 5310 1733 5352 veri

1835 5295 2242 5378 iimadvcrsum.
2274 5295 2520 5378 Similem
2559 5296 2845 5378 habuimus
2884 5297 3408 5378 animadversionem

240 5295 332 5362 (72
386 5295 574 5344 tilossa
607 5295 660 5345 in
690 5295 732 5345 Δ
764 5312 777 5348 :
810 5295 992 5364 στίχος
1021 5295 1314 5366 ἔμμετρος.
1343 5295 1496 5362 Quod
1521 5305 1606 5352 est
1634 5310 1761 5352 vere
1785 5295 2242 5378 animadversum.
2274 5295 2520 5351 Similem
2559 5296 2845 5378 habuimus
2884 5297 3408 5355 animadversionem

207 5377 295 5436 ag.
486 5358 638 5436 Fecit
665 5366 960 5436 monachus
994 5366 1313 5436 imprudens
1346 5367 1710 5436 versiculum;
1742 5367 1920 5436 facere
1967 5369 2054 5436 qui
2102 5367 2291 5430 voluit,
2326 5382 2428 5420 non
2478 5369 2601 5422 feeit
2634 5367 2902 5422 Theodor.
2947 5369 3296 5435 Prodroums,
3329 5371 3414 5425 vel

214 5431 374 5506 biles,
399 5430 460 5506 in
495 5431 962 5506 editionesaltem
992 5430 1349 5506 Thorlaciana
1380 5435 1641 5506 (Proluss.
1691 5430 1727 5490 t.
1770 5435 1872 5504 Ill,

1923 5452 2042 5506 pag.
2084 5436 2216 5504 65):
2265 5436 2547 5508 ’ᾼτλάντον
2588 5438 2842 5505 πέλαγος,
2885 5438 3154 5506 πελαγοῦς
3187 5437 3414 5508 Αἰγαίου

247 5503 358 5578 θος.
395 5500 698 5578 fugiebant
733 5504 831 5578 isti
868 5505 1261 5560 versificatores
1313 5500 1476 5575 pedes
1515 5508 1733 5578 trisyllal

1835 5500 2026 5578 [Bene
2063 5500 2232 5578 codex
2271 5505 2410 5578 72831
2447 5523 2460 5557 :
2516 5500 2858 5578 Ἀτλαντικὸν
2902 5500 3166 5576 πέλαγος,
3195 5500 3416 5578 Αἰγαῖον

212 5569 502 5660 άθοαβωξ
528 5574 1040 5660 agnoscitur'p‘oetaa
1053 5591 1286 5660 _manu‘s,
1405 5590 1521 5645 seq.
1557 5569 1703 5657 νίὸὕ

1835 5584 1843 5629 ι
1870 5577 2044 5660 γραῦς
2077 5577 2170 5655 καὶ
2210 5576 2373 5660 πάλιν
2401 5577 2573 5646 γραῦς
2602 5577 2698 5632 καὶ
2744 5577 2927 5631 πάλιν.
2965 5569 3284 5634 Μοιιδιιιιιιιί
3315 5587 3419 5635 iu:-

170 5639 358 5733 plelit‘
377 5639 538 5733 lectio
567 5639 915 5733 codicis':".'0
941 5643 1136 5733 remark,
1161 5645 1254 5733 καὶ
1271 5639 1671 5733 πάλιν-γραῦς,
1707 5665 1733 5699 κ

1835 5639 1988 5733 es.er
2016 5639 2453 5733 ιροεδςνῑτᾲλενζί
2556 5639 2607 5727 ⁷-
2689 5717 2721 5733 ,ς
3059 5722 3071 5733 .
3232 5720 3267 5733 Α
3335 5721 3395 5733 ..

247 5711 360 5781 (ῗὸ)
379 5707 588 5791 Dicunt
616 5713 783 5791 ιιι-ἐπ’
813 5707 962 5770 Mat;
981 5707 1303 5774 Theudorus
1330 5707 1530 5773 Prodr'I
1555 5707 1733 5772 Galeou

1847 5717 1986 5771 505:
2027 5707 2141 5772 Καὶ
2169 5707 2320 5770 ταῦτ’
2367 5715 2486 5786 ὄψει
2517 5715 2612 5772 τοῦ
2643 5717 2796 5788 φίλου
2832 5722 3196 5791 φυτοσπόρου.
3227 5720 3419 5779 Omisit

170 5779 346 5852 Ilgen.
376 5779 466 5863 ἐπξ
485 5792 609 5838 ante
635 5781 777 5870 ὄψει.
