4026 6414
168 442 312 507 1193

1267 438 1441 504 VITA
1482 441 1835 503 BARLAAM
1876 440 1971 503 ET
2007 443 2361 507 JOASAPH.

3298 432 3430 503 1194

156 553 298 618 Υἱὸς
327 554 436 625 γὰρ
474 547 544 625 ἦν
573 551 668 608 τοῦ
697 552 950 625 οὐρανίου
995 552 1198 624 πατρὸς
1236 552 1370 622 (82),
1403 552 1498 605 καὶ
1547 552 1755 623 καρπὸς

1860 564 2046 619 meque
2076 550 2313 619 profecto
2343 550 2536 607 radicis
2560 552 2922 609 divinissimus
2945 553 3147 608 fructus
3172 569 3187 620 ;
3209 552 3423 617 radicis.

154 645 337 709 ὅντως
366 646 466 717 τῆς
493 645 646 710 θείας
690 645 848 719 ρίζης
877 641 1151 708 θειότατος
1172 686 1187 709 ,
1223 644 1379 715 ῥίζης
1408 644 1623 714 ἐκείνης
1652 642 1753 712 τῆς

158 737 384 809 βοὼσης
423 738 557 809 (85)·
614 737 758 807 Ἐγώ
792 738 911 809 είμι
951 738 984 809 ἡ
1024 735 1288 809 ἄμπελος,
1338 736 1498 807 ὑμεῖς
1525 735 1594 788 τὰ
1624 734 1755 806 κλήο

159 842 339 899 ματα.

237 921 425 986 Οὕτως
449 921 835 994 ἀναγεννηθεὶς
856 922 886 976 ό
913 922 1163 995 βασιλεὺς
1195 919 1455 994 Ἀϐεννὴρ
1474 921 1540 974 δι’
1564 919 1756 983 ὓδατος

158 1013 262 1065 καὶ
325 1013 644 1084 Πνεύματος
680 1012 868 1085 ἔχαιρε
918 1015 1065 1085 χαρᾷ
1108 1012 1460 1085 ἀνεκλαλήτῳ
1485 1013 1621 1082 (84)·
1656 1015 1757 1067 σὺν

158 1102 320 1174 αὐτῷ
344 1102 401 1157 δὲ
429 1104 521 1157 καὶ
544 1105 695 1158 πᾶσα
725 1105 757 1174 ἡ
784 1103 939 1168 πόλις
979 1106 1074 1158 καὶ
1096 1106 1129 1175 ἡ
1154 1104 1459 1175 περίχωρος
1487 1102 1582 1157 τοῦ
1605 1103 1753 1156 θείου

160 1192 388 1263 ὴξιοῦτο
410 1194 806 1265 βαπτίσματος,
824 1197 918 1249 καὶ
939 1195 1116 1265 φωτὸς
1132 1196 1239 1249 υἱοὶ
1255 1196 1367 1266 (85)
1381 1195 1757 1249 ἀνεδείκνυντο

158 1286 212 1338 οἱ
246 1286 380 1357 πρὶν
406 1286 798 1357 ἐσκοτισμέὼι.
850 1288 1009 1341 Πᾶσα
1062 1286 1118 1340 δὲ
1143 1288 1296 1351 νόσος
1326 1288 1421 1341 καὶ
1463 1289 1614 1341 πᾶσα
1639 1287 1758 1342 δαι-

162 1377 370 1448 μονικὴ
400 1378 639 1449 ἐπιφορά
674 1378 865 1449 πόρρω
890 1377 999 1431 τῶν
1050 1379 1418 1432 πιστευόντων
1450 1378 1714 1449 ⁴Ιγλαύνετο
1738 1394 1753 1410 ⁶

160 1466 350 1535 ἄρτιοι
375 1468 433 1521 δὲ
456 1470 549 1522 καὶ
576 1470 749 1537 ὑγιεῖς
767 1469 969 1534 πάντες
986 1468 1086 1534 τὰς
1101 1470 1281 1540 ψυχὰς
1306 1471 1402 1524 καὶ
1430 1469 1497 1524 τὰ
1528 1470 1758 1542 σώματα

161 1549 311 1629 ἦσαν
341 1560 475 1628 (86).
506 1560 619 1614 Καὶ
648 1559 819 1614 πολλά
846 1561 1013 1632 ’ἐτερα
1044 1560 1329 1633 θαυμάσια
1358 1563 1437 1627 είς
1468 1561 1757 1632 βεϐαίωσιν

162 1649 271 1718 τῆς
296 1649 533 1714 πίστεως
551 1649 852 1705 ἐτελοῦντο.
885 1651 1753 1725 Ἐκκλησίαιτεάνῳκοδομοῦντο,

164 1740 271 1793 καὶ
300 1740 609 1806 ἐπίσκοποι,
633 1742 688 1795 οῖ
708 1759 768 1796 τε
804 1744 1180 1814 κεκρυμμένοι
1208 1742 1297 1798 διὰ
1315 1744 1405 1797 τὸν
1436 1743 1599 1813 φόϐον
1626 1746 1759 1815 ἐφα-

164 1831 430 1902 νεροῦντο
462 1834 558 1887 καὶ
586 1834 686 1897 τὰς
724 1833 860 1897 ίδίας
885 1833 1274 1904 ἀπελάμϐανον
1309 1835 1629 1906 ἐκκλησίας,
1661 1837 1757 1890 καὶ

167 1922 338 1995 322
362 1924 513 1978 ἀλλοι
558 1924 624 1978 Ex
656 1943 716 1980 τε
744 1926 855 1979 τῶν
911 1926 1100 1998 ἱερέων
1150 1927 1245 1980 καὶ
1276 1926 1385 1981 τῶν
1416 1927 1763 1997 μοναζόντων

168 2016 623 2090 προεχειρίζοντο
641 2019 721 2081 είς
747 2014 860 2089 (87)
887 2018 949 2071 τὸ
976 2019 1290 2089 ποιμαίνειν
1313 2019 1376 2073 τὸ
1398 2018 1493 2073 τοῦ
1521 2019 1762 2090 Χριστοῦ

170 2108 454 2178 ποίμνιον.
519 2108 578 2163 '0
621 2109 802 2180 μέντοι
833 2110 1089 2180 βασιλεὺς
1150 2110 1436 2182 ’Δϐεννὴρ,
1483 2110 1629 2165 οὕτω
1665 2112 1765 2182 τῆς

172 2199 455 2271 προτέρας
505 2200 723 2272 ἐκείνης
777 2202 1061 2273 μοχθηρᾶς
1113 2202 1342 2273 ἀγωγῆς
1392 2203 1636 2267 ἀποστάς
1670 2205 1766 2258 καὶ

177 2291 492 2362 μετάμελος
520 2291 596 2347 ὣν
627 2295 713 2363 ἐφ’
746 2289 829 2358 οἷς
873 2293 1102 2365 ἔπραξε,
1138 2296 1323 2351 πᾶσαν
1354 2297 1453 2367 μὲν
1482 2298 1581 2370 τὴν
1608 2298 1763 2369 βασί-

172 2379 325 2435 λειον
371 2382 550 2456 ἀρχὴν
602 2383 679 2455 τῷ
731 2371 832 2456 υίῷ
876 2385 1279 2457 παραδίδωσιν
1311 2387 1478 2452 αὐτὸς
1530 2388 1589 2442 δὲ
1640 2384 1765 2443 καθ’

174 2472 378 2528 ἑαυτὸν
444 2474 696 2547 ἠρεμῶν,
762 2476 916 2530 κόνιν
984 2476 1072 2530 ἀεὶ
1132 2473 1237 2546 τῆς
1289 2479 1536 2550 κεφαλῆς
1589 2496 1765 2534 κατα-

174 2565 348 2636 χέων,
384 2565 571 2637 βαρεῖς
609 2584 671 2621 τε
719 2566 1011 2640 ἀναφέρων
1065 2571 1406 2640 στεναγμοὺς
1453 2570 1551 2624 καλ⁵
1590 2570 1767 2627 λούων

174 2660 295 2722 Ιτοῖς
314 2659 574 2730 δάκρυσιν
597 2658 810 2727 ἑαυτὸν,
845 2660 1006 2731 μόνος
1033 2660 1181 2731 μόνῳ
1206 2661 1285 2733 τῷ
1318 2662 1594 2732 πανταχοῦ
1625 2677 1768 2733 παρ-

174 2750 296 2805 όντι
338 2748 557 2822 ὡμίλει,
595 2750 934 2823 συγγνώμην
984 2751 1136 2824 αύτῷ
1173 2754 1283 2806 τῶν
1326 2754 1546 2807 οἰκείων
1604 2771 1767 2808 πται.

179 2841 410 2911 σμάτων
440 2838 842 2910 ἐξαιτούμενος.
894 2842 990 2905 Είς
1029 2841 1301 2913 τοσαύτην
1333 2842 1390 2897 δέ
1422 2842 1770 2908 κατανύξεως

177 2929 280 2983 καὶ
318 2930 823 3002 ταπεινοφροσύνης
874 2930 1115 2986 ἄϐυσσον
1158 2922 1352 2985 ὲαυτδν
1389 2931 1655 3003 καθῆκεν,
1692 2932 1771 2997 ὡς

176 3023 573 3095 παραιτεῖσθαι
621 3023 716 3077 καὶ
754 3023 818 3076 τὸ
848 3022 945 3077 τοῦ
995 3023 1134 3077 Θεοῦ
1180 3024 1353 3094 δνομα
1391 3026 1507 3089 τοῖς
1573 3024 1770 3079 ἑαυτοῦ

174 3113 468 3184 ὀνομάζειν
496 3114 724 3185 χείλεσι.
765 3114 919 3184 μόλις
960 3115 1018 3169 δὲ
1050 3117 1242 3169 τούτου
1269 3118 1336 3187 τῇ
1372 3115 1470 3169 τοῦ
1500 3115 1618 3170 υίοῦ
1649 3133 1773 3170 νου-

176 3205 345 3277 θεσίᾳ
375 3203 807 3277 κατατολμῆσαι.
844 3204 1003 3261 Οὕτω
1040 3206 1098 3260 δὲ
1146 3207 1248 3279 τὴν
1272 3208 1448 3280 καλὴν
1479 3208 1770 3267 ἀλλοίωσιν

176 3296 454 3369 ἠλλοιώθη
485 3299 582 3352 καὶ
625 3297 725 3370 τὴν
759 3298 898 3370 πρὸς
944 3297 1147 3369 ἀρετὴν
1190 3298 1516 3367 ἀπάγουσαν
1565 3298 1771 3355 ὥδευσε

176 3390 393 3463 τρίϐον,
423 3386 500 3455 ὡς
534 3391 842 3463 ὑπερϐῆναι
875 3390 1040 3445 αὐτὸν
1063 3392 1130 3460 τῇ
1185 3391 1446 3464 εὐσεϐείᾳ
1498 3392 1609 3446 τῶν
1635 3409 1771 3464 προ-

176 3481 358 3553 τέρων
387 3481 627 3551 ἀνομιῶν
677 3480 738 3534 τὸ
766 3479 1045 3553 ἀγνόημα.
1086 3478 1213 3534 Ἐπὶ
1241 3479 1516 3553 τέσσαρας
1552 3481 1610 3535 δὲ
1642 3483 1772 3554 χρό-

177 3588 310 3636 νους
353 3568 499 3625 οὕτω
521 3571 674 3642 βιοὺς
702 3571 762 3626 ἐν
796 3568 1058 3642 μετανοίᾳ
1084 3568 1183 3625 καὶ
1218 3570 1452 3643 δάκρυσι
1480 3572 1576 3626 καὶ
1599 3573 1769 3646 ἀρετῇ

181 3662 359 3733 πάσῃ,
396 3660 688 3734 ἀρρωστίᾳ
716 3661 1067 3733 περιέπεσεν,
1091 3655 1205 3735 ἐν
1232 3662 1328 3716 καὶ
1351 3662 1599 3735 τελευτᾷ.
1636 3663 1771 3718 Ὅτε

178 3754 236 3808 δὲ
266 3754 331 3807 τὸ
353 3754 508 3819 τέλος
534 3754 789 3827 ἤγγισεν,
834 3753 1044 3826 ἧρξατο
1091 3753 1378 3825 φοϐεῖσθαι
1412 3756 1511 3810 καὶ
1561 3754 1770 3828 ἀδημο-

179 3848 315 3912 νεῖν,
378 3845 572 3917 μνείαν
624 3844 955 3915 ποιούμενος
1005 3844 1116 3899 τῶν
1157 3845 1307 3917 αὐτῷ
1360 3847 1772 3919 πεπραγμένων

180 3938 393 3993 κακῶν.
457 3938 516 3993 '0
562 3938 621 3992 δὲ
667 3938 904 4008 Ἰωάσαφ
970 3939 1182 4011 ῥήμασι
1235 3938 1671 4011 παρακλητικοῖς
1709 3940 1771 3994 τὸ

182 4030 448 4085 ὲπιπεσδν
473 4031 623 4103 αύτῷ
656 4029 1001 4100 διεκούφιζεν
1026 4029 1212 4101 ἄχθος,
1250 4030 1425 4085 Ὶνατί
1466 4031 1771 4104 περίλυπος

183 4119 255 4188 εί,
287 4123 488 4193 λέγων,
518 4120 565 4182 ὧ
592 4124 793 4197 πάτερ,
821 4124 917 4178 καὶ
947 4123 1087 4177 ίνατί
1113 4123 1506 4195 συνταράττεις
1533 4126 1727 4179 ἑαυτόν
1754 4143 1768 4192 ;

183 4216 408 4271 ἕλπισον
440 4219 533 4272 ἐπὶ
559 4220 653 4272 τὸν
682 4218 839 4283 Θεὸν,
876 4218 973 4272 καὶ
1004 4215 1318 4288 ἐξομολόγει
1347 4217 1497 4288 αὐτῷ
1551 4217 1683 4289 (88),
1714 4219 1773 4284 ὃς

183 4311 334 4364 ἐστιν
369 4310 528 4375 ἐλπὶς
553 4310 775 4364 πάντων
807 4310 917 4363 τῶν
967 4309 1225 4380 περάτων
1257 4309 1359 4381 τῆς
1405 4311 1511 4381 γῆς
1535 4311 1631 4363 καὶ
1664 4309 1774 4363 τῶν

183 4404 241 4455 ὲν
272 4402 524 4474 θαλάσσῃ
564 4402 782 4474 μακρὰν
808 4400 945 4473 (89),
977 4402 1039 4465 ὃς
1071 4401 1313 4474 κέκραγε
1350 4402 1511 4473 323
1550 4402 1641 4455 διὰ
1674 4402 1771 4455 τοῦ

184 4498 474 4568 προφήτου
512 4494 652 4567 βοῶν
677 4510 693 4528 ⁶
737 4494 1020 4549 Δούσασθε
1051 4492 1188 4567 (90),
1239 4495 1476 4567 καθαροί
1507 4496 1734 4567 γένεσθε
1756 4511 1771 4525 ·

1861 645 2096 711 inquam,
2130 643 2272 698 illius
2301 659 2420 712 qua:
2447 646 2640 700 clamat
2673 664 2685 698 :
2716 646 2823 706 Ean
2862 661 2980 701 sum
3021 646 3163 713 iiiis,
3193 661 3284 701 vos
3315 645 3427 712 pal-

1859 736 2014 788 mites
2035 734 2215 799 (Joan.
2250 738 2362 795 xv).

1921 914 2000 969 Ad
2028 914 2166 971 hunc
2187 916 2402 971 modum
2437 931 2526 971 rex
2559 932 2653 987 per
2680 934 2867 989 aquam
2897 934 2958 974 ac
2985 921 3236 989 Spiritum
3267 939 3415 994 rege-

1850 1017 2088 1076 neratus,
2131 1009 2392 1077 ejusmodi
2431 1009 2697 1078 voluptate
2735 1021 2851 1081 qttre
2883 1012 3022 1066 nulla
3060 1013 3297 1068 matione
3323 1031 3421 1069 ex-

1851 1098 2035 1166 plicari
2070 1109 2243 1167 potest
2272 1100 2635 1167 afllciebatur;
2668 1102 2929 1172 simulque
2957 1103 3116 1158 etiam
3157 1119 3275 1158 cum
3306 1106 3421 1173 ipso

1849 1192 2096 1246 universa
2137 1192 2321 1246 civitas
2360 1207 2421 1247 ac
2460 1193 2678 1248 finitima
2718 1196 2865 1264 regio
2894 1195 3070 1249 divino
3109 1197 3421 1265 bptismate

1849 1282 2168 1349 donabatur,
2200 1285 2439 1355 lucisque
2470 1286 2560 1341 lilii
2591 1286 2887 1341 existebant
2911 1292 2997 1357 qui
3022 1288 3169 1357 prius
3192 1287 3242 1343 in
3275 1301 3423 1345 tene-

1849 1374 1962 1430 bris
1988 1375 2359 1430 venabantur.
2403 1379 2575 1446 Atque
2619 1378 2793 1431 omnis
2839 1378 3057 1433 morbus
3091 1387 3147 1434 et
3190 1380 3363 1435 omnis
3392 1397 3421 1435 a

1848 1465 2177 1521 daemonibus
2218 1466 2422 1522 invecta
2464 1466 2738 1523 calamitas
2775 1468 2960 1538 procul
3040 1466 3110 1521 ab
3181 1465 3251 1522 iis
3321 1468 3419 1538 qui

1853 1553 1962 1610 fide
2032 1555 2246 1623 praediti
2305 1566 2459 1612 erant
2508 1559 2917 1628 propellebatur,
2966 1574 3257 1631 omnesque
3308 1572 3420 1615 tum

1847 1646 2041 1703 animis
2063 1654 2172 1703 tum
2191 1650 2503 1718 corporibus
2525 1650 2711 1718 integri
2734 1658 2891 1719 atque
2919 1649 3214 1705 incolumes
3241 1662 3419 1706 erant.

1849 1739 2118 1809 Multaque
2145 1740 2271 1796 item
2295 1741 2396 1796 alia
2422 1741 2683 1796 miracula
2714 1741 2830 1796 fidei
2861 1741 3238 1796 conﬁrmanda:
3262 1756 3422 1797 causa

1847 1833 2161 1894 edebantur.
2190 1832 2432 1889 ecclesiis
2471 1834 2629 1888 etiam
2661 1834 3075 1897 tediti'cabantur,
3108 1844 3161 1888 et
3187 1834 3423 1903 episcopi

1848 1927 1936 1995 qui
1973 1935 2118 1981 metu
2146 1926 2548 1992 delitescebant,
2577 1926 2629 1981 in
2659 1925 2828 1981 lucem
2863 1926 3166 1994 prodibant,
3196 1940 3424 1997 suasque

1852 2018 2108 2075 ecclesias
2127 2018 2479 2089 recipiebant.
2510 2023 2583 2074 Ac
2604 2028 2861 2088 praeterea
2890 2020 3003 2083 alii,
3033 2028 3139 2072 tum
3161 2033 3223 2073 ex
3250 2032 3425 2073 sacer-

1850 2108 2034 2164 dotum
2075 2114 2188 2165 tum
2231 2124 2298 2165 ex
2340 2109 2721 2164 monachorum
2752 2108 2965 2175 ordine,
3007 2107 3071 2162 ad
3103 2108 3425 2178 pascendum

1850 2199 2050 2257 Christi
2078 2215 2294 2271 gregem
2328 2199 2758 2255 instituebantur.
2788 2199 2955 2255 Porro
2976 2216 3066 2254 rex
3095 2201 3340 2255 Abeuner
3360 2202 3426 2254 ad

1854 2296 1993 2352 hunc
2032 2296 2247 2351 modum
2295 2294 2363 2350 ab
2404 2296 2640 2365 improba
2681 2302 2734 2348 et
2773 2292 3031 2363 ﬂagitiosa
3070 2293 3191 2347 vitae
3220 2294 3428 2349 ratione

1853 2401 1973 2442 sese
2002 2402 2310 2451 removens,
2361 2399 2424 2441 ac
2451 2385 2519 2440 de
2559 2384 2876 2455 pei-petratis
2922 2383 3212 2438 sceleribus
3258 2384 3428 2451 poeni-

1853 2478 2071 2531 tentiam
2103 2490 2286 2545 agens,
2336 2476 2541 2545 regium
2583 2490 2743 2530 omne
2783 2475 3063 2541 imperium
3107 2473 3216 2528 tilio
3246 2473 3428 2534 tradit,

1855 2572 1967 2641 ipse
1995 2580 2170 2624 autem
2193 2568 2245 2623 in
2269 2568 2551 2624 solitudine
2572 2567 2792 2638 degens,
2816 2575 3078 2637 caputque
3106 2568 3287 2623 cinere
3314 2569 3429 2622 sine

1856 2663 1957 2715 ulla
1982 2660 2375 2715 intermissione
2392 2674 2697 2730 aspergens,
2718 2668 2771 2713 et
2787 2673 2975 2729 graves
2995 2658 3220 2730 gemitus
3240 2658 3427 2725 edens,

1855 2766 1918 2807 ac
1944 2766 2065 2806 sese
2093 2750 2345 2821 lacryniis
2372 2752 2615 2815 abluens,
2642 2751 2786 2806 solus
2810 2765 2929 2806 cum
2957 2766 3022 2805 eo
3053 2752 3168 2806 solo
3195 2752 3285 2821 qui
3313 2752 3432 2806 ubi-

1856 2856 1961 2911 que
1989 2856 2228 2911 praesens
2257 2851 2338 2897 est
2363 2841 2787 2912 colloquebatur,
2813 2857 3070 2897 noxarum
3099 2859 3312 2898 suarum
3339 2859 3433 2899 ve-

1857 2934 1998 2988 niam
2035 2932 2104 2986 ab
2142 2946 2209 2987 eo
2244 2942 2452 3003 petens.
2494 2932 2629 2998 Quin
2666 2932 2721 2986 in
2771 2942 2969 2986 tantam
3011 2934 3433 3003 compunctiouis

1857 3033 2017 3095 atque
2059 3023 2372 3078 humilitatis
2414 3023 2663 3095 abyssum
2704 3038 2824 3078 sese
2874 3022 3107 3089 demisit,
3165 3033 3219 3077 ut
3257 3023 3431 3094 ipsum

1858 3130 2067 3186 quoque
2104 3115 2195 3169 Dei
2239 3128 2434 3169 nomen
2462 3114 2615 3169 labiis
2644 3128 2901 3182 usurpare
2932 3124 3223 3181 recusaret,
3252 3130 3313 3170 ac
3341 3116 3431 3169 vix

1859 3207 2074 3262 tandem
2100 3222 2131 3260 a
2162 3204 2270 3260 lilio
2289 3205 2617 3271 admonitus,
2648 3204 2773 3258 illud
2804 3206 3159 3273 pronunciare
3184 3205 3431 3260 auderet.

1860 3299 2029 3354 Tanta
2051 3305 2228 3352 autem
2257 3310 2321 3351 ac
2351 3305 2459 3350 tam
2491 3294 2744 3365 praeclara
2773 3295 2824 3349 in
2850 3308 2917 3348 eo
2945 3295 3067 3348 vita:
3092 3296 3435 3349 commutatio

1863 3392 1982 3457 fuit,
2014 3407 2078 3447 ac
2102 3399 2247 3446 tanta
2278 3406 2400 3447 cum
2428 3391 2584 3446 laude
2619 3390 2827 3444 virtutis
2855 3391 2956 3444 iter
2986 3392 3176 3455 tenuit,
3208 3402 3263 3444 ut
3292 3393 3435 3460 priu-

1864 3503 1983 3543 rum
2036 3486 2373 3555 iniquitatum
2421 3486 2767 3556 ignorantiam
2811 3485 3024 3554 pietatis
3077 3486 3436 3555 magnitudine

1865 3586 2162 3649 superaret.
2189 3576 2319 3633 Cum
2349 3586 2525 3631 autem
2573 3586 2800 3645 quatuor
2841 3591 3010 3631 annos
3042 3579 3142 3632 hoc
3188 3589 3341 3648 pacto
3382 3579 3437 3636 in

1866 3666 2174 3739 pmnitentia
2219 3676 2275 3723 et
2316 3666 2565 3738 lacrymis
2612 3677 2772 3736 atque
2815 3668 2957 3721 omni
2989 3669 3198 3723 virtutis
3241 3684 3439 3739 genere

1865 3762 2232 3831 transegisset,
2260 3759 2311 3814 in
2336 3759 2583 3815 lethalem
2609 3759 2850 3815 morbum
2872 3760 3079 3816 incidit.
3102 3761 3235 3816 Cum
3259 3772 3437 3818 autem

1866 3851 1965 3921 ipsi
1988 3854 2107 3906 vita:
2132 3852 2254 3905 finis
2282 3851 2603 3916 immineret,
2633 3850 2684 3904 in
2707 3860 2848 3905 metu
2875 3852 3141 3922 animique
3169 3832 3445 3910 anxietate

1867 3943 2075 3999 versari
2112 3943 2295 4012 carpit,
2338 3942 2477 3996 mala
2521 3958 2584 3996 ea
2615 3958 2732 4012 qua:
2758 3957 2786 3996 a
2816 3957 2873 3998 se
2902 3953 3200 4012 perpetrata
3234 3944 3442 4000 fuerant

1868 4036 1921 4089 in
1971 4038 2283 4091 inemOriam
2333 4048 2609 4088 revocans.
2668 4036 2738 4087 At
2782 4032 3036 4101 Josaphat
3086 4034 3437 4089 consolatoria

1868 4125 2111 4180 oratione
2158 4133 2399 4179 coortum
2448 4122 2499 4178 ei
2538 4127 2784 4179 mmroris
2834 4140 2968 4179 onus
3009 4126 3322 4193 sublevavit,
3358 4129 3442 4181 his

1869 4219 2044 4275 verbis
2068 4228 2254 4272 utens:
2284 4216 2459 4283 Quare
2490 4215 2653 4270 tristis
2679 4230 2755 4280 es,
2783 4231 2816 4270 ο
2844 4227 3013 4286 pater,
3038 4226 3094 4273 et
3116 4233 3277 4288 quare
3307 4218 3439 4287 teip-

1870 4327 1989 4369 suin
2015 4308 2303 4364 conturbas
2330 4304 2505 4375 (Psal.
2534 4306 2689 4374 xu)?
2721 4306 2885 4374 Spera
2928 4307 2978 4361 in
3026 4309 3156 4375 Deo,
3188 4318 3239 4363 et
3264 4310 3442 4365 conti-

1872 4412 1986 4457 tere
2014 4400 2136 4472 ipsi,
2179 4399 2269 4469 qui
2311 4406 2391 4453 est
2427 4412 2549 4467 spes
2590 4399 2827 4453 omnium
2869 4401 3049 4455 finium
3084 4412 3258 4467 terrae,
3292 4411 3346 4457 et
3386 4403 3440 4457 in

1862 4472 2006 4547 'mari
2040 4490 2195 4560 longe
2226 4487 2396 4559 (Paul.
2442 4490 2607 4558 uiv),
2649 4490 2737 4558 qui
2770 4505 2875 4560 per
2903 4492 3208 4561 prophetam
3238 4494 3440 4548 clama-

179 4587 417 4658 ἀφέλετε
433 4588 533 4651 τάς
547 4586 815 4659 πονηρίας
837 4586 948 4640 ἀπὸ
970 4585 1080 4639 τῶν
1100 4583 1289 4656 ψυχῶν
1317 4586 1472 4654 ὑμῶν
1500 4587 1764 4640 ἀπέναντι

1867 4584 1947 4640 vit
1973 4604 1987 4639 :
2012 4584 2319 4650 Lavamini,
2347 4585 2540 4641 mundi
2561 4593 2760 4650 estote,
2784 4584 2998 4640 auferte
3018 4585 3220 4639 malum
3246 4583 3452 4653 cogita-

182 4680 295 4732 τῶν
329 4676 629 4750 ὀφθαλμῶν
664 4694 766 4750 μου
788 4692 804 4709 ο
844 4676 1047 4748 μάθετε
1101 4676 1269 4731 καλὸν
1307 4680 1511 4730 ποιεῖν·
1544 4677 1641 4732 καὶ
1673 4677 1764 4732 ἐὰν

1866 4678 2079 4733 tionum
2096 4688 2402 4735 vestrarum
2421 4679 2491 4734 ab
2506 4678 2680 4734 oculis
2696 4677 2863 4743 meis;
2886 4676 3083 4732 discite
3103 4674 3448 4731 benefacere.

181 4763 325 4824 ὦσιν
356 4772 411 4825 ai
467 4769 737 4842 ἁμαρτίαι
784 4767 941 4840 ὑμῶν
985 4766 1062 4833 ὡς
1117 4769 1419 4838 φοινικοῦν,
1477 4768 1555 4834 ὡς
1610 4769 1767 4840 χιόνα

1866 4770 1933 4826 Et
1956 4771 2002 4826 si
2025 4770 2229 4828 fuerint
2244 4780 2468 4844 peccata
2490 4780 2673 4827 vestra
2701 4760 2845 4826 sicut
2861 4770 3172 4834 coccinum,
3194 4778 3451 4837 tanquam

182 4966 470 5040 stbuvﬁegq
501 4966 732 5040 χάριτας
769 4967 940 5040 πατρ).
964 4966 1145 5040 ⁸τίνειν
1195 4963 1351 5040 ἀξίας
1378 4980 1422 5040 ;_
1448 4965 1511 5018 El
1551 4968 1660 5039 γάρ
1700 4967 1797 5022 καὶ
1833 4965 2132 5040 χρήμασιν
2159 4966 2565 5040 αύτδνῌὰμείψῃ
2618 4965 2939 5040 φιλοτίμως,
2974 4964 3084 5040 Καὶ
3111 4963 3457 5040 νουθετῄσεις

185 5037 319 5092 ἔνθα
356 5034 469 5102 δεῖ,⁷
493 5034 592 5091 καῖ
616 5039 811 5109 τέχνας
841 5034 1158 5104 ἐκδιδάξεις,
1200 5036 1339 5088 Ἀλλ’
1370 5036 1471 5090 οὐκ
1504 5034 1764 5108 ἀντιγενν

1857 5034 1890 5093 ii
1922 5034 1985 5106 γε
2014 5037 2219 5109 δυνήσῃ
2268 5034 2457 5091 τοῦτον
2497 5034 2652 5102 ὅλως.
2708 5036 2772 5090 Et
2802 5034 2881 5093 sic
2914 5037 3078 5090 etiam
3125 5035 3254 5088 alibi
3285 5034 3454 5089 Geor-

184 5124 327 5179 gius.

261 5178 374 5249 (se)
403 5177 489 5232 cr.
523 5192 574 5247 p.
604 5177 732 5249 sas.

259 5247 376 5319 (85)
402 5249 561 5319 _Apud
590 5247 786 5319 Joaun.
821 5263 909 5312 xv,
945 5247 997 5302 ὅ.

258 5317 376 5394 (εξ)
401 5317 549 5394 [‘e_tr._
582 5318 602 5373 l
637 5318 881 5394 Epist_._t,
918 5321 950 5373 8
985 5335 997 5373 :
1032 5320 1363 5394 ἀγαλλιᾶσθε
1394 5322 1541 5394 χαρᾷ
1568 5321 1943 5394 ἀνεκλαλήτῳ.

259 5384 376 5467 (8-5)
409 5389 425 5443 l
454 5388 626 5457 Epist.
660 5390 726 5467 a_tl
778 5387 973 5445 Thess.
1006 5408 1058 5457 v,
1083 5384 1125 5446 '5
1156 5410 1169 5447 :
1208 5384 1426 5455 Πάντες
1583 5394 1745 5467 ὑμεῖς

1857 5384 1905 5447 οἳ
1945 5391 2122 5463 φωτός
2180 5390 2325 5445 ἐστε.
2379 5389 2549 5459 Epist.
2583 5389 2649 5445 ad
2696 5388 2897 5459 Ephcs.
2933 5402 2985 5453 v,
3018 5387 3097 5441 8:
3142 5385 3228 5450 Ὠς
3284 5384 3452 5439 τέκνα

189 5459 368 5528 φωτὸς
403 5461 779 5528 περιπατεῖτε.

322 5528 377 5595 6)
410 5528 494 5583 Cf.
524 5530 719 5583 similia
751 5544 803 5599 p.
836 5529 960 5585 507.

285 5598 380 5671 87)
409 5600 475 5671 ς,
510 5600 607 5671 καὶ
639 5598 986 5671 μοναζόντων
1018 5604 1119 5666 είς.

263 5667 384 5747 (88)
417 5670 559 5725 Psal.
592 5667 701 5747 sti,
735 5670 769 5724 5
800 5688 813 5725 :
857 5670 1021 5727 ’ίνατί
1050 5673 1351 5745 περίλυπος
1375 5669 1445 5744 εἴ,
1474 5674 1507 5746 ή
1540 5672 1686 5747 ψυχή
1726 5690 1764 5745 μ

1869 5671 1966 5729 καῖ
1994 5671 2137 5730 ίνατί
2163 5672 2556 5746 συνταράσσεις
2595 5687 2693 5744 με;
2721 5670 2842 5727 ἐλπ.
2869 5670 2915 5726 ι.
2947 5686 2998 5728 τ.
3031 5667 3107 5736 θ..
3142 5670 3237 5726 καὶ
3264 5667 3459 5741 ἐξομο-

192 5738 508 5811 λπήσομαι
544 5740 716 5811 αὐτῷ.

266 5812 388 5867 (8η)
418 5809 562 5865 Psal.
595 5826 741 5867 utv.
774 5810 808 5865 5

266 5815 388 5877 (8ft)
418 5815 562 5865 Psal.
595 5826 741 5878 utv,

268 5879 387 5945 (90)
420 5879 522 5937 lsa.
550 5894 589 5946 ι,
623 5880 757 5936 16...

517 5966 790 6033 ΡΑτιιυι..
838 5966 954 6027 Gn.
1002 5964 1225 6028 XCVI.

3069 5959 3149 6020 38
3214 6032 3217 6037 ,
