4026 6468
189 454 321 523 1197
1258 426 1431 499 vim
1474 418 1778 493 uatium:

1878 418 1972 491 ΕΤ
2010 417 2367 493 JOASAPH.
3300 418 3436 495 ltus

176 564 236 617 τὸ
261 560 629 633 χειρόγραφον
658 555 773 625 (96)
802 554 911 608 τῶν
935 540 1105 607 αὑτοῦ
1141 552 1517 621 πταισμάτων,
1554 549 1651 603 καὶ
1678 545 1749 600 τὰ
1775 590 1778 600 .

1876 540 2024 617 psius
2046 540 2267 596 chartas
2305 552 2598 611 concerpe,
2641 541 2970 613 sa::ctosrjuc
3004 552 3150 607 tuos,
3203 559 3343 613 quos
3382 554 3439 599 et

176 651 532 725 γραμματεῖα
563 646 857 721 διάρρηξον
906 645 1019 699 τῶν
1057 642 1223 700 αὑτοῦ
1254 641 1609 714 ὀφλημάτων,
1654 639 1752 693 καὶ

1876 653 1975 708 gne
2008 646 2065 693 et
2084 636 2265 708 gladio
2293 636 2362 693 de
2387 637 2571 692 medio
2601 637 2824 693 sustulit
2845 638 3017 706 (Psal.
3047 636 3285 711 Lxxvm),
3312 654 3439 694 cum

174 741 306 804 τοὺς
340 726 528 808 ἁγίους
576 754 669 791 σου
713 733 1048 799 κατάλλαξον
1097 732 1245 803 αὑτῷ
1273 730 1368 796 οὓς
1412 730 1547 805 πυρί
1575 746 1635 811 τε
1658 729 1753 784 καὶ

1876 747 1975 802 pso
2005 732 2058 785 in
2093 729 2326 800 gratiam
2364 730 2555 794 reduc,
2602 731 2816 802 eisque,
2844 746 2916 787 ne
2961 732 3064 803 ipsi
3096 731 3345 788 infensos
3383 743 3442 787 et

181 829 324 898 ξίφει
352 828 583 883 ἀνεῖλεν·
610 825 865 892 ἐπίταξον
896 826 1092 890 αὑτοὺς
1132 823 1210 897 μὴ
1237 823 1358 878 κατ’
1396 822 1563 878 αὑτοῦ
1596 822 1753 896 ὀργί-

1876 833 2023 879 ratos
2054 839 2175 880 sese
2228 822 2515 894 praebcant
2548 824 2778 894 impera.
2832 823 3029 880 Omnia
3080 826 3285 897 quippe
3336 826 3437 881 tibi

180 920 399 987 ζεσθαι.
433 920 617 975 Πάντα
655 919 763 989 γὰρ
790 918 991 973 δυνατά
1020 934 1103 971 σοι
1128 916 1208 988 τῷ
1237 916 1454 970 πάντων
1482 915 1752 986 Δεσπότῃ,

181 998 297 1067 mi
335 1013 369 1084 ἢ
405 1011 562 1084 μόνον
584 996 647 1064 sb
690 1010 764 1084 μὴ
800 1008 971 1063 ἐλεεῖν
1014 1009 1142 1072 τοὺς
1196 1006 1271 1079 μὴ
1328 1006 1756 1079 ἐπιστρέφοντας

1876 1007 2001 1080 ιιιοᾱ
2033 1008 2170 1079 quin
2198 1018 2252 1065 te
2280 1024 2471 1065 eorum
2507 1009 2605 1080 qui
2644 1024 2766 1065 sese
2793 1008 2861 1064 ad
2898 1017 2951 1065 te
2979 1019 3309 1065 convertunt
3334 1011 3440 1065 mia

181 1103 322 1173 πρὸς
350 1083 413 1156 σέ
436 1119 449 1133 ο
488 1100 649 1156 τοῦτο
677 1083 959 1154 άδὺνατον.
998 1099 1070 1153 Τὸ
1091 1098 1200 1169 γὰρ
1220 1098 1370 1163 ἔλεός
1399 1116 1493 1153 σου
1526 1096 1758 1168 ἐκκέχυο

1876 1110 2053 1168 creat,
2078 1101 2256 1157 facere
2288 1116 2401 1156 non
2439 1110 2622 1170 potes.
2654 1100 3038 1156 Misericordia
3079 1100 3227 1155 enim
3258 1110 3348 1155 tua
3384 1101 3443 1155 in

180 1210 270 1245 ται
296 1194 389 1244 ἐπὶ
423 1176 651 1255 πάντας,
680 1192 774 1244 καὶ
807 1180 1002 1256 σώζεις
1021 1189 1151 1254 τοὺς
1178 1177 1642 1260 ἐπικαλουμένους
1672 1205 1755 1253 σε,

1876 1207 2046 1248 nnncs
2091 1192 2293 1247 dill‘usa
2345 1198 2452 1257 est,
2486 1200 2653 1263 atque
2694 1191 2764 1247 iis
2818 1206 2848 1246 a
2884 1191 3095 1262 quibus
3142 1191 3438 1254 invocaris.

183 1282 359 1354 Κύριε
403 1268 578 1352 Ἰησοῦ
610 1264 834 1352 Χριστὲ,
874 1263 956 1334 δτι
1004 1277 1207 1349 πρέπει
1238 1295 1323 1333 σοι
1348 1278 1476 1346 δόξα
1512 1281 1595 1345 είς
1629 1280 1758 1344 τοὺς

1876 1284 2086 1340 ιιιΙιιιοιη
2110 1283 2300 1349 all‘ers,
2322 1282 2555 1339 Domine
2575 1282 2705 1339 Jesu
2727 1281 2969 1348 Christe,
2993 1282 3255 1353 quoniam
3282 1282 3444 1338 decet

182 1373 416 1436 αἰῶνας.
453 1362 648 1443 Ἀμήν.
1639 1447 1643 1451 γ

1876 1392 1907 1435 e
1932 1378 2105 1449 gloria
2136 1377 2193 1432 in
2220 1376 2441 1433 saecula.
2477 1376 2677 1432 Amen.

253 1466 532 1529 Τοιαὺτας
561 1464 727 1536 εὐχὰς
756 1452 850 1521 καὶ
877 1467 1091 1538 δεήσεις
1124 1465 1430 1540 προσέφερε
1450 1465 1528 1538 τῷ
1554 1466 1675 1535 Θεῷ
1701 1468 1760 1520 ὲν

1922 1468 2257 1542 Huiusmodi
2299 1480 2498 1541 preces
2551 1477 2610 1524 et
2656 1467 2941 1525 orationes
2986 1468 3100 1524 Deo
3146 1466 3436 1536 oderebat,

184 1544 339 1620 ὅλαις
362 1556 501 1609 ἑπτὰ
521 1555 772 1627 ἡμέραις,
798 1558 1044 1629 μηδόλως
1066 1557 1161 1613 τοῦ
1190 1560 1472 1631 μνήματος
1494 1558 1758 1621 ἀποστάς,

1876 1570 2063 1634 eptem
2091 1562 2212 1618 dies
2244 1578 2275 1618 a
2310 1563 2568 1633 sepulcro
2590 1562 2820 1617 omnino
2849 1577 2959 1618 non
2987 1560 3302 1626 discedens,
3336 1576 3441 1618 nec

196 1648 275 1727 μὴ
326 1646 583 1719 βρώσεως
634 1648 668 1719 ἢ
705 1649 923 1727 πόσεως.
949 1650 1280 1723 τοπαράπαν
1331 1649 1592 1723 μνησθεὶς
1623 1649 1761 1727 (97),

1876 1654 1965 1711 :ibi
2007 1653 2311 1725 quidquam
2369 1661 2466 1708 aut
2506 1661 2676 1724 potus
2724 1652 3046 1719 admittens,
3093 1667 3199 1708 nec
3241 1668 3439 1708 rursus

190 1726 335 1808 μήτε
377 1732 484 1810 μὴν
522 1730 882 1805 ἀναπαύσεως
916 1724 1084 1794 ὑπνου
1133 1726 1420 1812 μετασχών
1444 1757 1458 1772 ⁶
1505 1740 1643 1795 ἀλλὰ
1669 1724 1765 1796 δά-

1876 1724 2047 1799 omno
2079 1724 2285 1814 corpus
2330 1758 2611 1806 recreans,
2644 1758 2840 1798 verum
2868 1752 2925 1798 et
2966 1743 3223 1815 lacrymis
3263 1744 3443 1801 solum

188 1846 358 1899 κρυσι
400 1832 498 1900 μὲν
525 1830 586 1885 τὸ
614 1817 812 1901 ἔδαφος
851 1824 1068 1905 ἔϐρεχε,
1124 1837 1451 1906 στεναγμοῖς
1478 1834 1536 1889 δὲ
1560 1835 1763 1907 άσιγή-

1876 1837 2042 1910 igans
2075 1836 2250 1909 (Psal.
2280 1837 2447 1908 exat),
2472 1843 2531 1893 et
2561 1849 2689 1892 cum
2720 1836 2965 1892 luctibus
2991 1847 3212 1892 omnem
3239 1837 3446 1893 oratio-

186 1936 308 1984 τοις
333 1921 624 1992 εὐχόμενος
648 1923 893 1978 διετέλει.
921 1924 999 1996 Τῇ
1031 1925 1191 1999 ὀγδόῃ
1213 1925 1272 1980 δὲ
1298 1927 1378 1991 είς
1411 1926 1472 1981 τὸ
1501 1926 1763 1982 παλάτιον

1876 1932 1943 1988 iis
1978 1930 2299 1987 facultatem
2328 1929 2728 1997 superantibus
2764 1928 2821 1985 in
2865 1928 3117 1984 oratione
3165 1938 3443 2000 perstans:

190 2000 531 2079 ἐπανελθὼν,
562 2012 743 2067 πάντα
770 2012 862 2069 τὸν
890 2014 1117 2070 πλοῦτον
1141 2016 1238 2071 καὶ
1267 2015 1337 2071 τὰ
1365 2018 1626 2089 χρήματα
1649 2019 1765 2081 τοῖς

1876 2025 2060 2082 )ctavo
2075 2031 2259 2080 autem
2276 2023 2518 2094 denique
2534 2022 2623 2079 die
2645 2022 2701 2078 in
2720 2023 2986 2093 palatium
3004 2037 3285 2090 reversus,
3309 2038 3446 2094 opes

1850 916 2099 971 omnium
2130 916 2368 971 Domino
2395 916 2682 987 possibilia
2715 924 2864 980 sunt,
2908 916 3015 971 hoc
3042 932 3155 973 uno
3182 925 3439 987 excepto,
3522 964 3529 972 .

191 2100 395 2171 πένησι
416 2102 708 2174 διένειμεν,
750 2103 826 2170 ὡς
859 2105 1057 2179 μηκέτι
1087 2106 1478 2180 ὑπολειφθῆναι
1505 2126 1625 2163 τινα
1656 2106 1765 2161 τῶν

190 2189 386 2264 χρείαν
416 2185 670 2266 ἐχόντωνι

264 2283 425 2340 ΚΕΦ.
452 2286 593 2355 Δςῖθ.
638 2289 725 2342 Ἐν
754 2280 964 2360 ὀλίγαις
990 2290 1047 2345 δὲ
1087 2290 1325 2365 ἡμέραις
1372 2291 1472 2365 τὴν
1508 2292 1767 2365 τοιαύτην

192 2374 423 2441 τελέσας
447 2377 719 2433 διακονίαν
749 2380 843 2435 καὶ
870 2381 1078 2448 πάντας
1104 2383 1232 2449 τοὺς
1265 2385 1578 2457 θησαυροὺς
1608 2401 1770 2439 κατα·

193 2465 466 2533 κενώσας,
506 2470 655 2535 ὅπως
700 2471 948 2542 μέλλοντι
988 2472 1087 2546 τὴν
1144 2474 1337 2548 στενὴν
1388 2476 1616 2529 εἰσιέναι
1663 2475 1768 2529 πὺ-

192 2553 297 2624 λην
327 2556 438 2627 (98)
475 2554 641 2631 μηδὲν
678 2562 827 2634 αὑτῷ
882 2565 1223 2636 ὲμποδίσειεν
1251 2570 1280 2622 ὁ
1319 2569 1431 2623 τῶν
1472 2570 1769 2641 χρημάτων

193 2645 364 2715 ὕγκος
392 2648 527 2720 (99),
554 2654 620 2723 τῇ
654 2648 1067 2729 τεσσαρακοστῇ
1102 2659 1287 2731 ἡμέρᾳ
1311 2660 1410 2732 τῆς
1433 2660 1532 2715 τοῦ
1568 2660 1773 2733 πατρὸς

192 2740 481 2815 τελευτῆς,
527 2748 748 2818 μνήμην
793 2748 943 2820 αὑτῷ
995 2750 1191 2817 τελῶν,
1243 2753 1505 2822 συγκαλεί
1561 2754 1773 2819 πάντας

191 2834 329 2918 τοὺς
356 2833 415 2891 ἐν
442 2827 586 2890 τέλει
616 2839 712 2892 καὶ⁸
742 2842 868 2906 τοὺς
894 2844 1264 2913 στρατιωτικὰ
1304 2846 1774 2918 περιεζωσμένους

194 2916 294 2982 καὶ
351 2926 449 2980 τοῦ
488 2928 769 2985 πολιτικοῦ
831 2931 963 2987 λαοῦ
1025 2936 1126 2989 οὑκ
1179 2937 1344 3009 326
1381 2916 1617 3006 ὀλίγους.
1663 2940 1774 2993 Καὶ

194 3019 565 3107 προκαθίσας,
613 3022 689 3087 ὡς
736 3024 879 3089 ἔθος,
932 3028 1098 3099 φησὶν
1146 3030 1227 3093 είς
1259 3031 1495 3100 ἐπήκοον
1533 3033 1770 3087 πάντων

205 3111 366 3177 Ἰδοὺ,
396 3114 579 3179 καθὼς
606 3116 792 3186 ὁρᾶτε,
840 3118 1108 3193 ’Δὸηννὴρ
1145 3123 1327 3195 πατήρ
1359 3140 1460 3195 μου
1504 3126 1599 3178 καὶ
1629 3124 1777 3196 βασι-

1850 2133 2047 2175 omnes
2079 2133 2145 2175 ac
2171 2117 2436 2188 pecunias
2463 2115 2807 2187 pauperibus
2851 2115 3170 2183 distribuit;
3217 2116 3357 2173 adeo
3384 2126 3445 2171 ut

1850 2210 2039 2266 nullus
2050 2210 2161 2282 jam
2177 2208 2275 2280 qui
2298 2221 2486 2265 rerum
2508 2206 2697 2279 inopia
2714 2216 3085 2279 premeretur,
3101 2215 3438 2277 superesset.

1918 2303 2048 2360 Car.
2088 2301 2748 2372 XXXVl.—Paucisque
2777 2299 2979 2357 diebus
3026 2299 3083 2355 in
3120 2299 3441 2372 hujusmodi

1850 2394 2165 2452 ministerio
2208 2394 2441 2460 exactis,
2476 2408 2673 2450 omnes
2721 2392 3019 2449 thesauros
3058 2392 3315 2449 exhausit
3346 2409 3357 2445 :
3386 2391 3443 2446 id

1849 2487 2115 2546 videlicet
2159 2500 2351 2559 agens,
2388 2501 2459 2542 ne
2489 2494 2778 2557 angustam
2828 2493 3049 2557 portam
3084 2486 3315 2541 introire
3347 2501 3443 2555 pa-

1850 2580 2001 2637 ranti
2046 2581 2414 2651 pecuniarum
2474 2579 2651 2635 moles
2682 2577 3142 2648 impedimentum
3192 2576 3437 2633 all‘erret.

1848 2672 1923 2729 At
1973 2687 2108 2729 vero
2140 2670 2571 2743 quadragesimo
2615 2686 2647 2726 a
2690 2670 2911 2741 paterni
2964 2669 3153 2725 obltus
3198 2668 3288 2723 die
3325 2684 3443 2723 me-

1848 2762 2087 2819 moriam
2134 2763 2313 2836 ipsius
2366 2763 2677 2828 celebrans,
2731 2761 3092 2834 magistratus
3144 2776 3337 2817 omnes
3376 2776 3441 2817 ac

1850 2854 2113 2913 militaris
2149 2855 2343 2913 classis
2400 2864 2459 2913 et
2504 2854 2711 2927 plebeii
2758 2855 2975 2910 ordinis
3028 2854 3177 2909 haud
3232 2869 3441 2924 paucos

1849 2956 2158 3016 convocat;
2204 2958 2371 3021 atque
2414 2947 2473 3006 in
2523 2948 2679 3021 regio
2721 2948 2926 3004 throno
2965 2947 3186 3013 sedens,
3222 2948 3440 3002 cunctis

1874 3025 2210 3081 audientibus
2239 3026 2378 3082 hanc
2404 3026 2695 3082 orationem
2723 3026 2935 3081 habuit:
2962 3024 3063 3089 En,
3094 3035 3151 3080 ut
3177 3028 3275 3096 ipsi
3305 3043 3435 3083 cer-

1875 3116 2019 3183 nitis,
2040 3116 2288 3172 Abenner
2307 3131 2397 3173 rex
2418 3130 2482 3172 ac
2515 3125 2663 3187 pater
2683 3130 2852 3183 meus,
2876 3115 3013 3172 haud
3043 3131 3199 3173 secus
3217 3132 3279 3172 ac
3309 3135 3434 3185 pau-

190 3205 327 3269 λεὺς
348 3205 612 3278 τέθνηκεν
659 3206 736 3272 ὡς
760 3203 841 3273 εἷς
866 3211 975 3264 τῶν
997 3214 1265 3283 πενήτων,
1299 3214 1393 3268 καὶ
1433 3215 1586 3270 οὐδὲν
1625 3218 1775 3290 αὑτῷ

1876 3221 2062 3277 perum
2082 3207 2256 3277 quivis
2281 3216 2502 3263 mortem
2522 3208 2673 3263 obiit.
2704 3207 2781 3262 Ac
2801 3222 2899 3263 nec
2919 3206 3138 3274 divitiae,
3165 3223 3262 3264 nec
3284 3224 3433 3277 opes,

194 3296 329 3351 οὔτε
360 3300 389 3352 ό
415 3297 642 3363 πλοῦτος
660 3297 785 3354 οὔτε
816 3303 849 3372 ή
887 3301 1144 3381 βασιλικὴ
1192 3304 1340 3373 δόξα,
1373 3306 1499 3362 οὔτε
1524 3309 1631 3381 μὴν
1662 3310 1774 3381 ἐγὼ

192 3390 225 3443 ό
269 3390 592 3463 φιλοπάτωρ
616 3393 753 3457 υίὸς,
781 3391 907 3448 οὔτε
931 3411 1016 3458 τις
1043 3379 1154 3450 τῶν
1176 3396 1378 3452 λοιπῶν
1402 3379 1571 3453 αὑτοῦ
1590 3379 1775 3471 Ϋφίλων

196 3483 296 3536 καὶ
331 3484 633 3552 συγγενῶν,
657 3485 924 3558 βοηθῆσαι
945 3488 1164 3560 ἴσχυσεν
1189 3489 1339 3561 αὑτῷ
1359 3492 1453 3545 καὶ
1471 3492 1569 3563 τῆς
1594 3493 1775 3562 ἀπαρ-

194 3574 429 3644 αιτήτου
483 3573 667 3646 ψήφου
723 3576 1022 3643 ἐξελέσθαι.
1087 3579 1225 3633 Ἀλλ’
1277 3581 1478 3650 ὑπάγει
1536 3582 1675 3654 πρὸς
1710 3582 1779 3637 τὰ

196 3663 421 3718 ἐκεῖθεν
464 3664 848 3740 δικαιωτήρια,
894 3654 1049 3739 λόγον
1103 3671 1314 3740 ὑφέξων
1355 3672 1455 3744 τῆς
1502 3674 1781 3739 πολιτείας

194 3755 296 3809 τοῦ
329 3759 597 3828 παρόντος
640 3759 781 3830 βίου,
818 3762 1026 3833 μηδένα
1069 3764 1178 3819 τῶν
1226 3764 1486 3819 ἁπάντων
1514 3766 1779 3837 συνεργὸν

196 3849 566 3921 ἑπαγόμενος,
621 3852 737 3907 ἀλλ’
783 3854 815 3925 ἢ
877 3844 1014 3925 μόνα
1067 3856 1136 3911 τά
1191 3856 1343 3929 αὑτῷ
1402 3858 1778 3929 πεπραγμένα

195 3944 363 3996 ὁποῖα
392 3942 458 3997 ἂν
572 3944 646 3998 Τὸ
672 3945 806 4000 αὑτὸ
825 3946 881 4001 δὲ
913 3946 1073 4001 τοῦτο
1102 3950 1196 4002 καὶ
1219 3951 1353 4004 πᾶσι
1380 3952 1496 4014 τοῖς
1522 3950 1620 4022 τὴν
1652 3950 1780 4022 βρό-

194 4035 349 4087 τέιον
380 4033 606 4106 λαχοῦσι
639 4034 802 4106 φύσιν
834 4037 1152 4107 συμϐαίνειν
1182 4040 1417 4110 πέφυκε,
1472 4042 1566 4095 καὶ
1606 4043 1782 4107 ἄλλως

196 4124 305 4176 οὑκ
335 4122 472 4179 ἐστι.
497 4123 607 4178 Νῦν
644 4122 738 4180 οὖν
771 4126 1044 4182 ἀκούσατέ
1074 4146 1200 4200 μου,
1235 4130 1383 4199 φίλοι
1415 4132 1510 4184 καὶ
1536 4130 1779 4201 ἀδελφοὶ,

195 4214 336 4279 λαὸς
352 4217 560 4289 Κυρίου
582 4218 677 4273 καὶ
690 4218 891 4291 κλῆρος
912 4219 1088 4290 ἅγιος,
1111 4220 1206 4285 οὓς
1228 4221 1530 4293 ὲξηγόρασε
1552 4224 1783 4295 Χριστὸς

194 4305 227 4357 δ
256 4305 396 4369 Θεὸς
430 4307 588 4378 ήμῶν
612 4307 690 4380 τῷ
731 4308 899 4381 τιμίῳ
946 4309 1109 4364 αὑτοῦ
1139 4310 1334 4383 αἵματι
1366 4312 1462 4366 καὶ
1510 4313 1784 4385 ἐρρύσατο

194 4399 305 4469 τῆς
342 4398 581 4464 παλαιᾶς
607 4400 819 4472 πλάνης
848 4401 945 4455 καὶ
973 4402 1218 4467 δουλείας
1250 4402 1345 4459 τοῦ
1377 4406 1783 4477 ἀντικειμένου.

192 4489 376 4546 Αὐτοὶ
402 4491 581 4546 οἴδατε
609 4491 706 4564 τὴν
745 4494 803 4547 ὲν
830 4492 959 4565 ὑμῖν
982 4488 1331 4571 ἀναστροφήν
1372 4515 1497 4569 μου,
1524 4499 1600 4563 ὼς
1632 4499 1781 4567 ἐξότε

1877 3312 1980 3353 nec
2000 3298 2139 3367 regia
2160 3297 2349 3368 gloria,
2379 3312 2478 3352 nec
2503 3311 2712 3353 rursum
2741 3312 2839 3368 ego
2861 3299 3021 3365 patris
3041 3298 3437 3353 amantissimus

1878 3388 2039 3458 ﬁlius,
2083 3402 2184 3444 nec
2230 3388 2553 3458 reliquorum
2594 3388 2758 3457 ipsius
2785 3388 3072 3445 amicorum
3102 3402 3164 3443 ac
3192 3398 3436 3459 cognato-

1878 3494 1995 3535 rum
2026 3481 2300 3551 quisquam
2328 3494 2487 3548 .opem
2517 3479 2616 3548 ipsi
2654 3490 2706 3534 et
2750 3479 3000 3533 auxilium
3032 3479 3242 3545 allerre,
3274 3487 3435 3549 atque

1879 3570 1946 3627 ab
1966 3570 2252 3626 inevitabili
2280 3570 2536 3626 sententia
2567 3571 2736 3639 ipsum
2759 3573 2991 3627 eximere
3015 3574 3177 3640 potuit
3201 3588 3216 3638 ;
3246 3587 3430 3627 verum

1885 3660 1952 3715 ad
1972 3660 2105 3716 illud
2137 3661 2391 3727 tribunal,
2425 3668 2481 3714 ut
2507 3662 2779 3729 praesentis
2799 3660 2918 3716 vitae
2946 3662 3201 3718 rationem
3230 3663 3438 3729 reddat,

1881 3750 2253 3820 proﬁciscitur,
2300 3751 2567 3808 neminem
2612 3750 2829 3805 omnino
2880 3750 2968 3819 qui
3016 3751 3112 3820 ipsi
3151 3750 3439 3821 opi:u!etur

1882 3853 2064 3895 secum
2110 3839 2348 3905 ducens,
2397 3839 2462 3894 iis
2506 3839 2761 3895 duntaxat
2806 3841 3040 3906 exceptis
3088 3840 3437 3912 (quascunque

1886 3930 2097 3985 tandem
2128 3929 2218 3985 illa
2245 3927 2465 4000 fuerint)
2503 3943 2620 3998 quas
2662 3930 2729 3985 ab
2764 3944 2828 3984 eo
2856 3939 3001 3998 gesta
3030 3939 3172 3983 sunt.
3206 3930 3314 3984 Hoc
3343 3945 3441 3986 au-

1881 4030 1988 4077 tem
2021 4022 2193 4092 ipsum
2231 4034 2440 4090 quoque
2467 4019 2712 4076 omnibus
2754 4021 2841 4089 qui
2882 4020 3154 4075 mortalem
3199 4030 3442 4076 naturam

1881 4114 2025 4170 nacti
2054 4123 2178 4169 sunt
2202 4112 2515 4181 contingere
2542 4122 2726 4166 natura
2751 4120 3111 4181 comparatum
3139 4122 3240 4177 est,
3271 4128 3441 4181 neque

1882 4206 2036 4263 aliter
2061 4204 2173 4261 lieri
2222 4212 2415 4274 potest.
2464 4202 2612 4258 Nunc
2655 4204 2812 4272 igitur
2852 4203 3029 4257 audite
3070 4217 3174 4269 me,
3203 4219 3235 4256 ο
3263 4203 3354 4257 ﬁlii
3380 4218 3443 4258 ac

1883 4297 2093 4361 fratres,
2138 4295 2290 4366 plebs
2340 4294 2569 4359 Domini,
2624 4302 2680 4348 et
2719 4300 2902 4347 sancta
2958 4291 3255 4357 luereditas,
3307 4308 3441 4361 quos

1882 4386 2130 4443 Christus
2160 4386 2300 4441 Deus
2328 4392 2509 4440 noster
2532 4385 2767 4453 pretioso
2796 4382 3053 4454 sanguine
3075 4396 3170 4438 suo
3199 4384 3446 4449 redemit.

1883 4486 2041 4547 atque
2061 4494 2091 4531 α
2111 4477 2281 4532 veteri
2307 4490 2489 4531 errore
2512 4484 2565 4530 et
2607 4474 2896 4530 adversarii
2926 4476 3181 4530 servitute
3200 4474 3250 4529 in
3283 4473 3445 4531 liber-

193 4582 299 4635 τὸν
330 4581 565 4655 Χριστὸν
611 4582 782 4652 ἔγνων
808 4584 905 4637 καὶ
943 4584 1130 4650 δοῦλος
1159 4567 1322 4641 αὑτοῦ
1350 4567 1591 4660 ήξιώθην
1628 4588 1778 4658 γενέ-

1886 4577 2050 4625 tatem
2079 4568 2385 4625 vindicavit.
2414 4567 2523 4623 Vos
2553 4581 2724 4623 meam
2756 4567 2896 4622 inter
2921 4582 3015 4623 vos
3043 4568 3165 4622 vita
3185 4568 3446 4622 rationem

198 4672 359 4739 σθαι,
402 4672 580 4728 πάντα
634 4677 896 4748 μισήσας,
926 4677 1088 4733 αὑτὸν
1120 4679 1437 4749 ἐπεπόθησα
1469 4681 1655 4753 μόνον,
1691 4681 1787 4735 καὶ

196 4764 371 4821 τοῦτό
405 4783 496 4838 μοι
523 4763 592 4839 ἧν
629 4768 995 4840 καταθύμιον,
1033 4773 1133 4842 τῆς
1179 4769 1349 4843 ζάλης
1397 4772 1496 4827 τοῦ
1526 4772 1644 4844 βίου
1691 4776 1785 4828 καὶ

202 4859 453 4931 ματαίας
500 4860 710 4932 τύρϐης
760 4854 1149 4929 ὑπεξελθόντα,
1218 4864 1380 4935 μόνον
1439 4865 1587 4936 μόνῳ
1637 4865 1786 4935 αὑτῷ

200 4936 457 5009 συνεῖναι
479 4954 573 5007 καὶ
602 4955 658 5007 ὲν
674 4955 939 5029 ἀταράχῳ
962 4957 1174 5031 γαλήνῃ
1199 4957 1378 5030 ψυχῆς
1398 4958 1683 5014 δουλεῦσαι
1707 4958 1787 5030 τῷ

199 5042 333 5113 Θεῷ
365 5060 468 5115 μου
487 5045 582 5098 καὶ
609 5045 868 5121 δεσπότῃ.
916 5047 1079 5103 Ἀλλά
1105 5065 1173 5119 με
1200 5049 1463 5121 κατέσχεν
1489 5051 1522 5121 ή
1550 5050 1644 5105 τοῦ
1679 5068 1784 5104 πα-

196 5132 341 5203 τρός
389 5150 493 5205 μου
517 5135 787 5202 ἔνστασις,
830 5137 927 5190 καὶ
961 5137 1153 5209 ὲντολὴ
1183 5140 1404 5211 ήτιμᾷν
1434 5140 1559 5203 τοὺς
1591 5141 1786 5212 γεννή-

196 5242 380 5296 τορας
410 5226 708 5282 κελεύουσα
733 5227 834 5302 (1).
872 5229 1058 5294 Ὅθεν,
1084 5228 1220 5284 Θεοῦ
1256 5231 1438 5302 χάριτι
1469 5231 1564 5284 καὶ
1591 5248 1785 5303 συνερ-

197 5317 361 5389 γείᾳ,
389 5317 491 5372 οὑκ
539 5319 621 5384 είς
655 5320 835 5392 μάτην
879 5322 1171 5389 ἐκοπίασα,
1222 5322 1329 5376 οὐδ’
1380 5324 1460 5387 είς
1509 5322 1665 5376 κενὸν
1688 5322 1788 5388 τὰς

197 5407 473 5473 τοιαύτας
500 5410 759 5467 ἁνάλωσα
787 5412 1006 5486 ἡμέρας
1024 5428 1040 5445 ο
1071 5412 1186 5469 ἀλλ’
1210 5414 1418 5469 ἐκεῖνόν
1451 5431 1511 5468 τε
1537 5415 1787 5486 ᾠκείωσα

309 5586 398 5657 96)
429 5588 513 5646 cr.
545 5604 598 5659 p.
630 5588 718 5649 ss.
749 5605 807 5645 n.
842 5589 925 5645 τε.

309 5660 401 5724 97)
432 5660 516 5714 Cf.
549 5676 603 5729 p.
637 5660 758 5722 101,
792 5677 847 5714 n.
878 5661 966 5717 56.

286 5724 403 5802 (98)
434 5724 589 5802 ροιιῇ
623 5748 675 5802 p.
710 5730 832 5802 129,
865 5746 920 5787 ιι.
950 5724 1002 5790 5.

284 5800 414 5872 (99)?
430 5799 587 5855 Conf.
709 5801 829 5872 128.

1886 4663 2084 4717 nostis:
2116 4660 2306 4730 nempe
2343 4658 2484 4729 quod
2529 4673 2595 4714 ex
2637 4673 2743 4729 quo
2769 4667 3006 4729 tempore
3033 4658 3225 4714 Christi
3266 4658 3451 4729 cogni-

1889 4753 2083 4805 tionem
2109 4757 2445 4813 consecutus,
2478 4747 2764 4819 divinoque
2792 4748 3051 4804 beneﬁcio
3076 4746 3238 4817 ipsius
3262 4760 3451 4804 servus

1889 4840 2112 4895 ell'ectus
2138 4854 2281 4906 sum,
2311 4838 2557 4895 omnibus
2582 4837 2701 4893 aliis
2735 4838 2893 4895 rebus
2933 4838 3250 4906 contemptis
3293 4846 3454 4909 atque

1890 4931 2014 4985 odio
2041 4929 2257 4995 habitis,
2302 4928 2464 4998 ipsius
2497 4931 2750 4984 duntaxat
2776 4927 3061 4999 cupiditate
3094 4926 3334 4999 ﬂagravi,
3373 4928 3452 4983 ldo

1892 5035 1997 5091 que
2035 5034 2195 5073 unum
2227 5018 2352 5073 mihi
2395 5020 2450 5074 in
2479 5019 2613 5073 votis
2641 5018 2758 5084 l‘uit,
2791 5028 2849 5073 ut
2886 5034 2952 5074 ex
2980 5018 3134 5089 hujus
3165 5019 3284 5073 vitae
3316 5030 3454 5073 tem-

1895 5119 2119 5182 pestate,
2146 5118 2303 5181 atque
2335 5110 2476 5164 inani
2504 5110 2903 5179 perturbatione
2931 5123 2995 5163 ac
3021 5108 3242 5163 tumultu
3269 5123 3457 5178 egres-

1895 5214 2006 5264 sus,
2038 5201 2183 5255 solus
2225 5212 2344 5253 cum
2376 5199 2490 5267 ipso
2535 5198 2651 5253 solo
2695 5197 3130 5255 consuetudinem
3178 5198 3457 5262 haberem,

1898 5301 2055 5360 atque
2080 5281 2135 5345 in
2166 5300 2371 5344 summa
2398 5288 2561 5342 animi
2592 5287 2961 5359 tranquillitate
2984 5285 3093 5343 Deo
3120 5302 3239 5343 meo
3265 5301 3328 5341 se
3356 5288 3449 5339 Du-

1902 5382 2042 5437 mino
2066 5381 2340 5437 servirem.
2371 5379 2558 5434 Verum
2591 5395 2672 5435 mc
2696 5378 2858 5448 patris
2887 5379 2991 5436 mel
3013 5379 3064 5435 in
3090 5378 3357 5435 diversum
3383 5380 3459 5432 ni-

607 5840 839 5939 .\:,-l-2m:
873 5865 1019 5945 Τίμα
1043 5862 1134 5929 τδν
1162 5861 1378 5946 Πατέρα
1412 5884 1502 5928 σου
1533 5875 1626 5929 καὶ
1654 5875 1752 5949 τήν

1876 5876 1994 5949 ιέρα
2037 5889 2151 5946 σου,
2187 5877 2271 5930 ἵνα
2303 5873 2361 5934 εὖ
2400 5892 2481 5930 σοι
2518 5876 2805 5949 γένηται...
2839 5875 2995 5933 Conl'.
3034 5875 3246 5933 Detttcr.
3283 5892 3332 5940 v,
3366 5866 3458 5930 1’6.
