4026 6406
540 432 700 532 χ1199

1996 423 2348 485 ΑΒΒΕΝΒΛ
2361 474 2373 486 .

3689 422 3811 487 Ιίᾖξ]

576 542 736 595 tentis
774 538 1018 594 voluntas
1059 532 1295 598 retinuit,
1326 539 1752 603 praeceptumque
1795 526 1942 591 illud,
1992 526 2132 597 quod

2266 532 2463 605 [ριστῷ
2484 532 2646 603 327
2684 529 2780 584 καὶ
2833 498 3229 599 πάνταςίῦμᾶς
3252 523 3448 579 τοῦτον
3478 522 3637 593 μόνον
3656 522 3811 591 γινώ-

542 622 811 701 'patribus
852 629 1106 682 honorem
1139 624 1317 678 haberi
1356 621 1506 692 jubet
1533 620 1709 689 (Deut.
1734 618 1808 686 v).
1848 616 2000 671 Unde
2046 614 2137 670 Dei

578 723 745 790 gratia
778 729 832 776 et
869 720 1177 789 adiumento
1219 718 1482 770 incassum
1508 712 1726 766 minime
1754 708 2008 772 laboravi,
2040 723 2137 762 nec

585 809 885 879 bujusmodi
931 808 1048 862 dies
1085 804 1282 861 frustra
1310 801 1649 871 consumpsi;
1679 815 1858 854 verum
1887 807 1941 854 et
1969 798 2136 864 illum,

500 957 509 965 ,
582 914 634 958 et
656 916 750 956 vos
778 915 982 965 omnes,
1025 899 1136 954 Deo
1174 895 1476 959 conciliari,
1524 906 1751 963 eumque
1776 891 1944 945 solum
1977 890 2138 944 Deum

582 1010 791 1059 verum,
823 1008 886 1048 ac
916 1007 1091 1049 rerum
1117 991 1353 1044 omnium
1384 985 1661 1042 Dominum
1691 994 2011 1053 cognoscere
2049 979 2145 1033 du-

586 1091 691 1157 cui,
743 1104 848 1144 non
887 1086 1100 1158 quidem
1146 1099 1244 1153 ego
1286 1081 1424 1137 istud
1453 1080 1669 1143 faciens,
1715 1075 1807 1131 sed
1853 1073 2019 1143 gratia
2052 1070 2146 1125 Dei

585 1196 819 1243 mecum,
861 1179 950 1247 qui
994 1191 1079 1232 me
1124 1174 1283 1231 etiam
1314 1187 1343 1227 e
1370 1168 1735 1239 superstitioso
1772 1177 1955 1219 errore
1988 1170 2147 1231 atque

567 1243 847 1328 .idulurum
874 1268 1017 1324 cultu
1045 1268 1260 1335 eripuit,
1283 1279 1345 1320 ac
1374 1276 1488 1329 vos,
1515 1276 1551 1317 o
1581 1259 1729 1329 plebs
1756 1272 1894 1321 mea,
1918 1256 2063 1323 gravi
2094 1263 2151 1309 et

588 1360 775 1419 acerba
812 1358 1116 1428 captivitate
1147 1354 1405 1410 liberavit.
1429 1353 1544 1405 .lam
1567 1351 1722 1420 igitur
1750 1357 1960 1417 tempus
1987 1352 2152 1402 estut

591 1467 652 1507 ea
667 1468 782 1523 qua:
803 1450 911 1505 Deo
929 1448 1190 1517 pollicitus
1206 1460 1319 1500 sum
1341 1444 1601 1513 expleam.
1626 1440 1882 1509 Tempus,
1908 1438 2147 1507 inquam,

592 1553 675 1599 est
698 1552 755 1597 ut
783 1555 889 1610 quo
917 1540 1029 1607 ipse
1057 1553 1142 1592 me
1170 1538 1326 1591 ducet
1353 1533 1674 1609 proficiscar,
1697 1544 1866 1599 eaque
1886 1536 2007 1583 vota
2033 1526 2140 1596 quia

593 1637 695 1690 bus
724 1650 807 1687 tne
828 1633 942 1700 ipso
968 1628 1224 1683 obstrinxi
1255 1627 1570 1692 persolvani.
1603 1623 1749 1676 Nunc
1777 1623 1952 1691 itaque
1981 1616 2151 1672 voblsa

589 1738 709 1780 cum
734 1721 835 1791 ipsi
862 1716 1193 1774 considerate
1216 1725 1374 1781 quem
1399 1707 1551 1762 vobis
1579 1716 1807 1773 praeesse
1831 1715 1893 1755 ac
1922 1715 2139 1768 regnum

590 1813 831 1868 obtinere
853 1807 1047 1863 velitis.
1090 1804 1205 1859 Jant
1235 1803 1377 1855 enim
1407 1798 1457 1851 in
1487 1793 1695 1850 Domini
1730 1791 1997 1845 voluntate
2025 1803 2148 1859 per-

2244 642 2397 680 σκειν
2428 624 2564 679 Θεὸν
2597 624 2851 696 ἀληθινὸν
2878 623 2973 677 καὶ
2997 620 3203 692 Κύριον
3231 616 3327 672 τοῦ
3353 616 3560 679 παντὸς
3585 613 3809 679 ἐδίδαξα,

2244 718 2345 771 οῦκ
2379 716 2490 785 ἐγὼ
2537 715 2697 770 τοῦτο
2726 716 2983 785 ποιήσας,
3021 712 3135 767 ἀλλ’
3184 714 3217 783 ἡ
3268 710 3435 781 χάρις
3458 705 3625 761 αὑτοῦ
3659 707 3691 775 η
3725 707 3813 758 σὺν

2246 808 2373 878 ἐμοὶ
2402 807 2505 880 (2),
2553 808 2675 878 ἥτις
2726 806 2872 878 κάμὲ
2921 805 3022 875 τῆς
3064 802 3464 872 δεισιδαίμονος
3496 796 3697 867 πλάνης
3726 796 3814 849 καὶ

2245 898 2503 971 λατρείας
2530 899 2638 952 τῶν
2660 898 2895 952 εἰδώλων
2927 894 3185 963 ἐξείλετο,
3218 894 3315 947 καὶ
3341 892 3513 963 ὑμᾶς,
3536 890 3663 952 λαός
3693 905 3812 959 μου,

2247 992 2345 1062 τῆς
2374 990 2618 1063 χαλεπῆς
2649 988 3019 1059 ἠλευθέρωσεν
3058 983 3464 1058 αἰχμαλωσίας.
3501 980 3703 1052 Καιρδς
3729 975 3815 1031 οῦν

2248 1082 2350 1155 ἤδη
2375 1082 2561 1136 λοιπὸν
2581 1081 2650 1134 τὰ
2676 1079 3068 1151 ἐπηγγελμένα
3088 1077 3167 1147 τῷ
3193 1076 3315 1147 Θεῷ
3346 1078 3487 1146 ἔργα
3509 1072 3807 1143 πληρῶσαιο

2250 1173 2445 1247 καιρὸς
2498 1172 2757 1228 ἀπελθεῖν
2797 1172 2935 1226 ὅπου
2993 1170 3062 1225 ἂν
3105 1169 3267 1233 αὐτὸς
3322 1167 3571 1239 ὁδηγησῃ
3632 1181 3698 1235 με
3732 1166 3813 1217 καὶ

2251 1267 2543 1322 ἀποδοῦναι
2578 1266 2678 1330 τὰς
2724 1264 2889 1337 εὐχάς
2932 1280 3035 1334 μου
3077 1262 3143 1326 ἃς
3190 1261 3449 1333 ηὐξάμην
3501 1257 3673 1327 αὐτῷ.
3715 1257 3818 1309 Νῦν

2253 1352 2347 1412 οῦν
2387 1355 2665 1426 σκέψασθε
2719 1356 2880 1426 ὑμεῖς
2928 1354 2988 1408 ὃν
3049 1353 3115 1408 ἂν
3172 1352 3453 1425 βούλοισθε
3501 1350 3813 1421 ἀφηγεῖσθαι

2256 1449 2411 1518 ὑμῶν
2443 1449 2538 1503 καὶ
2570 1447 2877 1520 βασιλεύειν
2906 1463 2921 1477 ·
2954 1447 3055 1518 ἤδη
3088 1444 3200 1518 γάρ
3242 1443 3680 1517 κατηρτισμένοι
3708 1441 3814 1494 ἐστὶ

2256 1544 2337 1605 είς
2365 1540 2425 1595 τὸ
2447 1539 2660 1612 θέλημα
2696 1540 2793 1594 τοῦ
2827 1538 3059 1609 Κυρίου,
3095 1538 3190 1591 καὶ
3221 1536 3377 1589 οὐδὲν
3412 1533 3817 1603 ἀποκέκρυπται

2258 1634 2387 1704 ὑμῖν
2417 1631 2526 1686 τῶν
2555 1630 2722 1685 αὐτοῦ
2748 1628 3208 1702 προσταγμάτων.
3244 1626 3332 1679 Ἐν
3360 1624 3576 1688 τούτοις
3608 1621 3813 1693 πορεύε-

2260 1724 2353 1778 σθε
2375 1739 2392 1758 ο
2428 1722 2503 1795 μὴ
2529 1720 2815 1793 έκκλίνητε
2862 1718 3013 1785 δεξιά
3043 1718 3365 1790 ἥάριστερά
3393 1715 3495 1784 (5)·
3525 1713 3626 1767 καὶ
3646 1714 3673 1765 6
3700 1712 3815 1774 Θεὸς

2258 1817 2359 1886 τῆς
2381 1815 2608 1887 εἰρήνης
2638 1812 2724 1884 εἴη
2755 1810 2893 1883 μετὰ
2916 1810 3134 1864 πάντων
3161 1807 3314 1880 ὑμῶν
3344 1806 3445 1877 (4).

604 1924 737 1981 fecti
764 1922 919 1986 estis,
944 1936 1047 1976 nec
1074 1918 1376 1990 quidquam
1407 1930 1474 1969 ex
1508 1912 1683 1983 ipsius
1725 1908 2019 1980 praeceptis
2047 1907 2206 1963 vobis
2245 1906 2523 1961 occultum
2562 1913 2667 1960 est.
2694 1904 2755 1958 In
2787 1902 2877 1957 his
2906 1900 3203 1965 ambulate,
3230 1913 3333 1953 nec
3365 1903 3449 1950 vel
3479 1895 3548 1951 ad
3586 1896 3836 1951 dexteram

606 2015 696 2072 vel
726 2014 795 2070 ad
820 2013 1099 2070 sinistram
1129 2010 1424 2066 declinate.
1457 2006 1537 2060 Ac
1570 2005 1714 2058 Deus
1748 2002 1901 2072 pacis
1932 2000 2096 2055 velim
2126 2000 2200 2054 sit
2226 2014 2351 2054 cum
2379 1997 2639 2051 omnibus
2672 1995 2850 2049 vobis.

681 2099 803 2151 Haec
827 2106 884 2149 ut
904 2097 1053 2165 plebs
1071 2096 1293 2158 audivit,
1329 2094 1587 2147 tumultus
1607 2094 1781 2147 statim
1809 2106 1871 2145 ac
1896 2090 2166 2158 strepitus,

2342 2081 2527 2136 Ταῦτα
2549 2083 2625 2147 ὡς
2650 2083 2885 2154 ἦκουσεν
2908 2085 2937 2137 6
2962 2082 3091 2145 λαὸς
3120 2082 3325 2145 ἐκεῖνος
3342 2082 3438 2137 καὶ
3464 2081 3661 2153 δῆμος,
3688 2082 3827 2154 θόρυο

608 2185 902 2255 ingensque
927 2184 1129 2240 clamor
1148 2193 1203 2240 et
1229 2183 1471 2238 confusio
1497 2190 1683 2236 exorta
1711 2190 1813 2247 est,
1845 2180 2166 2249 plorantibus

2271 2171 2365 2237 6ος
2387 2172 2549 2236 εὐθὺς
2572 2173 2666 2226 καὶ
2696 2174 2941 2242 πάταγος
2970 2174 3061 2229 καὶ
3093 2173 3190 2245 βοὴ
3215 2174 3443 2245 πλείστη
3470 2175 3567 2228 καὶ
3590 2174 3825 2245 σύγχυσις

609 2276 878 2341 ominibus,
908 2283 1070 2345 atque
1096 2275 1378 2331 orbitatem
1405 2288 1554 2327 suam
1585 2270 2003 2340 deplorantibus.
2030 2268 2166 2334 Quin

2267 2257 2360 2333 ἦν,
2390 2262 2685 2317 κλαιόντων
2706 2264 2924 2319 πάντων
2953 2264 3049 2319 καὶ
3071 2264 3413 2337 ὀδυρομένων
3431 2266 3533 2335 τὴν
3563 2265 3825 2337 ὀρφανίαν.

614 2365 773 2419 etiam
792 2374 984 2434 praeter
1005 2366 1175 2419 luctus
1195 2374 1250 2419 et
1267 2364 1493 2433 ejulatus
1512 2362 1639 2417 illud
1653 2363 1810 2416 etiam
1828 2359 2174 2431 jurejurando

608 2455 960 2521 afﬁrmabant,
1003 2471 1123 2511 sese
1150 2456 1298 2511 illum
1341 2455 1557 2509 minime
1585 2454 1917 2517 dimissuros,
1959 2453 2053 2507 sed
2083 2466 2171 2507 re-

608 2556 869 2614 tenturos,
904 2562 1003 2602 nec
1044 2545 1327 2601 secedendi
1372 2556 1688 2615 potestatem
1730 2545 1837 2600 ullo
1876 2544 2033 2599 modo
2070 2544 2174 2612 ipsi

607 2640 851 2697 facturos.
882 2639 973 2696 Sic
996 2640 1255 2695 clamante
1282 2639 1495 2707 populo.
1517 2646 1678 2707 atque
1697 2636 1949 2692 omnibus
1971 2637 2169 2705 magis-

607 2731 850 2799 tratibus,
905 2730 1178 2799 excipiens
1214 2745 1309 2786 rex
1343 2732 1622 2798 populares
1670 2728 1979 2795 compescit,
2011 2726 2174 2781 silet»

606 2825 845 2894 tiumque
874 2824 1002 2891 ipsis
1030 2825 1277 2891 imperat,
1305 2837 1469 2891 seque
1501 2821 1705 2877 illorum
1733 2822 2057 2877 contentioni
2083 2836 2173 2876 ce-

608 2915 735 2971 dere
763 2927 922 2986 atque
947 2916 1317 2981 obtemperare
1342 2929 1608 2978 asserens,
1639 2926 1751 2980 eos,
1783 2916 2024 2983 quamvis
2045 2912 2170 2968 alio-

609 3006 698 3073 qui
724 3013 1008 3062 mmrentes
1036 3014 1194 3075 atque
1220 3004 1448 3074 ejulatus
1479 3005 1627 3075 signa
1654 3003 1708 3058 in
1737 3005 1887 3074 genis
1924 3005 2171 3070 ferentes,

610 3096 825 3152 domum
865 3097 1106 3153 remittit.
1155 3096 1272 3167 Ipse
1302 3105 1476 3153 autem
1511 3112 1674 3152 unum
1712 3111 1778 3151 ex
1826 3096 2175 3165 principibus,

609 3200 762 3255 quem
789 3184 903 3256 ipse
928 3197 1037 3241 tum
1077 3188 1307 3257 pietatis,
1348 3195 1454 3241 tum
1487 3188 1608 3242 vita:
1639 3186 1935 3243 sanctitatis
1963 3187 2176 3241 nomine

609 3277 773 3346 pluris
801 3277 1045 3332 omnibus
1064 3276 1308 3345 faciebat,
1339 3277 1794 3347 admirationeque
1818 3278 2175 3347 prosequeba-

608 3371 713 3431 tur,
757 3367 860 3422 hoc
900 3378 982 3423 est
1012 3367 1344 3433 Baracbiam,
1385 3366 1540 3436 cujus
1572 3367 1731 3422 etiam
1762 3367 2025 3435 superius,
2052 3380 2173 3421 cum

607 3456 817 3512 Nacbor
866 3457 1199 3512 Barlaamum
1229 3472 1287 3512 se
1330 3472 1451 3513 esse
1478 3458 1734 3512 simulans
1779 3472 1898 3512 cum
1936 3456 2176 3526 pbiloso-
2203 3436 2248 3494 (ἶ

606 3550 726 3617 phis
760 3550 1065 3620 disputavit,
1094 3550 1251 3605 verba
1282 3548 1521 3614 fecimus,
1554 3564 1817 3619 quemque
1852 3549 2025 3604 solum
2056 3548 2175 3603 zelo

607 3646 788 3701 divino
806 3643 1016 3714 penitus
1044 3645 1349 3713 ﬂagrantem
1379 3643 1446 3697 ab
1479 3643 1641 3712 ipsius
1666 3643 1905 3713 partibus
1938 3644 2169 3707 stetisse,

608 3747 764 3804 atque
792 3735 857 3789 ad
884 3736 1288 3803 disputationem
1318 3735 1576 3789 adversus
1606 3734 1724 3789 illos
1756 3733 2038 3788 iucundam
2083 3745 2174 3800 pa-

607 3833 777 3880 ratum
814 3823 977 3880 fuisse
1018 3824 1266 3891 diximus,
1300 3824 1461 3888 hunc,
1493 3823 1734 3893 inquam,
1780 3824 1998 3879 remotis
2033 3822 2175 3877 arbi-

605 3915 733 3983 tris,
778 3925 1135 3985 assumptum,
1183 3915 1376 3970 blande
1422 3928 1485 3968 ac
1534 3914 1724 3968 leniter
1773 3913 2031 3968 allocutus
2068 3921 2171 3979 est,

608 4005 926 4078 ebnixisque
958 4006 1225 4076 precibus,
1269 4015 1327 4060 ut
1354 4021 1573 4076 regnum
1603 4006 1886 4073 acciperet,
1928 4014 2085 4073 atque
2119 4004 2174 4058 in

607 4098 797 4152 timore
824 4097 915 4152 Dei
948 4097 1152 4166 plebem
1181 4111 1327 4151 suam
1356 4104 1566 4165 regeret
1590 4095 1903 4151 obsecrabat
1928 4109 2035 4166 quo
2057 4093 2176 4163 ipse

611 4188 676 4243 ad
707 4189 994 4258 expetitum
1023 4190 1130 4244 iter
1147 4202 1206 4242 se
1237 4188 1557 4258 accingeret.

682 4276 749 4333 Ut
768 4288 940 4334 autem
968 4294 1086 4334 eum
1112 4286 1444 4342 renuentem,
1490 4286 1646 4346 atque
1673 4274 1812 4331 istud
1842 4275 2062 4330 omnino
2088 4290 2172 4331 re-

610 4371 910 4439 pudiantem
929 4370 1076 4438 vidit,
1109 4370 1297 4440 hisque
1327 4369 1500 4424 verbis
1519 4377 1786 4424 utentem:
1807 4367 1851 4421 Ο
1871 4382 1989 4433 rex,
2014 4380 2172 4437 quam

608 4464 748 4522 istud
784 4474 928 4521 tuum
952 4462 1207 4532 judicium
1242 4462 1477 4531 iniquum
1506 4470 1608 4525 est,
1648 4475 1805 4530 quam
1844 4468 1963 4515 tuus
1997 4473 2174 4515 sermo

608 4555 788 4610 divino
818 4555 1066 4609 mandato
1095 4568 1277 4622 parum
1303 4561 1719 4616 consentaneus;
1753 4565 1873 4604 nam
1905 4564 2025 4605 cum
2047 4564 2173 4618 pro-

609 4649 809 4703 ximum
851 4660 957 4702 non
997 4659 1152 4701 secus
1190 4660 1252 4700 ac
1296 4645 1521 4714 teipsum
1556 4656 1735 4698 amare
1770 4641 2029 4705 docearis,
2071 4655 2174 4710 qua

610 4739 820 4795 tandem
849 4737 1053 4794 ratione
1083 4738 1346 4794 sarcinam
1375 4751 1515 4803 eam,
1547 4750 1701 4805 quam
1729 4742 1783 4789 tu
1814 4733 2045 4803 abjicere
2064 4744 2175 4788 stu-

611 4833 725 4897 des,
759 4832 887 4887 mihi
916 4831 1190 4903 imponere
1236 4830 1493 4888 feminas?
1539 4844 1660 4886 nam
1689 4828 1733 4883 si
1772 4827 1921 4899 regio
1956 4840 2179 4885 munere
2216 4805 2259 4862 θ

675 5052 754 5124 (:2)
785 5054 803 5109 1
835 5053 1006 5122 Epist.
1040 5054 1107 5109 ad
1136 5054 1262 5112 Cor.
1293 5073 1380 5121 xv,
1418 5060 1503 5115 10.

696 5124 751 5191 5)
783 5124 1013 5181 Locutio
1043 5136 1127 5181 est
1161 5128 1375 5183 biblica.

2270 2353 2508 2408 Τοιαῦτα
2550 2354 2898 2426 θρηνοῦντες,
2931 2355 3069 2427 πρὸς
3110 2360 3225 2420 τοῖς
3274 2355 3497 2428 θρήνοις
3528 2358 3624 2410 καὶ
3663 2359 3825 2429 ὅρκοις

2271 2444 2556 2499 ὲὸεὸαίουν
2593 2446 2668 2517 μὴ
2709 2446 2969 2517 μεθήσειν
3008 2447 3165 2514 ὅλως,
3214 2446 3332 2501 ἀλλ’
3368 2448 3707 2513 άνθέξεσθαι,
3743 2451 3823 2501 καὶ

2268 2535 2367 2607 τὴν
2396 2533 2744 2607 ὑποχώρησιν
2770 2536 2918 2607 αὐτῷ
2956 2536 3032 2609 μὴ
3063 2537 3390 2609 τοπαράπαν
3425 2539 3821 2610 παραχωρῆσαι.

2270 2627 2431 2681 Οὕτω
2456 2627 2687 2697 βοῶντος
2729 2628 2824 2680 τοῦ
2850 2628 3027 2701 δήμου
3051 2629 3146 2682 καὶ
3175 2629 3287 2683 τῶν
3330 2632 3390 2683 ὲν
3437 2631 3579 2683 τέλει
3611 2632 3824 2694 πάντων,

2272 2720 2559 2775 ὑπολαϐὼν
2588 2722 2617 2774 6
2647 2721 2904 2792 βασιλεὺς
2934 2723 3217 2776 κατασείει
3242 2723 3334 2777 τὸν
3361 2723 3539 2794 ὔχλον,
3568 2723 3665 2777 καὶ¹
3692 2725 3823 2793 σιγᾷν

2272 2812 2458 2875 αὐτοῖς
2496 2811 2867 2867 διακελεύεται
2926 2812 3025 2883 (5).
3094 2814 3206 2868 Καὶ
3273 2812 3443 2867 είκειν
3500 2816 3569 2886 τῇ
3628 2815 3825 2868 ἐκείνων

2274 2905 2526 2960 ὲνστάσει
2546 2904 2742 2972 εἰπὼν,
2761 2904 3134 2975 λυπουμένους
3162 2906 3311 2976 ὅμως
3336 2906 3431 2959 καὶ
3460 2905 3529 2958 τὰ
3556 2907 3657 2976 τῆς
3682 2907 3828 2977 σίμω-

2272 2997 2376 3067 γῆς
2408 2998 2609 3066 σημεῖα
2630 2996 2722 3049 ἐπὶ
2749 2995 2860 3049 τῶν
2882 2995 3126 3066 παρειῶν
3148 2994 3414 3067 φέροντας
3433 2994 3618 3049 οίκαδε
3644 2996 3828 3065 ἐκπέμ-

2274 3104 2386 3144 πει.
2428 3086 2602 3150 Αὐτὸς
2640 3087 2698 3140 δὲ
2729 3086 2830 3141 ἕνα
2861 3086 2973 3141 τῶν
3020 3087 3320 3159 ἀρχόντων,
3359 3087 3419 3151 ὃς
3454 3083 3525 3159 ἦν
3558 3089 3829 3160 πρόκριτος

2272 3180 2440 3251 328
2451 3178 2622 3251 αὐτῷ,
2639 3178 2727 3233 ἐπ’
2747 3179 3005 3250 εύσεόεία
3019 3179 3114 3233 καὶ
3136 3179 3423 3250 σεμνότητι
3438 3179 3559 3250 βίου
3578 3179 3829 3248 θαυμαζό-

2279 3289 2458 3343 μενος,
2489 3270 2762 3344 Βαραχίας
2784 3270 3023 3341 τοῦνομα
3043 3272 3233 3344 (ὅνπερ
3252 3273 3347 3326 καὶ
3366 3273 3633 3344 ἀνωτέρω
3650 3271 3829 3343 ἐδήλω-

2278 3381 2368 3417 σεν
2383 3367 2411 3419 6
2434 3365 2589 3434 λόγος
2613 3365 2710 3436 (6),
2738 3364 2900 3437 ἡνίκα
2927 3363 3134 3438 Ναχὼρ
3151 3364 3245 3419 τὸν
3269 3364 3536 3437 Βαρλαάμ
3562 3364 3831 3436 ὐποκρινό-

2281 3473 2439 3527 μενος
2449 3460 2563 3521 τοῖς
2584 3458 2897 3528 φιλοσόφοις
2917 3456 3208 3526 διελέγετο,
3241 3457 3337 3512 καὶ
3354 3457 3515 3528 μόνος
3529 3458 3561 3510 6
3580 3456 3832 3529 Βαραχίας

2277 3548 2581 3620 ἡτοιμάσθη
2612 3548 3078 3622 συμπαραστῆναι
3123 3549 3273 3622 αὐτῷ
3322 3552 3421 3605 καὶ
3479 3551 3827 3619 συναγωνίσα·

2277 3640 2404 3695 σθαι
2459 3641 2605 3713 ζήλῳ
2662 3641 2792 3712 θείῳ
2844 3641 3140 3705 ὲκκαυθεὶς
3190 3643 3290 3711 τὴν
3342 3641 3621 3712 καρδίαν)’
3670 3639 3833 3694 τοῦτον

2276 3730 2591 3801 καταμόνας
2626 3731 2805 3786 λαϐὼν
2842 3732 2871 3784 6
2904 3731 3178 3803 βασιλεὺς,
3217 3733 3511 3805 προσηνῶς
3561 3732 3828 3801 διελέγετο.

2275 3824 2371 3875 καὶ
2402 3823 2713 3894 θερμότατα
2743 3824 2915 3878 ἐδεῖτο
2943 3825 3286 3895 παραλαϐεῖν
3308 3826 3409 3898 τὴν
3444 3825 3734 3897 βασιλείαν,
3753 3825 3828 3878 καί

2275 3916 2333 3969 ὲν
2363 3917 2513 3989 φόϐῳ
2541 3916 2677 3970 Θεοῦ
2709 3917 2798 3971 τὸν
2824 3917 2953 3972 λαὸν
2982 3917 3149 3973 αὐτοῦ
3190 3922 3480 3989 ποιμάναι,
3500 3919 3577 3983 ὡς
3613 3919 3679 3973 ἂν
3696 3918 3830 3982 αὖτίς

2275 4011 2374 4081 τὴν
2400 4011 2741 4082 ποθουμένην
2763 4010 2914 4081 αύτῷ
2944 4010 3279 4083 πορεύσηται
3308 4012 3446 4068 ὀδόν.

2361 4304 2449 4368 Ὠς
2494 4303 2552 4357 δὲ
2582 4302 2745 4357 αὐτὸν
2788 4303 3225 4373 άπαναινόμενον
3259 4296 3367 4357 εῐδε
3404 4309 3502 4357 καὶ
3535 4304 3706 4374 πάντη
3744 4303 3833 4357 ὰπ-

2276 4397 2628 4469 αγορεύοντα,
2652 4397 2745 4451 καὶ
2758 4392 2829 4449 Ὠ
2853 4395 3094 4466 βασιλεῦ,
3116 4395 3367 4465 λέγοντα,
3387 4396 3463 4459 ὡς
3486 4395 3673 4461 ἄδικός
3702 4396 3829 4465 σουη

2277 4494 2494 4566 κρίσιςί
2548 4492 2623 4558 ὡς
2669 4492 2732 4546 ού
2791 4492 2910 4545 κατ’
2958 4491 3178 4560 ἐντολὴν
3213 4489 3360 4544 σοῦὸ
3402 4489 3594 4559 λόγοςί
3657 4492 3704 4544 εί
3742 4490 3833 4561 γὰρ

2278 4586 2567 4658 ἀγαπῆσαι
2609 4584 2698 4637 τὸν
2722 4582 2947 4652 πλησίον
2981 4582 3058 4647 ὼς
3092 4581 3286 4636 ἑαυτὸν
3312 4580 3599 4652 ἐδιδάχθης
3626 4582 3721 4652 (7),
3745 4580 3836 4633 τίνι

2281 4675 2424 4745 λόγῳ
2457 4677 2593 4747 ὅπερ
2625 4673 2789 4736 αὐτὸς
2821 4672 3125 4745 άποῤῥίψαι
3155 4670 3322 4743 βάρος
3358 4670 3701 4736 σπουδάζεις,
3730 4669 3836 4740 ἐμοὶ

2285 4768 2553 4822 ἐπιθεῖναι
2586 4765 2660 4836 (8)
2686 4765 2918 4838 suum;
2948 4766 2997 4818 εί
3017 4762 3117 4835 μὲν
3139 4765 3249 4835 γὰρ
3265 4762 3429 4818 καλὸν
3446 4762 3507 4817 τὸ
3527 4760 3835 4835 βασιλεύειν,

2288 4860 2448 4923 αὐτὸς
2483 4858 2545 4911 τὸ
2602 4857 2767 4911 καλὸν
2827 4857 3060 4927 κάτεχεο
3120 4856 3171 4908 εί
3212 4855 3271 4909 δὲ
3320 4855 3655 4927 πρόσκομμα
3699 4852 3837 4908 τοῦτο

786 5195 825 5273 |_|
857 5195 1026 5273 Epist.
1060 5196 1435 5273 :_I(_|AC0r.__x_I:I,
1476 5201 1530 5253 ll
1573 5219 1585 5253 :
1633 5201 1692 5252 '0
1720 5200 1841 5265 θεὸς
1875 5204 1972 5272 τῆς
2005 5201 2166 5270 ἀγάπη

2266 5202 2346 5255 καὶ
2369 5201 2592 5273 είρήνης
2623 5201 2776 5255 ἔσται
2804 5199 2924 5271 μεθ’
2954 5196 3135 5270 ὑμῶν.

700 5196 753 5333 ιζ
786 5196 825 5249 Il
857 5196 1026 5265 Epist.
1060 5197 1126 5249 ad
1155 5196 1286 5253 Cor.
1317 5214 1388 5254 xl:

699 5266 731 5337 5
784 5265 940 5337 ϐοηίζ.
973 5282 1027 5337 p.
1057 5267 1184 5333 259,
1216 5284 1270 5325 n.
1301 5269 1388 5325 55.

701 5336 755 5404 6)
784 5335 943 5392 Conf.
976 5335 1031 5405 ι).
1055 5337 1181 5392 est.

675 5407 752 5484 (ἶ)
784 5408 977 5484 M_atth.
1009 5424 1145 5484 χξιι,
1176 5408 1277 5477 59;
1311 5408 1478 5466 Marc.
1513 5427 1612 5477 xu,
1644 5413 1705 5468 51
1733 5430 1748 5479 ;
1783 5411 1952 5483 Epist.
2005 5413 2071 5468 ad
2101 5413 2166 5468 Rt

2296 5429 2418 5481 xm,
2450 5413 2483 5469 9
2517 5412 2883 5484 ε’Δγαπήσεις
2933 5410 3026 5465 τδν
3073 5409 3303 5482 πλησίον
3334 5427 3432 5465 σου
3485 5412 3564 5476 ὡς
3610 5410 3833 5467 σεαυτόν.

602 5474 692 5533 Et
712 5474 882 5532 Levit.
918 5493 1026 5543 xIx,
1059 5478 1148 5532 18.

676 5546 847 5625 (8)_A_,
881 5547 1154 5625 ἐπιβῆναι,
1173 5549 1382 5625 “mendo
1413 5551 1593 5625 solito.
1624 5551 2166 5625 Tbeod.Prodromu:

2269 5563 2459 5625 etrast.
2501 5569 2556 5623 ι).
2586 5550 2656 5608 46
2688 5568 2704 5606 :
2740 5554 2863 5625 Ἂν,
2903 5553 3248 5625 συλλαλήσας
3278 5554 3355 5625 τῷ
3384 5554 3492 5625 θεῷ
3523 5552 3727 5623 Μωσῆς

602 5612 713 5682 νον,
736 5612 921 5695 ’Τόσην
948 5612 1196 5695 Δύτιξανθεϊ
1222 5620 1314 5695 τῷ
1348 5623 1751 5695 προσώπῳίτὴν
1777 5623 2090 5695 χάρινλᾯς
2143 5624 2267 5694 μηδ’
2314 5612 2533 5695 ὁρᾶθαίί
2556 5612 3025 5694 συγκαλύμματος
3078 5612 3243 5695 δίχα,⁷
3272 5612 3346 5679 T6
3377 5612 3476 5679 τοῦ
3514 5625 3648 5679 Θεοῦ

603 5704 751 5765 ωπον
777 5683 889 5741 οἷον
915 5687 1037 5741 είπέ
1066 5706 1177 5759 μοι.
1222 5683 1378 5765 ξὶριιιιΔ
1396 5683 1865 5765 δοιίεχξύπανθῖῇί
1892 5683 2083 5765 γείῐιῐί
2111 5683 2161 5757 qi

2266 5709 2325 5747 ue
2350 5683 2603 5765 ’ἐπανθῇ.
2636 5683 3071 5765 Ῥνωροέἰιίοιῖεε
3094 5683 3220 5765 si?!
3246 5705 3300 5751 et
3331 5697 3439 5749 ὑπὸ
3482 5683 3831 5765 nonnusquam

605 5756 821 5827 fuerunt
851 5756 1184 5827 permutatae.
1216 5759 1502 5816 Choricius
1535 5765 1584 5815 in
1635 5763 1806 5817 Proco

1964 5764 2074 5817 l5:
2123 5765 2166 5817 Ἐ

2266 5766 2415 5833 ιγορᾷ
2448 5763 2796 5833 φαινομένου,
2832 5765 2939 5833 πᾶς
2988 5763 3149 5827 εὐθὺς
3193 5767 3541 5821 ἐπανίστατο.
3594 5764 3728 5820 Bene
3764 5771 3834 5819 est

605 5762 821 5825 fuerunt
851 5767 1184 5827 permutatae.
1216 5762 1502 5816 Choricius
1535 5765 1584 5815 in
1635 5762 1861 5817 Proco’.
1898 5762 1925 5834 §
1964 5764 2030 5817 15
2063 5782 2074 5817 :
2123 5765 2166 5817 Ἐ

603 5826 957 5883 ὑπανίστατο.
992 5828 1047 5884 in
1075 5830 1199 5885 cod.
1232 5830 1414 5902 regiis.
1447 5830 1581 5886 Vide
1609 5833 1674 5885 ad
1706 5778 2019 5890 Pliirostrat.
2055 5833 2166 5890 llzer

2266 5766 2415 5833 ιγορᾶ
2448 5762 2796 5833 φαινομένου,
2832 5765 2939 5827 πᾶς
2988 5763 3149 5827 εὐθὺς
3193 5805 3194 5810 η

2267 5874 2281 5890 .
2314 5820 2446 5892 563.
2474 5835 2542 5892 de
2571 5834 2738 5891 verbo
2770 5832 3194 5892 ὑπανίστασθαι.
