4026 6416
226 415 360 484 1201

1312 415 1487 477 VITA
1527 414 1886 477 BARLAAM
1921 418 2015 479 ET
2055 358 2411 479 JOASAPH:

3329 414 3462 477 1202

210 536 403 608 ψυχῆς
435 533 527 589 καὶ
558 531 871 597 σκάνδαλον,
909 532 961 585 τί
1013 548 1104 602 μοι
1144 530 1405 602 προτίθης
1434 531 1509 601 (9)
1538 532 1634 586 καὶ
1662 532 1789 587 ὑπο-

1922 547 2035 616 ungi
2049 545 2244 601 bonum
2260 550 2359 606 est,
2377 540 2487 607 ipse
2499 536 2638 608 quod
2657 537 2850 592 bonum
2874 541 2950 588 est
2969 531 3164 593 retine;
3184 530 3262 583 sin
3280 538 3454 581 autem

218 627 496 694 σκελίςειν
524 624 740 698 βούλει;
783 623 871 688 Ὧς
904 620 997 677 οὖν
1036 622 1260 677 τοιαῦτα
1290 622 1519 691 λέγοντα
1556 625 1653 678 καὶ
1682 626 1795 680 δια·

214 719 609 791 ϐεϐαιούμενον
635 712 797 782 εἶδεν,
821 717 1100 772 επαύσατο
1120 719 1219 788 τῆς
1238 717 1479 788 ὁμιλίας.
1511 717 1676 789 329
1691 719 1798 772 Ka‘t

214 810 285 882 δὴ
325 810 432 864 ὑπὸ
459 810 631 863 νύκτα
686 807 909 879 βαθεῖαν
966 808 1255 880 επιστολὴν
1308 808 1408 879 μὲν
1442 809 1798 880 διαχαράττει

216 904 363 975 πρὸς
410 903 501 957 τὸν
533 903 688 969 λαὸν,
738 901 942 973 πολλῆς
992 901 1268 971 γέμουσαν
1333 900 1656 971 φιλοσοφίας
1704 902 1799 955 καὶ

216 998 407 1051 πᾶσαν
457 994 907 1066 ὑπαγορεύουσαν
960 993 1060 1066 τὴν
1121 994 1429 1059 εὐσέϐειαν,
1491 996 1683 1049 ὁποίαν
1738 1014 1798 1049 τε

214 1089 499 1157 ὀφείλουσι
522 1088 651 1159 περὶ
675 1087 811 1142 Θεοῦ
842 1086 1001 1152 δόξαν
1046 1085 1214 1158 ἔχειν,
1269 1082 1381 1141 οἷον
1405 1087 1461 1141 δὲ
1492 1087 1605 1158 βίον
1653 1088 1801 1159 αύτῷ

217 1181 577 1251 προσφέρειν,
604 1180 751 1243 οἴους
790 1181 846 1234 δὲ
874 1179 1099 1250 ὖμνους,
1139 1180 1258 1244 οἵας
1281 1180 1652 1251 εὐχαριστίας·
1682 1178 1801 1235 εἶτα

218 1274 301 1343 μὴ
329 1272 488 1326 ἄλλον
516 1273 550 1343 ἦ
584 1272 674 1326 τὸν
704 1271 979 1343 Βαραχίαν
1013 1272 1272 1338 δέξασθαι
1297 1275 1376 1336 εἰς
1405 1273 1502 1345 τὴν
1530 1274 1801 1344 βασίλειον

217 1363 440 1418 κελεύει
498 1366 694 1436 ἀρχὴν.
740 1366 870 1429 Καὶ,
915 1366 996 1429 είς
1044 1365 1133 1419 τὸν
1186 1364 1380 1419 ἑαυτοῦ
1437 1365 1672 1419 κοιτῶνα
1710 1365 1801 1419 τὸν

218 1456 437 1528 χάρτην
471 1457 529 1510 ἐν
556 1449 601 1525 ᾧ
629 1458 661 1528 ὴ
694 1456 951 1529 ἐπιστολὴ
973 1457 1310 1521 καταλιπὼν,
1348 1456 1525 1510 λαθὼν
1556 1458 1801 1521 ἅπαντας

218 1550 512 1621 ἐξέρχεται
542 1548 636 1604 τοῦ
695 1550 984 1606 παλατίου.
1031 1550 1172 1605 Ἀλλ’
1207 1550 1307 1604 ούκ
1338 1550 1579 1621 ἠδυνήθη
1614 1549 1802 1603 λαϐεῖν

218 1644 308 1707 είς
338 1642 542 1715 τέλοςῆ
568 1643 720 1715 Ἅμα
748 1644 857 1715 γὰρ
884 1642 1028 1715 πρωῒ
1058 1643 1218 1697 τοῦτο
1265 1642 1533 1697 ἀκουσθέν
1564 1644 1803 1714 τάραχον

223 1733 394 1799 εὐθὺς
429 1734 524 1787 καὶ
570 1735 803 1806 όδυρμὺν
848 1735 926 1805 τῷ
956 1734 1071 1804 λαῷ
1124 1734 1410 1805 ἐνεποίησε
1438 1753 1451 1768 ’
1485 1734 1581 1788 καὶ
1607 1734 1805 1797 πάντες

222 1826 384 1895 τάχει
439 1824 619 1895 πολλῷ
673 1828 755 1890 είς
808 1826 1037 1900 ζήτησιν
1089 1825 1255 1880 αὑτοῦ
1318 1824 1428 1899 (10)
1468 1825 1801 1897 ἐξέρχονται,

1895 615 2267 694 οίῐοιιύίσυιιιηι
2294 632 2429 687 istud
2455 647 2517 684 ac
2548 628 2852 684 scandalum
2880 622 3038 678 animi
3061 632 3160 678 est.
3185 618 3309 688 quid
3330 615 3457 672 mibi

1901 728 2027 785 illud
2051 726 2257 797 obiicis.
2280 739 2341 778 ac
2363 738 2447 777 me
2465 722 2516 774 in
2539 719 2772 774 fraudem
2797 718 3042 772 inducere
3066 712 3249 782 cupis?
3268 710 3353 775 Ut,
3376 706 3460 762 in-

1897 835 2077 889 quam,
2105 832 2227 872 eum
2257 815 2339 870 his
2362 812 2535 869 verbis
2559 819 2790 864 utentem
2811 816 2865 861 et
2892 811 3279 860 asseverantem
3309 800 3459 862 vidit,

1898 928 2016 968 eum
2039 926 2103 965 eo
2124 908 2335 980 quidem
2358 902 2585 971 colloqui
2607 900 2807 955 destitit
2864 909 2877 946 :
2939 893 3057 961 ipse
3128 899 3311 946 autem
3390 892 3454 944 in-

1899 1010 2156 1072 tempesta
2173 1008 2325 1054 nocte
2346 995 2619 1066 epistolam
2640 990 2834 1061 ingenti
2853 986 3107 1056 sapientia
3132 985 3358 1053 plenam,
3386 993 3464 1034 at-

1902 1109 2001 1164 que
2019 1092 2083 1146 ad
2106 1104 2263 1145 omne
2278 1086 2484 1158 pietatis
2513 1098 2675 1164 genus
2698 1079 3078 1147 impellentem,
3102 1074 3167 1129 ad
3192 1074 3465 1143 pupillares

1900 1199 2021 1241 suos
2052 1191 2252 1247 exarat,
2280 1192 2467 1246 nempe
2495 1159 2648 1244 quam
2681 1173 2747 1228 de
2778 1170 2885 1226 Deo
2918 1167 3230 1222 sententiam
3264 1178 3463 1223 tenere.

1905 1273 2174 1346 quamipsi
2195 1273 2379 1334 vitam,
2401 1282 2531 1336 quas
2550 1264 2751 1326 laudes,
2776 1272 2907 1330 quas
2930 1257 3158 1324 denique
3180 1252 3465 1323 gratiarum

1908 1364 2145 1419 actiones
2167 1360 2357 1416 on‘erre
2379 1357 2653 1420 deberent,
2682 1348 3049 1419 prmscribens.
3074 1346 3150 1400 Ac
3174 1353 3373 1413 postea,
3406 1354 3471 1393 ne

1906 1466 2223 1521 quemquam
2255 1449 2414 1503 alium
2448 1454 2638 1514 prxter
2662 1438 2967 1495 Barachiam
2989 1434 3052 1488 ad
3081 1432 3276 1501 regiam
3301 1429 3475 1499 digni-

1908 1520 2068 1600 tatem
2100 1542 2438 1595 admitterent
2473 1532 2810 1606 prohibebat.
2846 1528 2949 1582 llac
2989 1524 3209 1596 epistola
3246 1523 3297 1574 in
3327 1520 3475 1572 cohi-

1909 1638 2032 1692 culo
2057 1650 2153 1690 suo
2179 1634 2384 1696 relicta,
2414 1626 2753 1683 inscientibus
2780 1621 3026 1675 omnibus
3047 1615 3333 1686 egreditur.
3367 1613 3471 1666 Nec

1913 1737 2086 1783 tamen
2114 1725 2325 1779 efficere
2348 1719 2515 1790 potuit
2538 1725 2595 1770 ut
2622 1715 2784 1783 ipsius
2806 1712 3069 1766 disressus
3091 1706 3156 1760 ad
3179 1714 3471 1759 extremum

1911 1833 2079 1887 usque
2107 1814 2407 1884 incognitus
2441 1816 2603 1865 esset.
2628 1805 2758 1860 Nam
2799 1799 2955 1857 simul
2986 1809 3143 1867 atque
3170 1795 3363 1859 illuxft,
3413 1806 3472 1846 ea

226 1882 668 1989 προκαταλαύετν
716 1882 874 1991 αύτιῖι.
912 1882 1011 1992 τὴν
1044 1918 1222 1990 φυγὴν
1268 1882 1336 1972 ὲκ
1357 1882 1571 1980 πάντές.
1595 1882 1802 1986 ’τρόπού

1922 1882 2007 1963 res
2036 1882 2712 1975 audita-perturbationem
2759 1909 2821 1948 ac
2862 1893 3057 1946 luctum
3099 1886 3237 1956 plebi
3279 1883 3473 1948 attulit,

224 2008 640 2081 διανοούμενοι·
670 2011 794 2067 ὅθεν
822 2011 943 2065 οὐδὲ
988 2012 1068 2075 είς
1106 2011 1283 2082 μάτην
1312 2010 1496 2072 αὐτοῖς
1523 2006 1806 2079 ἐχώρησεν

228 2104 262 2171 ἡ
310 2102 539 2173 σπουδή.
603 2103 691 2167 Ὠς
738 2104 846 2176 γὰρ
905 2104 1086 2166 πάσας
1129 2100 1653 2173 προκατελάμϐανον
1704 2099 1806 2163 τὰς

228 2195 411 2259 ὁδοὺς,
436 2196 536 2267 ὅρη
566 2196 623 2250 δὲ
654 2196 833 2251 πάντα
867 2195 1264 2269 περιεκύκλουν
1292 2195 1387 2249 καὶ
1418 2192 1659 2264 ἀτριϐεῖς
1708 2207 1807 2244 πε-

233 2288 529 2358 ριήρχοντο
550 2288 865 2360 φάραγγας,
898 2292 955 2343 ὲν
981 2288 1268 2360 χειμάρρῳ
1300 2286 1411 2341 τινὶ
1434 2285 1625 2341 τοῦτον
1660 2283 1811 2356 εὑρί-

233 2396 452 2445 σκουσι,
483 2383 673 2453 χεῖρας
700 2384 780 2446 είς
804 2380 1033 2455 ούρανδν
1063 2378 1433 2451 ὲκτεταμένας
1458 2377 1672 2449 ἔχοντα,
1715 2376 1812 2431 καὶ

232 2472 339 2541 τὴν
378 2472 543 2544 εὐχὴν
563 2474 659 2545 τῆς
692 2473 857 2545 ἕκτης
887 2471 1242 2527 ἐπιτελοῦντα
1267 2470 1419 2543 ὥρας
1446 2469 1582 2540 (Η).

323 2756 541 2821 Ἰδόντες
598 2756 654 2811 δὲ
708 2755 870 2810 αὑτὸν
932 2754 1341 2827 περιεχύθησαν
1398 2751 1633 2825 δάκρυσι
1685 2751 1814 2806 δυσ-

235 2846 519 2912 ωποῦντες
550 2846 644 2900 καὶ
668 2845 767 2917 τὴν
793 2844 1103 2917 ἀποδημίαν
1128 2843 1498 2907 ὀνειδίζοντες.
1526 2846 1583 2896 ’0
1610 2842 1694 2898 δέ·
1728 2842 1814 2911 Τί,

241 2940 401 3009 φησὶ,
428 2939 602 3010 μάτην
630 2940 889 3004 κοπιᾶτε;
919 2935 1116 3008 μηκέτι
1145 2934 1254 3006 γὰρ
1288 2935 1387 3004 ἐμὲ
1422 2934 1646 3006 βασιλέα
1672 2934 1818 3006 ἔχειν

242 3032 516 3098 ἐλπίζετε.
551 3029 713 3101 330
736 3030 816 3100 Τῇ
844 3027 1014 3099 πολλῇ
1040 3027 1097 3082 δὲ
1137 3026 1317 3081 αὐτῶν
1347 3026 1607 3090 ὑπενδοὺς
1628 3025 1818 3080 ἐνστά-

247 3142 357 3189 σει,
398 3123 734 3194 ὑποστρέφει
767 3116 924 3184 αὖθις
965 3121 1044 3183 είς
1093 3119 1156 3173 τὸ
1196 3118 1479 3172 παλάτιον.
1517 3118 1655 3186 Καὶ,
1691 3133 1819 3171 συν-

244 3214 473 3285 αγαγὼν
490 3214 759 3279 ἅπαντας,
785 3212 881 3284 τὴν
903 3211 1097 3269 ἑαυτοῦ
1117 3213 1427 3283 ὲφανέρωσε
1448 3210 1663 3282 βουλήν.
1686 3205 1821 3264 Εἶτα
1852 3242 1894 3302 c

246 3311 345 3363 καὶ
383 3310 565 3380 ὅρκοις
598 3307 822 3378 ὲμπεδοῖ
865 3306 959 3360 τὸν
999 3304 1176 3374 λόγον,
1230 3304 1306 3366 ὡς
1349 3304 1608 3373 οὐδεμίαν
1635 3303 1819 3370 αὐτοῖς

244 3402 343 3457 τοῦ
377 3401 563 3455 λοιποῦ
595 3399 849 3453 συνέσται
894 3398 1135 3469 ἡμέραν.
1191 3395 1337 3464 Ἐγὼ
1374 3395 1504 3465 γὰρ,
1539 3396 1696 3465 φησι,
1723 3396 1823 3466 τὴν

248 3493 391 3565 πρὸς
423 3494 567 3563 ὑμᾶς
618 3490 897 3545 διακονίαν
933 3507 1036 3560 μου
1078 3487 1507 3560 ὲπληροφόρησα
1546 3488 1641 3541 καὶ
1670 3486 1823 3541 οὐδὲν

248 3587 518 3651 ἐνέλιπον,
554 3584 675 3638 οὐδὲ
701 3582 811 3653 (12)
847 3580 1253 3653 ὑπεστειλάμην
1273 3580 1382 3635 τῶν
1414 3578 1822 3650 συμφερόντων,

246 3678 347 3732 τοῦ
392 3677 467 3748 μὴ
501 3674 819 3744 ἀναγγεῖλαι
861 3674 991 3745 ὑμῖν
1034 3674 1131 3727 καὶ
1178 3670 1409 3738 διδάξαι,
1459 3668 1827 3741 διαμαρτυρόο

252 3786 419 3841 μενος
444 3767 694 3837 πᾶσιτὴν
726 3768 805 3829 είς
840 3764 930 3817 τὸν
953 3763 1158 3835 Κύριον
1180 3762 1336 3833 ἡμῶν
1369 3760 1575 3831 Ἰησοῦν
1592 3758 1827 3830 Χριστὸν

250 3861 461 3922 πίστιν,
494 3859 589 3912 καὶ
616 3855 905 3927 μετανοίας
946 3855 1099 3919 ὀδοὺς
1149 3851 1539 3908 ὑποδεικνύων.
1584 3851 1694 3905 Ka‘t
1732 3849 1828 3903 νῦν

253 3952 369 4005 ἰδοὺ
398 3951 507 4020 ἐγὼ
558 3948 863 4020 πορεύομαι
904 3946 1000 4018 τὴν
1032 3944 1149 3999 όδὸν
1204 3946 1271 4016 ἣν
1300 3943 1537 3997 ἔκπαλαι
1567 3941 1823 3994 ὲπόθουν“

256 4044 356 4097 καὶ
388 4043 491 4096 ούκ
531 4041 613 4094 ἔτι
634 4040 833 4110 ὄψεσθε
861 4038 921 4092 τὸ
958 4035 1251 4109 πρόσωπόν
1292 4052 1394 4106 μου
1419 4034 1575 4105 ὑμεῖς
1605 4033 1828 4096 πάντες.

252 4138 350 4192 At}:
392 4134 745 4208 μαρτύρομαι
772 4134 903 4203 ὑμῖν
946 4133 1013 4203 τῇ
1054 4131 1295 4201 σήμερον
1334 4128 1541 4199 ἡμέρᾳ,
1570 4124 1714 4179 κατὰ
1741 4125 1832 4177 τὸν

255 4232 405 4286 Θείον
448 4227 771 4283 ’Δπόστολον
810 4227 941 4298 (15),
977 4225 1059 4278 δτι
1114 4221 1357 4294 καθαρὸς
1398 4219 1509 4290 ἐγώ
1555 4221 1672 4290 εἰμι
1727 4218 1834 4272 ὰπὸ

250 4320 353 4377 τοῦ
393 4320 625 4391 αἵματος
661 4317 880 4371 πάντων
912 4313 1087 4385 ὑμῶν.
1140 4312 1216 4365 Ού
1260 4310 1372 4380 γὰρ
1408 4305 1837 4377 ’ὑπεστειλάμην

252 4410 353 4467 τοῦ
385 4411 462 4484 μὴ
485 4406 807 4479 ἀναγγεῖλαι
830 4407 959 4478 ὑμῖν
981 4404 1165 4459 πᾶσαν
1193 4400 1293 4473 τὴν
1333 4398 1530 4472 βουλὴν
1559 4396 1652 4451 τοῦ
1674 4394 1833 4452 Θεοῦ.

330 4666 522 4721 Ταῦτα
568 4666 926 4729 ἀκούσαντες,
986 4662 1082 4719 καὶ
1131 4662 1192 4717 τὸ
1245 4661 1347 4734 τῆς
1390 4659 1620 4732 γνώμης
1670 4659 1835 4715 αὑτοῦ

264 4756 497 4830 στερρὸν
528 4756 882 4827 ἐπιστάμενοι
913 4755 988 4819 ὡς
1017 4753 1170 4808 οὐδὲν
1196 4754 1294 4825 τῆς
1328 4755 1642 4826 προθέσεως
1670 4753 1840 4807 κωλύ-

267 4870 361 4906 σαι
399 4852 646 4913 δύναται,
672 4851 940 4921 ὠδύροντο
974 4849 1071 4919 μὲν
1096 4848 1193 4919 τὴν
1238 4848 1530 4919 ὀρφανίαν,
1555 4849 1656 4901 οὑκ
1691 4843 1838 4916 εἶχον

261 4942 323 4995 δὲ
356 4942 494 5006 ὃλως
552 4941 711 4995 αὑτὸν
771 4939 1112 5010 πειθόμενον.
1176 4938 1311 4990 Τότε
1366 4939 1394 4989 ὁ
1461 4937 1709 5007 βασιλεὺς
1746 4937 1836 4990 τὸν

1913 2002 2202 2067 omnesque
2240 2007 2443 2049 summa
2484 1989 2759 2045 celeritate
2788 1984 2852 2037 ad
2894 1996 3014 2036 eum
3059 1975 3476 2046 investigandum

1916 2094 2287 2159 perrexerunt,
2340 2082 2505 2150 ipsius
2551 2078 2725 2148 fugam
2772 2071 2915 2128 omni
2963 2070 3164 2123 ratione
3215 2080 3476 2133 occupare

1916 2156 2226 2249 cogitantes.
2257 2176 2371 2243 Quo
2398 2172 2554 2227 etiam
2582 2168 2776 2223 factum
2819 2174 2901 2220 est
2941 2171 2994 2215 ut
3033 2159 3262 2214 studium
3310 2156 3476 2224 ipsius

1920 2248 2114 2326 frustra
2141 2266 2356 2322 tninime
2385 2262 2599 2319 cesserit
2658 2259 2787 2313 Nam
2816 2270 2933 2310 cmn
2963 2254 3150 2307 itinera
3181 2248 3358 2303 omn-ia
3387 2262 3477 2301 oc—

1919 2369 2221 2431 cupassent,
2265 2373 2328 2413 ac
2354 2368 2557 2409 montes
2586 2366 2772 2405 omnes
2813 2347 3165 2409 obsedissent,
3209 2340 3481 2408 invi-asque

1922 2454 2087 2508 valles
2105 2455 2497 2524 peragrassent,
2521 2446 2574 2499 in
2597 2449 2828 2497 torrente
2852 2438 3076 2524 quodam
3101 2422 3269 2500 ipsum
3294 2444 3482 2521 manus

1914 2526 1970 2583 in
2025 2509 2215 2585 cosium
2233 2509 2590 2584 “tendentem,
2630 2533 2691 2573 ac
2735 2524 2896 2571 sextze
2946 2513 3091 2567 horae
3135 2509 3494 2581 precationem

1933 2620 2317 2691 persolventcm
2342 2614 2672 2667 invenerunt.

1994 2732 2292 2801 Conspecto
2321 2737 2499 2781 autem
2529 2738 2627 2788 eo,
2660 2718 2965 2776 circumfusi
2995 2719 3172 2772 statim
3192 2755 3206 2778 ,
3247 2729 3366 2768 cum
3410 2712 3486 2764 la-

1924 2822 2120 2892 crymis
2157 2834 2277 2875 eum
2318 2814 2701 2879 obsecrabant,
2744 2826 2805 2865 ac
2842 2809 3136 2864 discessum
3186 2805 3284 2872 ipsi
3337 2801 3484 2871 obje-

1922 2917 2157 2970 Ctabant.
2207 2913 2276 2966 At
2322 2909 2450 2971 ille,
2502 2904 2678 2972 Quid.
2735 2901 2941 2971 inquit,
2996 2900 3203 2953 inanem
3250 2896 3486 2950 laborent

1925 3001 2234 3073 suscipitis?
2278 2999 2385 3054 Nec
2427 2998 2571 3053 enim
2613 3002 2692 3050 est
2714 2992 2877 3073 _qund
2905 3006 2999 3044 vos
3030 3004 3114 3043 me
3144 3002 3320 3056 regem
3354 2984 3491 3039 ultra

1927 3095 2203 3149 habituros
2230 3103 2351 3146 esse
2378 3087 2624 3157 speretis.
2672 3062 2847 3139 Nihilo
2884 3081 3058 3136 secius
3096 3089 3270 3134 tamen
3309 3091 3491 3132 eorum

1924 3184 2125 3257 ingenti
2156 3178 2488 3239 contentioni
2517 3179 2746 3243 cedens,
2790 3176 2855 3229 ad
2895 3174 3146 3242 palatium
3187 3170 3491 3226 revertitur.

1926 3276 2233 3343 coactisque
2262 3274 2314 3327 in
2346 3286 2505 3326 unum
2536 3268 2815 3331 omnibus,
2842 3266 2965 3333 quid
3000 3265 3049 3317 in
3077 3261 3253 3315 animo
3275 3260 3495 3313 haberet
3577 3264 3581 3271 ‘

1928 3365 2249 3427 declaravit,
2278 3377 2340 3417 ac
2380 3368 2562 3429 postea
2604 3354 2918 3424 interposito
2956 3354 3113 3407 etiam
3152 3348 3496 3419 jurejurando

1931 3468 2229 3510 sermonem
2260 3450 2627 3514 confirmavit,
2658 3462 2847 3515 nempe
2876 3460 2932 3498 se
2976 3444 3195 3513 posthac
3239 3456 3306 3494 ne
3334 3455 3494 3493 unum

1930 3545 2142 3615 quidem
2169 3544 2309 3597 diem
2336 3557 2453 3595 cum
2484 3540 2612 3609 ipsis
2639 3539 2751 3592 fore
2775 3553 2791 3591 :
2818 3538 2926 3605 Ego
2948 3537 3088 3590 enim
3106 3575 3119 3598 ,
3147 3532 3345 3602 inquit,
3378 3545 3497 3585 meo

1930 3649 2056 3703 erga
2088 3647 2181 3688 vos
2212 3631 2504 3686 ministerio
2546 3627 2853 3696 perfunctus
2890 3641 3004 3680 sum
3031 3667 3047 3691 ,
3076 3638 3175 3678 nec
3212 3621 3498 3692 quidquam

1934 3724 2280 3797 pnetermissi
2302 3766 2315 3789 ,
2344 3739 2442 3779 nec
2468 3722 2796 3790 subterfugi,
2824 3719 3106 3790 quominus
3132 3716 3499 3772 annuntiaretn

1935 3820 2087 3872 vobis
2114 3820 2266 3888 (Act.
2296 3817 2434 3883 xx),
2478 3829 2539 3867 ac
2578 3814 2823 3869 docerem
2865 3812 3152 3866 testificaris
3177 3806 3503 3864 omnibusin

1938 3913 2217 3965 Dominum
2249 3919 2485 3963 nostrum
2517 3906 2697 3961 Jesnm
2720 3904 2990 3959 Christum
3020 3902 3178 3957 ﬁdem
3197 3940 3213 3965 ,
3241 3915 3304 3955 ac
3332 3902 3503 3970 ι)ωοὶ-

1941 4003 2118 4058 tentia:
2174 4003 2311 4054 viam
2358 3998 2667 4054 ostendens.
2715 3997 2793 4050 Ac
2842 4009 2981 4049 nunc
3033 4008 3132 4063 ego
3181 3994 3319 4045 viam
3371 3990 3504 4045 hanc

1942 4095 2099 4159 ineo,
2144 4107 2302 4162 quam
2340 4091 2448 4160 jam
2481 4089 2683 4158 pridem
2726 4087 3069 4156 expetebam,
3109 4098 3209 4138 nec
3247 4082 3386 4136 ultra
3426 4082 3505 4135 fu-

1944 4187 2080 4240 ciem
2113 4198 2284 4237 meam
2312 4183 2589 4250 quisquam
2619 4187 2852 4232 vestrum
2890 4175 3109 4230 videbit.
3153 4172 3505 4240 Quapropter,

1946 4288 2004 4332 ut
2046 4275 2208 4331 divini
2258 4271 2495 4342 Apostoli
2540 4270 2716 4325 verbis
2765 4277 2902 4334 utar,
2949 4274 3218 4321 contestor
3264 4277 3359 4317 vtts
3408 4259 3505 4314 bo-

1946 4369 2133 4424 dierno
2159 4366 2276 4430 die,
2307 4364 2445 4435 quod
2474 4361 2700 4416 mundus
2737 4375 2836 4428 ego
2874 4373 2990 4413 sum
3033 4371 3062 4409 a
3101 4356 3355 4425 sanguine
3395 4367 3508 4406 om-

1953 4462 2098 4518 nium
2128 4467 2378 4515 vestrum.
2408 4456 2523 4511 Non
2554 4453 2695 4509 enim
2736 4449 3062 4520 subterfugi,
3099 4446 3382 4517 quominus
3412 4458 3509 4498 an-

1951 4552 2245 4607 nuntiarem
2278 4547 2427 4603 vobis
2457 4544 2733 4600 consilium
2761 4543 2872 4597 Dei.

2030 4644 2155 4698 llaec
2186 4641 2258 4695 illi
2285 4640 2557 4695 audientes
2580 4678 2596 4703 ,
2628 4652 2688 4690 ac
2715 4634 2990 4690 sementim
3019 4632 3183 4701 ipsius
3211 4632 3511 4684 firmitatem

1957 4736 2286 4803 exploratam
2328 4731 2618 4792 habentes,
2668 4740 2856 4795 nempe
2895 4722 3033 4793 quod
3064 4738 3183 4777 eum
3212 4736 3242 4774 a
3270 4729 3514 4785 suscepto

1955 4824 2177 4881 consilio
2204 4835 2459 4877 revocztre
2486 4819 2701 4873 minime
2727 4817 2970 4886 possent,
2998 4813 3275 4867 orbitatem
3302 4809 3514 4878 quidem

1952 4932 2100 4972 suam
2149 4915 2495 4986 deplorabant
2529 4955 2542 4978 ,
2593 4924 2691 4966 nec
2731 4918 2908 4963 tamen
2950 4904 3055 4959 ullo
3094 4903 3251 4957 modo
3291 4915 3411 4956 eum
3453 4900 3518 4954 de

339 5098 416 5165 (9)
450 5096 514 5159 A,
548 5094 848 5167 προτιθείς.
881 5095 942 5158 C,
976 5094 1289 5167 προτίοεις.-
1324 5092 1570 5167 Correxi,
1603 5094 1787 5167 eadem

1922 5109 1991 5167 IS”
2013 5092 2427 5167 permutatione.
2465 5087 2697 5167 Basilius
2748 5085 2882 5167 M_ac.
2914 5084 3084 5138 Prtec.
3105 5096 3185 5163 -c.
3219 5080 3289 5134 4‘2
3322 5096 3336 5132 :
3375 5076 3521 5163 Erae

342 5146 413 5165 κν,
450 5146 514 5159 --.
810 5146 846 5157 ν
892 5146 942 5158 -.
1004 5146 1009 5147 7
1238 5146 1250 5154 ς
1476 5146 1481 5147 7
1561 5146 1569 5155 .
1716 5146 1719 5147 7
1890 5146 1895 5147 7

271 5173 368 5222 καί
393 5167 525 5248 Θεξν
553 5168 610 5248 ὲν
658 5167 808 5248 πάσῃ
842 5183 934 5218 σου
964 5146 1160 5248 πράξει
1194 5164 1436 5248 ὲπόπτην
1482 5166 1575 5216 καὶ
1606 5162 1923 5248 ἐξεταστὴν,
1958 5146 2169 5248 eius?“
2183 5162 2359 5248 εστὶν,
2403 5158 2726 5228 ὰναλογίσῃ,
2756 5154 2880 5208 οὔτε
2922 5152 3170 5224 φανερῶς
3207 5165 3356 5213 ποτε,
3400 5146 3523 5200 οὗτε

270 5237 534 5310 κρυπτῷς
572 5232 1647 5310 ἀμαρτῇοῃςορὴιομὰμαρτῄσεις,ψιοιι
1681 5242 1816 5287 tenel

1922 5236 2039 5287 tdex
2068 5232 2201 5310 2991
2237 5236 2296 5285 A.

341 5310 455 5378 (t0)
486 5307 529 5361 A
560 5300 913 5378 ειίιυάύτοῦ.
955 5300 1256 5378 Restituam
1288 5300 1540 5378 Choric‘to
1569 5318 1756 5378 vocem
1789 5302 1985 5378 utilem.
2011 5304 2203 5371 magis,
2227 5317 2329 5368 qua
2387 5300 2483 5355 fuit

2530 5297 2774 5368 privatus
2804 5293 2958 5368 Qrat.
2992 5292 3062 5368 in_
3096 5290 3302 5368 Summ.
3341 5286 3369 5359 §
3410 5285 3510 5366 iii:

268 5355 583 5431 (ὶδτοίνῦν⁷
610 5355 1315 5447 ξλξςνᾰνῖὲῆἷτῶξᾶέώέέμωᾴ
1363 5355 1684 5447 ἀπαλλαγῆς
1713 5355 1894 5447 ἔχοςυσι
1924 5355 2171 5447 χάρινιᾶί
2192 5355 2423 5447 πόλεις,
2472 5355 2611 5423 ἀλλὰ
2638 5368 2741 5447 καὶ.
2770 5366 2880 5418 τῶν
2897 5366 2972 5447 Δέν
3016 5361 3209 5432 εἰρήνῃ
3252 5355 3522 5438 τερπνῶν.

270 5450 413 5519 Apte
467 5429 708 5519 praebent
763 5429 945 5518 ἐχούσί
987 5463 1071 5500 σοι
1129 5429 1287 5499 codd.
1336 5445 1505 5513 regii;
1537 5429 1680 5514 qtio'd
1708 5429 1972 5498 efforsa'u
2000 5429 2287 5497 invenerat
2336 5429 2606 5509 interpres
2653 5437 2743 5507 qui
2798 5436 2960 5490 vertit
3002 5429 3136 5488 eum
3179 5429 3523 5499 pronomine,

274 5538 298 5572 ε
326 5517 541 5581 gratias
572 5517 665 5570 tibi
699 5517 919 5573 habent.
958 5535 976 5570 ι

348 5591 396 5658 (Ι
417 5590 462 5668 ἓ)
493 5587 802 5668 Oraljonettt
834 5598 1000 5668 s'exlte
1030 5588 1172 5668 hora:
1200 5600 1317 5668 eam
1350 5598 1469 5664 esse
1497 5591 1651 5668 puto,
1678 5598 1798 5664 quae
1827 5583 1879 5637 in
1924 5581 2215 5667 ilorologio
2261 5580 2463 5668 Magnq
2500 5578 2649 5668 hisce
2689 5584 2946 5668 concepta
2997 5570 3286 5668 est‘vgrbis
3322 5588 3332 5622 :
3378 5566 3435 5621 '0
3466 5566 3527 5644 εν

352 5637 461 5658 tu,
835 5637 997 5642 -ν-ρπ
1211 5637 1225 5641 -
1308 5637 1313 5638 7
1365 5637 1369 5638 7
1457 5637 1561 5653 7.7
1633 5637 1646 5647 ι
1696 5637 1711 5654 .
1782 5637 1792 5639 7
2129 5637 2158 5649 υ

274 5662 442 5718 παντὶ
474 5655 650 5727 καιρῷ
680 5660 772 5711 καὶ
799 5658 947 5728 πάσῃ
966 5656 1105 5728 ὥρᾳ,
1128 5658 1183 5708 ὲν
1206 5652 1419 5728 οὑρανῷ
1448 5654 1540 5708 καὶ
1560 5655 1660 5728 ἐπὶ
1681 5654 1785 5725 γῆς
1813 5652 2287 5726 προσκυνούμενος
2318 5637 2411 5705 κὶι
2435 5647 2789 5719 δοξαζόμενος
2824 5637 3056 5718 Χριστὸς
3084 5643 3115 5696 ό
3137 5641 3291 5705 Θεὸς,
3312 5656 3364 5692 κ.
3394 5654 3442 5690 τ.
3472 5637 3525 5688 λ.

276 5734 432 5789 Adde
467 5725 715 5782 Van'sleb.
746 5725 951 5783 Hister.
988 5725 1170 5781 cheles.
1203 5725 1353 5778 Alex.
1389 5741 1507 5795 pag.
1543 5725 1629 5781 67.

385 5801 466 5868 12)
499 5800 614 5868 Act.
649 5811 819 5866 apost.
854 5815 941 5859 xx,
978 5797 1067 5852 20.

385 5808 466 5868 t2)
499 5808 614 5851 Act.
649 5811 819 5866 apost.
854 5815 941 5859 xx,
978 5808 1067 5852 20.

354 5808 466 5943 (15)
498 5867 694 5924 Paulus
724 5869 776 5927 in
808 5869 956 5924 Actis
987 5876 1157 5938 apost.
1198 5883 1289 5935 xx,
1320 5866 1409 5923 25.
