4026 6414
226 431 364 498 L205

1326 434 1501 496 V'ITA
1542 436 1898 498 BARLAAM
1935 435 2031 496 ET
2056 431 2424 528 _JOASAPH.

3350 437 3486 505 1:206

225 542 484 598 θάνατον.
517 543 629 598 Καὶ
658 541 832 598 ταῦτα
859 544 1211 617 λογιζόμενος
1251 545 1333 610 είς
1364 547 1456 601 τὸν
1499 547 1600 618 τῆς
1643 548 1812 620 ὑπερ-

1921 553 2163 610 vilitatem
2189 555 2382 624 cogita,
2410 554 2634 626 vitaeque
2663 555 2820 627 hujus
2847 555 3162 612 brevitatem
3191 565 3349 626 atque
3381 556 3479 609 ad-

221 634 386 700 οσζνίας
397 634 458 687 οὐ
475 633 718 708 βληθήσῃ
734 634 924 707 βόθρον
940 635 1074 707 (20),
1089 635 1226 691 ἀλλά
1245 636 1529 710 φοϐηθήσῃ
1551 638 1642 692 τὸν
1659 639 1814 707 Θεὸν,

222 727 320 779 τὸν
344 726 601 797 ἀληθινὸν
623 728 718 782 καὶ
748 728 1076 800 ἐπουράνιον
1121 727 1369 798 βασιλέα,
1393 730 1487 783 καὶ
1509 730 1680 794 ὄντως
1708 748 1816 802 μα-

223 816 421 884 κάριος
465 819 586 890 ἔσῃ.
641 819 940 891 Μακάριοι,
992 819 1102 890 γάρ
1155 836 1288 889 φησι
1323 820 1456 892 (21),
1511 822 1712 886 πάντες
1765 823 1816 876 oi

223 910 555 982 φοϐούμενοι
587 911 683 964 τὸν
709 911 938 983 Κύριον,
967 914 1016 966 οἱ
1057 915 1420 986 πορευόμενοι
1443 916 1501 968 ὲν
1523 919 1644 980 ταῖς
1677 917 1818 982 ὁδοῖς

221 1004 416 1057 αὐτοῦ’
449 1005 566 1058 καί·
611 1005 899 1076 Μακάριος
928 1004 1040 1078 (22)
1093 1007 1234 1078 ἀνὴρ
1264 1007 1292 1058 ὁ
1344 1008 1690 1080 φοϐούμενος
1720 1010 1816 1065 τὸν

225 1095 474 1164 Κύριονο
526 1097 586 1149 ὲν
624 1099 746 1160 ταῖς
786 1098 1032 1162 ἐντολαῖς
1081 1099 1247 1152 αὐτοῦ
1303 1099 1520 1171 θελήσει
1587 1101 1814 1172 σφόδρα.

223 1187 398 1250 Ποίας
455 1187 512 1240 δὲ
561 1187 670 1258 πρὸ
705 1188 924 1242 πάντων
990 1190 1228 1258 ὀφείλεις
1293 1193 1483 1262 τηρεῖν
1553 1192 1811 1259 ὲντο).ἀς;

202 1265 391 1349 Ὺ333
421 1279 698 1351 Μακάριοι
717 1281 828 1348 (25)
859 1283 906 1333 οἱ
948 1281 1260 1352 ἐλεήμονες,
1296 1283 1378 1336 ὅτι
1415 1283 1568 1337 αὐτοὶ
1588 1283 1816 1356 ἐλεηθή-

222 1386 434 1423 σονται·
469 1370 594 1423 καί·
624 1371 847 1424 Γίνεσθε
886 1371 1000 1443 (24)
1033 1373 1404 1444 οἰκτίρμονες,
1454 1374 1532 1438 ὡς
1565 1376 1594 1428 ὁ
1622 1376 1814 1447 Πατὴρ

222 1460 384 1530 ὑμῶν
418 1464 445 1516 ὁ
494 1462 747 1534 οὐράνιος
792 1463 1098 1534 οἰκτίρμων
1133 1466 1273 1519 ἐστί.
1319 1463 1537 1534 Ταύτην
1579 1465 1690 1535 γὰρ
1716 1465 1816 1538 τὴν

223 1555 449 1627 ἐντολὴν
477 1555 584 1626 πρὸ
613 1556 832 1610 πάντων
864 1557 1227 1612 ἀπαιτοῦνται
1253 1559 1304 1610 οἱ
1321 1560 1377 1612 ἐν
1409 1559 1643 1634 μεγίστῃ
1664 1559 1817 1626 ὄντες

224 1651 395 1719 ἀρχῇ.
426 1648 534 1702 Καὶ
563 1648 779 1718 ἀληθῶς
799 1651 826 1702 ό
857 1651 1101 1720 μεγάλης
1137 1650 1389 1717 ἐξουσίας
1419 1651 1816 1722 ἐπιλαϐόμενος

224 1739 322 1792 τὸν
373 1741 576 1810 δοτῆρα
628 1741 730 1810 τῆς
779 1739 1028 1805 ἐξουσίας
1065 1742 1273 1812 ὀφείλει
1325 1743 1612 1814 μιμεῖσθαι
1671 1743 1816 1798 κατὰ

224 1831 482 1901 δύναμιν·
515 1834 574 1884 ἐν
605 1831 781 1903 τούτῳ
814 1832 870 1886 δὲ
916 1833 1153 1902 μάλιστα
1181 1834 1274 1888 τὸν
1319 1834 1452 1889 Θεὸν
1487 1837 1813 1908 μιμήσεται,

1907 640 2147 712 junctam
2175 644 2324 698 carni
2355 653 2580 700 mortem
2616 645 2809 716 cogita.
2840 646 2964 702 Haec
2992 646 3133 702 enim
3162 646 3205 700 si
3233 646 3476 700 conside-

1910 745 1998 786 res
2018 772 2033 797 ,
2065 731 2117 786 in
2149 734 2450 802 superbiam
2481 735 2886 806 haudquaquam
2915 735 3116 792 incides
3138 777 3154 800 ,
3185 737 3278 791 sed
3313 736 3477 788 Deum

1908 835 2092 876 verum
2178 835 2268 894 ae_
2345 819 2624 876 caelestem
2729 821 2930 894 Regem
3004 837 3246 890 metues,
3299 827 3480 893 sicque

1915 913 2169 980 praeclare
2198 892 2269 968 ειί
2289 912 2515 968 feliciter
2540 923 2709 967 tecum
2753 892 2955 984 agetur.
3001 916 3148 970 Beati
3190 918 3365 981 enim,
3394 917 3481 970 iu-

1916 1007 2031 1073 quit
2059 1006 2147 1059 ille
2166 1046 2181 1070 ,
2205 1019 2390 1060 omnes
2418 1007 2504 1074 qui
2537 1007 2724 1060 timent
2752 1007 3064 1071 Dominum,
3095 1009 3186 1076 qui
3211 1009 3483 1063 ambulant

1917 1095 1970 1147 in
2003 1095 2100 1148 viis
2126 1095 2239 1164 ejus
2278 1093 2465 1165 (Psal.
2499 1109 2682 1149 cxxvu
2703 1097 2745 1163 ).
2780 1099 2854 1150 Ac
2884 1113 3091 1152 rursum
3120 1115 3134 1151 :
3167 1100 3358 1152 Beatus
3402 1101 3483 1152 vir

1913 1185 2001 1254 qui
2035 1186 2184 1239 timet
2223 1185 2537 1252 Dominum,
2583 1188 2636 1240 in
2678 1189 2938 1242 mandatis
2978 1191 3092 1255 ejus
3139 1191 3278 1243 volet
3324 1190 3483 1245 nimis

1913 1274 2102 1346 (Psal.
2132 1276 2282 1346 cxi).
2322 1277 2575 1344 Qumnam
2614 1288 2788 1332 autem
2821 1294 2926 1347 prte
2965 1281 3172 1334 caeteris
3221 1291 3484 1350 prazcepta

1919 1366 2018 1421 tibi
2049 1367 2310 1423 servanda
2354 1369 2496 1432 sint,
2539 1368 2701 1422 audi:
2747 1370 2888 1423 Beati
2923 1370 3311 1436 misericordes,
3356 1387 3485 1440 quo-

1921 1458 2061 1511 niam
2092 1458 2188 1527 ipsi
2217 1459 2632 1513 misericordiam
2661 1471 3050 1529 consequentur
3076 1463 3253 1534 (Lucw
3284 1461 3378 1532 vt).
3409 1462 3487 1519 Ac

1918 1558 2158 1604 rursum:
2180 1550 2362 1606 Estote
2377 1551 2765 1620 misericordes,
2786 1554 2919 1608 sicut
2939 1565 2993 1609 et
3014 1554 3168 1609 Pater
3189 1543 3364 1610 vester
3378 1571 3488 1612 etn-

1916 1638 2062 1694 lestis
2075 1641 2378 1696 misericors
2391 1651 2489 1697 est.
2507 1643 2614 1697 lloc
2629 1646 2768 1697 enim
2789 1654 3104 1713 praeceptum
3121 1647 3186 1699 ab
3201 1647 3260 1699 iis
3277 1647 3486 1714 potissi~

1916 1745 2059 1783 mum
2082 1745 2146 1786 ex
2156 1733 2388 1798 poscitur
2402 1733 2489 1802 qui
2513 1733 2564 1786 in
2583 1748 2790 1787 summo
2817 1735 3038 1800 imperio
3054 1737 3320 1790 constituti
3338 1745 3481 1792 sunt.

1921 1825 2000 1880 Ac
2061 1838 2192 1879 sane
2272 1823 2360 1891 qui
2402 1837 2644 1891 magnam
2689 1824 2973 1891 potentiam
3003 1835 3189 1879 nactus
3217 1835 3328 1893 est,
3360 1842 3481 1880 eum

225 1925 288 1976 ὲν
319 1921 401 1993 τῷ
428 1923 596 1992 μηδὲν
631 1923 882 1993 ἡγεῖσθαι
917 1924 1011 1978 τοῦ
1042 1925 1212 1979 ἐλεεῖν
1247 1907 1644 1999 προτιμότερον
1676 1928 1813 2001 (25).

1926 1930 1955 1968 a
1995 1930 2102 1983 quo
2132 1915 2432 1985 hujusmodi
2464 1917 2752 1985 potentiam
2783 1918 2987 1986 accepit
3017 1934 3111 1989 pro
3139 1920 3334 1974 viribus
3368 1920 3485 1974 imi-

238 2015 408 2070 Ἀλλὰ
444 2017 539 2070 καὶ
564 2017 625 2070 τὸ
655 2017 895 2086 ὑπήκοον
923 2019 1078 2073 οὐδὲν
1113 2017 1289 2085 οὕτως
1321 2021 1400 2084 εἰς
1422 2019 1635 2075 εὖνοιαν
1662 2022 1820 2092 ἐφέλ-

228 2127 417 2172 κεται,
449 2109 528 2174 ὡς
563 2111 811 2175 εύποιΐας
856 2112 1018 2185 χάρις
1055 2112 1307 2184 διδομένη
1338 2116 1450 2178 τοῖς
1493 2114 1816 2187 χρῄζουσινο

227 2203 262 2272 η
296 2202 404 2275 γὰρ
439 2203 527 2257 διὰ
554 2202 719 2271 φόϐον
763 2205 1025 2276 γινομένη
1059 2203 1350 2277 θεραπεία,
1403 2222 1820 2278 κατεσχηματι-

229 2295 407 2366 σμένη
464 2297 582 2350 ἐστὶ
636 2295 871 2363 θωπεία,
923 2297 1299 2370 πεπλασμένῳ
1361 2299 1534 2370 τιμῆς
1589 2300 1821 2373 ὀνόματι

229 2387 600 2456 φενακίζουσα
616 2389 741 2451 τοὺς
753 2388 887 2460 αὐτῇ
913 2392 1312 2462 προσέχοντας·
1344 2392 1511 2446 καὶτὸ
1537 2392 1822 2456 ἀκουσίως

228 2479 678 2550 ὑποτεταγμένον
713 2481 997 2546 στασιάζει
1036 2484 1232 2555 καιροῦ
1285 2485 1620 2557 λαϐόμενοψ
1673 2487 1733 2540 τὸ
1762 2485 1820 2541 δὲ

227 2575 346 2636 τοῖς
385 2573 609 2643 δεσμοῖς
634 2573 735 2645 τῆς
767 2575 983 2638 εὐνοίας
1035 2576 1408 2648 κρατούμενον
1455 2578 1683 2650 βεϐαίαν
1708 2579 1821 2651 ἔχει

230 2667 374 2736 πρδς
398 2667 461 2720 τὸ
490 2668 726 2738 κρατοῦν
757 2667 855 2739 τὴν
913 2669 1229 2724 εὐπείθειαν
1265 2671 1398 2743 (26).
1445 2671 1535 2724 Διὸ
1564 2673 1824 2745 εὐπρόσι-

229 2773 326 2820 τος
361 2756 453 2811 ἔσο
481 2761 594 2819 τοῖς
622 2759 920 2828 δεομένοις,
962 2761 1055 2814 καὶ
1085 2761 1269 2830 ἄνοιγε
1312 2762 1384 2815 τὰ
1420 2763 1533 2832 (27)
1563 2756 1678 2816 ὦτα
1709 2767 1822 2830 τοῖς

231 2850 579 2919 πενομένοις,
602 2850 690 2904 ἵνα
716 2848 888 2923 εὕρῃς
927 2851 1028 2924 τὴν
1053 2852 1147 2907 τοῦ
1171 2853 1307 2908 Θεοῦ
1346 2854 1515 2928 ἀκοὴν
1545 2856 1825 2928 ἀνεῳγμέ-

230 2960 331 3011 νην
353 2958 369 2974 ο
395 2939 498 2994 οἶοι
527 2942 636 3014 γὰρ
672 2946 792 3010 τοῖς
833 2944 1126 3018 ἡμετέροις
1165 2946 1433 3015 γινόμεθα
1483 2948 1818 3016 συνδούλοις,

228 3035 480 3090 τοιοῦτον
527 3037 663 3106 περὶ
709 3039 858 3108 ἡμᾶς
905 3038 1216 3109 εὑρήσομεν
1263 3039 1355 3094 τὸν
1397 3039 1686 3114 δεσπότην,
1728 3040 1824 3096 καὶ

229 3127 311 3193 ὡς
341 3128 614 3200 ἀκούομεν
651 3130 1133 3202 ἀκουσθησόμεθα,
1163 3131 1239 3196 ὡς
1286 3133 1505 3205 ὁρῶμεν
1552 3133 1824 3206 ὀραθησό-

235 3221 382 3291 μεθα
420 3221 526 3275 ὑπὸ
567 3221 661 3275 τοῦ
720 3221 864 3276 θείου
918 3223 1014 3276 κει.)⁸
1074 3222 1418 3296 παντεφόρου
1478 3224 1819 3298 βλέμματος.

233 3313 755 3386 Προεισενέγκωμεν
788 3310 881 3370 οὖν
925 3314 1019 3369 τοῦ
1073 3315 1227 3370 ἐλέου
1274 3315 1365 3371 τὸν
1417 3317 1586 3384 ἔλεον,
1620 3320 1709 3374 ἴνα
1745 3319 1824 3392 τῷ

232 3405 412 3478 ὁμοίῳ
438 3406 499 3458 τὸ
524 3407 708 3477 ὅμοιον
745 3407 1146 3476 ἀντιλάϐωμεν.

1922 2006 2018 2060 tari
2047 2004 2224 2060 debet.
2258 2005 2364 2060 Hae
2397 2022 2553 2076 porro
2586 2008 2636 2061 in
2679 2022 2738 2062 re
2779 2007 2942 2062 Deum
2984 2007 3211 2063 maxime
3250 2009 3483 2063 imitabi-

1917 2103 2024 2162 tur,
2048 2093 2093 2149 si
2121 2095 2482 2150 misericordia
2509 2096 2635 2149 nihil
2667 2097 2841 2165 potius
2868 2098 3239 2167 antiquiusque
3271 2087 3482 2154 habeat.

1918 2185 2030 2240 lluc
2058 2187 2264 2241 accedit
2293 2187 2432 2256 quod
2461 2188 2701 2242 subditos
2733 2188 2862 2242 nihil
2890 2204 3038 2258 teque
3065 2190 3130 2244 ad
3163 2190 3488 2246 benevolen-

1918 2278 2042 2332 tiam
2082 2277 2276 2342 allicit,
2319 2286 2374 2330 ut
2413 2277 2652 2331 beneﬁcii
2692 2277 2859 2346 gratia
2901 2279 3176 2348 egentibus
3213 2295 3486 2336 concessa.

1919 2369 2048 2424 Nam
2090 2369 2400 2438 obsequium
2444 2369 2572 2424 illud
2612 2369 2749 2440 quod
2793 2385 2860 2425 ex
2900 2381 3041 2425 metu
3084 2372 3272 2439 oritur,
3298 2373 3491 2427 adum-

1919 2461 2066 2516 brata
2092 2471 2172 2516 est
2197 2461 2451 2527 adulatio,
2481 2479 2576 2532 per
2603 2463 2780 2518 [ictum
2812 2463 3026 2518 honoris
3052 2465 3365 2520 vocabulum
3396 2479 3494 2521 eos

1919 2553 2004 2622 qui
2035 2552 2272 2606 animum
2306 2553 2403 2622 ipsi
2443 2553 2725 2620 adjiciunt,
2769 2553 3043 2609 ludificans
3084 2569 3146 2611 ac
3183 2557 3490 2610 ciruntscri-

1922 2645 2073 2700 hens.
2106 2644 2278 2712 Atque
2317 2645 2362 2697 is
2393 2644 2482 2713 qui
2514 2643 2679 2698 invito
2703 2645 2880 2698 animo
2907 2653 3086 2714 paret,
3127 2645 3300 2700 oblata
3339 2661 3493 2701 occa-

1929 2733 2082 2787 sione
2126 2734 2438 2788 seditionem
2481 2736 2716 2800 excitat;
2755 2735 2842 2804 qui
2887 2743 3063 2790 autem
3106 2735 3492 2792 benevolentia:

1924 2823 2147 2877 vinculis
2194 2824 2514 2879 constrictus
2564 2833 2792 2888 tenetur,
2838 2825 3040 2878 lirmam
3090 2825 3142 2879 ei
3183 2827 3272 2894 qui
3312 2841 3493 2880 rerum

1924 2915 2126 2985 potitur
2154 2915 2511 2969 obedientiam
2545 2923 2778 2983 praestat.
2820 2916 2949 2980 Quae
2988 2929 3108 2969 cum
3137 2915 3208 2968 ita
3250 2915 3396 2978 sint,
3427 2916 3494 2969 da

1923 3019 2138 3073 operam
2165 3011 2222 3057 ut
2245 3002 2516 3072 egentibus
2548 3002 2715 3056 facilis
2744 3003 2810 3056 ad
2841 3013 2892 3057 te
2918 3018 3165 3058 accessus
3188 3004 3289 3069 sit,
3317 3002 3489 3074 iisque

1923 3095 2011 3163 qui
2052 3094 2225 3162 inopia
2267 3093 2660 3159 conﬂictantur,
2706 3106 2863 3147 aures
2907 3103 3008 3147 tua:
3047 3103 3290 3162 pateant,
3337 3102 3394 3148 ut
3432 3102 3488 3147 tu

1923 3199 2136 3255 quoque
2167 3194 2377 3253 apertas
2419 3183 2511 3238 Dei
2553 3199 2711 3238 aures
2740 3185 2997 3240 invenias.
3027 3185 3158 3238 Nam
3185 3187 3366 3254 quales
3396 3201 3493 3240 uos

1928 3276 2072 3345 ipsos
2102 3274 2378 3329 conservis
2406 3274 2790 3343 praebuerimus
2810 3315 2826 3340 ,
2859 3277 3015 3329 talem
3045 3275 3201 3328 etiam
3232 3289 3352 3342 erga
3394 3291 3491 3331 nos

1927 3366 2211 3420 Dominum
2241 3367 2612 3420 nanciscemur
2636 3406 2651 3431 ,
2683 3375 2736 3420 et
2775 3366 3220 3436 quemadmodum
3262 3366 3493 3421 audieri-

233 3500 380 3549 mus,
413 3484 726 3548 audiemur,
760 3493 817 3539 et
845 3483 1314 3554 quemadmodum
1345 3480 1670 3547 viderimus,
1701 3496 1732 3537 a
1761 3481 1951 3537 divino
1985 3491 2043 3538 et
2072 3484 2318 3540 omnium
2350 3502 2538 3542 rerum
2568 3496 2931 3558 eonspectore
2969 3487 3132 3543 oculo
3156 3487 3496 3545 videbimur.

227 3576 605 3640 Quamobrem
642 3584 770 3632 ante
810 3577 1254 3633 misericordiam
1284 3574 1724 3630 misericordiam
1757 3573 2127 3642 conferamus,
2162 3583 2223 3631 ut
2254 3578 2435 3634 simile
2468 3596 2566 3650 per
2597 3580 2776 3636 simile
2810 3581 3164 3652 recipiamus.

314 3666 478 3721 Ἀλλὰ
505 3667 599 3721 καὶ
625 3664 818 3736 ἑτέραν
845 3661 1013 3716 ἄκουε
1041 3660 1260 3730 ἐντολὴν
1288 3658 1522 3727 σύζυγον
1552 3657 1652 3728 τῆς
1687 3675 1822 3726 προς

227 3761 420 3832 τέρας.
449 3761 672 3828 Ἅφετε,
709 3757 804 3811 καί
847 3755 1183 3826 ἀφεθήσεται
1222 3754 1374 3825 ὑμῖν·
1411 3752 1529 3818 καὶ,
1586 3751 1680 3806 ὲάν
1709 3751 1820 3824 (Ξὸ)

229 3855 337 3909 οὐκ
386 3852 549 3926 334
583 3852 760 3922 ἀφῆτε
793 3852 907 3913 τοῖς
941 3847 1257 3920 ἀνθρώποις
1286 3846 1365 3911 τὰς
1395 3843 1826 3917 παραπτώματα

233 3948 439 4012 αὐτῶν,
470 3945 591 3998 οὐδὲ
626 3945 755 4014 ὑμῖν
785 3942 988 4013 ἀφήσει
1035 3941 1064 3994 ὁ
1096 3937 1289 4010 Πατὴρ
1323 3935 1480 4007 ὑμῶν
1509 3937 1538 3989 ὁ
1565 3936 1823 4006 οὐράνιος

233 4039 307 4091 τὰ
331 4034 760 4108 παραπτώματα
793 4031 970 4104 ὑμῶν.
1017 4029 1108 4083 Διὸ
1153 4028 1228 4101 μὴ
1275 4027 1693 4099 μνησικακήσῃς
1714 4027 1826 4088 τοῖς

237 4126 530 4182 πταίουσιν
549 4142 564 4156 ο
597 4123 757 4187 ἀλλὰ,
784 4122 1120 4201 συγγνιρμην
1151 4119 1300 4174 αίτού
1312 4135 1473 4189 μενος
1496 4116 1830 4190 ἁμαρτημά-

236 4237 372 4282 των,
411 4216 752 4288 συγγίνωσκε
787 4215 882 4270 καὶ
915 4212 1078 4276 αὐτὸς
1114 4213 1230 4275 τοῖς
1274 4211 1354 4275 είς
1381 4210 1443 4264 σὲ
1475 4207 1831 4280 πλημμελούο

239 4331 354 4380 σιν,
381 4313 464 4367 ὅτι
494 4312 690 4382 ἀφέσει
718 4308 1044 4363 ἀντιδίδοται
1076 4306 1292 4375 ἄφεσις,
1319 4304 1415 4359 καὶ
1439 4292 1506 4375 τῇ
1539 4302 1677 4376 πρὸς
1705 4301 1831 4366 τοὺς

238 4404 569 4477 ὁμοδούλους
601 4402 760 4474 ἡμῶν
789 4399 1103 4469 καταλλαγῇ
1135 4397 1238 4468 τῆς
1287 4394 1614 4465 δεσποτικῆς
1656 4395 1825 4465 ὀργῆς

241 4501 460 4570 γίνεται
504 4492 954 4566 ἀπαλλαγήβθ).
989 4491 1101 4546 Καὶ
1157 4484 1318 4552 αὖθις
1375 4488 1438 4542 τὸ
1503 4485 1829 4557 ἀσυμπαθὲς

241 4591 411 4662 ἡμῶν
459 4589 598 4663 πρὸς
629 4589 758 4653 τοὺς
793 4585 1088 4648 πταίοντας
1130 4582 1495 4651 ἀσύγγνωστα
1523 4581 1671 4632 ποιεῖ
1699 4578 1834 4648 ἡμῖν

242 4685 318 4740 τὰ
353 4682 599 4756 ἡμέτερα
623 4680 981 4750 πταίσματα)
1017 4676 1270 4747 καθάπερ
1306 4673 1524 4736 ἀκούεις
1562 4671 1617 4726 τί
1663 4672 1692 4724 ὁ
1723 4669 1833 4724 τῶν

251 4775 472 4850 μυρίων
501 4773 771 4830 πέπονθεν
795 4769 1084 4842 ὀφειλέτης
1117 4768 1394 4824 ταλάντων
1426 4765 1561 4837 (30),
1593 4766 1660 4835 τῇ
1692 4762 1834 4833 πρὸς

245 4869 345 4925 τὸν
375 4867 661 4924 σύνδουλον
679 4863 1028 4937 ἀσπλαγχνίᾳ
1055 4861 1238 4934 ἑαυτῷ
1261 4859 1364 4932 τὴν
1387 4856 1677 4930 εἴσπραξιν
1696 4857 1828 4913 ἀναο

329 5047 442 5116 (20)
473 5045 629 5101 Coul'.
662 5046 889 5116 Agapct.
922 5059 973 5098 e.
1007 5041 1094 5096 14.

329 5112 444 5190 (τι)
475 5117 642 5190 pavit!
674 5112 815 5190 PSal.
847 5128 1053 5180 cxxvtt,
1093 5112 1142 5166 ι.

327 5185 444 5259 (ἓξ)
474 5186 620 5259 Bsal,
647 5185 842 5259 οιιινί.

331 5253 450 5329 (25)
479 5257 635 5329 βοιιῖ.
669 5273 721 5326 p.
883 5271 935 5311 ιι.
967 5253 1058 5309 81.

335 5327 452 5400 (ει)
484 5327 616 5383 Luc.
639 5344 716 5392 vr,
747 5327 837 5382 56.

1988 3669 2132 3739 Quin
2168 3675 2330 3729 etiam
2368 3676 2513 3731 aliud
2559 3692 2774 3748 quoque
2802 3687 3132 3748 praeceptum
3167 3693 3294 3732 cum
3330 3693 3494 3747 supe-

1915 3764 2062 3820 riore
2093 3765 2201 3820 isto
2234 3765 2608 3838 conjunctum,
2638 3768 2850 3839 ipsique
2871 3776 3160 3838 cognatum
3197 3767 3324 3823 andi
3357 3785 3371 3824 :
3407 3767 3497 3820 lli-

1917 3855 2134 3922 mittitc,
2159 3866 2211 3912 et
2237 3855 2539 3912 dimittetur
2569 3857 2740 3913 vobis.
2765 3856 2920 3924 Quod
2949 3858 2995 3913 si
3029 3873 3136 3912 nou
3172 3858 3496 3914 remiseritis

1915 3946 2231 4006 hominibus
2256 3949 2453 4005 delicta
2499 3950 2767 4020 ipsorum,
2799 3965 2899 4006 nec
2938 3948 3099 4005 Pater
3125 3958 3304 4005 vester
3331 3951 3498 4004 cmic-

1915 4040 2016 4096 Stis
2051 4049 2272 4111 peccata
2303 4051 2482 4097 vestra
2512 4042 2669 4098 vobis
2692 4042 2947 4097 remittet.
2977 4040 3060 4096 0b
3091 4040 3252 4111 idque
3276 4056 3343 4095 ne
3371 4041 3438 4096 iis
3463 4056 3494 4094 a

1929 4127 2118 4198 quibus
2147 4126 2380 4182 oﬂensus
2409 4126 2568 4180 lueris
2593 4124 2800 4194 injuriae
2832 4136 3119 4176 memorem
3146 4130 3195 4172 te
3223 4124 3496 4186 praebeas;

1927 4231 2112 4270 verum
2133 4231 2252 4271 cum
2276 4217 2389 4284 ipse
2413 4224 2746 4282 peccatorum
2768 4220 2979 4265 tuorum
3004 4208 3210 4263 veniam
3239 4206 3496 4274 postules,

1930 4311 1996 4364 iis
2020 4310 2177 4364 etiam
2208 4309 2296 4377 qui
2325 4309 2380 4363 in
2408 4317 2460 4364 te
2487 4316 2706 4377 peccant
2735 4306 2968 4374 ignosce.
3004 4302 3321 4358 Remissioni
3351 4304 3496 4358 enim

1933 4407 2180 4463 remissio
2209 4404 2548 4474 rependitur;
2580 4411 2634 4457 et
2662 4405 2705 4460 si
2736 4415 2856 4456 cum
2899 4400 3096 4454 nostris
3133 4395 3406 4452 conservis
3447 4397 3500 4452 in

1933 4503 2159 4572 gratiam
2209 4498 2515 4564 redeamus,
2569 4493 2824 4550 Dominus
2870 4507 3078 4562 quoque
3117 4505 3265 4544 suam
3308 4489 3360 4543 in
3408 4503 3506 4544 nos

1935 4589 2266 4645 iracundiam
2306 4589 2640 4656 comprimet.
2688 4583 2759 4640 At
2796 4592 2982 4638 contra
3026 4589 3205 4636 nostra
3253 4580 3507 4639 adversus

1934 4697 2028 4738 eos
2054 4681 2143 4752 qui
2173 4678 2372 4751 aliquid
2405 4678 2457 4732 in
2498 4692 2597 4732 nos
2638 4675 2970 4760 admiserunt
3007 4671 3214 4728 saevitia
3249 4671 3351 4728 hoc
3385 4671 3506 4726 eiii.

1934 4775 2039 4843 cit,
2071 4783 2127 4828 ut
2157 4773 2388 4843 peccatis
2419 4769 2616 4825 nostris
2647 4768 2789 4823 nulla
2820 4765 2970 4821 venia
3000 4763 3260 4819 tribuatur
3287 4761 3500 4831 (Matth.

1937 4861 2121 4934 xvtn).
2153 4859 2609 4932 Quemadmodum
2639 4857 2791 4915 audis
2819 4854 3072 4928 quidnam
3101 4851 3176 4910 illi
3203 4853 3291 4924 qui
3317 4850 3504 4909 decem

336 5384 451 5472 (iis;
484 5402 562 5472 Ex
588 5384 826 5472 agapeto
844 5411 893 5451 c.
924 5392 1202 5472 57._(_1_ont'.
1234 5400 1289 5450 et
1316 5391 1382 5448 ad
1413 5388 1739 5448 sententiam
1770 5403 1824 5461 p.
1856 5386 1982 5452 5l0,
2016 5401 2072 5440 ιι.
2104 5384 2196 5440 40.

337 5466 452 5538 (56)
481 5466 899 5540 (ἰοιιῐῖᾹςεῳει.
932 5482 982 5522 c.
1019 5466 1111 5540 35.

337 5543 454 5688 ἓξὲξ
482 5540 678 5668 ῗιέἶῗῖιῗῗ
704 5521 2606 5688 i3?1.??fiiiiciiif’éif‘iioii-liiTa."p‘3§33'.i—‘fié'."§}-$ii§:i§r?:
2630 5516 3531 5688 ,Ϊὲέὲῗέξῗὲἷῇἒῗέέὲέὶηξκξῖῑι.ι

264 5649 454 5756 ιαδζξ
476 5649 1523 5756 ’ήᾙξ
1548 5649 2127 5742 ζεᾶΐοῐὺὲδςῖᾧέόῆξιᾶὶ
2155 5649 2606 5737 σοινπαρίὲαυτοῦ
2629 5657 2836 5723 ἔλπιζε.
2859 5657 2972 5714 luto
2998 5653 3124 5727 παρ’
3156 5650 3344 5714 αὑτοῦ,
3374 5649 3526 5720 quod

265 5766 355 5813 est
392 5747 444 5808 in
482 5747 1172 5814 codic'e‘2991'A,‘scilieet
1198 5747 1293 5801 τοῦ
1318 5747 1476 5801 Θεοῦ.

343 5827 458 5897 (29)
489 5822 644 5897 Quid}
673 5822 900 5897 Agapet.
933 5835 986 5876 c.
1015 5817 1103 5897 64.

349 5889 460 5970 (30)
490 5894 645 5953 Conf.
681 5889 867 5948 Matth.
903 5905 1056 5960 xvnt,
1088 5889 1223 5946 2L...
