4026 6416
554 419 715 489 1211.
1992 432 2107 492 ΑΒ]

2206 435 2367 497 Vm.
3664 458 3783 527 1212

652 541 879 611 llujusce
903 540 1044 596 omni
1076 555 1324 597 scrmone
1370 544 1749 612 prmstantioris
1793 548 2107 617 pulchritudi

2297 546 2515 617 Ταύτης
2544 550 2642 621 τῆς
2672 552 3046 627 ἀνεκλαλήτου
3074 558 3412 633 ὡραιότητος
3445 561 3669 634 Χριστοῦ
3699 570 3783 624 τὶν

576 632 662 688 nis
686 632 880 686 Christi
911 632 1190 696 desiderio,
1226 641 1470 702 tanquam
1505 636 1625 705 igne
1672 639 1900 707 quodam
1953 642 2006 697 in
2036 658 2133 713 pe-

573 737 722 778 ctore
747 735 980 792 accepto,
1005 725 1359 792 apostolorum
1382 725 1596 792 cltorus,
1641 745 1702 782 ac
1724 741 2014 801 martyrum
2044 749 2133 804 ag-

574 818 737 880 tnina,
780 815 956 866 omnia
1004 830 1064 867 ea
1093 829 1210 884 qua:
1255 816 1421 870 oculis
1466 829 1752 874 cernuntur
1801 832 2133 893 contempse-

572 916 717 974 runt,
744 915 903 974 atque
947 906 1090 958 omni
1133 906 1255 960 huic
1283 906 1437 961 ﬂuxa
1481 917 1536 962 et
1581 911 1792 966 caduca:
1824 914 1947 967 vitae
1980 919 2132 969 inuu-

570 1013 716 1052 tnc-ra
748 1007 1133 1050 tormentorum
1186 1006 1243 1051 et
1298 999 1483 1053 mortis
1524 1015 1715 1069 genera
1764 1006 2127 1073 praetulerunt,

570 1091 765 1153 divina:
797 1087 1198 1158 pulchritudinis
1227 1103 1407 1144 amore
1428 1091 1730 1161 ﬂagrantes,
1764 1103 1920 1163 atque
1943 1098 2128 1165 iugen-

564 1192 671 1236 tem
700 1182 791 1236 Dei
825 1181 983 1235 Verbi
1010 1195 1133 1250 erga
1159 1196 1253 1235 nos
1279 1197 1510 1237 amorem
1535 1200 1651 1237 cum
1684 1188 1873 1242 animis
1907 1190 2017 1243 suis
2039 1205 2123 1247 re-

568 1285 834 1341 putantes.
863 1272 1010 1326 llunc
1040 1273 1211 1341 ignem
1255 1287 1371 1326 cum
1398 1275 1681 1341 praeclarus
1713 1280 1893 1341 etiam,
1915 1295 1975 1334 ac
2004 1296 2123 1335 cor-

566 1380 693 1432 pore
722 1364 927 1433 quidem
956 1365 1163 1429 nobilis,
1188 1375 1437 1420 cmterum
1468 1367 1621 1439 longe
1650 1371 1905 1437 nobiliore
1929 1389 1989 1429 ac
2019 1391 2125 1430 ma-

558 1458 641 1526 gis
686 1459 830 1525 regio
860 1457 1037 1510 animo
1089 1458 1336 1525 praditus
1366 1460 1443 1512 vir
1478 1461 1529 1514 in
1580 1463 1756 1531 seipso
1803 1469 2118 1537 accepisset,

563 1562 771 1603 terrena
804 1549 976 1602 omnia
1026 1564 1240 1617 prorsus
1287 1562 1614 1620 aspernatur,
1648 1571 1833 1611 omnes
1880 1562 2118 1630 corporis

557 1640 854 1708 voluptates
885 1642 1170 1707 proculcat,
1201 1655 1328 1709 apes
1349 1652 1402 1697 et
1428 1644 1646 1711 gloriam
1676 1656 1829 1716 atque
1858 1650 2116 1707 humanos

563 1730 792 1784 hauorcs
814 1747 907 1798 pro
938 1731 1099 1784 nihilo
1130 1732 1295 1797 ducit,
1320 1734 1559 1789 diadema
1583 1747 1633 1789 ct
1665 1753 1947 1806 purpuram
1982 1744 2114 1811 abji-

557 1823 651 1887 cit,
679 1836 988 1874 aranearum
1019 1822 1138 1874 telis
1169 1823 1350 1876 viliora
1382 1841 1441 1877 ea
1485 1828 1815 1895 existimans,
1846 1842 2005 1901 atque
2045 1835 2109 1888 ad

2224 640 2386 694 πόδον
2427 643 2486 696 ἐν
2518 643 2721 715 καρδίᾳ
2752 644 3045 719 δεξάμενος
3089 651 3118 703 ό
3161 652 3269 704 τῶν
3300 654 3609 707 ἀποστόλων
3639 660 3784 728 χορὸς

2222 732 2456 786 καὶτῶν
2505 735 2800 807 μαρτύρων
2838 739 2887 791 oi
2915 739 3080 810 δῆμοι
3117 742 3337 797 πάντων
3384 745 3657 816 ὑπερεῖδον
3685 750 3785 802 τῶν

2219 822 2535 892 ὁρωμένων,
2576 825 2755 896 πάσης
2783 827 2842 880 δὲ
2885 828 3035 899 ζωῆς
3065 830 3165 899 τῆς
3205 835 3542 905 προσκαίρου
3563 878 3576 899 ,
3608 841 3692 891 καὶ
3725 842 3785 893 τὶ

2223 914 2394 985 μυρία
2423 914 2532 967 τῶν
2565 915 2818 986 βασάνων
2870 921 2967 974 καὶ
3014 922 3261 976 Θανάτων
3304 925 3419 996 είδη
3456 928 3783 995 προείλοντο,

2219 1004 2542 1074 ἐρασθέντες
2573 1007 2667 1060 τοῦ
2701 1009 2850 1062 θείου
2882 1011 3111 1075 κάλλους
3142 1013 3235 1067 καὶ
3266 1015 3326 1067 τὸ
3367 1018 3497 1087 περὶ
3527 1020 3664 1088 ἡμᾶς
3696 1022 3784 1075 τοῦ

2220 1096 2363 1150 θείου
2405 1099 2579 1167 Λόγου
2612 1102 2956 1174 λογισάμενοι
2997 1105 3239 1178 φίλτρον.
3272 1108 3444 1162 Τοῦτο
3471 1112 3528 1164 τὸ
3556 1112 3657 1184 πὲρ
3699 1117 3784 1168 καὶ

2216 1192 2245 1244 ό
2283 1191 2445 1255 καλὸς
2476 1187 2651 1260 οὗτος,
2689 1197 2782 1249 καὶ
2822 1197 3049 1270 εὐγενὴς
3075 1200 3175 1265 μὲν
3204 1201 3280 1272 τῷ
3314 1201 3552 1273 σώματι,
3582 1208 3783 1273 εὐγενέ-

2219 1300 2411 1346 στατος
2461 1284 2517 1337 δὲ
2550 1286 2750 1355 μᾶλλον
2786 1289 2879 1341 καὶ
2912 1290 3339 1360 βασιλικώτατος
3389 1295 3491 1365 τὴν
3516 1297 3705 1368 ψυχὴν,
3734 1303 3783 1352 ἐν

2216 1374 2392 1444 ἐαυτῷ
2436 1374 2745 1444 δεξάμενος,
2793 1379 3011 1434 πάντων
3058 1380 3194 1451 ὁμοῦ
3233 1382 3345 1434 τῶν
3381 1384 3589 1453 γηΐνων
3630 1403 3781 1438 κατα-

2216 1469 2423 1533 φρονεῖ,
2457 1470 2620 1520 πατεῖ
2649 1469 2828 1533 πάσας
2860 1471 2957 1534 τὰς
2979 1472 3074 1524 τοῦ
3107 1470 3355 1542 σώματος
3381 1474 3593 1545 ἡδονὰς,
3631 1476 3781 1547 ύπερο

2215 1559 2317 1629 ορᾷ
2368 1559 2599 1613 πλούτου
2643 1562 2738 1614 καὶ
2789 1560 2947 1632 δόξης
3000 1565 3095 1617 καὶ
3150 1566 3249 1635 τῆς
3300 1567 3453 1638 παρά
3501 1566 3780 1638 ἀνθρώπων

2213 1650 2398 1720 τιμῆς,
2426 1651 2740 1705 ἀποτίθεται
2772 1652 3009 1724 διάδημα
3043 1654 3138 1707 καὶ
3161 1655 3461 1725 ἁλουργίδα
3489 1695 3505 1718 .
3532 1658 3637 1711 τῶν
3664 1660 3781 1730 ἀρα-

2212 1741 2373 1809 χνίων
2414 1742 2750 1812 ὑφασμάτων
2791 1744 3152 1817 εὐτελέστερα
3207 1746 3380 1800 ταῦτα
3419 1748 3777 1818 λογισάμενος,

2218 1832 2354 1905 πρὸς
2386 1834 2563 1886 πάντα
2592 1834 2649 1887 δὲ
2683 1835 2752 1887 τά
2781 1835 3015 1890 ἐπίπονα
3053 1839 3148 1890 καὶ
3191 1837 3416 1911 λυπηρά
3451 1838 3546 1893 τοῦ
3577 1843 3779 1911 ἀσκητι-

553 1912 728 1966 omnia
757 1911 887 1965 dura
914 1921 962 1964 et
989 1927 1099 1965 acet
1114 1913 1179 1966 ba
1212 1916 1519 1969 monasticae
1554 1919 1679 1971 vita:
1706 1921 1877 1974 studia
1926 1938 2107 1992 prom-

2218 1904 2316 1977 κοῦ
2393 1924 2510 1995 βίου
2588 1927 2886 1998 προθύμως
2958 1930 3152 1983 ἑαυτὸν
3217 1904 3537 1999 ἐκδίδωσιν,
3617 1904 3779 1988 ’Ἐκ-ολ-

548 2015 638 2076 pto
667 2004 841 2058 animo
865 2019 984 2059 sese
1014 2005 1190 2069 tradit,
1214 2007 1335 2059 illud
1368 2008 1659 2066 Psaltnistce
1686 2013 1957 2071 clamans:
2000 2019 2108 2073 Ad-

542 2092 700 2150 haesit
731 2096 900 2151 anima
932 2109 1044 2148 mea
1078 2106 1193 2165 post
1247 2104 1318 2163 te,
1362 2115 1393 2151 ο
1438 2098 1667 2172 Christe,
1716 2104 1969 2176 suscipiat
2021 2125 2106 2164 nte

543 2185 759 2242 dextera
786 2196 873 2239 tua
908 2185 1070 2256 (Paul.
1106 2187 1250 2256 ωιιι).

610 2276 847 2346 Cumque
875 2278 937 2329 ad
964 2278 1101 2330 hunc.
1154 2278 1387 2342 modum,
1419 2281 1583 2333 oculis
1611 2298 1639 2334 a
1692 2295 1835 2354 tergo
1884 2288 2102 2344 minime

543 2354 823 2417 contortis,
856 2355 905 2405 ιιι
936 2357 1170 2409 intimam
1209 2359 1545 2413 solitudinem
1581 2377 1637 2415 se
1665 2365 1993 2430 contulisset,
2019 2375 2101 2421 at-

539 2454 641 2507 que
672 2441 992 2497 caducarutn
1037 2460 1213 2500 rerum
1263 2449 1659 2516 confusiOnem,
1703 2460 1951 2522 tanquam
1987 2469 2103 2510 mo-

541 2532 876 2588 leStissimam
914 2538 1195 2605 quamdam
1245 2542 1505 2595 sarcinam
1553 2552 1604 2595 et
1647 2554 1884 2600 catenam
1914 2560 2102 2602 excus-

538 2622 719 2689 sisset,
773 2627 960 2695 spirittt
1012 2630 1304 2698 laetabatur,
1335 2632 1694 2702 conjectisque
1725 2636 1775 2688 in
1808 2636 2098 2702 Christum,

536 2715 686 2781 cujus
715 2715 981 2773 desiderio
1021 2719 1260 2787 ardebat,
1314 2724 1518 2786 oculis;
1570 2724 1635 2777 ad
1681 2739 1824 2789 cum,
1851 2734 2098 2794 tanquant

535 2806 601 2858 ad
636 2819 944 2873 praesentem
966 2820 1123 2878 atque
1165 2813 1328 2880 ipsius
1358 2828 1538 2866 vocem
1565 2814 1866 2868 audientem
1905 2817 2099 2869 clama-

538 2895 647 2960 bat,
678 2911 905 2965 eumque
924 2899 1305 2969 alloquebatur,
1331 2902 1411 2956 his
1434 2904 1677 2959 videlicet
1701 2905 1875 2959 verbis
1906 2918 2095 2961 utens:

535 2987 611 3039 Ne
633 2987 763 3053 jam,
788 3005 987 3056 quaiso,
1015 3006 1048 3043 ο
1081 2992 1320 3059 Domine,
1348 2999 1532 3049 oculus
1555 3011 1703 3050 meus
1727 2996 1945 3065 hujusce
1972 3001 2097 3052 vita:

537 3076 672 3130 bona
704 3079 903 3143 videat;
935 3095 1031 3134 nec
1079 3096 1311 3147 praesens
1350 3085 1554 3138 vanitas
1597 3096 1827 3140 mentem
1865 3102 2036 3141 meam
2067 3102 2097 3141 a

533 3176 780 3235 suscepto
809 3170 994 3222 itinere
1015 3170 1319 3237 abstrahat;
1353 3188 1559 3240 verum,
1591 3175 1812 3231 Domine
1838 3179 1931 3240 mi,
1971 3178 2099 3232 'ocu-

533 3252 613 3305 los
654 3271 800 3311 meos
844 3260 1206 3326 spirttttalibus
1252 3261 1501 3333 laerymis
1541 3264 1721 3333 imple,
1775 3280 2099 3336 gressusque
2134 3250 2177 3308 (ἶ

532 3363 680 3401 meos
705 3347 893 3415 dirige,
936 3350 1293 3420 famulumque
1322 3360 1465 3406 tuum
1500 3352 1738 3407 Barlaam
1789 3356 1917 3409 mihi
1947 3369 2098 3409 com-

531 3447 791 3494 moustra.
833 3439 979 3502 Mihi.
1013 3440 1247 3510 inquam,
1277 3456 1397 3495 eum
1432 3458 1523 3512 per
1570 3460 1728 3514 quem
1775 3446 1903 3499 mihi
1953 3447 2100 3500 salus

532 3542 682 3597 parta
738 3540 820 3584 est
850 3531 1090 3597 ostende,
1135 3542 1188 3585 ut
1230 3534 1478 3587 solitariae
1521 3550 1583 3589 ac
1636 3537 1950 3590 monasticae
1978 3537 2099 3591 vita

530 3622 884 3675 sinceritatem
919 3638 1010 3689 per
1038 3625 1206 3691 ipsum
1238 3624 1528 3690 addiscam,
1560 3640 1623 3679 ac
1653 3643 1758 3681 non
1788 3629 1857 3680 ob
1889 3627 2100 3683 hostilis

532 3710 654 3765 belli
702 3712 1010 3779 imperitam
1054 3715 1106 3766 in
1157 3714 1393 3769 fraudem
1427 3716 1666 3771 inducar.
1718 3719 1789 3771 Da
1818 3718 1965 3784 mihi,
1999 3719 2101 3773 Do-

534 3805 695 3865 ntlne,
722 3801 858 3855 viatn
889 3818 1056 3855 meam
1083 3806 1336 3871 nancisci,
1367 3819 1460 3872 per
1497 3820 1654 3873 quam
1704 3816 1756 3861 te
1808 3806 2093 3875 adipiscar,

529 3895 776 3961 quoniam
806 3895 977 3945 anima
1008 3908 1123 3947 mea
1170 3894 1241 3947 tui
1272 3894 1538 3950 desiderio
1564 3894 1743 3950 saucia
1785 3905 1889 3964 est,
1942 3906 2099 3966 teque

530 3985 718 4038 salutis
747 3984 940 4037 fontem
969 3985 1219 4039 ardenter
1258 3986 1387 4039 sitit.

601 4077 674 4130 ll.
694 4091 725 4130 c
750 4091 929 4132 secum
964 4088 1219 4146 perpetuo
1247 4078 1511 4142 volvebat,
1543 4088 1701 4149 atque
1729 4079 1794 4134 ad
1821 4079 1988 4135 Deum
2017 4079 2097 4135 lo-

528 4168 809 4233 quehatur,
844 4182 935 4232 per
964 4178 1258 4223 orationem
1280 4183 1341 4223 ac
1369 4168 1800 4225 sublimissimam
1852 4178 2095 4226 contem-

530 4260 812 4324 plationem
842 4259 940 4326 ipsi
968 4272 1089 4313 sese
1137 4258 1481 4330 coniungens.
1524 4263 1697 4330 Atque
1727 4262 1797 4315 ita
1843 4270 2096 4316 contento

527 4365 712 4419 gressu
744 4362 971 4417 cceptum
1004 4352 1104 4405 iter
1133 4353 1541 4421 exsequebatur,
1584 4350 1652 4406 ad
1690 4352 1864 4407 locum
1887 4367 2008 4407 eum
2036 4351 2094 4407 in

525 4457 631 4509 quo
658 4441 895 4495 Barlaam
926 4443 1151 4512 degebat
1196 4444 1476 4511 pervenire
1500 4443 1850 4498 contendens.
1898 4443 2091 4497 Herbis

533 4548 692 4600 porro
720 4534 782 4585 iis
811 4549 927 4601 quae
969 4535 1019 4586 in
1051 4536 1262 4587 deserto
1290 4535 1588 4588 existebant
1615 4534 1878 4588 alebatur.
1910 4533 2092 4601 Neque
2122 4598 2149 4601 _
2193 4537 2215 4600 ,ε

526 4598 691 4686 enim,
723 4631 779 4675 ut
799 4622 905 4689 jam
935 4637 965 4675 a
998 4637 1082 4677 me
1110 4634 1581 4678 commemoratum
1610 4632 1711 4688 est,
1740 4632 1932 4691 praeter
1968 4636 2091 4677 cor-
2121 4598 2166 4654 D

526 4727 622 4781 pus
651 4728 712 4766 ac
740 4726 938 4779 pannos
964 4712 1086 4767 illos
1127 4712 1318 4783 quibus
1367 4713 1580 4770 indutus
1622 4724 1760 4783 erat,
1806 4712 2086 4785 quidquam

521 4806 662 4863 aliud
690 4819 869 4865 secum
896 4804 1115 4861 ferebat.

594 4898 858 4955 Cmterum
883 4915 1001 4953 cum
1030 4900 1276 4969 exiguum
1300 4915 1362 4954 ac
1383 4898 1572 4954 nullius
1595 4898 1808 4953 omnino
1832 4897 2085 4952 momenti

522 4992 714 5046 victum
747 5006 811 5047 ex
842 4990 1020 5047 herbis
1048 4991 1145 5045 sibi
1180 5000 1404 5059 pararet,
1452 5004 1605 5059 aquae
1629 4989 1839 5057 penuria
1871 5000 2089 5056 prorsus

482 5084 485 5085 ⁷
524 5084 819 5151 laborabat,
844 5085 983 5155 quod
1011 5086 1260 5140 videlicet
1300 5085 1527 5139 solitudo
1575 5084 1661 5137 illa
1708 5098 1858 5152 aqua:
1896 5094 2089 5150 expers

524 5188 686 5230 esset.
721 5177 851 5229 Cum
882 5176 1040 5243 igitur
1068 5178 1181 5231 sole
1228 5175 1331 5233 iam
1360 5176 1458 5229 sub
1488 5174 1758 5229 meridiem
1803 5172 2089 5226 vehemen-

528 5277 605 5318 ter
631 5266 849 5320 ardente
887 5266 989 5320 iter
1044 5264 1261 5328 faceret,
1312 5265 1679 5320 vehementius
1707 5263 1777 5317 ob
1818 5270 2003 5315 mstum
2032 5265 2084 5316 in

518 5355 668 5413 arida
701 5356 916 5425 regione
943 5355 1030 5409 siti
1075 5355 1352 5424 ﬂagrabat,
1391 5364 1546 5423 atque
1592 5363 1827 5409 extrema
1881 5362 1933 5407 et
1959 5364 2081 5419 3P3-

527 5444 740 5500 vissima
769 5460 1002 5501 aerumna
1038 5448 1343 5502 vexabatur.
1398 5447 1592 5502 Verum
1640 5446 1898 5516 cupiditas
1925 5455 2081 5500 natu-

575 5571 694 5679 (l7)‘
718 5610 861 5665 Psal.
903 5624 1036 5674 tht,
1079 5609 1133 5662 8.

2215 2017 2352 2089 λήθη
2382 2019 2493 2089 (47)
2523 2019 2681 2089 βοῶν.
2707 2014 2752 2073 ὦ
2780 2022 2982 2092 Χριστέ
3009 2040 3137 2093 μου,
3169 2024 3437 2097 ἐκολλήθη
3462 2028 3495 2098 ἡ
3518 2026 3662 2098 ψυχή
3689 2046 3778 2099 μου

2213 2111 2389 2165 ὀπίσω
2416 2130 2508 2166 σου
2530 2130 2543 2145 ο
2767 2113 2901 2185 ἐμοῦ
2934 2114 2989 2168 δὲ
3013 2115 3339 2171 ἀντελάϐετο
3368 2118 3401 2187 ἡ
3431 2118 3582 2183 δεξιά
3613 2136 3718 2174 σου.

2287 2272 2395 2328 Καὶ
2423 2272 2597 2338 οὕτως
2622 2274 3033 2348 ἀμεταστρεπτὶ
3055 2279 3313 2351 χωρήσας
3333 2280 3409 2344 είς
3447 2279 3511 2333 τὸ
3534 2280 3635 2350 τῆς
3658 2284 3774 2354 ἐρή-

2217 2381 2317 2436 μου
2350 2365 2535 2435 βάθος,
2571 2369 2662 2419 καὶ
2694 2368 2769 2429 ὡς
2805 2369 2970 2440 ἄχθος
3012 2387 3068 2423 τι
3121 2372 3215 2425 καὶ
3263 2371 3443 2426 κλοιὸν
3490 2372 3777 2443 βαρύτατον

2213 2457 2549 2527 ἀποθέμενος
2575 2457 2683 2512 τῶν
2706 2460 3061 2532 προσκαίρων
3082 2462 3180 2533 τὴν
3204 2462 3491 2533 σύγχυσιν,
3516 2465 3775 2536 εὐφράνθη

2211 2550 2290 2619 τῷ
2321 2550 2627 2621 πνεύματι,
2662 2552 2758 2605 καὶ
2791 2553 2869 2624 τῷ
2901 2554 3226 2626 ποθουμένῳ
3256 2556 3512 2620 ἀτενίσας
3547 2559 3776 2631 Χριστῷ,

2211 2642 2341 2696 ἐϐόα
2389 2644 2527 2714 πρὸς
2580 2644 2762 2711 αὐτὸν,
2815 2645 2891 2709 ὡς
2926 2647 3155 2717 παρόντι
3197 2648 3421 2720 καὶτῆς
3474 2650 3661 2718 φωνῆς
3700 2654 3776 2704 ἐπ·

2211 2733 2383 2787 ἀΐοντι
2431 2734 2847 2806 διαλεγόμενος·
2896 2736 2989 2807 Μὴ
3026 2736 3094 2790 τὰ
3138 2737 3337 2805 ἀγαθὰ,
3380 2738 3538 2808 φησὶ,
3574 2738 3666 2791 τοῦ
3693 2740 3773 2792 xti-

2213 2843 2351 2896 σμου
2402 2825 2592 2880 τούτου
2640 2828 2739 2882 ίδοι
2778 2830 2807 2882 ὁ
2855 2828 3136 2901 ὀφθαλμός
3172 2847 3272 2900 μου
3314 2830 3415 2894 ἐτι,
3454 2831 3657 2901 Κύριε·
3711 2833 3774 2901 μὴ

2213 2919 2639 2991 μετεωρισθείην
2668 2921 2775 2974 ἀπὸ
2796 2920 2894 2991 τῆς
2927 2920 3085 2997 δεῦρο
3112 2923 3203 2975 τὸν
3231 2922 3355 2975 νοῦν
3388 2923 3495 2976 ὑπὸ
3523 2925 3622 2993 τῆς
3647 2940 3775 2994 παρ-

2211 3009 2378 3081 ούσης
2428 3011 2781 3083 ματαιότητος
2828 3013 2987 3084 (48)*
3055 3013 3168 3066 ἀλλ’
3208 3013 3491 3087 ἔμπλησον
3532 3016 3657 3079 τοὺς
3697 3016 3775 3085 ὀφ-

2211 3101 2453 3173 θαλμούς
2506 3120 2640 3173 μου,
2695 3104 2896 3174 Κύριε,
2929 3103 3182 3174 δακρύων
3216 3105 3628 3176 πνευματικῶν.
3682 3107 3775 3159 Καὶ

2212 3193 2538 3248 κατεύθυνον
2580 3195 2647 3248 τὰ
2700 3194 3013 3267 διαϐήματά
3067 3212 3168 3266 μου
3206 3196 3343 3266 (49),
3379 3196 3473 3249 καὶ
3511 3196 3773 3262 ὑπόδειξον

2213 3302 2300 3357 μοι
2333 3286 2424 3338 τὸν
2454 3288 2544 3340 σὺν
2567 3285 2875 3359 θεράποντα
2903 3286 3188 3359 Βαρλαάμ.
3234 3288 3546 3355 Ὑπόδειξόν
3582 3306 3670 3358 μοι
3692 3291 3773 3341 τὸν

2207 3378 2333 3447 ἐμοὶ
2361 3379 2638 3450 σωτηρίας
2661 3381 2955 3450 γενόμενον
2987 3380 3267 3451 πρόξενον,
3297 3380 3385 3433 ἴνα
3416 3382 3512 3433 καὶ
3538 3380 3633 3434 τού
3659 3382 3771 3453 ἐρη-

2208 3469 2370 3538 μικοῦ
2395 3469 2512 3540 βίου
2540 3469 2730 3524 τούτου
2775 3473 2871 3524 καὶ
2905 3470 3207 3542 ἀσκητικοῦ
3237 3471 3307 3525 δι’
3340 3471 3509 3526 αὐτοῦ
3543 3474 3644 3543 τὴν
3674 3475 3769 3543 (50)

2202 3560 2490 3631 ἀκρίϐειαν
2522 3560 2754 3631 μάθοιμι
2792 3562 2888 3614 καὶ
2932 3562 3009 3632 μὴ
3035 3564 3102 3632 τῇ
3129 3561 3354 3635 ἀπειρίᾳ
3383 3562 3494 3616 τῶν
3532 3565 3770 3635 πολέμων

2202 3653 2296 3705 τοῦ
2344 3653 2539 3724 ἐχθροῦ
2575 3655 2975 3711 ύποσκελισθῶ.
3019 3660 3119 3725 Δός
3151 3679 3262 3731 μοι,
3304 3663 3504 3736 Κύριε,
3536 3666 3638 3736 τὴν
3667 3666 3769 3719 ὁδῖν

2203 3745 2381 3815 εὑρεῖν
2412 3746 2479 3799 δι’
2503 3741 2571 3819 ἦς
2601 3748 2844 3820 ἐπιτύχω
2874 3767 2991 3816 σου,
3033 3753 3116 3806 ὅτι
3145 3755 3415 3826 τέτρωται
3434 3756 3474 3827 ἡ
3510 3758 3657 3828 ψυχή
3681 3776 3766 3827 μου

2200 3837 2278 3909 τῷ
2308 3838 2459 3910 πόθῳ
2484 3856 2599 3906 σου,
2630 3841 2730 3894 καὶ
2760 3842 2821 3896 σὲ
2849 3842 2990 3915 διψῶ
3020 3846 3120 3923 τὴν
3147 3848 3329 3923 πηγὴν
3355 3849 3456 3919 τῆς
3483 3852 3765 3923 σωτηρίας.

2267 4105 2456 4162 Ταῦτα
2497 4106 2730 4180 ἔστρεφε
2779 4110 2901 4165 καθ’
2950 4111 3143 4167 ἐαυτὸν
3174 4112 3261 4171 ἀεὶ
3284 4152 3299 4179 ,
3328 4116 3423 4168 καὶ
3452 4114 3534 4187 τῷ
3562 4117 3681 4189 Θεῷ
3704 4117 3767 4172 δι-

2194 4201 2435 4272 ελέγετο,
2454 4202 2543 4257 διὰ
2568 4205 2879 4277 προσευχῆς
2899 4206 3050 4277 αύτῷ
3070 4208 3163 4260 καὶ
3175 4207 3407 4279 θεωρίας
3436 4209 3765 4281 ὐψηλοτάτης

2194 4294 2503 4367 ἐνούμενος.
2533 4298 2644 4351 Καὶ
2664 4296 2805 4351 οὕτω
2826 4301 3088 4364 συντόνως
3109 4300 3207 4373 τὴν
3232 4302 3547 4373 ὁδοιπορίαν
3568 4306 3763 4377 διήνυσ,

2192 4388 2283 4441 τὸν
2322 4388 2498 4459 χῶρον
2530 4389 2777 4445 σπεύδων
2810 4391 3171 4459 καταλαϐεῖν,
3232 4393 3361 4447 ἔνθα
3395 4396 3667 4469 Βαρλαάμ
3702 4398 3763 4451 δι-

2190 4480 2345 4551 ῆγεν.
2365 4481 2658 4550 Ἐτρέφετο
2681 4481 2739 4536 δὲ
2760 4487 2882 4547 ταῖς
2906 4483 3207 4555 φνομέναις
3234 4484 3490 4553 βοτάναις
3520 4490 3661 4543 κατά
3676 4492 3763 4559 τὴν

2191 4573 2397 4643 ἔρημον
2416 4587 2430 4602 ’
2474 4573 2625 4626 ούδέν
2651 4575 2758 4646 γὰρ
2786 4574 2914 4628 ἄλλο
2958 4576 3276 4647 ἐπεφέρετο,
3308 4577 3566 4651 καθάπερ
3603 4580 3763 4651 ἔφθην

2190 4660 2361 4714 είπὼν
2395 4661 2530 4735 (5|),
2564 4665 2613 4716 εί
2664 4664 2929 4735 μὴμόνον
2973 4665 3035 4719 τὸ
3079 4664 3241 4737 σῶμα
3288 4667 3351 4721 τὸ
3388 4668 3522 4722 ίδιον
3574 4673 3666 4724 καὶ
3708 4671 3763 4725 τὸ

2192 4754 2359 4824 ῥάκος
2385 4755 2415 4808 ὂ
2449 4757 2862 4829 περιεϐέϐλητο.

2270 4928 2433 4984 Ἀλλά
2460 4930 2668 5002 τροφὴν
2703 4932 2804 5003 μὲν
2838 4933 3067 5007 μετρίαν
3113 4936 3209 4992 καὶ
3245 4938 3547 5011 ούδαμινὴν
3570 4942 3634 4996 ἐκ
3661 4941 3758 4995 τῶν

2194 5019 2430 5089 βοτανῶν
2454 5022 2831 5093 ποριζόμενος,
2853 5023 3041 5089 ὓδατος
3063 5029 3340 5093 παντελῶς
3369 5031 3535 5104 340
3550 5034 3755 5105 ἠπόρει.

2190 5109 2423 5181 ἀνύδρου
2456 5113 2549 5164 καὶ
2583 5111 2751 5184 ξηρᾶς
2790 5112 2955 5185 οὔσης
2984 5117 3082 5187 τῆς
3112 5118 3322 5189 ἐρήμου
3352 5124 3588 5194 ἐκείνης.
3626 5125 3752 5193 Ἠδη

2183 5200 2366 5255 τοίνυν
2413 5205 2541 5274 περὶ
2594 5204 2691 5267 τὰς
2743 5208 3118 5278 μεσημϐρίας,
3174 5210 3269 5264 τοῦ
3333 5212 3484 5283 ἡλίου
3539 5217 3755 5287 σφοδρὸν

2186 5293 2509 5364 φλέγοντος,
2556 5296 2656 5365 τῆς
2710 5297 3013 5368 ὁδοιπορίας
3064 5301 3355 5372 ἐχόμενος,
3408 5306 3755 5377 σφοδρότερον

2184 5385 2344 5449 αὐτὸς
2366 5386 2626 5455 ἐφλέγετο
2647 5389 2704 5441 ἐν
2726 5389 2868 5458 δίψει
2892 5390 3173 5460 καύματος
3199 5397 3256 5448 ἐν
3281 5395 3515 5467 ἀνύδρῳ,
3554 5401 3642 5452 καὶ
3664 5400 3753 5469 τὴν

2183 5480 2419 5549 ἐσχάτην
2456 5478 2885 5553 ὲταλαιπωρεῖτο
2924 5483 3335 5560 ταλαιπωρίαν·
3381 5488 3499 5544 ἀλλ’
3532 5490 3685 5545 ἐνίκα
3727 5490 3753 5542 ὁ

572 5676 682 5761 (iis)
716 5679 859 5761 Rsalﬂ.
883 5695 1079 5761 cxvttt,
1203 5696 1215 5731 :
1261 5676 1628 5761 ’.ἑπόστρεψον
1659 5679 1782 5746 τοὺς
1814 5678 2107 5754 ὀφθαλμούς

2206 5702 2254 5738 ου
2287 5683 2379 5738 τοῦ
2415 5682 2489 5757 μὴ
2518 5684 2646 5738 ἰδεῖν
2687 5687 3041 5761 ματαιότητα.

569 5754 680 5819 (l9)
713 5752 867 5805 Until.
902 5766 1022 5818 pag.
1062 5750 1181 5811 182,
1209 5766 1262 5801 tt.
1292 5748 1374 5801 76.

570 5818 679 5887 (iiii:
710 5822 771 5881 (Ζ,
808 5820 925 5890 βίου
952 5821 1069 5888 τὴν,
1106 5819 1293 5872 mediis
1327 5818 1560 5873 omissis.

568 5894 681 5963 (.3!)
719 5892 843 5961 Pas.
880 5890 1001 5946 557.
