4026 6412
259 424 388 494 19.11

1350 408 1525 470 VITA
1559 403 1911 466 BARLAAM
1954 402 2045 460 ET
2082 400 2433 463 JOASAPII.

3384 413 3516 477 121%

256 536 356 591 καὶ
391 535 655 605 ἀήττητος
691 530 820 603 ῥᾷον
871 526 1069 599 ήνεγκε
1103 526 1171 581 τὰ
1218 525 1437 597 λυπηρά
1464 524 1637 579 ταῦτα
1682 524 1715 595 ἢ
1744 522 1843 586 τὰς

1950 528 2215 581 inantinns
2237 537 2392 595 atque
2422 528 2646 581 invictus
2673 527 2836 597 ipsius
2857 529 3093 597 spiritus,
3122 544 3304 584 amore
3334 547 3393 585 ac
3416 533 3509 586 de-

260 627 454 699 ήδονάς
480 626 677 697 ἕτεροι.
710 622 800 677 Διὸ
824 622 924 693 τῆς
962 620 1167 675 ἄνωθεν
1207 620 1266 672 οὐ
1313 619 1579 689 διήμαρτε
1615 632 1836 687 συμμα-

1948 618 2144 673 siderio
2168 617 2380 680 ardens,
2406 616 2703 685 bnjuSuiodi
2738 618 3010 674 molestias
3056 619 3259 674 facilius
3310 623 3511 676 ferebat

259 720 408 790 χίας,
450 715 609 781 ἀλλά,
655 713 797 769 κατά
827 713 889 766 τὸ
934 711 1139 782 πλῆθος
1164 709 1275 763 τῶν
1311 708 1517 763 ὀδυνῶν
1550 706 1715 761 αὑτοῦ
1748 706 1842 759 καὶ

1947 725 2104 781 quam
2134 708 2222 763 alii
2251 710 2545 777 voluptates
2594 709 2735 765 ferre
2762 712 2989 766 soleant.
3031 714 3284 780 Quocirca
3331 715 3509 772 divina

259 809 464 875 πόνων,
496 810 551 862 al
581 808 731 878 παρά
757 805 851 860 τοῦ
877 803 1211 875 ποθουμένου
1232 798 1469 872 Χριστοῦ
1493 799 1841 869 ἐγγινόμεναι

1948 818 2049 868 npe
2081 802 2298 856 minime
2323 801 2490 855 caruit
2513 818 2526 866 ;
2546 816 2729 856 verum
2758 804 3045 857 secundum
3072 807 3315 859 dolorum
3346 807 3510 875 ipsius

260 900 641 973 παρακλήσεις
673 898 782 971 (66)
816 897 938 952 καθ’
976 894 1177 958 ὕπνους
1205 911 1264 947 τε
1295 894 1386 946 καὶ
1418 891 1539 947 καθ’
1570 890 1716 961 ῦπαρ
1749 888 1841 943 εύ-

262 1012 479 1068 φραναν
518 992 618 1065 τὴν
653 992 833 1064 ψυχὴν
871 989 1057 1045 αὐτοῦ.
1112 986 1619 1060 Συμπληρουμένης
1658 984 1714 1037 δέ
1743 986 1843 1054 τῆς

261 1087 493 1151 διετίας.
535 1086 772 1153 Ἰωάσαφ
809 1082 907 1156 μὲν
943 1080 1239 1144 ἀπαύστως
1288 1079 1507 1153 περιῄει
1547 1077 1725 1151 ζητῶν
1752 1076 1842 1129 τὸν

264 1178 627 1249 ποθούμενον,
668 1175 765 1230 καὶ
814 1176 1103 1229 ἐποτνιᾶτο
1131 1174 1267 1245 πρὸς
1314 1174 1406 1226 τὸν
1450 1170 1584 1225 Θεδν
1632 1170 1846 1240 δάκρυα

263 1267 581 1339 ποταμηδόν
610 1265 721 1319 τῶν
767 1263 1062 1335 ὀφθαλμῶν
1092 1263 1481 1335 προχεόμενος,
1520 1261 1634 1327 καὶ,
1661 1259 1844 1323 Δείξόν

269 1378 396 1433 μοι,
445 1357 725 1423 Δέσποτα,
759 1356 917 1428 βοῶν,
949 1356 1121 1421 δεῖξόν
1155 1373 1244 1427 μοι
1280 1355 1371 1409 τὸν
1404 1355 1576 1409 αἴτιόν
1611 1371 1701 1425 μοι
1743 1354 1844 1423 τῆς

267 1455 370 1526 σῆς
400 1449 749 1521 ἐπιγνώσεως
771 1450 866 1503 καὶ
883 1447 992 1502 τῶν
1012 1446 1281 1501 τοσούτων
1306 1445 1525 1515 ἀγαθῶν
1552 1445 1845 1516 γενόμενόν

271 1560 367 1615 μοι
422 1542 683 1616 πρόξενον
716 1541 869 1613 (67)·
920 1540 1018 1595 καὶ
1074 1540 1184 1612 μὴ,
1242 1540 1330 1594 διά
1392 1540 1453 1594 τὸ
1486 1539 1687 1611 πλῆθος
1735 1538 1845 1592 τῶν

266 1634 510 1706 ἀνομιῶν
565 1651 690 1705 μου,
736 1631 903 1687 καλοῦ
946 1648 1015 1703 με
1057 1632 1316 1685 τοσούτου
1359 1632 1651 1704 στερήσῃς.
1704 1629 1843 1684 Ἀλλ’

267 1726 504 1793 ἀξιωσόν
530 1742 599 1797 με
633 1726 762 1780 ίδεῖν
790 1742 851 1779 τε
891 1726 1056 1780 αὑτὸν
1090 1725 1186 1780 καὶ
1220 1724 1334 1779 ίσον
1360 1724 1510 1796 αὐτῷ
1538 1723 1629 1779 τὸν
1658 1723 1845 1794 ἀγῶνα

266 1819 373 1892 τῆς
398 1820 684 1893 ἀσκήσεως
715 1817 924 1874 θέσθαι.

344 2084 603 2157 Εὐρίσκει
641 2082 698 2139 δὲ
726 2084 862 2138 Θεοῦ
907 2082 1093 2156 χάριτι
1147 2084 1434 2157 σπήλαιον,
1482 2084 1849 2157 ίχνηλατήσας

268 2177 382 2230 τῶν
426 2178 608 2229 ἐκεῖσε
657 2174 1041 2247 πορευομένων
1072 2174 1174 2247 τὴν
1222 2174 1427 2247 τρίϐον.
1468 2177 1578 2230 Kal
1629 2177 1848 2249 μοναχῷ

270 2286 383 2322 τινι
422 2266 584 2339 345
633 2266 951 2338 ἐντυγχάνει
1002 2266 1096 2322 τὸν
1137 2265 1402 2340 ἐρημικὸν
1439 2268 1679 2340 μετιόντι
1711 2269 1846 2339 βίον.

272 2361 386 2414 Kal
422 2360 596 2430 τούτῳ
628 2358 939 2431 θερμότατα
970 2358 1285 2430 περιχυθεὶς
1312 2358 1408 2414 καὶ
1435 2359 1848 2431 ἀσπασάμενος,

1949 906 2012 945 ac
2062 891 2298 943 laborum
2351 889 2740 944 multitudinem
2793 892 2968 959 (Psal.
3019 897 3213 963 xxxiv)
3260 896 3427 949 allata:
3478 911 3508 951 a

1946 978 2181 1045 Christo,
2230 978 2383 1046 cujus
2420 980 2704 1046 cupiditate
2753 981 3043 1050 ﬂagrabat.
3094 985 3510 1048 consolationes,

1945 1078 2051 1125 tam
2071 1079 2225 1125 noctu
2247 1069 2499 1138 quamdiu
2516 1069 2745 1123 animum
2771 1070 2934 1139 ipsius
2954 1071 3338 1127 exbilarabaut.
3364 1076 3508 1130 Con.

1944 1158 2086 1216 fecto
2110 1170 2287 1213 autem
2322 1159 2515 1214 biennii
2544 1158 2828 1226 curriculo,
2861 1160 3118 1231 Josaphat
3146 1165 3357 1231 quidem
3389 1182 3508 1234 per.

1945 1261 2106 1321 petuo
2133 1250 2469 1313 circumibat,
2501 1265 2622 1304 eum
2654 1266 2807 1321 quem
2832 1254 3111 1321 expetebat
3134 1272 3397 1323 qua-rens,
3426 1266 3513 1310 at«

1942 1359 2046 1415 que
2075 1345 2139 1397 ad
2187 1344 2351 1398 Deum
2386 1345 2643 1415 lacrymas
2672 1344 2905 1399 fluminis
2946 1347 3109 1401 instar
3156 1346 3504 1419 profundens.

1942 1433 2293 1489 meditabatur
2321 1435 2553 1488 clamans
2578 1450 2591 1487 :
2617 1433 2845 1489 Ostende
2982 1430 3117 1486 mihi
3143 1472 3158 1497 ,
3232 1433 3460 1489 Domine
3489 1476 3505 1501 ,

1943 1524 2097 1589 utihi,
2126 1524 2361 1594 inquam,
2396 1539 2515 1577 eum
2555 1523 2809 1590 ostende,
2838 1524 2924 1594 qui
2975 1524 3102 1577 mihi
3155 1525 3226 1577 tui
3280 1527 3510 1580 numinis

1942 1615 2297 1686 cognitionem
2328 1630 2389 1670 ae
2412 1625 2553 1669 tanta
2606 1616 2742 1669 bona
2793 1617 3117 1683 conciliavit,
3165 1631 3262 1671 nec
3294 1626 3512 1687 propter

1944 1713 2285 1777 peccatorum
2338 1723 2575 1761 nieorum
2619 1706 3005 1761 multitudinem
3051 1717 3193 1761 tanto
3238 1707 3377 1763 bono
3424 1723 3510 1762 me

1944 1799 2125 1868 priva;
2161 1813 2346 1853 verum
2378 1799 2477 1852 hoc
2502 1799 2756 1861 concede,
2813 1809 2871 1853 ut
2906 1807 2958 1851 et
3012 1798 3175 1867 ipsius
3222 1807 3515 1866 consiiectu

1877 1889 1920 1947 Β
1947 1887 2113 1953 fruar,
2141 1896 2196 1943 et
2225 1888 2364 1943 idem
2393 1904 2512 1942 cum
2543 1902 2608 1942 eo
2631 1888 2891 1958 religiosa:
2919 1888 3312 1942 exercitationis
3342 1900 3517 1943 certa—

1944 1994 2065 2035 men
2093 1979 2330 2035 subeam.

2018 2072 2108 2127 Dei
2152 2080 2326 2125 antem
2375 2069 2555 2124 favore
2593 2069 2899 2135 s,eluncam
2953 2068 3232 2138 quamdam
3287 2068 3510 2132 invenit,

1947 2162 2295 2233 pervestigata
2326 2161 2569 2215 videlicet
2609 2176 2794 2215 eorum
2840 2160 2927 2230 qui
2976 2175 3040 2213 eo
3069 2174 3127 2214 se
3170 2158 3512 2214 conferebant

1947 2255 2173 2320 semita;
2203 2264 2361 2323 atque
2403 2254 2717 2306 monachum
2746 2252 3028 2322 quemdam
3059 2251 3351 2307 solitarium
3386 2253 3515 2305 vitae

1944 2361 2110 2417 genus
2152 2345 2414 2400 colentem
2445 2344 2800 2411 nant-iscitur,
2832 2359 3059 2413 eumque
3111 2344 3341 2397 maximo
3391 2358 3512 2397 cum

272 2450 370 2507 ³τοῦ
426 2448 695 2522 Βαρλαάμ
740 2450 931 2522 ἠρώτα
976 2450 1039 2504 τὸ
1100 2451 1369 2522 σκήνωμα
1404 2450 1605 2523 εὑρεῖν,
1655 2454 1752 2506 καὶ
1786 2452 1852 2506 τά

1946 2436 2104 2492 animi
2152 2435 2357 2491 fervore
2387 2434 2692 2504 complexus
2721 2444 2774 2489 et
2822 2434 3112 2501 osculatus,
3140 2432 3351 2487 ubinam
3380 2431 3512 2485 Bar-

273 2541 400 2596 καθ’
425 2540 617 2595 ἑαυτὸν
643 2539 1030 2611 διεξῄει,’δῆλα
1063 2538 1141 2611 τῷ
1169 2540 1329 2612 ἀνδρὶ
1366 2539 1615 2612 θέμενος.
1643 2541 1721 2595 Δι’
1755 2542 1851 2596 αὑ·-

1943 2526 2080 2582 laatn
2121 2526 2402 2593 habitaret,
2447 2525 2834 2589 sciscitabatur,
2884 2523 3147 2592 simulque
3190 2521 3289 2591 ipsi
3333 2537 3510 2577 rerum

271 2632 370 2686 τοῦ
410 2631 587 2685 τοίνυν
624 2630 717 2684 τὸν
746 2630 911 2684 τόπον
936 2628 1207 2700 διδαχθεὶς
1237 2630 1338 2702 τῆς
1373 2630 1473 2684 τοῦ
1516 2630 1851 2703 ζητουμένου

1946 2632 2154 2672 suarum
2185 2627 2379 2671 statum
2404 2616 2667 2684 exposuit.
2699 2614 2830 2671 Cum
2859 2615 3017 2685 igitur
3042 2630 3105 2669 ex
3147 2615 3262 2681 ipso
3291 2613 3377 2667 ubi
3408 2613 3509 2667 viri

274 2722 564 2795 οἰκήσεως,
596 2720 1010 2792 καταλαμσάνει
1034 2722 1286 2792 τάχιστα,
1319 2722 1395 2787 ὡς
1423 2723 1553 2778 ὅταν
1583 2722 1851 2796 θηρευτὴς

1946 2710 2083 2764 illius
2114 2726 2269 2779 quem
2310 2712 2584 2779 qumrebat
2626 2708 2812 2764 domus
2862 2717 3004 2763 esset
3049 2708 3417 2771 intellexisset,
3443 2720 3516 2761 eo

276 2813 672 2885 ἐμπειρότατος
704 2812 908 2884 ῐχνεσιν
955 2813 1190 2887 ἐπιτύχῃ
1224 2812 1318 2866 τοῦ
1359 2812 1697 2885 θηράματος.
1742 2815 1854 2868 Καὶ

1946 2814 2101 2869 quant
2130 2800 2426 2863 celerrime,
2458 2815 2561 2853 non
2591 2814 2744 2853 secus
2771 2813 2831 2853 ac
2856 2796 3207 2866 peritissimus
3240 2796 3501 2864 qtti5pi..tn

277 2907 492 2976 φθάσας
535 2905 662 2961 τινὰ
696 2909 901 2978 σημεῖα
948 2906 1016 2961 τὰ
1069 2886 1221 2978 παρά
1271 2906 1366 2961 τοῦ
1401 2907 1564 2961 ἄλλου
1602 2907 1854 2979 γέροντος

1946 2899 2164 2944 venator
2193 2888 2361 2942 feram
2408 2902 2616 2953 nactus,
2647 2904 2706 2944 se
2734 2886 2979 2952 contulit,
3013 2887 3400 2955 peragratisqne
3430 2887 3510 2937 al-

275 3000 594 3072 διδαχθέντα
637 2999 822 3072 αὐτῷ,
869 3000 1159 3072 ἐπορεύετο
1195 3001 1402 3073 χαίρων
1450 3003 1543 3056 xal
1571 3005 1639 3074 τῇ
1679 3001 1856 3056 ἐλπίδι

279 3092 643 3164 ρωννύμενος,
686 3092 764 3157 ὠς
802 3093 997 3163 νήπιος
1040 3094 1105 3147 ἐκ
1149 3092 1362 3167 μακροῦ
1395 3093 1590 3165 χρόνου
1622 3093 1713 3148 τόν
1752 3112 1856 3149 πα·

1945 2979 2108 3032 terius
2131 2976 2405 3047 cujusdam
2429 2979 2570 3032 senis
2593 2978 2861 3031 admonitu
2888 2977 3088 3046 aliquot
3119 2990 3362 3043 passuum
3392 2974 3515 3029 inil-

1943 3067 2274 3136 lihus,la:tus
2313 3082 2375 3122 ac
2413 3068 2525 3139 spei
2571 3069 2759 3122 robore
2807 3077 2994 3136 sepius
3040 3066 3333 3131 incedebat,
3365 3080 3516 3134 a-que

276 3156 415 3255 τέρα
462 3156 697 3247 ἐλπίζων
734 3156 1053 3238 θεάσασθαι.
1105 3156 1283 3236 κόταᾷ
1318 3156 1444 3253 γάρ·
1469 3183 1498 3236 ό
1548 3181 1693 3235 κατά
1722 3181 1854 3235 Θεὸν

1946 3158 2198 3213 nimirum
2229 3173 2290 3213 ac
2318 3173 2472 3229 puer,
2504 3159 2593 3227 qui
2637 3170 2837 3227 patrem
2882 3173 3037 3227 quem
3065 3156 3378 3226 jampridem
3410 3171 3515 3210 nun

278 3227 446 3338 πόθος
476 3274 558 3338 εις
579 3227 756 3346 dum
784 3275 949 3345 ραγῇ,
977 3272 1158 3344 πολλῷ
1191 3272 1286 3327 τοῦ
1309 3227 1542 3343 (tinguo?)
1576 3272 1854 3327 δείκνυται

1946 3249 2077 3304 vidit
2101 3249 2244 3304 brevi
2268 3264 2325 3304 se
2348 3258 2747 3318 conspecturum
2772 3258 2967 3317 sperat.
3002 3249 3130 3302 Nam
3159 3263 3277 3301 cum
3306 3247 3514 3301 divinus

280 3362 614 3435 θερμότερός
645 3380 705 3417 τε
739 3365 835 3419 καὶ
865 3364 1186 3436 βιαιότερος.

367 3537 683 3609 Ἐφίσταται
720 3536 900 3593 τοίνυν
942 3539 1010 3610 τῇ
1062 3536 1202 3610 θύρᾳ
1245 3538 1340 3592 τοῦ
1397 3540 1686 3612 σπηλαίου.
1722 3540 1855 3608 Kal,

1946 3353 2099 3393 amor
2124 3339 2356 3392 animum
2387 3340 2553 3393 semel
2582 3338 2869 3401 obsederit,
2901 3338 3065 3391 multo
3104 3337 3278 3391 acrior
3319 3352 3381 3392 ac
3410 3336 3515 3390 fer-

1947 3429 2155 3484 ventior
2182 3442 2248 3484 eo
2270 3442 2390 3483 esse
2418 3428 2553 3483 solet
2581 3429 2667 3497 qui
2700 3443 2728 3481 a
2761 3438 2941 3481 natura
2972 3436 3167 3481 manat.

2021 3529 2174 3584 Astat
2198 3528 2376 3599 itaque
2405 3530 2670 3597 Spelunca:
2698 3527 2918 3595 foribus,
2948 3527 3117 3595 iisque
3144 3525 3383 3595 pulsatis,
3412 3524 3510 3580 Be-

282 3630 558 3704 κρούσας,
609 3631 940 3702 Εύλόγησον,
973 3627 1115 3695 εἶπε,
1153 3632 1368 3704 Πάτερ,
1414 3633 1728 3703 εὐλόγησον.
1772 3633 1854 3696 Ὠς

1951 3628 2128 3694 nedic,
2156 3628 2444 3698 inquiebat,
2476 3644 2508 3681 ο
2536 3637 2700 3698 pater,
2727 3628 2965 3691 benedic,
2991 3629 3225 3697 inquam.
3252 3627 3315 3681 Ut
3336 3635 3515 3679 autem

282 3723 343 3778 δὲ
374 3725 473 3796 τῆς
497 3727 681 3796 φωνῆς
712 3724 947 3786 ἀκούσας
976 3724 1202 3795 ἐξῆλθεν
1231 3727 1260 3778 ό
1292 3724 1560 3798 Βαρλαὰμ
1587 3726 1682 3779 τοῦ
1717 3744 1860 3797 σπη-

285 3816 463 3882 λαίου,
504 3817 769 3885 ἐγνώρισε
795 3814 874 3886 τῷ
914 3815 1188 3887 πνεύματι
1213 3816 1326 3881 τὸν,
1361 3817 1503 3870 κατά
1531 3834 1594 3886 γε
1628 3817 1724 3887 τὴν
1755 3818 1861 3884 ἔξω

1953 3727 2190 3781 Barlaam
2221 3725 2321 3781 hac
2350 3742 2479 3783 voce
2504 3726 2681 3781 audi!a
2717 3741 2782 3781 ex
2810 3737 2962 3781 antro
2990 3742 3235 3799 egresmis
3263 3738 3376 3789 est,
3397 3742 3521 3782 eum

1952 3844 2049 3900 per
2073 3829 2314 3897 Spiritum
2345 3830 2576 3899 agnovit,
2600 3829 2687 3897 qui
2715 3828 2782 3881 ob
2809 3829 3170 3883 admirandam
3215 3830 3357 3883 illam
3402 3845 3520 3882 ntu-

289 3908 443 3974 θέαν,
480 3908 581 3962 οὐκ
625 3908 867 3980 εὐχερῶς
896 3910 1265 3981 γνωρισθῆναι
1297 3912 1615 3982 δυνάμενον,
1642 3913 1731 3967 διὰ
1762 3913 1854 3984 τὴν

1952 3931 2231 3991 tationem,
2262 3943 2362 3995 qua
2392 3944 2422 3982 a
2453 3931 2630 3996 priore
2660 3928 2751 3981 illo
2782 3928 2926 3982 vultu
2949 3944 3010 3982 ac
3032 3928 3250 3983 llnreutc
3272 3928 3522 3996 juvenilis

290 4000 613 4074 θαυμαστὴν
675 4003 891 4076 ἐκείνην
953 4003 1254 4076 μεταϐολὴν
1305 4004 1401 4058 καὶ
1463 4006 1746 4063 ἀλλοίωσιν
1795 4010 1854 4080 ἣν

1954 4033 2126 4089 aetatis
2157 4030 2548 4100 pulchritudine
2576 4029 2919 4098 demigrarat,
2944 4029 3011 4083 ab
3041 4039 3281 4083 extremo
3307 4038 3521 4096 aspectu

287 4091 549 4162 ἠλλοίωτο
590 4093 687 4147 καὶ
737 4094 1102 4167 μετεϐέϐλητο
1151 4094 1249 4166 τῆς
1291 4095 1467 4166 ὅψεως

290 4185 567 4258 προτέρας
594 4186 690 4241 καὶ
716 4188 816 4258 τῆς
844 4186 1042 4260 ὡραῖον
1082 4188 1351 4261 ἀνθούσης
1383 4189 1656 4262 νεότητος,
1697 4211 1865 4264 μεμε-

290 4276 603 4348 λανωμένος
638 4278 737 4349 μὲν
768 4280 832 4332 ἐκ
865 4279 963 4351 τῆς
988 4278 1220 4351 ήλιακῆς
1254 4281 1524 4350 καύσεως,
1551 4283 1867 4354 κατάκομος

289 4370 351 4425 δὲ
384 4372 505 4436 ταῖς
539 4370 733 4443 θριξὶν,
761 4372 1119 4443 ἐκτετηκυίας
1148 4373 1206 4426 δὲ
1238 4375 1338 4439 τὰς
1362 4375 1594 4446 παρειὰς
1620 4377 1713 4430 καὶ
1740 4377 1867 4442 τοὺς

293 4461 603 4534 ὀφθαλμοὺς
636 4462 744 4518 ἔσω
771 4482 872 4518 που
899 4465 979 4529 είς
1011 4464 1173 4536 βάθος
1203 4465 1491 4532 δεδυκότας
1524 4468 1617 4522 καὶ
1645 4468 1716 4523 τά
1748 4469 1869 4541 βλέ-

1516 4097 1731 4170 ἐκείνης
1762 4099 1854 4169 τῆς

1952 4133 2039 4187 vix
2069 4133 2280 4204 agnosci
2305 4142 2531 4201 poterat,
2564 4139 2620 4183 ut
2640 4131 2728 4198 qui
2755 4140 2862 4183 tum
2891 4144 2954 4182 cx
2977 4128 3104 4182 solis
3124 4137 3256 4181 aestu
3288 4138 3521 4181 atrorem

1956 4233 2331 4297 contraxisset,
2363 4239 2418 4285 et
2443 4229 2561 4300 pilis
2584 4227 2894 4289 abundaret,
2922 4242 2983 4281 ac
3012 4240 3174 4297 genas
3204 4225 3379 4280 macie
3393 4239 3523 4279 cun-

1958 4333 2149 4397 fectas,
2179 4332 2467 4401 oculosque
2492 4331 2597 4384 alte
2626 4330 2906 4397 depressos
2925 4369 2940 4393 ,
2971 4340 3020 4382 et
3050 4327 3324 4396 palpebras
3353 4326 3524 4397 laery-

1938 4446 2165 4489 ‘marum
2193 4434 2405 4489 fluentis
2434 4431 2664 4501 undique
2690 4430 2921 4497 attritas,
2950 4439 3106 4498 atque
3136 4427 3328 4497 ingenti
3370 4427 3526 4482 lamis

294 4528 448 4625 φαρα
469 4528 959 4628 περιπεφλεγμένα
983 4528 1121 4628 ἔχων
1145 4528 1267 4623 ταῖς
1294 4560 1445 4630 ῥοαῖς
1472 4528 1582 4614 τῶν
1615 4528 1854 4633 δακρύων

1964 4534 2249 4590 afflictione
2275 4541 2513 4601 perustas
2542 4530 2783 4585 haberet.
2825 4530 2891 4584 At
2924 4545 3052 4584 vero
3088 4528 3339 4597 Josaphat
3369 4530 3526 4597 spiri-

293 4652 391 4704 καὶ
421 4653 487 4722 τῇ
516 4650 687 4723 πολλῇ
717 4652 815 4724 τῆς
847 4652 1055 4717 ἐνδείας
1085 4652 1447 4727 ταλαιπωρίᾳ.
1482 4657 1664 4723 Ἔγνω
1688 4656 1745 4711 δὲ
1775 4658 1870 4712 καὶ

308 4740 542 4813 Ἰωάσαιρ
574 4744 666 4799 τὸν
696 4744 1064 4815 πνευματικὸν
1092 4747 1327 4818 πατέρα,
1353 4747 1477 4810 τοὺς
1515 4750 1868 4821 χαρακτῆρας

297 4832 536 4904 μάλιστα
581 4838 684 4908 τῆς
726 4835 904 4907 ὅψεως
941 4837 1133 4909 ἔχοντα
1165 4839 1293 4903 τοὺς
1344 4840 1561 4905 αύτούς.
1606 4842 1746 4908 Στάς
1775 4842 1869 4897 οὖν

294 4925 459 4990 εὐθὺς
489 4928 632 4982 κατά
660 4928 944 4995 ἀνατολὰς,
977 4931 1005 4984 ό
1052 4930 1232 5001 γέρων
1272 4931 1436 5003 εὐχήν
1473 4934 1754 5005 ἀνέπεμψε
1790 4934 1870 5005 τῷ

294 5017 417 5091 Θεῷ
444 5020 881 5094 εὐχαριστήριον.
906 5024 1038 5091 Kal,
1064 5023 1203 5095 μετὰ
1231 5024 1331 5097 τήν
1355 5026 1520 5098 εὐχὴν
1541 5027 1706 5101 θῇς
1726 5032 1871 5084 ἐπει-

1965 4625 2159 4680 tualem
2206 4633 2409 4694 patrem
2456 4623 2631 4677 statim
2680 4620 2926 4690 agnovit,
2959 4629 3139 4688 utpote
3184 4618 3365 4673 iisdem
3415 4619 3528 4673 oris

1963 4716 2300 4774 lineamentis
2328 4715 2621 4785 praeditum.
2654 4713 2940 4768 Confestim
2964 4714 3136 4783 itaque
3158 4727 3318 4766 senex
3341 4726 3529 4765 ven-us

1965 4810 2148 4865 Ortum
2187 4818 2355 4870 stans,
2406 4807 2514 4861 Deo
2562 4820 2771 4875 pt'rccttt
2821 4819 2942 4858 cuni
2988 4802 3269 4872 gratiarum
3319 4800 3528 4853 actione

1964 4901 2297 4965 rotijunctam
2346 4896 2601 4950 adhibuit.
2660 4896 2911 4959 Dictoque
2960 4893 3164 4952 Amen,
3216 4892 3268 4944 in
3316 4898 3524 4945 mutuor

1964 4983 2434 5045 anipiexusstatim
2459 4988 2699 5045 ruerunt,
2725 4980 3028 5035 diuturnam
3049 4976 3388 5046 cupiditatem
3416 4973 3533 5022 sine

1966 5068 2069 5121 ulla
2105 5072 2345 5127 satietate
2375 5073 2667 5143 explentes.

370 5197 479 5271 (66)
509 5198 655 5283 Ιξεοιε
698 5214 852 5283 xerit,
876 5200 944 5256 l9
974 5215 990 5256 :
1021 5200 1217 5272 Κύριε,
1244 5201 1386 5256 κατά
1411 5201 1473 5256 τδ
1497 5201 1699 5276 πλῆθος
1721 5205 1854 5260 τῶνι

1946 5210 2052 5264 νῶν
2081 5229 2184 5283 μου
2220 5211 2277 5265 ἐν
2313 5214 2378 5283 τῇ
2419 5212 2618 5283 καρδίᾳ
2646 5227 2747 5283 μου
2780 5213 2837 5266 al
2880 5209 3254 5282 παρακλήσεις
3293 5226 3386 5263 σου
3410 5209 3543 5282 ὴγά-

297 5269 480 5343 πτιεεύ
506 5269 806 5343 τὴνίψυχήν
837 5287 959 5343 μουε

372 5338 484 5420 (ﬁt)
512 5338 1257 5420 Α’ρῖιιθςμοιπρόξενονκείο
1287 5340 1491 5420 librarii
1530 5344 1726 5415 saepius
1744 5361 2096 5420 properamus
2138 5352 2387 5407 nimium.
2414 5351 2683 5406 Adrianus
2707 5354 2895 5420 rhetor
2928 5353 3164 5407 Declam.
3190 5349 3259 5405 de
3285 5350 3543 5419 venefica,

298 5409 537 5498 ρ.
561 5410 641 5498 pii
671 5409 783 5498 γάρ
810 5409 917 5482 χρῆ
947 5413 1011 5498 τὸ
1026 5411 1247 5498 μαθεῖν
1280 5409 2231 5498 ἀναμείνανταςρύτωςἀμύνασθαι
2265 5423 2612 5498 ζητεξν-τοὺς
2644 5417 2808 5498 ἐξλῶν
2837 5423 3038 5498 ἔπαθον
3067 5409 3548 5498 δρᾶσαι-δυνηθένλ

296 5480 608 5565 τας,.ἀλλά,
639 5482 769 5565 πρίν
798 5480 861 5565 τι
883 5480 1095 5546 παθεῖν,
1147 5480 1482 5565 ύποπτεύειν
1524 5484 1587 5537 τὸ
1615 5485 1813 5557 δρᾶσαι
1844 5489 1854 5540 i

1946 5480 2346 5565 iebat._Codex
2397 5494 2560 5555 5055,
2593 5480 3063 5565 μὴ’δυνηθέντας,
3100 5480 3549 5565 iiegatione'sen-

300 5552 527 5633 tentiam
571 5554 847 5633 praebente
891 5567 995 5605 non
1052 5552 1276 5632 malam,
1323 5554 1598 5633 videlicet,
1624 5552 1660 5633 _i
1699 5562 1929 5633 eos_qui
1961 5576 2029 5616 ex
2064 5563 2384 5630 quibusdam
2424 5552 2847 5633 circiniis'tantiis
2871 5552 3068 5617 malum
3100 5552 3278 5617 fac‘ére
3312 5579 3414 5616 non
3452 5577 3547 5624 pn-

302 5620 597 5704 tuerunt.3
635 5620 862 5704 Negatio
907 5623 1217 5704 necessaria
1244 5625 1468 5702 omnino
1506 5620 1783 5704 reddatur_
1806 5628 1846 5682 L

1946 5634 2032 5704 nio
2061 5620 2152 5704 sic
2191 5636 2337 5687 edito
2378 5642 2508 5687 tom.
2543 5632 2628 5697 IV,
2663 5633 2921 5704 pag.ﬂ46:
2956 5634 3029 5686 Ού
3065 5633 3128 5703 δὴ
3176 5620 3545 5704 φανεῖταιλτο-

301 5688 1282 5783 ⁸χξτξεο-ν-ύᾼῖίᾎελοινςνζιίῦνιρς
1299 5692 1408 5783 ,τού
1424 5695 1659 5783 πατρὸς,
1690 5697 1785 5783 τοῦ
1824 5700 2501 5783 συνεξελόντοςιἮρακλεΞ
2524 5688 2904 5783 Τροίανζῶσέ
2930 5688 3138 5783 ἐκείνου
3153 5688 3543 5783 ισυνοργισθένς

296 5762 512 5845 τεξξξπξ
540 5762 839 5845 ξλᾴτξῼσιν.
863 5762 1024 5845 ubi);
1050 5762 1135 5845 ἐφ’
1167 5762 1310 5816 οὕτω
1347 5762 1561 5845 μείζοσί
1587 5768 1928 5845 μιμήσασθαι
1953 5762 2051 5845 τὸν
2072 5762 2427 5845 γεννήσαντα.
2462 5762 2639 5845 (initer
2685 5762 2824 5831 5617
2850 5776 3070 5845 optime,
3108 5770 3181 5842 μὴ
3218 5762 3367 5843 μιμξ,
3397 5772 3541 5842 quod

297 5828 514 5886 volebat
545 5830 831 5899 Reizkius;
857 5834 1075 5889 exhibet
1094 5828 1319 5904 quoque
1344 5828 1553 5900 melius,
1580 5828 1854 5907 oDSt'tPav.

1946 5828 2151 5897 ›σοῦτόν
2190 5828 2386 5916 χείρων
2413 5846 2440 5897 ό
2470 5843 2595 5897 Ἰέλ.
