4026 6472
1908 412 2286 478 ΑΒῸΕΝΙΜΧ·
3248 410 3261 421 ⁵
3645 396 3771 464 Ῐὲἓί

553 456 619 501 οη)

553 456 619 501 οη)
1908 456 2120 477 ηυυη

522 456 778 608 iuvgniri.
817 542 969 614 Quod
1017 538 1228 611 quidem
1274 545 1564 607 generozus
1593 529 1681 585 ille
1711 537 1767 585 et
1811 526 2096 595 expeditus

2222 527 2293 581 ιπ“
2324 526 2499 597 ἀρχῆς
2538 524 2700 595 μέχρι
2749 518 2958 582 τέλους,
3004 511 3299 576 ἀναϐάσεις
3346 506 3549 614 debts:
3583 508 3775 579 καρδία

522 600 760 700 coelestia
779 600 985 694 iti~neris
1006 600 1190 688 cursor
1209 629 1418 700 egregie
1438 622 1705 696 praestitit,
1735 632 1893 691 alque
1931 617 2100 674 anitni

2222 619 2504 690 τιθέμενος,
2540 616 2635 670 καὶ
2683 614 2749 667 ὲκ
2798 611 3079 681 δυνάμεως
3126 608 3206 669 εἰς
3233 600 3577 700 ὑψηλοτέραν
3612 616 3773 700 μεταῖ

525 736 605 789 sui
636 730 881 787 ardorem
909 728 977 783 ab
1006 724 1155 780 initio
1192 721 1259 776 ad
1295 731 1589 775 extremum
1619 728 1789 785 usque
1838 717 2102 801 perpetuo

2222 710 2404 764 Ξαίνων
2444 708 2697 776 δύναμιν,
2756 702 2908 774 πόθῳ
2963 699 3130 753 πόθον
3162 695 3259 749 καὶ
3295 691 3537 762 σπουδὴν
3576 690 3771 801 σπουδῇ

527 828 879 887 conservavit,
913 820 1255 876 ascensiones
1285 816 1338 869 in
1370 813 1531 868 corde
1559 823 1771 878 semper
1816 798 2105 875 disponens

2222 801 2464 873 ῑιηνεκῶς
2494 798 2829 872 προστιθεὶς,
2857 795 2964 856 ἕως
2990 791 3226 860 ἔφθασεν
3253 788 3330 850 εἰς
3362 785 3461 856 τὴν
3489 783 3771 851 ἐλπιζομέ-

531 919 702 981 (Puri.
738 915 984 979 Lxxxttt),
1019 926 1079 964 ac
1107 911 1173 961 de.
1212 910 1405 959 virtute
1435 905 1496 956 ad
1530 902 1892 955 suhlimiorem
1942 898 2108 950 virtu-

2222 914 2301 969 νην
2330 897 2423 950 καὶ
2456 890 2793 964 ποθουμένην
2820 884 3217 981 μακαριότητα.

534 972 645 1050 tem
675 972 1010 1057 transiliens,
1045 989 1496 1059 desideriumque
1536 986 1835 1051 desiderio,
1868 1001 1934 1041 ac
1974 984 2221 1041 studium
2254 982 2439 1040 studio
2480 979 2860 1035 indesinenter
2884 975 3214 1047 adjungens,
3250 973 3430 1045 quoad
3478 972 3690 1027 tandem
3728 977 3787 1032 ad

533 1094 811 1157 speratam
846 1090 903 1137 et
934 1080 1249 1151 expeditam
1298 1076 1698 1134 beatitudinem
1731 1076 2003 1147 pervenit.

607 1170 735 1226 Car.
761 1169 1211 1227 XXXIX—Cum
1248 1171 1425 1238 itaque
1455 1170 1554 1225 hoc
1585 1177 1738 1239 pacto
1769 1170 2009 1222 Barlaam
2055 1176 2111 1225 et

537 1261 794 1331 Josaphat
822 1276 924 1315 una
954 1270 1313 1328 versarentur,
1344 1274 1406 1315 ac
1434 1260 1651 1330 pulchro
1686 1259 1822 1313 inter
1851 1272 1909 1313 se
1933 1266 2108 1312 certa-

539 1355 683 1408 mine
708 1351 1118 1418 contenderent,
1149 1352 1215 1407 ab
1244 1351 1391 1406 omni
1435 1364 1560 1404 cura
1613 1358 1667 1405 et
1711 1348 1931 1419 hujusce
1984 1348 2110 1404 vita

539 1444 944 1516 perturbatione
974 1444 1233 1498 immunes
1253 1484 1269 1509 ,
1294 1453 1631 1510 mentemque
1655 1440 1722 1495 ab
1748 1442 1893 1495 omni
1926 1439 2115 1494 conlu-

541 1540 692 1594 sione
723 1553 908 1607 puram
941 1551 1003 1591 ac
1029 1536 1321 1603 sejunctam
1352 1533 1608 1587 habentes
1627 1573 1642 1598 ,
1671 1538 1792 1600 post
1822 1535 2016 1585 multos
2045 1531 2115 1586 ab

548 1630 678 1700 ipsis
724 1629 934 1698 pietatis
971 1641 1126 1681 causa
1156 1634 1429 1691 susceptos
1457 1624 1691 1686 labores,
1746 1623 1975 1688 quodam
2026 1622 2115 1676 die

546 1740 708 1780 senex
741 1724 998 1778 accersito
1024 1719 1278 1788 spirituali
1311 1717 1439 1780 lilio,
1473 1732 1627 1786 quem
1657 1732 1749 1784 per
1773 1715 2111 1784 Evangehum

2286 1166 2448 1236 350
2502 1166 2661 1220 ΚΕΦ.
2708 1163 2832 1219 ΛΘ⁹.
2875 1158 3062 1227 Οὕτως
3114 1159 3207 1215 οῦν
3239 1157 3496 1229 ἀλλήλοις
3544 1156 3778 1219 συνόντες

2217 1260 2487 1330 Βαρλαὰμ
2535 1276 2596 1313 τε
2644 1258 2739 1311 καὶ
2794 1255 3055 1325 ’ῐωάσαςῃ
3088 1252 3183 1308 καὶ
3216 1252 3315 1325 τὴν
3356 1249 3531 1321 καλὴν
3560 1246 3778 1319 ἅμιλλαν

2216 1350 2607 1422 ἁμιλλώμενοι,
2660 1348 2819 1412 ἐκτὸς
2875 1348 3055 1416 πάσης
3126 1343 3398 1414 μερίμνης
3455 1342 3550 1395 καὶ
3612 1340 3779 1408 πάσης

2218 1445 2479 1515 βιωτικῆς
2520 1442 2674 1506 ὄντες
2713 1440 2983 1513 ταραχῆς,
3017 1433 3416 1493 άνεπιθόλωτὸν
3449 1449 3513 1486 τε
3545 1429 3634 1485 τδν
3664 1430 3779 1486 νοῦν

2216 1539 2545 1611 κεκτημένοι
2586 1538 2682 1592 καὶ
2717 1535 2892 1608 ἀμιγῆ
2922 1535 3101 1603 πάσης
3126 1527 3463 1601 συγχύσεως,
3503 1524 3639 1596 μετὰ
3666 1526 3780 1587 τοὺς

2217 1635 2447 1697 πολλοὺς
2470 1632 2526 1685 δὲ
2557 1630 2738 1686 αὐτῶν
2778 1629 2920 1699 ὑπὲρ
2959 1625 3243 1686 εὐσεϐείας
3268 1620 3572 1691 καμάτους,
3614 1618 3668 1669 ἐν
3693 1616 3781 1688 μιᾷ

2217 1725 2329 1780 τῶν
2351 1722 2575 1796 ἡμερῶν
2598 1717 3107 1792 προσκαλεσάμενος
3134 1711 3225 1768 τὸν
3258 1707 3628 1781 πνευματικὸν
3655 1708 3778 1769 υἱον,

544 1825 816 1885 genuerat,
842 1810 1140 1879 huiusmodi
1160 1810 1489 1879 spiritualem
1513 1823 1812 1863 sermonem
1832 1821 2112 1876 aggressus

2222 1816 2275 1871 Βν
2305 1815 2395 1870 διὰ
2422 1814 2519 1868 τοῦ
2569 1810 2901 1881 Εύαγγελίου
2942 1808 3202 1876 ἐγέννησε
3232 1803 3366 1873 (81),
3399 1802 3565 1867 λόγου
3596 1800 3784 1868 ἥπτετο

524 1896 1244 1971 est:Jampridem,oamice
1282 1897 1559 1966 Josaphat,
1593 1907 1644 1952 te
1674 1900 1725 1951 in
1778 1896 1876 1951 hac
1923 1895 2110 1950 solitu-

536 1990 662 2044 dine
692 1989 932 2042 habitare
960 1989 1263 2056 oportebat,
1295 2002 1453 2058 atque
1484 1990 1583 2043 hoc
1610 1988 1736 2042 mihi
1762 1990 1931 2043 orauti
1960 1985 2110 2042 Chri-

536 2090 649 2136 stus
678 2080 745 2134 de
782 2088 834 2135 te
860 2079 1127 2149 pollicitus
1157 2080 1327 2134 fuerat
1356 2080 1471 2135 fore
1496 2089 1553 2134 ut
1579 2091 1630 2135 te
1659 2091 1782 2134 ante
1809 2088 2109 2135 extremum

535 2171 658 2227 vitae
687 2169 827 2224 diem
874 2170 1131 2225 viderem.
1162 2170 1279 2224 Vidi
1323 2172 1498 2239 itaque
1542 2171 1984 2240 quemadmodum
2013 2184 2109 2225 cu-

537 2259 773 2329 piebam;
805 2258 946 2324 vidi,
980 2258 1223 2328 inquam,
1258 2268 1309 2314 te
1354 2276 1381 2313 a
1415 2261 1612 2315 mundo
1637 2270 1691 2315 et
1733 2261 1917 2315 mundi
1948 2262 2110 2316 rebus

536 2349 800 2413 avulsum,
824 2361 885 2401 ac
909 2346 1121 2401 Christo
1138 2349 1357 2403 minime
1377 2350 1535 2404 dubio
1557 2364 1619 2404 ac
1640 2351 1904 2405 vacillanti
1930 2352 2110 2403 animo

537 2440 905 2508 conjunctum,
935 2448 1095 2506 atque
1123 2438 1188 2492 ad
1239 2440 1524 2508 perfectam
1557 2439 1893 2508 plenitudinis
1940 2440 2110 2508 ipsius

540 2542 843 2583 mensuram
877 2542 1235 2597 progressum.
1280 2530 1428 2584 Nunc
1455 2529 1644 2599 igitur,
1682 2511 2108 2601 quandoquidem

542 2619 732 2674 mortis
758 2635 888 2672 mea:
920 2628 1127 2684 tempus
1159 2621 1340 2684 instat,
1372 2633 1529 2689 atque
1552 2623 1872 2677 colluctanea
1900 2634 1952 2677 et
1978 2625 2107 2679 mihi

549 2698 765 2768 aequalis
794 2715 856 2755 ea
901 2702 1195 2770 cupiditas,
1239 2719 1363 2773 quae
1393 2714 1451 2757 ut
1494 2718 1614 2758 cum
1659 2700 1873 2755 Christo
1911 2709 2124 2755 essem.

548 2803 761 2859 semper
797 2806 884 2846 me
915 2792 1105 2854 tenuit,
1131 2793 1240 2863 jam
1270 2795 1546 2863 expletur,
1579 2804 1635 2848 tu
1684 2794 1896 2862 Quidum
1927 2804 2126 2860 corpus

550 2895 726 2935 meum
755 2891 892 2936 terra
922 2884 1113 2950 conde,
1145 2884 1456 2953 pulverique
1481 2887 1753 2954 pulverem
1782 2883 1965 2938 redde.
1996 2881 2125 2937 Post

549 2982 724 3026 autem
768 2973 881 3041 ipse
912 2974 962 3028 in
995 2974 1095 3029 hoc
1142 2975 1262 3030 loco
1292 2976 1458 3039 baere,
1490 2984 1795 3040 susceptum
1831 2973 2123 3042 spiritualis

551 3062 674 3116 vita:
693 3078 862 3133 genus
885 3079 1227 3135 persequens,
1258 3081 1496 3136 meaeque
1519 3066 1786 3121 tenuitatis
1810 3064 2122 3120 memoriam

2216 1910 2314 1966 καὶ
2341 1908 2560 1980 ὁμιλίας
2590 1901 2994 1974 πνευματικῆς,
3031 1899 3236 1963 Πάλαι,
3270 1896 3467 1965 λέγων,
3499 1887 3546 1946 ὧ
3577 1892 3784 1961 φίλτατε

2228 2002 2486 2068 ’1ωόισαφ,
2517 1999 2573 2051 ὲν
2605 1995 2777 2066 ταύτῃ
2812 2010 2871 2046 σε
2913 1994 2977 2063 τῇ
3006 1992 3201 2062 ἐρήμῳ
3230 1988 3507 2043 κατοικεῖν
3539 1983 3678 2038 ἔδει·
3702 1982 3787 2034 καὶ

2214 2091 2374 2147 τοῦτό
2407 2108 2496 2162 μοι
2526 2092 2554 2143 ὁ
2596 2087 2832 2158 Χριστὸς
2872 2081 3300 2156 προσευχομένη»
3332 2079 3464 2146 περὶ
3493 2076 3590 2129 σοῦ
3630 2076 3788 2162 ἐπηγ-

2216 2160 2436 2253 γείλατο
2467 2180 2576 2252 πρὸ
2634 2180 2733 2251 τῆς
2777 2176 2872 2230 τοῦ
2902 2175 3018 2246 βίου
3062 2170 3323 2241 τελευτῆς
3363 2166 3618 2239 ὄψεσθαι.
3648 2160 3789 2218 Εἶδον

2215 2271 2309 2329 οῦν
2330 2274 2406 2336 ὡς
2430 2270 2758 2342 ἐπεθύμουν·
2790 2263 2932 2321 εἶδόν
2964 2283 3023 2319 σε
3044 2261 3433 2334 ἀπορραγέντα
3467 2259 3569 2329 μὲν
3596 2255 3787 2324 κόσμον

2217 2368 2313 2421 καὶ
2341 2365 2449 2420 τῶν
2483 2366 2540 2417 ὲν
2576 2362 2786 2433 κόσμῳ,
2835 2357 3174 2427 συναφθέντα
3218 2354 3277 2408 δὲ
3313 2352 3392 2423 τῷ
3429 2346 3656 2423 Χριστῷ
3686 2346 3789 2400 ἀδι-

2220 2454 2437 2523 στάκτῳ
2477 2454 2542 2522 τῇ
2568 2451 2786 2521 γνώμῃ,
2821 2448 2913 2503 καὶ
2936 2448 3017 2509 εἰς
3049 2444 3248 2515 μέτρον
3272 2440 3501 2495 ἐλθόντα
3528 2436 3790 2504 τελειότηο

2217 2562 2309 2609 τος
2337 2544 2430 2599 τοῦ
2452 2541 2815 2613 πληρώματος
2839 2538 3025 2593 αὐτοῦ.
3052 2536 3167 2590 Νῦν
3192 2533 3285 2589 οῦν
3307 2531 3494 2601 ἐπειδὴ
3530 2546 3624 2600 μοι
3650 2529 3679 2579 ό
3703 2527 3791 2596 τῆς

2218 2636 2529 2701 ἀναλύσεως
2565 2636 2755 2708 καιρὸς
2785 2632 2879 2687 ἐπὶ
2909 2630 3125 2703 θύραις,
3157 2627 3254 2681 καὶ
3294 2627 3329 2695 ἡ
3373 2623 3677 2693 σύντροφος
3708 2618 3791 2671 καὶ

2218 2730 2503 2803 ἡλικιῶτις
2549 2726 2815 2797 ἐπιθυμία
2860 2724 2955 2778 τοῦ
3008 2723 3247 2775 συνεῖναι
3307 2717 3387 2787 τῷ
3431 2711 3659 2784 Χριστῷ
3713 2709 3789 2803 δια

2220 2798 2420 2886 παντὸς
2453 2820 2555 2892 ἡδη
2580 2817 2915 2889 πληροῦται,
2956 2814 3016 2867 σὲ
3053 2812 3151 2883 μὲν
3196 2811 3277 2864 δεῖ
3316 2804 3558 2874 καλῦψαὶ
3608 2798 3791 2892 μονᾼτδ

2222 2908 2383 2980 σῶμα
2434 2888 2501 2979 τῇ
2545 2888 2618 2977 γῇ
2656 2888 2751 2960 καὶ
2798 2904 2890 2958 τὸν
2916 2901 3045 2974 χοῦν
3088 2898 3381 2955 ἀποδοῦναι
3420 2895 3499 2966 τῷ
3535 2892 3624 2964 χοῖ
3665 2888 3788 2961 (82),

2222 3004 2405 3073 μεῖναι
2432 2999 2489 3053 δὲ
2533 2996 2627 3052 τοῦ
2667 2995 2855 3049 λοιποῦ
2881 2998 2938 3048 ὲν
2961 2992 3095 3064 τῷδε
3128 2991 3205 3062 τῷ
3235 2990 3390 3060 τόπῳ
3419 2987 3523 3057 τῆς
3552 2999 3789 3052 πνευμα-

2218 3093 2377 3162 τικῆς
2409 3091 2668 3161 ἐχόμενον
2692 3087 2965 3150 πολιτείας
2992 3086 3085 3139 καλ⁵
3106 3082 3206 3155 τῆς
3231 3081 3374 3154 ῑμῆς
3398 3080 3593 3151 μνείαν
3621 3074 3792 3130 ποιούε

549 3154 808 3209 retinens.
862 3154 1066 3211 Vereor
1115 3157 1256 3212 enim
1310 3173 1377 3212 ne
1426 3157 1769 3212 tenebrosum
1818 3156 2120 3211 daemonum

2226 3152 2384 3258 μενον
2421 3152 2791 3255 μετριότητος.
2841 3178 3067 3233 Δέδοικα
3106 3152 3216 3248 γάρ
3266 3152 3341 3246 μή
3370 3189 3507 3226 ποτε
3536 3175 3571 3240 ἡ
3598 3167 3791 3238 ζοφερά

550 3261 738 3314 agmen
770 3247 948 3301 animo
992 3263 1113 3304 meo
1158 3257 1373 3318 propter
1415 3250 1833 3319 ignorantiarum
1878 3262 2120 3304 mearum

550 3336 937 3391 multitudinem
966 3337 1403 3407 impedimentum
1433 3339 1641 3395 ail'erat.

623 3487 700 3539 Tu
730 3501 877 3552 vero,
931 3485 1025 3554 (ili,
1059 3502 1125 3541 ne
1155 3487 1417 3556 religiosae
1465 3484 1859 3541 exercitationis
1888 3484 2121 3539 laborem

550 3585 776 3641 metuas,
805 3593 975 3647 neque
1003 3577 1068 3632 ad
1102 3580 1356 3646 temporis
1405 3578 1789 3647 longitudinem
1836 3592 1897 3631 ac
1924 3575 2127 3631 daemo-

551 3683 675 3722 num
705 3669 921 3723 insidias
944 3669 1318 3738 elanguescas;
1346 3670 1470 3740 quin
1503 3670 1674 3739 potius
1695 3670 1927 3738 ipsorum
1958 3668 2127 3722 imbe-

551 3758 844 3825 cillitatem,
873 3755 1071 3813 Christi
1098 3761 1290 3814 virtute
1319 3760 1695 3825 communitus,
1718 3758 1891 3811 audax
1930 3757 2126 3822 irride;

551 3845 618 3901 ad
646 3847 883 3902 laborum
915 3859 1092 3902 autem
1123 3848 1388 3914 duritiam,
1422 3863 1485 3904 ac
1514 3848 1769 3918 temporis
1808 3848 2129 3902 diuturnita-

557 3946 663 3991 tem
701 3939 881 3994 animo
908 3941 978 3994 ita
1006 3952 1311 4007 eotuparato
1335 3950 1472 4006 esto,
1506 3950 1753 4010 tanquam
1785 3939 2020 4009 quotidie
2047 3938 2127 3993 di-

548 4043 784 4085 scessum
809 4048 839 4086 e
868 4033 971 4086 vita
1002 4041 1338 4101 exspectans,
1368 4041 1526 4101 atque
1567 4032 1814 4087 eumdem
1844 4030 1982 4085 diem
2034 4030 2127 4085 tibi

550 4118 672 4175 vita:
712 4123 1043 4186 monasticre,
1072 4132 1182 4177 tum
1215 4112 1442 4189 initium,
1479 4131 1586 4176 tum
1616 4123 1772 4177 linem
1799 4136 1918 4177 esse
1945 4119 2130 4176 existi-

552 4225 726 4266 mans.
754 4209 843 4267 Sic
870 4226 1081 4282 semper
1122 4228 1183 4268 ea
1214 4228 1334 4284 qua:
1363 4227 1393 4265 a
1442 4224 1591 4281 tergo
1632 4221 1757 4267 sunt
1784 4212 2125 4278 obliviscens,

549 4311 711 4371 atque
738 4303 803 4357 ad
833 4318 897 4358 ea
922 4319 1039 4373 qme
1067 4318 1096 4358 a
1123 4302 1298 4358 fronte
1320 4312 1444 4359 sunt
1474 4304 1700 4373 teipsum
1722 4302 2034 4372 extendens,
2060 4300 2126 4355 ad

550 4394 869 4450 destinatum
897 4411 1235 4467 persequere,
1269 4397 1336 4450 ab
1363 4396 1602 4450 bravium
1627 4410 1871 4465 superum
1901 4395 2131 4449 vocatio-

2219 3279 2329 3333 τῶν
2359 3277 2630 3348 δαιμόνων
2652 3273 2861 3344 πληθὺς
2886 3276 2952 3345 τῇ
2975 3272 3120 3342 ψυχῇ
3145 3286 3246 3340 μου
3274 3265 3533 3337 ἐμποδὼν
3558 3263 3788 3330 καταστῇ

2220 3371 2308 3425 διὰ
2336 3371 2397 3424 τὸ
2436 3368 2631 3439 πλῆθος
2661 3367 2768 3421 τῶν
2796 3364 2945 3437 ἐμῶν
2977 3362 3365 3433 ἀγνοημάτων.

2295 3486 2367 3539 Σῦ
2411 3483 2526 3550 οῦν,
2573 3484 2786 3543 τέκνον,
2823 3479 2897 3551 μὴ
2939 3478 3283 3549 ὀλιγωρήσῃς
3313 3474 3375 3527 τὸ
3418 3473 3682 3527 ἐπίπονον
3706 3468 3793 3538 τῆς

2222 3579 2532 3649 ἀσκήσεως,
2568 3575 2701 3646 μηδὲ
2744 3572 3019 3644 δειλιάσῃς
3056 3568 3117 3622 τὸ
3145 3568 3321 3638 μῆκος
3351 3563 3447 3617 τοῦ
3481 3564 3678 3634 χρόνον
3710 3560 3793 3613 καὶ

2220 3672 2320 3733 τὰς
2349 3667 2639 3729 ἐπιϐουλὰς
2669 3665 2776 3720 τῶν
2806 3664 3076 3734 δαιμόνων
3113 3678 3126 3692 ·
3170 3658 3305 3713 ἀλλὰ
3336 3657 3544 3710 τούτων
3579 3654 3677 3725 μὲν
3705 3652 3793 3721 τῆς

2224 3761 2525 3825 ἀσθενείας,
2571 3762 2637 3830 τῇ
2664 3757 2757 3811 τοῦ
2790 3753 3028 3827 Χριστοῦ
3073 3750 3412 3825 ῥωννύμενος
3444 3748 3654 3819 χάριτι,
3684 3744 3791 3798 τολ-

2227 3852 2419 3927 μηρῶς
2446 3849 2744 3917 καταγέλα,
2770 3846 2905 3918 πρὸς
2931 3844 3104 3913 δὲτὴν
3132 3841 3476 3911 σκληρότητα
3500 3838 3611 3891 τῶν
3632 3836 3791 3927 πόνων

2226 3924 2322 4000 καί
2351 3943 2410 3997 τὸ
2444 3940 2601 4013 351
2658 3938 2752 3993 τοῦ
2795 3936 2990 4008 χρόνον
3040 3934 3317 4002 διάστημα
3365 3929 3539 3992 οὕτως
3585 3927 3698 3990 ἔσο,
3729 3924 3791 3983 ὡς

2226 4036 2348 4091 καθ’
2406 4036 2622 4106 ἡμέραν
2675 4031 2774 4101 τὴν
2832 4028 3079 4083 ἐντεῦθεν
3145 4024 3402 4080 ἀνάλυσιν
3462 4017 3787 4088 προσδοκῶν,

2226 4128 2322 4182 καλ⁸
2360 4127 2437 4191 ὡς
2483 4125 2656 4198 ἀρχὴν
2702 4119 2841 4177 εἷναί
2889 4138 2971 4174 σοι
3018 4118 3116 4189 τῆς
3157 4118 3442 4186 ἀσκήσεως
3491 4113 3595 4183 τὴν
3639 4112 3789 4180 αὐτὴν

2226 4220 2440 4292 ἡμέραν
2473 4217 2569 4272 καὶ
2587 4216 2760 4277 τέλος.
2792 4212 2981 4276 Οὕτως
3008 4211 3094 4265 ἀεὶ
3123 4208 3230 4262 τῶν
3265 4208 3362 4277 μὲν
3387 4207 3565 4259 ὀπίσω
3594 4203 3791 4256 ἐπιλαν-

2227 4313 2555 4383 θανόμενος,
2585 4309 2719 4381 πρὸς
2750 4309 2859 4370 τοῖς
2882 4305 2940 4359 δὲ
2971 4301 3281 4375 ἔμπροσθεν
3328 4296 3785 4366 ἐπεκτεινόμενος.

2226 4402 2590 4460 κατασκοπῶν
2620 4401 2783 4455 δίωκε
2804 4399 2865 4452 τὸ
2890 4395 3141 4469 βραϐεῖον
3172 4393 3275 4463 τῆς
3300 4392 3411 4448 άνω
3438 4389 3687 4459 κλήσεως
3710 4384 3785 4439 τοῦ

553 4484 635 4539 nis
663 4485 754 4541 Dei
796 4487 849 4541 in
876 4486 1088 4542 Christo
1117 4486 1242 4543 Jesu
1274 4486 1500 4558 (Philip.
1528 4485 1610 4558 ιιι)
1631 4526 1647 4552 ,
1678 4485 2120 4557 quemadmodum

2227 4496 2363 4553 Θεοῦ
2392 4498 2451 4551 ὲν
2480 4493 2706 4565 Χριστῷ
2738 4490 2931 4563 Ἰησοῦ,
2963 4488 3210 4558 καθάπερ
3230 4480 3270 4538 ’ὁ
3290 4485 3431 4547 θεῖος
3484 4479 3786 4580 ’Δπόστρλος

552 4584 771 4629 sanctus
800 4575 1085 4644 Apostolus
1116 4576 1199 4631 his
1226 4577 1402 4632 verbis
1452 4576 1696 4631 hortatur
1721 4594 1736 4630 :
1765 4576 1877 4631 Non
1905 4576 2128 4631 deﬁcia-

554 4681 701 4733 mus;
729 4666 823 4721 sed
853 4667 972 4722 licet
1002 4668 1047 4721 is
1085 4668 1173 4737 qui
1205 4667 1332 4721 foris
1359 4677 1439 4723 est
1470 4667 1629 4722 homo
1658 4678 1843 4723 noster
1884 4682 2129 4723 corrum-

553 4762 728 4827 patur,
755 4765 929 4811 tamen
951 4771 997 4811 ts
1013 4758 1102 4828 qui
1126 4757 1270 4812 intus
1289 4765 1372 4812 est
1392 4767 1678 4813 renovatur
1698 4758 1765 4813 de
1786 4758 1872 4814 die
1888 4761 1938 4814 in
1961 4759 2126 4814 diem.

525 4836 683 4905 Nam
728 4849 869 4920 quod
902 4859 1332 4906 momentuneum
1382 4858 1466 4906 est
1512 4860 1565 4906 et
1612 4851 1725 4905 leve
1777 4849 2130 4907 tribulationis

553 4953 771 5009 nostra',
802 4959 958 5014 supra
988 4943 1201 4998 modum
1233 4943 1286 4998 in
1308 4943 1633 4999 sublimitate
1659 4952 1917 4999 aeternum
1944 4943 2129 5016 gloria:

554 5041 762 5107 pondus
790 5046 1042 5107 operatur
1060 5035 1112 5091 in
1138 5036 1311 5101 nobis,
1336 5052 1439 5091 non
1460 5036 1946 5106 contemplantibus
1975 5036 2130 5091 nobis

550 5144 670 5200 quae
712 5129 975 5195 videntur,
1009 5129 1106 5186 sed
1133 5144 1250 5200 qua:
1280 5144 1387 5185 non
1412 5129 1680 5184 videntur.
1712 5129 1842 5195 Quae
1872 5128 2013 5184 enim
2046 5128 2125 5183 vi-

551 5219 745 5277 dentur
783 5222 1089 5291 temporalia
1138 5231 1281 5287 sunt,
1330 5236 1449 5292 qua:
1491 5232 1667 5277 autem
1714 5237 1817 5275 non
1863 5221 2126 5289 videntur,

553 5323 748 5368 aeterna
779 5310 872 5385 (ll
902 5311 1021 5366 Cor.
1054 5313 1149 5381 tv).

626 5402 748 5456 ιιωε
776 5417 894 5456 cum
926 5404 1103 5459 animo
1131 5412 1220 5458 tuo
1250 5415 1500 5473 reputans
1522 5446 1537 5472 ,
1570 5403 1650 5459 vir
1677 5404 2010 5470 chariss'me,
2046 5405 2124 5459 vi-

555 5495 719 5548 riliter
750 5507 847 5559 age
875 5506 929 5549 et
957 5496 1261 5552 confortare
1293 5494 1463 5568 (Psal.
1498 5497 1668 5565 xxvi),
1702 5508 1860 5569 atque
1894 5510 1946 5554 ut
1978 5513 2128 5570 egre-

620 5670 735 5743 (8t)
766 5632 920 5743 Cant.
945 5687 998 5740 ρ.
1030 5672 1153 5743 iss,
1186 5690 1235 5725 ιι.
1269 5674 1320 5729 8.

649 5741 737 5811 82)
770 5740 925 5795 υιιηι.
963 5752 999 5794 ι.
1028 5742 1067 5807 ι,
1095 5758 1147 5811 p.
1181 5742 1271 5807 95,
1304 5760 1357 5797 η.
1399 5743 1453 5796 2.

649 5749 718 5798 82
770 5749 925 5795 Until.
963 5752 999 5794 ι.
1029 5749 1067 5807 Ι,
1095 5758 1147 5811 p.
1181 5749 1271 5807 95,
1304 5760 1357 5797 η.
1399 5749 1453 5796 2.

626 5749 738 5887 ξκδί
767 5811 804 5866 ll
840 5812 1005 5881 Epist.
1036 5815 1100 5868 ad
1127 5812 1253 5868 Cor.
1283 5828 1354 5881 tv,
1384 5812 1468 5867 l6.

2226 4584 2686 4658 παρακελεύεται,
2716 4582 2807 4653 Μὴ
2845 4579 3189 4649 ὲκκακῶμεν,
3220 4575 3395 4644 λέγων
3429 4572 3542 4645 (83)
3564 4588 3579 4601 ·
3615 4569 3727 4624 ἀλλ’
3751 4567 3785 4620 εἰ

2229 4679 2324 4732 καὶ
2351 4679 2380 4731 ό
2407 4673 2512 4741 ἔξω
2537 4674 2692 4747 ἡμῶν
2722 4672 3008 4743 ἄνθρωπος
3035 4666 3445 4739 διαφθείρεται,
3481 4662 3601 4717 ἀλλ’
3637 4663 3665 4715 ό
3692 4660 3784 4712 ἔσω

2230 4766 2619 4823 ἀνακαινοῦται
2653 4765 2839 4837 ἡμέρα
2871 4763 2966 4817 καὶ
3001 4761 3211 4831 ἡμέρᾳ·
3249 4758 3312 4811 τδ
3352 4757 3463 4827 γὰρ
3492 4752 3782 4825 παραυτίκα

2230 4859 2465 4931 ἐλαφρὸν
2492 4858 2592 4929 τῆς
2618 4856 2846 4926 θλίψεως
2874 4855 3030 4927 ἡμῶν
3055 4851 3180 4906 καθ’
3206 4847 3513 4919 ὑπερϐολὴν
3538 4848 3621 4908 είς
3649 4845 3781 4912 ὑπερ-

2231 4953 2393 5023 ϐολὴν
2422 4952 2641 5007 αἰώνιον
2682 4950 2845 5022 βάρος
2887 4947 3047 5017 δόξης
3097 4940 3500 5015 κατεργάζεται
3545 4938 3695 5007 ἡμῖν,
3728 4932 3779 5003 μὴ

2230 5044 2575 5100 σκοπούντων
2609 5041 2764 5114 ἡμῶν
2802 5040 2869 5095 τὰ
2923 5038 3251 5110 βλεπόμενα,
3298 5032 3436 5087 ἀλλὰ
3481 5028 3552 5083 τὰ
3584 5028 3659 5100 μὴ
3685 5026 3779 5097 βλιο

2228 5139 2473 5209 πόμενα⁸
2528 5136 2597 5191 τὰ
2640 5135 2749 5207 γὰρ
2797 5132 3104 5207 βλεπόμενα
3143 5128 3481 5200 πρόσκαιρα,
3513 5122 3583 5176 τὰ
3633 5120 3686 5174 δὲ
3725 5116 3777 5190 μὴ

2231 5229 2540 5303 βλεπόμενα
2564 5226 2776 5282 αἰώνια.

2304 5412 2491 5465 Ταῦτα
2519 5406 2888 5479 λογιζόμενος,
2918 5398 3467 5491 ἁγαπητὲ,ῗὰνδρίζινδ
3498 5396 3592 5449 καὶ
3629 5392 3771 5491 ίσζυεν

2236 5502 2328 5559 καὶ
2360 5502 2437 5567 ὡς
2466 5499 2631 5565 καλὸς
2674 5494 3017 5571 στρατιώτης
3055 5486 3324 5553 σπούδαζε
3375 5485 3454 5557 τῷ
3500 5485 3771 5555 στρατολοο
