4026 6418
237 454 376 516 1225

1336 457 1519 519 ἯΤΑ
1552 450 1912 515 ΒΑΒΜΑΜ
1948 448 2040 507 ΕΤ
2079 450 2429 513 JOASAPH.

3342 450 3479 515 1226

225 566 463 635 γήσαντι
488 568 682 639 ἀρέσαι
711 569 845 639 (84).
879 571 997 626 Κᾶν
1020 570 1325 641 ’λογισμούς
1358 587 1439 623 σοι
1464 566 1758 639 ὀλιγωρίας
1783 568 1812 621 ὁ

1919 577 2021 649 gius
2042 579 2216 644 miles,
2245 577 2295 630 id
2324 576 2392 630 da
2412 588 2651 644 operam,
2675 583 2733 629 ut
2758 572 2807 629 ei
2834 572 2922 643 qui
2947 581 2998 627 te
3011 569 3241 628 militem
3264 571 3478 640 scripsit

226 660 471 729 πονηρὸς
519 661 660 736 φέρῃ
691 663 907 717 καὶτὸν
940 664 1091 718 τόνον
1134 662 1410 735 ύποχαλᾷν
1461 660 1559 730 τῆς
1614 658 1811 730 προθέ-

226 767 373 815 σεως
396 752 619 827 σπεύδῃ,
659 755 735 827 μὴ
762 755 931 825 φοϐοῦ
961 756 1127 814 αὑτοῦ
1156 755 1258 820 τὰς
1284 753 1598 817 ἐπιϐουλὰς,
1629 751 1694 806 τὸ
1718 754 1817 805 Δε-

231 846 498 898 σποτικὸν
528 848 727 902 ἐννοῶν
760 850 1115 919 πρόσταγμα,
1170 851 1259 903 Ἐν
1285 848 1365 918 τῷ
1394 847 1586 919 κόσμῳ
1637 845 1816 915 θλίψιν

222 933 386 998 ’ἕξετε
406 978 421 1000 ,
454 936 708 1005 λέγοντος
738 939 851 1010 (85)
875 956 889 971 ⁸
926 940 1062 993 ἀλλὰ
1087 939 1339 1010 Θαρσεῖτε
1362 954 1376 970 ο
1407 935 1519 1006 ἐγὼ
1551 936 1817 1006 νενίκηκα

223 1026 325 1078 τὸν
357 1026 587 1098 κόσμον.
618 1029 711 1082 Διὸ
756 1032 914 1102 χαῖρε
941 1030 1053 1100 (86)
1086 1032 1145 1085 ὲν
1190 1031 1379 1102 Κυρίῳ
1433 1030 1698 1091 πάντοτε,
1731 1028 1817 1082 ὅτι

228 1118 520 1186 ἑξελέξατό
548 1138 607 1175 σε
641 1123 737 1176 καὶ
766 1124 1083 1196 διεχώρισεν
1110 1124 1222 1196 (87)
1251 1124 1317 1177 ὲκ
1342 1122 1436 1177 τοῦ
1466 1123 1697 1193 κόσμου,
1722 1119 1816 1176 καὶ

224 1208 388 1264 εθετο
409 1212 484 1275 ώς
506 1214 564 1266 ὲν
586 1214 860 1285 προσώπῳ
889 1215 1076 1272 αὐτοῦ.
1109 1216 1279 1279 Αὐτὸς
1310 1215 1400 1279 δὲ,
1426 1216 1455 1267 ὁ
1485 1215 1725 1279 καλέσας
1754 1231 1813 1269 σε

226 1301 431 1373 κλήσει
459 1304 613 1376 ἁγίᾳ,
643 1307 813 1375 ἐγγύς
847 1309 994 1361 ἐστιν
1027 1307 1135 1361 ἀεί.
1172 1307 1358 1379 Μηδὲν
1392 1307 1504 1378 (88)
1538 1307 1813 1376 μερίμνα*

227 1391 354 1444 ἀλλ’
381 1393 440 1446 ὲν
461 1395 627 1449 παντὶ
655 1399 722 1466 τῇ
753 1399 1031 1468 προσευχῇ
1063 1397 1158 1451 καὶ
1182 1399 1247 1468 τῇ
1276 1397 1459 1467 δεήσει
1479 1394 1642 1466 352
1679 1393 1817 1465 μετὰ

224 1483 591 1555 εὐχαριστίας
621 1486 690 1540 τὰ
731 1488 1012 1558 αίτήματά
1046 1505 1140 1542 σου
1172 1486 1529 1560 γνωριζέσθω
1559 1487 1697 1558 πρὸς
1725 1486 1818 1539 τὸν

220 1573 389 1628 Θεόν.
432 1576 605 1641 Αὐτὸς
629 1576 740 1648 (89)
777 1578 888 1650 γὰρ
917 1580 1179 1650 εἴρηκεν
1223 1580 1301 1634 Οὐ
1333 1580 1407 1650 μή
1440 1596 1504 1632 σε
1537 1577 1672 1643 ἀνῶ,
1709 1577 1817 1632 οὐδ’

229 1667 298 1720 ού
336 1667 410 1738 μή
449 1685 507 1720 σε
556 1669 929 1737 ἐγκαταλίπω.
969 1670 1159 1734 Οὕτως
1188 1671 1288 1740 μὲν
1316 1668 1409 1725 οὖν
1437 1671 1497 1724 ὲν
1546 1673 1613 1741 τῇ
1650 1669 1815 1741 σκλη-

232 1756 429 1828 ρότητι
469 1760 567 1829 τῆς
606 1759 833 1830 ἀγωγῆς
873 1761 969 1813 καὶ
997 1763 1064 1832 τῇ
1093 1759 1356 1832 ὀλιγωρίᾳ
1388 1760 1490 1829 τῆς
1530 1761 1819 1831 ἀσκήσεως

230 1849 520 1915 τοιούτους
552 1851 830 1922 κτώμενος
852 1851 1168 1925 λογισμοὺς,
1201 1853 1517 1925 εὐφραίνου,
1546 1853 1821 1925 μεμνημέο

229 1957 328 2005 νος
342 1943 550 2013 Κυρίου
571 1919 817 1996 τοῦ-Θεοῦ
840 1919 1024 2013 ήμώνί
1049 1919 1358 2015 Ἑμνήσόήν
1371 1943 1503 2017 γὰρ,
1529 1919 1663 2015 φησὶ
1852 1919 1892 1973 Β

230 2027 334 2083 τοῦ
360 2029 518 2097 Θεοῦ,
554 2032 649 2085 καὶ
672 2031 1008 2103 εὐφράνθην.

312 2295 480 2349 Ὅταν
520 2296 579 2350 δὲ
617 2297 781 2353 πάλιν
832 2300 860 2352 ὁ
892 2299 951 2369 ἐξ
1000 2300 1249 2363 ἐναντίας
1296 2299 1456 2356 ἄλλον
1496 2317 1580 2356 σοι
1617 2300 1819 2374 τρόπον

228 2384 427 2459 ἐπινοῇ
452 2387 726 2460 πολέμων,
753 2378 1134 2462 ὑψηλόφρονας
1155 2389 1479 2463 προϐάλλων
1502 2390 1815 2464 λογισμοὺς,

233 2477 334 2531 καὶ
363 2478 462 2550 τὴν
488 2479 645 2544 δόξαν
664 2481 1031 2537 ὑποδεικνύων
1058 2484 1158 2554 τῆς
1184 2482 1280 2537 τοῦ
1310 2484 1518 2554 κόσμου
1543 2483 1819 2555 βασιλείας

232 2563 307 2640 ἧς
342 2569 639 2636 κατέλιπες
668 2572 802 2646 (91),
834 2575 929 2627 καὶ
974 2574 1043 2628 τὰ
1091 2574 1256 2645 λοιπὰ
1284 2575 1352 2630 τὰ
1397 2578 1457 2630 ὲν
1485 2577 1564 2641 τῷ
1606 2578 1817 2650 κόσμῳ,

232 2664 329 2715 τὸν
376 2666 644 2737 σωτήριον
688 2666 964 2738 προϐαλοῦ
1017 2668 1196 2737 λόγον,
1240 2667 1318 2734 ώς
1362 2668 1556 2741 Θυρεὸν
1590 2670 1701 2742 (92)
1729 2670 1821 2724 τὸν

235 2755 520 2823 φάσκοντα
548 2771 563 2785 ·
621 2758 791 2811 Ὅταν
823 2758 932 2829 (9⁸5)
992 2762 1257 2832 ποιήσητε
1303 2762 1482 2816 πάντα
1518 2761 1590 2815 τὰ
1638 2762 1823 2818 διατα-

236 2849 439 2918 χθέντα
467 2853 615 2922 ὑμῖν,
637 2851 848 2922 λέγετε,
874 2854 955 2907 ὅτι
995 2853 1231 2925 Ἀχρεῖοι
1255 2854 1431 2908 δοῦλοί
1464 2855 1650 2924 ἐσμεν,
1680 2856 1763 2910 ὅτι
1792 2857 1822 2910 ὃ

236 2943 530 3014 ὀφείλομεν
573 2948 798 3017 ποιῆσαι
845 2947 1248 3018 πεποιήκαμεν.
1304 2945 1465 3001 Ἀλλὰ
1515 2947 1609 3000 καὶ
1640 2947 1726 3011 τίς
1762 2948 1821 3015 ἐξ

236 3034 402 3102 ἡμῶν
433 3033 654 3088 δύναται
684 3036 785 3108 τὴν
816 3036 1038 3108 ὀφειλὴν
1070 3038 1286 3093 ἐκτῖσαι
1314 3038 1387 3110 ἣν
1421 3038 1712 3109 ὀφείλομεν
1742 3040 1823 3110 τῷ

237 3122 511 3196 Δεσπότῃ,
543 3124 685 3195 ὑπὲρ
704 3122 779 3180 ὧν
808 3124 874 3179 δι’
902 3126 1048 3197 ἡμᾶς
1072 3124 1182 3196 (94)
1209 3125 1544 3196 ὲπτώχευσε,
1566 3125 1822 3190 πλούσιος

1906 671 2118 739 placeas
2149 668 2229 741 (Η
2265 667 2397 722 Tim.
2433 666 2526 738 n);
2567 679 2669 721 nec
2697 665 2937 736 quamvis
2984 664 3367 721 imbecillitatis
3414 678 3479 721 ac

1907 758 2175 830 languoris
2196 758 2546 829 cogitationes
2564 756 2844 827 improbus
2870 757 2959 813 iile
2984 758 3202 826 spiritus
3233 756 3326 812 tibi
3368 755 3477 812 im-

1907 851 2102 920 mittat,
2131 850 2463 921 institutique
2492 849 2565 904 tui
2592 862 2786 905 nervos
2821 849 3066 919 frangere
3092 865 3156 906 ac
3199 850 3483 906 debilitare

1907 945 2134 1011 studeat,
2187 943 2351 1014 ipsius
2397 941 2620 998 insidias
2668 940 3049 1012 pertimescas,
3088 941 3221 997 illud
3271 940 3480 996 Domini

1911 1046 2232 1107 praeceptum
2309 1034 2595 1105 cogitans.
2688 1034 2743 1089 in
2820 1032 3021 1089 mundo
3050 1047 3353 1102 pressuram
3387 1034 3482 1087 lia-

1910 1126 2133 1193 bebitis;
2161 1125 2254 1182 sed
2281 1124 2555 1191 conﬁdite,
2585 1137 2685 1192 ego
2713 1121 2812 1177 vici
2840 1120 3093 1176 mundum
3136 1119 3316 1191 (loan.
3345 1121 3479 1190 xvt).

1910 1220 2170 1286 Quocirca
2200 1219 2371 1289 gaude
2396 1234 2448 1272 in
2476 1208 2701 1273 Domino
2727 1229 2940 1284 semper
2961 1256 2977 1279 ,
3004 1215 3257 1285 quoniam
3288 1216 3404 1284 ipse
3433 1224 3487 1269 te

1912 1310 2092 1380 elegit,
2121 1319 2283 1380 atque
2309 1323 2339 1363 a
2386 1307 2584 1364 mundo
2628 1306 2930 1376 seiunctum
2960 1315 3083 1361 ante
3110 1305 3300 1362 [aciem
3333 1321 3483 1362 suam

1914 1402 2104 1469 posuit.
2134 1398 2252 1469 ipse
2276 1408 2474 1467 autem,
2494 1399 2585 1469 qui
2615 1406 2668 1453 te
2691 1398 2969 1453 vocatione
2995 1412 3088 1451 sua
3117 1405 3299 1451 sancta
3328 1411 3486 1451 voca-

1912 1493 2006 1557 vit,
2040 1505 2203 1561 prope
2228 1499 2310 1545 est
2338 1503 2568 1558 semper.
2602 1487 2737 1543 Nihil
2766 1487 2945 1556 itaque
2972 1487 3233 1542 sollicitus
3266 1487 3361 1550 sis,
3391 1488 3485 1540 sed

1914 1586 1965 1639 in
1994 1585 2139 1640 omni
2179 1582 2421 1638 oratione
2457 1591 2615 1652 atque
2644 1581 3015 1637 obsecratione
3041 1594 3161 1634 cum
3195 1581 3485 1649 gratiamin

1913 1676 2121 1731 actione
2139 1673 2431 1743 petitiones
2458 1681 2562 1729 tuae
2594 1677 2930 1729 innotescant
2957 1672 3096 1741 apud
3129 1673 3296 1728 Deum
3328 1670 3486 1743 (Phi-

1914 1767 2008 1837 lip.
2038 1766 2140 1837 tv).
2172 1765 2292 1836 Ipse
2315 1765 2459 1821 enim
2484 1764 2619 1819 dixit
2646 1781 2661 1817 :
2689 1763 2806 1820 Non
2837 1772 2890 1818 te
2914 1763 3181 1830 deseram,
3207 1778 3306 1818 nec
3335 1764 3492 1819 dere-

1916 1858 2171 1928 linquam.
2218 1857 2343 1912 Hec
2388 1857 2566 1926 itaque
2612 1856 2665 1910 in
2716 1857 2836 1910 vitm
2877 1855 3071 1910 duritia
3118 1869 3183 1908 ac
3227 1855 3492 1924 religiosas

1916 1948 2310 2004 exercitationis
2339 1947 2539 2003 vilitate
2567 1955 2740 2002 tecum
2772 1947 2885 2015 ipse
2923 1955 3194 2015 reputans,
3229 1944 3282 2000 in
3323 1945 3485 2000 animi

1916 2042 2187 2108 voluptate
2211 2054 2445 2104 versare,
2477 2038 2683 2093 Domini
2719 2038 2811 2093 Dei
2842 2038 3008 2092 nostri
3037 2037 3348 2092 memoriam
3397 2051 3488 2091 re-

1917 2132 2112 2186 tinens.
2159 2130 2349 2186 Memor
2400 2130 2576 2198 enim,
2607 2128 2806 2198 inquit,
2836 2128 2912 2184 fui
2940 2129 3069 2194 Dei,
3101 2136 3157 2184 et
3196 2128 3490 2189 delectatus

1916 2240 2034 2279 sum
2072 2222 2244 2296 (Paul.
2272 2225 2472 2291 uxvt).

1989 2316 2119 2370 Cum
2169 2322 2346 2369 autem
2384 2327 2595 2367 rursum
2623 2312 2961 2369 adversarius
3004 2312 3148 2369 aliud
3198 2314 3249 2368 in
3283 2323 3339 2370 te
3363 2315 3491 2370 belli

1918 2420 2083 2476 genus
2131 2404 2535 2475 excogitaverit,
2580 2403 2833 2459 sublimes
2880 2418 3074 2473 nempe
3137 2414 3295 2474 atque
3342 2420 3494 2459 arro-

1920 2506 2106 2567 gantes
2120 2496 2480 2563 cogitationes
2510 2506 2831 2564 proponens,
2862 2494 3121 2564 regnique
3144 2496 3343 2551 terreni
3372 2499 3493 2567 glo-

1919 2588 2053 2642 riam
2084 2601 2243 2656 quam
2275 2585 2555 2655 reliquisti,
2579 2594 2883 2653 caeteraque
2904 2599 3022 2653 qua:
3049 2585 3102 2638 in
3135 2585 3331 2639 mundo
3370 2595 3497 2641 sunt

1923 2680 2019 2735 tibi
2049 2681 2103 2734 in
2132 2678 2303 2734 oculis
2328 2676 2623 2743 collocans,
2644 2675 2971 2730 salutiferam
2997 2675 3293 2731 doctrinam
3316 2676 3493 2747 clypei

1924 2770 2094 2826 instar
2118 2769 2370 2836 obtende,
2396 2768 2660 2824 dicentem
2692 2783 2706 2821 :
2734 2767 2864 2823 Cum
2897 2766 3129 2823 feceritis
3165 2770 3344 2824 omnia
3375 2786 3493 2840 quae

1926 2872 2189 2931 praecepta
2220 2870 2342 2917 sunt
2365 2860 2538 2925 vobis,
2569 2858 2771 2915 dicite:
2820 2858 2977 2914 Servi
3024 2860 3237 2915 inutiles
3286 2876 3493 2921 sumus.

1926 2956 2177 3026 quoniam
2230 2953 2285 3010 id
2330 2952 2469 3022 quod
2493 2949 2667 3007 facere
2693 2950 2997 3017 debuimus,
3051 2951 3271 3014 fecinms
3321 2954 3499 3023 (ιιισιε

1932 3048 2087 3109 xvn).
2147 3047 2207 3100 Et
2233 3043 2445 3113 quidem
2498 3040 2615 3112 quis
2652 3049 2895 3095 nostrum
2925 3039 3159 3095 debitum
3190 3043 3340 3107 illud,
3388 3060 3495 3109 quo

1925 3156 2043 3196 eam
2072 3143 2143 3196 ob
2170 3156 2385 3197 causam
2430 3141 2657 3198 Domino
2682 3141 2922 3197 obstricti
2944 3155 3151 3202 sumus.
3205 3139 3347 3208 quod
3371 3153 3495 3195 cum

231 3212 348 3275 ὢν,
396 3214 483 3268 ἵνα
528 3215 688 3286 ἡμεῖς
737 3218 806 3288 τῇ
850 3217 1061 3270 ἐκείνου
1109 3217 1355 3289 πτωχείᾳ
1402 3217 1817 3290 πλουτήσωμεν,

1922 3231 2071 3287 dives
2101 3241 2263 3299 esset,
2314 3242 2535 3302 propter
2580 3246 2679 3287 nos
2724 3247 2924 3302 egenus
2964 3231 3138 3287 factus
3161 3240 3265 3296 est,
3312 3239 3371 3285 ut
3399 3244 3500 3287 nos

239 3307 337 3358 arcti
365 3304 567 3361 ἔπαθεν
623 3308 651 3361 ὁ
682 3308 921 3378 ἀπαθὴς,
971 3308 1062 3362 ἵνα
1093 3309 1202 3361 τῶν
1252 3308 1442 3364 παθών
1476 3312 1626 3381 ἡμᾶς
1667 3310 1822 3364 ἐλευ-

234 3397 497 3472 θερώσῃς
526 3399 656 3454 ποία
704 3399 813 3472 γὰρ
846 3402 1006 3472 χάρις
1039 3401 1211 3473 δούλῳ
1240 3402 1403 3474 ὃμοια.
1451 3402 1531 3474 τῷ
1576 3403 1819 3475 Δεσπότῃ

241 3491 475 3558 παθεῖν;
507 3493 668 3563 ἡμεῖς
694 3492 750 3547 δὲ
781 3493 952 3546 πολλὰ
976 3492 1086 3547 τῶν
1114 3494 1281 3548 αὐτοῦ
1314 3494 1693 3567 ὑστερούμεθα
1721 3514 1822 3550 πα-

234 3584 529 3654 θημάτων.
775 3584 961 3640 Ταῦτα
1008 3586 1202 3654 ἐννόει,
1249 3587 1544 3659 λογισμοὺς
1575 3588 1688 3660 (95)
1724 3605 1823 3644 κα-

234 3675 450 3745 θαίρων
503 3678 598 3730 καὶ
656 3678 764 3731 πᾶν
827 3677 1032 3749 ὕψωμα
1090 3680 1455 3751 ἐπαιρόμενον
1517 3681 1659 3735 κατὰ
1720 3682 1821 3751 τῆς

238 3769 501 3837 γνώσεως
542 3769 636 3823 τοῦ
686 3770 853 3837 Θεοῦ,
895 3772 989 3825 καὶ
1031 3772 1453 3843 αἰχμαλωτίζων
1500 3774 1611 3827 πᾶν
1645 3773 1824 3845 νόημα

241 3863 327 3925 είς
354 3862 451 3935 τὴν
484 3864 731 3936 ὑπακοὴν
751 3864 846 3919 τοῦ
869 3865 1109 3936 Χριστοῦ
1127 3882 1140 3896 ·
1173 3868 1269 3921 καὶ
1297 3867 1331 3939 ή
1358 3868 1551 3940 εἰρήνη
1581 3867 1693 3939 (96)
1727 3868 1823 3922 τοῦ

241 3955 407 4022 Θεοῦ,
430 3960 463 4028 ή
490 3958 832 4031 ὑπερέχουσα
859 3958 1039 4013 πάντα
1065 3958 1212 4026 νοῦν,
1238 3962 1540 4034 φρουρήσει
1569 3962 1672 4035 τήν
1698 3979 1827 4036 καρ-

240 4049 366 4105 δίαν
397 4051 492 4105 καὶ
513 4051 580 4105 τὰ
605 4052 852 4123 νοήματά
876 4070 970 4107 σου
994 4054 1055 4108 ὲν
1082 4053 1305 4125 Χριστῷ
1341 4054 1541 4125 Ἰησοῦ.

1919 3328 2035 3397 ejus
2061 3335 2373 3396 paupertate
2400 3327 2872 3391 divitesessemus,
2902 3328 3063 3395 etqui
3092 3341 3121 3379 a
3156 3327 3501 3395 perpessione

1922 3419 2176 3475 immunis
2204 3428 2342 3484 erat,
2370 3428 2430 3474 ut
2456 3417 2665 3473 vitiosis
2685 3416 3055 3473 all'ectionihus
3085 3431 3181 3472 nos
3221 3416 3496 3482 liberaret,

1921 3514 2188 3570 cruciatus
2229 3512 2391 3569 subiit
2440 3510 2530 3582 (11
2556 3511 2681 3567 Cor.
2728 3512 2870 3582 vm),
2919 3510 3224 3581 persolvere
3276 3512 3499 3579 potest!

1921 3606 2071 3673 Quod
2120 3605 2261 3660 enim
2300 3603 2618 3661 beneficium
2646 3611 2733 3659 est
2769 3617 2981 3659 servum
3031 3601 3217 3657 eadem
3292 3600 3499 3672 perpeti

1922 3712 2042 3767 qua:
2072 3696 2327 3751 Dominus
2355 3709 2638 3765 perpessus
2683 3693 2795 3749 sit?
2842 3692 3000 3763 Atqui
3050 3705 3148 3747 nos
3178 3690 3500 3760 permultum

1922 3788 1990 3844 ab
2015 3787 2181 3856 ipsius
2202 3785 2522 3842 cruciatibus
2553 3783 2744 3840 remoti
2786 3796 2991 3839 sumus.
3025 3781 3148 3837 ilcec
3204 3788 3382 3837 tecum
3413 3798 3496 3836 rc-

1924 3887 2070 3947 puta,
2099 3877 2448 3949 cogitationes
2473 3876 2775 3937 destruens,
2824 3883 2877 3929 et
2905 3887 3121 3930 omnem
3166 3871 3499 3927 altitudinem

1924 3969 2267 4025 extollentem
2295 3983 2354 4025 se
2376 3968 2630 4024 adversus
2657 3966 2935 4022 scientiam
2961 3965 3071 4031 Dei,
3101 3973 3158 4020 et
3185 3963 3241 4018 in
3264 3964 3494 4034 captivi-

1928 4068 2093 4116 tatem
2151 4061 2399 4129 redigens
2466 4074 2678 4115 omnem
2756 4072 2974 4114 sensum
3026 4057 3079 4111 in
3142 4056 3505 4113 obedientiam

226 4133 451 4193 Christi
479 4135 559 4205 (11
587 4135 711 4192 Cor.
748 4139 829 4207 x).
863 4137 933 4192 Et
962 4154 1071 4209 pax
1102 4140 1222 4206 Dei,
1249 4156 1373 4212 qua:
1403 4151 1701 4214 exsuperat
1726 4157 1946 4198 omnem
1974 4156 2223 4207 sensum,
2251 4141 2529 4197 custodiat
2562 4155 2662 4196 cor
2698 4149 2878 4204 tuum,
2906 4149 2962 4193 et
2988 4136 3354 4208 cogitationes
3389 4147 3512 4191 tuas

233 4227 299 4282 in
331 4226 557 4285 Christo
585 4229 716 4287 Jesu
744 4227 968 4302 (Philip.
999 4229 1097 4301 tv).

318 4313 539 4367 Τούτων
580 4314 686 4368 ὑπὸ
718 4314 815 4368 τοῦ
861 4314 1138 4387 μακαρίου
1187 4313 1459 4388 Βαρλαὰμ
1502 4314 1831 4388 λεχθέντων,

244 4408 283 4479 ἡ
312 4407 412 4481 ῥοὴ
436 4407 548 4462 τῶν
578 4408 831 4481 δακρύων
859 4408 955 4464 τοῦ
1000 4407 1235 4480 Ἰωάσαφ
1271 4409 1471 4481 μέτρον
1503 4408 1604 4465 οὐκ
1643 4403 1789 4481 εῖχεν
1810 4450 1826 4474 ,

1995 4329 2109 4387 Hac
2141 4327 2392 4384 oratione
2420 4340 2452 4380 a
2483 4325 2769 4381 Barlaamo
2800 4325 3013 4392 habitu,
3042 4324 3309 4396 Josapltat
3332 4324 3507 4381 inlini-

1926 4430 2037 4477 tam
2072 4422 2182 4477 vim
2219 4421 2585 4491 lacrymarum
2624 4418 2889 4489 profudit,
2933 4418 3014 4475 sic
3048 4433 3274 4489 nempe,
3306 4426 3364 4473 ut
3393 4429 3511 4474 tan-

322 4606 433 4678 (84)
468 4608 511 4664 Il
543 4610 715 4680 Epist.
742 4611 808 4664 ad
841 4608 982 4681 Tim.
1014 4626 1077 4675 tt,
1108 4611 1143 4666 5
1167 4627 1253 4665 τ...
1287 4609 1694 4681 Κακοπάθησον
1727 4610 1806 4672 ὡς

1919 4603 2388 4681 λδςᾼστρατιώτῃς
2428 4601 2601 4676 Ἰησοῦ
2632 4596 2906 4673 Χριστοῦ·
2949 4594 3122 4661 οὐδεὶς
3170 4590 3506 4663 στρατιώτης

246 4675 600 4752 ἐμπλέκεται
616 4684 737 4745 ταῖς
763 4680 858 4752 τοῦ
887 4679 999 4749 βίου
1023 4682 1451 4752 πραγματείαις,
1492 4675 1594 4733 ἵνα
1606 4679 1685 4751 τῷ
1719 4675 2208 4751 στρατολογήσαντι
2236 4675 2430 4748 ἀρέσῃ.

318 4750 437 4820 (85)
467 4749 625 4805 Joan.
651 4767 761 4817 xvn,
797 4751 884 4806 55.

321 4820 437 4889 (86)
477 4822 646 4889 Epist.
676 4825 739 4875 ad
776 4820 1007 4890 Philipp.
1040 4837 1115 4884 tv,
1139 4823 1191 4875 ι.

324 4892 438 4964 (8?)
558 4891 911 4964 διεχώρησεν-

321 4961 438 5030 (88)
470 4962 602 5016 Ibid.
632 4961 705 5022 tv.
729 4961 793 5017 '6.

322 5031 435 5099 (89)
470 5031 637 5099 Epist.
671 5031 736 5085 ad
766 5030 931 5085 Hebr.
964 5045 1037 5096 tv,
1066 5031 1123 5086 5.

325 5100 439 5170 (90)
467 5100 610 5157 Psal.
643 5117 828 5166 Lxxw,
864 5100 917 5154 3.

326 5154 440 5245 iat’)
468 5154 535 5240 ι),
563 5154 630 5245 ἣν
645 5154 976 5245 iditum.
1014 5169 1325 5245 Praslatjn
1366 5173 1565 5245 talibus
1616 5172 1821 5245 relativi

1919 5187 2028 5245 iam
2065 5171 2253 5245 dicunt
2293 5156 2862 5245 οιῑιθεοιίιςι-..ιίξξξιλιξιιβ
2977 5154 3028 5245 γῙν
3063 5173 3121 5245 l3;
3151 5156 3302 5245 232,3
3338 5157 3505 5245 Ηφρᾲ

251 5222 462 5299 τοόὶὶιὲν
475 5222 626 5315 Ῑέςὲἷξ
658 5222 1071 5315 lanigerae;
1087 5222 1209 5307 ἶᾱῖξ
1226 5222 1492 5314 tegat;
1505 5222 1580 5308 ξιξ
1605 5222 1821 5315 adiiciet}

1919 5222 2387 5306 ῐέέὸὶιεῐξξρέέυειεὶ
2412 5222 2619 5295 codicis
2660 5228 2797 5285 1000
2834 5230 3016 5295 lectio,
3058 5222 3165 5292 αἷς.
3188 5303 3192 5307 _
3215 5226 3299 5284 cr.
3336 5222 3504 5284 Nam.

254 5316 388 5370 Mss.
426 5322 465 5368 ι.
498 5312 591 5378 XI,
627 5329 690 5380 11,
716 5328 769 5381 p.
801 5313 885 5369 76.

353 5385 444 5453 92)
475 5382 559 5439 Cf.
591 5386 765 5453 Epist.
796 5386 862 5438 ad
894 5382 1092 5452 Ephes.
1118 5400 1191 5447 vi,
1221 5382 1309 5438 16.

355 5440 445 5523 95)
474 5440 607 5513 Luc.
638 5440 799 5518 Ξινιιι,
852 5440 1099 5511 10:11am
1137 5440 1339 5509 Christi
1391 5456 1555 5510 verba
1617 5454 1883 5523 superbiae
1936 5453 2237 5510 remedium
2289 5451 2529 5508 adhiberi
2562 5440 2731 5523 jubet:
2762 5461 2817 5505 et
2855 5448 3029 5523 Nilus
3060 5449 3132 5506 De
3184 5455 3312 5523 octo
3366 5443 3512 5523 vitiis

256 5541 314 5596 p.
338 5513 451 5596 31%
472 5542 494 5596 _:
520 5526 621 5579 Διὰ
640 5513 800 5596 τοῦτο
820 5527 915 5581 καὶ
931 5527 967 5596 ό
993 5525 1230 5596 Χριστὸς
1255 5525 1457 5596 ἔλεγεν·
1488 5543 1507 5577 ι
1538 5513 2056 5596 Ὄτανποιήσητε...
2083 5526 2289 5596 ἐσμενς
2324 5513 2656 5596 »μμονονοῦχὶ
2668 5516 2995 5596 λέγων·μὸτε
3017 5520 3314 5596 ἐπεισιέναι
3344 5513 3473 5596 μέλ).

256 5586 323 5649 iub
356 5593 563 5671 _O_qpio_v,
596 5594 720 5650 τότε
756 5594 845 5650 διὰ
873 5595 983 5671 τῶν
1030 5586 1291 5671 (iniecitini:
1316 5586 1821 5671 τούτων-ἀποκλείει

1919 5586 2008 5671 τὰς
2031 5586 2413 5671 θύρας-αύτίίί.⁸
2429 5592 2565 5671 Male
2595 5586 2843 5671 jungitur
2883 5591 2972 5671 ὅτε
3020 5604 3140 5671 cum

3173 5584 3363 5660 μέλλῃ.
3409 5584 3516 5640 Re;

262 5660 652 5736 septimam,
684 5678 743 5719 ut
769 5676 855 5720 est
882 5666 935 5721 in
968 5660 1212 5736 coit."39.
1246 5667 1389 5736 quod
1436 5665 1734 5736 neglexisse
1774 5660 2117 5722 Cotelerium'
2155 5664 2324 5721 miror
2350 5660 2607 5718 Nonum.
2641 5668 2681 5718 t.
2706 5660 2811 5726 'lll,
2846 5661 2935 5732 qui
2966 5676 3032 5715 eo
3058 5661 3197 5715 libro
3238 5660 3510 5715 utebatur.

554 5736 723 5818 Epist.
764 5737 831 5818 ad
866 5736 992 5818 ρον.
1023 5751 1139 5818 VIII:
1167 5734 1219 5791 9.

360 5804 429 5862 95
488 5805 531 5860 ll
563 5804 734 5876 Epist.
764 5809 830 5860 ad
865 5806 989 5863 Cor.
1024 5821 1079 5868 ι.
1104 5806 1161 5862 ε.

336 5807 454 5946 δοῦ)
486 5874 656 5944 Epist.
683 5877 752 5933 ad
789 5875 1018 5947 Philipp.
1047 5891 1123 5941 tv,
1157 5876 1208 5933 7.

585 5973 857 6032 ΡΑτιιοι.
911 5973 1026 6030 Gn.
1075 5968 1295 6029 XCVI.

3119 5946 3200 6006 39
