4026 6410
594 431 726 494 1227
2029 430 2398 494 ADDENDA.

3720 437 3830 501 ῙΞῩί

596 565 754 620 quam
783 565 847 606 ex
880 548 1148 605 uberrimo
1189 546 1337 604 fonte
1377 549 1750 616 scaturientes,
1794 549 1967 617 ipsum
2017 562 2165 616 pror-

2273 548 2398 612 ὶλλ’,
2431 548 2504 612 ὡς
2539 550 2600 602 ἑκ
2639 551 2820 622 πηγῆς
2850 551 3247 624 πολυχεύμονος
3279 551 3517 624 βρύουσα
3540 597 3553 619 ,
3587 554 3703 608 ὅλον
3742 562 3824 612 αύ-

595 656 706 711 sus,
739 656 800 697 ac
838 650 1030 697 terram
1075 641 1125 696 in
1167 657 1268 711 qua
1308 641 1555 704 sedebat,
1609 640 1937 711 proluerent.
1992 642 2168 708 Atque

2273 639 2357 694 τὸν
2391 641 2482 694 καὶ
2517 640 2615 714 τὴν
2654 643 2757 714 γῆν
2790 639 2923 717 ένῇ
2957 644 3198 714 ἐκάθητο
3235 645 3594 717 κατέϐρεχεν.
3632 647 3827 719 Ὀδυρό-

599 737 732 806 ipse,
759 734 1064 807 hujusmodi
1095 734 1370 789 dissidium
1425 734 1732 803 deplorans.
1789 748 2044 804 perquam
2083 747 2168 786 ar-

2273 748 2428 800 μενος
2465 732 2523 785 δὲ
2582 733 2672 786 τὸν
2715 735 3030 806 χωρισμὸν,
3061 736 3214 806 ἠξίου
3262 737 3407 807 μάλα
3449 737 3670 806 Θερμῶς
3714 756 3825 792 σνν-

593 832 783 886 denter
800 830 869 884 ab
895 844 960 886 eo
987 828 1364 892 contendebat,
1405 838 1461 881 ut
1493 829 1747 897 postremi
1796 827 1939 882 illius
1965 827 2168 882 itineris

2273 823 2540 895 οδοιπόρος
2561 826 2710 896 αύτῷ
2737 827 2834 896 τῆς
2860 827 3178 893 τελευταίας
3196 830 3419 901 πορείας
3443 829 3718 898 γενέσθαι.
3746 834 3825 884 καὶ

595 926 844 980 comitem
875 939 932 979 se
959 923 1258 987 adhiberet,
1308 936 1404 977 nec
1436 931 1558 990 post
1583 922 1746 989 ipsius
1773 922 2070 976 discessum
2115 921 2167 974 in

2273 913 2462 980 μηκέτι
2495 918 2833 985 παραμεῖναι
2875 917 2953 988 τῷ
2992 917 3094 990 βίῳ
3135 920 3274 990 μετὰ
3303 921 3404 990 τὴν
3434 920 3647 973 ἐκείνου
3681 922 3822 990 ἐκδη-

598 1019 796 1072 mundo
822 1017 930 1082 jam
963 1025 1283 1080 remaneret,
1338 1014 1420 1070 bis
1447 1015 1621 1069 verbis
1645 1026 1800 1070 utens
1831 1031 1845 1067 :
1891 1013 2114 1082 Ecquid,
2139 1030 2168 1068 υ

2273 1002 2418 1073 μίαν,
2464 1005 2562 1058 Διὰ
2607 1006 2690 1074 τί,
2735 1007 2946 1077 λέγων,
2975 1010 3036 1062 τὸ
3076 1011 3302 1064 σεαυτοῦ
3349 1011 3537 1084 ζητεῖς
3571 1013 3752 1082 μόνον,
3782 1009 3820 1068 ὦ

597 1117 771 1176 pater,
797 1107 870 1161 tui
897 1107 1173 1167 duntaxat,
1198 1119 1262 1160 ac
1291 1119 1396 1159 non
1430 1106 1654 1173 proximi
1687 1105 1942 1158 rationem
1973 1103 2168 1158 habes?

2273 1093 2466 1165 Πάτερ,
2519 1097 2614 1149 καὶ
2660 1097 2734 1167 μὴ
2781 1099 2875 1150 καὶ
2913 1099 2974 1152 τὸ
3007 1099 3103 1153 τοῦ
3157 1101 3420 1171 πλησίονς
3476 1102 3594 1164 πῶς
3645 1103 3697 1156 δὲ
3739 1105 3822 1174 τὴν

598 1198 835 1265 Quonam
865 1206 1043 1250 autem
1074 1195 1233 1249 modo
1263 1193 1360 1248 hac
1413 1193 1466 1248 in
1510 1208 1568 1247 re
1597 1192 1848 1261 perfectae
1893 1192 2168 1247 cltaritatis

2273 1185 2474 1240 τελείαν
2507 1188 2566 1240 ὲν
2595 1187 2770 1259 τούτῳ
2799 1189 3026 1261 πληροῖς
3053 1191 3278 1263 ἀγάπην
3308 1191 3451 1246 κατά
3480 1194 3574 1244 τὸν
3603 1195 3820 1255 εἰπόντα,

591 1288 769 1343 'otlicio
791 1287 1024 1360 iungeris
1082 1287 1204 1358 (pro
1249 1301 1315 1340 eo
1352 1295 1510 1355 atque
1537 1301 1565 1340 a
1597 1285 1810 1341 Christo
1838 1285 2036 1340 dictum
2063 1293 2166 1350 est,

2277 1277 2608 1349 Ἀγαπήσεις
2641 1279 2752 1351 (97)
2785 1280 2878 1333 τὸν
2914 1281 3142 1352 πλησίον
3174 1298 3270 1334 σου
3309 1281 3385 1344 ὡς
3420 1283 3665 1346 σεαυτὸν,
3705 1285 3821 1353 πρὸς

599 1380 793 1451 DJiges
823 1381 1127 1449 proximum
1159 1387 1306 1433 tuum
1334 1378 1540 1433 sicutte
1567 1378 1788 1448 ipsum),
1826 1392 1944 1432 cum
1976 1386 2030 1431 tu
2053 1378 2168 1446 qui-

2273 1370 2570 1426 άνάπαυσιν
2603 1370 2703 1441 μὲν
2737 1373 2830 1425 καὶ
2869 1371 3016 1444 ζωὴν
3054 1373 3216 1436 αὐτὸς
3245 1374 3524 1444 ἀπαίρων,
3559 1375 3636 1436 είς
3665 1374 3822 1442 θλίψιν

600 1471 722 1526 dem
751 1472 816 1525 ad
849 1471 1081 1540 requiem
1111 1485 1318 1539 pergas,
1373 1484 1457 1524 me
1505 1480 1679 1524 autem
1736 1471 1787 1524 in
1825 1470 2170 1539 oppressione

596 1571 756 1631 atque
780 1577 1014 1617 aerumna
1046 1562 1334 1631 relinquas,
1383 1575 1444 1615 ac
1475 1561 1780 1632 priusquam
1824 1562 1877 1617 in
1910 1563 2169 1633 religiosae

595 1656 720 1710 vitm
752 1653 1234 1719 certaminibus,ut
1261 1669 1354 1721 par
1393 1664 1495 1718 est,
1555 1655 1882 1709 exercitatus
1924 1656 2046 1722 sim,
2079 1668 2173 1729 tre-

596 1746 811 1814 riasque
843 1743 1076 1799 hostium
1103 1744 1320 1798 insidias
1345 1753 1642 1813 compertas
1671 1745 1914 1811 habeam,
1958 1746 2023 1799 ad
2055 1747 2168 1801 sin-

595 1835 830 1902 gularem
863 1849 1086 1903 pugnam
1110 1848 1228 1888 cum
1261 1835 1390 1903 ipsis
1449 1836 1736 1889 ineundam
1794 1851 1878 1890 me
1907 1837 2167 1905 objieias?

598 1925 677 1979 Ex
703 1941 807 1994 quo
837 1926 1082 1994 quidnam
1112 1925 1252 1979 aliud
1277 1927 1586 1998 contingere
1616 1937 1812 1994 potest,
1861 1928 1960 1982 nisi
1994 1937 2050 1982 ut
2070 1943 2165 1984 ve-
2196 1907 2239 1964 Β

599 2015 867 2068 teratoriis
893 2015 1130 2084 ipsorum
1159 2016 1364 2070 artibus
1394 2028 1719 2084 prusternar,
1775 2027 1931 2085 atque
1959 2027 2014 2072 ut
2063 2018 2166 2072 im-

596 2105 782 2169 peritis
805 2119 866 2158 ac
892 2105 1089 2158 timidis
1117 2106 1500 2176 gladiatoribus
1527 2123 1623 2162 usu
1646 2107 1826 2164 venire
1848 2109 2001 2173 solet,
2025 2123 2165 2163 sem-

597 2199 860 2263 piternam
890 2199 1084 2252 anima:
1133 2208 1358 2253 mortem
1409 2201 1694 2270 oppetam?
1748 2202 1826 2256 Ad
1859 2201 2160 2264 Dominum,

595 2304 795 2357 qumso,
823 2305 948 2359 roga
979 2300 1138 2360 atque
1159 2293 1402 2354 obsecra,
1423 2303 1477 2345 ut
1507 2307 1592 2346 me
1613 2307 1822 2362 quoque
1858 2292 1941 2347 tui
1990 2307 2022 2347 e
2063 2293 2165 2345 rita

595 2381 864 2437 discessus
913 2385 1117 2438 socium
1172 2385 1436 2448 asciscas,
1498 2385 1548 2438 id
1595 2394 1649 2440 ut
1679 2387 1860 2448 lacias,
1910 2399 2004 2454 per
2047 2400 2163 2439 eam

596 2475 767 2543 ipsam
798 2490 946 2544 spem
993 2490 1148 2544 quam
1181 2476 1343 2531 habes
1394 2476 1505 2531 fore
1545 2485 1599 2531 ut
1624 2478 1822 2533 laboris
1864 2479 2162 2533 mercedem

597 2567 875 2638 percipias,
908 2578 959 2622 te
987 2569 1247 2623 obtestor.
1269 2569 1403 2634 Hoc,
1439 2570 1675 2638 inquam,
1706 2585 1736 2625 ι
1767 2570 1878 2624 Deo
1915 2570 2161 2639 precibus

597 2660 880 2726 contende,
925 2669 984 2714 ut
1030 2676 1096 2716 ne
1140 2659 1354 2717 unicum
1405 2661 1614 2731 quidem
1656 2661 1797 2715 diem
1850 2670 1968 2731 post
2020 2672 2163 2715 tuum

598 2749 890 2805 discessum
933 2750 985 2804 in
1017 2749 1116 2806 hac
1140 2753 1247 2805 vita
1282 2754 1606 2822 peregriner,
1649 2755 1881 2823 atquein
1912 2754 2163 2808 densissi-

597 2856 680 2893 ma
711 2841 809 2895 hac
823 2841 1109 2897 solitudine
1128 2843 1392 2899 oberrem.

667 2939 790 2993 Haec
819 2955 938 2993 cum
962 2939 1220 3007 .losaphat
1239 2939 1456 3008 plorans
1489 2939 1712 3005 diceret,
1762 2953 1926 2995 senex
1961 2939 2164 3010 placide

601 3044 662 3083 ac
692 3029 886 3084 leniter
907 3029 1078 3097 ipsum
1113 3030 1429 3097 reprimens,
1460 3030 1549 3085 Dei
1575 3031 1806 3100 judieiis,
1834 3031 2025 3101 inquit,
2047 3047 2167 3102 quae

601 3122 796 3174 mentis
818 3121 1063 3173 humanae
1088 3129 1299 3189 captum
1324 3121 1632 3190 excedunt,-
1664 3123 1917 3178 obluctari
1950 3124 2167 3178 minime

603 3211 885 3267 debemus.
915 3211 1043 3266 Nam
1074 3227 1196 3282 ego,
1222 3227 1340 3267 cum
1366 3213 1432 3267 de
1454 3215 1552 3268 hac
1582 3230 1638 3267 re
1686 3217 1877 3269 multas
1907 3215 1971 3268 ad
2002 3217 2165 3269 Deum

604 3317 790 3370 preces
820 3303 1094 3368 fudissem,
1147 3318 1382 3374 eumque
1431 3307 1514 3360 cui
1546 3306 1685 3360 nulla
1727 3308 1806 3361 vis
1851 3305 2027 3362 all‘erri
2067 3322 2167 3377 po-

601 3402 726 3460 test,
759 3395 902 3449 t'elut
932 3409 1027 3463 per
1057 3396 1161 3449 vim
1209 3397 1423 3466 adigere
1467 3407 1776 3464 tentassem,
1827 3410 1886 3454 ut
1935 3415 2001 3454 ne
2031 3401 2168 3455 inter

601 3499 698 3537 nos
718 3483 1166 3554 disjungeretnur,
1201 3487 1268 3539 ab
1291 3488 1453 3555 ipsius
1467 3487 1700 3544 bonitate
1730 3489 1829 3544 hoc
1856 3489 2037 3555 didici,
2067 3492 2168 3544 mi-

604 3589 749 3643 nime
781 3587 873 3641 tibi
907 3601 1047 3639 nunc
1077 3583 1408 3638 conducibile
1437 3597 1557 3637 esse
1585 3584 1760 3637 carnis
1809 3599 1942 3637 onus
1972 3584 2171 3652 abjiee-

603 3699 683 3746 re,
717 3697 897 3736 verum
931 3682 981 3733 in
1017 3679 1260 3747 religiosa
1306 3679 1684 3733 exercitatione
1749 3679 1925 3731 tandiu
1959 3693 2168 3746 perma-

601 3790 752 3836 nere,
785 3774 955 3842 quoad
1008 3771 1425 3839 splendidiorem
1478 3785 1727 3823 coronam
1761 3771 1851 3823 tibi
1903 3773 2163 3825 texueris.

600 3864 845 3919 Nondum
897 3863 1040 3916 enim
1076 3876 1171 3929 pro
1199 3876 1258 3913 ea
1282 3875 1400 3928 quae
1450 3861 1540 3913 tibi
1573 3871 1754 3928 parata
1809 3871 1895 3916 est
1923 3863 2169 3917 mercede

598 3957 731 4009 satis
762 3954 1078 4015 decertasti;
1123 3967 1302 4004 verum
1339 3952 1546 4018 paulum
1571 3953 1742 4005 adhuc
1766 3953 1974 4009 labores
2005 3969 2166 4023 opor-

601 4059 696 4112 tet,
728 4056 780 4099 ιιι
805 4047 957 4099 Ιτειυε
982 4046 1033 4097 in
1063 4045 1269 4098 Domini
1303 4046 1372 4098 tui
1405 4045 1654 4111 gaudium
1679 4048 1863 4102 intres.
1910 4047 2041 4101 Nam
2067 4063 2166 4120 ego

598 4138 812 4205 quidem
839 4135 950 4205 jam
983 4151 1117 4204 pene
1143 4138 1497 4199 centenarius,
1545 4151 1712 4192 annos
1741 4139 1974 4208 quinque
2000 4151 2051 4194 et
2083 4156 2167 4194 se-

600 4231 868 4300 ptuaginta
941 4230 992 4282 in
1049 4229 1145 4282 hac
1199 4229 1485 4283 solitudine
1536 4230 1760 4285 confeci.
1825 4231 1942 4286 Tibi
1989 4248 2160 4298 vero,

559 4331 563 4335 ‘
599 4320 804 4375 etiamsi
832 4335 935 4372 non
964 4327 1106 4371 tanta
1137 4318 1394 4386 temporis
1421 4333 1567 4371 mura
1593 4319 1766 4372 futura
1793 4329 1894 4382 est,
1928 4329 1982 4374 at
2017 4329 2166 4375 certe

600 4409 745 4465 did
768 4410 1018 4477 spatium,
1073 4420 1128 4462 ut
1171 4407 1320 4476 jubet
1351 4408 1624 4475 Dominus,
1674 4411 1888 4480 propius
1944 4413 2166 4466 accedas

612 4521 831 4566 necesse
859 4519 959 4575 est,
988 4524 1092 4578 quo
1130 4510 1195 4563 iis
1224 4513 1364 4564 nulla
1391 4529 1455 4567 ex
1486 4527 1634 4583 parte
1686 4517 1902 4571 inferior
1927 4519 2021 4581 sis,
2078 4518 2168 4588 qui

2262 1460 2321 1515 δὲ
2363 1462 2456 1514 καὶ
2487 1461 2862 1531 ταλαιπωρίαν
2897 1462 2997 1532 ἐμὲ
3032 1464 3484 1534 καταλιμπάνων,
3541 1464 3672 1526 καὶ,
3714 1467 3823 1535 πρὶν

2263 1555 2444 1621 καλῶς
2478 1558 2920 1629 ὲγγυμνασθῆναι
2947 1560 3061 1621 τοῖς
3091 1556 3273 1622 άθλοις
3302 1557 3402 1628 τῆς
3433 1558 3715 1626 ἀσκήσεως
3745 1561 3822 1611 καὶ

2261 1647 2372 1702 τῶν
2413 1647 2689 1719 πολεμίων
2751 1649 2945 1720 μαθεῖν
2999 1650 3097 1710 τὰς
3155 1650 3536 1719 πολυτρόπους
3588 1650 3820 1717 ἐφόδους,

2263 1742 2404 1811 πρὸς
2444 1742 2778 1812 μονομαχίαν
2829 1758 2897 1812 με
2937 1741 3038 1812 τῆς
3082 1742 3264 1795 αύτῶν
3319 1741 3675 1812 παρατάξεως
3709 1759 3823 1811 προ-

2269 1834 2628 1905 ϐαλλόμενος;
2673 1833 2833 1887 Ἰνατί
2857 1834 3084 1906 γένηται
3110 1832 3261 1894 ἄλλο.
3295 1833 3344 1886 εί
3379 1834 3453 1904 μὴ
3491 1833 3742 1902 βληθῆναί
3769 1850 3824 1900 ιιι

2269 1929 2388 1990 ταῖς
2433 1926 2798 1997 κακοτρόποις
2840 1926 3018 1979 αὐτῶν
3065 1928 3375 1996 μηχαναῖς,
3405 1928 3502 1978 καὶ
3541 1927 3820 1983 ἀποθανεῖν,

2268 2021 2445 2089 οῐμοιι
2475 2019 2566 2072 τὸν
2593 2018 2824 2088 ψυχικὸν
2854 2018 3022 2081 δντως
3049 2019 3145 2072 καὶ
3171 2017 3392 2070 αίὼνιον
3415 2017 3676 2081 θάνατονς
3709 2019 3823 2087 ὅπερ

2269 2115 2382 2177 τοῖς
2416 2112 2664 2185 ἀπείροις
2701 2111 2795 2166 καλ⁸
2821 2111 3014 2174 δειλοῖς
3057 2111 3378 2182 συμϐαίνειν
3426 2113 3640 2181 πέφυκε
3683 2129 3824 2180 μονα-

2271 2209 2384 2276 χοῖς
2411 2207 2539 2276 (98).
2579 2204 2742 2258 Ἀλλὰ
2761 2204 2982 2276 δεήθητι
3003 2203 3096 2257 τοῦ
3121 2205 3352 2275 Κυρίου,
3376 2204 3632 2270 δυσωπῶ,
3662 2206 3826 2258 συνέκ-

2269 2298 2440 2368 δημον
2660 2297 2804 2367 κάμὲ
2834 2297 2927 2350 τοῦ
2968 2297 3082 2368 βίου
3115 2297 3320 2351 λαϐεῖν.
3357 2298 3487 2362 Ναὶ,
3518 2297 3654 2368 πρὸς
3681 2299 3824 2368 αὐτῆς

2270 2391 2371 2461 τῆς
2402 2390 2616 2454 ἐλπίδος
2663 2385 2730 2462 ἦς
2769 2391 2912 2461 ἔχεις
2959 2392 3257 2444 ἀπολαϐεῖν
3306 2391 3401 2445 τοῦ
3463 2392 3705 2461 καμάτου
3749 2393 3821 2444 τὸν

2277 2484 2503 2555 μισθὸν,
2557 2484 2780 2556 δεήθητι
2830 2484 3099 2555 μηδεμίαν
3151 2485 3366 2557 ἡμέραν
3422 2485 3566 2555 μετὰ
3619 2485 3702 2538 τὸν
3749 2483 3822 2537 silv

2273 2576 2551 2648 χωρισμὸν
2607 2580 2892 2646 παροικεῖν
2939 2576 3017 2646 τῷ
3066 2577 3198 2648 βίῳ,
3251 2579 3344 2632 καὶ
3387 2580 3468 2643 είς
3519 2578 3582 2632 τὸ
3621 2579 3822 2647 πέλαγος

2273 2666 2476 2738 ταύτης
2508 2666 2811 2720 πλανᾶσθαι
2838 2666 2939 2736 τῆς
2969 2667 3201 2738 ἐρήμου.

2345 2939 2532 2994 Ταῦτα
2555 2939 2648 2994 τοῦ
2681 2939 2915 3008 ’ῐωάσαφ
2946 2939 3042 2992 σὺν
3069 2938 3300 3007 δάκρυσι
3328 2939 3600 3008 λέγοντος.
3627 2943 3653 2994 6
3674 2941 3826 3011 γέρων

2275 3033 2469 3105 πράως
2530 3030 2853 3086 ἀνακόπτων
2907 3031 3001 3084 καὶ
3055 3028 3314 3099 ὁμαλῶς,
3371 3030 3486 3082 Οὐκ
3543 3029 3825 3099 ὀφείλομεν,

2275 3124 2486 3186 τέκνον,
2525 3123 2650 3192 ἔφη,
2686 3125 2800 3185 τοῖς
2831 3121 3143 3192 άνεφίκτοις
3175 3121 3410 3191 κρίμασι
3435 3120 3528 3173 τοῦ
3560 3120 3688 3173 Θεοῦ
3724 3121 3827 3173 ἀνθ-

2281 3212 2549 3267 ίστασθαι.
2602 3211 2745 3279 Ἐγὼ
2790 3211 2900 3282 γάρ
2954 3209 3124 3264 πολλὰ
3174 3210 3389 3280 δεηθεὶς
3447 3211 3574 3280 περὶ
3623 3210 3828 3275 τούτου,

2276 3308 2368 3361 καὶ
2398 3307 2487 3358 τὸν
2518 3305 2776 3357 άϐίαστον
2803 3305 3083 3376 Δεσπότην
3111 3306 3442 3377 βιασάμενος
3465 3304 3558 3358 τοῦ
3595 3305 3666 3375 μὴ
3692 3321 3829 3373 χωρι-

2278 3400 2471 3470 σθῆναι
2505 3400 2650 3468 ήμᾶς
2680 3398 2774 3451 ἀπ’
2809 3398 3078 3466 ἀλλήλων,
3119 3398 3404 3468 ἐδιδάχθην
3438 3399 3594 3467 παρά
3628 3398 3722 3466 τῆς
3750 3400 3830 3451 αύ-

2275 3493 2368 3547 τοῦ
2389 3492 2722 3561 άγαθότητος
2744 3491 2819 3555 ὡς
2838 3493 2936 3545 ούκ
2961 3491 3076 3544 ἐστι
3105 3492 3382 3563 συμφέρον
3411 3490 3471 3542 σὲ
3495 3488 3592 3542 νῦν
3617 3490 3673 3542 τὸ
3691 3490 3830 3558 άχθος

2274 3588 2374 3658 τῆς
2403 3586 2604 3657 σαρκὸς
2630 3586 2948 3639 ἀποθέσθαι’
2973 3584 3109 3638 ἀλλὰ
3138 3585 3478 3655 παραμεῖναι
3497 3583 3581 3634 δεῖ
3600 3585 3662 3651 τῇ
3688 3581 3827 3648 tinﬁ-

2277 3695 2379 3744 σει,
2411 3678 2518 3740 ἕως
2546 3677 2926 3748 λαμπρότερον
2968 3677 3146 3747 ἑαυτῴ
3191 3677 3280 3729 τὸν
3316 3676 3586 3744 στέφανον
3631 3671 3823 3741 πλέξῃς.

2276 3774 2349 3825 Ού
2375 3771 2482 3843 γὰρ
2507 3770 2818 3842 ἀρκούντως
2849 3770 3032 3840 ἀκμὴν
3059 3768 3313 3837 ⁴ἢγωνίσω
3340 3767 3475 3837 πρὸς
3498 3766 3602 3836 τὴν
3631 3767 3826 3833 tequ-

2277 3865 2483 3935 σμένην
2516 3880 2598 3916 σοι
2641 3860 3082 3932 μισθαποδοσίανο
3117 3859 3251 3913 ἀλλὰ
3279 3859 3359 3912 δεῖ
3389 3874 3447 3910 σε
3477 3857 3730 3910 κοπιάσαι
3753 3872 3826 3922 pt-

2276 3955 2428 4027 κρὺν,
2460 3955 2548 4007 ἵνα
2576 3953 2784 4023 χαίρων
2813 3950 3059 4022 εἰσέλθῃς
3091 3952 3170 4012 είς
3195 3949 3295 4020 τὴν
3325 3947 3499 4018 χαράν
3521 3947 3618 4000 τοῦ
3650 3946 3825 4014 Κυρίου

2279 4065 2369 4100 σου
2411 4046 2546 4117 (99).
2597 4043 2739 4114 Ἐγὼ
2787 4045 2898 4115 γὰρ
2935 4043 3102 4112 ἐγγύς
3143 4060 3245 4094 που
3275 4041 3382 4093 τῶν
3425 4039 3625 4092 ἑκατὸν
3669 4038 3825 4090 λοιπόν

2277 4141 2391 4207 είμι
2423 4137 2655 4208 χρόνων,
2695 4136 3008 4198 διατελέσας
3048 4137 3104 4188 ὲν
3133 4136 3198 4204 τῇ
3231 4135 3422 4205 ἐρήμῳ
3453 4130 3627 4202 ταύτῃ
3668 4134 3824 4184 ὲνιιιυ⁹

2277 4231 2399 4293 τοὺς
2426 4230 2526 4301 ἤδη
2559 4229 2720 4282 πέντε
2746 4230 2838 4282 καὶ
2873 4226 3240 4297 ἐϐδομήκοντα
3259 4241 3272 4255 ·
3304 4226 3387 4278 σοὶ
3417 4224 3496 4289 δὲ,
3532 4225 3581 4275 εί
3603 4225 3694 4275 καὶ
3721 4238 3825 4275 τοσ-

2277 4326 2432 4380 οῦτον
2459 4326 2560 4378 οὐκ
2590 4325 2952 4395 ἐκταθήσεται
2985 4325 3014 4375 6
3056 4323 3248 4393 χρόνος
3275 4363 3290 4388 ,
3320 4320 3456 4374 ἀλλά
3488 4319 3713 4390 πλησίον
3744 4335 3826 4369 που

2276 4417 2530 4484 γενέσθαι
2563 4419 2661 4483 δεῖ,
2694 4417 2876 4481 καθὼς
2901 4416 3113 4470 κελεύει
3144 4418 3172 4468 ὁ
3205 4413 3427 4485 Κύριος,
3459 4413 3528 4465 ἶν’
3559 4411 3828 4480 ἐφάμιλλος

2276 4510 2617 4582 ἀναδειχθῇς,
2644 4511 2739 4564 καὶ
2763 4509 2930 4580 μηδὲν
2953 4508 3086 4569 ὅλως
3108 4506 3233 4559 ύστε
3243 4505 3336 4577 ρού
3345 4522 3506 4575 μενος
3525 4503 3631 4556 τῶν
3653 4502 3829 4572 βαστα-

563 4613 571 4619 “
611 4601 716 4655 diei
747 4609 800 4654 et
821 4609 980 4654 aestus
1024 4602 1229 4669 pondus
1256 4604 1581 4670 pertulerunt
1625 4607 1836 4677 (Matth.
1869 4610 1979 4678 xx).
2029 4611 2168 4677 Qua-

2277 4606 2488 4659 σάντων
2526 4605 2587 4658 τὸ
2619 4604 2784 4676 βάρος
2817 4606 2918 4674 τῆς
2957 4604 3172 4674 ἡμέρας
3197 4602 3294 4655 καὶ
3336 4601 3428 4654 τὸν
3471 4600 3719 4654 καύσωνα
3747 4599 3828 4667 (l).

615 4701 847 4761 propter,
879 4705 910 4745 ο
934 4693 1127 4756 amice,
1156 4707 1271 4759 qua:
1292 4708 1321 4748 a
1352 4694 1458 4749 Deo
1486 4695 1697 4751 decreta
1727 4708 1870 4764 sunt,
1918 4713 2168 4771 prompto

607 4797 670 4836 ac
699 4783 895 4838 lubenti
925 4785 1101 4838 animo
1125 4785 1329 4853 accipe.
1382 4786 1510 4841 Nam
1560 4802 1679 4857 quae.
1738 4793 1850 4860 ipse
1905 4793 2164 4860 decrevit,

607 4873 724 4939 quis
749 4874 960 4928 tandem
989 4876 1288 4930 mortalium
1311 4877 1569 4947 dissipare
1593 4883 1786 4950 queat?
1815 4886 2167 4956 Atqueipsius

606 4967 772 5034 gratia
801 4978 1165 5033 conservatus,
1202 4969 1533 5026 tolerantiam
1560 4985 1772 5041 praesta.

678 5059 808 5114 Illud
831 5061 988 5114 etiam
1019 5075 1165 5120 cura.
1198 5071 1255 5116 ut
1285 5063 1800 5122 adversusinimicas
1821 5070 2165 5140 cogitationes

560 5181 565 5185 -
603 5152 777 5206 artium
806 5153 1054 5219 exeubes,
1079 5169 1140 5208 ac
1166 5158 1356 5210 mentis
1391 5159 1697 5224 puritatem,
1742 5175 1852 5214 non
1880 5165 2056 5217 'secus
2102 5177 2166 5218 ac

601 5243 883 5311 quemdam
915 5244 1142 5312 ingentis
1170 5247 1321 5312 pretii
1355 5246 1682 5314 thesaurum,
1709 5251 1910 5306 salvum
1940 5261 1993 5308 et
2022 5252 2166 5307 inco-

671 5434 785 5501 (97)
811 5433 968 5488 Conf.
997 5450 1048 5503 p.
1082 5435 1208 5502 5‘28,
1238 5452 1292 5490 n.
1326 5439 1374 5493 7.

2276 4698 2444 4769 Δέχου
2478 4697 2654 4750 τοίνυν
2683 4736 2697 4761 ,
2731 4691 2776 4749 ὦ
2807 4695 3027 4766 φιλότης
3064 4696 3164 4765 (2),
3194 4694 3263 4747 τὰ
3295 4693 3373 4764 τῷ
3412 4692 3533 4764 Θεῷ
3563 4691 3828 4760 δεδογμένα

2277 4788 2548 4858 ἀσμένως.
2584 4789 2649 4840 Ἀ
2680 4787 2790 4859 γὰρ
2820 4787 2980 4850 αὐτὸς
3021 4785 3396 4856 βεϐούλευται,
3424 4784 3510 4845 τίς
3547 4782 3723 4843 ἱκανὸς
3749 4783 3827 4834 άν-

2277 4880 2512 4951 θρώπων
2527 4881 2875 4935 διασκεδάσαι
2894 4898 2908 4946 ;
2933 4880 3041 4934 Kal.
3059 4897 3130 4934 κα
3140 4878 3319 4950 ρτέρει
3335 4879 3401 4948 τῇ
3425 4875 3632 4928 ἐκείνου
3653 4877 3830 4944 quitat-

2275 4974 2498 5044 τόμενος
2523 4975 2726 5047 χάριτι.

2348 5069 2509 5141 355
2538 5070 2692 5140 Νῆφε
2721 5069 2777 5123 δὲ
2807 5068 2895 5123 ἀεὶ
2921 5068 3055 5140 πρδς
3079 5069 3205 5133 τοὺς
3238 5066 3516 5130 ἐναντίους
3540 5061 3827 5134 λογισμοὺς,

2282 5165 2376 5217 καὶ
2409 5163 2510 5233 τὴν
2538 5161 2888 5233 καθαρότητα
2917 5160 3012 5214 τοῦ
3046 5161 3183 5224 νοὸς,
3211 5159 3402 5230 ὥσπερ
3429 5159 3550 5212 τινά
3581 5151 3828 5225 θησαυῴν

2286 5250 2596 5321 πολύτιμον,
2627 5251 2822 5306 ἄσυλον
2851 5251 3117 5324 διατήρει,
3151 5250 3289 5324 πρὸς
3319 5249 3657 5320 ὑψηλοτέραν
3681 5247 3825 5315 ἔργα·

673 5506 782 5585 (ἓξ)
914 5510 1280 5585 μρναχοῖςοηᾼ,
1328 5510 1672 5585 μονομάχοις.
1709 5511 1819 5585 Hoc
1848 5513 2168 5583 Trapezunti

2273 5518 2453 5582 vertit,
2486 5515 2615 5569 illud
2647 5514 2871 5585 Billyus.

694 5573 1003 5655 99)_hl:tl_tlt.
1043 5573 1661 5655 χενλῖὅῄείεῗσελθέείς
1685 5584 1783 5655 τὴν
1813 5573 1988 5654 χαρὰν
2013 5585 2105 5638 τοῦ
2133 5587 2337 5654 Κυρίου
2372 5573 2485 5640 σου.

793 5643 979 5726 unum.
1016 5661 1104 5702 xx.
1135 5648 1201 5700 12
1226 5651 1446 5726 ε-Ἴσους
1481 5653 1612 5726 ημῖν
1638 5643 1845 5726 αὑτοὺξ
1869 5643 2130 5726 ἐποίησας
2156 5643 2266 5718 τοῖς
2303 5658 2601 5724 βαστάσασι
2633 5657 2694 5708 τὸ
2720 5656 2884 5726 βάρος
2914 5657 3083 5724 τῆς...

675 5716 754 5789 (2)
891 5716 955 5767 ad
988 5730 1156 5798 lnam.
1191 5736 1208 5798 ξ
1239 5719 1413 5798 πράῳ.
1443 5716 1684 5798 φίλτατε.
1719 5716 2069 5798 Deluruiul'a,
2099 5721 2142 5779 ὦ

2273 5716 2415 5798 ότης.
2447 5730 2568 5780 vide
2607 5716 3039 5798 Scltbl.'l_’_lat.'p.
3069 5727 3174 5798 55;
3208 5725 3483 5798 εἶπεν.λά
3527 5726 3649 5780 Luc.
3681 5721 3820 5798 Rhet.

603 5785 766 5868 [παῖε.
800 5785 906 5868 is;
939 5794 1053 5836 not.
1085 5790 1148 5868 nil
1184 5785 1524 5868 Aris-tanti,
1548 5792 1635 5854 16,
1666 5810 1716 5861 p.
1745 5793 1883 5859 467;
1911 5785 2156 5868 Wernsd.

2292 5785 2510 5852 llt'merii
2543 5799 2704 5852 verba
2727 5814 2777 5866 p.
2813 5795 2915 5868 598
2944 5813 2957 5850 :
2987 5785 3173 5868 Ταῦτα
3203 5791 3418 5868 ὑμῖν,ὧ
3438 5798 3674 5868 φιλότης,
3695 5791 3822 5862 φίλου

608 5857 781 5923 ξενίας
807 5855 880 5932 τὰ⁸
903 5857 1252 5934 χαριστήρια.
1286 5858 1359 5916 lbi
1399 5863 1616 5930 quidem
1648 5855 1748 5932 ego
1780 5855 2107 5932 praetulerim
2157 5883 2168 5924 ι

2273 5879 2440 5932 plura:
2477 5855 2816 5929 varietatem,
2845 5861 2890 5922 ὧ
2918 5868 3079 5933 φίλοι.
3111 5866 3207 5937 τῆς
3239 5855 3350 5934 ipth
