4026 6414
435 3232 441 3239 ,
550 3185 736 3226 ronam
766 3186 797 3226 a
825 3179 878 3226 te
904 3181 1281 3241 consequatur,
1312 3186 1374 3226 ac
1396 3188 1588 3227 nomen
1620 3182 1833 3236 tunm,o
1861 3171 2031 3238 Pater,
2054 3187 2113 3228 ac

570 404 694 471 1231

1931 404 2183 466 ADDEN
2192 405 2309 467 DA.

3688 416 3817 478 122?.

563 514 710 570 omni
734 513 1048 584 acceptiOne
1081 514 1268 584 dignus
1315 531 1330 571 :
1384 514 1440 571 Si
1469 516 1869 585 commorimur,
1922 526 1977 573 et
2000 534 2120 574 con-

2242 516 2628 590 ὑπομένομεν,
2686 521 2779 575 καὶ
2834 522 3341 595 συμϐασιλεύσομεν
3403 522 3682 594 βασιλείαν
3721 526 3815 597 τὴν

563 606 841 669 vivemus;
873 604 917 658 si
938 605 1282 674 sustinemus,
1325 616 1378 662 et
1403 608 1863 680 conregnabimus,
1907 610 1958 665 in
1989 625 2129 665 sem-

563 697 770 767 piterno
802 696 892 750 illo
914 711 977 751 ac
1001 696 1120 751 ﬁnis
1143 707 1366 766 experte
1394 713 1557 764 regno
1584 700 1984 769 incomparabili
2007 701 2125 756 luce

560 789 876 854 cullustrati,
909 798 1071 860 atque
1099 805 1225 846 vere
1256 792 1423 846 beatae
1452 807 1514 848 ac
1556 792 1807 863 principis
1849 782 2126 850 Trinitatis

559 883 943 945 illuminatione
989 884 1192 941 donati.
1256 885 1383 941 llaec
1434 884 1676 940 Barlaam
1730 886 1796 939 ad
1846 900 2124 953 vesperam

558 988 745 1041 usque,
804 989 1000 1044 ac_per
1031 986 1190 1031 totam
1229 977 1386 1032 etiam
1436 987 1669 1043 noctem,
1727 975 2016 1045 Josaphato
2044 977 2125 1031 lo-

554 1066 820 1134 quebatur
863 1066 1181 1121 ell'usissime
1210 1068 1540 1137 lacrymanti,
1597 1077 1756 1134 atque
1815 1066 2119 1134 Itujusmodi

555 1154 967 1223 disiunctionem
999 1159 1276 1230 tegerrimo
1321 1160 1501 1213 animo
1529 1158 1737 1213 ferenti.
1797 1159 1915 1213 Jatn
1945 1164 2123 1213 autem

558 1248 769 1304 lucente
821 1251 908 1304 die
954 1266 1142 1305 manus
1170 1261 1329 1321 atque
1356 1250 1538 1305 oculos
1566 1249 1620 1305 in
1651 1250 1846 1305 caelum
1874 1248 2118 1317 sustulit,

557 1335 771 1406 Deoque
791 1339 988 1407 gratias
1031 1339 1278 1407 reddens,
1329 1339 1430 1394 hoc
1475 1354 1722 1395 sermone
1763 1354 1891 1396 usus
1918 1348 2039 1395 est:

624 1446 849 1502 Domine
872 1447 1011 1503 Deus
1033 1464 1202 1516 meus,
1234 1450 1320 1518 qui
1344 1450 1535 1519 ubique
1561 1465 1797 1519 praesens
1837 1465 1918 1516 es,
1953 1458 2113 1519 atque

553 1538 732 1591 omnia
760 1538 969 1607 imples,
999 1541 1192 1607 gratias
1219 1540 1309 1596 tibi
1336 1556 1457 1611 ago,
1488 1540 1738 1611 quoniam
1767 1540 2118 1596 humilitatem

555 1642 724 1681 meam
751 1631 1031 1698 respexisti
1056 1630 1226 1701 (Psal.
1258 1631 1337 1702 ι).
1376 1642 1534 1701 atque
1578 1632 1681 1687 hoc
1722 1632 1853 1687 mihi
1881 1646 2107 1687 conces-
2140 1672 2145 1677 .

553 1716 691 1783 sisti,
717 1720 849 1774 utin
869 1720 1162 1775 orthodoxa
1185 1731 1269 1776 tua
1299 1722 1422 1789 ﬁde,
1445 1732 1499 1779 et
1512 1724 1879 1779 mandatorum
1912 1732 2119 1778 tuorum

554 1810 662 1873 via,
690 1809 911 1878 hujusce
932 1812 1371 1880 peregrinationis
1392 1827 1606 1867 cursum
1644 1813 1982 1868 absolverim.
2039 1812 2116 1867 Ac

2240 609 2456 665 αίώνιον
2485 612 2579 666 καὶ
2621 614 3001 687 ἀτελεύτητον,
3037 616 3117 687 τῷ
3155 618 3294 686 φωτὶ
3333 618 3816 690 καταλαμπόμενοι

2238 700 2317 773 τῷ
2346 702 2623 776 ἀπροσίτῳ
2648 704 2783 778 (10),
2802 708 2903 763 ικαὶ
2929 708 3030 778 τῆς
3055 708 3378 780 ἐλλάμψεως
3406 709 3815 780 καταξιούμενοι

2238 791 2338 863 τῆς
2356 794 2632 863 μακαρίας
2653 795 2823 860 ὅντως
2849 797 2941 852 καὶ
2965 798 3279 869 ζωαρχικῆς
3299 798 3553 869 Τριάδος.
3584 800 3814 855 Τοιαῦτα

2242 884 2341 955 μὲν
2369 885 2397 936 ὁ
2424 885 2693 957 Βαρλαάμ
2719 888 2823 952 ἕως
2844 889 3083 962 ἑσπέρας
3110 891 3204 945 καὶ
3227 892 3358 961 παρ’
3380 890 3508 962 ὅλην
3531 890 3629 963 τὴν
3647 891 3814 947 νύκτα

2236 974 2312 1046 τῷ
2351 975 2588 1046 Ἰωάσαφ
2620 974 2849 1049 ὼμίλεί,
2884 982 3286 1052 ἀκατασχέτοις
3332 983 3600 1055 δᾴκρυσιν
3632 986 3814 1057 ὀδυρο-

2238 1066 2385 1137 μένῳ
2430 1067 2643 1122 καὶτὸν
2680 1071 2967 1142 ,χωρισμὸν
3012 1072 3088 1146 μὴ
3129 1076 3369 1145 φέροντι.
3416 1077 3576 1146 ’Δρτι
3619 1077 3676 1131 δέ
3718 1082 3812 1150 τῆς

2233 1156 2449 1229 ἡμέρας
2484 1158 2855 1233 διαφαυούσης
2894 1163 3041 1233 (Η)⁹
3082 1164 3180 1235 τὴν
3221 1166 3359 1238 πρὸς
3404 1167 3568 1223 αὐτὸν
3598 1169 3810 1239 ὁμιλίαν

2233 1247 2587 1320 διαπεράνας,
2620 1248 2757 1324 ἦρεν
2782 1256 2862 1319 είς
2884 1255 3116 1327 ούρανὸν
3144 1257 3333 1329 χεῖράς
3364 1274 3427 1312 τε
3452 1260 3545 1313 καὶ
3570 1259 3807 1331 ὄμματα,

2234 1343 2328 1397 καὶ
2360 1344 2712 1418 εὐχαριστίαν
2748 1348 3076 1421 ἀναπέμψας
3109 1350 3189 1422 τῷ
3227 1352 3368 1424 Θεῷ,
3409 1352 3536 1426 ἔφη’

2304 1458 2498 1530 Κύριε,
2542 1464 2571 1515 ὀ
2608 1462 2741 1527 Θεός
2791 1480 2929 1533 μου,
2973 1467 3003 1519 ὁ
3044 1466 3325 1539 πανταχοῦ
3370 1468 3561 1541 παρὼν
3605 1471 3697 1525 καὶ
3745 1474 3809 1527 τὰ

2233 1551 2410 1607 πάντα
2443 1552 2691 1625 πληρῶν,
2732 1556 3043 1631 εὐχαριστῶ
3074 1576 3180 1625 σοι,
3214 1561 3296 1614 ὅτι
3334 1562 3548 1626 ἐπεῖδες
3588 1564 3689 1637 τὴν
3718 1582 3808 1619 τα-

2231 1642 2489 1699 πείνωσιν
2528 1663 2630 1717 μου
2656 1649 2752 1703 καὶ
2783 1651 2841 1703 ἐν
2873 1653 2939 1722 τῇ
2983 1650 3250 1723 ὀρθοδόξῳ
3295 1669 3391 1706 σου
3432 1653 3691 1727 ὁμολογίᾳ
3720 1657 3806 1710 καὶ

2229 1738 2289 1793 ἐν
2315 1739 2420 1811 ὁδῷ
2444 1739 2554 1795 τῶν
2582 1742 2813 1797 ἐντολῶν
2856 1761 2949 1797 σου
2981 1743 3221 1816 ὴξίωσας
3245 1746 3336 1799 τὸν
3362 1746 3562 1817 δρόμον
3596 1748 3805 1803 τελέσαι

2234 1848 2303 1902 με
2324 1835 2423 1903 τῆς
2450 1833 2637 1889 ἐνθάδε
2659 1836 2953 1906 παροικίας
2971 1855 3094 1909 μου.
3126 1840 3239 1894 Καὶ
3265 1839 3383 1906 νῦν,
3411 1840 3682 1911 φιλάγαθε
3708 1844 3801 1896 Δέ-

556 1913 717 1963 nunc,
748 1902 951 1969 optime
974 1903 1213 1966 Domine,
1236 1911 1393 1971 atque
1420 1903 1485 1957 ad
1517 1903 1938 1958 misericordiam
1988 1917 2119 1973 pro-

2230 1883 2420 1973 Quae;
2437 1922 2532 1974 καὶ
2560 1883 3172 1995 πανοιιῐτίρμονῗδέξαι
3204 1942 3273 1999 με
3304 1883 3387 1993 ei;
3413 1883 3523 1994 Ἰτὰς
3554 1883 3803 1997 αίωνίους

556 1991 889 2061 pensissime,
916 1994 967 2047 in
996 2003 1192 2048 reterns
1222 1994 1558 2049 tabernacula
1573 2004 1659 2048 tua
1684 2009 1769 2049 me
1796 1995 1998 2063 recipe,
2021 2008 2118 2047 nec

552 2095 615 2136 ea
629 2085 879 2137 memoria
903 2084 1070 2139 retine
1090 2100 1205 2152 quae
1229 2084 1312 2139 vel
1323 2086 1497 2139 sciens
1513 2085 1593 2138 vel
1608 2084 1839 2139 insciens
1861 2085 1913 2138 in
1931 2093 1983 2139 te
1998 2098 2118 2153 peco

552 2171 689 2227 cavi.
704 2170 973 2226 Conserva
988 2185 1163 2228 autem
1176 2173 1334 2229 etiam
1349 2173 1554 2228 ﬁdelem
1570 2173 1709 2227 hunc
1720 2187 1934 2228 servum
1952 2184 2118 2238 tuum,

554 2261 639 2315 cui
669 2277 754 2314 me
781 2263 1021 2317 inutilem
1058 2264 1305 2318 famulum
1330 2272 1478 2318 tuum
1503 2278 1737 2333 pr:eesse
1764 2262 1997 2319 voluisti.
2035 2264 2117 2318 Ab

554 2353 698 2408 omni
728 2354 961 2407 vanitate
980 2364 1137 2422 atque
1164 2352 1452 2409 adversarii
1479 2356 1759 2409 vexatione
1788 2353 1961 2423 ipsum
2009 2354 2124 2409 exi-

558 2457 675 2508 me;
724 2442 957 2512 illudque
982 2444 1160 2510 efﬁce,
1208 2454 1264 2499 ut
1293 2444 1659 2499 nodosissimis
1682 2444 1747 2498 iis
1767 2444 1965 2514 laqueis
1989 2458 2124 2516 quos

558 2534 800 2589 diabolus
827 2534 893 2589 ad
926 2550 1109 2589 eorum
1152 2536 1386 2590 omnium
1432 2534 1623 2605 quibus
1652 2534 1797 2591 salus
1844 2534 1992 2589 cordi
2042 2542 2123 2588 est

553 2626 902 2683 oﬁ'ensionem
929 2629 1178 2697 expandit
1204 2629 1484 2683 sublimior
1510 2628 1730 2683 existat.
1776 2627 1999 2682 Omnem
2023 2628 2119 2681 ini-

553 2720 784 2786 postoris
812 2726 1129 2791 potentiam,
1152 2721 1489 2791 omnipotens
1521 2721 1680 2789 Deus,
1712 2734 1744 2776 a
1769 2721 1907 2777 servi
1938 2721 2013 2776 tui
2042 2720 2125 2774 fam

548 2810 631 2864 cie
666 2810 820 2875 dele;
873 2806 1031 2881 atque
1072 2826 1163 2865 eas
1190 2811 1289 2879 ipsi
1320 2814 1458 2865 vires
1499 2809 1651 2877 aﬁ'er,
1701 2819 1757 2865 ut
1806 2809 2117 2881 pestiferum

551 2900 719 2955 bustis
735 2902 1033 2955 animarum
1057 2912 1356 2955 nostrarum
1384 2908 1542 2968 caput
1564 2899 1856 2970 proculcet.
1878 2899 2114 2969 Spiritus

552 2990 627 3045 tui
656 2991 826 3045 sancti
847 2991 1067 3059 gratiam
1096 3007 1157 3044 ex
1183 2992 1288 3045 alto
1319 2990 1373 3045 in
1397 3004 1518 3044 eum
1565 2990 1807 3055 demitte,
1865 2998 2023 3060 atque
2050 2988 2116 3043 ad

550 3080 850 3135 invisibiles
879 3080 1156 3136 conﬂictus
1188 3080 1353 3136 robur
1374 3082 1474 3151 ipsi
1506 3080 1661 3147 adde,
1682 3090 1739 3134 ut
1766 3080 2000 3136 victoria:
2026 3098 2116 3138 co-

546 3259 666 3316 Filii
697 3262 791 3328 tui,
819 3272 872 3317 et
899 3261 1129 3331 Spiritus
1157 3263 1347 3328 sancti,
1404 3263 1457 3318 in
1487 3264 1601 3332 ipso
1628 3262 1949 3330 celebretur,
1979 3280 2110 3336 quo-

545 3354 686 3407 niam
713 3361 763 3407 te
788 3353 941 3409 decet
968 3354 1082 3409 laus
1103 3365 1157 3409 et
1182 3353 1346 3424 gloria
1375 3354 1427 3410 in
1453 3355 1669 3410 sacula.
1695 3356 1886 3411 Amen.

608 3670 722 3729 Hac
750 3678 1067 3745 precatione
1104 3680 1313 3748 habita,
1334 3700 1461 3742 cum
1490 3697 1723 3759 paterno
1740 3693 1944 3753 aﬁ'ectu
1967 3697 2125 3755 Josa-

2229 2025 2323 2062 σου
2354 2010 2562 2080 σκηνὰς
2590 2013 2703 2083 (12)
2727 2055 2742 2079 ,
2785 2014 2877 2067 καὶ
2912 2014 2988 2087 μὴ
3027 2018 3276 2088 μνησθῇς
3309 2022 3411 2073 ὅσα
3446 2037 3530 2073 σοι
3564 2022 3804 2093 ἥμαρτον

2226 2104 2285 2158 ἐν
2313 2103 2513 2173 γνώσει
2541 2123 2600 2159 τε
2630 2108 2723 2160 καὶ
2746 2108 2960 2180 ἀγνοίᾳ.
2993 2110 3234 2177 Φύλαξον
3270 2111 3332 2167 δὲ
3364 2114 3462 2167 καὶ
3492 2112 3583 2168 τὸν
3618 2117 3801 2170 πιστόν

2229 2214 2322 2251 σου
2355 2197 2543 2251 δοῦλον
2574 2199 2763 2253 τοῦτον
2782 2240 2797 2264 ,
2826 2196 2997 2274 οὗπερ
3032 2205 3333 2275 προστῆναί
3366 2222 3435 2276 με
3465 2206 3561 2261 τὸν
3592 2209 3801 2279 ἀχρεῖόν

2227 2306 2319 2344 σου
2348 2289 2590 2362 ἠξίωσας
2622 2292 2842 2364 οἰκέτην
2865 2309 2880 2325 ο
2914 2294 3078 2365 ῥῦσαι
3122 2297 3287 2353 αὐτὸν
3324 2299 3435 2352 ἀπὸ
3480 2301 3664 2373 πάσης
3707 2320 3799 2373 μα-

2222 2381 2509 2453 ταιότητος
2538 2382 2706 2455 358
2735 2386 2830 2438 καὶ
2857 2386 3123 2458 ἐπηρείας
3145 2387 3240 2443 τοῦ
3273 2390 3677 2461 ἀντικειμένου,
3711 2396 3798 2449 καὶ

2224 2471 2555 2547 ὑψηλότερον
2581 2475 2744 2529 αὑτὸν
2769 2477 2995 2549 ποίησον
3020 2480 3133 2534 τῶν
3156 2481 3513 2538 πολυπλόκων
3541 2486 3793 2554 παγίδων,

2225 2556 2301 2618 ὧν
2339 2565 2419 2627 είς
2453 2565 2749 2622 σκάνδαλον
2796 2568 3050 2638 ἥπλωσεν
3095 2572 3125 2625 δ
3161 2574 3397 2645 πονηρὸς
3439 2576 3657 2631 πάντων
3695 2578 3794 2632 τῶν

2223 2655 2485 2710 θελόντων
2516 2657 2782 2729 σωθῆναι.
2834 2660 3145 2730 ’Δςράνισον,
3184 2666 3580 2739 παντοδύναμε,
3622 2673 3794 2725 πᾶσαν

2220 2745 2321 2815 τὴν
2348 2747 2580 2819 δύναμιν
2609 2749 2706 2804 τοῦ
2742 2751 3062 2818 ἁπατεῶνος
3093 2754 3200 2810 ἀπὸ
3233 2757 3530 2828 προσώπου
3559 2761 3656 2814 τοῦ
3682 2763 3795 2816 δού-

2219 2837 2314 2894 λου
2346 2856 2461 2906 σου,
2495 2842 2588 2895 καὶ
2634 2842 2724 2907 δὸς
2753 2843 2902 2915 αὐτῷ
2935 2845 3185 2913 ἐξουσίαν
3225 2852 3418 2903 πατεῖν
3448 2852 3549 2923 τὴν
3580 2853 3793 2923 ὀλεθροο

2218 2931 2376 2987 τόκον
2418 2932 2597 3006 κάραν
2645 2935 2741 2989 τοῦ
2795 2936 3057 3009 πολεμίου
3108 2937 3219 2993 τῶν
3260 2941 3547 3013 ἡμετέρων
3587 2944 3790 3015 ψυχῶν.

2218 3024 2596 3098 Κατάπεμψον
2639 3028 2699 3095 ἐξ
2748 3028 2917 3100 ὖψους
2969 3032 3070 3103 τὴν
3136 3032 3297 3104 χάριν
3352 3034 3450 3088 τοῦ
3497 3037 3660 3106 ἁγίου
3704 3054 3791 3093 σου

2217 3117 2556 3189 Πνεύματος.
2593 3120 2702 3174 Καὶ
2728 3122 3013 3194 ἐνίσχυσον
3038 3124 3201 3179 αὐτὸν
3228 3125 3365 3197 πρὸς
3391 3127 3494 3192 τὰς
3532 3130 3792 3202 (topazon;

2138 3218 2184 3282 C
2216 3208 2568 3281 παρατάξεις,
2608 3212 2691 3267 ἵνα
2743 3214 2836 3270 τὸν
2876 3214 2978 3287 τῆς
3032 3215 3192 3288 νίκης
3234 3218 3445 3291 ἀξιωθῇ
3498 3222 3649 3293 παρὰ
3703 3222 3789 3277 σοῦ

2215 3300 2478 3371 στέφανον
2505 3301 2802 3371 δέξασθαι,
2840 3304 2936 3358 καλ⁸
2972 3305 3206 3379 δοξασθῇ
3237 3310 3296 3362 ἐν
3333 3309 3485 3381 αύτῷ
3531 3311 3595 3364 τὸ
3624 3312 3790 3383 ὄνομά

2213 3409 2331 3460 σου,
2352 3392 2447 3448 τοῦ
2464 3395 2699 3469 Πατρδς,
2720 3397 2925 3451 καὶτοῦ
2940 3397 3094 3465 Υίοῦ,
3115 3401 3210 3454 καὶ
3235 3400 3329 3454 τοῦ
3355 3402 3513 3472 ἁγίου
3540 3404 3787 3476 Πνεύμα-

2209 3502 2322 3551 τος,
2346 3486 2431 3542 ὅτι
2458 3489 2543 3543 σοὶ
2573 3488 2777 3562 πρέπει
2798 3488 2927 3555 δόξα
2952 3492 3048 3545 καὶ
3070 3492 3276 3558 αῐνεσις
3302 3496 3385 3559 είς
3408 3497 3540 3561 τοὺς
3563 3499 3781 3562 αἰῶνας.

2221 3578 2417 3652 Ἀμήν.

2277 3691 2464 3747 Ταῦτα
2495 3693 2810 3765 εὐξάμενος,
2841 3697 2938 3750 καὶ
2967 3696 3059 3752 τὸν
3100 3698 3337 3770 Ἰωάσαφ
3378 3702 3667 3773 πατρικῶς
3696 3720 3781 3757 πε-

537 3764 768 3834 pbatum
791 3770 1132 3841 complexus,
1163 3783 1330 3845 atque
1347 3781 1538 3837 osculo
1560 3793 1751 3841 sancto
1772 3792 2120 3849 exosculatus

2221 3764 2640 3858 stnrugapevog,
2659 3789 2756 3843 καὶ
2784 3791 3076 3862 ἀσπασμὸν
3106 3792 3257 3864 αύτῷ
3279 3764 3407 3860 δοὺς
3433 3764 3781 3873 ὲν-ςριλήνματι

535 3856 753 3923 fuisset,
798 3876 863 3916 ac
906 3877 1027 3918 sese
1060 3867 1243 3922 crucis
1277 3871 1435 3941 signo
1486 3876 1795 3941 muniisset,
1842 3882 2120 3954 pedesque

2221 3876 2368 3949 ἱιγίῳ,
2398 3856 2477 3950 τῷ
2512 3879 2670 3952 τύπῳ
2708 3898 2769 3935 τε
2814 3882 2909 3936 τοῦ
2954 3856 3188 3955 σταυροῦ
3218 3856 3413 3941 ἐαυτὸν
3453 3856 3780 3962 ἐπίσφραγι-

537 3950 849 4017 extulisset,
880 3953 1087 4026 ingenti
1123 3957 1313 4016 laetitia
1342 3963 1621 4033 perfusus,
1658 3983 1769 4023 non
1795 3950 1955 4027 secus
1983 3950 2051 4029 ac
2076 3975 2120 4030 si

2221 3972 2459 4041 πάμενος,
2498 3974 2591 4027 καὶ
2616 3950 2744 4039 τοὺς
2773 3975 2943 4040 πόδας
2964 3950 3187 4049 ἐξάρας,
3214 3979 3309 4033 καὶ
3332 3980 3455 4036 λίαν
3480 3950 3777 4057 napi-iaci};

532 4040 698 4092 amici
735 4040 959 4109 quidam
991 4048 1380 4119 accessissent,
1424 4054 1491 4108 ad
1528 4054 1752 4113 beatum
1802 4059 1926 4129 iter,
1960 4072 2120 4136 atque

2221 4064 2514 4136 Γενόμενος,
2538 4067 2728 4138 ὥσπερ
2753 4068 2918 4124 τινῶν
2940 4040 3398 4141 ἐπιδημησάντων
3427 4040 3776 4149 φίλωνξΒ

536 4130 603 4185 ad
639 4132 959 4205 recipienda
993 4138 1171 4198 beatae
1205 4143 1359 4201 illius
1387 4146 1516 4204 vita:
1568 4153 1795 4220 praemia
1841 4130 2120 4227 proiectus

2221 4161 2299 4232 τὴν
2332 4130 2624 4234 *μακαρίαν
2661 4130 2873 4237 ἀπῆλθε
2928 4130 3197 4234 πορείαν,
3249 4167 3387 4238 πρὸς
3422 4130 3526 4242 τὴν
3574 4130 3775 4226 ἐκεῖθεν

528 4230 636 4289 est,
670 4238 840 4281 senex
876 4228 1063 4298 plane,
1092 4247 1156 4288 ac
1185 4234 1558 4305 spiritualium
1586 4241 1805 4301 dierum
1832 4247 2049 4318 plenus.

2221 4228 2420 4306 ῖιελθῶν
2450 4228 2787 4325 γεροδοσίαν,
2826 4228 3145 4330 πρεσϐύτης
3174 4228 3249 4315 ῶν
3278 4228 3381 4315 καί
3402 4228 3623 4333 πληρης
3647 4264 3773 4333 ἡμεο

2199 4342 2308 4413 ρῶν
2333 4343 2445 4398 τῶν
2467 4344 2562 4398 τοῦ
2591 4346 2921 4417 πνεύματος.

598 4408 727 4466 Car.
757 4411 1229 4490 XL.—Josapbat
1257 4434 1464 4493 autem,
1488 4444 1703 4487 summa
1740 4449 1865 4489 cum
1890 4452 2120 4493 venera-

2264 4453 2423 4509 ΚΕΦ.
2471 4457 2563 4511 Μ’.
2606 4457 2665 4511 '0
2698 4458 2755 4511 δὲ
2808 4458 3073 4530 ’Ῑωάσαφ,
3108 4462 3429 4534 περιχυθεὶς
3474 4462 3555 4532 τῷ
3601 4461 3770 4531 Πατρὶ

528 4516 680 4571 tione
705 4529 872 4588 atque
896 4524 1103 4594 ejulatu
1140 4536 1352 4598 patrem
1375 4534 1723 4605 complexus,
1751 4539 2120 4613 lacrymisque

2221 4543 2318 4596 teO‘
2352 4545 2484 4616 ὅσης
2535 4545 2603 4600 ἂν
2647 4548 2822 4612 εἴποις
2873 4549 2973 4620 τῆς
3018 4516 3317 4616 ἐύλαέείας
3353 4516 3451 4607 κᾶι
3500 4516 3765 4623 οἰμωγῆς,

529 4619 722 4676 abluto
752 4622 926 4694 ipsius
946 4641 1200 4699 corpore,
1231 4641 1400 4704 atque
1420 4652 1617 4707 aspero
1638 4640 1732 4695 illo
1747 4641 1954 4709 cilicio,
1974 4646 2120 4716 quod

2221 4637 2422 4709 ἀκρυσί
2457 4655 2516 4691 τε
2551 4639 2614 4693 τὸ
2644 4639 2896 4711 λείψανον
2932 4619 3157 4711 λούσας,
3188 4647 3282 4698 καὶ
3313 4644 3393 4716 τῷ
3420 4619 3767 4717 τριχίνῳνραο

530 4724 601 4780 ab
622 4741 690 4781 eo
712 4726 768 4782 in
789 4729 913 4786 aula
932 4745 1242 4805 acceperat,
1274 4737 1544 4807 involuto,
1566 4755 1864 4803 consuetos
1882 4750 2120 4820 psalmos

2221 4730 2314 4801 ίῳ,
2350 4730 2487 4801 ὅπερ
2516 4731 2682 4796 αὐτὸς
2713 4728 2783 4804 ἦν
2811 4736 2870 4789 ἐν
2912 4734 2990 4805 τῷ
3022 4737 3271 4807 παλατίῳ
3304 4736 3608 4809 παρασχὼν
3634 4737 3761 4809 (13),

492 4870 495 4872 -
531 4830 750 4896 recitat,
778 4848 878 4903 per
904 4843 1086 4891 totum
1114 4837 1259 4896 diem
1304 4856 1369 4898 ac
1404 4853 1575 4901 totam
1608 4856 1827 4904 noctem
1864 4850 2027 4907 simul
2066 4864 2124 4910 et
2188 4820 2538 4892 ﬂammea"
2575 4824 2704 4887 τοὺς
2746 4826 3171 4899 νενθμισμένους
3209 4828 3453 4897 ἐπιλέγεί
3496 4828 3759 4899 Ψαλμοδςν

526 4951 753 4992 canens.
790 4949 846 4992 et
876 4942 1180 4992 nretiosnm
1207 4946 1353 4992 beati
1381 4948 1483 4992 υἱιιί
1510 4967 1713 4992 nnrnnc
1752 4954 2008 4992 ιαιιιιπνηςρ
2037 4960 2117 4992 ..;-
2185 4912 2275 4966 διὰ
2312 4913 2495 4984 πάδης
2523 4913 2623 4984 τῆς
2652 4915 2864 4987 ἡμέρας
2902 4920 2997 4972 καὶ
3032 4918 3135 4989 τῆς
3166 4920 3360 4983 νυκτὸς
3385 4921 3516 4992 ὅλης
3550 4920 3763 4991 ψάλλων

2186 5003 2305 5074 ἅμα
2352 5005 2446 5058 καὶ
2491 5005 2727 5077 δάκρυσι
2772 5006 2835 5062 τὸ
2887 5010 3072 5081 τίμιον
3122 5009 3218 5064 τοῦ
3269 5012 3520 5083 μάκαρος
3556 5011 3761 5083 βρέχων

2185 5096 2367 5169 σῶμα.
2400 5098 2479 5169 Τῇ
2509 5097 2567 5153 δὲ
2598 5100 2829 5175 ἐπιούσῃ
2863 5102 3068 5174 ἡμέρα,
3101 5104 3271 5171 τάφον
3289 5104 3544 5175 ,ποιήσας
3572 5104 3759 5175 ἐχόμε-

526 5142 741 5211 pulcro,
781 5160 845 5199 ac
873 5162 1032 5203 sacro
1068 5163 1303 5219 corpore
1334 5163 1653 5210 reverenter
1694 5157 1991 5215 admodum
2025 5177 2118 5233 ge-

2223 5142 2367 5169 wr'"
2409 5142 2479 5169 ’11
2512 5142 2567 5153 *⁷
2598 5142 2829 5175 """"'3|
2869 5142 3068 5174 ἠ”θντν
3112 5142 3267 5171 ’“Υ“”
3289 5142 3541 5175 .⁸“¹’¹ι“’¹¹’”
3572 5142 3758 5175 ⁶Ᾱ“Ἷ⁸¹”“

2221 5208 2275 5244 ον
2309 5190 2423 5261 (14)
2452 5190 2546 5244 τοῦ
2588 5192 2858 5264 σπηλαίου
2877 5234 2893 5262 ,
2929 5196 3023 5248 καὶ
3052 5194 3217 5267 359
3248 5194 3492 5261 εὐλαϐῶς
3523 5196 3664 5264 ἄγαν
3700 5196 3759 5248 τὸ

486 5306 491 5313 .
526 5248 711 5359 frmi.
736 5248 1078 5359 S‘Pi'itualem
1124 5260 1337 5319 Palmm
1374 5255 1627 5327 θετεείιιε
1658 5265 1714 5313 εί
1754 5258 2117 5321 θδθτίδδίιηυθ
2178 5248 2328 5353 ἱερὸν
2343 5248 2601 5352 λείψανον
2625 5248 3014 5354 διαϐαστάσας,
3225 5248 3757 5359 μνήματιήτέθετο

529 5340 676 5396 ﬁlius
697 5344 1029 5415 inhumavit,
1067 5352 1469 5427 ardentiusque
1501 5358 1686 5413 animo
1718 5360 2112 5419 inﬂammatus.

2221 5340 2269 5430 έν
2303 5340 2678 5448 πνευματικὸν
2709 5378 2921 5451 πατέρα
2963 5340 3183 5444 δικαλδς
3214 5340 3460 5447 ύίδέκαὶ
3486 5340 3753 5449 τιμιώτα-

526 4951 753 5006 canens,
790 4949 846 4995 et
876 4942 1181 5013 pretiosum
1206 4946 1353 5003 beati
1381 4948 1483 5005 viri
1510 4967 1714 5023 corpus
1751 4954 2011 5026 lacrymis
2036 4960 2117 5014 ri-

526 5057 680 5111 gans.
715 5044 992 5103 Postridie
1019 5057 1206 5105 autem
1246 5050 1452 5109 eﬁ'osso
1481 5054 1637 5126 juxta
1677 5058 1998 5128 speluncam
2027 5078 2118 5119 se-

573 5547 868 5620 (ιω-(ξονι.
899 5565 951 5620 ρ.
984 5551 1072 5618 44,
1111 5568 1164 5605 n.
1193 5556 1283 5615 93.

716 5619 773 5693 ς,
811 5617 1219 5693 διαφαινούσης.

596 5688 681 5759 12)
713 5687 868 5759 (Ioni.
907 5687 959 5758 p.
1003 5692 1091 5756 17,
1131 5687 1184 5746 ti.
1218 5694 1306 5748 54.

598 5756 682 5830 ιδ’)
713 5756 868 5813 Coni‘.
900 5756 1020 5830 pag.
1058 5760 1177 5816 185.

568 5827 680 5889 (Ml
710 5831 773 5897 Α,
806 5827 1059 5903 ἐχόμενα.
