4026 6408
220 426 363 489 1233

1341 424 1515 487 νιΤΑ
1556 428 1912 489 BARLAAM
1951 426 2047 489 ET
2079 430 2430 494 JOASAPH.

3348 440 3480 502 1934

217 558 338 603 τος.
395 540 524 605 Kal,
584 540 917 612 θερμότερον
970 540 1256 604 ἐκκαυθεὶς
1313 542 1412 610 τὴν
1461 541 1676 613 ψυχὴν,
1725 540 1804 604 είς

1916 555 2070 615 atque
2096 544 2163 599 ad
2192 546 2491 601 orationem
2518 546 2752 614 seipsum
2794 561 2948 616 quam
2979 560 3210 602 maxime
3256 558 3479 599 conten-

216 632 617 705 ἐκτενεστέραν
638 650 697 687 τε
730 634 1011 697 συντείνας
1041 633 1205 704 εὐχὴν
1229 635 1444 699 ἐαυτὸν,
1482 633 1585 705 ἐφη
1610 650 1624 664 ⁸

296 723 493 797 Κύριε,
518 729 547 780 ὁ
568 726 702 791 Θεός
733 744 856 798 μου,
888 726 1208 779 εἰσάκουσον
1231 726 1332 796 τῆς
1354 725 1540 797 φωνῆς
1567 723 1667 795 μου
1693 724 1805 795 (15)

215 810 287 891 ἧς
327 818 632 888 ἐκέκραξαο
674 818 896 890 ἐλέησόν
950 838 1017 890 με
1056 819 1151 873 καὶ
1184 819 1502 872 είσάκουσόν
1558 836 1695 888 μου,
1726 818 1807 872 ὅτι

218 924 283 962 σε
316 910 381 962 ἐκ
412 910 640 982 καρδίας
666 927 769 978 μου
799 910 1332 982 ζητῶ.¹Ἐξεζήτησέ
1363 911 1474 982 (16)
1508 928 1567 964 σε
1600 914 1632 983 ἡ
1661 912 1806 984 ψυχή

220 1017 355 1071 μουο
386 1001 460 1073 μὴ
482 1001 833 1075 ἀποστρέψεις
862 1003 972 1074 (l7)
997 1003 1057 1056 τὸ
1085 1003 1379 1075 πρόσωπόν
1415 1019 1505 1056 σου
1532 1003 1626 1056 ἀπ’
1648 1002 1808 1074 ἐμοῦ,

217 1092 321 1147 καὶ
358 1093 433 1164 μὴ
459 1091 712 1165 ἐκκλίνῃς
736 1095 795 1147 ἐν
822 1090 960 1166 ὀργῇ
987 1094 1096 1149 ἀπὸ
1119 1094 1210 1149 τοῦ
1244 1094 1430 1148 δούλου
1460 1113 1572 1150 σου.
1607 1094 1812 1165 Βοηθός

221 1200 333 1255 μου
367 1181 562 1253 γενοῦ’
599 1184 676 1255 μὴ
715 1184 1160 1257 ἁποσκορακίσῃς
1210 1203 1314 1256 με,
1371 1186 1467 1240 καὶ
1518 1185 1593 1257 μὴ
1642 1186 1814 1255 ἐγκα-

215 1277 461 1350 ταλίπης
494 1296 584 1349 με,
613 1280 642 1332 ὁ
668 1277 824 1343 Θεὸς,
858 1280 885 1332 6
916 1279 1104 1353 Σωτήρ
1137 1296 1261 1349 μου,
1322 1279 1404 1333 ὅτι
1436 1281 1465 1333 ὁ
1493 1282 1675 1352 πατήρ
1713 1299 1814 1352 μου

219 1370 320 1423 xal
362 1372 394 1440 ὴ
443 1371 624 1442 μήτηρ
673 1388 775 1442 μου
823 1369 1182 1439 ἐγκατέλιπον
1231 1386 1337 1442 με·
1387 1370 1453 1423 σὺ
1504 1371 1583 1437 δέ,
1620 1370 1815 1443 Κύριε,

218 1458 543 1530 προσλαϐοῦ
592 1476 660 1530 με
713 1459 846 1531 (18).
894 1459 1276 1531 Νομοθέτησόν
1317 1477 1384 1530 με
1425 1459 1576 1530 (19),
1620 1460 1815 1532 Κύριε,

220 1553 283 1604 ἐν
316 1554 386 1624 τῇ
418 1551 522 1624 6δῷ
557 1569 673 1619 σου,
726 1551 823 1606 καὶ
855 1551 1121 1622 ὁδήγησὸν
1172 1569 1241 1622 με
1289 1553 1347 1605 ἐν
1384 1551 1556 1625 τρίϐῳ
1607 1554 1817 1627 εὐθείᾳ,

218 1647 396 1701 ἕνεκα
424 1648 536 1702 τῶν
580 1648 794 1720 ἐχθρῶν
836 1665 959 1719 μου.
1005 1647 1097 1719 Μὴ
1129 1647 1388 1721 παραδῷς
1428 1665 1495 1721 με
1531 1650 1610 1713 είς
1643 1650 1819 1721 ψυχὰς

1912 637 2065 703 dens,
2100 636 2181 691 his
2208 637 2387 692 verbis
2414 651 2539 691 usus
2574 649 2656 691 est
2686 654 2699 685 τ

1987 747 2210 803 Domine
2238 746 2377 804 Deus
2414 762 2586 813 meus,
2631 747 2829 803 exaudi
2851 749 3143 802 orationem
3175 760 3348 800 meam
3377 762 3474 810 qm

1917 840 2140 894 clamavi
2162 840 2228 894 ad
2252 847 2325 908 te,
2348 840 2603 895 miserere
2634 840 2763 903 mei,
2789 848 2842 893 et
2870 837 3057 893 exaudi
3089 852 3193 901 me,
3227 838 3477 906 quoniam

1916 940 1967 985 te
1992 946 2060 985 ex
2084 932 2263 985 animo
2283 945 2497 1000 quaero:
2523 931 2810 1000 exquisivit
2829 939 2881 984 te
2903 931 3071 982 anima
3096 944 3234 998 mea,
3250 944 3314 983 ne
3328 943 3478 982 aver-

1920 1030 2000 1077 tas
2027 1021 2214 1076 faciem
2234 1031 2376 1077 tuam
2406 1036 2436 1074 a
2475 1036 2581 1085 me,
2629 1030 2770 1076 etne
2796 1021 3029 1076 declines
3068 1021 3228 1075 in’ira
3258 1038 3288 1075 a
3318 1037 3475 1075 servo

1918 1119 2031 1167 tuo.
2059 1111 2281 1181 Adjutor
2309 1127 2461 1167 meus
2484 1120 2619 1178 esto,
2662 1127 2731 1167 ne
2760 1110 3096 1182 derelinquas
3129 1127 3247 1177 me,
3304 1127 3475 1179 neque

1917 1201 2183 1271 despicias
2207 1218 2313 1268 me,
2360 1202 2499 1258 Deus
2524 1202 2773 1257 salutaris
2820 1217 2989 1257 meus.
3031 1203 3290 1269 Quoniam
3328 1210 3476 1269 pater

1916 1309 2067 1349 meus
2095 1303 2149 1348 et
2177 1303 2345 1348 mater
2365 1309 2486 1349 mea
2513 1293 2907 1361 dereliquerunt
2930 1308 3033 1357 me,
3061 1303 3113 1346 tu
3137 1300 3335 1355 autem,
3370 1290 3477 1344 Do.

1917 1388 2082 1453 mine,
2110 1385 2439 1455 assumpsisti
2462 1399 2565 1440 me.
2596 1384 2787 1454 Legem
2816 1399 2953 1453 pone
2982 1383 3133 1448 milii,
3154 1383 3393 1445 Domine,
3419 1381 3470 1433 in

1917 1478 1998 1529 via
2023 1486 2133 1541 tua,
2164 1484 2219 1531 et
2243 1466 2410 1545 dirige
2440 1489 2525 1529 me
2555 1475 2606 1528 iu
2635 1477 2876 1529 semitam
2908 1483 3106 1528 rectam
3134 1480 3349 1541 propter
3378 1472 3474 1523 ini-

1919 1568 2085 1621 micos
2106 1581 2277 1621 meos.
2304 1564 2383 1620 Ne
2408 1566 2686 1619 tradideris
2703 1579 2788 1619 me
2814 1564 2865 1618 in
2888 1564 3091 1619 animas
3114 1560 3477 1615 tribulantium

1918 1671 2003 1713 me
2036 1654 2210 1726 (Psal.
2238 1654 2405 1727 xm),
2437 1657 2685 1722 quoniam
2750 1654 2805 1709 in
2883 1662 2933 1709 te
3006 1653 3285 1724 projecms
3358 1664 3474 1704 sum

224 1737 523 1792 θλισὸντων
555 1756 643 1810 με,
671 1741 755 1792 ὅτι
786 1740 879 1793 ἐπὶ
913 1740 972 1793 σέ
1004 1740 1115 1811 (20)
1153 1740 1459 1812 ἐπερῤίφην
1488 1741 1551 1794 ἐκ
1586 1740 1811 1812 μήτρας.

1917 1762 1982 1802 ex
2008 1756 2178 1800 utero.
2222 1745 2298 1800 De
2323 1753 2508 1799 ventre
2545 1744 2732 1798 matris
2773 1757 2905 1797 meae
2933 1741 3071 1795 Deus
3100 1755 3250 1794 meus
3272 1753 3333 1793 es
3364 1753 3379 1791 :
3409 1755 3474 1794 ne

235 1828 376 1882 Ἀπὸ
406 1829 641 1901 γαστρὸς
681 1829 885 1903 μητρός
917 1847 1020 1901 μου
1057 1829 1192 1893 Θεός
1226 1848 1328 1901 μου
1372 1826 1425 1884 εἴ
1453 1830 1539 1884 σύο
1583 1830 1659 1902 μὴ
1684 1832 1811 1885 ἀπο⁴

1916 1836 2229 1892 discesseris
2270 1851 2300 1889 a
2346 1850 2432 1891 me
2481 1835 2653 1907 (Paul.
2681 1839 2795 1904 xxt)
2867 1835 3125 1900 Quoniam
3183 1841 3375 1902 praeter
3426 1842 3473 1887 te

224 1923 363 1994 στῇς
384 1922 477 1974 ἀπ’
502 1921 659 1990 ἐμοῦ,
682 1922 764 1976 ὅτι
793 1922 932 1995 πλὴν
971 1922 1065 1978 σοῦ
1104 1923 1205 1977 οὐκ
1232 1922 1381 1977 ἐστιν
1410 1922 1440 1975 ὁ
1473 1923 1683 1994 βοηθῶν
1710 1939 1811 1995 μοι.

1916 1945 2021 1984 non
2065 1937 2147 1982 est
2174 1926 2305 1980 mibi
2352 1924 2583 1994 adjutor.
2626 1924 2705 1980 En
2737 1925 2792 1979 in
2838 1925 3238 1980 miserationem
3271 1933 3472 1979 tuarum

235 2013 372 2067 Ἰδοὺ
388 2013 495 2089 γὰρ
515 2017 594 2079 είς
615 2015 674 2068 τὸ
691 2015 923 2085 πέλαγος
946 2016 1054 2069 τῶν
1076 2015 1376 2088 οἰκτιρμῶν
1398 2034 1490 2070 σου
1519 2016 1619 2089 τὴν
1638 2014 1811 2069 ἐλπίδα

1916 2019 2103 2090 abysso
2129 2030 2278 2085 spem
2299 2015 2488 2069 animat
2516 2028 2649 2068 mea!
2669 2012 2847 2066 deﬁxi.
2881 2012 3050 2065 Vitam
3081 2024 3253 2063 meam
3282 2008 3476 2076 guber-

221 2105 433 2178 ἐθέμην
460 2108 557 2179 τῆς
583 2106 761 2179 ψυχῆς
795 2126 897 2180 μου
921 2125 935 2139 ο
972 2108 1309 2181 κυϐέρνησόν
1341 2126 1443 2180 μου
1465 2108 1566 2180 τὴν
1597 2107 1762 2180 ζωὴν,
1796 2109 1811 2161 ί

1916 2122 2003 2173 na,
2046 2108 2132 2175 qui
2164 2120 2249 2161 res
2289 2120 2474 2160 omnes
2494 2103 2734 2159 conditas
2796 2103 3069 2169 sapientia:
3119 2098 3474 2168 providentia.

222 2197 412 2249 πᾶσαν
434 2197 533 2268 τὴν
565 2198 760 2269 κτῆσιν
801 2199 1023 2269 ἀρῤήτῳ
1047 2197 1236 2268 σοφίας
1259 2199 1486 2269 προνοίᾳ
1518 2196 1811 2268 κυϐερνῶν1

1916 2198 2055 2251 omni
2084 2212 2328 2252 sermone
2357 2194 2730 2265 prtestantiori,
2755 2194 3068 2249 moderaris.
3095 2192 3160 2246 Et
3191 2199 3368 2244 notam
3396 2188 3479 2243 fac

225 2287 320 2340 καὶ
347 2288 613 2360 γνώρισον
640 2307 730 2360 μοι
751 2289 863 2360 (21)
895 2288 1013 2343 ὁδὸν
1044 2291 1102 2343 ἐν
1128 2284 1162 2363 ᾗ
1193 2288 1549 2361 πορεύσομαι.
1576 2290 1685 2343 Kal
1716 2288 1811 2342 σῶ-

1916 2289 2043 2343 ωἱιιί
2069 2288 2232 2353 viam,
2261 2288 2313 2342 iu
2354 2303 2457 2356 qua
2482 2286 2778 2348 ambulem;
2827 2294 2986 2353 atque
3015 2292 3071 2336 ut
3098 2282 3269 2335 bonus
3297 2293 3359 2333 ac
3386 2282 3480 2333 be-

225 2377 319 2431 σόν
359 2395 449 2448 με,
483 2378 556 2443 ῶς
585 2380 792 2449 ἀγαθὸς
813 2380 945 2445 Θεὸς
978 2380 1075 2436 καὶ
1107 2380 1487 2453 φιλάνθρωπος
1516 2382 1702 2453 εὐχαῖς
1728 2376 1811 2435 καἸ

1919 2386 2105 2452 nignus
2138 2382 2415 2451 Deus,-per
2445 2382 2624 2436 famuli
2657 2381 2731 2434 tui
2762 2378 3002 2433 Barlaam
3033 2389 3223 2438 preces
3266 2388 3327 2428 ac
3353 2387 3480 2440 sup-

224 2470 550 2540 πρεσϐείαις
576 2472 669 2526 τοῦ
698 2472 1029 2544 θεράποντος
1066 2490 1158 2527 σου
1191 2473 1480 2545 Βαρλααμ,
1508 2474 1590 2528 ὃτι
1624 2473 1688 2527 σὺ
1719 2467 1811 2527 ald

1921 2473 2229 2545 p‘icationes
2257 2489 2342 2527 me
2369 2488 2542 2537 serva,
2584 2473 2832 2541 quoniam
2872 2481 2924 2526 tu
2958 2470 3096 2525 Deus
3129 2481 3275 2524 meus
3304 2481 3386 2537 es,
3416 2479 3479 2522 ac

223 2561 365 2626 Θεός
390 2580 492 2633 μου
516 2603 532 2629 ,
564 2563 659 2618 καὶ
688 2565 748 2618 σὲ
774 2563 980 2631 δοξάζω
1008 2566 1100 2619 τὸν
1131 2565 1293 2637 360
1331 2566 1569 2636 Πατέρα,
1601 2564 1698 2619 καὶ
1727 2563 1811 2619 τὸν

1917 2580 1967 2625 te
1990 2567 2231 2639 gloriflco
2262 2566 2490 2631 Patrem,
2516 2574 2570 2620 et
2602 2565 2812 2631 Filium,
2850 2573 2905 2619 et
2924 2562 3177 2634 Spiritum
3231 2573 3476 2617 sanctum

226 2652 363 2707 Υίδν
379 2656 473 2707 καὶ
486 2654 545 2708 τὸ
558 2655 710 2725 ἆγιον
732 2656 957 2728 Πνεῦμα
975 2658 1057 2721 είς
1076 2657 1201 2718 τοὺς
1218 2657 1423 2720 αἰῶνας
1444 2656 1552 2710 τῶν
1574 2655 1814 2711 αίώνων.

237 2745 435 2818 Ἀμήν.
461 2746 645 2800 Ταῦτα
666 2747 980 2819 εὐξάμενος,
1010 2750 1237 2819 πλησίον
1252 2750 1347 2803 τοῦ
1373 2746 1658 2821 μνήματος
1689 2750 1816 2804 ἐκά-

225 2835 346 2889 θισε
372 2837 592 2894 κλαίων.
627 2841 735 2893 Kal
759 2840 1121 2913 καθεζόμενος
1156 2841 1397 2895 ὕπνωσε.
1430 2842 1540 2895 Καὶ
1564 2843 1667 2911 ὁρᾷ
1690 2839 1815 2904 τοὺς

227 2929 499 3003 φοϐεροὺς
530 2932 730 3004 ἄνδρας
761 2935 1025 3003 ἐκείνους,
1065 2935 1157 2999 οὓς
1187 2939 1283 2989 καὶ
1331 2935 1597 3006 πρότερον
1642 2935 1815 3004 ἑωρά-

225 3036 314 3073 κει
367 3020 506 3093 (22),
537 3022 791 3089 ἐλθόντας
836 3025 974 3097 πρὸς
1023 3027 1221 3093 αὐτὸν,
1271 3026 1367 3080 καὶ¹
1422 3024 1812 3094 ἀπαγαγόντας

225 3110 395 3165 αὐτὸν
430 3115 508 3176 είς
538 3114 636 3185 τὴν
675 3116 940 3189 μεγίστην
972 3118 1070 3172 καὶ
1102 3117 1429 3189 θαυμαστὴν
1455 3116 1674 3186 ἐκείνην
1709 3130 1809 3168 πε-

1915 2661 1965 2713 ἱη
1996 2659 2209 2714 εωουιο.
2240 2657 2430 2714 Amen.
2458 2659 2565 2714 llac
2590 2659 2830 2713 oratione
2853 2658 3183 2727 perfunctus,
3208 2655 3359 2726 juxta
3389 2672 3480 2713 se-

1914 2753 2151 2821 pulcrum
2182 2751 2315 2805 llens
2340 2752 2599 2815 consedit,
2630 2767 2691 2805 ac
2717 2750 2910 2805 sedens
2931 2750 3272 2805 obdormivit.
3308 2750 3479 2819 Atque

1913 2841 2277 2898 formidandos
2316 2844 2436 2898 illos
2462 2844 2624 2907 viros,
2654 2858 2789 2913 quos
2819 2842 2962 2911 prius
2993 2853 3362 2910 conspexerat,
3410 2840 3477 2896 ad

1914 2946 1974 2988 se
1998 2935 2296 3000 venientes,
2324 2950 2486 3005 seque
2503 2932 2568 2989 ad
2598 2935 2886 2988 maximum
2918 2935 3063 2988 illum
3109 2943 3164 2988 et
3208 2933 3481 2989 admiran-

1913 3020 2037 3076 dum
2090 3038 2336 3093 campum
2406 3025 2680 3089 ducentes,
2741 3033 2898 3094 atque
2953 3023 3005 3078 in
3060 3021 3478 3077 illustrissimam

1912 3110 2057 3167 illam
2115 3128 2178 3169 ac
2229 3114 2712 3185 Splendidissimam
2785 3115 3054 3170 civitatem
3138 3115 3480 3169 introduceu-

225 3204 409 3271 διάδα,
440 3206 537 3260 καλ⁸
573 3208 709 3279 πρὸς
734 3206 831 3280 τὴν
863 3208 1259 3281 δεδοξασμένην
1290 3210 1384 3264 καὶ
1414 3208 1810 3281 ὑπέρλαμπρον

1918 3212 2018 3268 tes,
2077 3202 2269 3261 intueri
2324 3205 2427 3261 sibi
2466 3206 2609 3260 visus
2639 3216 2738 3261 est.
2770 3204 2899 3261 Cum
2944 3215 3120 3260 autem
3176 3207 3292 3275 ipse
3356 3220 3480 3275 por-

228 3296 621 3367 είσαγαγόντες
641 3299 816 3355 πόλιν.
848 3302 1230 3373 Είσερχομένῳ
1253 3301 1311 3356 δέ
1335 3301 1484 3374 αὑτῷ
1505 3301 1604 3373 τὴν
1631 3300 1805 3372 πύλην

1918 3304 2022 3350 tam
2073 3295 2482 3366 ingrederetur,
2541 3298 2631 3353 alii
2693 3298 2793 3366 ipsi
2851 3298 3057 3352 obviam
3108 3296 3346 3361 fuerunt,
3396 3296 3479 3351 in-

226 3386 410 3459 ’ἑτεροι
446 3389 719 3461 ὑπήντουν
752 3390 933 3463 πολλῷ
965 3392 1430 3464 κατηγλαῖσμένοι
1465 3393 1638 3463 φωτὶ,
1688 3410 1810 3447 στε-

228 3478 439 3549 ῳάνους
464 3480 676 3552 ἔχοντες
705 3483 763 3536 ἐν
785 3484 973 3556 χερσὶν
994 3486 1218 3558 ἀρρήτῳ
1242 3485 1648 3557 διαλάμποντας
1681 3482 1809 3538 κάλ-

227 3569 309 3623 λει
343 3573 440 3625 καὶ
466 3572 611 3636 οἴους
641 3574 908 3646 ὀφθαλμοὶ
932 3575 1186 3630 οὐδέποτε
1222 3575 1456 3648 βρότειοι
1489 3576 1805 3629 ἐθεάσαντο.

240 3656 539 3729 Ἐρομένου
588 3660 643 3713 δέ
683 3662 776 3715 τοῦ
819 3663 1052 3734 Ἰωάσαφ
1076 3706 1091 3732 ,
1124 3665 1280 3728 Τίνος
1318 3666 1367 3719 οἱ
1412 3665 1665 3735 στέφανοι
1710 3664 1810 3735 τῆς

227 3746 392 3818 δόξης
418 3751 469 3802 οί
493 3750 899 3825 ὑπέρλαμπροι,
931 3754 1025 3819 οὒς
1055 3754 1164 3828 ὁρῶ
1189 3774 1204 3823 ;
1232 3757 1329 3820 Σδς
1364 3756 1461 3829 μὲν
1487 3760 1515 3812 ὁ
1543 3755 1645 3827 εἷς,
1672 3758 1806 3830 ἔφη·

233 3854 359 3905 σαν,
389 3840 530 3912 ὑπὲρ
559 3842 669 3897 τῶν
701 3844 911 3899 πολλῶν
949 3864 1031 3900 σοι
1058 3847 1247 3919 ψυχῶν
1276 3841 1351 3902 ὧν
1390 3850 1601 3915 ἔσωσας
1640 3869 1807 3906 κατα-

202 3940 205 3943 ‘
230 3930 580 3996 σκευασθεὶς,
613 3934 913 4005 κοσμηθεὶς
940 3934 997 3988 δέ
1026 3937 1143 3989 νυνὶ
1164 3936 1326 3989 πλέον
1356 3938 1496 4009 ὑπὲρ
1516 3938 1615 4008 τῆς
1634 3939 1807 4010 ἀσκή-

232 4037 372 4085 σεως
396 4018 465 4095 ἦς
493 4023 754 4097 μετέρχῃ,
782 4028 941 4098 εἴπερ
966 4027 1229 4098 ἀνδρείως
1258 4028 1461 4101 ταύτην
1492 4029 1595 4093 ἕως
1618 4030 1807 4094 τέλους

229 4113 468 4184 διέλθῃςο
490 4118 517 4169 ὁ
532 4115 589 4168 δέ
609 4117 795 4187 ἕτερος
818 4119 909 4180 σὸς
937 4118 1036 4187 μέν
1060 4118 1151 4171 καὶ
1174 4118 1360 4183 αὑτός·
1385 4120 1522 4174 ἀλλὰ
1543 4120 1620 4192 τῷ
1643 4123 1810 4193 πατρί

236 4221 329 4258 σου
369 4206 450 4260 δεῖ
496 4223 554 4260 σε
596 4207 787 4261 τοῦτον
823 4213 1151 4280 παρασχεῖν,
1182 4208 1261 4281 τῷ
1306 4211 1394 4266 διὰ
1430 4212 1523 4266 σοῦ
1559 4214 1657 4284 τῆς
1690 4214 1809 4268 ὁδοῦ

232 4297 547 4352 ἐκκλίναντι
589 4299 689 4370 τῆς
737 4301 983 4372 πονηρᾶς
1022 4302 1115 4354 καὶ
1152 4303 1547 4373 μετανοήσαντι
1572 4306 1811 4375 γνησίως

232 4388 312 4460 τῷ
340 4390 553 4461 Κυρίῳ.
596 4389 655 4443 Ὀ
675 4390 735 4445 δέ
774 4392 1010 4461 Ἰωάσαφ
1031 4391 1433 4464 δυσχεραίνοντι
1464 4394 1659 4467 ἐῴκει·
1679 4396 1773 4449 καὶ
1793 4434 1809 4461 ,

236 4481 359 4544 Πῶς
381 4482 626 4547 δυνατὸν,
660 4483 844 4555 φησιν,
881 4483 1010 4538 ῐσων
1043 4484 1199 4555 ἐμοῦ,
1228 4484 1320 4538 τοῦ
1349 4486 1590 4541 τοσαῦτα
1614 4488 1811 4541 κοπιά-

1913 3387 2057 3457 genti
2088 3388 2290 3445 lumine
2321 3387 2541 3456 perfusi,
2573 3403 2903 3459 coronasque
2949 3388 3208 3455 ejusmodi
3241 3385 3477 3455 pulchri-

1916 3478 2100 3535 tudine
2125 3481 2469 3545 collucentes,
2502 3495 2620 3549 quae
2641 3480 2782 3534 nulla
2815 3480 3055 3534 oratione
3091 3477 3317 3547 exprimi
3348 3492 3476 3546 pos-

1914 3572 2003 3640 sit,
2033 3582 2089 3627 et
2108 3572 2294 3644 quales
2310 3587 2575 3643 nunquam
2617 3572 2869 3628 mortales
2898 3571 3035 3625 oculi
3062 3577 3474 3637 conspexerunt,

1917 3662 2160 3717 manibus
2207 3671 2465 3717 tenentes.
2500 3663 2853 3718 Percontante
2882 3672 3059 3717 autem
3108 3661 3479 3732 Josaphatcu-

1913 3752 2122 3824 jusnam
2154 3762 2336 3809 essent
2357 3752 2802 3823 splendidissima:
2833 3754 2937 3807 illa:
2965 3768 3174 3809 coronae
3194 3767 3327 3823 quas
3357 3767 3482 3821 per-

1916 3846 2147 3911 Spiceret
2187 3860 2203 3900 :
2246 3843 2355 3899 Tua
2386 3844 2600 3914 quidem
2654 3860 2755 3900 una
2786 3855 2868 3901 est
2909 3843 3323 3914 (responderunt
3376 3846 3476 3916 illi)

1919 3939 2011 3993 tibi
2037 3938 2106 3993 ob
2145 3938 2338 3992 multas
2380 3930 2472 3993 eas
2518 3939 2725 3992 animas
2773 3940 2960 4007 quibus
2991 3940 3216 3994 salutem
3258 3941 3483 3996 attulisti

1918 4029 2193 4092 confecta,
2252 4043 2390 4082 nunc
2437 4044 2563 4082 vero
2605 4027 2675 4082 ob
2702 4028 2961 4097 religiosa}
2999 4028 3119 4083 vitae
3141 4032 3481 4084 exercitatio-

1918 4137 2063 4190 nem,
2094 4121 2181 4177 cui
2209 4121 2304 4175 das
2323 4136 2558 4186 cperam,
2612 4119 2901 4176 studiosius
2947 4130 3001 4176 et
3044 4123 3340 4176 accuratius
3388 4125 3483 4178 ad-

1917 4222 2130 4276 ornata,
2154 4211 2197 4264 si
2227 4210 2438 4280 quidem
2471 4222 2688 4265 strenuo
2734 4212 2914 4266 animo
2941 4227 3058 4267 eam
3088 4218 3153 4266 ad
3182 4222 3482 4269 extremum

1917 4321 2085 4377 usque
2109 4305 2425 4377 peragratis.
2456 4304 2636 4358 Altera
2663 4313 2841 4358 autem
2871 4315 2961 4360 tua
2990 4320 3204 4375 quoque
3231 4307 3344 4374 ipsa
3369 4317 3480 4369 est;

1918 4413 2097 4454 verum
2113 4397 2249 4467 patri
2274 4405 2381 4462 tuo,
2413 4395 2503 4465 qui
2526 4395 2593 4449 ab
2617 4395 2861 4463 improba
2892 4397 3105 4451 vivendi
3131 4398 3339 4452 ratione
3367 4413 3487 4467 ope-

1919 4504 1976 4546 ra
2000 4499 2086 4541 tua
2115 4486 2368 4553 deflexit,
2422 4486 2736 4556 sinceraque
2764 4490 2945 4542 animo
2976 4489 3216 4556 resipuit,
3274 4503 3339 4544 ac
3366 4504 3485 4545 sese

237 4585 433 4634 σαντος
456 4611 471 4634 ,
498 4573 679 4641 τυχεῖν
711 4571 803 4625 τὸν
832 4572 1043 4643 πατέρα
1089 4589 1189 4645 μου
1226 4573 1445 4647 δωρεῶν
1472 4576 1610 4648 ὑπὲρ
1643 4577 1811 4649 μόνης

1918 4580 1983 4635 ad
2014 4579 2299 4636 Dominum
2329 4580 2611 4646 convertit,
2645 4595 2762 4633 cam
2796 4582 3035 4649 praebeas
3064 4590 3300 4648 Oportet;
3331 4580 3485 4636 Josa-

233 4661 334 4732 τῆς
372 4664 692 4731 μετανοίας;
721 4657 859 4717 Eine
898 4664 1090 4730 ταῦτα,
1122 4667 1217 4720 καὶ
1244 4667 1334 4720 τὸν
1365 4666 1626 4741 Βαρλαὰμ
1651 4669 1811 4737 εὐθὺς

1923 4671 2049 4741 phat
2074 4679 2253 4726 autem
2289 4685 2404 4725 eam
2436 4685 2549 4725 rem
2600 4670 2821 4725 moleste
2872 4671 3014 4727 ferre
3072 4672 3364 4727 videbatur.
3416 4671 3485 4727 Et

236 4750 414 4806 ἐδόκει
447 4752 669 4819 βλέπειν
697 4755 1025 4820 ὀνειδίζοντα
1050 4758 1243 4824 οἱονεὶ,
1284 4759 1378 4814 καὶ
1406 4760 1636 4830 λέγοντα
1658 4780 1674 4796 ο
1707 4758 1812 4819 Οὗ-

237 4857 319 4894 τοι
348 4842 399 4895 οἱ
425 4842 571 4913 λόγοι
601 4862 722 4915 μου,
760 4847 1015 4917 Ἰωὰσαφ,
1042 4847 1136 4913 οὖς
1164 4850 1294 4904 ποτέ
1323 4868 1425 4915 σοι,
1459 4852 1626 4907 Ὀταν
1650 4854 1817 4927 ὑπερ-

240 4932 580 5007 πλουτησῃς,
624 4936 809 5006 ἔλεγον
839 4940 985 5011 (23),
1022 4940 1122 4994 οὐκ
1164 4942 1516 5011 εὐμετάδοτος
1560 4944 1687 5017 ἔσῃ’
1723 4947 1817 5001 καὶ

240 5026 401 5091 αὐτὸς
441 5029 667 5099 ἠπόρεις
696 5032 791 5085 ἐπὶ
818 5032 896 5103 τῷ
931 5033 1152 5105 ῥήματι.
1181 5035 1318 5089 Νυνὶ
1354 5036 1411 5089 δέ
1442 5037 1558 5102 πῶς
1597 5038 1817 5111 ἐδυσχέ-

244 5133 409 5187 ρανας
442 5120 533 5172 ἐπὶ
564 5124 631 5193 τῇ
664 5122 906 5195 ἰσοτιμία
937 5123 1030 5176 τοῦ
1063 5126 1267 5196 πατρὸς
1300 5144 1415 5195 σου,
1454 5129 1545 5183 καὶ
1572 5128 1633 5183 οὐ
1680 5130 1817 5201 μᾶλ-

315 5274 426 5342 (l5)
460 5275 607 5331 Psal.
641 5291 787 5335 xxvr.
811 5278 864 5330 7.

1919 4762 2007 4828 qui
2031 4763 2140 4818 fieri
2173 4771 2345 4830 potest
2373 4762 2689 4832 (inquiebat)
2733 4770 2789 4815 ut
2816 4771 2965 4830 pater
2990 4778 3141 4819 meus
3169 4765 3323 4818 unius
3351 4764 3486 4818 dun-

1920 4864 2066 4910 taxat
2094 4857 2419 4922 paenitentiae
2445 4855 2635 4924 gratia,
2662 4856 2804 4921 paria
2833 4857 2989 4926 mibi,
3012 4858 3101 4927 qui
3124 4867 3200 4913 tot
3220 4872 3281 4911 ac
3309 4865 3487 4911 tantos

1920 4946 2127 5003 labores
2172 4948 2478 5013 exantlavi,
2520 4945 2780 5003 beneficia
2829 4950 3218 5019 consequatur?
3274 4949 3401 5004 Haec
3424 4957 3483 5002 ut

1924 5038 2088 5105 dixit,
2121 5038 2453 5094 Barlaamum
2502 5038 2785 5093 confestim
2816 5039 2920 5095 sibi
2962 5041 3143 5095 videre
3195 5040 3333 5095 visus
3382 5050 3485 5105 est,

1923 5134 2068 5188 velut
2094 5131 2302 5202 probris
2334 5130 2783 5196 seinsectantem,
2821 5144 2883 5186 ac
2911 5130 3174 5188 dicentem
3202 5148 3219 5186 :
3250 5131 3312 5187 lli
3343 5138 3485 5191 sunt,

622 5348 656 5430 ἐξ
689 5363 703 5401 :
744 5348 836 5399 Σοὶ
874 5343 1086 5421 είπενή
1120 5350 1318 5422 καρδία
1350 5369 1451 5425 μου
1476 5370 1491 5386 ο
1541 5336 1811 5428 Ἐξεζήτη

1916 5359 1961 5413 ιδ
1990 5360 2281 5430 πρόσωπόν
2307 5377 2421 5416 σου.

317 5418 426 5484 (17)
462 5415 591 5472 Ibid.
621 5416 721 5471 9...

569 5504 694 5572 μουἔ
725 5487 952 5546 Praestat
985 5492 1348 5549 accusativus.
1384 5490 1527 5550 Psal.
1557 5496 1689 5552 ibid.
1724 5496 1790 5552 l0

1916 5500 1940 5551 J
1976 5499 2031 5552 δέ
2064 5500 2268 5570 Κύριος
2301 5499 2668 5571 προσελάϐετό
2709 5517 2799 5572 με.

316 5556 431 5622 (19)
470 5555 601 5609 tum.
632 5558 762 5613 tt...

320 5626 430 5692 (:10)
462 5625 601 5681 l’sal.
627 5643 740 5691 xxI,
772 5628 858 5693 10,
894 5631 972 5687 ll.

317 5697 429 5764 (2t)
468 5696 608 5752 Psal.
649 5712 811 5762 CXLII,
837 5699 888 5754 8.

319 5766 430 5837 (‘22)
456 5766 609 5837 Cotti.
644 5783 762 5837 pag.
802 5769 923 5825 280.

321 5836 431 5905 {'23)
454 5836 607 5893 Conf.
645 5836 763 5908 pag.
797 5840 912 5895 l58.
