4026 6414
582 481 710 544 1235

1935 472 2283 534 ADDENDA
2297 522 2309 533 .

3693 474 3821 537 1336

576 606 610 642 ο
637 586 913 656 Jonphat,
941 597 1217 641 sermones
1248 597 1523 650 mer,quos
1554 582 1819 650 quondam
1842 583 1906 637 ad
1941 591 1994 637 te
2046 583 2140 636 ha-

2252 589 2332 641 λον
2367 585 2675 656 εύιξράνθης
2712 586 2868 656 361
2909 584 3005 655 τὴν
3048 583 3226 654 ψυχὴν
3255 587 3338 638 ὅτι
3368 582 3692 655 εἰσηκούσθη
3724 602 3817 638 σου

576 681 665 735 bui
693 697 708 733 ι
741 678 991 734 nimirum
1015 676 1127 730 fore
1149 686 1209 730 ut
1227 691 1348 731 cum
1368 674 1434 730 ad
1460 677 1694 744 ingentes
1717 690 1846 744 opes
1868 677 2144 745 pervenis-

579 785 689 834 ses,
720 784 823 823 non
849 770 956 838 jam
988 767 1224 822 liberalis
1249 781 1310 821 ac
1338 765 1590 835 profusus
1617 781 1788 829 esses,
1823 779 1885 820 ac
1915 773 1968 819 tu
1991 765 2062 819 ob
2090 764 2140 818 id

575 863 790 916 verbum
812 859 1027 928 ancipiti
1051 861 1228 914 animo
1255 874 1395 915 eras.
1423 859 1572 912 Nunc
1593 868 1766 913 autem
1790 873 2018 928 quonam
2051 874 2140 927 pa-

572 963 659 1007 cto
687 967 867 1021 parem
897 951 993 1005 tibi
1026 953 1228 1007 honore
1253 961 1454 1018 patrem
1481 966 1598 1005 esse
1626 950 1846 1005 moleste
1869 949 2052 1013 tulisti,
2081 964 2144 1003 ac

576 1057 680 1098 non
731 1023 904 1111 potius
951 1043 1052 1097 hoc
1085 1044 1299 1098 nomine
1329 1043 1565 1096 lmtitiam
1595 1044 1774 1096 animo
1826 1042 2141 1111 concepisti,

575 1135 825 1205 quoniam
873 1134 1054 1188 multa:
1106 1143 1212 1188 tua:
1265 1150 1360 1203 pro
1412 1147 1477 1189 eo
1503 1133 1634 1188 fusa:
1663 1148 1848 1202 preces
1878 1134 2145 1189 exaudita:

575 1224 741 1279 sunt?
771 1224 1024 1293 .losaphat
1053 1235 1254 1286 autem,
1314 1238 1409 1291 pro
1453 1237 1520 1278 eo
1562 1239 1623 1275 ac
1655 1223 1880 1292 solebat,
1925 1223 1991 1276 ad
2022 1238 2144 1278 eum

574 1317 708 1371 dixit
738 1332 753 1370 :
791 1316 1032 1384 ignosce,
1063 1325 1227 1383 pater,
1258 1315 1493 1383 ignosce.
1524 1313 1746 1369 Ubinam
1780 1324 1961 1369 autem
1994 1313 2146 1368 habi-

576 1418 674 1473 tes,
703 1407 784 1461 fac
806 1406 1113 1476 intelligam.
1144 1405 1280 1460 Tum
1312 1406 1552 1460 Barlaam
1588 1423 1600 1460 :
1634 1407 1690 1463 ln
1714 1406 1813 1461 hac
1842 1405 2136 1474 pulcherri-

576 1513 661 1554 ma
701 1507 862 1567 atque
888 1497 1086 1565 ingenti
1109 1497 1319 1551 civitate
1340 1497 1665 1552 domicilium
1685 1505 1872 1553 nactus
1898 1513 2014 1552 sum
2038 1539 2052 1564 ,
2085 1496 2147 1552 in.

579 1587 756 1642 medio
787 1588 932 1641 urbis
957 1588 1088 1652 vico,
1134 1586 1395 1639 immenso
1418 1584 1616 1640 lumine
1638 1587 1961 1641 coruscanti.
2000 1587 2142 1642 Rur-

581 1695 697 1734 sum
727 1689 899 1733 autem
923 1677 1176 1746 Josaphat
1202 1677 1302 1731 sibi
1330 1691 1450 1732 cum
1479 1693 1544 1732 eo
1571 1693 1727 1748 agere
1754 1678 2057 1744 videbatur,
2090 1687 2149 1734 ut

578 1772 642 1825 ab
663 1785 728 1826 eo
751 1772 798 1823 in
829 1769 992 1837 ipsius
1023 1769 1418 1825 tabernaculum
1449 1769 1826 1837 abduceretur,
1896 1771 2147 1825 comiter-

2235 685 2270 755 ή
2297 682 2464 754 πολλὴ
2492 683 2620 753 περὶ
2662 680 2826 734 αὑτοῦ
2861 678 3078 750 δέησις;
3121 677 3179 732 ’0
3223 678 3280 731 δὲ
3337 679 3593 747 Ἱωάσαφ,
3639 678 3713 742 ὡς
3744 683 3818 732 ιι·

2236 774 2385 828 θιστο
2431 773 2516 827 ἀεὶ
2554 772 2734 840 λέγειν
2773 769 2944 841 αὐτῷ,
3003 767 3401 839 Συγχὼρησον,
3438 768 3566 837 ἔφη,
3603 768 3815 838 Πάτερ,

2238 864 2613 936 συγχώρησον.
2643 862 2753 916 Ποῦ
2793 863 2848 916 δέ
2881 862 3044 926 αὐτὸς
3072 863 3243 925 οἰκεῖς
3270 859 3541 930 γνώρισόν
3573 876 3683 930 μοι.
3731 859 3818 913 Ἕν

2234 957 2432 1028 ταύτῃ,
2460 957 2615 1028 φησι,
2641 957 2708 1026 τῇ
2743 955 2951 1025 μεγάλῃ
2981 955 3075 1008 καὶ
3104 953 3425 1023 περικαλλεῖ
3454 953 3622 1006 πόλειο
3651 955 3817 1006 οἰκεῖν

2235 1049 2424 1118 ἔλαχον
2447 1050 2503 1101 ἐν
2537 1044 2840 1116 μεσαιτάτῃ
2864 1046 2963 1114 τῆς
2995 1044 3203 1106 πόλεως
3232 1042 3463 1112 πλατείᾳ
3489 1043 3627 1110 φωτὶ
3653 1059 3816 1094 καταο

2237 1136 2619 1207 στραπτομένῃ
2664 1134 2903 1204 ἀπλέτῳ.
2970 1132 3181 1199 Ἀξιοῦν
3209 1132 3266 1184 δὲ
3300 1128 3458 1194 αὖθις
3503 1134 3531 1184 ό
3584 1131 3813 1201 Ἰωάσαφ

2238 1227 2410 1280 ἐδόκει
2452 1226 2542 1279 τὸν
2584 1224 2852 1297 Βαρλαὰμ
2883 1226 2962 1287 εἰς
2992 1224 3052 1276 τὸ
3086 1222 3278 1276 ἑαυτοῦ
3315 1223 3624 1290 ἀπαγαγεῖν
3659 1222 3814 1274 αὑτὸν

2239 1320 2509 1391 σκήνωμα
2538 1319 2631 1371 καὶ
2664 1316 3003 1387 φιλοφρόνως
3035 1316 3352 1385 ξεναγῆσαι.
3390 1313 3529 1368 Ἀλλ’
3553 1314 3702 1368 οὔπω
3728 1316 3814 1369 τὸν

2236 1409 2426 1479 καιρὸν
2449 1408 2605 1478 ήκειν
2635 1406 2818 1474 ἔλεγεν
2843 1407 3068 1472 ἐκεῖνος,
3101 1406 3237 1476 πρὸς
3279 1405 3463 1459 ἐκεῖνά
3486 1422 3546 1458 σε
3586 1407 3653 1458 ea
3683 1421 3814 1475 σκη-

2237 1503 2462 1573 νώματα
2487 1499 2684 1566 ἐλθεῖν,
2717 1499 2884 1569 ἔτιτῷ
2913 1497 3119 1570 φορτίῳ
3146 1498 3239 1550 τοῦ
3264 1497 3514 1567 σώματος
3533 1498 3814 1569 ὑποκείμε-

2235 1609 2347 1646 νον.
2391 1590 2565 1662 Εἴπερ
2592 1584 2687 1642 οῦν
2729 1587 2991 1658 ἀνδρείως
3021 1587 3386 1657 καρτερήσεις
3408 1624 3424 1650 ,
3455 1585 3704 1657 καθάπερ
3737 1605 3812 1641 σοι

2236 1683 2590 1755 ἐνετειλάμην
2612 1724 2627 1749 ,
2657 1681 2808 1752 ἥξεις
2845 1679 3041 1751 μικρὸν
3087 1679 3335 1752 ὕστερον,
3380 1680 3476 1732 καὶ
3511 1679 3618 1731 τῶν
3642 1679 3812 1731 αὐτῶν

2238 1777 2522 1848 ἀξιωθήσῃ
2555 1775 2968 1846 σκηνωμάτων,
2998 1774 3098 1843 τῆς
3133 1773 3306 1844 αὐτῆς
3337 1773 3508 1846 τεύξῃ
3548 1776 3718 1844 χαρᾶς
3758 1789 3812 1825 τι

578 1879 682 1932 que
708 1862 934 1931 hospitio
962 1864 1317 1932 exciperetur.
1349 1863 1439 1919 llle
1461 1874 1636 1919 autem
1667 1864 1903 1920 nondum
1937 1875 2147 1932 tempus

2252 1871 2333 1922 ια).
2367 1866 2543 1938 δόξης,
2573 1867 2668 1920 καὶ
2709 1865 3129 1930 συνδιαιωνίζων
3157 1865 3252 1936 ἔσῃ
3303 1882 3417 1934 μοι.
3467 1864 3728 1928 Ἐξυπνος
3757 1865 3812 1916 ὅὶ

577 1957 766 2009 adesse
801 1957 1106 2025 respondit,
1177 1965 1235 2011 ut
1269 1957 1334 2011 ad
1384 1958 1477 2011 illa
1515 1957 1853 2011 tabernacula
1891 1957 2140 2021 veniret,

2252 1962 2335 2014 ἐπὶ
2364 1959 2574 2022 τούτοις
2601 1958 2914 2029 γενόμενος,
2945 1960 2973 2012 ό
3019 1957 3258 2027 Ἰωάσαφ
3286 1957 3382 2010 τοῦ
3413 1958 3589 2025 φωτὸς
3612 1957 3811 2010 ἐκείνου

579 2062 771 2116 quippe
796 2049 885 2117 qui
915 2047 1156 2116 corporis
1179 2048 1388 2104 sarcina
1413 2045 1586 2102 adhuc
1610 2057 1969 2117 premeretur.
1994 2048 2144 2114 Quod

2252 2054 2338 2106 καὶ
2375 2055 2476 2122 τῆς
2508 2053 2748 2122 ἀρρήτου
2774 2050 2934 2121 δόξης
2971 2045 3084 2120 εἶχε
3113 2049 3209 2121 τὴν
3248 2050 3424 2120 ψυχὴν
3459 2049 3536 2102 ἔτι
3569 2047 3677 2119 (ει)
3722 2064 3815 2100 πι-

576 2139 620 2189 si
655 2137 777 2192 forti
799 2139 996 2204 animo,
1028 2139 1216 2208 inquit,
1271 2140 1323 2194 in
1352 2147 1537 2196 sancto
1567 2140 1688 2194 vitae
1733 2155 1948 2210 genere,
2002 2141 2147 2197 velut.

2252 2143 2631 2214 πληρωμένην,
2655 2142 2749 2194 καὶ
2777 2142 2872 2195 σὺν
2897 2141 3075 2212 πολλῷ
3098 2141 3175 2214 τῷ
3204 2141 3444 2212 θαύματι
3468 2140 3545 2211 τῷ
3575 2140 3814 2211 Δεσπότῃ

578 2227 672 2283 tibi
703 2232 970 2296 mandavi,
1006 2233 1322 2300 perstiteris,
1355 2232 1625 2302 aliquanto
1657 2242 1775 2301 post
1801 2233 2003 2300 venies,
2061 2242 2144 2288 at-

2252 2237 2600 2306 χαριστήριον
2625 2234 2942 2303 ἀνέπεμπεν
2974 2233 3003 2286 ὖ
3012 2252 3162 2305 μνον.

567 2332 676 2386 que
703 2318 895 2373 eadem
917 2320 1268 2378 tabernacula
1300 2333 1353 2378 et
1374 2325 1624 2380 eamdem
1647 2323 1894 2379 laetitiam
1917 2337 1980 2376 ac
2002 2320 2227 2392 gloriam
2248 2320 2962 2390 consequeris,mecumque
2981 2319 3036 2373 in
3058 2317 3453 2388 sempiternum
3476 2319 3605 2373 eris.
3632 2317 3825 2388 Exper-

571 2420 764 2468 rectus
793 2424 977 2472 autem
1000 2415 1289 2487 Josaphat,
1321 2420 1563 2474 animum
1587 2420 1680 2476 illa
1704 2420 1826 2473 luce
1852 2426 2016 2487 atque
2039 2418 2188 2472 omni
2219 2416 2495 2472 sermonis
2516 2416 2774 2472 facultate
2807 2414 3122 2471 sublimiori
3147 2414 3319 2485 gloria
3346 2413 3631 2484 perfusum
3655 2413 3822 2468 adhuc

569 2507 838 2578 habebat,
881 2527 946 2567 ac
972 2514 1144 2569 multa
1186 2528 1311 2569 cum
1343 2515 1714 2569 admiratione.
1747 2514 1815 2568 ad
1851 2512 1991 2584 grati
2024 2512 2193 2567 animi
2223 2512 2684 2589 signiﬁcationem
2713 2510 2886 2565 Deum
2923 2509 3186 2564 laudibus
3227 2509 3515 2565 eﬁerebat.

651 2604 842 2657 Mansit
869 2613 1044 2659 autem
1075 2605 1140 2660 ad
1169 2617 1465 2662 extremum
1506 2620 1671 2674 usque
1700 2619 1825 2660 vere
1852 2605 2140 2675 angelicam

2325 2595 2547 2665 Ἔμεινε
2570 2592 2626 2645 δὲ
2656 2592 2818 2662 μέχρι
2844 2591 3029 2654 τέλους
3053 2590 3152 2662 τὴν
3179 2591 3476 2660 ἀγγελικὴν
3499 2589 3715 2661 ἀληθῶς
3741 2591 3823 2644 ἐπὶ

578 2694 631 2748 in
662 2704 801 2749 terra
833 2696 1002 2751 vitam.
1021 2697 1244 2765 ducens,
1277 2713 1338 2752 ac
1367 2697 1562 2753 duriori
1595 2697 1854 2767 religiosa:
1879 2697 2145 2752 exercita-

2252 2689 2353 2758 γῆς
2385 2687 2567 2741 ἀνύων
2592 2684 2867 2755 διαγωγὴν
2886 2725 2898 2748 ,
2927 2684 3022 2738 καὶ
3059 2685 3404 2756 σκληροτέρᾳ.
3433 2685 3663 2751 ἀσκήσει
3696 2685 3823 2754 μετά

576 2786 736 2840 tionis
771 2801 964 2856 genere
992 2799 1112 2857 post
1152 2792 1294 2844 senis
1324 2790 1816 2845 discessumutens.
1860 2790 1991 2844 Nam
2021 2802 2142 2844 cum

2252 2780 2348 2851 τὴν
2402 2777 2736 2848 παρέλευσιν
2779 2776 2875 2829 τοῦ
2930 2776 3183 2845 γέροντος
3237 2774 3549 2847 χρώμενος·
3597 2775 3824 2844 πέμπτῳ

577 2892 718 2932 anno
743 2880 914 2934 aetatis
943 2882 1200 2950 vigesimo
1241 2883 1426 2951 quinto
1462 2898 1683 2951 regnum
1724 2891 1991 2937 terrenum
2021 2879 2144 2936 rcli-

579 2970 802 3037 quissct,
825 2973 1233 3042 monasticaeque
1263 2974 1386 3028 vitae
1411 2982 1676 3028 certamen
1701 2973 1970 3038 subiisset,
1994 2972 2143 3041 quiu-

579 3074 684 3124 que
730 3069 784 3113 et
832 3061 1041 3129 triginta
1069 3076 1237 3116 annos
1281 3062 1333 3115 in
1378 3063 1676 3118 vastissima
1717 3077 1782 3117 ea
1833 3062 2141 3127 solitudine,

2256 2871 2356 2940 μὲν
2384 2871 2479 2924 καὶ
2509 2865 2739 2938 εἰκοστῷ
2765 2867 2863 2937 τῆς
2889 2865 3105 2937 ήλικίας
3134 2866 3242 2919 ἔτει
3269 2867 3365 2937 τὴν
3399 2865 3638 2933 ἐπίγειον
3666 2883 3825 2919 κατα-

2257 2959 2430 3014 λιπὼν
2461 2959 2741 3031 βασιλείαν
2781 2960 2874 3012 καὶ
2905 2957 2996 3012 τὸν
3025 2958 3326 3028 ἀσκητικὸν
3352 2957 3594 3010 ὑπελθὼν
3624 2957 3824 3024 ἀγῶνα,

2257 3053 2421 3105 πέντε
2465 3051 2522 3104 δὲ
2567 3051 2662 3103 καὶ
2703 3050 2998 3121 τριάκοντα
3047 3049 3272 3120 χρόνους
3315 3049 3372 3101 ἐν
3422 3052 3486 3118 τῇ
3531 3050 3828 3120 πανερήμῳ

584 3149 802 3216 perinde
845 3165 906 3205 ac
932 3153 975 3205 si
1017 3152 1158 3205 nulla
1197 3153 1372 3206 carnis
1401 3160 1552 3220 parte
1597 3160 1890 3216 constaret,
1920 3152 2147 3206 humana

2254 3146 2426 3218 ταύτῃ
2460 3145 2709 3215 ἀσκήσας
2732 3184 2747 3209 ,
2781 3143 2971 3214 ὥσπερ
2997 3160 3080 3206 τις
3120 3142 3360 3213 ἄσαρκος
3399 3142 3532 3213 (9.5).
3564 3143 3664 3213 τὴν
3696 3143 3828 3210 ὑπὲρ

579 3241 883 3296 conditione
921 3242 1284 3298 sublimiorem
1327 3243 1487 3297 vitam
1529 3242 1683 3313 egit:
1726 3243 1803 3296 sic
1849 3246 2061 3311 nempe,
2091 3250 2147 3296 ut

2258 3211 2426 3310 362"
2457 3211 2745 3309 ἄνθρωπον
2771 3211 3027 3305 ἄσκησιν,
3060 3211 3262 3299 πολλὰς
3300 3211 3416 3305 μένή
3441 3211 3706 3305 πρότερον
3734 3232 3829 3302 ψ).

582 3333 776 3387 multas
805 3335 1014 3403 quidem
1039 3335 1310 3389 hominum
1337 3336 1540 3388 animas
1569 3350 1597 3388 a
1627 3334 1881 3403 pestifero
1906 3341 2151 3403 serpente

583 3422 727 3490 prius
755 3422 1094 3492 abstraxerit,
1121 3423 1336 3493 Deoquc
1367 3424 1597 3492 integras
1636 3433 1691 3478 et
1716 3424 2008 3479 incolumes
2034 3437 2150 3477 ser-

580 3513 800 3578 vaverit,
833 3528 1002 3582 eaque
1031 3517 1080 3568 in
1112 3529 1171 3569 re
1199 3515 1539 3584 apostolicam
1570 3515 1792 3584 gratiam
1836 3523 2153 3569 consecutus

582 3601 683 3666 sit,
716 3603 983 3672 animique
1011 3602 1169 3658 etiam
1210 3603 1516 3660 inductione
1548 3614 1751 3675 martyr
1775 3604 2059 3670 exstiterit,
2088 3617 2151 3657 ac

584 3689 849 3745 Christum
891 3691 943 3746 in
988 3707 1169 3762 regum
1197 3706 1260 3749 ac
1286 3702 1631 3764 tyrannorum
1657 3694 1826 3749 oculis
1853 3701 1908 3748 et
1933 3701 2150 3755 aspectu

585 3781 766 3837 ﬁdenti
815 3783 994 3838 animo
1033 3785 1308 3840 confessus
1335 3787 1422 3853 sit,
1450 3787 1941 3854 vocalissimumqne
1985 3786 2148 3854 ipsius

581 3874 872 3940 maiestatis
925 3887 1221 3942 praconem
1275 3891 1394 3931 sese
1443 3877 1770 3940 praebuerit;
1846 3876 2146 3944 multosque

579 3981 789 4019 rursum
854 3979 1046 4034 pravos
1100 3968 1317 4036 spiritus
1370 3983 1422 4022 tn
1477 3968 1762 4022 solitudine
1817 3967 2145 4037 proﬂigant,

579 4068 869 4122 omnesque
895 4053 1095 4110 Christi
1122 4058 1170 4111 vi
1200 4072 1260 4112 ac
1289 4059 1523 4127 potentia
1569 4057 1852 4127 superarit,
1885 4058 2145 4113 caelestis-

579 4160 682 4211 que
715 4146 953 4200 beneﬁcii
982 4155 1140 4217 atque
1168 4150 1350 4219 gratiae
1375 4149 1642 4204 uberrime
1689 4149 1951 4217 particeps
1978 4149 2146 4204 factus

582 4234 670 4288 sit.
701 4235 850 4292 Unde
878 4237 1037 4292 etiam
1067 4239 1231 4294 animi
1260 4240 1468 4294 oculum
1499 4240 1566 4293 ab
1593 4239 1736 4293 omni
1767 4249 1976 4294 terrena
2015 4238 2146 4293 cali-

578 4329 706 4393 gine
741 4341 929 4393 purum
967 4327 1216 4394 habebat,
1257 4343 1319 4384 ac
1360 4328 1535 4383 futura
1586 4339 1834 4398 tanquam
1871 4328 2149 4397 praesentia

581 4419 956 4486 prospiciebat,
985 4419 1333 4489 Christusque
1361 4421 1459 4488 ipsi
1491 4434 1669 4474 rerum
1700 4420 1936 4473 omnium
1982 4420 2150 4473 instar

2258 3331 2358 3402 χάς
2387 3328 2485 3385 ἀνθ
2495 3329 2692 3400 ρώπων
2717 3327 2810 3382 τοῦ
2830 3327 3175 3399 ψυχοφθόρου
3199 3328 3488 3400 δράκοντος
3511 3327 3828 3388 ἀποσπάσας

2260 3424 2352 3476 καὶ
2381 3421 2458 3492 τῷ
2487 3421 2606 3492 Θεῷ
2644 3419 3013 3492 προσαγαγὼν
3051 3422 3435 3492 σεσωσμένας,
3471 3421 3565 3472 καὶ
3597 3421 3828 3473 ἀποστο-

2260 3513 2416 3584 λικῆς
2446 3514 2502 3568 ἐν
2535 3514 2710 3584 τούτῳ
2738 3514 2959 3584 χάριτος
2984 3512 3256 3578 ἀξιωθεὶς,
3289 3514 3497 3583 μάρτυς
3520 3513 3572 3565 δὲ
3602 3515 3670 3581 τῇ
3703 3527 3828 3582 προ·

2260 3623 2315 3660 αι
2323 3606 2469 3677 ρέσει
2494 3606 2804 3675 γενόμενος,
2830 3604 2925 3658 καὶ
2943 3604 3227 3676 παρρησίᾳ
3242 3604 3330 3658 τὸν
3351 3604 3582 3674 Χριστὸν
3600 3604 3827 3656 ἐνώπιον

2263 3698 2526 3769 βασιλέων
2551 3697 2890 3768 ὁμολογήσας
2931 3699 3025 3751 καὶ
3061 3697 3374 3768 τυράννων,
3406 3698 3498 3751 καὶ
3523 3697 3702 3768 κήρυξ
3742 3713 3827 3766 με·

2260 3791 2707 3861 γαλοφωνότατος
2734 3792 2833 3861 τῆς
2864 3790 3030 3844 αὑτοῦ
3063 3791 3484 3862 μεγαλειότητος
3514 3788 3823 3859 ἀναφανεὶς,

2260 3883 2430 3936 πολλὰ
2461 3883 2506 3936 δ’
2530 3879 2598 3937 αῦ
2639 3884 2801 3937 πάλιν
2838 3883 3120 3954 πνεύματα
3149 3885 3413 3953 πονηρίας
3451 3885 3510 3934 ἐν
3546 3885 3609 3950 τῇ
3645 3884 3825 3952 ἐρήμῳ

2261 3973 2707 4039 καταπαλαίσας,
2749 3975 2844 4028 καὶ
2875 3975 3093 4026 πάντων
3134 3976 3200 4044 τῇ
3233 3973 3324 4026 τοῦ
3351 3971 3587 4044 Χριστοῦ
3619 3987 3826 4042 περιγτο

2263 4068 2489 4136 νόμενος
2531 4065 2782 4137 δυνάμει.
2827 4065 2937 4118 Καὶ
2979 4065 3077 4134 τῆς
3117 4065 3323 4119 ἀνωθεν
3357 4065 3624 4127 πλουσίως
3675 4081 3824 4134 μεταο

2265 4157 2409 4230 σχὼν
2444 4158 2654 4229 δωρεᾶς
2676 4174 2737 4210 τε
2766 4158 2860 4212 καὶ¹
2890 4158 3131 4229 χάριτος,
3154 4157 3405 4211 ἐντεῦθεν
3427 4158 3828 4228 κεκαθαρμένον

2259 4253 2322 4304 τὸ
2348 4253 2445 4321 τῆς
2484 4250 2664 4320 ψυχῆς
2702 4249 2855 4320 ὄμμα
2901 4251 3082 4321 πάσης
3121 4250 3399 4320 περιγείου
3435 4249 3629 4320 ἀχλύος
3657 4247 3827 4318 εἶχεν,

2261 4345 2338 4408 ὠς
2365 4344 2609 4416 παρόντα
2632 4345 2689 4398 δὲ
2717 4345 2787 4398 τὰ
2816 4345 3076 4417 μέλλοντα
3103 4343 3457 4416 προεθεώρει,
3485 4343 3583 4397 καὶ
3606 4343 3828 4412 Χριστὸς

2260 4430 2330 4510 ἦν
2361 4435 2512 4506 αύτῷ
2544 4435 2666 4489 ἀντὶ
2700 4435 2943 4503 πάντων,
2975 4436 3213 4506 Χριστὸν
3239 4435 3449 4498 ἐπόθει,
3494 4434 3730 4505 Χριστὸν
3762 4432 3829 4494 ὡς

579 4516 715 4571 erat,
753 4509 1023 4563 Christum
1067 4512 1371 4579 expetebat,
1422 4511 1686 4566 Christum
1734 4525 1838 4567 non
1889 4524 2044 4566 secus
2086 4522 2147 4564 ac

2265 4527 2512 4599 παρόντα
2563 4529 2730 4600 ἐώρα,
2786 4529 3027 4600 Χριστοῦ
3066 4529 3128 4581 τὸ
3155 4527 3348 4592 κάλλος
3385 4527 3474 4580 διὰ
3522 4527 3722 4587 παντὸς
3752 4526 3827 4576 ὲν-

584 4610 900 4668 praesentem
945 4575 1237 4670 cernebat,
1282 4575 1475 4657 Christi
1522 4601 1968 4671 pulchritudinem
2012 4616 2139 4656 nun-

2261 4575 2630 4690 5.123;“?
2639 4575 2927 4674 2ξέςάἷῶ
2944 4575 3408 4690 ’ἧριζιζήέἶζῖέδᾴ
3420 4575 3687 4684 ’Ξέέεζέέ
3700 4575 3826 4684 ἱείς)-

582 4707 739 4762 quam
770 4708 874 4748 non
908 4693 1229 4760 intuebatur,
1269 4694 1418 4762 juxta
1464 4694 1591 4749 illud
1623 4694 1904 4764 Propheta:
1927 4709 1942 4748 :
1968 4693 2152 4749 Provi-

583 4783 773 4839 debam
797 4784 1077 4839 Dominum
1106 4786 1157 4839 in
1183 4795 1472 4857 conspectu
1495 4800 1616 4841 meo
1644 4799 1875 4853 semper,
1903 4785 2151 4856 quoniam

583 4893 613 4931 a
644 4877 843 4931 dextris
890 4886 972 4933 est
1019 4877 1172 4944 mihi,
1222 4893 1289 4933 ne
1332 4875 1871 4948 commovear(Psal.
1901 4877 2023 4948 xv).
2076 4879 2154 4934 Ac

582 4983 792 5024 rursum
827 4968 1110 5024 :Adhaasit
1146 4971 1320 5024 anima
1370 4985 1486 5025 mea
1521 4979 1638 5040 post
1685 4978 1756 5035 te,
1797 4983 1882 5024 me
1923 4972 2158 5041 suscepit

582 5061 808 5115 dextera
860 5069 947 5114 tua
1001 5060 1178 5130 (Psal.
1219 5063 1386 5131 xxvi).
1442 5062 1647 5117 Etenim
1700 5077 1760 5117 re
1810 5076 1935 5117 vera
1989 5063 2157 5132 ipsius

587 5153 766 5206 anima
789 5161 909 5220 post
931 5151 1201 5206 Christum
1246 5153 1500 5217 adhaasit,
1539 5153 1844 5208 ﬁrmissimo
1875 5167 2016 5210 nexu
2053 5152 2155 5222 ipsi

581 5243 844 5312 copulata.
905 5243 1087 5314 Neque
1139 5246 1281 5301 enim
1307 5247 1374 5301 ab
1397 5247 1710 5303 admiranda
1736 5249 1825 5304 illa
1850 5248 2156 5319 operatione

582 5332 829 5398 descivit,
878 5348 976 5389 nec
1015 5334 1276 5405 religiosae
1322 5350 1433 5391 sua;
1479 5337 1872 5394 exercitationis
1917 5338 2152 5409 regulam

2260 4709 2614 4781 Προωρώμην
2638 4710 2726 4763 τὸν
2753 4709 2958 4782 Κύριον
2987 4707 3216 4761 ἐνώπιόν
3243 4724 3344 4777 μου
3377 4705 3465 4760 διὰ
3494 4703 3695 4765 παντὸς
3713 4743 3729 4767 ,
3757 4703 3831 4752 ὅτι

2259 4802 2326 4854 ἐκ
2356 4801 2546 4867 δεξιῶν
2577 4801 2678 4871 μού
2704 4803 2850 4854 ἐστιν
2878 4802 2965 4856 ἵνα
3003 4802 3078 4872 μὴ
3103 4798 3368 4854 σαλευθῶ·
3398 4798 3494 4851 καὶ
3524 4791 3678 4857 αὖθις
3705 4793 3829 4864 (9.7)-

2273 4892 2568 4964 Ἐκολλήθη
2595 4892 2794 4965 ή-ψυχή
2815 4911 2917 4965 μου
2942 4893 3117 4947 ὀπίσω
3139 4906 3252 4945 σου·
3279 4889 3416 4962 ἐμοῦ
3439 4889 3497 4942 δὲ
3519 4885 3833 4943 ἀντελάϐετο

2261 4986 2302 5058 ήν
2328 4984 2476 5050 δεξιά
2515 5002 2626 5040 σου.
2693 4985 2990 5057 Ἑκολλήθη
3033 4985 3143 5056 γὰρ
3189 4984 3357 5046 ὅντως
3403 4983 3438 5052 ή
3484 4979 3634 5050 ψυχὴ
3677 4973 3831 5031 αὑτοῦ

2265 5077 2440 5130 ὀπίσω
2472 5075 2568 5130 τοῦ
2609 5077 2845 5151 Χριστοῦ
2869 5117 2885 5142 ,
2933 5076 3375 5150 συναρμοσθεῖσα
3419 5073 3571 5143 αὐτῷ
3609 5069 3833 5142 ἀρραγεῖ

2267 5170 2553 5244 συναφείᾳ.
2593 5171 2668 5225 Οὐ
2701 5172 3014 5242 μετετράπη
3044 5171 3144 5240 τῆς
3177 5167 3500 5240 θαυμαστῆς
3525 5165 3727 5232 ταύτης
3748 5163 3832 5231 ἔρ·-

2263 5263 2478 5332 γασίας,
2509 5263 2608 5317 οὐκ
2635 5262 2894 5333 ἡλλοίωσε
2924 5263 3016 5318 τὸν
3045 5262 3246 5317 κανόνα
3268 5262 3368 5332 τῆς
3399 5261 3686 5330 ἀσκήσεως
3714 5257 3832 5312 ιαυ.

2262 5357 2378 5422 τοῦ,
2402 5357 2496 5412 ἀπ’
2528 5357 2706 5429 ἀρχῆς
2731 5358 2894 5430 μέχρι
2915 5357 3126 5424 τέλους,
3161 5356 3283 5428 ῐσην
3305 5356 3552 5428 τηρήσας
3579 5351 3679 5422 τὴν
3708 5363 3834 5418 προ-

657 5505 867 5586 (Ξίῌι,
903 5507 1018 5586 sine
1062 5508 1163 5586 In:
1195 5507 1406 5586 Psellus_
1437 5510 1521 5586 De_
1562 5513 1716 5565 drum.
1753 5526 1803 5582 p.
1831 5511 1898 5567 98
1928 5529 1940 5566 :
1982 5505 2128 5580 Οῗον,

2252 5513 2448 5583 ἑταῖρε,
2496 5515 2687 5578 ποιεῖς,
2722 5513 2968 5586 ἐκκρεμῆ
3015 5514 3103 5568 τὸν
3146 5512 3304 5581 λόγον
3352 5512 3687 5568 καταλιπών.
3739 5511 3833 5566 Co-

588 5577 705 5630 dex'
726 5575 930 5647 39;...
955 5577 1110 5647 λόγον
1140 5580 1220 5632 ἔτι
1254 5580 1583 5634 καταλιπών.

656 5646 768 5714 (25)
794 5645 949 5717 Conf.
980 5645 1038 5717 p.
1064 5651 1188 5706 549.

659 5719 771 5787 (‘26)
802 5716 942 5773 Psal.
974 5716 1060 5784 xv,
1085 5721 1141 5773 8.

660 5790 770 5860 (:27)
801 5788 940 5843 Psal.
978 5807 1108 5856 Lm,
1141 5791 1193 5845 8.
