4026 6410
552 363 696 439 1239

555 577 821 634 merabilis
847 579 1128 635 multitudo
1155 596 1220 635 ex
1258 581 1505 638 omnibus
1533 582 1752 639 urbibus
1792 597 1855 640 ac
1886 584 2125 643 ﬁnitimis

556 669 684 723 locis
727 669 793 723 ad
825 670 1097 726 beaton
1138 671 1348 729 illorum
1384 688 1670 746 corporum
1700 686 2040 748 conspectum
2070 690 2123 734 et

554 759 916 816 adorationem
939 763 1207 819 conﬂuxit.
1236 763 1340 822 Ubi
1358 768 1519 821 etiam
1545 769 1896 824 sacrosanctis
1916 770 2124 841 hymnis

554 865 736 905 eorum
767 867 924 908 causa
951 854 1266 922 decantatis,
1299 859 1638 930 copiosisque
1675 861 2004 930 lampadibus
2035 877 2123 916 ac-

554 941 750 1006 censis,
785 953 909 1011 apte
935 944 1043 999 illic
1070 947 1328 1016 quispiam
1358 962 1421 1003 ac
1451 963 1702 1020 perquam
1725 954 2127 1009 accommodate

558 1029 809 1098 dixisset,
858 1031 1080 1090 Lumina
1130 1038 1271 1092 circa
1323 1038 1537 1094 luminis
1582 1040 1717 1096 ﬁlios
1766 1052 1822 1096 et
1865 1042 2124 1099 haeredes.

564 1118 884 1172 Luculeuter
911 1131 1085 1175 autem
1122 1123 1278 1177 simul
1315 1137 1378 1178 ac
1409 1127 1687 1195 magniﬁce
1724 1128 1777 1182 in
1808 1143 1871 1182 ea
1899 1129 2128 1187 ecclesia

563 1221 682 1272 quae
710 1205 777 1260 ab
798 1207 924 1275 ipsis
947 1210 1301 1265 lundamentis
1324 1226 1352 1264 a
1375 1211 1626 1282 Josaphat
1645 1222 1914 1272 exstructa
1938 1218 2128 1286 fuerat,

561 1312 749 1353 eorum
781 1312 1005 1368 corpora
1038 1301 1250 1355 condita
1279 1312 1425 1357 sunt.
1470 1304 1630 1359 Multa
1661 1321 1819 1373 porro
1845 1309 2124 1375 miracula,

561 1388 974 1458 morborumque
1010 1391 1371 1458 depulsiones,
1400 1393 1596 1448 tumin
1625 1410 1907 1466 corporum
1946 1408 2128 1454 transo

560 1478 822 1543 vectione,
874 1489 982 1534 tum
1028 1482 1090 1535 in
1122 1497 1306 1538 eorum
1357 1485 1743 1554 inbumatione,
1800 1499 1914 1546 tum
1959 1493 2120 1548 etiam

562 1570 789 1638 posteris
815 1573 1172 1640 temporibus,
1201 1576 1453 1632 Dominus
1482 1593 1576 1647 per
1602 1580 1717 1650 pios
1751 1580 1977 1639 famulos
2000 1599 2126 1640 suos

561 1660 756 1716 eli’ecit.
778 1661 1018 1732 Viditque
1039 1679 1133 1720 rex
1156 1681 1218 1722 ac
1238 1667 1426 1736 vulgus
1451 1682 1636 1726 omnes
1658 1672 1876 1729 virtutes
1899 1689 1990 1730 eas
2011 1690 2129 1744 qua:

563 1765 656 1814 per
686 1751 827 1820 ipsos
856 1752 1164 1811 edebantur.
1195 1758 1270 1812 Ac
1294 1759 1528 1829 plerique
1567 1777 1598 1816 e
1626 1761 1868 1819 finitimis
1898 1765 2125 1820 nationi-

561 1841 657 1897 bus
690 1843 1010 1900 inﬁdelitatis
1036 1861 1100 1902 ac
1127 1847 1474 1917 ignorationis
1501 1851 1594 1907 Dei
1615 1855 1802 1910 morbo
1825 1836 2188 1913 laborantesB

562 1949 657 2004 per
684 1951 746 1992 ea
785 1938 934 2005 signa
967 1953 1085 2007 qua:
1130 1941 1183 1994 in
1232 1952 1578 1999 monumento
1630 1946 1825 2000 ﬁebant
1872 1948 1936 2002 ad
1967 1949 2122 2004 ﬁdem

561 2038 920 2083 accesserunt.
964 2031 1136 2100 Atque
1163 2047 1348 2090 omnes
1371 2037 1461 2105 qui
1499 2037 1662 2106 ipsius
1688 2038 1943 2108 Josapnat
1967 2049 2123 2096 tutam

560 2117 625 2170 ad
655 2119 962 2187 angelorum
995 2120 1340 2178 imitationem
1373 2140 1700 2195 expressam,
1732 2137 1888 2198 atque
1916 2145 1946 2183 a
1976 2139 2126 2185 teneo

562 2209 637 2261 ris
685 2208 946 2276 unguibus
985 2212 1260 2268 ardentem
1307 2216 1474 2285 ipsius
1520 2233 1645 2288 erga
1679 2220 1841 2274 Deum
1889 2235 2126 2276 amorem

560 2307 841 2354 cernentes
881 2311 1038 2370 atque
1063 2302 1356 2369 audientes,
1388 2305 1740 2363 admiratione
1766 2308 2127 2378 corripieban-

561 2397 667 2454 tur,
696 2388 860 2445 Deum
893 2391 945 2446 in
972 2395 1219 2449 unmibus
1249 2396 1598 2467 celebrantes,
1626 2401 1715 2469 qui
1742 2415 1800 2456 se
1828 2401 2126 2457 amantibus

559 2493 714 2545 opem
764 2492 820 2535 et
865 2484 1115 2538 auxilium
1165 2502 1435 2557 nunquam
1482 2491 1623 2545 ferre
1665 2493 1878 2560 desinit,
1930 2510 2127 2567 eosque

548 2571 909 2642 amplissimis
940 2574 1210 2632 beneﬁciis
1237 2592 1629 2636 remuneratur.

627 2697 725 2753 Hic
761 2707 1040 2770 przesentis
1066 2707 1186 2763 libri
1230 2710 1350 2766 linis
1381 2724 1484 2782 est,
1514 2731 1671 2786 quem
1699 2736 1794 2790 pro
1842 2739 1958 2779 mea
1982 2725 2121 2783 virili

555 2793 871 2860 conscripsi,
901 2799 1343 2864 quemadmodum
1371 2817 1400 2857 a
1432 2809 1697 2874 praeclaris
1724 2811 1847 2867 viris
1875 2815 1964 2884 qui
1989 2816 2118 2872 mihi

557 2880 669 2931 haec
698 2879 834 2934 haud
870 2882 1005 2964 falso
1053 2888 1383 2946 tradiderunt
1426 2896 1626 2964 accepi.
1681 2879 1905 2955 Utinam-
1938 2913 2114 2960 autem

557 2981 671 3032 vos,
701 2971 790 3039 qui
820 2971 957 3029 hanc
991 2975 1181 3032 animis
1224 2980 1404 3035 utilem
1435 2982 1708 3041 historiam
1756 2988 1927 3059 legitis
1956 3003 2118 3062 atque

549 3061 764 3124 auditis,
791 3065 856 3118 ad
889 3080 1071 3121 eorum
1102 3080 1304 3138 partem
1343 3074 1700 3149 asciscamini,
1734 3085 1822 3150 qui
1855 3086 1961 3141 Deo
1992 3061 2115 3147 vita:

547 3163 659 3205 sum
685 3154 923 3209 rationes
959 3158 1330 3232 probaverunt,
1364 3179 1459 3233 per
1484 3171 1749 3227 orationes
1777 3181 1832 3227 et
1859 3174 2113 3235 interces-
2137 3211 2178 3268 ρ

547 3241 726 3268 οἶμηη-
772 3243 1043 3268 l...-a.._.-_.
1089 3250 1212 3268 ,λάμ
1238 3267 1244 3268 ,
1355 3255 1392 3268 -ι
1459 3257 1472 3268 -
1740 3262 1755 3268 -
1896 3267 1902 3268 ,

545 3241 728 3296 siones
769 3243 1046 3301 beatorum
1089 3250 1320 3306 virorum
1353 3255 1593 3313 Barlaam
1642 3271 1695 3316 et
1728 3262 2003 3334 Josaphat,
2046 3270 2114 3324 de

542 3334 735 3402 quibus
774 3336 887 3392 haec
916 3339 1133 3396 historia
1163 3355 1410 3402 contexta
1436 3360 1517 3406 est
1542 3353 1593 3407 in
1623 3354 1833 3413 Christo
1861 3359 1984 3416 Jesu
2009 3363 2111 3419 Do-

543 3429 690 3482 mino
715 3439 919 3500 nostro,
947 3449 1104 3503 quem
1134 3436 1289 3492 decet
1313 3439 1498 3508 honor,
1528 3445 1831 3519 imperium,
1858 3454 2110 3524 majestas

544 3529 600 3573 et
643 3524 1052 3593 magnificentia,
1084 3542 1203 3584 eum
1227 3531 1382 3588 Patre
1421 3545 1475 3590 et
1499 3538 1698 3608 Spiritu
1739 3553 1942 3614 sancto,
1970 3562 2110 3605 nunc

542 3618 596 3663 et
627 3625 758 3678 sem;
779 3628 838 3667 er
868 3614 920 3669 in
952 3618 1144 3673 saecula
1175 3623 1511 3680 saeculorum.
1542 3629 1732 3686 Amen.

548 3824 552 3826 -
609 3786 724 3864 (ἓξ)
759 3789 814 3864 I_n
845 3811 953 3850 των
984 3797 1166 3854 deficit
1187 3799 1252 3863 Α,
1295 3803 1481 3861 avulso
1510 3805 1696 3862 ultimo
1721 3807 1870 3864 folio.

609 3859 722 3936 (gs)
754 3861 905 3936 gout.
935 3884 986 3936 p.
1017 3868 1142 3934 aet,
1170 3859 1345 3930 n.’85..

611 3928 722 3999 tas)
754 3932 913 3992 Couf.
935 3928 991 4008 'p.
1017 3928 1150 3998 305;

2015 372 2392 438 ADDENDA.

631 485 698 540 Ut
735 493 914 542 autem
951 473 1024 542 ea-i
1052 503 1138 544 res
1173 488 1246 544 ad
1277 489 1446 558 plebis
1485 504 1644 547 aures
1685 492 1942 560 pervenit,
1976 493 2190 548 iuuu-A

2299 493 2388 556 Ὦς
2416 491 2474 546 δὲ
2504 491 2586 559 εἰς
2616 493 2717 559 τὰς
2747 495 2912 561 ἀκοὰς
2948 497 3143 552 ἔπιπτε
3177 499 3272 553 τοῦ
3300 500 3433 556 λαοῦ
3467 501 3530 556 τὸ
3558 507 3784 572 γεγονὸς,

2222 586 2427 658 πλῆθος
2465 587 2706 660 ἀριθμοῦ
2752 591 3002 662 κρεῖττον
3052 591 3117 645 ἐκ
3166 592 3385 649 πάντων
3427 611 3488 649 τε
3541 595 3651 649 τῶν
3687 599 3786 671 (δέ)

2219 680 2432 734 πόλεων
2457 682 2554 735 καὶ
2576 682 2684 737 τῶν
2712 683 3038 756 περιχώρων
3063 686 3140 750 εἰς
3158 688 3535 759 προσκύνησιν
3562 691 3655 743 καὶ
3674 690 3788 747 θέαν

2220 770 2511 843 συνέρρεον
2543 773 2654 827 τῶν
2688 775 2974 846 μακαρίων
3017 779 3286 847 σωμάτων
3315 779 3567 835 ἐκείνων.
3611 783 3786 837 Ἔνθεν

2219 881 2300 916 τοι
2329 865 2424 918 καὶ
2454 865 2657 935 ὕμνους
2693 867 2780 919 ἐπ’
2821 869 3005 931 αὐτοῖς
3032 869 3160 932 τοὺς
3189 871 3370 940 ἱεροὺς
3403 873 3638 942 ᾄσαντες
3657 913 3673 939 ,
3704 879 3785 929 καὶ

2218 957 2505 1027 λαμπάδας
2541 958 2838 1028 φιλοτίμως
2882 959 3186 1028 ἀνάψαντες
3215 962 3587 1032 (ἀκολούθως,
3621 966 3683 1018 ἄν
3714 986 3784 1032 τις

2219 1046 2394 1116 εἶπεν,
2425 1054 2542 1105 ἐκεῖ
2574 1053 2669 1106 καί
2706 1053 2826 1107 λίαν
2853 1055 3072 1118 οἰκείως
3101 1055 3168 1109 τὰ
3199 1055 3353 1126 φῶτα
3385 1058 3517 1127 περὶ
3548 1060 3675 1122 τοὺς
3702 1063 3782 1115 τοῦ

2218 1143 2394 1212 φωτὸς
2427 1144 2578 1209 υἰούς
2616 1145 2729 1216 (55)
2756 1163 2817 1199 τε
2848 1146 2943 1201 καὶ
2982 1147 3412 1220 κληρονόμους),
3448 1149 3711 1221 λαμπρῶς
3736 1154 3784 1206 δὲ

2215 1237 2350 1309 ὁμοῦ
2383 1239 2481 1292 καὶ
2515 1241 2952 1313 μεγαλοπρεπῶς
2991 1243 3049 1295 ὲν
3083 1244 3148 1311 τῇ
3189 1242 3249 1307 ἐξ
3291 1243 3472 1296 αὐτῶν
3516 1246 3783 1316 κρηπίδων

2218 1333 2370 1405 παρὰ
2394 1334 2486 1388 τοῦ
2531 1335 2766 1404 Ἰωάσαφ
2793 1336 3213 1408 ἀνεγηγερμένῃ
3241 1338 3354 1407 (56)
3384 1338 3676 1392 κατέθεντο
3701 1341 3779 1394 ὲκ-

2216 1429 2432 1500 κλησίᾳ.
2468 1428 2644 1483 Πολλὰ
2665 1428 2720 1482 δὲ
2751 1428 3006 1499 θαύματα
3027 1431 3120 1484 καὶ
3149 1430 3321 1494 ἰάσεις
3349 1431 3407 1484 έν
3440 1449 3499 1484 τε
3529 1434 3598 1502 τῇ
3636 1450 3780 1502 μεταο

2218 1522 2436 1594 κομιδῇ,
2464 1521 2521 1575 ἐν
2551 1538 2609 1575 τε
2637 1524 2705 1593 τῇ
2737 1522 3050 1588 καταθέσει,
3081 1525 3176 1577 καὶ
3199 1523 3258 1575 ὲν
3292 1525 3407 1586 τοῖς
3435 1522 3566 1593 ἑξῆς
3592 1524 3778 1594 χρόνας

2216 1613 2377 1686 365
2409 1611 2498 1667 διὰ
2529 1613 2638 1666 τῶν
2667 1613 2832 1667 ὁσίων
2857 1613 3020 1667 αὑτοῦ
3051 1613 3399 1685 θεραπόντων
3427 1615 3652 1684 ἐποίησε
3679 1617 3778 1670 κύ-

2220 1722 2353 1778 ριος.
2386 1704 2496 1759 Καὶ
2540 1699 2679 1758 εἶδεν
2706 1705 2732 1758 ὁ
2773 1704 3031 1776 βασιλεύς
3072 1724 3132 1760 τε
3160 1705 3438 1777 Βαραχίας
3483 1709 3581 1761 καὶ
3623 1710 3722 1772 πᾶς
3755 1711 3780 1764 ό

2218 1798 2373 1868 ὄχλος
2401 1797 2500 1860 τὰς
2533 1797 2600 1851 δι’
2632 1797 2813 1851 αὐτῶν
2847 1797 3148 1869 γενομένας
3173 1798 3451 1870 δυνάμεις,
3481 1803 3577 1853 καὶ
3616 1802 3777 1856 πολλοὶ

2214 1891 2324 1943 τῶν
2358 1889 2519 1962 πέριξ
2547 1888 2749 1951 ἐθνῶν,
2784 1890 3043 1943 ἀπιστίαν
3081 1889 3366 1954 νοσοῦντες
3399 1893 3494 1944 καὶ
3539 1892 3631 1944 τοῦ
3663 1893 3777 1945 Θεοῦ

2216 1983 2460 2052 ἄγνοιαν,
2490 1983 2578 2037 διὰ
2611 1983 2722 2036 τῶν
2745 1983 3045 2054 γινομένων
3078 1984 3138 2036 ἐν
3167 1983 3247 2054 τῷ
3281 1985 3528 2054 μνήματι
3561 1986 3778 2054 σημείων

2215 2076 2563 2132 ἐπίστευσαν,
2602 2075 2716 2130 Καὶ
2739 2075 2941 2138 πάντες
2966 2076 3016 2128 οξ
3044 2075 3282 2146 ὁρῶντές
3305 2093 3364 2130 τε
3388 2077 3484 2128 καὶ
3512 2077 3778 2141 ἀκούοντες

2213 2169 2312 2239 τὴν
2349 2169 2792 2239 ὰγγελομίμητον
2825 2168 2918 2222 τοῦ
2973 2169 3210 2239 ’Ῑωάσαφ
3251 2171 3537 2223 πολιτείαν
3582 2171 3671 2224 καὶ
3700 2171 3776 2223 τὸν

2215 2263 2274 2327 ὲξ
2313 2261 2537 2316 ἁπαλῶν
2583 2261 2790 2332 ὀνύχων
2837 2261 3102 2332 διάπυρον
3136 2263 3301 2316 αὑτοῦ
3349 2263 3490 2333 πρὸς
3532 2264 3623 2316 τὸν
3664 2263 3775 2316 Θεὸν

2215 2355 2380 2409 πόθον
2399 2395 2413 2419 ,
2451 2354 2761 2424 ἐθαύμαζον
2789 2355 3103 2422 δοξάζοντες
3136 2358 3194 2410 ἐν
3236 2359 3372 2412 πᾶσι
3403 2357 3497 2410 τὸν
3526 2356 3676 2422 Θεὸν,
3698 2356 3775 2409 τὸν

2214 2447 2302 2501 ἀεὶ
2322 2447 2690 2519 συνεργοῦντα
2716 2449 2830 2510 τοῖς
2871 2446 3162 2516 ἀγαπῶσιν
3190 2447 3352 2502 αὑτὸν
3391 2449 3489 2501 καὶ
3523 2448 3773 2517 μεγίστοις

2213 2540 2438 2605 τούτους
2466 2540 2835 2612 ἀμειϐόμενον
2870 2540 3124 2611 δωρεαῖς.

2288 2723 2432 2786 Ἕως
2461 2715 2561 2777 ὧδε
2603 2722 2666 2777 τὸ
2694 2723 2870 2795 πέρας
2906 2722 3002 2777 τοῦ
3040 2723 3306 2795 παρόντος
3334 2723 3498 2792 λόγου
3518 2765 3535 2788 ,
3567 2721 3625 2775 ὃν
3653 2723 3772 2776 κατὰ

2212 2814 2440 2887 δύναμιν
2469 2817 2611 2888 ὲμὴν
2641 2817 2996 2888 γεγράφηκα,
3028 2815 3214 2879 καθὼς
3250 2816 3466 2886 ἀκήκοα
3506 2815 3651 2885 παρὰ
3679 2814 3772 2868 τῶν

2213 2906 2460 2976 ἀψευδῶς
2490 2908 2953 2978 παραδεδωκότων
2981 2925 3069 2978 μοι
3100 2907 3298 2978 τιμίων
3323 2907 3557 2977 ἀνδρῶν.
3583 2906 3775 2958 Γένοιτο

2210 2998 2269 3053 δὲ
2296 3000 2462 3071 ἡμᾶς,
2498 2999 2627 3062 τοὺς
2658 2997 3134 3066 ἀναγινώσκοντάς
3161 3013 3220 3051 τε
3250 2998 3344 3051 καὶ
3370 2997 3666 3060 ἀκούοντας
3687 2999 3770 3067 τὴν

2211 3089 2507 3162 ψυχωφελῆ
2536 3090 2788 3161 διήγησιν
2827 3089 3056 3160 ταύτην,
3103 3091 3204 3160 τῆς
3245 3090 3455 3161 μερίδος
3496 3089 3773 3158 ἀξιωθῆναι

2210 3184 2320 3236 τῶν
2386 3182 2874 3252 εύαρεστησάντων
2931 3181 3008 3252 τῷ
3059 3183 3251 3252 Κυρίῳ
3288 3182 3476 3252 εὐχαῖς
3519 3181 3615 3234 καὶ
3653 3197 3770 3250 πρε·

2216 3275 2422 3338 σὸείαις
2446 3275 2709 3347 Βαρλαάμ
2729 3293 2789 3329 τε
2817 3275 2910 3329 καὶ
2949 3275 3184 3344 Ἰωάσαφ
3215 3275 3322 3327 τῶν
3341 3275 3644 3345 μακαρίων,
3662 3273 3771 3343 περὶ

2212 3360 2287 3421 ὧν
2318 3367 2350 3436 ή
2393 3367 2662 3438 διήγησις,
2695 3369 2752 3421 ὲν
2782 3367 3006 3440 Χριστῷ
3049 3360 3224 3438 Ἰησοῦ
3258 3366 3336 3438 τῷ
3381 3366 3576 3438 Κυρίῳ
3604 3365 3768 3435 ήμῶν,

2210 3449 2255 3526 ᾧ
2282 3457 2482 3529 πρέπει
2509 3458 2664 3529 τιμὴ,
2695 3460 2916 3533 κράτος,
2949 3458 3308 3531 μεγαλωσύνη
3338 3474 3397 3510 τε
3430 3458 3530 3510 καὶ
3561 3454 3770 3526 μεγαλοο

2209 3549 2470 3620 πρέπεια,
2504 3549 2600 3604 σὺν
2646 3548 2722 3621 τῷ
2767 3550 2942 3621 Πατρὶ
2981 3549 3077 3604 καὶ
3106 3548 3184 3620 τῷ
3217 3549 3356 3620 ἁγίῳ
3385 3545 3659 3618 Πνεύματι
3689 3544 3771 3598 νῦν

2209 3643 2304 3696 καὶ
2332 3642 2438 3709 ἀεὶ,
2466 3644 2559 3698 καὶ
2587 3645 2666 3710 εἰς
2690 3646 2816 3710 τοὺς
2839 3643 3043 3711 αἰῶνας
3066 3643 3176 3700 τῶν
3206 3642 3439 3699 αἰώνων.
3477 3641 3662 3712 ’Δμήκ
