4026 6400
198 381 336 447 1241

204 493 3450 528 W

585 756 947 853 NOTAE
1025 750 1170 843 AD
1234 744 1613 838 VITAM
1693 741 2240 833 BARLAAM
2314 742 2465 832 ET
2534 741 3101 837 JOASAPH.

277 1249 447 1326 4⁷4
474 1247 608 1321 Pag.
644 1246 699 1315 1,
735 1243 791 1300 5.
841 1238 1159 1298 Formulam
1216 1233 1404 1301 καθὼς
1458 1231 1798 1326 γέγραπται,

201 1323 324 1419 (ιιιᾶ
338 1323 633 1415 aliuuoties
675 1339 851 1395 utitur
886 1343 1103 1397 auctor,
1133 1329 1327 1387 debuit
1376 1326 1569 1385 forsan
1600 1323 1799 1387 Paulo,

202 1415 358 1512 apud
380 1452 541 1508 quem
567 1430 832 1505 saepicule
862 1427 1065 1500 legitur
1085 1443 1104 1482 :
1127 1422 1279 1481 conf.
1315 1420 1489 1493 Epist.
1537 1418 1606 1475 ad
1634 1415 1797 1471 Rom.

201 1547 333 1601 vni,
357 1530 458 1596 56;
482 1544 563 1593 rx,
592 1527 663 1583 55
685 1544 701 1594 ;
725 1522 747 1578 1
775 1523 906 1580 Cor.
938 1537 977 1588 ι,
1009 1520 1101 1577 51.

281 1624 416 1700 Pag.
439 1629 493 1694 5,
526 1629 578 1681 1.
610 1623 744 1680 Vide
772 1621 1006 1690 Pratloq.

281 1699 415 1791 Pag.
476 1717 531 1782 ι,
578 1716 637 1771 2.
686 1712 762 1768 De
803 1707 1089 1780 οἰκονομίᾳ
1124 1705 1264 1763 adde
1323 1704 1515 1760 Baluz.
1574 1702 1644 1757 ad
1693 1699 1805 1756 Lu-

205 1826 347 1885 pum
380 1826 433 1882 p.
469 1809 612 1875 474;
661 1805 984 1860 Zimmerm.
1039 1799 1282 1854 Analect.
1325 1813 1383 1869 p.
1434 1796 1522 1862 10,
1557 1793 1659 1885 14,
1692 1802 1802 1885 etc.

282 1901 415 1973 Pag.
476 1900 531 1968 5,
569 1899 660 1954 11.
695 1896 940 1952 Joannes
965 1892 1223 1947 Antioch.
1255 1890 1312 1945 in
1341 1887 1585 1943 Monum.
1626 1883 1803 1941 Cotel.

212 2003 255 2052 ι.
288 1997 335 2064 1,
363 2009 416 2065 p.
452 1992 553 2048 164
580 2011 594 2045 :
637 1990 735 2046 Ἐκ
772 1988 872 2060 τῆς
897 1986 1180 2056 Αἰγύπτου
1216 1983 1453 2056 μάλιστα
1477 1979 1570 2035 τοῦ
1595 1975 1805 2048 ἀγαθοῦ

208 2088 410 2143 τούτου
449 2083 939 2155 (monasteriorum
971 2076 1369 2145 institutionis)
1412 2071 1806 2145 ἀπαρξαμένου

212 2184 314 2237 καὶ
361 2175 638 2248 πανταχοῦ
678 2176 780 2246 τῆς
834 2171 1160 2244 οἰκουμένης
1213 2165 1572 2233 διαδοθέντος,
1625 2162 1809 2227 καθώς

213 2289 386 2347 φησιν
411 2276 440 2327 ὁ
476 2272 653 2344 μέγας
684 2269 1033 2331 ’Δθανάσιος.

286 2366 422 2439 Pag.
452 2366 509 2430 9,
550 2364 602 2419 1.
655 2360 1016 2417 l’roverbium
1071 2357 1253 2413 πάντα
1300 2358 1474 2413 κινεῖν
1499 2356 1649 2411 λίθον
1708 2355 1808 2411 ha-

216 2463 309 2517 bet
360 2459 615 2515 Julianus
659 2457 822 2527 epist.
870 2453 963 2517 52,
1030 2452 1120 2506 ubi
1156 2451 1271 2506 vid.
1328 2448 1547 2522 l-icyler.
1591 2464 1645 2517 p.
1678 2448 1807 2505 409.

215 2552 318 2609 Cui
353 2552 598 2620 epistola-
620 2550 797 2606 obiter
826 2547 1086 2620 prodero.
1113 2542 1344 2599 Exhibet
1375 2541 1546 2598 editio
1575 2556 1630 2612 p.
1665 2541 1766 2597 100
1794 2558 1811 2596 :

217 2644 445 2711 Ἕδοξεν
471 2643 564 2698 οὖν
602 2658 692 2715 μοι
719 2642 853 2696 πᾶσι
875 2642 991 2702 τοῖς
1013 2639 1207 2709 δήμοις
1258 2634 1668 2707 προαγορεῦσαι
1727 2632 1816 2688 διὰ

217 2737 376 2792 τοῦδε
444 2734 833 2804 διατάγματος.
901 2728 1087 2784 Codex
1141 2724 1286 2783 2964
1348 2724 1451 2779 εδ.
1509 2722 1667 2777 τοῦδε
1719 2725 1815 2776 τοῦ

218 2831 391 2895 διατ.,
415 2827 628 2883 melius.
667 2822 806 2879 Ibid.
849 2821 891 2876 Β
917 2820 1004 2886 15,
1055 2816 1118 2884 C,
1160 2812 1717 2886 τεταλαιπωρημένον
1746 2814 1815 2883 τῇ

220 2921 458 2993 σκληρᾷ.
512 2917 752 2974 ΡιιιιῑιιιὶΔ
794 2913 995 2970 merito
1058 2908 1539 2982 τεταριχευμένον,
1603 2914 1816 2977 quanto

223 3013 467 3069 vividius
505 3018 560 3066 et
589 3006 766 3078 magis
790 3003 1136 3077 graphicum.
1171 3002 1332 3057 Nilus
1366 2998 1541 3070 Epist.
1572 3013 1614 3066 ι,
1643 3013 1695 3067 p.
1731 2997 1763 3051 5
1801 3014 1814 3049 :

221 3103 317 3177 Τῷ
348 3104 455 3176 γὰρ
485 3099 663 3171 νοητῷ
686 3098 849 3170 ἐλαίῳ
888 3096 983 3151 τοῦ
1023 3094 1335 3167 κρείττονος
1387 3089 1752 3160 πιανθήσεται
1789 3088 1818 3142 ὀ

223 3196 537 3268 ἀγωνιστὴς
586 3193 894 3266 ἄνθρωπος,
943 3192 972 3244 ὁ
1011 3190 1073 3244 τὸ
1110 3189 1242 3258 πρὶν
1272 3183 1684 3256 καταπονηθεὶς
1726 3182 1820 3236 val.

223 3285 687 3360 τεταριχευμένος
746 3285 814 3355 τῇ
847 3282 1128 3353 ἐνοχλήσει
1173 3278 1276 3349 τῆς
1308 3274 1707 3338 πολυπαθείας.
1734 3272 1816 3327 Ad

226 3381 379 3455 quod
441 3378 710 3435 Possinus
764 3375 1047 3431 offendens
1070 3413 1088 3439 ,
1131 3376 1385 3426 autumat
1414 3368 1593 3424 fuisse
1626 3381 1658 3421 a
1691 3363 1817 3421 Nilo

198 3475 501 3545 scriptum
535 3468 969 3542 τιτρυχωμένος.
1016 3464 1125 3523 Sed
1164 3465 1347 3536 ipsum
1399 3476 1523 3533 quae
1554 3459 1818 3532 praecedit

230 3567 417 3622 ὲλαίου
449 3562 767 3634 metaphora
798 3562 1041 3617 retinere
1072 3554 1481 3629 poterat.Ni|us
1516 3554 1680 3625 epist.
1712 3552 1819 3609 16:

228 3656 394 3713 Μετὰ
413 3654 475 3709 τὸ
504 3653 645 3723 ἄγαν
685 3650 1021 3724 ξηρανθῆναι
1069 3648 1131 3703 τὸ
1154 3647 1316 3719 σῶμα
1346 3648 1415 3718 τῇ
1440 3642 1688 3716 νηστείᾳ.
1715 3643 1824 3697 Ρο-

230 3747 437 3804 luisset
473 3754 528 3800 et
555 3744 643 3799 hic
671 3741 828 3799 Nilus
863 3741 1129 3805 scribere,
1178 3734 1626 3810 τεταριχεῦσθαι.
1678 3733 1818 3790 Ibid.

232 3854 290 3894 ιι.
351 3836 444 3892 29.
484 3832 777 3905 Displicuit
810 3830 1177 3901 ἐκλεξάμενον
1224 3827 1297 3885 ob
1334 3842 1562 3896 pravum
1595 3824 1711 3880 toni
1750 3824 1825 3878 lo-

229 3944 387 3986 cum.
435 3927 659 3983 Simeon
722 3924 877 3981 Sethi
924 3923 1137 3990 Ichnel,
1185 3937 1241 3993 p.
1271 3919 1378 3976 562
1415 3919 1601 3983 εΝοῦς
1636 3920 1696 3971 ἐν
1728 3935 1825 3989 με.

235 4020 461 4093 ριμναις
482 4018 583 4090 σῆς
617 4016 905 4090 βιϐρώσων
944 4014 1132 4070 ϐστεα.
1180 4012 1409 4085 Repono
1438 4027 1451 4063 :
1482 4010 1584 4083 σὴς
1625 4007 1829 4081 βιῦρώ-

208 4166 213 4171 .
234 4128 387 4167 σκων
405 4110 590 4165 ὀστέα.

304 4205 443 4276 Pag.
502 4202 588 4268 12,
623 4202 711 4259 19.
744 4200 927 4254 Scrib.
963 4198 1107 4254 καθά
1161 4213 1289 4251 που.
1319 4194 1384 4261 C,
1416 4194 1696 4265 καθάπερ.
1735 4192 1829 4251 Sic

235 4312 368 4368 pag.
417 4296 544 4362 540,
586 4296 659 4350 25
686 4310 785 4367 pro
824 4292 970 4348 καθᾶ
1014 4308 1118 4345 που
1149 4289 1257 4354 καὶ,
1288 4289 1440 4360 περὶ,
1478 4286 1541 4352 C,
1571 4286 1827 4356 καθάπερ

237 4388 395 4459 περί.

308 4479 448 4550 Pag.
478 4479 566 4544 16,
608 4478 657 4532 1.
711 4476 1050 4548 Theophilus
1110 4475 1271 4532 Alex.
1317 4471 1556 4528 Homilia
1595 4487 1607 4524 :
1655 4467 1826 4538 Cujus

239 4571 318 4627 rei
351 4569 504 4624 homo
533 4569 748 4633 similis,
800 4585 853 4641 p.
889 4570 954 4623 14
986 4587 1001 4623 :
1034 4568 1216 4633 ὀλως
1266 4566 1377 4639 γὰρ
1401 4568 1430 4620 ὁ
1450 4566 1654 4635 κόσμος
1680 4559 1832 4633 ἐντῷ

241 4662 471 4734 πονηρῷ
489 4664 688 4716 κεῖται.
719 4661 1008 4718 Consentit
1039 4661 1094 4716 in
1123 4661 1261 4725 ὅλως
1284 4660 1456 4716 codex
1491 4657 1652 4713 1015.

314 4755 449 4827 Pag.
500 4754 590 4820 18,
632 4754 724 4810 11.
770 4753 859 4810 AC
906 4754 1067 4825 (nihil
1142 4769 1209 4809 ex
1244 4752 1284 4806 Β
1331 4751 1597 4823 enatavi),
1633 4752 1831 4823 εὐμορ-

246 4847 517 4920 φὼτατος.
550 4848 645 4904 Sic
672 4863 725 4918 p.
746 4847 875 4913 275,
892 4847 926 4902 8
946 4846 1037 4902 AC
1056 4846 1481 4918 εὐμορφωτάτη.
1501 4843 1672 4900 Error
1702 4846 1834 4901 olim

244 4941 391 4997 idem
421 4942 477 4995 in
506 4956 569 4997 ea
595 4955 733 4996 voce
762 4939 907 5010 apud
950 4939 1218 4994 Achillem
1267 4936 1390 4992 Tat.
1420 4938 1628 4994 exstitit
1664 4956 1678 4991 :
1711 4938 1831 4993 vide

246 5029 471 5089 Jacobs.
504 5049 557 5103 p.
594 5032 720 5088 856.

319 5125 455 5197 Pag.
488 5125 579 5193 21,
602 5125 659 5180 2.
691 5125 769 5181 De
794 5124 941 5178 οὕτω
974 5122 1189 5194 συμϐὰν
1238 5123 1379 5180 adde
1428 5131 1546 5180 not.
1605 5123 1674 5179 ad
1702 5124 1833 5180 Ari-

251 5229 414 5276 staen.
446 5236 501 5291 p.
546 5221 671 5277 756.

325 5316 456 5387 Pag.
500 5314 591 5382 22,
634 5315 727 5370 10.
776 5315 1065 5371 Glossator
1127 5313 1182 5367 in
1234 5313 1280 5367 A
1329 5311 1591 5383 ascripsit
1628 5311 1833 5382 στίχος.

254 5402 433 5460 Verba
452 5403 689 5471 scilicet,
748 5402 954 5475 ᾶνθρ...
996 5400 1277 5475 ῥημάτων,
1328 5415 1549 5455 versum
1594 5396 1839 5456 efficiunt

256 5497 537 5567 politicum
567 5495 1079 5566 dodecasyllabum,
1102 5493 1225 5548 vide
1250 5508 1303 5563 p.
1352 5491 1480 5548 565.

328 5587 463 5661 Pag.
489 5589 581 5656 24,
619 5590 672 5645 1.
694 5589 855 5645 Conf.
891 5589 1095 5660 p.187.

334 5684 465 5755 Pag.
492 5685 587 5752 27,
617 5684 679 5739 7.-
703 5683 863 5741 Conf.
892 5700 948 5755 p.
988 5682 1115 5738 297.

338 5777 464 5850 Pag.
498 5778 589 5833 51.
621 5776 860 5850 Symeon
908 5776 1063 5833 Sethi
1105 5775 1175 5832 de
1213 5774 1425 5832 lchnel.
1446 5790 1505 5846 p.
1538 5772 1646 5829 206
1684 5787 1696 5824 :
1729 5772 1846 5841 Μιᾷ

265 5870 373 5927 τῶν
403 5873 647 5945 ἡμερῶν.
688 5871 765 5927 Et
819 5870 899 5928 sic
927 5885 1015 5941 pp.
1052 5870 1181 5929 516.
1205 5868 1330 5929 582.
1370 5868 1501 5927 Inde
1530 5867 1721 5933 velim,
1748 5880 1847 5937 pro

1906 1231 2035 1303 μιᾶς
2051 1230 2160 1285 τῶν
2174 1231 2282 1302 ήμε
2291 1229 2571 1303 ρῶν,αοοά
2592 1228 2792 1297 legitur
2808 1245 2862 1301 p.
2880 1228 3007 1290 104.
3026 1244 3295 1300 reponere
3311 1232 3413 1304 μιᾷ
3433 1248 3484 1287 τ.

1902 1327 1956 1397 ἡ.
1992 1324 2104 1380 Nec
2138 1326 2297 1381 aliter
2325 1340 2378 1395 p.
2409 1324 2537 1387 278,
2582 1326 2683 1396 μιᾷ
2705 1323 2763 1378 δὲ
2787 1324 2900 1378 τῶν
2922 1323 3087 1397 4⁸15
3115 1324 3351 1381 νυκτῶν.
3377 1327 3485 1381 An-

1904 1419 2207 1489 dreopulus
2231 1419 2301 1474 de
2330 1416 2557 1489 Syntipa
2582 1434 2633 1489 p.
2662 1417 2757 1472 75:
2790 1418 2877 1472 Ἐν
2902 1419 3005 1490 μιᾷ
3025 1417 3137 1471 τῶν
3166 1416 3417 1490 ἡμερῶν,
3434 1426 3491 1473 et

1904 1529 1962 1586 p.
1983 1512 2052 1569 74
2081 1533 2095 1569 :
2124 1513 2243 1585 Μιᾷ
2286 1512 2421 1583 γοῦν
2466 1511 2573 1565 τῶν
2614 1510 2856 1582 ἡμερῶν.
2891 1511 3023 1577 Quae
3051 1510 3166 1565 duo
3208 1509 3328 1565 loca
3359 1525 3490 1581 pro-

1906 1605 2045 1672 fero,
2083 1611 2322 1659 nontam
2356 1611 2581 1674 propter
2631 1602 2770 1672 ipsa,
2799 1614 2962 1671 quam
3010 1599 3269 1655 monendi
3321 1613 3491 1655 causa

1906 1698 2277 1754 narrationem
2314 1696 2384 1752 de
2451 1694 2749 1759 columbis,
2787 1694 2876 1749 cui
2903 1694 3116 1758 insunt,
3145 1708 3270 1748 esse
3295 1690 3490 1748 confe-
3530 1714 3534 1718 ·

1907 1791 2135 1847 rendam
2175 1804 2303 1844 cum
2354 1788 2524 1844 simili
2565 1786 2843 1843 Simeonis
2891 1786 3045 1842 Sethi
3099 1784 3310 1853 fabula,
3352 1783 3490 1841 ibid.

1907 1901 1962 1957 p.
1999 1884 2125 1939 562.

1981 1974 2112 2045 Pag.
2142 1973 2233 2033 52.
2267 1973 2354 2028 16.
2383 1972 2469 2027 Cf.
2502 1987 2552 2042 p.
2590 1971 2717 2026 591.

1978 2064 2110 2137 Pag.
2149 2065 2239 2132 55,
2265 2064 2356 2120 21.
2381 2063 2462 2117 Ad
2495 2065 2662 2118 verba
2684 2063 2845 2117 τοῦτο
2869 2062 3158 2135 πρόκειται
3189 2072 3275 2118 est
3301 2063 3487 2133 glossa

1910 2160 2035 2216 inA
2075 2156 2204 2229 εὴτ¹
2254 2158 2317 2212 τὸ
2366 2154 2694 2228 γηράσκειν.
2738 2154 2836 2211 Est
2892 2157 3068 2227 prima
3121 2171 3226 2211 vox
3264 2157 3494 2228 legenda

1910 2253 2051 2325 ἢτοι.
2098 2249 2301 2307 Notum
2357 2248 2639 2306 adverbiis
2697 2248 2889 2320 ἤγουν,
2944 2249 3086 2320 ἦτοι,
3150 2247 3355 2314 εἷτουν,
3418 2250 3495 2304 uti

1912 2346 2300 2418 grammaticos
2331 2342 2715 2414 explicationis
2748 2356 2937 2397 causa.
2989 2339 3094 2407 Qui
3137 2356 3314 2411 nuper
3359 2341 3496 2396 allec

1912 2437 2062 2508 gavit
2108 2436 2312 2491 alicubi
2366 2432 2645 2490 Eustathii
2694 2432 2882 2498 verba,
2942 2429 3013 2484 τὰ
3042 2429 3264 2501 λάφυρα
3314 2430 3496 2484 εἵτουν

1917 2528 2109 2595 σκῦλα,
2142 2528 2227 2583 vir
2258 2526 2315 2584 d.
2346 2527 2604 2597 ascripsit
2640 2541 2654 2578 :
2692 2540 2838 2579 corr.
2893 2523 3085 2596 ἧγουν.
3112 2522 3205 2576 Nil
3231 2523 3496 2593 corrigat.
3535 2540 3537 2542 ‘

1915 2620 2423 2694 Frequentissimus
2442 2628 2528 2677 est
2545 2615 2955 2689 coniunctionis
2984 2615 3162 2671 εἰτουν
3190 2631 3327 2671 usus
3347 2616 3491 2688 apud

1917 2715 2270 2771 scholiastas.
2300 2713 2435 2769 Vide
2461 2712 2611 2768 Bast.
2645 2712 2702 2766 in
2740 2710 2876 2781 Epp.
2912 2707 3123 2764 Pariss.
3165 2723 3219 2779 p.
3259 2708 3350 2763 56.

1988 2807 2118 2879 Pag.
2150 2806 2242 2862 58.
2274 2804 2351 2862 De
2381 2805 2618 2861 formula
2642 2804 2869 2875 εἰρήνην
2897 2800 3080 2855 δοῦναι
3109 2800 3247 2855 adde
3263 2799 3500 2855 Tollium

1918 2902 2126 2973 lnsign.
2158 2900 2283 2956 itin.
2308 2916 2364 2971 p.
2396 2899 2528 2968 169;
2568 2897 2826 2955 Valcken.
2853 2895 3041 2953 Schol.
3079 2895 3137 2950 in
3165 2891 3232 2949 N.
3262 2892 3326 2949 Τ.
3358 2901 3402 2950 t.
3433 2890 3502 2961 ll,

1917 3011 1974 3068 p.
2013 2995 2100 3049 17.

1988 3086 2124 3158 Pag.
2154 3086 2245 3151 40,
2276 3086 2331 3142 2.
2367 3084 2529 3141 Conf.
2562 3100 2617 3155 p.
2642 3082 2770 3148 546,
2798 3098 2856 3137 n.
2885 3082 2940 3138 5.

1990 3179 2124 3253 Pag.
2154 3180 2247 3246 46,
2272 3180 2323 3233 1.
2348 3178 2637 3235 Recitatur
2664 3176 2780 3231 haec
2815 3175 3107 3238 sententia,
3134 3188 3235 3229 nec
3261 3174 3383 3228 sine
3410 3188 3508 3227 va-

1921 3273 2144 3339 rietate,
2171 3288 2202 3328 a
2239 3271 2503 3328 Michaele
2530 3268 2699 3341 Glyca
2735 3268 2901 3337 epist.
2922 3267 2977 3331 2,
3012 3282 3064 3335 p.
3097 3265 3201 3321 110
3232 3284 3246 3321 :
3292 3265 3350 3319 Ὀ
3372 3265 3512 3319 θειό-

1920 3383 2085 3428 τατος
2134 3365 2404 3437 Βαρλαὰμ
2447 3363 2594 3418 οὕτω
2638 3363 2780 3435 πρὸς
2828 3361 3065 3430 Ἰωάσαφ
3112 3359 3308 3429 ἔλεγε·
3350 3378 3369 3412 ι
3406 3360 3511 3414 Τὸν

1924 3458 2258 3533 [ἄνθρωπον]
2289 3457 2386 3511 ἀπ’
2410 3457 2590 3528 ἀρχῆς
2609 3453 3055 3524 αὑτεξουσιότητι
3095 3453 3193 3506 καί
3241 3450 3514 3525 ἀθανασίᾳ

1924 3552 2163 3623 τιμήσας
2194 3549 2420 3621 βασιλέα
2445 3550 2664 3604 πάντων
2686 3548 2795 3603 τῶν
2817 3546 3079 3615 ἐπιγείων
3100 3545 3454 3615 κατέστησεν.
3488 3564 3507 3597 ι

1924 3645 2086 3702 Conf.
2147 3644 2283 3701 ibid.
2332 3659 2388 3715 p.
2423 3643 2550 3698 127.
2580 3673 2649 3684 --
2677 3641 2730 3697 5.
2779 3640 3023 3713 Cyrillus
3072 3638 3304 3696 Catech.
3331 3655 3385 3709 p.
3420 3638 3455 3695 6
3493 3657 3509 3695 :

1941 3738 2171 3809 Ἀγαθὸς
2194 3736 2666 3800 κατασκευασθεὶς
2689 3734 2937 3797 διάϐολος
2963 3732 3191 3803 γέγονεν
3221 3730 3281 3796 ἐξ
3309 3730 3516 3797 οἰκείας

1927 3832 2325 3905 προαιρέσεως,
2348 3832 2412 3885 ἐκ
2438 3830 2542 3901 τῆς
2571 3829 2826 3900 πράξεως
2852 3825 3034 3881 λαϐὼν
3066 3825 3443 3898 προσηγορίαν
3470 3864 3512 3884 .-

1926 3955 1997 3968 --
2021 3925 2159 3981 Ibid.
2200 3924 2298 3979 Est
2322 3923 2425 3995 δρᾷ
2455 3922 2558 3994 τῆς
2590 3930 2647 3977 et
2678 3923 2733 3977 in
2763 3920 2889 3976 cod.
2921 3918 3047 3974 400.

2001 4017 2129 4089 Pag.
2160 4016 2253 4082 47,
2286 4016 2376 4074 10.
2414 4013 2868 4072 Pseudo-Abdias
2923 4027 3025 4076 vn,
3058 4011 3091 4065 6
3119 4029 3134 4067 :
3197 4030 3216 4063 ι
3248 4011 3513 4081 Angelus,

1918 4086 2023 4184 ‘qui
2044 4086 2109 4166 es
2142 4124 2203 4165 se
2226 4108 2487 4178 concepit
2525 4106 2813 4170 invidiam,
2853 4118 2951 4175 per
2974 4098 3277 4174 potentiam
3309 4100 3517 4172 angeli-

1928 4219 2049 4260 cam
2106 4210 2422 4274 serpentem
2474 4201 2778 4271 ingressus.
2820 4216 2839 4250 ι
2870 4227 2941 4239 -
2968 4195 3034 4251 N.
3072 4196 3125 4249 1.
3171 4193 3278 4249 Pro
3302 4193 3348 4247 δ’
3396 4190 3515 4247 ἀλλ’

1930 4309 2018 4357 est
2039 4297 2189 4353 Εὕαν
2224 4299 2283 4353 in
2322 4296 2449 4353 cod.
2485 4294 2631 4361 400;
2680 4294 2826 4365 quod
2858 4299 2944 4349 est
2994 4290 3213 4347 facilius
3266 4289 3515 4362 quidem,

1932 4392 2029 4450 sed
2070 4405 2179 4446 non
2209 4390 2427 4445 melius.

2002 4482 2133 4555 Pag.
2174 4482 2263 4549 48,
2299 4498 2354 4538 n.
2392 4483 2449 4538 2.
2486 4477 2670 4536 Scrib.
2704 4477 2887 4551 potius
2922 4494 3058 4540 πως.

2005 4575 2134 4646 Pag.
2166 4574 2256 4637 55,
2289 4588 2347 4627 ιι.
2375 4572 2429 4626 2.
2451 4572 2529 4628 De
2548 4568 2762 4642 junctis
2790 4568 3039 4639 σημείοις
3063 4564 3159 4621 καὶ
3180 4564 3374 4636 τέρασι
3396 4562 3520 4620 vide

1934 4668 2150 4723 Albert.
2182 4663 2251 4719 ad
2278 4662 2528 4720 Glossar.
2554 4677 2678 4736 pag.
2710 4660 2834 4716 115.

2004 4759 2137 4831 Pag.
2164 4756 2251 4811 56.
2285 4756 2381 4811 Est
2414 4752 2711 4825 ἠδικῆσθαι
2760 4752 2813 4806 in
2850 4750 3067 4807 Libanii
3107 4750 3301 4805 codice
3321 4749 3482 4809 5017.

1998 4839 2141 4923 Ῥακ.
2170 4849 2261 4915 65,
2292 4864 2350 4904 n.
2375 4847 2428 4901 6.
2459 4844 2624 4902 Conf.
2661 4861 2713 4915 p.
2736 4845 2864 4908 229,
2894 4859 2955 4898 n.
2991 4840 3047 4898 6.

2005 4942 2141 5015 Pag.
2171 4941 2262 5009 65,
2294 4957 2353 4996 n.
2379 4940 2433 4995 5.
2463 4937 2626 4994 Nilus
2651 4937 2817 5007 epist.
2844 4934 2948 4991 150
2978 4954 2993 4991 :
3033 4932 3365 5002 Ἀναγκαῖον
3386 4931 3526 4986 εἰδέ-

1940 5034 2132 5091 ναιὸτι
2185 5030 2404 5104 μέλλεις
2436 5029 2643 5100 βήματι
2690 5025 3068 5099 παρίστασθαι
3119 5022 3364 5096 φοϐερῷ,
3398 5020 3526 5075 ἔνθα

1940 5126 2119 5191 οὐδεὶς
2149 5125 2497 5195 διαφανεῖται
2523 5117 2836 5190 ἐπικουρῶν
2871 5135 2955 5172 σοι
2980 5117 3014 5188 ἦ
3044 5115 3333 5183 ἐξελέσθαι
3364 5114 3528 5195 δυνά-

1947 5186 2234 5293 μενοςττῆς
2256 5186 2441 5287 γειρδς
2461 5211 2557 5267 τοῦ
2590 5186 2906 5275 δικάζοντος
2929 5226 2943 5241 ο
2982 5186 3113 5262 ἔνθα.
3154 5206 3401 5275 δεινότης
3434 5186 3531 5259 καὶ

1943 5308 2242 5381 εὐστροφία
2271 5305 2446 5375 λόγων
2475 5302 2847 5373 καὶ-γλώττης
2872 5300 3023 5354 οὐδὲν
3055 5298 3339 5363 παντελῶς
3376 5297 3531 5367 ἰσχύ-

1948 5420 2037 5457 σαι
2067 5401 2451 5473 δυνήσεται....

2019 5496 2155 5567 Pag.
2185 5494 2274 5548 76.
2304 5491 2402 5547 Est
2432 5499 2488 5547 et
2521 5489 2665 5562 apud
2712 5487 2816 5543 Isa.
2868 5502 2924 5551 χ,
2962 5486 3046 5551 18,
3070 5482 3272 5554 φλογὸς
3309 5483 3534 5553 καιομέ-

1945 5609 2065 5662 νης.

2021 5681 2151 5753 Pag.
2180 5681 2270 5745 9|,
2322 5680 2406 5734 11.
2443 5675 2784 5747 TheOphilus
2812 5676 2969 5732 Alex.
3015 5673 3216 5730 llomil.
3246 5670 3412 5742 Cujus
3459 5670 3536 5723 rei

1952 5776 2108 5830 homo
2138 5773 2355 5835 similis,
2381 5788 2435 5844 p.
2466 5772 2500 5826 5
2536 5789 2549 5825 :
2592 5770 2717 5825 Ἐάν
2762 5768 2845 5833 τίς
2897 5785 2955 5821 σε
3004 5766 3308 5837 ἀγκαρεύοι
3357 5762 3536 5843 μίλιρν

1954 5868 2031 5936 ἓν,
2060 5868 2238 5937 ὕπαγε
2273 5867 2385 5921 δύο.
2440 5864 2574 5923 Cod.
2630 5865 2791 5928 1015,
2824 5861 3201 5934 -ἀγκαρεὺσει,
3254 5858 3541 5929 Reponam
