4026 6420
562 511 848 585 ἀγγαρεύῃ
885 513 969 565 vel
1006 510 1352 586 ἁγγαρεύσῃ.
1391 511 1464 568 De
1497 512 1772 581 scriptura
1796 529 1868 580 γκ
1917 527 2015 582 pro
2048 527 2143 578 γγ,

570 609 656 677 egi
681 606 747 661 ad
773 604 1031 660 Planutlis
1059 604 1275 660 Metam.

637 695 765 766 Pag.
794 697 883 751 95.
922 695 995 750 De
1033 694 1268 750 formula
1300 691 1397 750 οἷδ’
1433 697 1514 750 ὅτι
1549 695 1738 750 monui
1771 702 1826 749 et
1872 693 1939 748 ad
1974 692 2142 762 SOplt.

585 792 911 862 Antigonam
941 807 994 843 ν.
1029 790 1157 845 276.
1202 791 1374 856 Quam
1431 789 1670 844 fabulam
1717 803 1841 844 cum
1889 788 2147 858 praelege-

573 900 701 944 tem,
741 899 805 938 ex
829 883 996 939 simili
1028 884 1338 954 parenthesi
1373 884 1775 953 interpretabar
1802 881 2144 937 salebrosum

570 977 812 1040 initium,
852 975 1189 1031 Schal‘erum
1243 987 1468 1030 secutus
1535 975 1711 1030 Melet.
1749 990 1803 1044 p.
1843 972 1956 1028 92:
1999 966 2147 1042 (Ἆρ’

565 1065 701 1122 οἶσθ’
724 1070 804 1122 ὅτι
829 1069 868 1139 ζ)
901 1070 1037 1131 Ζεὺς
1065 1068 1172 1120 τῶν
1204 1069 1297 1122 ἀπ’
1323 1068 1546 1122 Οἰδίπου
1579 1067 1834 1122 κακῶν...

831 1155 958 1226 Pag.
993 1155 1156 1221 91,9.
1184 1155 1269 1210 Cf.
1307 1157 1506 1224 p.141,
1543 1174 1595 1211 n.
1623 1156 1672 1209 1.

637 1247 768 1318 Pag.
802 1248 927 1308 101,
956 1248 1042 1303 10.
1075 1247 1249 1317 Epist.
1285 1249 1347 1302 ad
1386 1249 1541 1301 Rom.
1575 1264 1693 1310 vttt,
1722 1248 1788 1301 17
1823 1267 1837 1304 :
1872 1247 2148 1319 Κληρονὸ-

572 1359 664 1409 μοι
694 1340 793 1410 μὲν
816 1339 975 1403 Θεοῦ,
1010 1340 1450 1411 συγκληρονὸμοι
1480 1340 1538 1393 δὲ
1558 1337 1817 1409 Χριστοῦ.

640 1430 770 1502 Pag.
797 1431 920 1494 112,
935 1432 1026 1486 22.
1052 1431 1262 1486 Forsan
1286 1430 1598 1500 ἀναϐλέψας
1617 1431 1674 1484 δὲ
1692 1434 1806 1495 τοῖς
1823 1430 2147 1500 ὀφθαλμοῖς.

569 1524 630 1578 Ρ.
668 1524 791 1583 106.
830 1525 891 1577 17
926 1540 938 1575 :
971 1523 1292 1594 Ο,ψαλμοῖς
1332 1524 1427 1577 καὶ
1463 1522 1654 1596 ὕμνοις
1690 1524 2035 1595 ὁμοθυμαδὸν
2073 1522 2151 1593 τῷ

569 1614 761 1683 Κυρίῳ
788 1612 1027 1685 ᾄδοντες.

642 1704 769 1774 Pag.
811 1703 930 1768 122,
981 1705 1067 1760 10.
1109 1704 1346 1776 Symeon
1405 1705 1558 1760 Setlti
1619 1705 1824 1761 lclmel.
1884 1722 1937 1775 p.
1991 1705 2146 1760 226:

582 1791 917 1862 Ἐδιωκόμην
952 1793 1113 1864 μέχρι
1145 1794 1238 1847 τοῦ
1273 1795 1368 1849 νῦν
1406 1797 1557 1866 παρὰ
1579 1796 1687 1850 τῶν
1724 1795 2030 1868 θηρευτῶν,
2057 1798 2146 1849 τό·

571 1902 672 1939 πον
702 1887 764 1937 ἐκ
791 1886 956 1938 τόπου
989 1886 1316 1956 ἀμείϐουσα.

642 1973 770 2045 Pag.
802 1974 924 2029 125.
955 1975 1133 2030 Locus
1167 1992 1276 2031 non
1309 1978 1521 2050 integer
1552 1990 1654 2035 est.
1699 1978 2151 2050 Trapezuntiana

569 2068 752 2123 versio
774 2069 910 2121 nihil
933 2069 1171 2138 praesidii
1203 2071 1448 2136 exhibet,
1491 2072 1556 2126 ad
1585 2073 1858 2138 codicem,
1892 2082 1950 2128 ut
1996 2073 2151 2128 vide-

573 2170 684 2226 tur,
735 2161 984 2216 inStituta
1025 2179 1136 2217 non
1180 2163 1405 2219 bonum.
1445 2165 1554 2221 Sed
1605 2166 1814 2238 Billyus
1848 2167 2148 2237 pleniorem

577 2254 788 2315 habuit,
823 2254 1019 2324 sicque
1055 2255 1218 2310 vertit
1250 2273 1265 2313 :
1291 2295 1305 2310 .
1327 2294 1342 2308 .
1366 2297 1378 2310 .
1403 2299 1416 2312 .
1452 2257 1525 2310 les
1556 2257 1844 2312 chaussant
1885 2259 1916 2311 ὰ
1946 2258 2000 2311 Ia
2030 2261 2151 2326 pré-

572 2349 819 2414 paration
851 2348 915 2400 de
937 2347 1212 2415 l‘évangile
1241 2347 1305 2403 de
1333 2350 1461 2416 paix
1491 2363 1509 2402 :
1536 2359 1585 2404 et
1616 2350 1905 2418 partantje
1936 2367 2016 2404 me
2043 2350 2153 2404 suis

570 2440 757 2493 estimé
789 2439 1070 2492 miserable
1099 2441 1131 2493 ὰ
1160 2457 1316 2494 cause
1345 2441 1407 2494 de
1440 2458 1560 2495 mon
1588 2459 1769 2496 erreur
1799 2441 2074 2510 précédent
2103 2450 2154 2494 et

576 2531 758 2586 lourde
783 2531 1076 2599 déception,
1103 2541 1251 2587 etme
1279 2534 1388 2588 suis
1417 2535 1514 2588 mis
1542 2537 1574 2588 ὰ
1601 2535 1823 2603 prendre
1852 2543 1980 2588 cette
2006 2551 2152 2604 voye,

573 2624 801 2694 loquella
824 2625 856 2677 ὰ
889 2625 985 2678 bon
1015 2626 1185 2679 droict
1217 2625 1310 2688 i‘ai
1336 2630 1579 2695 preposée
1606 2628 1638 2680 ὰ
1675 2638 1843 2682 toutes
1877 2627 2153 2681 σήπει...

577 2718 843 2788 Equidem
891 2718 1109 2774 codices
1159 2719 1282 2783 901,
1308 2719 1434 2784 905,
1469 2720 1598 2786 907,
1651 2721 1777 2786 908,
1816 2720 1976 2784 1126,
2012 2719 2152 2776 1152

576 2809 813 2878 inspexi,
865 2825 989 2864 cum
1045 2811 1133 2864 hic
1177 2811 1331 2867 locus
1372 2813 1525 2883 prelo
1579 2813 1985 2868 submittendns
2018 2813 2141 2880 fuit,

576 2902 930 2972 animumque
951 2904 1243 2957 verborum
1274 2905 1724 2959 incoluerentium
1749 2906 1932 2960 hiatus
1964 2907 2157 2961 adver-

580 2996 664 3057 tit,
695 2995 788 3049 sed
844 2997 978 3051 meis
1007 2997 1095 3051 AC
1143 2999 1555 3054 consentientes
1609 3014 1732 3054 esse
1773 2999 1989 3068 reperi;
2047 2999 2152 3054 nisi

578 3088 723 3157 quod
756 3088 809 3140 in
843 3089 1124 3142 nonnullis
1145 3103 1244 3158 pro
1269 3091 1489 3143 πάντων
1515 3098 1663 3145 esset
1689 3092 1926 3155 πάντως.
1949 3091 2156 3147 Βοηυηι

575 3190 663 3234 est
693 3181 913 3234 πάντων
947 3197 959 3232 :
995 3197 1046 3250 p.
1075 3181 1197 3244 155,
1236 3181 1322 3246 16,
1352 3183 1573 3236 πάντων
1605 3184 1941 3257 προκρίνων.

650 3271 776 3343 Pag.
817 3271 940 3328 125.
964 3271 1056 3327 Est
1087 3281 1141 3328 et
1169 3274 1476 3342 κυναγίαὶη
1501 3275 1627 3329 cod.
1657 3274 1962 3346 Sophocleo
1990 3275 2153 3331 2884.

649 3364 778 3435 Pag.
809 3366 931 3420 127.
969 3367 1063 3421 Est
1096 3366 1222 3420 σκιὰ
1254 3367 1487 3422 θανάτου
1525 3369 1731 3425 locutio
1795 3369 2018 3436 biblica,
2060 3386 2156 3425 ea-

578 3472 686 3524 que
741 3456 1022 3527 frequens.
1075 3458 1209 3514 Vide
1241 3475 1330 3529 pp.
1391 3459 1515 3526 187,
1570 3460 1700 3529 218,
1741 3469 1782 3519 ι.
1839 3462 1906 3530 ll,
1939 3463 2158 3534 p.115,

579 3547 724 3603 Psal.
773 3564 883 3613 ενι,
917 3550 1008 3604 16.

652 3641 782 3711 Pag.
819 3642 943 3709 151,
980 3644 1071 3699 16.
1127 3646 1312 3701 Monet
1353 3655 1661 3716 opportune
1713 3645 1830 3704 Jac.
1866 3648 2072 3720 Billyus
2104 3648 2158 3702 in

583 3732 768 3785 All-atii
831 3733 896 3787 ad
941 3732 1209 3789 Joannem
1267 3735 1523 3790 Damasc.
1570 3737 1976 3808 Prolegomenis
2007 3738 2034 3809 §
2062 3739 2156 3803 44,

581 3831 758 3876 totum
788 3821 935 3877 hunc
961 3826 1028 3878 de
1060 3824 1309 3879 libertate
1338 3826 1550 3879 arbitrii
1575 3826 1754 3880 locum
1787 3841 1911 3880 esse
1937 3827 2004 3882 ad
2036 3844 2158 3881 ver-

583 3915 709 3968 bum
742 3916 1134 3986 transcriptum
1161 3933 1224 3972 ex
1261 3915 1584 3971 Damasceni
1642 3917 1796 3972 libris
1855 3917 1928 3972 De
1981 3921 2160 3974 ortho-

584 4006 725 4058 doxa
759 4006 884 4075 ﬁde.
914 4036 982 4047 —-
1013 4007 1099 4063 19.
1129 4007 1188 4062 ln
1219 4009 1338 4063 loco
1359 4008 1600 4063 obscuro
1632 4009 1902 4064 exhibebo
1927 4011 2160 4067 varieta-

581 4108 688 4152 tem
721 4097 844 4153 cod.
880 4097 922 4153 C
957 4116 968 4152 :
1001 4102 1111 4153 Καὶ
1140 4100 1296 4164 αὖθις
1325 4099 1489 4166 αύτεξ
1513 4116 1526 4130 ο
1560 4100 1679 4152 ἐστὶ
1707 4102 1869 4171 νοερά
1895 4119 1979 4166 τις
2009 4103 2162 4174 κίνη-

582 4208 666 4254 σις
685 4191 863 4262 ψυχῆς
895 4193 1261 4265 αὐτοκρατὴς.
1292 4194 1412 4249 Mox
1437 4194 1644 4250 omittit
1674 4194 1706 4264 ἢ
1733 4193 2013 4263 βούλευσις
2041 4196 2162 4269 ὀρε-

580 4285 742 4356 κτικη
767 4284 876 4337 τῶν
904 4286 989 4354 ἐφ’
1012 4287 1168 4356 ἡμῖν.

651 4374 779 4448 l’ag.
819 4376 944 4444 152,
981 4377 1033 4435 8.
1071 4382 1136 4444 Α,
1163 4380 1338 4444 οὐδεὶς
1367 4382 1477 4455 γὰρ
1512 4401 1715 4458 προκρ.
1740 4417 1807 4426 -
1831 4385 1886 4441 9.
1931 4385 1996 4449 C,
2041 4384 2161 4440 sine

579 4469 708 4538 γάρ.

652 4560 781 4634 Pag.
810 4563 933 4618 156.
959 4563 1186 4618 Moneor
1213 4581 1241 4618 a
1274 4567 1393 4622 viro
1417 4566 1646 4625 doctiss.
1693 4569 2024 4634 Reiskianae,
2053 4583 2159 4638 qua

583 4669 717 4708 usus
754 4668 904 4720 sum,
946 4657 1318 4712 observationi
1359 4657 1427 4714 de
1474 4660 1958 4732 πρωτοσυμϐούλῳ
1999 4675 2161 4731 posse

581 4746 909 4802 contradici.

652 4838 779 4910 Pag.
822 4838 944 4904 155,
981 4839 1069 4895 17.
1104 4839 1178 4896 De
1211 4843 1438 4913 μυηθεὶς
1488 4848 1609 4904 vide
1642 4863 1696 4920 p.
1733 4847 1860 4903 269.
1891 4846 1977 4906 Cf.
2013 4854 2069 4903 et
2103 4862 2155 4917 p.

579 4930 705 4994 565,
739 4933 820 4991 14.

649 5025 784 5095 Pag.
820 5025 945 5090 156,
970 5028 1024 5082 5.
1057 5027 1120 5091 C,
1147 5027 1428 5085 διακονίαν
1457 5049 1559 5102 μου
1591 5031 1935 5102 πεπλήρωκα
1965 5028 2154 5086 :conf.

582 5133 670 5187 pp.
709 5114 834 5183 550,
872 5118 947 5187 6;
981 5119 1108 5185 555,
1160 5119 1250 5176 17.
1311 5121 1458 5177 Dixit
1489 5138 1544 5193 p.
1580 5121 1701 5188 177,
1741 5121 1834 5190 20,
1884 5119 2159 5178 διακονίαν

579 5208 859 5264 τετέλεκα.

649 5299 778 5372 Pag.
816 5302 939 5358 157.
977 5303 1131 5360 Adde
1182 5303 1398 5360 Pantin.
1434 5305 1502 5362 de
1530 5306 1810 5378 σφραγῖδι,
1852 5323 1948 5364 seu
1981 5308 2156 5380 bapti-

576 5409 717 5458 smo,
746 5395 809 5449 ad
842 5393 1010 5450 Basil.
1052 5395 1269 5454 Seleuc.
1305 5414 1359 5468 p.
1391 5396 1517 5453 585.

649 5486 775 5556 Pag.
817 5487 937 5552 160,
968 5489 1055 5545 12.
1086 5489 1246 5547 Conf.
1283 5506 1339 5560 p.
1368 5489 1497 5546 287.

645 5573 774 5644 Pag.
802 5575 924 5630 186.
969 5577 1133 5643 Infra,
1171 5580 1457 5651 scilicetp.
1481 5580 1608 5638 217.
1632 5579 1778 5653 Ignis
1809 5583 2010 5640 inferni
2031 5585 2149 5641 sine

571 5666 824 5721 claritate
860 5667 972 5740 πῦρ
1002 5672 1175 5738 φωτὸς
1199 5673 1322 5744 δίχα
1345 5674 1522 5730 dictus
1556 5683 1641 5730 est
1675 5677 1743 5732 ab
1765 5686 1993 5735 auctore
2023 5696 2151 5735 ver-

573 5774 732 5813 suum
764 5761 1177 5832 nonnullorum,
1212 5781 1376 5836 quos,
1408 5781 1531 5820 cum
1559 5767 1835 5828 .ineditos
1876 5787 1998 5828 esse
2041 5790 2144 5843 μισ

572 5861 704 5920 1cm,
744 5852 1051 5910 describam
1082 5871 1111 5911 ο
1141 5857 1325 5915 codice
1357 5857 1514 5925 1650,
1535 5875 1587 5930 p.
1627 5861 1757 5927 157,
1790 5863 1842 5918 2.
1869 5863 2144 5935 [Πέττονθα

1416 398 1635 459 ΝΟΤίΕ
1675 399 1774 458 AD
1813 396 2051 459 VITAM
2091 395 2451 454 BARLAAM
2494 395 2587 455 ET
2629 395 2980 457 JOASAPH.

2248 507 2419 575 δεινὰ,
2477 508 2615 580 πλὴν
2666 511 2876 574 δίκαια,
2915 507 3120 580 Χριστό
3152 525 3253 578 μου
3281 524 3293 536 ·
3330 503 3612 580 [Πέπονθα
3666 503 3829 577 477

2247 603 2419 666 δεινὰ,
2446 605 2585 676 πλὴν
2611 605 2760 676 ἐμῶν
2775 605 2923 674 ἥττω
2950 598 3316 674 κακῶν.ξ[ούκ
3332 600 3452 653 ἔστι
3475 598 3633 669 ποινὴ
3663 599 3822 667 etpal-

2253 697 2439 766 μάτων
2491 696 2640 766 ἐμῶν
2695 696 2806 768 ίση.
2845 695 3110 768 [Δαίμων,
3161 693 3337 755 νόσος,
3394 691 3668 762 μάχαιρα,
3704 689 3829 759 πῦρ,

2250 789 2424 860 λύμη,
2450 791 2666 853 σκότος,
2701 785 3249 860 [Μάστιγες,ὖ6ρεις,
3280 784 3463 854 λιμὸς,
3492 783 3829 852 ὲμπαιγμὸς,

2249 883 2446 955 γέλως,
2468 881 2573 954 [Τὰ
2603 881 2810 953 φρικτὰ
2840 880 3020 933 πάντα
3047 878 3146 948 τῆς
3175 876 3389 930 ἐκεῖθεν
3425 875 3642 945 ἡμέρας
3669 871 3828 945 [Δίωι

2250 981 2379 1042 νίως
2421 977 2654 1048 μένοντα
2681 1012 2696 1037 ,
2732 973 2844 1046 πῦρ
2883 972 3062 1043 φωτὸς
3109 970 3250 1041 δίχα,
3285 968 3515 1043 [Σκότος
3547 966 3826 1036 φλογίζον,

2255 1073 2566 1145 Τάρταρος,
2588 1070 2828 1142 σκώληξ,
2852 1070 3025 1133 πόνοι,
3042 1067 3322 1140 [Ἃπαντα
3340 1064 3516 1120 ταῦτα
3541 1064 3653 1117 τῶν
3682 1062 3823 1130 ἐμῶν

2252 1169 2400 1237 ἥττω
2424 1165 2632 1220 κακῶν.
2661 1159 3183 1236 [Στήλῃγεγρὰφθω
3210 1157 3387 1213 ταῦτα
3422 1157 3586 1227 μέχρι
3614 1155 3716 1207 καὶ
3745 1153 3828 1206 τί·

2255 1259 2402 1320 λους.
2426 1256 2642 1329 [Βοῶσα
2661 1257 2817 1327 (ρυιο
2834 1253 3109 1310 excidisse
3135 1263 3355 1306 versum
3375 1246 3443 1301 de
3462 1246 3616 1300 tuba.
3648 1242 3830 1298 Posset

2258 1350 2477 1420 quidem
2511 1348 2693 1418 βοῶσα
2719 1347 2786 1402 de
2818 1346 2992 1416 στήλῃ
3022 1342 3283 1411 intelligi;
3314 1338 3410 1396 sed
3443 1352 3683 1408 sequens
3711 1334 3824 1388 σαλ-

2257 1446 2405 1498 πίσει
2435 1443 2628 1498 durius
2679 1455 2802 1496 cum
2857 1439 3028 1509 στήλῃ
3078 1434 3422 1508 iungeretur)
3463 1429 3654 1502 μακρὰ
3700 1430 3826 1481 πᾶσι

2259 1541 2419 1610 μέχρι
2442 1536 2754 1608 τερμάτων,
2773 1532 2920 1606 [Κᾶν
2946 1534 3057 1586 πᾶν
3080 1529 3330 1601 παρέλθῃ
3343 1527 3506 1581 τοῦτο
3529 1523 3678 1595 (cod.
3697 1538 3829 1592 παρ·

2255 1631 2422 1685 έλθοι.
2448 1632 2545 1685 Est
2577 1630 2684 1683 πᾶν
2717 1627 2878 1681 τοῦτο
2911 1625 3148 1680 mundus
3170 1623 3260 1678 hic
3289 1616 3628 1686 universus),
3666 1614 3826 1670 ταῦτα

2261 1723 2531 1788 σαλπίσει,
2565 1721 2700 1794 [Καὶ
2733 1723 2847 1783 τοῖς
2904 1718 3084 1772 ὲκείθε
3126 1718 3313 1780 πᾶσιν,
3363 1714 3442 1777 ὡς
3476 1712 3638 1765 πᾶσιν
3675 1711 3823 1780 μόνος

2260 1816 2439 1888 [Νικῶ
2467 1817 2660 1877 κακοῖς
2687 1813 2922 1874 ἅπαντα,
2951 1809 3094 1880 πλὴν
3130 1807 3311 1870 σοῦ,’Χ
3325 1804 3476 1874 ριστέ
3508 1820 3630 1873 μου.
3665 1802 3827 1854 Mur!

2263 1925 2330 1978 με
2347 1908 2474 1978 νικᾷ
2495 1907 2586 1958 σὺν
2605 1905 2843 1973 πέλαγος
2860 1903 3176 1972 θαυμάτων,
3199 1896 3639 1973 [Εύσπλαγχνίας
3669 1892 3824 1947 56w-

2262 2013 2352 2058 σος
2375 1995 2437 2048 οὐ
2460 2011 2660 2065 μετρου
2670 1991 3069 2066 μένη,[οἴκτων
3087 1987 3324 2060 ἀείρους,
3342 1985 3566 2056 δωρεῶν
3582 1983 3817 2054 ἀπειρία.

2330 2091 2460 2161 Pag.
2496 2089 2620 2155 197,
2656 2089 2743 2144 10.
2772 2085 2932 2142 Coni.
2957 2102 3012 2156 p.
3037 2083 3162 2140 540.

2333 2184 2467 2254 Pag.
2488 2183 2618 2247 204,
2645 2184 2730 2237 14.
2755 2183 2891 2235 Acta
2920 2178 2980 2233 S.
3003 2175 3236 2232 Tarachi
3269 2190 3325 2245 p.
3355 2172 3466 2228 290
3495 2193 3508 2227 :
3545 2171 3652 2235 οὓς
3677 2186 3829 2239 epos.

2259 2277 2484 2344 δέξασθε
2510 2274 2646 2345 μετὰ
2669 2273 2835 2342 φόϐου
2857 2272 2952 2326 καὶ
2973 2268 3176 2338 πολλῆς
3195 2265 3398 2330 αίδοῦς,
3421 2266 3587 2328 ὄντας
3608 2263 3827 2334 ἐργάτας

2261 2371 2353 2425 τοῦ
2381 2369 2513 2423 Θεοῦ
2545 2369 2636 2422 καὶ
2661 2366 2759 2420 τοῦ
2789 2362 3028 2435 Χριστοῦ
3064 2359 3256 2417 αὐτοῦ.

2338 2460 2468 2531 Pag.
2500 2457 2738 2523 210,16.
2766 2456 2964 2512 Addidi
2991 2453 3308 2508 articulum.

2333 2552 2462 2622 Pag.
2491 2551 2619 2616 211,
2643 2549 2697 2604 5.
2730 2546 2858 2604 lsai.
2888 2563 3018 2610 Lvn,
3049 2545 3116 2600 15
3140 2544 3365 2610 ε”Αγιος
3387 2543 3445 2594 ὲν
3471 2538 3649 2608 ἁγίοις
3675 2539 3825 2608 ὄνομα

2264 2644 2431 2715 αὐτῷ,
2461 2642 2682 2713 ὕψιστος
2711 2643 2768 2694 ὲν
2802 2639 2980 2708 ἁγίοις
3007 2637 3444 2705 ἀναπαυόμενος.

2337 2738 2464 2808 Pag.
2496 2735 2624 2802 219,
2654 2734 2705 2788 8.
2738 2731 2896 2788 Conf.
2933 2729 3133 2802 p.290.

2335 2828 2467 2898 Pag.
2495 2825 2621 2880 225.
2649 2823 2788 2879 Ρυῑο
2818 2823 2999 2884 πίστις
3034 2835 3144 2875 non
3180 2816 3535 2873 servandum.

2334 2919 2464 2991 Pag.
2501 2919 2626 2984 221,
2653 2916 2738 2972 16.
2781 2915 2962 2969 Malim
2994 2914 3053 2967 τὸ
3078 2911 3156 2983 τῷ
3185 2911 3360 2981 πατρὶ
3395 2907 3703 2964 πείθεσθαι.

2336 3010 2464 3082 Pag.
2496 3009 2623 3071 226,
2653 3025 2708 3062 n.
2739 3009 2793 3063 5.
2827 3005 3006 3061 Scrib.
3038 3004 3144 3058 κᾶν
3182 3002 3314 3058 ἄλλο
3341 3005 3486 3056 τοῖον
3519 3002 3695 3072 δήτοι.

2334 3101 2463 3172 Pag.
2499 3101 2630 3165 254,
2653 3101 2707 3165 7,
2741 3101 2810 3164 Α,
2838 3099 2947 3152 τῶν
2978 3096 3119 3151 κατὰ
3142 3095 3299 3148 πόλιν
3320 3093 3616 3150 οἰκούντων
3641 3094 3822 3166 ἀρχόν-

2261 3212 2389 3248 των.
2422 3193 2714 3264 Displicuit
2752 3190 2949 3262 duplex
2996 3186 3373 3260 participium,
3407 3199 3533 3240 cum
3576 3185 3649 3240 sit
3684 3186 3822 3254 prius

2265 3302 2493 3359 prorsus
2565 3285 2885 3355 languidum
2938 3290 2992 3338 et
3054 3281 3270 3336 inutile.
3325 3277 3592 3333 Libanius
3644 3286 3685 3333 t.
3739 3276 3828 3343 IV,

2265 3397 2320 3451 p.
2348 3380 2456 3435 226
2483 3397 2498 3434 :
2530 3378 2647 3433 Κᾶν
2675 3377 2896 3447 ἐτέρους
2925 3374 3019 3428 ίδω
3051 3371 3351 3444 μεθύοντας
3381 3373 3444 3424 ὲκ
3468 3370 3654 3434 πάτου,
3677 3369 3818 3441 διαρ

2268 3475 2546 3548 ῥήγνυμαι
2594 3472 2672 3544 τῷ
2723 3470 2923 3541 φθόνῳ.
2971 3467 3109 3523 Cod.
3153 3465 3316 3531 5017,
3356 3462 3660 3537 μεθύοντας
3709 3463 3828 3516 ἀνα·

2264 3568 2491 3631 λύοντας
2521 3569 2586 3620 ὲκ
2616 3585 2675 3620 π.
2708 3584 2722 3620 :
2761 3565 2925 3633 idque
2958 3569 3130 3625 recte,
3157 3567 3312 3631 puto.

2336 3662 2468 3731 Pag.
2499 3658 2625 3722 256,
2653 3659 2708 3714 8.
2739 3658 2803 3721 C,
2832 3654 3206 3710 καταδικάσω.

2335 3753 2465 3824 Pag.
2497 3752 2624 3817 250,
2657 3751 2708 3806 5.
2742 3749 3023 3810 Ouzelius,
3059 3748 3166 3802 hoc
3222 3745 3344 3800 loco
3377 3758 3510 3798 usus
3551 3741 3622 3796 ad
3664 3740 3823 3796 Miuu~

2267 3845 2414 3900 cium
2445 3860 2534 3915 pp.
2578 3842 2702 3907 161,
2746 3840 2869 3904 174,
2924 3847 3079 3894 notat
3120 3837 3348 3891 vitulum
3403 3848 3527 3889 esse
3576 3832 3671 3889 de'
3701 3834 3820 3888 bove

2269 3939 2367 4008 Api
2396 3935 2761 4006 capiendum;
2797 3932 2891 3989 sed
2926 3945 3116 3986 errare
3146 3937 3449 3990 auctorem,
3486 3923 3578 3995 qui
3614 3939 3822 3994 porcum

2268 4031 2409 4085 inter
2455 4026 2712 4082 animalia
2758 4024 2912 4096 ponit
2963 4023 3031 4077 ab
3063 4019 3338 4092 :Egyptiis
3387 4017 3554 4077 culta,
3588 4017 3816 4101 citatqtte

2265 4116 2551 4174 commode
2586 4113 2792 4170 Elian.
2848 4110 2913 4166 11.
2948 4111 3014 4166 A.
3047 4127 3100 4178 x,
3135 4109 3224 4164 16.
3264 4104 3418 4162 Adde
3451 4103 3712 4161 Herodot.
3745 4106 3817 4169 11,

2268 4207 2356 4270 17,
2381 4221 2506 4261 cum
2539 4211 2670 4259 nota
2695 4201 2980 4257 Larcheri.

2335 4297 2463 4368 Pag.
2493 4296 2622 4362 255,
2646 4295 2700 4351 8.
2735 4293 2819 4349 cr.
2843 4308 2897 4364 p.
2939 4291 3062 4358 168,
3089 4307 3145 4346 n.
3181 4291 3232 4347 1.

2333 4389 2466 4460 Pag.
2498 4388 2623 4450 256,
2661 4386 2749 4442 16.
2785 4385 3044 4441 Ευηιοιιι.
3094 4383 3279 4456 Hysm.
3313 4401 3366 4448 ν,
3403 4398 3456 4452 p.
3498 4382 3593 4438 161
3628 4400 3643 4436 :
3677 4381 3820 4435 Οὕτω

2260 4483 2362 4552 τὴν
2387 4480 2560 4552 καλὴν
2582 4479 2806 4552 ἐξῆλθον
2824 4478 3159 4550 Αὐλίκωμιν,
3189 4517 3203 4532 .
3226 4515 3241 4530 .
3262 4516 3276 4531 .
3305 4477 3382 4540 ὡς
3419 4475 3826 4545 Ὀλυμπιονίκης

2262 4573 2357 4628 καὶ
2402 4572 2630 4643 νικήσας
2669 4572 2732 4625 τὸ
2781 4569 3103 4625 πένταθλον.
3150 4567 3361 4639 Scripsi
3400 4569 3484 4624 sic
3529 4566 3588 4621 τὸ
3637 4583 3696 4620 π.
3739 4581 3824 4635 pro

2260 4667 2406 4721 edito
2447 4665 2541 4718 τὸν
2571 4664 2752 4728 πέντ.,
2801 4678 2934 4717 usus
2967 4663 3197 4718 lectione
3229 4673 3391 4731 quam
3431 4675 3463 4716 e
3512 4657 3672 4714 codd.
3709 4671 3822 4728 pro-

2262 4758 2388 4814 tulit
2421 4757 2626 4813 Bassus
2651 4773 2704 4828 p.
2735 4756 2843 4812 282
2863 4756 3137 4812 versionis
3161 4754 3393 4827 gallicas.

2333 4851 2467 4921 Pag.
2494 4849 2622 4913 257,
2662 4849 2748 4904 17.
2782 4847 2865 4904 Cf.
2899 4848 3110 4919 p.152,
3145 4865 3203 4902 n.
3231 4848 3287 4902 ι.

2331 4943 2461 5015 Pag.
2492 4943 2619 5010 269,
2649 4943 2732 4998 14.
2759 4941 3079 4997 Pltilotheus
3112 4941 3348 4997 Fabricii
3373 4939 3518 4996 Bibl.
3541 4937 3629 4994 Gr.
3660 4949 3701 4997 t.
3735 4937 3815 5000 XI,

2259 5056 2315 5111 p.
2347 5037 2492 5096 516:
2527 5037 2868 5108 Τυραννικόν
2898 5053 2953 5090 τι
2985 5036 3080 5090 καὶ
3117 5034 3292 5107 βίαιον
3327 5035 3493 5106 ἔρως.

2332 5131 2461 5202 Pag.
2490 5131 2617 5186 277.
2646 5129 2802 5185 Plato
2822 5127 2999 5200 Epist.
3026 5128 3170 5183 inter
3197 5125 3512 5182 Socraticas
3531 5125 3640 5180 25:
3679 5124 3817 5178 Ἐπεὶ

2259 5223 2315 5278 δὲ
2348 5224 2441 5277 καὶ
2469 5221 2614 5295 ἀρχὴ
2643 5222 2747 5292 τῆς
2781 5221 3038 5292 γνώσεως
3072 5221 3165 5291 ἀφ’
3204 5219 3363 5292 ἡμῶν
3395 5218 3612 5289 γέγονε,
3655 5216 3822 5278 καλῶς

2259 5316 2407 5388 ἔχειν
2431 5311 2584 5387 οἶμαι
2610 5314 2706 5369 καὶ
2730 5314 2827 5369 νῦν
2843 5315 3030 5386 ὥσπερ
3054 5313 3222 5386 478
3245 5314 3438 5384 ἑτέραν
3460 5311 3634 5383 ἀρχὴν
3655 5310 3821 5364 notet}-

2263 5425 2445 5477 μενος,
2493 5408 2881 5479 παρακαλέσαι
2919 5408 3057 5478 πρὸς
3113 5407 3212 5477 τὴν
3264 5405 3591 5478 ἐπιμέλειαν
3635 5401 3811 5458 αὑτοῦ.

2260 5502 2405 5556 Bene
2449 5501 2623 5556 codex
2655 5500 2818 5565 1760,
2869 5500 3257 5572 παρακαλέσαι
3285 5517 3378 5553 σε’
3415 5499 3510 5569 qui
3553 5509 3607 5554 et
3637 5499 3822 5565 benetl

2258 5602 2385 5648 ante
2409 5594 2553 5664 ἀρχὴ
2583 5595 2824 5650 exhibet.
2846 5594 3002 5661 Quod
3029 5601 3083 5650 et
3117 5595 3193 5650 ibi
3226 5594 3494 5665 scriptum
3518 5599 3622 5658 est,
3654 5588 3821 5645 ποιοὺ·

2260 5702 2420 5755 μενος
2460 5685 2798 5750 συστάσεως,
2826 5701 2936 5741 non
2976 5685 3251 5756 displicet.

2327 5773 2458 5846 Pag.
2491 5775 2621 5841 278,
2653 5774 2743 5829 22.
2790 5775 3014 5831 .Prazivit
3047 5775 3344 5848 Gregorius
3393 5775 3528 5832 Νη.
3570 5784 3706 5832 orat.
3737 5776 3816 5834 10.

2257 5883 2305 5939 p.
2345 5868 2468 5934 615,
2509 5869 2575 5924 7:
2627 5870 2786 5923 Ἀλλὰ
2839 5873 2929 5925 καὶ
2983 5871 3208 5944 γραφῶν
3246 5872 3510 5943 ἔμπειρος
3546 5874 3576 5926 ὁ
3607 5871 3814 5942 λῃστής.
