4026 6410
278 440 427 507 1245

275 552 429 610 Sunt
462 552 609 624 apud
658 550 1023 608 Athanasium
1077 550 1204 607 Vita
1230 554 1437 610 Anton.
1476 554 1503 626 ᾗ
1548 554 1637 619 59,
1671 554 1870 610 daemo-

276 659 385 703 nes
410 646 731 718 ψάλλοντες.

351 736 487 811 Pag.
532 740 662 805 279,
712 738 802 796 10.
866 737 1226 805 Athanasius,
1279 738 1425 809 apud
1462 737 1743 803 Gaulmin,
1789 738 1858 794 ad

275 827 451 886 Psell.
484 848 536 902 p.
588 830 732 885 116:
783 830 842 881 '(l
879 830 980 900 μὲν
1021 824 1117 884 οὖν
1165 829 1361 900 ἐχθρὸς
1392 829 1684 903 (διάϐολος)
1728 830 1869 901 μετὰ

274 925 394 978 τῶν
456 923 647 978 ἑαυτοῦ
712 921 893 976 κυνῶν
947 920 1219 986 τοσαύτας
1280 922 1395 993 ἔχει
1445 922 1545 986 τὰς
1616 938 1858 994 πανουρ-

276 1019 434 1088 γίας.

356 1110 489 1182 Pag.
520 1108 648 1175 282,
687 1108 739 1164 7.
774 1107 867 1163 Sic
900 1126 953 1180 p.
980 1108 1106 1173 321,
1143 1109 1203 1164 11
1237 1127 1250 1163 :
1297 1109 1522 1180 Δάκρυα
1554 1110 1870 1182 ποταμηδδν

274 1202 398 1257 τῶν
428 1202 698 1274 ὀμμάτων
731 1199 1065 1265 καταδύσας.
1098 1200 1259 1257 Conf.
1286 1216 1340 1271 p.
1370 1201 1499 1265 344,
1528 1203 1617 1256 11.

357 1293 491 1367 Pag.
522 1294 652 1350 284.
673 1292 834 1349 Conf.
855 1308 946 1364 pp.
974 1292 1103 1358 296,
1133 1308 1189 1347 η.
1231 1293 1298 1358 5;
1335 1291 1462 1357 342,
1492 1293 1580 1347 13.

355 1385 489 1459 Pag.
518 1386 649 1449 285,
684 1385 771 1440 14.
798 1385 1192 1456 Andreopulus
1219 1385 1287 1441 de
1326 1384 1488 1457 Synt.
1522 1401 1575 1456 p.
1603 1385 1637 1440 4
1665 1402 1680 1438 :
1718 1386 1872 1456 Παρ-

279 1479 476 1533 εκάλει
502 1479 562 1533 τὸ
584 1478 740 1532 Θεῖον
771 1476 868 1531 τοῦ
906 1478 1011 1547 τῆς
1054 1478 1343 1542 ἀπαιδείας
1380 1477 1611 1549 λυθῆναι
1635 1476 1865 1549 δεσμοῦ.

279 1568 377 1624 Cf.
413 1567 654 1623 Monum.
679 1567 856 1623 Cotel.
889 1578 928 1622 t.
950 1565 1015 1631 ll,
1041 1583 1098 1638 p.
1130 1567 1237 1622 202
1259 1569 1325 1621 A.

359 1660 490 1731 Pag.
519 1660 649 1716 288.
682 1657 905 1715 Nemini
934 1660 1028 1715 isti
1070 1661 1330 1733 φάρυγγα
1365 1660 1527 1731 quasi
1573 1660 1731 1715 clavo
1766 1673 1863 1731 ap-

284 1751 525 1823 pendam
557 1751 803 1808 notulam
846 1766 954 1822 qua
992 1746 1353 1808 Baclimanno
1379 1752 1680 1824 grati1icer.
1718 1751 1858 1807 Cum

285 1859 469 1915 nuper
506 1846 563 1899 in
589 1844 711 1914 ejus
745 1843 1171 1916 Lycophronem
1203 1844 1347 1900 bona
1377 1860 1498 1900 mea
1526 1844 1750 1899 fortuna
1779 1845 1868 1899 in-

282 1934 574 1997 cidissem,
611 1936 977 2005 volumenque
1004 1935 1337 2001 evolverem,
1385 1936 1579 1992 oculos
1629 1935 1866 1991 advertit

285 2028 636 2100 longissima,
685 2044 790 2085 nec
839 2038 1023 2085 tamen
1076 2030 1240 2098 longa
1292 2028 1479 2093 nimis,
1507 2038 1639 2085 nota
1685 2043 1739 2099 p.
1774 2027 1865 2090 43.

286 2122 442 2178 unde
473 2121 719 2178 intellexi
760 2136 923 2193 quam
959 2137 1105 2195 aegre
1154 2120 1356 2178 Meletii
1390 2112 1582 2176 inediti
1628 2121 1749 2175 loco
1775 2134 1870 2174 ca-

295 2214 508 2270 ruisset
535 2213 618 2268 vir
643 2213 874 2270 doctiss.
906 2256 921 2280 ,
945 2228 1057 2285 quo
1083 2213 1302 2286 φάρυγξ
1339 2213 1677 2269 describitur
1707 2215 1877 2284 litque

285 2309 380 2365 sui
427 2306 806 2381 Lchphronis
860 2308 1096 2363 mentio.
1156 2306 1363 2363 Meletii
1400 2307 1571 2378 igitur
1601 2307 1768 2362 verba
1807 2324 1876 2363 ex

291 2415 424 2459 meo
457 2399 795 2472 apographo,
826 2400 976 2471 quod
1012 2400 1144 2454 mihi
1181 2415 1213 2455 e
1241 2399 1431 2454 codice
1462 2398 1603 2453 2227
1634 2398 1872 2465 confeci,

294 2492 408 2548 huc
439 2506 734 2562 apponam,
764 2492 819 2545 in
841 2491 964 2562 ejus
985 2506 1146 2546 nsum
1173 2488 1382 2544 εΤοῦτο
1409 2490 1466 2544 δὲ
1498 2489 1559 2543 τὸ
1588 2489 1757 2561 μέρος
1781 2490 1877 2544 καὶ

288 2581 523 2653 φάρυγξ
567 2582 840 2648 καλεῖται,
874 2580 1028 2652 παρὰ
1063 2580 1124 2634 τὸ
1164 2579 1337 2652 φέρω,
1368 2579 1440 2634 δι’
1468 2573 1537 2653 ἦς
1565 2580 1789 2651 φέρεται
1814 2580 1876 2634 τὸ

287 2672 542 2746 πνεῦμα,
601 2675 699 2728 καὶ
746 2675 865 2727 ἐστι
927 2671 1295 2745 παρώνυμον·
1352 2673 1659 2744 Λυκόφρων
1709 2673 1876 2744 φησιν

288 2768 475 2835 (Alex.
502 2766 623 2835 154)
646 2781 660 2795 °
700 2784 719 2818 ι
756 2764 1130 2835 Ἐτύμὸευσεν
1164 2763 1325 2835 φάρω
1345 2778 1358 2791 ’
1389 2782 1409 2815 ι
1439 2764 1468 2815 ὁ
1509 2762 1565 2816 δὲ
1592 2761 1876 2834 Καλλίμα-

286 2878 391 2933 χος
446 2860 772 2931 (Fragmen.
822 2858 994 2929 185)⁶
1044 2878 1062 2911 ι
1103 2858 1347 2929 Ἀφαρον
1396 2856 1663 2927 φαρὸωσι,
1704 2875 1723 2909 ι
1774 2857 1874 2927 τὴν

289 2952 466 3023 μηδὲν
496 2952 767 3021 φέρουσαν
800 2950 1082 3021 φάρυγγα.
1115 2947 1196 3003 Ex
1225 2947 1600 3020 Etymologico
1636 2948 1704 3002 Μ.
1738 2964 1868 3019 pro-

282 3041 424 3099 fecit
449 3040 719 3098 Meletius.

367 3132 499 3205 Pag.
527 3132 655 3200 289,
683 3132 737 3187 7.
767 3130 875 3187 Pro
906 3130 1158 3196 εἰκότως,
1193 3128 1381 3185 forsan
1417 3128 1583 3192 εἰκός.
1613 3127 1701 3195 C.,
1730 3128 1871 3199 μᾶλ-

281 3226 436 3299 λονῆ
468 3224 625 3279 πενθ.
658 3254 729 3265 -
759 3224 849 3279 22.
876 3222 939 3290 C,
969 3223 1127 3303 δῆλα.

372 3318 503 3391 Pag.
533 3318 659 3374 296.
693 3316 852 3373 Conf.
877 3333 933 3388 p.
963 3316 1090 3384 316,
1126 3317 1178 3372 1.

359 3411 490 3483 Pag.
513 3411 641 3467 297.
668 3410 744 3468 lle
760 3411 855 3466 illo
878 3426 1043 3467 sensu
1073 3409 1315 3465 nominis
1338 3408 1473 3479 βίος,
1497 3407 1636 3465 adde
1654 3405 1869 3478 Heyler.

278 3507 357 3558 ad
386 3502 596 3560 Iuliani
631 3504 808 3575 Epist.
840 3504 932 3560 33.
956 3532 1027 3544 --
1056 3502 1125 3559 Ν.
1166 3502 1220 3559 6.
1252 3502 1350 3558 Est
1394 3502 1678 3574 ἱστόρηται
1726 3499 1873 3572 apud

290 3597 463 3655 Psell.
502 3598 581 3655 De
617 3600 777 3654 diem.
813 3614 903 3670 pp.
943 3598 1037 3662 26,
1066 3596 1157 3652 34.

1784 445 2046 507 INDEX.

3416 443 3554 510 1216

2047 554 2176 626 Pag.
2210 554 2336 617 311,
2372 554 2457 607 10.
2492 554 2649 610 Conf.
2678 554 2803 611 449.

2044 641 2175 715 Pag.
2213 645 2338 711 313,
2374 643 2465 698 22.
2502 644 2659 700 Disco
2693 662 2759 701 ex
2788 643 2904 701 Jac.
2937 645 3134 719 Billyo,
3172 645 3227 703 in
3262 647 3452 702 Allatil
3479 649 3550 702 ad

1974 732 2229 790 Damasc.
2267 732 2581 804 Prolegoni.
2616 733 2644 806 §
2680 734 2780 802 44,
2819 735 3110 806 perspicue
3160 735 3419 793 hausisse
3450 751 3553 789 au-
3594 784 3607 803 ,

1973 837 2183 883 ctorem
2214 842 2336 881 eam
2380 824 2642 896 Joasaphi
2668 828 2975 883 orationem
3006 844 3071 882 ex
3101 827 3340 886 Constit.
3368 827 3555 883 Basilii

1974 920 2106 974 c.1.

2048 1010 2181 1081 Pag.
2223 1008 2350 1064 316.
2399 1007 2727 1079 Lycophron
2778 1007 2958 1065 1453:
3006 1009 3166 1073 Βάζω
3216 1011 3374 1065 κενὸν
3420 1011 3558 1081 ea.

1978 1101 2148 1155 λουσα
2186 1100 2466 1171 μάστακος
2499 1100 2717 1172 κρότον.

2046 1188 2181 1261 Pag.
2212 1188 2336 1255 336,
2355 1190 2412 1244 2.
2440 1189 2714 1245 Maximus
2742 1189 2873 1263 Tyr.
2901 1192 3040 1249 diss.
3076 1208 3133 1264 p.
3156 1192 3364 1257 41,278
3398 1193 3558 1259 εῐιῶς

1976 1284 2347 1357 φυλαξώμεθα
2390 1302 2405 1351 ;
2468 1285 2587 1349 πῶς
2642 1285 2918 1358 λάθωμεν.
2969 1287 3262 1343 Consentit
3335 1289 3557 1359 quidem

1975 1376 2149 1432 codex
2183 1374 2320 1431 1962
2348 1393 2363 1443 ;
2398 1376 2586 1431 malim
2620 1383 2807 1433 tamen
2840 1377 3190 1452 φυλάξομεθα
3216 1418 3233 1446 ,
3264 1383 3353 1437 cui
3384 1382 3563 1437 λάθω-

1980 1486 2080 1541 μεν
2131 1478 2255 1539 apte
2307 1470 2618 1525 conveniet.
2670 1469 2991 1528 Sexcenties
3045 1481 3368 1543 permutatae
3428 1486 3560 1532 sunt

2000 1560 2279 1635 57906
2306 1579 2373 1630 ω,
2401 1562 2553 1618 verbi
2588 1577 2777 1629 causa,
2802 1565 2857 1620 in
2885 1562 3195 1636 Equitihus,
3220 1583 3269 1622 ν.
3292 1567 3397 1624 218
3418 1587 3431 1624 :
3452 1567 3561 1643 [Τὰ

1991 1655 2038 1709 δ’
2071 1655 2206 1711 ἄλλα
2259 1672 2341 1709 σοι
2373 1656 2634 1728 πρόσεστι
2685 1657 3088 1728 δημαγωγικά,
3128 1657 3305 1733 [Φωνὴ
3358 1663 3556 1735 μιαρὰ,

1980 1748 2210 1817 γέγονας
2228 1749 2417 1816 κακὸς,
2434 1750 2693 1822 ἀγοραῖος
2717 1745 2786 1805 εἴ.
2800 1748 2981 1805 Codex
3007 1748 3169 1818 2712,
3188 1753 3396 1822 κακῶς,
3413 1756 3559 1825 quod

1985 1851 2250 1912 praestare
2278 1842 2515 1898 videtur.
2545 1841 2866 1909 Quaestioni,
2902 1843 3021 1913 μῶν
3070 1845 3135 1897 ὲκ
3165 1845 3345 1899 καλῶν
3377 1844 3426 1900 ei
3455 1849 3560 1902 κὰ-

1985 1933 2211 2003 γαθῶν;
2247 1934 2553 2007 Respondit
2583 1936 2866 1993 lsiciarius
2895 1953 2950 1992 ν.
2983 1937 3121 1993 186:
3150 1938 3259 2011 εἰμ’
3294 1940 3359 1993 ἑκ
3391 1957 3560 2014 πονη-

1984 2024 2095 2096 ρῶν
2120 2043 2205 2096 γε.
2238 2024 2364 2082 Fuit
2397 2029 2565 2098 igitur
2586 2030 2633 2084 is
2656 2028 2745 2083 cui
2766 2036 2953 2099 posset
2986 2030 3094 2085 dici
3123 2050 3135 2082 :
3167 2031 3399 2101 γέγονας
3463 2050 3561 2088 κα-

1980 2119 2113 2185 κῶς.
2150 2120 2537 2186 Loculionem,
2581 2118 2666 2188 εὖ,
2700 2122 2887 2186 κακῶς
2944 2122 3223 2191 γενέσθαι,
3288 2125 3560 2181 illustravi

1981 2214 2048 2269 ad
2069 2212 2324 2285 Eunap.;
2367 2214 2509 2270 adde
2534 2212 2757 2272 Herald.
2783 2215 2849 2270 ad
2878 2215 3087 2270 Arnob.
3127 2232 3181 2286 p.
3212 2217 3333 2271 110.
3366 2216 3557 2274 Obiter

1980 2308 2150 2362 alium
2213 2304 2420 2363 Comici
2486 2307 2670 2362 locum
2719 2323 2751 2363 e
2808 2306 3343 2373 Concionatricibus,
3394 2324 3558 2379 quam

1989 2399 2153 2454 modo
2220 2398 2487 2470 legebam,
2555 2406 2797 2472 tangam,
2828 2393 2989 2456 (ευῙῶ
3021 2403 3315 2457 restituere
3370 2400 3559 2456 velim.

1980 2490 2177 2547 Editus
2217 2500 2301 2547 est
2336 2492 2411 2546 ita
2452 2509 2503 2548 v.
2546 2492 2650 2549 166
2687 2511 2701 2549 :
2731 2493 3002 2559 Γυναῖκας
3039 2490 3129 2559 αὖ,
3154 2493 3404 2566 δύστηνε,
3430 2495 3562 2559 τοὺς

1987 2586 2187 2659 ἄνδρας
2260 2584 2461 2653 λέγεις.
2498 2584 2605 2642 Sed
2633 2586 2706 2641 αὖ
2737 2602 2847 2642 non
2902 2587 3041 2663 bene
3094 2587 3299 2642 habere
3318 2586 3559 2654 videtur,

1977 2691 2105 2730 cum
2152 2676 2324 2732 semel
2366 2683 2581 2731 tantum
2626 2680 2894 2747 γυναῖκας
2955 2677 3236 2734 vocaverit
3263 2676 3411 2733 viros
3428 2691 3558 2733 ora-

1978 2776 2067 2822 tor
2099 2767 2323 2823 femina.
2359 2767 2419 2823 In
2449 2784 2567 2823 mea
2600 2769 2867 2835 editione,
2889 2770 2936 2826 si
2958 2770 3039 2825 sic
3068 2784 3268 2825 vocare
3326 2776 3437 2823 tam
3471 2778 3560 2824 tuo

1982 2862 2341 2918 multuariam
2371 2878 2595 2934 operam
2632 2877 2885 2933 possum,
2953 2863 3239 2934 proposui,
3268 2863 3558 2931 γυναῖκας,

1981 2946 2028 3007 ὦ
2060 2951 2291 3022 δύστηνε
2325 2970 2339 3007 :
2368 2968 2532 3023 quam
2568 2953 2908 3025 scripturam
2939 2954 3077 3009 mihi
3112 2952 3278 3009 modo
3310 2951 3563 3010 exhibuit

1983 3045 2156 3101 codex
2178 3044 2339 3110 2712,
2368 3061 2420 3119 p.
2445 3045 2570 3101 319.

2051 3136 2182 3208 Pag.
2222 3136 2347 3204 342,
2402 3136 2456 3191 8.
2505 3136 2641 3193 Cum
2689 3138 2978 3210 ὁμοιοῦσαι
3028 3148 3263 3211 possunt
3319 3136 3560 3194 conferri

1985 3225 2199 3282 similes
2228 3224 2417 3281 iorlnm
2452 3228 2734 3297 πειρᾶσαι,
2792 3228 3088 3299 καυχᾶσαι,
3120 3228 3264 3299 apud
3308 3226 3562 3283 Andreo«

1987 3317 2177 3387 pulum
2218 3317 2286 3373 de
2317 3317 2514 3385 Synt.:
2560 3318 2673 3374 vid.
2708 3318 2783 3373 ibi
2825 3329 2942 3375 not.
2982 3320 3188 3391 p.193.
3243 3319 3322 3375 Ex
3378 3318 3562 3375 Theo-

1981 3409 2162 3480 phane
2234 3410 2531 3481 λυτροῦσαι
2595 3412 2780 3467 attulit
2835 3412 3108 3470 videndus
3172 3411 3432 3470 Reiskius
3488 3410 3561 3467 ai

1980 3500 2175 3557 Const.
2214 3499 2429 3559 Cerem.
2464 3518 2517 3573 p.
2554 3503 2645 3560 87.

2050 3592 2182 3663 Pag.
2212 3592 2339 3658 359,
2370 3592 2463 3649 25.
2488 3593 2548 3659 C,
2591 3594 2779 3665 εὐχαῖς
2839 3597 2934 3651 καὶ
2974 3597 3206 3661 ἱκεσίαις
3242 3594 3371 3652 :sed
3406 3597 3554 3657 conf.

361 3691 490 3764 Pag.
522 3692 648 3756 300,
679 3691 772 3746 24.
800 3691 863 3759 ϐ,
898 3691 986 3745 διὰ
1013 3690 1129 3745 τοῦ.
1169 3688 1395 3744 Videtur
1420 3704 1545 3744 esse
1573 3688 1663 3741 διά
1693 3703 1785 3740 του
1816 3686 1869 3741 in

1989 3699 2033 3754 ρ.
2062 3682 2188 3746 565,
2218 3682 2305 3736 17.

284 3786 358 3838 Α.
385 3784 513 3856 Pag.
541 3784 669 3849 301,
701 3784 792 3849 11,
818 3783 887 3839 δι’
922 3785 1111 3855 ἐτέρου
1144 3780 1426 3855 προφήτου
1448 3798 1462 3813 ·
1491 3779 1639 3851 quod
1669 3781 1863 3836 lectio-

278 3892 411 3932 nem
437 3893 532 3931 του
563 3876 787 3933 ﬁrmare
815 3876 1053 3932 videtur.

2045 3773 2177 3845 Pag.
2202 3773 2328 3830 363.
2367 3774 2448 3830 Ad
2499 3775 2729 3846 μυηθεὶς
2776 3778 3007 3834 admove
3037 3794 3091 3850 p.
3120 3779 3244 3841 393.
3303 3796 3391 3837 vv.
3418 3782 3555 3852 521,

1972 3867 2097 3925 526.

1221 4435 1609 4529 INDEX
1711 4434 2667 4536 ANNOTATIONIS.

282 4950 563 5006 Accentus
584 4964 781 5005 versus
812 4948 1048 5018 politici,
1074 4948 1167 5011 56,
1219 4948 1317 5017 qni
1394 4948 1650 5019 Andreas
1698 4951 2005 5019 apostolus,
2045 4949 2176 5006 215.

355 5031 414 5074 ut
442 5028 718 5081 servetur,
778 5019 896 5089 ipse
943 5026 1192 5073 mutatur
1222 5034 1319 5075 νο-
1388 5018 1778 5092 Andreopulus
1825 5020 1894 5075 de
1956 5019 2185 5092 Syntipa
2219 5058 2235 5085 ,
2290 5018 2433 5084 475,

351 5106 478 5145 cum
514 5098 801 5145 accentus.
1463 5089 1595 5144 479.

278 5162 416 5215 Acta
453 5159 659 5216 inedita
688 5158 745 5214 S.
772 5159 1017 5221 Aretlne,
1047 5157 1102 5212 2.

278 5232 626 5357 Adsjgctivum
680 5240 939 5286 neutrum
964 5244 1091 5283 cum
1110 5227 1315 5299 ellipsi,

278 5373 559 5431 Adrianus
586 5376 798 5435 rhetor,
829 5371 959 5427 341.

278 5442 525 5569 ίεῗζςιὶἰ
588 5459 817 5518 porcum
861 5457 972 5498 non
1038 5442 1316 5506 colebant,

280 5583 492 5640 Encas
539 5584 795 5650 Gazmus,
864 5582 988 5649 132,
1026 5580 1313 5647 208,214.

282 5653 607 5719 Eschylus,
641 5656 730 5711 79.

284 5715 664 5796 Esculapius,
698 5724 939 5796 56,7246.

284 5794 574 5866 (Ethiopes
606 5796 690 5866 vel
703 5795 857 5866 findi,
892 5795 945 5848 3.

286 5865 583 5937 Agapetus,
616 5865 745 5921 331.
766 5936 771 5937 γ
900 5935 928 5937 Η
972 5887 983 5892 -

286 5935 454 5994 Amer
484 5954 549 5995 ex
592 5935 990 6006 misericordia,
1024 5935 1148 5993 271.

1460 5442 1589 5497 335.

1393 5583 1526 5653 Apis
1560 5582 1681 5648 hos,
1715 5582 1842 5637 477.

1390 5653 1696 5724 Appianus,
1731 5653 1859 5709 267.

1388 5727 1733 5788 Aristoteles,
1769 5724 1894 5779 171.

1389 5158 1803 5215 Anecdotorum
1849 5158 2040 5223 editio,
2088 5158 2144 5225 2,
2169 5158 2260 5221 60,
2301 5157 2427 5213 479.

1390 5512 1724 5583 Anthologia
1753 5511 1967 5583 Caeca,
2010 5511 2129 5575 19.1,
2149 5509 2274 5575 356,
2294 5510 2419 5566 363.

1390 5795 1750 5858 Athanasius,
1792 5793 1917 5850 340.

1390 5868 1703 5931 Athenaeus,
1743 5865 1863 5928 185,
1888 5864 2018 5920 225.

1391 5938 1662 5993 Attractio
1695 5952 1879 6004 casus,
1908 5937 2032 5993 352.

2514 4948 2884 5074 Angpentum
2929 4950 3227 5022 plusquam
3296 4950 3550 5023 perfecti,

2523 5089 3006 5162 Ἃᾷελτερὼτεροτ,
3035 5090 3165 5148 249.

2522 5160 2921 5230 ’Λὸελτότερος,
2957 5162 3088 5217 249.

1391 5231 1616 5301 Angelis
1655 5244 1817 5301 pares
1869 5230 2122 5283 homines
2183 5230 2279 5300 pii,
2328 5229 2430 5301 108
2520 5229 2931 5293 Ἀϐυσσοτόκος.
2970 5232 3066 5289 50.

1389 5300 1601 5355 Animae
1633 5315 1784 5355 mors
1816 5310 1899 5355 est
1932 5308 2218 5371 peccatum
2242 5338 2257 5361 ,
2298 5300 2423 5353 152.

1390 5373 1717 5441 Annnymus
1778 5378 1971 5427 orator
2037 5370 2422 5441 Byzantinus,

2521 5301 2862 5423 Ἀζγαρεύω,
2888 5303 3015 5358 475.

2521 5371 2580 5423 'A
2618 5371 2755 5423 υιιία
2786 5373 3007 5423 κατέγει

2520 5371 2755 5441 Ἀθυμία
2786 5373 3030 5443 κατέχει,
3051 5374 3178 5429 285.

2508 5443 2574 5495 At
2599 5451 2652 5495 et
2684 5459 2732 5508 ε,
2766 5442 2968 5505 11,74.

2506 5514 2710 5575 Αἰτεῖν,
2749 5514 2873 5569 180.

2508 5584 2760 5654 Ἂλληλοι
2781 5592 2835 5639 et
2864 5583 3033 5649 ἄλλοι,
3074 5586 3188 5641 197.

2504 5653 2788 5723 Ἀματοῦ,
2812 5656 2932 5711 185.

2515 5724 2944 5796 ’Δμπεχόμενος,
2970 5726 3090 5782 170.

2514 5796 2825 5867 ᾋνάλαὸος,
2856 5798 3155 5867 uapulare,
3202 5800 3318 5855 161.

2512 5866 2892 5992 ’Λέῗῖλοίωτος
2924 5866 3015 5923 καί
3045 5870 3176 5942 ἄτρι
3198 5888 3351 5936 πτος,
3420 5870 3538 5937 116,
