4026 6446
563 410 703 480 I251
2000 416 2380 479 ADDENDA.
3692 415 3821 480 ΒΩ

1235 770 1389 844 ἴδω]
1433 781 2092 873 ΥΠΟΜΝΗΜΑ
2146 784 2529 871 ΗΓΟΥΝ
2597 775 3157 872 ΕΞΗΓΗΣΙΣ

952 1009 1092 1065 ἸὉΥ
1133 1009 1339 1064 ΑΠοΥ
1390 1014 1514 1069 ΚΑΙ
1570 1013 1887 1068 ΕΝΔΟΞΟΥ
1957 1012 2620 1069 ΜΒῙἎΔΟΜΔΡΤΥΡΟΣ
2688 1014 2813 1069 ΚΑΙ
2882 1013 3452 1070 ΘΔΥΙΙΔΤΟΥΡΙὋΥ

1780 1227 2643 1387 ΑΡΤΕΜΙΟΥ

676 1507 1078 1567 ΣΥΛΔΕΓΕΝ
1105 1511 1243 1567 Αηο
1280 1511 1412 1566 ΙἩΣ
1463 1511 2101 1567 ΕΚΚΑΗΣΙΑΣΊἸΚΗΣ
2130 1511 2472 1566 ΙΣΤΟΡΙΑΣ
2510 1508 3024 1562 ΦΙΛΟΣΊὈΡΓΙΟΥ
3056 1509 3181 1563 ΚΑΙ
3206 1507 3461 1561 ΑΛΛΩΝ
3514 1503 3726 1563 nm

1727 1690 1914 1744 HAPA
1956 1688 2261 1744 ιοΑΝΝοΥ
2307 1687 2669 1742 ΜΟΝΑΧΟΥ.

1334 2044 2284 2139 COMMENTARIUS
2380 2041 3109 2137 HISTOBICUS

1066 2288 1167 2351 DE
1202 2289 1489 2353 SANCTO
1526 2292 1623 2352 ET
1654 2290 1974 2352 INCLYTO
2022 2290 2289 2351 MAGNO
2326 2291 2691 2352 MARTYRE
2734 2291 2830 2352 ET
2872 2290 3347 2354 PRODIGIOSO

1865 2542 2589 2673 ΑΒΤΕΜΙΟ

584 2829 1064 2897 COLLECTUS
1086 2831 1207 2894 EX
1232 2829 1895 2896 ECCLESIASTICA
1927 2829 2174 2891 HISTC

2218 2830 2339 2891 RIA
2382 2830 2994 2895 PHILOSTORGII
3045 2830 3127 2911 (1)
3186 2832 3308 2892 ET
3352 2830 3808 2896 NONNULLO-

1917 2940 2109 3002 RUM
2136 2937 2547 3000 ALIORUM.

1142 3162 1277 3270 Δ
1357 3159 2108 3274 σοΔΝΝΕ
2188 3158 2732 3272 ΜῦΝΔ

1726 3159 1990 3270 NN
1999 3160 2108 3270 Ε
2188 3158 3090 3275 MONACHO
3178 3142 3311 3273 ""-

1830 3403 1957 3453 Δκο.
1990 3401 2108 3462 MM,
2142 3401 2236 3454 loc.
2264 3402 2346 3456 cit.
2374 3403 2459 3465 IV,
2502 3406 2612 3456 διο.

667 3725 717 3779 t.
754 3723 931 3793 Magni
967 3733 1022 3777 et
1053 3723 1276 3793 gloriosi
1313 3724 1571 3795 martyris
1610 3723 1839 3779 Artemii
1867 3734 2161 3780 enarratu-
2197 3734 2242 3789 Α

2227 3743 2242 3789 t
2340 3733 2409 3782 a'.
2464 3726 2545 3780 Τὰ
2566 3725 2660 3780 τοῦ
2719 3725 2957 3797 μεγάλου
3001 3724 3093 3779 καὶ
3117 3723 3327 3791 ενδὸξου
3355 3724 3634 3795 μάρτυρος
3658 3720 3817 3793 Ἀρτε-

594 3832 693 3872 rus
725 3818 940 3889 egregia
968 3816 1215 3872 facinora
1259 3825 1315 3872 et
1349 3829 1653 3881 certamen,
1692 3817 1925 3888 ejusque
1977 3818 2169 3873 multis

2278 3819 2402 3890 μίου
2452 3818 2760 3890 διηγεῖσθαι
2818 3818 3030 3889 μέλλων
3094 3817 3593 3889 ἀνδραγαθήματα,
3632 3815 3819 3885 καὶτὴν

600 3919 751 3965 retro
788 3909 1128 3980 temporibus
1162 3918 1327 3980 atque
1364 3923 1392 3962 a
1430 3908 1735 3979 majoribus
1790 3909 2043 3992 haustam
2078 3924 2172 3980 ge-

2274 3912 2522 3983 ἄθλησιν,
2559 3913 2658 3983 τήν
2684 3928 2741 3965 τε
2768 3911 2975 3966 ἄνωθεν
3001 3909 3167 3964 αὐτοῦ
3201 3912 3298 3964 καὶ
3333 3910 3400 3963 ἐκ
3430 3910 3704 3979 προγόνων
3745 3903 3815 3961 οὖα

602 4006 978 4068 ncrositatem,
1014 4019 1046 4058 ο
1069 4017 1223 4058 sacra
1261 4002 1615 4074 congregatio
1642 4010 1696 4056 et
1725 4001 1955 4058 collecte
1969 4018 2016 4059 .a
2064 4002 2175 4058 Deo

2278 4021 2379 4058 σαν
2414 4003 2718 4072 εὐγένειαν,
2749 3997 2794 4057 ὧ
2828 4002 2949 4075 ιερὰ
2998 4003 3311 4075 πανήγυρις
3338 4001 3434 4056 καὶ
3472 4000 3820 4054 θεοσύλλεκτον

600 4105 801 4163 cretus,
836 4098 982 4151 hunc
1019 4097 1194 4168 ipsum
1234 4095 1431 4151 invoco
1457 4106 1755 4166 martyrem
1805 4101 1860 4149 et
1896 4109 2017 4164 quae
2050 4109 2172 4149 eum

2281 4098 2558 4167 σύστημα,
2595 4095 2758 4150 αὑτὸν
2793 4097 3003 4149 ἐκεῖνον
3034 4094 3406 4165 ἐπικαλοῦμαι
3448 4095 3543 4147 τὸν
3576 4093 3817 4164 μάρτυρι.

599 4190 891 4246 obumbrat
910 4187 1149 4261 Spiritus
1171 4188 1426 4260 gratiam,
1449 4188 1556 4244 mei
1582 4186 1858 4249 sermonis
1881 4185 1998 4241 ﬁeri
2019 4185 2176 4256 adju-

2278 4187 2373 4241 καὶ
2402 4187 2501 4259 τὴν
2525 4188 2958 4253 ἐπισκιάζουσαν
2988 4187 3139 4258 αὐτῷ
3167 4187 3330 4258 χάριν
3361 4184 3514 4258 [3M]
3562 4183 3653 4239 τοῦ
3683 4181 3822 4237 Ilvati-

603 4289 776 4337 torem
820 4288 874 4336 et
906 4282 1313 4335 auriliatorem.
1353 4276 1465 4334 Vos
1514 4279 1681 4334 etiam
1729 4277 1947 4347 appello
1976 4276 2177 4333 vestris

2282 4298 2471 4355 ματος,
2524 4282 2874 4356 συλλήπτορα
2928 4299 3021 4354 μοι
3072 4279 3330 4350 γενέσθαι
3383 4278 3479 4332 τοῦ
3536 4279 3690 4347 λόγου
3746 4276 3824 4329 καὶ

602 4373 858 4444 precibus
892 4372 1181 4444 indigens,
1213 4382 1273 4427 ut
1318 4371 1481 4429 facile
1520 4371 1655 4427 mihi
1690 4378 1747 4426 et
1790 4370 1913 4426 sine
1948 4369 2179 4426 oﬂ‘endi-

2282 4373 2670 4447 συνεπικουρον
2700 4391 2716 4406 ·
2763 4376 2861 4429 καὶ
2927 4373 3128 4437 αὐτοὺς
3187 4372 3331 4442 ὑμᾶς
3394 4372 3454 4425 ἐν
3513 4368 3825 4441 παρακλήσει

601 4464 726 4519 culo
757 4465 828 4521 sit
854 4466 959 4520 hoc
992 4480 1171 4521 meum
1203 4465 1521 4532 consilium,
1555 4474 1726 4535 utque
1754 4462 1843 4518 via
1895 4471 2181 4518 sternatur

2281 4466 2542 4538 ποιοῦμαι
2567 4466 2676 4521 τῶν
2705 4466 2990 4538 ὑμετέρων
3016 4462 3196 4535 εὐχῶν
3224 4461 3645 4533 προσδεόμενος,
3674 4457 3735 4512 ἶν’
3756 4455 3827 4509 εὖ·

604 4571 767 4625 quam
804 4557 938 4612 inivi
969 4558 1036 4612 ad
1070 4556 1451 4628 exponendam
1485 4555 1737 4629 martyrii
1785 4570 1851 4612 ac
1878 4556 2182 4612 confessio-

2280 4559 2398 4614 οόόν
2421 4577 2510 4631 μοι
2539 4559 2635 4614 καὶ
2660 4559 3008 4630 ἀπρόσκοπον
3025 4556 3248 4627 γένηται
3271 4554 3423 4608 τουτὶ
3452 4554 3512 4606 τὸ
3529 4551 3826 4623 ἐγχείρημα.

606 4648 691 4701 uis
728 4647 850 4718 ejus
877 4648 1195 4714 historiam;
1228 4655 1348 4702 tum
1375 4647 1540 4703 etiam
1572 4664 1640 4703 ne
1669 4648 1794 4718 quis
1822 4663 1910 4705 me
1932 4649 2038 4724 ista
2070 4656 2182 4705 ten-

2282 4652 2379 4706 καὶ
2409 4651 2739 4706 κατευθύνον
2770 4650 2908 4722 πρὸς
2947 4650 3126 4721 ἥνπερ
3174 4646 3476 4717 ἐξώρμησα
3521 4643 3614 4698 τοῦ
3651 4659 3827 4715 μαρτυ-

606 4748 810 4795 tantem
849 4739 1242 4811 reprehendat,
1269 4740 1396 4794 dum
1423 4740 1653 4811 respicit
1684 4740 1920 4812 primum
1953 4746 2009 4794 et
2037 4740 2181 4795 anti-

2285 4747 2406 4817 ρίου
2434 4743 2602 4798 αὑτοῦ
2647 4745 2739 4799 καὶ
2778 4743 2876 4813 τῆς
2917 4739 3211 4813 ὁμολογίας
3242 4740 3518 4809 διήγησιν.
3562 4734 3669 4791 Καὶ
3696 4734 3830 4805 μήτις

603 4848 773 4903 quum
813 4831 1125 4888 admirandi
1158 4832 1323 4903 hujus
1379 4841 1435 4889 et
1487 4832 1805 4889 celebrandi
1848 4833 1954 4889 viri
1986 4847 2183 4889 monu-

2288 4853 2379 4907 μοι
2404 4834 2577 4890 ταῦτα
2606 4833 2945 4905 ἐγχειροῦντι
2967 4831 3367 4903 ἐπιμεμφέσθω
3388 4869 3403 4895 ,
3426 4827 3650 4900 ἀφορῶν
3670 4828 3743 4889 εἰς
3784 4824 3832 4876 τὸ

608 4933 879 4983 mentum.
908 4923 1013 4993 Qui
1045 4926 1190 4980 enim
1223 4925 1328 4981 hoc
1379 4927 1733 4998 composuit,
1774 4941 1875 4998 pro
1908 4924 2183 4997 exigentia

2286 4927 2503 5000 πρῶτον
2529 4927 2625 4982 καὶ
2654 4929 2879 4999 ἀρχαῖον
2912 4924 3008 4980 τοῦ
3038 4924 3341 4995 θαυμασίου
3370 4920 3563 4976 τούτου
3613 4921 3701 4975 καὶ
3742 4920 3834 4973 ἀοι·

608 5018 767 5073 istius
787 5016 1071 5089 temporis,
1089 5016 1253 5074 rebus
1282 5027 1415 5074 tunc
1432 5020 1670 5074 tumultu
1688 5026 1742 5074 et
1764 5017 2180 5089 perturbatione

2285 5023 2443 5094 δίμου
2477 5020 2668 5094 ἀνδρὸς
2694 5019 3026 5090 ὑπόμνημα·
3058 5020 3087 5071 ὁ
3116 5016 3225 5091 γὰρ
3246 5017 3424 5070 ἐκεῖνο
3462 5016 3741 5082 συντάξας,
3777 5010 3835 5072 ὡς

2117 5184 2352 5241 NOTIE.

685 5324 1145 5401 (l)ln_Photiani_s
1169 5323 1551 5401 Philostorgii,
1576 5345 1700 5400 quae
1722 5329 1839 5385 sola
1866 5338 2182 5399 supersunt,
2289 5345 2357 5385 ex
2403 5327 2792 5401 Vallicellianis
2859 5326 3036 5396 ipsius
3093 5325 3275 5381 Allatii
3312 5323 3537 5401 scltedis
3569 5320 3830 5401 _cognovi..

612 5396 2009 5471 excerptisLuihildeArtemiordicitur.Nosigit'ur
2040 5396 2184 5471 hanc
2288 5401 2345 5455 S.
2386 5401 2610 5454 Artemii
2635 5399 2944 5471 passionem
2990 5414 3144 5467 asque
3194 5396 3507 5471 attribuunt
3566 5396 3627 5449 S.
3662 5396 3832 5447 Joanni

617 5469 854 5522 nobilem
902 5467 1638 5542 Philostorgiauzehistoriae
1688 5467 1895 5540 partem
1928 5470 2183 5541 deperdi—
2288 5467 2869 5542 [Jamasceuo'auctori
2900 5467 3251 5542 Labheusiu
3307 5475 3829 5542 prospegttioperum

615 5548 753 5610 tam,
780 5552 883 5610 ope
905 5538 1110 5593 codicis
1134 5534 1378 5593 vaticaui
1411 5534 1827 5610 recuperamus.
1947 5608 1968 5610 _
1999 5534 2015 5541 ’
2285 5540 2628 5603 Damasceni,
2659 5550 2715 5596 et
2746 5554 2943 5595 rursus
2971 5539 3113 5594 idem
3154 5534 3389 5610 Allatius
3414 5537 3468 5591 in
3511 5534 3828 5610 Symmictjg.

689 5602 925 5678 (2)'Sic.
967 5611 1226 5679 appellari
1277 5616 1418 5665 solet
1444 5613 1499 5665 in
1534 5602 1829 5668 codicibus
1858 5610 1918 5665 S.
1939 5608 2181 5666 Joannes
2285 5614 2375 5666 ubi
2429 5613 2591 5680 tradit
2637 5612 2887 5666 notitiam
2946 5609 3274 5680 earumdem,
3335 5602 3569 5676 cperuni
3633 5602 3833 5680 p.»45fl.

620 5677 1020 5751 llairiasceuus,
1041 5677 1051 5679 “
1076 5681 1234 5747 cujus
1279 5684 1382 5736 hoc
1423 5697 1547 5739 esse
1586 5680 1783 5737 revera
1847 5682 2177 5751 opusculum
2282 5698 2339 5737 n.
2366 5679 2575 5737 XLVII.
2603 5682 2706 5736 Sed
2728 5696 2887 5738 nemo
2909 5689 3091 5751 tamen
3117 5679 3377 5734 eximium
3401 5680 3507 5733 hoc
3526 5684 3586 5731 et
3602 5677 3835 5732 curiosis-

621 5749 1085 5824 Allatiusjamdiu
1111 5752 1341 5819 putavit,
1367 5752 1548 5824 idque
1568 5768 1694 5808 cum
1726 5753 1855 5824 aliis
1874 5748 2049 5807 sancti
2074 5749 2178 5805 Pa-
2283 5755 2485 5810 simum
2516 5754 2782 5823 scriptum
2818 5753 2964 5824 typis
3003 5748 3213 5806 Graecis
3245 5758 3371 5805 aute
3402 5763 3488 5804 me
3507 5751 3829 5821 vulgaverat.

620 5822 721 5874 tris
760 5822 979 5891 scriptis
1004 5821 1254 5879 editurus
1293 5822 1591 5893 aliquando
1626 5835 1777 5891 erat;
1809 5822 1860 5879 id
1892 5824 2039 5895 quod
2075 5836 2178 5893 ego
