4026 6448
204 444 365 512 ιῖ5⁶ι

1544 458 1604 517 S.
1639 456 1967 520 ARTEMII
1998 460 2281 522 PASSIO.

3352 459 3487 527 1251

196 566 229 618 ὸ
250 564 389 619 τότε
420 562 613 634 καιρὸς
633 562 857 637 ἀπῄτει,
882 565 977 621 καὶ
999 566 1075 631 ὡς
1108 559 1222 637 εἶχε
1240 567 1794 641 δννάμεωςλγραψε,

1919 588 2069 643 luam
2104 575 2341 630 maxime
2379 575 2654 643 confusis,
2682 586 2735 631 ct
2766 586 2928 646 prout
2956 574 3103 630 vires
3133 575 3181 629 ei
3221 584 3482 645 suppete-

194 657 400 730 πολλῷ
447 657 660 730 θορύϐῳ
711 659 807 714 καὶ
846 663 1059 731 ταραχῇ
1109 660 1218 715 τῶν
1273 665 1395 718 τότε
1458 667 1805 737 πραγμάτων

176 751 616 830 συνεχομένων.
649 752 726 807 Οὐ
759 751 861 824 μὲν
888 747 981 807 οῦν
1006 754 1128 807 οὐδὲ
1157 756 1323 821 αὐτός
1361 774 1446 822 τις
1475 752 1543 828 ἦν
1571 757 1680 813 τῶν
1710 776 1807 813 περ

196 842 634 915 ριεσκεμμένων
670 860 733 897 τε
799 845 893 898 καὶ
939 847 1070 917 περὶ
1116 847 1307 916 λόγους
1368 849 1804 916 ἐσπουδακότων,

194 933 331 987 ἀλλ’
360 934 567 997 ἁπλοῦς
587 952 672 999 τις
706 936 802 991 καὶ
830 936 1122 1010 ἀπέριττος
1174 941 1345 1010 μόνης
1388 941 1493 1011 τῆς
1545 942 1805 1013 ἀληθείας

198 1026 622 1099 πεφροντικὼς,
656 1030 753 1083 καὶ
780 1029 845 1084 τὺ
897 1029 1079 1101 λέγειν
1107 1034 1258 1098 ὃπως
1315 1030 1412 1088 οὖν
1474 1036 1808 1106 στοχαζόμε-

194 1137 298 1184 νος
326 1137 340 1152 ’
390 1123 487 1175 καὶ
535 1121 681 1177 κατά
719 1123 821 1195 τὴν
858 1125 1189 1196 παροιμίαν,
1232 1125 1395 1198 ἄκρῳ
1427 1127 1675 1199 δακτύλῳ
1705 1131 1809 1200 τῆς

200 1214 368 1285 ίερᾶς
395 1213 508 1268 τῶν
546 1212 722 1285 λόγων
770 1215 1026 1280 παιδείας
1055 1216 1361 1288 ἁψάμενος.

284 1336 369 1421 β⁹.’
397 1351 609 1424 Ὠσπερ
643 1347 736 1406 οὖν
764 1352 886 1406 οὐδὲ
916 1353 1075 1414 αὐτὸς
1107 1352 1218 1419 ἐγὼ
1244 1353 1557 1424 ἀρκούντως
1577 1352 1685 1424 ἔχω
1712 1353 1804 1408 καὶ

208 1443 427 1509 ἱκανῶς
469 1445 608 1517 πρὸς
629 1444 729 1516 τήν
758 1444 853 1500 τοῦ
901 1446 1063 1515 λόγου
1094 1446 1369 1518 διήγησιν,
1428 1446 1533 1501 κᾶν
1573 1447 1602 1499 ὁ
1643 1446 1806 1511 πόθος

200 1533 307 1589 τοῦ
335 1534 614 1607 μάρτυρος
638 1536 894 1591 καθέλκει
912 1538 1009 1591 καὶ
1031 1538 1288 1608 τυραννεῖ
1307 1555 1410 1606 μου
1435 1538 1527 1590 τὸν
1546 1537 1805 1608 λογισμὸν

202 1628 308 1681 καὶ
332 1628 471 1698 πρὸς
495 1629 556 1682 τὸ
579 1628 761 1698 λέγειν
809 1628 1075 1701 βιάζεται,
1126 1628 1411 1693 ἐπαινετὸς
1475 1629 1661 1699 μέντοι
1704 1627 1806 1699 τῆς

201 1719 529 1791 προθυμίας
564 1720 776 1791 καὶτῆς
807 1720 939 1791 περὶ
971 1720 1061 1772 τὸν
1097 1721 1353 1791 μάρτυρα
1399 1718 1659 1783 πίστεως,
1722 1719 1804 1773 ὅτι

200 1810 319 1866 κᾶν
342 1810 597 1865 ὁπωσοῦν
626 1811 928 1882 ἐτόλμησεν
964 1810 1208 1881 ἅψασθαι
1240 1812 1339 1882 τῆς
1370 1811 1499 1883 περὶ
1523 1811 1584 1863 τὸ
1604 1810 1807 1883 μαρτύ-

210 1918 334 1975 ριον
365 1901 534 1957 αὐτοῦ
556 1903 887 1975 διηγήσεως,
933 1903 1175 1975 μάλιστα
1205 1902 1302 1957 τοῦ
1347 1904 1659 1959 ἁποστάτου
1709 1905 1804 1959 καὶ

203 1994 449 2059 ἀσεϐοῦς
495 1995 785 2049 Ἰουλιανοῦ
825 1995 1303 2065 παραγγείλαντος
1346 1988 1463 2059 τοῖς
1510 1994 1807 2067 ἁλισκομέ-

203 2100 327 2148 νοις
352 2085 448 2139 ὲπὶ
473 2086 534 2140 τὸ
560 2085 654 2139 τοῦ
683 2084 923 2157 Χριστοῦ
958 2085 1262 2156 μαρτύριον
1298 2087 1439 2156 μήτε
1476 2086 1802 2159 ὑπόμνημα,

206 2174 369 2251 [342]
389 2177 527 2248 μήτε
551 2176 718 2247 ἀλλην
749 2175 847 2247 τὴν
885 2174 1103 2229 οἱανοῦν
1146 2175 1415 2230 ποιεῖσθαι
1456 2176 1804 2249 ἀναγραφὴν,

206 2266 402 2331 καθὼς
440 2267 490 2320 οί
508 2267 776 2338 πρότερον
795 2265 1035 2338 βασιλεῖς
1064 2267 1488 2338 ἐνομοθέτησαν,
1515 2268 1652 2323 ἀλλά
1680 2269 1807 2325 τοὺς

209 2359 473 2422 πλείονας
500 2358 681 2413 αὐτῶν
707 2359 1150 2429 ἀναπολογήτους
1193 2358 1532 2415 ἀπόλλυσθαι
1552 2376 1565 2390 ⁸
1615 2360 1805 2415 τούτου

208 2450 311 2507 τοῦ
386 2452 853 2525 παραγγέλματος
912 2452 1219 2522 πανταχόσε
1278 2454 1806 2525 καταφοιτήσαντος,

212 2544 543 2611 ἐκολάζοντο
580 2547 679 2619 μὲν
705 2548 754 2602 oi
780 2548 873 2602 τὸν
903 2549 1143 2619 Χριστὸν
1168 2549 1564 2620 ὁμολογοῦντες
1590 2567 1604 2581 ο
1666 2550 1808 2605 κατά

211 2639 271 2695 εὶ
292 2640 359 2693 τὸ
387 2639 624 2711 κρατοῦν
646 2641 787 2705 ἔθος,
820 2641 996 2706 οὐδεὶς
1027 2643 1138 2697 τῶν
1169 2646 1234 2697 ἐκ
1283 2643 1378 2697 τοῦ
1415 2645 1589 2717 δήμου
1609 2662 1808 2717 κομεν-

213 2733 502 2803 ταρισίων,
532 2733 564 2804 ἢ
591 2732 702 2786 τῶν
748 2734 1057 2805 λεγομένων
1081 2736 1501 2807 ταχυγιοάφων,
1550 2739 1809 2807 πρόνοιαν

214 2827 461 2880 ἐποιεῖτο
492 2826 647 2881 τοῦδε
677 2827 773 2881 τοῦ
798 2828 1285 2899 παραγγέλματος.
1329 2830 1670 2896 Ἐσπούδαζε
1699 2831 1810 2903 γάρ

214 2917 246 2970 ὁ
278 2919 606 2989 παράνομος
660 2920 755 2973 καὶ
788 2919 957 2991 αὐτὴν
996 2920 1106 2974 τῶν
1146 2920 1443 2992 μαρτύρων
1484 2922 1810 2988 ἐξαφανίσαι

214 3004 321 3080 τὴν
356 3006 632 3063 εὔκλειαν.
690 3009 861 3073 Μόλις
891 3005 985 3063 οῦν
1016 3027 1159 3073 τινες
1192 3012 1251 3065 ἐν
1282 3010 1535 3081 ζοφεροϊς
1569 3029 1681 3066 τισι
1717 3012 1810 3066 καὶ

217 3099 504 3172 ἀλαμπέσι
542 3102 731 3165 τόποις
774 3103 1326 3173 κατακρυπτόμενοι,
1383 3102 1649 3157 τοιούτων
1712 3104 1811 3173 ἐφ-

217 3192 496 3249 άπτεσθαι
519 3193 763 3265 ἐτόλμων
783 3196 1221 3266 ὑπομνημάτων,
1244 3193 1343 3266 τὴν
1362 3193 1457 3247 τοῦ
1479 3194 1812 3267 κρατοῦντος

1910 664 2062 727 bant.
2108 665 2242 739 illud
2282 667 2635 735 conscripsit.
2668 666 2858 738 Neque
2905 681 3036 722 vero
3074 666 3191 737 ipse
3238 672 3491 734 comptus

1909 755 2044 811 satis
2093 764 2190 810 aut
2245 757 2313 811 de
2375 757 2648 812 orationis
2689 757 2966 827 leporibus
3016 757 3295 815 sollicitus
3344 764 3488 815 erat,

1908 844 2005 899 sed
2039 844 2273 914 simplex
2304 855 2359 900 et
2386 845 2705 909 inornatus,
2732 846 2907 899 solius
2938 844 3191 900 veritatis
3209 843 3491 905 curiosus,

1908 938 2045 992 satis
2077 936 2318 991 habebat
2372 952 2490 991 rem
2541 936 2781 991 candide
2824 950 3172 1008 proponere,
3230 944 3284 989 et
3334 935 3491 1005 juxta

1908 1026 2259 1096 proverbium
2280 1042 2501 1082 summo
2522 1027 2699 1095 digito
2720 1041 2937 1081 sacram
2964 1041 3284 1081 sermonum
3306 1026 3491 1079 erudi-

1892 1120 2118 1199 tionem
2147 1121 2442 1190 attingere.

1978 1352 2033 1408 2.
2072 1351 2550 1420 Quemadmodum
2584 1353 2755 1424 igitur
2778 1367 2959 1423 neque
2998 1367 3100 1423 ego
3131 1348 3408 1406 sulliciens
3436 1356 3492 1404 et

1909 1445 2145 1501 idoneus
2196 1461 2320 1502 sum
2380 1446 2629 1501 historiae
2683 1446 2846 1517 digne
2886 1445 3173 1511 texendae;
3228 1442 3356 1497 licet
3407 1457 3496 1497 me

1910 1547 2066 1589 meus
2098 1532 2152 1587 in
2212 1542 2509 1605 martyrem
2549 1550 2705 1589 amor
2747 1534 2978 1601 alliciat,
3038 1534 3089 1588 iu
3131 1533 3367 1588 consilio
3401 1546 3495 1587 ca-

1908 1624 2114 1693 piendo
2145 1625 2365 1696 subigat
2400 1633 2566 1695 atque
2608 1626 2676 1681 ad
2715 1626 3007 1682 dicendum
3044 1635 3229 1696 cogat,
3266 1624 3497 1680 laudan-

1907 1716 2010 1772 dus
2045 1725 2228 1773 tamen
2269 1727 2356 1772 est
2384 1728 2613 1789 promer
2635 1718 2881 1773 studium
2927 1729 2982 1774 et
3009 1717 3166 1773 Iidem
3206 1718 3261 1772 in
3292 1726 3497 1786 marty-

1908 1824 2024 1864 rem
2059 1809 2323 1880 antiquus
2352 1811 2470 1875 ille,
2520 1810 2616 1881 qui
2672 1811 3033 1880 quantumvis
3080 1810 3278 1865 leviter
3328 1822 3496 1863 ausus

1908 1904 1979 1959 sit
2014 1904 2260 1975 martyrii
2316 1903 2440 1974 ejus
2492 1905 2779 1960 historiam
2818 1906 3128 1976 attingere;
3190 1903 3492 1974 praesertim

1908 1995 2037 2067 quia
2077 2003 2326 2066 apostata
2357 2006 2411 2051 et
2451 1998 2654 2067 impius
2677 1995 2937 2053 Julianus
2973 1998 3288 2053 sanciverat
3330 2013 3399 2053 ne
3438 1998 3496 2052 in

1909 2087 2237 2141 memoriam
2274 2101 2465 2141 eorum
2489 2089 2584 2158 qui
2610 2103 2709 2158 pro
2740 2088 2965 2143 Christo
2995 2088 3323 2159 martyrium
3347 2088 3494 2155 passi

1908 2185 2116 2243 essent,
2150 2187 2576 2234 monumentum
2606 2180 2915 2250 erigeretur
2969 2189 3066 2232 aut
3098 2179 3498 2249 qualiscunque

1910 2268 2357 2325 conscriberetur
2385 2270 2617 2325 historia
2642 2311 2657 2336 ,
2698 2286 2863 2341 quam
2907 2270 3080 2341 legem
3111 2269 3228 2341 jam
3282 2278 3499 2324 veteres

1909 2360 2278 2431 imperatores
2323 2362 2586 2426 tulerant,
2627 2363 2724 2418 sed
2761 2363 3013 2418 voluerat
3066 2362 3368 2432 plerosque
3400 2376 3497 2416 eo-

1910 2468 2031 2507 rum
2078 2452 2345 2523 inglorios
2400 2455 2604 2525 perire.
2662 2455 2780 2521 Qua
2848 2455 3233 2527 prohibitione
3294 2455 3499 2525 ubique

1909 2547 2292 2619 promulgata,
2342 2548 2722 2615 puniebantur
2758 2548 2982 2619 quidem
3035 2548 3245 2604 Christi
3277 2547 3498 2604 confes-

1911 2624 2109 2709 sores;
2146 2641 2243 2697 sed
2273 2641 2433 2712 juxta
2468 2642 2743 2712 vigentem
2797 2642 3007 2712 legem,
3048 2656 3212 2697 nemo
3248 2656 3280 2697 e
3318 2640 3499 2712 publi-

1912 2732 1992 2787 cis
2017 2733 2617 2789 commentariensibus
2648 2742 2740 2787 aut
2776 2734 2843 2789 iis
2889 2734 2985 2803 qui
3021 2734 3282 2789 dicuntur
3315 2732 3498 2803 tachg-

1910 2822 2120 2893 graphi,
2146 2823 2342 2878 horum
2372 2822 2619 2879 historiae
2662 2838 2853 2878 curam
2889 2824 3123 2879 habebat
3154 2824 3255 2895 (ὅ).
3295 2823 3495 2878 Stude-

1913 2916 2005 2969 bat
2029 2916 2179 2969 enim
2219 2915 2519 2985 imperator
2555 2917 2832 2971 scelestus
2866 2924 3171 2989 martyrum
3200 2915 3287 2970 vel
3318 2915 3495 2986 ipsam

1911 3008 2142 3080 gloriam
2175 3008 2485 3063 eliminare.
2513 3006 2683 3079 Egre
2714 3009 2879 3078 igitur
2903 3009 3097 3080 aliqui,
3146 3025 3259 3080 pra:
3299 3008 3497 3063 timore

1914 3100 2117 3155 ferocis
2150 3100 2444 3170 principis,
2474 3101 2528 3153 in
2570 3101 2886 3179 tenebrosis
2924 3101 3251 3172 quibusdam
3298 3099 3499 3154 obscu-

1912 3194 2101 3262 risque
2139 3192 2278 3247 locis
2311 3193 2730 3260 delitescentes,
2776 3193 3098 3263 hujusmodi
3144 3192 3499 3247 narrationes

217 3286 585 3355 δεδιττόμενοι
641 3287 969 3359 ἀγριότητα.
1025 3286 1229 3343 Πολλαὶ
1265 3288 1364 3359 μὲν
1398 3284 1493 3343 οὖν
1547 3290 1808 3362 μυριάδες

1919 3287 2185 3357 attingere
2210 3286 2507 3341 audebant.
2535 3286 2707 3341 Multa
2741 3302 2872 3357 ergo
2901 3286 3350 3342 Christianorum
3376 3282 3499 3337 mil-

217 3379 329 3435 ἀνά
362 3380 547 3434 πᾶσαν
599 3378 699 3452 τὴν
753 3381 1086 3450 οἰκουμένην
1133 3379 1244 3433 τῶν
1289 3380 1635 3452 Χριστιανῶν
1684 3398 1814 3434 κατ-

222 3472 573 3543 εφθείροντο,
610 3472 745 3544 μηδὲ
788 3474 918 3543 μιᾶς
949 3490 1095 3537 τινος
1124 3471 1266 3526 κατά
1295 3472 1357 3525 τὸ
1402 3471 1644 3544 κρατοῦν
1694 3471 1814 3537 ἔθος

222 3562 540 3633 ἀξιούμενοι
575 3565 930 3636 ἐρωτήσεως·
957 3562 1096 3617 ἀλλὰ
1122 3562 1283 3617 τοῦτο
1317 3564 1415 3635 μὲν
1463 3563 1621 3617 οὐδὲν
1668 3581 1814 3636 παρ-

222 3656 429 3727 έδλαψε
484 3658 610 3720 τοὺς
656 3655 897 3727 ἀθλητὰς
925 3655 1021 3709 τοῦ
1069 3653 1329 3728 Χριστοῦ,
1392 3654 1453 3708 τὸ
1507 3654 1582 3726 μή
1629 3659 1815 3727 τυχεῖν

222 3745 642 3819 ὑπομνήματος’
670 3766 746 3801 ων
770 3748 879 3818 γὰρ
901 3746 969 3799 τὰ
994 3746 1237 3817 ὀνόματα
1273 3749 1332 3800 ὲν
1375 3747 1626 3818 οὐρανοῖς
1680 3747 1812 3812 Θεὸς

222 3842 602 3911 ἀπεγράφετο,
634 3841 863 3910 οὐδεμία
888 3858 972 3903 τις
1002 3835 1071 3911 ἦν
1094 3840 1251 3910 χρεία
1284 3841 1395 3893 τῶν
1430 3842 1564 3910 παρ’
1604 3840 1814 3912 ἀνθρὼ-

223 3948 351 3997 ποις
400 3932 834 4003 ὑπομνημάτων.
884 3931 1053 3985 Ἀλλὰ
1099 3931 1229 4002 περὶ
1292 3930 1392 4002 μὲν
1433 3932 1641 3985 τούτων
1672 3932 1809 3996 ἅλις.

295 4051 368 4114 γ’.
399 4042 544 4113 Ἐγὼ
577 4044 653 4110 δὲ,
687 4037 733 4097 ὦ
764 4043 884 4114 ίερά
914 4046 1244 4115 πανήγυρις,
1286 4045 1382 4098 καὶ
1418 4044 1655 4115 Χριστοῦ
1687 4044 1812 4110 λαὸς

226 4136 656 4201 θεοσύλλεκτος,
703 4137 883 4202 ἔθνος
928 4137 1103 4207 ἅγιον
1146 4138 1244 4191 καί
1292 4138 1619 4201 ,ϐασίλειον
1661 4137 1805 4205 ἱερά-

226 4245 438 4298 τευμα,
458 4226 673 4291 πολλοῖς
691 4226 931 4297 ἐντυχὼν
956 4226 1379 4298 συγγράμμασι,
1422 4225 1518 4278 καὶ⁸
1578 4224 1814 4296 μάλιστα

198 4318 339 4393 ⁸τῶν
368 4319 469 4382 τὰς
500 4318 739 4386 ἱστορίας
762 4317 857 4370 καὶ
896 4317 1125 4388 πράξεις
1150 4315 1260 4369 τῶν
1306 4314 1573 4385 βασιλέων
1623 4333 1817 4369 συντα-

230 4414 509 4485 ξαμένων,
546 4413 741 4468 ἔπειτα
766 4412 824 4467 δὲ
843 4412 939 4466 καὶ
966 4411 1076 4466 τῶν
1106 4412 1240 4482 περὶ
1272 4412 1373 4485 τὴν
1427 4411 1817 4483 ἐκκλησιαστι-

231 4507 335 4576 κὴν
380 4505 625 4578 ίστορίαν
680 4503 1124 4569 σπουδασάντων,
1170 4503 1268 4559 καὶ
1320 4502 1497 4557 τὸτοῦ
1535 4504 1817 4576 μάρτυρος

1908 3378 1982 3432 lia
2015 3394 2111 3449 per
2168 3378 2494 3433 universum
2555 3379 2745 3434 orbem
2804 3387 3036 3449 mortem
3074 3379 3392 3442 subierunt,
3426 3390 3499 3431 ne

1912 3471 2021 3526 ulla
2046 3470 2267 3541 quidem
2300 3479 2530 3541 propter
2555 3471 2828 3542 vigentem
2862 3470 3034 3540 legem
3092 3468 3360 3525 memoria
3410 3467 3497 3523 di-

1913 3563 2086 3635 gnati.
2119 3560 2326 3618 Verum
2368 3561 2687 3633 hujusmodi
2724 3562 3005 3617 memoria:
3038 3561 3274 3632 privatio
3314 3561 3498 3615 nulla-

1913 3664 2076 3711 tenus
2109 3661 2295 3711 nocuit
2320 3654 2526 3711 Christi
2551 3654 2796 3709 athletis.
2824 3652 3070 3720 Quorum
3096 3655 3241 3708 enim
3272 3654 3498 3707 nomine

1918 3751 1972 3804 in
2011 3750 2172 3805 cmlis
2207 3748 2350 3805 Deus
2380 3749 2791 3816 conscribebat,
2826 3750 2976 3804 nulla
3016 3749 3229 3805 ratione
3284 3748 3502 3819 indige-

1917 3840 2051 3895 bant
2082 3840 2455 3897 monumentis
2495 3841 2641 3912 apud
2684 3841 2958 3898 homines.
2989 3840 3096 3898 Sed
3130 3842 3199 3897 de
3263 3842 3351 3898 his
3407 3856 3502 3896 sa-

1920 3932 2013 3987 tis.
2192 3996 2207 4007 Α

1991 4042 2045 4097 5.
2080 4042 2371 4114 Equidem,
2402 4060 2435 4101 ο
2465 4060 2625 4100 sacra
2661 4046 3020 4117 congregatio
3053 4044 3371 4116 Christique
3404 4058 3505 4115 po-

1920 4136 2050 4206 pule
2084 4153 2246 4206 quem
2282 4136 2427 4191 Deus
2472 4136 2722 4207 collegit,
2760 4154 2884 4208 gens
2916 4148 3101 4191 sancta
3129 4146 3179 4191 et
3210 4136 3381 4207 regale
3412 4153 3504 4191 sa-

1923 4228 2217 4282 cerdotium
2254 4231 2296 4293 ¹,
2352 4228 2523 4283 multa
2584 4240 2785 4285 naCtus
2839 4231 3209 4295 documenta,
3266 4231 3505 4284 maxime

1920 4332 2112 4373 eorum
2133 4319 2224 4388 qui
2252 4327 2367 4372 tum
2394 4317 2658 4373 historias
2681 4326 2735 4373 et
2767 4326 2922 4388 gesta
2944 4320 3336 4387 imperatorum
3361 4332 3505 4372 com-

1922 4417 2271 4480 posuerunt,
2333 4418 2451 4464 tum
2514 4408 3224 4470 ecclesiasticzehistoria:
3278 4424 3503 4480 operam

1924 4502 2216 4566 dederunt,
2238 4512 2293 4557 et
2320 4517 2523 4560 nomen
2555 4502 2819 4575 martyris
2855 4503 3140 4559 inveniens
3170 4503 3257 4558 hic
3290 4510 3344 4558 et
3372 4500 3503 4564 alibi

230 4597 411 4671 εὑρὼν
439 4598 613 4671 ὄνομα
641 4592 746 4654 ὦδε
774 4599 995 4653 κάκεῖσε
1054 4595 1548 4669 διαθρυλλούμενόν
1605 4614 1667 4651 τε
1722 4596 1812 4651 καὶ

1924 4595 2263 4652 celebratum
2297 4593 2556 4667 idemque
2610 4594 2851 4663 illustre,
2884 4610 3101 4652 necnon
3154 4596 3330 4651 virum
3368 4608 3507 4665 pra-

1759 4776 1993 4839 NOTAE.

309 4908 873 4991 [SLTéxtusCrarcus
911 4918 993 4991 sic
1022 4917 1185 4991 habet
1206 4936 1234 4991 _:
1274 4919 1431 4974 Κατὰ
1477 4920 1535 4974 δὲ
1573 4919 1637 4974 τὺ
1678 4936 1817 4991 κραο

236 4985 537 5064 τοῖιν-ἔθος,
562 4988 737 5064 οὐδεὶς
784 4989 893 5043 τῶν
921 4990 986 5042 ὲκ
1030 4988 1125 5064 τοῦ
1158 4989 1333 5061 δήμου
1359 4985 1816 5064 κομενταρισίίρν,

238 5057 273 5130 ἢ
305 5056 424 5139 ¹τῷν
464 5056 1525 5139 λεγομένωνξαχυτριίφωνζπρόνοιαν
1579 5056 1821 5115 ε’ποιεῖτο

238 5127 396 5182 τοῦδε
424 5127 520 5200 τοῦ
547 5127 1028 5200 παραγγέλματος.
1057 5127 1209 5196 Quae,
1245 5130 1291 5185 si
1312 5127 1395 5185 'ad
1428 5131 1663 5184 litteram
1698 5146 1822 5186 ver-

238 5205 454 5260 tantur,
488 5198 942 5283 hri-cnsignillcaut
970 5219 984 5283 ι
1012 5200 1288 5283 εςιηιιβια
1321 5201 1820 5283 vigentemiegem,

198 5310 201 5313 »
242 5284 395 5323 nemo
424 5284 451 5322 ε
474 5268 700 5335 publicis
722 5268 1283 5341 comrmentarien'sibus
1304 5268 1403 5325 aui
1424 5272 1490 5325 iis
1522 5270 1613 5341 qui
1638 5268 1828 5325 dicun-

242 5348 335 5393 tur
369 5353 766 5405 TACBVGRM‘HI,
823 5340 981 5410 hujus
1006 5340 1377 5411 probibitionis
1412 5340 1674 5395 rationem
1723 5345 1825 5394 du-

241 5412 416 5464 cebat.
450 5440 521 5451 —
553 5411 659 5465 Sed
695 5427 855 5466 nemo
884 5427 993 5465 non
1027 5413 1172 5467 videt
1197 5427 1425 5466 sensum
1460 5412 1609 5466 hunc
1643 5412 1825 5465 nulla-

243 5489 409 5551 tenus
429 5481 520 5535 hic
560 5479 773 5536 admitti
809 5496 993 5551 posse.
1026 5482 1162 5536 Nam
1196 5482 1250 5534 l°
1278 5481 1655 5537 Contradictio
1679 5490 1828 5538 esset

244 5550 301 5623 in
331 5566 400 5623 eo
425 5550 570 5620 quod
600 5550 1130 5608 comme'utarienses
1162 5552 1318 5619 juxta
1348 5554 1618 5623 vigentem
1653 5553 1824 5623 legem

245 5620 318 5676 de
337 5622 457 5691 lege
494 5637 598 5675 non
622 5624 960 5677 curaverint.
982 5623 1040 5678 2°
1072 5624 1240 5677 Docet
1268 5620 1464 5678 auctor
1491 5625 1543 5677 in
1569 5620 1822 5693 praesenti

247 5693 593 5774 paragrapho
638 5693 960 5774 memoriam
1013 5701 1339 5774 martyrum.
1357 5708 1422 5747 ex
1474 5692 1583 5749 hac
1618 5692 1823 5774 Juliani

248 5761 621 5830 prohibitione
651 5763 1025 5818 oblitteratam
1063 5761 1256 5820 fuisse.
1294 5761 1411 5818 Hoc
1461 5776 1643 5820 autem
1694 5763 1823 5821 inde

252 5832 511 5938 provenit
554 5832 702 5903 quod
748 5834 949 5901 publici
996 5834 1215 5899 notarii,
1248 5834 1321 5888 ad
1351 5833 1493 5890 hanc
1543 5834 1818 5905 vigentem

273 5916 427 5938 annm
452 5916 575 5938 una
598 5903 1074 5938 qnnnmmntlnnlno
1138 5906 1272 5938 nihil
1315 5906 1458 5938 nia-nn
1513 5914 1816 5938 nsantupnm

254 5903 427 5976 legem
452 5916 575 5960 sese
598 5903 1098 5973 accommodantes,
1137 5906 1275 5962 nihil
1314 5906 1461 5963 circa
1513 5903 1817 5977 martyrum

1928 4918 2231 4975 certamina
2263 4910 2680 4974 commentariis
2708 4911 3181 4987 consignaverint.
3217 4910 3393 4987 Sed_si
3420 4930 3508 4987 ve-

1928 5005 2050 5045 rum
2072 4988 2215 5046 foret
2236 5005 2333 5046 eos
2361 4989 2753 5060 probibitionis
2784 4982 3162 5060 imperatoriae
3181 4999 3287 5037 non
3312 4982 3507 5060 duxis-

1928 5075 1989 5131 se
2023 5061 2313 5131 rationem,
2361 5055 2469 5117 nec
2508 5060 2739 5131 proinde
2779 5055 3199 5131 conscribendis
3228 5055 3506 5131 martyriis

1928 5130 2245 5205 destitisse.
2268 5123 2461 5205 __nu_llo‘
2485 5123 2646 5205 modo
2668 5135 2855 5200 posset
2895 5125 3123 5205 intelligi
3154 5139 3257 5205 cur
3285 5123 3509 5205 oblitte-

1928 5210 2047 5255 rata
2072 5192 2239 5256 fuerit
2258 5201 2464 5256 Christi
2490 5192 2872 5255 confessorum
2898 5192 3185 5250 memoria.
3214 5192 3507 5251 Maluimus

1928 5272 2097 5339 igitur
2130 5273 2291 5325 aliam
2349 5271 2639 5327 admittere
2698 5268 3036 5339 versionem2
3073 5280 3193 5335 qua:
3224 5265 3504 5319 contextui

1929 5334 2201 5396 o'rationis
2222 5342 2366 5395 omni
2391 5357 2458 5396 ex
2488 5350 2643 5410 parte
2666 5334 3135 5410 concordat._lm’o
3168 5346 3351 5410 posset
3368 5349 3503 5410 cum

1929 5420 2082 5467 textu
2118 5411 2308 5468 Graeco
2361 5405 2669 5473 conciliari,
2718 5411 2763 5465 si
2798 5409 2925 5477 quis
2956 5408 3043 5463 his
3072 5405 3254 5460 verbis
3284 5422 3310 5477 ι
3330 5405 3505 5468 οὐδεὶς

1931 5520 1946 5554 ι
1971 5522 1984 5536 .
2006 5521 2021 5536 .
2049 5523 2062 5536 .
2094 5521 2109 5537 .
2139 5484 2395 5554 πρόνοιαν
2440 5484 2674 5554 ἐποιεῖτο
2700 5476 2853 5554 τοῦδε
2889 5478 2995 5554 *τοῦ
3044 5476 3506 5554 παραγγέλματος

1933 5553 2079 5625 hunc
2106 5545 2330 5625 sensum
2362 5553 2516 5625 daret
2552 5572 2565 5607 :
2608 5551 2778 5605 Nemo
2810 5550 2950 5625 huic
2974 5545 3507 5625 prolii'bitioni'_invi-

1933 5624 2164 5692 gilabat,
2201 5623 2323 5676 ideo
2351 5622 2564 5677 scilicet
2587 5631 2649 5676 ut
2676 5636 2795 5675 eam
2828 5617 3116 5692 elu‘deret,‘
3132 5629 3190 5672 ut
3223 5617 3504 5692 nihilomi-

1933 5688 2041 5748 nus
2069 5688 2191 5749 acta
2220 5700 2516 5763 martyrum
2550 5692 3055 5747 conscriberentur.
3082 5688 3239 5755 Quod
3265 5688 3309 5742 si
3344 5700 3505 5763 nemo

1914 5763 1986 5818 .id
2022 5764 2275 5830 faciebat,
2318 5757 2452 5832 ergo
2511 5778 2722 5832 omnes
2757 5762 2858 5832 legi
2912 5763 3197 5832 parebant,
3238 5767 3403 5827 atque
3428 5757 3503 5832 ita

1930 5832 2134 5890 factum
2160 5845 2244 5893 est
2261 5826 2333 5889 "ut
2360 5826 2677 5892 oblitterata
2704 5826 2871 5891 fuerit
2896 5826 3503 5957 Fmartyrlptpénemoria.

2924 5917 3053 5955 .m'r.
3131 5916 3161 5953 Α
3242 5935 3259 5953 .

2924 5912 3053 5955 Εῡιτ.
3089 5912 3259 5954 ΡΑΤΙ.
