  <div class='ocr_page' id='page_1' title='image "/cluster/home/n/w/nwhite01/storage/ocr_20150623/96/hvd.32044019208065/634.png"; bbox 0 0 4026 6404; ppageno 0'>
   <div class='ocr_carea' id='block_1_1' title="bbox 191 433 345 504">
    <p class='ocr_par' dir='ltr' id='par_1_1' title="bbox 191 433 345 504">
     <span class='ocr_line' id='line_1_1' title="bbox 191 433 345 504; baseline 0.019 -4"><span class='ocrx_word' id='word_1_1' title='bbox 191 433 345 504; x_wconf 80' lang='grc'><strong>1257</strong></span> 
     </span>
    </p>
   </div>
   <div class='ocr_carea' id='block_1_2' title="bbox 1447 447 2215 513">
    <p class='ocr_par' dir='ltr' id='par_1_2' title="bbox 1447 447 2215 513">
     <span class='ocr_line' id='line_1_2' title="bbox 1447 447 2215 513; baseline 0.01 -8"><span class='ocrx_word' id='word_1_2' title='bbox 1447 447 1509 507; x_wconf 91' lang='lat' dir='ltr'><strong>S.</strong></span> <span class='ocrx_word' id='word_1_3' title='bbox 1552 447 1888 509; x_wconf 83' lang='lat' dir='ltr'><strong>ARTEMII</strong></span> <span class='ocrx_word' id='word_1_4' title='bbox 1930 450 2215 513; x_wconf 83' lang='lat' dir='ltr'><strong>PASSIO.</strong></span> 
     </span>
    </p>
   </div>
   <div class='ocr_carea' id='block_1_3' title="bbox 3333 457 3470 525">
    <p class='ocr_par' dir='ltr' id='par_1_3' title="bbox 3333 457 3470 525">
     <span class='ocr_line' id='line_1_3' title="bbox 3333 457 3470 525; baseline 0.015 -5"><span class='ocrx_word' id='word_1_5' title='bbox 3333 457 3470 525; x_wconf 65' lang='lat'><strong>1958</strong></span> 
     </span>
    </p>
   </div>
   <div class='ocr_carea' id='block_1_4' title="bbox 264 541 1790 632">
    <p class='ocr_par' dir='ltr' id='par_1_4' title="bbox 264 541 1790 628">
     <span class='ocr_line' id='line_1_4' title="bbox 264 541 1790 628; baseline 0.01 -28"><span class='ocrx_word' id='word_1_6' title='bbox 264 546 349 614; x_wconf 84' lang='grc' dir='ltr'><strong>ς’.</strong></span> <span class='ocrx_word' id='word_1_7' title='bbox 377 545 599 603; x_wconf 79' lang='grc' dir='ltr'><strong>Τούτων</strong></span> <span class='ocrx_word' id='word_1_8' title='bbox 646 541 741 603; x_wconf 83' lang='grc' dir='ltr'><strong>οῦν</strong></span> <span class='ocrx_word' id='word_1_9' title='bbox 770 549 1101 621; x_wconf 80' lang='grc' dir='ltr'>γινομένων,</span> <span class='ocrx_word' id='word_1_10' title='bbox 1131 551 1233 607; x_wconf 84' lang='grc' dir='ltr'><strong>οὐκ</strong></span> <span class='ocrx_word' id='word_1_11' title='bbox 1263 553 1498 624; x_wconf 71' lang='grc' dir='ltr'>ἤνεγκεν</span> <span class='ocrx_word' id='word_1_12' title='bbox 1542 558 1643 628; x_wconf 80' lang='grc' dir='ltr'>τὴν</span> <span class='ocrx_word' id='word_1_13' title='bbox 1667 576 1790 614; x_wconf 82' lang='grc' dir='ltr'>τοσ-</span> 
     </span>
    </p>
   </div>
   <div class='ocr_carea' id='block_1_5' title="bbox 1896 541 3518 632">
    <p class='ocr_par' dir='ltr' id='par_1_5' title="bbox 1967 562 3518 632">
     <span class='ocr_line' id='line_1_5' title="bbox 1967 562 3518 632; baseline 0.005 -14"><span class='ocrx_word' id='word_1_14' title='bbox 1967 562 2024 620; x_wconf 85' lang='grc'><strong>6.</strong></span> <span class='ocrx_word' id='word_1_15' title='bbox 2058 562 2197 620; x_wconf 89' lang='lat' dir='ltr'><strong>Dum</strong></span> <span class='ocrx_word' id='word_1_16' title='bbox 2236 566 2357 625; x_wconf 69' lang='lat' dir='ltr'><strong>haec</strong></span> <span class='ocrx_word' id='word_1_17' title='bbox 2378 566 2592 632; x_wconf 88' lang='lat' dir='ltr'><strong>fierent,</strong></span> <span class='ocrx_word' id='word_1_18' title='bbox 2624 581 2733 623; x_wconf 92' lang='lat' dir='ltr'><strong>non</strong></span> <span class='ocrx_word' id='word_1_19' title='bbox 2761 568 2888 625; x_wconf 92' lang='lat' dir='ltr'><strong>tulit</strong></span> <span class='ocrx_word' id='word_1_20' title='bbox 2916 576 3127 625; x_wconf 89' lang='lat' dir='ltr'><strong>tantam</strong></span> <span class='ocrx_word' id='word_1_21' title='bbox 3171 585 3355 626; x_wconf 91' lang='lat' dir='ltr'><strong>rerum</strong></span> <span class='ocrx_word' id='word_1_22' title='bbox 3386 590 3468 628; x_wconf 67' lang='grc' dir='ltr'>νο</span> <span class='ocrx_word' id='word_1_23' title='bbox 3513 591 3518 595; x_wconf 93' lang='grc'><strong>·</strong></span> 
     </span>
    </p>
   </div>
   <div class='ocr_carea' id='block_1_6' title="bbox 186 641 1785 720">
    <p class='ocr_par' dir='ltr' id='par_1_6' title="bbox 186 641 1785 720">
     <span class='ocr_line' id='line_1_6' title="bbox 186 641 1785 720; baseline 0.006 -23"><span class='ocrx_word' id='word_1_24' title='bbox 186 641 377 713; x_wconf 87' lang='grc' dir='ltr'>αύτην</span> <span class='ocrx_word' id='word_1_25' title='bbox 404 641 714 714; x_wconf 88' lang='grc' dir='ltr'>μεταϐολὴν</span> <span class='ocrx_word' id='word_1_26' title='bbox 741 644 770 697; x_wconf 99' lang='lat'><strong>6</strong></span> <span class='ocrx_word' id='word_1_27' title='bbox 801 646 917 709; x_wconf 84' lang='grc' dir='ltr'>τοῖς</span> <span class='ocrx_word' id='word_1_28' title='bbox 952 644 1144 710; x_wconf 85' lang='grc' dir='ltr'>καλοῖς</span> <span class='ocrx_word' id='word_1_29' title='bbox 1176 646 1488 717; x_wconf 78' lang='grc' dir='ltr'><strong>βασκαίνων</strong></span> <span class='ocrx_word' id='word_1_30' title='bbox 1515 650 1785 720; x_wconf 87' lang='grc' dir='ltr'>διάϐολος,</span> 
     </span>
    </p>
   </div>
   <div class='ocr_carea' id='block_1_7' title="bbox 186 732 1787 809">
    <p class='ocr_par' dir='ltr' id='par_1_7' title="bbox 186 732 1787 809">
     <span class='ocr_line' id='line_1_7' title="bbox 186 732 1787 809; baseline 0.007 -22"><span class='ocrx_word' id='word_1_31' title='bbox 186 732 319 787; x_wconf 72' lang='grc' dir='ltr'>ἀλλ’</span> <span class='ocrx_word' id='word_1_32' title='bbox 356 734 552 807; x_wconf 77' lang='grc' dir='ltr'>ῆγειρε</span> <span class='ocrx_word' id='word_1_33' title='bbox 588 732 764 802; x_wconf 79' lang='grc' dir='ltr'>ζάλην</span> <span class='ocrx_word' id='word_1_34' title='bbox 807 734 904 790; x_wconf 84' lang='grc' dir='ltr'>καὶ</span> <span class='ocrx_word' id='word_1_35' title='bbox 956 737 1199 809; x_wconf 80' lang='grc' dir='ltr'><strong>τάραχον</strong></span> <span class='ocrx_word' id='word_1_36' title='bbox 1235 738 1325 792; x_wconf 83' lang='grc' dir='ltr'>διὰ</span> <span class='ocrx_word' id='word_1_37' title='bbox 1363 740 1476 795; x_wconf 83' lang='grc' dir='ltr'>τῶν</span> <span class='ocrx_word' id='word_1_38' title='bbox 1505 742 1673 797; x_wconf 73' lang='grc' dir='ltr'>αὐτοῦ</span> <span class='ocrx_word' id='word_1_39' title='bbox 1704 745 1787 798; x_wconf 75' lang='grc' dir='ltr'><strong>οξ-</strong></span> 
     </span>
    </p>
   </div>
   <div class='ocr_carea' id='block_1_8' title="bbox 186 825 1789 902">
    <p class='ocr_par' dir='ltr' id='par_1_8' title="bbox 186 825 1789 902">
     <span class='ocr_line' id='line_1_8' title="bbox 186 825 1789 902; baseline 0.007 -23"><span class='ocrx_word' id='word_1_40' title='bbox 186 825 364 879; x_wconf 80' lang='grc' dir='ltr'>κείων</span> <span class='ocrx_word' id='word_1_41' title='bbox 397 825 789 882; x_wconf 77' lang='grc' dir='ltr'>ὑπασπιστῶν.</span> <span class='ocrx_word' id='word_1_42' title='bbox 834 827 1059 899; x_wconf 81' lang='grc' dir='ltr'>Ἀρειος</span> <span class='ocrx_word' id='word_1_43' title='bbox 1095 829 1205 900; x_wconf 84' lang='grc' dir='ltr'>γὰρ</span> <span class='ocrx_word' id='word_1_44' title='bbox 1247 832 1276 884; x_wconf 90' lang='lat'><strong>6</strong></span> <span class='ocrx_word' id='word_1_45' title='bbox 1309 832 1412 902; x_wconf 87' lang='grc' dir='ltr'><strong>τῆς</strong></span> <span class='ocrx_word' id='word_1_46' title='bbox 1449 835 1649 902; x_wconf 87' lang='grc' dir='ltr'>μανίας</span> <span class='ocrx_word' id='word_1_47' title='bbox 1687 837 1789 891; x_wconf 76' lang='grc' dir='ltr'><strong>ἐπ-</strong></span> 
     </span>
    </p>
   </div>
   <div class='ocr_carea' id='block_1_9' title="bbox 187 912 1789 997">
    <p class='ocr_par' dir='ltr' id='par_1_9' title="bbox 187 912 1789 997">
     <span class='ocr_line' id='line_1_9' title="bbox 187 912 1789 997; baseline 0.009 -30"><span class='ocrx_word' id='word_1_48' title='bbox 187 912 438 986; x_wconf 84' lang='grc' dir='ltr'>ώνυμος,</span> <span class='ocrx_word' id='word_1_49' title='bbox 469 915 570 983; x_wconf 88' lang='grc' dir='ltr'><strong>τῆς</strong></span> <span class='ocrx_word' id='word_1_50' title='bbox 620 915 679 969; x_wconf 83' lang='grc' dir='ltr'>ὲν</span> <span class='ocrx_word' id='word_1_51' title='bbox 724 915 1108 990; x_wconf 79' lang='grc' dir='ltr'><strong>Ἀλεξανδρείᾳ</strong></span> <span class='ocrx_word' id='word_1_52' title='bbox 1149 918 1482 992; x_wconf 84' lang='grc' dir='ltr'>Ἐκκλησίας</span> <span class='ocrx_word' id='word_1_53' title='bbox 1524 924 1789 997; x_wconf 82' lang='grc' dir='ltr'>ὑπάρχων</span> 
     </span>
    </p>
   </div>
   <div class='ocr_carea' id='block_1_10' title="bbox 191 1011 1789 1092">
    <p class='ocr_par' dir='ltr' id='par_1_10' title="bbox 191 1011 1789 1092">
     <span class='ocr_line' id='line_1_10' title="bbox 191 1011 1789 1092; baseline 0.007 -28"><span class='ocrx_word' id='word_1_54' title='bbox 191 1011 606 1084; x_wconf 86' lang='grc' dir='ltr'>πρεσϐύτερος,</span> <span class='ocrx_word' id='word_1_55' title='bbox 641 1011 835 1078; x_wconf 82' lang='grc' dir='ltr'>δεινῶς</span> <span class='ocrx_word' id='word_1_56' title='bbox 867 1031 929 1069; x_wconf 88' lang='grc' dir='ltr'><strong>τε</strong></span> <span class='ocrx_word' id='word_1_57' title='bbox 956 1014 1165 1086; x_wconf 86' lang='grc' dir='ltr'>ταύτην</span> <span class='ocrx_word' id='word_1_58' title='bbox 1201 1015 1458 1090; x_wconf 76' lang='grc' dir='ltr'>ἐτάραξε,</span> <span class='ocrx_word' id='word_1_59' title='bbox 1488 1020 1667 1092; x_wconf 85' lang='grc' dir='ltr'><strong>δόγμα</strong></span> <span class='ocrx_word' id='word_1_60' title='bbox 1701 1038 1789 1075; x_wconf 82' lang='grc' dir='ltr'>κι-</span> 
     </span>
    </p>
   </div>
   <div class='ocr_carea' id='block_1_11' title="bbox 184 1103 1784 1182">
    <p class='ocr_par' dir='ltr' id='par_1_11' title="bbox 184 1103 1784 1182">
     <span class='ocr_line' id='line_1_11' title="bbox 184 1103 1784 1182; baseline 0.009 -29"><span class='ocrx_word' id='word_1_61' title='bbox 184 1103 373 1175; x_wconf 79' lang='grc' dir='ltr'>νήσας</span> <span class='ocrx_word' id='word_1_62' title='bbox 399 1104 720 1176; x_wconf 87' lang='grc' dir='ltr'>παράνομον</span> <span class='ocrx_word' id='word_1_63' title='bbox 742 1105 836 1158; x_wconf 72' lang='grc' dir='ltr'><strong>καὶ</strong></span> <span class='ocrx_word' id='word_1_64' title='bbox 864 1106 1049 1177; x_wconf 84' lang='grc' dir='ltr'>πάσης</span> <span class='ocrx_word' id='word_1_65' title='bbox 1076 1106 1431 1181; x_wconf 78' lang='grc' dir='ltr'>βλασφημίας</span> <span class='ocrx_word' id='word_1_66' title='bbox 1455 1112 1784 1182; x_wconf 85' lang='grc' dir='ltr'>ἀνάμεστον.</span> 
     </span>
    </p>
   </div>
   <div class='ocr_carea' id='block_1_12' title="bbox 193 1195 1784 1275">
    <p class='ocr_par' dir='ltr' id='par_1_12' title="bbox 193 1195 1784 1275">
     <span class='ocr_line' id='line_1_12' title="bbox 193 1195 1784 1275; baseline 0.006 -26"><span class='ocrx_word' id='word_1_67' title='bbox 193 1195 454 1267; x_wconf 77' lang='grc' dir='ltr'>Ἔφασκε</span> <span class='ocrx_word' id='word_1_68' title='bbox 476 1196 586 1270; x_wconf 81' lang='grc' dir='ltr'><strong>γὰρ</strong></span> <span class='ocrx_word' id='word_1_69' title='bbox 623 1197 716 1252; x_wconf 78' lang='grc' dir='ltr'><strong>τὸν</strong></span> <span class='ocrx_word' id='word_1_70' title='bbox 751 1197 883 1252; x_wconf 86' lang='grc' dir='ltr'>Υίὸν</span> <span class='ocrx_word' id='word_1_71' title='bbox 925 1197 1020 1251; x_wconf 89' lang='grc' dir='ltr'><strong>τοῦ</strong></span> <span class='ocrx_word' id='word_1_72' title='bbox 1054 1198 1195 1253; x_wconf 84' lang='grc' dir='ltr'><strong>Θεοῦ</strong></span> <span class='ocrx_word' id='word_1_73' title='bbox 1240 1200 1333 1255; x_wconf 80' lang='grc' dir='ltr'><strong>τὸν</strong></span> <span class='ocrx_word' id='word_1_74' title='bbox 1378 1204 1667 1275; x_wconf 83' lang='grc' dir='ltr'>μονογενῆ,</span> <span class='ocrx_word' id='word_1_75' title='bbox 1693 1204 1784 1260; x_wconf 75' lang='grc' dir='ltr'><strong>τὸν</strong></span> 
     </span>
    </p>
   </div>
   <div class='ocr_carea' id='block_1_13' title="bbox 196 1282 1787 1361">
    <p class='ocr_par' dir='ltr' id='par_1_13' title="bbox 196 1282 1787 1361">
     <span class='ocr_line' id='line_1_13' title="bbox 196 1282 1787 1361; baseline 0.006 -21"><span class='ocrx_word' id='word_1_76' title='bbox 196 1286 563 1358; x_wconf 73' lang='grc' dir='ltr'>πρωιώνιον,</span> <span class='ocrx_word' id='word_1_77' title='bbox 586 1286 796 1359; x_wconf 78' lang='grc' dir='ltr'>κτίσμα</span> <span class='ocrx_word' id='word_1_78' title='bbox 822 1282 985 1354; x_wconf 75' lang='grc' dir='ltr'>εἴναι,</span> <span class='ocrx_word' id='word_1_79' title='bbox 1009 1289 1228 1361; x_wconf 76' lang='grc' dir='ltr'>καὶτῆς</span> <span class='ocrx_word' id='word_1_80' title='bbox 1263 1290 1357 1345; x_wconf 90' lang='grc' dir='ltr'><strong>τοῦ</strong></span> <span class='ocrx_word' id='word_1_81' title='bbox 1379 1292 1518 1347; x_wconf 80' lang='grc' dir='ltr'>θεοῦ</span> <span class='ocrx_word' id='word_1_82' title='bbox 1549 1295 1644 1349; x_wconf 78' lang='grc' dir='ltr'><strong>καὶ</strong></span> <span class='ocrx_word' id='word_1_83' title='bbox 1671 1296 1787 1348; x_wconf 90' lang='grc' dir='ltr'><strong>Πα-</strong></span> 
     </span>
    </p>
   </div>
   <div class='ocr_carea' id='block_1_14' title="bbox 190 1379 1789 1462">
    <p class='ocr_par' dir='ltr' id='par_1_14' title="bbox 190 1379 1789 1462">
     <span class='ocr_line' id='line_1_14' title="bbox 190 1379 1789 1462; baseline 0.006 -30"><span class='ocrx_word' id='word_1_84' title='bbox 190 1380 330 1451; x_wconf 72' lang='grc' dir='ltr'>τρὸς</span> <span class='ocrx_word' id='word_1_85' title='bbox 385 1380 576 1444; x_wconf 87' lang='grc' dir='ltr'>ούσίας</span> <span class='ocrx_word' id='word_1_86' title='bbox 612 1379 917 1451; x_wconf 80' lang='grc' dir='ltr'>ἀλλότριον.</span> <span class='ocrx_word' id='word_1_87' title='bbox 952 1382 1053 1435; x_wconf 91' lang='grc' dir='ltr'>Διά</span> <span class='ocrx_word' id='word_1_88' title='bbox 1083 1399 1164 1435; x_wconf 90' lang='grc' dir='ltr'><strong>τοι</strong></span> <span class='ocrx_word' id='word_1_89' title='bbox 1203 1384 1378 1437; x_wconf 91' lang='grc' dir='ltr'>ταῦτα</span> <span class='ocrx_word' id='word_1_90' title='bbox 1417 1387 1451 1457; x_wconf 80' lang='grc' dir='ltr'><strong>ή</strong></span> <span class='ocrx_word' id='word_1_91' title='bbox 1481 1387 1540 1440; x_wconf 78' lang='grc' dir='ltr'>ἐν</span> <span class='ocrx_word' id='word_1_92' title='bbox 1581 1387 1789 1462; x_wconf 75' lang='grc' dir='ltr'>Νικαίᾳ</span> 
     </span>
    </p>
   </div>
   <div class='ocr_carea' id='block_1_15' title="bbox 191 1467 1786 1547">
    <p class='ocr_par' dir='ltr' id='par_1_15' title="bbox 191 1467 1786 1547">
     <span class='ocr_line' id='line_1_15' title="bbox 191 1467 1786 1547; baseline 0.006 -27"><span class='ocrx_word' id='word_1_93' title='bbox 191 1467 312 1520; x_wconf 85' lang='grc' dir='ltr'>τῶν</span> <span class='ocrx_word' id='word_1_94' title='bbox 350 1467 523 1536; x_wconf 81' lang='grc' dir='ltr'>ἁγίων</span> <span class='ocrx_word' id='word_1_95' title='bbox 553 1470 886 1540; x_wconf 83' lang='grc' dir='ltr'>τριακοσίων</span> <span class='ocrx_word' id='word_1_96' title='bbox 920 1469 1204 1524; x_wconf 86' lang='grc' dir='ltr'>δεκαοκτὼ</span> <span class='ocrx_word' id='word_1_97' title='bbox 1238 1473 1502 1545; x_wconf 88' lang='grc' dir='ltr'>Πατέρων</span> <span class='ocrx_word' id='word_1_98' title='bbox 1534 1474 1786 1547; x_wconf 75' lang='grc' dir='ltr'>ἁθροίζε-</span> 
     </span>
    </p>
   </div>
   <div class='ocr_carea' id='block_1_16' title="bbox 191 1557 1787 1632">
    <p class='ocr_par' dir='ltr' id='par_1_16' title="bbox 191 1557 1787 1632">
     <span class='ocr_line' id='line_1_16' title="bbox 191 1557 1787 1632; baseline 0.007 -21"><span class='ocrx_word' id='word_1_99' title='bbox 191 1574 290 1612; x_wconf 97' lang='grc' dir='ltr'><strong>ται</strong></span> <span class='ocrx_word' id='word_1_100' title='bbox 321 1557 561 1623; x_wconf 86' lang='grc' dir='ltr'><strong>σύνοδος⁹</strong></span> <span class='ocrx_word' id='word_1_101' title='bbox 587 1559 683 1614; x_wconf 75' lang='grc' dir='ltr'><strong>καὶ</strong></span> <span class='ocrx_word' id='word_1_102' title='bbox 709 1560 803 1614; x_wconf 86' lang='grc' dir='ltr'><strong>τὸν</strong></span> <span class='ocrx_word' id='word_1_103' title='bbox 830 1562 1048 1632; x_wconf 81' lang='grc' dir='ltr'>Ἀρειον</span> <span class='ocrx_word' id='word_1_104' title='bbox 1074 1561 1400 1629; x_wconf 81' lang='grc' dir='ltr'>καθελοῦσα,</span> <span class='ocrx_word' id='word_1_105' title='bbox 1423 1564 1517 1619; x_wconf 87' lang='grc' dir='ltr'><strong>τὸν</strong></span> <span class='ocrx_word' id='word_1_106' title='bbox 1538 1565 1669 1621; x_wconf 80' lang='grc' dir='ltr'>Υίδν</span> <span class='ocrx_word' id='word_1_107' title='bbox 1690 1566 1787 1621; x_wconf 91' lang='grc' dir='ltr'><strong>τοῦ</strong></span> 
     </span>
    </p>
   </div>
   <div class='ocr_carea' id='block_1_17' title="bbox 193 1648 1787 1730">
    <p class='ocr_par' dir='ltr' id='par_1_17' title="bbox 193 1648 1787 1730">
     <span class='ocr_line' id='line_1_17' title="bbox 193 1648 1787 1730; baseline 0.007 -27"><span class='ocrx_word' id='word_1_108' title='bbox 193 1648 339 1704; x_wconf 83' lang='grc' dir='ltr'>Θεοῦ</span> <span class='ocrx_word' id='word_1_109' title='bbox 363 1651 459 1706; x_wconf 76' lang='grc' dir='ltr'><strong>καὶ</strong></span> <span class='ocrx_word' id='word_1_110' title='bbox 486 1651 693 1723; x_wconf 83' lang='grc' dir='ltr'>Κύριον</span> <span class='ocrx_word' id='word_1_111' title='bbox 713 1654 746 1724; x_wconf 81' lang='grc' dir='ltr'>ἡ</span> <span class='ocrx_word' id='word_1_112' title='bbox 757 1652 874 1723; x_wconf 85' lang='grc' dir='ltr'><strong>μῶν</strong></span> <span class='ocrx_word' id='word_1_113' title='bbox 902 1653 1116 1723; x_wconf 77' lang='grc' dir='ltr'>Ἰησοῦν</span> <span class='ocrx_word' id='word_1_114' title='bbox 1140 1656 1378 1726; x_wconf 82' lang='grc' dir='ltr'>Χριστὸν</span> <span class='ocrx_word' id='word_1_115' title='bbox 1402 1657 1667 1730; x_wconf 82' lang='grc' dir='ltr'>κηρύττει</span> <span class='ocrx_word' id='word_1_116' title='bbox 1690 1658 1787 1714; x_wconf 88' lang='grc' dir='ltr'><strong>τοῦ</strong></span> 
     </span>
    </p>
   </div>
   <div class='ocr_carea' id='block_1_18' title="bbox 194 1739 1790 1819">
    <p class='ocr_par' dir='ltr' id='par_1_18' title="bbox 194 1739 1790 1819">
     <span class='ocr_line' id='line_1_18' title="bbox 194 1739 1790 1819; baseline 0.008 -27"><span class='ocrx_word' id='word_1_117' title='bbox 194 1739 417 1811; x_wconf 78' lang='grc' dir='ltr'>Πατρδς</span> <span class='ocrx_word' id='word_1_118' title='bbox 443 1741 754 1811; x_wconf 85' lang='grc' dir='ltr'>ὁμοούσιον.</span> <span class='ocrx_word' id='word_1_119' title='bbox 788 1742 952 1796; x_wconf 79' lang='grc' dir='ltr'><strong>Ἀλλὰ</strong></span> <span class='ocrx_word' id='word_1_120' title='bbox 1000 1744 1174 1799; x_wconf 89' lang='grc' dir='ltr'>ταῦτα</span> <span class='ocrx_word' id='word_1_121' title='bbox 1208 1746 1308 1817; x_wconf 81' lang='grc' dir='ltr'>μὲν</span> <span class='ocrx_word' id='word_1_122' title='bbox 1365 1748 1428 1801; x_wconf 80' lang='grc' dir='ltr'><strong>αῖ</strong></span> <span class='ocrx_word' id='word_1_123' title='bbox 1470 1765 1530 1802; x_wconf 91' lang='grc' dir='ltr'><strong>τε</strong></span> <span class='ocrx_word' id='word_1_124' title='bbox 1558 1749 1667 1804; x_wconf 85' lang='grc' dir='ltr'><strong>τῶν</strong></span> <span class='ocrx_word' id='word_1_125' title='bbox 1701 1750 1790 1819; x_wconf 72' lang='grc' dir='ltr'><strong>ἐξ·</strong></span> 
     </span>
    </p>
   </div>
   <div class='ocr_carea' id='block_1_19' title="bbox 194 1832 1787 1913">
    <p class='ocr_par' dir='ltr' id='par_1_19' title="bbox 194 1832 1787 1913">
     <span class='ocr_line' id='line_1_19' title="bbox 194 1832 1787 1913; baseline 0.008 -26"><span class='ocrx_word' id='word_1_126' title='bbox 194 1832 345 1887; x_wconf 89' lang='grc' dir='ltr'>ωθεν</span> <span class='ocrx_word' id='word_1_127' title='bbox 398 1834 632 1905; x_wconf 83' lang='grc' dir='ltr'>ἱστορίαι</span> <span class='ocrx_word' id='word_1_128' title='bbox 685 1835 1141 1908; x_wconf 87' lang='grc' dir='ltr'>διαγορεύουσιν,</span> <span class='ocrx_word' id='word_1_129' title='bbox 1194 1839 1297 1893; x_wconf 77' lang='grc' dir='ltr'><strong>οὐκ</strong></span> <span class='ocrx_word' id='word_1_130' title='bbox 1345 1839 1517 1913; x_wconf 83' lang='grc' dir='ltr'>ὀλίγοι</span> <span class='ocrx_word' id='word_1_131' title='bbox 1574 1843 1631 1897; x_wconf 77' lang='grc' dir='ltr'>δὲ</span> <span class='ocrx_word' id='word_1_132' title='bbox 1676 1844 1787 1900; x_wconf 85' lang='grc' dir='ltr'>τῶν</span> 
     </span>
    </p>
   </div>
   <div class='ocr_carea' id='block_1_20' title="bbox 1892 655 3520 730">
    <p class='ocr_par' dir='ltr' id='par_1_20' title="bbox 1892 655 3520 730">
     <span class='ocr_line' id='line_1_20' title="bbox 1892 655 3520 730; baseline 0.006 -19"><span class='ocrx_word' id='word_1_133' title='bbox 1892 655 2275 712; x_wconf 89' lang='lat' dir='ltr'><strong>cissitudinem</strong></span> <span class='ocrx_word' id='word_1_134' title='bbox 2309 659 2402 729; x_wconf 88' lang='lat' dir='ltr'><strong>qui</strong></span> <span class='ocrx_word' id='word_1_135' title='bbox 2436 658 2596 716; x_wconf 85' lang='lat' dir='ltr'><strong>bonis</strong></span> <span class='ocrx_word' id='word_1_136' title='bbox 2646 660 2853 716; x_wconf 84' lang='lat' dir='ltr'><strong>invidet</strong></span> <span class='ocrx_word' id='word_1_137' title='bbox 2896 661 3152 719; x_wconf 81' lang='lat' dir='ltr'><strong>diabolus</strong></span> <span class='ocrx_word' id='word_1_138' title='bbox 3176 705 3192 730; x_wconf 97' lang='lat'><strong>,</strong></span> <span class='ocrx_word' id='word_1_139' title='bbox 3226 664 3324 720; x_wconf 90' lang='lat' dir='ltr'><strong>sed</strong></span> <span class='ocrx_word' id='word_1_140' title='bbox 3354 665 3471 720; x_wconf 80' lang='lat' dir='ltr'><strong>suis</strong></span> <span class='ocrx_word' id='word_1_141' title='bbox 3508 683 3520 720; x_wconf 69' lang='grc' dir='ltr'><strong><em>ἕ</em></strong></span> 
     </span>
    </p>
   </div>
   <div class='ocr_carea' id='block_1_21' title="bbox 1894 747 3467 823">
    <p class='ocr_par' dir='ltr' id='par_1_21' title="bbox 1894 747 3467 823">
     <span class='ocr_line' id='line_1_21' title="bbox 1894 747 3467 823; baseline 0.007 -20"><span class='ocrx_word' id='word_1_142' title='bbox 1894 747 2205 806; x_wconf 90' lang='lat' dir='ltr'><strong>fautoribus</strong></span> <span class='ocrx_word' id='word_1_143' title='bbox 2254 765 2389 806; x_wconf 84' lang='lat' dir='ltr'><strong>usus</strong></span> <span class='ocrx_word' id='word_1_144' title='bbox 2438 750 2699 807; x_wconf 79' lang='lat' dir='ltr'><strong>excitavit</strong></span> <span class='ocrx_word' id='word_1_145' title='bbox 2736 753 3034 823; x_wconf 83' lang='lat' dir='ltr'><strong>procellam</strong></span> <span class='ocrx_word' id='word_1_146' title='bbox 3080 763 3135 811; x_wconf 90' lang='lat' dir='ltr'><strong>et</strong></span> <span class='ocrx_word' id='word_1_147' title='bbox 3170 757 3467 814; x_wconf 84' lang='lat' dir='ltr'><strong>turbinem.</strong></span> 
     </span>
    </p>
   </div>
   <div class='ocr_carea' id='block_1_22' title="bbox 1894 841 3463 912">
    <p class='ocr_par' dir='ltr' id='par_1_22' title="bbox 1894 841 3463 912">
     <span class='ocr_line' id='line_1_22' title="bbox 1894 841 3463 912; baseline 0.005 -16"><span class='ocrx_word' id='word_1_148' title='bbox 1894 841 2063 897; x_wconf 86' lang='lat' dir='ltr'><strong>Arius</strong></span> <span class='ocrx_word' id='word_1_149' title='bbox 2110 842 2297 909; x_wconf 90' lang='lat' dir='ltr'><strong>enim,</strong></span> <span class='ocrx_word' id='word_1_150' title='bbox 2357 842 2451 912; x_wconf 88' lang='lat' dir='ltr'><strong>qui</strong></span> <span class='ocrx_word' id='word_1_151' title='bbox 2511 842 2721 898; x_wconf 61' lang='lat' dir='ltr'><strong>insana</strong></span> <span class='ocrx_word' id='word_1_152' title='bbox 2779 845 2977 901; x_wconf 74' lang='lat' dir='ltr'><strong>haeresi</strong></span> <span class='ocrx_word' id='word_1_153' title='bbox 3034 862 3235 903; x_wconf 84' lang='lat' dir='ltr'><strong>nomen</strong></span> <span class='ocrx_word' id='word_1_154' title='bbox 3302 865 3463 905; x_wconf 87' lang='lat' dir='ltr'><strong>suum</strong></span> 
     </span>
    </p>
   </div>
   <div class='ocr_carea' id='block_1_23' title="bbox 1895 934 3474 1013">
    <p class='ocr_par' dir='ltr' id='par_1_23' title="bbox 1895 934 3474 1013">
     <span class='ocr_line' id='line_1_23' title="bbox 1895 934 3474 1013; baseline 0.006 -24"><span class='ocrx_word' id='word_1_155' title='bbox 1895 934 2157 1006; x_wconf 83' lang='lat' dir='ltr'><strong>ascripsit</strong></span> <span class='ocrx_word' id='word_1_156' title='bbox 2182 974 2199 999; x_wconf 89' lang='lat'><strong>,</strong></span> <span class='ocrx_word' id='word_1_157' title='bbox 2232 935 2618 991; x_wconf 69' lang='lat' dir='ltr'><strong>Alexandrinas</strong></span> <span class='ocrx_word' id='word_1_158' title='bbox 2679 935 2939 994; x_wconf 65' lang='lat' dir='ltr'><strong>Ecclesia:</strong></span> <span class='ocrx_word' id='word_1_159' title='bbox 2970 940 3279 1013; x_wconf 82' lang='lat' dir='ltr'><strong>presbyter,</strong></span> <span class='ocrx_word' id='word_1_160' title='bbox 3325 944 3474 999; x_wconf 85' lang='lat' dir='ltr'><strong>hanc</strong></span> 
     </span>
    </p>
   </div>
   <div class='ocr_carea' id='block_1_24' title="bbox 1896 1024 3471 1096">
    <p class='ocr_par' dir='ltr' id='par_1_24' title="bbox 1896 1024 3471 1096">
     <span class='ocr_line' id='line_1_24' title="bbox 1896 1024 3471 1096; baseline 0.006 -15"><span class='ocrx_word' id='word_1_161' title='bbox 1896 1024 2174 1082; x_wconf 88' lang='lat' dir='ltr'><strong>horrendo</strong></span> <span class='ocrx_word' id='word_1_162' title='bbox 2210 1025 2376 1082; x_wconf 92' lang='lat' dir='ltr'><strong>modo</strong></span> <span class='ocrx_word' id='word_1_163' title='bbox 2415 1027 2807 1096; x_wconf 86' lang='lat' dir='ltr'><strong>conturbavit,</strong></span> <span class='ocrx_word' id='word_1_164' title='bbox 2849 1029 3160 1086; x_wconf 86' lang='lat' dir='ltr'><strong>doctrinam</strong></span> <span class='ocrx_word' id='word_1_165' title='bbox 3214 1033 3471 1091; x_wconf 81' lang='lat' dir='ltr'><strong>eminens</strong></span> 
     </span>
    </p>
   </div>
   <div class='ocr_carea' id='block_1_25' title="bbox 1894 1115 3474 1189">
    <p class='ocr_par' dir='ltr' id='par_1_25' title="bbox 1894 1115 3474 1189">
     <span class='ocr_line' id='line_1_25' title="bbox 1894 1115 3474 1189; baseline 0.005 -19"><span class='ocrx_word' id='word_1_166' title='bbox 1894 1115 2119 1187; x_wconf 84' lang='lat' dir='ltr'><strong>impiam</strong></span> <span class='ocrx_word' id='word_1_167' title='bbox 2144 1126 2197 1172; x_wconf 86' lang='lat' dir='ltr'><strong>et</strong></span> <span class='ocrx_word' id='word_1_168' title='bbox 2231 1117 2530 1173; x_wconf 89' lang='lat' dir='ltr'><strong>teterrimis</strong></span> <span class='ocrx_word' id='word_1_169' title='bbox 2554 1117 2912 1189; x_wconf 87' lang='lat' dir='ltr'><strong>hlaspbemiis</strong></span> <span class='ocrx_word' id='word_1_170' title='bbox 2949 1120 3344 1178; x_wconf 83' lang='lat' dir='ltr'><strong>abundantem.</strong></span> <span class='ocrx_word' id='word_1_171' title='bbox 3380 1124 3474 1179; x_wconf 86' lang='lat' dir='ltr'><strong>Di-</strong></span> 
     </span>
    </p>
   </div>
   <div class='ocr_carea' id='block_1_26' title="bbox 1893 1206 3473 1284">
    <p class='ocr_par' dir='ltr' id='par_1_26' title="bbox 1893 1206 3473 1284">
     <span class='ocr_line' id='line_1_26' title="bbox 1893 1206 3473 1284; baseline 0.004 -20"><span class='ocrx_word' id='word_1_172' title='bbox 1893 1208 2054 1264; x_wconf 87' lang='lat' dir='ltr'><strong>cebat</strong></span> <span class='ocrx_word' id='word_1_173' title='bbox 2076 1207 2222 1263; x_wconf 90' lang='lat' dir='ltr'><strong>enim</strong></span> <span class='ocrx_word' id='word_1_174' title='bbox 2255 1206 2459 1263; x_wconf 90' lang='lat' dir='ltr'><strong>Filium</strong></span> <span class='ocrx_word' id='word_1_175' title='bbox 2511 1208 2606 1264; x_wconf 88' lang='lat' dir='ltr'><strong>Dei</strong></span> <span class='ocrx_word' id='word_1_176' title='bbox 2661 1210 3003 1282; x_wconf 77' lang='lat' dir='ltr'><strong>unigenitum</strong></span> <span class='ocrx_word' id='word_1_177' title='bbox 3029 1253 3046 1280; x_wconf 94' lang='lat'><strong>,</strong></span> <span class='ocrx_word' id='word_1_178' title='bbox 3085 1214 3181 1284; x_wconf 94' lang='lat' dir='ltr'><strong>qui</strong></span> <span class='ocrx_word' id='word_1_179' title='bbox 3213 1221 3341 1269; x_wconf 89' lang='lat' dir='ltr'><strong>ante</strong></span> <span class='ocrx_word' id='word_1_180' title='bbox 3371 1230 3473 1271; x_wconf 77' lang='lat' dir='ltr'><strong>sae-</strong></span> 
     </span>
    </p>
   </div>
   <div class='ocr_carea' id='block_1_27' title="bbox 1893 1299 3470 1375">
    <p class='ocr_par' dir='ltr' id='par_1_27' title="bbox 1893 1299 3470 1375">
     <span class='ocr_line' id='line_1_27' title="bbox 1893 1299 3470 1375; baseline 0.003 -20"><span class='ocrx_word' id='word_1_181' title='bbox 1893 1299 2018 1355; x_wconf 89' lang='lat' dir='ltr'><strong>cula</strong></span> <span class='ocrx_word' id='word_1_182' title='bbox 2050 1307 2218 1356; x_wconf 87' lang='lat' dir='ltr'><strong>natus</strong></span> <span class='ocrx_word' id='word_1_183' title='bbox 2255 1307 2339 1356; x_wconf 89' lang='lat' dir='ltr'><strong>est</strong></span> <span class='ocrx_word' id='word_1_184' title='bbox 2365 1339 2381 1366; x_wconf 94' lang='lat'><strong>,</strong></span> <span class='ocrx_word' id='word_1_185' title='bbox 2430 1311 2742 1356; x_wconf 81' lang='lat' dir='ltr'><strong>creaturam</strong></span> <span class='ocrx_word' id='word_1_186' title='bbox 2786 1317 2911 1359; x_wconf 85' lang='lat' dir='ltr'><strong>esse</strong></span> <span class='ocrx_word' id='word_1_187' title='bbox 2963 1310 3133 1375; x_wconf 89' lang='lat' dir='ltr'><strong>atque</strong></span> <span class='ocrx_word' id='word_1_188' title='bbox 3169 1304 3408 1359; x_wconf 89' lang='lat' dir='ltr'><strong>alienum</strong></span> <span class='ocrx_word' id='word_1_189' title='bbox 3439 1320 3470 1359; x_wconf 86' lang='lat' dir='ltr'><strong>a</strong></span> 
     </span>
    </p>
   </div>
   <div class='ocr_carea' id='block_1_28' title="bbox 1894 1390 3471 1464">
    <p class='ocr_par' dir='ltr' id='par_1_28' title="bbox 1894 1390 3471 1464">
     <span class='ocr_line' id='line_1_28' title="bbox 1894 1390 3471 1464; baseline 0.001 -16"><span class='ocrx_word' id='word_1_190' title='bbox 1894 1391 2209 1449; x_wconf 87' lang='lat' dir='ltr'><strong>substantia</strong></span> <span class='ocrx_word' id='word_1_191' title='bbox 2251 1390 2348 1449; x_wconf 88' lang='lat' dir='ltr'><strong>Dei</strong></span> <span class='ocrx_word' id='word_1_192' title='bbox 2376 1398 2432 1447; x_wconf 89' lang='lat' dir='ltr'><strong>et</strong></span> <span class='ocrx_word' id='word_1_193' title='bbox 2463 1391 2665 1449; x_wconf 79' lang='lat' dir='ltr'><strong>Patris.</strong></span> <span class='ocrx_word' id='word_1_194' title='bbox 2703 1392 3050 1464; x_wconf 84' lang='lat' dir='ltr'><strong>Quapropter</strong></span> <span class='ocrx_word' id='word_1_195' title='bbox 3074 1393 3309 1451; x_wconf 63' lang='lat' dir='ltr'><strong>Nicaeam</strong></span> <span class='ocrx_word' id='word_1_196' title='bbox 3338 1409 3471 1452; x_wconf 59' lang='lat' dir='ltr'><strong>san.</strong></span> 
     </span>
    </p>
   </div>
   <div class='ocr_carea' id='block_1_29' title="bbox 1895 1483 3473 1542">
    <p class='ocr_par' dir='ltr' id='par_1_29' title="bbox 1895 1483 3473 1542">
     <span class='ocr_line' id='line_1_29' title="bbox 1895 1483 3473 1542; baseline 0.002 -4"><span class='ocrx_word' id='word_1_197' title='bbox 1895 1489 2113 1539; x_wconf 89' lang='lat' dir='ltr'><strong>ctorum</strong></span> <span class='ocrx_word' id='word_1_198' title='bbox 2135 1490 2511 1540; x_wconf 90' lang='lat' dir='ltr'><strong>trecentorum</strong></span> <span class='ocrx_word' id='word_1_199' title='bbox 2537 1494 2592 1541; x_wconf 92' lang='lat' dir='ltr'><strong>et</strong></span> <span class='ocrx_word' id='word_1_200' title='bbox 2619 1484 2924 1541; x_wconf 88' lang='lat' dir='ltr'><strong>octodecim</strong></span> <span class='ocrx_word' id='word_1_201' title='bbox 2949 1483 3177 1540; x_wconf 87' lang='lat' dir='ltr'><strong>Patrum</strong></span> <span class='ocrx_word' id='word_1_202' title='bbox 3211 1486 3473 1542; x_wconf 89' lang='lat' dir='ltr'><strong>convenit</strong></span> 
     </span>
    </p>
   </div>
   <div class='ocr_carea' id='block_1_30' title="bbox 1893 1574 3471 1648">
    <p class='ocr_par' dir='ltr' id='par_1_30' title="bbox 1893 1574 3471 1648">
     <span class='ocr_line' id='line_1_30' title="bbox 1893 1574 3471 1648; baseline 0.003 -19"><span class='ocrx_word' id='word_1_203' title='bbox 1893 1574 2161 1647; x_wconf 84' lang='lat' dir='ltr'><strong>synodus,</strong></span> <span class='ocrx_word' id='word_1_204' title='bbox 2187 1574 2559 1648; x_wconf 89' lang='lat' dir='ltr'><strong>damnatoque</strong></span> <span class='ocrx_word' id='word_1_205' title='bbox 2578 1576 2733 1642; x_wconf 82' lang='lat' dir='ltr'><strong>Ario,</strong></span> <span class='ocrx_word' id='word_1_206' title='bbox 2784 1578 3030 1633; x_wconf 85' lang='lat' dir='ltr'><strong>declarat</strong></span> <span class='ocrx_word' id='word_1_207' title='bbox 3061 1575 3259 1632; x_wconf 88' lang='lat' dir='ltr'><strong>Filium</strong></span> <span class='ocrx_word' id='word_1_208' title='bbox 3286 1575 3382 1633; x_wconf 88' lang='lat' dir='ltr'><strong>Dei</strong></span> <span class='ocrx_word' id='word_1_209' title='bbox 3414 1584 3471 1634; x_wconf 91' lang='lat' dir='ltr'><strong>et</strong></span> 
     </span>
    </p>
   </div>
   <div class='ocr_carea' id='block_1_31' title="bbox 1892 1664 3472 1725">
    <p class='ocr_par' dir='ltr' id='par_1_31' title="bbox 1892 1664 3472 1725">
     <span class='ocr_line' id='line_1_31' title="bbox 1892 1664 3472 1725; baseline 0.001 -4"><span class='ocrx_word' id='word_1_210' title='bbox 1892 1664 2186 1723; x_wconf 89' lang='lat' dir='ltr'><strong>Dominum</strong></span> <span class='ocrx_word' id='word_1_211' title='bbox 2213 1675 2464 1725; x_wconf 86' lang='lat' dir='ltr'><strong>nostrum</strong></span> <span class='ocrx_word' id='word_1_212' title='bbox 2487 1666 2672 1724; x_wconf 84' lang='lat' dir='ltr'><strong>Jesum</strong></span> <span class='ocrx_word' id='word_1_213' title='bbox 2703 1668 2983 1725; x_wconf 87' lang='lat' dir='ltr'><strong>Christum</strong></span> <span class='ocrx_word' id='word_1_214' title='bbox 3007 1667 3155 1723; x_wconf 88' lang='lat' dir='ltr'><strong>Patri</strong></span> <span class='ocrx_word' id='word_1_215' title='bbox 3185 1683 3309 1725; x_wconf 83' lang='lat' dir='ltr'><strong>esse</strong></span> <span class='ocrx_word' id='word_1_216' title='bbox 3336 1683 3472 1723; x_wconf 82' lang='lat' dir='ltr'><strong>con—</strong></span> 
     </span>
    </p>
   </div>
   <div class='ocr_carea' id='block_1_32' title="bbox 1894 1755 3471 1827">
    <p class='ocr_par' dir='ltr' id='par_1_32' title="bbox 1894 1755 3471 1827">
     <span class='ocr_line' id='line_1_32' title="bbox 1894 1755 3471 1827; baseline 0 -16"><span class='ocrx_word' id='word_1_217' title='bbox 1894 1756 2336 1813; x_wconf 89' lang='lat' dir='ltr'><strong>substantialem.</strong></span> <span class='ocrx_word' id='word_1_218' title='bbox 2388 1755 2497 1811; x_wconf 83' lang='lat' dir='ltr'><strong>Sed</strong></span> <span class='ocrx_word' id='word_1_219' title='bbox 2532 1757 2646 1812; x_wconf 61' lang='lat' dir='ltr'><strong>hac</strong></span> <span class='ocrx_word' id='word_1_220' title='bbox 2677 1757 2900 1827; x_wconf 89' lang='lat' dir='ltr'><strong>quidem</strong></span> <span class='ocrx_word' id='word_1_221' title='bbox 2945 1765 3000 1813; x_wconf 91' lang='lat' dir='ltr'><strong>et</strong></span> <span class='ocrx_word' id='word_1_222' title='bbox 3053 1756 3352 1813; x_wconf 81' lang='lat' dir='ltr'><strong>inﬁdelium</strong></span> <span class='ocrx_word' id='word_1_223' title='bbox 3384 1755 3471 1811; x_wconf 59' lang='lat' dir='ltr'><strong>hi.</strong></span> 
     </span>
    </p>
   </div>
   <div class='ocr_carea' id='block_1_33' title="bbox 1895 1844 3471 1916">
    <p class='ocr_par' dir='ltr' id='par_1_33' title="bbox 1895 1844 3471 1916">
     <span class='ocr_line' id='line_1_33' title="bbox 1895 1844 3471 1916; baseline -0.002 -14"><span class='ocrx_word' id='word_1_224' title='bbox 1895 1846 2085 1903; x_wconf 73' lang='lat' dir='ltr'><strong>storiae</strong></span> <span class='ocrx_word' id='word_1_225' title='bbox 2138 1844 2386 1911; x_wconf 87' lang='lat' dir='ltr'><strong>tradunt,</strong></span> <span class='ocrx_word' id='word_1_226' title='bbox 2444 1853 2500 1901; x_wconf 91' lang='lat' dir='ltr'><strong>et</strong></span> <span class='ocrx_word' id='word_1_227' title='bbox 2541 1861 2651 1900; x_wconf 91' lang='lat' dir='ltr'><strong>non</strong></span> <span class='ocrx_word' id='word_1_228' title='bbox 2702 1845 2864 1916; x_wconf 91' lang='lat' dir='ltr'><strong>pauci</strong></span> <span class='ocrx_word' id='word_1_229' title='bbox 2903 1861 2935 1901; x_wconf 91' lang='lat' dir='ltr'><strong>e</strong></span> <span class='ocrx_word' id='word_1_230' title='bbox 2968 1845 3179 1901; x_wconf 87' lang='lat' dir='ltr'><strong>nostris</strong></span> <span class='ocrx_word' id='word_1_231' title='bbox 3210 1855 3471 1900; x_wconf 86' lang='lat' dir='ltr'><strong>accurate</strong></span> 
     </span>
    </p>
   </div>
   <div class='ocr_carea' id='block_1_34' title="bbox 197 1926 1790 2007">
    <p class='ocr_par' dir='ltr' id='par_1_34' title="bbox 197 1926 1789 2007">
     <span class='ocr_line' id='line_1_34' title="bbox 197 1926 1789 2007; baseline 0.008 -27"><span class='ocrx_word' id='word_1_232' title='bbox 197 1926 497 1997; x_wconf 76' lang='grc' dir='ltr'>ἡμετέρων</span> <span class='ocrx_word' id='word_1_233' title='bbox 530 1927 908 1999; x_wconf 88' lang='grc' dir='ltr'>διηκρίϐωσάν</span> <span class='ocrx_word' id='word_1_234' title='bbox 934 1946 994 1983; x_wconf 87' lang='grc' dir='ltr'><strong>τε</strong></span> <span class='ocrx_word' id='word_1_235' title='bbox 1025 1931 1122 1985; x_wconf 69' lang='grc' dir='ltr'>καὶ</span> <span class='ocrx_word' id='word_1_236' title='bbox 1160 1933 1590 2005; x_wconf 87' lang='grc' dir='ltr'>κατετράνωσαν</span> <span class='ocrx_word' id='word_1_237' title='bbox 1612 1952 1625 1963; x_wconf 72' lang='grc'>³</span> <span class='ocrx_word' id='word_1_238' title='bbox 1662 1937 1789 2007; x_wconf 71' lang='grc' dir='ltr'>ἐμοὶ</span> 
     </span>
    </p>
   </div>
   <div class='ocr_carea' id='block_1_35' title="bbox 1896 1926 3468 2007">
    <p class='ocr_par' dir='ltr' id='par_1_35' title="bbox 1896 1936 3468 2007">
     <span class='ocr_line' id='line_1_35' title="bbox 1896 1936 3468 2007; baseline 0.001 -15"><span class='ocrx_word' id='word_1_239' title='bbox 1896 1944 2192 1992; x_wconf 84' lang='lat' dir='ltr'><strong>narrarunt</strong></span> <span class='ocrx_word' id='word_1_240' title='bbox 2247 1946 2304 1992; x_wconf 91' lang='lat' dir='ltr'><strong>et</strong></span> <span class='ocrx_word' id='word_1_241' title='bbox 2357 1938 2412 1993; x_wconf 91' lang='lat' dir='ltr'><strong>in</strong></span> <span class='ocrx_word' id='word_1_242' title='bbox 2469 1937 2647 1993; x_wconf 88' lang='lat' dir='ltr'><strong>lucem</strong></span> <span class='ocrx_word' id='word_1_243' title='bbox 2688 1936 3055 2007; x_wconf 90' lang='lat' dir='ltr'><strong>protulerunt.</strong></span> <span class='ocrx_word' id='word_1_244' title='bbox 3109 1936 3241 1992; x_wconf 78' lang='lat' dir='ltr'><strong>Mihi</strong></span> <span class='ocrx_word' id='word_1_245' title='bbox 3284 1944 3468 1993; x_wconf 84' lang='lat' dir='ltr'><strong>autent</strong></span> 
     </span>
    </p>
   </div>
   <div class='ocr_carea' id='block_1_36' title="bbox 194 2016 1784 2101">
    <p class='ocr_par' dir='ltr' id='par_1_36' title="bbox 194 2016 1784 2101">
     <span class='ocr_line' id='line_1_36' title="bbox 194 2016 1784 2101; baseline 0.009 -31"><span class='ocrx_word' id='word_1_246' title='bbox 194 2016 255 2071; x_wconf 69' lang='grc' dir='ltr'>δὲ</span> <span class='ocrx_word' id='word_1_247' title='bbox 292 2018 428 2092; x_wconf 76' lang='grc' dir='ltr'>περὶ</span> <span class='ocrx_word' id='word_1_248' title='bbox 460 2020 636 2076; x_wconf 88' lang='grc' dir='ltr'>ταῦτα</span> <span class='ocrx_word' id='word_1_249' title='bbox 659 2020 963 2094; x_wconf 88' lang='grc' dir='ltr'>διατρίϐειν</span> <span class='ocrx_word' id='word_1_250' title='bbox 985 2023 1015 2077; x_wconf 92' lang='lat'><strong>6</strong></span> <span class='ocrx_word' id='word_1_251' title='bbox 1045 2021 1140 2077; x_wconf 91' lang='grc' dir='ltr'><strong>νῦν</strong></span> <span class='ocrx_word' id='word_1_252' title='bbox 1165 2023 1264 2095; x_wconf 86' lang='grc' dir='ltr'><strong>ούχ</strong></span> <span class='ocrx_word' id='word_1_253' title='bbox 1297 2025 1535 2097; x_wconf 82' lang='grc' dir='ltr'>ἁρμόσει</span> <span class='ocrx_word' id='word_1_254' title='bbox 1568 2030 1784 2101; x_wconf 80' lang='grc' dir='ltr'>καιρὸς,</span> 
     </span>
    </p>
   </div>
   <div class='ocr_carea' id='block_1_37' title="bbox 196 2109 1789 2192">
    <p class='ocr_par' dir='ltr' id='par_1_37' title="bbox 196 2109 1789 2192">
     <span class='ocr_line' id='line_1_37' title="bbox 196 2109 1789 2192; baseline 0.006 -27"><span class='ocrx_word' id='word_1_255' title='bbox 196 2109 373 2183; x_wconf 68' lang='grc' dir='ltr'>ἄλλης</span> <span class='ocrx_word' id='word_1_256' title='bbox 411 2113 540 2183; x_wconf 77' lang='grc' dir='ltr'>περὶ</span> <span class='ocrx_word' id='word_1_257' title='bbox 577 2112 782 2167; x_wconf 89' lang='grc' dir='ltr'>τούτων</span> <span class='ocrx_word' id='word_1_258' title='bbox 809 2112 1079 2183; x_wconf 81' lang='grc' dir='ltr'>δεομένης</span> <span class='ocrx_word' id='word_1_259' title='bbox 1124 2114 1529 2189; x_wconf 77' lang='grc' dir='ltr'>ἀκριϐεστέρας</span> <span class='ocrx_word' id='word_1_260' title='bbox 1585 2120 1789 2192; x_wconf 87' lang='grc' dir='ltr'>σχολῆς</span> 
     </span>
    </p>
   </div>
   <div class='ocr_carea' id='block_1_38' title="bbox 195 2201 1786 2275">
    <p class='ocr_par' dir='ltr' id='par_1_38' title="bbox 195 2201 1786 2275">
     <span class='ocr_line' id='line_1_38' title="bbox 195 2201 1786 2275; baseline 0.008 -21"><span class='ocrx_word' id='word_1_261' title='bbox 195 2216 259 2254; x_wconf 84' lang='grc' dir='ltr'><strong>τε</strong></span> <span class='ocrx_word' id='word_1_262' title='bbox 287 2202 386 2256; x_wconf 71' lang='grc' dir='ltr'><strong>καὶ</strong></span> <span class='ocrx_word' id='word_1_263' title='bbox 407 2201 771 2272; x_wconf 79' lang='grc' dir='ltr'>διασκέψεως.</span> <span class='ocrx_word' id='word_1_264' title='bbox 799 2202 880 2257; x_wconf 83' lang='grc' dir='ltr'><strong>Τὰ</strong></span> <span class='ocrx_word' id='word_1_265' title='bbox 906 2203 963 2257; x_wconf 79' lang='grc' dir='ltr'>δὲ</span> <span class='ocrx_word' id='word_1_266' title='bbox 994 2202 1090 2258; x_wconf 91' lang='grc' dir='ltr'><strong>νῦν</strong></span> <span class='ocrx_word' id='word_1_267' title='bbox 1122 2204 1186 2259; x_wconf 80' lang='grc' dir='ltr'>τὸ</span> <span class='ocrx_word' id='word_1_268' title='bbox 1220 2204 1436 2275; x_wconf 86' lang='grc' dir='ltr'>φθάσαν</span> <span class='ocrx_word' id='word_1_269' title='bbox 1466 2210 1634 2265; x_wconf 83' lang='grc' dir='ltr'>αὐτὸν</span> <span class='ocrx_word' id='word_1_270' title='bbox 1686 2211 1786 2266; x_wconf 90' lang='grc' dir='ltr'><strong>τοῦ</strong></span> 
     </span>
    </p>
   </div>
   <div class='ocr_carea' id='block_1_39' title="bbox 201 2292 913 2367">
    <p class='ocr_par' dir='ltr' id='par_1_39' title="bbox 201 2292 913 2367">
     <span class='ocr_line' id='line_1_39' title="bbox 201 2292 913 2367; baseline 0.007 -21"><span class='ocrx_word' id='word_1_271' title='bbox 201 2292 332 2364; x_wconf 81' lang='grc' dir='ltr'>βίου</span> <span class='ocrx_word' id='word_1_272' title='bbox 362 2293 521 2359; x_wconf 85' lang='grc' dir='ltr'>τέλος</span> <span class='ocrx_word' id='word_1_273' title='bbox 548 2294 913 2367; x_wconf 80' lang='grc' dir='ltr'>διηγήσομαι.</span> 
     </span>
    </p>
   </div>
   <div class='ocr_carea' id='block_1_40' title="bbox 271 2402 1789 2478">
    <p class='ocr_par' dir='ltr' id='par_1_40' title="bbox 271 2402 1789 2478">
     <span class='ocr_line' id='line_1_40' title="bbox 271 2402 1789 2478; baseline 0.003 -19"><span class='ocrx_word' id='word_1_274' title='bbox 271 2402 433 2477; x_wconf 72' lang='grc'><strong>[545]</strong></span> <span class='ocrx_word' id='word_1_275' title='bbox 464 2404 530 2471; x_wconf 78' lang='grc' dir='ltr'><strong>ζ’.</strong></span> <span class='ocrx_word' id='word_1_276' title='bbox 572 2404 631 2460; x_wconf 90' lang='lat'><strong>&#39;0</strong></span> <span class='ocrx_word' id='word_1_277' title='bbox 653 2404 785 2475; x_wconf 89' lang='grc' dir='ltr'>γοῦν</span> <span class='ocrx_word' id='word_1_278' title='bbox 816 2406 1171 2478; x_wconf 87' lang='grc' dir='ltr'>φιλόχριστος</span> <span class='ocrx_word' id='word_1_279' title='bbox 1203 2405 1461 2478; x_wconf 83' lang='grc' dir='ltr'>βασιλεὺς</span> <span class='ocrx_word' id='word_1_280' title='bbox 1488 2407 1789 2463; x_wconf 82' lang='grc' dir='ltr'>Κωνσταν-</span> 
     </span>
    </p>
   </div>
   <div class='ocr_carea' id='block_1_41' title="bbox 201 2496 1790 2571">
    <p class='ocr_par' dir='ltr' id='par_1_41' title="bbox 201 2496 1790 2571">
     <span class='ocr_line' id='line_1_41' title="bbox 201 2496 1790 2571; baseline 0.004 -23"><span class='ocrx_word' id='word_1_281' title='bbox 201 2496 356 2559; x_wconf 85' lang='grc' dir='ltr'>τῐνος</span> <span class='ocrx_word' id='word_1_282' title='bbox 385 2496 467 2562; x_wconf 86' lang='grc' dir='ltr'><strong>είς</strong></span> <span class='ocrx_word' id='word_1_283' title='bbox 498 2496 560 2550; x_wconf 80' lang='grc' dir='ltr'>τὸ</span> <span class='ocrx_word' id='word_1_284' title='bbox 593 2497 813 2568; x_wconf 86' lang='grc' dir='ltr'>πρῶτον</span> <span class='ocrx_word' id='word_1_285' title='bbox 844 2498 940 2553; x_wconf 71' lang='grc' dir='ltr'>καὶ</span> <span class='ocrx_word' id='word_1_286' title='bbox 983 2498 1316 2570; x_wconf 81' lang='grc' dir='ltr'>τριακοστὸν</span> <span class='ocrx_word' id='word_1_287' title='bbox 1351 2498 1472 2565; x_wconf 73' lang='grc' dir='ltr'>ἔτος</span> <span class='ocrx_word' id='word_1_288' title='bbox 1509 2497 1790 2571; x_wconf 87' lang='grc' dir='ltr'>προελθὼν</span> 
     </span>
    </p>
   </div>
   <div class='ocr_carea' id='block_1_42' title="bbox 200 2584 1788 2663">
    <p class='ocr_par' dir='ltr' id='par_1_42' title="bbox 200 2584 1788 2663">
     <span class='ocr_line' id='line_1_42' title="bbox 200 2584 1788 2663; baseline 0.005 -25"><span class='ocrx_word' id='word_1_289' title='bbox 200 2584 308 2656; x_wconf 86' lang='grc' dir='ltr'><strong>τῆς</strong></span> <span class='ocrx_word' id='word_1_290' title='bbox 354 2587 523 2642; x_wconf 82' lang='grc' dir='ltr'>αὐτοῦ</span> <span class='ocrx_word' id='word_1_291' title='bbox 575 2587 877 2660; x_wconf 86' lang='grc' dir='ltr'>βασιλείας,</span> <span class='ocrx_word' id='word_1_292' title='bbox 933 2590 1030 2643; x_wconf 74' lang='grc' dir='ltr'><strong>καὶ</strong></span> <span class='ocrx_word' id='word_1_293' title='bbox 1089 2590 1186 2645; x_wconf 88' lang='grc' dir='ltr'><strong>τοῦ</strong></span> <span class='ocrx_word' id='word_1_294' title='bbox 1250 2590 1509 2663; x_wconf 81' lang='grc' dir='ltr'>δευτέρου</span> <span class='ocrx_word' id='word_1_295' title='bbox 1568 2590 1788 2660; x_wconf 76' lang='grc' dir='ltr'>ἐπιϐὰς,</span> 
     </span>
    </p>
   </div>
   <div class='ocr_carea' id='block_1_43' title="bbox 204 2678 1791 2756">
    <p class='ocr_par' dir='ltr' id='par_1_43' title="bbox 204 2678 1791 2756">
     <span class='ocr_line' id='line_1_43' title="bbox 204 2678 1791 2756; baseline 0.006 -25"><span class='ocrx_word' id='word_1_296' title='bbox 204 2678 400 2752; x_wconf 72' lang='grc' dir='ltr'>ἐπειδὴ</span> <span class='ocrx_word' id='word_1_297' title='bbox 432 2680 670 2736; x_wconf 77' lang='grc' dir='ltr'>ἐπύθετο</span> <span class='ocrx_word' id='word_1_298' title='bbox 706 2683 834 2747; x_wconf 79' lang='grc' dir='ltr'>τοὺς</span> <span class='ocrx_word' id='word_1_299' title='bbox 859 2682 1082 2755; x_wconf 82' lang='grc' dir='ltr'>Πέρσας</span> <span class='ocrx_word' id='word_1_300' title='bbox 1109 2685 1190 2747; x_wconf 89' lang='grc' dir='ltr'><strong>είς</strong></span> <span class='ocrx_word' id='word_1_301' title='bbox 1220 2684 1459 2756; x_wconf 88' lang='grc' dir='ltr'>πόλεμον</span> <span class='ocrx_word' id='word_1_302' title='bbox 1508 2684 1598 2738; x_wconf 74' lang='grc' dir='ltr'><strong>ἐπ’</strong></span> <span class='ocrx_word' id='word_1_303' title='bbox 1627 2684 1791 2740; x_wconf 82' lang='grc' dir='ltr'>αὐτὸν</span> 
     </span>
    </p>
   </div>
   <div class='ocr_carea' id='block_1_44' title="bbox 203 2773 1790 2847">
    <p class='ocr_par' dir='ltr' id='par_1_44' title="bbox 203 2773 1790 2847">
     <span class='ocr_line' id='line_1_44' title="bbox 203 2773 1790 2847; baseline 0.004 -23"><span class='ocrx_word' id='word_1_304' title='bbox 203 2773 829 2846; x_wconf 77' lang='grc' dir='ltr'>παρασκευαζομένους,</span> <span class='ocrx_word' id='word_1_305' title='bbox 879 2776 1025 2847; x_wconf 79' lang='grc' dir='ltr'>ἄρας</span> <span class='ocrx_word' id='word_1_306' title='bbox 1069 2776 1136 2830; x_wconf 80' lang='grc' dir='ltr'>ὲκ</span> <span class='ocrx_word' id='word_1_307' title='bbox 1166 2778 1267 2846; x_wconf 86' lang='grc' dir='ltr'><strong>τῆς</strong></span> <span class='ocrx_word' id='word_1_308' title='bbox 1318 2775 1513 2831; x_wconf 80' lang='grc' dir='ltr'>ἑαυτοῦ</span> <span class='ocrx_word' id='word_1_309' title='bbox 1558 2776 1790 2842; x_wconf 89' lang='grc' dir='ltr'>πόλεως,</span> 
     </span>
    </p>
   </div>
   <div class='ocr_carea' id='block_1_45' title="bbox 202 2863 1793 2938">
    <p class='ocr_par' dir='ltr' id='par_1_45' title="bbox 202 2863 1793 2938">
     <span class='ocr_line' id='line_1_45' title="bbox 202 2863 1793 2938; baseline 0.004 -21"><span class='ocrx_word' id='word_1_310' title='bbox 202 2863 339 2936; x_wconf 75' lang='grc' dir='ltr'>ἄχρι</span> <span class='ocrx_word' id='word_1_311' title='bbox 369 2866 468 2935; x_wconf 87' lang='grc' dir='ltr'><strong>τῆς</strong></span> <span class='ocrx_word' id='word_1_312' title='bbox 496 2866 871 2938; x_wconf 88' lang='grc' dir='ltr'>Νικομηδείας</span> <span class='ocrx_word' id='word_1_313' title='bbox 899 2866 1055 2938; x_wconf 77' lang='grc' dir='ltr'>ὤφθη</span> <span class='ocrx_word' id='word_1_314' title='bbox 1089 2868 1197 2921; x_wconf 83' lang='grc' dir='ltr'>τῶν</span> <span class='ocrx_word' id='word_1_315' title='bbox 1228 2868 1502 2923; x_wconf 86' lang='grc' dir='ltr'>Βιθυνῶν·</span> <span class='ocrx_word' id='word_1_316' title='bbox 1539 2867 1670 2923; x_wconf 76' lang='grc' dir='ltr'>ἔνθα</span> <span class='ocrx_word' id='word_1_317' title='bbox 1696 2868 1793 2923; x_wconf 75' lang='grc' dir='ltr'><strong>καὶ</strong></span> 
     </span>
    </p>
   </div>
   <div class='ocr_carea' id='block_1_46' title="bbox 202 2955 1788 3028">
    <p class='ocr_par' dir='ltr' id='par_1_46' title="bbox 202 2955 1788 3028">
     <span class='ocr_line' id='line_1_46' title="bbox 202 2955 1788 3028; baseline 0.003 -20"><span class='ocrx_word' id='word_1_318' title='bbox 202 2956 439 3028; x_wconf 75' lang='grc' dir='ltr'>τελευτᾷ</span> <span class='ocrx_word' id='word_1_319' title='bbox 463 2955 557 3010; x_wconf 75' lang='grc' dir='ltr'><strong>τὸν</strong></span> <span class='ocrx_word' id='word_1_320' title='bbox 590 2956 706 3027; x_wconf 90' lang='grc' dir='ltr'>βίον</span> <span class='ocrx_word' id='word_1_321' title='bbox 734 2957 795 3022; x_wconf 78' lang='grc' dir='ltr'>ἐξ</span> <span class='ocrx_word' id='word_1_322' title='bbox 822 2957 1119 3028; x_wconf 77' lang='grc' dir='ltr'>ἐπιϐουλῆς</span> <span class='ocrx_word' id='word_1_323' title='bbox 1140 2956 1249 3011; x_wconf 84' lang='grc' dir='ltr'><strong>τῶν</strong></span> <span class='ocrx_word' id='word_1_324' title='bbox 1288 2957 1484 3011; x_wconf 77' lang='grc' dir='ltr'>ἑαυτοῦ</span> <span class='ocrx_word' id='word_1_325' title='bbox 1517 2957 1788 3028; x_wconf 81' lang='grc' dir='ltr'>ἀδελφῶν,</span> 
     </span>
    </p>
   </div>
   <div class='ocr_carea' id='block_1_47' title="bbox 204 3048 1790 3123">
    <p class='ocr_par' dir='ltr' id='par_1_47' title="bbox 204 3048 1790 3123">
     <span class='ocr_line' id='line_1_47' title="bbox 204 3048 1790 3123; baseline 0.001 -20"><span class='ocrx_word' id='word_1_326' title='bbox 204 3048 506 3121; x_wconf 86' lang='grc' dir='ltr'>φάρμακον</span> <span class='ocrx_word' id='word_1_327' title='bbox 539 3049 690 3121; x_wconf 85' lang='grc' dir='ltr'>αύτῷ</span> <span class='ocrx_word' id='word_1_328' title='bbox 753 3049 1090 3122; x_wconf 84' lang='grc' dir='ltr'>δηλητήριον</span> <span class='ocrx_word' id='word_1_329' title='bbox 1130 3051 1507 3121; x_wconf 82' lang='grc' dir='ltr'>ὲκχεαμένων,</span> <span class='ocrx_word' id='word_1_330' title='bbox 1538 3051 1790 3123; x_wconf 84' lang='grc' dir='ltr'>ἀστέρος,</span> 
     </span>
    </p>
   </div>
   <div class='ocr_carea' id='block_1_48' title="bbox 202 3140 1792 3216">
    <p class='ocr_par' dir='ltr' id='par_1_48' title="bbox 202 3140 1792 3216">
     <span class='ocr_line' id='line_1_48' title="bbox 202 3140 1792 3216; baseline 0.001 -19"><span class='ocrx_word' id='word_1_331' title='bbox 202 3140 281 3207; x_wconf 82' lang='grc' dir='ltr'>ὥς</span> <span class='ocrx_word' id='word_1_332' title='bbox 312 3159 470 3213; x_wconf 78' lang='grc' dir='ltr'>φασι,</span> <span class='ocrx_word' id='word_1_333' title='bbox 501 3142 752 3213; x_wconf 82' lang='grc' dir='ltr'>κομήτου</span> <span class='ocrx_word' id='word_1_334' title='bbox 785 3142 878 3197; x_wconf 78' lang='grc' dir='ltr'><strong>τὸν</strong></span> <span class='ocrx_word' id='word_1_335' title='bbox 912 3143 1145 3198; x_wconf 87' lang='grc' dir='ltr'>θάνατον</span> <span class='ocrx_word' id='word_1_336' title='bbox 1177 3143 1346 3199; x_wconf 79' lang='grc' dir='ltr'>αὑτοῦ</span> <span class='ocrx_word' id='word_1_337' title='bbox 1393 3143 1792 3216; x_wconf 86' lang='grc' dir='ltr'>προμηνύσαν-</span> 
     </span>
    </p>
   </div>
   <div class='ocr_carea' id='block_1_49' title="bbox 1888 2029 3470 2101">
    <p class='ocr_par' dir='ltr' id='par_1_49' title="bbox 1888 2029 3470 2101">
     <span class='ocr_line' id='line_1_49' title="bbox 1888 2029 3470 2101; baseline 0.001 -17"><span class='ocrx_word' id='word_1_338' title='bbox 1888 2043 2040 2085; x_wconf 89' lang='lat' dir='ltr'><strong>nunc</strong></span> <span class='ocrx_word' id='word_1_339' title='bbox 2074 2030 2130 2084; x_wconf 92' lang='lat' dir='ltr'><strong>in</strong></span> <span class='ocrx_word' id='word_1_340' title='bbox 2184 2029 2271 2085; x_wconf 87' lang='lat' dir='ltr'><strong>his</strong></span> <span class='ocrx_word' id='word_1_341' title='bbox 2304 2030 2504 2083; x_wconf 90' lang='lat' dir='ltr'><strong>morari</strong></span> <span class='ocrx_word' id='word_1_342' title='bbox 2562 2045 2670 2084; x_wconf 91' lang='lat' dir='ltr'><strong>non</strong></span> <span class='ocrx_word' id='word_1_343' title='bbox 2707 2037 2887 2094; x_wconf 88' lang='lat' dir='ltr'><strong>vacat,</strong></span> <span class='ocrx_word' id='word_1_344' title='bbox 2916 2029 3192 2101; x_wconf 85' lang='lat' dir='ltr'><strong>siquidem</strong></span> <span class='ocrx_word' id='word_1_345' title='bbox 3240 2043 3470 2086; x_wconf 80' lang='lat' dir='ltr'><strong>accura-</strong></span> 
     </span>
    </p>
   </div>
   <div class='ocr_carea' id='block_1_50' title="bbox 1891 2120 2879 2193">
    <p class='ocr_par' dir='ltr' id='par_1_50' title="bbox 1891 2120 2879 2193">
     <span class='ocr_line' id='line_1_50' title="bbox 1891 2120 2879 2193; baseline 0.002 -18"><span class='ocrx_word' id='word_1_346' title='bbox 1891 2121 2052 2178; x_wconf 90' lang='lat' dir='ltr'><strong>tioris</strong></span> <span class='ocrx_word' id='word_1_347' title='bbox 2078 2129 2133 2177; x_wconf 91' lang='lat' dir='ltr'><strong>et</strong></span> <span class='ocrx_word' id='word_1_348' title='bbox 2170 2121 2267 2176; x_wconf 91' lang='lat' dir='ltr'><strong>otii</strong></span> <span class='ocrx_word' id='word_1_349' title='bbox 2301 2130 2354 2177; x_wconf 91' lang='lat' dir='ltr'><strong>et</strong></span> <span class='ocrx_word' id='word_1_350' title='bbox 2376 2120 2543 2176; x_wconf 90' lang='lat' dir='ltr'><strong>studii</strong></span> <span class='ocrx_word' id='word_1_351' title='bbox 2577 2120 2879 2193; x_wconf 83' lang='lat' dir='ltr'><strong>indigeant.</strong></span> 
     </span>
    </p>
   </div>
   <div class='ocr_carea' id='block_1_51' title="bbox 1962 2403 3468 2479">
    <p class='ocr_par' dir='ltr' id='par_1_51' title="bbox 1962 2403 3468 2479">
     <span class='ocr_line' id='line_1_51' title="bbox 1962 2403 3468 2479; baseline 0 -19"><span class='ocrx_word' id='word_1_352' title='bbox 1962 2408 2017 2464; x_wconf 88' lang='lat'><strong>7.</strong></span> <span class='ocrx_word' id='word_1_353' title='bbox 2049 2405 2232 2479; x_wconf 80' lang='lat' dir='ltr'><strong>igitur</strong></span> <span class='ocrx_word' id='word_1_354' title='bbox 2264 2404 2777 2463; x_wconf 86' lang='lat' dir='ltr'><strong>Christianissimus</strong></span> <span class='ocrx_word' id='word_1_355' title='bbox 2823 2403 3123 2475; x_wconf 85' lang='lat' dir='ltr'><strong>imperator</strong></span> <span class='ocrx_word' id='word_1_356' title='bbox 3155 2403 3468 2461; x_wconf 57' lang='lat' dir='ltr'><strong>Constantio</strong></span> 
     </span>
    </p>
   </div>
   <div class='ocr_carea' id='block_1_52' title="bbox 1891 2495 3467 2570">
    <p class='ocr_par' dir='ltr' id='par_1_52' title="bbox 1891 2495 3467 2570">
     <span class='ocr_line' id='line_1_52' title="bbox 1891 2495 3467 2570; baseline -0.003 -15"><span class='ocrx_word' id='word_1_357' title='bbox 1891 2514 2020 2567; x_wconf 88' lang='lat' dir='ltr'><strong>nus,</strong></span> <span class='ocrx_word' id='word_1_358' title='bbox 2050 2513 2259 2556; x_wconf 89' lang='lat' dir='ltr'><strong>annum</strong></span> <span class='ocrx_word' id='word_1_359' title='bbox 2286 2497 2444 2570; x_wconf 89' lang='lat' dir='ltr'><strong>regni</strong></span> <span class='ocrx_word' id='word_1_360' title='bbox 2473 2497 2561 2554; x_wconf 89' lang='lat' dir='ltr'><strong>sui</strong></span> <span class='ocrx_word' id='word_1_361' title='bbox 2586 2495 2931 2553; x_wconf 89' lang='lat' dir='ltr'><strong>tricesimum</strong></span> <span class='ocrx_word' id='word_1_362' title='bbox 2974 2496 3211 2566; x_wconf 91' lang='lat' dir='ltr'><strong>primum</strong></span> <span class='ocrx_word' id='word_1_363' title='bbox 3246 2506 3467 2567; x_wconf 85' lang='lat' dir='ltr'><strong>praeter-</strong></span> 
     </span>
    </p>
   </div>
   <div class='ocr_carea' id='block_1_53' title="bbox 1891 2586 3467 2663">
    <p class='ocr_par' dir='ltr' id='par_1_53' title="bbox 1891 2586 3467 2663">
     <span class='ocr_line' id='line_1_53' title="bbox 1891 2586 3467 2663; baseline -0.002 -18"><span class='ocrx_word' id='word_1_364' title='bbox 1891 2605 2138 2663; x_wconf 78' lang='lat' dir='ltr'><strong>gressus,</strong></span> <span class='ocrx_word' id='word_1_365' title='bbox 2170 2598 2227 2646; x_wconf 91' lang='lat' dir='ltr'><strong>et</strong></span> <span class='ocrx_word' id='word_1_366' title='bbox 2250 2589 2557 2661; x_wconf 87' lang='lat' dir='ltr'><strong>incipiente</strong></span> <span class='ocrx_word' id='word_1_367' title='bbox 2578 2586 2845 2653; x_wconf 84' lang='lat' dir='ltr'><strong>secundo,</strong></span> <span class='ocrx_word' id='word_1_368' title='bbox 2886 2602 3014 2642; x_wconf 90' lang='lat' dir='ltr'><strong>cum</strong></span> <span class='ocrx_word' id='word_1_369' title='bbox 3071 2587 3274 2642; x_wconf 89' lang='lat' dir='ltr'><strong>certior</strong></span> <span class='ocrx_word' id='word_1_370' title='bbox 3292 2587 3467 2643; x_wconf 84' lang='lat' dir='ltr'><strong>factus</strong></span> 
     </span>
    </p>
   </div>
   <div class='ocr_carea' id='block_1_54' title="bbox 1891 2677 3469 2749">
    <p class='ocr_par' dir='ltr' id='par_1_54' title="bbox 1891 2677 3469 2749">
     <span class='ocr_line' id='line_1_54' title="bbox 1891 2677 3469 2749; baseline -0.004 -10"><span class='ocrx_word' id='word_1_371' title='bbox 1891 2690 2040 2740; x_wconf 91' lang='lat' dir='ltr'><strong>esset</strong></span> <span class='ocrx_word' id='word_1_372' title='bbox 2061 2682 2261 2740; x_wconf 88' lang='lat' dir='ltr'><strong>Persas</strong></span> <span class='ocrx_word' id='word_1_373' title='bbox 2284 2682 2551 2738; x_wconf 88' lang='lat' dir='ltr'><strong>adversus</strong></span> <span class='ocrx_word' id='word_1_374' title='bbox 2580 2695 2705 2737; x_wconf 90' lang='lat' dir='ltr'><strong>eum</strong></span> <span class='ocrx_word' id='word_1_375' title='bbox 2728 2679 2934 2735; x_wconf 88' lang='lat' dir='ltr'><strong>bellum</strong></span> <span class='ocrx_word' id='word_1_376' title='bbox 2962 2677 3169 2742; x_wconf 90' lang='lat' dir='ltr'><strong>moliri,</strong></span> <span class='ocrx_word' id='word_1_377' title='bbox 3188 2677 3469 2749; x_wconf 77' lang='lat' dir='ltr'><strong>profectus</strong></span> 
     </span>
    </p>
   </div>
   <div class='ocr_carea' id='block_1_55' title="bbox 1890 2770 3464 2844">
    <p class='ocr_par' dir='ltr' id='par_1_55' title="bbox 1890 2770 3464 2844">
     <span class='ocr_line' id='line_1_55' title="bbox 1890 2770 3464 2844; baseline -0.005 -11"><span class='ocrx_word' id='word_1_378' title='bbox 1890 2792 1958 2833; x_wconf 82' lang='lat' dir='ltr'><strong>ex</strong></span> <span class='ocrx_word' id='word_1_379' title='bbox 2011 2778 2147 2832; x_wconf 91' lang='lat' dir='ltr'><strong>urbe</strong></span> <span class='ocrx_word' id='word_1_380' title='bbox 2194 2790 2317 2841; x_wconf 90' lang='lat' dir='ltr'><strong>sua,</strong></span> <span class='ocrx_word' id='word_1_381' title='bbox 2369 2772 2749 2829; x_wconf 84' lang='lat' dir='ltr'><strong>Nicomediam</strong></span> <span class='ocrx_word' id='word_1_382' title='bbox 2782 2770 3050 2844; x_wconf 63' lang='lat' dir='ltr'><strong>Bithynia;</strong></span> <span class='ocrx_word' id='word_1_383' title='bbox 3104 2773 3276 2827; x_wconf 81' lang='lat' dir='ltr'><strong>venit.</strong></span> <span class='ocrx_word' id='word_1_384' title='bbox 3321 2770 3464 2827; x_wconf 81' lang='lat' dir='ltr'><strong>Obiit</strong></span> 
     </span>
    </p>
   </div>
   <div class='ocr_carea' id='block_1_56' title="bbox 1892 2861 3466 2937">
    <p class='ocr_par' dir='ltr' id='par_1_56' title="bbox 1892 2861 3466 2937">
     <span class='ocr_line' id='line_1_56' title="bbox 1892 2861 3466 2937; baseline -0.006 -13"><span class='ocrx_word' id='word_1_385' title='bbox 1892 2868 2096 2925; x_wconf 91' lang='lat' dir='ltr'><strong>ibidem</strong></span> <span class='ocrx_word' id='word_1_386' title='bbox 2128 2883 2193 2923; x_wconf 86' lang='lat' dir='ltr'><strong>ex</strong></span> <span class='ocrx_word' id='word_1_387' title='bbox 2230 2865 2615 2937; x_wconf 76' lang='lat' dir='ltr'><strong>coniuratione</strong></span> <span class='ocrx_word' id='word_1_388' title='bbox 2646 2864 2880 2919; x_wconf 85' lang='lat' dir='ltr'><strong>fratrum</strong></span> <span class='ocrx_word' id='word_1_389' title='bbox 2910 2877 3161 2928; x_wconf 89' lang='lat' dir='ltr'><strong>suorum,</strong></span> <span class='ocrx_word' id='word_1_390' title='bbox 3210 2861 3466 2932; x_wconf 87' lang='lat' dir='ltr'><strong>poculum</strong></span> 
     </span>
    </p>
   </div>
   <div class='ocr_carea' id='block_1_57' title="bbox 1892 2949 3470 3028">
    <p class='ocr_par' dir='ltr' id='par_1_57' title="bbox 1892 2949 3470 3028">
     <span class='ocr_line' id='line_1_57' title="bbox 1892 2949 3470 3028; baseline -0.007 -12"><span class='ocrx_word' id='word_1_391' title='bbox 1892 2968 2222 3016; x_wconf 86' lang='lat' dir='ltr'><strong>venenatum</strong></span> <span class='ocrx_word' id='word_1_392' title='bbox 2262 2960 2313 3014; x_wconf 92' lang='lat' dir='ltr'><strong>ei</strong></span> <span class='ocrx_word' id='word_1_393' title='bbox 2352 2956 2762 3028; x_wconf 88' lang='lat' dir='ltr'><strong>propinantium</strong></span> <span class='ocrx_word' id='word_1_394' title='bbox 2790 2992 2805 3019; x_wconf 90' lang='lat'><strong>,</strong></span> <span class='ocrx_word' id='word_1_395' title='bbox 2841 2961 3055 3011; x_wconf 88' lang='lat' dir='ltr'><strong>cometa</strong></span> <span class='ocrx_word' id='word_1_396' title='bbox 3110 2968 3352 3025; x_wconf 89' lang='lat' dir='ltr'><strong>quoque,</strong></span> <span class='ocrx_word' id='word_1_397' title='bbox 3388 2949 3470 3007; x_wconf 86' lang='lat' dir='ltr'><strong>uti</strong></span> 
     </span>
    </p>
   </div>
   <div class='ocr_carea' id='block_1_58' title="bbox 1891 3044 3473 3122">
    <p class='ocr_par' dir='ltr' id='par_1_58' title="bbox 1891 3044 3473 3122">
     <span class='ocr_line' id='line_1_58' title="bbox 1891 3044 3473 3122; baseline -0.007 -15"><span class='ocrx_word' id='word_1_398' title='bbox 1891 3052 2103 3117; x_wconf 86' lang='lat' dir='ltr'><strong>dicunt,</strong></span> <span class='ocrx_word' id='word_1_399' title='bbox 2158 3051 2333 3122; x_wconf 90' lang='lat' dir='ltr'><strong>ipsius</strong></span> <span class='ocrx_word' id='word_1_400' title='bbox 2367 3056 2601 3105; x_wconf 91' lang='lat' dir='ltr'><strong>mortem</strong></span> <span class='ocrx_word' id='word_1_401' title='bbox 2651 3046 3038 3118; x_wconf 78' lang='lat' dir='ltr'><strong>praesagiente.</strong></span> <span class='ocrx_word' id='word_1_402' title='bbox 3081 3044 3251 3100; x_wconf 86' lang='lat' dir='ltr'><strong>Erant</strong></span> <span class='ocrx_word' id='word_1_403' title='bbox 3288 3048 3473 3100; x_wconf 79' lang='lat' dir='ltr'><strong>autem</strong></span> 
     </span>
    </p>
   </div>
   <div class='ocr_carea' id='block_1_59' title="bbox 1892 3136 3476 3212">
    <p class='ocr_par' dir='ltr' id='par_1_59' title="bbox 1892 3136 3476 3212">
     <span class='ocr_line' id='line_1_59' title="bbox 1892 3136 3476 3212; baseline -0.005 -11"><span class='ocrx_word' id='word_1_404' title='bbox 1892 3144 2255 3201; x_wconf 86' lang='lat' dir='ltr'><strong>Constantino</strong></span> <span class='ocrx_word' id='word_1_405' title='bbox 2282 3158 2348 3199; x_wconf 83' lang='lat' dir='ltr'><strong>ex</strong></span> <span class='ocrx_word' id='word_1_406' title='bbox 2378 3149 2534 3212; x_wconf 87' lang='lat' dir='ltr'><strong>patre</strong></span> <span class='ocrx_word' id='word_1_407' title='bbox 2562 3139 2761 3195; x_wconf 82' lang='lat' dir='ltr'><strong>fratres</strong></span> <span class='ocrx_word' id='word_1_408' title='bbox 2794 3137 3122 3204; x_wconf 79' lang='lat' dir='ltr'><strong>Dalmatius,</strong></span> <span class='ocrx_word' id='word_1_409' title='bbox 3151 3136 3442 3193; x_wconf 82' lang='lat' dir='ltr'><strong>Anaballia</strong></span> <span class='ocrx_word' id='word_1_410' title='bbox 3462 3167 3476 3179; x_wconf 84' lang='lat'><strong>-</strong></span> 
     </span>
    </p>
   </div>
   <div class='ocr_carea' id='block_1_60' title="bbox 201 3227 1790 3320">
    <p class='ocr_par' dir='ltr' id='par_1_60' title="bbox 201 3231 1790 3308">
     <span class='ocr_line' id='line_1_60' title="bbox 201 3231 1790 3308; baseline 0.001 -20"><span class='ocrx_word' id='word_1_411' title='bbox 201 3250 319 3298; x_wconf 80' lang='grc' dir='ltr'>τος.</span> <span class='ocrx_word' id='word_1_412' title='bbox 352 3231 535 3289; x_wconf 78' lang='grc' dir='ltr'>Ἦσαν</span> <span class='ocrx_word' id='word_1_413' title='bbox 555 3235 613 3288; x_wconf 81' lang='grc' dir='ltr'>δὲ</span> <span class='ocrx_word' id='word_1_414' title='bbox 633 3234 713 3308; x_wconf 84' lang='grc' dir='ltr'>τῷ</span> <span class='ocrx_word' id='word_1_415' title='bbox 734 3235 1137 3307; x_wconf 77' lang='grc' dir='ltr'>Κωνσταντίνῳ</span> <span class='ocrx_word' id='word_1_416' title='bbox 1169 3235 1391 3305; x_wconf 72' lang='grc' dir='ltr'>ἀδελφοὶ</span> <span class='ocrx_word' id='word_1_417' title='bbox 1413 3236 1555 3307; x_wconf 80' lang='grc' dir='ltr'>πρὸς</span> <span class='ocrx_word' id='word_1_418' title='bbox 1585 3237 1790 3307; x_wconf 83' lang='grc' dir='ltr'>πατρὸς</span> 
     </span>
    </p>
   </div>
   <div class='ocr_carea' id='block_1_61' title="bbox 1896 3227 3471 3320">
    <p class='ocr_par' dir='ltr' id='par_1_61' title="bbox 1896 3227 3471 3303">
     <span class='ocr_line' id='line_1_61' title="bbox 1896 3227 3471 3303; baseline -0.007 -11"><span class='ocrx_word' id='word_1_419' title='bbox 1896 3251 2000 3292; x_wconf 91' lang='lat' dir='ltr'><strong>nus</strong></span> <span class='ocrx_word' id='word_1_420' title='bbox 2029 3242 2083 3292; x_wconf 87' lang='lat' dir='ltr'><strong>et</strong></span> <span class='ocrx_word' id='word_1_421' title='bbox 2111 3234 2515 3299; x_wconf 87' lang='lat' dir='ltr'><strong>Constantius;</strong></span> <span class='ocrx_word' id='word_1_422' title='bbox 2554 3232 2674 3303; x_wconf 89' lang='lat' dir='ltr'><strong>ipse</strong></span> <span class='ocrx_word' id='word_1_423' title='bbox 2722 3230 2871 3285; x_wconf 89' lang='lat' dir='ltr'><strong>enim</strong></span> <span class='ocrx_word' id='word_1_424' title='bbox 2912 3244 2977 3284; x_wconf 81' lang='lat' dir='ltr'><strong>ex</strong></span> <span class='ocrx_word' id='word_1_425' title='bbox 3013 3227 3219 3284; x_wconf 79' lang='lat' dir='ltr'><strong>Helena</strong></span> <span class='ocrx_word' id='word_1_426' title='bbox 3273 3228 3471 3282; x_wconf 76' lang='lat' dir='ltr'><strong>unicus</strong></span> 
     </span>
    </p>
   </div>
   <div class='ocr_carea' id='block_1_62' title="bbox 203 3321 1787 3394">
    <p class='ocr_par' dir='ltr' id='par_1_62' title="bbox 203 3321 1787 3394">
     <span class='ocr_line' id='line_1_62' title="bbox 203 3321 1787 3394; baseline 0.003 -18"><span class='ocrx_word' id='word_1_427' title='bbox 203 3323 342 3387; x_wconf 70' lang='grc' dir='ltr'>οἶδε,</span> <span class='ocrx_word' id='word_1_428' title='bbox 373 3321 700 3394; x_wconf 82' lang='grc' dir='ltr'>Δαλμάτιος,</span> <span class='ocrx_word' id='word_1_429' title='bbox 746 3322 1187 3389; x_wconf 80' lang='grc' dir='ltr'>Ἀναϐαλλιανδς,</span> <span class='ocrx_word' id='word_1_430' title='bbox 1236 3326 1331 3378; x_wconf 82' lang='grc' dir='ltr'>καὶ</span> <span class='ocrx_word' id='word_1_431' title='bbox 1364 3326 1787 3392; x_wconf 77' lang='grc' dir='ltr'>Κωνστάντιοςο</span> 
     </span>
    </p>
   </div>
   <div class='ocr_carea' id='block_1_63' title="bbox 202 3411 1790 3489">
    <p class='ocr_par' dir='ltr' id='par_1_63' title="bbox 202 3411 1790 3489">
     <span class='ocr_line' id='line_1_63' title="bbox 202 3411 1790 3489; baseline 0.004 -22"><span class='ocrx_word' id='word_1_432' title='bbox 202 3414 375 3478; x_wconf 79' lang='grc' dir='ltr'>αὐτὸς</span> <span class='ocrx_word' id='word_1_433' title='bbox 403 3414 514 3485; x_wconf 80' lang='grc' dir='ltr'><strong>γάρ</strong></span> <span class='ocrx_word' id='word_1_434' title='bbox 540 3413 600 3480; x_wconf 73' lang='grc' dir='ltr'><strong>ἐξ</strong></span> <span class='ocrx_word' id='word_1_435' title='bbox 633 3414 856 3487; x_wconf 79' lang='grc' dir='ltr'>Ἑλένης</span> <span class='ocrx_word' id='word_1_436' title='bbox 890 3415 1052 3485; x_wconf 83' lang='grc' dir='ltr'>μόνος</span> <span class='ocrx_word' id='word_1_437' title='bbox 1081 3411 1150 3487; x_wconf 83' lang='grc' dir='ltr'>ἧν</span> <span class='ocrx_word' id='word_1_438' title='bbox 1171 3415 1249 3487; x_wconf 84' lang='grc' dir='ltr'>τῷ</span> <span class='ocrx_word' id='word_1_439' title='bbox 1272 3418 1443 3489; x_wconf 72' lang='grc' dir='ltr'>πατρὶ</span> <span class='ocrx_word' id='word_1_440' title='bbox 1467 3417 1790 3474; x_wconf 85' lang='grc' dir='ltr'>Κώνσταντι</span> 
     </span>
    </p>
   </div>
   <div class='ocr_carea' id='block_1_64' title="bbox 206 3505 1789 3580">
    <p class='ocr_par' dir='ltr' id='par_1_64' title="bbox 206 3505 1789 3580">
     <span class='ocr_line' id='line_1_64' title="bbox 206 3505 1789 3580; baseline 0.003 -21"><span class='ocrx_word' id='word_1_441' title='bbox 206 3505 286 3559; x_wconf 72' lang='grc' dir='ltr'>ἔτι</span> <span class='ocrx_word' id='word_1_442' title='bbox 326 3505 664 3560; x_wconf 87' lang='grc' dir='ltr'>ίδιοτεύοντι·</span> <span class='ocrx_word' id='word_1_443' title='bbox 684 3508 750 3561; x_wconf 81' lang='grc' dir='ltr'>ἐκ</span> <span class='ocrx_word' id='word_1_444' title='bbox 782 3506 838 3561; x_wconf 81' lang='grc' dir='ltr'>δὲ</span> <span class='ocrx_word' id='word_1_445' title='bbox 869 3508 969 3576; x_wconf 89' lang='grc' dir='ltr'><strong>τῆς</strong></span> <span class='ocrx_word' id='word_1_446' title='bbox 998 3507 1270 3578; x_wconf 71' lang='grc' dir='ltr'>θυγατρὸς</span> <span class='ocrx_word' id='word_1_447' title='bbox 1304 3506 1789 3580; x_wconf 79' lang='grc' dir='ltr'>Μαξιμιανοῦ,τοῦ</span> 
     </span>
    </p>
   </div>
   <div class='ocr_carea' id='block_1_65' title="bbox 214 3595 1793 3671">
    <p class='ocr_par' dir='ltr' id='par_1_65' title="bbox 214 3595 1793 3671">
     <span class='ocr_line' id='line_1_65' title="bbox 214 3595 1793 3671; baseline 0.001 -21"><span class='ocrx_word' id='word_1_448' title='bbox 214 3596 571 3669; x_wconf 81' lang='grc' dir='ltr'>Ἐρκουλλίου</span> <span class='ocrx_word' id='word_1_449' title='bbox 605 3595 1113 3668; x_wconf 77' lang='grc' dir='ltr'>ὲπονομαζομένου,</span> <span class='ocrx_word' id='word_1_450' title='bbox 1135 3597 1441 3668; x_wconf 76' lang='grc' dir='ltr'>Θεοδώρας,</span> <span class='ocrx_word' id='word_1_451' title='bbox 1489 3598 1667 3671; x_wconf 71' lang='grc' dir='ltr'>ἕτεροι</span> <span class='ocrx_word' id='word_1_452' title='bbox 1704 3616 1793 3667; x_wconf 87' lang='grc' dir='ltr'>γε-</span> 
     </span>
    </p>
   </div>
   <div class='ocr_carea' id='block_1_66' title="bbox 204 3688 1793 3761">
    <p class='ocr_par' dir='ltr' id='par_1_66' title="bbox 204 3688 1793 3761">
     <span class='ocr_line' id='line_1_66' title="bbox 204 3688 1793 3761; baseline 0 -18"><span class='ocrx_word' id='word_1_453' title='bbox 204 3689 433 3758; x_wconf 78' lang='grc' dir='ltr'>γόνασιν</span> <span class='ocrx_word' id='word_1_454' title='bbox 456 3688 608 3759; x_wconf 82' lang='grc' dir='ltr'>αὐτῷ</span> <span class='ocrx_word' id='word_1_455' title='bbox 630 3688 841 3753; x_wconf 59' lang='grc' dir='ltr'>παῖδες</span> <span class='ocrx_word' id='word_1_456' title='bbox 863 3690 891 3742; x_wconf 81' lang='grc' dir='ltr'>ὅ</span> <span class='ocrx_word' id='word_1_457' title='bbox 906 3706 963 3741; x_wconf 90' lang='grc' dir='ltr'><strong>τε</strong></span> <span class='ocrx_word' id='word_1_458' title='bbox 990 3688 1329 3761; x_wconf 70' lang='grc' dir='ltr'>προρρηθεὶς</span> <span class='ocrx_word' id='word_1_459' title='bbox 1356 3689 1682 3760; x_wconf 90' lang='grc' dir='ltr'>Δαλμάτιος,</span> <span class='ocrx_word' id='word_1_460' title='bbox 1700 3689 1793 3743; x_wconf 73' lang='grc' dir='ltr'><strong>καὶ</strong></span> 
     </span>
    </p>
   </div>
   <div class='ocr_carea' id='block_1_67' title="bbox 216 3778 1789 3851">
    <p class='ocr_par' dir='ltr' id='par_1_67' title="bbox 216 3778 1789 3851">
     <span class='ocr_line' id='line_1_67' title="bbox 216 3778 1789 3851; baseline -0.001 -17"><span class='ocrx_word' id='word_1_461' title='bbox 216 3779 668 3844; x_wconf 80' lang='grc' dir='ltr'>’Δναϐαλλιανὸς,</span> <span class='ocrx_word' id='word_1_462' title='bbox 698 3780 796 3834; x_wconf 79' lang='grc' dir='ltr'><strong>καὶ</strong></span> <span class='ocrx_word' id='word_1_463' title='bbox 816 3781 1224 3843; x_wconf 82' lang='grc' dir='ltr'>Κωνστὰντιος·</span> <span class='ocrx_word' id='word_1_464' title='bbox 1255 3778 1348 3844; x_wconf 83' lang='grc' dir='ltr'><strong>οὒς</strong></span> <span class='ocrx_word' id='word_1_465' title='bbox 1379 3780 1476 3833; x_wconf 68' lang='grc' dir='ltr'>καὶ</span> <span class='ocrx_word' id='word_1_466' title='bbox 1499 3781 1789 3851; x_wconf 83' lang='grc' dir='ltr'>Καίσαρας</span> 
     </span>
    </p>
   </div>
   <div class='ocr_carea' id='block_1_68' title="bbox 203 3870 1788 3942">
    <p class='ocr_par' dir='ltr' id='par_1_68' title="bbox 203 3870 1788 3942">
     <span class='ocr_line' id='line_1_68' title="bbox 203 3870 1788 3942; baseline -0.001 -16"><span class='ocrx_word' id='word_1_467' title='bbox 203 3872 666 3935; x_wconf 79' lang='grc' dir='ltr'>ὀκωνσταντίνος</span> <span class='ocrx_word' id='word_1_468' title='bbox 694 3872 789 3927; x_wconf 77' lang='grc' dir='ltr'>καὶ</span> <span class='ocrx_word' id='word_1_469' title='bbox 816 3870 1246 3941; x_wconf 85' lang='grc' dir='ltr'>νοϐελλησίμους</span> <span class='ocrx_word' id='word_1_470' title='bbox 1282 3872 1532 3942; x_wconf 80' lang='grc' dir='ltr'>ἐτίμησε.</span> <span class='ocrx_word' id='word_1_471' title='bbox 1557 3872 1788 3927; x_wconf 78' lang='grc' dir='ltr'>Τούτων</span> 
     </span>
    </p>
   </div>
   <div class='ocr_carea' id='block_1_69' title="bbox 203 3961 1791 4035">
    <p class='ocr_par' dir='ltr' id='par_1_69' title="bbox 203 3961 1791 4035">
     <span class='ocr_line' id='line_1_69' title="bbox 203 3961 1791 4035; baseline -0.001 -16"><span class='ocrx_word' id='word_1_472' title='bbox 203 3965 234 4019; x_wconf 82' lang='grc' dir='ltr'>ὁ</span> <span class='ocrx_word' id='word_1_473' title='bbox 263 3964 654 4029; x_wconf 82' lang='grc' dir='ltr'>Κωνστάντιος</span> <span class='ocrx_word' id='word_1_474' title='bbox 690 3964 754 4018; x_wconf 78' lang='grc' dir='ltr'>ὲκ</span> <span class='ocrx_word' id='word_1_475' title='bbox 782 3964 881 4035; x_wconf 85' lang='grc' dir='ltr'><strong>τῆς</strong></span> <span class='ocrx_word' id='word_1_476' title='bbox 943 3961 1310 4033; x_wconf 82' lang='grc' dir='ltr'>συναφθείσης</span> <span class='ocrx_word' id='word_1_477' title='bbox 1350 3962 1499 4034; x_wconf 81' lang='grc' dir='ltr'>αὐτῷ</span> <span class='ocrx_word' id='word_1_478' title='bbox 1538 3965 1791 4035; x_wconf 80' lang='grc' dir='ltr'>γαμετῆς</span> 
     </span>
    </p>
   </div>
   <div class='ocr_carea' id='block_1_70' title="bbox 204 4054 1793 4128">
    <p class='ocr_par' dir='ltr' id='par_1_70' title="bbox 204 4054 1793 4128">
     <span class='ocr_line' id='line_1_70' title="bbox 204 4054 1793 4128; baseline 0 -18"><span class='ocrx_word' id='word_1_479' title='bbox 204 4058 375 4127; x_wconf 83' lang='grc' dir='ltr'>γεννᾷ</span> <span class='ocrx_word' id='word_1_480' title='bbox 408 4056 612 4110; x_wconf 90' lang='grc' dir='ltr'>Γάλλον</span> <span class='ocrx_word' id='word_1_481' title='bbox 634 4073 694 4110; x_wconf 84' lang='grc' dir='ltr'><strong>τε</strong></span> <span class='ocrx_word' id='word_1_482' title='bbox 723 4056 822 4110; x_wconf 77' lang='grc' dir='ltr'><strong>καὶ</strong></span> <span class='ocrx_word' id='word_1_483' title='bbox 859 4054 1151 4109; x_wconf 81' lang='grc' dir='ltr'>Ίουλιανὸν</span> <span class='ocrx_word' id='word_1_484' title='bbox 1173 4055 1265 4108; x_wconf 81' lang='grc' dir='ltr'><strong>τὸν</strong></span> <span class='ocrx_word' id='word_1_485' title='bbox 1305 4055 1637 4128; x_wconf 89' lang='grc' dir='ltr'>παραϐάτην</span> <span class='ocrx_word' id='word_1_486' title='bbox 1671 4058 1793 4110; x_wconf 85' lang='grc' dir='ltr'>ὲπι-</span> 
     </span>
    </p>
   </div>
   <div class='ocr_carea' id='block_1_71' title="bbox 206 4151 1792 4225">
    <p class='ocr_par' dir='ltr' id='par_1_71' title="bbox 206 4151 1792 4225">
     <span class='ocr_line' id='line_1_71' title="bbox 206 4151 1792 4225; baseline 0 -20"><span class='ocrx_word' id='word_1_487' title='bbox 206 4152 501 4223; x_wconf 78' lang='grc' dir='ltr'>κληθέντα,</span> <span class='ocrx_word' id='word_1_488' title='bbox 532 4151 622 4206; x_wconf 75' lang='grc' dir='ltr'>διὰ</span> <span class='ocrx_word' id='word_1_489' title='bbox 646 4153 708 4206; x_wconf 77' lang='grc' dir='ltr'>τὸ</span> <span class='ocrx_word' id='word_1_490' title='bbox 730 4152 821 4207; x_wconf 80' lang='grc' dir='ltr'><strong>τὸν</strong></span> <span class='ocrx_word' id='word_1_491' title='bbox 847 4151 1086 4224; x_wconf 80' lang='grc' dir='ltr'>Χριστὸν</span> <span class='ocrx_word' id='word_1_492' title='bbox 1112 4152 1499 4223; x_wconf 75' lang='grc' dir='ltr'>ἐξομόσασθαι,</span> <span class='ocrx_word' id='word_1_493' title='bbox 1531 4151 1629 4205; x_wconf 76' lang='grc' dir='ltr'><strong>καὶ</strong></span> <span class='ocrx_word' id='word_1_494' title='bbox 1656 4153 1792 4225; x_wconf 78' lang='grc' dir='ltr'>πρὸς</span> 
     </span>
    </p>
   </div>
   <div class='ocr_carea' id='block_1_72' title="bbox 205 4242 1790 4315">
    <p class='ocr_par' dir='ltr' id='par_1_72' title="bbox 205 4242 1790 4315">
     <span class='ocr_line' id='line_1_72' title="bbox 205 4242 1790 4315; baseline -0.001 -18"><span class='ocrx_word' id='word_1_495' title='bbox 205 4244 309 4315; x_wconf 77' lang='grc' dir='ltr'>τήν</span> <span class='ocrx_word' id='word_1_496' title='bbox 351 4243 676 4313; x_wconf 80' lang='grc' dir='ltr'>Ἑλληνικὴν</span> <span class='ocrx_word' id='word_1_497' title='bbox 723 4243 1019 4298; x_wconf 81' lang='grc' dir='ltr'>ἀποκλῖναι</span> <span class='ocrx_word' id='word_1_498' title='bbox 1079 4242 1411 4315; x_wconf 59' lang='grc' dir='ltr'>θρησκείαν</span> <span class='ocrx_word' id='word_1_499' title='bbox 1447 4242 1509 4306; x_wconf 86' lang='grc' dir='ltr'>ὃς</span> <span class='ocrx_word' id='word_1_500' title='bbox 1554 4244 1652 4296; x_wconf 71' lang='grc' dir='ltr'><strong>καὶ</strong></span> <span class='ocrx_word' id='word_1_501' title='bbox 1696 4243 1790 4296; x_wconf 78' lang='grc' dir='ltr'>τὸν</span> 
     </span>
    </p>
   </div>
   <div class='ocr_carea' id='block_1_73' title="bbox 210 4333 1790 4408">
    <p class='ocr_par' dir='ltr' id='par_1_73' title="bbox 210 4333 1790 4408">
     <span class='ocr_line' id='line_1_73' title="bbox 210 4333 1790 4408; baseline -0.003 -17"><span class='ocrx_word' id='word_1_502' title='bbox 210 4337 390 4408; x_wconf 73' lang='grc' dir='ltr'>μέγαν</span> <span class='ocrx_word' id='word_1_503' title='bbox 419 4334 515 4390; x_wconf 90' lang='grc' dir='ltr'><strong>τοῦ</strong></span> <span class='ocrx_word' id='word_1_504' title='bbox 555 4334 792 4407; x_wconf 88' lang='grc' dir='ltr'>Χριστοῦ</span> <span class='ocrx_word' id='word_1_505' title='bbox 829 4336 1085 4407; x_wconf 84' lang='grc' dir='ltr'>μάρτυρα</span> <span class='ocrx_word' id='word_1_506' title='bbox 1123 4336 1219 4388; x_wconf 76' lang='grc' dir='ltr'>καὶ</span> <span class='ocrx_word' id='word_1_507' title='bbox 1251 4333 1557 4389; x_wconf 86' lang='grc' dir='ltr'>πολύαθλον</span> <span class='ocrx_word' id='word_1_508' title='bbox 1597 4334 1790 4404; x_wconf 79' lang='grc' dir='ltr'>Ἀρτέ-</span> 
     </span>
    </p>
   </div>
   <div class='ocr_carea' id='block_1_74' title="bbox 211 4424 1794 4501">
    <p class='ocr_par' dir='ltr' id='par_1_74' title="bbox 211 4424 1794 4501">
     <span class='ocr_line' id='line_1_74' title="bbox 211 4424 1794 4501; baseline -0.003 -19"><span class='ocrx_word' id='word_1_509' title='bbox 211 4446 341 4501; x_wconf 89' lang='grc' dir='ltr'>μιον</span> <span class='ocrx_word' id='word_1_510' title='bbox 374 4429 434 4482; x_wconf 83' lang='grc' dir='ltr'>ὲν</span> <span class='ocrx_word' id='word_1_511' title='bbox 466 4427 543 4499; x_wconf 82' lang='grc' dir='ltr'>τῷ</span> <span class='ocrx_word' id='word_1_512' title='bbox 590 4425 897 4499; x_wconf 88' lang='grc' dir='ltr'>βασιλεύειν</span> <span class='ocrx_word' id='word_1_513' title='bbox 949 4426 1112 4481; x_wconf 83' lang='grc' dir='ltr'>αὑτὸν</span> <span class='ocrx_word' id='word_1_514' title='bbox 1145 4426 1398 4493; x_wconf 81' lang='grc' dir='ltr'>ἐκόλασε,</span> <span class='ocrx_word' id='word_1_515' title='bbox 1438 4424 1529 4479; x_wconf 85' lang='grc' dir='ltr'>διὰ</span> <span class='ocrx_word' id='word_1_516' title='bbox 1556 4425 1658 4497; x_wconf 77' lang='grc' dir='ltr'>τὴν</span> <span class='ocrx_word' id='word_1_517' title='bbox 1711 4426 1794 4489; x_wconf 85' lang='grc' dir='ltr'><strong>είς</strong></span> 
     </span>
    </p>
   </div>
   <div class='ocr_carea' id='block_1_75' title="bbox 208 4516 1793 4593">
    <p class='ocr_par' dir='ltr' id='par_1_75' title="bbox 208 4516 1793 4593">
     <span class='ocr_line' id='line_1_75' title="bbox 208 4516 1793 4593; baseline -0.003 -17"><span class='ocrx_word' id='word_1_518' title='bbox 208 4520 448 4593; x_wconf 80' lang='grc' dir='ltr'>Χριστὸν</span> <span class='ocrx_word' id='word_1_519' title='bbox 469 4520 653 4575; x_wconf 86' lang='grc' dir='ltr'>πίστιν</span> <span class='ocrx_word' id='word_1_520' title='bbox 680 4520 775 4574; x_wconf 75' lang='grc' dir='ltr'>καὶ</span> <span class='ocrx_word' id='word_1_521' title='bbox 797 4519 891 4573; x_wconf 79' lang='grc' dir='ltr'><strong>τὸν</strong></span> <span class='ocrx_word' id='word_1_522' title='bbox 913 4518 1077 4590; x_wconf 78' lang='grc' dir='ltr'>ζῆλον</span> <span class='ocrx_word' id='word_1_523' title='bbox 1095 4518 1187 4572; x_wconf 75' lang='grc' dir='ltr'><strong>τὸν</strong></span> <span class='ocrx_word' id='word_1_524' title='bbox 1206 4517 1410 4573; x_wconf 77' lang='grc' dir='ltr'>ἔνθεον.</span> <span class='ocrx_word' id='word_1_525' title='bbox 1435 4517 1600 4573; x_wconf 82' lang='grc' dir='ltr'>Ἀλλὰ</span> <span class='ocrx_word' id='word_1_526' title='bbox 1619 4516 1793 4573; x_wconf 89' lang='grc' dir='ltr'>ταῦτα</span> 
     </span>
    </p>
   </div>
   <div class='ocr_carea' id='block_1_76' title="bbox 221 4610 1439 4685">
    <p class='ocr_par' dir='ltr' id='par_1_76' title="bbox 221 4610 1439 4685">
     <span class='ocr_line' id='line_1_76' title="bbox 221 4610 1439 4685; baseline -0.002 -17"><span class='ocrx_word' id='word_1_527' title='bbox 221 4612 318 4684; x_wconf 74' lang='grc' dir='ltr'>μὲν</span> <span class='ocrx_word' id='word_1_528' title='bbox 345 4611 575 4685; x_wconf 79' lang='grc' dir='ltr'>ὕστερον</span> <span class='ocrx_word' id='word_1_529' title='bbox 601 4611 697 4667; x_wconf 79' lang='grc' dir='ltr'>καὶ</span> <span class='ocrx_word' id='word_1_530' title='bbox 731 4612 872 4683; x_wconf 86' lang='grc' dir='ltr'><strong>μετὰ</strong></span> <span class='ocrx_word' id='word_1_531' title='bbox 900 4610 1099 4681; x_wconf 87' lang='grc' dir='ltr'>χρόνου</span> <span class='ocrx_word' id='word_1_532' title='bbox 1126 4611 1439 4680; x_wconf 87' lang='grc' dir='ltr'>γεγόνασιν.</span> 
     </span>
    </p>
   </div>
   <div class='ocr_carea' id='block_1_77' title="bbox 280 4720 1797 4798">
    <p class='ocr_par' dir='ltr' id='par_1_77' title="bbox 280 4720 1797 4798">
     <span class='ocr_line' id='line_1_77' title="bbox 280 4720 1797 4798; baseline -0.005 -16"><span class='ocrx_word' id='word_1_533' title='bbox 280 4732 360 4798; x_wconf 85' lang='grc' dir='ltr'><strong>η’.</strong></span> <span class='ocrx_word' id='word_1_534' title='bbox 400 4724 545 4795; x_wconf 82' lang='grc' dir='ltr'>Ἐγὼ</span> <span class='ocrx_word' id='word_1_535' title='bbox 576 4724 634 4779; x_wconf 83' lang='grc' dir='ltr'><strong>δὲ</strong></span> <span class='ocrx_word' id='word_1_536' title='bbox 658 4723 728 4778; x_wconf 76' lang='grc' dir='ltr'>τὰ</span> <span class='ocrx_word' id='word_1_537' title='bbox 763 4722 1134 4794; x_wconf 88' lang='grc' dir='ltr'>πεπραγμένα</span> <span class='ocrx_word' id='word_1_538' title='bbox 1172 4724 1289 4786; x_wconf 89' lang='grc' dir='ltr'>τοῖς</span> <span class='ocrx_word' id='word_1_539' title='bbox 1316 4722 1428 4777; x_wconf 77' lang='grc' dir='ltr'>ἄνω</span> <span class='ocrx_word' id='word_1_540' title='bbox 1458 4720 1680 4794; x_wconf 81' lang='grc' dir='ltr'>χρόνοις</span> <span class='ocrx_word' id='word_1_541' title='bbox 1712 4720 1797 4774; x_wconf 89' lang='grc' dir='ltr'>δι-</span> 
     </span>
    </p>
   </div>
   <div class='ocr_carea' id='block_1_78' title="bbox 209 4812 1799 4890">
    <p class='ocr_par' dir='ltr' id='par_1_78' title="bbox 209 4812 1799 4890">
     <span class='ocr_line' id='line_1_78' title="bbox 209 4812 1799 4890; baseline -0.006 -16"><span class='ocrx_word' id='word_1_542' title='bbox 209 4817 594 4890; x_wconf 84' lang='grc' dir='ltr'>ηγησάμενος,</span> <span class='ocrx_word' id='word_1_543' title='bbox 628 4818 722 4871; x_wconf 68' lang='grc' dir='ltr'>ἐπὶ</span> <span class='ocrx_word' id='word_1_544' title='bbox 753 4818 824 4871; x_wconf 84' lang='grc' dir='ltr'>τὰ</span> <span class='ocrx_word' id='word_1_545' title='bbox 871 4816 1157 4887; x_wconf 84' lang='grc' dir='ltr'>συμϐάντα</span> <span class='ocrx_word' id='word_1_546' title='bbox 1204 4814 1284 4885; x_wconf 85' lang='grc' dir='ltr'>τῷ</span> <span class='ocrx_word' id='word_1_547' title='bbox 1333 4813 1576 4885; x_wconf 87' lang='grc' dir='ltr'>μάρτυρι</span> <span class='ocrx_word' id='word_1_548' title='bbox 1629 4812 1799 4868; x_wconf 88' lang='grc' dir='ltr'>πάλιν</span> 
     </span>
    </p>
   </div>
   <div class='ocr_carea' id='block_1_79' title="bbox 209 4904 1799 4981">
    <p class='ocr_par' dir='ltr' id='par_1_79' title="bbox 209 4904 1799 4981">
     <span class='ocr_line' id='line_1_79' title="bbox 209 4904 1799 4981; baseline -0.003 -20"><span class='ocrx_word' id='word_1_549' title='bbox 209 4907 403 4981; x_wconf 82' lang='grc' dir='ltr'>τρέψω</span> <span class='ocrx_word' id='word_1_550' title='bbox 431 4908 524 4961; x_wconf 80' lang='grc' dir='ltr'><strong>τὸν</strong></span> <span class='ocrx_word' id='word_1_551' title='bbox 556 4907 719 4977; x_wconf 80' lang='grc' dir='ltr'>λόγον</span> <span class='ocrx_word' id='word_1_552' title='bbox 741 4922 756 4939; x_wconf 74' lang='grc' dir='ltr'><strong>ο</strong></span> <span class='ocrx_word' id='word_1_553' title='bbox 810 4907 931 4971; x_wconf 84' lang='grc' dir='ltr'>πῶς</span> <span class='ocrx_word' id='word_1_554' title='bbox 963 4923 1024 4961; x_wconf 86' lang='grc' dir='ltr'><strong>τε</strong></span> <span class='ocrx_word' id='word_1_555' title='bbox 1055 4908 1084 4959; x_wconf 84' lang='lat'><strong>6</strong></span> <span class='ocrx_word' id='word_1_556' title='bbox 1130 4905 1456 4975; x_wconf 89' lang='grc' dir='ltr'>παράνομος</span> <span class='ocrx_word' id='word_1_557' title='bbox 1489 4904 1584 4960; x_wconf 77' lang='grc' dir='ltr'>καὶ</span> <span class='ocrx_word' id='word_1_558' title='bbox 1611 4920 1799 4977; x_wconf 88' lang='grc' dir='ltr'>παρα-</span> 
     </span>
    </p>
   </div>
   <div class='ocr_carea' id='block_1_80' title="bbox 211 4991 1797 5067">
    <p class='ocr_par' dir='ltr' id='par_1_80' title="bbox 211 4991 1797 5067">
     <span class='ocr_line' id='line_1_80' title="bbox 211 4991 1797 5067; baseline -0.003 -16"><span class='ocrx_word' id='word_1_559' title='bbox 211 4996 391 5067; x_wconf 83' lang='grc' dir='ltr'>ϐάτης</span> <span class='ocrx_word' id='word_1_560' title='bbox 433 4996 725 5061; x_wconf 75' lang='grc' dir='ltr'>Ἰουλιανὸς</span> <span class='ocrx_word' id='word_1_561' title='bbox 771 4995 869 5049; x_wconf 75' lang='grc' dir='ltr'>καὶ</span> <span class='ocrx_word' id='word_1_562' title='bbox 915 4995 1023 5049; x_wconf 89' lang='grc' dir='ltr'>τίνι</span> <span class='ocrx_word' id='word_1_563' title='bbox 1055 4993 1244 5065; x_wconf 82' lang='grc' dir='ltr'>τρόπῳ</span> <span class='ocrx_word' id='word_1_564' title='bbox 1280 4993 1374 5045; x_wconf 76' lang='grc' dir='ltr'>ἐπὶ</span> <span class='ocrx_word' id='word_1_565' title='bbox 1410 4991 1472 5045; x_wconf 82' lang='grc' dir='ltr'>τὸ</span> <span class='ocrx_word' id='word_1_566' title='bbox 1503 4991 1605 5062; x_wconf 88' lang='grc' dir='ltr'><strong>τῆς</strong></span> <span class='ocrx_word' id='word_1_567' title='bbox 1640 4992 1797 5064; x_wconf 90' lang='grc' dir='ltr'>βασι-</span> 
     </span>
    </p>
   </div>
   <div class='ocr_carea' id='block_1_81' title="bbox 210 5081 1799 5159">
    <p class='ocr_par' dir='ltr' id='par_1_81' title="bbox 210 5081 1799 5159">
     <span class='ocr_line' id='line_1_81' title="bbox 210 5081 1799 5159; baseline -0.003 -17"><span class='ocrx_word' id='word_1_568' title='bbox 210 5089 365 5152; x_wconf 87' lang='grc' dir='ltr'>λείας</span> <span class='ocrx_word' id='word_1_569' title='bbox 394 5081 561 5159; x_wconf 78' lang='grc' dir='ltr'>ἦλθεν</span> <span class='ocrx_word' id='word_1_570' title='bbox 581 5086 830 5159; x_wconf 79' lang='grc' dir='ltr'>ἁξίωμα’</span> <span class='ocrx_word' id='word_1_571' title='bbox 865 5084 963 5140; x_wconf 76' lang='grc' dir='ltr'>καὶ</span> <span class='ocrx_word' id='word_1_572' title='bbox 990 5084 1108 5149; x_wconf 86' lang='grc' dir='ltr'>πῶς</span> <span class='ocrx_word' id='word_1_573' title='bbox 1135 5086 1164 5138; x_wconf 89' lang='lat'><strong>6</strong></span> <span class='ocrx_word' id='word_1_574' title='bbox 1192 5082 1289 5137; x_wconf 89' lang='grc' dir='ltr'><strong>τοῦ</strong></span> <span class='ocrx_word' id='word_1_575' title='bbox 1317 5083 1558 5156; x_wconf 86' lang='grc' dir='ltr'>Χριστοῦ</span> <span class='ocrx_word' id='word_1_576' title='bbox 1584 5084 1799 5155; x_wconf 88' lang='grc' dir='ltr'>μάρτυς</span> 
     </span>
    </p>
   </div>
   <div class='ocr_carea' id='block_1_82' title="bbox 223 5173 1797 5251">
    <p class='ocr_par' dir='ltr' id='par_1_82' title="bbox 223 5173 1797 5251">
     <span class='ocr_line' id='line_1_82' title="bbox 223 5173 1797 5251; baseline -0.001 -18"><span class='ocrx_word' id='word_1_577' title='bbox 223 5179 518 5251; x_wconf 81' lang='grc' dir='ltr'>Ἀρτέμιος</span> <span class='ocrx_word' id='word_1_578' title='bbox 562 5181 641 5243; x_wconf 84' lang='grc' dir='ltr'><strong>είς</strong></span> <span class='ocrx_word' id='word_1_579' title='bbox 674 5178 737 5232; x_wconf 76' lang='grc' dir='ltr'>τὸ</span> <span class='ocrx_word' id='word_1_580' title='bbox 768 5178 868 5248; x_wconf 87' lang='grc' dir='ltr'><strong>τῆς</strong></span> <span class='ocrx_word' id='word_1_581' title='bbox 906 5174 1148 5249; x_wconf 85' lang='grc' dir='ltr'>Χριστοῦ</span> <span class='ocrx_word' id='word_1_582' title='bbox 1203 5173 1501 5246; x_wconf 84' lang='grc' dir='ltr'>ὁμολογίας</span> <span class='ocrx_word' id='word_1_583' title='bbox 1536 5176 1797 5247; x_wconf 85' lang='grc' dir='ltr'>πανίερον</span> 
     </span>
    </p>
   </div>
   <div class='ocr_carea' id='block_1_83' title="bbox 212 5267 1796 5344">
    <p class='ocr_par' dir='ltr' id='par_1_83' title="bbox 212 5267 1796 5344">
     <span class='ocr_line' id='line_1_83' title="bbox 212 5267 1796 5344; baseline -0.004 -18"><span class='ocrx_word' id='word_1_584' title='bbox 212 5273 422 5343; x_wconf 75' lang='grc' dir='ltr'>ἔδραμε</span> <span class='ocrx_word' id='word_1_585' title='bbox 477 5272 717 5327; x_wconf 86' lang='grc' dir='ltr'>στάδιον.</span> <span class='ocrx_word' id='word_1_586' title='bbox 770 5272 934 5344; x_wconf 81' lang='grc' dir='ltr'>’Δρτι</span> <span class='ocrx_word' id='word_1_587' title='bbox 975 5268 1070 5324; x_wconf 88' lang='grc' dir='ltr'><strong>τοῦ</strong></span> <span class='ocrx_word' id='word_1_588' title='bbox 1106 5267 1345 5339; x_wconf 86' lang='grc' dir='ltr'>μεγάλου</span> <span class='ocrx_word' id='word_1_589' title='bbox 1377 5267 1796 5321; x_wconf 79' lang='grc' dir='ltr'>Κωνσταντίνου</span> 
     </span>
    </p>
   </div>
   <div class='ocr_carea' id='block_1_84' title="bbox 214 5357 1797 5437">
    <p class='ocr_par' dir='ltr' id='par_1_84' title="bbox 214 5357 1797 5437">
     <span class='ocr_line' id='line_1_84' title="bbox 214 5357 1797 5437; baseline -0.003 -20"><span class='ocrx_word' id='word_1_590' title='bbox 214 5363 365 5437; x_wconf 70' lang='grc'><strong>[546]</strong></span> <span class='ocrx_word' id='word_1_591' title='bbox 394 5364 842 5434; x_wconf 79' lang='grc' dir='ltr'>τελευτήσαντος,</span> <span class='ocrx_word' id='word_1_592' title='bbox 869 5365 904 5433; x_wconf 79' lang='grc' dir='ltr'>ἡ</span> <span class='ocrx_word' id='word_1_593' title='bbox 928 5361 1039 5415; x_wconf 85' lang='grc' dir='ltr'>τῶν</span> <span class='ocrx_word' id='word_1_594' title='bbox 1069 5359 1359 5431; x_wconf 87' lang='grc' dir='ltr'>Ῥωμαίων</span> <span class='ocrx_word' id='word_1_595' title='bbox 1379 5357 1523 5431; x_wconf 80' lang='grc' dir='ltr'>ἀρχὴ</span> <span class='ocrx_word' id='word_1_596' title='bbox 1548 5360 1628 5423; x_wconf 85' lang='grc' dir='ltr'><strong>είς</strong></span> <span class='ocrx_word' id='word_1_597' title='bbox 1649 5361 1797 5430; x_wconf 87' lang='grc' dir='ltr'>τρεῖς</span> 
     </span>
    </p>
   </div>
   <div class='ocr_carea' id='block_1_85' title="bbox 210 5449 1795 5531">
    <p class='ocr_par' dir='ltr' id='par_1_85' title="bbox 210 5449 1795 5531">
     <span class='ocr_line' id='line_1_85' title="bbox 210 5449 1795 5531; baseline -0.005 -20"><span class='ocrx_word' id='word_1_598' title='bbox 210 5456 437 5531; x_wconf 77' lang='grc' dir='ltr'>διῃρέθη</span> <span class='ocrx_word' id='word_1_599' title='bbox 479 5457 677 5529; x_wconf 68' lang='grc' dir='ltr'>ἀρχὰς,</span> <span class='ocrx_word' id='word_1_600' title='bbox 715 5454 826 5510; x_wconf 84' lang='grc' dir='ltr'><strong>τῶν</strong></span> <span class='ocrx_word' id='word_1_601' title='bbox 872 5454 1006 5510; x_wconf 78' lang='grc' dir='ltr'>υἱῶν</span> <span class='ocrx_word' id='word_1_602' title='bbox 1055 5451 1223 5508; x_wconf 78' lang='grc' dir='ltr'>αὑτοῦ</span> <span class='ocrx_word' id='word_1_603' title='bbox 1247 5491 1263 5518; x_wconf 93' lang='grc'><strong>,</strong></span> <span class='ocrx_word' id='word_1_604' title='bbox 1322 5449 1750 5505; x_wconf 82' lang='grc' dir='ltr'>Κωνσταντίνου</span> <span class='ocrx_word' id='word_1_605' title='bbox 1778 5488 1795 5516; x_wconf 93' lang='grc'><strong>,</strong></span> 
     </span>
    </p>
   </div>
   <div class='ocr_carea' id='block_1_86' title="bbox 1895 3317 3469 3392">
    <p class='ocr_par' dir='ltr' id='par_1_86' title="bbox 1895 3317 3469 3392">
     <span class='ocr_line' id='line_1_86' title="bbox 1895 3317 3469 3392; baseline -0.008 -7"><span class='ocrx_word' id='word_1_606' title='bbox 1895 3336 2014 3385; x_wconf 88' lang='lat' dir='ltr'><strong>erat</strong></span> <span class='ocrx_word' id='word_1_607' title='bbox 2044 3327 2187 3383; x_wconf 84' lang='lat' dir='ltr'><strong>filius</strong></span> <span class='ocrx_word' id='word_1_608' title='bbox 2218 3324 2539 3381; x_wconf 86' lang='lat' dir='ltr'><strong>Constantis</strong></span> <span class='ocrx_word' id='word_1_609' title='bbox 2574 3323 2754 3378; x_wconf 91' lang='lat' dir='ltr'><strong>adhuc</strong></span> <span class='ocrx_word' id='word_1_610' title='bbox 2789 3320 3013 3392; x_wconf 88' lang='lat' dir='ltr'><strong>privati,</strong></span> <span class='ocrx_word' id='word_1_611' title='bbox 3062 3320 3152 3375; x_wconf 91' lang='lat' dir='ltr'><strong>cui</strong></span> <span class='ocrx_word' id='word_1_612' title='bbox 3181 3334 3248 3375; x_wconf 79' lang='lat' dir='ltr'><strong>ex</strong></span> <span class='ocrx_word' id='word_1_613' title='bbox 3290 3317 3469 3373; x_wconf 84' lang='lat' dir='ltr'><strong>Theo-</strong></span> 
     </span>
    </p>
   </div>
   <div class='ocr_carea' id='block_1_87' title="bbox 1897 3409 3475 3487">
    <p class='ocr_par' dir='ltr' id='par_1_87' title="bbox 1897 3409 3475 3487">
     <span class='ocr_line' id='line_1_87' title="bbox 1897 3409 3475 3487; baseline -0.007 -12"><span class='ocrx_word' id='word_1_614' title='bbox 1897 3421 2055 3486; x_wconf 90' lang='lat' dir='ltr'><strong>dora,</strong></span> <span class='ocrx_word' id='word_1_615' title='bbox 2092 3418 2411 3473; x_wconf 81' lang='lat' dir='ltr'><strong>Maximiani</strong></span> <span class='ocrx_word' id='word_1_616' title='bbox 2479 3414 2815 3487; x_wconf 77' lang='lat' dir='ltr'><strong>cognomine</strong></span> <span class='ocrx_word' id='word_1_617' title='bbox 2864 3412 3108 3468; x_wconf 85' lang='lat' dir='ltr'><strong>Herculii</strong></span> <span class='ocrx_word' id='word_1_618' title='bbox 3163 3412 3296 3477; x_wconf 89' lang='lat' dir='ltr'><strong>filia,</strong></span> <span class='ocrx_word' id='word_1_619' title='bbox 3344 3409 3475 3465; x_wconf 87' lang='lat' dir='ltr'><strong>reli-</strong></span> 
     </span>
    </p>
   </div>
   <div class='ocr_carea' id='block_1_88' title="bbox 1897 3502 3473 3582">
    <p class='ocr_par' dir='ltr' id='par_1_88' title="bbox 1897 3502 3473 3582">
     <span class='ocr_line' id='line_1_88' title="bbox 1897 3502 3473 3582; baseline -0.003 -18"><span class='ocrx_word' id='word_1_620' title='bbox 1897 3512 1988 3582; x_wconf 93' lang='lat' dir='ltr'><strong>qui</strong></span> <span class='ocrx_word' id='word_1_621' title='bbox 2024 3509 2347 3580; x_wconf 90' lang='lat' dir='ltr'><strong>prodierunt</strong></span> <span class='ocrx_word' id='word_1_622' title='bbox 2379 3506 2563 3571; x_wconf 86' lang='lat' dir='ltr'><strong>liberi,</strong></span> <span class='ocrx_word' id='word_1_623' title='bbox 2597 3520 2796 3575; x_wconf 85' lang='lat' dir='ltr'><strong>nempe</strong></span> <span class='ocrx_word' id='word_1_624' title='bbox 2821 3503 3124 3573; x_wconf 88' lang='lat' dir='ltr'><strong>supradicti</strong></span> <span class='ocrx_word' id='word_1_625' title='bbox 3149 3502 3473 3569; x_wconf 85' lang='lat' dir='ltr'><strong>Dalmatius,</strong></span> 
     </span>
    </p>
   </div>
   <div class='ocr_carea' id='block_1_89' title="bbox 1897 3591 3476 3657">
    <p class='ocr_par' dir='ltr' id='par_1_89' title="bbox 1897 3591 3476 3657">
     <span class='ocr_line' id='line_1_89' title="bbox 1897 3591 3476 3657; baseline -0.006 0"><span class='ocrx_word' id='word_1_626' title='bbox 1897 3601 2290 3657; x_wconf 83' lang='lat' dir='ltr'><strong>Anahallianus</strong></span> <span class='ocrx_word' id='word_1_627' title='bbox 2338 3606 2393 3653; x_wconf 90' lang='lat' dir='ltr'><strong>et</strong></span> <span class='ocrx_word' id='word_1_628' title='bbox 2434 3595 2815 3651; x_wconf 90' lang='lat' dir='ltr'><strong>Constantius.</strong></span> <span class='ocrx_word' id='word_1_629' title='bbox 2849 3593 2963 3649; x_wconf 82' lang='lat' dir='ltr'><strong>llos</strong></span> <span class='ocrx_word' id='word_1_630' title='bbox 2996 3608 3127 3648; x_wconf 88' lang='lat' dir='ltr'><strong>vero</strong></span> <span class='ocrx_word' id='word_1_631' title='bbox 3152 3591 3476 3648; x_wconf 87' lang='lat' dir='ltr'><strong>Constanti-</strong></span> 
     </span>
    </p>
   </div>
   <div class='ocr_carea' id='block_1_90' title="bbox 1898 3684 3474 3758">
    <p class='ocr_par' dir='ltr' id='par_1_90' title="bbox 1898 3684 3474 3758">
     <span class='ocr_line' id='line_1_90' title="bbox 1898 3684 3474 3758; baseline -0.007 -8"><span class='ocrx_word' id='word_1_632' title='bbox 1898 3711 2001 3750; x_wconf 89' lang='lat' dir='ltr'><strong>nus</strong></span> <span class='ocrx_word' id='word_1_633' title='bbox 2033 3693 2279 3749; x_wconf 62' lang='lat' dir='ltr'><strong>Caesares</strong></span> <span class='ocrx_word' id='word_1_634' title='bbox 2303 3699 2356 3747; x_wconf 90' lang='lat' dir='ltr'><strong>et</strong></span> <span class='ocrx_word' id='word_1_635' title='bbox 2379 3688 2741 3745; x_wconf 80' lang='lat' dir='ltr'><strong>nobilissimos</strong></span> <span class='ocrx_word' id='word_1_636' title='bbox 2767 3688 2843 3758; x_wconf 82' lang='lat'><strong>(5)</strong></span> <span class='ocrx_word' id='word_1_637' title='bbox 2866 3687 3177 3745; x_wconf 87' lang='lat' dir='ltr'><strong>constituit.</strong></span> <span class='ocrx_word' id='word_1_638' title='bbox 3200 3684 3243 3738; x_wconf 89' lang='lat' dir='ltr'><strong>E</strong></span> <span class='ocrx_word' id='word_1_639' title='bbox 3270 3685 3474 3756; x_wconf 84' lang='lat' dir='ltr'><strong>quibus</strong></span> 
     </span>
    </p>
   </div>
   <div class='ocr_carea' id='block_1_91' title="bbox 1897 3777 3472 3851">
    <p class='ocr_par' dir='ltr' id='par_1_91' title="bbox 1897 3777 3472 3851">
     <span class='ocr_line' id='line_1_91' title="bbox 1897 3777 3472 3851; baseline -0.008 -8"><span class='ocrx_word' id='word_1_640' title='bbox 1897 3786 2252 3843; x_wconf 90' lang='lat' dir='ltr'><strong>Constantius</strong></span> <span class='ocrx_word' id='word_1_641' title='bbox 2275 3800 2339 3838; x_wconf 85' lang='lat' dir='ltr'><strong>ex</strong></span> <span class='ocrx_word' id='word_1_642' title='bbox 2372 3782 2620 3851; x_wconf 89' lang='lat' dir='ltr'><strong>legitima</strong></span> <span class='ocrx_word' id='word_1_643' title='bbox 2649 3780 2883 3851; x_wconf 82' lang='lat' dir='ltr'><strong>conjuge</strong></span> <span class='ocrx_word' id='word_1_644' title='bbox 2917 3779 3228 3851; x_wconf 85' lang='lat' dir='ltr'><strong>procreavit</strong></span> <span class='ocrx_word' id='word_1_645' title='bbox 3256 3777 3472 3833; x_wconf 87' lang='lat' dir='ltr'><strong>Gallum</strong></span> 
     </span>
    </p>
   </div>
   <div class='ocr_carea' id='block_1_92' title="bbox 1897 3867 3471 3943">
    <p class='ocr_par' dir='ltr' id='par_1_92' title="bbox 1897 3867 3471 3943">
     <span class='ocr_line' id='line_1_92' title="bbox 1897 3867 3471 3943; baseline -0.009 -8"><span class='ocrx_word' id='word_1_646' title='bbox 1897 3888 1951 3935; x_wconf 89' lang='lat' dir='ltr'><strong>et</strong></span> <span class='ocrx_word' id='word_1_647' title='bbox 1992 3877 2295 3939; x_wconf 74' lang='lat' dir='ltr'><strong>lulianum,</strong></span> <span class='ocrx_word' id='word_1_648' title='bbox 2334 3872 2661 3943; x_wconf 85' lang='lat' dir='ltr'><strong>Apostatam</strong></span> <span class='ocrx_word' id='word_1_649' title='bbox 2694 3870 3167 3942; x_wconf 84' lang='lat' dir='ltr'><strong>cognominatum,</strong></span> <span class='ocrx_word' id='word_1_650' title='bbox 3207 3884 3273 3923; x_wconf 91' lang='lat' dir='ltr'><strong>eo</strong></span> <span class='ocrx_word' id='word_1_651' title='bbox 3302 3867 3471 3939; x_wconf 92' lang='lat' dir='ltr'><strong>quod,</strong></span> 
     </span>
    </p>
   </div>
   <div class='ocr_carea' id='block_1_93' title="bbox 1897 3958 3479 4035">
    <p class='ocr_par' dir='ltr' id='par_1_93' title="bbox 1897 3958 3479 4035">
     <span class='ocr_line' id='line_1_93' title="bbox 1897 3958 3479 4035; baseline -0.008 -12"><span class='ocrx_word' id='word_1_652' title='bbox 1897 3968 2120 4023; x_wconf 88' lang='lat' dir='ltr'><strong>Christo</strong></span> <span class='ocrx_word' id='word_1_653' title='bbox 2150 3963 2426 4035; x_wconf 82' lang='lat' dir='ltr'><strong>abjurato,</strong></span> <span class='ocrx_word' id='word_1_654' title='bbox 2468 3960 2533 4015; x_wconf 91' lang='lat' dir='ltr'><strong>ad</strong></span> <span class='ocrx_word' id='word_1_655' title='bbox 2568 3961 2854 4031; x_wconf 86' lang='lat' dir='ltr'><strong>gentilium</strong></span> <span class='ocrx_word' id='word_1_656' title='bbox 2910 3958 3356 4029; x_wconf 84' lang='lat' dir='ltr'><strong>superstitionem</strong></span> <span class='ocrx_word' id='word_1_657' title='bbox 3390 3958 3479 4011; x_wconf 89' lang='lat' dir='ltr'><strong>de-</strong></span> 
     </span>
    </p>
   </div>
   <div class='ocr_carea' id='block_1_94' title="bbox 1897 4050 3475 4125">
    <p class='ocr_par' dir='ltr' id='par_1_94' title="bbox 1897 4050 3475 4125">
     <span class='ocr_line' id='line_1_94' title="bbox 1897 4050 3475 4125; baseline -0.009 -12"><span class='ocrx_word' id='word_1_658' title='bbox 1897 4058 2210 4113; x_wconf 89' lang='lat' dir='ltr'><strong>clinaverit.</strong></span> <span class='ocrx_word' id='word_1_659' title='bbox 2238 4053 2341 4120; x_wconf 81' lang='lat' dir='ltr'><strong>Qui</strong></span> <span class='ocrx_word' id='word_1_660' title='bbox 2382 4060 2649 4125; x_wconf 84' lang='lat' dir='ltr'><strong>praeterea</strong></span> <span class='ocrx_word' id='word_1_661' title='bbox 2707 4051 2940 4121; x_wconf 90' lang='lat' dir='ltr'><strong>imperio</strong></span> <span class='ocrx_word' id='word_1_662' title='bbox 2976 4050 3184 4120; x_wconf 90' lang='lat' dir='ltr'><strong>potitus</strong></span> <span class='ocrx_word' id='word_1_663' title='bbox 3215 4061 3475 4117; x_wconf 88' lang='lat' dir='ltr'><strong>magnum</strong></span> 
     </span>
    </p>
   </div>
   <div class='ocr_carea' id='block_1_95' title="bbox 1896 4139 3473 4219">
    <p class='ocr_par' dir='ltr' id='par_1_95' title="bbox 1896 4139 3473 4219">
     <span class='ocr_line' id='line_1_95' title="bbox 1896 4139 3473 4219; baseline -0.011 -14"><span class='ocrx_word' id='word_1_664' title='bbox 1896 4148 2103 4206; x_wconf 85' lang='lat' dir='ltr'><strong>Christi</strong></span> <span class='ocrx_word' id='word_1_665' title='bbox 2136 4155 2433 4219; x_wconf 85' lang='lat' dir='ltr'><strong>martyrem</strong></span> <span class='ocrx_word' id='word_1_666' title='bbox 2458 4152 2515 4201; x_wconf 89' lang='lat' dir='ltr'><strong>et</strong></span> <span class='ocrx_word' id='word_1_667' title='bbox 2548 4143 2741 4198; x_wconf 86' lang='lat' dir='ltr'><strong>multis</strong></span> <span class='ocrx_word' id='word_1_668' title='bbox 2771 4140 3171 4197; x_wconf 85' lang='lat' dir='ltr'><strong>certaminibus</strong></span> <span class='ocrx_word' id='word_1_669' title='bbox 3211 4139 3473 4192; x_wconf 82' lang='lat' dir='ltr'><strong>victorem</strong></span> 
     </span>
    </p>
   </div>
   <div class='ocr_carea' id='block_1_96' title="bbox 1896 4227 3476 4308">
    <p class='ocr_par' dir='ltr' id='par_1_96' title="bbox 1896 4227 3476 4308">
     <span class='ocr_line' id='line_1_96' title="bbox 1896 4227 3476 4308; baseline -0.011 -11"><span class='ocrx_word' id='word_1_670' title='bbox 1896 4240 2207 4297; x_wconf 83' lang='lat' dir='ltr'><strong>Artemium</strong></span> <span class='ocrx_word' id='word_1_671' title='bbox 2238 4238 2512 4308; x_wconf 87' lang='lat' dir='ltr'><strong>supplicio</strong></span> <span class='ocrx_word' id='word_1_672' title='bbox 2542 4236 2750 4298; x_wconf 75' lang='lat' dir='ltr'><strong>affecit,</strong></span> <span class='ocrx_word' id='word_1_673' title='bbox 2784 4240 3009 4303; x_wconf 91' lang='lat' dir='ltr'><strong>propter</strong></span> <span class='ocrx_word' id='word_1_674' title='bbox 3033 4230 3193 4285; x_wconf 88' lang='lat' dir='ltr'><strong>fidem</strong></span> <span class='ocrx_word' id='word_1_675' title='bbox 3228 4228 3284 4283; x_wconf 91' lang='lat' dir='ltr'><strong>in</strong></span> <span class='ocrx_word' id='word_1_676' title='bbox 3316 4227 3476 4281; x_wconf 81' lang='lat' dir='ltr'><strong>Chri-</strong></span> 
     </span>
    </p>
   </div>
   <div class='ocr_carea' id='block_1_97' title="bbox 1897 4319 3474 4399">
    <p class='ocr_par' dir='ltr' id='par_1_97' title="bbox 1897 4319 3474 4399">
     <span class='ocr_line' id='line_1_97' title="bbox 1897 4319 3474 4399; baseline -0.012 -9"><span class='ocrx_word' id='word_1_677' title='bbox 1897 4344 2042 4391; x_wconf 89' lang='lat' dir='ltr'><strong>stum</strong></span> <span class='ocrx_word' id='word_1_678' title='bbox 2076 4342 2130 4389; x_wconf 89' lang='lat' dir='ltr'><strong>et</strong></span> <span class='ocrx_word' id='word_1_679' title='bbox 2156 4331 2405 4387; x_wconf 90' lang='lat' dir='ltr'><strong>divinum</strong></span> <span class='ocrx_word' id='word_1_680' title='bbox 2457 4329 2581 4399; x_wconf 81' lang='lat' dir='ltr'><strong>ejus</strong></span> <span class='ocrx_word' id='word_1_681' title='bbox 2634 4326 2909 4381; x_wconf 88' lang='lat' dir='ltr'><strong>ardorem.</strong></span> <span class='ocrx_word' id='word_1_682' title='bbox 2963 4321 3070 4377; x_wconf 85' lang='lat' dir='ltr'><strong>Sed</strong></span> <span class='ocrx_word' id='word_1_683' title='bbox 3102 4322 3218 4376; x_wconf 69' lang='lat' dir='ltr'><strong>hazc</strong></span> <span class='ocrx_word' id='word_1_684' title='bbox 3252 4319 3474 4390; x_wconf 85' lang='lat' dir='ltr'><strong>quidem</strong></span> 
     </span>
    </p>
   </div>
   <div class='ocr_carea' id='block_1_98' title="bbox 1897 4413 3064 4492">
    <p class='ocr_par' dir='ltr' id='par_1_98' title="bbox 1897 4413 3064 4492">
     <span class='ocr_line' id='line_1_98' title="bbox 1897 4413 3064 4492; baseline -0.013 -10"><span class='ocrx_word' id='word_1_685' title='bbox 1897 4424 2045 4482; x_wconf 86' lang='lat' dir='ltr'><strong>infra</strong></span> <span class='ocrx_word' id='word_1_686' title='bbox 2075 4431 2130 4481; x_wconf 91' lang='lat' dir='ltr'><strong>et</strong></span> <span class='ocrx_word' id='word_1_687' title='bbox 2158 4420 2466 4481; x_wconf 87' lang='lat' dir='ltr'><strong>secundum</strong></span> <span class='ocrx_word' id='word_1_688' title='bbox 2497 4416 2762 4492; x_wconf 87' lang='lat' dir='ltr'><strong>temporis</strong></span> <span class='ocrx_word' id='word_1_689' title='bbox 2791 4413 3064 4471; x_wconf 90' lang='lat' dir='ltr'><strong>ordinem.</strong></span> 
     </span>
    </p>
   </div>
   <div class='ocr_carea' id='block_1_99' title="bbox 1965 4700 3482 4784">
    <p class='ocr_par' dir='ltr' id='par_1_99' title="bbox 1965 4700 3482 4784">
     <span class='ocr_line' id='line_1_99' title="bbox 1965 4700 3482 4784; baseline -0.013 -12"><span class='ocrx_word' id='word_1_690' title='bbox 1965 4717 2021 4772; x_wconf 90' lang='lat'><strong>8.</strong></span> <span class='ocrx_word' id='word_1_691' title='bbox 2055 4714 2422 4784; x_wconf 81' lang='lat' dir='ltr'><strong>Posteaquam</strong></span> <span class='ocrx_word' id='word_1_692' title='bbox 2481 4725 2617 4768; x_wconf 90' lang='lat' dir='ltr'><strong>vero</strong></span> <span class='ocrx_word' id='word_1_693' title='bbox 2654 4721 2971 4766; x_wconf 83' lang='lat' dir='ltr'><strong>narravero</strong></span> <span class='ocrx_word' id='word_1_694' title='bbox 3011 4719 3135 4779; x_wconf 66' lang='lat' dir='ltr'><strong>quae</strong></span> <span class='ocrx_word' id='word_1_695' title='bbox 3169 4700 3482 4774; x_wconf 87' lang='lat' dir='ltr'><strong>superiori-</strong></span> 
     </span>
    </p>
   </div>
   <div class='ocr_carea' id='block_1_100' title="bbox 1895 4800 3477 4877">
    <p class='ocr_par' dir='ltr' id='par_1_100' title="bbox 1895 4800 3477 4877">
     <span class='ocr_line' id='line_1_100' title="bbox 1895 4800 3477 4877; baseline -0.011 -13"><span class='ocrx_word' id='word_1_696' title='bbox 1895 4807 2005 4865; x_wconf 88' lang='lat' dir='ltr'><strong>bus</strong></span> <span class='ocrx_word' id='word_1_697' title='bbox 2060 4806 2406 4877; x_wconf 88' lang='lat' dir='ltr'><strong>temporibus</strong></span> <span class='ocrx_word' id='word_1_698' title='bbox 2466 4810 2588 4858; x_wconf 85' lang='lat' dir='ltr'><strong>acta</strong></span> <span class='ocrx_word' id='word_1_699' title='bbox 2646 4809 2799 4869; x_wconf 88' lang='lat' dir='ltr'><strong>sunt,</strong></span> <span class='ocrx_word' id='word_1_700' title='bbox 2839 4800 2905 4857; x_wconf 89' lang='lat' dir='ltr'><strong>ad</strong></span> <span class='ocrx_word' id='word_1_701' title='bbox 2955 4814 3021 4855; x_wconf 91' lang='lat' dir='ltr'><strong>ea</strong></span> <span class='ocrx_word' id='word_1_702' title='bbox 3065 4812 3188 4869; x_wconf 83' lang='lat' dir='ltr'><strong>quae</strong></span> <span class='ocrx_word' id='word_1_703' title='bbox 3247 4803 3477 4865; x_wconf 83' lang='lat' dir='ltr'><strong>Iliartyt&#39;t</strong></span> 
     </span>
    </p>
   </div>
   <div class='ocr_carea' id='block_1_101' title="bbox 1897 4886 3479 4968">
    <p class='ocr_par' dir='ltr' id='par_1_101' title="bbox 1897 4886 3479 4968">
     <span class='ocr_line' id='line_1_101' title="bbox 1897 4886 3479 4968; baseline -0.011 -13"><span class='ocrx_word' id='word_1_704' title='bbox 1897 4899 2183 4968; x_wconf 86' lang='lat' dir='ltr'><strong>contigere</strong></span> <span class='ocrx_word' id='word_1_705' title='bbox 2218 4911 2414 4951; x_wconf 90' lang='lat' dir='ltr'><strong>rursus</strong></span> <span class='ocrx_word' id='word_1_706' title='bbox 2450 4903 2663 4950; x_wconf 88' lang='lat' dir='ltr'><strong>vertam</strong></span> <span class='ocrx_word' id='word_1_707' title='bbox 2707 4907 3040 4947; x_wconf 88' lang='lat' dir='ltr'><strong>sermonem.</strong></span> <span class='ocrx_word' id='word_1_708' title='bbox 3086 4889 3274 4943; x_wconf 90' lang='lat' dir='ltr'><strong>Dicam</strong></span> <span class='ocrx_word' id='word_1_709' title='bbox 3311 4886 3479 4957; x_wconf 87' lang='lat' dir='ltr'><strong>igitur</strong></span> 
     </span>
    </p>
   </div>
   <div class='ocr_carea' id='block_1_102' title="bbox 1896 4977 3481 5061">
    <p class='ocr_par' dir='ltr' id='par_1_102' title="bbox 1896 4977 3481 5061">
     <span class='ocr_line' id='line_1_102' title="bbox 1896 4977 3481 5061; baseline -0.009 -16"><span class='ocrx_word' id='word_1_710' title='bbox 1896 4998 1953 5045; x_wconf 90' lang='lat' dir='ltr'><strong>et</strong></span> <span class='ocrx_word' id='word_1_711' title='bbox 1994 4990 2150 5061; x_wconf 90' lang='lat' dir='ltr'><strong>quali</strong></span> <span class='ocrx_word' id='word_1_712' title='bbox 2185 4990 2405 5043; x_wconf 87' lang='lat' dir='ltr'><strong>ratione</strong></span> <span class='ocrx_word' id='word_1_713' title='bbox 2437 4986 2643 5056; x_wconf 89' lang='lat' dir='ltr'><strong>impius</strong></span> <span class='ocrx_word' id='word_1_714' title='bbox 2684 4991 2848 5053; x_wconf 89' lang='lat' dir='ltr'><strong>atque</strong></span> <span class='ocrx_word' id='word_1_715' title='bbox 2912 4992 3164 5052; x_wconf 84' lang='lat' dir='ltr'><strong>apostata</strong></span> <span class='ocrx_word' id='word_1_716' title='bbox 3221 4977 3481 5033; x_wconf 83' lang='lat' dir='ltr'><strong>Julianus</strong></span> 
     </span>
    </p>
   </div>
   <div class='ocr_carea' id='block_1_103' title="bbox 1895 5075 3478 5153">
    <p class='ocr_par' dir='ltr' id='par_1_103' title="bbox 1895 5075 3478 5153">
     <span class='ocr_line' id='line_1_103' title="bbox 1895 5075 3478 5153; baseline -0.009 -16"><span class='ocrx_word' id='word_1_717' title='bbox 1895 5084 1966 5137; x_wconf 88' lang='lat' dir='ltr'><strong>ad</strong></span> <span class='ocrx_word' id='word_1_718' title='bbox 2027 5079 2451 5153; x_wconf 90' lang='lat' dir='ltr'><strong>imperatoriam</strong></span> <span class='ocrx_word' id='word_1_719' title='bbox 2500 5076 2822 5146; x_wconf 82' lang='lat' dir='ltr'><strong>pervenerit</strong></span> <span class='ocrx_word' id='word_1_720' title='bbox 2886 5075 3231 5143; x_wconf 87' lang='lat' dir='ltr'><strong>dignitatem,</strong></span> <span class='ocrx_word' id='word_1_721' title='bbox 3260 5079 3316 5125; x_wconf 89' lang='lat' dir='ltr'><strong>et</strong></span> <span class='ocrx_word' id='word_1_722' title='bbox 3342 5084 3478 5139; x_wconf 90' lang='lat' dir='ltr'><strong>quo-</strong></span> 
     </span>
    </p>
   </div>
   <div class='ocr_carea' id='block_1_104' title="bbox 1895 5162 3481 5240">
    <p class='ocr_par' dir='ltr' id='par_1_104' title="bbox 1895 5162 3481 5240">
     <span class='ocr_line' id='line_1_104' title="bbox 1895 5162 3481 5240; baseline -0.011 -9"><span class='ocrx_word' id='word_1_723' title='bbox 1895 5174 2061 5231; x_wconf 84' lang='lat' dir='ltr'><strong>modo</strong></span> <span class='ocrx_word' id='word_1_724' title='bbox 2113 5172 2320 5229; x_wconf 86' lang='lat' dir='ltr'><strong>Christi</strong></span> <span class='ocrx_word' id='word_1_725' title='bbox 2380 5177 2592 5240; x_wconf 89' lang='lat' dir='ltr'><strong>martyr</strong></span> <span class='ocrx_word' id='word_1_726' title='bbox 2643 5162 2931 5221; x_wconf 77' lang='lat' dir='ltr'><strong>Artemius</strong></span> <span class='ocrx_word' id='word_1_727' title='bbox 2981 5164 3039 5218; x_wconf 91' lang='lat' dir='ltr'><strong>in</strong></span> <span class='ocrx_word' id='word_1_728' title='bbox 3096 5162 3481 5218; x_wconf 87' lang='lat' dir='ltr'><strong>sacratissimo</strong></span> 
     </span>
    </p>
   </div>
   <div class='ocr_carea' id='block_1_105' title="bbox 1902 5253 3481 5323">
    <p class='ocr_par' dir='ltr' id='par_1_105' title="bbox 1902 5253 3481 5323">
     <span class='ocr_line' id='line_1_105' title="bbox 1902 5253 3481 5323; baseline -0.009 0"><span class='ocrx_word' id='word_1_729' title='bbox 1902 5266 2236 5323; x_wconf 84' lang='lat' dir='ltr'><strong>Christianae</strong></span> <span class='ocrx_word' id='word_1_730' title='bbox 2299 5258 2677 5320; x_wconf 86' lang='lat' dir='ltr'><strong>confessionis</strong></span> <span class='ocrx_word' id='word_1_731' title='bbox 2731 5257 2916 5313; x_wconf 83' lang='lat' dir='ltr'><strong>stadio</strong></span> <span class='ocrx_word' id='word_1_732' title='bbox 2984 5255 3315 5312; x_wconf 89' lang='lat' dir='ltr'><strong>cucurrerit.</strong></span> <span class='ocrx_word' id='word_1_733' title='bbox 3374 5253 3481 5309; x_wconf 88' lang='lat' dir='ltr'><strong>De-</strong></span> 
     </span>
    </p>
   </div>
   <div class='ocr_carea' id='block_1_106' title="bbox 1905 5346 3480 5429">
    <p class='ocr_par' dir='ltr' id='par_1_106' title="bbox 1905 5346 3480 5429">
     <span class='ocr_line' id='line_1_106' title="bbox 1905 5346 3480 5429; baseline -0.013 -13"><span class='ocrx_word' id='word_1_734' title='bbox 1905 5362 2101 5416; x_wconf 84' lang='lat' dir='ltr'><strong>functo</strong></span> <span class='ocrx_word' id='word_1_735' title='bbox 2134 5370 2332 5429; x_wconf 84' lang='lat' dir='ltr'><strong>magno</strong></span> <span class='ocrx_word' id='word_1_736' title='bbox 2368 5351 2762 5416; x_wconf 90' lang='lat' dir='ltr'><strong>Constantino,</strong></span> <span class='ocrx_word' id='word_1_737' title='bbox 2790 5348 3166 5405; x_wconf 79' lang='lat' dir='ltr'><strong>Romanorum</strong></span> <span class='ocrx_word' id='word_1_738' title='bbox 3192 5346 3480 5416; x_wconf 86' lang='lat' dir='ltr'><strong>imperium</strong></span> 
     </span>
    </p>
   </div>
   <div class='ocr_carea' id='block_1_107' title="bbox 1907 5437 3482 5521">
    <p class='ocr_par' dir='ltr' id='par_1_107' title="bbox 1907 5437 3482 5521">
     <span class='ocr_line' id='line_1_107' title="bbox 1907 5437 3482 5521; baseline -0.01 -15"><span class='ocrx_word' id='word_1_739' title='bbox 1907 5452 1963 5508; x_wconf 90' lang='lat' dir='ltr'><strong>in</strong></span> <span class='ocrx_word' id='word_1_740' title='bbox 1994 5459 2110 5507; x_wconf 89' lang='lat' dir='ltr'><strong>tres</strong></span> <span class='ocrx_word' id='word_1_741' title='bbox 2162 5457 2350 5521; x_wconf 86' lang='lat' dir='ltr'><strong>partes</strong></span> <span class='ocrx_word' id='word_1_742' title='bbox 2380 5445 2487 5502; x_wconf 84' lang='lat' dir='ltr'><strong>fuit</strong></span> <span class='ocrx_word' id='word_1_743' title='bbox 2510 5443 2774 5509; x_wconf 86' lang='lat' dir='ltr'><strong>divisum,</strong></span> <span class='ocrx_word' id='word_1_744' title='bbox 2820 5456 2949 5497; x_wconf 91' lang='lat' dir='ltr'><strong>cum</strong></span> <span class='ocrx_word' id='word_1_745' title='bbox 3015 5448 3134 5496; x_wconf 90' lang='lat' dir='ltr'><strong>tres</strong></span> <span class='ocrx_word' id='word_1_746' title='bbox 3188 5438 3284 5492; x_wconf 76' lang='lat' dir='ltr'><strong>lilii</strong></span> <span class='ocrx_word' id='word_1_747' title='bbox 3336 5437 3482 5507; x_wconf 84' lang='lat' dir='ltr'><strong>ejus,</strong></span> 
     </span>
    </p>
   </div>
   <div class='ocr_carea' id='block_1_108' title="bbox 1732 5624 1970 5683">
    <p class='ocr_par' dir='ltr' id='par_1_108' title="bbox 1732 5624 1970 5683">
     <span class='ocr_line' id='line_1_108' title="bbox 1732 5624 1970 5683; baseline -0.004 0"><span class='ocrx_word' id='word_1_748' title='bbox 1732 5624 1970 5683; x_wconf 64' lang='lat' dir='ltr'><strong>NOTAE.</strong></span> 
     </span>
    </p>
   </div>
   <div class='ocr_carea' id='block_1_109' title="bbox 292 5756 3472 5847">
    <p class='ocr_par' dir='ltr' id='par_1_109' title="bbox 292 5756 3472 5847">
     <span class='ocr_line' id='line_1_109' title="bbox 292 5756 3472 5847; baseline -0.008 -15"><span class='ocrx_word' id='word_1_749' title='bbox 292 5776 371 5847; x_wconf 83' lang='lat'><strong>(5)</strong></span> <span class='ocrx_word' id='word_1_750' title='bbox 410 5775 525 5833; x_wconf 91' lang='lat' dir='ltr'><strong>lloc</strong></span> <span class='ocrx_word' id='word_1_751' title='bbox 563 5775 806 5847; x_wconf 73' lang='lat' dir='ltr'><strong>nomine</strong></span> <span class='ocrx_word' id='word_1_752' title='bbox 843 5774 1141 5847; x_wconf 86' lang='lat' dir='ltr'><strong>honorario</strong></span> <span class='ocrx_word' id='word_1_753' title='bbox 1174 5775 1516 5847; x_wconf 60' lang='lat' dir='ltr'><strong>augebantur</strong></span> <span class='ocrx_word' id='word_1_754' title='bbox 1548 5772 1943 5844; x_wconf 80' lang='lat' dir='ltr'><strong>imperatorum</strong></span> <span class='ocrx_word' id='word_1_755' title='bbox 1981 5769 2115 5839; x_wconf 84' lang='lat' dir='ltr'><strong>filii;</strong></span> <span class='ocrx_word' id='word_1_756' title='bbox 2152 5764 2485 5841; x_wconf 84' lang='lat' dir='ltr'><strong>quandoque</strong></span> <span class='ocrx_word' id='word_1_757' title='bbox 2519 5764 2710 5829; x_wconf 90' lang='lat' dir='ltr'><strong>etiam,</strong></span> <span class='ocrx_word' id='word_1_758' title='bbox 2786 5768 2844 5817; x_wconf 91' lang='lat' dir='ltr'><strong>ut</strong></span> <span class='ocrx_word' id='word_1_759' title='bbox 2918 5758 3009 5815; x_wconf 89' lang='lat' dir='ltr'><strong>hic</strong></span> <span class='ocrx_word' id='word_1_760' title='bbox 3075 5756 3217 5829; x_wconf 90' lang='lat' dir='ltr'><strong>apud</strong></span> <span class='ocrx_word' id='word_1_761' title='bbox 3286 5760 3472 5809; x_wconf 85' lang='lat' dir='ltr'><strong>aucto-</strong></span> 
     </span>
    </p>
   </div>
   <div class='ocr_carea' id='block_1_110' title="bbox 223 5842 1593 5919">
    <p class='ocr_par' dir='ltr' id='par_1_110' title="bbox 223 5842 1593 5919">
     <span class='ocr_line' id='line_1_110' title="bbox 223 5842 1593 5919; baseline -0.006 -16"><span class='ocrx_word' id='word_1_762' title='bbox 223 5842 364 5915; x_wconf 73' lang='lat' dir='ltr'><strong>rem,</strong></span> <span class='ocrx_word' id='word_1_763' title='bbox 398 5848 770 5919; x_wconf 48' lang='lat' dir='ltr'><strong>imperatoriae</strong></span> <span class='ocrx_word' id='word_1_764' title='bbox 786 5845 1002 5900; x_wconf 76' lang='lat' dir='ltr'><strong>farniliae</strong></span> <span class='ocrx_word' id='word_1_765' title='bbox 1032 5842 1400 5904; x_wconf 64' lang='lat' dir='ltr'><strong>collalefales.</strong></span> <span class='ocrx_word' id='word_1_766' title='bbox 1437 5842 1593 5902; x_wconf 82' lang='lat' dir='ltr'><strong>Em&#39;r.</strong></span> 
     </span>
    </p>
   </div>
   <div class='ocr_carea' id='block_1_111' title="bbox 538 5937 1220 6001">
    <p class='ocr_par' dir='ltr' id='par_1_111' title="bbox 538 5937 1220 6001">
     <span class='ocr_line' id='line_1_111' title="bbox 538 5937 1220 6001; baseline 0 -3"><span class='ocrx_word' id='word_1_767' title='bbox 538 5939 809 5999; x_wconf 74' lang='lat' dir='ltr'><strong>PATROL.</strong></span> <span class='ocrx_word' id='word_1_768' title='bbox 855 5937 970 5998; x_wconf 79' lang='lat' dir='ltr'><strong>Gn.</strong></span> <span class='ocrx_word' id='word_1_769' title='bbox 1017 5937 1220 6001; x_wconf 82' lang='lat' dir='ltr'><strong>XCVI.</strong></span> 
     </span>
    </p>
   </div>
   <div class='ocr_carea' id='block_1_112' title="bbox 3002 5917 3081 5980">
    <p class='ocr_par' dir='ltr' id='par_1_112' title="bbox 3002 5917 3081 5980">
     <span class='ocr_line' id='line_1_112' title="bbox 3002 5917 3081 5980; baseline -0.038 0"><span class='ocrx_word' id='word_1_770' title='bbox 3002 5917 3081 5980; x_wconf 67' lang='grc' dir='ltr'><strong>ιο</strong></span> 
     </span>
    </p>
   </div>
  </div>
