4026 6408
570 445 703 511 1259

1993 443 2371 507 ᾹΠΒΕΝΠΛ,

3682 449 3811 514 1260

560 560 989 624 Constantinus,
1026 557 1395 616 Constantius
1436 567 1505 629 οι,
1526 558 1803 616 Constans
1831 558 1967 616 illud
1998 562 2142 615 inter

2253 554 2630 612 Κωνσταντίου
2672 574 2731 612 τε
2777 558 2872 611 καὶ
2923 556 3308 623 Κώνσταντος,
3356 558 3563 624 ταύτας
3599 578 3810 633 uspiam-

560 669 622 713 se
647 652 993 709 divisissent.
1016 650 1075 705 Et
1101 650 1473 723 primogenito
1494 652 1719 723 quidem
1768 652 2139 709 Constantino

561 747 879 818 superiores
952 743 1144 800 Galliae
1175 751 1232 799 et
1260 760 1385 815 quae
1446 753 1579 801 sunt
1610 746 1759 801 ultra
1808 747 2004 817 Alpes,
2051 746 2140 800 in-

564 839 697 892 sulae
754 836 1099 893 Britannicae
1146 846 1205 892 et
1251 838 1514 909 regiones
1580 853 1776 895 omnes
1828 853 2009 909 usque
2072 836 2141 891 ad

561 927 846 984 Oceanum
916 930 1319 985 occidentalem
1408 930 1730 986 haereditate
1800 930 2140 999 obtigerunt.

561 1019 853 1074 Constanti
894 1033 1048 1089 vero,
1106 1027 1300 1089 utpote
1366 1028 1501 1072 natu
1554 1018 1808 1081 minimo,
1852 1016 2143 1073 inferiores

563 1112 777 1175 Galliae,
828 1111 985 1166 Italia
1038 1126 1239 1180 nempe
1273 1120 1328 1166 et
1365 1112 1485 1179 ipsa
1515 1109 1687 1164 Roma
1728 1108 1824 1178 (6).
1858 1108 2137 1163 Constan-

567 1206 675 1260 tius
716 1205 940 1259 demum
993 1202 1278 1259 secundus
1312 1218 1381 1258 ex
1408 1202 1535 1257 filiis
1561 1200 1935 1265 Constantini,
1976 1202 2144 1257 rebus

564 1301 943 1357 Orientalibus
984 1315 1051 1357 eo
1099 1308 1347 1370 tempore
1419 1300 1753 1369 praepositus
1820 1298 2145 1367 bellumque

566 1408 768 1466 gerens
802 1392 1068 1448 adversus
1130 1390 1356 1457 Persas,
1391 1388 1635 1445 Orientis
1661 1400 1872 1459 partem
1908 1390 2142 1458 accepit.

566 1484 671 1553 Qui
710 1484 1032 1556 Byzantium
1058 1526 1073 1549 ,
1137 1483 1361 1537 nomine
1408 1489 1625 1537 mutato
1656 1483 1713 1536 in
1740 1482 2146 1537 Constantino-

568 1580 737 1648 polim
766 1588 821 1633 et
861 1592 1057 1631 novam
1111 1575 1366 1639 Romam,
1401 1574 1532 1630 fecit
1582 1576 1687 1631 sibi
1717 1576 1967 1647 regiam;
1998 1582 2051 1630 et
2079 1574 2146 1629 ab

568 1670 791 1743 Illyrico
853 1683 1029 1739 usque
1061 1668 1129 1723 ad
1165 1666 1582 1738 Propontidem,
1635 1681 1980 1738 quaecunque
2030 1665 2145 1723 Ro-

569 1756 749 1818 manis
807 1762 1116 1833 parebant,
1152 1758 1367 1830 Syriam
1428 1774 1651 1830 quoque
1686 1767 1742 1815 et
1771 1758 2144 1827 Palaestinam,

570 1854 1020 1925 Mesopotamiam
1050 1861 1103 1908 et
1138 1851 1435 1923 Aigypmm
1490 1863 1653 1922 atque
1682 1852 1895 1909 insulas
1920 1853 2146 1907 univer-

570 1957 665 2001 sas
697 1944 930 2014 imperio
955 1957 1060 1998 suo
1098 1950 1154 1998 et
1182 1942 1668 2014 ditionisubjecit.

640 2082 694 2137 9.
742 2080 971 2151 Magnus
1032 2090 1214 2137 autem
1283 2081 1565 2137 Artemius
1627 2081 1964 2136 versabatur
2021 2095 2146 2135 cum

570 2171 901 2229 Constantio
963 2174 1112 2228 omni
1172 2182 1421 2244 tempore
1451 2183 1503 2228 et
1536 2174 1589 2227 in
1632 2173 1784 2229 omni
1810 2173 2060 2243 negotio,
2091 2181 2151 2227 ut

571 2266 667 2334 qui
694 2271 842 2321 esset
887 2265 1103 2319 amicus
1149 2264 1395 2336 optimus
1421 2273 1474 2319 et
1510 2280 1574 2320 ex
1601 2265 1696 2330 iis,
1721 2264 1816 2335 qui
1858 2265 2067 2320 virtute
2096 2272 2151 2319 et

571 2356 829 2411 doctrina
858 2355 1165 2426 fulgebant,
1204 2364 1260 2410 et
1290 2355 1736 2411 Christianorum
1793 2356 1919 2413 ﬁdei
1953 2358 2151 2414 arden-

575 2445 823 2500 tissimus
867 2453 1109 2505 amator.
1138 2444 1211 2502 De
1267 2447 1443 2517 patria
1486 2456 1542 2502 et
1584 2463 1788 2520 genere
1844 2450 1965 2520 ejus
2013 2451 2152 2506 nihil

575 2537 848 2607 scriptum
910 2537 1188 2609 quispiam
1248 2539 1410 2596 nobis
1465 2540 1719 2605 tradidit,
1766 2542 1874 2599 nisi
1907 2543 2052 2614 quod
2082 2558 2151 2598 ex

574 2630 747 2685 nobili
784 2638 837 2686 et
877 2631 1085 2687 illustri
1140 2632 1355 2687 familia
1390 2635 1478 2688 vir
1526 2633 1902 2692 beatissimus
1935 2637 2154 2693 duxerit

574 2731 775 2779 ortum.
820 2721 981 2779 Unde
1038 2725 1205 2780 etiam
1270 2725 1385 2782 haec
1415 2727 1483 2782 de
1509 2742 1574 2782 eo
1607 2728 1831 2799 scriptis
1897 2731 2153 2785 mandata

574 2822 737 2877 sunt,
802 2816 983 2886 ipsum
1032 2832 1160 2873 esse
1225 2818 1320 2887 qui
1374 2818 1571 2889 .jussus
1636 2820 1706 2874 sit
1751 2835 1781 2873 a
1830 2819 2155 2877 Constantio

575 2921 886 2977 procurare
908 2908 1325 2963 translationem
1380 2910 1865 2965 sanctissimarum
1895 2912 2157 2981 reliquia-

575 3012 697 3050 rum
734 2997 989 3063 Andreae,
1020 2998 1227 3053 Christi
1282 3000 1543 3068 apostoli,
1574 2999 1742 3054 Lucae
1772 3008 1825 3055 et
1860 3001 2153 3066 Timothei,

579 3102 638 3145 ut
679 3106 927 3161 sequens
956 3090 1297 3162 significabit
1324 3091 1524 3145 oratio.
1581 3090 1848 3161 Equidem
1885 3093 1999 3147 hac
2034 3110 2155 3147 om-

577 3182 665 3236 nia
693 3182 957 3252 deinceps
999 3183 1260 3249 narrabo,
1299 3198 1399 3253 per
1427 3182 1627 3238 seriem
1660 3185 1940 3254 temporis
1968 3192 2152 3240 trans-

2251 651 2453 721 μένων.
2505 651 2616 704 Καὶ⁸
2659 650 2740 722 τῷ
2775 650 2877 722 μὲν
2929 650 3133 722 πρώτῳ
3177 651 3584 724 Κωνσταντίνῳ
3614 655 3668 707 αί
3716 656 3812 711 ἀνω

2248 742 2475 797 Γαλλίαι
2507 742 2603 796 καὶ
2636 742 2705 798 τὰ
2734 743 2999 797 ἐπέκεινα
3026 741 3305 805 Ἄλπεων,
3330 743 3393 795 αῖ
3420 743 3813 815 τεΒρετανικαὶ

2248 836 2428 906 νῆσοι,
2462 837 2557 890 καὶ
2589 836 2694 900 ἕως
2725 835 2821 889 τοῦ
2874 836 3135 908 ἑσπερίου
3184 837 3433 891 ὠκεανοῦ
3481 839 3683 909 κλῆρος
3711 842 3812 897 ἐδό-

2249 927 2426 999 θησαν
2446 944 2462 961 ⁸
2494 928 2573 999 τῷ
2600 928 2658 983 δέ
2688 946 2754 999 γε
2803 928 3151 991 Κώνσταντι.
3186 930 3265 995 ὡς
3296 930 3534 1003 ὑστάτῳ,
3582 934 3637 986 αί
3682 935 3813 990 κάτω

2249 1021 2494 1086 Γαλλίαι,
2536 1024 2707 1094 ηγουν
2756 1023 2789 1094 ἡ
2836 1021 3037 1078 Ἰταλία
3086 1024 3181 1078 καὶ
3222 1024 3363 1096 αὑτὴ
3418 1026 3629 1098 Ῥώμη.
3669 1029 3725 1083 '0
3764 1030 3811 1084 δὲ

2250 1114 2634 1178 Κωνστάντιος
2662 1118 2690 1169 6
2717 1114 2976 1186 δεύτερος
3005 1114 3116 1169 τῶν
3146 1116 3567 1171 Κωνσταντίνου
3596 1119 3741 1183 υἱῶν,
3763 1122 3812 1188 ὃς

2248 1200 2318 1276 ἦν
2372 1207 2466 1259 ἐπὶ
2514 1204 2623 1259 τῶν
2666 1206 2767 1276 τῆς
2813 1206 2955 1278 ἑῴας
2979 1206 3105 1261 τότε
3141 1209 3492 1281 πραγμάτων
3539 1210 3677 1283 πρὸς
3703 1214 3811 1280 τοὺς

2254 1297 2472 1368 Πέρσας
2503 1296 2934 1367 ἀγωνιζόμενος,
2964 1297 3027 1351 τδ
3053 1298 3153 1369 τῆς
3196 1298 3345 1369 ἑῴας
3389 1300 3697 1365 ἀσπάζεται
3734 1306 3813 1373 μι-

2253 1406 2347 1461 ρος
2366 1406 2379 1420 ·
2413 1390 2509 1443 καὶ
2536 1389 2658 1442 τότε
2679 1388 2981 1454 Βυζάντιον
3005 1390 3413 1460 μετονομασθὲν
3442 1392 3523 1456 εἰς
3548 1394 3812 1449 Κωνσταν-

2251 1481 2584 1544 τινούπολιν,
2610 1480 2708 1535 καὶ
2731 1481 2857 1534 νέαν
2889 1478 3133 1551 Ῥώμην,
3155 1483 3396 1535 ποιεῖται
3422 1481 3712 1552 βασίλειον,
3734 1487 3812 1539 καὶ

2250 1573 2361 1626 ἀπὸ
2392 1572 2487 1626 τοῦ
2538 1572 2837 1641 Ἰλλυρικοῦ
2887 1571 3052 1643 μέχρι
3090 1573 3191 1643 τῆς
3244 1573 3617 1645 Προποντίδος
3664 1576 3811 1630 61:63:

2251 1664 2474 1732 ὑπήκοα
2515 1664 2833 1734 Ῥωμαίοις,
2868 1665 2973 1734 τήν
3003 1682 3064 1717 τε
3098 1664 3299 1735 Συρίαν
3333 1665 3431 1719 καὶ
3467 1667 3810 1741 Παλαιστίνην

2246 1751 2347 1803 καὶ
2392 1751 2824 1822 Μεσοποταμίαν
2883 1752 2979 1806 καὶ
3020 1753 3321 1822 Αἴγυπτον,
3358 1757 3458 1809 καὶ
3510 1758 3608 1819 τὰς
3640 1759 3811 1829 νήσους

2250 1841 2495 1909 ἁπάσας,
2539 1844 2607 1913 τῇ
2652 1843 2820 1896 αὑτοῦ
2872 1842 3125 1916 βασιλείᾳ
3157 1848 3254 1898 καὶ
3301 1847 3554 1919 πολιτείᾳ
3604 1850 3810 1922 ὑποτελῆ

2253 1934 2604 2005 καθίστησιν.

2316 2070 2392 2125 θ’.
2442 2071 2499 2125 'O
2535 2072 2591 2125 δὲ
2628 2072 2805 2142 μέγας
2837 2073 3126 2146 ’Λρτέμιος
3161 2076 3329 2145 συνῆν
3358 2075 3439 2146 τῷ
3472 2078 3810 2150 Κωνσταντίφ

2251 2164 2311 2219 ὲν
2341 2167 2504 2220 ποιντ)⁸
2540 2166 2718 2239 καιρῷ
2761 2184 2822 2221 τε
2875 2169 2972 2221 καὶ
3028 2168 3363 2240 πράγματι,
3411 2171 3490 2234 ὡς
3544 2172 3638 2226 ᾰτε
3682 2173 3811 2240 φίλος

2252 2255 2499 2327 ἀριστος,
2535 2257 2768 2311 καὶτῶν
2800 2258 2888 2311 ἐπ’
2917 2258 3091 2331 ἀρετῇ
3120 2259 3215 2313 καὶ
3252 2260 3481 2331 παιδεία
3520 2261 3809 2333 λαμπρυνο-

2254 2348 2455 2419 μένων,
2484 2350 2581 2402 καὶ
2609 2348 2711 2419 τῆς
2740 2351 3093 2421 Χριστιανῶν
3136 2352 3374 2417 πίστεως
3415 2353 3680 2423 διάπυρος
3707 2356 3809 2424 Epa-

2254 2439 2408 2509 στής.
2440 2438 2712 2511 Πατρίδος
2749 2440 2845 2494 καὶ
2880 2440 3075 2509 γένους
3109 2442 3277 2497 αὑτοῦ
3311 2444 3667 2515 ἀνάγραπτον
3701 2450 3809 2518 μνής

2257 2552 2364 2606 μην
2394 2534 2571 2599 οὐδεὶς
2614 2537 2748 2606 ἡμῖν
2789 2536 3205 2607 παραδέδωκεν,
3239 2537 3379 2608 πλὴν
3414 2538 3502 2590 ὅτι
3531 2538 3639 2591 τῶν
3668 2538 3809 2593 sima-

2252 2625 2453 2697 τριδῶν
2484 2628 2579 2681 καὶ
2605 2627 2862 2698 μεγάλων
2890 2628 3141 2699 ὑπῆρχεν
3163 2630 3190 2681 6
3216 2630 3711 2702 τρισμακάριστος.
3738 2630 3809 2695 Ἐξ

2257 2710 2332 2772 ὧν
2362 2717 2457 2773 καὶ
2504 2718 2632 2772 τάδε
2665 2718 2734 2772 τά
2770 2719 2899 2789 περὶ
2947 2719 3118 2774 αὐτοῦ
3165 2720 3711 2791 άναγέγραπται,δτι
3754 2721 3810 2774 τά

2256 2811 2499 2880 πανάγια
2542 2812 2772 2882 λείψανα
2812 2813 2921 2865 τῶν
2951 2812 3046 2867 τοῦ
3089 2812 3330 2883 Χριστοῦ
3356 2813 3676 2867 ἀποστόλων
3708 2812 3810 2866 Ἀνο

2254 2902 2414 2975 δρέου
2451 2905 2544 2957 καὶ
2578 2906 2768 2959 Λουκᾶ
2808 2904 2902 2959 xui.
2945 2905 3238 2976 Τιμοθέου,
3268 2906 3436 2968 αὑτός
3475 2906 3628 2960 ἐστιν
3667 2906 3693 2959 6
3731 2906 3813 2974 τὴν

2256 2995 2595 3068 ἀνακομιδὴν
2644 2996 2828 3049 αὑτῶν
2884 2998 2990 3050 ὑπὸ
3065 2998 3455 3051 Κωνσταντίου
3510 2998 3813 3069 ποιήσασθαι

2256 3087 2594 3155 κελευσθεὶς,
2646 3088 2723 3154 ὡς
2778 3090 2986 3160 προῖὼν
3033 3092 3061 3143 6
3115 3090 3273 3159 λόγος
3321 3090 3566 3155 διδάξει·
3623 3090 3725 3159 ἐγὼ
3768 3090 3813 3143 δὲ

2258 3180 2476 3234 ἅπαντα
2500 3180 2681 3251 ⁴ταῦτα
2710 3182 2949 3253 καθεξῆς
2970 3182 3309 3253 διηγήσομαι
3342 3183 3435 3236 ἐπὶ
3462 3183 3592 3245 τοὺς
3620 3183 3814 3252 χρόνους

574 3288 833 3338 currens,
863 3282 917 3329 et
946 3282 1206 3329 accurate
1238 3274 1543 3329 secundum
1605 3290 1788 3329 rerum
1818 3276 2149 3347 exigentiam

2256 3247 2551 3324 διαϐαίνων
2604 3271 2700 3324 καὶ
2756 3247 3286 3343 ἐκτιθέμενος-κατά
3319 3272 3421 3342 τὴν
3467 3247 3691 3326 δεοὺσάν
3723 3247 3813 3325 silv

573 3381 877 3436 exponens.
914 3364 1051 3419 Cum
1095 3367 1285 3437 igitur,
1328 3374 1388 3421 ut
1424 3366 1631 3421 dictum
1663 3376 1771 3434 est,
1810 3374 1926 3424 tres
1967 3377 2155 3424 essent

573 3455 958 3526 imperatores,
1016 3468 1340 3529 partemque
1399 3474 1558 3513 suam
1613 3459 1817 3529 singuli
1907 3461 2151 3516 admini-

573 3556 835 3615 strarent,
854 3550 1254 3621 primogenitus
1279 3566 1471 3605 eorum
1496 3552 1916 3615 Constantinus,
1934 3555 2153 3624 propria

573 3636 899 3707 relinquens
933 3644 988 3692 et
1015 3637 1204 3694 fratris
1246 3646 1377 3694 natu
1434 3640 1672 3707 minimi,
1732 3650 1863 3697 tunc
1923 3642 2151 3697 Romam

572 3728 831 3799 profecti,
893 3730 1267 3786 hmreditatem
1297 3731 1586 3797 invadens,
1617 3748 1912 3805 aggressus
1945 3745 2030 3791 est
2059 3738 2155 3790 atl-

576 3839 769 3879 versus
818 3838 943 3878 eum
996 3824 1186 3892 injusti
1219 3823 1502 3893 quidpiam
1553 3825 1801 3894 operari.
1852 3826 2151 3883 Absentem

572 3914 717 3969 enim
758 3914 1088 3970 criminatus
1112 3924 1196 3970 est
1222 3914 1417 3969 dicens
1450 3914 1698 3985 iniquam
1733 3932 1921 3972 rerum
1951 3917 2151 3974 factam

573 4019 700 4060 esse
753 4005 1149 4074 partitionem,
1194 4012 1250 4058 et
1292 4004 1564 4073 majorem
1618 4014 1838 4073 partem
1911 4007 2150 4078 imperii,

574 4100 719 4165 quod
743 4095 809 4150 ad
830 4096 1010 4167 ipsum
1032 4097 1350 4164 pertineret,
1366 4110 1396 4149 a
1425 4094 1591 4151 fratre
1614 4095 1787 4153 fuisse
1809 4108 2151 4169 usurpatam.

577 4186 685 4242 Sed
713 4188 955 4257 regionis
1020 4188 1190 4244 duces
1218 4195 1273 4241 et
1313 4188 1601 4250 custodes,
1634 4202 1665 4242 a
1706 4188 2036 4245 Constantio
2059 4190 2154 4245 .in-

577 4279 779 4344 stituti,
826 4280 1232 4349 responderunt
1260 4295 1319 4335 se
1358 4290 1558 4352 praeter
1628 4281 1797 4351 hujus
1818 4284 2151 4338 sententiam

573 4381 630 4426 et
668 4387 1004 4428 consensum
1058 4372 1197 4428 nihil
1257 4374 1375 4428 sive
1430 4389 1688 4444 magnum
1753 4374 1869 4431 sive
1924 4379 2152 4447 parvum

576 4476 739 4530 posse
773 4470 988 4518 mutare
1028 4480 1041 4516 :
1075 4461 1273 4518 fuisset
1321 4464 1468 4517 enim
1527 4464 1826 4521 nefarium.
1878 4467 2155 4523 Constan-

578 4553 727 4608 tinus
758 4561 941 4608 aulem
979 4552 1199 4620 bellum
1225 4563 1401 4624 parat,
1438 4571 1702 4626 armaque
1733 4565 1915 4613 movet
1948 4560 2003 4613 in
2028 4575 2151 4615 eum

575 4645 671 4714 qui
706 4646 917 4699 nullam
984 4643 1195 4701 fecerat
1244 4648 1527 4717 injuriam.
1562 4649 1723 4703 Cadit
1746 4650 1911 4720 igitur
1931 4651 2062 4708 dum
2094 4654 2149 4708 in

573 4736 721 4792 bello
778 4745 1024 4809 pugnat;
1065 4747 1121 4795 et
1153 4740 1391 4794 aliorum
1451 4741 1833 4799 haereditatem
1885 4748 2151 4816 concupi-

575 4844 743 4886 scens
784 4846 902 4886 eam
937 4832 1112 4901 ipsam
1150 4834 1333 4890 amisit
1361 4850 1523 4906 quam
1552 4834 1708 4906 justo
1739 4835 1985 4894 dominio
2007 4840 2148 4897 deti-

576 4937 707 4978 nere
738 4923 1054 4979 videbatur.

2256 3363 2603 3433 πραγμάτων
2640 3364 2951 3436 ἀκρίϐειαν.
2986 3366 3076 3429 Ὠς
3122 3365 3216 3419 οὖν
3256 3364 3410 3437 [ειη
3468 3365 3813 3436 εῑρηται.τῶν

2258 3452 2527 3523 βασιλέων
2557 3456 2728 3527 τριῶν
2757 3457 3164 3526 τυγχανόντων,
3188 3458 3281 3511 καί
3306 3458 3406 3527 τῆς
3442 3457 3615 3511 αὑτοῦ
3646 3457 3814 3527 μοίρας

2257 3547 2491 3600 ἑκάστου
2516 3548 2698 3602 αὐτῶν
2730 3548 3132 3619 βασιλεύοντος,
3163 3552 3191 3603 6
3224 3549 3445 3621 πρῶτος
3476 3549 3659 3604 αὐτῶν
3682 3551 3815 3604 Κων-

2258 3642 2543 3704 σταντῖνος
2572 3640 2671 3709 τῆς
2725 3641 2931 3706 οἰκείας
2964 3643 3186 3714 μερίδος
3221 3642 3548 3705 ἀπαναστὰς
3570 3644 3670 3697 καὶ
3698 3642 3812 3714 πρὸς

2254 3732 2355 3803 τὴν
2398 3731 2492 3785 τοῦ
2539 3734 2772 3803 ἐσχάτου
2806 3733 3039 3803 ἀδελφοῦ
3088 3734 3455 3806 κληροδοσίαν
3503 3734 3809 3799 ἐπανελθὼν,

2258 3822 2469 3875 ἐκείνου
2498 3824 2636 3894 πρὸς
2664 3823 2764 3894 τὴν
2797 3824 3020 3895 Ῥώμην
3048 3826 3537 3896 ἀποδημήσαντος,
3563 3826 3810 3896 ἐπεχείρει

2255 3930 2308 3965 τι
2341 3912 2451 3965 τῶν
2480 3913 2685 3967 ἀδίκων
2714 3913 2854 3967 κατά
2876 3913 2971 3967 τοῦ
3003 3914 3238 3983 ἀδελφοῦ
3270 3914 3710 3985 διαπράξασθαιο
3734 3915 3811 3966 καὶ

2256 4004 2421 4058 αὑτὸν
2453 4003 2529 4074 μὴ
2547 4003 2797 4074 παρόντα
2823 4002 3125 4067 διέϐαλλεν,
3148 4003 3223 4067 ὡς
3240 4003 3300 4056 οὑ
3317 4002 3501 4067 καλῶς
3526 4004 3637 4056 τῶν
3662 4020 3812 4070 πραγ-

2260 4098 2449 4169 μάτων
2486 4096 2946 4168 διανεμηθέντων,
2979 4098 3071 4152 καὶ
3103 4099 3187 4150 ὅτι
3219 4096 3479 4151 πλεῖστον
3523 4098 3686 4167 μέρος
3732 4096 3811 4164 τῆς

2257 4190 2406 4262 αὑτῷ
2441 4187 2833 4262 προσηκούσης
2860 4189 3037 4261 ἀρχῆς
3087 4190 3509 4263 ἐσφετερίσατο.
3563 4191 3624 4243 Ol
3648 4189 3702 4243 δὲ
3731 4188 3811 4257 τῆς

2258 4280 2439 4351 χώρας
2484 4281 2783 4353 στρατηγοί
2834 4299 2894 4336 τε
2932 4284 3026 4336 καὶ
3072 4282 3338 4352 φύλακες,
3377 4282 3472 4342 οὓς
3514 4284 3542 4336 6
3576 4281 3812 4345 Κώνστας

2257 4373 2688 4444 ἐχειροτόνησεν,
2721 4375 2823 4427 οὑκ
2863 4373 3075 4444 ἔφασαν
3109 4375 3284 4447 χωρὶς
3315 4376 3415 4445 τῆς
3448 4373 3657 4426 ἐκείνου
3696 4371 3814 4440 γνὼ-

2260 4481 2369 4536 μης
2420 4482 2478 4518 τε
2534 4464 2629 4518 καὶ
2675 4464 2873 4537 βουλῆς
2939 4465 3203 4521 δύνασθαί
3255 4483 3307 4519 τι
3357 4465 3557 4535 μικρὸν
3613 4464 3643 4534 ἦ
3690 4462 3813 4533 μέγα

2190 4591 2231 4644 D
2262 4556 2609 4622 μετακινεῖν*
2646 4554 2861 4608 ἀνόσιον
2906 4555 3045 4627 γάρ·
3088 4558 3115 4609 6
3148 4555 3204 4608 δὲ
3242 4553 3381 4627 πρὸς
3427 4554 3660 4623 πόλεμον
3690 4551 3812 4603 ἀπο⁹

2257 4644 2463 4709 δύεται,
2502 4647 2595 4699 καὶ
2624 4646 2765 4700 ὅπλα
2812 4652 2957 4700 κινεῖ
2987 4645 3129 4700 κατά
3182 4645 3276 4699 τοῦ
3333 4645 3501 4717 μηδὲν
3544 4643 3813 4713 ἀδικήσαν-

2259 4744 2367 4799 τος.
2418 4739 2613 4793 Πίπτει
2671 4739 2855 4794 τοίνυν
2888 4740 2917 4793 6
2949 4740 3367 4801 Κωνσταντῖνος
3402 4741 3461 4790 ὲν
3507 4737 3586 4806 τῷ
3614 4735 3813 4803 πολέμῳ

2264 4834 2593 4903 μαχόμενος,
2629 4835 2726 4887 καὶ
2764 4833 2866 4901 τῆς
2923 4832 3138 4905 μερίδος
3174 4833 3283 4886 τῶν
3316 4832 3617 4899 ἀλλοτρίων
3644 4828 3812 4883 ἐπιθυ-

2261 4925 2401 4995 μῶν,
2449 4926 2544 4979 καὶ
2589 4925 2731 4995 ἅπερ
2781 4925 2955 4978 ἐδόκει
3020 4924 3257 4995 βεϐαίως
3308 4926 3535 4995 κρατεῖν
3586 4935 3809 4993 προσαπο

2260 5034 2483 5071 ωλεσεν.

2087 5168 2317 5226 ΝΟΤῶ

647 5313 721 5380 (ϐ)
749 5311 946 5367 Mirum
997 5311 1169 5365 videri
1206 5323 1409 5381 posset,
1452 5320 1734 5368 auctorem
1798 5314 1901 5370 sub
1926 5319 2146 5372 nomine

578 5383 892 5453 inferiorum
962 5381 1266 5453 Galliarum
1318 5382 1525 5437 Italiam
1590 5386 2058 5453 comprehendere
2093 5395 2147 5441 et

584 5460 765 5526 ipsam
803 5451 1055 5526 Romam.
1101 5451 1208 5526 Sed
1227 5462 1445 5526 attente
1476 5451 1856 5526 consideranti
1899 5472 2024 5526 quae
2057 5457 2147 5512 hic

580 5522 931 5578 dedivisione
960 5524 1175 5592 imperii
1208 5524 1473 5592 dicuntur
1494 5522 1981 5592 patebitloanuém
2018 5529 2146 5581 huic

580 5591 791 5661 regioni
830 5607 991 5662 quam
1027 5591 1183 5646 vocat
1211 5591 1418 5647 Gallias
1441 5591 1737 5660 superiores
1770 5596 1848 5661 (ai
1876 5597 1988 5650 άνω
2009 5598 2148 5650 Γαλ-

582 5661 716 5736 λίαι)
737 5661 859 5736 eam
873 5678 1153 5736 opponere
1170 5680 1332 5733 quam
1366 5672 1527 5717 vocat
1547 5663 1754 5719 Gallias
1772 5666 2049 5734 inferiores
2071 5669 2149 5736 (al

586 5731 738 5787 κάτω
766 5733 1034 5806 Γαλλίαι),
1077 5731 1198 5806 quaé
1233 5750 1430 5806 nempe
1469 5744 1554 5806 est
1602 5736 1740 5788 citra
1798 5731 1982 5806 Alpes.
2030 5731 2151 5792 Jam

589 5817 719 5855 vero
741 5802 1100 5873 posteriorem
1123 5804 1262 5858 hanc
1277 5802 1780 5859 denominationem
1802 5802 1906 5862 non
1929 5808 2157 5861 restrin-

590 5873 669 5943 git
698 5877 764 5928 ad
795 5888 857 5929 ea
888 5888 1011 5945 qua:
1033 5876 1254 5945 proprie
1284 5889 1314 5928 a
1351 5874 1620 5930 Romanis
1672 5874 1851 5929 Gallia
1880 5877 2157 5948 Cisalpina

2250 5315 2617 5387 vocabantur,
2682 5315 2778 5371 sed
2824 5329 2943 5387 eam
3003 5315 3253 5370 extendit
3293 5315 3359 5371 ad
3396 5316 3664 5387 integram
3721 5317 3811 5372 Ita-

2252 5386 2419 5451 liam;
2481 5386 2553 5439 ita
2581 5396 2822 5440 utvoces
2875 5386 2931 5457 αί
2978 5386 3134 5457 κάτω
3199 5387 3427 5439 Γαλλίαι
3485 5386 3618 5441 fiant
3669 5389 3807 5457 quasi

2251 5471 2451 5510 nomen
2511 5458 2825 5525 generieurn
2852 5456 2919 5509 ad
2959 5456 3355 5527 designanalam
3390 5466 3565 5511 totam
3620 5456 3809 5527 imperii

2254 5535 2462 5598 partem
2522 5542 2665 5596 quae.
2734 5527 3080 5598 interpositis
3129 5526 3365 5598 Alpibus
3399 5569 3414 5591 ,
3466 5526 3746 5598 separatur
3785 5544 3811 5580 a

2252 5596 2433 5649 Gallia
2491 5595 2797 5663 superiore.
2832 5595 2990 5650 Tunc
3030 5595 3214 5652 autem
3242 5612 3436 5666 reapse
3468 5595 3575 5653 sub
3601 5600 3699 5653 hac
3726 5598 3809 5653 6e-

2257 5668 2636 5721 nominatione
2668 5667 3060 5736 comprehendi
3084 5676 3263 5736 potest
3284 5676 3400 5721 tota
3454 5670 3631 5723 Italia.
3660 5668 3810 5723 Porro

2260 5737 2578 5791 mirandum
2639 5752 2746 5793 non
2777 5746 2861 5791 est
2897 5739 3227 5805 scriptorem
3255 5736 3505 5792 Graecum
3576 5755 3681 5795 non
3707 5753 3813 5793 om-

2258 5806 2412 5883 nino
2456 5816 2718 5883 accurate
2763 5808 2910 5883 loqui
2972 5808 3042 5883 de
3101 5808 3267 5883 rebus
3313 5808 3378 5863 ad
3445 5810 3810 5883 geOgraphian

2255 5877 2655 5933 occidentalem
2687 5876 3117 5949 pertinentibus.
3149 5876 3310 5934 Εωτ.
