4026 6400
159 491 301 558 1261

1426 495 1484 553 S.
1531 491 1854 554 ARTEMII
1892 493 2172 557 PASSIO.

3312 503 3415 568 262

235 617 289 663 ι’.
338 609 398 663 '0
439 609 622 662 τοίνυν
653 608 845 663 τούτου
896 608 1024 672 λαὸς
1064 607 1346 662 ἀποκλίνει
1410 609 1549 676 πρὸς
1590 606 1742 662 Κών-

1927 613 2011 667 10.
2048 612 2182 682 Ejus
2228 629 2450 685 quoque
2493 618 2729 687 populus
2783 618 3024 675 declinat
3056 618 3123 674 ad
3153 619 3426 677 Constan-

155 715 397 764 στα-ντα,
429 698 523 752 καὶ
551 697 767 767 γίνεται
801 699 1008 770 πᾶσαὴ
1037 697 1140 768 τῆς
1181 697 1450 771 Ἐσπέρας
1481 695 1626 768 ἀρχὴ
1653 696 1747 750 ὑπ’

153 789 364 859 ἐκείνῳ
401 787 571 860 μηδὲν
603 789 736 860 περὶ
783 785 989 860 ταύτης
1038 788 1408 844 σπουδάσαντι
1431 804 1446 819 ο
1483 788 1580 841 τοῦ
1611 784 1748 841 Θεοῦ

153 879 341 936 ταῦτα
374 880 721 946 δικάσαντος,
761 879 858 948 Μὴ
908 881 1063 934 κίνει
1104 880 1237 950 ὅρια
1284 879 1558 951 πατέρων
1605 895 1747 948 σου,

147 973 323 1042 μὴδε
354 973 463 1030 τοῦ
485 973 756 1041 πλησίον
771 972 1081 1028 καθάπτου
1111 972 1224 1042 τῆς
1248 974 1548 1040 αὔλακος·
1578 974 1606 1026 ό
1638 971 1750 1044 γὰρ

155 1065 314 1121 κατά
333 1065 432 1120 τοῦ
461 1066 694 1138 πλησίον
728 1064 1192 1137 πονηρευόμενος,
1226 1066 1386 1131 αὐτὸς
1414 1066 1593 1136 ἐαυτῷ
1626 1081 1749 1119 συν-

155 1159 291 1226 άγει
332 1157 426 1214 τ’ὸν
470 1157 719 1230 ὄλεθρον,
751 1160 850 1232 τὴν
889 1158 986 1213 τοῦ
1023 1157 1160 1212 Θεοῦ
1218 1159 1376 1230 δίκην
1418 1160 1503 1228 ἐφ’
1555 1158 1748 1214 ἑαυτὸν

155 1249 576 1322 ἐπισπώμενος.
610 1250 902 1306 Βασιλεύει
930 1251 1113 1306 τοίνυν
1148 1254 1176 1306 6
1207 1251 1468 1317 Κώνστας
1501 1252 1586 1322 ἐφ’
1617 1252 1746 1322 ὅλης

154 1342 264 1414 τῆς
307 1343 594 1416 Ἐσπερίου
633 1345 830 1417 ἀρχῆς,
881 1343 979 1409 τὰς
1028 1345 1124 1401 δύο
1157 1345 1516 1417 κληροδοσίας
1563 1347 1642 1408 εἰς
1687 1345 1745 1399 ἓν

156 1437 434 1506 συνάψας,
467 1438 561 1491 καὶ
608 1437 741 1507 μίαν
781 1439 956 1509 ἀρχὴν
996 1439 1284 1509 ἀμφότερα
1331 1439 1400 1492 τά
1443 1439 1586 1510 μέρη
1620 1455 1746 1508 στη-

155 1529 424 1598 σάμενος.
454 1529 530 1583 Οὐ
576 1528 747 1593 πολὺς
774 1531 832 1583 ἐν
865 1529 1019 1601 μέσῳ
1056 1531 1272 1602 καιρὸς,
1304 1531 1398 1587 καὶ
1426 1533 1453 1584 6
1481 1529 1745 1596 Κώνστας

151 1623 243 1684 εἰς
265 1620 488 1692 κώμους
520 1622 618 1675 καὶ
664 1621 838 1692 μέθας
859 1622 1234 1690 ἐναποκλίνας,
1278 1625 1375 1678 καὶ
1421 1623 1747 1686 ἀλλοκότους

150 1713 386 1785 ἐρώτων
411 1715 711 1785 διαγωγὰς,
738 1715 1006 1787 ῥᾳθύμως
1047 1716 1146 1788 τὴν
1175 1717 1304 1788 ὅλην
1333 1716 1506 1788 ἀρχὴν
1538 1716 1746 1770 διεπέτ-

151 1823 307 1870 τευε,
336 1806 399 1860 τδ
439 1807 540 1876 τῆς
587 1807 872 1878 βασιλείας
901 1809 1133 1880 μέγεθος
1185 1808 1582 1880 ἐξερχόμενος⁹
1621 1809 1763 1871 ἐπι-¹

151 1896 480 1950 ϐουλεύεται
535 1899 830 1970 τοιγαροῦν
884 1901 980 1953 καὶ
1028 1900 1192 1964 αὐτὸς
1233 1901 1386 1971 παρά
1437 1919 1587 1965 τινος
1632 1901 1742 1955 τῶν

155 1988 490 2059 στρατηγῶν
525 1989 700 2062 [548],
734 1991 1098 2060 Μαγνεντίου,
1130 1991 1225 2046 καὶ
1267 1992 1408 2062 μετὰ
1437 1992 1538 2062 τῆς
1586 1992 1741 2063 βασι-

151 2078 310 2142 λείας
359 2081 770 2151 προσαπόλλυσι
802 2082 895 2136 καὶ
935 2083 996 2136 τὸ
1037 2080 1158 2154 ζῇν.
1193 2083 1400 2136 Τούτου
1459 2084 1740 2152 πεσόντος,

153 2173 359 2241 κρατεῖ
389 2172 490 2244 τῆς
529 2173 708 2244 ἀρχῆς
759 2175 788 2228 6
833 2176 1194 2244 Μαγνέντιος,
1244 2177 1364 2248 μεθ’
1408 2176 1470 2231 ού
1509 2177 1611 2247 τῆς
1651 2195 1744 2230 τυ-

156 2262 408 2331 ραννίδος
461 2265 905 2321 συναπελάὸοντο
955 2267 1296 2332 Νεποτιανὸς
1347 2268 1445 2322 καὶ
1504 2267 1744 2341 Βρεττα-

156 2371 313 2408 νιων.

231 2466 324 2520 ια’.
381 2467 572 2524 Ταῦτα
625 2470 813 2542 μαθὼν
858 2473 887 2526 6
945 2473 1327 2540 Κωνστάντιος
1368 2476 1434 2530 ἐκ
1483 2475 1592 2530 τῶν
1642 2479 1744 2549 τῆς

153 2560 399 2631 ἀδελφῆς
447 2564 834 2635 γραμμάτων,
878 2564 1100 2636 ἀπάρας
1145 2567 1212 2620 ἐκ
1258 2567 1362 2638 τῆς
1423 2567 1741 2638 ’Δνατολῆς,

155 2651 258 2704 καὶ
299 2650 439 2722 πρὸς
481 2652 579 2724 τὴν
626 2654 903 2725 Ἑσπέραν
945 2657 1261 2727 γενόμενος,
1305 2660 1571 2714 συνάπτει
1605 2663 1743 2734 πρὸς

155 2743 508 2816 ἀμφοτέρους
552 2745 814 2817 πόλεμον,
859 2747 955 2802 καὶ
1009 2749 1158 2802 κατὰ
1203 2753 1409 2823 κράτος
1451 2754 1599 2824 νικᾷ,
1646 2752 1740 2808 τοῦ

155 2834 562 2904 Βρεττανίωνος
597 2838 734 2910 πρὸς
764 2839 928 2893 αὐτὸν
961 2840 1390 2907 άποκλίναντος·
1423 2844 1515 2898 ὅτε
1557 2843 1653 2898 καὶ
1681 2845 1742 2900 τὸ

153 2925 252 2979 τοῦ
275 2929 512 2998 σταυροῦ
542 2932 770 2999 σημεῖον
799 2931 1060 3010 μέγιστον
1081 2950 1140 2986 τε
1172 2934 1268 2989 καὶ
1295 2933 1484 3000 δεινῶς
1508 2936 1742 3005 ἐκφανὲν

153 3015 332 3081 ἅπαν,
359 3019 436 3082 ὡς
456 3019 946 3093 ὖπεραστράπτειν
968 3022 1048 3094 τῷ
1088 3023 1378 3096 πληκτικῷ
1417 3027 1518 3096 τῆς
1548 3027 1742 3100 αἴγλης

153 3107 258 3177 τῆς
294 3109 510 3179 ἡμέρας
556 3109 619 3164 τὸ
676 3110 826 3180 φῶς,
860 3113 954 3166 ἐπὶ
1004 3114 1116 3168 τῶν
1151 3115 1542 3189 Ἰεροσολύμων
1583 3119 1740 3191 ὤφθη

153 3199 290 3270 περὶ
320 3200 516 3272 τρίτην
559 3201 709 3273 ῶραν
755 3203 993 3274 μάλιστα
1030 3207 1130 3277 τῆς
1155 3208 1265 3279 ήμέ
1278 3225 1396 3279 ρας,
1422 3210 1522 3280 τῆς
1549 3211 1744 3282 ἑορτῆς

1853 718 1986 771 tem,
2013 707 2103 762 cui
2136 707 2274 762 nihil
2299 709 2408 765 tale
2457 711 2721 780 cogitanti
2772 721 2946 768 totum
2977 712 3292 771 Occidentis
3324 715 3429 769 im-

1853 799 2066 870 perium
2097 799 2432 871 subjicitur;
2482 801 2590 858 Deo
2639 805 2853 862 scilicet
2921 805 3284 862 denuntiante
3317 821 3424 861 non

1855 889 2160 948 movendos
2222 893 2489 948 terminos
2547 904 2765 961 patrum
2817 908 3086 959 suorum,
3140 908 3319 963 neque
3361 893 3428 947 de

1858 981 2014 1036 sulco
2039 982 2276 1052 proximi
2303 982 2607 1054 quidquam
2657 983 3082 1039 detrahendum.
3131 983 3234 1050 Qui
3279 984 3423 1039 enim

1849 1091 1977 1146 erga
2006 1081 2319 1145 proximum
2379 1077 2664 1146 improbus
2692 1084 2800 1144 est,
2829 1076 3068 1148 propriae
3128 1075 3423 1147 perditioni

1848 1182 2042 1223 ansam
2088 1170 2314 1239 praebet,
2387 1183 2512 1224 cum
2595 1168 2685 1224 Dei
2739 1168 2999 1224 vindicta:
3060 1168 3421 1238 semetipsum
3472 1196 3478 1205 -

1847 1260 2156 1315 submittat.
2211 1259 2536 1315 Dominatur
2599 1275 2730 1332 ergo
2755 1260 3032 1316 Constans
3068 1261 3124 1315 in
3149 1260 3424 1330 integrum

1851 1351 2172 1408 Occidentis
2233 1352 2544 1421 imperium,
2582 1351 2719 1406 duas
2774 1353 3129 1409 lmreditates
3164 1353 3220 1406 in
3257 1367 3420 1406 unam

1853 1447 2214 1518 coniungens.
2245 1455 2300 1500 et
2326 1462 2392 1502 ex
2421 1445 2693 1501 ambabus
2719 1447 2978 1516 partibus
3012 1460 3184 1500 unum
3209 1444 3425 1499 faciens

1848 1539 2164 1611 imperium.
2222 1538 2376 1595 Brevi
2424 1547 2547 1610 post
2595 1546 2845 1609 tempore
2892 1547 2948 1593 et
3010 1538 3291 1595 Constans
3355 1537 3425 1590 ad

1847 1633 2288 1688 comessationes
2352 1633 2640 1688 declinans
2694 1641 2749 1687 et
2798 1631 3104 1688 ebrietates
3131 1638 3184 1687 et
3205 1630 3424 1686 alienos

1846 1738 2086 1789 amores,
2142 1725 2387 1796 segniter
2417 1740 2482 1780 ac
2504 1725 2661 1797 quasi
2694 1725 2926 1782 tesseris
2969 1725 3164 1780 ludens
3197 1725 3423 1779 univer-

1848 1831 1964 1872 sam
2017 1816 2441 1872 administrabat
2489 1817 2917 1887 rempublicam,
2968 1817 3188 1887 imperii
3239 1815 3420 1886 maje-

1847 1914 2044 1964 statem
2087 1908 2436 1978 dedignatus.
2491 1907 2711 1964 insidia:
2775 1908 2962 1980 itaque
2999 1908 3049 1963 ei
3090 1918 3353 1981 parantur
3393 1923 3422 1961 a

1845 2001 1986 2057 duce
2015 2001 2278 2072 quodam,
2306 1999 2622 2072 Magnentio
2657 2003 2901 2066 nomine,
2927 2011 2982 2057 et
3016 2017 3143 2056 cum
3189 2001 3423 2070 imperio

1846 2090 2012 2146 simul
2068 2105 2287 2162 quoque
2348 2093 2515 2145 vitam
2577 2091 2805 2146 amittit.
2853 2091 2988 2147 Cum
3023 2093 3069 2148 is
3101 2092 3420 2156 cecidisset,

1846 2180 2078 2250 imperio
2131 2184 2338 2251 potitur
2390 2180 2759 2252 Magnentius,
2828 2196 2957 2237 cum
2997 2197 3108 2252 quo
3135 2181 3300 2237 simul
3335 2190 3390 2250 ty

1845 2273 2131 2331 rannidem
2199 2273 2522 2330 invaserunt
2580 2273 2923 2346 Nepotianus
2979 2284 3034 2329 et
3079 2273 3398 2329 Brettanion

1920 2478 2004 2532 ll.
2039 2478 2169 2532 Hth
2230 2490 2354 2532 cum
2390 2479 2690 2549 accepisset
2713 2475 3068 2532 Constantius
3108 2491 3176 2530 ex
3204 2477 3412 2531 sororis

1845 2569 2071 2636 litteris,
2123 2577 2180 2626 et
2234 2585 2302 2626 ex
2373 2569 2600 2626 Oriente
2650 2570 2708 2626 in
2749 2568 3103 2625 Occidentem
3153 2567 3421 2634 venisset,

1844 2663 2039 2719 ambos
2084 2662 2257 2718 armis
2314 2662 2564 2718 adoritur
2614 2669 2670 2718 et
2720 2662 2774 2717 vi
2823 2661 3114 2728 devincit;
3147 2660 3422 2717 defecerat

1843 2757 1991 2811 enim
2020 2754 2089 2811 ad
2119 2756 2239 2827 ejus
2278 2763 2467 2826 partes
2490 2755 2839 2813 Brettanion.
2870 2753 2986 2822 Quo
3023 2753 3249 2826 quidem
3287 2761 3424 2810 tem-

1846 2865 1983 2920 pore
2022 2851 2241 2922 signum
2269 2850 2454 2906 crucis
2481 2849 2678 2920 ingens
2705 2859 2995 2919 totumque
3019 2847 3254 2903 mirifice
3287 2846 3426 2902 emi-

1846 2957 2003 3009 cans,
2063 2945 2200 2998 adeo
2224 2948 2287 2997 ut
2345 2939 2658 2996 admirabili
2721 2939 3016 3009 splendore
3075 2938 3186 2994 diei
3244 2937 3422 3003 lucem

1846 3043 2163 3106 superaret,
2193 3033 2592 3106 Hierosolymis
2626 3031 2804 3094 videri
2835 3031 3005 3102 cmpit
3029 3031 3180 3086 circa
3203 3029 3426 3085 tertiam

1850 3129 2039 3184 horam
2063 3127 2196 3191 diei.
2233 3142 2360 3182 cum
2395 3134 2549 3183 esset
2615 3124 2818 3181 festum
2851 3123 2942 3180 cui
2998 3137 3197 3180 nomen
3223 3121 3424 3178 Pente'

1847 3234 2020 3287 coste,
2075 3222 2397 3291 pertingens
2425 3236 2456 3273 a
2486 3219 2609 3274 loco
2640 3218 2734 3290 qui
2768 3216 2970 3272 dicitur
3023 3214 3294 3271 Calvariaa
3331 3229 3414 3270 us-

151 3290 257 3383 τῆς
321 3290 626 3364 λεγομένης
676 3297 1066 3369 Πεντηκοστῆς
1105 3297 1498 3370 ἐνεστηκυίας,
1553 3300 1741 3372 διῆκον

1847 3328 1954 3383 que
1980 3312 2048 3367 ad
2079 3290 2332 3366 "montem
2386 3308 2609 3374 Oliveti,
2662 3306 2810 3363 unde
2838 3307 2893 3362 in
2932 3307 3134 3364 cmlum
3176 3303 3424 3360 ascendit

153 3382 270 3436 ἀπὸ
318 3383 416 3437 τοῦ
464 3387 725 3454 Κρανίου
769 3387 1070 3461 λεγομένου
1107 3390 1296 3458 τόπου,
1339 3392 1466 3462 άχρι
1509 3393 1604 3448 καὶ
1642 3391 1739 3448 τοῦ

151 3475 450 3542 Ἐλαιῶνος
471 3479 650 3550 ὅρους,
669 3479 793 3534 ὅθεν
813 3481 1064 3553 ὑπῆρχεν
1081 3484 1108 3536 ό
1132 3483 1325 3555 Σωτὴρ
1349 3485 1448 3556 τὴν
1473 3485 1742 3556 ἀνάληψιν

151 3570 552 3641 ποιησάμενος.
585 3574 800 3644 Κρατεῖ
833 3573 1020 3628 τοίνυν
1064 3574 1168 3645 τῆς
1200 3574 1481 3645 βασιλείας
1517 3577 1742 3648 ἀπάσης

151 3661 565 3745 Κωνστάντιος,
595 3664 704 3720 τῶν
740 3665 837 3721 τοῦ
872 3667 1114 3739 μεγάλου
1155 3670 1574 3725 Κωνσταντίνου
1609 3671 1742 3727 υἱῶν

153 3753 322 3824 μόνος
345 3755 714 3827 ὑπολειφθείς.

227 3867 318 3938 ιβ’.
337 3868 618 3936 ’Δτενίσας
631 3871 726 3926 οὖν
752 3872 890 3946 πρὸς
925 3874 988 3930 τὸ
1023 3875 1126 3947 τῆς
1151 3876 1329 3950 ἀρχῆς
1364 3880 1616 3953 μέγεθος,
1648 3902 1741 3940 και

151 3958 522 4030 είλιγγιάσας,
551 3963 628 4028 ὡς
660 3963 757 4018 ἆτε
784 3965 849 4038 δὴ
879 3965 1174 4038 ἄνθρωπος
1201 3968 1300 4036 ὢν,
1348 3974 1447 4028 καὶ
1493 3973 1570 4048 μὴ
1598 3975 1736 4048 ἔχων

150 4051 249 4106 τὸν
281 4054 348 4108 ἐκ
385 4055 481 4109 τοῦ
531 4056 726 4125 γένους
774 4058 928 4132 αύτῷ
983 4062 1388 4129 συνασπίζοντα
1418 4079 1431 4094 ⁸
1457 4066 1582 4122 οὕτε
1628 4070 1739 4143 γάρ

152 4145 309 4218 αύτῷ
347 4149 480 4212 παῖς
511 4149 779 4218 ἐγεγόνει,
815 4151 941 4206 οὔτε
978 4171 1063 4218 τις
1090 4155 1199 4210 τῶν
1239 4157 1489 4228 ἀδελφῶν
1519 4162 1744 4216 κατελέ-

151 4235 380 4292 λειπτο⁶
412 4239 510 4293 καὶ
546 4239 730 4306 δείσας
773 4243 848 4313 μή
884 4261 968 4308 τις
1002 4244 1154 4316 αὐτῷ
1189 4249 1355 4302 πάλιν
1396 4252 1742 4326 ἐπανασταίη

149 4325 428 4398 τύραννος
462 4330 608 4386 κατά
637 4332 741 4402 τῆς
781 4333 946 4387 αὑτοῦ
977 4334 1258 4406 βασιλείας
1292 4325 1738 4415 ἐξανιστάμενος,

150 4419 454 4475 σκέπτεται
482 4421 594 4476 τῶν
614 4425 895 4494 συγγενῶν
920 4443 1044 4481 τινα
1061 4428 1248 4484 λαϐεῖν
1275 4433 1585 4508 σύγκληρον
1645 4441 1742 4494 καὶ

151 4517 259 4586 τῆς
300 4517 586 4588 βασιλείας
627 4521 1003 4594 ύπασπιστήν.
1052 4525 1119 4578 Ὃ
1171 4525 1235 4598 δὴ
1290 4528 1386 4582 καὶ
1430 4530 1699 4601 πεποίηκε
1725 4572 1742 4598 ,

153 4610 365 4666 Γάλλον
390 4613 485 4667 τὸν
520 4614 813 4670 Ἰουλιανοῦ
862 4616 1090 4685 ἀδελφὸν
1128 4619 1386 4694 Καίσαρα
1421 4627 1742 4696 προστησά-

1851 3403 2120 3459 Salvator.
2153 3403 2488 3460 Universum
2512 3415 2646 3474 ergo
2678 3399 2973 3472 imperium
3022 3398 3237 3454 obtinet
3281 3395 3421 3452 Com

1849 3497 2117 3563 stantius,
2149 3491 2738 3553 soluseConstantini
2801 3490 2988 3564 magni
3040 3489 3172 3548 ﬁliis
3231 3501 3425 3560 super-

1849 3597 1986 3646 stes.

1925 3885 2014 3940 l2.
2040 3883 2179 3941 Cum
2204 3899 2338 3954 ergo
2383 3879 2791 3938 considerasset
2831 3877 3048 3948 imperii
3082 3875 3427 3949 magnitudi-

1850 3992 1976 4032 nem
2011 3982 2066 4031 et
2106 3990 2206 4046 pro
2238 3973 2620 4029 imbecillitate
2673 3968 2899 4024 humani
2962 3966 3170 4037 ingenii
3242 3964 3428 4019 animo

1851 4068 2164 4132 ﬂuctuaret,
2219 4081 2322 4121 nec
2381 4065 2610 4120 haberet
2637 4079 2704 4118 ex
2742 4075 2845 4116 suo
2916 4073 3116 4141 genere
3182 4057 3273 4126 qui
3300 4050 3427 4109 eum

1850 4161 2172 4219 defenderet
2199 4161 2402 4229 (neque
2435 4155 2584 4212 enim
2617 4155 2666 4210 ei
2699 4162 2864 4208 natus
2888 4149 3070 4205 fuerat
3102 4149 3272 4212 illius,
3327 4160 3429 4200 nec

1851 4257 2148 4330 quisquam
2191 4270 2258 4310 ex
2294 4251 2560 4307 fratribus
2598 4245 2990 4312 remanserat),
3023 4249 3076 4296 et
3107 4241 3428 4339 timeretme

1850 4348 1906 4403 in
1945 4362 2072 4403 eum
2139 4360 2337 4400 rursus
2371 4341 2574 4410 aliquis
2627 4339 2941 4406 insurgeret
2994 4341 3268 4404 tyrannus
3306 4341 3431 4396 ejus

1853 4441 2236 4496 auctoritatem
2270 4437 2595 4499 invasurus,
2629 4429 2932 4485 meditatus
2966 4435 3146 4480 estex
3175 4417 3430 4492 cognatis

1851 4534 2090 4604 aliquem
2140 4530 2392 4598 accipere
2449 4519 2791 4579 cohaeredem
2831 4529 2886 4574 et
2917 4514 3138 4604 imperii
3166 4511 3432 4604 defenso-

1853 4602 1991 4678 rem;
2045 4618 2206 4687 Quod
2252 4618 2418 4674 etiam
2465 4613 2595 4670 fecit
2645 4609 2866 4666 Gallum
2896 4603 3104 4661 Juliani
3157 4602 3430 4663 fratrem,

158 4719 355 4772 μενος⁹
389 4704 608 4776 ἀνεψιὸς
639 4707 697 4759 δὲ
728 4708 867 4778 πρὸς
919 4676 1127 4781 πατρὸς
1155 4713 1185 4765 6
1213 4676 1416 4780 Γάλλος
1724 4736 1738 4753 ⁶

1847 4676 2119 4770 Caesare-in
2175 4703 2588 4764 constituendo.
2637 4699 2916 4756 Patruelis
2967 4705 3149 4752 autem
3207 4705 3329 4749 erat
3379 4689 3432 4746 ei

153 4795 573 4863 Κωνσταντϊνος
599 4799 729 4870 γὰρ,
763 4801 792 4853 6
835 4801 1038 4857 Γάλλου
1062 4805 1154 4858 καὶ
1199 4806 1490 4864 Ἰουλιανοῠ
1533 4814 1740 4884 πατὴρ,

153 4887 390 4959 ἀδελφὸς
414 4884 484 4961 ἦν
513 4893 930 4948 Κωνσταντίνου
973 4895 1069 4949 τοῦ
1111 4900 1374 4968 μεγάλου.
1410 4903 1616 4959 Τοῦτον
1647 4903 1742 4962 οὖν

155 4981 218 5033 ἐν
257 4981 336 5052 τῷ
373 4981 523 5056 [549]
561 4985 772 5057 Σιρμίῳ
811 4989 1339 5060 προχειρισάμενος,
1388 4999 1628 5063 γυναῖκά
1680 5016 1739 5053 τε

153 5072 311 5144 αὺτῷ
365 5073 626 5144 ζεύγνυσι
663 5077 763 5150 τὴν
803 5079 1001 5134 ἐαυτοῦ
1044 5081 1282 5154 ἀδελφὴν
1336 5085 1737 5157 Κωνστάντιος,

150 5159 398 5226 πίστεως
421 5165 517 5218 καὶ
549 5165 902 5240 βεόαιότητος
936 5169 1130 5242 χάριν⁶
1169 5174 1262 5226 καὶ
1292 5174 1563 5245 ἄρχοντας
1591 5179 1742 5252 αύτῷ

151 5252 376 5318 δίδωσιν
409 5255 574 5322 αὐτὸς
594 5261 953 5332 καταστήσας
974 5279 989 5294 ⁸
1017 5263 1078 5316 οὐ
1109 5264 1217 5334 γὰρ
1241 5267 1434 5338 ἐκείνῳ
1460 5285 1525 5337 γε
1556 5272 1743 5340 ἐφεῖτο

152 5344 400 5418 Καίσαρί
436 5365 500 5418 γε
530 5349 681 5404 δντι·
713 5352 1016 5408 Θαλάσσιον
1047 5355 1145 5425 μὲν
1179 5358 1510 5425 ἀποστείλας
1557 5361 1734 5435 ἔπαρ-

149 5452 249 5506 χον
303 5440 698 5513 πραιτωρίωνο
745 5444 980 5500 Μάντιον
1014 5445 1093 5513 δὲ,
1148 5447 1388 5504 ἐπὶτῶν
1439 5451 1739 5521 βασιλικῶν

1843 4807 2065 4872 Gallus;
2092 4818 2216 4859 nam
2245 4797 2607 4856 Constantius
2635 4794 2736 4866 (Ἰ),
2765 4792 2910 4848 Galli
2933 4799 2987 4845 et
3004 4786 3206 4843 Iuliani
3241 4792 3421 4876 pater,

1841 4903 2071 4960 fratrem
2126 4901 2394 4954 habuerat
2441 4891 2875 4950 Constantinum
2946 4885 3225 4956 Magnum.
3273 4877 3474 4934 Callo-

1843 4994 2008 5065 igitur
2035 4989 2223 5046 Sirmii
2254 4987 2466 5044 Caesari
2513 4989 2706 5039 creato
2737 4994 2965 5034 uxorem
3000 4974 3152 5060 dedit
3179 4983 3432 5027 sororem

1845 5101 2000 5142 suam
2055 5079 2446 5142 Constantius,
2485 5083 2545 5129 ut
2572 5088 2663 5128 res
2694 5071 2914 5126 cautior
2943 5076 2998 5123 et
3025 5065 3234 5119 ﬁrmior
3291 5077 3432 5116 cva-

1844 5177 2020 5234 deret.
2095 5171 2450 5242 Magistratus
2518 5177 2746 5236 quoque
2772 5162 2821 5217 ei
2857 5156 3112 5227 adiunxit
3150 5169 3292 5224 quos
3319 5154 3434 5221 ipse

1843 5269 2228 5339 designaverat
2265 5261 2398 5335 (non
2422 5258 2570 5314 enim
2626 5254 2785 5311 Gallo
2809 5251 3010 5306 licebat
3043 5247 3097 5302 id
3135 5246 3240 5302 sibi
3273 5259 3433 5339 assu—

1849 5336 2036 5426 mere,
2092 5372 2220 5414 cum
2287 5360 2434 5410 esset
2481 5347 2725 5418 Caesar).
2794 5341 3150 5400 Thalassium
3214 5336 3431 5408 quidem

1844 5452 2104 5508 emittens
2166 5444 2492 5520 praefectum
2556 5439 2852 5512 praetorii,
2911 5435 3179 5492 Montium
3249 5438 3431 5485 autem

1687 5628 1921 5688 ΝΟΤᾹΕ.

225 5757 307 5829 (7)
329 5758 388 5814 In
410 5759 602 5835 Graeco
627 5764 828 5835 legitur
849 5767 1278 5834 Κωνστᾱντϊνος,
1299 5769 1392 5827 sed
1416 5786 1526 5826 non
1559 5780 1728 5829 recte.

154 5826 317 5884 Patr't
349 5833 501 5911 enim
525 5848 592 5888 ex
624 5826 708 5911 iis“
728 5853 852 5907 quae
881 5826 1156 5895 habentur
1190 5826 1482 5911 §7versus
1521 5826 1726 5900 lineith

1852 5773 2163 5828 Ἰουλιανόν.
2185 5769 2458 5828 Similiter
2475 5782 2540 5823 ex
2568 5767 2755 5823 verbis
2777 5763 2982 5819 Iuliani
3018 5763 3072 5817 in
3095 5759 3252 5815 initio
3279 5756 3384 5829 δυ
3403 5798 3418 5820 ,

1836 5843 1931 5916 ubi
1982 5851 2476 5916 apostatapatrem
2521 5854 2681 5916 suum
2737 5835 3123 5916 Cfnstantium
3152 5828 3420 5886 vocatz'U

155 5935 176 5953 .
212 5937 226 5954 .
265 5939 280 5954 .
315 5943 327 5955 .
353 5940 370 5955 .
402 5903 432 5956 6
461 5903 861 5977 Κωνστάντιος.
898 5948 911 5962 .
943 5949 957 5964 .
992 5951 1006 5967 .
1045 5950 1059 5964 .
1093 5903 1257 5981 γεννᾷ
1311 5912 1512 5968 Γάλλον
1537 5930 1596 5966 τε
1633 5913 1727 5968 καὶ
1833 5914 1944 5986 γὰρ
1978 5903 2108 5986 ἐμὸς
2144 5903 2318 5982 πατήρ
2338 5908 2736 5974 Κωνστάντιος.
2764 5906 2923 5961 Εοςτ.

374 6043 410 6078 ἢ
