4026 6410
526 458 545 479 “
620 496 766 564 1263

2082 507 2436 570 ADDENDA
2450 556 2463 571 .

3746 511 3869 577 1264

626 610 931 667 rationibus
965 611 1339 680 imperatoriis
1397 614 1777 684 praepositum,
1806 629 1970 687 quem
2030 619 2191 674 etiam

2302 618 2667 689 πραγμάτων,
2702 617 2797 682 οὒς
2828 617 3198 690 κοιαίστωρας
3240 618 3429 683 αὐτοῖς
3466 620 3762 691 ὀνομάζειν
3788 627 3869 693 φῖ.

624 714 955 774 quaestorem
1018 704 1297 775 appellare
1358 707 1560 774 solent,
1613 708 1890 779 simulque
1944 725 2072 766 eum
2103 711 2202 765 ad-

624 814 837 868 augens
873 798 1084 853 honore
1116 799 1357 868 patricii.
1392 799 1565 856 Porro
1596 801 1808 868 Gallus,
1843 811 1903 858 ut
1938 805 2033 874 qui
2068 813 2200 860 tunc

624 906 653 943 a
690 889 1019 946 Constantio
1086 892 1291 949 missus
1320 902 1467 948 esset
1494 894 1549 948 in
1583 892 1889 961 Orientem,
1920 896 2084 951 rebus
2108 912 2201 968 ge-

626 982 811 1037 rendis
865 982 1114 1038 intentus
1169 992 1313 1040 eral.
1383 985 1542 1052 Quod
1603 986 1843 1056 primum
1910 988 2198 1044 audientes

626 1071 805 1127 Persae
858 1074 1055 1129 timore
1095 1076 1335 1145 correpti
1378 1084 1548 1143 sunt;
1582 1092 1821 1147 cumque
1842 1080 2197 1141 accepissent

624 1165 777 1218 illum
823 1165 1083 1233 juvenem
1119 1174 1175 1223 et
1208 1182 1389 1223 acrem
1420 1169 1488 1223 ad
1509 1170 1747 1239 negotia,
1778 1170 2197 1229 incursionibus

623 1256 679 1310 in
714 1256 995 1313 Romanos
1052 1257 1405 1315 destiterunt.
1455 1259 1644 1316 Gallus
1694 1262 1883 1332 itaque
1915 1265 2196 1320 residebat

620 1345 926 1403 Antiochiae
955 1347 1168 1419 Syriae;
1206 1351 1566 1408 Constantius
1598 1362 1781 1409 autem
1814 1355 1870 1410 in
1896 1354 2197 1414 Occidente

620 1438 1017 1506 rempublicam
1049 1441 1457 1496 moderabatur.
1480 1440 1546 1497 Et
1581 1451 1713 1498 tunc
1736 1445 1975 1503 maxima
2009 1449 2195 1518 quiete

622 1526 910 1584 fruebatur
945 1529 1316 1587 Romanorum
1353 1532 1667 1604 imperium,
1722 1546 1909 1607 utpote
1954 1539 2101 1609 quod
2127 1540 2195 1595 ab

619 1619 890 1677 ambobus
948 1622 1342 1679 custodiretur.
1377 1623 1445 1679 Et
1477 1625 1593 1681 hac
1618 1626 1843 1698 quidem
1883 1630 1991 1684 hoc
2033 1630 2194 1685 modo

618 1725 678 1766 se
702 1710 995 1767 habebant.

684 1845 771 1901 15.
807 1846 997 1902 Gallus
1054 1857 1260 1915 autem,
1316 1866 1441 1905 cum
1510 1868 1812 1924 purpuram
1882 1856 2185 1914 Caesaream

2302 708 2414 777 λον,
2441 710 2558 783 ἅμα
2601 712 2699 765 καὶ
2744 711 3036 782 πατρίκιον
3072 711 3238 765 αὑτὸν
3289 711 3680 783 ποιησάμενος.
3724 714 3783 767 ὐ
3817 716 3866 771 ἃ

2301 805 2522 871 Γάλλος,
2538 807 2614 871 ὼς
2628 806 2749 860 τότε
2778 807 2931 877 παρὰ
2958 805 3053 860 τοῦ
3075 807 3462 862 Κωνσταντίου
3496 808 3767 879 πεμφθεὶς
3786 810 3868 863 ἐπὶ

2299 897 2401 969 τῆς
2436 898 2630 970 Ἐᾠας,
2668 900 2846 970 εἴχετο
2876 898 2987 952 τῶν
3023 898 3409 969 πραγμάτων*
3454 899 3514 954 δν
3543 901 3746 955 αὐτίκα
3774 921 3868 971 μσς
3968 954 3971 963 ,

2300 990 2483 1055 θόντες
2511 992 2560 1044 οἱ
2592 990 2800 1063 Πέρσαι
2841 990 3288 1064 κατωρρὀησαν,
3323 992 3447 1046 νέον
3469 1009 3528 1047 τε
3572 994 3738 1047 αὐτὸν
3783 997 3867 1048 καὶ

2300 1081 2637 1155 θερμουργὸν
2661 1085 2741 1147 είς
2777 1082 2847 1136 τά
2882 1082 3022 1154 ἔργα
3076 1082 3409 1154 πυθόμενοι,
3458 1085 3646 1138 οὐκέτι
3692 1088 3867 1159 ἐποιή-

2300 1191 2461 1229 σαντο
2489 1176 2589 1246 τὴν
2615 1176 2711 1228 ἐπὶ
2746 1175 2876 1239 τοὺς
2913 1174 3227 1245 Ῥωμαίους
3266 1175 3545 1242 ἐξέλασιν.
3577 1177 3691 1231 Καὶ
3724 1180 3751 1231 ὁ
3776 1178 3863 1247 μὲν

2299 1268 2357 1320 ὲν
2379 1270 2443 1338 τῇ
2466 1265 2779 1338 Ἀντιοχείᾳ
2812 1267 2911 1337 τῆς
2937 1266 3140 1339 Συρίας
3167 1263 3237 1339 ἦν
3257 1282 3273 1298 ο
3327 1268 3709 1329 Κωνστάντιος
3728 1268 3779 1322 δὲ
3813 1270 3863 1321 ἐν

2296 1362 2362 1431 τῆ
2409 1358 2653 1431 Ἐσπέρᾳ
2707 1358 2941 1429 καθίστη
2982 1359 3052 1414 τά
3097 1359 3446 1431 πράγματα·
3496 1363 3592 1414 καὶ
3648 1362 3768 1414 τότε
3802 1361 3859 1431 δὴ

2299 1451 2534 1521 μάλιστα
2559 1449 2821 1522 καθαρῶς
2852 1449 3129 1521 ἡσύχασεν
3147 1454 3181 1523 ἡ
3222 1450 3517 1523 Ῥωμαίων
3544 1451 3709 1522 ἀρχὴ,
3742 1452 3861 1522 1:95,-

2295 1542 2626 1613 ἀμφοτέρων
2682 1541 3088 1614 φυλαττομένη.
3144 1543 3256 1596 Καὶ
3305 1542 3488 1596 ταῦτα
3534 1542 3636 1611 μὲν
3687 1540 3859 1595 τοῦτον

2296 1631 2419 1703 ἔσχε
2443 1633 2537 1686 τὸν
2558 1632 2782 1700 τρόπον.

2368 1851 2454 1920 ιγ’.
2492 1850 2553 1904 '0
2608 1851 2666 1905 δὲ
2726 1852 2928 1918 Γάλλος
2974 1854 3069 1908 τοῦ
3118 1855 3399 1925 Καίσαρος
3464 1855 3861 1927 ἀμφιασάμενος

616 1933 1152 2010 induisset,jamque
1204 1943 1463 2011 cmpisset
1492 1959 1785 2014 supremos
1810 1947 2025 2018 imperii
2064 1966 2189 2021 gra-

2293 1944 2605 2016 ἀλουργίδα,
2633 1946 2726 1998 καὶ
2750 1946 2851 2017 ἤδη
2880 1945 2989 1998 τῶν
3020 1945 3254 2018 πρώτων
3279 1947 3378 2017 τῆς
3408 1948 3689 2017 βασιλείας
3714 1948 3845 2019 ἀρξά

615 2021 720 2078 dus
758 2026 1081 2093 ascendere,
1118 2045 1225 2085 non
1259 2033 1564 2102 permansit
1602 2036 1655 2089 in
1686 2036 1878 2090 eadem
1912 2040 2188 2094 sententia

613 2123 666 2169 et
692 2114 795 2170 fide
820 2132 984 2187 quam
1039 2122 1266 2179 dederat
1320 2124 1688 2194 Constantio;
1733 2129 1831 2184 sed
1866 2129 2105 2187 ferocem
2134 2148 2194 2191 se

516 2202 520 2206 ’
616 2207 912 2278 praebebat,
962 2227 1063 2268 nec
1122 2214 1208 2269 sui
1270 2225 1608 2287 compotem,
1642 2221 1790 2276 etin
1839 2222 1917 2277 ira
1983 2224 2191 2293 placari

614 2302 883 2368 nescium.
918 2301 1098 2361 Mente
1141 2307 1288 2362 enim
1344 2309 1563 2380 ineptus
1586 2319 1640 2367 et
1665 2312 1955 2371 voluntate
1984 2318 2183 2374 incon-

613 2396 793 2455 stans,
822 2395 1091 2452 terminos
1124 2399 1468 2467 przeteribat,
1494 2411 1548 2456 et
1565 2411 1783 2471 pactum
1804 2409 2193 2465 contemnebat

612 2481 762 2551 quod
782 2496 909 2540 cum
941 2485 1271 2544 Constantio
1303 2491 1606 2561 pepigerat,
1626 2494 1853 2551 nimiam
1884 2501 2190 2555 auctorita-

611 2580 720 2628 tem
754 2574 807 2629 in
839 2575 1171 2636 ordinandis
1223 2582 1387 2638 rebus
1423 2584 1715 2656 adhibens,
1749 2595 1803 2643 et
1836 2605 1960 2645 cum
1996 2607 2188 2664 magna

611 2667 841 2723 audacia
868 2678 1029 2741 atque
1047 2675 1364 2744 arrogantia
1384 2676 1605 2732 easdem
1631 2693 1992 2750 componens.
2037 2684 2191 2751 Quos

609 2759 758 2815 enim
813 2778 939 2817 cum
970 2764 1091 2836 ipso
1128 2769 1487 2839 magistratus
1514 2777 1777 2828 emiserat
1799 2773 2187 2847 Constantius,

612 2853 979 2923 imperialium
1010 2866 1064 2912 et
1092 2859 1337 2914 civilium
1370 2876 1555 2917 rerum
1578 2864 1798 2935 judices
1825 2869 2186 2938 constitutos,

612 2942 989 3003 Domitianum
1048 2966 1244 3023 nempe
1295 2957 1540 3024 praetorii
1613 2958 1934 3028 praefectum
2006 2962 2184 3035 (nam

610 3032 939 3093 Thalassius
997 3039 1256 3113 obierat),
1280 3053 1334 3099 et
1365 3056 1696 3117 qumstorem
1726 3032 2023 3117 Montium,
2058 3057 2188 3126 quia

2296 2054 2457 2108 μενος
2479 2039 2776 2093 ἐπιϐαίνειν
2803 2040 3159 2110 ἀναϐαθμῶν,
3189 2041 3290 2095 οὐκ
3316 2040 3514 2111 ἔμενεν
3546 2042 3642 2095 ἐπὶ
3662 2042 3759 2113 τῆς
3773 2043 3859 2095 αὖ-

2293 2128 2394 2198 τῆς
2421 2129 2645 2200 γνώμης
2678 2132 2773 2183 καὶ
2806 2130 3043 2194 πίστεως
3067 2124 3136 2201 ἦς
3168 2132 3305 2202 πρὸς
3355 2132 3451 2184 τὸν
3495 2132 3858 2185 Κωνστάντιον

2292 2221 2609 2291 ἐποιήσατο.
2644 2221 2779 2275 ἀλλά
2809 2221 2981 2293 βαρύς
3007 2240 3090 2286 τις
3117 2216 3185 2294 ἦν
3215 2222 3311 2277 καὶ
3338 2222 3641 2286 ἀκάθεκτος
3661 2225 3754 2277 καὶ
3770 2223 3857 2291 τὴν

2291 2306 2459 2385 ὀργὴν
2493 2314 2889 2386 ἀπαραίτητος·
2923 2316 3275 2385 φρονήματος
3330 2315 3440 2385 γάρ
3488 2315 3721 2386 ἀκαίρου
3774 2317 3854 2369 καὶ

2292 2405 2489 2476 βουλῆς
2520 2405 2807 2476 ἀνωμάλου
2836 2405 3209 2477 δραξάμενος,
3248 2404 3501 2477 ὑπερέϐη
3535 2408 3665 2471 τοὺς
3691 2408 3850 2478 ὄρους.

2292 2497 2387 2551 καὶ
2419 2497 2517 2560 τὰς
2541 2497 2818 2567 συνθήκας
2867 2497 3159 2569 έφαύλισεν
3186 2498 3251 2562 ἀς
3282 2498 3422 2569 πρὸς
3456 2498 3548 2552 τὸν
3579 2500 3851 2553 Κωνστάν-

2292 2605 2403 2643 τιον
2428 2591 2742 2655 ἐποιήσατο,
2759 2590 3186 2662 βασιλικώτερον
3208 2590 3318 2645 τῶν
3346 2593 3693 2663 πραγμάτων
3713 2595 3851 2648 ἀπτό-

2294 2700 2476 2754 μενος,
2511 2686 2606 2738 καὶ⁸
2630 2685 2767 2755 μετὰ
2794 2685 2993 2739 πολλοῦ
3016 2686 3112 2739 τοῦ
3169 2685 3406 2757 θράσους
3432 2687 3528 2740 καὶ
3554 2686 3659 2757 τῆς
3680 2688 3852 2752 ἀλαζοα

2288 2778 2438 2841 νείας
2482 2778 2951 2850 διαταττόμενος.“’
2980 2779 3121 2842 Τοὺς
3155 2779 3264 2851 γάρ
3312 2778 3581 2850 ἄρχοντας
3637 2780 3731 2845 οὓς
3770 2781 3855 2833 σὺν

2289 2867 2437 2939 αὐτῷ
2460 2870 2768 2939 ἐπεπόμφει
2794 2869 3191 2931 Κωνστάντιος,
3227 2868 3337 2922 τῶν
3368 2869 3666 2939 βασιλικῶν
3692 2888 3751 2924 τε
3773 2869 3858 2924 καὶ

2290 2959 2581 3013 πολιτικων
2613 2962 2956 3033 πραγμάτων
2988 2960 3151 3024 ὄντας
3176 2962 3476 3033 διαιτητάς,
3494 2964 3589 3016 τόν
3613 2980 3673 3016 τε
3706 2981 3856 3033 apat-

2287 3051 2499 3121 τωρίων
2541 3051 2781 3123 ἔπαρχον
2816 3052 3149 3121 Δομετιανὸν
3176 3054 3224 3124 (δ
3255 3053 3367 3123 γὰρ
3422 3053 3730 3118 Θαλάσσιος
3756 3058 3857 3107 ὲτεο

611 3139 721 3181 non
754 3127 1086 3187 obediehant
1112 3149 1212 3189 nec
1240 3135 1617 3193 inserviebam
1643 3141 1853 3199 insanis
1876 3154 1931 3199 et
1964 3146 2188 3202 eﬂrcni-

2293 3143 2521 3214 θνήκει),
2550 3143 2643 3196 καὶ
2667 3143 2758 3196 τὸν
2793 3144 2885 3196 ἐπὶ
2914 3141 3006 3197 τοῦ
3030 3145 3393 3215 κοιαίστωρος
3414 3145 3669 3207 Μόντιον,
3700 3145 3785 3199 διὰ
3806 3146 3858 3197 τὸ

608 3216 712 3272 bus
746 3217 871 3289 ejus
896 3223 1349 3295 appetitionibus,
1405 3245 1531 3285 cum
1573 3232 1888 3289 mandasset
1911 3236 2187 3293 militibus

2291 3233 2365 3304 μὴ
2388 3233 2702 3305 πειθαρχεῖν
2755 3233 2956 3296 αὐτοὺς
3012 3233 3109 3286 καὶ
3142 3233 3439 3305 ὑπουργεῖν
3480 3235 3600 3296 ταῖς
3630 3233 3859 3304 παραλό-

610 3306 770 3365 funes
823 3313 1052 3384 alligare
1109 3332 1301 3372 eorum
1360 3322 1614 3390 pedibus,
1652 3340 1749 3395 per
1804 3324 1983 3381 forum
2040 3330 2184 3385 trahi

2293 3342 2405 3394 γοις
2430 3323 2582 3397 Ῐὸὅυ]
2629 3324 2795 3377 αὑτοῦ
2832 3325 2929 3378 καὶ
2979 3324 3311 3388 ἀκαθέκτοις
3353 3327 3569 3396 ὁρμαῖς,
3627 3326 3856 3397 σχοίνους

606 3399 794 3468 jussit,
824 3405 1131 3479 ambosque
1165 3413 1388 3477 occidit,
1422 3416 1571 3472 viros
1614 3416 1671 3471 in
1707 3420 1964 3489 gerendis
2020 3424 2190 3495 magi-

610 3497 879 3553 stratibus
910 3504 1423 3574 praestantissimos,
1454 3516 1509 3563 et
1534 3510 1732 3579 quovis
1775 3511 1929 3567 lucro
1953 3523 2006 3568 et
2038 3530 2191 3570 emo-

613 3587 857 3644 lumento
892 3592 1143 3651 inventos
1178 3599 1515 3667 superiores.
1568 3600 1719 3667 Quos
1774 3617 1902 3658 cum
1958 3620 2189 3679 compo-

611 3680 818 3736 suisset
879 3686 1119 3743 civitatis
1182 3691 1502 3761 episcopus,
1558 3696 1796 3763 sepeliit,
1844 3698 2185 3770 singularem

609 3786 800 3829 eorum
827 3785 1082 3836 virtutem
1113 3785 1405 3841 reveritus.

681 4093 770 4149 M.
800 4092 907 4151 Nec
942 4113 1029 4154 res
1060 4100 1153 4153 diu
1196 4101 1353 4155 latuit
1385 4103 1794 4173 Constantium,
1847 4109 1941 4179 qui
1972 4110 2188 4165 Gallum

612 4183 677 4238 ad
708 4201 767 4240 se
796 4189 1110 4248 accersivit.
1174 4192 1273 4247 Ille
1331 4210 1480 4263 vero,
1544 4211 1668 4250 cum
1723 4198 1891 4253 sciret
1962 4201 2187 4270 quidem

611 4292 671 4332 se
721 4294 832 4333 non
869 4282 1051 4337 vocari
1079 4283 1146 4339 ad
1186 4285 1391 4340 bonum
1453 4288 1698 4359 aliquod,
1756 4307 1953 4349 rursus
2001 4306 2186 4349 autem

610 4369 887 4441 cogitaret
938 4376 1083 4445 quod
1118 4378 1164 4433 si
1193 4379 1361 4433 nollet
1419 4396 1633 4450 parere,
1670 4392 1951 4453 oporteret
1982 4386 2185 4442 bellum

2291 3419 2401 3480 τοῖς
2431 3415 2788 3487 στρατιώταις
2813 3415 2921 3468 τῶν
2951 3414 3131 3468 ποδῶν
3149 3415 3330 3470 αὐτῶν
3359 3416 3663 3486 ὲξάψασθαι
3693 3433 3857 3487 παρα-

2287 3508 2706 3578 κελευσάμενος,
2749 3506 2843 3560 ἐπὶ
2878 3507 2973 3576 τῆς
2996 3507 3203 3578 ἀγορᾶς
3237 3509 3475 3579 συρῆναι
3513 3508 3856 3579 προσέταξεν,

2290 3600 2385 3653 καὶ
2418 3600 2762 3670 ἀμφοτέρους
2790 3598 3136 3663 ἀπέκτεινεν,
3157 3599 3357 3671 ἄνδρας
3389 3600 3447 3652 ὲν
3473 3598 3747 3668 ἀξιώμασι
3766 3599 3857 3652 δια-

2293 3690 2629 3761 πρέψαντας,
2664 3690 2758 3743 καὶ
2776 3688 2975 3752 παντὸς
3002 3689 3229 3760 κέρδους
3260 3690 3357 3742 καὶ
3385 3689 3671 3761 λήμματος
3720 3689 3856 3759 εὕρε-

2293 3784 2485 3849 θέντας
2516 3783 2900 3854 ὑψηλοτέρους·
2930 3783 3024 3846 οὒς
3073 3786 3101 3837 ὁ
3130 3785 3231 3851 τῆς
3257 3784 3466 3847 πόλεως
3528 3782 3856 3853 περιστείλας

2292 3877 2588 3940 ἐπίσκοπος
2618 3876 2841 3945 ἔθαψεν,
2896 3875 3163 3939 αἰδεσθεὶς
3192 3876 3252 3929 τὸ
3309 3876 3403 3947 τῆς
3434 3875 3638 3946 ἀρετῆς
3695 3872 3856 3929 αὐτῶν

2294 3966 2721 4037 ἀνυπέρϐλητον.

2362 4101 2442 4154 ιδ’.
2486 4100 2544 4154 'O
2573 4101 2628 4154 δὲ
2664 4098 3066 4164 Κωνστάντιος,
3092 4097 3283 4169 ἐπειδὴ
3306 4098 3535 4169 τάχιστα
3557 4095 3782 4155 ἐπύθετο
3804 4096 3856 4150 τὸ

2294 4191 2528 4263 συμϐάν,
2577 4192 2965 4263 μετάπεμπτον
2993 4190 3068 4254 ὡς
3102 4191 3295 4245 ἑαυτὸν
3337 4194 3573 4244 ἐποιεῖτο
3605 4192 3696 4244 τὸν
3738 4190 3856 4243 Γάλ-

2292 4284 2402 4338 λον.
2428 4283 2487 4337 Ὀ
2509 4283 2588 4350 δὲ,
2607 4284 2766 4347 είδὼς
2795 4283 2893 4354 μὲν
2920 4281 2996 4346 ὡς
3023 4284 3124 4336 οὐκ
3159 4283 3248 4335 ἐπ’
3267 4282 3460 4352 ἀγαθῷ
3480 4282 3737 4352 τυγχάνει
3764 4299 3854 4334 καο

2290 4376 2567 4448 λούμενος,
2606 4376 2803 4430 ὲννοῶν
2832 4376 2890 4429 δὲ
2924 4374 3090 4430 πάλιν
3118 4374 3220 4440 ὡς,
3261 4375 3309 4428 εί
3372 4375 3448 4447 μὴ
3491 4374 3730 4446 βούλοιτο
3774 4374 3856 4426 ὕπ-

2289 4469 2530 4534 ακούειν,
2553 4468 2790 4539 πόλεμον
2816 4466 3034 4538 ἀνάγκη
3053 4467 3252 4534 ποιεῖν,
3276 4466 3417 4520 ὅπλα
3433 4468 3567 4539 πρὸς
3582 4467 3856 4520 Κωνστάνο

604 4464 795 4537 facere
838 4478 893 4523 et
948 4486 1100 4528 arma
1156 4475 1410 4546 protinus
1462 4476 1732 4533 adversus
1797 4478 2186 4534 Constantium

2289 4578 2403 4615 τιον
2434 4562 2499 4614 ὲκ
2540 4560 2637 4613 τοῦ
2670 4560 2871 4624 εὐθέως
2903 4560 3218 4631 ἀράμενον,
3262 4559 3505 4632 αἱρεῖται
3560 4558 3755 4628 μᾶλλον
3797 4556 3856 4609 τὰ

546 4554 553 4557 ⁴
610 4557 874 4625 arripere,
938 4560 1104 4632 elegit
1163 4564 1347 4633 potius
1382 4581 1507 4635 quas
1546 4569 1698 4636 pacis
1738 4577 1927 4635 erant;
1966 4580 2019 4625 et
2049 4585 2187 4638 prte-

610 4645 781 4700 missa
836 4663 1009 4705 uxore
1049 4651 1118 4705 ad
1164 4654 1529 4723 mitigandum
1595 4654 2017 4725 Constantium,
2072 4660 2188 4730 ipse

2293 4652 2390 4723 τῆς
2418 4653 2661 4724 εἰρήνης.
2697 4652 2793 4706 καὶ
2815 4652 2915 4723 τὴν
2946 4654 3183 4721 γυναῖκα
3211 4650 3650 4722 προαποστείλας
3678 4649 3749 4711 ὡς
3774 4649 3854 4700 τὸν

607 4751 830 4809 quoque
861 4748 1055 4810 sponte
1076 4756 1177 4797 sua
1213 4742 1399 4799 adibat
1442 4746 1774 4816 periculum.
1811 4748 2185 4804 Constantina

2293 4746 2666 4798 Κωνστάντιον
2682 4743 3114 4813 ὲκμειλίξασθαι,
3137 4743 3233 4797 καὶ
3257 4742 3423 4808 αὐτὸς
3455 4740 3852 4814 rimata-3:61.10-

605 4845 736 4901 ergo
787 4832 975 4887 statim
1008 4836 1256 4906 profecta
1288 4847 1395 4902 est,
1436 4847 1495 4893 ut
1536 4841 1690 4912 prior
1752 4833 1963 4899 astaret
1995 4842 2180 4909 fratri,

2293 4835 2379 4900 λος
2404 4834 2498 4888 ἐπὶ
2521 4834 2612 4887 τὸν
2645 4833 2911 4887 κίνδυνον.
2943 4833 3008 4887 Ἠ
3037 4832 3137 4906 μὲν
3171 4828 3265 4886 οὖν
3312 4830 3697 4886 Κωνσταντίνα
3729 4845 3852 4898 προ-

608 4918 837 4977 studens
865 4938 989 4977 eum
1036 4925 1316 4997 placatum
1349 4929 1589 4996 efﬁcere,
1616 4948 1685 4987 ne
1714 4933 1846 5003 quid
1882 4932 2093 4990 funesti
2127 4934 2181 4988 in

2293 4926 2419 4999 τέρα
2448 4925 2737 4999 ἐξώρμησε
2774 4928 3133 4997 προεντυχεῖν
3150 4923 3228 4997 τῷ
3259 4923 3499 4995 ἀδελφῷ,
3533 4924 3625 4977 καὶ
3649 4922 3851 4975 αἰδέσα-

607 5012 868 5067 maritum
905 5023 1194 5074 statueret.
1222 5018 1360 5075 Cum
1392 5030 1593 5087 {autem
1629 5032 1888 5095 prompto
1916 5035 1971 5080 et
2006 5024 2181 5080 alacri

2293 5018 2412 5073 σθαι
2447 5018 2610 5072 αὐτὸν
2638 5017 2780 5089 ὑπὲρ
2808 5017 2905 5072 τοῦ
2935 5018 3129 5090 ἀνδρὸς
3176 5016 3629 5089 προθυμουμένη,
3658 5014 3748 5067 τοῦ
3783 5012 3849 5083 μή

605 5104 792 5161 animo
830 5106 934 5163 iter
987 5109 1224 5176 iniisset,
1255 5111 1399 5167 inte'r
1434 5114 1676 5169 eundum
1722 5114 1917 5171 incidit
1948 5116 2001 5171 in
2032 5132 2183 5171 mor-

2293 5128 2339 5166 τι
2365 5113 2444 5176 είς
2464 5110 2627 5165 αὐτὸν
2647 5109 3044 5181 βουλεύσασθαι
3073 5110 3381 5181 ἀνήκεστον
3402 5123 3415 5137 ·
3452 5107 3622 5178 πολλῇ
3648 5105 3703 5159 δὲ
3732 5122 3852 5175 προ-

607 5203 756 5271 bum,
786 5215 838 5259 et
858 5203 1173 5277 Bithyniam
1211 5207 1481 5279 ingressa,
1520 5208 1574 5264 in
1612 5208 1848 5281 quadam
1908 5209 2033 5280 ejus
2065 5220 2176 5265 sta-

2293 5203 2456 5277 θυμίᾳ
2476 5204 2607 5275 περὶ
2631 5203 2730 5274 τὴν
2754 5203 3064 5274 ὁδοιπορίαν
3084 5200 3365 5274 χρωμένη,
3381 5201 3462 5265 είς
3480 5200 3635 5255 νόσον
3654 5216 3710 5251 τε
3733 5197 3847 5249 έπε-

609 5296 759 5351 tione
780 5312 902 5367 quae
929 5296 1141 5354 dicitur
1157 5298 1459 5367 Gallicana,
1487 5316 1518 5355 e
1547 5302 1655 5356 vita
1687 5300 1965 5358 discessit.
1989 5301 2181 5358 Gallus

2293 5311 2348 5349 σε
2405 5293 2610 5367 μεταξὺ
2660 5294 3026 5366 πορευομένη,
3080 5294 3176 5347 καλ⁵
3217 5291 3476 5356 Βιθυνίας
3529 5288 3848 5354 ὲπιϐᾶσα,ὲν

607 5404 760 5453 vero,
787 5390 1005 5446 etiamsi
1063 5393 1403 5463 inopinatum
1464 5394 1612 5449 hunc
1643 5402 1898 5450 eventum
1929 5409 2181 5465 magnam

2293 5386 2510 5457 σταθμῷ
2537 5403 2644 5439 τινι
2701 5385 2904 5457 ταύτης
2929 5384 3245 5455 Γαλλικάνῳ
3266 5383 3545 5455 λεγομένῳ
3572 5381 3843 5436 ἀπέθανεν.

611 5477 717 5533 sibi
773 5479 1145 5537 calamitatem
1217 5492 1519 5554 reputaret,
1573 5485 1812 5542 ulterius
1842 5493 2025 5540 tamen
2053 5501 2185 5556 pro-

2298 5479 2355 5534 Ὀ
2377 5480 2433 5533 δὲ
2479 5479 2681 5543 Γάλλος
2725 5478 2823 5531 καὶ
2871 5477 3034 5533 τοῦτο
3089 5476 3393 5547 παράδοξον
3445 5474 3596 5545 αὐτῷ
3655 5471 3848 5542 συμϐάν

610 5571 835 5639 gressus
874 5578 981 5640 est,
1020 5588 1130 5628 non
1192 5575 1467 5632 desistens
1506 5576 1577 5631 ab
1608 5576 1677 5633 iis
1709 5592 1832 5647 qua:
1887 5583 2177 5632 statuerat.

2293 5571 2532 5643 μεγάλην
2576 5569 2864 5641 συμφοράν
2917 5569 3309 5640 ποιησάμενος,
3340 5569 3493 5637 ὅμως
3524 5569 3638 5629 τοῖς
3677 5564 3848 5635 πρόσω

620 5660 914 5732 Postquam
950 5669 1131 5719 autem
1178 5666 1426 5735 pervenit
1455 5666 1522 5721 ad
1547 5666 1871 5722 Noricorum
1904 5668 2183 5722 civitatem

2293 5665 2394 5720 τῶν
2419 5664 2756 5735 δεδογμένων
2781 5664 2881 5718 οὐκ
2907 5663 3280 5732 ἐξιστάμενος.
3319 5662 3473 5714 Ἐπεὶ
3499 5660 3555 5713 δὲ
3578 5662 3655 5723 εἰς
3678 5656 3849 5728 ,Νωρι-

614 5770 737 5824 quze
796 5764 1028 5810 vocatur
1076 5757 1378 5830 Pytabion,
1428 5760 1537 5815 huc
1566 5759 1904 5824 Mediolano,
1938 5760 2031 5813 ubi
2057 5766 2186 5814 tunc

2293 5776 2415 5821 κους
2440 5760 2669 5828 ἀφίκετο
2705 5757 2856 5811 πόλιν
2903 5754 3084 5809 αὐτῶν
3124 5753 3452 5809 Πυταϐιῶνα
3505 5751 3845 5820 καλουμένην,

611 5846 973 5902 ConSIantius
1032 5849 1249 5919 agebat.
1280 5851 1519 5905 mittitur
1564 5851 1673 5907 dux
1732 5850 2048 5913 Barbation,
2092 5850 2183 5919 qui

2293 5849 2520 5903 ἐνταῦθα
2547 5849 2610 5919 δὴ
2633 5848 2743 5901 ἀπὸ
2788 5846 3122 5902 Μεδιολάνου
3167 5845 3599 5916 καταπέμπεται
3634 5856 3846 5940 arpi-ﬂ;-

613 5928 828 5988 Gallum
872 5948 1112 6006 purpura
1161 5935 1455 6006 spoliatum
1489 5946 1541 5993 et
1572 5939 1640 5993 ad
1668 5938 2040 5995 conditionem
2075 5939 2186 6010 pri-

2293 5938 2384 6007 γδς
2414 5938 2752 6010 Βαρϐατίων,
2786 5940 2904 5992 ἐκεῖ
2929 5938 3023 5993 τοῦ
3050 5936 3429 5993 Κωνσταντίου
3476 5935 3539 5991 τδ
3567 5930 3847 6006 τηνικαῦτα
