4026 6408
155 444 299 512 1265

1433 454 1495 513 s.
1534 453 1860 515 ARTEMII
1902 406 2188 517 Passio.

3297 472 3432 538 1266

152 556 552 630 τυγχάνοντος·
580 558 642 625 ὃς
665 559 761 617 τόν
780 561 984 618 Γάλλον
1017 563 1338 634 ἀφαιρεῖται
1368 563 1466 633 τῆς
1495 564 1749 634 ἁλουργί-

1856 573 2031 619 vatam
2076 567 2361 623 redactum
2396 571 2450 626 in
2484 572 2723 630 insulam
2786 577 3084 648 quamdam
3148 580 3433 640 Dalmatia:

151 654 261 715 δος,
287 654 385 707 καὶ
414 654 497 718 είς
544 654 765 729 ίδιὼτην
808 659 1249 729 μετασκευάσας,
1276 658 1556 731 ἐξόριστον
1582 659 1747 715 αὑτὸν

151 748 232 812 εἷς
258 767 385 803 τινα
411 751 576 822 νῆσον
590 752 692 824 τῆς
724 755 1036 827 Δαλματίας
1063 756 1401 828 κατέστησε..

224 859 381 934 [35!]
412 867 494 919 ιε’.
525 861 635 917 Τοῦ
675 864 735 919 δὲ
782 865 990 921 Γάλλου
1033 869 1115 932 είς
1160 868 1259 941 τὴν
1285 869 1452 941 νῆσον
1499 870 1747 942 ἀπηγμέ-

152 969 272 1017 νου,
306 954 357 1008 οί
392 954 455 1009 τό
497 957 608 1011 πᾶν
651 959 739 1013 ἐπ’
760 959 911 1032 αὐτῷ
959 962 1352 1033 συστήσαντες,
1388 964 1650 1030 Εὐσέϐιος
1690 965 1748 1021 δὲ

158 1046 399 1116 μάλιστα
418 1044 489 1121 ἦν
531 1052 561 1105 ὀ
587 1051 844 1125 εὐνοῦχος
870 1056 899 1110 ὀ
917 1055 1018 1129 τὴν
1050 1055 1147 1111 τοῦ
1176 1057 1545 1130 πραιποσίτου
1579 1058 1748 1132 τιμὴν

156 1137 317 1208 ἔχων,
360 1140 460 1195 καὶ¹
490 1142 539 1195 oi
599 1144 698 1199 σὺν
728 1144 895 1217 αύτῷ,
941 1147 1191 1202 πείθουσι
1245 1149 1629 1205 Κωνστάντιον
1672 1151 1748 1216 ὼς

153 1234 390 1302 τάχιστα
423 1232 516 1287 τὸν
536 1233 741 1290 Γάλλον
770 1237 1104 1311 ποιήσασθαι
1131 1241 1194 1294 ἐκ
1219 1239 1414 1296 ποδῶν.
1449 1240 1509 1296 '0
1543 1241 1601 1296 δὲ
1630 1260 1750 1297 πει-

157 1320 331 1386 σθεὶς,
367 1322 577 1394 πέμπει
609 1326 739 1391 τοὺς
796 1328 1197 1394 ἀποκτενόντας
1248 1330 1448 1385 αὐτόν’
1503 1332 1599 1387 καὶ
1646 1333 1746 1405 ήδη

153 1416 363 1471 τούτων
392 1418 830 1491 ἀφικνουμένων,
848 1423 1011 1478 πάλιν
1039 1423 1067 1476 ὀ
1092 1425 1472 1491 Κωνστάντιος
1504 1428 1585 1490 είς
1600 1426 1749 1482 ἔλεον

160 1509 479 1580 μετεκλίθη,
529 1511 625 1565 καὶ
657 1514 868 1583 πέμπει
895 1514 983 1569 διὰ
1013 1517 1224 1602 ταχέων
1252 1517 1455 1588 ἐτέρων
1486 1520 1750 1591 γραμμά-

154 1616 263 1653 των
296 1599 392 1653 τόν
435 1600 636 1655 Γάλλον
669 1602 765 1655 τοῦ
820 1599 1033 1668 πάθους
1074 1604 1539 1675 ἀνακαλούμενος.
1586 1606 1645 1658 Ὀ
1690 1606 1749 1659 δὲ

158 1693 421 1758 Εὐσέϐιος
449 1694 545 1749 καλ⁸
572 1695 621 1748 οἱ
674 1696 771 1749 σὺν
799 1695 947 1767 αύτῷ
990 1697 1238 1751 πείθουσι
1289 1697 1383 1751 τὸν
1429 1698 1748 1769 πεμφθέντα

160 1786 566 1858 Μαγιστριανδν
608 1786 683 1859 μὴ
730 1788 1000 1859 πρότερον
1041 1790 1329 1861 ἐπιστῆναι
1374 1790 1662 1846 δεικνύντα
1688 1792 1749 1845 τὸ

1848 658 2097 713 exsulem
2129 660 2416 732 relegavit.

1919 857 2008 913 15.
2041 858 2202 915 Gallo
2243 860 2297 916 in
2340 861 2584 920 insulam
2656 867 2877 934 abacto,
2917 870 3011 941 qui
3036 885 3201 929 omne
3225 870 3434 931 crimen

1849 948 2119 1007 adversus
2149 968 2274 1009 eum
2315 957 2719 1028 congerebant,
2772 961 3007 1019 maxime
3033 972 3214 1022 autem
3261 966 3434 1023 Euse-

1848 1040 1976 1098 bius
2016 1045 2333 1115 eunuchus,
2394 1048 2679 1119 praepositi
2732 1049 3001 1124 dignitate
3030 1054 3357 1127 insignitus,
3380 1069 3436 1114 et

1849 1134 1943 1203 qui
1984 1135 2055 1190 ab
2095 1136 2287 1193 iisdem
2336 1141 2590 1211 partibus
2636 1144 2880 1212 stabant,
2920 1149 3264 1218 persuadent
3290 1150 3435 1205 Con-

1850 1228 2057 1284 stantio
2082 1238 2142 1283 ut
2176 1233 2584 1303 quamprimum
2620 1234 2839 1291 Gallum
2876 1238 2944 1295 de
2972 1241 3153 1296 medio
3185 1241 3431 1299 tolleret.

1850 1317 2159 1379 Persuasus
2194 1324 2285 1381 ille
2310 1326 2481 1381 mittit
2509 1328 2604 1399 qui
2656 1344 2784 1385 eum
2823 1331 3185 1391 interﬁciant.
3220 1334 3436 1402 Quibus

1844 1411 1956 1482 jam
1993 1417 2291 1484 profectis,
2347 1416 2713 1477 Constantius
2763 1440 2961 1481 rursus
2985 1437 3237 1483 movetur
3267 1430 3435 1485 mise-

1850 1504 2147 1574 ricordia,
2213 1511 2498 1582 mittitque
2555 1516 2820 1571 ocissime
2892 1518 3100 1576 alteras
3167 1522 3433 1591 litteras,

1849 1599 2055 1669 quibus
2078 1600 2269 1658 Gallus
2292 1619 2321 1657 a
2338 1607 2612 1676 supplicio
2638 1608 2927 1665 liberatur.
2950 1612 3217 1671 Eusebius
3231 1626 3433 1681 autem,

1848 1698 1905 1747 et
1927 1695 2020 1763 qui
2081 1709 2206 1749 cum
2232 1711 2299 1752 eo
2328 1707 2509 1765 erant,
2530 1702 2891 1771 ,‘persuadent
2931 1704 3307 1779 Magistriano,
3342 1709 3434 1781 qui

1851 1786 2174 1843 mittebatur
2210 1794 2308 1855 jne
2363 1793 2518 1862 prius
2570 1793 2866 1851 desisteret
2917 1798 2986 1852 ad
3060 1802 3434 1858 ostendendas

158 1879 414 1949 γράμμα,
441 1880 572 1950 πρὶν
621 1879 686 1935 ἂν
741 1880 965 1935 πύθοιτο
996 1883 1088 1936 τὸν
1134 1883 1335 1937 Γάλλον
1378 1884 1749 1958 ἀνῃρημένον.

1856 1875 2090 1946 litteras,
2125 1895 2294 1948 quam
2361 1883 2582 1939 audiret
2611 1883 2829 1941 Gallum
2851 1886 3026 1945 fuisse
3056 1890 3434 1949 interfectum.

160 1972 408 2043 ζεγένετο
434 1971 627 2037 ταῦτα,
657 1974 750 2027 καλ⁵
784 1976 812 2028 ὀ
843 1975 1043 2037 Γάλλος
1081 1977 1383 2048 ἐτεθνήκει.
1431 1978 1490 2031 '0
1512 1978 1568 2031 δὲ
1597 1980 1749 2033 Κων-

162 2063 407 2128 στάντιος
436 2064 565 2131 περὶ
584 2067 698 2129 τοῖς
728 2066 1018 2139 πράγμασι
1050 2066 1256 2133 δείσας,
1298 2069 1374 2140 μὴ
1410 2069 1508 2141 ούχ
1545 2065 1653 2135 οἷός
1689 2088 1748 2123 τε

159 2152 191 2230 ᾖ
225 2155 389 2232 μένος
412 2157 631 2229 ἀπάσης
656 2154 794 2212 εἶναι
818 2159 918 2229 τῆς
954 2160 1129 2232 ἀρχῆς
1155 2160 1454 2232 ἐγκρατὴς,
1484 2161 1659 2225 ἄλλως
1689 2179 1748 2215 τε

159 2228 389 2302 καὶτῶν
423 2248 677 2303 Γαλατῶν
728 2228 963 2313 ὀξύτατα
1126 2228 1221 2304 καὶ
1249 2228 1413 2305 ὀπότέ
1459 2250 1747 2323 προθυμη-

163 2340 303 2394 θεῖεν
334 2342 417 2406 είς
440 2341 541 2405 τάς
560 2342 883 2413 τυραννίδας
918 2342 1311 2414 ἐγειρομένων.
1348 2343 1437 2398 διά
1462 2360 1523 2398 τε
1561 2341 1750 2414 σώμα-

161 2450 247 2499 τος
277 2434 430 2503 ίσχὺν
454 2436 551 2487 καὶ
597 2435 909 2505 κουφότητα
934 2434 1321 2507 φρονημάτων,
1346 2434 1613 2507 μετέμελε
1630 2435 1751 2490 τότε

162 2524 248 2579 τὸν
272 2525 477 2580 Γάλλον
503 2524 781 2591 ύπεξελών
808 2543 823 2558 ·
851 2527 948 2581 καὶ
982 2527 1344 2597 λογισάμενος
1368 2526 1445 2591 ὡς
1465 2526 1527 2581 τὸ
1554 2544 1753 2595 συγγε-

161 2616 245 2679 νὲς
273 2615 368 2670 τοῦ
403 2616 608 2672 ὀθνείου
643 2618 739 2670 καὶ
766 2618 1090 2687 ἀλλογενοῦς
1145 2618 1553 2689 ἀσφαλέστερον
1609 2616 1754 2675 εἶναι

166 2707 355 2779 μακρῷ
393 2707 530 2778 πρὸς
552 2708 839 2763 κοινωνίαν
865 2712 966 2781 τῆς
1001 2709 1307 2781 βασιλείας,
1350 2709 1636 2769 ἰουλιανόν
1662 2712 1753 2765 τὸν

163 2798 384 2868 ἀδελφὺν
418 2798 512 2852 τοῦ
545 2798 747 2854 Γάλλου
773 2801 839 2853 ἐκ
862 2800 963 2871 τῆς
1003 2800 1211 2865 Ἰωνίας
1252 2801 1752 2872 μεταπεμψάμενος

165 2892 219 2943 ἐν
245 2894 310 2962 τῇ
340 2890 675 2963 Μεδιολάνῳ,
710 2891 971 2961 Καίσαρα
1003 2892 1299 2959 ἀνέδειξεν,
1351 2894 1447 2947 καὶ
1464 2895 1564 2963 τὴν
1593 2894 1751 2947 ἀδελ-

165 2984 265 3053 φὴν
293 2983 445 3054 αύτῷ
470 2984 570 3056 τὴν
613 2983 815 3037 ἑαυτοῦ
857 2983 1079 3055 Ἑλένην
1108 2986 1187 3048 είς
1213 2985 1393 3055 γάμον
1415 2985 1624 3049 ἐκδοὺς,
1658 2986 1751 3039 καὶ

166 3075 229 3129 τά
257 3075 426 3130 πιστὰ
459 3077 596 3148 πρὸς
630 3076 793 3131 αὑτὸν
845 3075 1241 3148 ποιησάμενος,
1286 3076 1478 3131 τοῦτον
1512 3077 1612 3147 μὲν
1666 3078 1752 3145 ἐξ·

168 3168 407 3239 ἐπεμψεν
422 3170 502 3233 εἰς
517 3170 614 3231 τὰς
639 3167 870 3234 Γαλλίας
897 3168 1116 3238 φύλακα
1137 3169 1236 3240 τῆς
1259 3169 1439 3223 ἐκεῖσε
1468 3169 1752 3239 βασιλείας

1853 1966 1978 2022 Htec
2010 1967 2157 2025 facta
2181 1979 2385 2027 suntet
2400 1974 2467 2029 de
2495 1974 2653 2030 Callo
2683 1989 3043 2049 sumpserunt
3074 1982 3435 2052 supplicium.

1852 2056 2216 2117 Constantius
2245 2062 2313 2119 de
2337 2064 2507 2120 rebus
2537 2065 2775 2135 publicis
2807 2069 3105 2136 sollicitus,
3143 2072 3292 2141 quod
3326 2087 3439 2129 non

1851 2161 2041 2215 posset
2088 2154 2242 2210 solus
2298 2157 2473 2210 totius
2528 2157 2747 2229 imperii
2796 2161 3045 2228 regimen
3075 2178 3436 2229 =assumere,

1852 2246 2157 2314 praesertim
2227 2260 2354 2302 cum
2403 2247 2608 2304 Galatae
2659 2252 3077 2322 promptissime
3112 2261 3168 2310 et
3215 2254 3440 2326 quando

1851 2337 2056 2392 vellent
2101 2337 2170 2393 ad
2239 2339 2567 2397 seditionem
2612 2341 3005 2410 incitarentur,
3044 2353 3159 2401 tum
3212 2355 3441 2418 propter

1853 2429 2111 2497 corporis
2133 2430 2304 2496 vires,
2338 2439 2455 2485 tum
2507 2441 2732 2503 propter
2782 2434 2955 2490 animi
2988 2436 3298 2506 levitatem,
3323 2442 3438 2509 jam

1851 2518 2165 2577 ducebatur
2189 2523 2515 2594 poenitentia
2542 2525 2688 2596 quod
2712 2522 2929 2581 Gallum
2959 2529 3139 2599 capite
3177 2530 3439 2587 damnas-

1853 2623 1958 2669 set.
1993 2613 2062 2669 Et
2096 2630 2220 2670 cum
2254 2624 2568 2687 reputasset
2608 2618 3055 2689 consanguineos
3083 2637 3208 2678 esse
3243 2630 3440 2679 exter-

1854 2706 1944 2762 nis
1970 2715 2027 2763 et
2080 2708 2278 2764 alienis
2303 2710 2462 2779 longe
2494 2709 2727 2765 tutiores
2754 2711 2823 2765 ad
2846 2712 3063 2782 imperii
3089 2713 3439 2779 societatem,

1851 2794 2165 2866 Julianum,
2234 2797 2475 2853 fratrem
2533 2796 2703 2864 Galli,
2738 2814 2806 2855 ex
2854 2800 3013 2855 lonia
3068 2799 3438 2857 Mediolanum

1863 2892 2229 2959 accersitum,
2270 2893 2544 2949 Caesarem
2589 2893 2845 2958 creavit;
2898 2906 3140 2962 cumque
3189 2909 3439 2951 sororem

1857 2998 2017 3037 suam
2080 2982 2345 3039 Helenam
2378 2984 2429 3040 ei
2463 2983 2823 3038 matrimonio
2853 2981 3155 3052 junxisset,
3219 2993 3275 3040 et
3304 2986 3440 3063 .ejus

1856 3075 2019 3131 Iidem
2044 3076 2375 3146 accepisset,
2397 3091 2525 3131 eum
2550 3075 2776 3147 quidem
2812 3074 2868 3130 in
2898 3074 3109 3132 Gallias
3136 3078 3441 3141 misit,illic

1855 3167 2150 3224 custodem
2189 3168 2409 3239 imperii
2446 3168 2695 3224 futurum
2730 3184 2746 3234 ;
2797 3168 2921 3239 ipse
2952 3175 3141 3226 autem
3171 3170 3226 3225 in
3260 3169 3440 3242 Illyri-

167 3261 451 3332 ἐσόμενον·
482 3260 640 3326 αὐτὸς
674 3260 732 3315 δέ
761 3262 845 3327 είς
885 3260 1178 3332 Ἰλλυριοὺς
1198 3261 1560 3332 ἀφικόμενος,
1583 3263 1640 3315 ἐν
1670 3262 1751 3334 τῷ

1856 3275 1984 3317 cum
2013 3260 2247 3316 veniens
2275 3260 2511 3330 degebat
2546 3258 2763 3315 Sirmii.

166 3354 369 3428 Σιρμίῳ
393 3352 602 3426 διῆγεν.

235 3499 333 3559 ις’.
386 3490 653 3556 Ἀκούσας
704 3491 763 3545 δὲ
794 3488 971 3545 ταῦτα
1029 3491 1117 3545 ὅτι
1145 3490 1196 3545 οἱ
1236 3486 1501 3585 πέρανὴμ
1536 3491 1749 3564 Ἰστρου

1856 3458 2013 3559 5:416.
2045 3501 2150 3557 Sed
2201 3516 2328 3555 cum
2382 3499 2687 3555 audivisset
2740 3500 3013 3557 Barbaros
3056 3502 3150 3573 qui
3199 3505 3444 3575 agebant

169 3584 426 3657 βάρϐαροι
469 3582 753 3655 μέλλουσιν
776 3584 1197 3655 ἐπιστρατεύειν
1221 3585 1287 3655 τῇ
1313 3584 1427 3638 τῶν
1453 3582 1753 3654 Ῥωμαίων

168 3680 323 3752 ἀρχῇ,
375 3677 598 3750 ἀπάρας
630 3676 739 3732 ἀπὸ
785 3675 883 3731 τοῦ
926 3675 1153 3749 Σιρμίου
1211 3677 1354 3749 πρὸς
1395 3677 1488 3733 τὸν
1538 3678 1755 3751 Ἴστρον

168 3771 336 3843 διέϐη,
389 3772 489 3827 καὶ⁵
517 3770 653 3843 πρὸς
694 3769 833 3842 αὐτῇ
884 3773 953 3842 τῇ
1004 3770 1139 3843 ϐχθῃ
1184 3770 1381 3841 χρόνον
1412 3771 1513 3824 οὐκ
1568 3771 1755 3841 ὀλίγον

170 3867 419 3935 ποιήσας,
470 3863 596 3916 ἐπεὶ
622 3861 694 3916 τά
721 3861 831 3917 τῶν
889 3861 1185 3934 βαρϐάρων
1234 3862 1434 3935 ¹Ιίρέμει
1470 3861 1621 3936 [352]
1653 3880 1752 3918 συ-

172 3960 435 4027 στήματα,
463 3955 631 4010 πάλιν
661 3955 756 4009 ἐπὶ
778 3955 877 4028 τὴν
900 3955 1125 4027 Θράκην
1152 3954 1405 4026 ήλαυνεψ
1434 3956 1556 4009 ἐπεὶ
1593 3956 1652 4010 δὲ
1693 3958 1753 4011 ἐν

178 4046 451 4120 Ὀδρυσοῐς
512 4045 779 4117 ἐτύγχανε
844 4043 1108 4114 γενονὼς,
1176 4044 1306 4098 ἔνθα
1349 4044 1505 4099 πόλιν
1557 4046 1752 4111 κτίσας

180 4142 449 4214 Ἀδριανὸς
463 4143 491 4196 ὀ
521 4140 776 4212 βασιλεὺς
794 4140 892 4212 τὴν
911 4140 1105 4193 ἐαυτοῦ
1118 4138 1477 4194 καταλέλοιπε
1502 4140 1579 4211 τῷ
1604 4141 1755 4211 τόπῳ

174 4235 559 4308 προσηγορίαν,
578 4233 810 4288 ἐπύθετο
836 4232 973 4304 πρός
997 4248 1141 4295 τινος
1172 4230 1283 4285 τῶν
1309 4231 1646 4297 ἐπισκόπων,
1677 4231 1754 4295 ὡς

170 4328 232 4383 τὰ
264 4329 492 4399 σώματα
520 4328 630 4382 τῶν
679 4325 774 4381 τοῦ
821 4324 1059 4395 Χριστοῦ
1115 4324 1434 4380 ἀποστόλων
1501 4324 1754 4398 Ἀνδρέου

170 4422 256 4475 καὶ
286 4423 491 4487 Δουκᾶ,
517 4423 575 4475 ἐν
608 4420 803 4491 Ἀχαΐᾳ
850 4418 1173 4489 τεθαμμένα
1204 4419 1589 4489 τυγχάνουσιν,
1633 4419 1755 4472 Ἀν-

170 4514 313 4584 δρέου
352 4514 454 4585 μὲν
482 4515 538 4567 ἐν
559 4514 824 4583 Πάτραις,
856 4512 1045 4565 Λουκᾶ
1065 4510 1122 4564 δὲ
1154 4512 1213 4564 ἐν
1242 4510 1450 4581 Θήϐαις
1475 4510 1575 4582 τῆς
1595 4511 1756 4564 Βοιω-

1853 3604 2013 3653 trans
2034 3595 2369 3657 Danubium,
2394 3594 2665 3650 ducturos
2686 3607 2809 3649 esse
2835 3594 3140 3649 exercitum
3170 3595 3440 3654 adversus

1854 3686 2233 3743 Romanorum
2264 3685 2586 3756 imperium,
2634 3683 2921 3756 prolectus
2954 3683 3164 3741 Sirmio
3185 3687 3335 3743 venit
3368 3688 3439 3743 ad

1857 3777 2192 3841 Danubium,
2217 3784 2273 3831 et
2305 3776 2372 3830 ad
2400 3774 2577 3846 ipsam
2597 3778 2773 3849 ripam
2800 3784 3016 3847 tempus
3036 3792 3148 3831 non
3180 3779 3440 3850 exiguum

1852 3874 2250 3933 commoratus,
2282 3867 2377 3923 ubi
2409 3867 2548 3922 vidit
2576 3867 2951 3925 Barbarorum
2988 3878 3199 3926 turmas
3217 3870 3343 3926 loco
3379 3888 3442 3929 se

1852 3978 1964 4017 non
1993 3977 2234 4026 movere,
2259 3976 2459 4017 rursus
2508 3976 2733 4017 cursum
2789 3960 2992 4016 direxit
3032 3962 3086 4016 in
3116 3960 3438 4018 Thraciam.

1852 4053 2156 4125 Postquam
2221 4052 2369 4124 apud
2426 4051 2677 4109 Odrusos
2736 4053 3003 4119 devenit,
3051 4071 3288 4126 quorum
3341 4072 3439 4112 rex

1856 4147 2134 4202 Adrianus
2192 4146 2400 4202 civitati
2430 4160 2458 4199 a
2500 4160 2561 4201 se
2599 4145 3106 4201 aediﬁcataenomen
3147 4164 3307 4202 suum
3335 4148 3469 4203 im-.

1855 4243 2138 4308 posuerat,
2165 4235 2361 4290 didicit
2388 4250 2417 4288 a
2452 4234 2693 4305 quodam
2722 4235 2988 4305 episc0po
3011 4250 3246 4305 corpora
3276 4236 3436 4291 Chri-

1857 4329 1925 4385 sti
1951 4330 2328 4400 apostolorum
2353 4328 2589 4383 Andreae
2611 4338 2662 4383 et
2696 4326 2860 4383 anae
2886 4328 2940 4382 in
2974 4328 3186 4384 Achaia
3220 4328 3449 4400 sepulta-

1851 4420 2059 4493 jacere,
2088 4419 2323 4475 Andreae
2360 4418 2579 4490 quidem
2611 4417 2817 4481 Patris,
2847 4414 3015 4473 Luca:
3046 4428 3233 4475 autem
3293 4420 3441 4475 The-

1860 4513 1946 4570 bis
1970 4513 2214 4569 Bmotiaz.
2254 4512 2386 4578 Quae
2413 4519 2473 4566 ut
2499 4510 2709 4566 audivit
2732 4511 3033 4581 imperator
3061 4511 3439 4577 Constantius,

171 4608 301 4671 τὶας.
341 4608 434 4672 Ὧς
464 4602 557 4661 οὖν
590 4608 823 4679 ἤκουσεν
860 4607 889 4659 6
937 4604 1195 4675 βασιλεὺς
1238 4602 1413 4658 ταῦτα
1455 4602 1747 4658 Κωνστάνο

1859 4608 2077 4663 laetatus
2112 4612 2197 4662 est
2258 4604 2479 4669 nuntio,
2512 4614 2564 4660 et
2591 4604 2927 4660 exclamavit
2960 4620 3095 4661 voce
3141 4621 3361 4677 magna,
3387 4616 3445 4662 et

174 4701 460 4773 τιος,ἦσθη
477 4716 537 4753 τε
568 4698 645 4770 τῷ
664 4698 809 4769 λόγῳ
837 4697 933 4751 καὶ
964 4699 1060 4750 ἐπὶ
1088 4695 1231 4767 μέγα
1262 4696 1478 4768 ἐϐόησε,
1504 4696 1756 4768 καὶπρὸς

174 4794 288 4857 τοὺς
322 4793 599 4865 παρόντας
632 4792 801 4863 φησί’
834 4789 1121 4845 Καλέσατέ
1175 4788 1263 4860 μοι
1308 4790 1616 4861 Ἀρτέμιον.
1646 4790 1755 4843 Τοῦ

175 4884 226 4937 δὲ
251 4886 415 4957 τάχος
449 4882 931 4956 παραγεναμένου,
949 4881 1242 4952 Συγχαίρω
1264 4898 1367 4947 σοι,
1400 4881 1527 4952 ἐφη,
1547 4882 1758 4954 ἀνδρῶν

176 4978 424 5032 ἁπάντων
452 4976 858 5046 θεοφιλέστατε.
902 4974 961 5027 '0
989 4973 1047 5027 δὲ
1082 4974 1218 5044 πρὸς
1240 4972 1403 5027 αὐτόν
1423 4990 1437 5004 ⁸
1490 4973 1601 5028 Καὶ
1641 4974 1759 5043 εἴης

179 5086 264 5137 μοι
287 5070 649 5141 κεχαρμένος,
685 5061 730 5121 ὦ
761 5065 984 5138 βασιλεύ
1004 5107 1019 5132 ,
1045 5064 1140 5117 διὰ.
1163 5064 1384 5129 παντὸς,
1420 5066 1514 5118 κοιλ⁵
1544 5066 1759 5136 μήποτέ

176 5178 231 5215 σε
254 5162 361 5217 τῶν
390 5163 640 5235 ὀχληρῶν
664 5179 720 5216 τι
741 5158 1143 5231 καταλήψεται.
1166 5159 1277 5213 Καὶ
1302 5159 1330 5209 ό
1366 5158 1639 5229 βασιλεύς·
1662 5161 1764 5229 Ζη-

176 5255 280 5319 τείς
304 5255 363 5310 δέ
396 5272 449 5309 τι
489 5255 943 5326 χαριωδέστερον,
980 5246 1026 5305 ὦ
1057 5251 1230 5319 φίλων
1258 5252 1470 5322 ἄριστε,
1502 5251 1602 5321 τῆς
1647 5250 1760 5305 τῶν

181 5348 439 5416 σωμάτων
463 5347 573 5402 τῶν
588 5346 683 5400 τοῦ
710 5343 951 5415 Χριστοῦ
986 5340 1302 5396 ἀποστόλων
1324 5340 1620 5411 εύρέσεως;
1650 5340 1761 5394 Kal.

181 5436 206 5486 ὁ
238 5440 405 5507 μέγας
442 5438 752 5509 ’Λρτέμιοςο
780 5436 878 5499 Τίς
907 5434 1005 5489 καὶ
1029 5432 1217 5499 πόθεν,
1242 5424 1289 5486 ὧ
1310 5431 1566 5497 δέσποτα,
1598 5434 1627 5485 ὀ
1645 5431 1764 5487 τοῦ·

178 5542 264 5588 το)
284 5536 418 5606 ήμῖν
443 5534 536 5587 τὸν
561 5531 834 5603 θησαυρὸν
854 5526 1179 5600 φανερώσας
1203 5526 1265 5579 τὸ
1291 5525 1565 5597 τήμερον;
1597 5526 1762 5581 Καὶό

184 5627 565 5692 κωνστάντιος.
605 5627 667 5679 Ὀ
696 5624 799 5695 τῆς
841 5622 1065 5693 Ἀχαΐας
1128 5618 1429 5682 ἐπίσκοπος
1460 5620 1489 5671 ὀ
1524 5617 1621 5673 νῦν
1664 5620 1764 5689 ἐφ-

181 5722 377 5792 ορεύων
397 5724 455 5777 ἐν
482 5720 748 5792 Πάτραις
770 5715 886 5772 ἀλλ’
902 5713 1084 5778 ἄπιθι,
1106 5710 1318 5783 ἀνδρῶν
1338 5710 1551 5780 ἄριστε,
1586 5709 1764 5765 καὶτὸ

182 5816 335 5886 τάχος
388 5818 449 5871 ἐν
491 5806 1075 5871 κωνσταντινουπόλει
1138 5804 1239 5875 τὴν
1302 5803 1507 5858 τούτων
1577 5802 1761 5859 ἄνοδον

186 5908 421 5979 ⁴ποίησον.

1861 4696 2181 4753 astantibus
2241 4695 2385 4750 dixit
2431 4694 2692 4750 :Vocate
2745 4694 2880 4749 milii
2943 4696 3275 4751 Artemium.
3338 4696 3441 4753 Cui

1858 4791 2045 4847 statim
2093 4786 2349 4860 praesenti
2383 4788 2792 4857 :Congratnlor
2822 4788 2944 4854 tibi,
2968 4788 3187 4859 inquit,
3218 4788 3303 4843 vir
3330 4804 3445 4844 om-

1858 4885 2012 4937 nium
2068 4878 2509 4950 religiosissime.
2562 4877 2870 4948 Respondit
2932 4879 3265 4935 Artemius:
3309 4877 3444 4935 Mihi

1859 4983 2128 5046 perpetuo
2154 4973 2381 5034 laeteris,
2417 4969 2741 5039 imperator,
2767 4986 2869 5024 nec
2890 4970 3194 5042 quidquam
3223 4972 3445 5027 molesti

1862 5082 2104 5138 unquam
2158 5073 2214 5120 te
2288 5062 2747 5133 comprehendat.
2815 5063 3120 5131 Imperator
3183 5072 3366 5117 autem
3427 5084 3441 5119 :

1861 5160 2151 5226 Quaerisne
2176 5154 2383 5226 aliquid
2421 5153 2750 5224 jucundius,
2781 5168 2816 5208 o
2841 5154 3148 5207 amicorum
3215 5155 3446 5222 optime,

1863 5250 2187 5306 inventione
2214 5260 2507 5316 corporum
2539 5243 2748 5299 Christi
2776 5242 3159 5313 apostolorum
3177 5242 3447 5315 ?Magnus

1861 5357 1995 5399 vero
2047 5341 2330 5395 Artemius
2369 5355 2380 5391 :
2415 5338 2553 5402 Quis
2589 5344 2645 5391 et
2674 5336 2841 5399 unde,
2903 5337 3107 5406 inquit,
3155 5336 3302 5391 hunc
3329 5337 3450 5393 the-

1863 5449 2093 5493 saurum
2141 5431 2307 5487 nobis
2358 5429 2525 5485 hodie
2585 5428 2987 5484 revelavit?Et
3028 5427 3447 5485 Constantius:

1864 5530 2091 5586 Achaiae
2153 5527 2502 5599 episcopus,
2550 5524 2647 5595 qui
2706 5538 2859 5580 nunc
2913 5522 3178 5596 praesidet
3238 5521 3447 5579 Patris.

1868 5623 1976 5681 Sed
2028 5624 2199 5686 vade,
2258 5621 2507 5675 virorum
2574 5617 2829 5689 optime,
2887 5633 3065 5694 eaque
3112 5617 3236 5674 sine
3296 5629 3449 5673 mora

1864 5713 2414 5786 Constantinopolim
2447 5719 2699 5783 cxporta.
