4026 6414
629 445 765 514 1267

698 565 785 619 l7.
808 560 937 617 Haec
991 572 1117 614 cum
1152 557 1225 612 ab
1263 556 1598 627 imperatore
1623 552 1930 609 audivisset
1965 567 2203 623 magnus
2232 554 2281 611 Α

620 654 929 718 Artemius,
980 652 1088 706 iter
1119 648 1355 705 intendit
1376 647 1446 703 ad
1476 649 1787 718 apostolos,
1816 644 2205 701 sanctissimas

622 763 815 803 eorum
861 743 1128 815 reliquias
1197 741 1739 811 Constantinopolim
1799 739 2203 795 translaturus.

626 838 886 895 Historiae
952 837 1194 906 scriptor
1230 834 1434 890 similia
1486 833 1655 888 tradit
1689 832 1758 888 de
1792 829 2121 887 Constantio
2149 836 2208 885 et

624 940 883 1003 martyre.
946 929 1161 983 Dicitur
1223 926 1373 981 enim
1437 924 1801 980 Constantius
1859 937 1973 977 non
2013 920 2198 977 solum

627 1022 799 1077 divini
834 1020 1019 1076 cultus
1078 1018 1365 1074 studiosus
1400 1025 1456 1072 et
1504 1031 1698 1070 amans
1731 1013 1927 1079 fuisse,
1967 1013 2095 1067 licet
2134 1010 2206 1066 ad

622 1114 886 1170 Arianam
911 1111 1276 1167 declinaverit
1305 1110 1581 1175 haeresim,
1612 1109 1680 1162 ab
1708 1108 1878 1178 impio
1905 1115 1960 1162 et
1991 1104 2206 1160 nefario

626 1205 885 1268 Eusebio,
940 1201 1277 1259 Nicomediae
1332 1202 1622 1272 episcono,
1676 1200 1981 1270 impulsus,
2017 1197 2112 1255 sed
2146 1198 2203 1253 in

624 1297 856 1369 reliquis
904 1310 1127 1368 quoque
1178 1296 1305 1349 vitae
1334 1293 1589 1363 partibus
1641 1301 1978 1361 temperans,
2007 1299 2064 1345 et
2104 1289 2205 1346 de-

624 1391 821 1447 eentiae
874 1390 1113 1444 maxime
1164 1388 1447 1451 curiosus,
1507 1394 1562 1439 et
1623 1400 1834 1454 magna:
1887 1384 2206 1439 sobrietatis

626 1484 680 1537 in
712 1484 862 1537 victu
896 1496 962 1536 ac
996 1481 1212 1551 reliquo
1270 1476 1487 1533 vivendi
1517 1476 1700 1531 modo.
1732 1475 2026 1531 Maximam
2050 1482 2205 1531 certe

625 1574 885 1629 ecclesiis
933 1572 1287 1643 impendebat
1318 1584 1539 1633 curam,
1573 1578 1631 1623 ut
1667 1568 1760 1638 qui
1802 1576 2014 1638 patrem
2042 1582 2203 1620 suum

629 1666 817 1722 studio
875 1665 1023 1720 circa
1063 1665 1188 1719 illas
1222 1664 1382 1733 longe
1425 1676 1694 1732 superare
1724 1660 1985 1714 ambiret.
2020 1658 2207 1713 Eccle-

625 1758 763 1812 siam
795 1772 1017 1827 quoque
1047 1755 1343 1810 maximam
1374 1753 1665 1808 aedificavit
1696 1753 1752 1806 in
1784 1753 1921 1806 urbe
1949 1760 2201 1821 paterna,

626 1865 656 1903 a
678 1847 1037 1904 fundamento
1067 1862 1209 1919 Opus
1246 1846 1539 1916 incipiens,
1574 1845 1703 1899 licet
1730 1847 1843 1914 jam
1875 1844 2199 1897 adventaret

2058 438 2315 501 ADDEN
2324 440 2447 502 DA.

2382 554 2469 618 ιζ’.
2503 550 2692 607 Ταῦτα
2735 550 2887 624 παρὰ
2920 552 3016 607 τοῦ
3060 552 3329 624 βασιλέως
3358 554 3600 619 ἀκούσας
3648 556 3679 609 6
3725 558 3878 626 μέγας

2322 644 2629 718 ’Δρτέμιος,
2649 646 2948 715 ἐπορεύετο
2973 645 3073 717 τὴν
3106 647 3200 699 ἐπὶ
3243 647 3374 711 τοὺς
3403 646 3736 710 ἀποστόλους
3753 649 3877 711 ὀῦδν,

2306 736 2657 806 ἀνακομίσων
2707 736 2778 790 τὰ
2832 734 3039 790 τούτων
3098 739 3346 807 πανάγια
3400 738 3632 808 λείψανα
3662 740 3755 793 ἐπὶ
3794 741 3879 811 τὴν

2307 825 2919 881 Κωνσταντινούπολινο
2967 826 2997 878 6
3061 828 3120 883 δὲ
3178 829 3277 901 τὴν
3346 830 3587 901 ἱστορίαν
3643 831 3877 901 γράφων,

2305 922 2535 977 τοιαῦτα
2569 923 2700 993 περὶ
2722 923 3106 977 Κωνσταντίου
3137 924 3349 978 καὶτοῦ
3378 926 3657 996 μάρτυρος
3674 926 3877 995 φάσκει.

2306 1014 2539 1084 Λέγεται
2572 1014 2636 1086 δὴ
2676 1016 2804 1087 περὶ
2849 1016 3231 1071 Κωνσταντίου
3254 1018 3339 1071 ὅτι
3362 1018 3425 1073 οὐ
3460 1019 3618 1089 μόνον
3640 1019 3711 1073 τά
3761 1020 3879 1090 πρὸς

2306 1105 2441 1159 Θεὸν
2475 1106 2762 1170 σπουδαῖός
2787 1124 2847 1159 τε
2876 1108 2971 1160 καὶ
2996 1107 3259 1178 ἐράσμιος
3282 1109 3551 1180 ὑπῆρχεν,
3568 1111 3615 1162 εί
3642 1110 3737 1161 καὶ
3760 1110 3878 1180 πρὸς

2306 1198 2407 1268 τὴν
2436 1198 2783 1270 Ἀρειανικὴν
2815 1198 3107 1252 ἀπέκλινεν
3158 1200 3394 1270 αἵρεσιν,
3432 1200 3539 1253 ὑπὸ
3570 1200 3669 1253 τοῦ
3705 1201 3877 1254 δυσσε-

2307 1285 2436 1348 ϐοῦς
2460 1304 2520 1340 τε
2544 1287 2637 1340 καὶ
2656 1288 2970 1342 ἀθεωτάτου
2998 1288 3261 1344 Εὑσεόίου
3289 1290 3383 1343 τοῦ
3412 1289 3516 1360 τῆς
3537 1290 3875 1361 Νικομηδείατ

2307 1378 2610 1432 ἐπισκόπου
2636 1378 3005 1443 συνελασθεὶς,
3034 1380 3160 1433 ἐπεὶ
3189 1381 3259 1434 τά
3284 1398 3349 1449 γε
3380 1380 3517 1435 ἄλλα
3546 1380 3782 1451 μέτριος,
3798 1382 3875 1434 καὶ

2307 1467 2726 1539 εὐσχημοσύνης
2749 1471 2805 1534 ἐς
2832 1470 2903 1523 τὰ
2932 1471 3170 1542 μάλιστα
3197 1472 3463 1541 ὲπιμελού
3473 1489 3652 1544 μενος,
3679 1476 3770 1527 καὶ
3791 1491 3877 1527 σω-

2308 1561 2582 1630 φροσύνης
2609 1559 2759 1633 [553]
2787 1561 2963 1633 ἄκρας
2992 1564 3398 1636 ἐπειλημμένος
3420 1566 3549 1637 περί
3571 1583 3628 1617 τε
3649 1566 3878 1635 τὴνδίαιο

2306 1670 2406 1705 ταν
2436 1653 2529 1705 καὶ
2549 1652 2640 1705 τὸν
2664 1652 2825 1707 ἄλλον
2858 1654 3060 1724 τρόπον
3088 1672 3103 1687 ο
3141 1656 3237 1708 καὶ
3271 1656 3535 1727 πλείστην
3554 1673 3616 1725 γε
3662 1656 3759 1727 τὴν
3811 1660 3876 1718 εἰς

2306 1745 2406 1809 τὰς
2439 1745 2738 1816 ἐκκλησίας
2788 1749 3029 1802 ἐποιεῖτο
3057 1744 3321 1820 σπουδὴν,
3357 1751 3560 1820 μακρῷ
3583 1748 3673 1802 τὸν
3703 1750 3875 1802 ἑαυτοῦ

2307 1837 2522 1908 πατέρα
2548 1839 2671 1901 ταῖς
2714 1838 2842 1909 περὶ
2881 1839 3055 1892 ταῦτα
3106 1839 3442 1910 προθυμίαις
3498 1839 3876 1911 ὑπερϐαλέσθει

625 1950 904 1997 senectus.
945 1939 1011 1994 Et
1043 1916 1217 2011 patris
1240 1938 1554 2009 sepulcrum
1587 1943 1908 1999 veneratus,
1936 1935 2201 2005 templum

2309 1929 2782 2000 φιλοτιμούμενος.
2814 1931 2924 1985 Καὶ
2960 1933 3062 2002 τήν
3105 1951 3165 1986 τε
3197 1933 3496 2003 ἐκκλησίαν
3530 1933 3772 2003 ἐδείματο
3795 1936 3877 2003 τὴν

624 2032 830 2087 ibidem
890 2033 1085 2096 erexit,
1155 2030 1457 2085 maximum
1501 2025 1904 2089 sanctuarium,
1960 2024 2051 2079 ubi
2084 2024 2202 2079 An-

625 2122 812 2178 dream
842 2138 910 2178 ex
938 2121 1148 2177 Achaia
1177 2120 1533 2183 translatum,
1574 2124 1632 2170 ut
1660 2131 1829 2185 supra
1854 2115 2061 2170 dictum
2093 2122 2200 2179 est,

624 2215 893 2285 reposuit,
955 2230 1063 2271 una
1124 2229 1251 2270 cum
1306 2210 1647 2283 evangelista
1716 2210 1865 2265 Luca
1919 2224 1986 2263 ex
2017 2209 2203 2263 eadem

623 2309 857 2373 Achaia,
922 2316 977 2365 et
1034 2307 1325 2363 Timotheo
1390 2320 1455 2360 ex
1518 2303 1740 2374 Epheso
1806 2299 1974 2355 lonia:
2021 2307 2207 2354 trans-

626 2401 761 2459 lato.

2312 2025 2577 2095 μεγίστην
2601 2027 2658 2079 ὲν
2682 2028 2746 2097 τῇ
2781 2025 2935 2082 πόλει
2966 2027 3059 2081 τοῦ
3089 2030 3319 2101 πατρὸς,
3336 2029 3567 2097 πλησίον
3595 2030 3691 2099 τῆς
3710 2046 3877 2098 γερου-

2312 2116 2456 2180 σίας,
2489 2116 2735 2171 κάτωθεν
2782 2117 2875 2171 τοῦ
2912 2118 3077 2190 ἔργου
3107 2120 3204 2173 καὶ
3234 2121 3300 2175 ἐκ
3341 2119 3625 2191 κρηπίδων
3655 2117 3874 2189 ἀρξάμε-

2311 2227 2401 2274 νος
2426 2228 2441 2244 ο
2486 2214 2581 2264 καὶ
2609 2212 2702 2266 τὸν
2728 2213 2823 2267 τοῦ
2883 2214 3094 2285 πατρὸς
3118 2216 3289 2286 τάφον
3317 2216 3519 2287 τιμῶν,
3544 2214 3676 2269 νεὼν
3695 2215 3872 2283 tique.

2310 2303 2588 2376 δομήσατο
2613 2306 2871 2375 μέγιστον
2899 2310 3016 2361 ὲκεῖ
3043 2308 3498 2381 θρησκευτήριον’
3527 2308 3625 2363 καὶ
3649 2306 3872 2379 Ἀνδρέαν

2313 2397 2406 2450 τὸν
2437 2400 2734 2453 ἀπόστολον
2769 2402 2835 2453 ὲκ
2863 2400 2966 2467 τῆς
2997 2401 3223 2471 ’Λχαῖας
3257 2401 3625 2474 μετενεγκὼν,
3668 2400 3739 2464 ὡς
3763 2416 3873 2469 προ-

624 2491 789 2563 έφην,
814 2494 933 2547 ἐκεῖ
960 2492 1297 2565 μετέθηκενο
1334 2490 1426 2546 καὶ
1455 2490 1674 2562 μήνκαὶ
1692 2491 1909 2544 Λουκᾶν
1935 2487 2026 2541 τὸν
2054 2487 2453 2563 εὐαγγελιστὴν
2501 2493 2565 2546 ὲκ
2614 2494 2713 2563 τῆς
2756 2494 2930 2565 αὐτῆς
2995 2495 3298 2568 μετέθηκεν
3355 2497 3581 2569 ’Δχαῖας
3608 2536 3624 2561 ,
3676 2499 3763 2551 καὶ
3797 2499 3869 2551 Τις

627 2584 820 2657 μόθεον
843 2585 905 2651 ἐξ
938 2585 1169 2656 Ἐφέσου
1188 2585 1290 2656 τῆς
1335 2586 1563 2650 Ἰωνίας.

700 2731 787 2787 18.
815 2726 1099 2785 Artemius
1130 2729 1303 2800 igitur
1353 2729 1495 2784 inter
1544 2730 1785 2799 optimos
1821 2728 1977 2783 viros
2007 2726 2201 2798 jussus

626 2822 807 2876 fuerat
861 2820 1057 2874 horum
1126 2824 1450 2873 sanctorum
1516 2817 1937 2871 translationem
1986 2828 2204 2868 curare.

2385 2733 2473 2798 ιη’.
2504 2727 2562 2781 '0
2587 2725 2643 2779 δὲ
2668 2721 2737 2798 ἦν
2765 2725 2875 2781 τῶν
2898 2743 2962 2797 γε
2992 2726 3056 2798 δὴ
3093 2725 3382 2797 βελτίστων
3413 2723 3715 2796 ἀνθρώπων
3737 2725 3765 2779 6
3792 2727 3874 2795 τὴι

2310 2819 2630 2891 διακομιδὴν
2684 2819 2891 2873 τούτων
2955 2819 3290 2891 ποιήσασθαι
3350 2819 3733 2890 προσταχθείς.
3782 2819 3874 2871 Καὶ

626 2914 685 2968 1η
723 2908 1014 2982 praemium
1052 2925 1189 2964 vero
1218 2907 1515 2963 ministerii
1540 2947 1557 2973 ,
1610 2909 1934 2979 imperator,
1967 2903 2207 2975 roganti-

2312 2912 2485 2982 γέρας
2523 2927 2587 2978 γε
2635 2911 2783 2981 αὐτῷ
2810 2912 2909 2983 τῆς
2940 2910 3288 2983 λειτουργίας
3321 2912 3349 2964 6
3381 2909 3660 2980 βασιλεὺς,
3681 2910 3872 2980 δεηθέν-

627 3005 733 3058 bus
760 3001 1041 3073 episcopis
1067 3041 1083 3067 ,
1117 2999 1416 3072 Egyptum
1460 3001 1508 3054 ei
1542 3000 1741 3054 tribuit
1784 2996 2106 3070 regendam.
2142 2996 2207 3050 Et

2308 3020 2416 3056 των
2480 3002 2588 3056 τῶν
2635 3003 2971 3069 ἐπισκόπων,
3018 3002 3119 3076 τὴν
3149 3002 3249 3074 τῆς
3291 3001 3574 3071 Αἰγύπτου
3634 3000 3873 3073 παρέτχεν

628 3094 745 3150 hinc
802 3091 1022 3163 quidem
1076 3092 1242 3146 habet
1289 3091 1357 3145 de
1406 3099 1648 3162 martyre
1692 3091 1939 3145 historia:
1987 3098 2202 3151 auctor,

626 3184 1016 3240 testimonium
1046 3183 1095 3238 ei
1126 3184 1401 3254 praebens,
1445 3182 1595 3252 quod
1631 3184 1798 3238 etiam
1842 3188 1971 3235 ante
1998 3187 2207 3251 marty-

628 3277 695 3330 rii
731 3274 1039 3331 certamina
1071 3275 1138 3327 ab
1166 3274 1429 3328 omnibus
1458 3281 1685 3343 prapter
1714 3272 2046 3327 eminentem
2080 3271 2208 3326 vita:

627 3367 980 3422 sanctitatem
1032 3364 1091 3418 in
1146 3364 1358 3421 honore
1403 3365 1474 3418 sit
1506 3363 1749 3419 habitus.
1806 3362 1965 3429 Quod
2018 3368 2204 3416 autem

627 3467 841 3530 spectat
881 3458 950 3513 ad
1001 3456 1244 3520 Lucam,
1290 3456 1344 3510 id
1391 3457 1639 3510 narravit
1688 3456 1984 3510 Anatolius
2025 3468 2206 3509 eunu-

627 3551 790 3613 chus,
820 3563 967 3603 unus
1002 3562 1032 3601 e
1072 3545 1440 3601 cubiculariis
1465 3584 1482 3609 ,
1514 3546 1608 3615 qui
1637 3544 1756 3615 ipse
1792 3545 1849 3600 in
1879 3560 1940 3601 se
1980 3542 2207 3615 pietatis

626 3640 883 3696 enectum
941 3639 1141 3693 sensit.
1194 3636 1387 3693 Refert
1440 3636 1610 3707 igitur
1675 3636 1977 3691 Anatolius
2023 3635 2119 3689 ille
2146 3649 2207 3689 se

626 3733 867 3805 graviter
896 3740 1160 3800 aegrotum
1193 3730 1558 3795 decubuisse,
1584 3738 1750 3799 atque
1783 3729 1919 3785 adeo
1952 3729 2205 3783 morbum

627 3824 932 3880 increvisse
966 3832 1025 3876 ut
1058 3822 1399 3877 medicorum
1436 3832 1609 3877 artem
1657 3831 1971 3894 superaret.
2003 3821 2207 3877 Phere-

627 3925 777 3971 trum
836 3929 994 3985 ergo,
1064 3914 1119 3968 in
1153 3929 1263 3984 quo
1308 3913 1561 3983 jacuerat
1601 3913 1779 3970 Lucas
1831 3922 2078 3983 tempore
2109 3928 2209 3967 na-

628 4006 958 4079 vigationis,
992 4020 1022 4059 a
1070 4006 1211 4059 mari
1256 4005 1324 4059 ad
1354 4005 1621 4075 templum
1662 4005 2046 4061 deducendum
2089 4005 2206 4074 ipse

625 4116 694 4157 ex
722 4101 930 4171 pietate
962 4097 1136 4155 subiit
1168 4106 1222 4152 et
1254 4112 1377 4152 cum
1408 4097 1607 4167 bajulis
1652 4102 1900 4168 portavit
1931 4113 2033 4167 pro
2064 4098 2203 4152 viri-

627 4197 731 4247 bus
762 4192 923 4256 suis;
977 4197 1033 4247 et
1068 4200 1218 4257 .tunc
1259 4189 1443 4244 subito
1486 4188 1755 4244 liberatus
1791 4197 1877 4245 est
1911 4205 1941 4243 a
1983 4192 2201 4255 morbo,

2307 3092 2502 3163 ἀρχήν.
2532 3092 2640 3145 Καὶ
2663 3094 2839 3147 ταῦτα
2871 3092 2972 3163 μὲν
2999 3093 3027 3146 6
3060 3092 3159 3163 τὴν
3185 3092 3427 3164 ἱστορίαν
3472 3092 3716 3161 συνάγων
3765 3111 3870 3162 περὶ

2305 3183 2401 3237 τοῦ
2436 3184 2733 3255 μάρτυρος,
2762 3185 3174 3257 συμμαρτυρῶν
3211 3185 3381 3255 αὐτῷ,
3418 3185 3502 3237 ὃτι
3531 3186 3625 3238 καὶ
3648 3185 3747 3253 πρὸ
3778 3185 3871 3236 τῶν

2306 3276 2406 3347 τῆς
2437 3277 2742 3349 μαρτυρίας
2758 3276 3009 3347 ἀγώνων,
3037 3281 3206 3333 πᾶσιν
3238 3278 3484 3349 ὑπῆρχεν
3510 3278 3774 3348 αἰδέσιμος
3797 3277 3871 3329 6:31

2308 3366 2407 3438 τὴν
2433 3368 2939 3440 άπαστράπτουσαν
2963 3370 3058 3424 τοῦ
3093 3370 3211 3441 βίου
3245 3368 3415 3422 αὑτοῦ
3432 3369 3656 3441 ἀρετήν.
3684 3368 3804 3439 Περὶ
3824 3368 3869 3419 δὲ

2306 3458 2404 3513 τοῦ
2440 3461 2627 3515 Λουκᾶ
2680 3461 2779 3515 καὶ
2822 3460 3031 3517 τοιόνδε
3067 3479 3120 3515 τι
3157 3460 3459 3532 διηγήσατο
3524 3458 3807 3520 ’Δνατόλιος
3846 3459 3869 3509 ὀ

2308 3548 2561 3621 εὐνοῦχος
2588 3550 2697 3605 τῶν
2741 3553 2808 3606 ὲκ
2839 3551 2933 3606 τοῦ
2962 3551 3239 3623 βασιλικοῦ
3292 3551 3577 3615 κοιτῶνος,
3608 3550 3759 3612 αὐτὸς
3796 3548 3865 3614 ἐφ’

2308 3643 2502 3696 ἑαυτοῦ
2528 3643 2626 3715 τὴν
2657 3645 2757 3714 τῆς
2774 3645 3055 3713 ἁγιστείας
3076 3648 3270 3715 πεῖραν
3290 3642 3864 3713 δεξάμενος.”Εφασκεν

2307 3731 2401 3789 οὖν
2435 3735 2590 3799 οὗτος
2644 3739 2673 3791 6
2711 3738 3019 3801 Ἀνατόλιος
3048 3736 3271 3806 φαύλως
3301 3735 3633 3802 διακεῖσθαι,
3665 3733 3749 3787 καὶ
3768 3734 3864 3803 psi-

2309 3823 2400 3889 ζον
2428 3825 2529 3896 ήδη
2586 3826 2647 3879 τὸ
2698 3826 2893 3891 πάθος,
2940 3826 3148 3897 ἦκατά
3200 3826 3300 3898 τὴν
3338 3826 3448 3879 τῶν
3506 3823 3705 3894 ἰατρῶν
3748 3818 3862 3875 εἶναι

2308 3918 2537 3990 τέχνην·
2568 3918 2669 3988 τῆς
2693 3915 2785 3973 οὖν
2832 3920 3101 3991 λάρνακος
3136 3921 3193 3972 ὲν
3242 3913 3707 3993 ᾖκατακείμενος
3747 3910 3807 3985 ἢν
3838 3914 3861 3964 6

2308 4013 2525 4075 Λουκᾶς
2555 4012 2741 4083 ἐπειδὴ
2763 4011 3317 4084 προσεπεπλεύκεσαν
3353 4013 3401 4064 οἱ
3429 4012 3653 4078 ἄγοντες
3699 4007 3860 4075 αὐτὴν.

2307 4101 2432 4172 ἄρτι
2461 4104 2524 4156 ὲκ
2548 4104 2648 4172 τῆς
2676 4103 2952 4173 θαλάσσης
2976 4103 3069 4156 ἐπὶ
3088 4102 3180 4156 τὸν
3212 4101 3349 4156 νεὼν
3378 4099 3752 4171 κομιζομένης,
3782 4099 3861 4151 αὖ·

2306 4194 2398 4259 τὸς
2439 4194 2544 4249 ὑπὸ
2562 4194 2872 4266 προθυμίας
2902 4194 3155 4248 ὑπελθεῖν
3186 4195 3279 4248 καὶ
3303 4192 3749 4248 συνδιασαστάσαι
3771 4192 3863 4250 τοίς

626 4288 847 4355 vitaque
906 4283 1029 4354 ejus
1095 4290 1394 4354 prorogata
1447 4280 1551 4336 fuit
1598 4282 1665 4337 ad
1738 4297 1847 4336 non
1900 4298 2202 4351 paucorum

2310 4286 2569 4358 φέρουσιν
2605 4286 2776 4355 αὐτὴν
2793 4288 2877 4357 ἐφ’
2902 4286 3027 4339 ὅσον
3056 4285 3207 4356 αὑτῷ
3231 4286 3301 4340 τά
3332 4286 3430 4357 τῆς
3458 4285 3729 4355 δυνάμεως
3750 4277 3863 4351 εἶχεν

626 4390 898 4431 annorum
955 4389 1271 4430 numerum.
1319 4373 1537 4429 Primus
1587 4375 1778 4445 itaque
1808 4374 2201 4444 Apostolorum

624 4468 918 4524 ecclesiam
979 4466 1276 4522 aediﬁcavit
1341 4466 1720 4535 Constantius,
1778 4468 1908 4522 licet
1953 4468 2203 4523 eamdem

630 4554 983 4624 postmodum
1008 4552 1366 4611 Justinianus
1396 4555 1844 4624 ampliﬁcaverit,
1884 4564 1941 4612 et
1973 4558 2204 4614 materia

627 4644 945 4716 pretiosiori
995 4645 1343 4717 splendidius
1390 4647 1698 4702 ornaverit.
1746 4649 1842 4704 Est
1889 4665 2035 4705 nunc
2066 4659 2207 4706 tem-

629 4736 779 4807 plum
820 4737 878 4792 in
909 4752 1019 4808 quo
1063 4737 1255 4808 jacent
1309 4738 1695 4807 apostolorum
1739 4752 2010 4810 corpora,
2053 4758 2207 4799 com-

630 4825 783 4879 muni
811 4826 1034 4881 nomine
1065 4825 1458 4897 Apostolorum
1502 4828 1738 4883 ecclesia
1774 4832 2134 4900 appellatum.

2312 4382 2407 4433 καὶ
2440 4381 2561 4451 τότε
2593 4379 2908 4452 παραυτίκα
2950 4378 3106 4452 [554]
3159 4379 3539 4450 ἀπαλλαγῆναι
3569 4378 3666 4449 τῆς
3707 4376 3864 4436 νόσου.

2311 4470 2407 4522 κοιλ⁸
2436 4471 2516 4533 είς
2537 4470 2629 4523 τὸν
2662 4469 2854 4524 ἔπειτα
2881 4471 2981 4542 τῆς
3029 4470 3177 4539 ζωῆς
3205 4470 3370 4523 αὐτοῦ
3410 4469 3604 4541 χρόνον
3627 4465 3868 4538 παρελκν-

2314 4562 2509 4616 σθέντα
2531 4563 2617 4616 ἐπ’
2643 4563 2745 4616 οὐκ
2772 4562 2971 4632 ὀλίγων
2997 4563 3136 4617 ὲτῶν
3188 4562 3447 4634 ἀριθμόν.
3478 4562 3582 4615 Τὸν
3629 4559 3749 4630 γοῦν
3776 4557 3867 4609 τῶν

2316 4654 2661 4708 Ἀποστόλων
2693 4652 2828 4709 νεὼν
2862 4656 3243 4720 Κωνστάντιος
3270 4654 3590 4727 ᾠκοδόμησε
3616 4652 3865 4724 πρότερον.

2314 4744 2419 4799 κᾶν
2447 4744 2675 4817 ὓστερον
2732 4746 3112 4810 Ἱουστινιανὸς
3138 4746 3231 4801 ἐπὶ
3253 4747 3315 4800 τὸ
3346 4746 3749 4818 μεγαλειότερον
3764 4758 3867 4795 κατ-

2314 4839 2608 4904 εσκεύασε,
2640 4838 2736 4893 καὶ
2765 4840 3075 4911 κρείττοσιν
3133 4839 3285 4903 ὕλαις
3312 4841 3406 4893 ἐπὶ
3439 4840 3502 4893 τὸ
3533 4835 3866 4909 κοσμιώτερθν

627 4916 1044 4987 κατεφαίδρυνε.
1080 4918 1191 4971 Καὶ
1227 4917 1375 4971 ἔστιν
1395 4918 1489 4972 νῦν
1512 4921 1539 4973 6
1566 4918 1701 4983 νεὼς
1729 4919 1858 4974 ἔνθα
1881 4922 2057 4977 κεῖται
2104 4924 2214 4981 τῶν
2251 4927 2568 4984 ἀποστόλων
2606 4928 2676 4983 τὰ
2727 4931 2977 5001 σώματα,
3007 4931 3172 5003 κοινῷ
3200 4932 3428 5003 ὀνόματι
3497 4931 3604 4985 τῶν
3652 4925 3871 4983 Ἀποστά-

626 5011 735 5067 λων
764 5010 1216 5082 ἐπικαλούμενος.

702 5149 789 5205 l9.
823 5148 1053 5219 Magnus
1101 5147 1270 5218 igitur
1316 5147 1593 5203 Artemius
1642 5146 1698 5202 in
1741 5147 2039 5221 Egyptum
2090 5158 2212 5206 ten-

626 5244 814 5310 debat,
905 5241 1176 5312 dignitate
1241 5241 1401 5294 ducis
1469 5240 1782 5295 investitus.
1852 5242 2213 5297 Constantius

629 5346 818 5391 antem
877 5335 1167 5406 profectus
1215 5332 1707 5403 Constantinopoli
1754 5334 1809 5388 in
1845 5332 2060 5406 Syriam
2107 5336 2212 5390 iter

628 5426 907 5494 instituit;
939 5441 1183 5498 cumque
1232 5425 1582 5496 pervenisset
1621 5423 1689 5479 ad
1719 5440 1975 5496 magnam
2008 5426 2210 5482 civita-

628 5528 744 5586 tem
773 5517 1126 5573 Antiochiam
1151 5558 1166 5584 ,
1203 5517 1410 5573 ibidem
1447 5516 1565 5587 ﬁgit
1598 5517 2020 5572 tabernaculum
2045 5559 2061 5585 ,
2097 5520 2210 5575 bel-

626 5610 741 5665 lum
770 5624 972 5680 parans
1016 5609 1289 5665 adversus
1316 5608 1535 5664 Persas.
1572 5606 1954 5666 Commoranti
1987 5625 2121 5665 vero
2150 5611 2205 5666 in

628 5701 851 5757 civitate
894 5708 1062 5771 atque
1114 5700 1431 5757 exercitum
1474 5702 1823 5770 comparanti
1863 5700 2208 5758 advenerunt

627 5793 827 5851 litterze
855 5790 1063 5848 Iuliani
1112 5792 1474 5848 rebellionem
1510 5789 1909 5863 signiﬁcantes.
1942 5791 2208 5850 Julianus

631 5885 777 5942 enim
799 5926 816 5954 ,
848 5894 908 5941 ut
936 5884 1051 5957 jam
1084 5890 1245 5940 antea
1280 5897 1309 5938 a
1344 5897 1430 5940 me
1484 5881 1826 5941 declaratum
1858 5893 1943 5943 est
1981 5887 2208 5960 quando

2394 5151 2478 5207 ιθ’.
2524 5153 2582 5207 '0
2617 5153 2714 5224 μὲν
2743 5152 2839 5207 οὖν
2858 5151 3033 5224 μέγας
3075 5153 3361 5224 Ἀρτέμιος
3390 5152 3488 5206 ἐπὶ
3511 5151 3613 5225 τὴν
3632 5152 3866 5221 Αἴγυπτον

2310 5244 2625 5318 ἐπορεύετο,
2663 5245 2765 5316 τὴν
2815 5244 2912 5299 τοῦ
2944 5245 3135 5309 δουκὸς
3159 5244 3320 5312 ἀξίαν
3378 5246 3808 5317 ἀμφιασάμενος·
3842 5244 3864 5294 6

2308 5340 2368 5396 δὲ
2394 5340 2775 5402 Κωνστάντιος
2798 5337 2940 5410 ἄρας
2970 5338 3081 5392 ἀπὸ
3119 5339 3219 5409 τῆς
3250 5336 3862 5400 Κωνσταντινουπόλεως,

2308 5434 2409 5504 τὴν
2425 5432 2519 5487 ἐπὶ
2562 5431 2663 5501 τῆς
2694 5432 2899 5502 Συρίας
2954 5432 3192 5484 ἐποιεῖτο
3224 5430 3364 5496 ὁδὸν,
3412 5432 3510 5485 καὶ
3564 5431 3761 5501 φθάσας
3786 5428 3864 5499 τὴν

2316 5523 2678 5599 μεγαλόπολιν
2703 5522 3058 5593 Ἀντιόχειαν,
3075 5522 3241 5576 αὑτοῦ
3271 5528 3627 5595 κατασκηνοί,
3657 5524 3741 5577 τὸν
3759 5522 3865 5592 πρὸς

2272 5614 2444 5678 (τοὺς
2475 5614 2689 5685 Πέρσας
2722 5612 3155 5684 ἐτοιμαζόμενος
3184 5612 3439 5683 πόλεμον.
3472 5614 3650 5667 Αὑτοῦ
3691 5613 3743 5667 δὲ
3769 5628 3865 5682 χρο·

2313 5700 2735 5778 νοτρλιὸήσαντος
2760 5707 2819 5759 ὲν
2837 5708 2906 5777 τῇ
2936 5705 3090 5759 πόλει
3108 5705 3205 5760 καὶ
3242 5705 3335 5759 τὸν
3360 5706 3591 5777 στρατὸν
3616 5704 3866 5775 ἐξαρτύονο

2315 5816 2427 5865 τος,
2456 5798 2684 5868 ἀφίκετο
2708 5799 3018 5871 γράμματα
3052 5799 3190 5871 πρὸς
3222 5798 3387 5854 αὐτὸν
3406 5799 3668 5871 δηλοῦντα
3686 5798 3773 5867 τὴν
3791 5793 3866 5845 τοῦ

2330 5891 2615 5946 Ἰουλιανοῦ
2651 5893 3045 5949 ἐπανάστασιν.
3092 5892 3154 5948 '0
3212 5893 3319 5965 γὰρ
3358 5892 3660 5958 Ἰουλιανὸς,
3709 5890 3774 5951 ti;
3793 5883 3866 5942 εει
