4026 6402
199 435 354 504 1269

1490 442 1551 502 S.
1586 441 1915 503 ARTEMII
1948 441 2234 508 PASSIO.

3320 426 3497 512 '1270
3548 427 3556 433 ’

196 537 450 621 δήλωταί
478 563 572 620 μοι
625 550 720 606 καὶ
749 550 1013 624 πρόσθεν,
1068 551 1231 625 ἡνίκα
1282 553 1373 607 τὸν
1420 556 1553 626 περὶ
1598 555 1808 609 τούτων

1933 552 1980 611 Ie
2005 554 2075 611 iis
2110 556 2470 613 instituenam
2519 573 2858 629 sermonem,
2908 560 2979 616 ad
3037 559 3351 617 custodiam
3387 561 3499 617 0c-

197 639 516 714 ἐποιούμην
546 641 731 714 λόγον,
760 646 854 700 ἐπὶ
882 647 1101 720 φυλακῇ
1130 647 1240 701 τῶν
1270 646 1577 719 Ἐσπερίων
1606 649 1687 712 είς
1707 649 1809 713 τὰς

199 728 447 795 Γαλλίας
476 731 583 787 ὑπὸ
612 733 708 787 τοῦ
745 736 1129 790 Κωνσταντίου
1160 736 1381 809 Καῖσαρ
1436 735 1806 809 ἀποδειχθεὶς,

202 824 381 889 αὐτὸς
424 826 518 880 ἐπὶ
547 827 732 883 πλεῖον
761 830 820 883 ἐν
841 829 921 899 τῷ
959 829 1056 884 τοῦ
1082 829 1361 901 Καίσαρος
1391 830 1634 901 σχήματι
1666 826 1810 884 εἶναι

207 916 292 989 μὴ
322 919 714 991 ἀνασχόμενος,
741 920 803 975 τό
832 939 901 975 τε.
914 922 1151 993 διάδημα
1192 921 1549 996 περιτίθεται,
1590 924 1684 977 καὶ
1711 922 1812 994 τῆς

207 1012 471 1083 μείζονος
493 1012 831 1069 ἀνθάπτεται
872 1014 1174 1085 βασιλείας.
1220 1015 1375 1070 Ἐπεὶ
1398 1014 1455 1069 δὲ
1485 1015 1813 1071 ἀντελάϐετο

203 1102 327 1155 τῶν
368 1105 738 1175 πραγμάτων,
777 1106 963 1161 οὐκέτι
991 1107 1190 1179 μικρὸν
1242 1106 1394 1160 οὐδὲν
1423 1108 1645 1173 ἐνενόει,
1689 1107 1812 1161 οὐδὲ

204 1193 528 1265 διαμέλλειν
558 1196 868 1265 ἐγίγνωσκε
897 1198 1010 1252 δεῖν
1031 1215 1044 1228 ·
1068 1198 1207 1253 ἀλλά
1241 1198 1341 1270 τὴν
1374 1198 1646 1271 Εὐρώπην
1676 1199 1814 1263 τέως

207 1286 311 1355 ὑφ’
332 1287 512 1359 ἐαυτῷ
528 1289 858 1360 ποιήσασθαι
880 1292 1066 1345 πᾶσαν
1092 1290 1295 1345 ἐθέλων
1319 1290 1493 1363 ὁπόση
1518 1291 1816 1361 Ῥωμαίοις

209 1380 518 1445 ὑπακούει,
573 1381 653 1454 τῷ
682 1382 907 1454 στρατῷ
956 1384 1359 1456 συνταξάμενος
1385 1384 1474 1439 διὰ
1516 1385 1816 1456 Γερμανῶν

209 1473 317 1528 ἐπὶ
343 1474 438 1527 τὸν
468 1475 681 1544 Ἴστρον
706 1474 925 1546 ἐχώρει,
976 1476 1073 1530 καὶ¹
1103 1476 1205 1547 τῆς
1243 1475 1420 1546 πέραν
1452 1476 1622 1547 ὄχθης
1650 1476 1815 1530 λαϐό-

214 1583 410 1636 μενος,
436 1566 525 1620 διά
545 1564 653 1620 τῶν
678 1567 895 1638 ἐκείνης
921 1567 1141 1639 χωρίων
1174 1568 1406 1639 ἤλαυνεν
1428 1587 1441 1600 ·
1472 1569 1817 1639 ἀμφοτέρους

210 1657 348 1721 τοὺς
372 1656 654 1727 ὑπάρχους
684 1656 978 1722 διαλαθὼν,
1010 1657 1103 1710 τὸν
1137 1673 1199 1710 τε
1232 1658 1342 1711 τῶν
1400 1656 1641 1710 ’ῐταλιῶν
1674 1655 1819 1711 Ταῦ-

215 1767 319 1820 ρον
347 1748 491 1803 οὖτω
521 1748 861 1820 καλούμενον
902 1750 1115 1804 καὶτὸν
1152 1747 1428 1820 Ἰλλυριῶν
1472 1749 1814 1819 Φλορέντιον.

215 1840 380 1913 [555]
424 1841 579 1894 Ἐπεὶ
605 1841 662 1894 δέ
690 1840 835 1894 κατὰ
857 1841 1089 1903 Παίονας
1121 1841 1361 1909 ἐγένετο,
1383 1838 1577 1902 διαϐὰς
1606 1839 1699 1893 ἐπὶ
1725 1838 1821 1894 θά-

1911 646 2152 704 cidentis
2190 649 2244 703 in
2302 648 2499 706 Galliis
2549 666 2577 706 a
2607 651 2938 709 Constantio
2971 652 3156 709 Caesar
3200 655 3497 710 denuntia«

1912 747 2029 807 tus,
2090 741 2309 798 diutius
2353 743 2411 798 in
2474 743 2666 799 habitu
2706 747 2946 802 Caesaris
3004 762 3361 818 perseverare
3387 762 3499 802 non

1913 830 2120 897 ferens,
2155 833 2331 888 cinxit
2358 835 2880 905 caput'diademate
2909 840 3060 893 et'ad
3092 855 3365 894 summum
3395 840 3501 894 im-

1914 925 2133 996 perium
2194 928 2473 983 ascendit.
2525 925 2828 1000 Pustquam
2865 939 3048 986 autem
3088 932 3222 987 illud
3263 947 3503 1004 usurpa-

1914 1028 2106 1086 verat,
2150 1019 2289 1074 nihil
2335 1019 2450 1090 jam
2509 1024 2753 1092 parvum‘
2802 1024 3126 1093 reputabat,
3178 1040 3359 1095 neque
3391 1026 3504 1081 exi-

1915 1109 2177 1166 stimabat
2212 1113 2592 1167 cunctandum
2624 1127 2774 1170 esse.
2811 1113 2918 1169 Sed
2949 1124 3118 1169 totam
3144 1132 3266 1186 quae
3295 1116 3501 1172 Roma-

1916 1206 2006 1262 nis
2036 1207 2225 1263 obedit
2262 1208 2540 1281 Europam
2571 1210 2718 1266 illico
2749 1210 2803 1264 in
2837 1226 2994 1266 suam
3024 1210 3219 1266 volens
3250 1211 3502 1281 redigere

1915 1308 2249 1368 potestatem
2275 1344 2292 1369 ,
2342 1303 2620 1358 instructo
2651 1304 2921 1367 exercitu,
2957 1319 3054 1373 per
3098 1301 3405 1358 Germanos
3434 1303 3500 1358 ad

1918 1393 2227 1450 Danubium
2263 1396 2541 1466 perrexit;
2586 1406 2792 1451 etcum
2841 1397 3163 1451 ulteriorem
3206 1399 3380 1467 ripam
3418 1406 3504 1451 at-

1917 1487 2157 1558 tigisset,
2188 1502 2287 1557 per
2319 1488 2441 1542 loca
2474 1487 2630 1543 illius
2665 1487 2904 1543 ducebat
2934 1487 3278 1553 exercitum,
3307 1487 3505 1543 ambos

1919 1579 2213 1650 praefectos
2244 1582 2431 1636 latens
2460 1621 2475 1645 ,
2507 1579 2676 1635 lta!i:e
2723 1581 2940 1636 scilicet
2989 1580 3231 1635 Taurum
3257 1623 3270 1646 ,
3322 1589 3380 1634 ut
3412 1596 3508 1633 vo-

1919 1670 2177 1735 cabatur,
2210 1680 2265 1727 et
2295 1670 2499 1744 Illyrici
2544 1671 2912 1727 Florentium.
2946 1670 3247 1742 Postquam
3288 1672 3509 1728 devenit

1922 1764 1991 1819 ad
2040 1764 2294 1829 Paeones,
2352 1765 2643 1821 traductus
2701 1763 2946 1832 ﬂumen,
3002 1765 3188 1820 statim
3240 1764 3507 1835 integram

1922 1853 2166 1925 lllyriam
2216 1854 2323 1911 sibi
2370 1854 2646 1923 subjecit,
2695 1868 2917 1909 necnon
2965 1854 3209 1922 Italiam,
3250 1862 3305 1909 et
3331 1868 3510 1922 usque

212 1950 358 2004 τερα
392 1934 484 1987 τὸν
510 1933 775 2004 ποταμὸν,
795 1933 998 1987 αὐτίκα
1026 1934 1126 2002 τήν
1142 1949 1202 1985 τε
1232 1931 1497 2003 Ἰλλυρίδα
1523 1933 1704 1986 πᾶσαν
1725 1930 1816 2002 ὑφ’

1933 1924 2000 1999 ad
2021 1944 2299 2001 Oceanum
2331 1944 2732 2001 occidentalem
2762 1945 3058 2002 universas
3091 1952 3318 2016 gentes,
3351 1950 3509 2016 quot-

214 2025 404 2096 ἐαυτῷ
430 2026 533 2096 γῆν
556 2020 693 2095 εἶχε,
735 2025 953 2088 καὶτὰς
995 2024 1245 2091 Ἰταλίας,
1274 2024 1369 2078 καὶ
1399 2023 1468 2077 τὰ
1512 2024 1676 2096 μέχρι
1723 2023 1818 2077 τοῦ

217 2116 483 2188 ἑσπερίου
532 2115 775 2170 ὠκεανοῦ
820 2116 1114 2188 σύμπαντα
1164 2115 1292 2188 ἔθνη
1324 2115 1496 2170 ὁπόσα
1548 2117 1647 2187 τῆς
1686 2116 1821 2170 Ῥω-

221 2209 407 2279 μαίων
442 2209 861 2281 ἐπικρατήσεως
896 2204 987 2279 ἦν.

294 2352 368 2401 κ’.
418 2344 475 2401 '0
502 2344 559 2398 δὲ
586 2344 969 2410 Κωνστάντιος
1000 2347 1822 2422 ταῦταυδιᾶντῶνγραμμάτων

152 2440 157 2444 ’
221 2436 443 2508 μαθὼν,
498 2435 775 2510 ἐταράχθη
809 2454 868 2490 τε
900 2436 1090 2510 ὥσπερ
1145 2439 1238 2494 καὶ
1267 2438 1413 2502 εἰκὸς
1444 2434 1534 2511 ἦν,
1571 2438 1666 2492 καὶ
1694 2438 1822 2511 περὶ

218 2528 332 2598 τῆς
354 2528 984 2593 Κωνσταντινουπόλεως
1037 2531 1276 2601 μάλιστα
1330 2531 1517 2595 δείσας
1552 2529 1648 2603 μὴ,
1685 2532 1821 2603 ὅπερ

220 2623 481 2684 κάκεῖνος
503 2620 759 2675 διενοεῖτο
782 2623 1062 2692 φθάσειεν,
1081 2623 1250 2694 αὐτὴν
1275 2624 1364 2694 ὑφ’
1380 2624 1574 2678 ἐαυτὸν
1604 2625 1825 2695 ποιησά-

226 2731 421 2784 μενος,
438 2715 698 2785 ἠπείγετο
726 2710 818 2769 οὖν
854 2716 996 2770 κατά
1020 2716 1082 2770 τὸ
1102 2716 1329 2770 δυνατὸν
1357 2716 1821 2788 προκαταλαϐεῖν.

236 2806 335 2859 Ἐν
358 2806 543 2878 ὃσῳδὲ
575 2807 604 2859 ὁ
630 2806 858 2879 στρατὸς
895 2807 1044 2879 αὐτῴ
1081 2810 1398 2878 συνελέγετο
1427 2809 1571 2864 κατά
1594 2809 1695 2874 τάς
1725 2809 1826 2863 πόο

221 2897 346 2961 λεις
366 2900 466 2970 τῆς
508 2896 683 2963 Ἐὡας
718 2899 1140 2972 ἐσκεδασμένος,
1187 2903 1282 2956 καὶ
1324 2902 1548 2974 ἔμελλεν
1592 2902 1827 2974 ἐξαρτύ-

223 2988 389 3043 εσθαι
416 2988 491 3053 ὡς
522 2990 658 3062 πρὸς
684 2990 953 3062 τοσαύτην
966 2993 1118 3057 eam,
1153 2994 1415 3065 σημαίνει
1437 2997 1552 3059 τοῖς
1600 2996 1825 3050 ἐπισκό-

224 3099 361 3146 ποις
385 3083 465 3146 είς
510 3082 610 3153 τὴν
641 3083 877 3137 Νίκαιαν
922 3084 1084 3140 αὑτὸν
1118 3085 1194 3148 ὡς
1235 3088 1317 3140 ὅτι
1344 3086 1577 3159 τάχιστα
1623 3087 1827 3158 φθῆναι

225 3176 732 3247 προαφικομένουςο
788 3179 1026 3249 ἐμελέτα
1085 3180 1194 3251 γάρ
1253 3180 1513 3251 δευτέραν
1571 3183 1629 3235 ἐν
1686 3182 1827 3253 αὐτῇ

1921 2045 2057 2108 quot
2088 2045 2248 2093 erant
2277 2035 2498 2108 imperii
2537 2034 2947 2092 Romanorum.

1993 2349 2083 2405 20.
2107 2348 2241 2404 Cum
2278 2348 2395 2404 haec
2426 2363 2522 2419 per
2550 2348 2765 2404 litteras
2799 2346 3089 2404 didicisset
3113 2346 3511 2414 Constantius,

1923 2458 2029 2514 qua
2060 2457 2158 2513 par
2202 2451 2320 2497 erat
2354 2442 2781 2497 conturbatione
2827 2441 3161 2512 perstrictus
3186 2440 3287 2495 fuit
3312 2479 3327 2506 ,
3363 2448 3416 2495 et
3445 2440 3513 2495 de

1923 2533 2421 2605 Constantinopoli
2468 2533 2767 2589 admodum
2818 2533 3019 2589 timens
3086 2549 3176 2596 ne,
3214 2535 3358 2605 quod
3422 2533 3516 2589 ille

1925 2624 2114 2679 animo
2145 2624 2471 2694 cogitabat,
2505 2639 2571 2680 ea
2605 2625 2760 2695 prior
2790 2625 3090 2695 potiretur,
3126 2624 3259 2680 totis
3300 2624 3513 2679 viribus

1925 2714 2225 2772 festinabat
2266 2731 2386 2771 eam
2438 2731 2850 2789 przeoccupare.
2902 2717 3125 2773 Interim
3181 2716 3310 2773 dum
3343 2716 3412 2772 ab
3446 2733 3514 2773 eo

1926 2808 2301 2879 colligebatur
2359 2809 2642 2863 exercitus
2709 2810 3005 2880 dispersus
3086 2825 3181 2879 per
3258 2810 3514 2865 civitates

1927 2901 2197 2966 Orientis,
2258 2907 2320 2955 et-
2357 2901 2479 2971 ipse
2528 2917 2589 2957 se
2644 2903 2876 2971 parabat
2931 2902 3000 2956 ad
3059 2909 3281 2957 tantam.
3331 2904 3510 2967 viam,

1929 2990 2214 3047 mandavit
2272 2991 2553 3062 episc0pis
2607 2998 2668 3045 ut
2724 2989 2959 3046 Nicaeam
3012 3007 3176 3061 quam
3244 2990 3519 3055 citissime

1927 3102 2051 3142 eum
2084 3086 2476 3155 praevenirent.
2531 3083 2861 3140 lntendehat
2906 3084 3052 3139 enim
3120 3084 3421 3140 secundam
3459 3086 3517 3137 in

1928 3194 1991 3235 ea
2021 3178 2244 3236 civitate
2278 3192 2619 3247 congregare
2661 3177 2934 3249 synodum
2957 3218 2991 3244 ,ν
3024 3177 3094 3232 ab
3142 3177 3325 3247 impiis
3357 3178 3520 3230 Aria-

228 3268 603 3341 σνγκροτῆσαι
635 3269 875 3337 σύνοδον,
912 3272 1063 3343 παρὰ
1096 3272 1203 3327 τῶν
1229 3274 1506 3328 δυσσεϐὦν
1530 3274 1825 3348 Ἀρειανῶν

1933 3271 2024 3328 nis
2058 3270 2335 3326 adversus
2381 3269 3020 3324 consubstantialitatem
3051 3271 3345 3324 excitatus.
3378 3268 3516 3323 Cum

227 3362 378 3427 κατά
426 3361 521 3414 τοῦ
561 3362 851 3432 όμοουσίου
885 3365 1386 3436 παροτρυνόμενος.
1428 3367 1584 3419 Ἐπεί⁸
1619 3366 1679 3420 δὲ
1726 3365 1830 3436 τὴν

229 3453 491 3508 Κιλικίαν
513 3453 802 3519 διεξελθὼν
847 3457 926 3520 είς
961 3457 1058 3519 τὰς
1086 3457 1279 3527 Μόψου
1326 3457 1669 3528 καλουμένας
1691 3459 1830 3529 κρή-

229 3563 331 3608 νας
357 3544 604 3613 ἀφίκετο,
633 3544 891 3599 ἀσθένειά
920 3564 1004 3611 τις
1032 3546 1184 3618 αὐτῷ
1206 3546 1541 3612 ἐξαπιναίως
1567 3548 1835 3618 προσέπε-

229 3653 368 3706 χσε,
396 3637 490 3690 καὶ
517 3637 618 3708 οὐχ
641 3632 752 3700 οἷός
784 3654 842 3690 τε
863 3632 931 3709 ἦν
956 3637 1037 3691 ἔτι
1062 3639 1123 3692 τὸ
1156 3639 1345 3710 πρόσω
1372 3642 1592 3711 χωρεῖν.
1632 3641 1723 3704 Ὧς
1774 3639 1832 3693 δὲ

229 3728 677 3802 ⁴ῃσθετοκφαιῖλως
704 3729 846 3800 ἔχων
880 3730 982 3802 ήδη
1011 3731 1107 3785 καὶ
1134 3732 1235 3785 οὐκ
1256 3732 1324 3785 ἂν
1357 3732 1713 3802 βιωσόμενος,
1731 3732 1832 3803 τὴν

229 3824 502 3894 ταχίστην
547 3824 639 3877 τὸν
686 3824 1022 3894 Ἀντιοχείας
1066 3826 1371 3880 ἐπίσκοπον
1408 3825 1832 3896 μεταπέμπεται

232 3916 501 3983 Εὑζώῑον,
520 3916 615 3971 κα).
643 3916 793 3987 αὐτῷ
818 3916 1076 3988 βαπτίσαι
1104 3917 1265 3972 αὐτὸν
1293 3919 1614 3987 ἐπιτρέπει*
1646 3918 1834 3989 βαπτι-

235 4009 476 4079 σάμενος
501 4008 558 4061 δὲ
584 4009 680 4062 καὶ
718 4009 916 4080 μικρὸν
940 4008 1207 4075 ἐπιϐιοὺς,
1238 4008 1429 4063 αὐτόθι
1452 4009 1740 4081 προλείπει
1772 4009 1834 4062 τὸ

236 4102 367 4173 ζῇν,
413 4100 741 4171 βασιλεύσας
762 4102 834 4155 τὰ
865 4100 1158 4172 σύμπαντα
1188 4100 1282 4173 ἐτη
1306 4102 1740 4171 τεσσαράκοντα,
1763 4102 1833 4154 τά

240 4194 347 4265 μὲν
383 4194 602 4265 ἡμίσεα
623 4194 761 4264 μετά
792 4191 888 4246 τοῦ
921 4178 1150 4268 πατρὸς,
1182 4192 1251 4247 τὰ
1274 4192 1331 4247 δέ
1363 4193 1619 4246 ἐπίλοιπα
1651 4192 1830 4263 μόνος.

235 4285 414 4338 Αὐτὸν
436 4284 554 4357 δέὴ
583 4284 840 4356 στρατεία
854 4284 1382 4356 ὀλοφυραμένη,κα¹ι
1411 4284 1482 4338 τά
1503 4284 1836 4354 νομιζόμενα

240 4377 334 4432 ἐπ’
368 4377 516 4449 αὑτῷ
553 4377 843 4441 τελέσασα,
894 4376 1128 4447 λάρνακι
1182 4378 1372 4430 τοῦτον
1421 4376 1696 4440 ἐνέθεσαν,
1724 4380 1837 4440 τοῖς

242 4473 496 4527 εἰωθόσιν
529 4473 609 4536 είς
666 4472 726 4525 τὸ
753 4471 1035 4542 διαρκέσαι
1093 4471 1460 4538 σκευάσαντες
1499 4471 1591 4525 τὸν
1621 4471 1836 4541 νεκρὸν,

244 4565 342 4620 καὶ
366 4567 445 4629 είς
481 4564 816 4637 ἀρμαμάξαν
845 4563 1145 4636 ἐνθέμενοι,
1160 4565 1421 4635 ἐκόμιζον
1454 4565 1549 4619 ἐπὶ
1575 4564 1673 4637 τὴν
1690 4566 1839 4617 Κων-

248 4656 697 4711 σταντινούπολιν
721 4695 737 4721 ,
804 4656 911 4709 σὺν»
961 4658 1075 4720 τοῖς
1116 4657 1340 4719 οίκείοις
1390 4656 1611 4711 ἕκαστοι
1652 4657 1836 4721 ὅπλοις
1866 4631 1913 4689 D

245 4738 398 4820 αὐτῷ
426 4750 787 4820 ἐφεπόμενοι,
809 4752 904 4805 καί⁸
943 4750 1083 4805 κατά
1111 4751 1202 4806 τὸν
1224 4751 1388 4805 αὑτὸν
1423 4751 1630 4823 κόσμον
1671 4752 1840 4820 ὅνπερ

244 4841 346 4896 καὶ
394 4841 595 4907 ζῶντος
631 4843 735 4895 ὑπὸ
782 4846 895 4907 τοῖς
938 4843 1172 4916 ἡγεμόσι
1223 4844 1548 4913 τεταγμένοι
1611 4843 1842 4915 ἐτύγχα-

243 4951 361 4990 νον.

320 5064 472 5139 [356]
505 5064 617 5124 κα’.
649 5059 809 5120 Οὗτοι
866 5066 968 5138 μὲν
1011 5064 1100 5120 διὰ
1132 5063 1842 5137 τὴντΚωνσταντινούπολιν

243 5158 394 5233 εἶχον
421 5160 649 5232 ἄγοντες
667 5160 761 5213 τὸν
782 5160 997 5232 νεκρὸν,
1038 5160 1132 5214 καὶ
1174 5159 1464 5225 Ἰουλιανὸς
1496 5163 1843 5234 συνομάρτη-

247 5271 343 5308 σεν
363 5255 429 5307 ἐκ
452 5251 879 5324 τῶνίλλυριῶν
926 5252 1280 5324 ἀφικόμενος,
1324 5254 1419 5307 καὶ
1472 5253 1576 5326 ήδη
1608 5252 1844 5325 βεϐαίως

246 5346 393 5416 ἔχων
417 5346 516 5418 τὴν
544 5347 728 5400 πᾶσαν
780 5345 1082 5417 βασιλείαν,
1117 5346 1332 5409 οὐδενὸς
1375 5347 1537 5401 αὑτὸν
1571 5346 1711 5419 μετὰ
1751 5347 1845 5401 τὸν

247 5439 638 5494 Κωνσταντίου
699 5440 932 5494 θάνατον
982 5439 1374 5512 ἐναντιωθῆναι
1446 5439 1841 5512 τολμήσαντος.

246 5532 636 5604 Κομιζομένου
661 5534 718 5588 δέ
742 5533 837 5588 τοῦ
868 5535 1067 5606 νεκροῦ
1092 5534 1184 5588 ἐπὶ
1213 5533 1294 5605 τῷ
1320 5532 1426 5605 νεῷ
1450 5534 1559 5587 τῶν
1587 5534 1845 5587 Ἀποστό-

250 5624 386 5689 λων,
415 5626 506 5681 ἵνα
541 5644 650 5698 περ
688 5626 852 5681 αὑτὸν
879 5627 1222 5698 καταθήσειν
1248 5626 1478 5698 πλησίον
1511 5624 1605 5680 τοῦ
1638 5626 1846 5699 πατρὸς

249 5717 502 5789 ἔμελλον,
519 5719 685 5784 αὐτὸς
699 5722 888 5791 ἠγεῖτο
910 5721 1012 5792 τῆς
1032 5719 1246 5791 κλίνης,
1278 5719 1340 5774 τὸ
1360 5720 1512 5791 δίαδη
1522 5737 1600 5789 μα
1627 5720 1729 5791 τῆς
1753 5738 1845 5774 κεσ⁸

251 5810 431 5881 φαλῆς
452 5810 746 5884 περιελών.
794 5813 948 5867 Ἐπεὶ
979 5812 1036 5867 δὲ
1068 5812 1280 5883 ἔθαψαν
1304 5811 1494 5875 αὐτὸν,
1530 5812 1622 5864 ἐπὶ
1650 5812 1721 5864 τά
1744 5811 1845 5881 βα-

253 5903 432 5964 σίλεια
457 5906 558 5977 ἤδη
582 5906 1084 5980 ἀπαλλαττόμενος,
1139 5906 1202 5961 τό
1242 5924 1299 5961 τε
1353 5904 1845 5977 διάδημαὲπέθετο

1930 3378 2085 3428 vero,
2119 3363 2454 3418 transmissa
2483 3359 2716 3427 Cilicia,
2751 3361 2818 3414 ad
2867 3360 3077 3430 Mopsi,
3128 3371 3191 3415 ut
3226 3368 3516 3425 vocantur,

1932 3455 2113 3513 fontes
2146 3456 2529 3527 pervenisset,
2583 3454 2769 3509 subita
2819 3452 2977 3508 illum
3031 3453 3328 3508 inﬁrmitas
3361 3453 3519 3507 inva-

1933 3549 2042 3615 sit,
2078 3564 2181 3605 nec
2226 3556 2444 3618 poterat
2488 3547 2724 3602 ulterius
2778 3544 3059 3617 progredi.
3108 3546 3179 3597 At
3211 3545 3304 3599 ubi
3342 3544 3519 3599 sensit

1935 3657 1996 3699 se
2030 3641 2151 3711 jam
2178 3641 2320 3695 male
2369 3640 2606 3705 habere,
2671 3653 2774 3693 nec
2837 3637 3023 3692 forsan
3080 3637 3362 3690 victurum
3394 3651 3521 3691 esse

1935 3734 2200 3805 amplius,
2275 3746 2443 3801 quam
2516 3730 2786 3785 citissime
2836 3729 3146 3783 Antiochia:
3200 3731 3519 3799 episcopum

1935 3823 2578 3888 Euzoium‘acoersivit,
2645 3830 2700 3877 et
2750 3823 2820 3877 ab
2882 3836 2950 3877 eo
3007 3822 3169 3892 petiit
3225 3823 3518 3892 baptizari.

1935 3919 2003 3974 Et
2034 3927 2159 3989 post
2208 3925 2529 3988 susceptum
2572 3916 2908 3985 baptismum
2971 3929 3167 3984 parum
3211 3922 3521 3984 superstes,

1935 4029 2002 4070 eo
2034 4013 2165 4067 loco
2189 4026 2222 4067 e
2277 4012 2393 4065 vita
2429 4011 2691 4073 excessit,
2731 4024 2857 4063 cum
2909 4008 3239 4078 imperasset
3273 4008 3531 4078 integros.

1935 4102 2304 4174 quadraginta
2330 4116 2528 4160 annos,
2562 4099 2755 4171 viginti
2789 4097 3009 4169 quidem
3046 4113 3171 4151 cum
3214 4108 3394 4167 patre,
3426 4113 3516 4152 re-

1938 4196 2123 4266 liquos
2184 4200 2369 4248 autem
2426 4192 2598 4247 solus.
2674 4191 2928 4259 Cumque
2980 4206 3107 4245 eum
3201 4190 3517 4244 deﬂevisset

1937 4287 2219 4344 exercitus
2263 4291 2319 4340 et
2360 4284 2514 4353 justa
2552 4283 2603 4338 ei
2655 4281 2905 4349 fecisset,
2957 4283 3144 4337 loculo
3180 4282 3527 4338 incluserunt

1938 4378 2180 4435 cadaver
2230 4377 2581 4432 aromatibus
2617 4373 2907 4429 conditum
2952 4391 3078 4446 qua:
3129 4374 3385 4430 adhiberi
3431 4390 3525 4429 so-

1940 4472 2053 4528 lent
2086 4470 2153 4525 ad
2186 4470 2695 4535 conservationem;
2733 4467 2936 4523 deinde
2970 4466 3159 4522 currui
3198 4466 3521 4536 impositum

1940 4564 2189 4620 tulerunt
2229 4561 2809 4631 ConstantinOpolim,
2865 4575 2993 4616 cum
3028 4561 3271 4631 propriis
3323 4559 3527 4627 singuli

1942 4656 2112 4712 armis
2144 4664 2476 4725 sequentes,
2506 4661 2563 4709 et
2603 4653 2659 4708 in
2689 4653 2881 4709 eodem
2923 4662 3121 4708 ornatu
3156 4667 3317 4723 quem
3352 4668 3528 4707 unus-

1941 4748 2200 4818 quisque,
2243 4745 2373 4801 dum
2427 4745 2551 4815 ipse
2578 4746 2825 4809 viveret,
2873 4745 2976 4800 sub
3008 4744 3331 4800 ductoribus
3359 4744 3531 4800 babe-

1941 4839 2073 4896 bat-

2016 5079 2110 5134 21.
2148 5079 2331 5150 Atque
2362 5078 2402 5134 ii
2434 5077 2659 5148 quidem
2691 5076 3228 5148 Constantinopolim
3260 5086 3533 5133 venerunt

1946 5170 2217 5233 ducentes
2252 5186 2477 5242 corpus.
2508 5168 2673 5224 Venit
2695 5176 2752 5226 et
2789 5168 3048 5227 Julianus
3098 5185 3162 5225 ex
3193 5170 3376 5241 Illyria
3401 5186 3532 5240 pro-

1946 5263 2151 5330 fectus,
2180 5262 2411 5333 jamque
2464 5262 2702 5318 ﬁrmiter
2756 5271 2952 5318 tenens
2996 5263 3317 5318 universum
3359 5264 3535 5333 impe-

1945 5356 2132 5421 rium,
2195 5356 2419 5410 nemine
2473 5364 2599 5425 post
2649 5354 2968 5410 Constantii
3015 5355 3232 5409 obitum
3292 5370 3431 5410 auso
3480 5356 3533 5411 ei

1945 5463 2278 5519 repugnare.
2313 5446 2451 5501 Cum
2502 5447 2741 5502 ferretur
2787 5447 3038 5502 defuncti
3101 5463 3308 5519 corpus
3341 5448 3407 5502 ad
3441 5463 3533 5504 ec-

1946 5541 2172 5596 clcsiarn
2203 5540 2635 5610 Apostolorum,
2685 5540 2777 5595 ubi
2820 5540 2979 5611 juxta
3030 5550 3240 5612 patrem
3296 5550 3414 5598 erat
3444 5550 3534 5597 tu-

1945 5632 2306 5697 mulandum,
2367 5632 2483 5702 ipse
2529 5631 2784 5689 Julianus
2813 5674 2829 5699 ,
2871 5633 3127 5705 deposito
3182 5633 3532 5703 diademate,

1948 5726 2153 5782 lectum
2204 5724 2577 5798 praecedebat.
2654 5725 2956 5804 Postquam
3008 5742 3141 5783 vero
3194 5728 3535 5797 sepelierunt

1950 5824 2268 5883 mortuum,
2311 5818 2368 5873 in
2412 5818 2683 5889 palatium
2733 5819 2935 5886 redux,
2977 5827 3033 5875 et
3061 5819 3371 5874 diademate
3409 5834 3535 5873 rur-

1953 5923 2050 5965 sus
2086 5907 2260 5981 capiti
2290 5910 2555 5983 imposito
2579 5952 2595 5981 ,
2629 5927 2812 5968 rerum
2842 5911 3182 5982 potiebatur,
3228 5910 3381 5967 solus
3416 5911 3531 5981 jam
3594 5960 3595 5963 η
