4026 6484
519 490 656 562 εετι

1959 474 2340 538 ADDENDA.

3654 459 3806 522 1572

519 609 834 666 universum
884 602 1257 657 Romanorum
1314 592 1603 664 imperium
1637 590 1892 661 adeptus.
1950 586 2131 650 Cona

2241 580 2382 650 ῦθις,
2421 584 2519 637 καὶ
2548 581 2659 635 τῶν
2701 579 3044 652 πραγμάτων
3073 575 3349 650 ἐγκρατὴς
3383 569 3475 646 ἦν,
3510 575 3668 643 μόνος
3693 577 3802 646 ἤδη

519 702 721 759 stantio
743 699 909 769 igitur
935 711 965 752 e
988 693 1173 749 medio
1193 690 1438 754 sublato,
1464 688 1518 742 in
1541 684 1888 755 superstites,
1908 689 1963 738 et
1984 695 2100 736 ma-

523 800 665 849 xime
695 807 791 848 eos
823 789 919 862 qui
951 804 1018 844 ex
1047 784 1260 841 invidia
1291 795 1520 838 causam
1569 777 1926 848 praebuerant
1955 772 2099 828 Galli

2205 678 2306 740 τὴν
2347 677 2476 747 ὅλην
2523 675 2634 728 τῶν
2674 672 2961 744 Ῥωμαίων
3011 670 3290 742 βασιλείαν
3342 670 3801 740 ὑποζωσάμενος.

2209 769 2365 826 Ἐπεὶ
2392 765 2486 823 οὖν
2519 769 2548 822 ό
2570 768 2956 830 Κωνστάντιος
2985 768 3051 818 ὲκ
3073 763 3252 817 ποδῶν
3277 760 3368 835 ἦν,
3400 762 3481 824 εἰς
3511 764 3630 826 τοὺς
3656 763 3804 815 ὑπο-

521 856 857 945 οοσὶόειιὰίξ
904 880 1181 935 furentem
1246 876 1388 930 iram
1444 870 1708 942 explevit.
1767 868 1807 923 E
1870 865 2103 936 vestigio

2242 862 2588 934 ειπομένους,
2612 862 2708 915 καὶ
2733 860 2970 931 μάλιστα
2987 858 3065 930 τῷ
3083 857 3265 928 φθόνῳ
3287 858 3389 923 τὴν
3418 856 3597 909 αίτίαν
3612 873 3804 926 παρα-

522 970 742 1041 quidem
775 967 1075 1023 Eusebium
1105 964 1460 1036 praepositum
1492 961 1669 1029 capite
1698 957 1925 1028 plectit,
1955 954 2104 1025 quod

2212 955 2511 1027 σχομένους
2557 953 2656 1024 τῆς
2692 952 3032 1022 ἀναιρέσεως
3067 950 3294 1014 Γάλλου,
3327 948 3564 1017 ἀνέψυχε
3588 948 3646 1001 τὸ
3673 946 3805 1012 ζέον

525 1039 805 1134 praecipue
879 1059 1163 1116 videretur
1241 1056 1361 1112 suis
1425 1051 1722 1109 calumniis
1804 1047 2106 1103 occisionis

2238 1047 2310 1117 ἧς
2343 1045 2517 1117 ὀργῆς
2546 1061 2560 1075 ο
2603 1045 2696 1097 καὶ
2724 1043 2923 1096 αὐτίκα
2955 1041 3218 1094 Εὑσέὸιον
3251 1039 3350 1109 μὲν
3379 1039 3472 1092 τὸν
3505 1040 3803 1108 πραιπόσι-

526 1153 669 1210 Galli
697 1166 923 1208 causam
957 1150 1261 1222 peperisse.
1302 1147 1532 1202 Paulum
1563 1156 1742 1199 autem
1771 1141 2102 1212 Hispanum,

528 1243 622 1314 qui
659 1243 804 1298 inter
843 1242 1058 1296 scribas
1109 1237 1461 1310 imperatoris
1497 1233 1952 1302 computabatur,
1983 1231 2100 1302 igni

531 1336 737 1401 tradit,
769 1343 960 1404 utpote
1000 1334 1093 1405 qui
1129 1332 1318 1386 multis
1360 1329 1693 1386 criminibus
1720 1325 1941 1382 Gallum
1971 1340 2108 1381 one—

531 1436 735 1482 rasset.
795 1427 1005 1480 Amhos
1048 1421 1452 1478 Chalcedonem
1509 1418 1694 1483 misit,
1757 1425 1815 1471 et
1873 1416 1991 1471 illic
2043 1415 2110 1470 de

534 1527 772 1588 utroque
842 1531 1004 1573 suum
1092 1514 1329 1584 sumpsit
1384 1510 1746 1581 supplicium.
1827 1507 2112 1564 Interfecit

533 1608 700 1664 etiam
732 1604 1146 1668 Gaudentium,
1196 1603 1394 1659 ducem
1447 1601 1727 1657 exercitus
1781 1600 2112 1664 Afric:e,'et

534 1698 677 1755 alios
700 1698 995 1769 quosdam,
1033 1696 1352 1768 quicunque
1379 1693 1575 1764 quovis
1625 1691 1789 1747 modo
1839 1689 1996 1745 Gallo
2025 1691 2114 1745 in-

535 1790 899 1847 sultaverant.

604 2096 696 2149 22.
728 2093 836 2149 Sed
865 2094 990 2148 illos
1029 2092 1251 2163 quidem
1288 2105 1386 2161 per
1430 2091 1644 2145 litteras
1677 2089 1915 2159 punivit.
1949 2088 2109 2143 Chriv

538 2189 611 2244 sti
636 2196 820 2243 autem
852 2194 1150 2258 martyrem
1201 2195 1255 2239 et
1298 2199 1624 2254 generosum
1672 2182 1932 2236 athletam
1963 2181 2118 2236 Arte-

539 2280 712 2335 mium
745 2279 863 2349 ipse
892 2293 992 2348 per
1017 2276 1411 2345 semetipsum,
1447 2290 1685 2343 praesens
1751 2281 2115 2343 praesentem,

539 2370 851 2424 Antiochiae
880 2378 1104 2440 propter
1134 2365 1343 2421 Christi
1376 2365 1786 2421 confessionem
1823 2364 2121 2418 inhumane

542 2462 755 2532 puniit,
791 2468 848 2516 et
877 2475 940 2516 ea
975 2475 1142 2531 quam
1205 2457 1444 2512 habebat
1496 2456 1755 2525 spoliavit
1811 2464 2119 2526 potestate,

545 2570 654 2610 non
693 2553 881 2609 ferens
935 2552 1111 2622 ipsius
1163 2550 1219 2605 in
1247 2549 1528 2619 loquendo
1563 2547 1871 2601 libertatem
1902 2555 1955 2599 et
2001 2559 2126 2600 con-

546 2645 833 2699 stantiam.
864 2641 1118 2697 Julianus
1141 2641 1288 2696 enim
1317 2681 1331 2704 ,
1359 2651 1418 2693 ut
1444 2638 1554 2692 dixi
1581 2637 1694 2708 jam
1715 2679 1732 2705 ,
1764 2653 1891 2693 cum
1921 2635 2127 2691 Roma-

548 2752 746 2792 norum
803 2735 1102 2790 invasisset
1166 2733 1500 2803 imperium,
1550 2731 1893 2787 restituendo
1942 2730 2124 2799 genti-

546 2829 711 2884 lismo
768 2826 1011 2882 maxime
1065 2823 1347 2882 studebat.
1389 2822 1574 2878 Missis
1617 2823 1804 2894 itaque
1848 2822 1903 2876 in
1937 2837 2129 2878 omnes

548 2929 737 2990 partes
792 2916 1029 2984 litteris,
1079 2916 1251 2988 jussit
1299 2914 1530 2970 deorum
1585 2914 1788 2983 templa
1833 2922 1889 2968 et
1931 2912 2130 2966 altaria

550 3011 700 3066 omni
737 3009 1096 3066 festinatione
1131 3023 1193 3063 ac
1237 3006 1427 3063 studio
1481 3004 1840 3070 reaedilicari;
1883 3013 1936 3059 et
1969 3019 2133 3074 quos-

551 3117 776 3171 cunque
803 3097 1060 3156 redditus
1108 3100 1365 3155 ecclesiis
1410 3099 1780 3154 attribuerent
1817 3097 2133 3152 Constanti-

550 3209 658 3250 nus
683 3200 1112 3263 magnus,atque
1137 3192 1257 3261 ejus
1282 3190 1427 3246 filius
1444 3189 2062 3254 Constantius,abstulit
2082 3195 2135 3242 et

2212 1154 2304 1190 τον
2354 1137 2456 1207 τῆς
2505 1133 2756 1204 κεφαλῆς
2789 1133 3130 1203 ἀφαιρεῖται,
3162 1131 3298 1185 διότι
3352 1128 3455 1200 τὴν
3514 1131 3690 1198 ἀρχήν
3741 1146 3802 1180 τε

2215 1227 2467 1296 ἐφαίνετο
2494 1227 2560 1279 ἐκ
2584 1225 2691 1279 τῶν
2715 1221 2915 1277 ἑαυτοῦ
2937 1221 3201 1276 διαϐολῶν
3221 1222 3314 1274 τδν
3331 1221 3554 1276 ἅπαντα
3575 1219 3651 1288 τῷ
3671 1219 3806 1272 Γάλ-

2215 1318 2292 1388 λῳ
2323 1317 2484 1386 φόνον
2509 1316 3019 1387 συγκερασάμενος.
3041 1311 3253 1367 Παῦλον
3282 1311 3342 1365 δὲ
3368 1310 3461 1363 τὸν
3480 1309 3690 1362 Σπανὸν
3725 1313 3804 1372 εἰς

2216 1409 2342 1474 τοὺς
2370 1407 2727 1479 ὑπογραφέας
2749 1405 2845 1459 τοῦ
2871 1403 3136 1474 βασιλέως
3161 1402 3424 1456 τελοῦντα
3457 1399 3591 1471 πυρὶ
3621 1416 3806 1469 παρα-

2217 1501 2454 1564 δίδωσιν,
2479 1501 2556 1563 ὡς
2584 1497 2759 1553 πολλά
2783 1497 2846 1569 δὴ
2871 1496 3016 1567 μάλα
3046 1495 3127 1567 τῷ
3157 1494 3348 1566 Γάλλῳ
3383 1493 3804 1564 ἐμπικμνάμε-

2220 1611 2331 1647 νον.
2367 1591 2608 1656 Τούτους
2663 1592 2764 1663 μὲν
2815 1589 3160 1661 ἀμφοτέρους
3200 1589 3280 1650 είς
3333 1585 3435 1656 τὴν
3481 1584 3800 1654 Χαλκηδόνα

2221 1685 2556 1755 διαπέμψας,
2581 1685 2701 1737 ἐκεῖ
2739 1685 2806 1754 τῇ
2858 1681 3040 1752 οἰκείᾳ
3097 1679 3224 1750 δίκῃ
3273 1679 3477 1746 ὑπάγει
3525 1675 3806 1744 ἑκάτερον

2222 1779 2432 1832 ἀνεῖλεν
2453 1777 2510 1831 δὲ
2540 1776 2636 1831 καὶ
2663 1775 2980 1829 Γαυδέντιον
3011 1771 3322 1846 στρατηγὸν
3371 1771 3475 1839 τῆς
3518 1768 3804 1839 Ἀφρικῆς,

2225 1873 2320 1926 καὶ
2342 1871 2540 1935 ἄλλους
2561 1871 2737 1936 τινὰς,
2771 1869 2963 1923 ὁπόσοι
2995 1887 3050 1922 τι
3087 1871 3168 1932 είς
3218 1866 3382 1921 αὑτὸν
3411 1865 3808 1935 πεπαρῳνήκε-

2157 1955 2200 2011 Β
2227 1982 2349 2019 σαν.

2299 2099 2406 2155 κθ.
2445 2100 2609 2154 Ἀλλὰ
2636 2102 2863 2165 τούτους
2894 2101 2992 2172 μὲν
3015 2100 3104 2153 διὰ
3134 2097 3485 2168 γραμμάτων
3529 2095 3806 2150 ἐκόλασεν·

2226 2196 2318 2248 τὸν
2351 2195 2406 2247 δὲ
2443 2193 2536 2248 τοῦ
2571 2192 2811 2264 Χριστοῦ
2848 2193 3105 2264 μάρτυρα
3152 2191 3247 2243 καὶ
3279 2192 3526 2258 γενναῖον
3573 2189 3811 2258 ἀθλητὴν

2239 2289 2525 2360 Ἀρτέμιον
2563 2286 2727 2349 αὐτὸς
2760 2285 2826 2339 δι’
2860 2286 3056 2340 ἑαυτοῦ
3087 2286 3144 2336 ἐν
3179 2283 3477 2353 Ἀντιοχείᾳ
3510 2283 3703 2352 παρὼν
3723 2283 3809 2334 καὶ

2229 2381 2495 2453 παρόντα,
2546 2379 2636 2434 διὰ
2671 2378 2772 2449 τὴν
2804 2381 2884 2441 είς
2928 2377 3166 2450 Χριστὸν
3209 2377 3501 2447 ὁμολογίαν
3528 2373 3811 2445 ἀπανθρώ-

2231 2492 2348 2538 πως
2379 2474 2658 2539 ἐκόλασεν,
2692 2474 2789 2527 καὶ⁸
2816 2472 2922 2542 τῆς
2965 2473 3253 2541 παρούσης
3280 2469 3444 2524 αὑτὸν
3482 2469 3810 2539 ἀπεγύμνω-

2233 2582 2324 2620 σεν
2348 2564 2619 2632 ἐξουσίας,
2659 2566 2737 2638 μὴ
2771 2565 2957 2637 φέρων
3007 2563 3109 2632 τὴν
3165 2560 3333 2617 αὐτοῦ
3379 2561 3697 2632 παρρησίαν
3725 2561 3810 2612 καὶ

2233 2660 2506 2715 ἔνστασιν.
2523 2660 2582 2715 '0
2607 2660 2716 2730 γὰρ
2757 2656 3067 2720 Ἰουλιανὸς,
3091 2655 3165 2719 ὡς
3188 2655 3506 2726 δεδήλωται,
3532 2652 3692 2726 [557]
3725 2652 3813 2721 τὴν

2235 2752 2344 2805 τῶν
2380 2753 2669 2822 Ῥωμαίων
2712 2751 2993 2822 βασιλείαν
3022 2748 3468 2818 ὑποζωσάμενος,
3516 2743 3814 2809 ἐσπούδαζε

2240 2843 2480 2914 μάλιστα
2545 2843 2639 2897 τὸν
2687 2842 3042 2914 Ἐλληνισμδν
3111 2838 3467 2912 ἐπανορθοῦν.
3526 2836 3812 2908 Πανταχοῦ

2237 2936 2418 2990 τοίνυν
2445 2937 2752 3008 γράμματα
2775 2935 3246 3006 διαπεμπόμενος,
3269 2933 3488 2987 ἐκέλευε
3517 2931 3588 2986 τὰ
3609 2931 3815 2985 τούτων

2238 3027 2440 3098 τεμένη
2476 3028 2722 3090 καὶτοὺς
2747 3027 2963 3098 βωμοὺς
2994 3027 3220 3096 ἁνιστᾷν
3253 3025 3394 3097 μετὰ
3424 3024 3624 3096 πολλῆς
3657 3041 3817 3078 σπου-

2240 3117 2338 3186 δῆς
2363 3135 2422 3172 τε
2453 3119 2547 3172 καὶ
2590 3118 2919 3190 προθυμίας·
2965 3119 3060 3172 καὶ
3092 3118 3225 3181 ὅσας
3267 3119 3296 3171 ό
3331 3117 3504 3189 μέγας
3526 3119 3816 3172 Κωνσταν-

2242 3211 2386 3274 τίνος
2413 3213 2533 3272 ταῖς
2566 3209 2886 3280 ἐκκλησίαις
2914 3210 3213 3282 προσόδους
3242 3210 3505 3280 ἀπένειμε
3533 3209 3630 3264 καὶ
3653 3211 3683 3262 ό
3701 3209 3818 3262 τού-

550 3284 822 3342 idolorum
869 3283 1082 3355 templis
1110 3282 1413 3347 dedicavit;
1443 3283 1569 3336 dum
1593 3280 1755 3336 simul
1796 3296 1895 3350 pro
1925 3280 2131 3351 episco-

2241 3319 2336 3358 του
2374 3302 2490 3366 υἱὸς
2531 3303 2911 3367 Κωνστάντιος
2934 3345 2949 3368 ,
2995 3302 3201 3367 ταύτας
3257 3301 3474 3372 ἀφελὼν
3495 3341 3511 3366 ,
3560 3301 3685 3365 τοῖς
3721 3300 3816 3354 τῶν

554 3376 1017 3448 pis,presbyteris
1041 3383 1094 3430 ει
1111 3375 1364 3430 diaconis
1395 3372 1685 3429 constituit
1718 3371 2138 3438 aedituos,tem-

553 3469 769 3539 piorum
815 3469 1092 3532 custodes,
1124 3482 1467 3537 aspersores,
1511 3464 1817 3530 sacriﬁcos.
1870 3463 2144 3534 canepho-

558 3575 650 3617 ros
673 3559 776 3632 (8),
798 3569 854 3615 et
882 3574 1230 3630 quacunque
1258 3558 1546 3629 gentilium
1587 3557 1877 3627 nugacitas
1908 3556 2143 3626 imponit

557 3653 801 3708 nomina.
848 3650 974 3708 Haec
1025 3651 1194 3723 igitur
1241 3661 1293 3708 et
1348 3652 1451 3704 alia
1489 3650 1692 3705 fiebant
1749 3651 2144 3707 Constantino-

558 3744 690 3815 poli.

627 3952 723 4009 25.
782 3951 914 4009 Post
951 3953 1066 4008 haec
1101 3964 1284 4008 autem
1341 3967 1467 4006 cum
1507 3955 1705 4006 matris
1749 3968 1861 4005 suae
1917 3950 2144 4006 fratrem

563 4043 826 4107 haberet,
860 4043 1145 4099 lulianum
1205 4043 1429 4099 nomine
1453 4082 1467 4107 ,
1501 4044 1596 4114 qui
1620 4082 1637 4111 ,
1672 4052 1731 4096 ut
1759 4042 1904 4113 apud
1947 4043 2150 4112 princi-

566 4153 688 4206 pem
722 4138 898 4208 gralia
947 4137 1208 4204 ﬂoreret,
1263 4137 1640 4192 Christianam
1700 4136 2022 4207 religionem
2054 4137 2150 4192 ab-

560 4231 852 4300 juraverat
883 4238 937 4284 et
969 4245 1223 4302 magnam
1277 4245 1376 4300 pro
1429 4228 1753 4299 gentilismo
1790 4227 2148 4285 sedulitatem

563 4323 930 4388 ostendebat,
962 4322 1119 4377 illum
1154 4322 1340 4378 emisit
1367 4320 1616 4377 Orientis
1647 4329 1947 4385 rectorem,
1983 4337 2148 4393 quem

568 4424 766 4469 vocant
818 4416 1076 4470 comitem
1103 4455 1119 4481 ,
1168 4416 1330 4486 eique
1363 4413 1649 4468 mandavit
1684 4423 1742 4470 ut
1772 4429 1863 4469 res
1894 4416 2153 4470 ecclesia-

570 4507 742 4561 sticas
778 4515 1004 4560 vexaret
1037 4515 1091 4561 et
1119 4505 1502 4577 disperderet,
1549 4506 1617 4560 ad
1647 4506 2028 4576 gentilismum
2057 4522 2152 4561 au-

567 4609 677 4652 tem
711 4598 912 4667 ubique
959 4599 1268 4668 augendum
1322 4607 1376 4652 et
1406 4597 1776 4653 extollendum
1812 4600 1948 4652 nihil
1982 4599 2159 4654 inten-

571 4699 747 4742 tatum
780 4689 1139 4759 relinqueret.
1186 4688 1322 4743 Cum
1357 4705 1488 4759 ergo
1529 4690 1636 4744 iste
1667 4691 2015 4745 Antiochiam
2063 4705 2153 4746 ve-

572 4784 770 4848 nisset,
823 4785 1135 4839 conabatur
1178 4785 1446 4855 operibus
1510 4785 1668 4855 plura
1699 4787 1926 4857 exsequi
1986 4803 2150 4858 quam

2242 3395 2512 3468 δαιμόνων
2529 3398 2678 3459 ναοῖς
2693 3395 3020 3466 ἁφιέρωσενο
3050 3396 3164 3450 ἀντ’
3192 3396 3507 3450 ἐπισκόπων
3531 3395 3627 3448 καὶ
3659 3409 3818 3465 πρίσω

2245 3486 2490 3558 δυτέρων
2525 3487 2620 3540 καὶ
2671 3487 2938 3540 διακόνων
2991 3489 3346 3560 καταστήσας
3401 3487 3692 3559 ζακόρους.
3735 3487 3816 3539 καὶ

2245 3580 2568 3649 νεωκόρους,
2589 3580 2684 3633 καὶ
2711 3578 2930 3649 ράντας,
2963 3580 3060 3633 καὶ
3103 3579 3292 3646 θύτας,
3325 3582 3420 3634 καί
3461 3578 3812 3650 κανηφόρους,

2247 3671 2342 3724 καὶ
2355 3671 2487 3732 ὅσας
2503 3671 2532 3722 ό
2564 3670 2872 3740 Ἐλληνικὸς
2889 3670 3049 3736 ῦθλος
3069 3672 3237 3742 ἐπιφη
3245 3671 3389 3741 μίξει
3417 3673 3811 3744 προσωνυμίας·

2245 3761 2421 3816 ταῦτα
2450 3763 2548 3833 μὲν
2576 3759 2670 3815 οὖν
2699 3765 2794 3818 καὶ
2823 3763 2987 3834 ἔτερα
3005 3763 3362 3834 διεπράττετο
3380 3765 3520 3818 κατὰ
3548 3764 3647 3835 τὴν
3677 3765 3816 3818 Κων-

2250 3854 2711 3908 σταντινούπολιν.

2321 3975 2426 4034 κγ’.
2455 3967 2608 4022 Μετὰ
2655 3967 2712 4020 δὲ
2768 3965 2941 4021 ταῦτα
2972 3966 3180 4038 μητρὸς
3213 3965 3386 4020 αὑτοῦ
3434 3967 3670 4037 ἀδελφὸν
3694 3968 3815 4040 ἔχων

2262 4060 2554 4114 Ἰουλιανόν
2573 4059 2829 4130 τοὺνομα,
2845 4060 2945 4132 τὴν
2964 4059 3060 4113 τοῦ
3084 4061 3129 4112 Χ
3139 4059 3516 4131 ριστιανισμοῦ
3536 4060 3816 4133 θρησκείαν

2251 4153 2713 4225 ἀπαρνησαμενον
2765 4153 2854 4206 διὰ
2913 4151 3012 4223 τὴν
3041 4152 3251 4205 ἐκείνου
3289 4153 3473 4223 χάριν,
3505 4155 3598 4206 καὶ
3627 4153 3817 4223 πολλὴν

2253 4247 2394 4318 ὑπὲρ
2452 4246 2545 4300 τοῦ
2583 4244 2946 4317 Ἑλληνισμοῦ
3004 4245 3323 4317 προθυμίαν
3350 4245 3815 4315 ἐπιδεικνύμενον,

2252 4339 2491 4411 ἄρχοντα
2513 4338 2614 4409 τῆς
2649 4337 2829 4407 Ἐᾠας
2875 4337 2934 4390 ὃν
2964 4336 3192 4391 καλοῦσι
3241 4337 3462 4407 κόμητα
3503 4337 3814 4408 ἐξέπεμψεν,

2255 4431 2634 4501 ἐντειλάμενος
2687 4429 2758 4483 τὰ
2809 4429 2909 4500 μὲν
2959 4428 3070 4482 τῶν
3144 4429 3455 4501 ἐκκλησιῶν
3533 4432 3818 4502 πράγματα

2255 4521 2461 4576 κακοῦν
2507 4539 2569 4575 τε
2611 4521 2705 4575 καὶ
2741 4521 3105 4592 διαφθείρειν,
3153 4521 3433 4594 πανταχοῦ
3491 4521 3549 4575 δέ
3600 4525 3693 4576 καὶ
3743 4523 3818 4576 διὰ

2259 4615 2440 4685 πάσης
2466 4614 2609 4678 ἰδέας
2635 4615 2727 4668 τὸν
2761 4614 3118 4687 Ἐλληνισμὸν
3144 4614 3331 4679 αὔξειν
3359 4631 3421 4669 τε
3451 4616 3545 4669 καὶ
3569 4615 3816 4688 ἐπαίρειν.

2269 4703 2328 4758 '0
2356 4705 2413 4758 δὲ
2441 4707 2773 4776 ἀφικόμενος
2805 4708 2863 4760 ἐν
2895 4707 3220 4778 Ἀντιοχείᾳ,
3241 4708 3501 4777 ἐπειρᾶτο
3537 4707 3706 4777 μείζω
3729 4705 3817 4759 τῶν

2260 4800 2669 4869 ἐντεταλμένων
2693 4803 2804 4863 τοῖς
2843 4800 3027 4872 ἔργοις
3067 4799 3378 4867 φαίνεσθαι,
3422 4799 3518 4852 καὶ
3565 4799 3628 4869 δὴ
3667 4814 3816 4868 προσ·

572 4891 700 4947 quae
733 4885 897 4931 erant
950 4878 1006 4931 in
1065 4876 1373 4930 mandatis.
1420 4875 1691 4932 Ecclesiis
1722 4878 1944 4948 quidem
1978 4877 2131 4933 aufer

2263 4893 2502 4960 αιρεῖται
2545 4891 2643 4960 μὲν
2667 4891 2858 4944 πασῶν
2893 4891 3000 4944 τῶν
3032 4890 3341 4960 ἐκκλησιῶν
3375 4890 3593 4945 ἅπαντα
3631 4891 3697 4942 τὰ
3719 4907 3816 4942 κει-

571 4975 775 5024 cuncta
821 4969 1090 5041 pretiosa,
1150 4983 1283 5024 vasa
1363 4983 1560 5039 nempe
1608 4977 1864 5040 argentea
1903 4981 1956 5028 et
1994 4986 2131 5026 aure;

2269 4983 2456 5053 μήλια,
2486 4984 2588 5037 ὅσα
2633 4986 2690 5036 ὲν
2745 4983 2974 5054 ἀργύρῳ
3019 5000 3080 5035 τε
3111 4984 3206 5035 καὶ
3246 4983 3429 5055 χρυσῷ
3471 4985 3565 5036 καὶ
3594 4983 3816 5053 σηρικοῖς

572 5076 637 5116 ac
671 5061 854 5115 serica
889 5062 1217 5117 vestimenta
1246 5078 1262 5129 ;
1320 5061 1456 5132 quin
1488 5061 1656 5117 etiam
1691 5062 1840 5132 ipsas
1887 5063 2155 5120 ecclesias

572 5153 816 5219 claudit,
855 5168 924 5209 ne
947 5155 1076 5224 quis
1108 5154 1277 5209 intret
1301 5149 1574 5210 orationis
1604 5170 1795 5220 causa,
1826 5154 1976 5211 fores
2002 5157 2154 5211 clan-

575 5247 707 5301 stris
755 5248 1123 5319 vectibusque
1175 5247 1494 5304 occludens.
1560 5247 1627 5303 Et
1676 5249 1793 5304 haec
1822 5249 2044 5319 quidem
2076 5249 2156 5304 fa-

575 5338 754 5394 ciebat
781 5343 837 5394 in
885 5341 1110 5398 civitate
1145 5341 1489 5399 Antiochena
1543 5342 1788 5399 Orientis
1836 5343 2150 5413 praefectus.

2264 5075 2548 5146 ὑφάσμασι
2577 5076 2826 5143 διετέλει,
2860 5076 3144 5130 ἀποκλείει
3175 5077 3232 5132 δὲ
3259 5078 3354 5131 καὶ
3393 5077 3495 5140 τὰς
3523 5077 3815 5145 ἐκκλησίας,

2263 5169 2357 5222 τοῦ
2390 5160 2462 5240 μή
2502 5188 2624 5224 τινα
2648 5173 2927 5241 εἰσφοιτᾷν
2961 5172 3020 5224 ὲν
3043 5171 3236 5234 αὑταῖς
3268 5171 3436 5241 εὐχῆς
3475 5171 3660 5232 ἕνεκα,
3693 5170 3816 5221 κλεῖ-

2261 5262 2365 5333 θρα
2390 5264 2483 5318 καὶ
2512 5265 2746 5335 μοχλοὺς
2773 5267 2888 5328 τοῖς
2926 5264 3171 5318 πυλῶσιν
3199 5264 3499 5318 ἐπιϐαλών.
3538 5265 3646 5316 Καὶ
3668 5262 3817 5316 ταῦτα

2265 5358 2365 5427 μὲν
2393 5359 2537 5411 κατὰ
2557 5357 2656 5428 τὴν
2699 5358 2976 5429 Ἀντιόχου
3002 5358 3161 5412 πόλιν
3188 5359 3217 5412 ὁ
3239 5357 3346 5428 τῆς
3368 5355 3637 5426 ἀνατολῆς
3659 5356 3818 5426 ἄρχων

2263 5448 2571 5519 εἰργάζετο.

2099 5645 2333 5703 NOTAE.

649 5873 857 5948 (8)Vox
885 5871 1006 5948 illa.
1039 5885 1106 5927 ex
1130 5869 1268 5948 κάνη
1291 5877 1346 5948 et
1369 5870 1518 5939 φέρω
1539 5869 1867 5938 composita,
1889 5869 2043 5948 viros
2075 5869 2156 5948 vel

582 5941 839 6006 mulieres
868 5944 1124 6016 designat
1172 5945 1266 6012 qui
1309 5941 1452 5996 intra
1493 5953 1833 6012 paganorum
1888 5941 2145 5996 solemni-

2269 5878 2426 5948 tales.
2471 5885 2532 5923 ea
2578 5885 2700 5948 qum
2753 5869 2859 5927 diis
2914 5870 3193 5930 offerenda
3248 5881 3407 5948 erant
3465 5874 3519 5931 in
3579 5874 3815 5930 canistris

2251 5943 2569 6010 portabant.
2600 5941 2759 5998 Eon.
