4026 6400
185 444 327 511 1273

1478 434 1538 493 S.
1580 424 1906 491 ARTEMII
1940 422 2227 487 PASSIO.

3312 415 3451 482 1276

246 553 341 608 24.
385 549 445 605 '0
469 546 528 602 δέ
566 545 826 618 βασιλεὺς
858 542 1151 606 Ἰουλιανὸς
1175 541 1259 596 ἔτι
1307 539 1453 596 κατὰ
1477 539 1580 611 τὴν
1617 540 1773 593 Κων-

1943 531 2035 586 24.
2074 532 2382 601 Imperator
2431 536 2620 586 autem
2655 527 2912 586 Julianus
2962 525 3451 599 Constantinopoli

176 637 623 702 σταντινούπολιν
672 632 880 691 διεῖλκέ
934 648 1060 689 τινα
1114 630 1333 703 χρόνον,
1365 629 1436 683 τὰ
1489 628 1548 682 ἐν
1590 625 1767 697 ταύτῃ

177 733 456 809 κρατύνας
477 732 558 796 είς
590 727 742 803 [558]
762 729 901 799 ὅπερ
930 725 1217 797 ἐνομίζετο
1257 722 1496 795 μάλιστα
1519 723 1587 792 τῇ
1614 719 1770 791 βασι-

175 827 303 899 λείᾳ
324 822 653 897 συμφέρειν,
690 820 789 876 καὶ
821 820 973 880 ὅπως
1011 819 1041 872 6
1068 814 1423 886 Ἑλληνισμὸς
1450 811 1603 883 αὐτῷ
1632 810 1770 881 πρὸς

176 917 241 972 τὸ
264 914 685 988 μεγαλειότερον
704 910 913 982 ἐξαρθῇ
945 909 1170 963 σκοπῶν
1186 923 1246 961 τε
1270 906 1365 960 καὶ
1386 903 1772 975 πραγματευό-

181 1021 382 1081 μενος·
410 1006 552 1078 ἄρας
597 1003 693 1059 οῦν
758 1005 824 1058 ἐκ
871 1003 970 1073 τῆς
1015 997 1643 1061 Κωνσταντινουπόλεως
1675 995 1774 1050 σὺν

180 1102 350 1156 παντὶ
373 1100 454 1171 τῷ
487 1096 709 1170 στρατῷ
730 1096 830 1167 τὴν
863 1096 958 1149 ἐπὶ
984 1094 1087 1165 τῆς
1119 1091 1322 1165 Συρίας
1362 1092 1604 1145 ἐποιεῖτο
1630 1088 1772 1143 ὀδόν.

180 1190 422 1247 Διελθὼν
472 1189 657 1244 τοίνυν
688 1187 908 1242 ἅπασαν
928 1186 1029 1258 τὴν
1072 1183 1337 1256 Φρυγίαν,
1364 1182 1463 1237 καὶ
1508 1180 1645 1252 πρὸς
1675 1177 1776 1251 τὴν

183 1282 428 1355 ἐσχάτην
457 1280 630 1351 αὐτῆς
671 1278 830 1333 πόλιν
856 1277 920 1332 τὸ
941 1274 1281 1347 καλούμενον
1318 1273 1538 1327 Ἰκόνιον
1573 1285 1780 1325 καταν-

183 1375 383 1447 τήσας,
415 1371 663 1439 ἐξέκλινε
696 1368 800 1441 τὴν
837 1366 1116 1439 Ἰσαυρίαν
1159 1361 1503 1428 καταλιπὼν,
1555 1361 1651 1417 καὶ
1686 1360 1780 1415 τὸν

184 1466 485 1538 λεγόμενον
516 1463 734 1537 Ταῦρον
768 1460 1149 1532 ὐπεραναόάς,
1174 1455 1339 1531 ἦλθεν
1356 1458 1450 1511 ἐπὶ
1466 1455 1565 1520 τὰς
1594 1454 1781 1519 πόλεις

183 1561 287 1631 τῆς
320 1557 603 1625 Κιλικίας,
654 1555 752 1609 καὶ
800 1554 878 1625 τῷ
926 1552 1154 1625 σταθμῷ
1185 1549 1577 1622 προσπελάσας
1614 1547 1693 1620 τῷ
1721 1548 1780 1601 ἐν

198 1651 380 1723 Ἰσσῷ,
412 1649 582 1707 αὐτοῦ
602 1650 964 1720 κατασκηνοῖ,
993 1647 1088 1701 τὸν
1122 1648 1189 1700 ἐκ
1221 1644 1566 1708 Μακεδονίας
1596 1641 1783 1707 Ἀλέξο

189 1743 389 1812 ανδρον
430 1740 818 1813 μιμησάμενος
836 1754 849 1769 °
879 1738 1069 1794 αὐτόθι
1099 1737 1208 1809 γὰρ
1239 1738 1497 1801 κάκεῖνος
1522 1738 1581 1789 ἐν
1624 1733 1783 1805 ἰσσῷ

189 1831 284 1886 τὸν
306 1831 443 1903 πρὸς
474 1833 704 1903 Δαρεῖον
727 1829 840 1883 τῶν
868 1828 1100 1901 Περσῶν
1139 1825 1369 1898 βασιλέα
1412 1826 1781 1895 συνεκρότησε

1868 622 2097 692 aliquod
2142 622 2413 692 temporis
2471 622 2815 686 morabatur,
2871 620 2927 675 in
2971 634 3037 675 ea
3085 619 3454 676 corroborans

1869 730 1994 787 quae
2019 713 2379 771 existimabat
2430 715 2672 770 maxime
2717 713 2979 770 conferre
3013 713 3082 769 ad
3119 714 3327 769 bonum
3355 713 3458 769 im-

1872 808 2043 879 perii,
2081 807 2365 878 simulque
2403 821 2613 864 curans
2644 816 2814 877 atque
2838 807 3026 862 omnia
3060 807 3363 879 disponens
3396 812 3460 862 ut

1872 900 2230 972 gentilismus
2284 900 2578 972 magniﬁce
2628 901 3017 957 extolleretur.
3052 900 3247 957 Postea
3274 898 3462 971 profeo

1874 1005 2002 1050 ctus
2052 993 2543 1063 Constantinopoli
2602 1007 2730 1048 cum
2790 993 3055 1048 universo
3106 993 3353 1048 exercitu
3401 990 3460 1046 in

1877 1084 2096 1159 Syriam
2127 1086 2235 1142 iter
2287 1083 2553 1141 instituit.
2616 1082 2722 1140 Per
2754 1092 2927 1139 totam
2962 1083 3133 1153 igitur
3162 1082 3459 1156 Phrygiam

1876 1180 2183 1243 transiens,
2214 1193 2338 1233 cum
2382 1177 2453 1233 ad
2513 1186 2817 1234 extremam
2874 1177 3038 1246 hujus
3073 1177 3320 1248 regionis
3370 1192 3462 1233 ve-

1877 1272 2056 1328 nisset
2104 1271 2421 1336 civitatem,
2460 1284 2584 1341 qua:
2629 1278 2862 1325 vocatur
2896 1267 3177 1335 Iconium,
3201 1268 3462 1325 'decliua-

1880 1365 1998 1431 vit,
2061 1363 2272 1421 omissa
2324 1363 2566 1420 lsauria.
2633 1361 2768 1418 Dein
2812 1371 3079 1434 superato
3135 1371 3327 1418 monte
3372 1362 3462 1418 cui

1882 1471 2084 1513 nomen
2118 1455 2363 1520 Taurus,
2402 1456 2656 1513 accessit
2700 1454 2769 1510 ad
2819 1456 3075 1511 civitates
3127 1455 3371 1522 Ciliciae;
3410 1462 3467 1511 et

1881 1556 2181 1619 postquam
2214 1547 2398 1617 attigit
2444 1546 2745 1602 stationem
2778 1561 2901 1617 qua:
2926 1556 3012 1602 est
3053 1545 3122 1600 ad
3154 1544 3364 1612 Issum,
3388 1544 3465 1601 ibi

1883 1650 2313 1697 eastrametatus
2343 1649 2465 1706 est,
2507 1640 2882 1695 Alexandrum
2933 1638 3284 1694 Macedonem
3337 1637 3467 1693 imi-

1885 1744 2057 1792 tatus.
2119 1733 2257 1790 Nam
2320 1735 2427 1790 iste
2486 1747 2709 1804 quoque
2760 1746 2885 1787 cum
2920 1730 3112 1796 Dario,
3167 1729 3466 1786 Persarum

1889 1844 2043 1899 rege,
2076 1828 2191 1883 illic
2230 1828 2286 1882 in
2354 1826 2473 1883 Isso
2510 1827 2762 1897 praelium
2810 1824 3127 1891 commisit;
3179 1838 3291 1894 quo
3316 1822 3471 1878 devi-

192 1894 455 1995 πόλεμον,
486 1894 581 1979 καὶ
627 1924 819 1977 τοῦτον
864 1894 1150 1992 νικησας,⁷
1176 1920 1449 1989 ἐπίσημον
1479 1894 1594 1972 τὸν
1616 1916 1781 1970 τόπον

1901 1931 2001 1984 :to,
2066 1921 2251 1975 locum
2307 1894 2550 1974 reddidit
2616 1918 2918 1986 insignem.
2976 1915 3152 1971 Porro
3210 1915 3471 1971 Julianus

195 2015 513 2085 εἰργάσατο.
546 2013 792 2068 Ἐκεῖθεν
822 2014 918 2068 τὸν
950 2012 1185 2066 Ἰσσικδν
1202 2010 1404 2063 κόλπον
1420 2007 1782 2078 διαπεράσας,

193 2102 361 2178 ἦλθεν
387 2108 445 2160 ἐν
470 2108 679 2177 Ταρσοῖ
707 2110 775 2179 τῇ
800 2104 990 2159 πόλει⁶
1032 2101 1291 2158 κάκεῖθεν
1332 2103 1412 2163 είς
1455 2098 1786 2168 Ἀντιόχειαν

194 2198 536 2270 θυμομαχῶν
571 2196 715 2253 κατὰ
743 2196 854 2251 τῶν
877 2192 1222 2266 Χριστιανῶν
1252 2192 1348 2247 καὶ
1378 2188 1676 2245 ἐπαπειλού
1687 2206 1790 2263 με-

195 2309 285 2356 νος
309 2293 375 2346 τὸ
396 2294 604 2346 τούτων
634 2293 712 2356 είς
738 2289 888 2344 ἅπαν
931 2287 1237 2357 ἐξαλείφειν
1267 2285 1460 2355 ὄνομα.

266 2392 372 2440 κε’.
414 2384 656 2439 Ἐλθόντι
681 2379 973 2453 τοιγαροῦν
995 2379 1072 2451 τῷ
1105 2378 1356 2449 τυράννῳ
1386 2377 1445 2430 ἐν
1484 2373 1791 2447 Ἀντιοχείᾳ

198 2482 263 2552 τῇ
290 2477 446 2533 πόλει
467 2477 564 2530 καὶ
590 2475 730 2546 πρὸς
749 2477 866 2538 τοῖς
903 2471 1194 2545 βασιλείοις
1225 2470 1396 2533 οἴκοις
1425 2465 1791 2540 κατασκηνώ-

204 2588 380 2636 σαντι,
399 2569 497 2624 καὶ
523 2566 647 2623 οὐδέ
670 2565 807 2637 πρὸς
833 2565 1052 2638 ἡμέραν
1078 2563 1208 2636 μίαν
1236 2560 1595 2634 ὴσυχάσαντι,
1618 2576 1789 2631 προσ-

201 2664 450 2736 ήχθησαν
478 2660 629 2731 αὐτῷ
652 2658 846 2730 ὥσπερ
874 2658 985 2711 ἀπό
1010 2672 1157 2720 τινος
1189 2652 1656 2726 παραγγέλματος
1677 2651 1794 2705 δια-

204 2755 517 2828 ϐληθέντες,
544 2753 807 2822 Εὐγένιος
829 2751 925 2804 καὶ
974 2748 1262 2817 Μακάριος
1297 2743 1663 2818 πρεσϐύτεροι
1689 2741 1794 2812 τῆς

200 2851 267 2904 ἐν
315 2846 623 2918 Ἀντιοχείᾳ
661 2843 994 2916 Ἐκκλησίας
1040 2841 1381 2912 ὑπάρχοντες
1403 2854 1417 2868 ⁶
1451 2835 1546 2900 οὒς
1579 2852 1794 2907 προκα-

206 2940 367 3005 θίσας
394 2939 489 2994 ἐπὶ
512 2938 608 2993 τοῦ
634 2938 906 3010 βήματος,
937 2934 1192 2989 ἐκέλευσε
1226 2930 1573 3002 παραστῆναι
1607 2930 1637 2983 6
1678 2927 1796 2981 άλι-

203 3037 417 3106 τὴριος,
448 3032 543 3087 καί
566 3049 705 3104 φησι
733 3030 872 3102 πρὸς
894 3028 1095 3093 αὐτούς
1114 3044 1129 3060 ’
1152 3027 1308 3089 Τίνες
1332 3025 1455 3079 ἐστὲ
1488 3022 1584 3078 avo
1596 3038 1791 3093 ρωποι,

206 3124 304 3179 καὶ
357 3121 511 3177 ποίου
573 3121 690 3193 βίου
752 3120 853 3175 καὶ
908 3118 1082 3189 τύχης
1129 3116 1524 3185 τυγχάνοντες,
1557 3111 1652 3165 ἐπὶ
1698 3107 1793 3163 τοῦ

1886 2015 2093 2070 isthinc
2118 2013 2355 2069 lssicum
2380 2012 2563 2067 sinum
2592 2012 2901 2076 traductus,
2928 2009 3164 2063 Tarsum
3189 2007 3470 2062 civitatem

1886 2105 2074 2170 venit,
2128 2112 2296 2174 atque
2353 2102 2484 2156 hinc
2538 2101 2893 2156 Antiochiam
2959 2100 3101 2154 iram
3157 2098 3381 2169 spirans
3417 2098 3473 2153 in

1889 2199 2262 2265 Christianos,
2297 2210 2602 2267 eorumque
2648 2209 2853 2250 nomen
2901 2208 2963 2249 se
2997 2207 3225 2264 prorsus
3257 2192 3475 2248 deletu-

1890 2306 2012 2345 rum
2047 2290 2334 2343 minitans.

1960 2380 2053 2435 25.
2088 2378 2226 2434 Cum
2287 2378 2477 2448 itaque
2506 2372 2855 2431 Antiochiam
2902 2372 3150 2427 venisset
3179 2378 3474 2443 tyrannus,

1892 2480 1947 2529 et
1978 2473 2032 2528 in
2067 2471 2294 2526 domum
2327 2469 2650 2524 divertisset
2684 2465 3103 2536 imperatoriam
3125 2503 3141 2528 ,
3177 2473 3232 2519 et
3269 2479 3337 2519 ne
3367 2480 3475 2519 una

1892 2563 2115 2637 quidem
2169 2563 2259 2618 die
2316 2561 2661 2632 quievisset,
2717 2558 2942 2614 adducti
3009 2566 3142 2613 sunt
3199 2555 3269 2611 ad
3298 2572 3450 2621 eum,

1892 2656 2053 2729 quasi
2088 2671 2155 2712 ex
2206 2654 2466 2710 condicto
2509 2652 2797 2717 accusati,
2846 2649 3126 2720 Eugenius
3198 2657 3254 2705 et
3292 2648 3479 2705 Maca—

1897 2748 2041 2812 rius,
2079 2746 2445 2803 Antiochenaa
2478 2744 2746 2801 Ecclesia:
2808 2742 3152 2815 presbyteri.
3207 2741 3359 2809 Quos
3393 2756 3482 2799 se-

1897 2843 2034 2897 dens
2070 2857 2171 2912 pro
2201 2839 2469 2895 tribunali
2523 2839 2648 2894 sisti
2679 2837 2851 2907 jussit
2900 2836 3198 2900 scelestus,
3230 2834 3482 2906 dixitque

1895 2933 2019 2989 eis:
2078 2930 2318 2999 Quinam
2376 2931 2517 2986 estis
2566 2929 2708 2984 vos?
2756 2927 2891 2995 Quae
2928 2927 3088 2983 vobis
3136 2927 3268 2982 vitae
3299 2926 3477 2991 ratio,

1894 3038 2017 3093 quae
2052 3037 2212 3086 sors,
2269 3031 2328 3077 ut
2380 3022 2448 3076 ad
2488 3026 2741 3075 nostrum
2796 3018 3155 3074 adducamini
3196 3016 3484 3073 tribunal?

1896 3112 2203 3187 Respondit
2234 3113 2555 3185 Engenius:
2585 3110 2890 3167 Christiani
2950 3125 3165 3170 sumus.
3187 3117 3243 3165 et
3271 3108 3482 3167 Christi

209 3216 483 3288 ἡμετέρου
552 3211 909 3286 προσήχθητε
973 3211 1256 3281 βήματος;
1309 3204 1573 3275 Εὐγένιος
1646 3202 1791 3272 ἔφη’

1901 3208 2079 3279 gregis
2112 3217 2401 3278 pastores;
2439 3205 2553 3259 haec
2584 3213 2779 3258 nostra
2816 3203 2944 3256 vitae
2975 3202 3141 3266 ratio,
3188 3200 3305 3257 hac
3334 3218 3484 3269 sors,

209 3307 530 3383 Χριστιανοί
562 3308 752 3378 ἐσμεν,
778 3307 877 3358 καὶ
903 3303 1003 3373 τῆς
1022 3298 1264 3373 Χριστοῦ
1300 3298 1538 3367 ποίμνης
1554 3292 1793 3363 άγελάρ-

212 3420 304 3476 χαι
327 3401 702 3472 τυγχάνομενο
746 3396 907 3451 τοῦτο
943 3393 1058 3465 βίος
1098 3393 1232 3461 ἡμῖν
1254 3388 1352 3444 καὶ
1381 3387 1523 3459 τύχη
1555 3384 1654 3440 καὶ
1675 3386 1796 3476 ἐπιζ-

209 3473 480 3569 τήδευμα.
531 3492 644 3547 Καὶ
688 3492 716 3545 6
769 3487 1064 3561 βασιλεύςο
1094 3477 1170 3540 Οὐ
1216 3483 1401 3537 τοίνυν
1447 3479 1595 3534 ἐστὶν
1634 3479 1669 3550 ἡ
1698 3473 1794 3530 τοῦ

212 3586 457 3661 Χριστοῦ
481 3584 690 3656 ποίμνη
720 3577 790 3656 ἧς
817 3582 979 3653 ὑμεῖς
1008 3572 1652 3649 άγελάρχαιτυγχάνετες
1684 3569 1797 3623 Kal.

213 3684 240 3736 6
274 3678 567 3749 Εὐγένιος⁶
597 3677 756 3730 Πᾶσα
788 3674 822 3745 ἡ
854 3670 1152 3743 οἰκουμένη
1201 3670 1334 3740 ὅσην
1381 3663 1532 3739 [559]
1578 3665 1606 3718 6
1643 3661 1797 3733 ἥλιος

214 3772 411 3844 ἐφορᾷ,
440 3769 537 3824 καὶ
564 3768 679 3823 ὅσοι
736 3765 831 3819 ἐπὶ
876 3754 1085 3835 ταύτης
1118 3762 1259 3815 εἰσὶν
1299 3759 1604 3829 ἄνθρωποι.
1634 3755 1747 3810 Kal
1770 3755 1799 3808 6

228 3862 517 3928 Ἰουλιανός
535 3876 553 3894 ο
603 3860 796 3932 Ἦμεῖς
822 3857 881 3911 δὲ
920 3857 1083 3910 τίνων
1114 3856 1360 3926 ἄρχομεν
1385 3852 1479 3906 καὶ
1505 3849 1667 3904 τίνων
1705 3847 1803 3919 σή-

220 3975 389 4031 μερον
412 3953 798 4028 βασιλεύομεν,
831 3944 877 4005 ὦ
906 3949 1261 4020 ταλαίπωρον
1288 3945 1385 4001 καὶ
1426 3941 1800 4014 δυστυχέστα-

216 4069 307 4107 τον
333 4048 740 4122 άνθρωπάριον,
788 4045 839 4098 εί
861 4044 994 4117 ὅσην
1032 4044 1060 4097 6
1095 4042 1247 4113 ἥλιος
1285 4039 1459 4110 ἐφορᾷ
1481 4040 1585 4109 γῆν
1614 4036 1643 4089 6
1664 4036 1801 4104 Χρι-

221 4146 346 4210 στὺς
369 4143 609 4215 ποίμνην
642 4140 941 4209 κέκτηται;
977 4135 1091 4192 Kal
1120 4137 1148 4189 6
1185 4134 1427 4205 μάρτυς·
1460 4130 1574 4200 Τῆς
1605 4126 1800 4197 αὐτῆς,

221 4234 264 4294 ὦ
314 4234 569 4310 βάσιλεῦ,
612 4234 707 4289 καὶ
762 4230 1000 4302 ποίμνης
1062 4228 1157 4283 καὶ
1209 4225 1416 4296 ἀγέλης
1466 4220 1802 4285 ἐπιστατεῖς,

220 4327 405 4406 ἧσπερ
442 4329 722 4399 καὶὴμεῖς
765 4323 1069 4395 άγελάρχαι
1111 4319 1490 4390 τυγχάνομεν·
1541 4312 1609 4367 δι’
1637 4309 1802 4406 αὐτοῦ

222 4404 334 4497 γὰρ
369 4422 612 4496 βασιλεῖς
648 4416 1051 4490 βασιλεύουσιν,
1082 4413 1179 4467 καὶ
1226 4410 1507 4497 τύραννοι
1537 4404 1806 4478 κρατοῦσι

223 4493 351 4586 γῆς,
370 4493 472 4567 *καὶ
487 4509 649 4574 αὐτός
667 4525 749 4562 σοι
774 4506 835 4561 τὸ
856 4503 1131 4577 βασίλειον
1161 4502 1401 4572 σήμερον
1428 4496 1632 4551 δέδωκε
1656 4513 1670 4528 ·
1703 4493 1808 4586 κάν

1904 3303 2008 3356 hoc
2049 3300 2392 3355 institutum.
2463 3296 2527 3349 Et
2574 3296 2876 3365 imperator
2910 3307 2926 3347 :
2968 3291 3095 3359 Ubi,
3156 3293 3359 3364 inquit,
3395 3301 3486 3349 est

1900 3407 2034 3463 grex
2076 3390 2289 3446 Christi
2354 3388 2519 3458 cujus
2568 3402 2667 3443 vos
2711 3392 2969 3457 pastores
3021 3384 3206 3441 estis?
3264 3403 3284 3438 ι
3338 3384 3489 3439 Dixit

1903 3481 2222 3552 Eugenius:
2280 3480 2587 3534 Uuiversus
2651 3489 2926 3531 terrarum
2959 3474 3134 3538 orbis,
3185 3478 3370 3547 quoad
3406 3476 3489 3531 la-

1904 3575 2121 3632 tissime
2148 3589 2271 3629 eum
2324 3571 2525 3642 aspicit
2569 3569 2677 3636 sol,
2708 3578 2763 3622 et
2798 3583 2993 3624 omnes
3040 3568 3134 3638 qui
3172 3568 3228 3622 in
3263 3581 3330 3623 eo
3359 3576 3492 3623 sunt

1905 3669 2185 3724 homines.
2245 3666 2308 3720 Et
2354 3663 2611 3719 Julianus
2659 3680 2674 3718 :
2729 3661 2842 3717 Nos
2909 3671 3094 3717 autem
3154 3660 3488 3732 quibusnam

1908 3775 2240 3831 praesumus,
2269 3768 2325 3813 et
2356 3760 2409 3813 in
2443 3771 2586 3827 quos
2617 3755 2780 3810 hodie
2810 3768 3135 3809 exercemus
3171 3754 3491 3824 imperium,

1906 3871 1941 3912 ο
1968 3852 2163 3909 infelix
2193 3862 2247 3905 tu
2290 3859 2343 3905 et
2380 3846 2695 3903 miserrime
2729 3846 3052 3910 homuncio,
3082 3844 3129 3898 si
3170 3843 3491 3900 universam

1909 3960 2073 4015 quam
2092 3943 2176 4001 sol
2206 3943 2409 4013 aspicit
2436 3953 2643 3996 terram
2675 3937 2936 3994 Christus
2960 3951 3185 4008 gregem
3213 3935 3494 4007 possidet?

1910 4038 2067 4093 Tunc
2096 4046 2313 4108 martyr
2352 4054 2364 4090 :
2417 4034 2606 4090 Eidem
2644 4032 2818 4103 gregi,
2870 4031 3195 4100 imperator,
3222 4039 3276 4085 et
3300 4029 3494 4100 pecori

1909 4144 2106 4200 prazes,
2164 4126 2327 4197 cujus
2376 4135 2432 4181 et
2482 4139 2581 4179 nos
2646 4132 2895 4195 pastores
2943 4135 3161 4176 sumus.
3188 4118 3294 4174 Per
3331 4120 3495 4176 Chri-

1912 4229 2057 4277 stum
2093 4219 2241 4275 enim
2283 4233 2441 4289 reges
2473 4224 2732 4287 regnant,
2763 4221 2819 4269 et
2854 4221 3104 4285 potentes
3132 4213 3496 4269 dominantur

1912 4311 1966 4367 in
1996 4321 2161 4367 terra.
2202 4310 2325 4381 Ipse
2366 4323 2588 4379 quoque
2630 4306 2793 4360 hodie
2835 4305 2934 4360 tibi
2968 4303 3123 4359 dedit
3173 4304 3491 4373 imperium.

1912 4402 2070 4471 Quod
2106 4402 2153 4458 si
2182 4401 2457 4472 ingratum
2492 4408 2544 4454 te
2572 4396 2871 4468 praebueris
2895 4410 3024 4466 erga
3057 4394 3491 4463 benefactorem,

1912 4512 2038 4551 cras
2076 4510 2272 4550 rursus
2297 4490 2432 4547 illud
2465 4490 2626 4545 alteri
2670 4489 2844 4544 dabit.
2889 4485 3064 4542 Unius
3093 4485 3239 4541 enim
3278 4486 3493 4551 dieies,

443 4602 737 4673 ἀχάριστος
788 4596 917 4668 περὶ
977 4594 1067 4656 τὸν
1115 4590 1415 4663 εὐεργέτην
1449 4587 1675 4657 ἐφάνης,
1712 4582 1796 4673 αύ-

1913 4599 1967 4644 et
1995 4589 2061 4643 iis
2099 4599 2247 4640 nunc
2296 4585 2534 4654 imperas
2566 4581 2662 4653 qui
2716 4588 2855 4637 sunt
2883 4580 3050 4634 unius
3079 4577 3211 4634 diei.
3236 4578 3494 4635 Christus

231 4713 345 4770 ριον
370 4694 427 4748 δὲ
458 4671 624 4745 πάλιν
665 4689 813 4759 άλλῳ
862 4686 971 4739 τινὶ
1019 4684 1204 4740 δώσει.
1255 4681 1566 4752 Ἑφήμερος
1604 4676 1715 4770 γάρ
1736 4671 1808 4744 εἷ,

229 4768 324 4844 καὶ
345 4784 646 4857 ἐφημέρων
670 4780 768 4835 νῦν
799 4777 1139 4851 βασιλεύεις⁹
1192 4774 1356 4837 αὐτὸς
1406 4771 1465 4825 δέ
1508 4770 1610 4842 τὴν
1658 4768 1814 4841 βασι-

229 4880 381 4934 λείαν
410 4876 629 4932 αἰώνιον
669 4872 956 4944 κέκτηται,
1011 4867 1107 4923 καὶ
1130 4866 1306 4934 πέρας
1342 4861 1556 4917 οὐδέπω
1597 4859 1813 4931 λαμϐά·

231 4986 452 5025 νουσαν.

302 5068 420 5128 κς’.
450 5060 559 5115 Καὶ
591 5061 621 5114 6
648 5055 1022 5129 Παραϐάτηςο
1058 5050 1269 5105 Ἀνόσιε
1295 5046 1507 5118 καὶτῆς
1537 5045 1645 5099 τῶν
1676 5045 1815 5099 θεῶν

235 5152 525 5222 εὐμενείας
566 5148 836 5219 ἀλλότριε,
878 5142 1066 5215 χθιζὸς
1123 5138 1198 5193 ὢν
1228 5140 1255 5191 6
1282 5135 1517 5207 Χριστὸς
1561 5135 1658 5188 καί
1684 5135 1819 5204 ἒφήο

240 5259 424 5315 μερος,
476 5244 587 5295 κάκ
643 5240 753 5294 τῶν
803 5237 897 5292 τοῦ
951 5236 1232 5302 Καίσαρος
1258 5228 1572 5298 Αὐγούστου
1609 5227 1819 5300 χρόνων

239 5335 569 5407 ἀρξάμενος,
603 5333 824 5395 αίώνιος
885 5327 1144 5401 βασιλεὺς
1177 5323 1282 5379 ὐπὸ
1310 5322 1406 5377 σοῦ
1446 5323 1822 5395 κεχειροτόνη-

240 5446 327 5483 ται
362 5429 639 5498 σήμερον;
671 5424 782 5478 Kal
828 5423 859 5476 6
919 5421 1135 5493 μάρτυς
1157 5432 1171 5448 ·
1213 5416 1322 5471 Ναὶ
1352 5416 1494 5470 κατὰ
1520 5414 1583 5469 τὸ
1610 5412 1823 5486 ἀνθρώ-

241 5538 398 5575 πινον
420 5520 519 5572 καὶ
547 5520 609 5572 τὸ
632 5517 733 5588 τῆς
763 5512 1048 5585 ἀφράστου
1102 5510 1198 5564 καὶ
1225 5508 1471 5581 ἀρρήτου
1509 5506 1825 5577 οἰκονομίας

243 5612 409 5667 αὐτοῦ
464 5611 785 5682 μυστήριον,
846 5602 950 5661 εἶτ’
978 5604 1073 5659 οὖν
1106 5602 1460 5674 σαρκώσεως,
1491 5598 1663 5664 ο⁹ύτως
1686 5599 1822 5670 ἔχει,

248 5701 490 5775 βασιλεῦ,
520 5702 643 5757 ἐπεὶ
672 5699 816 5754 κατὰ
850 5697 951 5770 την
994 5696 1144 5751 θείαν
1172 5693 1341 5750 αὐτοῦ
1372 5692 1469 5748 καὶ
1500 5691 1826 5764 προαιώνιον

247 5795 499 5866 γέννησιν
526 5792 701 5863 οὐδεὶς
726 5788 1083 5861 εὑρεθήσεται
1109 5786 1302 5858 χρόνος
1322 5785 1352 5840 6
1375 5782 1582 5855 ταύτης
1599 5783 1829 5852 ύπέρτευ

254 5903 363 5956 ρος.
412 5885 526 5941 Καὶ
577 5886 605 5940 6
652 5880 985 5955 Παραόάτης
1035 5879 1268 5952 νομίσας
1311 5876 1643 5937 ἀπαίδευτον
1688 5870 1829 5933 εἶναι

1912 4695 2046 4737 vero
2081 4677 2482 4748 sempiternum
2530 4674 2779 4746 possidet
2823 4686 3079 4745 regnum,
3130 4671 3280 4742 quod
3329 4670 3494 4727 ﬁnem

1914 4785 2198 4844 nunquam
2234 4767 2488 4839 accipiet.

1986 5038 2079 5094 26.
2113 5036 2365 5106 Subjecit
2391 5032 2655 5104 Apostata
2696 5047 2710 5084 :
2752 5028 2925 5099 impie
2954 5036 3009 5083 et
3040 5042 3071 5080 a
3125 5027 3357 5081 deorum
3400 5029 3498 5084 be-

1918 5132 2231 5188 nevolentia
2280 5129 2483 5189 aliene,
2532 5140 2659 5179 eum
2712 5123 3006 5177 hesternus
3054 5120 3127 5175 sit
3161 5118 3420 5174 Christus
3446 5129 3503 5173 et

1920 5226 2090 5281 unius
2130 5223 2264 5289 diei,
2312 5236 2379 5277 ae
2410 5218 2647 5275 Caesaris
2710 5213 2947 5284 Augusti
2985 5221 3237 5283 tempore
3271 5212 3502 5268 exstite—

1920 5318 2016 5381 rit,
2072 5313 2322 5385 nunquid
2379 5311 2752 5380 sempiternus
2804 5321 2900 5361 rex
2956 5319 2987 5359 a
3051 5312 3105 5361 te
3148 5311 3371 5360 creatus
3416 5315 3505 5360 est

1926 5410 2126 5467 hodie?
2182 5409 2248 5463 Et
2303 5415 2554 5476 martyr:
2626 5400 2851 5470 Utique,
2907 5397 3129 5468 inquit,
3193 5396 3501 5453 secundum

1925 5500 2323 5559 humanitatem
2388 5505 2445 5553 et
2512 5491 2817 5549 ineii‘abilis
2875 5497 3044 5560 atque
3106 5487 3504 5544 inenarrabilis

1927 5588 2366 5664 dispensationis
2416 5587 2540 5656 ejus
2588 5599 2687 5639 seu
2730 5582 2917 5637 carnis
2967 5590 3240 5649 suscepta:
3293 5585 3503 5650 myste-

1927 5687 2096 5750 rium,
2142 5684 2218 5739 ita
2260 5697 2351 5738 res
2403 5679 2587 5744 habet,
2624 5675 2960 5746 imperator;
3010 5670 3106 5726 sed
3157 5668 3337 5740 quoad
3381 5667 3506 5737 ejus

1930 5780 2173 5835 divinam
2223 5784 2280 5831 et
2327 5788 2451 5845 quae
2506 5776 2638 5826 ante
2693 5765 2893 5823 saecula
2938 5771 3028 5820 est
3054 5760 3503 5834 generationem,

1933 5871 2149 5930 nullum
2225 5866 2544 5925 invenietur
2602 5869 2820 5932 tempus
2900 5872 2966 5914 ea
3023 5852 3304 5927 superius.
3352 5850 3504 5919 Apo-
