4026 6402
215 434 358 497 1277

1491 416 1554 478 S.
1589 414 1921 477 ARTEMII
1964 414 2250 478 PASSIO.

3347 406 3486 474 1278

214 541 344 595 σθαι
388 531 548 590 τοῦτο
593 529 657 585 τὸ
705 525 1111 599 παραλήρημα,
1140 522 1194 577 τί
1234 521 1593 599 γεννηθέντες
1619 524 1702 587 δίς
1741 540 1800 575 τε

1931 535 2176 586 amenta,
2210 520 2342 593 quid
2398 520 2500 583 bis,
2535 530 2589 576 et
2628 531 2728 587 ter,
2764 526 2819 575 et
2858 528 3052 589 quater
3076 520 3247 592 geniti
3283 523 3489 578 mundo

215 634 311 687 καὶ
341 628 463 700 τρὶς
493 626 587 680 καὶ
614 620 870 694 τετράκις
903 619 995 673 τὸν
1054 616 1264 690 κόσμον
1297 614 1614 685 ὠφέλησαν,
1644 615 1676 685 ἦ
1703 614 1802 685 μέ-

1907 615 2257 686 profuerunt,
2289 614 2373 668 vel
2405 613 2584 683 quoad
2612 621 2822 681 partem
2846 611 2968 681 ejus
3001 625 3225 680 parvam
3256 618 3355 665 aut
3382 613 3489 666 mi-

219 745 313 799 ρος
339 725 392 778 τί
420 722 528 775 τῶν
556 716 650 771 τοῦ
682 714 891 785 κόσμου
944 708 1143 782 μικρὸν
1173 707 1207 778 ἢ
1235 706 1522 777 ἐλάχιστον
1548 724 1563 773 ;
1595 706 1716 770 Τίς,
1738 708 1805 799 ἐκ

1931 708 2114 763 limam
2138 706 2162 760 ’ἒ
2186 702 2321 771 Quis
2349 704 2404 758 in
2434 703 2692 759 Mercurii
2718 710 2773 757 et
2802 701 3129 774 Pythagorae
3154 702 3311 757 libris
3336 719 3489 758 mor-

214 798 327 875 τῶν
353 816 553 888 βίϐλων
584 806 789 881 Ἑρμοῦ
824 822 885 860 τε
915 806 1011 858 καὶ
1055 800 1404 874 Πυθαγόρου,
1448 799 1679 871 νεκροὺς
1714 798 1805 866 ἐξ-

217 912 541 980 ανέστησεν,
572 904 606 975 ἢ
632 900 872 971 λεπροὺς
916 894 1269 966 ἐκαθάρισεν,
1309 892 1341 963 ἢ
1389 891 1655 963 δαίμονας
1706 891 1808 944 ἀπ-

1912 808 2036 854 tuos
2052 796 2354 853 suscitasse
2385 795 2606 864 legitur,
2640 806 2737 847 aut
2764 794 3018 864 leprosos
3042 794 3367 859 mundasse,
3392 806 3486 850 aut

1911 890 2190 960 expulisse
2213 888 2516 952 daemones,
2538 885 2743 957 quibus
2760 901 2857 940 vos
2885 887 3152 941 honorem
3183 887 3494 957 praestatis?

216 975 442 1077 ήλασεν,
473 996 567 1060 οὒς
594 996 753 1065 ὑμεῖς
801 985 1174 1060 θεραπεύετε;
1210 984 1351 1039 Ἀλλ’
1393 984 1603 1057 Ἐρμῆς
1634 983 1749 1077 ,μὲν
1779 985 1808 1037 6

1931 977 2220 1034 ilercurius
2248 976 2493 1047 quidem,
2522 975 2922 1046 Trismegistus
2955 992 2986 1031 a
3022 976 3179 1032 vobis
3207 979 3495 1048 cognomi-

223 1076 483 1169 μέγιστος
529 1088 619 1159 ὑφ’
670 1084 826 1157 ὑμῶν
880 1079 1457 1154 προσαγορευόμενος,
1503 1076 1809 1147 Αἰγύπτιος

219 1189 448 1260 γέγονεν
466 1181 775 1252 ἄνθρωπος,
802 1176 899 1230 καὶ⁹
940 1175 1059 1235 τοῖς
1098 1171 1418 1241 Αἰγυπτίων
1449 1169 1810 1260 νόμοιςτραο

223 1254 345 1351 ipsi;
376 1273 616 1347 γυναῖκά
663 1287 725 1325 τε
780 1270 987 1338 γήμας,
1045 1262 1243 1327 παῖδας
1275 1262 1598 1327 ἐτέκνωσεν,
1624 1254 1699 1316 ὧν
1718 1260 1812 1315 τὸν

224 1368 622 1444 πρεσϐύτερον,
663 1361 777 1416 Τάτ
810 1356 1162 1429 ὀνομάζουσι,
1202 1355 1343 1426 πρὸς
1397 1354 1456 1408 ὃν
1499 1353 1664 1418 αὐτὸς
1698 1352 1814 1407 δια..

224 1460 573 1531 λέγεταικαὶ
609 1455 738 1519 τοὺς
793 1450 990 1506 ἐαυτοῦ
1053 1446 1251 1516 λόγους
1302 1449 1538 1519 άφοσιοῖ,
1591 1452 1732 1520 πρός
1753 1465 1813 1502 τε

226 1553 320 1609 τὸν
343 1551 404 1619 ἐξ
438 1547 767 1619 Ἐπιδαύρου
812 1542 1143 1616 ’Λσκλήπιον
1197 1542 1289 1596 τὸν
1354 1540 1814 1612 προκατάρξαντα

231 1646 353 1702 καθ’
380 1644 524 1712 ὑμᾶς
556 1641 655 1712 τῆς
687 1638 939 1710 ἰατρικῆς
969 1638 1301 1708 ἐπιστήμης,
1332 1634 1392 1698 ὃς
1422 1634 1520 1688 καὶ
1559 1634 1659 1704 τὴν
1682 1635 1814 1688 ἐαυ-

232 1732 633 1803 τοῦλθεολογίαν
665 1732 921 1800 διασαφεῖ
944 1728 1177 1801 ἔχουσαν
1203 1726 1380 1791 οὕτως
1404 1742 1419 1757 ⁸
1461 1724 1596 1779 Θεὸν
1621 1725 1817 1796 νοῆσαι

236 1831 338 1905 μὲν
358 1826 620 1901 χαλεπὸν,
659 1823 869 1898 φράσαι
902 1823 961 1878 δέ
1008 1822 1272 1878 ἀδύνατον
1292 1838 1307 1853 σ
1340 1820 1459 1874 ἐστι
1492 1819 1604 1890 γὰρ
1657 1835 1817 1887 τρισ-

1908 1079 2100 1136 natus,
2136 1069 2241 1126 fuit
2278 1070 2443 1125 homo
2476 1067 2771 1140 Egyptius
2796 1076 2851 1123 et
2891 1067 3244 1139 IEgytiorum
3279 1070 3491 1139 legibus

1915 1161 2230 1218 institutus.
2265 1160 2369 1228 Qui
2421 1175 2547 1215 cum
2587 1159 2841 1214 duxisset
2865 1174 3118 1224 uxorem,
3142 1160 3347 1215 liberos
3372 1176 3495 1231 pro-

1914 1253 2142 1320 creavit,
2186 1268 2417 1323 quorum
2449 1252 2877 1323 primogenitum
2909 1252 3010 1305 Tat
3062 1252 3389 1317 nominant;
3423 1255 3492 1307 ad

1913 1346 2062 1402 hunc
2094 1348 2211 1417 ipse
2258 1346 2503 1418 loquitur
2544 1348 2701 1414 eique
2761 1360 2895 1400 suos
2942 1360 3224 1401 sermones
3251 1346 3494 1411 dedicat,

1916 1454 2129 1496 necnon
2166 1437 2461 1507 Esculapio
2511 1454 2577 1494 ex
2607 1436 2912 1508 Epidauro,
2945 1438 3039 1508 qui
3073 1438 3216 1494 artis
3272 1436 3498 1493 medica:

1916 1537 2114 1586 auctor
2144 1546 2174 1585 a
2216 1531 2375 1587 vobis
2416 1529 2774 1602 perhibetur;
2814 1530 2901 1585 cui
2950 1531 3118 1585 etiam
3164 1545 3344 1598 suam,
3375 1547 3500 1601 qua:

1916 1622 2001 1679 sic
2026 1632 2210 1687 sonat,
2237 1623 2569 1694 theologiam
2600 1622 2843 1692 explicat
2868 1638 2882 1676 :
2916 1621 3088 1677 Deum
3113 1621 3338 1693 quidem
3360 1638 3500 1677 con-

1916 1714 2106 1783 cipere
2131 1713 2373 1776 diﬂicile.
2404 1712 2586 1783 eloqui
2619 1720 2801 1767 autem
2831 1710 3198 1782 impossibile.
3229 1712 3328 1768 Est
3350 1715 3496 1768 enim

1920 1804 1976 1859 in
2011 1805 2159 1859 trina
2200 1804 2489 1877 hypostasi
2540 1804 2878 1869 consistens,
2929 1803 3338 1874 inexplicabilis
3367 1807 3501 1859 sub-

230 1880 557 1985 Sudatrmoc,
575 1880 981 1989 ἀνερμήνευτος
992 1916 1150 1972 οὐσία
1175 1916 1273 1971 καὶ
1294 1913 1479 1985 φύσις,
1503 1880 1605 1966 οὐκ
1618 1911 1820 1983 ἔχουσα

1931 1895 2125 1950 stantia
2166 1902 2221 1951 et
2252 1908 2472 1961 natura,
2510 1909 2633 1965 quae
2662 1894 2796 1949 nihil
2829 1895 3030 1951 habeat
3063 1895 3210 1966 apud
3235 1898 3502 1953 mortales

232 2015 389 2087 παρὰ
412 2013 624 2086 βροτοῖς
648 2009 972 2081 ἐξομοίωσιν
996 2024 1011 2040 ο
1045 2007 1138 2074 οὒς
1186 2008 1244 2063 δέ
1274 2005 1431 2070 θεοὺς
1456 2003 1820 2076 ὀνομάζουσιν

236 2108 516 2181 ἄνθρωποι
541 2103 692 2178 [562]
722 2102 858 2157 πολὺ
892 2102 957 2155 τὸ
1013 2100 1260 2174 μυθῶδες
1298 2099 1396 2154 καὶ
1433 2097 1706 2169 σφαλερὸν
1734 2097 1820 2165 ἐφ’

236 2199 466 2262 ἑαυτοὺς
519 2195 935 2252 ἐπεσπάσαντο·
992 2193 1089 2248 καὶ
1137 2193 1270 2263 περ)⁵
1304 2191 1407 2263 τῆς
1447 2190 1544 2246 τοῦ
1581 2186 1820 2261 Χριστοῦ

233 2291 525 2355 ἐλεύσεως,
559 2289 653 2343 καὶ
700 2287 865 2351 αὐτὸς
892 2285 1146 2358 ἀμυδρὰν
1186 2302 1310 2339 τινα
1342 2283 1683 2354 προφητείαν
1712 2282 1825 2336 δια-

234 2384 479 2459 γορεύει,
514 2382 616 2437 ούκ
676 2378 735 2448 ἐξ
789 2378 1011 2443 ἐαυτοῦ,
1052 2378 1167 2433 ἀλλ’
1200 2379 1266 2433 ἐκ
1288 2379 1388 2449 τῆς
1418 2374 1684 2449 Ἐϐραίων
1709 2373 1825 2427 θεο-

235 2478 427 2549 λογίας
479 2473 684 2546 ταύτην
714 2470 1201 2544 άπαρῤυσάμενος.
1263 2469 1427 2523 Ἀλλὰ
1458 2467 1511 2522 τί
1575 2483 1669 2539 μοι
1714 2464 1825 2520 τῶν

241 2569 471 2641 σαπρῶν
488 2585 549 2620 τε
579 2566 675 2620 καλ⁵
703 2565 976 2618 ὀδωδότων
1011 2562 1217 2636 Ἑρμοῦ
1249 2562 1512 2635 ῥημάτων
1552 2559 1662 2614 τῶν
1692 2558 1824 2629 παρ’

241 2663 371 2733 ὑμῖν
399 2656 749 2730 τιμωμένων,
808 2654 909 2726 ἤδη
967 2654 1074 2726 πρὸ
1126 2652 1325 2708 πολλοῦ
1379 2652 1699 2723 σεσηπότων
1730 2646 1827 2703 καὶ

241 2750 706 2823 ἀπερῤυηκότωη
760 2746 897 2800 Οὐδὲ
936 2745 1046 2816 γάρ
1094 2746 1241 2799 ὅσιον
1278 2744 1411 2815 περὶ
1453 2743 1564 2797 τῶν
1607 2741 1827 2807 ζώντων

242 2842 453 2912 ἐρωτᾷν
476 2838 605 2902 τοὺς
633 2838 887 2909 νεκροὺς,
917 2834 1058 2906 ἔχων
1086 2836 1153 2889 ἐκ
1179 2835 1289 2891 τῶν
1321 2834 1597 2903 θεοσόφων
1626 2833 1828 2903 λογίων

242 2933 369 2998 τοὺς
394 2932 615 3001 ἀληθεῖς
640 2931 925 3002 μάρτυρας
954 2928 1026 2993 οἳ,
1044 2927 1142 2999 τὴν
1170 2926 1412 3000 Χριστοῦ
1439 2925 1745 2998 παρουσίαν
1767 2942 1828 2979 τε

242 3030 334 3079 κα“⁸
359 3025 591 3095 θεότητα
619 3020 1121 3093 προκατήγγειλαν.

321 3159 429 3213 κθ’.
456 3157 788 3228 Πυθαγόρας
818 3155 875 3209 δέ
903 3156 931 3208 6
963 3154 1062 3223 τῆς
1108 3153 1378 3223 Ἰταλικῆς
1422 3150 1707 3223 κατάρξας
1748 3150 1834 3203 αί-

1922 1989 2006 2041 sui
2030 1986 2345 2042 consimile.
2368 1986 2522 2053 Quos
2541 1996 2726 2042 autem
2753 1984 2888 2042 deos
2912 1986 3199 2041 nominant
3220 1985 3500 2053 homines,

1922 2080 1959 2135 ii
1992 2081 2197 2136 multas
2229 2078 2443 2135 fabulas
2474 2079 2791 2150 multosque
2822 2093 3044 2134 errores
3095 2080 3164 2133 ad
3200 2093 3262 2135 se
3321 2086 3504 2133 traxe.

1924 2182 2076 2229 runt.
2131 2173 2392 2241 Quinimo
2439 2172 2508 2228 de
2556 2172 2762 2228 Christi
2808 2172 3045 2228 adventu
3119 2172 3239 2243 ipse
3286 2186 3507 2243 qu0que

1923 2266 2220 2321 obscuram
2249 2264 2548 2337 quamdam
2587 2266 2933 2334 prophetiam
2961 2263 3159 2330 refert,
3197 2281 3361 2335 quam
3394 2280 3505 2320 non

1923 2374 1988 2414 ex
2024 2362 2210 2431 seipso
2242 2360 2338 2416 sed
2360 2375 2427 2415 ex
2457 2358 2812 2414 Hebraeorum
2848 2357 3122 2428 theologia
3159 2358 3367 2413 hausit.
3398 2357 3509 2413 Sed

1925 2453 2056 2522 quid
2108 2453 2241 2508 mihi
2290 2468 2418 2509 cum
2470 2452 2749 2523 corruptis
2803 2458 2857 2506 et
2910 2450 3211 2506 fetentibus
3243 2448 3506 2506 Mercurii

1926 2546 2133 2611 verbis,
2169 2560 2290 2615 quae
2324 2561 2355 2601 a
2392 2545 2550 2601 vobis
2586 2545 2639 2599 in
2667 2545 2875 2599 honore
2915 2543 3216 2608 habentur,
3256 2543 3510 2613 quamvis

1924 2635 2137 2708 jamdiu
2188 2637 2406 2707 putrida
2474 2638 2588 2691 sint
2619 2644 2675 2691 et
2727 2635 3049 2705 antiquata?
3094 2633 3215 2689 Non
3245 2633 3393 2688 enim
3430 2633 3513 2688 fas

1929 2738 2015 2785 est
2041 2730 2190 2785 circa
2212 2731 2374 2785 vivos
2401 2730 2744 2799 interrogare
2791 2735 3065 2793 mortuos,
3098 2741 3226 2780 cum
3278 2724 3510 2780 habeam

1929 2837 1997 2876 ex
2049 2820 2254 2877 divinis
2304 2822 2540 2890 eloquiis
2589 2822 2866 2876 veridicos
2900 2828 3101 2887 testes,
3149 2819 3245 2889 qui
3301 2817 3515 2875 Christi

1930 2915 2280 2987 praesentiam
2299 2929 2364 2969 ac
2382 2914 2729 2970 divinitatem
2750 2913 3286 2985 praanuntiavcrunt.

2003 3134 2093 3188 29.
2134 3132 2478 3206 Pythagoras
2513 3143 2724 3199 autem,
2779 3142 2948 3192 secta:
3002 3134 3207 3189 Italicae
3237 3133 3516 3205 princeps,

247 3230 474 3325 ρέσεως,
532 3250 587 3304 τί
636 3226 782 3322 μέγα
824 3247 918 3301 καὶ
986 3245 1302 3317 θαυμαστὸν
1356 3246 1414 3299 ὲν
1458 3244 1536 3315 τῷ
1585 3244 1687 3315 βίῳ
1710 3244 1828 3314 τρὶς

1936 3227 2065 3297 quid
2095 3226 2306 3297 grande
2339 3238 2396 3283 et
2427 3227 2835 3291 admirandum,
2882 3235 2966 3281 ter
3006 3226 3060 3281 in
3110 3228 3277 3281 vitam
3312 3229 3519 3297 produ-

246 3343 554 3418 παραχθεὶς
583 3341 964 3413 ἀπειργάσατο
989 3355 1004 3405 ;
1036 3339 1069 3410 ἢ
1105 3339 1187 3392 ὅτι
1215 3341 1273 3392 ἐν
1308 3337 1581 3407 Ὀλυμπίᾳ
1608 3336 1833 3406 γενόμε-

246 3457 359 3503 νος,
388 3438 463 3501 ὡς
494 3436 653 3506 ὑμεῖς
689 3433 955 3503 φάσκετε,
999 3430 1237 3502 χρυσοῦν
1280 3428 1371 3484 τὸν
1431 3428 1626 3482 ἐαυτοῦ
1657 3426 1835 3498 μηρὸν

259 3527 664 3590 Ἑλλανοδίκαις
692 3524 974 3591 ὑπέδειξες
1007 3522 1103 3576 καὶ
1130 3521 1257 3593 βοῦν
1296 3519 1522 3574 θύεσθαι
1572 3518 1835 3590 μέλλοντα

251 3616 641 3691 μυκησάμενον
659 3631 674 3646 ’
694 3613 931 3685 Ἀνδρος,
960 3611 1087 3683 ἐφη,
1120 3610 1298 3682 ψυχὴν
1315 3611 1440 3680 ἐμοὶ
1461 3609 1721 3680 φιλτάτου
1744 3608 1838 3663 κέ-

248 3731 469 3786 κτηται,
485 3713 578 3767 καὶ
595 3711 685 3766 διὰ
698 3711 795 3765 τοῦ
828 3710 1153 3781 μυκήματος
1175 3707 1577 3778 προσαγορεύει
1607 3724 1672 3778 με
1696 3708 1724 3760 6
1739 3724 1838 3760 τα-

250 3808 533 3878 λαίπωρος
557 3822 573 3871 ;
606 3803 705 3859 καὶ
729 3802 887 3859 άετδν
933 3802 992 3856 ἐν
1022 3800 1147 3871 ὕψει
1174 3800 1510 3872 πετόμενον,
1532 3799 1601 3853 δι’
1620 3797 1838 3869 ἐπῳδῆς

250 3901 588 3956 καταπεσεῖν
610 3900 702 3952 ἐπὶ
747 3898 853 3969 γῆς
881 3895 1153 3966 πεποίηκε
1176 3912 1191 3962 ;
1223 3894 1411 3949 Ταῦτα
1438 3895 1466 3947 ὁ
1492 3895 1613 3964 τρὶς
1641 3910 1837 3964 γεννη-

250 3992 368 4055 θεὶς
426 3988 869 4061 ἐθαυματούργει
928 3988 987 4040 ἐν
1030 3982 1308 4055 Ὀλυμπία
1351 3984 1663 4054 γενόμενος,
1687 3982 1839 4049 δοξο⁴

256 4084 447 4156 μανῶν
474 4084 571 4139 καὶ
600 4077 1074 4151 φαντασιούμενος
1119 4078 1148 4130 ὁ
1190 4075 1505 4147 τρισάθλιος
1529 4092 1542 4105 ο
1567 4077 1595 4130 6
1623 4076 1723 4146 τὴν
1748 4091 1839 4128 τε-

253 4177 499 4250 τρακτὺν
532 4176 697 4247 ὅρκον
725 4170 1035 4241 τιθέμενος,
1095 4169 1192 4223 καὶ
1237 4166 1444 4237 ταύτην
1476 4169 1705 4238 φάσκων
1736 4182 1842 4237 πη-

254 4271 359 4339 γὴν
418 4267 648 4324 άεννάου
713 4263 964 4333 φύσεωςο
1006 4262 1035 4313 ὁ
1086 4259 1205 4322 τοὺς
1244 4259 1493 4330 κυάμους
1525 4256 1839 4327 σεϐόμενος,

1936 3328 2082 3385 ctus,
2115 3316 2491 3374 effecit?Nutn
2523 3320 2673 3390 quia,
2698 3335 2823 3374 cum
2843 3317 3109 3391 Olympiae
3136 3328 3309 3385 esset,
3342 3333 3399 3376 ut
3420 3338 3518 3377 vos

1936 3410 2145 3479 dicitis,
2178 3426 2407 3467 aureum
2433 3426 2593 3467 suum
2624 3410 2806 3466 femur
2830 3409 3211 3467 Hellanodicis
3233 3410 3522 3465 ostendit?

1938 3503 2035 3559 Vel
2062 3504 2212 3575 quod
2242 3503 2382 3559 dixit
2417 3503 2485 3558 de
2536 3503 2677 3558 bove
2728 3503 2823 3573 qui
2862 3500 3093 3573 jamjam
3147 3503 3522 3558 inunolandus

1937 3595 2221 3665 mugiebat
2264 3612 2276 3648 :
2312 3591 2427 3648 Viri
2481 3593 2616 3647 mihi
2667 3592 3010 3658 cbarissimi,
3058 3593 3299 3648 animant
3332 3592 3518 3659 habet,

1937 3695 1991 3741 et
2009 3684 2385 3756 permugitum
2408 3682 2615 3740 salutat
2639 3684 2973 3739 meinfelix?
3000 3684 3110 3739 Seu
3132 3700 3257 3739 cum
3278 3684 3520 3755 aquilam

1940 3778 2173 3836 sublime
2194 3778 2467 3831 volantem
2497 3791 2595 3847 per
2614 3776 3042 3833 incantationem
3063 3776 3207 3847 (7-8)
3234 3778 3284 3831 in
3317 3789 3518 3833 terram

1939 3868 2174 3938 dejecit?
2209 3866 2333 3922 llaec
2372 3874 2457 3923 ter
2496 3867 2716 3937 genitus
2774 3868 3052 3923 mirabilia
3120 3876 3386 3939 Operatus
3429 3877 3518 3925 est

1939 3958 2226 4030 Olympiae,
2260 3958 2458 4015 insano
2488 3958 2677 4029 gloriae
2709 3974 2902 4014 amore
2935 3968 3135 4030 captus
3169 3968 3224 4016 et
3263 3960 3525 4017 inanibus

1942 4054 2252 4109 visionibus
2300 4052 2611 4108 miserrime
2641 4052 2891 4108 delusus.
2920 4051 3024 4119 Qui
3049 4054 3267 4110 scilicet
3297 4065 3525 4124 quater-

1944 4148 2169 4200 nionem
2192 4143 2583 4214 jusjurandum
2611 4144 3007 4209 constituebat,
3033 4144 3226 4200 dicens
3249 4162 3376 4200 eum
3401 4162 3528 4201 esse

1944 4236 2148 4292 fontem
2174 4235 2521 4291 inexhausta:
2546 4242 2777 4290 naturae.
2805 4235 2912 4302 Qui
2945 4236 3101 4291 fabas
3136 4237 3374 4301 colebat,
3400 4254 3528 4308 pro-

256 4328 441 4424 διίοῦς
468 4361 564 4414 καὶ
623 4328 875 4413 άπῶλετο
934 4356 1074 4425 μετά
1101 4351 1209 4405 τῶν
1251 4328 1416 4406 αὐτοῦ
1461 4350 1695 4423 ἑταίρων
1738 4348 1828 4402 ύπὶ

1946 4342 2069 4403 pter
2099 4344 2238 4401 quas
2260 4328 2421 4400 periit
2445 4343 2568 4383 cum
2594 4328 2966 4384 familiaribus
2996 4330 3111 4385 suis
3142 4345 3172 4384 a
3202 4329 3524 4386 Tarentinis

257 4454 368 4506 τῶν
416 4450 770 4523 Ταραντίνων
830 4442 1333 4514 συνελαυνόμενος·
1391 4442 1467 4513 μὴ
1517 4440 1844 4512 βουλόμενος

1946 4424 2001 4478 in
2034 4422 2291 4478 exsilium
2334 4429 2518 4477 actus.
2550 4419 2689 4475 Nam
2718 4436 2842 4476 cum
2888 4420 3052 4477 nollet
3094 4420 3325 4491 pedibus
3352 4434 3530 4479 terere

256 4545 364 4619 γάρ
387 4543 481 4599 τὸν
504 4513 695 4595 ’τόπον
727 4539 970 4609 πατῆσαι
999 4537 1060 4589 ἐν
1168 4534 1217 4587 oi
1263 4532 1469 4602 κύαμοι
1502 4529 1828 4630 ἐσπαρμένοι

1946 4516 2126 4573 locum
2160 4515 2217 4571 in
2269 4530 2382 4586 quo
2415 4514 2553 4570 faba:
2587 4529 2795 4585 sparsae
2842 4524 3023 4579 erant,
3077 4513 3407 4573 interfectus
3444 4526 3531 4572 est

1955 4626 2067 4630 -U..-
2108 4607 2300 4630 -A-2..!-
2359 4622 2420 4630 Α-
2459 4607 2743 4630 Δι--ε..--ιε-
2805 4614 2853 4630 ,ι
2908 4606 3258 4630 :-:-.-2-.._.--_-
3299 4624 3524 4630 -_-----__-_

258 4606 578 4705 ἐτύγχανον,
634 4630 798 4694 αὐτὸς
851 4606 989 4700 μετά
1028 4625 1140 4679 τῶν
1173 4624 1409 4695 ἐταίρων
1454 4621 1550 4675 καὶ
1583 4618 1828 4707 μαθητῶι

1948 4626 2073 4667 cum
2105 4607 2304 4664 amicis
2358 4622 2423 4662 ac
2454 4607 2767 4676 discipulis,
2800 4614 2856 4662 et
2908 4606 3261 4661 inimicorum
3297 4624 3529 4663 suorum

260 4728 730 4796 κατασφάττεται,
782 4722 880 4776 καὶ
920 4718 1030 4773 τῶν
1080 4716 1297 4789 ἐχθρῶν
1344 4715 1556 4785 γίνεται
1591 4710 1842 4784 παρανά-

259 4821 440 4891 λωμα·
473 4816 660 4871 Θεανῶ
690 4814 747 4869 δέ
792 4816 826 4884 ἠ
890 4812 1081 4867 τούτου
1128 4808 1347 4879 γαμετὴ
1408 4808 1505 4861 καὶΙ
1539 4806 1840 4877 μαθήτρια,

263 4912 340 4985 μὴ
372 4910 598 4964 θέλουσα
622 4908 725 4979 τὴν
753 4906 935 4959 αἰτίαν
984 4905 1289 4967 κατειπεῖν,
1319 4900 1386 4954 δι’
1416 4902 1482 4971 ἣν
1505 4899 1597 4951 τὸν
1631 4897 1845 4967 κύαμον

1949 4701 2134 4759 factus
2162 4713 2246 4758 est
2270 4700 2478 4771 prteda.
2516 4697 2743 4754 Theano
2789 4705 2996 4764 autem,
3030 4697 3149 4768 ejus
3184 4715 3322 4753 uxor
3361 4707 3415 4754 et
3443 4699 3529 4753 di-

1952 4797 2189 4866 scipula,
2218 4794 2413 4847 nolens
2451 4796 2689 4858 causam!
2714 4789 2962 4861 proferre
2990 4804 3090 4844 cur
3124 4789 3280 4846 fabas
3305 4804 3414 4843 non
3441 4804 3532 4843 co-

1954 4888 2261 4951 mederent,
2291 4884 2407 4954 ipsa
2439 4896 2679 4953 quoque,
2716 4881 2901 4951 lingua
2932 4881 3091 4952 pritts
3116 4887 3425 4951 amputata,
3456 4880 3534 4935 in-

261 4981 364 5057 οὐκ
388 5001 653 5065 ἐσθίουσι,
670 4999 772 5069 τὴν
792 4996 1046 5066 γλῶσσαν
1069 4992 1410 5064 ἐκτμηθεῖσα
1433 4989 1720 5061 πρότερον,
1749 4988 1848 5041 καὶ
1953 4981 2128 5037 teriit.

264 5085 401 5166 αὐτὴ
430 5088 893 5166 προσαπόλλυται.

334 5229 400 5284 λ’.
442 5228 630 5283 Ταῦτα
658 5226 769 5281 τῶν
817 5223 926 5277 σῶν
982 5221 1294 5292 φιλοσόφων
1336 5218 1404 5273 τά
1452 5215 1853 5287 προτερήματα

268 5322 380 5375 τῶν
405 5320 487 5384 δὶς
522 5317 672 5394 [565]
700 5317 797 5372 καὶ
821 5318 943 5389 τρὶς
968 5313 1363 5386 γεννηθέντων,
1393 5309 1470 5374 ὡς
1501 5308 1664 5373 αὐτὸς
1720 5309 1854 5379 ἐρη-

2026 5216 2119 5273 '50.
2154 5214 2283 5269 Haec
2315 5211 2537 5281 quidem
2581 5216 2714 5264 sunt
2743 5207 3034 5281 privilegia
3079 5209 3535 5281 philosophorum

1958 5315 2207 5368 tuorum,
2245 5302 2337 5373 qui
2377 5300 2462 5356 bis
2488 5307 2542 5356 et
2564 5310 2667 5363 ter,
2693 5310 2750 5353 ιιι
2791 5298 2909 5369 ipse
2937 5301 3177 5355 oratorie
3209 5301 3538 5369 exposuisti,

269 5390 573 5485 τόρευσαςνο
626 5390 858 5466 κάκεῖνα
905 5408 1000 5462 τοῦ
1051 5406 1187 5479 ἐμοῦ
1217 5401 1457 5475 Χριστοῦ
1484 5401 1579 5455 ἐπὶ
1610 5399 1828 5471 σωτηρί‹

1959 5396 2207 5470 generati
2238 5393 2503 5458 fuerunt;
2536 5392 2626 5445 illa
2649 5399 2832 5446 autem
2862 5390 3071 5449 Christi
3098 5392 3204 5447 mei
3236 5407 3334 5465 pro
3365 5396 3544 5449 salute

272 5506 365 5559 καὶ
393 5504 689 5575 ἀνακλήσει
715 5501 813 5558 τοῦ
864 5501 977 5557 τῶν
1016 5500 1321 5573 ἀνθρώπων
1368 5495 1559 5567 γένους
1584 5494 1654 5548 τά
1693 5510 1855 5565 τερα-

1966 5497 2023 5545 et
2056 5486 2408 5555 reparatione
2442 5481 2730 5539 hominum
2757 5483 2977 5555 generis
3010 5483 3302 5541 miracula.
3341 5485 3549 5560 Pytha-

1848 5709 2080 5768 ΝΟΤᾸΞ.

354 5886 503 5960 (7-8)
540 5886 744 5946 Textus
777 5846 1002 5942 Graecus
1043 5878 1285 5939 habebat
1314 5875 1421 5933 :61.’
1449 5871 1674 5945 σποδῆς,
1707 5884 1828 5942 quot

1931 5915 1934 5924 .
1962 5866 2031 5921 δι’
2064 5864 2264 5936 ὲποδῆς
2291 5869 2507 5920 mutare
2534 5858 2757 5919 obvium
2785 5867 2928 5933 erat.
