4026 6446
542 436 680 505 1279

1976 436 2363 498 ADDENDA.

3699 434 3822 502 mo

535 569 705 625 goras
739 560 794 608 et
843 549 1153 607 Mercurius
1185 547 1475 604 hominum
1529 548 1750 605 animas
1786 549 1853 603 ad
1911 548 2119 605 inferni

2224 551 2607 623 τουργήματα.
2643 550 2754 605 Καὶ
2808 548 3138 622 Πυθαγόρας
3189 549 3293 619 μὲν
3338 549 3442 605 καὶ
3478 548 3701 621 Ἐρμῆς
3735 556 3820 618 τὰς

538 645 869 718 profundum
898 642 1227 708 detrudunt,
1269 657 1367 713 per
1396 642 1522 698 illas
1561 657 1706 713 quas
1753 642 2124 697 introducunt

536 738 1053 810 transmigrationes
1112 747 1168 792 et
1218 732 1659 802 transfusiones;
1699 748 1846 789 nunc
1897 734 2121 804 quidem

534 830 753 886 animas
810 828 867 883 in
908 834 1063 883 muta
1116 825 1378 880 animalia
1411 831 1467 880 et
1500 822 1649 879 feras
1707 825 2120 887 transmittunt,

537 936 687 976 nunc
721 927 906 974 autem
936 919 1163 975 easdem
1195 918 1248 972 in
1283 917 1470 987 pisces
1502 925 1557 972 et
1599 916 1819 986 plantas
1851 930 1949 985 per
1978 915 2123 970 alios

537 1015 806 1084 quosdam
832 1010 1058 1066 orbicos
1086 1017 1267 1065 motus
1292 1015 1349 1064 et
1380 1006 1624 1063 ambitus
1652 1006 1883 1061 trahunt
1904 1021 1971 1061 ac
2005 1004 2121 1061 dis-

538 1118 796 1181 pergunt.
829 1107 933 1163 Ast
968 1107 1263 1172 Christus,
1302 1113 1363 1160 ut
1394 1104 1539 1161 Deus
1572 1118 1738 1160 verus
1774 1112 2118 1164 etaeternus.

539 1204 779 1258 animam
829 1200 960 1256 fecit
1014 1199 1385 1256 immortalem
1411 1205 1469 1253 et
1518 1195 1663 1253 senii
1698 1204 2007 1266 expertem,
2038 1194 2124 1249 di-

538 1298 689 1361 vino,
721 1294 817 1365 qui
867 1294 970 1348 fuit
1014 1294 1081 1346 ab
1128 1292 1317 1357 initio,
1374 1289 1586 1361 Spiritu
1638 1295 1693 1343 et
1743 1286 2124 1343 insufﬂatione

540 1390 896 1453 vivilicatam,
920 1385 1146 1457 quando
1168 1398 1365 1454 nempe
1396 1383 1636 1454 primum
1666 1380 2004 1436 frabricatus
2034 1388 2123 1436 est

539 1482 841 1545 hominem,
884 1491 942 1533 ut
969 1478 1139 1532 difini
1170 1486 1224 1531 et
1253 1476 1346 1546 qui
1384 1475 1532 1529 omni
1565 1474 1887 1545 suspicione
1932 1480 2124 1528 carent

556 1574 760 1647 Moysis
804 1570 1049 1627 referunt
1075 1570 1223 1623 libri.
1281 1568 1519 1637 Lapsam
1560 1582 1691 1623 vero
1731 1580 1859 1620 cum
1890 1577 2126 1634 corpore

540 1684 636 1738 per
666 1663 1564 1734 inobedientiametdeceptionem
1589 1660 1808 1717 exitiosi
1837 1657 2122 1724 draconis,

540 1771 868 1830 progressus
922 1757 975 1811 in
1008 1762 1211 1810 terram
1236 1761 1291 1808 et
1326 1752 1381 1806 in
1423 1766 1486 1806 ea
1527 1759 1912 1814 conversatus,
1948 1749 2126 1803 viam-

537 1866 646 1923 que
673 1847 868 1905 salutis
896 1846 1057 1902 nobis
1085 1844 1383 1901 ostendens
1408 1859 1507 1914 per
1547 1842 1884 1910 baptismum
1926 1848 1982 1894 et
2039 1853 2126 1893 re-

2224 639 2335 693 τῶν
2362 638 2670 712 ἀνθρώπων
2726 639 2909 711 ψυχάς
2950 642 3032 704 είς
3062 640 3157 694 τὸν
3192 639 3324 711 ᾅδου
3376 639 3653 710 πυθμένα
3702 658 3819 695 κατ-

2229 732 2452 801 άγουσι,
2491 732 2949 804 ιιετεμψυχώσεις
3004 732 3069 806 δή
3101 750 3256 797 τινας
3286 733 3381 788 καὶ
3405 736 3823 804 μεταγγισμοὺς

2223 825 2688 895 παρεισάγοντεςο
2722 824 2855 878 ποτὲ
2897 823 2997 896 μὲν
3028 826 3108 890 είς
3136 824 3311 893 ἄλογα
3342 825 3465 890 ζῶα
3512 826 3614 879 καὶ
3675 824 3824 896 θηρία

2221 916 2431 980 ταύτας
2481 913 3011 986 μετεμϐιϐάζοντες,
3062 916 3197 969 ποτὲ
3247 914 3306 969 δὲ
3359 917 3445 980 εἰς
3486 913 3709 985 ίχθύας,
3737 916 3820 971 καὶ

2223 1010 2504 1083 φυτά,καὶ
2533 1011 2703 1077 ἄλλας
2726 1013 2883 1078 τινὰς
2906 1011 3388 1083 ὲπανακυκλήσεις
3408 1013 3516 1066 καὶ
3550 1012 3820 1083 περιόδους

2222 1104 2618 1169 κατασπῶντες
2641 1102 2815 1167 αὐτάς
2844 1104 2942 1157 καὶ
2970 1103 3479 1175 ἀπορῤαπίζοντες.
3526 1102 3593 1157 ’0
3612 1102 3671 1158 δὲ
3696 1103 3816 1175 Χρι-

2225 1196 2351 1259 στὸς
2378 1195 2514 1250 καθὸ
2549 1195 2684 1261 Θεὸς
2704 1195 2971 1268 ὑπάρχων
2998 1194 3208 1268 ἀληθὴς
3230 1197 3327 1249 καὶ
3356 1195 3609 1259 αἰώνιος,
3632 1194 3817 1250 tam.

2224 1306 2318 1343 τον
2347 1288 2529 1361 ψυχὴν
2568 1290 2669 1344 καὶ⁸
2718 1291 2914 1361 ἀγήρω
2956 1290 3384 1353 κατασκευάσας
3414 1287 3503 1359 τῷ
3530 1287 3632 1342 ἀπ’
3658 1288 3815 1359 ἀρχῆς

2225 1379 2510 1451 Πνεύματι
2538 1378 2671 1452 θείῳ
2724 1380 2821 1435 καὶ
2881 1381 3269 1451 ὲμφυσήματι,
3319 1380 3413 1433 ὅτε
3475 1378 3581 1432 τδν
3612 1378 3813 1449 πρῶτον

2223 1473 2665 1545 ἐδημιούργησεν
2693 1473 3102 1546 ἀνθρωπον,ὼς
3128 1474 3186 1527 αί
3215 1472 3358 1527 θεῖαι
3377 1473 3477 1526 καὶ
3505 1470 3813 1541 ἀδιάϐλητοι

2222 1565 2321 1621 τοῦ
2370 1568 2654 1632 Μωῦσέως
2705 1566 3096 1638 διαγορεύουσι
3144 1566 3355 1636 βίϐλοι,
3409 1565 3515 1618 καὶ
3554 1564 3814 1619 πεσοῦσαν

2229 1659 2369 1729 μετά
2389 1659 2481 1713 τοῦ
2503 1658 2756 1729 σώματος
2783 1659 2874 1713 διὰ
2902 1660 3002 1729 τῆς
3034 1658 3323 1731 παρακοῆς
3350 1656 3450 1712 καὶ
3479 1657 3585 1727 τῆς
3613 1656 3814 1727 ἀπάτης

2224 1751 2322 1805 τοῦ
2348 1752 2705 1824 ψυχοφθόρου
2740 1752 3060 1825 δράκοντος,
3126 1751 3300 1805 ἐλθὼν
3330 1751 3424 1803 ἐπὶ
3465 1750 3575 1819 γῆς
3607 1750 3700 1801 καὶ
3728 1766 3813 1802 πο-

2226 1843 2642 1914 λιτευσάμενος,
2670 1844 2763 1898 καὶ
2795 1844 3087 1910 ὑποδείξας
3113 1844 3247 1914 ἡμῖν
3281 1841 3403 1895 όδδν
3429 1840 3713 1911 σωτηρίας
3734 1838 3810 1893 διὰ

537 1942 939 1999 surrectionem
1001 1953 1161 1994 suam
1212 1953 1243 1992 a
1276 1936 1547 2000 mortuis,
1575 1949 1642 1989 ex
1678 1932 1875 1987 inferni
1911 1929 2124 2002 abyssis

2232 1934 2329 1989 τοῦ
2361 1935 2742 2007 βαπτίσματος
2771 1934 2990 2006 καὶτῆς
3013 1936 3079 1989 ὲκ
3108 1932 3323 2006 νεκρῶν
3371 1930 3548 1986 αὑτοῦ
3591 1931 3810 1986 ἀναστά-

540 2037 595 2091 in
625 2036 828 2091 cmlum
847 2033 1085 2088 reduxit.
1108 2030 1173 2085 Et
1192 2031 1389 2087 iterum
1432 2031 1659 2083 veniens
1684 2026 1945 2095 judicare
1966 2025 2124 2079 vivos

535 2135 592 2180 et
629 2132 899 2188 mortuos,
938 2121 1297 2178 resuscitabit
1340 2132 1573 2189 corpora
1627 2132 1802 2186 eaque
1833 2114 2123 2170 animabus

535 2217 868 2289 eonjunget,
899 2227 955 2272 et
996 2215 1187 2272 reddet
1235 2213 1535 2283 unicuique
1591 2209 1897 2265 secundum
1957 2222 2125 2278 Opera

533 2325 658 2368 sua.

604 2487 698 2543 51.
730 2483 856 2541 Haec
888 2498 1014 2538 cum
1048 2478 1476 2553 philosOphatus
1508 2475 1706 2532 fuisset
1751 2486 1984 2548 martyr,
2015 2475 2127 2531 ini-

533 2597 678 2655 qttus
709 2588 765 2637 et
823 2585 1080 2650 apostata
1126 2571 1387 2629 Julianus
1437 2570 1623 2626 dixit:
1664 2567 1978 2635 Videtisne,
2018 2569 2122 2625 viri

536 2672 768 2731 Romani
800 2680 857 2726 et
895 2669 1099 2732 Gnaei,
1156 2666 1308 2721 hunc
1361 2663 1658 2720 scelestum
1711 2669 1768 2717 et
1824 2674 2124 2717 exsecran—

534 2766 687 2831 dum,
716 2770 925 2834 quanta
962 2774 1027 2815 ex
1056 2756 1266 2814 Graecis
1296 2754 1613 2826 disciplinis
1664 2753 1719 2807 in
1752 2764 2001 2809 nosuam
2033 2768 2124 2808 re-

536 2858 796 2929 ligionem
857 2851 1117 2921 effuderit
1181 2848 1697 2921 nugamenta?Per
1742 2848 1916 2902 solem
1985 2846 2121 2902 mihi

535 2949 952 3013 charissimum,
987 2946 1132 3001 sicut
1160 2958 1359 2999 aurum
1384 2941 1695 3013 fulgentem
1723 2951 1895 3011 atque
1931 2940 2120 2996 omnia

534 3051 848 3107 ornantem,
890 3054 999 3093 non
1028 3037 1208 3107 patiar
1243 3035 1507 3105 deinceps
1550 3033 1876 3090 Graecorum
1900 3032 2115 3089 doctri-

537 3133 627 3189 nis
690 3128 1079 3203 impiissimum
1134 3127 1582 3183 Christianorum
1640 3140 1820 3198 genus
1882 3122 2113 3180 erudiri.

538 3222 679 3279 Ecce
716 3224 862 3278 enim
882 3234 1057 3277 sacrae
1074 3221 1391 3292 dogmatum
1416 3216 1791 3272 institutionis
1816 3213 1979 3271 canis
2008 3216 2118 3270 iste

537 3316 834 3388 particeps,
857 3315 986 3369 licet
1012 3326 1123 3366 non
1151 3318 1300 3365 recte
1318 3316 1373 3365 et
1402 3309 1588 3379 plane,
1609 3308 1815 3364 multas
1849 3315 2037 3361 tamen
2064 3314 2122 3361 et
2149 3297 2194 3360 C

536 3405 866 3477 injucundas
897 3401 1135 3473 ineptias
1164 3397 1358 3455 effudit
1381 3398 1531 3454 circa
1564 3400 1798 3453 istorum
1833 3412 2122 3453 sacrorum

534 3512 599 3553 ac
629 3494 964 3567 sapientium
994 3493 1239 3548 virorum
1295 3490 1613 3546 historiam.
1655 3489 1733 3543 ita
1788 3490 2005 3546 locutus
2037 3489 2123 3560 ju-

534 3590 626 3645 bet
654 3597 954 3661 martyrem
988 3585 1278 3642 lictoribus
1302 3583 1446 3639 tradi
1472 3582 1539 3638 ad
1560 3583 1900 3655 quingentas
1946 3597 2122 3653 usque

537 3682 727 3752 plagas
751 3681 1163 3750 vapulaturum.
1188 3674 1293 3743 Qui
1317 3676 1603 3747 abreptum
1627 3677 1782 3729 illum
1810 3676 2118 3731 inhumane

534 3773 721 3844 flagris
755 3771 1066 3826 caedebant.
1103 3768 1170 3823 Et
1226 3783 1412 3840 praeco
1461 3767 1742 3823 clamabat
1779 3786 1792 3822 :
1826 3765 1937 3822 Fac
1969 3765 2119 3837 quod

534 3864 651 3917 vult
674 3858 1202 3931 iuiperator,desine
1226 3857 1470 3913 absurda
1500 3857 1675 3929 loqui,
1707 3869 1764 3913 et
1790 3857 2119 3913 liberaberis

535 3971 567 4009 a
606 3952 1011 4026 castigantibus
1063 3958 1138 4006 te.
1172 3948 1382 4022 Martyr
1423 3956 1606 4004 autem
1663 3948 1881 4004 fortiter
1914 3949 2123 4005 tolera-

535 4047 629 4103 bat
677 4044 808 4100 dum
856 4042 1269 4115 flagellaretur,
1325 4051 1519 4097 tacens
1558 4048 1615 4096 et
1669 4041 1900 4097 omnino
1982 4040 2121 4098 nihil

535 4138 851 4213 proferens.

602 4335 693 4393 3‘2.
727 4334 932 4391 Deinde
961 4333 1247 4401 Julianus,
1276 4333 1458 4391 oculis
1488 4333 1544 4390 in
1570 4333 1780 4391 Christi
1817 4344 2119 4408 martyrem

533 4428 831 4485 Macarium
870 4427 1164 4497 conjectis,
1201 4428 1283 4485 sic
1336 4442 1463 4483 eum
1520 4427 1799 4484 allocutus
1828 4436 1916 4485 est
1970 4448 1985 4484 :
2037 4427 2119 4483 Tu

534 4520 666 4591 quid
696 4519 837 4575 dicis
865 4519 934 4575 de
966 4520 1166 4589 teipso,
1200 4519 1539 4575 miserabilis
1591 4519 1964 4576 homuncule?
2011 4518 2120 4575 Re-

537 4612 761 4683 spondit
790 4610 1065 4667 Macarius
1097 4630 1111 4665 :
1147 4609 1229 4665 Tu
1253 4612 1371 4681 ipse
1398 4612 1567 4667 miser
1584 4626 1646 4667 es
1661 4619 1716 4666 et
1745 4614 1989 4667 omnium
2020 4612 2118 4669 ho-
2148 4647 2194 4703 Β

538 4702 749 4756 niinum
787 4699 1233 4767 infelicissimus,
1263 4701 1422 4756 canis
1455 4701 1678 4757 sordide
1716 4710 1771 4757 et
1802 4702 2116 4772 immuude;

534 4809 636 4865 ego
666 4807 801 4848 vero
838 4793 1015 4863 reipsa
1057 4792 1259 4847 beatus
1295 4791 1584 4856 sum,‘imo
1617 4793 1977 4849 beatissimus
2016 4793 2118 4866 (9),

530 4886 689 4957 juxta
724 4900 925 4940 nomen
961 4899 1142 4940 meum
1184 4885 1322 4955 (l0),
1357 4886 1486 4953 quia
1536 4885 1630 4939 ubi
1671 4884 1953 4941 Christum
1985 4902 2122 4943 con-

534 4979 711 5042 titeor,
748 4975 920 5031 adoro
956 4975 1052 5031 Dei
1088 4974 1286 5030 Filium
1305 4975 1583 5031 viventem
1616 4985 1671 5030 et
1705 4986 1998 5032 aeternum.
2035 4978 2118 5034 Tu

533 5081 715 5126 autem
752 5070 932 5140 ipsum
973 5069 1271 5140 abjurasti,
1322 5068 1613 5125 adhaerens
1662 5069 1885 5127 diabolo
1918 5080 1974 5128 et
2020 5087 2121 5128 an-

534 5163 669 5230 gelis
702 5162 844 5233 ejus,
881 5161 1181 5218 homicidis
1228 5169 1283 5218 et
1315 5161 1550 5232 impuris
1584 5166 1901 5235 spiritibus,
1934 5169 2029 5239 qui
2065 5178 2122 5225 te

532 5255 697 5308 etiam
744 5255 974 5310 invitum
1028 5254 1084 5310 in
1136 5256 1318 5325 ignem
1377 5263 1648 5311 aeternum
1696 5259 2017 5330 projicient.
2052 5264 2121 5317 Et

531 5345 796 5415 Apostata
832 5367 847 5403 :
893 5348 1064 5404 Video
1085 5387 1103 5415 ,
1142 5348 1346 5420 inquit,
1379 5348 1529 5420 quod
1561 5351 1703 5406 mori
1737 5353 1930 5423 cupias
1969 5363 2025 5410 et
2050 5355 2118 5412 ad

533 5436 878 5493 iracundiam
916 5454 1006 5496 me
1055 5439 1284 5515 studeas
1330 5456 1662 5511 provocare,
1700 5451 1760 5498 ut
1790 5445 1904 5501 cito
1936 5454 1986 5502 te
2014 5463 2118 5503 au-

533 5528 729 5585 feram.
752 5529 875 5585 Non
900 5539 1086 5588 tamen
1119 5541 1181 5588 ut
1214 5534 1478 5605 sperasti,
1511 5534 1589 5589 ita
1622 5535 1714 5591 fiet
1746 5536 1867 5606 tibi,
1906 5539 2122 5611 impiis-

2230 2018 2392 2092 σεως,
2421 2031 2487 2083 ὲκ
2515 2028 2625 2083 τῶν
2654 2027 2752 2082 τοῦ
2792 2026 2924 2100 ᾅδου
2966 2026 3263 2097 πυθμένων
3292 2027 3372 2090 είς
3393 2024 3670 2095 οὐρανοὺς
3696 2022 3811 2075 ταύ-

2226 2138 2326 2191 την
2349 2121 2697 2192 ἐπανήγαγεν
2720 2136 2734 2150 ·
2765 2120 2859 2174 καὶ
2886 2119 3049 2173 πάλιν
3084 2120 3380 2191 ἐρχόμενος
3404 2119 3597 2189 κρῖναι
3619 2115 3806 2181 ζῶντας

2227 2211 2327 2265 καὶ
2357 2216 2607 2284 νεκροὺς,
2650 2209 3010 2281 ὲξαναστήσει
3040 2210 3110 2264 τά
3147 2211 3411 2280 σώματα,
3448 2209 3551 2262 καὶ
3599 2207 3809 2276 συνάψει

2234 2305 2358 2366 ταῖς
2390 2304 2601 2358 ἑαυτῶν
2664 2304 2901 2375 ψυχαῖς,
2962 2304 3057 2358 καὶ
3096 2302 3369 2358 ἀποδώσει
3425 2302 3648 2373 ἑκάστῳ
3681 2301 3804 2355 κατά

2222 2396 2295 2449 τά
2315 2396 2453 2469 ἔργα
2482 2396 2670 2453 αὐτοῦ.

2296 2489 2401 2543 λα’.
2444 2487 2633 2543 Ταῦτα
2672 2485 2769 2542 τοῦ
2810 2486 3089 2560 μάρτυρος
3138 2486 3634 2558 φιλοσοφήσαντος,
3658 2484 3687 2538 6
3711 2502 3800 2539 πα-

2230 2584 2465 2655 ράνομος
2525 2582 2622 2637 καὶ
2671 2581 2993 2653 ἀποστάτης
3036 2580 3145 2652 ἔφη
3212 2579 3506 2644 Ἰουλιανός
3535 2594 3551 2610 ⁸
3594 2578 3799 2651 Ὀρᾰτε,

2220 2675 2416 2748 ἄνδρες
2441 2676 2706 2748 Ῥωμαῖοι
2722 2675 2819 2729 καὶ
2830 2674 3116 2747 Ἕλληνες,
3131 2677 3345 2729 τουτονὶ
3360 2673 3454 2727 τὸν
3471 2673 3797 2744 παλαμναῖον

2222 2771 2321 2827 καὶ
2349 2768 2655 2840 ἀλιτήριον,
2692 2768 2862 2822 πόσον
2893 2768 2960 2821 ὲκ
2998 2766 3112 2821 τῶν
3169 2766 3507 2837 Ἑλληνικῶν
3560 2764 3801 2837 μαθημά-

2221 2879 2333 2915 των
2371 2862 2515 2917 κατά
2542 2861 2644 2931 τῆς
2670 2861 2954 2933 ἡμετέρας
3006 2860 3320 2932 ὲσχεδίασεν
3356 2859 3555 2926 ὖθλονς
3605 2859 3696 2914 Md
3716 2858 3796 2912 τὸν

2220 2955 2247 3007 ὲ
2256 2955 2347 3026 μοὶ
2379 2954 2849 3027 προσφιλέστατον
2869 2952 3023 3025 ἥλιον
3045 2953 3141 3007 τὸν
3167 2952 3454 3024 χρυσαυγῆ
3479 2952 3583 3005 καὶ
3610 2949 3798 3019 nam

2223 3064 2409 3119 σμιον,
2450 3047 2638 3102 οὐκέτι
2668 3047 2933 3117 ἀνέξομαι
2961 3048 3080 3109 τοῖς
3112 3044 3385 3117 Ἐλλήνων
3422 3044 3712 3117 μαθήμασι
3742 3042 3794 3097 τὸ

2220 3140 2568 3212 Χριστιανῶν
2623 3139 2935 3196 ἀθεώτατον
2996 3135 3428 3193 ὲκπαιδεύεσθαι
3456 3136 3646 3206 γένος’
3699 3136 3794 3190 ίδοίι

2222 3232 2332 3305 γὰρ
2370 3232 2470 3303 τῆς
2504 3233 2657 3303 ἱερᾶς
2683 3232 2794 3286 τῶν
2822 3231 3001 3302 λόγων
3025 3230 3285 3294 παιδείας
3311 3231 3409 3285 καὶ
3436 3222 3600 3295 οὗτος
3620 3230 3648 3283 ό
3664 3228 3795 3285 κύων

2229 3323 2554 3395 μεταλαϐὼν
2572 3365 2588 3389 ,
2618 3324 2722 3378 κᾶν
2760 3323 2915 3398 [564]
2942 3325 3045 3378 οὐκ
3080 3322 3170 3378 ἐπ’
3211 3323 3433 3389 εὐθείας
3459 3325 3559 3379 καὶ
3586 3321 3793 3396 ὁμαλοῦ,

2222 3415 2338 3472 ἀλλ’
2375 3416 2529 3486 ὅμως
2564 3415 2769 3487 πολλήν
2797 3433 2924 3471 τινα
2952 3416 3053 3471 καὶ
3094 3417 3316 3488 ἀτερπῆ
3357 3418 3488 3491 περὶ
3527 3418 3631 3489 τὴν
3670 3418 3794 3472 ιστο-

2226 3507 2349 3579 ρίαν
2389 3507 2733 3579 μωρολογίαν
2774 3507 3042 3579 κατέχεεν
3070 3509 3183 3564 τῶν
3232 3509 3399 3582 ιερῶν
3454 3510 3683 3565 ἐκείνων
3709 3510 3791 3564 καὶ

2224 3599 2534 3671 φιλοσόφων
2564 3600 2796 3671 ἀνδρῶν.
2829 3599 3020 3656 Ταῦτα
3069 3600 3265 3671 εἰπὼν,
3299 3602 3520 3658 κελεύει
3550 3603 3644 3658 τὸν
3672 3602 3793 3676 μάρ-

2220 3708 2366 3764 τυρα
2386 3694 2502 3757 τοῖς
2528 3692 2750 3766 δημίοις
2784 3692 3033 3765 παραδοθ
3049 3694 3197 3765 ἧναι.
3227 3695 3326 3750 καὶ
3356 3695 3663 3768 μαστιγοῦν
3681 3697 3788 3768 άχρι

2224 3784 2599 3839 πεντακοσίων
2622 3784 2875 3857 πληγῶν.
2909 3787 2971 3839 0i
3006 3786 3066 3841 δὲ
3116 3786 3379 3854 λαϐόντες
3407 3790 3605 3862 ᾕκιζον
3635 3792 3789 3846 ἀπανο

2223 3875 2460 3948 θρὼπως
2516 3879 2639 3942 ταῖς
2668 3876 2927 3949 μάστιξι·
2967 3879 3066 3934 καὶ
3098 3880 3127 3934 ό
3151 3880 3332 3953 κήρυξ
3380 3882 3533 3937 ἐϐόα·
3580 3884 3788 3955 Ποίησον

2220 3968 2282 4022 τὸ
2313 3968 2410 4022 τοῦ
2466 3968 2732 4040 βασιλέως
2763 3970 3000 4043 θέλημα,
3037 3968 3253 4025 παῦσαι
3286 3971 3398 4026 τῶν
3455 3973 3787 4045 μωρολογιῶν

2222 4062 2317 4117 καὶ
2354 4061 2724 4136 ἀπαλλαγήσῃ
2749 4063 2861 4118 τῶν
2908 4063 3250 4130 κολαζόντων
3285 4082 3366 4121 σε.
3405 4066 3464 4121 Ὀ
3494 4067 3553 4121 δὲ
3605 4069 3785 4140 μάρτυς

2221 4156 2514 4228 ἐκαρτέρει
2527 4159 2891 4229 τυπτόμενος,
2922 4157 3146 4213 σιωπῶν
3172 4157 3270 4212 καὶ
3288 4158 3459 4231 μηδὲν
3480 4160 3620 4226 ὅλως
3642 4161 3784 4232 φθεγ-

2221 4248 2478 4323 γόμενος.

2295 4339 2399 4410 λβ’.
2458 4339 2738 4404 Ἀτενίσας
2762 4339 2820 4395 δὲ
2871 4340 3011 4413 πρὸς
3034 4340 3127 4396 τὸν
3154 4341 3251 4395 τοῦ
3281 4344 3521 4414 Χριστοῦ
3555 4346 3784 4417 μάρτυρα

2221 4434 2536 4503 Μακάρων,
2572 4435 2680 4505 ἔφη
2711 4433 2850 4506 πρὸς
2877 4434 3070 4488 αὐτόν·
3103 4436 3177 4491 Σὺ
3201 4436 3257 4489 τί
3283 4436 3469 4506 λέγεις
3493 4443 3627 4511 περὶ¹
3650 4457 3781 4493 σεαυ-

2221 4524 2341 4593 τοῦ,
2374 4526 2724 4599 ταλαίπωρον
2759 4526 3178 4599 ἀνθρωπάριονς
3214 4530 3506 4601 Μακάριος
3548 4532 3686 4604 ἔφη·
3722 4531 3781 4585 Σὺ

2222 4614 2272 4672 εἰ
2300 4619 2651 4693 ταλαίπωρος
2704 4621 2804 4673 καὶ
2842 4621 3063 4674 πάντων
3096 4621 3406 4694 ἀνθρώπων
3455 4626 3779 4699 ἀθλιώτερος.

2222 4712 2372 4768 κύων
2398 4712 2618 4785 ῥυπαρὲ
2656 4714 2755 4767 καὶ
2782 4713 3067 4785 ἀκάθαρτε
3094 4730 3109 4745 ο
3138 4713 3253 4783 ἐγὼ
3279 4717 3337 4770 δὲ
3364 4716 3444 4789 τῷ
3472 4719 3590 4773 όντι
3627 4719 3782 4792 μακάα

2224 4806 2340 4878 ριός
2377 4808 2495 4879 εἰμι
2527 4807 2625 4862 καὶ
2671 4807 3167 4879 τρισμακάριστος,
3209 4812 3354 4866 κατά
3396 4814 3493 4880 τὴν
3525 4832 3781 4885 προσωνυ-

2225 4900 2355 4971 μίαν
2387 4916 2511 4971 μου,
2538 4901 2620 4955 ὅτι
2674 4901 2768 4954 τὸν
2805 4902 3045 4970 Χριστὸν
3076 4903 3361 4973 ὁμολογῶν
3396 4906 3686 4975 προσκυνῶ
3711 4905 3784 4958 τὸν

2222 4990 2360 5045 Θεοῦ
2386 4990 2517 5046 Υίδν
2545 4991 2637 5046 τὸν
2673 4991 2854 5057 ζῶντα
2894 4994 2989 5046 καὶ¹
3012 4992 3363 5062 πρωιὼνιον.
3402 4997 3579 5062 Αὐτὸς
3605 4998 3661 5051 δὲ
3683 4995 3782 5050 τοῦθ

2222 5102 2314 5139 τον
2349 5084 2659 5155 ἀπηρνήσω
2703 5085 3135 5156 προσκολληθεὶς
3178 5086 3259 5157 τῷ
3306 5088 3543 5161 διαϐόλῳ
3581 5091 3783 5151 καὶτοῖς

2221 5178 2481 5247 ἀγγέλοις
2533 5176 2704 5232 αὐτοῦ
2753 5182 2868 5242 τοῖς
2904 5180 3171 5251 ὀλεθρίοις
3226 5199 3284 5235 τε
3328 5184 3423 5236 καὶ
3478 5184 3785 5259 ἀκαθάρτοις

2221 5270 2498 5341 δαίμοσιν,
2545 5270 2603 5323 οἵ
2646 5287 2706 5325 σε
2746 5272 2843 5325 καὶ
2886 5274 2987 5328 οὐκ
3025 5274 3280 5329 ἐθέλοντα
3323 5277 3401 5349 τῷ
3434 5280 3640 5351 αἰωνίῳ
3676 5275 3785 5349 πυρὶ

2221 5362 2714 5436 παραπέμψουσιν.
2748 5366 2859 5419 Καὶ
2883 5368 2911 5420 ό
2942 5368 3299 5441 Παραϐἀτης·
3345 5367 3479 5425 Οἶδα
3524 5374 3608 5427 ὅτι
3646 5373 3786 5427 θανα-

2222 5460 2342 5530 τᾷς,
2376 5459 2472 5512 καὶ
2503 5458 2641 5529 πρὸς
2687 5458 2860 5531 ὀργὴν
2895 5461 3124 5531 κινῆσαι
3180 5481 3248 5536 με
3287 5464 3566 5531 σπεύδεις,
3606 5467 3691 5520 ἵνα
3714 5464 3785 5519 τά·

2229 5568 2376 5622 χειον
2432 5549 2762 5617 ὲξαναλὼσω
2792 5569 2887 5605 σε’
2912 5553 3031 5607 ἀλλ’
3064 5555 3166 5627 οὐχ
3216 5557 3295 5621 ὡς
3345 5558 3513 5622 αὐτὸς
3555 5560 3785 5630 ἤλπισας,

2068 5659 2303 5719 NOTAE.

601 5735 681 5817 _(9)
712 5737 942 5817 Legitur
966 5739 1021 5796 in
1047 5748 1200 5817 textu
1219 5740 1419 5817 _Gra°._c_o
1445 5761 1458 5797 :
1487 5746 1922 5817 τρισμακάριστς
1936 5769 1983 5815 ς.
2007 5752 2119 5808 Sed

530 5810 676 5893 τρὶςΔ
707 5814 829 5881 (ter)
854 5811 910 5893 in
936 5813 1267 5893 compositis
1300 5810 1578 5886 adjectitio
1608 5810 1697 5873 cui
1724 5810 1977 5892 iung-nr
2009 5824 2118 5880 vim

532 5881 685 5937 addit
714 5881 1073 5953 superlativi;
1092 5882 1247 5937 Eutr.

2304 5753 2421 5823 (l0)
2449 5756 2740 5830 Μακάριος
2766 5756 2914 5812 enim
2945 5758 3224 5830 signiﬁcat
3242 5759 3449 5817 beatus.
3473 5761 3705 5818 Notetur
3727 5771 3787 5815 ta-

2232 5840 2357 5879 men
2395 5827 2761 5897 μακάριστος,
2790 5843 2955 5896 quam
2988 5827 3178 5885 {eccm
3213 5831 3302 5887 hic
3341 5834 3566 5889 adhibet
3594 5842 3785 5895 auctor,

2232 5896 2458 5967 proprie
2477 5896 2828 5968 significare:
2855 5900 2946 5969 qui
2964 5901 3190 5957 habetur
3224 5902 3355 5973 [etis
3382 5920 3475 5959 seu
3506 5902 3783 5960 beatum».
