  <div class='ocr_page' id='page_1' title='image "/cluster/home/n/w/nwhite01/storage/ocr_20150623/96/hvd.32044019208065/646.png"; bbox 0 0 4026 6432; ppageno 0'>
   <div class='ocr_carea' id='block_1_1' title="bbox 214 480 370 551">
    <p class='ocr_par' dir='ltr' id='par_1_1' title="bbox 214 480 370 551">
     <span class='ocr_line' id='line_1_1' title="bbox 214 480 370 551; baseline 0.051 -7"><span class='ocrx_word' id='word_1_1' title='bbox 214 480 370 551; x_wconf 76' lang='lat' dir='ltr'><strong>I231</strong></span> 
     </span>
    </p>
   </div>
   <div class='ocr_carea' id='block_1_2' title="bbox 1529 500 2260 568">
    <p class='ocr_par' dir='ltr' id='par_1_2' title="bbox 1529 500 2260 568">
     <span class='ocr_line' id='line_1_2' title="bbox 1529 500 2260 568; baseline 0.01 -7"><span class='ocrx_word' id='word_1_2' title='bbox 1529 500 1588 562; x_wconf 90' lang='lat' dir='ltr'><strong>S.</strong></span> <span class='ocrx_word' id='word_1_3' title='bbox 1626 503 1885 565; x_wconf 77' lang='lat' dir='ltr'><strong>ARTEM</strong></span> <span class='ocrx_word' id='word_1_4' title='bbox 1893 506 1951 565; x_wconf 90' lang='lat' dir='ltr'><strong>II</strong></span> <span class='ocrx_word' id='word_1_5' title='bbox 1981 506 2260 568; x_wconf 77' lang='lat' dir='ltr'><strong>PASSIO.</strong></span> 
     </span>
    </p>
   </div>
   <div class='ocr_carea' id='block_1_3' title="bbox 3386 508 3526 576">
    <p class='ocr_par' dir='ltr' id='par_1_3' title="bbox 3386 508 3526 576">
     <span class='ocr_line' id='line_1_3' title="bbox 3386 508 3526 576; baseline 0.021 -3"><span class='ocrx_word' id='word_1_6' title='bbox 3386 508 3526 576; x_wconf 71' lang='grc'><strong>1282</strong></span> 
     </span>
    </p>
   </div>
   <div class='ocr_carea' id='block_1_4' title="bbox 195 593 1825 693">
    <p class='ocr_par' dir='ltr' id='par_1_4' title="bbox 195 593 1825 682">
     <span class='ocr_line' id='line_1_4' title="bbox 195 593 1825 682; baseline 0.013 -35"><span class='ocrx_word' id='word_1_7' title='bbox 195 593 408 663; x_wconf 75' lang='grc' dir='ltr'>οὕτως</span> <span class='ocrx_word' id='word_1_8' title='bbox 447 597 598 656; x_wconf 78' lang='grc' dir='ltr'>ἔσται</span> <span class='ocrx_word' id='word_1_9' title='bbox 630 618 737 667; x_wconf 86' lang='grc' dir='ltr'>σοι,</span> <span class='ocrx_word' id='word_1_10' title='bbox 761 602 1117 661; x_wconf 86' lang='grc' dir='ltr'>ἀσεϐέστατε.</span> <span class='ocrx_word' id='word_1_11' title='bbox 1150 607 1325 662; x_wconf 80' lang='grc' dir='ltr'>Τοῦτο</span> <span class='ocrx_word' id='word_1_12' title='bbox 1351 608 1409 663; x_wconf 81' lang='grc' dir='ltr'>δὲ</span> <span class='ocrx_word' id='word_1_13' title='bbox 1440 611 1657 682; x_wconf 80' lang='grc' dir='ltr'>πρῶτον</span> <span class='ocrx_word' id='word_1_14' title='bbox 1690 615 1825 668; x_wconf 88' lang='grc' dir='ltr'>ἀπο-</span> 
     </span>
    </p>
   </div>
   <div class='ocr_carea' id='block_1_5' title="bbox 1932 593 3526 693">
    <p class='ocr_par' dir='ltr' id='par_1_5' title="bbox 1932 604 3526 693">
     <span class='ocr_line' id='line_1_5' title="bbox 1932 604 3526 693; baseline 0.003 -23"><span class='ocrx_word' id='word_1_15' title='bbox 1932 618 2084 672; x_wconf 78' lang='lat' dir='ltr'><strong>sime.</strong></span> <span class='ocrx_word' id='word_1_16' title='bbox 2130 618 2238 672; x_wconf 85' lang='lat' dir='ltr'><strong>Sed</strong></span> <span class='ocrx_word' id='word_1_17' title='bbox 2277 617 2380 671; x_wconf 89' lang='lat' dir='ltr'><strong>hoc</strong></span> <span class='ocrx_word' id='word_1_18' title='bbox 2416 618 2656 689; x_wconf 86' lang='lat' dir='ltr'><strong>primum</strong></span> <span class='ocrx_word' id='word_1_19' title='bbox 2693 621 3002 692; x_wconf 87' lang='lat' dir='ltr'><strong>responde,</strong></span> <span class='ocrx_word' id='word_1_20' title='bbox 3047 626 3103 677; x_wconf 89' lang='lat' dir='ltr'><strong>et</strong></span> <span class='ocrx_word' id='word_1_21' title='bbox 3126 604 3329 677; x_wconf 15' lang='lat' dir='ltr'><strong>vindica</strong></span> <span class='ocrx_word' id='word_1_22' title='bbox 3356 622 3526 693; x_wconf 88' lang='lat' dir='ltr'><strong>quid-</strong></span> 
     </span>
    </p>
   </div>
   <div class='ocr_carea' id='block_1_6' title="bbox 196 686 1825 777">
    <p class='ocr_par' dir='ltr' id='par_1_6' title="bbox 196 686 1825 777">
     <span class='ocr_line' id='line_1_6' title="bbox 196 686 1825 777; baseline 0.011 -36"><span class='ocrx_word' id='word_1_23' title='bbox 196 686 430 757; x_wconf 78' lang='grc' dir='ltr'><strong>κρίνου</strong></span> <span class='ocrx_word' id='word_1_24' title='bbox 464 692 559 746; x_wconf 66' lang='grc' dir='ltr'><strong>καὶ⁵</strong></span> <span class='ocrx_word' id='word_1_25' title='bbox 591 692 835 763; x_wconf 86' lang='grc' dir='ltr'>δίδασκε,</span> <span class='ocrx_word' id='word_1_26' title='bbox 863 696 917 750; x_wconf 90' lang='grc' dir='ltr'><strong>τί</strong></span> <span class='ocrx_word' id='word_1_27' title='bbox 947 697 1009 751; x_wconf 79' lang='grc' dir='ltr'><strong>τὸ</strong></span> <span class='ocrx_word' id='word_1_28' title='bbox 1031 697 1192 766; x_wconf 79' lang='grc' dir='ltr'>δόξαν</span> <span class='ocrx_word' id='word_1_29' title='bbox 1222 698 1376 770; x_wconf 83' lang='grc' dir='ltr'>ὑμῖν,</span> <span class='ocrx_word' id='word_1_30' title='bbox 1405 694 1452 755; x_wconf 84' lang='grc' dir='ltr'><strong>ὧ</strong></span> <span class='ocrx_word' id='word_1_31' title='bbox 1487 704 1825 777; x_wconf 89' lang='grc' dir='ltr'>παμμίαροι,</span> 
     </span>
    </p>
   </div>
   <div class='ocr_carea' id='block_1_7' title="bbox 198 780 1826 871">
    <p class='ocr_par' dir='ltr' id='par_1_7' title="bbox 198 780 1826 871">
     <span class='ocr_line' id='line_1_7' title="bbox 198 780 1826 871; baseline 0.012 -39"><span class='ocrx_word' id='word_1_32' title='bbox 198 780 296 834; x_wconf 80' lang='grc' dir='ltr'>ὅτι</span> <span class='ocrx_word' id='word_1_33' title='bbox 361 784 512 857; x_wconf 70' lang='grc' dir='ltr'>μηδὲ</span> <span class='ocrx_word' id='word_1_34' title='bbox 566 788 696 858; x_wconf 80' lang='grc' dir='ltr'>μιᾶς</span> <span class='ocrx_word' id='word_1_35' title='bbox 725 805 874 853; x_wconf 87' lang='grc' dir='ltr'>τινος</span> <span class='ocrx_word' id='word_1_36' title='bbox 903 788 1157 857; x_wconf 75' lang='grc' dir='ltr'>ἐξουσίας</span> <span class='ocrx_word' id='word_1_37' title='bbox 1207 792 1242 865; x_wconf 83' lang='grc' dir='ltr'>ἢ</span> <span class='ocrx_word' id='word_1_38' title='bbox 1289 796 1444 866; x_wconf 77' lang='grc' dir='ltr'><strong>παρά</strong></span> <span class='ocrx_word' id='word_1_39' title='bbox 1494 795 1826 871; x_wconf 81' lang='grc' dir='ltr'>βασιλέωςῆ</span> 
     </span>
    </p>
   </div>
   <div class='ocr_carea' id='block_1_8' title="bbox 200 875 1828 957">
    <p class='ocr_par' dir='ltr' id='par_1_8' title="bbox 200 875 1828 957">
     <span class='ocr_line' id='line_1_8' title="bbox 200 875 1828 957; baseline 0.01 -31"><span class='ocrx_word' id='word_1_40' title='bbox 200 875 380 943; x_wconf 80' lang='grc' dir='ltr'><strong>παρά</strong></span> <span class='ocrx_word' id='word_1_41' title='bbox 421 893 572 943; x_wconf 89' lang='grc' dir='ltr'>τινος</span> <span class='ocrx_word' id='word_1_42' title='bbox 616 879 729 932; x_wconf 85' lang='grc' dir='ltr'><strong>τῶν</strong></span> <span class='ocrx_word' id='word_1_43' title='bbox 774 880 1057 953; x_wconf 84' lang='grc' dir='ltr'><strong>ἀρχόντων</strong></span> <span class='ocrx_word' id='word_1_44' title='bbox 1106 884 1523 957; x_wconf 82' lang='grc' dir='ltr'><strong>μετειληφότες,</strong></span> <span class='ocrx_word' id='word_1_45' title='bbox 1568 890 1737 943; x_wconf 86' lang='grc' dir='ltr'>πάντί</span> <span class='ocrx_word' id='word_1_46' title='bbox 1766 906 1828 943; x_wconf 87' lang='grc' dir='ltr'><strong>τε</strong></span> 
     </span>
    </p>
   </div>
   <div class='ocr_carea' id='block_1_9' title="bbox 202 966 1829 1049">
    <p class='ocr_par' dir='ltr' id='par_1_9' title="bbox 202 966 1829 1049">
     <span class='ocr_line' id='line_1_9' title="bbox 202 966 1829 1049; baseline 0.012 -32"><span class='ocrx_word' id='word_1_47' title='bbox 202 966 313 1019; x_wconf 71' lang='grc' dir='ltr'><strong>καὶ</strong></span> <span class='ocrx_word' id='word_1_48' title='bbox 353 972 649 1041; x_wconf 81' lang='grc' dir='ltr'><strong>πανταχοῦ</strong></span> <span class='ocrx_word' id='word_1_49' title='bbox 675 974 1077 1047; x_wconf 77' lang='grc' dir='ltr'><strong>διατρέχοντες,</strong></span> <span class='ocrx_word' id='word_1_50' title='bbox 1112 980 1215 1042; x_wconf 82' lang='grc' dir='ltr'>τὰς</span> <span class='ocrx_word' id='word_1_51' title='bbox 1251 979 1361 1033; x_wconf 86' lang='grc' dir='ltr'><strong>τῶν</strong></span> <span class='ocrx_word' id='word_1_52' title='bbox 1395 981 1654 1049; x_wconf 83' lang='grc' dir='ltr'><strong>μεγάλων</strong></span> <span class='ocrx_word' id='word_1_53' title='bbox 1690 982 1829 1037; x_wconf 82' lang='grc' dir='ltr'>θεῶν</span> 
     </span>
    </p>
   </div>
   <div class='ocr_carea' id='block_1_10' title="bbox 206 1057 1831 1141">
    <p class='ocr_par' dir='ltr' id='par_1_10' title="bbox 206 1057 1831 1141">
     <span class='ocr_line' id='line_1_10' title="bbox 206 1057 1831 1141; baseline 0.014 -34"><span class='ocrx_word' id='word_1_54' title='bbox 206 1057 475 1125; x_wconf 77' lang='grc' dir='ltr'>σπονδάς</span> <span class='ocrx_word' id='word_1_55' title='bbox 496 1078 557 1115; x_wconf 91' lang='grc' dir='ltr'><strong>τε</strong></span> <span class='ocrx_word' id='word_1_56' title='bbox 605 1063 702 1117; x_wconf 80' lang='grc' dir='ltr'>καὶ</span> <span class='ocrx_word' id='word_1_57' title='bbox 738 1064 933 1131; x_wconf 78' lang='grc' dir='ltr'><strong>θυσίας</strong></span> <span class='ocrx_word' id='word_1_58' title='bbox 970 1069 1305 1141; x_wconf 78' lang='grc' dir='ltr'><strong>ἀνατρέπειν</strong></span> <span class='ocrx_word' id='word_1_59' title='bbox 1347 1073 1681 1138; x_wconf 78' lang='grc' dir='ltr'><strong>σπουδάζετε</strong></span> <span class='ocrx_word' id='word_1_60' title='bbox 1702 1117 1717 1141; x_wconf 94' lang='grc'><strong>,</strong></span> <span class='ocrx_word' id='word_1_61' title='bbox 1753 1075 1831 1129; x_wconf 87' lang='grc' dir='ltr'>δι-</span> 
     </span>
    </p>
   </div>
   <div class='ocr_carea' id='block_1_11' title="bbox 203 1145 1828 1238">
    <p class='ocr_par' dir='ltr' id='par_1_11' title="bbox 203 1145 1828 1238">
     <span class='ocr_line' id='line_1_11' title="bbox 203 1145 1828 1238; baseline 0.014 -39"><span class='ocrx_word' id='word_1_62' title='bbox 203 1145 535 1217; x_wconf 86' lang='grc' dir='ltr'>δάσκοντες</span> <span class='ocrx_word' id='word_1_63' title='bbox 577 1153 646 1209; x_wconf 82' lang='grc' dir='ltr'>ἂν</span> <span class='ocrx_word' id='word_1_64' title='bbox 702 1157 831 1221; x_wconf 79' lang='grc' dir='ltr'>τοὺς</span> <span class='ocrx_word' id='word_1_65' title='bbox 876 1159 1227 1230; x_wconf 80' lang='grc' dir='ltr'><strong>ἀνθρώπους,</strong></span> <span class='ocrx_word' id='word_1_66' title='bbox 1293 1162 1523 1228; x_wconf 84' lang='grc' dir='ltr'>τούτους</span> <span class='ocrx_word' id='word_1_67' title='bbox 1565 1165 1639 1238; x_wconf 85' lang='grc' dir='ltr'>μὴ</span> <span class='ocrx_word' id='word_1_68' title='bbox 1686 1162 1828 1221; x_wconf 82' lang='grc' dir='ltr'>εἶναι</span> 
     </span>
    </p>
   </div>
   <div class='ocr_carea' id='block_1_12' title="bbox 206 1239 1829 1326">
    <p class='ocr_par' dir='ltr' id='par_1_12' title="bbox 206 1239 1829 1326">
     <span class='ocr_line' id='line_1_12' title="bbox 206 1239 1829 1326; baseline 0.014 -35"><span class='ocrx_word' id='word_1_69' title='bbox 206 1239 391 1307; x_wconf 78' lang='grc' dir='ltr'>θεοὺς</span> <span class='ocrx_word' id='word_1_70' title='bbox 414 1285 434 1310; x_wconf 90' lang='grc'><strong>,</strong></span> <span class='ocrx_word' id='word_1_71' title='bbox 471 1247 607 1319; x_wconf 73' lang='grc' dir='ltr'>μηδὲ</span> <span class='ocrx_word' id='word_1_72' title='bbox 655 1251 913 1324; x_wconf 88' lang='grc' dir='ltr'>σωτῆρας</span> <span class='ocrx_word' id='word_1_73' title='bbox 960 1252 1063 1325; x_wconf 85' lang='grc' dir='ltr'><strong>τῆς</strong></span> <span class='ocrx_word' id='word_1_74' title='bbox 1105 1256 1455 1326; x_wconf 77' lang='grc' dir='ltr'>οἰκουμένης,</span> <span class='ocrx_word' id='word_1_75' title='bbox 1480 1258 1573 1312; x_wconf 80' lang='grc' dir='ltr'>καὶ</span> <span class='ocrx_word' id='word_1_76' title='bbox 1598 1257 1694 1312; x_wconf 80' lang='grc' dir='ltr'>τοῦ</span> <span class='ocrx_word' id='word_1_77' title='bbox 1735 1260 1829 1313; x_wconf 85' lang='grc' dir='ltr'>ἀν-</span> 
     </span>
    </p>
   </div>
   <div class='ocr_carea' id='block_1_13' title="bbox 208 1331 1826 1425">
    <p class='ocr_par' dir='ltr' id='par_1_13' title="bbox 208 1331 1826 1425">
     <span class='ocr_line' id='line_1_13' title="bbox 208 1331 1826 1425; baseline 0.014 -40"><span class='ocrx_word' id='word_1_78' title='bbox 208 1331 514 1404; x_wconf 85' lang='grc' dir='ltr'>θρωπείου</span> <span class='ocrx_word' id='word_1_79' title='bbox 552 1341 747 1409; x_wconf 83' lang='grc' dir='ltr'>γένους</span> <span class='ocrx_word' id='word_1_80' title='bbox 787 1346 1098 1418; x_wconf 87' lang='grc' dir='ltr'>προνοητάς</span> <span class='ocrx_word' id='word_1_81' title='bbox 1116 1366 1175 1401; x_wconf 91' lang='grc' dir='ltr'><strong>τε</strong></span> <span class='ocrx_word' id='word_1_82' title='bbox 1206 1350 1302 1403; x_wconf 75' lang='grc' dir='ltr'>καὶ</span> <span class='ocrx_word' id='word_1_83' title='bbox 1341 1348 1493 1425; x_wconf 75' lang='lat'><strong>[365]</strong></span> <span class='ocrx_word' id='word_1_84' title='bbox 1514 1352 1826 1425; x_wconf 83' lang='grc' dir='ltr'><strong>κηδεμόνας</strong></span> 
     </span>
    </p>
   </div>
   <div class='ocr_carea' id='block_1_14' title="bbox 204 1428 1826 1519">
    <p class='ocr_par' dir='ltr' id='par_1_14' title="bbox 204 1428 1826 1519">
     <span class='ocr_line' id='line_1_14' title="bbox 204 1428 1826 1519; baseline 0.016 -42"><span class='ocrx_word' id='word_1_85' title='bbox 204 1428 632 1497; x_wconf 82' lang='grc' dir='ltr'>τυγχάνοντας,</span> <span class='ocrx_word' id='word_1_86' title='bbox 669 1433 764 1500; x_wconf 76' lang='grc' dir='ltr'><strong>οὓς</strong></span> <span class='ocrx_word' id='word_1_87' title='bbox 801 1437 834 1508; x_wconf 76' lang='grc' dir='ltr'>ἡ</span> <span class='ocrx_word' id='word_1_88' title='bbox 870 1438 967 1492; x_wconf 84' lang='grc' dir='ltr'>ἀπ’</span> <span class='ocrx_word' id='word_1_89' title='bbox 1001 1441 1201 1505; x_wconf 84' lang='grc' dir='ltr'>αἰῶνος</span> <span class='ocrx_word' id='word_1_90' title='bbox 1233 1443 1328 1497; x_wconf 66' lang='grc' dir='ltr'><strong>καί¹</strong></span> <span class='ocrx_word' id='word_1_91' title='bbox 1358 1445 1569 1500; x_wconf 80' lang='grc' dir='ltr'>ἀνωθεν</span> <span class='ocrx_word' id='word_1_92' title='bbox 1617 1465 1826 1519; x_wconf 86' lang='grc' dir='ltr'>πατρο-</span> 
     </span>
    </p>
   </div>
   <div class='ocr_carea' id='block_1_15' title="bbox 207 1520 1825 1605">
    <p class='ocr_par' dir='ltr' id='par_1_15' title="bbox 207 1520 1825 1605">
     <span class='ocr_line' id='line_1_15' title="bbox 207 1520 1825 1605; baseline 0.013 -33"><span class='ocrx_word' id='word_1_93' title='bbox 207 1520 546 1591; x_wconf 79' lang='grc' dir='ltr'>παράδοτος</span> <span class='ocrx_word' id='word_1_94' title='bbox 572 1524 683 1579; x_wconf 87' lang='grc' dir='ltr'><strong>τῶν</strong></span> <span class='ocrx_word' id='word_1_95' title='bbox 721 1527 1034 1600; x_wconf 88' lang='grc' dir='ltr'>ἀνθρώπων</span> <span class='ocrx_word' id='word_1_96' title='bbox 1085 1534 1370 1605; x_wconf 85' lang='grc' dir='ltr'>συνήθεια,</span> <span class='ocrx_word' id='word_1_97' title='bbox 1421 1536 1606 1592; x_wconf 90' lang='grc' dir='ltr'>σέϐειν</span> <span class='ocrx_word' id='word_1_98' title='bbox 1640 1556 1699 1593; x_wconf 88' lang='grc' dir='ltr'><strong>τε</strong></span> <span class='ocrx_word' id='word_1_99' title='bbox 1729 1538 1825 1593; x_wconf 75' lang='grc' dir='ltr'><strong>καὶ</strong></span> 
     </span>
    </p>
   </div>
   <div class='ocr_carea' id='block_1_16' title="bbox 208 1618 1822 1701">
    <p class='ocr_par' dir='ltr' id='par_1_16' title="bbox 208 1618 1822 1701">
     <span class='ocr_line' id='line_1_16' title="bbox 208 1618 1822 1701; baseline 0.013 -37"><span class='ocrx_word' id='word_1_100' title='bbox 208 1618 571 1701; x_wconf 68' lang='grc' dir='ltr'>προσκυνεῖν</span> <span class='ocrx_word' id='word_1_101' title='bbox 606 1619 998 1690; x_wconf 81' lang='grc' dir='ltr'><strong>παραδέδωκεν</strong></span> <span class='ocrx_word' id='word_1_102' title='bbox 1020 1640 1036 1655; x_wconf 69' lang='grc' dir='ltr'><strong>ο</strong></span> <span class='ocrx_word' id='word_1_103' title='bbox 1070 1624 1162 1678; x_wconf 84' lang='grc' dir='ltr'><strong>τὸν</strong></span> <span class='ocrx_word' id='word_1_104' title='bbox 1202 1626 1259 1680; x_wconf 85' lang='grc' dir='ltr'>δὲ</span> <span class='ocrx_word' id='word_1_105' title='bbox 1290 1628 1529 1698; x_wconf 82' lang='grc' dir='ltr'>Χριστὸν</span> <span class='ocrx_word' id='word_1_106' title='bbox 1554 1629 1685 1701; x_wconf 79' lang='grc' dir='ltr'>χθὲς</span> <span class='ocrx_word' id='word_1_107' title='bbox 1727 1631 1822 1686; x_wconf 80' lang='grc' dir='ltr'>τοῦ</span> 
     </span>
    </p>
   </div>
   <div class='ocr_carea' id='block_1_17' title="bbox 1934 708 3524 777">
    <p class='ocr_par' dir='ltr' id='par_1_17' title="bbox 1934 708 3524 777">
     <span class='ocr_line' id='line_1_17' title="bbox 1934 708 3524 777; baseline 0.004 -15"><span class='ocrx_word' id='word_1_108' title='bbox 1934 723 2063 762; x_wconf 88' lang='lat' dir='ltr'><strong>nam</strong></span> <span class='ocrx_word' id='word_1_109' title='bbox 2098 709 2260 764; x_wconf 91' lang='lat' dir='ltr'><strong>vobis</strong></span> <span class='ocrx_word' id='word_1_110' title='bbox 2303 708 2481 763; x_wconf 88' lang='lat' dir='ltr'><strong>visum</strong></span> <span class='ocrx_word' id='word_1_111' title='bbox 2516 713 2611 776; x_wconf 89' lang='lat' dir='ltr'><strong>sit,</strong></span> <span class='ocrx_word' id='word_1_112' title='bbox 2646 712 3001 777; x_wconf 81' lang='lat' dir='ltr'><strong>exsecrandi,</strong></span> <span class='ocrx_word' id='word_1_113' title='bbox 3036 720 3098 768; x_wconf 91' lang='lat' dir='ltr'><strong>ut</strong></span> <span class='ocrx_word' id='word_1_114' title='bbox 3126 713 3276 768; x_wconf 85' lang='lat' dir='ltr'><strong>nulla</strong></span> <span class='ocrx_word' id='word_1_115' title='bbox 3307 712 3425 770; x_wconf 85' lang='lat' dir='ltr'><strong>sive</strong></span> <span class='ocrx_word' id='word_1_116' title='bbox 3453 714 3524 768; x_wconf 84' lang='lat' dir='ltr'><strong>ab</strong></span> 
     </span>
    </p>
   </div>
   <div class='ocr_carea' id='block_1_18' title="bbox 1932 798 3524 872">
    <p class='ocr_par' dir='ltr' id='par_1_18' title="bbox 1932 798 3524 872">
     <span class='ocr_line' id='line_1_18' title="bbox 1932 798 3524 872; baseline 0.003 -19"><span class='ocrx_word' id='word_1_117' title='bbox 1932 798 2292 870; x_wconf 79' lang='lat' dir='ltr'><strong>imperatore,</strong></span> <span class='ocrx_word' id='word_1_118' title='bbox 2321 800 2439 856; x_wconf 85' lang='lat' dir='ltr'><strong>sive</strong></span> <span class='ocrx_word' id='word_1_119' title='bbox 2463 801 2769 872; x_wconf 84' lang='lat' dir='ltr'><strong>aquopiam</strong></span> <span class='ocrx_word' id='word_1_120' title='bbox 2795 802 3124 872; x_wconf 87' lang='lat' dir='ltr'><strong>magistratu</strong></span> <span class='ocrx_word' id='word_1_121' title='bbox 3150 802 3376 858; x_wconf 75' lang='lat' dir='ltr'><strong>licentia</strong></span> <span class='ocrx_word' id='word_1_122' title='bbox 3400 818 3524 857; x_wconf 82' lang='lat' dir='ltr'><strong>mu-</strong></span> 
     </span>
    </p>
   </div>
   <div class='ocr_carea' id='block_1_19' title="bbox 1932 887 3524 964">
    <p class='ocr_par' dir='ltr' id='par_1_19' title="bbox 1932 887 3524 964">
     <span class='ocr_line' id='line_1_19' title="bbox 1932 887 3524 964; baseline 0.003 -21"><span class='ocrx_word' id='word_1_123' title='bbox 1932 887 2059 955; x_wconf 91' lang='lat' dir='ltr'><strong>niti,</strong></span> <span class='ocrx_word' id='word_1_124' title='bbox 2109 890 2315 960; x_wconf 90' lang='lat' dir='ltr'><strong>ubique</strong></span> <span class='ocrx_word' id='word_1_125' title='bbox 2350 891 2707 955; x_wconf 89' lang='lat' dir='ltr'><strong>discurratis,</strong></span> <span class='ocrx_word' id='word_1_126' title='bbox 2728 903 2783 946; x_wconf 90' lang='lat' dir='ltr'><strong>et</strong></span> <span class='ocrx_word' id='word_1_127' title='bbox 2814 908 3141 964; x_wconf 81' lang='lat' dir='ltr'><strong>magnorum</strong></span> <span class='ocrx_word' id='word_1_128' title='bbox 3181 893 3412 949; x_wconf 90' lang='lat' dir='ltr'><strong>deorum</strong></span> <span class='ocrx_word' id='word_1_129' title='bbox 3448 894 3524 948; x_wconf 87' lang='lat' dir='ltr'><strong>ri-</strong></span> 
     </span>
    </p>
   </div>
   <div class='ocr_carea' id='block_1_20' title="bbox 1931 982 3521 1049">
    <p class='ocr_par' dir='ltr' id='par_1_20' title="bbox 1931 982 3521 1049">
     <span class='ocr_line' id='line_1_20' title="bbox 1931 982 3521 1049; baseline 0 -13"><span class='ocrx_word' id='word_1_130' title='bbox 1931 990 2023 1039; x_wconf 88' lang='lat' dir='ltr'><strong>tus</strong></span> <span class='ocrx_word' id='word_1_131' title='bbox 2053 990 2107 1037; x_wconf 91' lang='lat' dir='ltr'><strong>et</strong></span> <span class='ocrx_word' id='word_1_132' title='bbox 2130 982 2405 1038; x_wconf 83' lang='lat' dir='ltr'><strong>sacriﬁcia</strong></span> <span class='ocrx_word' id='word_1_133' title='bbox 2429 993 2684 1039; x_wconf 89' lang='lat' dir='ltr'><strong>evertere</strong></span> <span class='ocrx_word' id='word_1_134' title='bbox 2707 984 3010 1049; x_wconf 82' lang='lat' dir='ltr'><strong>conemini,</strong></span> <span class='ocrx_word' id='word_1_135' title='bbox 3046 984 3314 1039; x_wconf 88' lang='lat' dir='ltr'><strong>docentes</strong></span> <span class='ocrx_word' id='word_1_136' title='bbox 3338 983 3521 1038; x_wconf 88' lang='lat' dir='ltr'><strong>homi-</strong></span> 
     </span>
    </p>
   </div>
   <div class='ocr_carea' id='block_1_21' title="bbox 1932 1075 3523 1146">
    <p class='ocr_par' dir='ltr' id='par_1_21' title="bbox 1932 1075 3523 1146">
     <span class='ocr_line' id='line_1_21' title="bbox 1932 1075 3523 1146; baseline -0.001 -16"><span class='ocrx_word' id='word_1_137' title='bbox 1932 1089 2031 1130; x_wconf 89' lang='lat' dir='ltr'><strong>nes</strong></span> <span class='ocrx_word' id='word_1_138' title='bbox 2056 1089 2151 1129; x_wconf 89' lang='lat' dir='ltr'><strong>eos</strong></span> <span class='ocrx_word' id='word_1_139' title='bbox 2188 1089 2298 1129; x_wconf 93' lang='lat' dir='ltr'><strong>non</strong></span> <span class='ocrx_word' id='word_1_140' title='bbox 2331 1090 2457 1130; x_wconf 91' lang='lat' dir='ltr'><strong>esse</strong></span> <span class='ocrx_word' id='word_1_141' title='bbox 2482 1076 2617 1130; x_wconf 89' lang='lat' dir='ltr'><strong>deos</strong></span> <span class='ocrx_word' id='word_1_142' title='bbox 2649 1092 2829 1146; x_wconf 90' lang='lat' dir='ltr'><strong>neque</strong></span> <span class='ocrx_word' id='word_1_143' title='bbox 2846 1083 3166 1131; x_wconf 87' lang='lat' dir='ltr'><strong>servatores</strong></span> <span class='ocrx_word' id='word_1_144' title='bbox 3191 1075 3407 1139; x_wconf 87' lang='lat' dir='ltr'><strong>mundi,</strong></span> <span class='ocrx_word' id='word_1_145' title='bbox 3427 1085 3523 1130; x_wconf 89' lang='lat' dir='ltr'><strong>aut</strong></span> 
     </span>
    </p>
   </div>
   <div class='ocr_carea' id='block_1_22' title="bbox 1930 1165 3524 1238">
    <p class='ocr_par' dir='ltr' id='par_1_22' title="bbox 1930 1165 3524 1238">
     <span class='ocr_line' id='line_1_22' title="bbox 1930 1165 3524 1238; baseline 0.001 -19"><span class='ocrx_word' id='word_1_146' title='bbox 1930 1165 2175 1220; x_wconf 90' lang='lat' dir='ltr'><strong>humano</strong></span> <span class='ocrx_word' id='word_1_147' title='bbox 2205 1167 2394 1238; x_wconf 83' lang='lat' dir='ltr'><strong>generi</strong></span> <span class='ocrx_word' id='word_1_148' title='bbox 2454 1166 2751 1238; x_wconf 83' lang='lat' dir='ltr'><strong>providere</strong></span> <span class='ocrx_word' id='word_1_149' title='bbox 2804 1167 3171 1237; x_wconf 87' lang='lat' dir='ltr'><strong>ejusdemque</strong></span> <span class='ocrx_word' id='word_1_150' title='bbox 3202 1182 3392 1237; x_wconf 80' lang='lat' dir='ltr'><strong>gerere</strong></span> <span class='ocrx_word' id='word_1_151' title='bbox 3428 1182 3524 1221; x_wconf 89' lang='lat' dir='ltr'><strong>cu-</strong></span> 
     </span>
    </p>
   </div>
   <div class='ocr_carea' id='block_1_23' title="bbox 1931 1258 3523 1329">
    <p class='ocr_par' dir='ltr' id='par_1_23' title="bbox 1931 1258 3523 1329">
     <span class='ocr_line' id='line_1_23' title="bbox 1931 1258 3523 1329; baseline 0 -18"><span class='ocrx_word' id='word_1_152' title='bbox 1931 1273 2072 1323; x_wconf 88' lang='lat' dir='ltr'><strong>ram,</strong></span> <span class='ocrx_word' id='word_1_153' title='bbox 2116 1273 2259 1328; x_wconf 90' lang='lat' dir='ltr'><strong>quos</strong></span> <span class='ocrx_word' id='word_1_154' title='bbox 2289 1260 2360 1314; x_wconf 90' lang='lat' dir='ltr'><strong>ab</strong></span> <span class='ocrx_word' id='word_1_155' title='bbox 2387 1274 2505 1314; x_wconf 69' lang='lat' dir='ltr'><strong>aevo</strong></span> <span class='ocrx_word' id='word_1_156' title='bbox 2541 1265 2595 1314; x_wconf 86' lang='lat' dir='ltr'><strong>et</strong></span> <span class='ocrx_word' id='word_1_157' title='bbox 2625 1258 2820 1315; x_wconf 86' lang='lat' dir='ltr'><strong>multis</strong></span> <span class='ocrx_word' id='word_1_158' title='bbox 2853 1268 3003 1314; x_wconf 88' lang='lat' dir='ltr'><strong>retro</strong></span> <span class='ocrx_word' id='word_1_159' title='bbox 3031 1261 3255 1315; x_wconf 66' lang='lat' dir='ltr'><strong>saeculis</strong></span> <span class='ocrx_word' id='word_1_160' title='bbox 3290 1274 3318 1311; x_wconf 82' lang='lat' dir='ltr'><strong>a</strong></span> <span class='ocrx_word' id='word_1_161' title='bbox 3349 1258 3523 1329; x_wconf 87' lang='lat' dir='ltr'><strong>patri-</strong></span> 
     </span>
    </p>
   </div>
   <div class='ocr_carea' id='block_1_24' title="bbox 1933 1351 3525 1422">
    <p class='ocr_par' dir='ltr' id='par_1_24' title="bbox 1933 1351 3525 1422">
     <span class='ocr_line' id='line_1_24' title="bbox 1933 1351 3525 1422; baseline -0.001 -16"><span class='ocrx_word' id='word_1_162' title='bbox 1933 1351 2038 1406; x_wconf 85' lang='lat' dir='ltr'><strong>bus</strong></span> <span class='ocrx_word' id='word_1_163' title='bbox 2062 1351 2308 1422; x_wconf 81' lang='lat' dir='ltr'><strong>profecta</strong></span> <span class='ocrx_word' id='word_1_164' title='bbox 2337 1353 2654 1408; x_wconf 87' lang='lat' dir='ltr'><strong>mortalium</strong></span> <span class='ocrx_word' id='word_1_165' title='bbox 2680 1351 3031 1408; x_wconf 86' lang='lat' dir='ltr'><strong>consuetudo</strong></span> <span class='ocrx_word' id='word_1_166' title='bbox 3051 1352 3386 1407; x_wconf 90' lang='lat' dir='ltr'><strong>revereudos</strong></span> <span class='ocrx_word' id='word_1_167' title='bbox 3412 1363 3525 1406; x_wconf 88' lang='lat' dir='ltr'><strong>tra-</strong></span> 
     </span>
    </p>
   </div>
   <div class='ocr_carea' id='block_1_25' title="bbox 1933 1444 3523 1515">
    <p class='ocr_par' dir='ltr' id='par_1_25' title="bbox 1933 1444 3523 1515">
     <span class='ocr_line' id='line_1_25' title="bbox 1933 1444 3523 1515; baseline -0.001 -16"><span class='ocrx_word' id='word_1_168' title='bbox 1933 1444 2075 1499; x_wconf 90' lang='lat' dir='ltr'><strong>didit</strong></span> <span class='ocrx_word' id='word_1_169' title='bbox 2106 1453 2163 1501; x_wconf 88' lang='lat' dir='ltr'><strong>et</strong></span> <span class='ocrx_word' id='word_1_170' title='bbox 2195 1445 2515 1502; x_wconf 88' lang='lat' dir='ltr'><strong>adorandos</strong></span> <span class='ocrx_word' id='word_1_171' title='bbox 2538 1444 2862 1515; x_wconf 87' lang='lat' dir='ltr'><strong>;Christum</strong></span> <span class='ocrx_word' id='word_1_172' title='bbox 2891 1452 3100 1510; x_wconf 89' lang='lat' dir='ltr'><strong>autem,</strong></span> <span class='ocrx_word' id='word_1_173' title='bbox 3130 1447 3222 1515; x_wconf 85' lang='lat' dir='ltr'><strong>qui</strong></span> <span class='ocrx_word' id='word_1_174' title='bbox 3252 1444 3368 1499; x_wconf 76' lang='lat' dir='ltr'><strong>heri</strong></span> <span class='ocrx_word' id='word_1_175' title='bbox 3400 1460 3523 1499; x_wconf 85' lang='lat' dir='ltr'><strong>esse</strong></span> 
     </span>
    </p>
   </div>
   <div class='ocr_carea' id='block_1_26' title="bbox 1931 1533 3520 1609">
    <p class='ocr_par' dir='ltr' id='par_1_26' title="bbox 1931 1533 3520 1609">
     <span class='ocr_line' id='line_1_26' title="bbox 1931 1533 3520 1609; baseline -0.003 -17"><span class='ocrx_word' id='word_1_176' title='bbox 1931 1538 2120 1609; x_wconf 72' lang='lat' dir='ltr'><strong>cmpit,</strong></span> <span class='ocrx_word' id='word_1_177' title='bbox 2150 1552 2253 1594; x_wconf 91' lang='lat' dir='ltr'><strong>nec</strong></span> <span class='ocrx_word' id='word_1_178' title='bbox 2308 1539 2545 1593; x_wconf 87' lang='lat' dir='ltr'><strong>multum</strong></span> <span class='ocrx_word' id='word_1_179' title='bbox 2600 1545 2733 1593; x_wconf 87' lang='lat' dir='ltr'><strong>ante</strong></span> <span class='ocrx_word' id='word_1_180' title='bbox 2772 1547 3021 1591; x_wconf 88' lang='lat' dir='ltr'><strong>nostram</strong></span> <span class='ocrx_word' id='word_1_181' title='bbox 3064 1542 3308 1599; x_wconf 62' lang='lat' dir='ltr'><strong>aetatem,</strong></span> <span class='ocrx_word' id='word_1_182' title='bbox 3348 1533 3520 1590; x_wconf 87' lang='lat' dir='ltr'><strong>Deum</strong></span> 
     </span>
    </p>
   </div>
   <div class='ocr_carea' id='block_1_27' title="bbox 1932 1626 3453 1703">
    <p class='ocr_par' dir='ltr' id='par_1_27' title="bbox 1932 1626 3453 1703">
     <span class='ocr_line' id='line_1_27' title="bbox 1932 1626 3453 1703; baseline -0.005 -16"><span class='ocrx_word' id='word_1_183' title='bbox 1932 1632 2337 1702; x_wconf 88' lang='lat' dir='ltr'><strong>sempiternum</strong></span> <span class='ocrx_word' id='word_1_184' title='bbox 2368 1639 2425 1688; x_wconf 92' lang='lat' dir='ltr'><strong>et</strong></span> <span class='ocrx_word' id='word_1_185' title='bbox 2454 1647 2641 1703; x_wconf 89' lang='lat' dir='ltr'><strong>regem</strong></span> <span class='ocrx_word' id='word_1_186' title='bbox 2676 1630 3070 1686; x_wconf 84' lang='lat' dir='ltr'><strong>universorum</strong></span> <span class='ocrx_word' id='word_1_187' title='bbox 3091 1626 3453 1699; x_wconf 62' lang='lat' dir='ltr'><strong>praedicatis?</strong></span> 
     </span>
    </p>
   </div>
   <div class='ocr_carea' id='block_1_28' title="bbox 207 1698 3529 1799">
    <p class='ocr_par' dir='ltr' id='par_1_28' title="bbox 207 1698 3529 1799">
     <span class='ocr_line' id='line_1_28' title="bbox 207 1698 3529 1799; baseline -0.008 -1"><span class='ocrx_word' id='word_1_188' title='bbox 207 1698 368 1799; x_wconf 44' lang='lat' dir='ltr'><strong>eum.</strong></span> <span class='ocrx_word' id='word_1_189' title='bbox 416 1707 765 1780; x_wconf 64' lang='grc' dir='ltr'><strong>ἀρξάμενθννο</strong></span> <span class='ocrx_word' id='word_1_190' title='bbox 789 1714 888 1768; x_wconf 56' lang='grc' dir='ltr'><strong>καὶ</strong></span> <span class='ocrx_word' id='word_1_191' title='bbox 928 1715 989 1769; x_wconf 69' lang='grc' dir='ltr'><strong>οὐ</strong></span> <span class='ocrx_word' id='word_1_192' title='bbox 1038 1718 1145 1789; x_wconf 61' lang='grc' dir='ltr'><strong>πρὸ</strong></span> <span class='ocrx_word' id='word_1_193' title='bbox 1180 1719 1377 1773; x_wconf 67' lang='grc' dir='ltr'>πολλοῦ</span> <span class='ocrx_word' id='word_1_194' title='bbox 1410 1721 1513 1792; x_wconf 81' lang='grc' dir='ltr'><strong>τῆς</strong></span> <span class='ocrx_word' id='word_1_195' title='bbox 1543 1698 1824 1795; x_wconf 64' lang='grc' dir='ltr'>ἡμετέρας</span> <span class='ocrx_word' id='word_1_196' title='bbox 1861 1698 2080 1795; x_wconf 62' lang='grc' dir='ltr'>γενεᾶς,</span> <span class='ocrx_word' id='word_1_197' title='bbox 2111 1725 2245 1781; x_wconf 83' lang='grc' dir='ltr'>Θεδν</span> <span class='ocrx_word' id='word_1_198' title='bbox 2276 1698 2605 1799; x_wconf 66' lang='grc' dir='ltr'>προαιώνιον</span> <span class='ocrx_word' id='word_1_199' title='bbox 2636 1723 2732 1779; x_wconf 76' lang='grc' dir='ltr'><strong>καὶ</strong></span> <span class='ocrx_word' id='word_1_200' title='bbox 2755 1722 2984 1795; x_wconf 83' lang='grc' dir='ltr'>βασιλέα</span> <span class='ocrx_word' id='word_1_201' title='bbox 3009 1698 3120 1775; x_wconf 85' lang='grc' dir='ltr'><strong>τῶν</strong></span> <span class='ocrx_word' id='word_1_202' title='bbox 3168 1718 3329 1774; x_wconf 53' lang='grc' dir='ltr'>ιόλων</span> <span class='ocrx_word' id='word_1_203' title='bbox 3400 1717 3529 1773; x_wconf 67' lang='grc' dir='ltr'>ἀναα</span> 
     </span>
    </p>
   </div>
   <div class='ocr_carea' id='block_1_29' title="bbox 154 1793 569 1865">
    <p class='ocr_par' dir='ltr' id='par_1_29' title="bbox 154 1793 569 1865">
     <span class='ocr_line' id='line_1_29' title="bbox 154 1793 569 1865; baseline 0.017 -20"><span class='ocrx_word' id='word_1_204' title='bbox 154 1800 165 1807; x_wconf 87' lang='grc'><strong><em>“</em></strong></span> <span class='ocrx_word' id='word_1_205' title='bbox 207 1809 287 1864; x_wconf 89' lang='grc' dir='ltr'><strong>κη</strong></span> <span class='ocrx_word' id='word_1_206' title='bbox 296 1793 569 1865; x_wconf 85' lang='grc' dir='ltr'>ρύττετε;</span> 
     </span>
    </p>
   </div>
   <div class='ocr_carea' id='block_1_30' title="bbox 283 1891 1830 1982">
    <p class='ocr_par' dir='ltr' id='par_1_30' title="bbox 283 1891 1830 1982">
     <span class='ocr_line' id='line_1_30' title="bbox 283 1891 1830 1982; baseline 0.014 -37"><span class='ocrx_word' id='word_1_207' title='bbox 283 1891 411 1960; x_wconf 84' lang='grc' dir='ltr'><strong>λγ’.</strong></span> <span class='ocrx_word' id='word_1_208' title='bbox 453 1896 565 1949; x_wconf 82' lang='grc' dir='ltr'>Καὶ</span> <span class='ocrx_word' id='word_1_209' title='bbox 596 1898 625 1950; x_wconf 88' lang='grc' dir='ltr'><strong>ό</strong></span> <span class='ocrx_word' id='word_1_210' title='bbox 656 1899 947 1971; x_wconf 78' lang='grc' dir='ltr'>Μακάριος</span> <span class='ocrx_word' id='word_1_211' title='bbox 969 1918 984 1934; x_wconf 78' lang='grc' dir='ltr'><strong><em>ο</em></strong></span> <span class='ocrx_word' id='word_1_212' title='bbox 1021 1904 1457 1980; x_wconf 75' lang='grc' dir='ltr'>οὑκ¹ἠρκέσθης</span> <span class='ocrx_word' id='word_1_213' title='bbox 1485 1912 1606 1975; x_wconf 87' lang='grc' dir='ltr'>ταῖς</span> <span class='ocrx_word' id='word_1_214' title='bbox 1654 1912 1830 1982; x_wconf 83' lang='grc' dir='ltr'><strong>Εὐγε-</strong></span> 
     </span>
    </p>
   </div>
   <div class='ocr_carea' id='block_1_31' title="bbox 2013 1896 3523 1975">
    <p class='ocr_par' dir='ltr' id='par_1_31' title="bbox 2013 1896 3523 1975">
     <span class='ocr_line' id='line_1_31' title="bbox 2013 1896 3523 1975; baseline -0.009 -9"><span class='ocrx_word' id='word_1_215' title='bbox 2013 1910 2103 1966; x_wconf 78' lang='lat'><strong>53.</strong></span> <span class='ocrx_word' id='word_1_216' title='bbox 2141 1909 2220 1964; x_wconf 84' lang='lat' dir='ltr'><strong>Ad</strong></span> <span class='ocrx_word' id='word_1_217' title='bbox 2245 1909 2359 1965; x_wconf 66' lang='lat' dir='ltr'><strong>haec</strong></span> <span class='ocrx_word' id='word_1_218' title='bbox 2390 1906 2667 1964; x_wconf 78' lang='lat' dir='ltr'><strong>Macarius</strong></span> <span class='ocrx_word' id='word_1_219' title='bbox 2697 1920 2713 1961; x_wconf 89' lang='lat'><strong><em>:</em></strong></span> <span class='ocrx_word' id='word_1_220' title='bbox 2740 1903 2860 1959; x_wconf 87' lang='lat' dir='ltr'><strong>Non</strong></span> <span class='ocrx_word' id='word_1_221' title='bbox 2891 1918 3025 1975; x_wconf 87' lang='lat' dir='ltr'><strong>ergo</strong></span> <span class='ocrx_word' id='word_1_222' title='bbox 3050 1900 3394 1957; x_wconf 73' lang='lat' dir='ltr'><strong>suffecerunt</strong></span> <span class='ocrx_word' id='word_1_223' title='bbox 3423 1896 3523 1954; x_wconf 88' lang='lat' dir='ltr'><strong>tibi</strong></span> 
     </span>
    </p>
   </div>
   <div class='ocr_carea' id='block_1_32' title="bbox 210 1984 1825 2081">
    <p class='ocr_par' dir='ltr' id='par_1_32' title="bbox 210 1984 1825 2071">
     <span class='ocr_line' id='line_1_32' title="bbox 210 1984 1825 2071; baseline 0.014 -35"><span class='ocrx_word' id='word_1_224' title='bbox 210 1984 341 2038; x_wconf 88' lang='grc' dir='ltr'>νίου</span> <span class='ocrx_word' id='word_1_225' title='bbox 376 1992 577 2058; x_wconf 77' lang='grc' dir='ltr'>σοφαῖς</span> <span class='ocrx_word' id='word_1_226' title='bbox 626 1992 996 2059; x_wconf 83' lang='grc' dir='ltr'>ἀποδείξεσιν,</span> <span class='ocrx_word' id='word_1_227' title='bbox 1034 1991 1079 2050; x_wconf 80' lang='grc' dir='ltr'>ὧ</span> <span class='ocrx_word' id='word_1_228' title='bbox 1110 2000 1573 2071; x_wconf 87' lang='grc' dir='ltr'>παρανομώτατε,</span> <span class='ocrx_word' id='word_1_229' title='bbox 1628 2004 1712 2057; x_wconf 78' lang='grc' dir='ltr'>ὅτι</span> <span class='ocrx_word' id='word_1_230' title='bbox 1760 2005 1825 2059; x_wconf 82' lang='grc' dir='ltr'>τὰ</span> 
     </span>
    </p>
   </div>
   <div class='ocr_carea' id='block_1_33' title="bbox 1932 1984 3520 2081">
    <p class='ocr_par' dir='ltr' id='par_1_33' title="bbox 1938 1992 3520 2071">
     <span class='ocr_line' id='line_1_33' title="bbox 1938 1992 3520 2071; baseline -0.009 -12"><span class='ocrx_word' id='word_1_231' title='bbox 1938 2003 2221 2071; x_wconf 86' lang='lat' dir='ltr'><strong>sapientes</strong></span> <span class='ocrx_word' id='word_1_232' title='bbox 2260 2000 2494 2071; x_wconf 87' lang='lat' dir='ltr'><strong>Eugenii</strong></span> <span class='ocrx_word' id='word_1_233' title='bbox 2537 1997 3073 2060; x_wconf 87' lang='lat' dir='ltr'><strong>demonstrationes,</strong></span> <span class='ocrx_word' id='word_1_234' title='bbox 3100 1992 3520 2057; x_wconf 87' lang='lat' dir='ltr'><strong>scelestissime,</strong></span> 
     </span>
    </p>
   </div>
   <div class='ocr_carea' id='block_1_34' title="bbox 214 2078 1830 2167">
    <p class='ocr_par' dir='ltr' id='par_1_34' title="bbox 214 2078 1830 2167">
     <span class='ocr_line' id='line_1_34' title="bbox 214 2078 1830 2167; baseline 0.012 -36"><span class='ocrx_word' id='word_1_235' title='bbox 214 2078 370 2132; x_wconf 77' lang='grc' dir='ltr'>αὐτὰ</span> <span class='ocrx_word' id='word_1_236' title='bbox 423 2082 519 2134; x_wconf 77' lang='grc' dir='ltr'>καὶ</span> <span class='ocrx_word' id='word_1_237' title='bbox 566 2084 699 2155; x_wconf 76' lang='grc' dir='ltr'>περὶ</span> <span class='ocrx_word' id='word_1_238' title='bbox 746 2086 859 2155; x_wconf 73' lang='grc' dir='ltr'><strong>τῷν</strong></span> <span class='ocrx_word' id='word_1_239' title='bbox 894 2088 1076 2143; x_wconf 83' lang='grc' dir='ltr'>αὐτῶν</span> <span class='ocrx_word' id='word_1_240' title='bbox 1123 2091 1211 2144; x_wconf 76' lang='grc' dir='ltr'>ἀεὶ</span> <span class='ocrx_word' id='word_1_241' title='bbox 1253 2092 1500 2164; x_wconf 80' lang='grc' dir='ltr'>ὲρωτᾷς;</span> <span class='ocrx_word' id='word_1_242' title='bbox 1541 2094 1689 2167; x_wconf 81' lang='grc' dir='ltr'>Πλὴν</span> <span class='ocrx_word' id='word_1_243' title='bbox 1719 2095 1830 2166; x_wconf 77' lang='grc' dir='ltr'><strong>ἐγώ</strong></span> 
     </span>
    </p>
   </div>
   <div class='ocr_carea' id='block_1_35' title="bbox 215 2169 1830 2254">
    <p class='ocr_par' dir='ltr' id='par_1_35' title="bbox 215 2169 1830 2254">
     <span class='ocr_line' id='line_1_35' title="bbox 215 2169 1830 2254; baseline 0.012 -33"><span class='ocrx_word' id='word_1_244' title='bbox 215 2184 308 2221; x_wconf 91' lang='grc' dir='ltr'><strong>σοι</strong></span> <span class='ocrx_word' id='word_1_245' title='bbox 337 2169 419 2223; x_wconf 89' lang='grc' dir='ltr'><strong>τά</strong></span> <span class='ocrx_word' id='word_1_246' title='bbox 449 2173 593 2226; x_wconf 87' lang='grc' dir='ltr'><strong>αύτά</strong></span> <span class='ocrx_word' id='word_1_247' title='bbox 645 2174 742 2228; x_wconf 81' lang='grc' dir='ltr'>καὶ</span> <span class='ocrx_word' id='word_1_248' title='bbox 776 2176 908 2248; x_wconf 74' lang='grc' dir='ltr'>περὶ</span> <span class='ocrx_word' id='word_1_249' title='bbox 958 2180 1069 2233; x_wconf 84' lang='grc' dir='ltr'><strong>τῶν</strong></span> <span class='ocrx_word' id='word_1_250' title='bbox 1103 2180 1290 2234; x_wconf 84' lang='grc' dir='ltr'>αὐτῶν</span> <span class='ocrx_word' id='word_1_251' title='bbox 1338 2184 1664 2254; x_wconf 78' lang='grc' dir='ltr'>ὁμοτρόπως</span> <span class='ocrx_word' id='word_1_252' title='bbox 1692 2187 1830 2240; x_wconf 87' lang='grc' dir='ltr'>ἀπο-</span> 
     </span>
    </p>
   </div>
   <div class='ocr_carea' id='block_1_36' title="bbox 217 2260 1831 2344">
    <p class='ocr_par' dir='ltr' id='par_1_36' title="bbox 217 2260 1831 2344">
     <span class='ocr_line' id='line_1_36' title="bbox 217 2260 1831 2344; baseline 0.011 -32"><span class='ocrx_word' id='word_1_253' title='bbox 217 2260 595 2334; x_wconf 75' lang='grc' dir='ltr'>κριθήσομαι,</span> <span class='ocrx_word' id='word_1_254' title='bbox 631 2266 714 2319; x_wconf 81' lang='grc' dir='ltr'>ὅτι</span> <span class='ocrx_word' id='word_1_255' title='bbox 748 2268 986 2340; x_wconf 80' lang='grc' dir='ltr'>Χριστὸς</span> <span class='ocrx_word' id='word_1_256' title='bbox 1012 2269 1073 2324; x_wconf 82' lang='grc' dir='ltr'>ὃν</span> <span class='ocrx_word' id='word_1_257' title='bbox 1106 2272 1173 2325; x_wconf 82' lang='grc' dir='ltr'><strong>σὺ</strong></span> <span class='ocrx_word' id='word_1_258' title='bbox 1206 2271 1491 2344; x_wconf 76' lang='grc' dir='ltr'>χλευάζεις</span> <span class='ocrx_word' id='word_1_259' title='bbox 1520 2275 1616 2329; x_wconf 76' lang='grc' dir='ltr'><strong>καὶ</strong></span> <span class='ocrx_word' id='word_1_260' title='bbox 1650 2275 1831 2329; x_wconf 90' lang='grc' dir='ltr'>διασύ-</span> 
     </span>
    </p>
   </div>
   <div class='ocr_carea' id='block_1_37' title="bbox 219 2355 1829 2440">
    <p class='ocr_par' dir='ltr' id='par_1_37' title="bbox 219 2355 1829 2440">
     <span class='ocr_line' id='line_1_37' title="bbox 219 2355 1829 2440; baseline 0.013 -38"><span class='ocrx_word' id='word_1_261' title='bbox 219 2367 346 2421; x_wconf 86' lang='grc' dir='ltr'>ρεις</span> <span class='ocrx_word' id='word_1_262' title='bbox 411 2355 705 2424; x_wconf 74' lang='grc' dir='ltr'>ἐπιγελῶν,</span> <span class='ocrx_word' id='word_1_263' title='bbox 758 2356 940 2424; x_wconf 76' lang='grc' dir='ltr'>οὕτως</span> <span class='ocrx_word' id='word_1_264' title='bbox 984 2360 1444 2433; x_wconf 84' lang='grc' dir='ltr'>παρακελεύεται.</span> <span class='ocrx_word' id='word_1_265' title='bbox 1500 2364 1671 2421; x_wconf 68' lang='grc' dir='ltr'>Εἶπεν</span> <span class='ocrx_word' id='word_1_266' title='bbox 1719 2368 1829 2440; x_wconf 86' lang='grc' dir='ltr'><strong>γὰρ</strong></span> 
     </span>
    </p>
   </div>
   <div class='ocr_carea' id='block_1_38' title="bbox 220 2444 1829 2529">
    <p class='ocr_par' dir='ltr' id='par_1_38' title="bbox 220 2444 1829 2529">
     <span class='ocr_line' id='line_1_38' title="bbox 220 2444 1829 2529; baseline 0.013 -33"><span class='ocrx_word' id='word_1_267' title='bbox 220 2444 370 2515; x_wconf 78' lang='grc' dir='ltr'>πρὸς</span> <span class='ocrx_word' id='word_1_268' title='bbox 401 2446 534 2513; x_wconf 80' lang='grc' dir='ltr'>τοὺς</span> <span class='ocrx_word' id='word_1_269' title='bbox 568 2449 748 2522; x_wconf 76' lang='grc' dir='ltr'>ἰεροὺς</span> <span class='ocrx_word' id='word_1_270' title='bbox 766 2452 935 2509; x_wconf 77' lang='grc' dir='ltr'>αὐτοῦ</span> <span class='ocrx_word' id='word_1_271' title='bbox 968 2454 1219 2527; x_wconf 87' lang='grc' dir='ltr'>μαθητάς</span> <span class='ocrx_word' id='word_1_272' title='bbox 1243 2473 1258 2487; x_wconf 89' lang='grc'><strong>·</strong></span> <span class='ocrx_word' id='word_1_273' title='bbox 1303 2458 1707 2528; x_wconf 80' lang='grc' dir='ltr'>Πορευθέντες</span> <span class='ocrx_word' id='word_1_274' title='bbox 1747 2464 1829 2529; x_wconf 88' lang='grc' dir='ltr'><strong>εἰς</strong></span> 
     </span>
    </p>
   </div>
   <div class='ocr_carea' id='block_1_39' title="bbox 218 2534 1825 2618">
    <p class='ocr_par' dir='ltr' id='par_1_39' title="bbox 218 2534 1825 2618">
     <span class='ocr_line' id='line_1_39' title="bbox 218 2534 1825 2618; baseline 0.011 -30"><span class='ocrx_word' id='word_1_275' title='bbox 218 2534 321 2588; x_wconf 75' lang='grc' dir='ltr'>τὸν</span> <span class='ocrx_word' id='word_1_276' title='bbox 348 2536 568 2609; x_wconf 85' lang='grc' dir='ltr'>κόσμον</span> <span class='ocrx_word' id='word_1_277' title='bbox 605 2539 828 2595; x_wconf 74' lang='grc' dir='ltr'>ἅπαντα</span> <span class='ocrx_word' id='word_1_278' title='bbox 845 2583 861 2609; x_wconf 97' lang='grc'><strong>,</strong></span> <span class='ocrx_word' id='word_1_279' title='bbox 888 2544 1312 2612; x_wconf 81' lang='grc' dir='ltr'>μαθητεύσατε</span> <span class='ocrx_word' id='word_1_280' title='bbox 1340 2545 1539 2602; x_wconf 81' lang='grc' dir='ltr'>πάντα</span> <span class='ocrx_word' id='word_1_281' title='bbox 1565 2548 1638 2603; x_wconf 82' lang='grc' dir='ltr'>τὰ</span> <span class='ocrx_word' id='word_1_282' title='bbox 1656 2553 1825 2618; x_wconf 71' lang='grc' dir='ltr'>ἔθνη,</span> 
     </span>
    </p>
   </div>
   <div class='ocr_carea' id='block_1_40' title="bbox 216 2626 1824 2709">
    <p class='ocr_par' dir='ltr' id='par_1_40' title="bbox 216 2626 1824 2709">
     <span class='ocr_line' id='line_1_40' title="bbox 216 2626 1824 2709; baseline 0.011 -29"><span class='ocrx_word' id='word_1_283' title='bbox 216 2626 628 2696; x_wconf 76' lang='grc' dir='ltr'>βαπτίζοντες</span> <span class='ocrx_word' id='word_1_284' title='bbox 653 2631 877 2699; x_wconf 83' lang='grc' dir='ltr'>αὐτοὺς</span> <span class='ocrx_word' id='word_1_285' title='bbox 902 2636 990 2699; x_wconf 83' lang='grc' dir='ltr'><strong>εἰς</strong></span> <span class='ocrx_word' id='word_1_286' title='bbox 1006 2634 1075 2687; x_wconf 81' lang='grc' dir='ltr'>τὸ</span> <span class='ocrx_word' id='word_1_287' title='bbox 1098 2634 1289 2705; x_wconf 80' lang='grc' dir='ltr'>ὄνομα</span> <span class='ocrx_word' id='word_1_288' title='bbox 1316 2638 1423 2693; x_wconf 86' lang='grc' dir='ltr'><strong>τοῦ</strong></span> <span class='ocrx_word' id='word_1_289' title='bbox 1440 2641 1701 2709; x_wconf 85' lang='grc' dir='ltr'>Πατρός,</span> <span class='ocrx_word' id='word_1_290' title='bbox 1722 2642 1824 2696; x_wconf 77' lang='grc' dir='ltr'><strong>καί</strong></span> 
     </span>
    </p>
   </div>
   <div class='ocr_carea' id='block_1_41' title="bbox 223 2719 1829 2803">
    <p class='ocr_par' dir='ltr' id='par_1_41' title="bbox 223 2719 1829 2803">
     <span class='ocr_line' id='line_1_41' title="bbox 223 2719 1829 2803; baseline 0.012 -32"><span class='ocrx_word' id='word_1_291' title='bbox 223 2719 337 2774; x_wconf 82' lang='grc' dir='ltr'>τοῦ</span> <span class='ocrx_word' id='word_1_292' title='bbox 365 2721 533 2789; x_wconf 82' lang='grc' dir='ltr'>Υίοῦ,</span> <span class='ocrx_word' id='word_1_293' title='bbox 563 2722 666 2777; x_wconf 81' lang='grc' dir='ltr'><strong>καί</strong></span> <span class='ocrx_word' id='word_1_294' title='bbox 688 2723 795 2778; x_wconf 84' lang='grc' dir='ltr'>τοῦ</span> <span class='ocrx_word' id='word_1_295' title='bbox 826 2726 1003 2796; x_wconf 77' lang='grc' dir='ltr'>ἁγίου</span> <span class='ocrx_word' id='word_1_296' title='bbox 1031 2728 1402 2799; x_wconf 83' lang='grc' dir='ltr'>Πνεύματος,</span> <span class='ocrx_word' id='word_1_297' title='bbox 1429 2730 1829 2803; x_wconf 78' lang='grc' dir='ltr'>διδάσκοντες</span> 
     </span>
    </p>
   </div>
   <div class='ocr_carea' id='block_1_42' title="bbox 221 2814 1825 2899">
    <p class='ocr_par' dir='ltr' id='par_1_42' title="bbox 221 2814 1825 2899">
     <span class='ocr_line' id='line_1_42' title="bbox 221 2814 1825 2899; baseline 0.01 -32"><span class='ocrx_word' id='word_1_298' title='bbox 221 2814 460 2882; x_wconf 81' lang='grc' dir='ltr'>αὐτοὺς</span> <span class='ocrx_word' id='word_1_299' title='bbox 515 2817 720 2885; x_wconf 79' lang='grc' dir='ltr'>τηρεῖν</span> <span class='ocrx_word' id='word_1_300' title='bbox 779 2818 980 2875; x_wconf 81' lang='grc' dir='ltr'>πάντα</span> <span class='ocrx_word' id='word_1_301' title='bbox 1031 2818 1152 2875; x_wconf 87' lang='grc' dir='ltr'>ὅσα</span> <span class='ocrx_word' id='word_1_302' title='bbox 1208 2823 1607 2895; x_wconf 73' lang='grc' dir='ltr'>ἐνετειλάμην</span> <span class='ocrx_word' id='word_1_303' title='bbox 1659 2828 1825 2899; x_wconf 84' lang='grc' dir='ltr'>ὑμῖν,</span> 
     </span>
    </p>
   </div>
   <div class='ocr_carea' id='block_1_43' title="bbox 225 2905 1826 2992">
    <p class='ocr_par' dir='ltr' id='par_1_43' title="bbox 225 2905 1826 2992">
     <span class='ocr_line' id='line_1_43' title="bbox 225 2905 1826 2992; baseline 0.009 -33"><span class='ocrx_word' id='word_1_304' title='bbox 225 2905 463 2977; x_wconf 77' lang='grc' dir='ltr'>φεύγειν</span> <span class='ocrx_word' id='word_1_305' title='bbox 492 2923 553 2961; x_wconf 89' lang='grc' dir='ltr'><strong>τε</strong></span> <span class='ocrx_word' id='word_1_306' title='bbox 580 2908 690 2963; x_wconf 78' lang='grc' dir='ltr'><strong>ἀπὸ</strong></span> <span class='ocrx_word' id='word_1_307' title='bbox 717 2911 828 2965; x_wconf 85' lang='grc' dir='ltr'><strong>τῶν</strong></span> <span class='ocrx_word' id='word_1_308' title='bbox 862 2912 1109 2984; x_wconf 81' lang='grc' dir='ltr'>ματαίων</span> <span class='ocrx_word' id='word_1_309' title='bbox 1138 2913 1398 2983; x_wconf 82' lang='grc' dir='ltr'>εἰδώλων,</span> <span class='ocrx_word' id='word_1_310' title='bbox 1432 2919 1530 2972; x_wconf 78' lang='grc' dir='ltr'>καὶ</span> <span class='ocrx_word' id='word_1_311' title='bbox 1566 2919 1826 2992; x_wconf 76' lang='grc' dir='ltr'>ἐπιστρέ-</span> 
     </span>
    </p>
   </div>
   <div class='ocr_carea' id='block_1_44' title="bbox 225 3001 1827 3086">
    <p class='ocr_par' dir='ltr' id='par_1_44' title="bbox 225 3001 1827 3086">
     <span class='ocr_line' id='line_1_44' title="bbox 225 3001 1827 3086; baseline 0.011 -34"><span class='ocrx_word' id='word_1_312' title='bbox 225 3016 356 3068; x_wconf 87' lang='grc' dir='ltr'>φειν</span> <span class='ocrx_word' id='word_1_313' title='bbox 383 3001 483 3056; x_wconf 73' lang='grc' dir='ltr'><strong>ἐπὶ</strong></span> <span class='ocrx_word' id='word_1_314' title='bbox 511 3001 646 3057; x_wconf 81' lang='grc' dir='ltr'>Θεὸν</span> <span class='ocrx_word' id='word_1_315' title='bbox 675 3004 878 3071; x_wconf 81' lang='grc' dir='ltr'>ζῶντα,</span> <span class='ocrx_word' id='word_1_316' title='bbox 906 3007 967 3071; x_wconf 82' lang='grc' dir='ltr'>ὃς</span> <span class='ocrx_word' id='word_1_317' title='bbox 996 3006 1184 3062; x_wconf 74' lang='grc' dir='ltr'>ἔκτισε</span> <span class='ocrx_word' id='word_1_318' title='bbox 1216 3010 1310 3064; x_wconf 84' lang='grc' dir='ltr'><strong>τὸν</strong></span> <span class='ocrx_word' id='word_1_319' title='bbox 1339 3011 1572 3082; x_wconf 82' lang='grc' dir='ltr'>οὐρανὸν</span> <span class='ocrx_word' id='word_1_320' title='bbox 1607 3013 1704 3067; x_wconf 73' lang='grc' dir='ltr'><strong>καὶ</strong></span> <span class='ocrx_word' id='word_1_321' title='bbox 1725 3015 1827 3086; x_wconf 85' lang='grc' dir='ltr'>τὴν</span> 
     </span>
    </p>
   </div>
   <div class='ocr_carea' id='block_1_45' title="bbox 226 3092 1827 3178">
    <p class='ocr_par' dir='ltr' id='par_1_45' title="bbox 226 3092 1827 3178">
     <span class='ocr_line' id='line_1_45' title="bbox 226 3092 1827 3178; baseline 0.002 -23"><span class='ocrx_word' id='word_1_322' title='bbox 226 3092 356 3165; x_wconf 82' lang='grc' dir='ltr'>γῆν.</span> <span class='ocrx_word' id='word_1_323' title='bbox 385 3095 451 3150; x_wconf 81' lang='grc' dir='ltr'><strong>οι</strong></span> <span class='ocrx_word' id='word_1_324' title='bbox 483 3095 593 3169; x_wconf 78' lang='grc' dir='ltr'><strong>γὰρ</strong></span> <span class='ocrx_word' id='word_1_325' title='bbox 634 3095 748 3151; x_wconf 90' lang='grc' dir='ltr'>θεοί</span> <span class='ocrx_word' id='word_1_326' title='bbox 781 3116 896 3167; x_wconf 88' lang='grc' dir='ltr'>σου,</span> <span class='ocrx_word' id='word_1_327' title='bbox 931 3098 1026 3165; x_wconf 83' lang='grc' dir='ltr'><strong>οὓς</strong></span> <span class='ocrx_word' id='word_1_328' title='bbox 1054 3102 1219 3167; x_wconf 80' lang='grc' dir='ltr'>αὐτὸς</span> <span class='ocrx_word' id='word_1_329' title='bbox 1244 3108 1597 3174; x_wconf 82' lang='grc' dir='ltr'>προσκυνεῖς,</span> <span class='ocrx_word' id='word_1_330' title='bbox 1634 3106 1827 3178; x_wconf 75' lang='grc' dir='ltr'>δαιμόο</span> 
     </span>
    </p>
   </div>
   <div class='ocr_carea' id='block_1_46' title="bbox 226 3187 1828 3265">
    <p class='ocr_par' dir='ltr' id='par_1_46' title="bbox 226 3187 1828 3265">
     <span class='ocr_line' id='line_1_46' title="bbox 226 3187 1828 3265; baseline 0.007 -26"><span class='ocrx_word' id='word_1_331' title='bbox 226 3201 337 3239; x_wconf 88' lang='grc' dir='ltr'><strong>νων</strong></span> <span class='ocrx_word' id='word_1_332' title='bbox 365 3188 481 3241; x_wconf 73' lang='grc' dir='ltr'>εἰσὶ</span> <span class='ocrx_word' id='word_1_333' title='bbox 506 3187 825 3260; x_wconf 87' lang='grc' dir='ltr'>πλάσματα,</span> <span class='ocrx_word' id='word_1_334' title='bbox 868 3192 965 3246; x_wconf 76' lang='grc' dir='ltr'>καὶ</span> <span class='ocrx_word' id='word_1_335' title='bbox 1015 3191 1205 3263; x_wconf 86' lang='grc' dir='ltr'>μύθων</span> <span class='ocrx_word' id='word_1_336' title='bbox 1247 3194 1556 3265; x_wconf 82' lang='grc' dir='ltr'>εὑρέματα,</span> <span class='ocrx_word' id='word_1_337' title='bbox 1589 3194 1684 3250; x_wconf 75' lang='grc' dir='ltr'>καὶ</span> <span class='ocrx_word' id='word_1_338' title='bbox 1709 3196 1828 3251; x_wconf 85' lang='grc' dir='ltr'>δια-</span> 
     </span>
    </p>
   </div>
   <div class='ocr_carea' id='block_1_47' title="bbox 1930 2084 3522 2168">
    <p class='ocr_par' dir='ltr' id='par_1_47' title="bbox 1930 2084 3522 2168">
     <span class='ocr_line' id='line_1_47' title="bbox 1930 2084 3522 2168; baseline -0.007 -18"><span class='ocrx_word' id='word_1_339' title='bbox 1930 2096 2060 2168; x_wconf 88' lang='lat' dir='ltr'><strong>quia</strong></span> <span class='ocrx_word' id='word_1_340' title='bbox 2094 2095 2289 2151; x_wconf 88' lang='lat' dir='ltr'><strong>eadem</strong></span> <span class='ocrx_word' id='word_1_341' title='bbox 2321 2104 2376 2150; x_wconf 92' lang='lat' dir='ltr'><strong>et</strong></span> <span class='ocrx_word' id='word_1_342' title='bbox 2413 2092 2480 2148; x_wconf 86' lang='lat' dir='ltr'><strong>de</strong></span> <span class='ocrx_word' id='word_1_343' title='bbox 2508 2093 2708 2147; x_wconf 91' lang='lat' dir='ltr'><strong>iisdem</strong></span> <span class='ocrx_word' id='word_1_344' title='bbox 2735 2105 2953 2161; x_wconf 87' lang='lat' dir='ltr'><strong>semper</strong></span> <span class='ocrx_word' id='word_1_345' title='bbox 2976 2084 3522 2158; x_wconf 77' lang='lat' dir='ltr'><strong>interrogas?Equi-</strong></span> 
     </span>
    </p>
   </div>
   <div class='ocr_carea' id='block_1_48' title="bbox 1930 2177 3524 2249">
    <p class='ocr_par' dir='ltr' id='par_1_48' title="bbox 1930 2177 3524 2249">
     <span class='ocr_line' id='line_1_48' title="bbox 1930 2177 3524 2249; baseline -0.008 -6"><span class='ocrx_word' id='word_1_346' title='bbox 1930 2188 2052 2243; x_wconf 91' lang='lat' dir='ltr'><strong>dem</strong></span> <span class='ocrx_word' id='word_1_347' title='bbox 2096 2187 2194 2242; x_wconf 90' lang='lat' dir='ltr'><strong>tibi</strong></span> <span class='ocrx_word' id='word_1_348' title='bbox 2227 2185 2419 2241; x_wconf 89' lang='lat' dir='ltr'><strong>eadem</strong></span> <span class='ocrx_word' id='word_1_349' title='bbox 2452 2185 2520 2239; x_wconf 91' lang='lat' dir='ltr'><strong>de</strong></span> <span class='ocrx_word' id='word_1_350' title='bbox 2544 2184 2738 2239; x_wconf 88' lang='lat' dir='ltr'><strong>iisdem</strong></span> <span class='ocrx_word' id='word_1_351' title='bbox 2772 2196 2838 2237; x_wconf 90' lang='lat' dir='ltr'><strong>ac</strong></span> <span class='ocrx_word' id='word_1_352' title='bbox 2869 2180 3065 2237; x_wconf 89' lang='lat' dir='ltr'><strong>eodem</strong></span> <span class='ocrx_word' id='word_1_353' title='bbox 3093 2194 3202 2249; x_wconf 90' lang='lat' dir='ltr'><strong>quo</strong></span> <span class='ocrx_word' id='word_1_354' title='bbox 3235 2187 3292 2231; x_wconf 92' lang='lat' dir='ltr'><strong>tu</strong></span> <span class='ocrx_word' id='word_1_355' title='bbox 3326 2177 3524 2232; x_wconf 87' lang='lat' dir='ltr'><strong>ordine</strong></span> 
     </span>
    </p>
   </div>
   <div class='ocr_carea' id='block_1_49' title="bbox 1929 2270 3524 2347">
    <p class='ocr_par' dir='ltr' id='par_1_49' title="bbox 1929 2270 3524 2347">
     <span class='ocr_line' id='line_1_49' title="bbox 1929 2270 3524 2347; baseline -0.006 -13"><span class='ocrx_word' id='word_1_356' title='bbox 1929 2278 2306 2347; x_wconf 81' lang='lat' dir='ltr'><strong>respondebo,</strong></span> <span class='ocrx_word' id='word_1_357' title='bbox 2337 2277 2410 2331; x_wconf 89' lang='lat' dir='ltr'><strong>ita</strong></span> <span class='ocrx_word' id='word_1_358' title='bbox 2434 2276 2665 2347; x_wconf 86' lang='lat' dir='ltr'><strong>jubente</strong></span> <span class='ocrx_word' id='word_1_359' title='bbox 2693 2275 2944 2342; x_wconf 88' lang='lat' dir='ltr'><strong>Christo,</strong></span> <span class='ocrx_word' id='word_1_360' title='bbox 2971 2288 3137 2343; x_wconf 89' lang='lat' dir='ltr'><strong>quem</strong></span> <span class='ocrx_word' id='word_1_361' title='bbox 3167 2281 3224 2326; x_wconf 90' lang='lat' dir='ltr'><strong>tu</strong></span> <span class='ocrx_word' id='word_1_362' title='bbox 3258 2270 3524 2325; x_wconf 84' lang='lat' dir='ltr'><strong>deriden-</strong></span> 
     </span>
    </p>
   </div>
   <div class='ocr_carea' id='block_1_50' title="bbox 1928 2362 3521 2441">
    <p class='ocr_par' dir='ltr' id='par_1_50' title="bbox 1928 2362 3521 2441">
     <span class='ocr_line' id='line_1_50' title="bbox 1928 2362 3521 2441; baseline -0.006 -16"><span class='ocrx_word' id='word_1_363' title='bbox 1928 2370 2061 2441; x_wconf 85' lang='lat' dir='ltr'><strong>dum</strong></span> <span class='ocrx_word' id='word_1_364' title='bbox 2130 2370 2351 2441; x_wconf 62' lang='lat' dir='ltr'><strong>praebes</strong></span> <span class='ocrx_word' id='word_1_365' title='bbox 2409 2375 2466 2423; x_wconf 93' lang='lat' dir='ltr'><strong>et</strong></span> <span class='ocrx_word' id='word_1_366' title='bbox 2518 2366 2807 2422; x_wconf 88' lang='lat' dir='ltr'><strong>irridendo</strong></span> <span class='ocrx_word' id='word_1_367' title='bbox 2870 2365 3104 2421; x_wconf 85' lang='lat' dir='ltr'><strong>laceras.</strong></span> <span class='ocrx_word' id='word_1_368' title='bbox 3161 2362 3308 2417; x_wconf 77' lang='lat' dir='ltr'><strong>Dixit</strong></span> <span class='ocrx_word' id='word_1_369' title='bbox 3373 2362 3521 2416; x_wconf 89' lang='lat' dir='ltr'><strong>enim</strong></span> 
     </span>
    </p>
   </div>
   <div class='ocr_carea' id='block_1_51' title="bbox 1931 2438 3520 2531">
    <p class='ocr_par' dir='ltr' id='par_1_51' title="bbox 1931 2438 3520 2531">
     <span class='ocr_line' id='line_1_51' title="bbox 1931 2438 3520 2531; baseline -0.007 -13"><span class='ocrx_word' id='word_1_370' title='bbox 1931 2438 2147 2518; x_wconf 74' lang='lat' dir='ltr'><strong>sanctis</strong></span> <span class='ocrx_word' id='word_1_371' title='bbox 2167 2460 2462 2531; x_wconf 86' lang='lat' dir='ltr'><strong>discipulis</strong></span> <span class='ocrx_word' id='word_1_372' title='bbox 2489 2461 2606 2517; x_wconf 81' lang='lat' dir='ltr'><strong>suis</strong></span> <span class='ocrx_word' id='word_1_373' title='bbox 2634 2478 2647 2515; x_wconf 92' lang='lat'><strong>:</strong></span> <span class='ocrx_word' id='word_1_374' title='bbox 2682 2458 2883 2513; x_wconf 79' lang='lat' dir='ltr'><strong>Euntes</strong></span> <span class='ocrx_word' id='word_1_375' title='bbox 2921 2460 2974 2513; x_wconf 92' lang='lat' dir='ltr'><strong>iu</strong></span> <span class='ocrx_word' id='word_1_376' title='bbox 3001 2455 3267 2511; x_wconf 83' lang='lat' dir='ltr'><strong>mundum</strong></span> <span class='ocrx_word' id='word_1_377' title='bbox 3294 2454 3520 2510; x_wconf 81' lang='lat' dir='ltr'><strong>univer-</strong></span> 
     </span>
    </p>
   </div>
   <div class='ocr_carea' id='block_1_52' title="bbox 1930 2547 3525 2623">
    <p class='ocr_par' dir='ltr' id='par_1_52' title="bbox 1930 2547 3525 2623">
     <span class='ocr_line' id='line_1_52' title="bbox 1930 2547 3525 2623; baseline -0.005 -14"><span class='ocrx_word' id='word_1_378' title='bbox 1930 2569 2079 2617; x_wconf 88' lang='lat' dir='ltr'><strong>sum,</strong></span> <span class='ocrx_word' id='word_1_379' title='bbox 2100 2553 2284 2607; x_wconf 77' lang='lat' dir='ltr'><strong>docete</strong></span> <span class='ocrx_word' id='word_1_380' title='bbox 2320 2570 2500 2607; x_wconf 77' lang='lat' dir='ltr'><strong>omnes</strong></span> <span class='ocrx_word' id='word_1_381' title='bbox 2526 2562 2728 2623; x_wconf 83' lang='lat' dir='ltr'><strong>gentes,</strong></span> <span class='ocrx_word' id='word_1_382' title='bbox 2749 2551 3083 2620; x_wconf 75' lang='lat' dir='ltr'><strong>baptizantes</strong></span> <span class='ocrx_word' id='word_1_383' title='bbox 3104 2566 3192 2603; x_wconf 82' lang='lat' dir='ltr'><strong>eos</strong></span> <span class='ocrx_word' id='word_1_384' title='bbox 3224 2549 3277 2601; x_wconf 84' lang='lat' dir='ltr'><strong>in</strong></span> <span class='ocrx_word' id='word_1_385' title='bbox 3312 2547 3525 2601; x_wconf 79' lang='lat' dir='ltr'><strong>nomine</strong></span> 
     </span>
    </p>
   </div>
   <div class='ocr_carea' id='block_1_53' title="bbox 1929 2638 3522 2711">
    <p class='ocr_par' dir='ltr' id='par_1_53' title="bbox 1929 2638 3522 2711">
     <span class='ocr_line' id='line_1_53' title="bbox 1929 2638 3522 2711; baseline -0.002 -16"><span class='ocrx_word' id='word_1_386' title='bbox 1929 2640 2202 2708; x_wconf 80' lang='lat' dir='ltr'><strong>Patris,et</strong></span> <span class='ocrx_word' id='word_1_387' title='bbox 2232 2640 2382 2707; x_wconf 79' lang='lat' dir='ltr'><strong>Filii,</strong></span> <span class='ocrx_word' id='word_1_388' title='bbox 2406 2652 2455 2697; x_wconf 88' lang='lat' dir='ltr'><strong>et</strong></span> <span class='ocrx_word' id='word_1_389' title='bbox 2477 2640 2712 2711; x_wconf 78' lang='lat' dir='ltr'><strong>Spiritus</strong></span> <span class='ocrx_word' id='word_1_390' title='bbox 2740 2642 2934 2702; x_wconf 78' lang='lat' dir='ltr'><strong>sancti.</strong></span> <span class='ocrx_word' id='word_1_391' title='bbox 2960 2641 3205 2696; x_wconf 79' lang='lat' dir='ltr'><strong>docentes</strong></span> <span class='ocrx_word' id='word_1_392' title='bbox 3226 2655 3314 2694; x_wconf 75' lang='lat' dir='ltr'><strong>eos</strong></span> <span class='ocrx_word' id='word_1_393' title='bbox 3344 2638 3522 2694; x_wconf 86' lang='lat' dir='ltr'><strong>omnia</strong></span> 
     </span>
    </p>
   </div>
   <div class='ocr_carea' id='block_1_54' title="bbox 1928 2730 3521 2804">
    <p class='ocr_par' dir='ltr' id='par_1_54' title="bbox 1928 2730 3521 2804">
     <span class='ocr_line' id='line_1_54' title="bbox 1928 2730 3521 2804; baseline -0.004 -17"><span class='ocrx_word' id='word_1_394' title='bbox 1928 2748 2252 2804; x_wconf 65' lang='lat' dir='ltr'><strong>quacunque</strong></span> <span class='ocrx_word' id='word_1_395' title='bbox 2288 2732 2549 2787; x_wconf 68' lang='lat' dir='ltr'><strong>&#39;mandavi</strong></span> <span class='ocrx_word' id='word_1_396' title='bbox 2604 2732 2750 2788; x_wconf 76' lang='lat' dir='ltr'><strong>vobis</strong></span> <span class='ocrx_word' id='word_1_397' title='bbox 2783 2735 2826 2800; x_wconf 83' lang='lat'><strong>’,</strong></span> <span class='ocrx_word' id='word_1_398' title='bbox 2861 2742 2915 2789; x_wconf 85' lang='lat' dir='ltr'><strong>et</strong></span> <span class='ocrx_word' id='word_1_399' title='bbox 2947 2731 3142 2803; x_wconf 79' lang='lat' dir='ltr'><strong>fugere</strong></span> <span class='ocrx_word' id='word_1_400' title='bbox 3172 2748 3314 2785; x_wconf 89' lang='lat' dir='ltr'><strong>vana</strong></span> <span class='ocrx_word' id='word_1_401' title='bbox 3349 2730 3521 2786; x_wconf 88' lang='lat' dir='ltr'><strong>simu-</strong></span> 
     </span>
    </p>
   </div>
   <div class='ocr_carea' id='block_1_55' title="bbox 1929 2819 3519 2892">
    <p class='ocr_par' dir='ltr' id='par_1_55' title="bbox 1929 2819 3519 2892">
     <span class='ocr_line' id='line_1_55' title="bbox 1929 2819 3519 2892; baseline -0.005 -13"><span class='ocrx_word' id='word_1_402' title='bbox 1929 2823 2105 2890; x_wconf 90' lang='lat' dir='ltr'><strong>lacra,</strong></span> <span class='ocrx_word' id='word_1_403' title='bbox 2130 2834 2185 2878; x_wconf 90' lang='lat' dir='ltr'><strong>et</strong></span> <span class='ocrx_word' id='word_1_404' title='bbox 2213 2826 2466 2880; x_wconf 87' lang='lat' dir='ltr'><strong>converti</strong></span> <span class='ocrx_word' id='word_1_405' title='bbox 2501 2824 2571 2877; x_wconf 88' lang='lat' dir='ltr'><strong>ad</strong></span> <span class='ocrx_word' id='word_1_406' title='bbox 2595 2821 2767 2878; x_wconf 89' lang='lat' dir='ltr'><strong>Deum</strong></span> <span class='ocrx_word' id='word_1_407' title='bbox 2794 2823 3006 2887; x_wconf 91' lang='lat' dir='ltr'><strong>vivum,</strong></span> <span class='ocrx_word' id='word_1_408' title='bbox 3035 2820 3131 2892; x_wconf 88' lang='lat' dir='ltr'><strong>qui</strong></span> <span class='ocrx_word' id='word_1_409' title='bbox 3159 2819 3288 2875; x_wconf 83' lang='lat' dir='ltr'><strong>fecit</strong></span> <span class='ocrx_word' id='word_1_410' title='bbox 3318 2821 3519 2875; x_wconf 71' lang='lat' dir='ltr'><strong>coelum</strong></span> 
     </span>
    </p>
   </div>
   <div class='ocr_carea' id='block_1_56' title="bbox 1927 2911 3525 2984">
    <p class='ocr_par' dir='ltr' id='par_1_56' title="bbox 1927 2911 3525 2984">
     <span class='ocr_line' id='line_1_56' title="bbox 1927 2911 3525 2984; baseline -0.006 -12"><span class='ocrx_word' id='word_1_411' title='bbox 1927 2924 1983 2972; x_wconf 91' lang='lat' dir='ltr'><strong>et</strong></span> <span class='ocrx_word' id='word_1_412' title='bbox 2015 2926 2249 2972; x_wconf 90' lang='lat' dir='ltr'><strong>terram.</strong></span> <span class='ocrx_word' id='word_1_413' title='bbox 2290 2914 2371 2970; x_wconf 91' lang='lat' dir='ltr'><strong>Dii</strong></span> <span class='ocrx_word' id='word_1_414' title='bbox 2408 2914 2556 2970; x_wconf 88' lang='lat' dir='ltr'><strong>enim</strong></span> <span class='ocrx_word' id='word_1_415' title='bbox 2585 2914 2691 2978; x_wconf 91' lang='lat' dir='ltr'><strong>tui,</strong></span> <span class='ocrx_word' id='word_1_416' title='bbox 2726 2928 2869 2984; x_wconf 89' lang='lat' dir='ltr'><strong>quos</strong></span> <span class='ocrx_word' id='word_1_417' title='bbox 2905 2914 3025 2984; x_wconf 86' lang='lat' dir='ltr'><strong>ipse</strong></span> <span class='ocrx_word' id='word_1_418' title='bbox 3057 2912 3282 2975; x_wconf 89' lang='lat' dir='ltr'><strong>adoras,</strong></span> <span class='ocrx_word' id='word_1_419' title='bbox 3311 2911 3525 2965; x_wconf 78' lang='lat' dir='ltr'><strong>daemo-</strong></span> 
     </span>
    </p>
   </div>
   <div class='ocr_carea' id='block_1_57' title="bbox 1929 3001 3523 3079">
    <p class='ocr_par' dir='ltr' id='par_1_57' title="bbox 1929 3001 3523 3079">
     <span class='ocr_line' id='line_1_57' title="bbox 1929 3001 3523 3079; baseline -0.005 -16"><span class='ocrx_word' id='word_1_420' title='bbox 1929 3024 2061 3064; x_wconf 93' lang='lat' dir='ltr'><strong>num</strong></span> <span class='ocrx_word' id='word_1_421' title='bbox 2094 3015 2227 3065; x_wconf 91' lang='lat' dir='ltr'><strong>sunt</strong></span> <span class='ocrx_word' id='word_1_422' title='bbox 2249 3007 2528 3079; x_wconf 80' lang='lat' dir='ltr'><strong>ﬁgmenta,</strong></span> <span class='ocrx_word' id='word_1_423' title='bbox 2562 3014 2617 3062; x_wconf 86' lang='lat' dir='ltr'><strong>et</strong></span> <span class='ocrx_word' id='word_1_424' title='bbox 2643 3007 2866 3062; x_wconf 84' lang='lat' dir='ltr'><strong>inventa</strong></span> <span class='ocrx_word' id='word_1_425' title='bbox 2895 3004 3303 3068; x_wconf 78' lang='lat' dir='ltr'><strong>fabularum,et</strong></span> <span class='ocrx_word' id='word_1_426' title='bbox 3325 3001 3523 3057; x_wconf 88' lang='lat' dir='ltr'><strong>diabo-</strong></span> 
     </span>
    </p>
   </div>
   <div class='ocr_carea' id='block_1_58' title="bbox 1929 3090 3521 3172">
    <p class='ocr_par' dir='ltr' id='par_1_58' title="bbox 1929 3090 3521 3172">
     <span class='ocr_line' id='line_1_58' title="bbox 1929 3090 3521 3172; baseline -0.008 -16"><span class='ocrx_word' id='word_1_427' title='bbox 1929 3100 2049 3156; x_wconf 65' lang='lat' dir='ltr'><strong>licae</strong></span> <span class='ocrx_word' id='word_1_428' title='bbox 2081 3090 2428 3172; x_wconf 87' lang='lat' dir='ltr'><strong>operationis</strong></span> <span class='ocrx_word' id='word_1_429' title='bbox 2461 3098 2633 3155; x_wconf 81' lang='lat' dir='ltr'><strong>fetus.</strong></span> <span class='ocrx_word' id='word_1_430' title='bbox 2670 3099 2745 3152; x_wconf 89' lang='lat' dir='ltr'><strong>De</strong></span> <span class='ocrx_word' id='word_1_431' title='bbox 2772 3096 2863 3151; x_wconf 93' lang='lat' dir='ltr'><strong>his</strong></span> <span class='ocrx_word' id='word_1_432' title='bbox 2885 3095 3032 3152; x_wconf 86' lang='lat' dir='ltr'><strong>enim</strong></span> <span class='ocrx_word' id='word_1_433' title='bbox 3064 3092 3202 3148; x_wconf 89' lang='lat' dir='ltr'><strong>dicit</strong></span> <span class='ocrx_word' id='word_1_434' title='bbox 3232 3091 3521 3161; x_wconf 76' lang='lat' dir='ltr'><strong>Scriptura</strong></span> 
     </span>
    </p>
   </div>
   <div class='ocr_carea' id='block_1_59' title="bbox 1929 3178 3522 3262">
    <p class='ocr_par' dir='ltr' id='par_1_59' title="bbox 1929 3178 3522 3262">
     <span class='ocr_line' id='line_1_59' title="bbox 1929 3178 3522 3262; baseline -0.007 -15"><span class='ocrx_word' id='word_1_435' title='bbox 1929 3178 2124 3249; x_wconf 64' lang='lat' dir='ltr'><strong>hostia</strong></span> <span class='ocrx_word' id='word_1_436' title='bbox 2150 3210 2167 3245; x_wconf 85' lang='lat'><strong>:</strong></span> <span class='ocrx_word' id='word_1_437' title='bbox 2198 3190 2310 3257; x_wconf 86' lang='lat' dir='ltr'><strong>Dii,</strong></span> <span class='ocrx_word' id='word_1_438' title='bbox 2336 3191 2428 3262; x_wconf 84' lang='lat' dir='ltr'><strong>qui</strong></span> <span class='ocrx_word' id='word_1_439' title='bbox 2450 3189 2638 3244; x_wconf 65' lang='lat' dir='ltr'><strong>calum</strong></span> <span class='ocrx_word' id='word_1_440' title='bbox 2662 3199 2713 3245; x_wconf 84' lang='lat' dir='ltr'><strong>et</strong></span> <span class='ocrx_word' id='word_1_441' title='bbox 2743 3198 2943 3243; x_wconf 85' lang='lat' dir='ltr'><strong>terram</strong></span> <span class='ocrx_word' id='word_1_442' title='bbox 2974 3200 3081 3241; x_wconf 83' lang='lat' dir='ltr'><strong>non</strong></span> <span class='ocrx_word' id='word_1_443' title='bbox 3107 3185 3370 3255; x_wconf 77' lang='lat' dir='ltr'><strong>fecerunt,</strong></span> <span class='ocrx_word' id='word_1_444' title='bbox 3399 3197 3522 3251; x_wconf 80' lang='lat' dir='ltr'><strong>per-</strong></span> 
     </span>
    </p>
   </div>
   <div class='ocr_carea' id='block_1_60' title="bbox 228 3275 1825 3360">
    <p class='ocr_par' dir='ltr' id='par_1_60' title="bbox 228 3275 1825 3360">
     <span class='ocr_line' id='line_1_60' title="bbox 228 3275 1825 3360; baseline 0.008 -30"><span class='ocrx_word' id='word_1_445' title='bbox 228 3275 461 3351; x_wconf 79' lang='grc' dir='ltr'>ϐολικῆς</span> <span class='ocrx_word' id='word_1_446' title='bbox 511 3282 799 3351; x_wconf 75' lang='grc' dir='ltr'>ἐνεργείας</span> <span class='ocrx_word' id='word_1_447' title='bbox 851 3285 1295 3356; x_wconf 83' lang='grc' dir='ltr'>κυοφορήματα·</span> <span class='ocrx_word' id='word_1_448' title='bbox 1343 3286 1490 3355; x_wconf 79' lang='grc' dir='ltr'>λέγει</span> <span class='ocrx_word' id='word_1_449' title='bbox 1549 3287 1661 3360; x_wconf 79' lang='grc' dir='ltr'>γὰρ</span> <span class='ocrx_word' id='word_1_450' title='bbox 1696 3290 1825 3360; x_wconf 76' lang='grc' dir='ltr'>περὶ</span> 
     </span>
    </p>
   </div>
   <div class='ocr_carea' id='block_1_61' title="bbox 1932 3275 3521 3360">
    <p class='ocr_par' dir='ltr' id='par_1_61' title="bbox 1932 3277 3521 3353">
     <span class='ocr_line' id='line_1_61' title="bbox 1932 3277 3521 3353; baseline -0.008 -13"><span class='ocrx_word' id='word_1_451' title='bbox 1932 3294 2050 3340; x_wconf 81' lang='lat' dir='ltr'><strong>eant</strong></span> <span class='ocrx_word' id='word_1_452' title='bbox 2080 3285 2123 3342; x_wconf 82' lang='grc'><strong>⁸.</strong></span> <span class='ocrx_word' id='word_1_453' title='bbox 2154 3283 2265 3340; x_wconf 89' lang='lat' dir='ltr'><strong>Sed</strong></span> <span class='ocrx_word' id='word_1_454' title='bbox 2319 3284 2426 3338; x_wconf 86' lang='lat' dir='ltr'><strong>alia</strong></span> <span class='ocrx_word' id='word_1_455' title='bbox 2471 3297 2695 3353; x_wconf 86' lang='lat' dir='ltr'><strong>quoque</strong></span> <span class='ocrx_word' id='word_1_456' title='bbox 2749 3282 2863 3347; x_wconf 82' lang='lat' dir='ltr'><strong>lex,</strong></span> <span class='ocrx_word' id='word_1_457' title='bbox 2899 3277 3210 3349; x_wconf 73' lang='lat' dir='ltr'><strong>i‘mperialis</strong></span> <span class='ocrx_word' id='word_1_458' title='bbox 3242 3290 3461 3346; x_wconf 87' lang='lat' dir='ltr'><strong>nempe,</strong></span> <span class='ocrx_word' id='word_1_459' title='bbox 3492 3291 3521 3327; x_wconf 91' lang='lat' dir='ltr'><strong>a</strong></span> 
     </span>
    </p>
   </div>
   <div class='ocr_carea' id='block_1_62' title="bbox 227 3369 1825 3450">
    <p class='ocr_par' dir='ltr' id='par_1_62' title="bbox 227 3369 1825 3450">
     <span class='ocr_line' id='line_1_62' title="bbox 227 3369 1825 3450; baseline 0.008 -28"><span class='ocrx_word' id='word_1_460' title='bbox 227 3369 416 3425; x_wconf 80' lang='grc' dir='ltr'>αὐτῶν</span> <span class='ocrx_word' id='word_1_461' title='bbox 445 3373 479 3443; x_wconf 73' lang='grc' dir='ltr'>ἡ</span> <span class='ocrx_word' id='word_1_462' title='bbox 505 3372 753 3445; x_wconf 83' lang='grc' dir='ltr'>ἡμετέρα</span> <span class='ocrx_word' id='word_1_463' title='bbox 782 3375 976 3447; x_wconf 83' lang='grc' dir='ltr'>Γραφή</span> <span class='ocrx_word' id='word_1_464' title='bbox 998 3392 1014 3408; x_wconf 73' lang='grc'><strong><em>⁸</em></strong></span> <span class='ocrx_word' id='word_1_465' title='bbox 1045 3376 1264 3450; x_wconf 33' lang='grc' dir='ltr'>Θεοὶιοῑ</span> <span class='ocrx_word' id='word_1_466' title='bbox 1296 3377 1405 3430; x_wconf 77' lang='grc' dir='ltr'>τὸν</span> <span class='ocrx_word' id='word_1_467' title='bbox 1431 3379 1697 3447; x_wconf 83' lang='grc' dir='ltr'>οὐρανὸν</span> <span class='ocrx_word' id='word_1_468' title='bbox 1727 3380 1825 3437; x_wconf 82' lang='grc' dir='ltr'><strong>καί</strong></span> 
     </span>
    </p>
   </div>
   <div class='ocr_carea' id='block_1_63' title="bbox 1932 3369 3524 3450">
    <p class='ocr_par' dir='ltr' id='par_1_63' title="bbox 1932 3369 3524 3448">
     <span class='ocr_line' id='line_1_63' title="bbox 1932 3369 3524 3448; baseline -0.006 -16"><span class='ocrx_word' id='word_1_469' title='bbox 1932 3376 2301 3432; x_wconf 87' lang='lat' dir='ltr'><strong>Constantino</strong></span> <span class='ocrx_word' id='word_1_470' title='bbox 2330 3376 2751 3448; x_wconf 87' lang='lat' dir='ltr'><strong>consanguineo</strong></span> <span class='ocrx_word' id='word_1_471' title='bbox 2797 3384 2893 3429; x_wconf 93' lang='lat' dir='ltr'><strong>tuo</strong></span> <span class='ocrx_word' id='word_1_472' title='bbox 2915 3372 3048 3439; x_wconf 84' lang='lat' dir='ltr'><strong>lata,</strong></span> <span class='ocrx_word' id='word_1_473' title='bbox 3076 3369 3406 3425; x_wconf 88' lang='lat' dir='ltr'><strong>adoratione</strong></span> <span class='ocrx_word' id='word_1_474' title='bbox 3425 3382 3524 3422; x_wconf 88' lang='lat' dir='ltr'><strong>eos</strong></span> 
     </span>
    </p>
   </div>
   <div class='ocr_carea' id='block_1_64' title="bbox 227 3458 1825 3537">
    <p class='ocr_par' dir='ltr' id='par_1_64' title="bbox 227 3461 1824 3537">
     <span class='ocr_line' id='line_1_64' title="bbox 227 3461 1824 3537; baseline 0.007 -22"><span class='ocrx_word' id='word_1_475' title='bbox 227 3461 348 3531; x_wconf 79' lang='grc' dir='ltr'><strong>τὴν</strong></span> <span class='ocrx_word' id='word_1_476' title='bbox 375 3462 498 3535; x_wconf 82' lang='grc' dir='ltr'>τῆν</span> <span class='ocrx_word' id='word_1_477' title='bbox 530 3467 644 3521; x_wconf 81' lang='grc' dir='ltr'>οὐκ</span> <span class='ocrx_word' id='word_1_478' title='bbox 677 3468 983 3537; x_wconf 82' lang='grc' dir='ltr'>ἐποίησαν</span> <span class='ocrx_word' id='word_1_479' title='bbox 1002 3468 1474 3525; x_wconf 75' lang='grc' dir='ltr'>ἀπολέσθωσαν.</span> <span class='ocrx_word' id='word_1_480' title='bbox 1530 3468 1694 3525; x_wconf 82' lang='grc' dir='ltr'>Ἀλλά</span> <span class='ocrx_word' id='word_1_481' title='bbox 1726 3470 1824 3526; x_wconf 74' lang='grc' dir='ltr'>καὶ</span> 
     </span>
    </p>
   </div>
   <div class='ocr_carea' id='block_1_65' title="bbox 1932 3458 3522 3537">
    <p class='ocr_par' dir='ltr' id='par_1_65' title="bbox 1932 3458 3522 3531">
     <span class='ocr_line' id='line_1_65' title="bbox 1932 3458 3522 3531; baseline -0.006 -9"><span class='ocrx_word' id='word_1_482' title='bbox 1932 3466 2202 3531; x_wconf 85' lang='lat' dir='ltr'><strong>excludit,</strong></span> <span class='ocrx_word' id='word_1_483' title='bbox 2238 3474 2294 3522; x_wconf 87' lang='lat' dir='ltr'><strong>et</strong></span> <span class='ocrx_word' id='word_1_484' title='bbox 2328 3466 2587 3523; x_wconf 87' lang='lat' dir='ltr'><strong>dissolvit</strong></span> <span class='ocrx_word' id='word_1_485' title='bbox 2619 3479 2816 3521; x_wconf 90' lang='lat' dir='ltr'><strong>eorum</strong></span> <span class='ocrx_word' id='word_1_486' title='bbox 2851 3464 3088 3518; x_wconf 91' lang='lat' dir='ltr'><strong>cultum.</strong></span> <span class='ocrx_word' id='word_1_487' title='bbox 3119 3458 3522 3516; x_wconf 87' lang='lat' dir='ltr'><strong>Constantinus</strong></span> 
     </span>
    </p>
   </div>
   <div class='ocr_carea' id='block_1_66' title="bbox 229 3548 1825 3632">
    <p class='ocr_par' dir='ltr' id='par_1_66' title="bbox 229 3555 1825 3632">
     <span class='ocr_line' id='line_1_66' title="bbox 229 3555 1825 3632; baseline 0.006 -24"><span class='ocrx_word' id='word_1_488' title='bbox 229 3555 398 3627; x_wconf 73' lang='grc' dir='ltr'>νόμος</span> <span class='ocrx_word' id='word_1_489' title='bbox 429 3556 631 3623; x_wconf 81' lang='grc' dir='ltr'>αὐτοὺς</span> <span class='ocrx_word' id='word_1_490' title='bbox 677 3559 865 3632; x_wconf 72' lang='grc' dir='ltr'>ἕτερος</span> <span class='ocrx_word' id='word_1_491' title='bbox 904 3560 1185 3632; x_wconf 82' lang='grc' dir='ltr'>βασιλικὸς</span> <span class='ocrx_word' id='word_1_492' title='bbox 1215 3563 1244 3615; x_wconf 85' lang='grc' dir='ltr'><strong>ὁ</strong></span> <span class='ocrx_word' id='word_1_493' title='bbox 1276 3561 1430 3632; x_wconf 87' lang='grc' dir='ltr'><strong>παρά</strong></span> <span class='ocrx_word' id='word_1_494' title='bbox 1476 3562 1825 3617; x_wconf 81' lang='grc' dir='ltr'>Κωνσταντί-</span> 
     </span>
    </p>
   </div>
   <div class='ocr_carea' id='block_1_67' title="bbox 1932 3548 3525 3632">
    <p class='ocr_par' dir='ltr' id='par_1_67' title="bbox 1932 3548 3525 3627">
     <span class='ocr_line' id='line_1_67' title="bbox 1932 3548 3525 3627; baseline -0.006 -12"><span class='ocrx_word' id='word_1_495' title='bbox 1932 3558 2104 3623; x_wconf 86' lang='lat' dir='ltr'><strong>enim,</strong></span> <span class='ocrx_word' id='word_1_496' title='bbox 2133 3555 2344 3615; x_wconf 86' lang='lat' dir='ltr'><strong>Christi</strong></span> <span class='ocrx_word' id='word_1_497' title='bbox 2380 3556 2488 3612; x_wconf 79' lang='lat' dir='ltr'><strong>[ide</strong></span> <span class='ocrx_word' id='word_1_498' title='bbox 2522 3564 2802 3627; x_wconf 86' lang='lat' dir='ltr'><strong>suscepta,</strong></span> <span class='ocrx_word' id='word_1_499' title='bbox 2840 3552 3122 3609; x_wconf 89' lang='lat' dir='ltr'><strong>idolorum</strong></span> <span class='ocrx_word' id='word_1_500' title='bbox 3175 3549 3383 3621; x_wconf 88' lang='lat' dir='ltr'><strong>templa</strong></span> <span class='ocrx_word' id='word_1_501' title='bbox 3423 3548 3525 3605; x_wconf 84' lang='lat' dir='ltr'><strong>de-</strong></span> 
     </span>
    </p>
   </div>
   <div class='ocr_carea' id='block_1_68' title="bbox 230 3645 1825 3725">
    <p class='ocr_par' dir='ltr' id='par_1_68' title="bbox 230 3646 1822 3725">
     <span class='ocr_line' id='line_1_68' title="bbox 230 3646 1822 3725; baseline 0.006 -27"><span class='ocrx_word' id='word_1_502' title='bbox 230 3646 442 3701; x_wconf 83' lang='grc' dir='ltr'>νουτοῦ</span> <span class='ocrx_word' id='word_1_503' title='bbox 466 3647 564 3701; x_wconf 82' lang='grc' dir='ltr'>σοῦ</span> <span class='ocrx_word' id='word_1_504' title='bbox 602 3650 907 3718; x_wconf 81' lang='grc' dir='ltr'>συγγενοῦς</span> <span class='ocrx_word' id='word_1_505' title='bbox 929 3650 1193 3716; x_wconf 75' lang='grc' dir='ltr'>ἐκτεθεὶς,</span> <span class='ocrx_word' id='word_1_506' title='bbox 1225 3651 1483 3707; x_wconf 72' lang='grc' dir='ltr'>ἐκϐάλλει</span> <span class='ocrx_word' id='word_1_507' title='bbox 1515 3652 1616 3725; x_wconf 85' lang='grc' dir='ltr'>τῆς</span> <span class='ocrx_word' id='word_1_508' title='bbox 1644 3671 1822 3725; x_wconf 83' lang='grc' dir='ltr'>προσ-</span> 
     </span>
    </p>
   </div>
   <div class='ocr_carea' id='block_1_69' title="bbox 1932 3645 3523 3725">
    <p class='ocr_par' dir='ltr' id='par_1_69' title="bbox 1933 3645 3523 3723">
     <span class='ocr_line' id='line_1_69' title="bbox 1933 3645 3523 3723; baseline -0.008 -14"><span class='ocrx_word' id='word_1_509' title='bbox 1933 3653 2164 3718; x_wconf 80' lang='lat' dir='ltr'><strong>struxit,</strong></span> <span class='ocrx_word' id='word_1_510' title='bbox 2201 3659 2258 3708; x_wconf 92' lang='lat' dir='ltr'><strong>et</strong></span> <span class='ocrx_word' id='word_1_511' title='bbox 2285 3667 2408 3723; x_wconf 77' lang='lat' dir='ltr'><strong>qua:</strong></span> <span class='ocrx_word' id='word_1_512' title='bbox 2442 3651 2527 3706; x_wconf 90' lang='lat' dir='ltr'><strong>eis</strong></span> <span class='ocrx_word' id='word_1_513' title='bbox 2565 3648 2947 3705; x_wconf 80' lang='lat' dir='ltr'><strong>oﬂ‘erebautur</strong></span> <span class='ocrx_word' id='word_1_514' title='bbox 2971 3645 3271 3701; x_wconf 77' lang='lat' dir='ltr'><strong>sacriﬁciis</strong></span> <span class='ocrx_word' id='word_1_515' title='bbox 3328 3650 3523 3713; x_wconf 86' lang='lat' dir='ltr'><strong>aperte</strong></span> 
     </span>
    </p>
   </div>
   <div class='ocr_carea' id='block_1_70' title="bbox 231 3735 1825 3817">
    <p class='ocr_par' dir='ltr' id='par_1_70' title="bbox 231 3741 1825 3817">
     <span class='ocr_line' id='line_1_70' title="bbox 231 3741 1825 3817; baseline 0.006 -25"><span class='ocrx_word' id='word_1_516' title='bbox 231 3741 539 3810; x_wconf 87' lang='grc' dir='ltr'>κυνήσεως,</span> <span class='ocrx_word' id='word_1_517' title='bbox 572 3741 669 3795; x_wconf 78' lang='grc' dir='ltr'>καὶ</span> <span class='ocrx_word' id='word_1_518' title='bbox 708 3741 973 3797; x_wconf 84' lang='grc' dir='ltr'>καταλύει</span> <span class='ocrx_word' id='word_1_519' title='bbox 1015 3742 1199 3798; x_wconf 74' lang='grc' dir='ltr'>αὐτῶν</span> <span class='ocrx_word' id='word_1_520' title='bbox 1252 3745 1323 3798; x_wconf 87' lang='grc' dir='ltr'><strong>τά</strong></span> <span class='ocrx_word' id='word_1_521' title='bbox 1374 3745 1699 3817; x_wconf 89' lang='grc' dir='ltr'>σεϐάσματα</span> <span class='ocrx_word' id='word_1_522' title='bbox 1723 3762 1737 3777; x_wconf 85' lang='grc'><em>’</em></span> <span class='ocrx_word' id='word_1_523' title='bbox 1762 3746 1825 3812; x_wconf 81' lang='grc' dir='ltr'>ὃς</span> 
     </span>
    </p>
   </div>
   <div class='ocr_carea' id='block_1_71' title="bbox 1932 3735 3520 3817">
    <p class='ocr_par' dir='ltr' id='par_1_71' title="bbox 1932 3735 3520 3813">
     <span class='ocr_line' id='line_1_71' title="bbox 1932 3735 3520 3813; baseline -0.007 -16"><span class='ocrx_word' id='word_1_524' title='bbox 1932 3743 2094 3799; x_wconf 84' lang='lat' dir='ltr'><strong>linem</strong></span> <span class='ocrx_word' id='word_1_525' title='bbox 2125 3743 2414 3813; x_wconf 81' lang='lat' dir='ltr'><strong>imposuit.</strong></span> <span class='ocrx_word' id='word_1_526' title='bbox 2438 3740 2583 3809; x_wconf 87' lang='lat' dir='ltr'><strong>Quid</strong></span> <span class='ocrx_word' id='word_1_527' title='bbox 2601 3755 2735 3811; x_wconf 88' lang='lat' dir='ltr'><strong>ergo</strong></span> <span class='ocrx_word' id='word_1_528' title='bbox 2762 3740 2896 3794; x_wconf 90' lang='lat' dir='ltr'><strong>mali</strong></span> <span class='ocrx_word' id='word_1_529' title='bbox 2926 3737 3162 3808; x_wconf 80' lang='lat' dir='ltr'><strong>agimus,</strong></span> <span class='ocrx_word' id='word_1_530' title='bbox 3190 3735 3520 3806; x_wconf 84' lang='lat' dir='ltr'><strong>imperator,</strong></span> 
     </span>
    </p>
   </div>
   <div class='ocr_carea' id='block_1_72' title="bbox 229 3827 1825 3909">
    <p class='ocr_par' dir='ltr' id='par_1_72' title="bbox 229 3829 1823 3909">
     <span class='ocr_line' id='line_1_72' title="bbox 229 3829 1823 3909; baseline 0.006 -27"><span class='ocrx_word' id='word_1_531' title='bbox 229 3829 312 3893; x_wconf 85' lang='grc' dir='ltr'><strong>εἰς</strong></span> <span class='ocrx_word' id='word_1_532' title='bbox 340 3829 583 3899; x_wconf 80' lang='grc' dir='ltr'>Χριστὸν</span> <span class='ocrx_word' id='word_1_533' title='bbox 610 3832 934 3900; x_wconf 79' lang='grc' dir='ltr'>πιστεύσας,</span> <span class='ocrx_word' id='word_1_534' title='bbox 964 3832 1034 3888; x_wconf 92' lang='grc' dir='ltr'><strong>τά</strong></span> <span class='ocrx_word' id='word_1_535' title='bbox 1058 3834 1169 3888; x_wconf 89' lang='grc' dir='ltr'>τῶν</span> <span class='ocrx_word' id='word_1_536' title='bbox 1191 3833 1428 3889; x_wconf 88' lang='grc' dir='ltr'>εἰδώλων</span> <span class='ocrx_word' id='word_1_537' title='bbox 1452 3836 1655 3909; x_wconf 88' lang='grc' dir='ltr'>τεμένη</span> <span class='ocrx_word' id='word_1_538' title='bbox 1686 3854 1823 3892; x_wconf 87' lang='grc' dir='ltr'>κατ-</span> 
     </span>
    </p>
   </div>
   <div class='ocr_carea' id='block_1_73' title="bbox 1932 3827 3524 3909">
    <p class='ocr_par' dir='ltr' id='par_1_73' title="bbox 1932 3827 3524 3904">
     <span class='ocr_line' id='line_1_73' title="bbox 1932 3827 3524 3904; baseline -0.006 -14"><span class='ocrx_word' id='word_1_539' title='bbox 1932 3834 2119 3904; x_wconf 64' lang='lat' dir='ltr'><strong>siquae</strong></span> <span class='ocrx_word' id='word_1_540' title='bbox 2152 3832 2298 3890; x_wconf 90' lang='lat' dir='ltr'><strong>Deus</strong></span> <span class='ocrx_word' id='word_1_541' title='bbox 2336 3834 2620 3889; x_wconf 88' lang='lat' dir='ltr'><strong>mandavit</strong></span> <span class='ocrx_word' id='word_1_542' title='bbox 2670 3843 2724 3888; x_wconf 89' lang='lat' dir='ltr'><strong>et</strong></span> <span class='ocrx_word' id='word_1_543' title='bbox 2758 3847 2993 3903; x_wconf 85' lang='lat' dir='ltr'><strong>magnus</strong></span> <span class='ocrx_word' id='word_1_544' title='bbox 3046 3831 3349 3901; x_wconf 88' lang='lat' dir='ltr'><strong>imperator</strong></span> <span class='ocrx_word' id='word_1_545' title='bbox 3402 3827 3524 3897; x_wconf 80' lang='lat' dir='ltr'><strong>lege</strong></span> 
     </span>
    </p>
   </div>
   <div class='ocr_carea' id='block_1_74' title="bbox 230 3919 1825 4004">
    <p class='ocr_par' dir='ltr' id='par_1_74' title="bbox 230 3919 1825 4004">
     <span class='ocr_line' id='line_1_74' title="bbox 230 3919 1825 4004; baseline 0.007 -31"><span class='ocrx_word' id='word_1_546' title='bbox 230 3919 487 3992; x_wconf 80' lang='grc' dir='ltr'>έστρεψε,</span> <span class='ocrx_word' id='word_1_547' title='bbox 535 3925 631 3977; x_wconf 77' lang='grc' dir='ltr'>καὶ</span> <span class='ocrx_word' id='word_1_548' title='bbox 666 3924 768 3989; x_wconf 90' lang='grc' dir='ltr'><strong>τάς</strong></span> <span class='ocrx_word' id='word_1_549' title='bbox 788 3926 1213 3998; x_wconf 88' lang='grc' dir='ltr'>προσαγομένας</span> <span class='ocrx_word' id='word_1_550' title='bbox 1238 3928 1424 3992; x_wconf 82' lang='grc' dir='ltr'>αὐτοῖς</span> <span class='ocrx_word' id='word_1_551' title='bbox 1456 3927 1651 3993; x_wconf 84' lang='grc' dir='ltr'>θυσίας</span> <span class='ocrx_word' id='word_1_552' title='bbox 1677 3930 1825 4004; x_wconf 80' lang='grc' dir='ltr'>διαρ-</span> 
     </span>
    </p>
   </div>
   <div class='ocr_carea' id='block_1_75' title="bbox 235 4011 1821 4090">
    <p class='ocr_par' dir='ltr' id='par_1_75' title="bbox 235 4011 1821 4090">
     <span class='ocr_line' id='line_1_75' title="bbox 235 4011 1821 4090; baseline 0.008 -25"><span class='ocrx_word' id='word_1_553' title='bbox 235 4011 404 4083; x_wconf 78' lang='grc' dir='ltr'>ῥὴδην</span> <span class='ocrx_word' id='word_1_554' title='bbox 434 4014 747 4073; x_wconf 83' lang='grc' dir='ltr'>ἀπέπαυσε.</span> <span class='ocrx_word' id='word_1_555' title='bbox 776 4017 843 4071; x_wconf 87' lang='grc' dir='ltr'>Τί</span> <span class='ocrx_word' id='word_1_556' title='bbox 871 4018 1051 4072; x_wconf 84' lang='grc' dir='ltr'>τοίνυν</span> <span class='ocrx_word' id='word_1_557' title='bbox 1080 4017 1396 4089; x_wconf 82' lang='grc' dir='ltr'>ἀδικοῦμεν,</span> <span class='ocrx_word' id='word_1_558' title='bbox 1432 4013 1479 4073; x_wconf 83' lang='grc' dir='ltr'>ὧ</span> <span class='ocrx_word' id='word_1_559' title='bbox 1512 4018 1756 4090; x_wconf 80' lang='grc' dir='ltr'>βασιλεῦ,</span> <span class='ocrx_word' id='word_1_560' title='bbox 1782 4021 1821 4078; x_wconf 76' lang='grc' dir='ltr'><strong>ἀ</strong></span> 
     </span>
    </p>
   </div>
   <div class='ocr_carea' id='block_1_76' title="bbox 232 4100 1821 4179">
    <p class='ocr_par' dir='ltr' id='par_1_76' title="bbox 232 4100 1821 4179">
     <span class='ocr_line' id='line_1_76' title="bbox 232 4100 1821 4179; baseline 0.006 -25"><span class='ocrx_word' id='word_1_561' title='bbox 232 4100 365 4166; x_wconf 83' lang='grc' dir='ltr'>Θεὸς</span> <span class='ocrx_word' id='word_1_562' title='bbox 400 4103 728 4174; x_wconf 70' lang='grc' dir='ltr'>προσέταξες</span> <span class='ocrx_word' id='word_1_563' title='bbox 775 4104 873 4160; x_wconf 78' lang='grc' dir='ltr'>καὶ</span> <span class='ocrx_word' id='word_1_564' title='bbox 903 4105 1159 4177; x_wconf 80' lang='grc' dir='ltr'>βασιλεὺς</span> <span class='ocrx_word' id='word_1_565' title='bbox 1198 4106 1374 4177; x_wconf 83' lang='grc' dir='ltr'>μέγας</span> <span class='ocrx_word' id='word_1_566' title='bbox 1402 4107 1821 4179; x_wconf 83' lang='grc' dir='ltr'>νενομοθέτηκε,</span> 
     </span>
    </p>
   </div>
   <div class='ocr_carea' id='block_1_77' title="bbox 233 4196 1825 4272">
    <p class='ocr_par' dir='ltr' id='par_1_77' title="bbox 233 4196 1825 4272">
     <span class='ocr_line' id='line_1_77' title="bbox 233 4196 1825 4272; baseline 0.005 -24"><span class='ocrx_word' id='word_1_567' title='bbox 233 4196 596 4266; x_wconf 88' lang='grc' dir='ltr'>κρατύνοντες</span> <span class='ocrx_word' id='word_1_568' title='bbox 645 4200 741 4255; x_wconf 75' lang='grc' dir='ltr'>καὶ</span> <span class='ocrx_word' id='word_1_569' title='bbox 787 4199 1285 4265; x_wconf 79' lang='grc' dir='ltr'>διαυθεντίζοντες,</span> <span class='ocrx_word' id='word_1_570' title='bbox 1335 4200 1373 4255; x_wconf 76' lang='grc' dir='ltr'><strong>ἀ</strong></span> <span class='ocrx_word' id='word_1_571' title='bbox 1414 4198 1470 4255; x_wconf 78' lang='grc' dir='ltr'>δὲ</span> <span class='ocrx_word' id='word_1_572' title='bbox 1510 4203 1543 4272; x_wconf 84' lang='grc' dir='ltr'>ή</span> <span class='ocrx_word' id='word_1_573' title='bbox 1577 4200 1687 4255; x_wconf 84' lang='grc' dir='ltr'><strong>τῶν</strong></span> <span class='ocrx_word' id='word_1_574' title='bbox 1716 4219 1825 4256; x_wconf 90' lang='grc' dir='ltr'>πα-</span> 
     </span>
    </p>
   </div>
   <div class='ocr_carea' id='block_1_78' title="bbox 1920 3918 3523 3997">
    <p class='ocr_par' dir='ltr' id='par_1_78' title="bbox 1920 3918 3523 3997">
     <span class='ocr_line' id='line_1_78' title="bbox 1920 3918 3523 3997; baseline -0.007 -13"><span class='ocrx_word' id='word_1_575' title='bbox 1920 3928 2163 3984; x_wconf 88' lang='lat' dir='ltr'><strong>sancivit</strong></span> <span class='ocrx_word' id='word_1_576' title='bbox 2193 3927 2515 3984; x_wconf 88' lang='lat' dir='ltr'><strong>stabilimus</strong></span> <span class='ocrx_word' id='word_1_577' title='bbox 2544 3934 2601 3983; x_wconf 87' lang='lat' dir='ltr'><strong>et</strong></span> <span class='ocrx_word' id='word_1_578' title='bbox 2629 3942 2660 3981; x_wconf 88' lang='lat' dir='ltr'><strong>a</strong></span> <span class='ocrx_word' id='word_1_579' title='bbox 2685 3926 3013 3997; x_wconf 91' lang='lat' dir='ltr'><strong>suspicione</strong></span> <span class='ocrx_word' id='word_1_580' title='bbox 3045 3920 3309 3979; x_wconf 82' lang='lat' dir='ltr'><strong>falsitatis</strong></span> <span class='ocrx_word' id='word_1_581' title='bbox 3336 3918 3523 3974; x_wconf 87' lang='lat' dir='ltr'><strong>vindi-</strong></span> 
     </span>
    </p>
   </div>
   <div class='ocr_carea' id='block_1_79' title="bbox 1929 4014 3520 4088">
    <p class='ocr_par' dir='ltr' id='par_1_79' title="bbox 1929 4014 3520 4088">
     <span class='ocr_line' id='line_1_79' title="bbox 1929 4014 3520 4088; baseline -0.007 -11"><span class='ocrx_word' id='word_1_582' title='bbox 1929 4036 2162 4088; x_wconf 89' lang='lat' dir='ltr'><strong>camus,</strong></span> <span class='ocrx_word' id='word_1_583' title='bbox 2201 4036 2323 4087; x_wconf 84' lang='lat' dir='ltr'><strong>quae</strong></span> <span class='ocrx_word' id='word_1_584' title='bbox 2374 4031 2559 4076; x_wconf 92' lang='lat' dir='ltr'><strong>autem</strong></span> <span class='ocrx_word' id='word_1_585' title='bbox 2600 4027 2876 4085; x_wconf 90' lang='lat' dir='ltr'><strong>veterum,</strong></span> <span class='ocrx_word' id='word_1_586' title='bbox 2926 4026 2987 4072; x_wconf 88' lang='lat' dir='ltr'><strong>ut</strong></span> <span class='ocrx_word' id='word_1_587' title='bbox 3018 4016 3236 4078; x_wconf 80' lang='lat' dir='ltr'><strong>dixisti,</strong></span> <span class='ocrx_word' id='word_1_588' title='bbox 3269 4014 3520 4069; x_wconf 90' lang='lat' dir='ltr'><strong>virorum</strong></span> 
     </span>
    </p>
   </div>
   <div class='ocr_carea' id='block_1_80' title="bbox 1933 4105 3523 4187">
    <p class='ocr_par' dir='ltr' id='par_1_80' title="bbox 1933 4105 3523 4187">
     <span class='ocr_line' id='line_1_80' title="bbox 1933 4105 3523 4187; baseline -0.006 -17"><span class='ocrx_word' id='word_1_589' title='bbox 1933 4114 2259 4187; x_wconf 85' lang='lat' dir='ltr'><strong>insipientia</strong></span> <span class='ocrx_word' id='word_1_590' title='bbox 2282 4129 2350 4170; x_wconf 84' lang='lat' dir='ltr'><strong>ex</strong></span> <span class='ocrx_word' id='word_1_591' title='bbox 2379 4112 2692 4168; x_wconf 59' lang='lat' dir='ltr'><strong>daemonum</strong></span> <span class='ocrx_word' id='word_1_592' title='bbox 2719 4110 3134 4167; x_wconf 85' lang='lat' dir='ltr'><strong>machinatione</strong></span> <span class='ocrx_word' id='word_1_593' title='bbox 3166 4106 3401 4174; x_wconf 89' lang='lat' dir='ltr'><strong>invenit,</strong></span> <span class='ocrx_word' id='word_1_594' title='bbox 3426 4105 3523 4160; x_wconf 78' lang='lat' dir='ltr'><strong>eli-</strong></span> 
     </span>
    </p>
   </div>
   <div class='ocr_carea' id='block_1_81' title="bbox 1933 4204 2742 4276">
    <p class='ocr_par' dir='ltr' id='par_1_81' title="bbox 1933 4204 2742 4276">
     <span class='ocr_line' id='line_1_81' title="bbox 1933 4204 2742 4276; baseline -0.005 -14"><span class='ocrx_word' id='word_1_595' title='bbox 1933 4207 2219 4263; x_wconf 88' lang='lat' dir='ltr'><strong>minamus</strong></span> <span class='ocrx_word' id='word_1_596' title='bbox 2250 4214 2304 4261; x_wconf 90' lang='lat' dir='ltr'><strong>et</strong></span> <span class='ocrx_word' id='word_1_597' title='bbox 2335 4204 2742 4276; x_wconf 81' lang='lat' dir='ltr'><strong>prohibemus?</strong></span> 
     </span>
    </p>
   </div>
   <div class='ocr_carea' id='block_1_82' title="bbox 233 4286 3522 4373">
    <p class='ocr_par' dir='ltr' id='par_1_82' title="bbox 233 4286 3522 4373">
     <span class='ocr_line' id='line_1_82' title="bbox 233 4286 3522 4373; baseline 0.001 -31"><span class='ocrx_word' id='word_1_598' title='bbox 233 4286 420 4356; x_wconf 84' lang='grc' dir='ltr'>λαιῶν,</span> <span class='ocrx_word' id='word_1_599' title='bbox 444 4290 523 4355; x_wconf 84' lang='grc' dir='ltr'><strong>ὡς</strong></span> <span class='ocrx_word' id='word_1_600' title='bbox 557 4291 717 4364; x_wconf 82' lang='grc' dir='ltr'>ἔφης,</span> <span class='ocrx_word' id='word_1_601' title='bbox 750 4292 962 4363; x_wconf 84' lang='grc' dir='ltr'>ἀνδρῶν</span> <span class='ocrx_word' id='word_1_602' title='bbox 991 4294 1149 4349; x_wconf 79' lang='grc' dir='ltr'>ἄνοια</span> <span class='ocrx_word' id='word_1_603' title='bbox 1181 4296 1246 4348; x_wconf 82' lang='grc' dir='ltr'>ὲκ</span> <span class='ocrx_word' id='word_1_604' title='bbox 1264 4294 1364 4366; x_wconf 85' lang='grc' dir='ltr'>τῆς</span> <span class='ocrx_word' id='word_1_605' title='bbox 1391 4293 1502 4347; x_wconf 82' lang='grc' dir='ltr'><strong>τῶν</strong></span> <span class='ocrx_word' id='word_1_606' title='bbox 1569 4293 1846 4366; x_wconf 88' lang='grc' dir='ltr'>δαιμόνων</span> <span class='ocrx_word' id='word_1_607' title='bbox 1919 4297 2122 4373; x_wconf 69' lang='grc' dir='ltr'>ἐφεῦρε</span> <span class='ocrx_word' id='word_1_608' title='bbox 2183 4297 2601 4371; x_wconf 80' lang='grc' dir='ltr'>μηχανουργίας</span> <span class='ocrx_word' id='word_1_609' title='bbox 2622 4338 2639 4365; x_wconf 95' lang='grc'><strong>,</strong></span> <span class='ocrx_word' id='word_1_610' title='bbox 2689 4295 3117 4367; x_wconf 76' lang='grc' dir='ltr'>ὲξαφανίζοντες</span> <span class='ocrx_word' id='word_1_611' title='bbox 3163 4294 3258 4348; x_wconf 76' lang='grc' dir='ltr'>καὶ</span> <span class='ocrx_word' id='word_1_612' title='bbox 3311 4291 3522 4346; x_wconf 89' lang='grc' dir='ltr'>διακω-</span> 
     </span>
    </p>
   </div>
   <div class='ocr_carea' id='block_1_83' title="bbox 230 4383 492 4452">
    <p class='ocr_par' dir='ltr' id='par_1_83' title="bbox 230 4383 492 4452">
     <span class='ocr_line' id='line_1_83' title="bbox 230 4383 492 4452; baseline 0.015 -14"><span class='ocrx_word' id='word_1_613' title='bbox 230 4383 450 4452; x_wconf 84' lang='grc' dir='ltr'>λύοντες</span> <span class='ocrx_word' id='word_1_614' title='bbox 474 4403 492 4452; x_wconf 87' lang='lat'><strong>;</strong></span> 
     </span>
    </p>
   </div>
   <div class='ocr_carea' id='block_1_84' title="bbox 303 4405 1826 4558">
    <p class='ocr_par' dir='ltr' id='par_1_84' title="bbox 303 4405 1826 4558">
     <span class='ocr_line' id='line_1_84' title="bbox 303 4405 492 4452; baseline 0 -11"><span class='ocrx_word' id='word_1_615' title='bbox 303 4405 417 4441; x_wconf 82' lang='grc' dir='ltr'>οντε</span> <span class='ocrx_word' id='word_1_616' title='bbox 474 4405 492 4452; x_wconf 88' lang='lat'><strong>;</strong></span> 
     </span>
     <span class='ocr_line' id='line_1_85' title="bbox 303 4405 1826 4558; baseline 0.003 -22"><span class='ocrx_word' id='word_1_617' title='bbox 303 4405 459 4556; x_wconf 54' lang='lat'><strong>[566‘]</strong></span> <span class='ocrx_word' id='word_1_618' title='bbox 496 4482 593 4539; x_wconf 84' lang='grc' dir='ltr'>λδ¹.</span> <span class='ocrx_word' id='word_1_619' title='bbox 635 4485 747 4539; x_wconf 73' lang='grc' dir='ltr'><strong>Καὶ</strong></span> <span class='ocrx_word' id='word_1_620' title='bbox 790 4485 819 4539; x_wconf 91' lang='grc' dir='ltr'><strong>ό</strong></span> <span class='ocrx_word' id='word_1_621' title='bbox 872 4484 1252 4558; x_wconf 75' lang='grc' dir='ltr'>Παραϐάτηςο</span> <span class='ocrx_word' id='word_1_622' title='bbox 1314 4485 1478 4541; x_wconf 84' lang='grc' dir='ltr'>Ἀλλά</span> <span class='ocrx_word' id='word_1_623' title='bbox 1533 4488 1826 4542; x_wconf 84' lang='grc' dir='ltr'>Κωνσταν-</span> 
     </span>
    </p>
   </div>
   <div class='ocr_carea' id='block_1_85' title="bbox 2001 4475 3520 4554">
    <p class='ocr_par' dir='ltr' id='par_1_85' title="bbox 2001 4475 3520 4554">
     <span class='ocr_line' id='line_1_86' title="bbox 2001 4475 3520 4554; baseline -0.005 -14"><span class='ocrx_word' id='word_1_624' title='bbox 2001 4484 2093 4540; x_wconf 75' lang='grc'><strong>54.</strong></span> <span class='ocrx_word' id='word_1_625' title='bbox 2129 4482 2441 4554; x_wconf 79' lang='lat' dir='ltr'><strong>Respondit</strong></span> <span class='ocrx_word' id='word_1_626' title='bbox 2477 4480 2747 4551; x_wconf 86' lang='lat' dir='ltr'><strong>Apostata</strong></span> <span class='ocrx_word' id='word_1_627' title='bbox 2783 4496 2801 4536; x_wconf 89' lang='lat'><strong>:</strong></span> <span class='ocrx_word' id='word_1_628' title='bbox 2843 4475 2951 4535; x_wconf 88' lang='lat' dir='ltr'><strong>Sed</strong></span> <span class='ocrx_word' id='word_1_629' title='bbox 2999 4475 3427 4547; x_wconf 88' lang='lat' dir='ltr'><strong>Constantinus,</strong></span> <span class='ocrx_word' id='word_1_630' title='bbox 3483 4495 3520 4535; x_wconf 79' lang='grc' dir='ltr'><strong>ο</strong></span> 
     </span>
    </p>
   </div>
   <div class='ocr_carea' id='block_1_86' title="bbox 232 4567 1825 4652">
    <p class='ocr_par' dir='ltr' id='par_1_86' title="bbox 232 4576 1823 4652">
     <span class='ocr_line' id='line_1_87' title="bbox 232 4576 1823 4652; baseline 0.004 -24"><span class='ocrx_word' id='word_1_631' title='bbox 232 4576 396 4643; x_wconf 84' lang='grc' dir='ltr'>τῖνος,</span> <span class='ocrx_word' id='word_1_632' title='bbox 420 4577 784 4648; x_wconf 86' lang='grc' dir='ltr'>οἰκτρότατοι,</span> <span class='ocrx_word' id='word_1_633' title='bbox 807 4577 1139 4650; x_wconf 86' lang='grc' dir='ltr'>νεωτερίσας</span> <span class='ocrx_word' id='word_1_634' title='bbox 1159 4579 1248 4634; x_wconf 90' lang='grc' dir='ltr'><strong>διά</strong></span> <span class='ocrx_word' id='word_1_635' title='bbox 1266 4580 1366 4643; x_wconf 86' lang='grc' dir='ltr'><strong>τάς</strong></span> <span class='ocrx_word' id='word_1_636' title='bbox 1399 4580 1823 4652; x_wconf 88' lang='grc' dir='ltr'>προσπεσούσας</span> 
     </span>
    </p>
   </div>
   <div class='ocr_carea' id='block_1_87' title="bbox 1932 4567 3519 4652">
    <p class='ocr_par' dir='ltr' id='par_1_87' title="bbox 1932 4567 3519 4642">
     <span class='ocr_line' id='line_1_88' title="bbox 1932 4567 3519 4642; baseline -0.003 -12"><span class='ocrx_word' id='word_1_637' title='bbox 1932 4575 2259 4641; x_wconf 89' lang='lat' dir='ltr'><strong>miserrimi,</strong></span> <span class='ocrx_word' id='word_1_638' title='bbox 2293 4590 2417 4630; x_wconf 91' lang='lat' dir='ltr'><strong>cum</strong></span> <span class='ocrx_word' id='word_1_639' title='bbox 2478 4574 2800 4628; x_wconf 85' lang='lat' dir='ltr'><strong>innovasset</strong></span> <span class='ocrx_word' id='word_1_640' title='bbox 2845 4567 3103 4642; x_wconf 69' lang='lat' dir='ltr'><strong>quaedam</strong></span> <span class='ocrx_word' id='word_1_641' title='bbox 3166 4578 3392 4639; x_wconf 90' lang='lat' dir='ltr'><strong>propter</strong></span> <span class='ocrx_word' id='word_1_642' title='bbox 3424 4586 3519 4627; x_wconf 76' lang='lat' dir='ltr'><strong>eas</strong></span> 
     </span>
    </p>
   </div>
   <div class='ocr_carea' id='block_1_88' title="bbox 236 4646 1825 4744">
    <p class='ocr_par' dir='ltr' id='par_1_88' title="bbox 236 4646 1821 4744">
     <span class='ocr_line' id='line_1_89' title="bbox 236 4646 1821 4744; baseline 0.006 -26"><span class='ocrx_word' id='word_1_643' title='bbox 236 4666 386 4739; x_wconf 83' lang='grc' dir='ltr'><strong>αὐτῷ</strong></span> <span class='ocrx_word' id='word_1_644' title='bbox 411 4646 820 4741; x_wconf 82' lang='grc' dir='ltr'>ἀνοσιουργίας,</span> <span class='ocrx_word' id='word_1_645' title='bbox 851 4646 1067 4741; x_wconf 82' lang='grc' dir='ltr'>ἀπέστη</span> <span class='ocrx_word' id='word_1_646' title='bbox 1096 4672 1206 4725; x_wconf 83' lang='grc' dir='ltr'>τῶν</span> <span class='ocrx_word' id='word_1_647' title='bbox 1231 4671 1392 4737; x_wconf 85' lang='grc' dir='ltr'>θεῶν,</span> <span class='ocrx_word' id='word_1_648' title='bbox 1417 4646 1509 4741; x_wconf 62' lang='grc' dir='ltr'>ύιρ’</span> <span class='ocrx_word' id='word_1_649' title='bbox 1535 4672 1692 4744; x_wconf 83' lang='grc' dir='ltr'>ὑμῶν</span> <span class='ocrx_word' id='word_1_650' title='bbox 1711 4672 1821 4727; x_wconf 84' lang='grc' dir='ltr'><strong>τῶν</strong></span> 
     </span>
    </p>
   </div>
   <div class='ocr_carea' id='block_1_89' title="bbox 1932 4646 3515 4744">
    <p class='ocr_par' dir='ltr' id='par_1_89' title="bbox 1932 4661 3515 4740">
     <span class='ocr_line' id='line_1_90' title="bbox 1932 4661 3515 4740; baseline -0.003 -16"><span class='ocrx_word' id='word_1_651' title='bbox 1932 4684 2069 4740; x_wconf 86' lang='lat' dir='ltr'><strong>quas</strong></span> <span class='ocrx_word' id='word_1_652' title='bbox 2098 4668 2304 4724; x_wconf 87' lang='lat' dir='ltr'><strong>didicit</strong></span> <span class='ocrx_word' id='word_1_653' title='bbox 2338 4668 2680 4739; x_wconf 87' lang='lat' dir='ltr'><strong>impietates,</strong></span> <span class='ocrx_word' id='word_1_654' title='bbox 2715 4681 2746 4720; x_wconf 91' lang='lat' dir='ltr'><strong>a</strong></span> <span class='ocrx_word' id='word_1_655' title='bbox 2780 4663 2892 4720; x_wconf 88' lang='lat' dir='ltr'><strong>diis</strong></span> <span class='ocrx_word' id='word_1_656' title='bbox 2918 4661 3144 4728; x_wconf 78' lang='lat' dir='ltr'><strong>deiecit,</strong></span> <span class='ocrx_word' id='word_1_657' title='bbox 3181 4663 3454 4733; x_wconf 89' lang='lat' dir='ltr'><strong>deceptus</strong></span> <span class='ocrx_word' id='word_1_658' title='bbox 3484 4681 3515 4719; x_wconf 70' lang='grc' dir='ltr'><strong>ιι</strong></span> 
     </span>
    </p>
   </div>
   <div class='ocr_carea' id='block_1_90' title="bbox 237 4758 1826 4837">
    <p class='ocr_par' dir='ltr' id='par_1_90' title="bbox 237 4758 1826 4837">
     <span class='ocr_line' id='line_1_91' title="bbox 237 4758 1826 4837; baseline 0.006 -26"><span class='ocrx_word' id='word_1_659' title='bbox 237 4758 541 4816; x_wconf 85' lang='grc' dir='ltr'>Γαλιλαίων</span> <span class='ocrx_word' id='word_1_660' title='bbox 557 4762 1055 4834; x_wconf 70' lang='grc' dir='ltr'>ἐξαπατηθεὶς,ἀτε</span> <span class='ocrx_word' id='word_1_661' title='bbox 1076 4764 1141 4836; x_wconf 79' lang='grc' dir='ltr'>δὴ</span> <span class='ocrx_word' id='word_1_662' title='bbox 1156 4763 1402 4827; x_wconf 86' lang='grc' dir='ltr'>παιδείας</span> <span class='ocrx_word' id='word_1_663' title='bbox 1414 4765 1707 4837; x_wconf 78' lang='grc' dir='ltr'>ἀμέτοχος,</span> <span class='ocrx_word' id='word_1_664' title='bbox 1729 4767 1826 4822; x_wconf 79' lang='grc' dir='ltr'>καὶ</span> 
     </span>
    </p>
   </div>
   <div class='ocr_carea' id='block_1_91' title="bbox 241 4849 1826 4929">
    <p class='ocr_par' dir='ltr' id='par_1_91' title="bbox 241 4849 1826 4929">
     <span class='ocr_line' id='line_1_92' title="bbox 241 4849 1826 4929; baseline 0.006 -25"><span class='ocrx_word' id='word_1_665' title='bbox 241 4849 381 4922; x_wconf 80' lang='grc' dir='ltr'>μήτε</span> <span class='ocrx_word' id='word_1_666' title='bbox 415 4852 531 4918; x_wconf 87' lang='grc' dir='ltr'>τοῖς</span> <span class='ocrx_word' id='word_1_667' title='bbox 563 4852 894 4924; x_wconf 82' lang='grc' dir='ltr'>Ῥωμαϊκοῖς</span> <span class='ocrx_word' id='word_1_668' title='bbox 920 4852 1132 4925; x_wconf 89' lang='grc' dir='ltr'>νόμοις,</span> <span class='ocrx_word' id='word_1_669' title='bbox 1160 4855 1297 4926; x_wconf 85' lang='grc' dir='ltr'>μήτε</span> <span class='ocrx_word' id='word_1_670' title='bbox 1330 4858 1446 4921; x_wconf 87' lang='grc' dir='ltr'>τοῖς</span> <span class='ocrx_word' id='word_1_671' title='bbox 1486 4856 1826 4929; x_wconf 80' lang='grc' dir='ltr'>Ἑλληνικοῖς</span> 
     </span>
    </p>
   </div>
   <div class='ocr_carea' id='block_1_92' title="bbox 238 4938 1823 5019">
    <p class='ocr_par' dir='ltr' id='par_1_92' title="bbox 238 4938 1823 5019">
     <span class='ocr_line' id='line_1_93' title="bbox 238 4938 1823 5019; baseline 0.007 -27"><span class='ocrx_word' id='word_1_672' title='bbox 238 4938 415 4998; x_wconf 77' lang='grc' dir='ltr'>ἔθεσιν</span> <span class='ocrx_word' id='word_1_673' title='bbox 443 4944 820 5015; x_wconf 69' lang='grc' dir='ltr'><strong>ὲμτιτεδωθείς⁹</strong></span> <span class='ocrx_word' id='word_1_674' title='bbox 854 4943 967 5014; x_wconf 72' lang='grc' dir='ltr'><strong>ἐγὼ</strong></span> <span class='ocrx_word' id='word_1_675' title='bbox 993 4945 1073 5011; x_wconf 82' lang='grc' dir='ltr'><strong>δὲ,</strong></span> <span class='ocrx_word' id='word_1_676' title='bbox 1110 4938 1155 4999; x_wconf 81' lang='grc' dir='ltr'><strong>ὦ</strong></span> <span class='ocrx_word' id='word_1_677' title='bbox 1188 4946 1395 5015; x_wconf 88' lang='grc' dir='ltr'>ἀνόσιε,</span> <span class='ocrx_word' id='word_1_678' title='bbox 1431 4947 1531 5019; x_wconf 85' lang='grc' dir='ltr'>τῆς</span> <span class='ocrx_word' id='word_1_679' title='bbox 1578 4948 1823 5019; x_wconf 77' lang='grc' dir='ltr'>Ἐλληνι-</span> 
     </span>
    </p>
   </div>
   <div class='ocr_carea' id='block_1_93' title="bbox 238 5033 1823 5113">
    <p class='ocr_par' dir='ltr' id='par_1_93' title="bbox 238 5033 1823 5113">
     <span class='ocr_line' id='line_1_94' title="bbox 238 5033 1823 5113; baseline 0.007 -28"><span class='ocrx_word' id='word_1_680' title='bbox 238 5033 339 5105; x_wconf 86' lang='grc' dir='ltr'>κῆς</span> <span class='ocrx_word' id='word_1_681' title='bbox 387 5053 447 5091; x_wconf 87' lang='grc' dir='ltr'><strong>τε</strong></span> <span class='ocrx_word' id='word_1_682' title='bbox 479 5037 578 5091; x_wconf 77' lang='grc' dir='ltr'><strong>καὶ</strong></span> <span class='ocrx_word' id='word_1_683' title='bbox 613 5037 937 5110; x_wconf 85' lang='grc' dir='ltr'>Ῥωμαῖκῆς</span> <span class='ocrx_word' id='word_1_684' title='bbox 985 5037 1236 5103; x_wconf 87' lang='grc' dir='ltr'>παιδείας</span> <span class='ocrx_word' id='word_1_685' title='bbox 1277 5039 1448 5111; x_wconf 81' lang='grc' dir='ltr'>ἀκρον</span> <span class='ocrx_word' id='word_1_686' title='bbox 1474 5040 1823 5113; x_wconf 76' lang='grc' dir='ltr'>ἐπειλημμέ-</span> 
     </span>
    </p>
   </div>
   <div class='ocr_carea' id='block_1_94' title="bbox 237 5128 1823 5206">
    <p class='ocr_par' dir='ltr' id='par_1_94' title="bbox 237 5128 1823 5206">
     <span class='ocr_line' id='line_1_95' title="bbox 237 5128 1823 5206; baseline 0.004 -23"><span class='ocrx_word' id='word_1_687' title='bbox 237 5142 347 5194; x_wconf 84' lang='grc' dir='ltr'>νος,</span> <span class='ocrx_word' id='word_1_688' title='bbox 372 5128 470 5185; x_wconf 74' lang='grc' dir='ltr'><strong>καὶ</strong></span> <span class='ocrx_word' id='word_1_689' title='bbox 498 5132 621 5196; x_wconf 85' lang='grc' dir='ltr'>ταῖς</span> <span class='ocrx_word' id='word_1_690' title='bbox 659 5131 772 5186; x_wconf 84' lang='grc' dir='ltr'><strong>τῶν</strong></span> <span class='ocrx_word' id='word_1_691' title='bbox 814 5132 1066 5186; x_wconf 86' lang='grc' dir='ltr'>παλαιῶν</span> <span class='ocrx_word' id='word_1_692' title='bbox 1097 5130 1309 5205; x_wconf 86' lang='grc' dir='ltr'>ἀνδρῶν</span> <span class='ocrx_word' id='word_1_693' title='bbox 1331 5131 1661 5201; x_wconf 82' lang='grc' dir='ltr'>θεολογίαις,</span> <span class='ocrx_word' id='word_1_694' title='bbox 1696 5135 1823 5206; x_wconf 82' lang='grc' dir='ltr'><strong>Ἐρ-</strong></span> 
     </span>
    </p>
   </div>
   <div class='ocr_carea' id='block_1_95' title="bbox 242 5221 1824 5299">
    <p class='ocr_par' dir='ltr' id='par_1_95' title="bbox 242 5221 1824 5299">
     <span class='ocr_line' id='line_1_96' title="bbox 242 5221 1824 5299; baseline 0.004 -24"><span class='ocrx_word' id='word_1_695' title='bbox 242 5221 344 5292; x_wconf 81' lang='grc' dir='ltr'>μοῦ</span> <span class='ocrx_word' id='word_1_696' title='bbox 380 5240 440 5277; x_wconf 86' lang='grc' dir='ltr'><strong>τε</strong></span> <span class='ocrx_word' id='word_1_697' title='bbox 484 5241 631 5297; x_wconf 86' lang='grc' dir='ltr'>φημι</span> <span class='ocrx_word' id='word_1_698' title='bbox 672 5225 772 5280; x_wconf 74' lang='grc' dir='ltr'>καὶ</span> <span class='ocrx_word' id='word_1_699' title='bbox 812 5226 1060 5298; x_wconf 85' lang='grc' dir='ltr'>Ὀρφέως</span> <span class='ocrx_word' id='word_1_700' title='bbox 1092 5225 1188 5280; x_wconf 72' lang='grc' dir='ltr'>καὶ</span> <span class='ocrx_word' id='word_1_701' title='bbox 1226 5225 1540 5289; x_wconf 86' lang='grc' dir='ltr'>Πλάτωνος,</span> <span class='ocrx_word' id='word_1_702' title='bbox 1582 5225 1824 5299; x_wconf 76' lang='grc' dir='ltr'>ἐξησκη-</span> 
     </span>
    </p>
   </div>
   <div class='ocr_carea' id='block_1_96' title="bbox 243 5312 1823 5391">
    <p class='ocr_par' dir='ltr' id='par_1_96' title="bbox 243 5312 1823 5391">
     <span class='ocr_line' id='line_1_97' title="bbox 243 5312 1823 5391; baseline 0.006 -25"><span class='ocrx_word' id='word_1_703' title='bbox 243 5312 422 5381; x_wconf 79' lang='grc' dir='ltr'>μένος,</span> <span class='ocrx_word' id='word_1_704' title='bbox 464 5316 565 5387; x_wconf 84' lang='grc' dir='ltr'><strong>οὐχ</strong></span> <span class='ocrx_word' id='word_1_705' title='bbox 611 5316 816 5389; x_wconf 77' lang='grc' dir='ltr'>ἥκιστα</span> <span class='ocrx_word' id='word_1_706' title='bbox 849 5317 905 5372; x_wconf 82' lang='grc' dir='ltr'>δὲ</span> <span class='ocrx_word' id='word_1_707' title='bbox 935 5319 1032 5375; x_wconf 78' lang='grc' dir='ltr'>καὶ</span> <span class='ocrx_word' id='word_1_708' title='bbox 1058 5321 1181 5384; x_wconf 82' lang='grc' dir='ltr'>ταῖς</span> <span class='ocrx_word' id='word_1_709' title='bbox 1229 5319 1550 5382; x_wconf 77' lang='grc' dir='ltr'>Ἰουδαῖκαίς</span> <span class='ocrx_word' id='word_1_710' title='bbox 1575 5319 1823 5391; x_wconf 78' lang='grc' dir='ltr'>Γραφαῖς</span> 
     </span>
    </p>
   </div>
   <div class='ocr_carea' id='block_1_97' title="bbox 242 5401 1818 5485">
    <p class='ocr_par' dir='ltr' id='par_1_97' title="bbox 242 5401 1818 5485">
     <span class='ocr_line' id='line_1_98' title="bbox 242 5401 1818 5485; baseline 0.01 -31"><span class='ocrx_word' id='word_1_711' title='bbox 242 5401 616 5476; x_wconf 79' lang='grc' dir='ltr'>ὲξωμιληκὼς,</span> <span class='ocrx_word' id='word_1_712' title='bbox 647 5409 744 5464; x_wconf 76' lang='grc' dir='ltr'>καὶ</span> <span class='ocrx_word' id='word_1_713' title='bbox 767 5409 868 5482; x_wconf 81' lang='grc' dir='ltr'>τὴν</span> <span class='ocrx_word' id='word_1_714' title='bbox 901 5412 1109 5468; x_wconf 88' lang='grc' dir='ltr'>τούτων</span> <span class='ocrx_word' id='word_1_715' title='bbox 1142 5412 1431 5485; x_wconf 87' lang='grc' dir='ltr'>τερθρείαν</span> <span class='ocrx_word' id='word_1_716' title='bbox 1458 5413 1818 5485; x_wconf 86' lang='grc' dir='ltr'>πεπατηκὼς,</span> 
     </span>
    </p>
   </div>
   <div class='ocr_carea' id='block_1_98' title="bbox 242 5491 1820 5573">
    <p class='ocr_par' dir='ltr' id='par_1_98' title="bbox 242 5491 1820 5573">
     <span class='ocr_line' id='line_1_99' title="bbox 242 5491 1820 5573; baseline 0.008 -30"><span class='ocrx_word' id='word_1_717' title='bbox 242 5491 401 5550; x_wconf 86' lang='grc' dir='ltr'>πάλιν</span> <span class='ocrx_word' id='word_1_718' title='bbox 430 5498 524 5551; x_wconf 70' lang='grc' dir='ltr'><strong>ἐπὶ</strong></span> <span class='ocrx_word' id='word_1_719' title='bbox 544 5497 608 5552; x_wconf 84' lang='grc' dir='ltr'><strong>τὸ</strong></span> <span class='ocrx_word' id='word_1_720' title='bbox 640 5500 1131 5572; x_wconf 84' lang='grc' dir='ltr'>πατροπαράδοτον</span> <span class='ocrx_word' id='word_1_721' title='bbox 1178 5501 1276 5555; x_wconf 77' lang='grc' dir='ltr'><strong>καὶ</strong></span> <span class='ocrx_word' id='word_1_722' title='bbox 1322 5502 1685 5573; x_wconf 87' lang='grc' dir='ltr'>ἀρχαιότατον</span> <span class='ocrx_word' id='word_1_723' title='bbox 1722 5503 1820 5559; x_wconf 71' lang='grc' dir='ltr'><strong>καὶ</strong></span> 
     </span>
    </p>
   </div>
   <div class='ocr_carea' id='block_1_99' title="bbox 241 5578 1820 5665">
    <p class='ocr_par' dir='ltr' id='par_1_99' title="bbox 241 5578 1820 5665">
     <span class='ocr_line' id='line_1_100' title="bbox 241 5578 1820 5665; baseline 0.01 -31"><span class='ocrx_word' id='word_1_724' title='bbox 241 5578 487 5655; x_wconf 74' lang='grc' dir='ltr'>θεοφιλὲς</span> <span class='ocrx_word' id='word_1_725' title='bbox 508 5588 638 5654; x_wconf 73' lang='grc' dir='ltr'>τοὺς</span> <span class='ocrx_word' id='word_1_726' title='bbox 665 5589 990 5662; x_wconf 86' lang='grc' dir='ltr'>ἀνθρώπους</span> <span class='ocrx_word' id='word_1_727' title='bbox 1039 5588 1160 5654; x_wconf 74' lang='grc' dir='ltr'>ἔθος</span> <span class='ocrx_word' id='word_1_728' title='bbox 1202 5607 1265 5643; x_wconf 89' lang='grc' dir='ltr'><strong>τε</strong></span> <span class='ocrx_word' id='word_1_729' title='bbox 1300 5591 1394 5645; x_wconf 80' lang='grc' dir='ltr'><strong>καὶ</strong></span> <span class='ocrx_word' id='word_1_730' title='bbox 1436 5591 1601 5657; x_wconf 87' lang='grc' dir='ltr'>σέϐας</span> <span class='ocrx_word' id='word_1_731' title='bbox 1635 5594 1820 5665; x_wconf 86' lang='grc' dir='ltr'>μένειν</span> 
     </span>
    </p>
   </div>
   <div class='ocr_carea' id='block_1_100' title="bbox 250 5672 1820 5758">
    <p class='ocr_par' dir='ltr' id='par_1_100' title="bbox 250 5672 1820 5758">
     <span class='ocr_line' id='line_1_101' title="bbox 250 5672 1820 5758; baseline 0.008 -30"><span class='ocrx_word' id='word_1_732' title='bbox 250 5672 646 5751; x_wconf 80' lang='grc' dir='ltr'>διακελεύομαι,</span> <span class='ocrx_word' id='word_1_733' title='bbox 681 5682 873 5758; x_wconf 25' lang='grc' dir='ltr'>ἥταῖς-</span> <span class='ocrx_word' id='word_1_734' title='bbox 894 5681 1004 5736; x_wconf 78' lang='grc' dir='ltr'>τῶν</span> <span class='ocrx_word' id='word_1_735' title='bbox 1047 5680 1394 5737; x_wconf 87' lang='grc' dir='ltr'>ἀπαιδεύτων</span> <span class='ocrx_word' id='word_1_736' title='bbox 1419 5684 1514 5736; x_wconf 73' lang='grc' dir='ltr'><strong>καὶ</strong></span> <span class='ocrx_word' id='word_1_737' title='bbox 1563 5702 1820 5758; x_wconf 85' lang='grc' dir='ltr'>νεωτερι-</span> 
     </span>
    </p>
   </div>
   <div class='ocr_carea' id='block_1_101' title="bbox 248 5756 1813 5846">
    <p class='ocr_par' dir='ltr' id='par_1_101' title="bbox 248 5756 1813 5846">
     <span class='ocr_line' id='line_1_102' title="bbox 248 5756 1813 5846; baseline 0.007 -25"><span class='ocrx_word' id='word_1_738' title='bbox 248 5763 444 5828; x_wconf 81' lang='grc' dir='ltr'>ζόντων</span> <span class='ocrx_word' id='word_1_739' title='bbox 468 5773 678 5839; x_wconf 84' lang='grc' dir='ltr'>ἀνοίαις</span> <span class='ocrx_word' id='word_1_740' title='bbox 716 5756 1059 5829; x_wconf 79' lang='grc' dir='ltr'>ἀκολουθεῖν·</span> <span class='ocrx_word' id='word_1_741' title='bbox 1090 5774 1228 5829; x_wconf 89' lang='grc' dir='ltr'><strong>ἀλλά</strong></span> <span class='ocrx_word' id='word_1_742' title='bbox 1253 5775 1691 5846; x_wconf 83' lang='grc' dir='ltr'>ἀπογυμνούσθω</span> <span class='ocrx_word' id='word_1_743' title='bbox 1716 5756 1813 5834; x_wconf 79' lang='grc' dir='ltr'>καὶ</span> 
     </span>
    </p>
   </div>
   <div class='ocr_carea' id='block_1_102' title="bbox 315 5941 1590 6020">
    <p class='ocr_par' dir='ltr' id='par_1_102' title="bbox 315 5941 1590 6020">
     <span class='ocr_line' id='line_1_103' title="bbox 315 5941 1590 6020; baseline 0.005 -15"><span class='ocrx_word' id='word_1_744' title='bbox 315 5941 340 5974; x_wconf 80' lang='grc'><em>³</em></span> <span class='ocrx_word' id='word_1_745' title='bbox 373 5943 559 6005; x_wconf 75' lang='lat' dir='ltr'><strong>Matth.</strong></span> <span class='ocrx_word' id='word_1_746' title='bbox 586 5963 779 6014; x_wconf 78' lang='lat' dir='ltr'><strong>xxvut,</strong></span> <span class='ocrx_word' id='word_1_747' title='bbox 811 5948 897 6018; x_wconf 85' lang='lat' dir='ltr'><strong>l9,</strong></span> <span class='ocrx_word' id='word_1_748' title='bbox 924 5949 1016 6006; x_wconf 79' lang='lat'><strong>‘20.</strong></span> <span class='ocrx_word' id='word_1_749' title='bbox 1120 5952 1143 5985; x_wconf 85' lang='grc'><em>³</em></span> <span class='ocrx_word' id='word_1_750' title='bbox 1175 5950 1383 6009; x_wconf 80' lang='lat' dir='ltr'><strong>Jerem.</strong></span> <span class='ocrx_word' id='word_1_751' title='bbox 1416 5968 1467 6020; x_wconf 71' lang='grc' dir='ltr'><strong>κ,</strong></span> <span class='ocrx_word' id='word_1_752' title='bbox 1506 5954 1590 6012; x_wconf 85' lang='lat' dir='ltr'><strong>tl.</strong></span> 
     </span>
    </p>
   </div>
   <div class='ocr_carea' id='block_1_103' title="bbox 1925 4756 3513 4830">
    <p class='ocr_par' dir='ltr' id='par_1_103' title="bbox 1925 4756 3513 4830">
     <span class='ocr_line' id='line_1_104' title="bbox 1925 4756 3513 4830; baseline -0.003 -12"><span class='ocrx_word' id='word_1_753' title='bbox 1925 4762 2085 4819; x_wconf 83' lang='lat' dir='ltr'><strong>vobis</strong></span> <span class='ocrx_word' id='word_1_754' title='bbox 2111 4762 2376 4826; x_wconf 71' lang='lat' dir='ltr'><strong>Galilaeis,</strong></span> <span class='ocrx_word' id='word_1_755' title='bbox 2398 4766 2456 4814; x_wconf 90' lang='lat' dir='ltr'><strong>ut</strong></span> <span class='ocrx_word' id='word_1_756' title='bbox 2483 4760 2577 4830; x_wconf 93' lang='lat' dir='ltr'><strong>qui</strong></span> <span class='ocrx_word' id='word_1_757' title='bbox 2607 4765 2757 4814; x_wconf 85' lang='lat' dir='ltr'><strong>esset</strong></span> <span class='ocrx_word' id='word_1_758' title='bbox 2782 4758 2970 4813; x_wconf 90' lang='lat' dir='ltr'><strong>omnis</strong></span> <span class='ocrx_word' id='word_1_759' title='bbox 2994 4756 3266 4811; x_wconf 69' lang='lat' dir='ltr'><strong>doctrina:</strong></span> <span class='ocrx_word' id='word_1_760' title='bbox 3291 4772 3513 4828; x_wconf 82' lang='lat' dir='ltr'><strong>expers,</strong></span> 
     </span>
    </p>
   </div>
   <div class='ocr_carea' id='block_1_104' title="bbox 1925 4844 3516 4928">
    <p class='ocr_par' dir='ltr' id='par_1_104' title="bbox 1925 4844 3516 4928">
     <span class='ocr_line' id='line_1_105' title="bbox 1925 4844 3516 4928; baseline -0.001 -18"><span class='ocrx_word' id='word_1_761' title='bbox 1925 4870 2106 4928; x_wconf 89' lang='lat' dir='ltr'><strong>neque</strong></span> <span class='ocrx_word' id='word_1_762' title='bbox 2142 4853 2519 4910; x_wconf 80' lang='lat' dir='ltr'><strong>Romanorum</strong></span> <span class='ocrx_word' id='word_1_763' title='bbox 2550 4844 2769 4923; x_wconf 71' lang='lat' dir='ltr'><strong>legibus</strong></span> <span class='ocrx_word' id='word_1_764' title='bbox 2811 4858 2867 4906; x_wconf 93' lang='lat' dir='ltr'><strong>et</strong></span> <span class='ocrx_word' id='word_1_765' title='bbox 2906 4848 3229 4906; x_wconf 83' lang='lat' dir='ltr'><strong>Graecorum</strong></span> <span class='ocrx_word' id='word_1_766' title='bbox 3262 4853 3516 4908; x_wconf 81' lang='lat' dir='ltr'><strong>moribus</strong></span> 
     </span>
    </p>
   </div>
   <div class='ocr_carea' id='block_1_105' title="bbox 1925 4942 3513 5017">
    <p class='ocr_par' dir='ltr' id='par_1_105' title="bbox 1925 4942 3513 5017">
     <span class='ocr_line' id='line_1_106' title="bbox 1925 4942 3513 5017; baseline -0.004 -12"><span class='ocrx_word' id='word_1_767' title='bbox 1925 4951 2284 5006; x_wconf 77' lang='lat' dir='ltr'><strong>informatus.</strong></span> <span class='ocrx_word' id='word_1_768' title='bbox 2340 4946 2456 5017; x_wconf 88' lang='lat' dir='ltr'><strong>Ego</strong></span> <span class='ocrx_word' id='word_1_769' title='bbox 2508 4960 2664 5011; x_wconf 90' lang='lat' dir='ltr'><strong>vero,</strong></span> <span class='ocrx_word' id='word_1_770' title='bbox 2722 4943 2911 5014; x_wconf 90' lang='lat' dir='ltr'><strong>impie,</strong></span> <span class='ocrx_word' id='word_1_771' title='bbox 2962 4942 3057 5014; x_wconf 90' lang='lat' dir='ltr'><strong>qui</strong></span> <span class='ocrx_word' id='word_1_772' title='bbox 3110 4942 3178 4997; x_wconf 90' lang='lat' dir='ltr'><strong>ad</strong></span> <span class='ocrx_word' id='word_1_773' title='bbox 3232 4959 3513 5000; x_wconf 88' lang='lat' dir='ltr'><strong>summum</strong></span> 
     </span>
    </p>
   </div>
   <div class='ocr_carea' id='block_1_106' title="bbox 1927 5036 3514 5106">
    <p class='ocr_par' dir='ltr' id='par_1_106' title="bbox 1927 5036 3514 5106">
     <span class='ocr_line' id='line_1_107' title="bbox 1927 5036 3514 5106; baseline -0.003 -9"><span class='ocrx_word' id='word_1_774' title='bbox 1927 5041 2132 5098; x_wconf 68' lang='lat' dir='ltr'><strong>Graecae</strong></span> <span class='ocrx_word' id='word_1_775' title='bbox 2171 5048 2225 5096; x_wconf 87' lang='lat' dir='ltr'><strong>et</strong></span> <span class='ocrx_word' id='word_1_776' title='bbox 2253 5038 2519 5094; x_wconf 67' lang='lat' dir='ltr'><strong>Romanae</strong></span> <span class='ocrx_word' id='word_1_777' title='bbox 2548 5037 2885 5094; x_wconf 89' lang='lat' dir='ltr'><strong>eruditionis</strong></span> <span class='ocrx_word' id='word_1_778' title='bbox 2909 5036 3153 5106; x_wconf 90' lang='lat' dir='ltr'><strong>perveni,</strong></span> <span class='ocrx_word' id='word_1_779' title='bbox 3188 5044 3243 5091; x_wconf 91' lang='lat' dir='ltr'><strong>et</strong></span> <span class='ocrx_word' id='word_1_780' title='bbox 3281 5038 3334 5090; x_wconf 89' lang='lat' dir='ltr'><strong>in</strong></span> <span class='ocrx_word' id='word_1_781' title='bbox 3365 5046 3514 5093; x_wconf 86' lang='lat' dir='ltr'><strong>vete-</strong></span> 
     </span>
    </p>
   </div>
   <div class='ocr_carea' id='block_1_107' title="bbox 1927 5125 3515 5200">
    <p class='ocr_par' dir='ltr' id='par_1_107' title="bbox 1927 5125 3515 5200">
     <span class='ocr_line' id='line_1_108' title="bbox 1927 5125 3515 5200; baseline -0.006 -11"><span class='ocrx_word' id='word_1_782' title='bbox 1927 5149 2049 5189; x_wconf 92' lang='lat' dir='ltr'><strong>rum</strong></span> <span class='ocrx_word' id='word_1_783' title='bbox 2107 5133 2357 5188; x_wconf 90' lang='lat' dir='ltr'><strong>virorum</strong></span> <span class='ocrx_word' id='word_1_784' title='bbox 2404 5129 2725 5200; x_wconf 87' lang='lat' dir='ltr'><strong>theologiis.</strong></span> <span class='ocrx_word' id='word_1_785' title='bbox 2780 5128 3038 5184; x_wconf 86' lang='lat' dir='ltr'><strong>videlicet</strong></span> <span class='ocrx_word' id='word_1_786' title='bbox 3072 5125 3354 5193; x_wconf 88' lang='lat' dir='ltr'><strong>Mercurii,</strong></span> <span class='ocrx_word' id='word_1_787' title='bbox 3411 5128 3515 5183; x_wconf 88' lang='lat' dir='ltr'><strong>Or-</strong></span> 
     </span>
    </p>
   </div>
   <div class='ocr_carea' id='block_1_108' title="bbox 1925 5217 3508 5298">
    <p class='ocr_par' dir='ltr' id='par_1_108' title="bbox 1925 5217 3508 5298">
     <span class='ocr_line' id='line_1_109' title="bbox 1925 5217 3508 5298; baseline -0.003 -16"><span class='ocrx_word' id='word_1_788' title='bbox 1925 5226 2053 5298; x_wconf 89' lang='lat' dir='ltr'><strong>phei</strong></span> <span class='ocrx_word' id='word_1_789' title='bbox 2111 5234 2166 5281; x_wconf 91' lang='lat' dir='ltr'><strong>et</strong></span> <span class='ocrx_word' id='word_1_790' title='bbox 2219 5224 2485 5291; x_wconf 85' lang='lat' dir='ltr'><strong>Platonis,</strong></span> <span class='ocrx_word' id='word_1_791' title='bbox 2539 5221 2883 5279; x_wconf 80' lang='lat' dir='ltr'><strong>exercitatus</strong></span> <span class='ocrx_word' id='word_1_792' title='bbox 2940 5236 3086 5283; x_wconf 89' lang='lat' dir='ltr'><strong>sum,</strong></span> <span class='ocrx_word' id='word_1_793' title='bbox 3127 5228 3179 5274; x_wconf 84' lang='lat' dir='ltr'><strong>et</strong></span> <span class='ocrx_word' id='word_1_794' title='bbox 3240 5217 3508 5277; x_wconf 87' lang='lat' dir='ltr'><strong>Judaieas</strong></span> 
     </span>
    </p>
   </div>
   <div class='ocr_carea' id='block_1_109' title="bbox 1922 5310 3514 5389">
    <p class='ocr_par' dir='ltr' id='par_1_109' title="bbox 1922 5310 3514 5389">
     <span class='ocr_line' id='line_1_110' title="bbox 1922 5310 3514 5389; baseline -0.004 -14"><span class='ocrx_word' id='word_1_795' title='bbox 1922 5318 2240 5389; x_wconf 91' lang='lat' dir='ltr'><strong>Scripturas</strong></span> <span class='ocrx_word' id='word_1_796' title='bbox 2314 5317 2480 5388; x_wconf 89' lang='lat' dir='ltr'><strong>plane</strong></span> <span class='ocrx_word' id='word_1_797' title='bbox 2548 5313 2807 5382; x_wconf 81' lang='lat' dir='ltr'><strong>cognitas</strong></span> <span class='ocrx_word' id='word_1_798' title='bbox 2879 5310 3102 5374; x_wconf 89' lang='lat' dir='ltr'><strong>habeo,</strong></span> <span class='ocrx_word' id='word_1_799' title='bbox 3163 5312 3514 5368; x_wconf 83' lang='lat' dir='ltr'><strong>conculcatis</strong></span> 
     </span>
    </p>
   </div>
   <div class='ocr_carea' id='block_1_110' title="bbox 1925 5404 3512 5483">
    <p class='ocr_par' dir='ltr' id='par_1_110' title="bbox 1925 5404 3512 5483">
     <span class='ocr_line' id='line_1_111' title="bbox 1925 5404 3512 5483; baseline -0.005 -14"><span class='ocrx_word' id='word_1_800' title='bbox 1925 5413 2127 5469; x_wconf 91' lang='lat' dir='ltr'><strong>horum</strong></span> <span class='ocrx_word' id='word_1_801' title='bbox 2166 5409 2542 5483; x_wconf 86' lang='lat' dir='ltr'><strong>nugamentis,</strong></span> <span class='ocrx_word' id='word_1_802' title='bbox 2590 5408 2764 5478; x_wconf 86' lang='lat' dir='ltr'><strong>jubeo</strong></span> <span class='ocrx_word' id='word_1_803' title='bbox 2810 5404 3068 5461; x_wconf 88' lang='lat' dir='ltr'><strong>homines</strong></span> <span class='ocrx_word' id='word_1_804' title='bbox 3117 5406 3184 5460; x_wconf 91' lang='lat' dir='ltr'><strong>ad</strong></span> <span class='ocrx_word' id='word_1_805' title='bbox 3213 5420 3424 5460; x_wconf 89' lang='lat' dir='ltr'><strong>morem</strong></span> <span class='ocrx_word' id='word_1_806' title='bbox 3460 5417 3512 5461; x_wconf 93' lang='lat' dir='ltr'><strong>et</strong></span> 
     </span>
    </p>
   </div>
   <div class='ocr_carea' id='block_1_111' title="bbox 1922 5492 3502 5573">
    <p class='ocr_par' dir='ltr' id='par_1_111' title="bbox 1922 5492 3502 5573">
     <span class='ocr_line' id='line_1_112' title="bbox 1922 5492 3502 5573; baseline -0.009 -13"><span class='ocrx_word' id='word_1_807' title='bbox 1922 5506 2135 5561; x_wconf 92' lang='lat' dir='ltr'><strong>cultum</strong></span> <span class='ocrx_word' id='word_1_808' title='bbox 2181 5516 2211 5557; x_wconf 88' lang='lat' dir='ltr'><strong>a</strong></span> <span class='ocrx_word' id='word_1_809' title='bbox 2264 5500 2519 5573; x_wconf 87' lang='lat' dir='ltr'><strong>patribus</strong></span> <span class='ocrx_word' id='word_1_810' title='bbox 2574 5497 2865 5560; x_wconf 87' lang='lat' dir='ltr'><strong>traditum,</strong></span> <span class='ocrx_word' id='word_1_811' title='bbox 2931 5492 3390 5565; x_wconf 84' lang='lat' dir='ltr'><strong>antiquissimum</strong></span> <span class='ocrx_word' id='word_1_812' title='bbox 3446 5499 3502 5545; x_wconf 90' lang='lat' dir='ltr'><strong>et</strong></span> 
     </span>
    </p>
   </div>
   <div class='ocr_carea' id='block_1_112' title="bbox 1921 5586 3508 5665">
    <p class='ocr_par' dir='ltr' id='par_1_112' title="bbox 1921 5586 3508 5665">
     <span class='ocr_line' id='line_1_113' title="bbox 1921 5586 3508 5665; baseline -0.009 -16"><span class='ocrx_word' id='word_1_813' title='bbox 1921 5594 2028 5649; x_wconf 91' lang='lat' dir='ltr'><strong>diis</strong></span> <span class='ocrx_word' id='word_1_814' title='bbox 2061 5591 2443 5665; x_wconf 86' lang='lat' dir='ltr'><strong>gratissimum</strong></span> <span class='ocrx_word' id='word_1_815' title='bbox 2482 5605 2678 5645; x_wconf 88' lang='lat' dir='ltr'><strong>rursus</strong></span> <span class='ocrx_word' id='word_1_816' title='bbox 2719 5604 2779 5645; x_wconf 87' lang='lat' dir='ltr'><strong>se</strong></span> <span class='ocrx_word' id='word_1_817' title='bbox 2826 5596 3062 5651; x_wconf 89' lang='lat' dir='ltr'><strong>vertere,</strong></span> <span class='ocrx_word' id='word_1_818' title='bbox 3096 5586 3287 5657; x_wconf 79' lang='lat' dir='ltr'><strong>potius</strong></span> <span class='ocrx_word' id='word_1_819' title='bbox 3340 5598 3508 5655; x_wconf 86' lang='lat' dir='ltr'><strong>quam</strong></span> 
     </span>
    </p>
   </div>
   <div class='ocr_carea' id='block_1_113' title="bbox 1922 5676 3510 5753">
    <p class='ocr_par' dir='ltr' id='par_1_113' title="bbox 1922 5676 3510 5753">
     <span class='ocr_line' id='line_1_114' title="bbox 1922 5676 3510 5753; baseline -0.008 -11"><span class='ocrx_word' id='word_1_820' title='bbox 1922 5686 2275 5743; x_wconf 89' lang='lat' dir='ltr'><strong>indoctorum</strong></span> <span class='ocrx_word' id='word_1_821' title='bbox 2309 5699 2375 5740; x_wconf 90' lang='lat' dir='ltr'><strong>ac</strong></span> <span class='ocrx_word' id='word_1_822' title='bbox 2408 5692 2744 5739; x_wconf 84' lang='lat' dir='ltr'><strong>novaturum</strong></span> <span class='ocrx_word' id='word_1_823' title='bbox 2796 5681 3039 5753; x_wconf 81' lang='lat' dir='ltr'><strong>ineptias</strong></span> <span class='ocrx_word' id='word_1_824' title='bbox 3088 5680 3272 5752; x_wconf 90' lang='lat' dir='ltr'><strong>sequi.</strong></span> <span class='ocrx_word' id='word_1_825' title='bbox 3313 5676 3423 5733; x_wconf 90' lang='lat' dir='ltr'><strong>Sed</strong></span> <span class='ocrx_word' id='word_1_826' title='bbox 3454 5683 3510 5731; x_wconf 89' lang='lat' dir='ltr'><strong>et</strong></span> 
     </span>
    </p>
   </div>
   <div class='ocr_carea' id='block_1_114' title="bbox 1922 5766 3507 5848">
    <p class='ocr_par' dir='ltr' id='par_1_114' title="bbox 1922 5766 3507 5848">
     <span class='ocr_line' id='line_1_115' title="bbox 1922 5766 3507 5848; baseline -0.013 -8"><span class='ocrx_word' id='word_1_827' title='bbox 1922 5782 2031 5840; x_wconf 88' lang='lat' dir='ltr'><strong>iste</strong></span> <span class='ocrx_word' id='word_1_828' title='bbox 2058 5787 2296 5838; x_wconf 84' lang='lat' dir='ltr'><strong>exuatur</strong></span> <span class='ocrx_word' id='word_1_829' title='bbox 2327 5786 2479 5839; x_wconf 86' lang='lat' dir='ltr'><strong>veste</strong></span> <span class='ocrx_word' id='word_1_830' title='bbox 2508 5792 2633 5845; x_wconf 91' lang='lat' dir='ltr'><strong>sua,</strong></span> <span class='ocrx_word' id='word_1_831' title='bbox 2678 5776 2880 5848; x_wconf 75' lang='lat' dir='ltr'><strong>fiatque</strong></span> <span class='ocrx_word' id='word_1_832' title='bbox 2936 5772 3239 5846; x_wconf 80' lang='lat' dir='ltr'><strong>ﬂagrorum</strong></span> <span class='ocrx_word' id='word_1_833' title='bbox 3283 5766 3507 5841; x_wconf 81' lang='lat' dir='ltr'><strong>experi-</strong></span> 
     </span>
    </p>
   </div>
  </div>
