  <div class='ocr_page' id='page_1' title='image "/cluster/home/n/w/nwhite01/storage/ocr_20150623/96/hvd.32044019208065/647.png"; bbox 0 0 4026 6468; ppageno 0'>
   <div class='ocr_carea' id='block_1_1' title="bbox 503 489 642 556">
    <p class='ocr_par' dir='ltr' id='par_1_1' title="bbox 503 489 642 556">
     <span class='ocr_line' id='line_1_1' title="bbox 503 489 642 556; baseline 0 0"><span class='ocrx_word' id='word_1_1' title='bbox 503 489 642 556; x_wconf 75' lang='grc'><strong>1283</strong></span> 
     </span>
    </p>
   </div>
   <div class='ocr_carea' id='block_1_2' title="bbox 1942 494 2325 558">
    <p class='ocr_par' dir='ltr' id='par_1_2' title="bbox 1942 494 2325 558">
     <span class='ocr_line' id='line_1_2' title="bbox 1942 494 2325 558; baseline 0.008 -4"><span class='ocrx_word' id='word_1_2' title='bbox 1942 494 2325 558; x_wconf 86' lang='lat' dir='ltr'><strong>ADDENDA.</strong></span> 
     </span>
    </p>
   </div>
   <div class='ocr_carea' id='block_1_3' title="bbox 3635 497 3768 565">
    <p class='ocr_par' dir='ltr' id='par_1_3' title="bbox 3635 497 3768 565">
     <span class='ocr_line' id='line_1_3' title="bbox 3635 497 3768 565; baseline 0.008 -1"><span class='ocrx_word' id='word_1_3' title='bbox 3635 497 3768 565; x_wconf 63' lang='grc'><strong>1284</strong></span> 
     </span>
    </p>
   </div>
   <div class='ocr_carea' id='block_1_4' title="bbox 495 601 2087 686">
    <p class='ocr_par' dir='ltr' id='par_1_4' title="bbox 495 601 2079 674">
     <span class='ocr_line' id='line_1_4' title="bbox 495 601 2079 674; baseline 0.001 -14"><span class='ocrx_word' id='word_1_4' title='bbox 495 604 664 662; x_wconf 89' lang='lat' dir='ltr'><strong>menti</strong></span> <span class='ocrx_word' id='word_1_5' title='bbox 695 601 992 674; x_wconf 73' lang='lat' dir='ltr'><strong>particeps,</strong></span> <span class='ocrx_word' id='word_1_6' title='bbox 1025 609 1086 656; x_wconf 91' lang='lat' dir='ltr'><strong>ut</strong></span> <span class='ocrx_word' id='word_1_7' title='bbox 1116 602 1197 658; x_wconf 88' lang='lat' dir='ltr'><strong>vel</strong></span> <span class='ocrx_word' id='word_1_8' title='bbox 1233 616 1297 659; x_wconf 77' lang='lat' dir='ltr'><strong>ex</strong></span> <span class='ocrx_word' id='word_1_9' title='bbox 1334 602 1440 659; x_wconf 90' lang='lat' dir='ltr'><strong>hoc</strong></span> <span class='ocrx_word' id='word_1_10' title='bbox 1475 601 1792 674; x_wconf 73' lang='lat' dir='ltr'><strong>sapientior</strong></span> <span class='ocrx_word' id='word_1_11' title='bbox 1826 603 2079 671; x_wconf 79' lang='lat' dir='ltr'><strong>eﬁ‘ectus,</strong></span> 
     </span>
    </p>
   </div>
   <div class='ocr_carea' id='block_1_5' title="bbox 2192 601 3771 686">
    <p class='ocr_par' dir='ltr' id='par_1_5' title="bbox 2192 604 3771 686">
     <span class='ocr_line' id='line_1_5' title="bbox 2192 604 3771 686; baseline 0.004 -24"><span class='ocrx_word' id='word_1_12' title='bbox 2192 604 2342 673; x_wconf 73' lang='grc' dir='ltr'>οὗτος</span> <span class='ocrx_word' id='word_1_13' title='bbox 2371 607 2472 680; x_wconf 83' lang='grc' dir='ltr'><strong>τῆς</strong></span> <span class='ocrx_word' id='word_1_14' title='bbox 2495 607 2839 682; x_wconf 81' lang='grc' dir='ltr'><strong>ἀμπεχόνης,</strong></span> <span class='ocrx_word' id='word_1_15' title='bbox 2870 611 2969 668; x_wconf 68' lang='grc' dir='ltr'>καὶ</span> <span class='ocrx_word' id='word_1_16' title='bbox 2992 611 3094 685; x_wconf 83' lang='grc' dir='ltr'><strong>τῆς</strong></span> <span class='ocrx_word' id='word_1_17' title='bbox 3111 611 3223 668; x_wconf 87' lang='grc' dir='ltr'><strong>τῶν</strong></span> <span class='ocrx_word' id='word_1_18' title='bbox 3249 610 3528 685; x_wconf 86' lang='grc' dir='ltr'>μαστίγων</span> <span class='ocrx_word' id='word_1_19' title='bbox 3565 614 3771 686; x_wconf 76' lang='grc' dir='ltr'>πείρας</span> 
     </span>
    </p>
   </div>
   <div class='ocr_carea' id='block_1_6' title="bbox 496 694 1831 768">
    <p class='ocr_par' dir='ltr' id='par_1_6' title="bbox 496 694 1831 768">
     <span class='ocr_line' id='line_1_6' title="bbox 496 694 1831 768; baseline 0 -15"><span class='ocrx_word' id='word_1_20' title='bbox 496 697 709 754; x_wconf 85' lang='lat' dir='ltr'><strong>nostris</strong></span> <span class='ocrx_word' id='word_1_21' title='bbox 741 695 959 768; x_wconf 85' lang='lat' dir='ltr'><strong>legibus</strong></span> <span class='ocrx_word' id='word_1_22' title='bbox 991 694 1161 750; x_wconf 88' lang='lat' dir='ltr'><strong>etiam</strong></span> <span class='ocrx_word' id='word_1_23' title='bbox 1190 694 1401 751; x_wconf 86' lang='lat' dir='ltr'><strong>invitus</strong></span> <span class='ocrx_word' id='word_1_24' title='bbox 1424 710 1485 752; x_wconf 88' lang='lat' dir='ltr'><strong>se</strong></span> <span class='ocrx_word' id='word_1_25' title='bbox 1513 696 1831 753; x_wconf 75' lang='lat' dir='ltr'><strong>submittat.</strong></span> 
     </span>
    </p>
   </div>
   <div class='ocr_carea' id='block_1_7' title="bbox 566 962 2078 1037">
    <p class='ocr_par' dir='ltr' id='par_1_7' title="bbox 566 962 2078 1037">
     <span class='ocr_line' id='line_1_7' title="bbox 566 962 2078 1037; baseline 0.002 -18"><span class='ocrx_word' id='word_1_26' title='bbox 566 962 660 1019; x_wconf 75' lang='lat'><strong>35.</strong></span> <span class='ocrx_word' id='word_1_27' title='bbox 697 963 835 1018; x_wconf 90' lang='lat' dir='ltr'><strong>Cum</strong></span> <span class='ocrx_word' id='word_1_28' title='bbox 886 964 1057 1034; x_wconf 83' lang='lat' dir='ltr'><strong>igitur</strong></span> <span class='ocrx_word' id='word_1_29' title='bbox 1100 973 1375 1037; x_wconf 79' lang='lat' dir='ltr'><strong>martyres</strong></span> <span class='ocrx_word' id='word_1_30' title='bbox 1424 965 1729 1021; x_wconf 87' lang='lat' dir='ltr'><strong>inhumane</strong></span> <span class='ocrx_word' id='word_1_31' title='bbox 1762 965 2078 1022; x_wconf 86' lang='lat' dir='ltr'><strong>cruciaren-</strong></span> 
     </span>
    </p>
   </div>
   <div class='ocr_carea' id='block_1_8' title="bbox 497 1057 2078 1127">
    <p class='ocr_par' dir='ltr' id='par_1_8' title="bbox 497 1057 2078 1127">
     <span class='ocr_line' id='line_1_8' title="bbox 497 1057 2078 1127; baseline 0.001 -18"><span class='ocrx_word' id='word_1_32' title='bbox 497 1066 592 1111; x_wconf 88' lang='lat' dir='ltr'><strong>tur</strong></span> <span class='ocrx_word' id='word_1_33' title='bbox 623 1057 1033 1127; x_wconf 85' lang='lat' dir='ltr'><strong>etgravissimis</strong></span> <span class='ocrx_word' id='word_1_34' title='bbox 1065 1060 1547 1114; x_wconf 85' lang='lat' dir='ltr'><strong>contunderentur</strong></span> <span class='ocrx_word' id='word_1_35' title='bbox 1579 1058 1927 1123; x_wconf 82' lang='lat' dir='ltr'><strong>verberibus,</strong></span> <span class='ocrx_word' id='word_1_36' title='bbox 1947 1059 2078 1114; x_wconf 88' lang='lat' dir='ltr'><strong>bea-</strong></span> 
     </span>
    </p>
   </div>
   <div class='ocr_carea' id='block_1_9' title="bbox 499 1147 2077 1220">
    <p class='ocr_par' dir='ltr' id='par_1_9' title="bbox 499 1147 2077 1220">
     <span class='ocr_line' id='line_1_9' title="bbox 499 1147 2077 1220; baseline 0.004 -21"><span class='ocrx_word' id='word_1_37' title='bbox 499 1156 590 1202; x_wconf 86' lang='lat' dir='ltr'><strong>tus</strong></span> <span class='ocrx_word' id='word_1_38' title='bbox 612 1158 667 1203; x_wconf 93' lang='lat' dir='ltr'><strong>et</strong></span> <span class='ocrx_word' id='word_1_39' title='bbox 699 1149 826 1219; x_wconf 91' lang='lat' dir='ltr'><strong>pius</strong></span> <span class='ocrx_word' id='word_1_40' title='bbox 856 1147 1166 1215; x_wconf 79' lang='lat' dir='ltr'><strong>Artemius,</strong></span> <span class='ocrx_word' id='word_1_41' title='bbox 1192 1148 1301 1203; x_wconf 82' lang='lat' dir='ltr'><strong>dux</strong></span> <span class='ocrx_word' id='word_1_42' title='bbox 1332 1158 1388 1204; x_wconf 90' lang='lat' dir='ltr'><strong>et</strong></span> <span class='ocrx_word' id='word_1_43' title='bbox 1416 1150 1730 1219; x_wconf 84' lang='lat' dir='ltr'><strong>augustalis</strong></span> <span class='ocrx_word' id='word_1_44' title='bbox 1756 1149 1870 1220; x_wconf 82' lang='lat' dir='ltr'><strong>(H)</strong></span> <span class='ocrx_word' id='word_1_45' title='bbox 1905 1149 2077 1205; x_wconf 85' lang='lat' dir='ltr'><strong>totius</strong></span> 
     </span>
    </p>
   </div>
   <div class='ocr_carea' id='block_1_10' title="bbox 498 1239 2080 1311">
    <p class='ocr_par' dir='ltr' id='par_1_10' title="bbox 498 1239 2080 1311">
     <span class='ocr_line' id='line_1_10' title="bbox 498 1239 2080 1311; baseline 0.004 -19"><span class='ocrx_word' id='word_1_46' title='bbox 498 1239 742 1311; x_wconf 69' lang='lat' dir='ltr'><strong>Aigypti,</strong></span> <span class='ocrx_word' id='word_1_47' title='bbox 772 1251 831 1294; x_wconf 92' lang='lat' dir='ltr'><strong>ut</strong></span> <span class='ocrx_word' id='word_1_48' title='bbox 862 1256 1030 1311; x_wconf 86' lang='lat' dir='ltr'><strong>supra</strong></span> <span class='ocrx_word' id='word_1_49' title='bbox 1062 1242 1366 1297; x_wconf 84' lang='lat' dir='ltr'><strong>indicatum</strong></span> <span class='ocrx_word' id='word_1_50' title='bbox 1390 1250 1494 1307; x_wconf 90' lang='lat' dir='ltr'><strong>est,</strong></span> <span class='ocrx_word' id='word_1_51' title='bbox 1520 1257 1550 1296; x_wconf 90' lang='lat' dir='ltr'><strong>a</strong></span> <span class='ocrx_word' id='word_1_52' title='bbox 1581 1242 1912 1298; x_wconf 87' lang='lat' dir='ltr'><strong>Constantio</strong></span> <span class='ocrx_word' id='word_1_53' title='bbox 1941 1258 2080 1298; x_wconf 87' lang='lat' dir='ltr'><strong>con-</strong></span> 
     </span>
    </p>
   </div>
   <div class='ocr_carea' id='block_1_11' title="bbox 501 1332 2079 1406">
    <p class='ocr_par' dir='ltr' id='par_1_11' title="bbox 501 1332 2079 1406">
     <span class='ocr_line' id='line_1_11' title="bbox 501 1332 2079 1406; baseline 0.003 -22"><span class='ocrx_word' id='word_1_54' title='bbox 501 1332 755 1398; x_wconf 86' lang='lat' dir='ltr'><strong>stitutus,</strong></span> <span class='ocrx_word' id='word_1_55' title='bbox 792 1332 958 1387; x_wconf 92' lang='lat' dir='ltr'><strong>etiam</strong></span> <span class='ocrx_word' id='word_1_56' title='bbox 996 1341 1220 1403; x_wconf 84' lang='lat' dir='ltr'><strong>propter</strong></span> <span class='ocrx_word' id='word_1_57' title='bbox 1256 1344 1461 1389; x_wconf 84' lang='lat' dir='ltr'><strong>rectam</strong></span> <span class='ocrx_word' id='word_1_58' title='bbox 1496 1342 1551 1389; x_wconf 90' lang='lat' dir='ltr'><strong>et</strong></span> <span class='ocrx_word' id='word_1_59' title='bbox 1578 1334 1852 1406; x_wconf 81' lang='lat' dir='ltr'><strong>integram</strong></span> <span class='ocrx_word' id='word_1_60' title='bbox 1881 1334 2079 1406; x_wconf 79' lang='lat' dir='ltr'><strong>agendi</strong></span> 
     </span>
    </p>
   </div>
   <div class='ocr_carea' id='block_1_12' title="bbox 501 1425 2080 1498">
    <p class='ocr_par' dir='ltr' id='par_1_12' title="bbox 501 1425 2080 1498">
     <span class='ocr_line' id='line_1_12' title="bbox 501 1425 2080 1498; baseline 0.004 -20"><span class='ocrx_word' id='word_1_61' title='bbox 501 1426 777 1480; x_wconf 87' lang='lat' dir='ltr'><strong>rationem</strong></span> <span class='ocrx_word' id='word_1_62' title='bbox 814 1441 1001 1481; x_wconf 89' lang='lat' dir='ltr'><strong>rerum</strong></span> <span class='ocrx_word' id='word_1_63' title='bbox 1040 1428 1092 1480; x_wconf 93' lang='lat' dir='ltr'><strong>in</strong></span> <span class='ocrx_word' id='word_1_64' title='bbox 1133 1425 1289 1498; x_wconf 88' lang='lat' dir='ltr'><strong>Syria</strong></span> <span class='ocrx_word' id='word_1_65' title='bbox 1323 1427 1690 1497; x_wconf 86' lang='lat' dir='ltr'><strong>gerendarum</strong></span> <span class='ocrx_word' id='word_1_66' title='bbox 1728 1429 2080 1498; x_wconf 87' lang='lat' dir='ltr'><strong>procuratio-</strong></span> 
     </span>
    </p>
   </div>
   <div class='ocr_carea' id='block_1_13' title="bbox 502 1518 2079 1591">
    <p class='ocr_par' dir='ltr' id='par_1_13' title="bbox 502 1518 2079 1591">
     <span class='ocr_line' id='line_1_13' title="bbox 502 1518 2079 1591; baseline 0.006 -22"><span class='ocrx_word' id='word_1_67' title='bbox 502 1533 627 1573; x_wconf 89' lang='lat' dir='ltr'><strong>nem</strong></span> <span class='ocrx_word' id='word_1_68' title='bbox 655 1526 970 1589; x_wconf 87' lang='lat' dir='ltr'><strong>acceperat.</strong></span> <span class='ocrx_word' id='word_1_69' title='bbox 994 1518 1132 1574; x_wconf 87' lang='lat' dir='ltr'><strong>Cum</strong></span> <span class='ocrx_word' id='word_1_70' title='bbox 1156 1534 1289 1590; x_wconf 90' lang='lat' dir='ltr'><strong>ergo</strong></span> <span class='ocrx_word' id='word_1_71' title='bbox 1312 1520 1682 1591; x_wconf 68' lang='lat' dir='ltr'><strong>imperatoriae</strong></span> <span class='ocrx_word' id='word_1_72' title='bbox 1700 1520 2079 1578; x_wconf 79' lang='lat' dir='ltr'><strong>Romanorum</strong></span> 
     </span>
    </p>
   </div>
   <div class='ocr_carea' id='block_1_14' title="bbox 502 1606 2079 1677">
    <p class='ocr_par' dir='ltr' id='par_1_14' title="bbox 502 1606 2079 1677">
     <span class='ocr_line' id='line_1_14' title="bbox 502 1606 2079 1677; baseline 0.005 -17"><span class='ocrx_word' id='word_1_73' title='bbox 502 1606 725 1664; x_wconf 77' lang='lat' dir='ltr'><strong>familiae</strong></span> <span class='ocrx_word' id='word_1_74' title='bbox 756 1610 1158 1665; x_wconf 91' lang='lat' dir='ltr'><strong>devotissimus</strong></span> <span class='ocrx_word' id='word_1_75' title='bbox 1184 1619 1352 1677; x_wconf 80' lang='lat' dir='ltr'><strong>esset,</strong></span> <span class='ocrx_word' id='word_1_76' title='bbox 1384 1621 1437 1667; x_wconf 87' lang='lat' dir='ltr'><strong>et</strong></span> <span class='ocrx_word' id='word_1_77' title='bbox 1461 1612 1767 1669; x_wconf 84' lang='lat' dir='ltr'><strong>audivisset</strong></span> <span class='ocrx_word' id='word_1_78' title='bbox 1796 1611 2079 1669; x_wconf 88' lang='lat' dir='ltr'><strong>Julianum</strong></span> 
     </span>
    </p>
   </div>
   <div class='ocr_carea' id='block_1_15' title="bbox 502 1700 2079 1777">
    <p class='ocr_par' dir='ltr' id='par_1_15' title="bbox 502 1700 2079 1777">
     <span class='ocr_line' id='line_1_15' title="bbox 502 1700 2079 1777; baseline 0.004 -23"><span class='ocrx_word' id='word_1_79' title='bbox 502 1700 735 1769; x_wconf 89' lang='lat' dir='ltr'><strong>imperio</strong></span> <span class='ocrx_word' id='word_1_80' title='bbox 774 1701 1010 1771; x_wconf 89' lang='lat' dir='ltr'><strong>potitum</strong></span> <span class='ocrx_word' id='word_1_81' title='bbox 1058 1702 1126 1757; x_wconf 90' lang='lat' dir='ltr'><strong>ad</strong></span> <span class='ocrx_word' id='word_1_82' title='bbox 1176 1702 1464 1759; x_wconf 89' lang='lat' dir='ltr'><strong>Persicum</strong></span> <span class='ocrx_word' id='word_1_83' title='bbox 1517 1720 1818 1777; x_wconf 84' lang='lat' dir='ltr'><strong>properare</strong></span> <span class='ocrx_word' id='word_1_84' title='bbox 1851 1707 2079 1776; x_wconf 84' lang='lat' dir='ltr'><strong>bellum,</strong></span> 
     </span>
    </p>
   </div>
   <div class='ocr_carea' id='block_1_16' title="bbox 503 1795 2082 1869">
    <p class='ocr_par' dir='ltr' id='par_1_16' title="bbox 503 1795 2082 1869">
     <span class='ocr_line' id='line_1_16' title="bbox 503 1795 2082 1869; baseline 0.004 -22"><span class='ocrx_word' id='word_1_85' title='bbox 503 1795 748 1864; x_wconf 83' lang='lat' dir='ltr'><strong>acceptis</strong></span> <span class='ocrx_word' id='word_1_86' title='bbox 777 1810 1000 1865; x_wconf 90' lang='lat' dir='ltr'><strong>quoque</strong></span> <span class='ocrx_word' id='word_1_87' title='bbox 1031 1796 1231 1852; x_wconf 86' lang='lat' dir='ltr'><strong>litteris</strong></span> <span class='ocrx_word' id='word_1_88' title='bbox 1253 1797 1457 1868; x_wconf 82' lang='lat' dir='ltr'><strong>quibus</strong></span> <span class='ocrx_word' id='word_1_89' title='bbox 1482 1799 1781 1869; x_wconf 89' lang='lat' dir='ltr'><strong>jubebatur</strong></span> <span class='ocrx_word' id='word_1_90' title='bbox 1808 1814 1931 1854; x_wconf 91' lang='lat' dir='ltr'><strong>cum</strong></span> <span class='ocrx_word' id='word_1_91' title='bbox 1956 1799 2082 1853; x_wconf 82' lang='lat' dir='ltr'><strong>uni-</strong></span> 
     </span>
    </p>
   </div>
   <div class='ocr_carea' id='block_1_17' title="bbox 503 1888 2079 1959">
    <p class='ocr_par' dir='ltr' id='par_1_17' title="bbox 503 1888 2079 1959">
     <span class='ocr_line' id='line_1_17' title="bbox 503 1888 2079 1959; baseline 0.003 -18"><span class='ocrx_word' id='word_1_92' title='bbox 503 1902 668 1943; x_wconf 81' lang='lat' dir='ltr'><strong>verso</strong></span> <span class='ocrx_word' id='word_1_93' title='bbox 693 1890 940 1944; x_wconf 80' lang='lat' dir='ltr'><strong>exercitu</strong></span> <span class='ocrx_word' id='word_1_94' title='bbox 971 1888 1326 1945; x_wconf 82' lang='lat' dir='ltr'><strong>Antiochiam</strong></span> <span class='ocrx_word' id='word_1_95' title='bbox 1367 1891 1611 1959; x_wconf 85' lang='lat' dir='ltr'><strong>tendere,</strong></span> <span class='ocrx_word' id='word_1_96' title='bbox 1648 1894 1700 1946; x_wconf 92' lang='lat' dir='ltr'><strong>in</strong></span> <span class='ocrx_word' id='word_1_97' title='bbox 1758 1893 1962 1948; x_wconf 87' lang='lat' dir='ltr'><strong>dictam</strong></span> <span class='ocrx_word' id='word_1_98' title='bbox 1995 1891 2079 1946; x_wconf 88' lang='lat' dir='ltr'><strong>ci-</strong></span> 
     </span>
    </p>
   </div>
   <div class='ocr_carea' id='block_1_18' title="bbox 502 1978 2079 2054">
    <p class='ocr_par' dir='ltr' id='par_1_18' title="bbox 502 1978 2079 2054">
     <span class='ocr_line' id='line_1_18' title="bbox 502 1978 2079 2054; baseline 0.004 -23"><span class='ocrx_word' id='word_1_99' title='bbox 502 1978 727 2035; x_wconf 88' lang='lat' dir='ltr'><strong>vitatem</strong></span> <span class='ocrx_word' id='word_1_100' title='bbox 758 1980 920 2049; x_wconf 77' lang='lat' dir='ltr'><strong>juxta</strong></span> <span class='ocrx_word' id='word_1_101' title='bbox 955 1982 1212 2036; x_wconf 90' lang='lat' dir='ltr'><strong>mandata</strong></span> <span class='ocrx_word' id='word_1_102' title='bbox 1251 1998 1311 2039; x_wconf 90' lang='lat' dir='ltr'><strong>se</strong></span> <span class='ocrx_word' id='word_1_103' title='bbox 1339 1984 1599 2050; x_wconf 89' lang='lat' dir='ltr'><strong>contulit,</strong></span> <span class='ocrx_word' id='word_1_104' title='bbox 1632 1992 1840 2041; x_wconf 91' lang='lat' dir='ltr'><strong>etcum</strong></span> <span class='ocrx_word' id='word_1_105' title='bbox 1874 1999 1941 2040; x_wconf 87' lang='lat' dir='ltr'><strong>eo</strong></span> <span class='ocrx_word' id='word_1_106' title='bbox 1969 1998 2079 2054; x_wconf 93' lang='lat' dir='ltr'><strong>quo</strong></span> 
     </span>
    </p>
   </div>
   <div class='ocr_carea' id='block_1_19' title="bbox 504 2076 2082 2147">
    <p class='ocr_par' dir='ltr' id='par_1_19' title="bbox 504 2076 2082 2147">
     <span class='ocr_line' id='line_1_19' title="bbox 504 2076 2082 2147; baseline 0.006 -26"><span class='ocrx_word' id='word_1_107' title='bbox 504 2086 604 2140; x_wconf 79' lang='lat' dir='ltr'><strong>par</strong></span> <span class='ocrx_word' id='word_1_108' title='bbox 634 2081 754 2125; x_wconf 89' lang='lat' dir='ltr'><strong>erat</strong></span> <span class='ocrx_word' id='word_1_109' title='bbox 803 2082 1076 2143; x_wconf 80' lang='lat' dir='ltr'><strong>apparatu</strong></span> <span class='ocrx_word' id='word_1_110' title='bbox 1128 2082 1182 2129; x_wconf 91' lang='lat' dir='ltr'><strong>et</strong></span> <span class='ocrx_word' id='word_1_111' title='bbox 1221 2076 1486 2131; x_wconf 83' lang='lat' dir='ltr'><strong>satellitio</strong></span> <span class='ocrx_word' id='word_1_112' title='bbox 1521 2076 1699 2132; x_wconf 85' lang='lat' dir='ltr'><strong>astitit</strong></span> <span class='ocrx_word' id='word_1_113' title='bbox 1734 2077 2082 2147; x_wconf 84' lang='lat' dir='ltr'><strong>imperatori,</strong></span> 
     </span>
    </p>
   </div>
   <div class='ocr_carea' id='block_1_20' title="bbox 505 2163 2085 2239">
    <p class='ocr_par' dir='ltr' id='par_1_20' title="bbox 505 2163 2085 2239">
     <span class='ocr_line' id='line_1_20' title="bbox 505 2163 2085 2239; baseline 0.004 -25"><span class='ocrx_word' id='word_1_114' title='bbox 505 2177 603 2230; x_wconf 90' lang='lat' dir='ltr'><strong>pro</strong></span> <span class='ocrx_word' id='word_1_115' title='bbox 640 2163 903 2218; x_wconf 86' lang='lat' dir='ltr'><strong>tribunali</strong></span> <span class='ocrx_word' id='word_1_116' title='bbox 949 2165 1188 2233; x_wconf 89' lang='lat' dir='ltr'><strong>sedenti,</strong></span> <span class='ocrx_word' id='word_1_117' title='bbox 1222 2171 1448 2238; x_wconf 89' lang='lat' dir='ltr'><strong>quando</strong></span> <span class='ocrx_word' id='word_1_118' title='bbox 1477 2168 1547 2223; x_wconf 91' lang='lat' dir='ltr'><strong>de</strong></span> <span class='ocrx_word' id='word_1_119' title='bbox 1581 2168 1794 2224; x_wconf 89' lang='lat' dir='ltr'><strong>sanctis</strong></span> <span class='ocrx_word' id='word_1_120' title='bbox 1828 2166 2085 2239; x_wconf 86' lang='lat' dir='ltr'><strong>martyri-</strong></span> 
     </span>
    </p>
   </div>
   <div class='ocr_carea' id='block_1_21' title="bbox 502 2254 2080 2329">
    <p class='ocr_par' dir='ltr' id='par_1_21' title="bbox 502 2254 2080 2329">
     <span class='ocr_line' id='line_1_21' title="bbox 502 2254 2080 2329; baseline 0.004 -23"><span class='ocrx_word' id='word_1_121' title='bbox 502 2254 608 2309; x_wconf 89' lang='lat' dir='ltr'><strong>bus</strong></span> <span class='ocrx_word' id='word_1_122' title='bbox 659 2256 967 2311; x_wconf 87' lang='lat' dir='ltr'><strong>sceleratus</strong></span> <span class='ocrx_word' id='word_1_123' title='bbox 1022 2257 1263 2313; x_wconf 86' lang='lat' dir='ltr'><strong>habebat</strong></span> <span class='ocrx_word' id='word_1_124' title='bbox 1316 2259 1706 2329; x_wconf 71' lang='lat' dir='ltr'><strong>quaestionem.</strong></span> <span class='ocrx_word' id='word_1_125' title='bbox 1743 2258 1842 2312; x_wconf 85' lang='lat' dir='ltr'><strong>Cui</strong></span> <span class='ocrx_word' id='word_1_126' title='bbox 1875 2258 2015 2312; x_wconf 78' lang='lat' dir='ltr'><strong>dixit</strong></span> <span class='ocrx_word' id='word_1_127' title='bbox 2065 2273 2080 2313; x_wconf 86' lang='lat'><strong>:</strong></span> 
     </span>
    </p>
   </div>
   <div class='ocr_carea' id='block_1_22' title="bbox 503 2350 2086 2423">
    <p class='ocr_par' dir='ltr' id='par_1_22' title="bbox 503 2350 2086 2423">
     <span class='ocr_line' id='line_1_22' title="bbox 503 2350 2086 2423; baseline 0.003 -21"><span class='ocrx_word' id='word_1_128' title='bbox 503 2350 637 2415; x_wconf 62' lang='lat' dir='ltr'><strong>Quae</strong></span> <span class='ocrx_word' id='word_1_129' title='bbox 667 2359 719 2403; x_wconf 90' lang='lat' dir='ltr'><strong>te</strong></span> <span class='ocrx_word' id='word_1_130' title='bbox 743 2364 913 2405; x_wconf 87' lang='lat' dir='ltr'><strong>causa</strong></span> <span class='ocrx_word' id='word_1_131' title='bbox 942 2351 1619 2423; x_wconf 84' lang='lat' dir='ltr'><strong>impellit,imperator,ut</strong></span> <span class='ocrx_word' id='word_1_132' title='bbox 1643 2359 1753 2405; x_wconf 90' lang='lat' dir='ltr'><strong>tam</strong></span> <span class='ocrx_word' id='word_1_133' title='bbox 1783 2352 2086 2406; x_wconf 86' lang='lat' dir='ltr'><strong>inhumane</strong></span> 
     </span>
    </p>
   </div>
   <div class='ocr_carea' id='block_1_23' title="bbox 502 2441 2088 2513">
    <p class='ocr_par' dir='ltr' id='par_1_23' title="bbox 502 2441 2088 2513">
     <span class='ocr_line' id='line_1_23' title="bbox 502 2441 2088 2513; baseline 0.004 -22"><span class='ocrx_word' id='word_1_134' title='bbox 502 2441 654 2495; x_wconf 85' lang='lat' dir='ltr'><strong>viros</strong></span> <span class='ocrx_word' id='word_1_135' title='bbox 692 2450 922 2498; x_wconf 88' lang='lat' dir='ltr'><strong>sanctos</strong></span> <span class='ocrx_word' id='word_1_136' title='bbox 967 2454 1021 2497; x_wconf 92' lang='lat' dir='ltr'><strong>et</strong></span> <span class='ocrx_word' id='word_1_137' title='bbox 1064 2441 1171 2498; x_wconf 87' lang='lat' dir='ltr'><strong>Deo</strong></span> <span class='ocrx_word' id='word_1_138' title='bbox 1204 2454 1566 2500; x_wconf 86' lang='lat' dir='ltr'><strong>consecratos</strong></span> <span class='ocrx_word' id='word_1_139' title='bbox 1596 2452 1863 2513; x_wconf 87' lang='lat' dir='ltr'><strong>torqueas</strong></span> <span class='ocrx_word' id='word_1_140' title='bbox 1897 2451 1952 2497; x_wconf 90' lang='lat' dir='ltr'><strong>et</strong></span> <span class='ocrx_word' id='word_1_141' title='bbox 1992 2458 2088 2499; x_wconf 58' lang='lat' dir='ltr'><strong>co.</strong></span> 
     </span>
    </p>
   </div>
   <div class='ocr_carea' id='block_1_24' title="bbox 502 2530 2085 2604">
    <p class='ocr_par' dir='ltr' id='par_1_24' title="bbox 502 2530 2085 2604">
     <span class='ocr_line' id='line_1_24' title="bbox 502 2530 2085 2604; baseline 0.003 -23"><span class='ocrx_word' id='word_1_142' title='bbox 502 2546 601 2600; x_wconf 80' lang='lat' dir='ltr'><strong>gas</strong></span> <span class='ocrx_word' id='word_1_143' title='bbox 635 2530 796 2585; x_wconf 84' lang='lat' dir='ltr'><strong>[idem</strong></span> <span class='ocrx_word' id='word_1_144' title='bbox 832 2546 991 2586; x_wconf 91' lang='lat' dir='ltr'><strong>suam</strong></span> <span class='ocrx_word' id='word_1_145' title='bbox 1022 2531 1325 2599; x_wconf 89' lang='lat' dir='ltr'><strong>abjurare?</strong></span> <span class='ocrx_word' id='word_1_146' title='bbox 1357 2531 1515 2588; x_wconf 87' lang='lat' dir='ltr'><strong>Scias</strong></span> <span class='ocrx_word' id='word_1_147' title='bbox 1568 2532 1736 2604; x_wconf 87' lang='lat' dir='ltr'><strong>igitur</strong></span> <span class='ocrx_word' id='word_1_148' title='bbox 1774 2533 1919 2602; x_wconf 86' lang='lat' dir='ltr'><strong>quod</strong></span> <span class='ocrx_word' id='word_1_149' title='bbox 1951 2539 2005 2587; x_wconf 90' lang='lat' dir='ltr'><strong>et</strong></span> <span class='ocrx_word' id='word_1_150' title='bbox 2029 2541 2085 2586; x_wconf 91' lang='lat' dir='ltr'><strong>tu</strong></span> 
     </span>
    </p>
   </div>
   <div class='ocr_carea' id='block_1_25' title="bbox 506 2623 2087 2695">
    <p class='ocr_par' dir='ltr' id='par_1_25' title="bbox 506 2623 2087 2695">
     <span class='ocr_line' id='line_1_25' title="bbox 506 2623 2087 2695; baseline 0.003 -19"><span class='ocrx_word' id='word_1_151' title='bbox 506 2624 669 2677; x_wconf 90' lang='lat' dir='ltr'><strong>homo</strong></span> <span class='ocrx_word' id='word_1_152' title='bbox 701 2623 802 2687; x_wconf 89' lang='lat' dir='ltr'><strong>sis,</strong></span> <span class='ocrx_word' id='word_1_153' title='bbox 838 2624 1032 2679; x_wconf 82' lang='lat' dir='ltr'><strong>iisdem</strong></span> <span class='ocrx_word' id='word_1_154' title='bbox 1072 2623 1365 2681; x_wconf 90' lang='lat' dir='ltr'><strong>doloribus</strong></span> <span class='ocrx_word' id='word_1_155' title='bbox 1405 2624 1681 2680; x_wconf 82' lang='lat' dir='ltr'><strong>obnoxius</strong></span> <span class='ocrx_word' id='word_1_156' title='bbox 1728 2625 2087 2695; x_wconf 84' lang='lat' dir='ltr'><strong>ejusdemque</strong></span> 
     </span>
    </p>
   </div>
   <div class='ocr_carea' id='block_1_26' title="bbox 506 2712 2085 2786">
    <p class='ocr_par' dir='ltr' id='par_1_26' title="bbox 506 2712 2085 2786">
     <span class='ocr_line' id='line_1_26' title="bbox 506 2712 2085 2786; baseline 0 -18"><span class='ocrx_word' id='word_1_157' title='bbox 506 2722 719 2770; x_wconf 72' lang='lat' dir='ltr'><strong>natura:</strong></span> <span class='ocrx_word' id='word_1_158' title='bbox 759 2712 1121 2770; x_wconf 81' lang='lat' dir='ltr'><strong>aﬂlictionum</strong></span> <span class='ocrx_word' id='word_1_159' title='bbox 1180 2717 1490 2786; x_wconf 78' lang='lat' dir='ltr'><strong>particeps,</strong></span> <span class='ocrx_word' id='word_1_160' title='bbox 1528 2716 1747 2773; x_wconf 85' lang='lat' dir='ltr'><strong>etiamsi</strong></span> <span class='ocrx_word' id='word_1_161' title='bbox 1788 2717 1932 2771; x_wconf 90' lang='lat' dir='ltr'><strong>Deus</strong></span> <span class='ocrx_word' id='word_1_162' title='bbox 1980 2716 2085 2769; x_wconf 90' lang='lat' dir='ltr'><strong>im-</strong></span> 
     </span>
    </p>
   </div>
   <div class='ocr_carea' id='block_1_27' title="bbox 505 2808 2085 2879">
    <p class='ocr_par' dir='ltr' id='par_1_27' title="bbox 505 2808 2085 2879">
     <span class='ocr_line' id='line_1_27' title="bbox 505 2808 2085 2879; baseline 0 -16"><span class='ocrx_word' id='word_1_163' title='bbox 505 2817 816 2879; x_wconf 82' lang='lat' dir='ltr'><strong>peratorem</strong></span> <span class='ocrx_word' id='word_1_164' title='bbox 865 2820 918 2864; x_wconf 92' lang='lat' dir='ltr'><strong>te</strong></span> <span class='ocrx_word' id='word_1_165' title='bbox 967 2810 1361 2872; x_wconf 80' lang='lat' dir='ltr'><strong>constituerit;</strong></span> <span class='ocrx_word' id='word_1_166' title='bbox 1394 2812 1439 2864; x_wconf 88' lang='lat' dir='ltr'><strong>si</strong></span> <span class='ocrx_word' id='word_1_167' title='bbox 1490 2808 1654 2864; x_wconf 90' lang='lat' dir='ltr'><strong>modo</strong></span> <span class='ocrx_word' id='word_1_168' title='bbox 1690 2826 1720 2863; x_wconf 87' lang='lat' dir='ltr'><strong>a</strong></span> <span class='ocrx_word' id='word_1_169' title='bbox 1764 2808 1876 2863; x_wconf 91' lang='lat' dir='ltr'><strong>Deo</strong></span> <span class='ocrx_word' id='word_1_170' title='bbox 1909 2809 2085 2879; x_wconf 83' lang='lat' dir='ltr'><strong>impe-</strong></span> 
     </span>
    </p>
   </div>
   <div class='ocr_carea' id='block_1_28' title="bbox 507 2900 2087 2972">
    <p class='ocr_par' dir='ltr' id='par_1_28' title="bbox 507 2900 2087 2972">
     <span class='ocr_line' id='line_1_28' title="bbox 507 2900 2087 2972; baseline 0.002 -19"><span class='ocrx_word' id='word_1_171' title='bbox 507 2900 653 2954; x_wconf 88' lang='lat' dir='ltr'><strong>rium</strong></span> <span class='ocrx_word' id='word_1_172' title='bbox 687 2908 864 2965; x_wconf 91' lang='lat' dir='ltr'><strong>tenes,</strong></span> <span class='ocrx_word' id='word_1_173' title='bbox 898 2917 999 2957; x_wconf 92' lang='lat' dir='ltr'><strong>nec</strong></span> <span class='ocrx_word' id='word_1_174' title='bbox 1030 2902 1219 2972; x_wconf 90' lang='lat' dir='ltr'><strong>potius</strong></span> <span class='ocrx_word' id='word_1_175' title='bbox 1252 2902 1382 2956; x_wconf 89' lang='lat' dir='ltr'><strong>mali</strong></span> <span class='ocrx_word' id='word_1_176' title='bbox 1440 2902 1699 2972; x_wconf 85' lang='lat' dir='ltr'><strong>princeps</strong></span> <span class='ocrx_word' id='word_1_177' title='bbox 1730 2910 1781 2958; x_wconf 91' lang='lat' dir='ltr'><strong>et</strong></span> <span class='ocrx_word' id='word_1_178' title='bbox 1814 2902 2087 2957; x_wconf 84' lang='lat' dir='ltr'><strong>scelestus</strong></span> 
     </span>
    </p>
   </div>
   <div class='ocr_carea' id='block_1_29' title="bbox 505 2993 2089 3067">
    <p class='ocr_par' dir='ltr' id='par_1_29' title="bbox 505 2993 2089 3067">
     <span class='ocr_line' id='line_1_29' title="bbox 505 2993 2089 3067; baseline 0.004 -22"><span class='ocrx_word' id='word_1_179' title='bbox 505 2993 783 3058; x_wconf 89' lang='lat' dir='ltr'><strong>diabolus,</strong></span> <span class='ocrx_word' id='word_1_180' title='bbox 821 2995 966 3049; x_wconf 91' lang='lat' dir='ltr'><strong>sicut</strong></span> <span class='ocrx_word' id='word_1_181' title='bbox 996 2995 1126 3049; x_wconf 90' lang='lat' dir='ltr'><strong>olim</strong></span> <span class='ocrx_word' id='word_1_182' title='bbox 1175 2994 1280 3051; x_wconf 89' lang='lat' dir='ltr'><strong>Job</strong></span> <span class='ocrx_word' id='word_1_183' title='bbox 1322 2995 1679 3067; x_wconf 75' lang='lat' dir='ltr'><strong>alnigendum</strong></span> <span class='ocrx_word' id='word_1_184' title='bbox 1712 2996 1869 3066; x_wconf 88' lang='lat' dir='ltr'><strong>petiit</strong></span> <span class='ocrx_word' id='word_1_185' title='bbox 1903 3004 1959 3051; x_wconf 91' lang='lat' dir='ltr'><strong>et</strong></span> <span class='ocrx_word' id='word_1_186' title='bbox 1998 3011 2089 3052; x_wconf 89' lang='lat' dir='ltr'><strong>ac-</strong></span> 
     </span>
    </p>
   </div>
   <div class='ocr_carea' id='block_1_30' title="bbox 506 3086 2090 3158">
    <p class='ocr_par' dir='ltr' id='par_1_30' title="bbox 506 3086 2090 3158">
     <span class='ocr_line' id='line_1_30' title="bbox 506 3086 2090 3158; baseline 0.001 -19"><span class='ocrx_word' id='word_1_187' title='bbox 506 3087 678 3158; x_wconf 83' lang='lat' dir='ltr'><strong>cepit,</strong></span> <span class='ocrx_word' id='word_1_188' title='bbox 713 3087 787 3142; x_wconf 90' lang='lat' dir='ltr'><strong>ita</strong></span> <span class='ocrx_word' id='word_1_189' title='bbox 816 3094 872 3141; x_wconf 90' lang='lat' dir='ltr'><strong>et</strong></span> <span class='ocrx_word' id='word_1_190' title='bbox 900 3094 953 3141; x_wconf 90' lang='lat' dir='ltr'><strong>te</strong></span> <span class='ocrx_word' id='word_1_191' title='bbox 979 3086 1252 3143; x_wconf 81' lang='lat' dir='ltr'><strong>adversus</strong></span> <span class='ocrx_word' id='word_1_192' title='bbox 1307 3102 1411 3142; x_wconf 91' lang='lat' dir='ltr'><strong>nos</strong></span> <span class='ocrx_word' id='word_1_193' title='bbox 1444 3088 1681 3157; x_wconf 85' lang='lat' dir='ltr'><strong>petitum</strong></span> <span class='ocrx_word' id='word_1_194' title='bbox 1715 3086 1936 3157; x_wconf 89' lang='lat' dir='ltr'><strong>accepit</strong></span> <span class='ocrx_word' id='word_1_195' title='bbox 1976 3101 2090 3141; x_wconf 84' lang='lat' dir='ltr'><strong>sce-</strong></span> 
     </span>
    </p>
   </div>
   <div class='ocr_carea' id='block_1_31' title="bbox 506 3178 2083 3249">
    <p class='ocr_par' dir='ltr' id='par_1_31' title="bbox 506 3178 2083 3249">
     <span class='ocr_line' id='line_1_31' title="bbox 506 3178 2083 3249; baseline 0 -17"><span class='ocrx_word' id='word_1_196' title='bbox 506 3178 904 3245; x_wconf 90' lang='lat' dir='ltr'><strong>leratissimus,</strong></span> <span class='ocrx_word' id='word_1_197' title='bbox 948 3187 1008 3233; x_wconf 77' lang='lat' dir='ltr'><strong>ut</strong></span> <span class='ocrx_word' id='word_1_198' title='bbox 1035 3179 1247 3234; x_wconf 88' lang='lat' dir='ltr'><strong>cribret</strong></span> <span class='ocrx_word' id='word_1_199' title='bbox 1293 3179 1504 3234; x_wconf 87' lang='lat' dir='ltr'><strong>Christi</strong></span> <span class='ocrx_word' id='word_1_200' title='bbox 1531 3180 1773 3234; x_wconf 86' lang='lat' dir='ltr'><strong>triticum</strong></span> <span class='ocrx_word' id='word_1_201' title='bbox 1805 3186 1861 3234; x_wconf 88' lang='lat' dir='ltr'><strong>et</strong></span> <span class='ocrx_word' id='word_1_202' title='bbox 1895 3193 2083 3249; x_wconf 84' lang='lat' dir='ltr'><strong>super-</strong></span> 
     </span>
    </p>
   </div>
   <div class='ocr_carea' id='block_1_32' title="bbox 510 3270 2083 3339">
    <p class='ocr_par' dir='ltr' id='par_1_32' title="bbox 510 3270 2083 3339">
     <span class='ocr_line' id='line_1_32' title="bbox 510 3270 2083 3339; baseline -0.001 -12"><span class='ocrx_word' id='word_1_203' title='bbox 510 3272 750 3328; x_wconf 87' lang='lat' dir='ltr'><strong>seminet</strong></span> <span class='ocrx_word' id='word_1_204' title='bbox 778 3271 1017 3327; x_wconf 86' lang='lat' dir='ltr'><strong>zizania.</strong></span> <span class='ocrx_word' id='word_1_205' title='bbox 1053 3270 1161 3327; x_wconf 88' lang='lat' dir='ltr'><strong>Sed</strong></span> <span class='ocrx_word' id='word_1_206' title='bbox 1204 3273 1259 3326; x_wconf 93' lang='lat' dir='ltr'><strong>in</strong></span> <span class='ocrx_word' id='word_1_207' title='bbox 1296 3287 1498 3326; x_wconf 89' lang='lat' dir='ltr'><strong>vanum</strong></span> <span class='ocrx_word' id='word_1_208' title='bbox 1534 3272 1774 3339; x_wconf 90' lang='lat' dir='ltr'><strong>laborat;</strong></span> <span class='ocrx_word' id='word_1_209' title='bbox 1810 3287 1914 3326; x_wconf 90' lang='lat' dir='ltr'><strong>non</strong></span> <span class='ocrx_word' id='word_1_210' title='bbox 1937 3271 2083 3327; x_wconf 88' lang='lat' dir='ltr'><strong>enim</strong></span> 
     </span>
    </p>
   </div>
   <div class='ocr_carea' id='block_1_33' title="bbox 2180 701 3773 778">
    <p class='ocr_par' dir='ltr' id='par_1_33' title="bbox 2180 701 3773 778">
     <span class='ocr_line' id='line_1_33' title="bbox 2180 701 3773 778; baseline 0.003 -21"><span class='ocrx_word' id='word_1_211' title='bbox 2180 704 2241 758; x_wconf 82' lang='grc' dir='ltr'>ὲν</span> <span class='ocrx_word' id='word_1_212' title='bbox 2282 701 2500 775; x_wconf 81' lang='grc' dir='ltr'><strong>μεθέξει</strong></span> <span class='ocrx_word' id='word_1_213' title='bbox 2522 704 2802 773; x_wconf 77' lang='grc' dir='ltr'>γενέσθωο</span> <span class='ocrx_word' id='word_1_214' title='bbox 2838 705 2917 771; x_wconf 82' lang='grc' dir='ltr'><strong>ὡς</strong></span> <span class='ocrx_word' id='word_1_215' title='bbox 2946 706 3015 761; x_wconf 77' lang='grc' dir='ltr'>ἂν</span> <span class='ocrx_word' id='word_1_216' title='bbox 3048 709 3114 761; x_wconf 85' lang='grc' dir='ltr'>ὲκ</span> <span class='ocrx_word' id='word_1_217' title='bbox 3145 705 3339 762; x_wconf 82' lang='grc' dir='ltr'>τούτου</span> <span class='ocrx_word' id='word_1_218' title='bbox 3396 708 3773 778; x_wconf 73' lang='grc' dir='ltr'>σωφρονέστεο</span> 
     </span>
    </p>
   </div>
   <div class='ocr_carea' id='block_1_34' title="bbox 2181 795 3763 873">
    <p class='ocr_par' dir='ltr' id='par_1_34' title="bbox 2181 795 3763 873">
     <span class='ocr_line' id='line_1_34' title="bbox 2181 795 3763 873; baseline 0.003 -24"><span class='ocrx_word' id='word_1_219' title='bbox 2181 813 2277 868; x_wconf 85' lang='grc' dir='ltr'><strong>ρος</strong></span> <span class='ocrx_word' id='word_1_220' title='bbox 2299 795 2562 866; x_wconf 86' lang='grc' dir='ltr'>γεγονὼς,</span> <span class='ocrx_word' id='word_1_221' title='bbox 2595 799 2711 862; x_wconf 83' lang='grc' dir='ltr'>τοῖς</span> <span class='ocrx_word' id='word_1_222' title='bbox 2732 799 3028 871; x_wconf 73' lang='grc' dir='ltr'><strong>ἡμετέροις</strong></span> <span class='ocrx_word' id='word_1_223' title='bbox 3047 798 3239 872; x_wconf 90' lang='grc' dir='ltr'>νόμοις</span> <span class='ocrx_word' id='word_1_224' title='bbox 3261 801 3359 854; x_wconf 77' lang='grc' dir='ltr'>καὶ</span> <span class='ocrx_word' id='word_1_225' title='bbox 3391 800 3468 873; x_wconf 80' lang='grc' dir='ltr'>μή</span> <span class='ocrx_word' id='word_1_226' title='bbox 3500 800 3763 873; x_wconf 79' lang='grc' dir='ltr'>βουλόμεο</span> 
     </span>
    </p>
   </div>
   <div class='ocr_carea' id='block_1_35' title="bbox 2179 884 2647 956">
    <p class='ocr_par' dir='ltr' id='par_1_35' title="bbox 2179 884 2647 956">
     <span class='ocr_line' id='line_1_35' title="bbox 2179 884 2647 956; baseline 0.009 -19"><span class='ocrx_word' id='word_1_227' title='bbox 2179 901 2268 946; x_wconf 82' lang='grc' dir='ltr'><strong>νος</strong></span> <span class='ocrx_word' id='word_1_228' title='bbox 2291 884 2647 956; x_wconf 73' lang='grc' dir='ltr'>ὑποκύψειεν.</span> 
     </span>
    </p>
   </div>
   <div class='ocr_carea' id='block_1_36' title="bbox 2252 976 3770 1053">
    <p class='ocr_par' dir='ltr' id='par_1_36' title="bbox 2252 976 3770 1053">
     <span class='ocr_line' id='line_1_36' title="bbox 2252 976 3770 1053; baseline 0.005 -24"><span class='ocrx_word' id='word_1_229' title='bbox 2252 976 2348 1030; x_wconf 85' lang='grc' dir='ltr'>λε’.</span> <span class='ocrx_word' id='word_1_230' title='bbox 2386 976 2606 1033; x_wconf 83' lang='grc' dir='ltr'><strong>Τούτων</strong></span> <span class='ocrx_word' id='word_1_231' title='bbox 2654 979 2837 1033; x_wconf 81' lang='grc' dir='ltr'><strong>τοίνυν</strong></span> <span class='ocrx_word' id='word_1_232' title='bbox 2873 977 3266 1052; x_wconf 82' lang='grc' dir='ltr'><strong>ἀπανθρώπως</strong></span> <span class='ocrx_word' id='word_1_233' title='bbox 3311 980 3770 1053; x_wconf 77' lang='grc' dir='ltr'>τιμωρουμένων,</span> 
     </span>
    </p>
   </div>
   <div class='ocr_carea' id='block_1_37' title="bbox 2180 1069 3773 1143">
    <p class='ocr_par' dir='ltr' id='par_1_37' title="bbox 2180 1069 3773 1143">
     <span class='ocr_line' id='line_1_37' title="bbox 2180 1069 3773 1143; baseline 0.001 -20"><span class='ocrx_word' id='word_1_234' title='bbox 2180 1070 2461 1139; x_wconf 78' lang='grc' dir='ltr'><strong>αἰκισμοῖς</strong></span> <span class='ocrx_word' id='word_1_235' title='bbox 2499 1086 2560 1122; x_wconf 90' lang='grc' dir='ltr'><strong>τε</strong></span> <span class='ocrx_word' id='word_1_236' title='bbox 2620 1069 2950 1141; x_wconf 84' lang='grc' dir='ltr'>βαρυτάτοις</span> <span class='ocrx_word' id='word_1_237' title='bbox 2987 1071 3398 1143; x_wconf 85' lang='grc' dir='ltr'>ἀλγυνομένων,</span> <span class='ocrx_word' id='word_1_238' title='bbox 3436 1075 3464 1126; x_wconf 92' lang='lat'><strong>6</strong></span> <span class='ocrx_word' id='word_1_239' title='bbox 3497 1073 3773 1143; x_wconf 74' lang='grc' dir='ltr'>μακάριος</span> 
     </span>
    </p>
   </div>
   <div class='ocr_carea' id='block_1_38' title="bbox 2180 1161 3766 1237">
    <p class='ocr_par' dir='ltr' id='par_1_38' title="bbox 2180 1161 3766 1237">
     <span class='ocr_line' id='line_1_38' title="bbox 2180 1161 3766 1237; baseline 0.003 -23"><span class='ocrx_word' id='word_1_240' title='bbox 2180 1162 2274 1214; x_wconf 74' lang='grc' dir='ltr'>καὶ</span> <span class='ocrx_word' id='word_1_241' title='bbox 2309 1161 2541 1233; x_wconf 76' lang='grc' dir='ltr'>εὐσεϐὴς</span> <span class='ocrx_word' id='word_1_242' title='bbox 2581 1163 2893 1234; x_wconf 83' lang='grc' dir='ltr'>Ἀρτέμιος,</span> <span class='ocrx_word' id='word_1_243' title='bbox 2936 1163 3013 1227; x_wconf 83' lang='grc' dir='ltr'>ὡς</span> <span class='ocrx_word' id='word_1_244' title='bbox 3046 1165 3475 1237; x_wconf 80' lang='grc' dir='ltr'><strong>προδεδήλωται,</strong></span> <span class='ocrx_word' id='word_1_245' title='bbox 3510 1164 3647 1229; x_wconf 70' lang='grc' dir='ltr'>δοὺξ</span> <span class='ocrx_word' id='word_1_246' title='bbox 3675 1166 3766 1218; x_wconf 72' lang='grc' dir='ltr'><strong>καὶ</strong></span> 
     </span>
    </p>
   </div>
   <div class='ocr_carea' id='block_1_39' title="bbox 2181 1252 3767 1324">
    <p class='ocr_par' dir='ltr' id='par_1_39' title="bbox 2181 1252 3767 1324">
     <span class='ocr_line' id='line_1_39' title="bbox 2181 1252 3767 1324; baseline 0.001 -19"><span class='ocrx_word' id='word_1_247' title='bbox 2181 1252 2586 1321; x_wconf 80' lang='grc' dir='ltr'>Δύγουστάλιος</span> <span class='ocrx_word' id='word_1_248' title='bbox 2608 1253 2714 1306; x_wconf 80' lang='grc' dir='ltr'><strong>ὑπὸ</strong></span> <span class='ocrx_word' id='word_1_249' title='bbox 2741 1253 3127 1308; x_wconf 84' lang='grc' dir='ltr'>Κωνσταντίου</span> <span class='ocrx_word' id='word_1_250' title='bbox 3149 1253 3250 1324; x_wconf 79' lang='grc' dir='ltr'>τῆς</span> <span class='ocrx_word' id='word_1_251' title='bbox 3265 1253 3548 1323; x_wconf 73' lang='grc' dir='ltr'><strong>Αἰγύπτου</strong></span> <span class='ocrx_word' id='word_1_252' title='bbox 3582 1254 3767 1323; x_wconf 78' lang='grc' dir='ltr'>πάσης</span> 
     </span>
    </p>
   </div>
   <div class='ocr_carea' id='block_1_40' title="bbox 2183 1344 3768 1417">
    <p class='ocr_par' dir='ltr' id='par_1_40' title="bbox 2183 1344 3768 1417">
     <span class='ocr_line' id='line_1_40' title="bbox 2183 1344 3768 1417; baseline -0.001 -18"><span class='ocrx_word' id='word_1_253' title='bbox 2183 1344 2572 1409; x_wconf 74' lang='grc' dir='ltr'>κατασταθεὶς,</span> <span class='ocrx_word' id='word_1_254' title='bbox 2610 1344 2707 1398; x_wconf 75' lang='grc' dir='ltr'>καὶ</span> <span class='ocrx_word' id='word_1_255' title='bbox 2734 1344 2824 1399; x_wconf 81' lang='grc' dir='ltr'><strong>διὰ</strong></span> <span class='ocrx_word' id='word_1_256' title='bbox 2860 1344 2963 1417; x_wconf 80' lang='grc' dir='ltr'><strong>τὴν</strong></span> <span class='ocrx_word' id='word_1_257' title='bbox 2992 1345 3160 1417; x_wconf 82' lang='grc' dir='ltr'>ὀρθὴν</span> <span class='ocrx_word' id='word_1_258' title='bbox 3200 1345 3369 1400; x_wconf 81' lang='grc' dir='ltr'>αὐτοῦ</span> <span class='ocrx_word' id='word_1_259' title='bbox 3413 1345 3513 1398; x_wconf 80' lang='grc' dir='ltr'>καὶ</span> <span class='ocrx_word' id='word_1_260' title='bbox 3544 1345 3768 1415; x_wconf 82' lang='grc' dir='ltr'>ἀμίμη-</span> 
     </span>
    </p>
   </div>
   <div class='ocr_carea' id='block_1_41' title="bbox 2181 1437 3775 1510">
    <p class='ocr_par' dir='ltr' id='par_1_41' title="bbox 2181 1437 3775 1510">
     <span class='ocr_line' id='line_1_41' title="bbox 2181 1437 3775 1510; baseline -0.003 -16"><span class='ocrx_word' id='word_1_261' title='bbox 2181 1456 2275 1494; x_wconf 85' lang='grc' dir='ltr'><strong>τον</strong></span> <span class='ocrx_word' id='word_1_262' title='bbox 2310 1438 2510 1510; x_wconf 78' lang='grc' dir='ltr'>πρᾶξιν</span> <span class='ocrx_word' id='word_1_263' title='bbox 2533 1438 2838 1510; x_wconf 78' lang='grc' dir='ltr'>ἐπιτροπήν</span> <span class='ocrx_word' id='word_1_264' title='bbox 2872 1437 3001 1508; x_wconf 77' lang='grc' dir='ltr'>ἔσχε</span> <span class='ocrx_word' id='word_1_265' title='bbox 3024 1437 3119 1491; x_wconf 76' lang='grc' dir='ltr'>καὶ</span> <span class='ocrx_word' id='word_1_266' title='bbox 3147 1438 3258 1492; x_wconf 85' lang='grc' dir='ltr'><strong>τῶν</strong></span> <span class='ocrx_word' id='word_1_267' title='bbox 3290 1439 3392 1508; x_wconf 80' lang='grc' dir='ltr'>τῆς</span> <span class='ocrx_word' id='word_1_268' title='bbox 3432 1438 3643 1509; x_wconf 79' lang='grc' dir='ltr'>Συρίας</span> <span class='ocrx_word' id='word_1_269' title='bbox 3662 1438 3775 1490; x_wconf 76' lang='grc' dir='ltr'>ἑπι-</span> 
     </span>
    </p>
   </div>
   <div class='ocr_carea' id='block_1_42' title="bbox 2186 1526 3849 1603">
    <p class='ocr_par' dir='ltr' id='par_1_42' title="bbox 2186 1526 3849 1603">
     <span class='ocr_line' id='line_1_42' title="bbox 2186 1526 3849 1603; baseline -0.002 -17"><span class='ocrx_word' id='word_1_270' title='bbox 2186 1531 2469 1602; x_wconf 86' lang='grc' dir='ltr'>μελεῖσθαι</span> <span class='ocrx_word' id='word_1_271' title='bbox 2506 1532 2891 1603; x_wconf 71' lang='grc' dir='ltr'>πραγμάτων*</span> <span class='ocrx_word' id='word_1_272' title='bbox 2934 1530 3013 1594; x_wconf 85' lang='grc' dir='ltr'>ὡς</span> <span class='ocrx_word' id='word_1_273' title='bbox 3065 1529 3333 1601; x_wconf 82' lang='grc' dir='ltr'><strong>ὑπάρχων</strong></span> <span class='ocrx_word' id='word_1_274' title='bbox 3361 1526 3460 1583; x_wconf 81' lang='grc' dir='ltr'>οὖν</span> <span class='ocrx_word' id='word_1_275' title='bbox 3500 1528 3773 1583; x_wconf 80' lang='grc' dir='ltr'>καθοσιω-</span> <span class='ocrx_word' id='word_1_276' title='bbox 3844 1590 3849 1595; x_wconf 38' lang='grc'><strong>,</strong></span> 
     </span>
    </p>
   </div>
   <div class='ocr_carea' id='block_1_43' title="bbox 2187 1620 3771 1695">
    <p class='ocr_par' dir='ltr' id='par_1_43' title="bbox 2187 1620 3771 1695">
     <span class='ocr_line' id='line_1_43' title="bbox 2187 1620 3771 1695; baseline -0.001 -19"><span class='ocrx_word' id='word_1_277' title='bbox 2187 1622 2350 1694; x_wconf 84' lang='grc' dir='ltr'>μένος</span> <span class='ocrx_word' id='word_1_278' title='bbox 2378 1625 2445 1695; x_wconf 86' lang='grc' dir='ltr'><strong>τῇ</strong></span> <span class='ocrx_word' id='word_1_279' title='bbox 2476 1623 2588 1676; x_wconf 84' lang='grc' dir='ltr'><strong>τῶν</strong></span> <span class='ocrx_word' id='word_1_280' title='bbox 2630 1622 2920 1693; x_wconf 79' lang='grc' dir='ltr'>Ῥωμαίων</span> <span class='ocrx_word' id='word_1_281' title='bbox 2963 1620 3237 1693; x_wconf 78' lang='grc' dir='ltr'>βασιλείᾳ,</span> <span class='ocrx_word' id='word_1_282' title='bbox 3276 1622 3375 1677; x_wconf 74' lang='grc' dir='ltr'>καὶ</span> <span class='ocrx_word' id='word_1_283' title='bbox 3410 1621 3660 1685; x_wconf 80' lang='grc' dir='ltr'>ἀκούσας</span> <span class='ocrx_word' id='word_1_284' title='bbox 3691 1622 3771 1675; x_wconf 80' lang='grc' dir='ltr'>ὃτι</span> 
     </span>
    </p>
   </div>
   <div class='ocr_carea' id='block_1_44' title="bbox 2195 1713 3774 1787">
    <p class='ocr_par' dir='ltr' id='par_1_44' title="bbox 2195 1713 3774 1787">
     <span class='ocr_line' id='line_1_44' title="bbox 2195 1713 3774 1787; baseline -0.001 -18"><span class='ocrx_word' id='word_1_285' title='bbox 2195 1716 2487 1779; x_wconf 75' lang='grc' dir='ltr'>Ἰουλιανὸς</span> <span class='ocrx_word' id='word_1_286' title='bbox 2519 1716 2900 1787; x_wconf 77' lang='grc' dir='ltr'>βεϐασίλευκε,</span> <span class='ocrx_word' id='word_1_287' title='bbox 2927 1714 3186 1786; x_wconf 78' lang='grc' dir='ltr'>καὶπρὸς</span> <span class='ocrx_word' id='word_1_288' title='bbox 3213 1713 3309 1767; x_wconf 79' lang='grc' dir='ltr'><strong>τὸν</strong></span> <span class='ocrx_word' id='word_1_289' title='bbox 3334 1714 3611 1785; x_wconf 79' lang='grc' dir='ltr'>Περσικὸν</span> <span class='ocrx_word' id='word_1_290' title='bbox 3642 1731 3774 1768; x_wconf 68' lang='grc' dir='ltr'>κατα</span> 
     </span>
    </p>
   </div>
   <div class='ocr_carea' id='block_1_45' title="bbox 2184 1806 3773 1881">
    <p class='ocr_par' dir='ltr' id='par_1_45' title="bbox 2184 1806 3773 1881">
     <span class='ocr_line' id='line_1_45' title="bbox 2184 1806 3773 1881; baseline -0.003 -18"><span class='ocrx_word' id='word_1_291' title='bbox 2184 1809 2467 1879; x_wconf 86' lang='grc' dir='ltr'>επείγεται</span> <span class='ocrx_word' id='word_1_292' title='bbox 2489 1810 2749 1881; x_wconf 88' lang='grc' dir='ltr'>πόλεμον,</span> <span class='ocrx_word' id='word_1_293' title='bbox 2782 1806 3103 1880; x_wconf 86' lang='grc' dir='ltr'>γράμματά</span> <span class='ocrx_word' id='word_1_294' title='bbox 3138 1824 3200 1860; x_wconf 86' lang='grc' dir='ltr'><strong>τε</strong></span> <span class='ocrx_word' id='word_1_295' title='bbox 3234 1806 3533 1879; x_wconf 80' lang='grc' dir='ltr'>δεξάμενος</span> <span class='ocrx_word' id='word_1_296' title='bbox 3566 1806 3639 1860; x_wconf 78' lang='grc' dir='ltr'>τὰ</span> <span class='ocrx_word' id='word_1_297' title='bbox 3664 1822 3773 1859; x_wconf 81' lang='grc' dir='ltr'>πα·-</span> 
     </span>
    </p>
   </div>
   <div class='ocr_carea' id='block_1_46' title="bbox 2187 1897 3773 1974">
    <p class='ocr_par' dir='ltr' id='par_1_46' title="bbox 2187 1897 3773 1974">
     <span class='ocr_line' id='line_1_46' title="bbox 2187 1897 3773 1974; baseline -0.003 -19"><span class='ocrx_word' id='word_1_298' title='bbox 2187 1900 2596 1974; x_wconf 88' lang='grc' dir='ltr'>ρακελευόμενα</span> <span class='ocrx_word' id='word_1_299' title='bbox 2652 1901 2793 1971; x_wconf 82' lang='grc' dir='ltr'>μετὰ</span> <span class='ocrx_word' id='word_1_300' title='bbox 2855 1900 3059 1963; x_wconf 83' lang='grc' dir='ltr'>παντὸς</span> <span class='ocrx_word' id='word_1_301' title='bbox 3102 1897 3201 1953; x_wconf 79' lang='grc' dir='ltr'><strong>τοῦ</strong></span> <span class='ocrx_word' id='word_1_302' title='bbox 3250 1901 3672 1971; x_wconf 78' lang='grc' dir='ltr'><strong>στρατεύματος</strong></span> <span class='ocrx_word' id='word_1_303' title='bbox 3696 1899 3773 1961; x_wconf 83' lang='grc' dir='ltr'><strong>εἰς</strong></span> 
     </span>
    </p>
   </div>
   <div class='ocr_carea' id='block_1_47' title="bbox 2195 1990 3773 2065">
    <p class='ocr_par' dir='ltr' id='par_1_47' title="bbox 2195 1990 3773 2065">
     <span class='ocr_line' id='line_1_47' title="bbox 2195 1990 3773 2065; baseline -0.004 -17"><span class='ocrx_word' id='word_1_304' title='bbox 2195 1994 2528 2065; x_wconf 81' lang='grc' dir='ltr'><strong>Ἀντιόχειαν</strong></span> <span class='ocrx_word' id='word_1_305' title='bbox 2552 1993 2729 2064; x_wconf 80' lang='grc' dir='ltr'>ήκειν,</span> <span class='ocrx_word' id='word_1_306' title='bbox 2763 1991 2906 2047; x_wconf 82' lang='grc' dir='ltr'>κατὰ</span> <span class='ocrx_word' id='word_1_307' title='bbox 2934 1992 2996 2047; x_wconf 80' lang='grc' dir='ltr'>τὸ</span> <span class='ocrx_word' id='word_1_308' title='bbox 3039 1991 3333 2047; x_wconf 80' lang='grc' dir='ltr'>κελευσθὲν</span> <span class='ocrx_word' id='word_1_309' title='bbox 3363 1990 3518 2063; x_wconf 85' lang='grc' dir='ltr'><strong>αύτῷ</strong></span> <span class='ocrx_word' id='word_1_310' title='bbox 3544 1990 3773 2061; x_wconf 83' lang='grc' dir='ltr'>παρεγὲ-</span> 
     </span>
    </p>
   </div>
   <div class='ocr_carea' id='block_1_48' title="bbox 2184 2074 3772 2153">
    <p class='ocr_par' dir='ltr' id='par_1_48' title="bbox 2184 2074 3772 2153">
     <span class='ocr_line' id='line_1_48' title="bbox 2184 2074 3772 2153; baseline -0.006 -15"><span class='ocrx_word' id='word_1_311' title='bbox 2184 2102 2306 2139; x_wconf 89' lang='grc' dir='ltr'>νετο</span> <span class='ocrx_word' id='word_1_312' title='bbox 2330 2085 2389 2138; x_wconf 75' lang='grc' dir='ltr'>ὲν</span> <span class='ocrx_word' id='word_1_313' title='bbox 2431 2082 2754 2153; x_wconf 80' lang='grc' dir='ltr'><strong>Ἀντιοχείᾳ,</strong></span> <span class='ocrx_word' id='word_1_314' title='bbox 2776 2081 2873 2135; x_wconf 81' lang='grc' dir='ltr'>καὶ</span> <span class='ocrx_word' id='word_1_315' title='bbox 2902 2081 3043 2153; x_wconf 80' lang='grc' dir='ltr'>μετὰ</span> <span class='ocrx_word' id='word_1_316' title='bbox 3072 2081 3172 2153; x_wconf 84' lang='grc' dir='ltr'>τῆς</span> <span class='ocrx_word' id='word_1_317' title='bbox 3198 2076 3596 2152; x_wconf 78' lang='grc' dir='ltr'><strong>προσηκούσης</strong></span> <span class='ocrx_word' id='word_1_318' title='bbox 3625 2074 3772 2145; x_wconf 80' lang='grc' dir='ltr'>αὐτῷ</span> 
     </span>
    </p>
   </div>
   <div class='ocr_carea' id='block_1_49' title="bbox 2182 2166 3773 2247">
    <p class='ocr_par' dir='ltr' id='par_1_49' title="bbox 2182 2166 3773 2247">
     <span class='ocr_line' id='line_1_49' title="bbox 2182 2166 3773 2247; baseline -0.007 -18"><span class='ocrx_word' id='word_1_319' title='bbox 2182 2176 2354 2247; x_wconf 84' lang='grc' dir='ltr'>τιμῆς</span> <span class='ocrx_word' id='word_1_320' title='bbox 2398 2191 2458 2228; x_wconf 90' lang='grc' dir='ltr'><strong>τε</strong></span> <span class='ocrx_word' id='word_1_321' title='bbox 2505 2174 2604 2228; x_wconf 57' lang='grc' dir='ltr'><strong>καὶ⁸</strong></span> <span class='ocrx_word' id='word_1_322' title='bbox 2651 2172 3005 2245; x_wconf 84' lang='grc' dir='ltr'>δορυφορίας,</span> <span class='ocrx_word' id='word_1_323' title='bbox 3044 2167 3517 2243; x_wconf 87' lang='grc' dir='ltr'>παρειστήκειτῷ</span> <span class='ocrx_word' id='word_1_324' title='bbox 3563 2166 3773 2237; x_wconf 85' lang='grc' dir='ltr'>βασιλεί</span> 
     </span>
    </p>
   </div>
   <div class='ocr_carea' id='block_1_50' title="bbox 2186 2258 3771 2340">
    <p class='ocr_par' dir='ltr' id='par_1_50' title="bbox 2186 2258 3771 2340">
     <span class='ocr_line' id='line_1_50' title="bbox 2186 2258 3771 2340; baseline -0.008 -16"><span class='ocrx_word' id='word_1_325' title='bbox 2186 2270 2281 2324; x_wconf 76' lang='grc' dir='ltr'><strong>ἐπὶ</strong></span> <span class='ocrx_word' id='word_1_326' title='bbox 2331 2267 2425 2323; x_wconf 78' lang='grc' dir='ltr'><strong>τοῦ</strong></span> <span class='ocrx_word' id='word_1_327' title='bbox 2476 2267 2744 2340; x_wconf 85' lang='grc' dir='ltr'>βήματος,</span> <span class='ocrx_word' id='word_1_328' title='bbox 2781 2266 2872 2320; x_wconf 83' lang='grc' dir='ltr'>ὅτε</span> <span class='ocrx_word' id='word_1_329' title='bbox 2902 2264 3001 2337; x_wconf 82' lang='grc' dir='ltr'>τὴν</span> <span class='ocrx_word' id='word_1_330' title='bbox 3052 2263 3166 2319; x_wconf 81' lang='grc' dir='ltr'><strong>τῶν</strong></span> <span class='ocrx_word' id='word_1_331' title='bbox 3214 2262 3388 2332; x_wconf 83' lang='grc' dir='ltr'>ἁγίων</span> <span class='ocrx_word' id='word_1_332' title='bbox 3434 2258 3588 2334; x_wconf 82' lang='grc'>[567]</span> <span class='ocrx_word' id='word_1_333' title='bbox 3634 2276 3771 2330; x_wconf 86' lang='grc' dir='ltr'>μαρ-</span> 
     </span>
    </p>
   </div>
   <div class='ocr_carea' id='block_1_51' title="bbox 2184 2349 3771 2432">
    <p class='ocr_par' dir='ltr' id='par_1_51' title="bbox 2184 2349 3771 2432">
     <span class='ocr_line' id='line_1_51' title="bbox 2184 2349 3771 2432; baseline -0.009 -18"><span class='ocrx_word' id='word_1_334' title='bbox 2184 2360 2369 2432; x_wconf 89' lang='grc' dir='ltr'>τύρων</span> <span class='ocrx_word' id='word_1_335' title='bbox 2400 2359 2430 2411; x_wconf 90' lang='lat'><strong>6</strong></span> <span class='ocrx_word' id='word_1_336' title='bbox 2472 2358 2792 2431; x_wconf 87' lang='grc' dir='ltr'>παράνομος</span> <span class='ocrx_word' id='word_1_337' title='bbox 2848 2356 3091 2411; x_wconf 69' lang='grc' dir='ltr'>ἐποιεῖτο</span> <span class='ocrx_word' id='word_1_338' title='bbox 3134 2353 3384 2419; x_wconf 68' lang='grc' dir='ltr'>ἐξέτασιν</span> <span class='ocrx_word' id='word_1_339' title='bbox 3404 2368 3420 2384; x_wconf 79' lang='grc' dir='ltr'><strong><em>ο</em></strong></span> <span class='ocrx_word' id='word_1_340' title='bbox 3473 2350 3572 2405; x_wconf 80' lang='grc' dir='ltr'>καὶ</span> <span class='ocrx_word' id='word_1_341' title='bbox 3612 2349 3771 2419; x_wconf 76' lang='grc' dir='ltr'>φησὶν</span> 
     </span>
    </p>
   </div>
   <div class='ocr_carea' id='block_1_52' title="bbox 2186 2442 3773 2524">
    <p class='ocr_par' dir='ltr' id='par_1_52' title="bbox 2186 2442 3773 2524">
     <span class='ocr_line' id='line_1_52' title="bbox 2186 2442 3773 2524; baseline -0.006 -18"><span class='ocrx_word' id='word_1_342' title='bbox 2186 2452 2324 2524; x_wconf 80' lang='grc' dir='ltr'>πρὸς</span> <span class='ocrx_word' id='word_1_343' title='bbox 2350 2451 2516 2507; x_wconf 80' lang='grc' dir='ltr'>αὐτόν</span> <span class='ocrx_word' id='word_1_344' title='bbox 2541 2466 2556 2483; x_wconf 76' lang='grc' dir='ltr'><strong>ο</strong></span> <span class='ocrx_word' id='word_1_345' title='bbox 2595 2446 2668 2504; x_wconf 70' lang='grc' dir='ltr'><strong>Ὠ</strong></span> <span class='ocrx_word' id='word_1_346' title='bbox 2698 2446 2947 2522; x_wconf 82' lang='grc' dir='ltr'>βασιλεῦ,</span> <span class='ocrx_word' id='word_1_347' title='bbox 2970 2448 3063 2503; x_wconf 81' lang='grc' dir='ltr'><strong>διὰ</strong></span> <span class='ocrx_word' id='word_1_348' title='bbox 3085 2448 3138 2502; x_wconf 90' lang='grc' dir='ltr'><strong>τί</strong></span> <span class='ocrx_word' id='word_1_349' title='bbox 3179 2446 3355 2511; x_wconf 73' lang='grc' dir='ltr'>οὕτως</span> <span class='ocrx_word' id='word_1_350' title='bbox 3389 2442 3773 2515; x_wconf 76' lang='grc' dir='ltr'>ἀπανθρώπως</span> 
     </span>
    </p>
   </div>
   <div class='ocr_carea' id='block_1_53' title="bbox 2186 2535 3773 2616">
    <p class='ocr_par' dir='ltr' id='par_1_53' title="bbox 2186 2535 3773 2616">
     <span class='ocr_line' id='line_1_53' title="bbox 2186 2535 3773 2616; baseline -0.009 -15"><span class='ocrx_word' id='word_1_351' title='bbox 2186 2545 2389 2616; x_wconf 78' lang='grc' dir='ltr'>ἄνδρας</span> <span class='ocrx_word' id='word_1_352' title='bbox 2414 2543 2608 2613; x_wconf 83' lang='grc' dir='ltr'>ἁγίους</span> <span class='ocrx_word' id='word_1_353' title='bbox 2640 2542 2737 2597; x_wconf 78' lang='grc' dir='ltr'>καὶ</span> <span class='ocrx_word' id='word_1_354' title='bbox 2765 2542 2842 2614; x_wconf 82' lang='grc' dir='ltr'>τῷ</span> <span class='ocrx_word' id='word_1_355' title='bbox 2871 2541 2993 2613; x_wconf 85' lang='grc' dir='ltr'>Θεῷ</span> <span class='ocrx_word' id='word_1_356' title='bbox 3011 2539 3429 2612; x_wconf 81' lang='grc' dir='ltr'>ἀφιερωμένους</span> <span class='ocrx_word' id='word_1_357' title='bbox 3448 2536 3663 2609; x_wconf 78' lang='grc' dir='ltr'>αίκὶζῃ,</span> <span class='ocrx_word' id='word_1_358' title='bbox 3683 2535 3773 2587; x_wconf 72' lang='grc' dir='ltr'>καὶ</span> 
     </span>
    </p>
   </div>
   <div class='ocr_carea' id='block_1_54' title="bbox 2185 2626 3770 2708">
    <p class='ocr_par' dir='ltr' id='par_1_54' title="bbox 2185 2626 3770 2708">
     <span class='ocr_line' id='line_1_54' title="bbox 2185 2626 3770 2708; baseline -0.009 -15"><span class='ocrx_word' id='word_1_359' title='bbox 2185 2635 2522 2708; x_wconf 81' lang='grc' dir='ltr'>ἀναγκάζεις</span> <span class='ocrx_word' id='word_1_360' title='bbox 2552 2635 2815 2708; x_wconf 71' lang='grc' dir='ltr'>ἐξάρνους</span> <span class='ocrx_word' id='word_1_361' title='bbox 2842 2632 3097 2704; x_wconf 83' lang='grc' dir='ltr'>γενέσθαι</span> <span class='ocrx_word' id='word_1_362' title='bbox 3128 2630 3227 2703; x_wconf 83' lang='grc' dir='ltr'>τῆς</span> <span class='ocrx_word' id='word_1_363' title='bbox 3253 2628 3467 2695; x_wconf 73' lang='grc' dir='ltr'>ἑαυτῶν</span> <span class='ocrx_word' id='word_1_364' title='bbox 3497 2626 3770 2689; x_wconf 78' lang='grc' dir='ltr'>πίστεωςς</span> 
     </span>
    </p>
   </div>
   <div class='ocr_carea' id='block_1_55' title="bbox 2186 2714 3772 2801">
    <p class='ocr_par' dir='ltr' id='par_1_55' title="bbox 2186 2714 3772 2801">
     <span class='ocr_line' id='line_1_55' title="bbox 2186 2714 3772 2801; baseline -0.009 -17"><span class='ocrx_word' id='word_1_365' title='bbox 2186 2730 2431 2801; x_wconf 88' lang='grc' dir='ltr'>γίκωσκε</span> <span class='ocrx_word' id='word_1_366' title='bbox 2453 2727 2635 2801; x_wconf 86' lang='grc' dir='ltr'>τοίνυν</span> <span class='ocrx_word' id='word_1_367' title='bbox 2666 2726 2749 2780; x_wconf 83' lang='grc' dir='ltr'>ὅτι</span> <span class='ocrx_word' id='word_1_368' title='bbox 2781 2725 2879 2780; x_wconf 60' lang='grc' dir='ltr'><strong>καλ⁵</strong></span> <span class='ocrx_word' id='word_1_369' title='bbox 2923 2723 3087 2788; x_wconf 81' lang='grc' dir='ltr'>αὐτὸς</span> <span class='ocrx_word' id='word_1_370' title='bbox 3112 2721 3403 2793; x_wconf 78' lang='grc' dir='ltr'>ἄνθρωπος</span> <span class='ocrx_word' id='word_1_371' title='bbox 3430 2714 3481 2773; x_wconf 81' lang='grc' dir='ltr'>εἶ</span> <span class='ocrx_word' id='word_1_372' title='bbox 3514 2720 3772 2789; x_wconf 80' lang='grc' dir='ltr'>ὁμοιοπα-</span> 
     </span>
    </p>
   </div>
   <div class='ocr_carea' id='block_1_56' title="bbox 2189 2810 3773 2895">
    <p class='ocr_par' dir='ltr' id='par_1_56' title="bbox 2189 2810 3773 2895">
     <span class='ocr_line' id='line_1_56' title="bbox 2189 2810 3773 2895; baseline -0.012 -17"><span class='ocrx_word' id='word_1_373' title='bbox 2189 2821 2309 2895; x_wconf 79' lang='grc' dir='ltr'>Θὴς,</span> <span class='ocrx_word' id='word_1_374' title='bbox 2353 2822 2451 2876; x_wconf 76' lang='grc' dir='ltr'>καὶ</span> <span class='ocrx_word' id='word_1_375' title='bbox 2483 2822 2583 2891; x_wconf 82' lang='grc' dir='ltr'>τῆς</span> <span class='ocrx_word' id='word_1_376' title='bbox 2607 2819 2779 2889; x_wconf 79' lang='grc' dir='ltr'>αὐτῆς</span> <span class='ocrx_word' id='word_1_377' title='bbox 2820 2816 3038 2887; x_wconf 87' lang='grc' dir='ltr'>φύσεως</span> <span class='ocrx_word' id='word_1_378' title='bbox 3066 2814 3178 2870; x_wconf 84' lang='grc' dir='ltr'><strong>τῶν</strong></span> <span class='ocrx_word' id='word_1_379' title='bbox 3231 2810 3587 2883; x_wconf 79' lang='grc' dir='ltr'>παθημάτων</span> <span class='ocrx_word' id='word_1_380' title='bbox 3622 2824 3773 2878; x_wconf 82' lang='grc' dir='ltr'>μετε-</span> 
     </span>
    </p>
   </div>
   <div class='ocr_carea' id='block_1_57' title="bbox 2192 2901 3772 2987">
    <p class='ocr_par' dir='ltr' id='par_1_57' title="bbox 2192 2901 3772 2987">
     <span class='ocr_line' id='line_1_57' title="bbox 2192 2901 3772 2987; baseline -0.01 -18"><span class='ocrx_word' id='word_1_381' title='bbox 2192 2912 2452 2987; x_wconf 76' lang='grc' dir='ltr'>σχηκώςο</span> <span class='ocrx_word' id='word_1_382' title='bbox 2487 2912 2585 2966; x_wconf 68' lang='grc' dir='ltr'><strong>καὶ¹</strong></span> <span class='ocrx_word' id='word_1_383' title='bbox 2617 2911 2667 2964; x_wconf 81' lang='grc' dir='ltr'><strong>εί</strong></span> <span class='ocrx_word' id='word_1_384' title='bbox 2688 2910 2825 2973; x_wconf 87' lang='grc' dir='ltr'>Θεός</span> <span class='ocrx_word' id='word_1_385' title='bbox 2854 2926 2915 2963; x_wconf 90' lang='grc' dir='ltr'><strong>σε</strong></span> <span class='ocrx_word' id='word_1_386' title='bbox 2944 2906 3169 2980; x_wconf 81' lang='grc' dir='ltr'>βασιλέα</span> <span class='ocrx_word' id='word_1_387' title='bbox 3193 2908 3560 2974; x_wconf 79' lang='grc' dir='ltr'>κατέστησεν,</span> <span class='ocrx_word' id='word_1_388' title='bbox 3591 2902 3647 2955; x_wconf 83' lang='grc' dir='ltr'><strong>εί</strong></span> <span class='ocrx_word' id='word_1_389' title='bbox 3672 2901 3772 2972; x_wconf 77' lang='grc' dir='ltr'>ἄρα</span> 
     </span>
    </p>
   </div>
   <div class='ocr_carea' id='block_1_58' title="bbox 2188 2989 3774 3072">
    <p class='ocr_par' dir='ltr' id='par_1_58' title="bbox 2188 2989 3774 3072">
     <span class='ocr_line' id='line_1_58' title="bbox 2188 2989 3774 3072; baseline -0.011 -14"><span class='ocrx_word' id='word_1_390' title='bbox 2188 3021 2255 3072; x_wconf 89' lang='grc' dir='ltr'><strong>γε</strong></span> <span class='ocrx_word' id='word_1_391' title='bbox 2277 3005 2344 3058; x_wconf 81' lang='grc' dir='ltr'>ὲκ</span> <span class='ocrx_word' id='word_1_392' title='bbox 2370 3001 2508 3057; x_wconf 84' lang='grc' dir='ltr'><strong>Θεοῦ</strong></span> <span class='ocrx_word' id='word_1_393' title='bbox 2534 3001 2598 3056; x_wconf 83' lang='grc' dir='ltr'>τὸ</span> <span class='ocrx_word' id='word_1_394' title='bbox 2621 2999 2897 3071; x_wconf 86' lang='grc' dir='ltr'>βασίλειον</span> <span class='ocrx_word' id='word_1_395' title='bbox 2926 2996 3095 3071; x_wconf 74' lang='grc' dir='ltr'>ἔχεις,</span> <span class='ocrx_word' id='word_1_396' title='bbox 3119 2995 3216 3051; x_wconf 78' lang='grc' dir='ltr'>καὶ</span> <span class='ocrx_word' id='word_1_397' title='bbox 3241 2994 3317 3067; x_wconf 79' lang='grc' dir='ltr'><strong>μὴ</strong></span> <span class='ocrx_word' id='word_1_398' title='bbox 3346 2992 3661 3065; x_wconf 75' lang='grc' dir='ltr'>ἀρχέκακος</span> <span class='ocrx_word' id='word_1_399' title='bbox 3686 2989 3774 3042; x_wconf 77' lang='grc' dir='ltr'>καὶ</span> 
     </span>
    </p>
   </div>
   <div class='ocr_carea' id='block_1_59' title="bbox 2190 3080 3773 3168">
    <p class='ocr_par' dir='ltr' id='par_1_59' title="bbox 2190 3080 3773 3168">
     <span class='ocr_line' id='line_1_59' title="bbox 2190 3080 3773 3168; baseline -0.009 -19"><span class='ocrx_word' id='word_1_400' title='bbox 2190 3094 2428 3168; x_wconf 80' lang='grc' dir='ltr'>πονηρὸς</span> <span class='ocrx_word' id='word_1_401' title='bbox 2466 3092 2716 3156; x_wconf 75' lang='grc' dir='ltr'>διάϐολος</span> <span class='ocrx_word' id='word_1_402' title='bbox 2768 3090 2960 3162; x_wconf 81' lang='grc' dir='ltr'>ὥσπερ</span> <span class='ocrx_word' id='word_1_403' title='bbox 3014 3088 3108 3143; x_wconf 80' lang='grc' dir='ltr'>τὸν</span> <span class='ocrx_word' id='word_1_404' title='bbox 3173 3086 3297 3143; x_wconf 78' lang='grc' dir='ltr'><strong>Ἰὼϐ</strong></span> <span class='ocrx_word' id='word_1_405' title='bbox 3335 3086 3647 3158; x_wconf 75' lang='grc' dir='ltr'>ὲξητήσατο</span> <span class='ocrx_word' id='word_1_406' title='bbox 3685 3080 3773 3137; x_wconf 74' lang='grc' dir='ltr'>καὶ</span> 
     </span>
    </p>
   </div>
   <div class='ocr_carea' id='block_1_60' title="bbox 2191 3174 3774 3252">
    <p class='ocr_par' dir='ltr' id='par_1_60' title="bbox 2191 3174 3774 3252">
     <span class='ocr_line' id='line_1_60' title="bbox 2191 3174 3774 3252; baseline -0.008 -12"><span class='ocrx_word' id='word_1_407' title='bbox 2191 3186 2408 3252; x_wconf 73' lang='grc' dir='ltr'>ἐλαϐεν,</span> <span class='ocrx_word' id='word_1_408' title='bbox 2463 3182 2635 3248; x_wconf 75' lang='grc' dir='ltr'>οὕτως</span> <span class='ocrx_word' id='word_1_409' title='bbox 2698 3181 2796 3236; x_wconf 77' lang='grc' dir='ltr'>καὶ</span> <span class='ocrx_word' id='word_1_410' title='bbox 2830 3181 2890 3237; x_wconf 75' lang='grc' dir='ltr'>σὲ</span> <span class='ocrx_word' id='word_1_411' title='bbox 2945 3180 3072 3236; x_wconf 86' lang='grc' dir='ltr'>καθ’</span> <span class='ocrx_word' id='word_1_412' title='bbox 3134 3178 3294 3251; x_wconf 84' lang='grc' dir='ltr'>ήμῶν</span> <span class='ocrx_word' id='word_1_413' title='bbox 3346 3174 3774 3247; x_wconf 78' lang='grc' dir='ltr'>ἐξαιτησάμενος</span> 
     </span>
    </p>
   </div>
   <div class='ocr_carea' id='block_1_61' title="bbox 2195 3261 3773 3349">
    <p class='ocr_par' dir='ltr' id='par_1_61' title="bbox 2195 3261 3773 3349">
     <span class='ocr_line' id='line_1_61' title="bbox 2195 3261 3773 3349; baseline -0.011 -16"><span class='ocrx_word' id='word_1_414' title='bbox 2195 3278 2416 3349; x_wconf 72' lang='grc' dir='ltr'>εἴληφεν</span> <span class='ocrx_word' id='word_1_415' title='bbox 2450 3279 2478 3331; x_wconf 91' lang='lat'><strong>6</strong></span> <span class='ocrx_word' id='word_1_416' title='bbox 2508 3274 2892 3347; x_wconf 78' lang='grc' dir='ltr'>παμπόνηρος,</span> <span class='ocrx_word' id='word_1_417' title='bbox 2923 3272 3015 3328; x_wconf 79' lang='grc' dir='ltr'>ἵνα</span> <span class='ocrx_word' id='word_1_418' title='bbox 3048 3271 3266 3346; x_wconf 79' lang='grc' dir='ltr'>σινιάσῃ</span> <span class='ocrx_word' id='word_1_419' title='bbox 3294 3270 3387 3325; x_wconf 76' lang='grc' dir='ltr'>τὸν</span> <span class='ocrx_word' id='word_1_420' title='bbox 3408 3267 3503 3324; x_wconf 85' lang='grc' dir='ltr'>τοῦ</span> <span class='ocrx_word' id='word_1_421' title='bbox 3531 3261 3773 3338; x_wconf 76' lang='grc' dir='ltr'>Χριστοῦ</span> 
     </span>
    </p>
   </div>
   <div class='ocr_carea' id='block_1_62' title="bbox 507 3355 2087 3442">
    <p class='ocr_par' dir='ltr' id='par_1_62' title="bbox 507 3362 2087 3436">
     <span class='ocr_line' id='line_1_62' title="bbox 507 3362 2087 3436; baseline -0.001 -16"><span class='ocrx_word' id='word_1_422' title='bbox 507 3364 699 3420; x_wconf 89' lang='lat' dir='ltr'><strong>eadem</strong></span> <span class='ocrx_word' id='word_1_423' title='bbox 760 3380 869 3436; x_wconf 90' lang='lat' dir='ltr'><strong>qua</strong></span> <span class='ocrx_word' id='word_1_424' title='bbox 934 3365 1069 3421; x_wconf 91' lang='lat' dir='ltr'><strong>olim</strong></span> <span class='ocrx_word' id='word_1_425' title='bbox 1141 3366 1345 3434; x_wconf 88' lang='lat' dir='ltr'><strong>gaudet</strong></span> <span class='ocrx_word' id='word_1_426' title='bbox 1380 3364 1649 3435; x_wconf 89' lang='lat' dir='ltr'><strong>potentia.</strong></span> <span class='ocrx_word' id='word_1_427' title='bbox 1684 3362 1821 3419; x_wconf 89' lang='lat' dir='ltr'><strong>Nam</strong></span> <span class='ocrx_word' id='word_1_428' title='bbox 1882 3379 1946 3419; x_wconf 82' lang='lat' dir='ltr'><strong>ex</strong></span> <span class='ocrx_word' id='word_1_429' title='bbox 1980 3378 2087 3434; x_wconf 92' lang='lat' dir='ltr'><strong>quo</strong></span> 
     </span>
    </p>
   </div>
   <div class='ocr_carea' id='block_1_63' title="bbox 2192 3355 3775 3442">
    <p class='ocr_par' dir='ltr' id='par_1_63' title="bbox 2200 3355 3775 3442">
     <span class='ocr_line' id='line_1_63' title="bbox 2200 3355 3775 3442; baseline -0.011 -15"><span class='ocrx_word' id='word_1_430' title='bbox 2200 3376 2368 3437; x_wconf 87' lang='grc' dir='ltr'>σῖτον,</span> <span class='ocrx_word' id='word_1_431' title='bbox 2407 3370 2505 3425; x_wconf 79' lang='grc' dir='ltr'>καὶ</span> <span class='ocrx_word' id='word_1_432' title='bbox 2541 3368 2844 3442; x_wconf 63' lang='grc' dir='ltr'>ἐπισπείρει</span> <span class='ocrx_word' id='word_1_433' title='bbox 2870 3365 3091 3432; x_wconf 76' lang='grc' dir='ltr'>ζιζάνια</span> <span class='ocrx_word' id='word_1_434' title='bbox 3116 3382 3131 3397; x_wconf 91' lang='grc'><strong>·</strong></span> <span class='ocrx_word' id='word_1_435' title='bbox 3162 3363 3280 3419; x_wconf 77' lang='grc' dir='ltr'>ἀλλ’</span> <span class='ocrx_word' id='word_1_436' title='bbox 3303 3363 3387 3426; x_wconf 81' lang='grc' dir='ltr'><strong>είς</strong></span> <span class='ocrx_word' id='word_1_437' title='bbox 3410 3360 3586 3433; x_wconf 86' lang='grc' dir='ltr'>μάτην</span> <span class='ocrx_word' id='word_1_438' title='bbox 3611 3355 3775 3413; x_wconf 74' lang='grc' dir='ltr'>αὐτοῦ</span> 
     </span>
    </p>
   </div>
   <div class='ocr_carea' id='block_1_64' title="bbox 506 3453 2090 3517">
    <p class='ocr_par' dir='ltr' id='par_1_64' title="bbox 506 3453 2090 3517">
     <span class='ocr_line' id='line_1_64' title="bbox 506 3453 2090 3517; baseline -0.003 -6"><span class='ocrx_word' id='word_1_439' title='bbox 506 3454 768 3511; x_wconf 84' lang='lat' dir='ltr'><strong>Christus</strong></span> <span class='ocrx_word' id='word_1_440' title='bbox 814 3455 966 3511; x_wconf 88' lang='lat' dir='ltr'><strong>venit</strong></span> <span class='ocrx_word' id='word_1_441' title='bbox 1020 3462 1074 3510; x_wconf 91' lang='lat' dir='ltr'><strong>et</strong></span> <span class='ocrx_word' id='word_1_442' title='bbox 1111 3455 1165 3509; x_wconf 92' lang='lat' dir='ltr'><strong>in</strong></span> <span class='ocrx_word' id='word_1_443' title='bbox 1197 3462 1380 3509; x_wconf 87' lang='lat' dir='ltr'><strong>erecta</strong></span> <span class='ocrx_word' id='word_1_444' title='bbox 1440 3468 1609 3509; x_wconf 88' lang='lat' dir='ltr'><strong>cruce</strong></span> <span class='ocrx_word' id='word_1_445' title='bbox 1655 3453 1935 3509; x_wconf 79' lang='lat' dir='ltr'><strong>exaltatus</strong></span> <span class='ocrx_word' id='word_1_446' title='bbox 1985 3460 2090 3517; x_wconf 89' lang='lat' dir='ltr'><strong>est,</strong></span> 
     </span>
    </p>
   </div>
   <div class='ocr_carea' id='block_1_65' title="bbox 2197 3451 3773 3535">
    <p class='ocr_par' dir='ltr' id='par_1_65' title="bbox 2197 3451 3773 3535">
     <span class='ocr_line' id='line_1_65' title="bbox 2197 3451 3773 3535; baseline -0.01 -15"><span class='ocrx_word' id='word_1_447' title='bbox 2197 3466 2260 3521; x_wconf 84' lang='grc' dir='ltr'><strong>τδ</strong></span> <span class='ocrx_word' id='word_1_448' title='bbox 2290 3464 2605 3535; x_wconf 75' lang='grc' dir='ltr'>ἐγχείρημα</span> <span class='ocrx_word' id='word_1_449' title='bbox 2625 3478 2638 3492; x_wconf 73' lang='grc'><strong><em>⁸</em></strong></span> <span class='ocrx_word' id='word_1_450' title='bbox 2664 3461 2852 3516; x_wconf 81' lang='grc' dir='ltr'>οὐκέτι</span> <span class='ocrx_word' id='word_1_451' title='bbox 2877 3460 2986 3532; x_wconf 83' lang='grc' dir='ltr'><strong>γὰρ</strong></span> <span class='ocrx_word' id='word_1_452' title='bbox 3012 3456 3165 3530; x_wconf 86' lang='grc' dir='ltr'><strong>αύτῷ</strong></span> <span class='ocrx_word' id='word_1_453' title='bbox 3191 3457 3345 3530; x_wconf 82' lang='grc' dir='ltr'>ίσχὺς</span> <span class='ocrx_word' id='word_1_454' title='bbox 3365 3456 3440 3519; x_wconf 79' lang='grc' dir='ltr'>ὡς</span> <span class='ocrx_word' id='word_1_455' title='bbox 3466 3454 3560 3509; x_wconf 78' lang='grc' dir='ltr'>καὶ</span> <span class='ocrx_word' id='word_1_456' title='bbox 3581 3451 3773 3524; x_wconf 79' lang='grc' dir='ltr'>πρότεο</span> 
     </span>
    </p>
   </div>
   <div class='ocr_carea' id='block_1_66' title="bbox 509 3544 2087 3630">
    <p class='ocr_par' dir='ltr' id='par_1_66' title="bbox 509 3544 2087 3618">
     <span class='ocr_line' id='line_1_66' title="bbox 509 3544 2087 3618; baseline -0.002 -17"><span class='ocrx_word' id='word_1_457' title='bbox 509 3547 715 3604; x_wconf 89' lang='lat' dir='ltr'><strong>cecidit</strong></span> <span class='ocrx_word' id='word_1_458' title='bbox 735 3547 1045 3603; x_wconf 68' lang='lat' dir='ltr'><strong>daemonum</strong></span> <span class='ocrx_word' id='word_1_459' title='bbox 1075 3546 1464 3618; x_wconf 87' lang='lat' dir='ltr'><strong>supercilium,</strong></span> <span class='ocrx_word' id='word_1_460' title='bbox 1488 3545 1817 3600; x_wconf 89' lang='lat' dir='ltr'><strong>conculcata</strong></span> <span class='ocrx_word' id='word_1_461' title='bbox 1841 3553 1927 3601; x_wconf 87' lang='lat' dir='ltr'><strong>est</strong></span> <span class='ocrx_word' id='word_1_462' title='bbox 1950 3544 2087 3615; x_wconf 89' lang='lat' dir='ltr'><strong>ipso-</strong></span> 
     </span>
    </p>
   </div>
   <div class='ocr_carea' id='block_1_67' title="bbox 2192 3544 3775 3630">
    <p class='ocr_par' dir='ltr' id='par_1_67' title="bbox 2204 3546 3775 3630">
     <span class='ocr_line' id='line_1_67' title="bbox 2204 3546 3775 3630; baseline -0.01 -19"><span class='ocrx_word' id='word_1_463' title='bbox 2204 3574 2317 3630; x_wconf 88' lang='grc' dir='ltr'>ρον.</span> <span class='ocrx_word' id='word_1_464' title='bbox 2365 3554 2484 3625; x_wconf 83' lang='grc' dir='ltr'><strong>Ἀφ’</strong></span> <span class='ocrx_word' id='word_1_465' title='bbox 2515 3548 2575 3609; x_wconf 73' lang='grc' dir='ltr'>οὗ</span> <span class='ocrx_word' id='word_1_466' title='bbox 2608 3554 2718 3625; x_wconf 80' lang='grc' dir='ltr'>γὰρ</span> <span class='ocrx_word' id='word_1_467' title='bbox 2747 3550 2878 3626; x_wconf 81' lang='grc' dir='ltr'>ἦλθε</span> <span class='ocrx_word' id='word_1_468' title='bbox 2902 3552 3141 3625; x_wconf 79' lang='grc' dir='ltr'>Χριστὸς</span> <span class='ocrx_word' id='word_1_469' title='bbox 3178 3550 3275 3606; x_wconf 71' lang='grc' dir='ltr'>καὶ</span> <span class='ocrx_word' id='word_1_470' title='bbox 3300 3546 3587 3616; x_wconf 68' lang='grc' dir='ltr'>κατεπάτη</span> <span class='ocrx_word' id='word_1_471' title='bbox 3621 3560 3775 3598; x_wconf 85' lang='grc' dir='ltr'>σταυ-</span> 
     </span>
    </p>
   </div>
   <div class='ocr_carea' id='block_1_68' title="bbox 509 3637 2095 3713">
    <p class='ocr_par' dir='ltr' id='par_1_68' title="bbox 509 3637 2095 3713">
     <span class='ocr_line' id='line_1_68' title="bbox 509 3637 2095 3713; baseline -0.004 -16"><span class='ocrx_word' id='word_1_472' title='bbox 509 3656 633 3697; x_wconf 86' lang='lat' dir='ltr'><strong>rum</strong></span> <span class='ocrx_word' id='word_1_473' title='bbox 668 3641 941 3713; x_wconf 89' lang='lat' dir='ltr'><strong>potentia,</strong></span> <span class='ocrx_word' id='word_1_474' title='bbox 970 3648 1159 3711; x_wconf 89' lang='lat' dir='ltr'><strong>spreta</strong></span> <span class='ocrx_word' id='word_1_475' title='bbox 1183 3647 1317 3695; x_wconf 91' lang='lat' dir='ltr'><strong>sunt</strong></span> <span class='ocrx_word' id='word_1_476' title='bbox 1343 3638 1809 3695; x_wconf 87' lang='lat' dir='ltr'><strong>machinamenta.</strong></span> <span class='ocrx_word' id='word_1_477' title='bbox 1834 3637 1913 3693; x_wconf 82' lang='lat' dir='ltr'><strong>Ne</strong></span> <span class='ocrx_word' id='word_1_478' title='bbox 1932 3637 2095 3692; x_wconf 79' lang='lat' dir='ltr'><strong>falla-</strong></span> 
     </span>
    </p>
   </div>
   <div class='ocr_carea' id='block_1_69' title="bbox 2204 3633 3777 3721">
    <p class='ocr_par' dir='ltr' id='par_1_69' title="bbox 2204 3633 3777 3721">
     <span class='ocr_line' id='line_1_69' title="bbox 2204 3633 3777 3721; baseline -0.011 -18"><span class='ocrx_word' id='word_1_479' title='bbox 2204 3649 2298 3721; x_wconf 78' lang='grc' dir='ltr'><strong>ρδς</strong></span> <span class='ocrx_word' id='word_1_480' title='bbox 2338 3649 2432 3702; x_wconf 75' lang='grc' dir='ltr'>καὶ</span> <span class='ocrx_word' id='word_1_481' title='bbox 2468 3645 2660 3717; x_wconf 81' lang='grc' dir='ltr'>ὑψώθη</span> <span class='ocrx_word' id='word_1_482' title='bbox 2688 3644 2924 3717; x_wconf 75' lang='grc' dir='ltr'>Χριστὸς</span> <span class='ocrx_word' id='word_1_483' title='bbox 2976 3644 3035 3697; x_wconf 81' lang='grc' dir='ltr'>ὲν</span> <span class='ocrx_word' id='word_1_484' title='bbox 3077 3641 3247 3712; x_wconf 84' lang='grc' dir='ltr'>αὐτῷ,</span> <span class='ocrx_word' id='word_1_485' title='bbox 3279 3640 3565 3696; x_wconf 77' lang='grc' dir='ltr'>πέπτωκεν</span> <span class='ocrx_word' id='word_1_486' title='bbox 3605 3636 3647 3706; x_wconf 75' lang='grc' dir='ltr'><strong>ἡ</strong></span> <span class='ocrx_word' id='word_1_487' title='bbox 3674 3633 3777 3687; x_wconf 80' lang='grc' dir='ltr'><strong>τῶν</strong></span> 
     </span>
    </p>
   </div>
   <div class='ocr_carea' id='block_1_70' title="bbox 511 3724 2087 3811">
    <p class='ocr_par' dir='ltr' id='par_1_70' title="bbox 511 3728 2087 3804">
     <span class='ocr_line' id='line_1_70' title="bbox 511 3728 2087 3804; baseline -0.001 -16"><span class='ocrx_word' id='word_1_488' title='bbox 511 3735 592 3788; x_wconf 85' lang='lat' dir='ltr'><strong>ris</strong></span> <span class='ocrx_word' id='word_1_489' title='bbox 642 3749 796 3804; x_wconf 88' lang='lat' dir='ltr'><strong>ergo,</strong></span> <span class='ocrx_word' id='word_1_490' title='bbox 842 3734 1169 3803; x_wconf 89' lang='lat' dir='ltr'><strong>imperator,</strong></span> <span class='ocrx_word' id='word_1_491' title='bbox 1228 3747 1366 3787; x_wconf 85' lang='lat' dir='ltr'><strong>neve</strong></span> <span class='ocrx_word' id='word_1_492' title='bbox 1401 3730 1743 3786; x_wconf 77' lang='lat' dir='ltr'><strong>daemonibus</strong></span> <span class='ocrx_word' id='word_1_493' title='bbox 1775 3728 2087 3801; x_wconf 80' lang='lat' dir='ltr'><strong>gratiﬁcans</strong></span> 
     </span>
    </p>
   </div>
   <div class='ocr_carea' id='block_1_71' title="bbox 2192 3724 3773 3811">
    <p class='ocr_par' dir='ltr' id='par_1_71' title="bbox 2198 3724 3773 3811">
     <span class='ocr_line' id='line_1_71' title="bbox 2198 3724 3773 3811; baseline -0.01 -17"><span class='ocrx_word' id='word_1_494' title='bbox 2198 3739 2476 3811; x_wconf 87' lang='grc' dir='ltr'>δαιμόνων</span> <span class='ocrx_word' id='word_1_495' title='bbox 2498 3738 2693 3810; x_wconf 78' lang='grc' dir='ltr'>όφρὺς,</span> <span class='ocrx_word' id='word_1_496' title='bbox 2725 3736 2819 3792; x_wconf 81' lang='grc' dir='ltr'>καὶ</span> <span class='ocrx_word' id='word_1_497' title='bbox 2846 3732 3307 3804; x_wconf 86' lang='grc' dir='ltr'>καταπεπάτηται</span> <span class='ocrx_word' id='word_1_498' title='bbox 3326 3732 3360 3801; x_wconf 88' lang='grc' dir='ltr'><strong>ή</strong></span> <span class='ocrx_word' id='word_1_499' title='bbox 3381 3727 3581 3783; x_wconf 87' lang='grc' dir='ltr'>τούτων</span> <span class='ocrx_word' id='word_1_500' title='bbox 3604 3724 3773 3795; x_wconf 74' lang='grc' dir='ltr'>ἰσχὺς.</span> 
     </span>
    </p>
   </div>
   <div class='ocr_carea' id='block_1_72' title="bbox 511 3816 2087 3902">
    <p class='ocr_par' dir='ltr' id='par_1_72' title="bbox 511 3823 2087 3897">
     <span class='ocr_line' id='line_1_72' title="bbox 511 3823 2087 3897; baseline -0.003 -15"><span class='ocrx_word' id='word_1_501' title='bbox 511 3826 970 3882; x_wconf 79' lang='lat' dir='ltr'><strong>Christianorum</strong></span> <span class='ocrx_word' id='word_1_502' title='bbox 1004 3840 1203 3897; x_wconf 87' lang='lat' dir='ltr'><strong>genus,</strong></span> <span class='ocrx_word' id='word_1_503' title='bbox 1236 3823 1385 3895; x_wconf 92' lang='lat' dir='ltr'><strong>quod</strong></span> <span class='ocrx_word' id='word_1_504' title='bbox 1418 3823 1566 3879; x_wconf 90' lang='lat' dir='ltr'><strong>Deus</strong></span> <span class='ocrx_word' id='word_1_505' title='bbox 1600 3823 1867 3887; x_wconf 84' lang='lat' dir='ltr'><strong>custodit,</strong></span> <span class='ocrx_word' id='word_1_506' title='bbox 1909 3837 2087 3893; x_wconf 89' lang='lat' dir='ltr'><strong>perse-</strong></span> 
     </span>
    </p>
   </div>
   <div class='ocr_carea' id='block_1_73' title="bbox 2192 3816 3775 3902">
    <p class='ocr_par' dir='ltr' id='par_1_73' title="bbox 2199 3816 3775 3902">
     <span class='ocr_line' id='line_1_73' title="bbox 2199 3816 3775 3902; baseline -0.01 -15"><span class='ocrx_word' id='word_1_507' title='bbox 2199 3833 2296 3887; x_wconf 78' lang='grc' dir='ltr'>καὶ</span> <span class='ocrx_word' id='word_1_508' title='bbox 2331 3829 2814 3902; x_wconf 84' lang='grc' dir='ltr'>καταπεφρόνηται</span> <span class='ocrx_word' id='word_1_509' title='bbox 2871 3831 2942 3884; x_wconf 82' lang='grc' dir='ltr'>τὰ</span> <span class='ocrx_word' id='word_1_510' title='bbox 3004 3827 3215 3883; x_wconf 87' lang='grc' dir='ltr'>τούτων</span> <span class='ocrx_word' id='word_1_511' title='bbox 3264 3823 3651 3896; x_wconf 76' lang='grc' dir='ltr'>τεχνάσματαο</span> <span class='ocrx_word' id='word_1_512' title='bbox 3708 3816 3775 3888; x_wconf 73' lang='grc' dir='ltr'>μή</span> 
     </span>
    </p>
   </div>
   <div class='ocr_carea' id='block_1_74' title="bbox 512 3915 2095 3989">
    <p class='ocr_par' dir='ltr' id='par_1_74' title="bbox 512 3915 2095 3989">
     <span class='ocr_line' id='line_1_74' title="bbox 512 3915 2095 3989; baseline -0.004 -16"><span class='ocrx_word' id='word_1_513' title='bbox 512 3919 730 3989; x_wconf 77' lang='lat' dir='ltr'><strong>quaris.</strong></span> <span class='ocrx_word' id='word_1_514' title='bbox 770 3918 931 3974; x_wconf 89' lang='lat' dir='ltr'><strong>Disce</strong></span> <span class='ocrx_word' id='word_1_515' title='bbox 964 3916 1136 3988; x_wconf 74' lang='lat' dir='ltr'><strong>igitur</strong></span> <span class='ocrx_word' id='word_1_516' title='bbox 1161 3917 1425 3972; x_wconf 87' lang='lat' dir='ltr'><strong>invictam</strong></span> <span class='ocrx_word' id='word_1_517' title='bbox 1458 3930 1581 3971; x_wconf 84' lang='lat' dir='ltr'><strong>esse</strong></span> <span class='ocrx_word' id='word_1_518' title='bbox 1612 3925 1781 3985; x_wconf 89' lang='lat' dir='ltr'><strong>atque</strong></span> <span class='ocrx_word' id='word_1_519' title='bbox 1812 3915 2095 3984; x_wconf 86' lang='lat' dir='ltr'><strong>insupera-</strong></span> 
     </span>
    </p>
   </div>
   <div class='ocr_carea' id='block_1_75' title="bbox 2198 3911 3773 3993">
    <p class='ocr_par' dir='ltr' id='par_1_75' title="bbox 2198 3911 3773 3993">
     <span class='ocr_line' id='line_1_75' title="bbox 2198 3911 3773 3993; baseline -0.003 -17"><span class='ocrx_word' id='word_1_520' title='bbox 2198 3918 2294 3978; x_wconf 82' lang='grc' dir='ltr'><strong>οὗν</strong></span> <span class='ocrx_word' id='word_1_521' title='bbox 2320 3922 2535 3987; x_wconf 82' lang='grc' dir='ltr'>ἁπατῶ,</span> <span class='ocrx_word' id='word_1_522' title='bbox 2563 3920 2810 3993; x_wconf 84' lang='grc' dir='ltr'>βασιλεῦ,</span> <span class='ocrx_word' id='word_1_523' title='bbox 2839 3920 2973 3993; x_wconf 80' lang='grc' dir='ltr'>μηδὲ</span> <span class='ocrx_word' id='word_1_524' title='bbox 3024 3920 3137 3983; x_wconf 77' lang='grc' dir='ltr'>τοῖς</span> <span class='ocrx_word' id='word_1_525' title='bbox 3158 3916 3378 3987; x_wconf 88' lang='grc' dir='ltr'>δαίμοσι</span> <span class='ocrx_word' id='word_1_526' title='bbox 3401 3911 3773 3985; x_wconf 64' lang='grc' dir='ltr'>χαριζόμενος,</span> 
     </span>
    </p>
   </div>
   <div class='ocr_carea' id='block_1_76' title="bbox 514 3997 2087 4084">
    <p class='ocr_par' dir='ltr' id='par_1_76' title="bbox 514 4006 2087 4080">
     <span class='ocr_line' id='line_1_76' title="bbox 514 4006 2087 4080; baseline -0.004 -13"><span class='ocrx_word' id='word_1_527' title='bbox 514 4010 682 4067; x_wconf 90' lang='lat' dir='ltr'><strong>bilem</strong></span> <span class='ocrx_word' id='word_1_528' title='bbox 710 4010 920 4065; x_wconf 86' lang='lat' dir='ltr'><strong>Christi</strong></span> <span class='ocrx_word' id='word_1_529' title='bbox 954 4012 1217 4064; x_wconf 84' lang='lat' dir='ltr'><strong>virtutem</strong></span> <span class='ocrx_word' id='word_1_530' title='bbox 1268 4018 1323 4064; x_wconf 90' lang='lat' dir='ltr'><strong>et</strong></span> <span class='ocrx_word' id='word_1_531' title='bbox 1363 4008 1692 4080; x_wconf 89' lang='lat' dir='ltr'><strong>potentiam.</strong></span> <span class='ocrx_word' id='word_1_532' title='bbox 1731 4006 1871 4062; x_wconf 92' lang='lat' dir='ltr'><strong>lllud</strong></span> <span class='ocrx_word' id='word_1_533' title='bbox 1910 4013 2087 4061; x_wconf 88' lang='lat' dir='ltr'><strong>autem</strong></span> 
     </span>
    </p>
   </div>
   <div class='ocr_carea' id='block_1_77' title="bbox 2192 3997 3775 4084">
    <p class='ocr_par' dir='ltr' id='par_1_77' title="bbox 2201 3997 3775 4084">
     <span class='ocr_line' id='line_1_77' title="bbox 2201 3997 3775 4084; baseline -0.006 -17"><span class='ocrx_word' id='word_1_534' title='bbox 2201 4012 2265 4067; x_wconf 77' lang='grc' dir='ltr'>τὸ</span> <span class='ocrx_word' id='word_1_535' title='bbox 2294 4011 2405 4068; x_wconf 84' lang='grc' dir='ltr'>τῶν</span> <span class='ocrx_word' id='word_1_536' title='bbox 2438 4012 2785 4084; x_wconf 84' lang='grc' dir='ltr'>Χριστιανῶν</span> <span class='ocrx_word' id='word_1_537' title='bbox 2813 4010 3218 4082; x_wconf 84' lang='grc' dir='ltr'>θεοφρούρητον</span> <span class='ocrx_word' id='word_1_538' title='bbox 3267 4006 3431 4061; x_wconf 86' lang='grc' dir='ltr'>δίωκε</span> <span class='ocrx_word' id='word_1_539' title='bbox 3472 4002 3666 4072; x_wconf 81' lang='grc' dir='ltr'>γένος’</span> <span class='ocrx_word' id='word_1_540' title='bbox 3696 3997 3775 4067; x_wconf 79' lang='grc' dir='ltr'>γί-</span> 
     </span>
    </p>
   </div>
   <div class='ocr_carea' id='block_1_78' title="bbox 517 4098 2095 4175">
    <p class='ocr_par' dir='ltr' id='par_1_78' title="bbox 517 4098 2095 4175">
     <span class='ocr_line' id='line_1_78' title="bbox 517 4098 2095 4175; baseline -0.003 -17"><span class='ocrx_word' id='word_1_541' title='bbox 517 4105 682 4175; x_wconf 73' lang='lat' dir='ltr'><strong>plane</strong></span> <span class='ocrx_word' id='word_1_542' title='bbox 702 4104 799 4158; x_wconf 89' lang='lat' dir='ltr'><strong>tibi</strong></span> <span class='ocrx_word' id='word_1_543' title='bbox 823 4118 1155 4175; x_wconf 84' lang='lat' dir='ltr'><strong>persuasum</strong></span> <span class='ocrx_word' id='word_1_544' title='bbox 1175 4112 1260 4158; x_wconf 90' lang='lat' dir='ltr'><strong>est</strong></span> <span class='ocrx_word' id='word_1_545' title='bbox 1283 4117 1350 4157; x_wconf 77' lang='lat' dir='ltr'><strong>ex</strong></span> <span class='ocrx_word' id='word_1_546' title='bbox 1371 4101 1616 4157; x_wconf 79' lang='lat' dir='ltr'><strong>oraculis</strong></span> <span class='ocrx_word' id='word_1_547' title='bbox 1638 4115 1757 4170; x_wconf 71' lang='lat' dir='ltr'><strong>quae</strong></span> <span class='ocrx_word' id='word_1_548' title='bbox 1780 4098 2095 4163; x_wconf 90' lang='lat' dir='ltr'><strong>Oribasius,</strong></span> 
     </span>
    </p>
   </div>
   <div class='ocr_carea' id='block_1_79' title="bbox 517 4190 2095 4265">
    <p class='ocr_par' dir='ltr' id='par_1_79' title="bbox 517 4190 2095 4265">
     <span class='ocr_line' id='line_1_79' title="bbox 517 4190 2095 4265; baseline -0.002 -17"><span class='ocrx_word' id='word_1_549' title='bbox 517 4195 768 4250; x_wconf 88' lang='lat' dir='ltr'><strong>medicus</strong></span> <span class='ocrx_word' id='word_1_550' title='bbox 797 4203 851 4251; x_wconf 87' lang='lat' dir='ltr'><strong>et</strong></span> <span class='ocrx_word' id='word_1_551' title='bbox 883 4203 1152 4265; x_wconf 67' lang='lat' dir='ltr'><strong>quaestor,</strong></span> <span class='ocrx_word' id='word_1_552' title='bbox 1189 4194 1258 4248; x_wconf 91' lang='lat' dir='ltr'><strong>ab</strong></span> <span class='ocrx_word' id='word_1_553' title='bbox 1307 4193 1563 4264; x_wconf 84' lang='lat' dir='ltr'><strong>Apolline</strong></span> <span class='ocrx_word' id='word_1_554' title='bbox 1596 4191 1860 4262; x_wconf 91' lang='lat' dir='ltr'><strong>Delphico</strong></span> <span class='ocrx_word' id='word_1_555' title='bbox 1888 4190 2095 4245; x_wconf 90' lang='lat' dir='ltr'><strong>attulit.</strong></span> 
     </span>
    </p>
   </div>
   <div class='ocr_carea' id='block_1_80' title="bbox 2204 4089 3777 4174">
    <p class='ocr_par' dir='ltr' id='par_1_80' title="bbox 2204 4089 3777 4174">
     <span class='ocr_line' id='line_1_80' title="bbox 2204 4089 3777 4174; baseline -0.01 -16"><span class='ocrx_word' id='word_1_556' title='bbox 2204 4121 2380 4159; x_wconf 89' lang='grc' dir='ltr'>νωσκε</span> <span class='ocrx_word' id='word_1_557' title='bbox 2408 4103 2610 4168; x_wconf 87' lang='grc' dir='ltr'>τοίνυν,</span> <span class='ocrx_word' id='word_1_558' title='bbox 2640 4102 2717 4166; x_wconf 84' lang='grc' dir='ltr'><strong>ὡς</strong></span> <span class='ocrx_word' id='word_1_559' title='bbox 2768 4103 2802 4174; x_wconf 88' lang='grc' dir='ltr'><strong>ή</strong></span> <span class='ocrx_word' id='word_1_560' title='bbox 2834 4100 2928 4155; x_wconf 82' lang='grc' dir='ltr'><strong>τοῦ</strong></span> <span class='ocrx_word' id='word_1_561' title='bbox 2971 4097 3213 4172; x_wconf 82' lang='grc' dir='ltr'>Χριστοῦ</span> <span class='ocrx_word' id='word_1_562' title='bbox 3246 4096 3499 4166; x_wconf 83' lang='grc' dir='ltr'>ἀνίκητος</span> <span class='ocrx_word' id='word_1_563' title='bbox 3528 4090 3624 4146; x_wconf 83' lang='grc' dir='ltr'>καὶ</span> <span class='ocrx_word' id='word_1_564' title='bbox 3654 4089 3777 4160; x_wconf 83' lang='grc' dir='ltr'>ἀήτ-</span> 
     </span>
    </p>
   </div>
   <div class='ocr_carea' id='block_1_81' title="bbox 2203 4178 3777 4266">
    <p class='ocr_par' dir='ltr' id='par_1_81' title="bbox 2203 4178 3777 4266">
     <span class='ocr_line' id='line_1_81' title="bbox 2203 4178 3777 4266; baseline -0.011 -17"><span class='ocrx_word' id='word_1_565' title='bbox 2203 4212 2367 4266; x_wconf 89' lang='grc' dir='ltr'>τητος</span> <span class='ocrx_word' id='word_1_566' title='bbox 2394 4193 2633 4266; x_wconf 87' lang='grc' dir='ltr'>ὑπάρχει</span> <span class='ocrx_word' id='word_1_567' title='bbox 2667 4193 2823 4263; x_wconf 76' lang='grc' dir='ltr'>ἰσχύς</span> <span class='ocrx_word' id='word_1_568' title='bbox 2847 4209 2907 4245; x_wconf 87' lang='grc' dir='ltr'><strong>τε</strong></span> <span class='ocrx_word' id='word_1_569' title='bbox 2938 4191 3033 4245; x_wconf 62' lang='grc' dir='ltr'><strong>καὶ⁵</strong></span> <span class='ocrx_word' id='word_1_570' title='bbox 3058 4188 3291 4259; x_wconf 84' lang='grc' dir='ltr'>δύναμις</span> <span class='ocrx_word' id='word_1_571' title='bbox 3313 4201 3329 4216; x_wconf 77' lang='grc'><strong><em>⁸</em></strong></span> <span class='ocrx_word' id='word_1_572' title='bbox 3366 4184 3582 4245; x_wconf 82' lang='grc' dir='ltr'>πάντως</span> <span class='ocrx_word' id='word_1_573' title='bbox 3612 4180 3673 4234; x_wconf 79' lang='grc' dir='ltr'>δὲ</span> <span class='ocrx_word' id='word_1_574' title='bbox 3692 4178 3777 4232; x_wconf 76' lang='grc' dir='ltr'>καὶ</span> 
     </span>
    </p>
   </div>
   <div class='ocr_carea' id='block_1_82' title="bbox 518 4269 2087 4358">
    <p class='ocr_par' dir='ltr' id='par_1_82' title="bbox 518 4282 2087 4358">
     <span class='ocr_line' id='line_1_82' title="bbox 518 4282 2087 4358; baseline -0.003 -17"><span class='ocrx_word' id='word_1_575' title='bbox 518 4287 812 4357; x_wconf 80' lang='lat' dir='ltr'><strong>Equidem,</strong></span> <span class='ocrx_word' id='word_1_576' title='bbox 846 4297 901 4344; x_wconf 89' lang='lat' dir='ltr'><strong>te</strong></span> <span class='ocrx_word' id='word_1_577' title='bbox 923 4289 1093 4345; x_wconf 89' lang='lat' dir='ltr'><strong>etiam</strong></span> <span class='ocrx_word' id='word_1_578' title='bbox 1124 4287 1321 4352; x_wconf 89' lang='lat' dir='ltr'><strong>invito,</strong></span> <span class='ocrx_word' id='word_1_579' title='bbox 1358 4301 1681 4358; x_wconf 87' lang='lat' dir='ltr'><strong>responsum</strong></span> <span class='ocrx_word' id='word_1_580' title='bbox 1707 4284 1975 4340; x_wconf 89' lang='lat' dir='ltr'><strong>recitabo.</strong></span> <span class='ocrx_word' id='word_1_581' title='bbox 2005 4282 2087 4337; x_wconf 79' lang='lat' dir='ltr'><strong>Sic</strong></span> 
     </span>
    </p>
   </div>
   <div class='ocr_carea' id='block_1_83' title="bbox 2192 4269 3776 4358">
    <p class='ocr_par' dir='ltr' id='par_1_83' title="bbox 2206 4269 3776 4355">
     <span class='ocr_line' id='line_1_83' title="bbox 2206 4269 3776 4355; baseline -0.013 -15"><span class='ocrx_word' id='word_1_582' title='bbox 2206 4284 2370 4350; x_wconf 77' lang='grc' dir='ltr'>αὐτὸς</span> <span class='ocrx_word' id='word_1_583' title='bbox 2406 4284 2566 4340; x_wconf 82' lang='grc' dir='ltr'>τοῦτο</span> <span class='ocrx_word' id='word_1_584' title='bbox 2595 4283 3111 4355; x_wconf 83' lang='grc' dir='ltr'>πεπληροφόρησαι,</span> <span class='ocrx_word' id='word_1_585' title='bbox 3160 4278 3221 4345; x_wconf 75' lang='grc' dir='ltr'><strong>ἐξ</strong></span> <span class='ocrx_word' id='word_1_586' title='bbox 3252 4271 3326 4332; x_wconf 84' lang='grc' dir='ltr'>ὧν</span> <span class='ocrx_word' id='word_1_587' title='bbox 3385 4292 3468 4329; x_wconf 87' lang='grc' dir='ltr'>σοι</span> <span class='ocrx_word' id='word_1_588' title='bbox 3519 4269 3776 4344; x_wconf 76' lang='grc' dir='ltr'>χρησμῶν</span> 
     </span>
    </p>
   </div>
   <div class='ocr_carea' id='block_1_84' title="bbox 517 4382 909 4438">
    <p class='ocr_par' dir='ltr' id='par_1_84' title="bbox 517 4382 909 4438">
     <span class='ocr_line' id='line_1_84' title="bbox 517 4382 909 4438; baseline 0.003 -1"><span class='ocrx_word' id='word_1_589' title='bbox 517 4384 667 4437; x_wconf 86' lang='lat' dir='ltr'><strong>enim</strong></span> <span class='ocrx_word' id='word_1_590' title='bbox 702 4382 869 4438; x_wconf 89' lang='lat' dir='ltr'><strong>habet</strong></span> <span class='ocrx_word' id='word_1_591' title='bbox 893 4400 909 4438; x_wconf 92' lang='lat'><strong>:</strong></span> 
     </span>
    </p>
   </div>
   <div class='ocr_carea' id='block_1_85' title="bbox 2217 4360 3776 4447">
    <p class='ocr_par' dir='ltr' id='par_1_85' title="bbox 2217 4360 3776 4447">
     <span class='ocr_line' id='line_1_85' title="bbox 2217 4360 3776 4447; baseline -0.011 -17"><span class='ocrx_word' id='word_1_592' title='bbox 2217 4374 2532 4447; x_wconf 79' lang='grc' dir='ltr'>Ὀριόἀσιος</span> <span class='ocrx_word' id='word_1_593' title='bbox 2558 4375 2588 4428; x_wconf 94' lang='lat'><strong>6</strong></span> <span class='ocrx_word' id='word_1_594' title='bbox 2610 4373 2795 4446; x_wconf 80' lang='grc' dir='ltr'>ῑατρδς</span> <span class='ocrx_word' id='word_1_595' title='bbox 2824 4373 2920 4427; x_wconf 57' lang='grc' dir='ltr'><strong>καὶ⁵</strong></span> <span class='ocrx_word' id='word_1_596' title='bbox 2956 4371 3255 4442; x_wconf 78' lang='grc' dir='ltr'>κοιαίστωρ</span> <span class='ocrx_word' id='word_1_597' title='bbox 3281 4367 3435 4438; x_wconf 86' lang='grc' dir='ltr'>παρὰ</span> <span class='ocrx_word' id='word_1_598' title='bbox 3460 4364 3555 4419; x_wconf 79' lang='grc' dir='ltr'><strong>τοῦ</strong></span> <span class='ocrx_word' id='word_1_599' title='bbox 3577 4367 3635 4418; x_wconf 80' lang='grc' dir='ltr'>ὲν</span> <span class='ocrx_word' id='word_1_600' title='bbox 3657 4360 3776 4416; x_wconf 79' lang='grc' dir='ltr'>Δελ-</span> 
     </span>
    </p>
   </div>
   <div class='ocr_carea' id='block_1_86' title="bbox 520 4455 3776 4546">
    <p class='ocr_par' dir='ltr' id='par_1_86' title="bbox 520 4455 3776 4546">
     <span class='ocr_line' id='line_1_86' title="bbox 520 4455 3776 4546; baseline -0.005 -18"><span class='ocrx_word' id='word_1_601' title='bbox 520 4478 639 4546; x_wconf 83' lang='grc' dir='ltr'><strong>φοῖς</strong></span> <span class='ocrx_word' id='word_1_602' title='bbox 683 4473 1022 4540; x_wconf 81' lang='grc' dir='ltr'>Ἀπόλλωνος</span> <span class='ocrx_word' id='word_1_603' title='bbox 1057 4471 1377 4545; x_wconf 85' lang='grc' dir='ltr'>κεκόμικεν.</span> <span class='ocrx_word' id='word_1_604' title='bbox 1448 4471 1593 4541; x_wconf 85' lang='grc' dir='ltr'><strong>Ἐγὼ</strong></span> <span class='ocrx_word' id='word_1_605' title='bbox 1640 4470 1699 4526; x_wconf 76' lang='grc' dir='ltr'>δέ</span> <span class='ocrx_word' id='word_1_606' title='bbox 1739 4486 1823 4524; x_wconf 89' lang='grc' dir='ltr'><strong>σοι</strong></span> <span class='ocrx_word' id='word_1_607' title='bbox 1872 4468 1967 4524; x_wconf 73' lang='grc' dir='ltr'>καὶ</span> <span class='ocrx_word' id='word_1_608' title='bbox 2017 4467 2110 4523; x_wconf 75' lang='grc' dir='ltr'>τὸν</span> <span class='ocrx_word' id='word_1_609' title='bbox 2145 4468 2416 4540; x_wconf 77' lang='grc' dir='ltr'>χρησμδν,</span> <span class='ocrx_word' id='word_1_610' title='bbox 2449 4468 2553 4524; x_wconf 79' lang='grc' dir='ltr'>κᾶν</span> <span class='ocrx_word' id='word_1_611' title='bbox 2601 4467 2680 4540; x_wconf 79' lang='grc' dir='ltr'>μή</span> <span class='ocrx_word' id='word_1_612' title='bbox 2711 4465 2900 4540; x_wconf 81' lang='grc' dir='ltr'>βούλῃ,</span> <span class='ocrx_word' id='word_1_613' title='bbox 2941 4461 3435 4534; x_wconf 80' lang='grc' dir='ltr'>ὲπαναγνὼσομαι’</span> <span class='ocrx_word' id='word_1_614' title='bbox 3499 4458 3611 4529; x_wconf 75' lang='grc' dir='ltr'>ἔχει</span> <span class='ocrx_word' id='word_1_615' title='bbox 3678 4455 3776 4526; x_wconf 75' lang='grc' dir='ltr'>γὰρ</span> 
     </span>
    </p>
   </div>
   <div class='ocr_carea' id='block_1_87' title="bbox 518 4566 714 4631">
    <p class='ocr_par' dir='ltr' id='par_1_87' title="bbox 518 4566 714 4631">
     <span class='ocr_line' id='line_1_87' title="bbox 518 4566 714 4631; baseline -0.005 -10"><span class='ocrx_word' id='word_1_616' title='bbox 518 4566 714 4631; x_wconf 72' lang='grc' dir='ltr'>οὕτως·</span> 
     </span>
    </p>
   </div>
   <div class='ocr_carea' id='block_1_88' title="bbox 523 4698 2025 4769">
    <p class='ocr_par' dir='ltr' id='par_1_88' title="bbox 523 4698 2025 4769">
     <span class='ocr_line' id='line_1_88' title="bbox 523 4698 2025 4769; baseline -0.001 -17"><span class='ocrx_word' id='word_1_617' title='bbox 523 4699 701 4753; x_wconf 83' lang='lat' dir='ltr'><strong>Dicite</strong></span> <span class='ocrx_word' id='word_1_618' title='bbox 737 4698 1049 4769; x_wconf 68' lang='lat' dir='ltr'><strong>imperatori</strong></span> <span class='ocrx_word' id='word_1_619' title='bbox 1085 4712 1103 4751; x_wconf 93' lang='lat'><strong><em>:</em></strong></span> <span class='ocrx_word' id='word_1_620' title='bbox 1143 4698 1338 4752; x_wconf 81' lang='lat' dir='ltr'><strong>Diruta</strong></span> <span class='ocrx_word' id='word_1_621' title='bbox 1371 4707 1449 4753; x_wconf 76' lang='lat' dir='ltr'><strong>est</strong></span> <span class='ocrx_word' id='word_1_622' title='bbox 1489 4698 1849 4769; x_wconf 81' lang='lat' dir='ltr'><strong>pulcherrima</strong></span> <span class='ocrx_word' id='word_1_623' title='bbox 1879 4698 2025 4752; x_wconf 80' lang='lat' dir='ltr'><strong>aula.</strong></span> 
     </span>
    </p>
   </div>
   <div class='ocr_carea' id='block_1_89' title="bbox 2136 4670 3776 4757">
    <p class='ocr_par' dir='ltr' id='par_1_89' title="bbox 2136 4670 3776 4757">
     <span class='ocr_line' id='line_1_89' title="bbox 2136 4670 3776 4757; baseline -0.011 -6"><span class='ocrx_word' id='word_1_624' title='bbox 2136 4670 2179 4725; x_wconf 72' lang='grc' dir='ltr'><strong>θ</strong></span> <span class='ocrx_word' id='word_1_625' title='bbox 2209 4696 2435 4750; x_wconf 75' lang='grc' dir='ltr'>Ειπατε</span> <span class='ocrx_word' id='word_1_626' title='bbox 2462 4691 2542 4757; x_wconf 80' lang='grc' dir='ltr'>τῷ</span> <span class='ocrx_word' id='word_1_627' title='bbox 2565 4688 2836 4755; x_wconf 74' lang='grc' dir='ltr'>,ϐασιλεῖ’</span> <span class='ocrx_word' id='word_1_628' title='bbox 2870 4685 3063 4757; x_wconf 74' lang='grc' dir='ltr'>Χαμαὶ</span> <span class='ocrx_word' id='word_1_629' title='bbox 3099 4684 3252 4740; x_wconf 78' lang='grc' dir='ltr'>πέσε</span> <span class='ocrx_word' id='word_1_630' title='bbox 3276 4682 3565 4757; x_wconf 52' lang='lat' dir='ltr'><strong>agriami;</strong></span> <span class='ocrx_word' id='word_1_631' title='bbox 3591 4676 3776 4757; x_wconf 65' lang='lat' dir='ltr'><strong>961d“</strong></span> 
     </span>
    </p>
   </div>
   <div class='ocr_carea' id='block_1_90' title="bbox 524 4750 2087 4837">
    <p class='ocr_par' dir='ltr' id='par_1_90' title="bbox 524 4750 2087 4837">
     <span class='ocr_line' id='line_1_90' title="bbox 524 4750 2087 4837; baseline -0.001 -13"><span class='ocrx_word' id='word_1_632' title='bbox 524 4750 699 4824; x_wconf 54' lang='lat' dir='ltr'><strong>beas;</strong></span> <span class='ocrx_word' id='word_1_633' title='bbox 761 4750 989 4823; x_wconf 61' lang='lat' dir='ltr'><strong>Phoebus</strong></span> <span class='ocrx_word' id='word_1_634' title='bbox 1033 4750 1223 4823; x_wconf 52' lang='lat' dir='ltr'><strong>habire</strong></span> <span class='ocrx_word' id='word_1_635' title='bbox 1250 4750 1627 4837; x_wconf 44' lang='lat' dir='ltr'><strong>«smnia</strong></span> <span class='ocrx_word' id='word_1_636' title='bbox 1653 4750 1843 4837; x_wconf 51' lang='lat' dir='ltr'><strong>apta...</strong></span> <span class='ocrx_word' id='word_1_637' title='bbox 1884 4750 2087 4824; x_wconf 59' lang='lat' dir='ltr'><strong>velitint</strong></span> 
     </span>
    </p>
   </div>
   <div class='ocr_carea' id='block_1_91' title="bbox 2192 4750 3777 4837">
    <p class='ocr_par' dir='ltr' id='par_1_91' title="bbox 2215 4750 3777 4831">
     <span class='ocr_line' id='line_1_91' title="bbox 2215 4750 3777 4831; baseline -0.014 -9"><span class='ocrx_word' id='word_1_638' title='bbox 2215 4764 2429 4822; x_wconf 80' lang='grc' dir='ltr'>οὐκέτι</span> <span class='ocrx_word' id='word_1_639' title='bbox 2459 4750 2670 4827; x_wconf 71' lang='grc' dir='ltr'>Φοῐόος</span> <span class='ocrx_word' id='word_1_640' title='bbox 2689 4761 2815 4831; x_wconf 75' lang='grc' dir='ltr'>ἔχει</span> <span class='ocrx_word' id='word_1_641' title='bbox 2834 4750 3129 4823; x_wconf 58' lang='lat' dir='ltr'><strong>erudimur,</strong></span> <span class='ocrx_word' id='word_1_642' title='bbox 3155 4757 3227 4811; x_wconf 84' lang='grc' dir='ltr'><strong>οὐ</strong></span> <span class='ocrx_word' id='word_1_643' title='bbox 3249 4752 3509 4825; x_wconf 64' lang='lat' dir='ltr'><strong>pair-tida</strong></span> <span class='ocrx_word' id='word_1_644' title='bbox 3530 4750 3777 4820; x_wconf 72' lang='grc' dir='ltr'>δάφνην.</span> 
     </span>
    </p>
   </div>
   <div class='ocr_carea' id='block_1_92' title="bbox 526 4837 2104 4981">
    <p class='ocr_par' dir='ltr' id='par_1_92' title="bbox 526 4837 2104 4981">
     <span class='ocr_line' id='line_1_92' title="bbox 526 4837 2104 4981; baseline 0.001 -19"><span class='ocrx_word' id='word_1_645' title='bbox 526 4907 598 4963; x_wconf 82' lang='lat' dir='ltr'><strong>Et</strong></span> <span class='ocrx_word' id='word_1_646' title='bbox 627 4910 827 4980; x_wconf 74' lang='lat' dir='ltr'><strong>fontem</strong></span> <span class='ocrx_word' id='word_1_647' title='bbox 861 4908 1198 4978; x_wconf 80' lang='lat' dir='ltr'><strong>loquentem;</strong></span> <span class='ocrx_word' id='word_1_648' title='bbox 1233 4909 1433 4962; x_wconf 80' lang='lat' dir='ltr'><strong>siccata</strong></span> <span class='ocrx_word' id='word_1_649' title='bbox 1464 4918 1538 4963; x_wconf 81' lang='lat' dir='ltr'><strong>est</strong></span> <span class='ocrx_word' id='word_1_650' title='bbox 1590 4918 1640 4964; x_wconf 82' lang='lat' dir='ltr'><strong>et</strong></span> <span class='ocrx_word' id='word_1_651' title='bbox 1679 4837 1847 4964; x_wconf 74' lang='lat' dir='ltr'><strong>unda[</strong></span> 
     </span>
    </p>
   </div>
   <div class='ocr_carea' id='block_1_93' title="bbox 600 5020 2108 5095">
    <p class='ocr_par' dir='ltr' id='par_1_93' title="bbox 600 5020 2108 5095">
     <span class='ocr_line' id='line_1_93' title="bbox 600 5020 2108 5095; baseline 0.001 -18"><span class='ocrx_word' id='word_1_652' title='bbox 600 5020 691 5077; x_wconf 78' lang='grc'><strong>56.</strong></span> <span class='ocrx_word' id='word_1_653' title='bbox 716 5021 843 5077; x_wconf 62' lang='lat' dir='ltr'><strong>Haec</strong></span> <span class='ocrx_word' id='word_1_654' title='bbox 861 5036 987 5075; x_wconf 88' lang='lat' dir='ltr'><strong>cum</strong></span> <span class='ocrx_word' id='word_1_655' title='bbox 1006 5020 1582 5078; x_wconf 83' lang='lat' dir='ltr'><strong>audivissetJulianus</strong></span> <span class='ocrx_word' id='word_1_656' title='bbox 1611 5038 1678 5078; x_wconf 80' lang='lat' dir='ltr'><strong>ex</strong></span> <span class='ocrx_word' id='word_1_657' title='bbox 1703 5039 1801 5079; x_wconf 89' lang='lat' dir='ltr'><strong>ore</strong></span> <span class='ocrx_word' id='word_1_658' title='bbox 1825 5023 2108 5095; x_wconf 84' lang='lat' dir='ltr'><strong>martyris,</strong></span> 
     </span>
    </p>
   </div>
   <div class='ocr_carea' id='block_1_94' title="bbox 2210 4879 3776 4967">
    <p class='ocr_par' dir='ltr' id='par_1_94' title="bbox 2210 4879 3776 4967">
     <span class='ocr_line' id='line_1_94' title="bbox 2210 4879 3776 4967; baseline -0.013 -14"><span class='ocrx_word' id='word_1_659' title='bbox 2210 4899 2293 4955; x_wconf 85' lang='grc' dir='ltr'><strong>Οὐ</strong></span> <span class='ocrx_word' id='word_1_660' title='bbox 2328 4896 2530 4967; x_wconf 72' lang='grc' dir='ltr'>παγὰν</span> <span class='ocrx_word' id='word_1_661' title='bbox 2550 4894 2928 4959; x_wconf 69' lang='grc' dir='ltr'>λαλέουσαν,</span> <span class='ocrx_word' id='word_1_662' title='bbox 2945 4889 3245 4948; x_wconf 77' lang='grc' dir='ltr'>ἀπέσϐετο</span> <span class='ocrx_word' id='word_1_663' title='bbox 3274 4885 3372 4941; x_wconf 72' lang='grc' dir='ltr'><strong>καί</strong></span> <span class='ocrx_word' id='word_1_664' title='bbox 3391 4882 3588 4940; x_wconf 73' lang='grc' dir='ltr'><em>λάλον</em></span> <span class='ocrx_word' id='word_1_665' title='bbox 3615 4879 3776 4948; x_wconf 80' lang='grc' dir='ltr'>ὕδωρ.</span> 
     </span>
    </p>
   </div>
   <div class='ocr_carea' id='block_1_95' title="bbox 2287 4993 3778 5078">
    <p class='ocr_par' dir='ltr' id='par_1_95' title="bbox 2287 4993 3778 5078">
     <span class='ocr_line' id='line_1_95' title="bbox 2287 4993 3778 5078; baseline -0.013 -12"><span class='ocrx_word' id='word_1_666' title='bbox 2287 5010 2400 5078; x_wconf 82' lang='grc' dir='ltr'>λς’.</span> <span class='ocrx_word' id='word_1_667' title='bbox 2435 5006 2625 5064; x_wconf 79' lang='grc' dir='ltr'>Ταῦτα</span> <span class='ocrx_word' id='word_1_668' title='bbox 2647 5005 2890 5070; x_wconf 78' lang='grc' dir='ltr'>ἀκούσας</span> <span class='ocrx_word' id='word_1_669' title='bbox 2942 5007 2973 5059; x_wconf 98' lang='lat'><strong>6</strong></span> <span class='ocrx_word' id='word_1_670' title='bbox 3026 4999 3311 5065; x_wconf 83' lang='grc' dir='ltr'>Ἰουλιανὸς</span> <span class='ocrx_word' id='word_1_671' title='bbox 3348 4996 3504 5069; x_wconf 72' lang='grc' dir='ltr'>παρὰ</span> <span class='ocrx_word' id='word_1_672' title='bbox 3528 4994 3621 5049; x_wconf 81' lang='grc' dir='ltr'>τοῦ</span> <span class='ocrx_word' id='word_1_673' title='bbox 3650 4993 3778 5065; x_wconf 85' lang='grc' dir='ltr'>μάρ-</span> 
     </span>
    </p>
   </div>
   <div class='ocr_carea' id='block_1_96' title="bbox 527 5084 2087 5183">
    <p class='ocr_par' dir='ltr' id='par_1_96' title="bbox 527 5113 2087 5183">
     <span class='ocr_line' id='line_1_96' title="bbox 527 5113 2087 5183; baseline -0.003 -12"><span class='ocrx_word' id='word_1_674' title='bbox 527 5123 756 5183; x_wconf 88' lang='lat' dir='ltr'><strong>stupore</strong></span> <span class='ocrx_word' id='word_1_675' title='bbox 782 5113 1024 5168; x_wconf 77' lang='lat' dir='ltr'><strong>maximo</strong></span> <span class='ocrx_word' id='word_1_676' title='bbox 1052 5122 1344 5183; x_wconf 84' lang='lat' dir='ltr'><strong>correptus</strong></span> <span class='ocrx_word' id='word_1_677' title='bbox 1372 5121 1482 5178; x_wconf 90' lang='lat' dir='ltr'><strong>est,</strong></span> <span class='ocrx_word' id='word_1_678' title='bbox 1518 5121 1578 5169; x_wconf 89' lang='lat' dir='ltr'><strong>et</strong></span> <span class='ocrx_word' id='word_1_679' title='bbox 1622 5114 1703 5169; x_wconf 91' lang='lat' dir='ltr'><strong>ira</strong></span> <span class='ocrx_word' id='word_1_680' title='bbox 1756 5115 2087 5170; x_wconf 86' lang='lat' dir='ltr'><strong>vehemente:</strong></span> 
     </span>
    </p>
   </div>
   <div class='ocr_carea' id='block_1_97' title="bbox 2192 5084 3780 5183">
    <p class='ocr_par' dir='ltr' id='par_1_97' title="bbox 2214 5084 3780 5183">
     <span class='ocr_line' id='line_1_97' title="bbox 2214 5084 3780 5183; baseline -0.013 -26"><span class='ocrx_word' id='word_1_681' title='bbox 2214 5118 2398 5176; x_wconf 90' lang='grc' dir='ltr'>τυρος,</span> <span class='ocrx_word' id='word_1_682' title='bbox 2424 5099 2699 5171; x_wconf 70' lang='grc' dir='ltr'>ἕκθαμϐος</span> <span class='ocrx_word' id='word_1_683' title='bbox 2721 5096 2860 5162; x_wconf 82' lang='grc' dir='ltr'>ὅλως</span> <span class='ocrx_word' id='word_1_684' title='bbox 2884 5096 3122 5165; x_wconf 75' lang='grc' dir='ltr'>ἐγένετο,</span> <span class='ocrx_word' id='word_1_685' title='bbox 3160 5092 3258 5147; x_wconf 61' lang='grc' dir='ltr'><strong>καὶ¹</strong></span> <span class='ocrx_word' id='word_1_686' title='bbox 3282 5091 3373 5183; x_wconf 74' lang='grc' dir='ltr'><strong>τδν</strong></span> <span class='ocrx_word' id='word_1_687' title='bbox 3408 5088 3579 5183; x_wconf 81' lang='grc' dir='ltr'>θυμὸν</span> <span class='ocrx_word' id='word_1_688' title='bbox 3598 5084 3780 5183; x_wconf 58' lang='grc' dir='ltr'>μάλλον</span> 
     </span>
    </p>
   </div>
   <div class='ocr_carea' id='block_1_98' title="bbox 534 5205 2111 5277">
    <p class='ocr_par' dir='ltr' id='par_1_98' title="bbox 534 5205 2111 5277">
     <span class='ocr_line' id='line_1_98' title="bbox 534 5205 2111 5277; baseline 0 -16"><span class='ocrx_word' id='word_1_689' title='bbox 534 5206 801 5261; x_wconf 87' lang='lat' dir='ltr'><strong>incitatus</strong></span> <span class='ocrx_word' id='word_1_690' title='bbox 834 5205 901 5259; x_wconf 91' lang='lat' dir='ltr'><strong>ad</strong></span> <span class='ocrx_word' id='word_1_691' title='bbox 930 5205 1109 5259; x_wconf 88' lang='lat' dir='ltr'><strong>instar</strong></span> <span class='ocrx_word' id='word_1_692' title='bbox 1138 5206 1372 5260; x_wconf 52' lang='lat' dir='ltr'><strong>ﬂammae</strong></span> <span class='ocrx_word' id='word_1_693' title='bbox 1397 5205 1563 5275; x_wconf 83' lang='lat' dir='ltr'><strong>ignis,</strong></span> <span class='ocrx_word' id='word_1_694' title='bbox 1592 5206 1817 5277; x_wconf 92' lang='lat' dir='ltr'><strong>quando</strong></span> <span class='ocrx_word' id='word_1_695' title='bbox 1842 5206 2111 5275; x_wconf 76' lang='lat' dir='ltr'><strong>suillatur,</strong></span> 
     </span>
    </p>
   </div>
   <div class='ocr_carea' id='block_1_99' title="bbox 2218 5176 3783 5266">
    <p class='ocr_par' dir='ltr' id='par_1_99' title="bbox 2218 5176 3783 5266">
     <span class='ocr_line' id='line_1_99' title="bbox 2218 5176 3783 5266; baseline -0.011 -18"><span class='ocrx_word' id='word_1_696' title='bbox 2218 5192 2443 5266; x_wconf 79' lang='grc' dir='ltr'>ἐγείρας</span> <span class='ocrx_word' id='word_1_697' title='bbox 2469 5191 2602 5246; x_wconf 75' lang='grc' dir='ltr'>ὡσεὶ</span> <span class='ocrx_word' id='word_1_698' title='bbox 2635 5189 2811 5261; x_wconf 81' lang='grc' dir='ltr'>φλόγα</span> <span class='ocrx_word' id='word_1_699' title='bbox 2843 5188 3016 5260; x_wconf 80' lang='grc' dir='ltr'>πυρὸς</span> <span class='ocrx_word' id='word_1_700' title='bbox 3044 5181 3553 5258; x_wconf 77' lang='grc' dir='ltr'>ἀναρριπιζομένης</span> <span class='ocrx_word' id='word_1_701' title='bbox 3576 5179 3670 5235; x_wconf 80' lang='grc' dir='ltr'>καὶ</span> <span class='ocrx_word' id='word_1_702' title='bbox 3694 5176 3783 5231; x_wconf 82' lang='grc' dir='ltr'>κά-</span> 
     </span>
    </p>
   </div>
   <div class='ocr_carea' id='block_1_100' title="bbox 533 5271 2087 5369">
    <p class='ocr_par' dir='ltr' id='par_1_100' title="bbox 533 5297 2087 5369">
     <span class='ocr_line' id='line_1_100' title="bbox 533 5297 2087 5369; baseline 0 -17"><span class='ocrx_word' id='word_1_703' title='bbox 533 5306 590 5352; x_wconf 88' lang='lat' dir='ltr'><strong>ct</strong></span> <span class='ocrx_word' id='word_1_704' title='bbox 654 5312 795 5351; x_wconf 87' lang='lat' dir='ltr'><strong>nova</strong></span> <span class='ocrx_word' id='word_1_705' title='bbox 845 5297 892 5352; x_wconf 91' lang='lat' dir='ltr'><strong>ei</strong></span> <span class='ocrx_word' id='word_1_706' title='bbox 943 5297 1178 5353; x_wconf 89' lang='lat' dir='ltr'><strong>materia</strong></span> <span class='ocrx_word' id='word_1_707' title='bbox 1233 5298 1552 5367; x_wconf 86' lang='lat' dir='ltr'><strong>subjicitur,</strong></span> <span class='ocrx_word' id='word_1_708' title='bbox 1607 5314 1802 5369; x_wconf 83' lang='lat' dir='ltr'><strong>magna</strong></span> <span class='ocrx_word' id='word_1_709' title='bbox 1851 5305 1907 5354; x_wconf 88' lang='lat' dir='ltr'><strong>et</strong></span> <span class='ocrx_word' id='word_1_710' title='bbox 1953 5306 2087 5353; x_wconf 80' lang='lat' dir='ltr'><strong>acut:</strong></span> 
     </span>
    </p>
   </div>
   <div class='ocr_carea' id='block_1_101' title="bbox 2192 5271 3780 5369">
    <p class='ocr_par' dir='ltr' id='par_1_101' title="bbox 2217 5271 3780 5369">
     <span class='ocr_line' id='line_1_101' title="bbox 2217 5271 3780 5369; baseline -0.011 -30"><span class='ocrx_word' id='word_1_711' title='bbox 2217 5284 2391 5340; x_wconf 89' lang='grc' dir='ltr'>τωθεν</span> <span class='ocrx_word' id='word_1_712' title='bbox 2451 5282 2586 5354; x_wconf 80' lang='grc' dir='ltr'>ύλης</span> <span class='ocrx_word' id='word_1_713' title='bbox 2646 5281 2794 5345; x_wconf 84' lang='grc' dir='ltr'>τινὸς</span> <span class='ocrx_word' id='word_1_714' title='bbox 2846 5276 3032 5352; x_wconf 76' lang='grc'><strong>[568]</strong></span> <span class='ocrx_word' id='word_1_715' title='bbox 3083 5274 3550 5369; x_wconf 61' lang='grc' dir='ltr'><strong>ὑποστρεφούσ·ιίςΔ</strong></span> <span class='ocrx_word' id='word_1_716' title='bbox 3594 5271 3780 5369; x_wconf 58' lang='grc' dir='ltr'>αὐτὴν,</span> 
     </span>
    </p>
   </div>
   <div class='ocr_carea' id='block_1_102' title="bbox 531 5388 2111 5457">
    <p class='ocr_par' dir='ltr' id='par_1_102' title="bbox 531 5388 2111 5457">
     <span class='ocr_line' id='line_1_102' title="bbox 531 5388 2111 5457; baseline 0.002 -14"><span class='ocrx_word' id='word_1_717' title='bbox 531 5402 672 5443; x_wconf 86' lang='lat' dir='ltr'><strong>voce</strong></span> <span class='ocrx_word' id='word_1_718' title='bbox 701 5389 1035 5444; x_wconf 73' lang='lat' dir='ltr'><strong>exclamavit</strong></span> <span class='ocrx_word' id='word_1_719' title='bbox 1067 5410 1081 5445; x_wconf 90' lang='lat'><strong>:</strong></span> <span class='ocrx_word' id='word_1_720' title='bbox 1116 5388 1251 5457; x_wconf 88' lang='lat' dir='ltr'><strong>Quis</strong></span> <span class='ocrx_word' id='word_1_721' title='bbox 1275 5400 1328 5444; x_wconf 84' lang='lat' dir='ltr'><strong>et</strong></span> <span class='ocrx_word' id='word_1_722' title='bbox 1357 5391 1504 5445; x_wconf 90' lang='lat' dir='ltr'><strong>unde</strong></span> <span class='ocrx_word' id='word_1_723' title='bbox 1545 5397 1631 5445; x_wconf 88' lang='lat' dir='ltr'><strong>est</strong></span> <span class='ocrx_word' id='word_1_724' title='bbox 1662 5391 1765 5445; x_wconf 89' lang='lat' dir='ltr'><strong>iste</strong></span> <span class='ocrx_word' id='word_1_725' title='bbox 1787 5390 2111 5457; x_wconf 85' lang='lat' dir='ltr'><strong>sceleratus,</strong></span> 
     </span>
    </p>
   </div>
   <div class='ocr_carea' id='block_1_103' title="bbox 534 5479 2114 5552">
    <p class='ocr_par' dir='ltr' id='par_1_103' title="bbox 534 5479 2114 5552">
     <span class='ocr_line' id='line_1_103' title="bbox 534 5479 2114 5552; baseline 0.001 -19"><span class='ocrx_word' id='word_1_726' title='bbox 534 5479 628 5547; x_wconf 90' lang='lat' dir='ltr'><strong>qui</strong></span> <span class='ocrx_word' id='word_1_727' title='bbox 663 5486 775 5533; x_wconf 90' lang='lat' dir='ltr'><strong>tam</strong></span> <span class='ocrx_word' id='word_1_728' title='bbox 805 5482 1158 5536; x_wconf 86' lang='lat' dir='ltr'><strong>temerariam</strong></span> <span class='ocrx_word' id='word_1_729' title='bbox 1193 5481 1355 5537; x_wconf 89' lang='lat' dir='ltr'><strong>nobis</strong></span> <span class='ocrx_word' id='word_1_730' title='bbox 1382 5498 1484 5552; x_wconf 90' lang='lat' dir='ltr'><strong>pro</strong></span> <span class='ocrx_word' id='word_1_731' title='bbox 1513 5481 1774 5536; x_wconf 89' lang='lat' dir='ltr'><strong>tribunali</strong></span> <span class='ocrx_word' id='word_1_732' title='bbox 1800 5489 1955 5536; x_wconf 90' lang='lat' dir='ltr'><strong>tanto</strong></span> <span class='ocrx_word' id='word_1_733' title='bbox 1988 5497 2114 5537; x_wconf 90' lang='lat' dir='ltr'><strong>ver-</strong></span> 
     </span>
    </p>
   </div>
   <div class='ocr_carea' id='block_1_104' title="bbox 2222 5360 3783 5454">
    <p class='ocr_par' dir='ltr' id='par_1_104' title="bbox 2222 5360 3783 5454">
     <span class='ocr_line' id='line_1_104' title="bbox 2222 5360 3783 5454; baseline -0.012 -18"><span class='ocrx_word' id='word_1_734' title='bbox 2222 5382 2367 5454; x_wconf 83' lang='grc' dir='ltr'>μέγα</span> <span class='ocrx_word' id='word_1_735' title='bbox 2393 5398 2452 5435; x_wconf 88' lang='grc' dir='ltr'><strong>τε</strong></span> <span class='ocrx_word' id='word_1_736' title='bbox 2491 5379 2588 5435; x_wconf 69' lang='grc' dir='ltr'>καὶ</span> <span class='ocrx_word' id='word_1_737' title='bbox 2612 5376 2933 5449; x_wconf 83' lang='grc' dir='ltr'>διαπρύσιον</span> <span class='ocrx_word' id='word_1_738' title='bbox 2964 5373 3259 5443; x_wconf 79' lang='grc' dir='ltr'>ἀνεϐόησεν</span> <span class='ocrx_word' id='word_1_739' title='bbox 3279 5387 3294 5403; x_wconf 79' lang='grc'><em>’</em></span> <span class='ocrx_word' id='word_1_740' title='bbox 3329 5368 3426 5433; x_wconf 87' lang='grc' dir='ltr'>Τίς</span> <span class='ocrx_word' id='word_1_741' title='bbox 3456 5366 3624 5422; x_wconf 84' lang='grc' dir='ltr'>πόθεν</span> <span class='ocrx_word' id='word_1_742' title='bbox 3646 5360 3783 5425; x_wconf 71' lang='grc' dir='ltr'>οὗτος</span> 
     </span>
    </p>
   </div>
   <div class='ocr_carea' id='block_1_105' title="bbox 2219 5461 3784 5546">
    <p class='ocr_par' dir='ltr' id='par_1_105' title="bbox 2219 5461 3784 5546">
     <span class='ocr_line' id='line_1_105' title="bbox 2219 5461 3784 5546; baseline -0.013 -17"><span class='ocrx_word' id='word_1_743' title='bbox 2219 5477 2249 5529; x_wconf 88' lang='lat'><strong>6</strong></span> <span class='ocrx_word' id='word_1_744' title='bbox 2278 5474 2579 5546; x_wconf 82' lang='grc' dir='ltr'>ἀλιτήριος,</span> <span class='ocrx_word' id='word_1_745' title='bbox 2607 5473 2635 5526; x_wconf 94' lang='lat'><strong>6</strong></span> <span class='ocrx_word' id='word_1_746' title='bbox 2660 5468 2927 5539; x_wconf 76' lang='grc' dir='ltr'>τοσαύτην</span> <span class='ocrx_word' id='word_1_747' title='bbox 2948 5467 3082 5539; x_wconf 81' lang='grc' dir='ltr'>ήμῖν</span> <span class='ocrx_word' id='word_1_748' title='bbox 3114 5465 3208 5518; x_wconf 77' lang='grc' dir='ltr'><strong>ἐπὶ</strong></span> <span class='ocrx_word' id='word_1_749' title='bbox 3226 5461 3324 5517; x_wconf 83' lang='grc' dir='ltr'>τοῦ</span> <span class='ocrx_word' id='word_1_750' title='bbox 3355 5461 3603 5533; x_wconf 85' lang='grc' dir='ltr'>βήματος</span> <span class='ocrx_word' id='word_1_751' title='bbox 3631 5472 3784 5512; x_wconf 81' lang='grc' dir='ltr'>κατα-</span> 
     </span>
    </p>
   </div>
   <div class='ocr_carea' id='block_1_106' title="bbox 541 5552 2087 5645">
    <p class='ocr_par' dir='ltr' id='par_1_106' title="bbox 541 5573 2087 5645">
     <span class='ocr_line' id='line_1_106' title="bbox 541 5573 2087 5645; baseline -0.001 -16"><span class='ocrx_word' id='word_1_752' title='bbox 541 5574 956 5637; x_wconf 68' lang='grc' dir='ltr'>θοιυιιιεοηὶιιι</span> <span class='ocrx_word' id='word_1_753' title='bbox 999 5574 1235 5644; x_wconf 67' lang='lat' dir='ltr'><strong>protulit</strong></span> <span class='ocrx_word' id='word_1_754' title='bbox 1265 5574 1634 5630; x_wconf 88' lang='lat' dir='ltr'><strong>concionem?</strong></span> <span class='ocrx_word' id='word_1_755' title='bbox 1664 5573 1969 5645; x_wconf 77' lang='lat' dir='ltr'><strong>Respondit</strong></span> <span class='ocrx_word' id='word_1_756' title='bbox 2016 5589 2087 5629; x_wconf 89' lang='lat' dir='ltr'><strong>co</strong></span> 
     </span>
    </p>
   </div>
   <div class='ocr_carea' id='block_1_107' title="bbox 2192 5552 3786 5645">
    <p class='ocr_par' dir='ltr' id='par_1_107' title="bbox 2224 5552 3786 5645">
     <span class='ocr_line' id='line_1_107' title="bbox 2224 5552 3786 5645; baseline -0.015 -17"><span class='ocrx_word' id='word_1_757' title='bbox 2224 5567 2508 5639; x_wconf 77' lang='grc' dir='ltr'>δομδήσας</span> <span class='ocrx_word' id='word_1_758' title='bbox 2534 5562 2909 5636; x_wconf 81' lang='grc' dir='ltr'>δημηγορίαν;</span> <span class='ocrx_word' id='word_1_759' title='bbox 2950 5560 3017 5614; x_wconf 81' lang='grc' dir='ltr'><strong>Ἦ</strong></span> <span class='ocrx_word' id='word_1_760' title='bbox 3053 5557 3208 5624; x_wconf 80' lang='grc' dir='ltr'>τάξις</span> <span class='ocrx_word' id='word_1_761' title='bbox 3240 5556 3381 5627; x_wconf 80' lang='grc' dir='ltr'>εφη·</span> <span class='ocrx_word' id='word_1_762' title='bbox 3418 5555 3478 5609; x_wconf 86' lang='grc' dir='ltr'>Ὀ</span> <span class='ocrx_word' id='word_1_763' title='bbox 3498 5552 3633 5645; x_wconf 72' lang='grc' dir='ltr'>δούξ</span> <span class='ocrx_word' id='word_1_764' title='bbox 3651 5554 3786 5645; x_wconf 57' lang='grc' dir='ltr'>εστιν</span> 
     </span>
    </p>
   </div>
   <div class='ocr_carea' id='block_1_108' title="bbox 538 5638 2087 5733">
    <p class='ocr_par' dir='ltr' id='par_1_108' title="bbox 538 5638 2087 5733">
     <span class='ocr_line' id='line_1_108' title="bbox 538 5638 2087 5733; baseline 0.003 -16"><span class='ocrx_word' id='word_1_765' title='bbox 538 5663 678 5719; x_wconf 82' lang='lat' dir='ltr'><strong>hors</strong></span> <span class='ocrx_word' id='word_1_766' title='bbox 722 5662 959 5718; x_wconf 88' lang='lat' dir='ltr'><strong>militum</strong></span> <span class='ocrx_word' id='word_1_767' title='bbox 1003 5638 1024 5719; x_wconf 66' lang='grc' dir='ltr'>ξ</span> <span class='ocrx_word' id='word_1_768' title='bbox 1064 5663 1185 5719; x_wconf 83' lang='lat' dir='ltr'><strong>Dux</strong></span> <span class='ocrx_word' id='word_1_769' title='bbox 1224 5672 1311 5720; x_wconf 88' lang='lat' dir='ltr'><strong>est</strong></span> <span class='ocrx_word' id='word_1_770' title='bbox 1352 5663 1723 5733; x_wconf 78' lang='lat' dir='ltr'><strong>Alexandriae,</strong></span> <span class='ocrx_word' id='word_1_771' title='bbox 1757 5638 2004 5720; x_wconf 83' lang='lat' dir='ltr'><strong>domine.</strong></span> <span class='ocrx_word' id='word_1_772' title='bbox 2048 5664 2087 5721; x_wconf 86' lang='grc' dir='ltr'>Ε</span> 
     </span>
    </p>
   </div>
   <div class='ocr_carea' id='block_1_109' title="bbox 2192 5638 3785 5733">
    <p class='ocr_par' dir='ltr' id='par_1_109' title="bbox 2234 5638 3785 5728">
     <span class='ocr_line' id='line_1_109' title="bbox 2234 5638 3785 5728; baseline -0.014 -16"><span class='ocrx_word' id='word_1_773' title='bbox 2234 5638 2667 5728; x_wconf 70' lang='grc' dir='ltr'>Ἄλεξανδρείας,</span> <span class='ocrx_word' id='word_1_774' title='bbox 2720 5647 2767 5708; x_wconf 82' lang='grc' dir='ltr'><strong>ὧ</strong></span> <span class='ocrx_word' id='word_1_775' title='bbox 2797 5652 3054 5707; x_wconf 82' lang='grc' dir='ltr'>δέσποτα.</span> <span class='ocrx_word' id='word_1_776' title='bbox 3095 5649 3210 5703; x_wconf 77' lang='grc' dir='ltr'><strong>Καὶ</strong></span> <span class='ocrx_word' id='word_1_777' title='bbox 3234 5649 3263 5702; x_wconf 90' lang='lat'><strong>6</strong></span> <span class='ocrx_word' id='word_1_778' title='bbox 3289 5644 3581 5718; x_wconf 83' lang='grc' dir='ltr'>βασιλεύς·</span> <span class='ocrx_word' id='word_1_779' title='bbox 3621 5638 3785 5712; x_wconf 81' lang='grc' dir='ltr'>Ἀρτέ-</span> 
     </span>
    </p>
   </div>
   <div class='ocr_carea' id='block_1_110' title="bbox 609 5836 3779 6006">
    <p class='ocr_par' dir='ltr' id='par_1_110' title="bbox 609 5836 3779 6006">
     <span class='ocr_line' id='line_1_110' title="bbox 609 5836 3779 6006; baseline -0.006 -17"><span class='ocrx_word' id='word_1_780' title='bbox 609 5932 726 6006; x_wconf 78' lang='lat' dir='ltr'><strong>(ll)</strong></span> <span class='ocrx_word' id='word_1_781' title='bbox 753 5931 867 5989; x_wconf 84' lang='lat' dir='ltr'><strong>Hoc</strong></span> <span class='ocrx_word' id='word_1_782' title='bbox 904 5930 1129 5989; x_wconf 89' lang='lat' dir='ltr'><strong>nomine</strong></span> <span class='ocrx_word' id='word_1_783' title='bbox 1145 5929 1542 6002; x_wconf 78' lang='lat' dir='ltr'><strong>designabatur</strong></span> <span class='ocrx_word' id='word_1_784' title='bbox 1568 5933 1857 6005; x_wconf 68' lang='lat' dir='ltr'><strong>praefectus</strong></span> <span class='ocrx_word' id='word_1_785' title='bbox 1889 5836 2295 6005; x_wconf 46' lang='grc' dir='ltr'><strong>ἐζωῗιὲῒιὲύω</strong></span> <span class='ocrx_word' id='word_1_786' title='bbox 2322 5928 2567 6002; x_wconf 84' lang='lat' dir='ltr'><strong>dignitas</strong></span> <span class='ocrx_word' id='word_1_787' title='bbox 2600 5925 2854 5984; x_wconf 85' lang='lat' dir='ltr'><strong>instituta</strong></span> <span class='ocrx_word' id='word_1_788' title='bbox 2875 5930 2996 5982; x_wconf 88' lang='lat' dir='ltr'><strong>erat</strong></span> <span class='ocrx_word' id='word_1_789' title='bbox 3011 5937 3055 5993; x_wconf 19' lang='lat' dir='ltr'><strong>Aa</strong></span> <span class='ocrx_word' id='word_1_790' title='bbox 3095 5921 3313 5981; x_wconf 77' lang='lat' dir='ltr'><strong>Caesare</strong></span> <span class='ocrx_word' id='word_1_791' title='bbox 3341 5920 3613 5994; x_wconf 82' lang='lat' dir='ltr'><strong>Augusto.</strong></span> <span class='ocrx_word' id='word_1_792' title='bbox 3641 5914 3779 5972; x_wconf 70' lang='lat' dir='ltr'><strong>Eutr.</strong></span> 
     </span>
    </p>
   </div>
  </div>
