4026 6404
170 454 316 522 19.85

1443 464 1504 524 S.
1544 459 1872 524 ARTEMII
1906 462 2192 526 PASSIO.

3311 468 3448 536 1286

169 588 320 640 μιος,
353 565 526 636 εἶπεν,
552 571 582 624 ό
612 570 892 642 ἁλιτήριος
943 572 971 625 ό
995 572 1074 643 τῷ
1108 574 1227 646 ἐμῷ
1254 573 1470 647 ἀδελφῷ
1497 576 1751 631 θάνατον-

1859 575 2210 646 imperator:
2254 577 2558 642 Artemius,
2595 577 2801 650 inquit,
2841 579 3151 638 sceleratus
3201 582 3292 639 ille
3351 585 3444 655 qui

166 666 377 737 πικρὸν
407 665 813 737 κερασάμενος;
846 666 976 731 Ναὶ,
1002 668 1156 738 φησὶ,
1180 668 1443 740 κράτιστε
1471 669 1759 741 βασιλέων,

164 758 341 823 αὐτός
395 760 537 814 ἐστι.
589 760 700 815 Καὶ
745 759 1072 825 Ἰουλιανός·
1122 762 1298 835 Χάριν
1349 763 1623 833 ἐποφείλω
1647 765 1762 830 τοῖς

163 848 470 916 ἀθανάτοις
510 852 652 917 Θεοῖς
681 855 775 907 καὶ
805 851 884 924 τῷ
911 851 1154 925 δαφναίῳ
1196 854 1516 920 Ἀπόλλωνι,
1550 857 1633 911 ὅτι
1667 873 1759 928 μοι

163 942 264 997 τὸν
292 945 572 1018 ἀλάστορα
611 945 911 1017 αὐτόμολον
937 945 1034 1000 καὶ
1075 946 1521 1016 αὑτεπάγγελτον
1564 948 1760 1018 ἐφανέ-

169 1052 363 1107 ρωσαν
385 1055 401 1070 ο
435 1039 528 1092 καί
577 1055 743 1109 φησιν
769 1054 784 1069 ’
823 1037 1222 1109 Ἀποξωσθήτω
1248 1039 1345 1094 τοῦ
1389 1039 1704 1112 ἀξιώματος
1730 1042 1760 1095 ό

165 1130 519 1202 παμμίαρος,
544 1133 636 1185 καὶ
680 1131 780 1203 τὴν
823 1129 999 1203 ζώνην
1045 1131 1420 1204 ἀφαιρεθήτω,
1455 1133 1610 1204 δίκην
1652 1132 1760 1186 τῶν

161 1222 378 1293 ἀρτίως
405 1221 556 1294 αὐτῷ
583 1221 967 1294 τολμηθέντων
985 1238 1000 1254 ο
1034 1222 1174 1295 ὑπὲρ
1199 1223 1257 1277 δὲ
1286 1223 1387 1294 τῆς
1424 1223 1641 1294 σφαγῆς
1660 1221 1756 1276 τοῦ⁹

163 1317 312 1386 ἐμοῦ
342 1317 575 1386 ἀδελφοῦ
621 1318 716 1372 καὶ
758 1317 854 1382 τοῦ
885 1317 1142 1388 αἵματος,
1187 1317 1379 1388 αὔριον
1431 1317 1581 1390 αὑτῷ
1620 1318 1758 1372 θεῶν

164 1409 520 1481 βουλομένων
555 1410 834 1482 προσοίσω
864 1411 964 1482 τὴν
988 1411 1147 1480 δίκην
1168 1425 1182 1442 ·
1215 1411 1275 1464 οὐ
1315 1411 1426 1482 γὰρ
1458 1410 1539 1464 ἐνί
1561 1427 1626 1480 γε
1658 1409 1758 1464 αὐ-

161 1501 257 1554 τὸν
293 1500 628 1567 ἐξαναλὼσω
672 1501 914 1573 θανάτῳ,
953 1502 1090 1556 ἀλλά
1139 1502 1354 1574 μυρίοις
1391 1504 1486 1556 καὶ
1536 1503 1682 1567 ὅσοις
1709 1503 1758 1557 oi

161 1595 489 1664 ἀνδροφόνοι
522 1595 785 1667 ὑπόχρεοι
838 1596 1250 1668 καθεστήκασιν
1281 1612 1297 1630 ο
1331 1597 1393 1650 οὐ
1433 1597 1542 1670 γάρ
1574 1597 1758 1652 κοινοῦ

161 1703 229 1756 γε
270 1689 492 1760 ἀνδρὸς,
525 1688 662 1743 ἀλλὰ
691 1687 956 1760 βασιλέως
990 1685 1132 1760 αἷμα
1180 1688 1419 1761 ἐξέχεεν,
1456 1691 1554 1746 καὶ
1584 1690 1760 1748 ταῦτα

163 1779 344 1852 μηδὲν
367 1781 504 1853 πρὸς
535 1780 701 1836 αὐτοῦ
734 1779 1024 1846 πεπονθὼς
1052 1781 1258 1838 άδικον.

1867 667 2023 722 l‘ratri
2072 682 2197 724 meo
2231 669 2489 724 acerbam
2558 671 2794 726 mortem
2827 675 3193 744 procuravit?
3221 676 3322 743 ita,
3357 693 3448 732 re-

1865 757 2088 830 spondit
2121 760 2348 824 cohors,
2385 761 2597 832 Optime
2630 762 2952 833 imperator,
2983 766 3102 837 ipse
3151 774 3259 823 est.
3289 766 3449 824 Tunc

1861 849 2115 909 Julianus
2147 851 2398 909 :Gratias
2432 853 2608 910 debeo
2638 855 2748 912 diis
2770 856 3200 925 immortalibus,
3230 868 3284 914 et
3328 877 3448 914 ma-

1862 942 2010 998 xime
2063 943 2309 1014 Apollini
2369 944 2668 1015 Daphnaeo,
2727 947 2878 1017 quod
2914 948 3051 1004 mihi
3096 951 3446 1007 ostend-riut

1862 1036 2092 1108 impium
2125 1053 2224 1092 sua
2283 1048 2485 1109 sponte
2533 1041 2845 1097 venientem
2897 1033 3444 1103 et'manilestantem

1863 1129 2133 1198 seipsuut.
2194 1131 2260 1185 Et
2305 1132 2442 1187 dicit
2482 1152 2494 1188 :
2531 1125 3123 1207 Spolietur'dignitate
3148 1153 3247 1193 sua
3283 1155 3444 1212 exse-

1861 1221 2194 1291 crandus,et
2225 1224 2448 1295 cingulo
2485 1235 2724 1281 exuatur
2749 1226 2803 1281 in
2838 1241 3058 1297 patriam
3086 1243 3277 1284 eorum
3324 1244 3448 1300 qua:

1863 1313 2028 1368 modo
2061 1330 2238 1372 ausus
2272 1325 2361 1371 est
2395 1317 2668 1388 proferre.
2716 1317 2791 1375 De
2817 1321 2966 1376 caede
3005 1331 3189 1377 autem
3219 1337 3284 1376 ac
3313 1338 3444 1378 san-

1861 1405 2026 1474 guine
2060 1404 2253 1463 fratris
2281 1407 2386 1462 mei
2415 1423 2563 1474 cras,
2601 1408 2710 1465 diis
2743 1411 3085 1480 volentibus,
3117 1427 3311 1483 poenas
3349 1411 3446 1466 da-

1862 1495 1958 1552 bit.
2007 1497 2224 1554 Etenim
2273 1514 2385 1554 non
2419 1516 2526 1554 una
2579 1515 2703 1556 eum
2755 1514 2932 1560 morte
2974 1519 3323 1571 consumam,
3349 1503 3442 1560 sed

1861 1588 2130 1656 millibus,
2159 1600 2432 1663 quotquot
2461 1593 2760 1648 bomicidis
2813 1595 2984 1668 inﬂigi
3028 1597 3242 1666 solent;
3280 1596 3444 1667 siqui-

1859 1677 1982 1732 dem
2036 1695 2145 1733 non
2179 1681 2283 1734 viri
2315 1683 2651 1749 communis,
2689 1685 2784 1740 sed
2825 1685 3182 1757 imperatoris
3214 1687 3445 1760 sangui-

1859 1785 1986 1825 nem
2023 1771 2303 1839 ell'uderit,
2339 1775 2546 1830 nullam
2589 1783 2774 1832 tamen
2807 1778 2876 1833 ab
2922 1794 2988 1836 eo
3015 1779 3278 1850 iujuriam
3318 1795 3448 1852 pas-

1861 1876 1981 1918 SUS.

241 1962 350 2029 λζ’.
379 1963 565 2019 Ταῦτα
590 1963 684 2019 τοῦ
717 1964 983 2036 βασιλέως
1021 1965 1316 2022 Ἰουλιανοῦ
1338 1967 1751 2042 δημηγορήσαν-

1935 1957 2024 2012 57.
2053 1957 2151 2015 liis
2201 1959 2386 2015 verbis
2420 1959 2490 2016 ab
2555 1959 2892 2033 imperatore
2931 1961 3156 2018 Juliano
3187 1965 3440 2036 prolatis,

158 2071 276 2121 τος,
320 2055 670 2127 ἀνάρπαστος
693 2056 799 2110 ὑπὸ
823 2057 933 2110 τῶν
959 2057 1276 2131 δορυφόρων
1296 2062 1325 2114 ὁ
1346 2061 1502 2131 ἀγιος
1522 2063 1755 2132 γίνεται,

159 2149 260 2202 καὶ
320 2150 420 2220 τῆς
467 2148 647 2220 ζώνης
699 2149 841 2221 μετὰ
889 2149 986 2204 τοῦ
1037 2151 1351 2222 ἀξιώματος
1403 2154 1755 2227 ἀφαιρεθεὶς,

159 2240 377 2310 γυμνὸς
412 2240 504 2293 ἐπὶ
532 2240 628 2294 τοῦ
661 2239 904 2311 βήματος
931 2242 1118 2296 ἵστατο
1146 2243 1240 2297 καὶ
1264 2243 1374 2298 τῶν
1398 2243 1611 2316 δημίων
1637 2249 1756 2312 ταῖς

160 2331 330 2402 χερσὶ
359 2330 680 2402 παρεδίδοτο
703 2348 717 2363 ο
751 2333 802 2385 oi
832 2331 911 2396 δὲ,
937 2331 1184 2402 σχοίνους
1212 2335 1321 2388 τῶν
1350 2338 1553 2409 χειρῶν
1588 2337 1754 2394 αὑτοῦ

160 2426 257 2480 καὶ
321 2426 498 2481 ποδῶν
537 2427 893 2499 ἐξαψάμενοι,
940 2428 1300 2483 διατείνουσιν
1333 2431 1398 2482 ἐκ
1446 2430 1752 2503 τεσσάρων,

159 2521 258 2573 καὶ¹
286 2523 391 2592 τήν
419 2537 480 2574 τε
518 2521 766 2593 γαστέρα
829 2522 924 2575 καὶ
977 2521 1068 2575 τὸν
1129 2511 1301 2576 νῶτον
1333 2522 1428 2576 τοῦ
1474 2525 1755 2597 μάρτυρος

159 2612 274 2673 τοῖς
310 2609 628 2683 βουνεύροις
656 2612 888 2666 ἔτυπτον
918 2614 1012 2666 ἐπὶ
1040 2615 1315 2680 τοσοῦτον,
1351 2615 1496 2670 ὥστε
1526 2617 1754 2682 ἀλλάξαι

160 2703 333 2758 αὐτὸν
365 2701 539 2773 ζυγάς
581 2705 878 2778 τέσσαρας.
905 2707 1015 2760 Καὶ
1043 2701 1112 2778 ἦν
1159 2708 1287 2762 ἰδεῖν
1312 2708 1470 2780 ξένην
1498 2710 1621 2764 τινὰ
1658 2709 1754 2763 καὶ

158 2796 260 2849 οὐκ
306 2796 660 2874 ἀνθρωπίνην
711 2799 1029 2871 ὑπομονήν·
1073 2800 1269 2873 οὐγὰρ
1311 2802 1640 2873 στεναγμὸς,
1690 2803 1753 2857 οὗ

160 2887 346 2960 φωνὴ,
373 2887 434 2942 οὐ
463 2889 726 2960 σκυλμδς,
763 2891 866 2945 οὐκ
920 2890 1052 2947 ἄλλο
1100 2909 1154 2946 τι
1179 2891 1290 2946 τῶν
1322 2893 1423 2946 ὅσα
1452 2894 1753 2965 πάσχουσιν

159 2978 447 3051 ἄνθρωποι
490 2980 748 3051 βασάνοις
785 2982 1193 3056 ἐξεταζόμενοι,
1248 2984 1382 3055 παρ’
1413 2985 1580 3039 αὐτοῦ
1624 2987 1751 3040 ἅνε-

159 3067 449 3139 πέμπετοο
493 3071 612 3124 ἀλλ’
656 3071 928 3142 ἀτρεπτός
987 3092 1073 3138 τις
1128 3074 1222 3128 καὶ
1257 3075 1619 3142 ἀναλλοίωτος
1671 3076 1752 3149 τῷ

159 3159 448 3233 προσώπῳ
497 3164 886 3234 κατεφαίνετο.
922 3164 987 3218 Ἦ
1021 3166 1089 3236 γῆ
1128 3164 1184 3219 δὲ
1214 3167 1308 3221 τοῦ
1339 3167 1574 3240 αἵματος
1617 3172 1748 3222 ἐπε-

1862 2051 2136 2121 arripiunt
2179 2053 2448 2109 satellites
2500 2064 2778 2123 sanctum,
2812 2057 2905 2127 qui
2947 2057 3170 2128 cingulo
3203 2074 3327 2112 cum
3357 2057 3445 2111 rli-

1861 2143 2072 2214 gnitate
2113 2145 2411 2217 spoliatus,
2455 2148 2640 2203 nudus
2684 2148 2907 2203 sistitur
2949 2165 3049 2220 pro
3086 2151 3348 2206 tribunali
3391 2158 3444 2204 ct

1861 2237 2120 2292 lictorum
2154 2239 2412 2294 manibus
2441 2238 2702 2295 traditur.
2736 2241 2805 2296 Hi
2855 2250 3038 2298 autem
3071 2243 3230 2299 funes
3266 2243 3446 2308 mani-

1859 2326 1961 2383 bus
1999 2335 2054 2382 et
2087 2327 2319 2398 pedibus
2347 2331 2606 2402 martyris
2634 2333 2947 2403 alligantes,
2981 2349 3010 2387 a
3045 2343 3282 2405 quatuor
3315 2349 3447 2406 par-

1861 2420 2010 2477 tibus
2036 2437 2159 2476 eum
2205 2424 2530 2490 extendunt,
2564 2434 2926 2498 ventremque
2961 2437 3016 2483 et
3067 2439 3280 2499 tergum
3322 2427 3445 2498 ejus

1857 2513 1996 2568 adeo
2026 2513 2188 2568 boum
2219 2515 2402 2570 nervis
2434 2516 2753 2581 verberant,
2791 2526 2850 2572 ut
2873 2519 2927 2574 in
2965 2518 3226 2574 cmdendo
3245 2528 3446 2590 quater

1857 2607 2206 2663 alternarint.
2242 2607 2309 2663 Et
2331 2609 2518 2665 videre
2547 2618 2668 2665 erat
2710 2612 2989 2667 insolitam
3021 2615 3317 2684 quamdam
3341 2629 3446 2670 nec

1857 2699 2155 2755 humanam
2177 2701 2529 2772 patientiam.
2565 2700 2687 2755 Non
2710 2703 2856 2758 enim
2883 2705 3290 2772 gemitus,.non
3317 2719 3442 2768 vox,

1856 2805 1967 2844 non
1997 2791 2299 2860 singultus,
2333 2805 2439 2845 non
2475 2790 2623 2844 aliud
2652 2791 2953 2861 quidquam
2986 2807 3177 2846 eorum
3200 2807 3324 2863 qua:
3351 2805 3446 2846 ac-

1856 2883 2044 2939 cidere
2086 2884 2268 2940 solent
2319 2884 2638 2938 bominibus
2681 2884 2774 2938 ubi
2817 2891 3090 2938 tormenta
3127 2882 3443 2954 perferunt,

1856 2977 1926 3032 ab
1959 2977 2078 3048 ipso
2126 2977 2503 3035 cmittebatur.
2539 2975 2710 3033 Terra
2743 2977 2966 3049 quidem
3017 2994 3217 3034 cruore
3250 2979 3443 3050 cpple-

1854 3069 2056 3135 batur;
2097 3071 2360 3143 martyris
2390 3086 2522 3125 vero
2573 3069 2749 3136 frons,
2780 3085 2844 3125 ac
2880 3070 2927 3125 si
2962 3071 3104 3125 alius
3138 3077 3440 3142 pateretur,

1854 3163 2191 3220 cernebatur
2239 3174 2581 3235 exporrecta,
2629 3163 2706 3218 ita
2756 3169 2815 3217 ut
2861 3161 3199 3218 mirarentur
3249 3177 3444 3218 omnes

160 3251 447 3324 ulﬁpmto,
481 3257 577 3308 καὶ
619 3257 648 3308 δ
695 3257 911 3328 μάρτυς
944 3257 1021 3322 ὠς
1065 3258 1227 3313 ἄλλου
1264 3259 1417 3333 [569]
1444 3259 1750 3332 πάσχοντος

1857 3255 2326 3320 circumstantes,
2360 3265 2414 3310 et
2458 3255 2575 3327 ipse
2621 3253 2872 3310 nefarius
2903 3252 3159 3310 Julianus
3192 3254 3443 3309 inaudito

159 3345 531 3417 ἐγνωρίζετο·
568 3347 710 3403 ὥστε
743 3350 1027 3420 θαυμάσαι
1051 3351 1272 3415 ’πάντας
1301 3355 1428 3418 τοὺς
1457 3353 1748 3426 παρεστῶ-

157 3455 284 3503 τας,
318 3441 414 3493 καὶ
442 3439 609 3494 αὐτὸν
637 3441 730 3496 τὸν
753 3441 1031 3512 ἀλάστορα
1074 3443 1363 3498 ’ῐουλιανδν
1402 3445 1752 3516 ἐκπλαγῆναι

158 3531 254 3585 ἐπὶ
294 3531 372 3602 τῷ
402 3531 535 3604 ξένῳ
569 3533 828 3603 θεάματι.
871 3535 981 3588 Καὶ
1025 3535 1239 3590 κελεύει
1283 3537 1448 3592 αὑτὸν
1484 3538 1782 3594 ἀνεθέντα.

158 3623 252 3678 ἐπὶ
267 3624 372 3695 τὴν
401 3625 649 3697 φυλακὴν
672 3627 993 3699 ἀπαχθῆναι
1023 3628 1164 3700 μετά
1189 3630 1299 3686 τῶν
1325 3631 1530 3686 λοιπῶν
1553 3633 1748 3702 άγίων,

159 3717 497 3788 σκεψόμενος
529 3719 646 3784 πῶς
698 3722 794 3775 καὶ
836 3721 939 3774 τίνι
979 3722 1168 3794 τρόπῳ
1195 3723 1292 3776 καὶ
1347 3725 1486 3793 ποίῳ
1535 3725 1752 3797 θανάτῳ

155 3808 260 3881 τῆς
287 3811 572 3882 παρούσης
597 3811 748 3881 ζωῆς
781 3813 1102 3882 ἐξαφανίσει
1133 3817 1260 3881 τοὺς
1291 3817 1601 3889 μάρτυρας.

228 3902 333 3974 λη’.
378 3904 440 3957 0i.
487 3904 586 3975 μὲν
641 3905 734 3959 οῦν
782 3905 876 3960 τοῦ
909 3906 1154 3973 Χριστοῦ
1211 3908 1492 3980 μάρτυρες
1525 3909 1618 3964 ἐπὶ
1648 3909 1751 3982 τὴν

157 3995 412 4068 φυλακὴν
483 3998 830 4070 ἀπαγόμενοι
895 3999 1128 4070 ἔψαλλον
1171 4017 1185 4032 ο
1250 4001 1682 4072 Ἑδοκίμασαςῖ,
1713 4003 1749 4056 ὀ

161 4089 330 4154 Θεὸς,
362 4089 687 4157 ἐπύρωσας
719 4091 871 4159 ἡμᾶς
909 4091 988 4158 ὡς
1012 4091 1308 4160 κυροῦται
1333 4092 1400 4147 τὸ
1423 4093 1710 4163 ἀργύριον
1729 4111 1745 4126 ·

156 4180 482 4252 εἰσήγαγες
507 4180 666 4250 ἡμᾶς
685 4185 774 4249 εἷς
797 4183 912 4250 τὴν
940 4183 1184 4253 παγίδας
1209 4183 1351 4239 ἔθου
1385 4185 1622 4254 θλίψεις
1648 4185 1750 4240 ἐπὶ

155 4277 267 4331 τὸν
295 4275 491 4332 νῶτον
516 4276 705 4346 ἡμῶν,
728 4277 1092 4344 ἐπεϐίϐασας
1136 4277 1490 4346 ἀνθρώπους
1518 4278 1618 4332 ἐπὶ
1642 4279 1750 4346 τὰς

156 4369 430 4437 κεφαλὰς
460 4368 632 4439 ἡμῶν
663 4385 678 4399 ⁸
711 4367 890 4422 λείπει
918 4367 1014 4422 οῦν
1052 4369 1112 4421 τὸ
1147 4369 1410 4425 διελθεῖν
1447 4368 1600 4440 ἡμᾶς
1650 4368 1749 4424 διὰ

155 4459 351 4526 πυρός
376 4474 440 4511 τε
471 4457 569 4512 καὶ
602 4457 841 4524 ὕδατος,
875 4459 1035 4526 ὅπως
1055 4461 1143 4526 είς
1162 4459 1496 4530 ἀναψυχὴν
1519 4459 1748 4531 ἀγάγῃς

154 4548 340 4619 ἡμᾶς.
366 4549 478 4603 Καὶ
502 4549 604 4622 τῆς
626 4549 794 4621 εὐχῆς
819 4551 1235 4623 πληρωθείσης,
1267 4552 1423 4621 ἔλεγε
1457 4553 1594 4626 πρὸς
1611 4555 1744 4610 ἐαυ-

1858 3346 2111 3418 prodigio
2143 3354 2619 3402 consternaretur.
2668 3343 2833 3401 Jubet
2883 3345 3104 3400 tandem
3135 3344 3440 3399 relaxatqu

1856 3453 1982 3493 cum
2010 3437 2240 3509 reliquis
2271 3437 2480 3494 sanctis
2507 3438 2559 3492 in
2596 3437 2910 3494 custodiam
2954 3437 3106 3502 duci,
3139 3438 3441 3493 meditatu-

1854 3548 1951 3588 rus
1980 3531 2280 3602 quomodo,
2309 3541 2362 3586 et
2382 3532 2589 3602 quibus
2625 3531 2994 3598 cruciatibus,
3024 3542 3078 3588 et
3101 3547 3211 3604 quo
3243 3532 3442 3587 mortis

1853 3640 2053 3698 genere
2074 3624 2241 3680 vitam
2270 3622 2517 3680 auferret
2545 3623 2906 3698 martyribus.

1924 3907 2014 3962 38.
2046 3906 2254 3962 Christi
2287 3920 2421 3977 ergo
2463 3913 2759 3979 martyres,
2788 3905 2916 3960 dum
2952 3905 3006 3961 in
3029 3920 3311 3962 carcerem
3337 3905 3442 3963 du-

1849 3998 2154 4060 cebantur,
2196 3996 2544 4066 psallebant:
2608 3994 2862 4049 l’robasti
2919 4011 3036 4062 nos,
3101 3995 3290 4050 Deus:
3323 3998 3440 4066 igne

1851 4107 1948 4145 nos
1993 4091 2337 4156 examinasti,
2392 4091 2530 4144 sicut
2575 4091 2920 4144 examinatur
2974 4101 3272 4160 argentum.
3342 4090 3440 4145 lu-

1849 4182 2056 4237 duxisti
2077 4200 2171 4236 nos
2200 4184 2254 4236 iu
2282 4182 2550 4253 laqueum,
2567 4183 2792 4250 posuisti
2811 4183 3181 4238 tribulatioues
3203 4185 3258 4237 iu
3278 4184 3438 4240 dorso

1849 4285 2079 4332 nostro:
2130 4276 2432 4344 imposuisti
2481 4275 2720 4330 homines
2779 4293 2940 4346 super
2989 4279 3169 4345 capita
3224 4287 3434 4332 nostra.

1852 4366 2047 4424 Restat
2122 4368 2292 4437 igitur
2352 4377 2446 4430 ut,
2516 4376 2812 4440 postquam
2880 4370 3282 4426 trausirerimus
3347 4387 3441 4441 per

1847 4462 2019 4531 ignem
2048 4470 2096 4514 et
2120 4475 2334 4529 aquam,
2377 4456 2572 4512 educas
2617 4475 2711 4513 nos
2750 4459 2806 4514 in
2869 4461 3202 4532 refrigerium
3235 4461 3277 4516 ⁸.
3315 4480 3334 4513 ι
3371 4463 3440 4528 Et

1850 4553 2118 4622 completa
2139 4552 2412 4614 oratione,
2449 4549 2676 4604 dicebat
2732 4551 2880 4622 apud
2911 4568 2972 4608 se
3008 4568 3242 4624 magnus
3275 4554 3437 4609 Arte-

153 4639 247 4694 τδν
312 4641 343 4694 ὁ
392 4641 568 4713 μέγας
613 4642 902 4722 ’Δρτέμιος
935 4659 948 4673 ·
998 4644 1132 4698 Ἰδοὺ
1185 4645 1296 4717 γάρ
1350 4645 1419 4700 τά
1473 4645 1751 4718 στίγματα

1863 4644 2006 4699 iuius
2031 4662 2045 4698 :
2083 4641 2224 4697 Ecce
2247 4641 2503 4712 stigmata
2525 4640 2735 4697 Christi
2763 4643 3072 4714 incorpore
3099 4654 3194 4700 tuo
3225 4645 3438 4701 inscul-

152 4731 250 4787 τοῦ
282 4733 526 4804 Χριστοῦ
555 4735 611 4787 ἐν
645 4733 724 4805 τῷ
762 4734 980 4805 σώματί
1011 4753 1104 4789 σου
1143 4737 1482 4808 κεχάρακται
1511 4755 1525 4769 ο
1566 4733 1747 4792 λείπει

155 4820 250 4880 οῦν
277 4827 368 4880 ἵνα
398 4827 495 4881 καὶ
537 4826 712 4899 αὐτὴν
743 4827 846 4898 τὴν
876 4827 1060 4900 ψυχὴν
1088 4830 1458 4902 προσαποδῷς
1487 4830 1624 4901 μετά
1651 4827 1746 4884 τοῦ

155 4918 447 4972 ἐπιλοίπου
497 4935 593 4972 σου
624 4920 860 4991 αἵματος
897 4938 912 4951 ·
943 4921 1040 4974 καὶ
1080 4921 1142 4974 τὸ
1177 4923 1516 4993 προφητικὸν
1567 4926 1746 4979 ἐκεῖνο

153 5011 348 5078 λόγιον
404 5011 814 5084 ἐνθυμούμενος
886 5013 1076 5082 ἔλεγεν
1104 5029 1118 5043 ⁸
1195 5013 1326 5069 Ἰδοὺ
1390 5013 1598 5070 δέδωκα
1653 5015 1744 5070 τδν

157 5102 328 5158 νῶτόν
383 5121 485 5176 μου
537 5105 618 5168 είς
681 5106 988 5176 μάστιγας,
1048 5105 1144 5159 καὶ
1190 5105 1291 5171 τὰς
1335 5109 1590 5174 σιαγόνας
1641 5126 1742 5180 μου

155 5200 238 5261 είς
307 5198 630 5271 ῥαπίσματα
663 5216 678 5232 ο
732 5200 870 5254 ἀλλὰ
898 5199 952 5253 τί
985 5200 1378 5272 περισσότερον
1443 5200 1538 5253 τοῦ
1603 5200 1739 5272 ἐμοῦ

154 5290 430 5344 Δεσπότου
458 5292 778 5364 ὑπήνεγκας
797 5291 1095 5357 ὁάνάξιοςς
1130 5293 1397 5354 Κάκεῖνος
1428 5291 1740 5363 κατεξάνθη

153 5385 277 5446 ταῖς
335 5383 588 5453 μάστιξι·
628 5384 889 5439 κάκείνου
937 5383 998 5437 τὸ
1061 5383 1356 5456 πρόσωπον
1413 5383 1739 5456 ῥαπίσματα

154 5475 489 5540 κατεδέξατο
516 5477 609 5530 καὶ
642 5475 1053 5548 κολαφίσματα,
1115 5477 1210 5530 καὶ
1240 5475 1466 5546 πυγμὰς
1524 5474 1736 5547 ὑπέστη

154 5564 222 5618 δι’
243 5566 369 5620 ὅλου
403 5568 497 5621 τοῦ
527 5569 804 5640 σώματος,
840 5567 1136 5624 ἀκάνθινον
1196 5568 1427 5639 ἐφόρεσε
1454 5568 1739 5638 στέφανον,

221 5718 246 5754 ⁸
272 5715 417 5778 ΡειιΙ.
450 5736 574 5789 va,
608 5721 695 5777 10.

1858 4745 1948 4806 pta
1984 4745 2136 4802 sunt,
2172 4742 2346 4789 restat
2374 4733 2546 4804 igitur
2573 4742 2628 4787 ut
2669 4743 2723 4789 et
2759 4736 2934 4806 ipsam
2971 4736 3210 4791 animam
3250 4737 3436 4794 tradas

1853 4845 1977 4884 cum
2000 4829 2214 4898 reliquo
2235 4827 2526 4898 sanguine.
2553 4826 2618 4880 Et
2642 4827 3029 4898 propheticum
3051 4827 3181 4883 illttd
3209 4830 3434 4885 verbum

1853 4921 2280 4976 tueditabundus
2310 4919 2625 4990 proferebat
2651 4941 2664 4976 :
2688 4920 2831 4976 Ecce
2854 4921 2977 4976 dedi
3001 4923 3223 4979 dorsum
3251 4941 3434 4981 meum

1851 5015 1905 5068 in
1933 5013 2165 5083 ﬂagella,
2198 5020 2252 5068 et
2284 5029 2452 5084 genas
2493 5029 2644 5067 meas
2673 5013 2738 5066 ad
2766 5013 2953 5082 alapas
2986 5013 3122 5085 (l2).
3159 5013 3266 5071 Sed
3298 5017 3428 5086 quid

1853 5106 2090 5176 amplius
2121 5105 2436 5161 sustinuisti
2466 5119 2629 5176 quam
2662 5121 2784 5176 quze
2819 5104 3084 5160 Dominus
3119 5123 3294 5172 meus,
3347 5109 3436 5163 in-

1849 5197 2054 5268 digne?
2077 5195 2196 5267 ipse
2217 5212 2437 5268 quoque
2459 5197 2798 5250 dilaceratus
2826 5193 2928 5250 l‘uit
2951 5195 3182 5266 ﬂagellis
3203 5214 3222 5264 ς
3254 5198 3436 5268 ipsius

1849 5305 2069 5361 quoque
2091 5290 2280 5346 vultus
2315 5291 2503 5359 alapas
2551 5289 2798 5358 suscepit
2850 5298 2906 5342 et
2938 5289 3201 5359 colapbos
3230 5306 3248 5355 ;
3287 5291 3434 5346 ictus

1857 5382 2119 5442 sustinuit
2166 5383 2221 5438 in
2255 5391 2371 5438 toto
2405 5397 2660 5452 corpore,
2695 5381 2944 5452 spineam
2979 5382 3223 5452 portavit
3271 5399 3433 5436 coro-

1845 5491 1996 5542 nam,
2047 5489 2357 5545 manusque
2406 5487 2436 5527 a
2471 5483 2623 5544 tergo
2657 5473 2959 5538 revinctus,
3021 5474 3434 5558 nudus.cruci-

1851 5567 1994 5625 littus
2026 5575 2111 5626 est
2146 5574 2372 5640 propter
2419 5582 2598 5623 meum
2640 5577 2931 5638 peccatum
2966 5582 3255 5640 meamque
3293 5582 3432 5638 prte-

1673 5810 1911 5870 NOTAE.

227 5905 345 5980 (£2)
382 5907 588 5966 Alludit
612 5917 842 5967 sanctus
863 5905 932 5965 ad
951 5907 1132 5967 locum
1156 5907 1330 5980 isaiae,
1360 5925 1409 5980 ι,
1445 5909 1479 5967 6
1517 5928 1532 5968 :
1575 5909 1781 5980 Corpus
1821 5927 1990 5967 meum
2021 5908 2144 5966 dedi
2169 5907 2606 5980 percutientibus,
2639 5915 2694 5963 et
2726 5923 2885 5980 genus
2915 5925 3059 5966 neas
3091 5905 3420 5966 acuentibus.
