4026 6410
594 426 727 494 ῙΞΒἸ

2041 431 2423 494 ADDEN'DA.

3725 433 3853 500 1298

593 541 987 600 varicationem
1020 540 1113 597 ille
1146 542 1237 613 qui
1291 560 1403 600 non
1436 545 1697 617 cognovit
1718 556 2031 617 peccatum,
2069 564 2159 605 net

2275 549 2374 602 καὶ
2401 546 2498 613 τὰς
2516 549 2705 621 χεῖρας
2737 549 2916 603 ὀπίσω
2942 548 3138 615 δεθεὶς,
3153 548 3361 621 γυμνὸς
3386 549 3483 603 ἐπὶ
3506 549 3602 604 τὸν
3628 558 3847 623 στιτιυρὸιγ

592 636 782 692 dolum
818 635 873 691 in
915 649 1011 690 ore
1056 652 1159 691 suo
1200 646 1461 707 operatus
1508 647 1611 694 est.
1662 638 1848 696 Multa:
1880 656 2009 713 ergo
2042 650 2175 699 sunt

592 725 813 781 Domini
847 726 949 780 mei
979 728 1289 797 passiones,
1321 740 1377 783 et
1421 729 1580 797 longe
1610 730 1757 785 disto
1790 731 1958 788 miser
1989 733 2059 787 ab
2092 734 2173 803 ip-

593 815 714 871 sius
764 816 1181 885 longanimitate
1224 827 1277 873 et
1329 819 1615 888 patientia.
1651 820 1879 876 Gaudeo
1915 822 2084 893 igitur
2115 831 2172 880 et

591 908 807 962 exsulto
842 908 1050 965 Domini
1079 912 1182 964 mei
1216 912 1922 981 passionibusillustratus.
1957 917 2171 972 Allevat

590 1013 773 1052 meum
823 999 1067 1054 dolorem
1103 1002 1343 1057 imitatio
1389 1002 1694 1073 passionis;
1731 1005 1944 1073 mitigat
1988 1024 2168 1063 meum

589 1090 895 1143 cruciatum
946 1090 1091 1158 quod
1148 1093 1400 1146 eumdem
1452 1109 1576 1148 cum
1628 1098 1990 1165 Optimatihus
2044 1116 2171 1171 par-

592 1179 835 1251 ticipem.
891 1179 1154 1251 Equidem
1191 1184 1394 1238 Christi
1446 1189 1623 1257 gratia
1665 1188 1809 1245 ﬁlius
1844 1189 1941 1244 Dei
1988 1190 2167 1248 factus

590 1286 711 1327 sunt
770 1288 864 1341 per
895 1273 1226 1343 baptismum
1258 1286 1311 1330 et
1352 1276 1554 1331 donum
1587 1279 1823 1350 Spiritus
1869 1283 2071 1348 sancti,
2113 1293 2168 1340 et

590 1359 770 1416 adhuc
818 1364 991 1432 magis
1033 1365 1156 1418 ﬁam
1198 1382 1295 1436 per
1327 1372 1786 1426 resurrectionem
1824 1387 1855 1426 a
1908 1375 2164 1431 mortuis.

589 1452 812 1511 Gratias
869 1457 965 1513 tibi
1020 1472 1145 1528 ago.
1194 1457 1449 1526 Domine,
1490 1462 1619 1533 quia
1667 1464 1779 1519 tuis
1814 1467 2165 1536 passionibus

589 1544 867 1598 coronasti
893 1560 999 1599 me.
1033 1544 1138 1599 Sed
1164 1556 1241 1607 tu.
1262 1562 1295 1601 0
1316 1548 1549 1617 benigne
1574 1557 1629 1604 et
1651 1553 1964 1609 misericors
1995 1555 2162 1624 Deus,

588 1645 989 1704 servorumque
1025 1643 1244 1690 tuorum
1283 1638 1511 1707 provide
1544 1649 1750 1709 rector,
1784 1644 1986 1713 perﬁce
2034 1662 2163 1702 cur-

588 1729 711 1769 sum
740 1732 919 1773 meum
973 1720 1027 1775 in
1062 1722 1139 1776 tui
1196 1726 1437 1781 nominis
1471 1729 1848 1797 confessione.
1884 1743 1939 1789 et
1976 1751 2045 1791 ne
2074 1737 2162 1792 in-

585 1804 813 1876 dignum
861 1810 965 1866 hoc
1005 1822 1190 1883 empto
1230 1831 1318 1871 me
1364 1817 1620 1888 judices,
1662 1835 1889 1893 propter
1934 1836 2161 1895 peccata

2280 640 2613 713 προσεπὰγη
2650 640 2737 695 διὰ
2791 640 2890 712 τὴν
2937 640 3082 712 ἐμὴν
3147 640 3429 712 ἁμαρτίαν
3454 657 3518 694 τε
3555 642 3650 695 καὶ
3681 645 3827 711 παρά

2279 730 2459 796 ϐασιν,
2489 733 2518 785 6
2547 733 2623 803 μὴ
2642 732 2806 801 γνοὺς
2834 731 3117 803 ἁμαρτίαν
3142 772 3157 796 ,
3186 732 3321 804 μηδὲ
3354 733 3511 786 δὸλον
3539 733 3599 786 ἐν
3629 736 3848 804 στόματι

2278 823 2681 893 ἐργασάμενος.
2739 824 2920 879 Πολλά
2946 825 3244 896 τοιγαροῦν
3264 826 3334 879 τά
3359 824 3456 878 τοῦ
3490 824 3624 895 ἐμοῦ
3653 828 3849 880 Aemo

2277 929 2371 965 του
2411 914 2731 986 παθήματα*
2776 916 3000 987 μακρὰν
3033 917 3152 985 εἰμὶ
3189 915 3294 986 τῆς
3324 916 3538 969 ἐκείνου
3583 917 3847 986 μακροθυ-

2279 1003 2410 1075 μίας
2458 1007 2551 1059 καὶ
2600 1007 2803 1078 ἀνοχῆς
2828 1011 2856 1061 6
2884 1008 3233 1081 ταλαίπωρος
3265 1027 3281 1042 ο
3314 1010 3492 1080 χαίρω
3537 1010 3716 1063 τοίνυν
3762 1012 3846 1064 καὶ

2275 1095 2521 1163 ἀγαλλιῶ
2554 1101 2666 1162 τοῖς
2696 1098 2791 1152 τοῦ
2822 1100 3099 1153 Δεσπότου
3131 1117 3235 1171 μου
3287 1100 3579 1171 παθήμασι
3604 1100 3845 1170 λαμπρυ-

2274 1189 2524 1259 νόμενος.
2578 1192 2844 1260 Κουφίζει
2895 1209 2997 1263 μου
3028 1192 3123 1247 τὸν
3174 1193 3339 1247 πόνον
3375 1192 3591 1267 [5701⁷1]
3620 1195 3844 1264 μίμησς

2271 1282 2366 1336 τοῦ
2420 1283 2630 1348 πάθους
2652 1302 2666 1317 '
2704 1284 3001 1356 ὲλαφρύνει
3069 1302 3174 1353 μου
3203 1284 3304 1356 τὴν
3370 1285 3643 1355 ἀλγηδόνα
3673 1286 3708 1354 ἡ
3729 1287 3844 1355 ὁμο-

2273 1376 2429 1445 τιμία
2480 1376 2589 1430 τῶν
2648 1378 2996 1448 κρειττόνων.
3044 1375 3219 1445 Κάγὼ
3271 1376 3380 1444 γάρ
3413 1376 3482 1429 δι’
3529 1376 3698 1429 αὑτὸν
3743 1377 3843 1437 υίὸς

2271 1468 2409 1521 Θεοῦ
2437 1469 2711 1541 ἐγενόμην
2736 1469 2826 1523 διὰ
2859 1468 2952 1523 τοῦ
2986 1468 3366 1541 βαπτίσματος
3399 1468 3495 1521 καὶ
3524 1467 3621 1537 τῆς
3641 1467 3844 1538 δωρεᾶς

2270 1559 2364 1614 τοῦ
2390 1561 2548 1630 ἁγίου
2580 1560 2925 1632 Πνεύματος,
2964 1562 3059 1615 καὶ
3087 1560 3167 1615 ἔτι
3201 1561 3405 1632 μᾶλλον
3432 1562 3739 1632 γενήσομαι
3765 1562 3842 1615 διά

2270 1653 2371 1723 τῆς
2407 1653 2472 1706 ὲκ
2505 1652 2721 1724 νεκρῶν
2785 1653 3179 1716 ἀναστάσεως·
3239 1653 3550 1725 εὐχαριστῶ
3596 1671 3702 1717 σοι,
3752 1654 3841 1707 Δέ-

2272 1760 2467 1809 σποτα,
2492 1745 2575 1799 ὃτι
2607 1748 2721 1808 τοῖς
2757 1748 2869 1810 σοῖς
2897 1763 2965 1816 με
2986 1745 3219 1800 πάθεσιν
3250 1746 3655 1814 ἐστεφάνωσας
3688 1745 3839 1809 ἀλλά,

2285 1835 2648 1907 δλάνθρωπε,
2675 1836 2769 1890 καὶ
2798 1835 3213 1908 φιλοικτίρμων,
3232 1836 3327 1889 καὶ
3353 1834 3465 1888 τῶν
3498 1834 3603 1887 σῶν
3643 1833 3841 1887 δούλων

586 1913 711 1967 qua:
741 1899 796 1954 in
850 1902 955 1958 hac
988 1904 1099 1959 vita
1152 1909 1431 1963 commisi.
1464 1904 1577 1981 Ego
1612 1916 1782 1979 enim,
1821 1916 2069 1985 Domine,
2104 1917 2158 1975 in

2267 1899 2564 1999 προνοητά,
2600 1899 2889 1981 τελείωσόν
2919 1944 3020 1998 μου
3036 1899 3146 1980 ’τὸν
3174 1899 3381 2000 δρόμον
3410 1928 3469 1978 ὲν
3499 1927 3565 1995 τῇ
3589 1924 3840 1995 ὁμολογίᾳ

585 1988 768 2044 sinum
799 1993 1200 2053 misericordia:
1229 2009 1334 2055 tua:
1360 2004 1628 2074 meipsum
1658 2007 1887 2076 projeci.

2267 2034 2385 2083 σου,
2442 2021 2539 2074 καὶ
2591 2021 2667 2091 μή
2702 2037 2769 2093 με
2801 2020 3023 2086 ἀνάξιον
3065 2019 3264 2093 κρίνῃς
3286 2019 3442 2073 τοῦδε
3466 2018 3558 2071 τοῦ
3590 2019 3840 2087 ἐγχειρή-

586 2102 775 2190 μιατος,
806 2090 896 2147 διά
919 2093 1020 2158 τάς
1052 2097 1110 2149 ὲν
1139 2096 1276 2168 τῷδε
1300 2098 1376 2170 τῷ
1407 2099 1511 2173 βίῳ
1567 2106 2015 2177 προσγενομένας
2063 2126 2157 2181 μοι
2193 2112 2506 2187 ἁμαρτίαςο
2542 2117 2654 2187 ἐγὼ
2685 2090 2817 2190 γὰρ,
2876 2090 3147 2182 Δέσποτά.
3183 2118 3264 2181 είς
3291 2118 3418 2182 τοὺς
3486 2117 3610 2177 σοὺς
3674 2114 3840 2182 ἔμεινε

581 2174 677 2229 τὸν
710 2177 997 2253 ἀπέρῤιψα
1026 2188 1371 2259 οίκτιρμούς.

652 2267 742 2323 39.
767 2268 895 2327 Haec
929 2289 1055 2330 cum
1099 2278 1244 2348 apud
1281 2296 1342 2336 se
1372 2292 1632 2351 precatus
1679 2285 1898 2355 fuisset,
1959 2306 2165 2363 prope-

2334 2292 2433 2348 λθ’.
2471 2294 2581 2347 Kal
2616 2292 2793 2347 ταῦτα
2828 2291 2964 2364 πρὸς
2990 2290 3190 2346 ἑαυτὸν
3259 2290 3578 2363 εὐξάμενος,
3610 2294 3835 2362 {pensa

582 2363 724 2418 ravit
754 2367 821 2420 ad
847 2384 1123 2427 carcerem
1147 2388 1271 2428 cum
1306 2379 1515 2434 sanctis
1553 2384 1888 2453 martyribus
1914 2384 2159 2457 Eugenio

2266 2385 2320 2440 ὲν
2343 2389 2408 2457 τῇ
2443 2387 2660 2458 φυλακῇ
2688 2363 2963 2457 μετὰτῶν
2998 2384 3169 2453 ἁγίων
3228 2382 3523 2456 μαρτύρων
3581 2385 3833 2454 Εὑγενὶου

582 2456 640 2502 et
669 2448 939 2521 Macario;
980 2467 1109 2513 tunc
1142 2461 1332 2516 traditi
1366 2474 1499 2519 sunt
1536 2448 1757 2522 custodi
1792 2448 2059 2527 carceris.
2092 2473 2159 2529 Et

2266 2480 2354 2532 καὶ
2383 2448 2717 2548 "M'axapiou',
2778 2478 2876 2532 καὶ
2925 2448 3322 2549 παρεδόθησαν.
3343 2448 3428 2548 τῶ
3441 2448 3830 2548 δεσμοφῦλακι·

581 2540 789 2599 Christi
841 2561 1050 2621 martyr
1092 2567 1217 2607 cum
1274 2558 1480 2611 sanctis
1534 2559 1758 2615 athletis
1813 2563 2058 2631 Eugenio
2103 2574 2158 2623 et

2266 2573 2355 2626 καὶ
2381 2567 2450 2642 ῆν
2477 2572 2505 2624 6
2533 2540 2628 2623 τοῦ
2660 2540 2903 2642 Χριστοῦ
2936 2540 3153 2642 μάρτυς
3194 2540 3338 2640 μετά
3360 2540 3467 2623 τῶν
3486 2540 3652 2637 ἁγίων
3688 2569 3834 2623 ἀθλο-

583 2633 827 2693 Macario
848 2639 1064 2696 laudem
1096 2651 1149 2698 et
1174 2646 1476 2715 gratiarum
1506 2652 1777 2719 actionem
1804 2652 1914 2708 Deo
1945 2656 2158 2712 tribue-

580 2730 695 2782 bat.
720 2728 876 2785 Mane
900 2739 1082 2788 autem
1109 2732 1278 2801 facto,
1297 2737 1453 2807 jubet
1480 2741 1680 2794 iterum
1716 2742 1983 2813 Apostata
2013 2761 2159 2802 tuar-

581 2827 733 2892 tyres
766 2822 888 2877 sisti
943 2838 1043 2894 pro
1085 2826 1347 2882 tribunali
1373 2840 1468 2896 ,et
1517 2832 1669 2886 nulla
1712 2849 1806 2888 eos
1845 2835 2159 2909 interroga-

580 2910 733 2965 tione
753 2911 1035 2981 dignatus,
1051 2931 1177 2969 cum
1203 2922 1526 2976 mandasset
1544 2929 1757 2977 tantum
1773 2940 1804 2978 a
1823 2927 1994 2982 sociis
2019 2930 2157 2996 suis,

2263 2664 2446 2737 φόρων
2477 2663 2734 2732 Εύγενίου
2763 2664 2854 2716 καὶ
2910 2663 3205 2735 Μακαρίου
3228 2704 3242 2727 ,
3296 2661 3592 2730 δοξολογῶν
3625 2663 3731 2715 καὶ
3758 2662 3834 2714 εύ-

2265 2755 2543 2828 χαριστῶν
2575 2755 2651 2828 τῷ
2679 2755 2820 2823 Θεῷ.
2878 2756 3103 2829 Πρωῒας
3147 2752 3205 2807 δὲ
3246 2754 3566 2826 γενομένης,
3630 2754 3834 2807 κελεύει

2267 2850 2433 2904 πάλιν
2459 2852 2486 2903 6
2522 2848 2853 2921 Παραὸάτης
2883 2849 3009 2913 τοὺς
3067 2848 3358 2920 μάρτυρας
3420 2847 3612 2918 στῆναι
3666 2847 3834 2898 ὲπὶτὺ

2269 2943 2621 3013 δικαστήριον
2654 2980 2669 3004 ,
2725 2942 2820 2994 καὶ
2888 2940 3166 3012 μηδεμιᾶς
3225 2941 3573 3006 καταξιίισας
3640 2938 3835 3003 αὑτοὺς

583 3000 828 3073 Eugenio
855 3014 909 3059 et
949 3005 1215 3075 Macario,
1260 3026 1519 3082 magnum
1553 3014 1857 3071 Artemium
1887 3021 2156 3089 separari,

2266 3000 2610 3108 ἐρωτήσεως,
2698 3034 2857 3105 μόνον
2888 3000 2997 3086 ’τόν
3033 3000 3236 3103 ’μέγαν
3269 3000 3567 3104 Ἀρτέμιον
3586 3000 3835 3101 διαχωριζ

582 3095 797 3163 priores
837 3098 1035 3154 exsilio
1074 3101 1337 3157 multatos
1384 3103 1553 3159 mittit
1592 3106 1647 3161 in
1697 3105 1883 3164 Oasim
1917 3111 2157 3168 Arabiae.

580 3183 757 3242 Porro
783 3189 983 3261 duplex
1014 3193 1178 3250 datur
1218 3195 1383 3266 hujus
1426 3199 1666 3257 nominis
1703 3200 1859 3257 locus
1892 3221 1907 3258 :
1967 3221 2162 3277 nempe

580 3276 743 3336 Oasis
773 3296 939 3353 parva
971 3294 1026 3341 et
1060 3303 1276 3358 magna.
1312 3287 1584 3347 Pestifera
1617 3302 1749 3349 sunt
1802 3295 1921 3351 haec
1958 3296 2078 3351 loca
2102 3276 2162 3353 et

578 3372 862 3449 pestiferis
896 3379 1075 3433 ventis
1110 3378 1447 3450 perﬂantur;
1504 3399 1667 3440 nemo
1708 3402 1949 3457 unquam
2025 3390 2158 3443 illuc

577 3466 882 3523 adveniens
904 3469 987 3525 vel
1017 3487 1184 3526 unum
1209 3489 1415 3529 annum
1437 3475 1640 3532 durare
1671 3481 1849 3549 potuit
1875 3498 1890 3547 ;
1923 3480 2017 3536 sed
2042 3499 2162 3537 om-

579 3571 680 3613 nes
710 3558 911 3615 ibidem
942 3563 1203 3633 gravibus
1258 3567 1469 3624 morbis
1519 3572 1758 3642 correpti
1817 3574 2157 3629 moriuntur.

578 3647 716 3705 Illuc
766 3652 932 3723 igitur
968 3657 1239 3727 relegatos
1275 3668 1505 3714 sanctos
1541 3661 1851 3733 Eugenium
1887 3674 1943 3720 et
1973 3665 2157 3721 Maca-

582 3740 723 3794 rium
775 3744 959 3813 capite
1012 3747 1176 3817 plecti
1228 3749 1419 3820 jussit.
1462 3751 1565 3818 Qui
1601 3754 1956 3824 perfecerunt
2012 3774 2157 3813 mar-

577 3833 782 3904 tyrium
809 3852 970 3891 suum
1004 3848 1129 3908 post
1162 3840 1282 3896 dies
1317 3845 1703 3917 quadraginta,
1741 3850 2005 3905 vicesima
2055 3851 2156 3907 De-

576 3927 841 3983 cembris.
910 3926 967 3983 In
1027 3931 1149 3986 loco
1182 3941 1365 3988 autem
1401 3950 1595 3991 eorum
1654 3944 2154 3999 consummationis

578 4019 888 4090 prodigium
938 4023 1139 4077 accidit
1190 4041 1468 4094 magnum.
1507 4028 1642 4084 Cum
1694 4034 1840 4087 enim
1880 4033 2035 4089 locus
2070 4037 2158 4091 ille

575 4109 781 4167 nullam
815 4128 1043 4183 prorsus
1074 4131 1272 4186 aquam
1307 4119 1552 4175 haberet.
1589 4121 1711 4178 fons
1754 4126 2013 4180 scaturiit
2060 4129 2155 4199 qui

574 4220 794 4261 omnem
838 4210 1087 4264 morbum
1121 4212 1366 4281 expellit,
1404 4223 1457 4268 et
1493 4230 1667 4285 usque
1727 4216 1783 4271 in
1828 4218 2154 4276 hodiernum

576 4297 721 4352 diem
756 4307 960 4362 manet,
994 4310 1314 4356 sanctorum
1340 4318 1536 4358 nomen
1573 4308 1824 4363 sortitus.

2267 3129 2463 3199 σθῆναι
2520 3130 2622 3198 τῆς
2675 3126 2857 3179 αὐτῶν
2912 3123 3180 3194 συζυγίας
3238 3122 3832 3196 παρακελευσάμενος,

2264 3220 2483 3291 ὲξορίαν
2506 3218 2627 3273 κατ’
2663 3216 2844 3270 αὐτῶν
2862 3214 3186 3286 ψηφίζεται,
3220 3214 3317 3267 καὶ⁵
3375 3214 3583 3283 πέμπει
3645 3214 3834 3274 αὐτούς

2264 3312 2322 3366 ὲν
2350 3312 2537 3366 Ὀάσει
2564 3310 2664 3380 τῆς
2696 3307 2979 3380 Ἀραϐίας.
3014 3307 3119 3360 Δύο
3158 3306 3215 3360 δὲ
3245 3306 3353 3359 είσὶ
3375 3306 3547 3375 χωρία
3564 3302 3709 3356 οὕτω
3738 3321 3831 3356 κα-

2264 3404 2526 3475 λούμενα,
2566 3401 2762 3465 Ὀασις
2805 3399 2979 3472 μικρά
3008 3401 3102 3454 καὶ
3162 3400 3410 3469 μεγάληο
3451 3396 3754 3470 φθοροποιά
3780 3394 3832 3447 δὲ

2263 3497 2331 3550 τὰ
2359 3494 2557 3569 χωρία,
2616 3495 2712 3548 καὶ
2744 3492 2852 3546 ὑπὸ
2909 3492 3255 3563 φθοροποιῶν
3314 3490 3492 3560 ἀέρων
3534 3488 3830 3542 καταπνεύ-

2266 3607 2426 3659 μενα,
2462 3588 2556 3643 καὶ
2579 3587 2757 3650 οὐδεὶς
2785 3584 2895 3639 τῶν
2928 3587 3109 3638 ἐκεῖσε
3142 3584 3556 3654 ἀπερχομένων,
3593 3579 3830 3634 ἐνιαυτὸν

2261 3680 2357 3733 ἕνα
2383 3679 2480 3732 καὶ
2514 3679 2678 3750 μόνον
2729 3676 3044 3749 διήρκεσεν,
3072 3675 3190 3729 ἀλλ’
3216 3675 3405 3728 αὐτόθι
3451 3673 3559 3727 ὑπὸ
3582 3670 3828 3743 χαλεπῶν

2262 3771 2610 3842 ἁλισκόμενοι
2632 3769 2959 3841 νοσημάτων
2987 3766 3510 3839 ὲναποθνήσκουσιν.
3555 3766 3700 3816 Ἐκεῖ
3730 3762 3829 3815 20i-

2260 3877 2355 3913 νυν
2387 3859 2515 3923 τοὺς
2543 3860 2730 3928 ἁγίους
2762 3858 3087 3929 περιορίσας
3119 3857 3378 3925 Εύγένιον
3406 3856 3500 3909 καὶ
3529 3854 3823 3924 Μακάρων,

2261 3950 2320 4003 ὲν
2357 3950 2494 4021 αὐτῇ
2524 3950 2622 4013 τὰς
2652 3948 2899 4018 κεφαλὰς
2925 3946 3037 4001 τῶν
3071 3947 3244 4018 ἁγίων
3301 3944 3690 4018 ἀποτμηθῆναι
3715 3943 3826 3995 ἀκέ-

2259 4042 2449 4096 λευσεν
2478 4060 2491 4074 ·
2525 4043 2575 4096 οἳ
2631 4044 2723 4096 καὶ
2778 4041 3180 4112 ἐτελειώθησαν
3239 4040 3379 4112 μετὰ
3428 4038 3825 4105 τεσσαράκοντα

2258 4135 2495 4207 ἡμέρας,
2521 4136 2587 4205 τῇ
2622 4133 2801 4187 εἰκάδι
2836 4135 2928 4186 τοῦ
2958 4132 3303 4204 Δεκεμϐρίου
3335 4132 3525 4203 μηνός.
3561 4128 3706 4203 [571]
3744 4127 3823 4180 Ἑν

2257 4226 2313 4278 δὲ
2344 4225 2423 4296 τῷ
2457 4226 2610 4298 τόπῳ
2637 4226 2735 4297 τῆς
2765 4225 2947 4279 αὐτῶν
2993 4224 3350 4288 τελειώσεως,
3401 4222 3588 4293 θαῦμα
3643 4222 3821 4289 γέγονε

2262 4314 2437 4384 μιξγσι⁸
2471 4315 2547 4387 μὴ
2581 4315 2798 4387 ἔχοντος
2833 4315 2943 4387 γάρ
3000 4313 3095 4367 τοῦ
3127 4315 3295 4367 τόπου
3327 4313 3475 4384 ὕδωρ
3502 4313 3563 4366 τὸ
3590 4311 3822 4372 σύνολον,

577 4389 731 4460 πηγὴ
761 4390 1054 4446 ἀνέϐλυσεν
1082 4393 1292 4461 ὓδατος,
1328 4396 1510 4449 πᾶσαν
1542 4399 1926 4456 ἀποδιώκουσα
1957 4404 2143 4471 νόσον,
2183 4405 2217 4478 ἢ
2252 4409 2347 4460 καὶ
2380 4408 2547 4480 μέχρι
2579 4409 2679 4481 τῆς
2708 4410 2952 4480 σήμερον
2974 4407 3146 4478 μένει.
3211 4409 3321 4460 τῶν
3383 4408 3555 4475 ἁγίων
3589 4403 3823 4469 σώζουσί

573 4486 675 4557 τὴν
707 4489 887 4541 ὲπωνυ
897 4489 1047 4559 μίαν.

644 4581 737 4637 40.
757 4581 1013 4639 Julianus
1039 4594 1222 4641 autem
1252 4598 1507 4645 sanctum
1537 4593 1842 4647 Artemium
1876 4594 1941 4650 ad
1974 4612 2032 4651 se
2053 4613 2150 4652 vu-

2332 4596 2406 4668 μ’.
2442 4595 2548 4649 Τὸν
2581 4596 2637 4650 δὲ
2669 4594 2823 4665 ἁγιον
2859 4597 3149 4669 Ἀρτέμιον
3186 4595 3700 4667 προσκαλεσάμενος
3727 4593 3823 4662 ἔφη

575 4683 760 4726 catum
783 4674 870 4729 his
906 4677 1092 4732 verbis
1124 4678 1401 4736 allocutus
1431 4689 1517 4736 est
1542 4700 1555 4736 :
1585 4681 1919 4741 Temeritate
1948 4698 2039 4742 tua
2068 4704 2155 4744 me

576 4767 804 4839 coegisti
834 4770 1039 4839 probro
1065 4771 1278 4827 allicere
1305 4789 1483 4845 genus
1517 4786 1705 4844 tuum,
1743 4796 1807 4836 ac
1835 4789 1944 4835 tua:
1971 4782 2156 4852 digni-

576 4858 673 4912 tati
726 4858 929 4915 inferre
966 4862 1428 4932 ignominiam,et
1462 4870 1545 4923 vel
1591 4870 1741 4940 ipsas
1785 4888 1984 4927 carnes
2029 4882 2156 4928 tuas

575 4949 867 5022 attingere.
923 4950 1098 5008 Crede
1150 4955 1320 5026 igitur
1355 4959 1526 5028 mihi,
1562 4962 1808 5029 Artemi;
1862 4967 2062 5021 accede
2100 4976 2155 5021 et

574 5042 826 5098 sacriﬁca
857 5042 987 5111 dlis,
1038 5049 1345 5118 praesertim
1411 5051 1650 5123 Apollini
1707 5055 2007 5127 Daphnazo,
2051 5058 2157 5115 deo

572 5149 697 5191 meo
726 5135 1061 5195 charissimo
1094 5147 1149 5195 et
1189 5142 1571 5208 sanctissimo,
1603 5157 1657 5201 et
1686 5163 1714 5200 a
1733 5163 1901 5203 causa
1928 5150 2157 5221 sangui-

573 5229 665 5284 nis
698 5226 887 5285 fratris
926 5233 1031 5286 mei
1066 5233 1349 5288 absolvam
1396 5245 1472 5299 te,
1507 5236 1943 5310 dignitatemque
1977 5240 2155 5310 majo-

574 5336 693 5376 rem
724 5328 779 5376 et
822 5322 1206 5390 gloriosiorem
1238 5329 1534 5383 restituam
1562 5331 1681 5385 tibi.
1715 5330 1792 5387 Te
1825 5332 1972 5388 enim
2014 5350 2158 5405 prae-

575 5410 781 5467 fcctum
828 5416 1072 5485 praetorii
1110 5419 1475 5474 constitutum
1508 5438 1899 5494 summumque
1930 5442 2158 5497 magno-

576 5516 700 5556 rum
732 5501 962 5572 deorum
991 5506 1329 5575 pontiﬁcem,
1366 5516 1577 5578 patrem
1611 5528 1791 5567 meum
1824 5515 2114 5585 appellabo
2145 5532 2162 5584 ;

575 5590 884 5646 secundum
919 5593 975 5648 in
1017 5595 1251 5666 imperio
1278 5599 1460 5654 locum
1499 5603 1736 5662 tenebis.
1769 5613 1823 5658 et
1858 5605 2155 5659 nobiscum

574 5679 691 5736 crit
712 5681 970 5740 omnibus
986 5681 1184 5741 diebus
1211 5687 1337 5742 vitae
1354 5696 1408 5742 et
1437 5692 1880 5749 conversationis
1915 5702 2143 5750 nostrae.

577 5769 714 5827 Nam
743 5778 803 5827 tu
835 5789 1057 5846 quoque
1080 5780 1248 5842 nosti,
1279 5780 1513 5843 Artemi.
1548 5782 1779 5839 fratrem
1820 5801 2002 5841 meum
2034 5802 2145 5841 non

572 5862 723 5935 illato
750 5879 785 5922 ιι
819 5864 1140 5926 Constantio
1192 5873 1437 5929 occisum
1473 5874 1676 5943 fuisse,
1716 5876 1811 5933 sed
1860 5892 1985 5933 eum
2017 5894 2150 5937 con-

2260 4687 2399 4758 πρὸς
2432 4687 2595 4742 αὐτόν
2624 4703 2639 4719 ο
2672 4687 2771 4742 Διά
2797 4688 2898 4760 τὴν
2929 4688 3265 4759 προπέτειάν
3300 4705 3393 4741 σου
3416 4686 3823 4757 κατηνάγκασάς

2265 4796 2333 4851 με
2367 4778 2635 4849 ἀτιμάσαι
2663 4780 2724 4833 τὸ
2755 4781 2912 4849 γένος
2943 4798 3060 4847 σου,
3090 4781 3183 4834 καὶ
3240 4780 3338 4849 τὴν
3382 4778 3688 4850 προσοῦσάν
3748 4792 3822 4827 σοι

2263 4871 2624 4943 περιφάνειαν
2670 4872 3099 4945 ὲνυόρίσαι,καὶ
3128 4873 3309 4927 αὐτῶν
3356 4871 3666 4943 ἐφάψασθαι
3720 4869 3824 4922 τῶν

2266 4964 2485 5037 σαρκῶν
2511 4984 2628 5021 σου.
2672 4967 2931 5039 Πείσθητι
2951 4963 3043 5022 οὖν
3075 4985 3189 5039 μοι,
3230 4967 3512 5039 Ἀρτέμιε,
3544 4967 3635 5019 καὶ
3666 4979 3823 5036 προσ-

2263 5054 2436 5110 ελθὼν
2457 5055 2617 5110 θῦσον
2642 5059 2754 5119 τοῖς
2786 5056 2950 5122 θεοῖς,
2986 5057 3221 5128 μάλιστα
3241 5056 3320 5126 τῷ
3348 5054 3607 5125 Δαφναίῳ
3642 5051 3820 5106 Ἀπόλ-

2262 5148 2393 5203 λωνι
2423 5148 2500 5219 τῷ
2521 5149 2646 5220 ἐμοὶ
2687 5150 3003 5222 τριποθήτῳ
3033 5150 3131 5204 καὶ
3184 5149 3527 5219 παναγάστῳ
3575 5146 3695 5215 θεῷ,
3734 5143 3821 5198 καὶ

2261 5237 2361 5309 τῆς
2390 5238 2572 5301 αίτίας
2593 5237 2687 5291 τοῦ
2713 5239 2943 5311 αἵματος
2962 5238 3055 5293 τοῦ
3080 5238 3213 5311 ἐμοῦ
3249 5239 3484 5308 ἀδελφοῦ
3507 5236 3721 5292 ἀπολύω
3746 5252 3819 5297 σε.

2259 5331 2360 5401 τήν
2384 5345 2443 5383 τε
2474 5329 2636 5396 ἀξίαν
2678 5330 2908 5401 μείζονα
2958 5330 3053 5385 καὶ¹
3106 5329 3461 5402 ἐνδοξοτέραν
3509 5327 3821 5397 ἐπαναθήσω

2264 5439 2382 5477 σοι·
2410 5421 2654 5494 ἔπαρχον
2691 5422 2802 5495 γὰρ
2857 5423 3211 5496 πραιτωρίων
3243 5441 3303 5477 σε
3329 5424 3681 5494 καταστήσας
3734 5420 3821 5473 καὶ

2259 5513 2524 5585 ἀρχιερέα
2552 5513 2661 5567 τῶν
2695 5513 2948 5585 μεγάλων
2978 5513 3138 5575 θεῶν,
3166 5513 3383 5585 πατέρα
3401 5512 3537 5583 ὲμδν
3566 5512 3817 5582 ὀνομάσω,

2261 5604 2356 5657 καὶ
2376 5606 2476 5674 τῆς
2498 5605 2638 5675 ἐμῆς
2664 5602 2943 5674 βασιλείας
2970 5603 3042 5657 τά
3062 5603 3290 5674 δεύτερα
3311 5601 3573 5673 φέροντα,
3613 5602 3703 5656 καὶ
3727 5601 3818 5672 ἔσῃ

2263 5695 2385 5768 μεθ’
2412 5696 2573 5767 ἡμῶν
2616 5696 2798 5751 πάντα
2823 5695 2917 5749 τὸν
2966 5694 3161 5767 χρόνον
3216 5695 3317 5764 τῆς
3360 5694 3637 5766 ἡμετέρας
3684 5692 3819 5760 ζωῆς

2255 5806 2319 5843 τε
2338 5787 2435 5842 καὶ¹
2462 5788 2764 5859 διαγωγῆς.
2795 5783 2960 5852 υῐδας
2988 5786 3098 5859 γὰρ
3125 5788 3221 5841 καὶ
3253 5786 3439 5849 αὐτὸς,
3472 5780 3519 5840 ὧ
3557 5784 3814 5858 ’Δρτίμιε,

2256 5877 2333 5941 ὡς
2356 5878 2385 5931 ό
2408 5875 2541 5947 ἐμὸς
2591 5877 2821 5950 ἀδελφὸς
2848 5878 3030 5950 μάτην
3072 5876 3224 5947 παρά
3244 5876 3630 5932 Κωνσταντίου
3657 5872 3814 5943 πεφό-
