4026 6408
194 407 341 475 1289

1461 425 1523 486 S.
1564 425 1890 488 ARTEMII
1929 428 2211 491 PASSIO.

3327 427 3459 494 1290

189 537 407 586 νευται,
467 521 662 589 καὶώς
695 524 891 596 φθόνος
943 526 1106 583 αὐτὸν
1150 532 1573 603 κατειργάσατο,
1629 537 1776 590 καὶὸ

1883 535 2084 594 fecisse
2114 536 2382 592 invidiam
2423 544 2478 593 et
2509 537 2749 594 omnium
2778 537 3066 594 hominum
3121 538 3459 595 scelestissi-

189 615 417 670 πάντων
443 615 748 687 ἀνθρώπων
774 617 1136 686 ἀνοσιώτατος
1164 623 1194 676 6
1217 623 1471 695 εὐνοῦχος
1494 625 1772 691 Εὐσέϐιος,

185 706 216 758 6
245 707 351 777 τὴν
371 706 468 760 τοῦ
519 709 881 781 πραιποσίτου
919 711 1079 777 ἀξίαν
1139 715 1329 780 κακῶς
1387 715 1772 788 ἐνδυσάμενος,

186 798 300 853 κᾶν
331 799 432 854 οὐκ
452 800 729 872 ἀρκοῦσαν
748 804 947 860 δέδωκε
985 805 1082 880 τὴν
1103 807 1263 880 δίκην
1289 807 1384 862 τοῦ
1417 810 1775 884 ἀνοσιουργή-

186 907 368 961 ματος
399 894 426 942 6
457 896 841 966 παμπόνηρος.

262 989 379 1053 μα’.
412 985 522 1039 Καὶ
540 987 620 1040 ὅτι
653 988 754 1056 τῆς
794 990 1072 1064 ἡμετέρας
1103 996 1298 1061 γενεᾶς
1337 995 1450 1048 ἐστι
1513 995 1712 1066 μᾶλλον
1739 998 1772 1067 ἡ

185 1071 442 1142 βασιλεία
465 1078 718 1150 ἁρμόδιος
751 1096 767 1113 ·
797 1085 825 1136 ό
850 1082 962 1155 γάρ
993 1084 1124 1154 ἐμὸς
1153 1087 1342 1159 πατὴρ
1395 1088 1773 1152 Κωνστάντιος

185 1163 256 1216 ἐκ
288 1165 388 1236 τῆς
412 1169 756 1240 Μαξιμιανοῦ
825 1174 1094 1250 θυγατρὸς
1147 1177 1426 1250 Θεοδώρας
1479 1180 1773 1252 γεγένηται

184 1255 270 1328 τῷ
327 1259 449 1330 ὲμῴ
471 1261 684 1333 πάππῳ
755 1265 1094 1322 Κώνσταντι.
1141 1269 1201 1323 '0
1251 1270 1309 1324 δὲ
1363 1273 1773 1337 Κωνσταντῖνος

185 1349 252 1415 ἐξ
292 1351 512 1425 Ἑλένης
553 1355 702 1427 αὐτῷ
767 1359 956 1426 γέγονε
984 1360 1197 1433 φαύλης
1217 1364 1363 1427 τινὸς
1397 1367 1655 1432 γυναικὸς
1679 1369 1773 1420 καὶ

183 1440 304 1497 τῶν
364 1446 732 1516 χαμαιτύπων
772 1451 924 1525 οὐδὲν
981 1452 1346 1528 διαφερούσης
1380 1475 1394 1490 ο
1463 1459 1560 1513 καὶ
1601 1459 1774 1514 ταῦτα

187 1533 366 1602 μήπω
387 1538 632 1606 γεγονότι
667 1541 935 1616 Καίσαρι,
981 1545 1097 1600 ἀλλ’
1124 1550 1184 1601 ὲν
1214 1548 1424 1604 ἰδιώτου
1447 1551 1774 1622 τυγχάνοντι

187 1626 462 1697 σχήματι.
505 1629 563 1684 '0
597 1633 775 1688 τοίνυν
829 1637 1243 1705 Κωνσταντῖνος
1303 1642 1602 1716 θρασύτητι
1639 1643 1776 1714 γνώ-

189 1733 307 1786 μης
339 1719 618 1796 [5721τὴν
669 1724 946 1796 βασιλείαν
990 1731 1310 1804 ἀφήρπασε,
1371 1737 1468 1789 καὶ
1519 1737 1610 1790 τὸν
1640 1736 1774 1806 ὲμὸν

185 1813 410 1885 πατέρα
431 1815 524 1868 καὶ
552 1817 680 1881 τοὺς
734 1819 926 1876 τούτου
970 1823 1237 1895 ἀδελφοὺς
1283 1828 1628 1901 ἀμφοτέρους
1655 1829 1773 1884 ἀδί-

1876 644 2024 683 mnm
2063 628 2356 685 Eusebium
2388 629 2728 695 eunuchum,
2779 631 2870 702 qui
2901 632 3184 703 praepositi
3222 631 3459 702 dignita-

1874 729 1981 774 tem
2027 735 2314 791 perperam
2349 719 2560 786 induit,
2593 736 2695 777 nec
2724 730 2910 778 tamen
2949 740 3047 793 pro
3080 724 3288 780 scelere
3318 724 3460 780 suill-

1875 813 2109 868 cientem
2149 827 2368 884 poenam
2399 813 2548 868 dedit
2578 813 2662 868 vir
2693 815 3083 884 nequissimus.

1945 991 2218 1063 41.Ᾰ·]ηιιθ
2234 993 2578 1064 exploratum
2599 992 2768 1048 habes
2786 995 2853 1049 ad
2877 1005 3128 1050 nostrum
3150 1011 3324 1066 genus
3343 1012 3456 1050 ma-

1874 1083 1957 1154 gis
1981 1085 2262 1155 pertinere
2294 1083 2613 1154 imperium.
2647 1083 2810 1138 Pater
2829 1083 2980 1139 enim
3008 1098 3164 1138 meus
3182 1082 3459 1138 Constan-

1875 1177 1989 1231 tius
2011 1176 2402 1242 exTheodora,
2423 1176 2743 1232 Maximiani
2775 1177 2906 1244 ﬁlia,
2933 1183 3201 1246 natusest
3218 1191 3320 1231 avo
3337 1190 3459 1231 meo

1875 1269 2601 1335 Constanti,Constantinus
2638 1279 2824 1325 autem
2870 1285 2937 1325 ex
2962 1267 3292 1334 Helena,vili
3319 1283 3459 1340 qua-

1875 1364 2001 1418 dam
2035 1363 2264 1419 muliere
2289 1379 2354 1419 ac
2399 1364 2784 1420 meretricibus
2820 1363 3122 1426 simillima,
3174 1362 3340 1432 idque
3365 1359 3458 1416 ubi

1875 1457 2116 1511 nondum
2131 1457 2314 1511 (ἐπεδι-
2330 1463 2546 1513 creatus
2570 1455 2624 1510 in
2648 1455 2847 1527 privati
2867 1455 3109 1510 hominis
3137 1453 3458 1508 conditione

1874 1549 2222 1604 versabatur.
2250 1549 2649 1606 Constantinus
2708 1547 2878 1618 igitur
2925 1547 3293 1602 consiliorum
3328 1559 3460 1601 suo-

1873 1655 1999 1696 rum
2042 1641 2582 1711 audaciaimperium
2603 1639 2916 1710 usurpavit,
2945 1648 3001 1695 et
3033 1650 3241 1710 patrem
3272 1652 3456 1693 meum

1875 1732 2176 1804 ambosque
2197 1732 2318 1802 ejus
2355 1731 2552 1787 fratres
2586 1730 2795 1801 injuste
2820 1730 3048 1788 occidit.
3080 1730 3284 1786 Postea
3313 1729 3459 1784 Con-

1876 1825 2137 1889 stantius,
2165 1823 2594 1880 Constantinum
2621 1834 2834 1894 patrem
2856 1838 3020 1878 suum
3046 1823 3318 1887 imitatus,
3348 1823 3459 1876 fra-

184 1922 308 1970 κως
338 1907 626 1964 ἀπέκτεινε
656 1927 671 1942 ο
709 1913 804 1966 καὶ
833 1913 861 1965 6
883 1914 1074 1970 τούτου
1099 1917 1214 1982 υίὸς
1245 1919 1649 1985 Κωνστάντιος,
1677 1922 1771 1974 τὸν

1883 1926 2016 1971 trem
2049 1931 2231 1972 meum
2257 1912 2558 1977 interfecit,
2585 1915 2674 1969 cui
2704 1922 2885 1970 tamen
2914 1914 3250 1970 horrendum
3271 1911 3457 1984 jusju-

185 1998 362 2052 αὐτοῦ
393 1999 606 2073 πατέρα
640 2004 1048 2076 μιμησάμενος,
1083 2008 1178 2062 τὸν
1205 2009 1579 2081 ὲμδνάδελφὺν
1607 2012 1776 2082 πεφό-

186 2106 379 2155 νευκε,
410 2093 507 2145 καὶ
551 2093 726 2148 ταῦτα
749 2096 935 2168 ὅρκοις
956 2097 1094 2169 πρὸς
1122 2099 1286 2154 αὐτὸν
1313 2102 1775 2172 φρικωδεστάτοις

185 2183 560 2274 χρησάμενον.
603 2185 782 2258 Ἥμᾶς
809 2205 869 2241 τε
903 2189 1104 2254 αὐτοὺς
1132 2192 1182 2246 εί
1231 2192 1308 2264 μὴ
1343 2194 1482 2248 θεῶν
1539 2197 1771 2270 προνοίᾳ

185 2275 640 2348 περιεσώθημεν,
667 2278 729 2332 τὸ
755 2279 889 2333 αὐτὸ
939 2282 1207 2351 ἠϐούλετο
1259 2285 1458 2356 δρᾶσαι
1484 2303 1498 2317 ⁸
1537 2283 1676 2344 ’ἀλλ’
1724 2293 1774 2345 οἱ

186 2365 308 2420 θεοὶ
335 2366 688 2434 διεκώλυσαν,
741 2371 968 2442 αὐτοψεί
1001 2390 1093 2450 μοι
1126 2375 1226 2446 τὴν
1280 2377 1555 2447 σωτηρίαν
1597 2379 1774 2451 μηνύ-

186 2477 420 2526 σαντες,
453 2463 534 2526 είς
559 2460 651 2526 οὓς
682 2462 794 2531 ἐγὼ
823 2465 1182 2538 τεθαρρηκὼς
1226 2467 1318 2521 τὸν
1349 2470 1775 2543 Χριστιανισμὺν

186 2553 560 2628 ἐξωμοσάμην
588 2559 680 2610 καὶ
703 2557 839 2629 πρὸς
857 2559 950 2612 τὸν
971 2559 1208 2632 Ἕλληνα
1234 2561 1347 2633 βίον
1375 2563 1648 2619 ἀπέκλινα
1669 2583 1683 2597 ⁸
1713 2561 1773 2620 εὖ

185 2644 372 2711 εἰδὼς,
393 2646 468 2710 ώς
497 2647 526 2700 6
555 2647 664 2701 τῶν
690 2646 959 2719 Ἐλλήνων
981 2651 1074 2704 καὶ
1099 2651 1390 2722 Ῥωμαίων
1418 2654 1774 2724 ἀρχαιότατος

187 2736 309 2806 βίος
337 2737 522 2802 καλοῖς
542 2738 687 2792 ἔθεσι
711 2739 806 2793 καὶ
831 2740 1016 2811 νόμοις
1038 2743 1404 2813 χρησάμενος,
1425 2743 1582 2808 θεοὺς
1607 2761 1776 2814 προσ-

187 2827 452 2900 ἀγορεύει
474 2831 600 2894 τούς
623 2830 685 2884 τὸ
719 2831 907 2885 πιστὸν
937 2833 1002 2886 ὲκ
1024 2831 1132 2885 τῶν
1155 2835 1498 2904 πραγμάτων
1525 2833 1768 2905 ἔχοντας.

267 2919 492 2991 μβ⁹υΤίς
515 2920 625 2993 γὰρ
650 2921 750 2994 τὴν
773 2922 1002 2994 γνώμην
1030 2923 1353 2994 ἀμφίϐολος,
1378 2924 1530 2996 ἥλιον
1556 2926 1774 2998 βλέπων

185 3010 252 3065 ὲν
286 3010 502 3082 οὐρανῷ
546 3013 907 3068 διιππεύοντα
965 3014 1062 3067 καὶ
1111 3014 1346 3088 σελήνην
1400 3017 1486 3088 ἐφ’
1524 3016 1774 3090 ἅρματος

185 3103 574 3174 χρυσαντύγου
602 3105 1126 3178 ταυροπολοῦσανςό
1157 3109 1257 3180 μὲν
1290 3109 1403 3182 γὰρ
1430 3111 1527 3182 τὴν
1557 3110 1773 3184 ἡμέραν

187 3199 425 3270 φαεινὴν
477 3199 872 3271 ἀπεργάζεται,
907 3201 1002 3254 καὶ
1041 3201 1169 3267 τούς
1197 3202 1523 3274 ἀνθρώπους
1557 3204 1646 3257 ἐπ’
1681 3203 1774 3272 ἔρ-

188 3307 295 3361 γον
320 3293 528 3365 ἐγείρει
549 3308 564 3324 ο
596 3295 629 3366 ἡ
662 3293 720 3347 δὲ
737 3295 840 3364 τὴν
871 3293 1043 3348 νύκτα
1081 3293 1483 3368 λαμπαδουχεί,
1520 3300 1618 3351 καὶ⁹
1646 3297 1776 3361 τούς

189 3386 438 3459 ἀστέρας
489 3387 942 3461 καταφαιδρύνει,
992 3389 1086 3443 καὶ
1127 3391 1249 3454 ταῖς
1273 3389 1580 3461 ἀγρύπνοις
1607 3408 1779 3460 φωτο-

189 3479 440 3544 ϐολίαις,
499 3481 700 3535 ὑπνοῠν
751 3483 879 3547 τοὺς
936 3481 1262 3555 ἀνθρώπους
1315 3483 1774 3554 παρακελεύεται.

190 3570 382 3626 Ταῦτα
435 3570 777 3641 θεολογοῦσιν
813 3572 1080 3642 Ἕλληνες
1127 3573 1224 3628 καὶ
1267 3573 1546 3646 Ῥωμαῖοι,
1593 3574 1780 3647 Ἀρτέ-

193 3681 314 3736 μιε,
371 3665 487 3733 καὶ,
509 3664 608 3718 οὐκ
649 3665 872 3729 ἀδίκως,
904 3665 1041 3718 ἀλλά
1109 3665 1430 3736 πρεπόντως
1490 3666 1588 3722 καὶ
1637 3665 1780 3738 μετά

191 3756 411 3811 δικαίου
437 3756 534 3811 τοῦ
590 3757 881 3829 κρίματος.
904 3757 970 3812 Τί
992 3758 1100 3829 γὰρ
1123 3759 1276 3826 ἡλίου
1300 3760 1738 3832 τηλαυγέστερον
1763 3777 1778 3826 ;

191 3850 228 3922 ἢ
259 3849 315 3903 τί
377 3850 609 3920 σελήνης
647 3850 1184 3922 αὐγοειδέστερον;ἢ
1215 3848 1383 3903 τίτού
1441 3849 1610 3920 χοροῦ
1667 3849 1779 3903 τῶν

192 3943 444 4016 ἀστέρων
501 3943 764 4015 ὴδύτερόν
802 3959 862 3996 τε
895 3943 991 3994 καὶ
1040 3942 1519 4012 εὐπρετ.εστερον;
1589 3939 1779 3994 Ταῦτα

191 4037 379 4092 τοίνυν
425 4037 690 4108 Ἕλληνες
741 4035 838 4088 καὶ
903 4035 1168 4106 Ῥωμαῖοι
1211 4033 1521 4098 θειάζουσίν
1577 4051 1638 4088 τε
1682 4035 1780 4087 καὶ

193 4129 469 4194 σέϐουσιν,
495 4129 742 4200 καὶπρὸς
784 4127 923 4182 αὐτά
954 4129 1052 4192 τὰς
1079 4126 1290 4181 ἑαυτῶν
1327 4127 1550 4191 ἐλπίδας
1575 4128 1781 4180 ἐναπε-

193 4222 489 4296 κρέμασαν
522 4238 536 4253 ο
573 4224 670 4275 καὶ
700 4221 794 4275 τὸν
833 4221 930 4292 μὲν
951 4221 1106 4292 ἣλιον
1141 4219 1454 4275 Ἀπόλλωνα
1510 4237 1780 4291 προσαγο-

196 4315 478 4388 ρεύουσιν,
505 4314 606 4386 τὴν
626 4313 683 4368 δὲ
715 4313 948 4385 σελήνην
972 4315 1264 4385 Ἄρτεμιν,
1300 4313 1398 4366 καὶ
1445 4313 1573 4374 τοὺς
1625 4312 1785 4383 μεγί-

198 4422 362 4469 στους
387 4404 495 4458 τῶν
523 4403 770 4475 ἀστέρων
804 4402 899 4468 οὒς
944 4401 1446 4475 προσαγορεύουσιν
1496 4401 1782 4472 πλανήτας

197 4499 332 4562 τοὺς
362 4496 463 4560 τὰς
503 4497 642 4551 έπτά
683 4495 860 4561 ζώνας
896 4496 995 4559 τὰς
1036 4495 1323 4566 οὐρανίους
1375 4493 1692 4565 ἐπέχοντας,
1724 4493 1785 4548 ὃν

1879 2007 2114 2064 randum
2149 2007 2396 2064 dederat.
2435 2008 2496 2062 In
2533 2023 2637 2063 nos
2672 2023 2914 2078 quoque,
2935 2007 3042 2063 nisi
3069 2007 3298 2062 deorum
3332 2020 3458 2075 pro-

1876 2101 2121 2157 videntia
2158 2101 2361 2156 servati
2396 2101 2884 2167 fuissemus,idem
2930 2099 3329 2164 meditabatur;
3362 2097 3459 2152 sed

1874 2193 1951 2248 dii
1978 2192 2404 2264 prohibuerunt,
2429 2192 2665 2247 salutem
2698 2207 2727 2245 a
2753 2207 2813 2247 se
2841 2190 3144 2262 prnfectam
3174 2189 3308 2244 mihi
3343 2203 3460 2242 ma-

1876 2287 2080 2343 nifesto
2109 2285 2490 2342 ostendentes.
2523 2285 2739 2353 Quibus
2793 2300 2896 2356 ego
2949 2285 3127 2339 fretus
3184 2281 3461 2338 Christia-

1876 2381 2117 2436 nismum
2174 2379 2425 2450 abjuravi
2479 2387 2534 2434 et
2589 2377 2883 2449 gentilium
2945 2376 3114 2430 vitam
3168 2375 3458 2444 amplexus

1876 2490 1996 2530 sum
2037 2492 2050 2528 :
2084 2489 2212 2528 nam
2239 2473 2734 2544 persuasissimum
2769 2470 2903 2526 mihi
2933 2482 3018 2526 eSt
3048 2468 3369 2524 Grmcorum
3402 2474 3460 2522 et

1872 2564 2254 2622 Romanorum
2295 2566 2748 2638 antiquissimam
2787 2563 3011 2619 vivendi
3048 2577 3326 2626 normam,
3359 2559 3458 2616 bo-

1877 2655 1966 2710 nis
2004 2656 2254 2710 moribus
2301 2666 2354 2710 et
2404 2655 2623 2728 legibus
2655 2653 2969 2718 fundatam,
2996 2653 3133 2709 deos
3179 2650 3460 2722 appellare

1875 2747 2001 2804 illos
2031 2749 2126 2821 qui
2157 2764 2222 2802 ex
2259 2764 2446 2804 rerum
2477 2749 2708 2804 veritate
2742 2746 2905 2802 fidem
2941 2745 3047 2802 sibi
3087 2744 3317 2800 faciant.

1948 2931 2037 2988 42.
2079 2931 2213 2998 Quis
2261 2929 2412 2986 enim
2444 2937 2630 2985 mente
2666 2929 2873 2985 dubius
2910 2927 3096 2992 fuerit,
3149 2929 3249 2999 qui
3301 2942 3462 2998 aspe-

1876 3025 2016 3081 xerit
2047 3023 2218 3079 solem
2255 3023 2309 3076 in
2344 3021 2491 3077 coelo
2514 3021 2879 3092 equitantem,
2904 3028 2959 3076 et
2985 3021 3168 3074 lunam
3203 3021 3256 3072 in
3287 3034 3460 3073 curru

1877 3120 2074 3168 aurato
2136 3111 2316 3165 tauris
2367 3110 2729 3181 provectam?
2791 3109 3005 3164 Etenim
3069 3110 3161 3165 ille
3212 3108 3461 3164 lucidum

1881 3204 2047 3260 efﬁcit
2081 3203 2250 3269 diem,
2279 3202 2646 3273 hominesque
2675 3202 2741 3257 ad
2777 3201 3023 3256 laborem
3072 3202 3314 3268 excitat;
3345 3200 3464 3255 haec

1882 3305 2068 3352 autem
2107 3296 2256 3350 nocti
2293 3294 2516 3365 praefert
2549 3294 2722 3359 faces,
2753 3294 3112 3365 Splendorem
3140 3295 3234 3350 dat
3270 3293 3460 3360 astris,

1879 3397 1932 3445 et
1968 3387 2328 3460 vigilantibus
2375 3386 2548 3441 radiis
2589 3401 2846 3442 somnum
2898 3386 3220 3440 hominibus
3276 3385 3464 3439 conci-

1880 3483 1997 3537 liat.
2035 3479 2181 3544 Haec,
2209 3478 2442 3546 Artemi,
2472 3478 2540 3535 de
2571 3477 2778 3534 divinis
2807 3485 3259 3534 commentantur
3284 3473 3462 3531 Graeci

1880 3581 1934 3629 et
1961 3571 2223 3637 Romani,
2263 3585 2366 3626 nec
2396 3569 2590 3634 stulte,
2640 3569 2738 3625 sed
2783 3569 3184 3624 convenienter
3223 3575 3278 3622 et
3314 3573 3464 3622 recto

1876 3665 2113 3736 judicio.
2155 3663 2300 3732 Quid
2348 3663 2497 3733 enim
2549 3661 2665 3719 sole
2720 3660 3111 3734 splendidius?
3168 3660 3279 3715 Aut
3329 3658 3466 3729 quid

1881 3761 2009 3814 luna
2037 3756 2342 3812 nitentius?
2364 3757 2476 3812 Aut
2500 3755 2636 3827 quid
2662 3763 2942 3811 astrorum
2969 3757 3140 3808 choro
3163 3754 3465 3824 jucundius

1881 3861 1937 3908 et
1966 3849 2295 3922 pulchrius?
2344 3848 2471 3905 llaec
2519 3848 2689 3921 igitur
2722 3847 2896 3904 Graeci
2930 3856 2985 3904 et
3038 3845 3272 3901 Romani
3324 3847 3466 3901 inter

1883 3947 2014 4000 deos
2049 3942 2299 3998 referunt
2344 3949 2400 3996 et
2432 3941 2643 4008 colunt,
2674 3950 2729 3996 et
2762 3941 2819 3995 in
2851 3955 2918 3995 ea
2963 3955 3091 4010 spes
3128 3954 3262 3994 suas
3302 3949 3466 4006 rapo-

1884 4044 2138 4090 suerunt.
2196 4033 2264 4088 Et
2323 4033 2498 4090 solem
2565 4031 2788 4101 quidem
2864 4031 3172 4101 Apollinem
3228 4035 3463 4090 vocant,

1886 4125 2070 4179 lunam
2103 4130 2286 4178 autem
2310 4122 2578 4188 Dianam;
2613 4137 2828 4178 necnon
2857 4132 3132 4176 astrorum
3172 4118 3464 4181 maximas,

1885 4233 2006 4287 quae
2034 4215 2297 4270 dicuntur
2327 4216 2562 4284 planetae
2605 4221 2927 4284 septemque
2967 4211 3084 4281 (15)
3126 4210 3254 4264 cceli
3298 4223 3468 4264 zonas

1886 4309 2193 4374 continent,
2245 4305 2534 4378 appellant
2587 4304 2916 4368 Saturnum,
2983 4302 3197 4366 Jovem,
3248 4301 3466 4356 Mercu-

1885 4398 2056 4461 rium,
2108 4396 2361 4460 Martem,
2405 4392 2693 4450 Venerem.
2750 4393 2876 4449 Haec
2916 4393 3060 4448 enim
3105 4401 3255 4447 astra
3304 4407 3469 4444 mun—

1885 4487 2016 4543 dum
2057 4487 2381 4542 universum
2432 4486 2770 4554 gubernant,
2827 4498 3136 4554 eorumque
3171 4481 3469 4537 virtutibus

200 4592 305 4664 μὲν
365 4591 596 4662 Κρόνον,
625 4589 684 4643 ὃν
707 4589 764 4642 δὲ
789 4589 907 4656 Δία,
941 4588 1000 4642 ὃν
1030 4588 1087 4642 δὲ
1116 4588 1353 4658 Ἑρμῆν,
1387 4586 1446 4640 ὃν
1475 4587 1532 4639 δὲ
1580 4588 1777 4658 Ἀρεα,

1888 4581 2100 4652 regitur
2133 4587 2244 4635 tota
2264 4593 2386 4648 quae
2407 4572 2679 4635 sub'coelo
2703 4585 2786 4633 est
2809 4585 2981 4632 terra.
3002 4577 3213 4632 Horum
3238 4571 3470 4646 proinde

197 4689 262 4743 ὃν
283 4687 343 4741 δὲ
389 4686 710 4758 Ἀφροδίτην
770 4684 1234 4755 κατονομάζουσιν
1282 4675 1634 4754 [575].Οὖτοι
1668 4681 1781 4754 γὰρ

195 4782 387 4837 τόντε
420 4782 622 4850 κόσμον
664 4778 883 4832 ἅπαντα
936 4774 1219 4838 διοικοῦσι,
1273 4774 1370 4827 καὶ
1421 4775 1542 4838 ταῖς
1604 4774 1785 4828 αὐτῶν

199 4875 470 4946 δυνάμεσι
512 4874 662 4927 πᾶσα
705 4873 739 4944 ἡ
782 4870 875 4925 ὐπ’
925 4869 1155 4940 οὐρανὸν
1203 4866 1547 4935 διεξάγεται·
1579 4867 1786 4922 τούτων

197 4967 388 5023 τοίνυν
409 4965 626 5028 εἰκόνας
691 4964 1009 5034 στήσαντες,
1063 4959 1310 5013 σέϐουσιν
1355 4957 1634 5027 ἄνθρωποι
1690 4959 1786 5012 καὶ

137 5053 142 5061 ’
199 5061 440 5132 τιμῶσιν
478 5074 493 5089 ⁸
527 5058 646 5129 ἅμα
675 5057 733 5112 δὲ
767 5055 862 5110 καὶ
928 5053 1132 5126 μύθους
1185 5051 1339 5114 τινὰς
1386 5050 1526 5121 πρὸς
1589 5051 1786 5122 ἡδονὴν

203 5151 620 5214 ἀναπλάσαντες
657 5164 672 5178 ⁸
709 5148 809 5218 οὐχ
839 5147 914 5211 ὼς
959 5145 1115 5208 θεοὺς
1142 5143 1200 5197 δὲ
1230 5142 1430 5214 τιμῶσι
1451 5142 1550 5207 τὰς
1572 5143 1789 5206 εἰκόνας

204 5241 393 5298 αὐτῶν
423 5281 438 5305 ,
488 5241 692 5307 ἄπαγε.
745 5236 917 5291 Τοῦτο
975 5237 1085 5306 γὰρ
1136 5234 1198 5287 τὸ
1252 5231 1628 5305 ἁπλούστερον
1691 5235 1786 5288 καὶ

205 5332 534 5406 ἀγροικικδν
581 5330 691 5385 τῶν
753 5327 1062 5399 ἀνθρώπων
1109 5324 1541 5395 διαλαμϐάνεται
1584 5326 1742 5394 γένος
1771 5340 1785 5353 ·

1886 4683 2102 4731 statuas
2130 4681 2431 4729 erexerunt
2462 4672 2736 4736 homines,
2771 4685 2974 4740 easque
3004 4670 3190 4724 colunt
3219 4676 3272 4722 et
3306 4680 3469 4720 vene-

1883 4777 2098 4831 rantur,
2141 4767 2304 4822 simul
2337 4774 2524 4822 tamen
2579 4765 2832 4819 nonnihil
2889 4763 3220 4818 fabularum
3263 4759 3331 4814 ad
3373 4773 3469 4812 vo-

1886 4860 2158 4932 luptatein
2226 4858 2518 4930 tingentes.
2592 4855 2700 4912 Sed
2749 4872 2861 4910 non
2915 4864 2974 4910 ut
3008 4854 3144 4910 deos
3203 4851 3471 4922 imagines

1886 4963 2239 5018 venerantur,
2276 4951 2462 5007 absit!
2499 4950 2634 5004 Nam
2689 4958 2773 5006 est
2839 4949 2955 5004 haec
2991 4946 3208 5004 insania
3260 4945 3476 5015 simpli-

1897 5044 2064 5100 cioris
2093 5051 2143 5099 et
2177 5045 2411 5116 agrestis
2457 5043 2743 5098 hominum
2776 5042 3034 5113 generis;
3074 5039 3172 5096 sed
3215 5039 3308 5110 qui
3355 5037 3474 5106 phi-

1899 5136 2158 5206 losophia:
2187 5135 2435 5201 student,
2466 5143 2520 5190 et
2546 5134 2614 5189 de
2637 5133 2843 5189 divinis
2862 5140 3124 5186 accurate
3156 5130 3472 5200 inquirunt,

1899 5243 2169 5288 noverunt
2206 5235 2295 5288 cui
2327 5234 2589 5288 honorem
2622 5239 2974 5301 priestent,iet
3001 5227 3068 5281 ad
3093 5239 3255 5297 quem
3295 5232 3475 5277 trans-

1894 5334 1984 5381 eat
2021 5327 2334 5382 divinarum
2367 5325 2670 5396 imaginum
2717 5322 2986 5378 adoratio.
3028 5339 3047 5372 ι
3242 5377 3244 5380 ,
3480 5316 3490 5351 ί

207 5377 338 5484 ιτέξι
372 5428 421 5482 οί
477 5427 577 5499 τὴν
617 5377 936 5495 φιλοσοφίαν
980 5377 1388 5492 ἀσπαζόμενοι,
1447 5422 1542 5474 καὶ
1579 5377 1648 5476 τά
1681 5377 1789 5476 τών
1864 5423 2004 5477 θεῶν
2051 5421 2298 5494 ἀκριϐῶς
2351 5377 2722 5485 ἐξετάζοντες,
2779 5417 2951 5471 οἴδασι
3014 5413 3120 5468 τίνι
3310 5408 3476 5482 τιμὴν

208 5523 572 5596 ἀπονέμουσι,
619 5521 715 5576 καὶ
767 5521 901 5592 πρὸς
931 5519 1054 5572 τίνα
1095 5518 1360 5572 διαϐαίνει
1403 5517 1567 5588 ἡτῶν
1622 5518 1784 5572 θείων
1825 5519 2163 5591 ἀγαλμάτων
2203 5516 2596 5603 προσκύνησις.

1727 5659 1965 5717 NOTAE.

287 5778 402 5851 (ιό)
457 5775 692 5851 Spurius,“
732 5775 810 5830 De
842 5777 1079 5851 prabgtis
1132 5786 1433 5830 sanctorum
1486 5777 1626 5842 vitis,
1672 5775 1745 5830 20
1818 5777 2116 5843 Octobris,
2177 5773 2342 5831 habet
2392 5773 2637 5847 quinque.
2684 5771 2747 5826 Et
2780 5785 2970 5826 revera
3043 5767 3262 5824 nonnisi
3313 5763 3471 5837 quin-

217 5845 330 5922 que
364 5845 582 5907 nomina
614 5845 938 5902 afferuntur.
978 5845 1136 5899 Ευιτ.

541 5940 808 6001 Parnoe.
853 5940 968 5999 Gn.
1012 5939 1212 6006 XQ’I.

2925 5923 2989 5987 41
