4026 6406
591 429 720 497 ιαη

2078 436 2434 498 ΑΒΒΕΝΒΑ
2446 483 2461 498 .

3731 432 3852 498 1292

656 555 748 612 l5.
785 551 1066 609 ’Adhortor
1096 554 1265 627 igitur
1298 562 1454 609 tuam
1492 556 1834 613 nobilitatem
1861 560 2154 617 nobiscum

2337 561 2448 624 μγ.
2487 551 2748 625 Παραινῶ
2794 553 2977 606 τοίνυν
3015 552 3114 625 τὴν
3161 551 3262 625 σὴν
3298 553 3662 624 γενναιότητα
3729 535 3850 625 ’μεν

561 677 565 680 -
587 660 754 718 stare,
785 667 908 722 qua:
929 651 1091 706 nobis
1116 651 1338 722 placent
1355 651 1644 722 perlicere,
1671 654 2168 713 recte"Cr.ecorum

585 743 910 814 religionem
946 742 1205 812 arupleCti
1236 751 1293 797 et
1332 743 1576 814 antiquis
1617 746 1865 802 moribus
1897 764 1960 803 ac
2004 751 2172 807 rebus

587 833 876 889 inhaerere.
922 835 1327 890 Constantinus
1364 835 1535 902 enim,
1585 846 1645 891 ttt
1671 837 1790 909 ipse
1824 840 1957 902 scis,
1997 840 2173 897 homi-

587 941 718 980 num
775 927 1008 998 deceptu
1083 927 1422 994 facillimus,
1499 930 1757 987 indoctus
1822 948 2043 1004 quoque
2116 944 2172 990 et

579 1031 794 1082 amens,
831 1017 887 1071 in
935 1018 1090 1073 cultu
1132 1018 1409 1074 novitates
1440 1031 1657 1076 sectare
1687 1023 1877 1092 coepit,
1908 1031 1962 1078 et
2004 1023 2170 1079 abro-

586 1108 729 1180 gatis
786 1108 1184 1165 'Romanorum
1257 1113 1505 1182 legibus,
1563 1113 1630 1168 ad
1681 1114 2168 1172 Christianismum

583 1202 906 1265 declinavit,
949 1204 1098 1272 quod
1147 1220 1344 1273 nempe
1395 1204 1624 1274 puderet
1657 1220 1781 1258 eum
1825 1207 2169 1277 itupietatum

582 1309 832 1356 suarum,
851 1293 1039 1365 diique
1062 1309 1188 1350 eum
1231 1312 1392 1366 grege
1422 1297 1785 1364 expulissent,
1810 1307 1869 1352 ut
1890 1301 2171 1355 scelestis-

583 1383 804 1445 simuin.
847 1399 947 1438 sua
1010 1383 1283 1455 religione
1327 1386 1624 1456 indignum
1683 1395 1736 1442 et
1795 1401 2160 1462 cognatorum

582 1475 852 1541 sanguine
917 1475 1291 1546 inquinatum.
1361 1475 1496 1531 Nam
1564 1478 1764 1536 fratres
1808 1497 1942 1540 suos
2003 1488 2168 1541 morti

587 1565 835 1632 tradidit,
907 1582 1035 1622 cum
1103 1568 1235 1621 nihil
1305 1568 1434 1623 mali
1500 1568 1789 1637 fecissent,
1845 1581 1900 1629 et
1941 1591 2168 1632 uxorem

585 1657 867 1725 Faustam,
915 1661 1199 1731 filiumque
1234 1678 1396 1717 suum
1439 1662 1687 1720 Priscum
1737 1666 1875 1738 (14),
1908 1670 2003 1739 qui
2051 1680 2172 1727 erat

587 1754 672 1808 vir
726 1752 868 1822 frugi
902 1764 956 1809 et
996 1755 1198 1809 bonus.
1264 1754 1597 1825 llujusmodi
1650 1773 1784 1829 ergo
1833 1762 2044 1816 scelera
2092 1762 2168 1817 dii

585 1844 877 1906 exsecrati,
922 1845 1239 1914 repulerunt
1280 1862 1432 1911 cum,
1469 1855 1527 1904 et
1577 1864 1608 1904 a
1653 1866 1817 1906 sacro
1878 1855 2168 1910 sanctissi-

2275 649 2308 718 ἡ
2317 647 2433 717 μῶν
2460 665 2516 700 τε
2549 642 2688 700 εἶναι
2715 647 2809 699 καὶ
2834 644 2906 699 τά
2931 648 3063 717 ἡμῖν
3081 645 3390 714 ἀρέσκοντα
3410 645 3846 716 διαπράττεσθαι,

2273 738 2376 808 τήν
2407 754 2467 789 τε
2498 737 2802 807 θρησκείαν
2825 736 3125 806 ἑλληνίζειν
3151 737 3349 806 ὀρθῶς,
3372 738 3594 790 καὶτῶν
3622 740 3848 807 ἀρχαίων

2274 829 2418 882 ἑθῶν
2447 846 2507 882 τε
2546 830 2644 884 καὶ
2689 831 3038 900 πραγμάτων
3070 829 3417 900 ἀντέχεσθαι.
3467 831 3526 882 '0
3575 831 3685 901 γὰρ
3712 834 3846 884 Km-

2275 922 2579 985 σταντίνος,
2617 920 2694 984 ὡς
2732 920 2830 974 καὶ
2879 919 3041 984 αὐτὸς
3090 921 3408 985 ἑπίστασαι,
3459 921 3844 989 εὖεξαπάτητος

2273 1008 2486 1079 ἀνδρῶν
2512 1006 2734 1078 ἀμαθής
2777 1025 2838 1060 τε
2884 1007 2981 1062 καὶ
3022 1008 3259 1078 ἀνόητος
3299 1009 3568 1079 εὑρεθεὶς,
3600 1010 3726 1079 περὶ
3761 1013 3844 1079 τὴν

2274 1100 2574 1170 θρησκείαν
2612 1101 2992 1171 ἐνεωτέρισεν,
3025 1101 3122 1154 καὶ
3166 1103 3295 1164 τοὺς
3339 1102 3633 1171 Ῥωμαίων
3665 1103 3844 1172 νόμους

2274 1193 2631 1264 ὲξαθετήσας,
2686 1193 2780 1246 ἐπὶ
2819 1193 2915 1246 τὸν
2953 1193 3398 1264 Χριστιανισμὸν
3437 1195 3679 1260 ἐξέκλινε
3703 1233 3717 1256 ,
3761 1197 3843 1258 τὰς

2274 1287 2525 1349 ἀνοσίους
2554 1285 2722 1338 αὐτοῦ
2756 1283 2990 1357 πράξεις
3016 1285 3416 1355 δεδιττόμενος,
3442 1289 3541 1339 καὶ
3559 1286 3644 1340 ὅτι
3675 1288 3721 1339 οἱ
3749 1286 3844 1339 θεοὶ

2275 1379 2438 1432 αὑτὸν
2463 1377 2924 1448 ἀπεϐουκόλησαν
2965 1379 3040 1438 ὼς
3067 1376 3381 1445 ἐξάγιστον,
3413 1376 3508 1432 καὶ
3548 1378 3650 1448 τῆς
3684 1378 3843 1433 αὑτῶν

2275 1471 2575 1542 θρησκείας
2633 1471 2893 1536 ἀνάξιον,
2943 1471 3179 1542 αἵματος
3237 1471 3498 1542 ὁμογνίου
3567 1473 3842 1542 γενόμενον

2274 1563 2543 1634 ἔμπλεον*
2594 1561 2722 1624 τούς
2767 1580 2829 1616 τε
2878 1562 2989 1632 γὰρ
3037 1562 3305 1632 ἀδελφοὺς
3353 1563 3647 1616 ἀπέκτεινε
3697 1565 3842 1633 μηδὲν

2275 1654 2594 1726 πράξαντας
2637 1655 2860 1718 ἄτοπον,
2902 1655 3003 1707 καὶ
3039 1655 3140 1724 τὴν
3170 1657 3407 1722 γυναῖκα
3454 1655 3726 1717 Φαῦσταν,
3763 1660 3841 1708 καὶ

2272 1746 2366 1798 τὸν
2397 1746 2566 1800 αὐτοῦ
2609 1746 2726 1799 υίὺν
2776 1745 3017 1816 Πρίσκον
3050 1745 3348 1818 [Κρίσπον]
3381 1747 3474 1800 τὸν
3527 1751 3756 1818 χρηστόν
3790 1767 3838 1802 τε

2275 1840 2370 1891 καὶ
2418 1837 2623 1908 ἀγαθὸν
2670 1836 2841 1909 ἄνδρα
2898 1838 3276 1908 τυγχάνοντα·
3326 1837 3502 1892 ταῦτα
3556 1840 3734 1892 τοίνυν
3781 1842 3840 1892 τὰ

586 1951 784 2005 tuoque
820 1951 922 1991 suo
967 1937 1118 1992 cultu
1186 1938 1511 2009 longissime
1558 1940 1820 1998 aberrare
1872 1942 2162 2012 fecerunt;

2273 1929 2603 2000 ἀνοσιουργή
2613 1946 2761 1999 ματα
2791 1929 3168 2000 μυσαχθέντες
3192 1931 3243 1983 οἱ
3266 1931 3398 1994 θεοὶ,
3417 1931 3608 1984 τοῦτον
3635 1931 3840 1985 ἀπεστυ-

587 2035 845 2096 prwterca
905 2043 1093 2084 semen
1145 2031 1266 2099 ejus
1328 2032 1658 2089 sceleratum
1716 2042 1771 2088 et
1828 2037 2170 2092 exsecrabile

583 2132 708 2172 cum
751 2118 965 2188 integro
1005 2136 1208 2191 genere
1246 2121 1315 2177 de
1354 2122 1538 2177 medio
1581 2124 1854 2180 tulerunt.
1915 2125 2170 2197 Quapro-

584 2217 725 2278 pter,
756 2211 838 2264 vir
888 2210 1234 2277 admiraude,
1272 2214 1364 2268 ubi
1399 2215 1558 2270 video
1607 2223 1762 2272 tuum
1808 2218 1864 2273 in
1909 2221 2169 2277 omnibus

577 2301 800 2356 firmum
834 2317 899 2356 ac
924 2311 1189 2360 constans
1223 2305 1523 2376 ingenium,
1560 2309 1778 2384 volo.te
1807 2319 2013 2366 nostrae
2046 2326 2169 2381 par-

581 2393 658 2451 tis
689 2404 744 2450 et
771 2395 1064 2452 societatis
1091 2396 1217 2451 ﬁeri
1261 2398 1528 2465 amicum,
1558 2408 1613 2456 et
1647 2409 1961 2458 consortem
2000 2413 2167 2475 atque

580 2488 636 2542 iu
680 2489 936 2545 omnibus
987 2490 1200 2560 imperii
1255 2491 1492 2562 negotiis
1547 2493 1830 2550 intimum.
1883 2496 2162 2567 Agedum,

579 2579 810 2644 Artemi,
847 2581 1276 2646 sta-nobiscum,
1314 2583 1411 2653 qui
1443 2583 1546 2639 viri
1578 2600 1796 2650 sumus,
1831 2585 2165 2659 Christoque

578 2672 860 2742 abjurato,
907 2674 971 2728 ad
1005 2683 1314 2746 paternam,
1359 2676 1806 2748 antiquissimam
1841 2689 1897 2736 et
1926 2683 2166 2738 maxime

576 2763 894 2820 diuturnam
934 2764 1308 2823 Romanorum
1353 2768 1790 2842 ’Grrecorumque
1845 2774 2162 2844 religionem

587 2859 1006 2930 transgredere,
1049 2868 1105 2914 et
1138 2860 1303 2917 bonis
1345 2861 1616 2919 divinitus
1659 2865 1946 2920 concessis
1979 2866 2164 2922 fruere

579 2949 896 3015 nobiscum,
965 2951 1234 3007 honorum
1296 2953 1660 3012 maximorum
1715 2971 1778 3011 ac
1833 2956 2162 3028 dignitatum

561 3040 880 3114 .particeps.

648 3314 739 3369 44.
779 3314 858 3370 Λᾶ
911 3316 1026 3372 haec
1057 3317 1275 3374 Christi
1327 3327 1560 3392 martyr,
1608 3335 1735 3377 cum
1776 3337 1836 3379 se
1875 3322 2155 3392 paululum

577 3407 935 3464 sustinuisset
965 3418 1021 3463 et
1063 3412 1251 3466 animo
1294 3410 1788 3483 circumspexisset
1828 3413 2038 3480 audita,
2077 3424 2160 3470 to-

578 3511 800 3572 tamque
830 3503 1204 3574 recollegisset
1237 3514 1480 3560 mentem
1512 3514 1566 3561 et
1601 3506 1894 3569 rationem,
1927 3523 2160 3577 respon-

576 3594 657 3648 dit
685 3613 699 3650 :
749 3595 1044 3664 Equidem,
1078 3597 1401 3667 imperator,
1434 3597 1503 3653 de
1534 3613 1654 3654 mea
1686 3599 1948 3670 religione
1977 3610 2029 3655 et
2057 3600 2161 3656 fide

576 3688 783 3743 nullam
813 3688 868 3744 in
910 3703 1154 3759 prmsens
1189 3690 1286 3745 tibi
1320 3689 1545 3746 afferam
1595 3690 1996 3754 defensionem,
2029 3693 2158 3747 licet

575 3779 697 3847 ejus
727 3779 1226 3837 demonstrationes
1258 3781 1312 3835 in
1341 3791 1596 3853 promptu
1639 3783 1888 3838 habeam.
1937 3783 2048 3839 Sed
2087 3785 2154 3839 de

577 3871 770 3928 fratris
795 3873 870 3927 tui
899 3882 1098 3939 morte,
1119 3874 1224 3929 hoc
1255 3874 1328 3930 sit
1361 3891 1688 3946 responsum
1718 3893 1732 3930 :
1764 3875 1882 3933 Non
1920 3893 2157 3948 appare-

576 3964 656 4018 bit
687 3979 773 4020 me
799 3964 919 4033 ejus
952 3966 1150 4022 anima:
1201 3965 1462 4037 injuriam
1495 3967 1769 4030 intulisse,
1824 3969 1940 4025 sive
1970 3986 2156 4040 opere,

575 4056 691 4112 sive
731 4058 924 4122 verbo,
979 4059 1096 4115 sive
1143 4059 1522 4130 qualicunque
1562 4061 1761 4116 mentis
1791 4061 2156 4131 cogitatione,

573 4146 792 4203 etiamsi
826 4147 976 4203 mille
1010 4149 1192 4204 modis
1227 4148 1283 4204 in
1323 4149 1432 4205 hoc
1461 4151 1766 4207 scrutando
1795 4152 2156 4222 defatigeris;

574 4253 704 4293 nam
777 4241 980 4296 veritas
1044 4241 1432 4298 immutabilis.
1485 4240 1758 4298 Noveram
1824 4245 1971 4299 enim
2034 4260 2157 4300 eum

573 4330 988 4400 Christianum,
1038 4334 1232 4404 pium,
1283 4335 1540 4414 justum,
1602 4344 1656 4391 et
1719 4336 1924 4394 Christi
1977 4337 2155 4408 legum

573 4432 846 4480 amantem
883 4441 948 4480 ac
976 4427 1308 4483 studiosum.
1348 4426 1502 4485 Sciat
1528 4445 1662 4502 ergo
1695 4431 1895 4485 coelum
1927 4439 1982 4487 et
2009 4439 2156 4486 terra

573 4521 740 4584 atque
785 4516 1080 4573 universus
1129 4518 1452 4588 angelorum
1506 4519 1734 4587 chorus,
1777 4529 1831 4576 et
1878 4520 2154 4584 Christus,

2275 2021 2533 2092 κόλησαν,
2587 2023 2683 2076 καὶ
2723 2024 2824 2093 τῆς
2875 2024 3032 2094 ἱερᾶς
3073 2022 3256 2076 αὐτῶν
3301 2025 3396 2078 καὶ
3435 2026 3839 2095 παναγεστάτης

2273 2113 2571 2184 θρησκείας
2597 2114 2791 2186 πόῤῥω
2820 2133 2922 2168 που
2945 2116 3043 2169 καὶ
3073 2117 3297 2187 μακρὰν
3325 2117 3738 2186 ἀπεπλάνησαν,
3758 2122 3837 2171 καὶ

2270 2210 2584 2280 σπέρμα-τὸ
2622 2211 2818 2280 ἐναγὲς
2868 2210 3036 2265 αὑτοῦ
3062 2213 3161 2266 καὶ
3204 2213 3536 2284 παμμίαρον
3569 2213 3668 2266 καὶ
3701 2213 3836 2280 γένος

2268 2302 2389 2356 ὅλον
2426 2303 2484 2368 ἑξ
2519 2302 2825 2373 ἀνθρώπων
2858 2303 3156 2373 ἠφάνισαν.
3202 2305 3304 2358 Διά
3338 2305 3519 2369 τοῦτο,
3553 2306 3832 2374 θαυμάσιε.

2265 2394 2410 2467 ὁρῶν
2435 2412 2529 2449 σου
2559 2395 2619 2450 τὸ
2660 2395 2806 2450 κατά
2846 2396 3026 2450 πάντα
3077 2396 3341 2460 εὐσταθὲς
3382 2415 3441 2451 τε
3472 2400 3564 2451 καὶ
3616 2397 3833 2467 βέῖραιον,

2269 2488 2535 2560 βούλομαί
2561 2506 2619 2543 σε
2644 2490 2744 2561 τῆς
2763 2490 3040 2560 ἡμετέρας
3065 2488 3220 2562 [574]
3251 2491 3471 2562 μερίδος
3492 2492 3585 2543 καὶ
3607 2489 3833 2560 ἑταιρίας

2267 2580 2525 2651 γενέσθαι
2555 2581 2731 2650 φίλον,
2766 2582 2863 2636 καὶ
2912 2581 3248 2653 σύγκληρον,
3288 2585 3385 2636 καὶ
3424 2583 3684 2636 κοινωνὸν
3713 2583 3833 2634 κατὰ

2266 2674 2445 2728 πάντα
2474 2674 2583 2726 τῶν
2612 2673 2712 2744 τῆς
2746 2674 3028 2745 βασιλείας
3052 2675 3421 2746 πραγμάτων.
3449 2676 3625 2748 Δεῦρο
3652 2675 3830 2732 τοίνυν,

2278 2763 2556 2838 ’Δρτέμιε,
2591 2765 2751 2837 στῆθι
2796 2765 2919 2836 μεθ’
2949 2766 3108 2837 ἡμῶν
3137 2766 3247 2820 τῶν
3274 2767 3605 2838 ἀνθρώπων,
3645 2769 3734 2820 καὶ
3755 2768 3832 2819 τοῦ

2266 2857 2506 2929 Χριστοῦ
2550 2857 2774 2930 ἔξαρνος
2823 2858 3142 2929 γενόμενος,
3190 2860 3282 2912 ἐπὶ
3329 2860 3431 2930 τὴν
3475 2861 3710 2930 πάτριον
3755 2861 3832 2913 καὶ

2264 2951 2639 3024 ἀρχαιοτάτην
2666 2952 2761 3006 καὶ
2793 2951 3153 3023 πολυχρόνιον
3189 2953 3479 3023 Ῥωμαίων
3504 2970 3562 3006 τε
3603 2955 3700 3007 καὶ
3734 2954 3833 3006 Ἐὶο

2263 3044 2444 3116 λήνων
2474 3044 2777 3116 θρησκείαν
2813 3044 3107 3116 μετάϐηθι,
3140 3045 3237 3098 καὶ
3269 3045 3379 3098 τῶν
3414 3047 3565 3117 παρά
3593 3047 3739 3106 θεοῖς
3760 3047 3834 3100 δε-

2264 3137 2596 3208 δωρημένων
2628 3138 2762 3208 ἡμῖν
2807 3136 3032 3205 ἀγαθῶν
3074 3138 3442 3198 συναπόλαυε,
3475 3139 3658 3208 τιμῶν
3692 3139 3832 3208 μεγί-

2268 3247 2410 3284 στων
2438 3248 2498 3284 τε
2528 3231 2625 3285 καὶ
2648 3230 2980 3301 ἀξιωμάτων
3007 3231 3067 3284 ὲν
3093 3234 3296 3302 μετοχῇ
3323 3231 3582 3300 γεγονώς.

2337 3319 2443 3394 με.
2473 3323 2618 3394 Πρὸς
2656 3321 2832 3376 ταῦτα
2875 3324 2906 3376 δ
2938 3320 3037 3375 τοῦ
3096 3322 3337 3394 Χριστοῦ
3392 3324 3602 3394 μάρτυς
3657 3322 3833 3392 pupis

2263 3418 2510 3488 ἐπισχὼν
2545 3417 2642 3470 καὶ
2694 3417 3186 3486 ἐπιλογισάμενος.
3232 3416 3328 3471 καὶ
3361 3417 3482 3470 ὅλον
3517 3415 3832 3479 ἐπισυνάξος

2261 3510 2354 3564 τὸν
2380 3509 2575 3564 ἑαυτοῦ
2602 3508 2727 3562 νοῦν
2756 3526 2816 3562 τε
2858 3508 2953 3561 καὶ
2977 3506 3263 3578 λογισμὸν.
3294 3508 3633 3578 ἀπεκρίνατο
3655 3524 3668 3537 ·
3709 3505 3831 3572 Ἐγὼ

2265 3601 2387 3674 μὲν,
2425 3597 2470 3657 ὦ
2499 3601 2752 3673 βασιλεῦ,
2787 3602 2918 3672 περὶ
2968 3600 3067 3671 τῆς
3102 3601 3242 3671 ἐμῆς
3285 3600 3587 3672 θρησκείας
3631 3601 3724 3653 καὶ
3751 3601 3828 3649 πῖ-

2263 3708 2438 3758 στεως
2484 3693 2746 3764 οὐδεμίαν
2795 3692 2922 3746 τινά
2960 3709 3042 3745 σοι
3079 3691 3386 3759 ἀπολογίαν
3439 3692 3738 3762 ποιήσομαι
3779 3690 3829 3740 ri

2263 3787 2461 3857 παρὸν,
2490 3786 2629 3857 ἔχων
2657 3788 2715 3840 ἑν
2748 3787 2955 3858 ἑτοίμῳ
2983 3785 3138 3859 [ent].
3173 3783 3336 3856 τιμῇ]
3379 3785 3478 3846 τὰς
3507 3784 3649 3852 ὑπὲρ
3683 3781 3828 3848 αὐτῆς

2261 3877 2587 3942 ἀποδείξεις.
2638 3875 2784 3949 Πρδς
2809 3878 2867 3931 δὲ
2901 3877 2996 3930 τὸν
3051 3875 3146 3930 τοῦ
3180 3876 3274 3929 σοῦ
3317 3875 3548 3942 ἀδελφοῦ
3594 3873 3827 3931 θάνατον,

2261 3970 2438 4023 ἐκεῖνό
2475 3987 2560 4022 σοι
2588 3969 3030 4041 ἀπολογήσομαι,
3063 3967 3140 4031 ὡς
3176 3967 3239 4020 οὐ
3288 3967 3364 4037 μὴ
3410 3967 3721 4037 φανήσομαι
3746 3964 3826 4032 τὴν

2260 4059 2474 4113 ἑκείνου
2508 4059 2688 4130 ψυχὴν
2724 4058 3005 4130 ἠδικηκὼς
3039 4059 3285 4122 πώποτε,
3317 4059 3417 4111 οὐκ
3452 4057 3618 4127 ἔργῳ,
3659 4057 3715 4109 οὐ
3755 4055 3825 4107 16-

2260 4168 2362 4221 γῳ,
2403 4149 2528 4205 οὔτε
2572 4151 2680 4205 τινὶ
2723 4151 2965 4212 διανοίας
3006 4150 3377 4220 ἑπινοὴματι,
3429 4149 3538 4201 οὐδ’
3580 4150 3626 4201 εἰ
3679 4149 3826 4218 μυρία

2261 4246 2462 4313 κάμοις
2491 4243 2620 4315 περὶ
2645 4243 2839 4297 τούτου
2870 4243 3274 4314 ἀνερευνῶνοὴ
3309 4240 3540 4312 ἀλήθεια
3571 4242 3678 4310 γάρ
3709 4242 3827 4310 άμε-

2259 4334 2549 4406 τάόλητος.
2607 4335 2960 4406 Ἦπιστάμην
3007 4334 3115 4407 γὰρ
3188 4333 3352 4387 αὐτὸν
3402 4333 3726 4404 Χριστιανὸν
3777 4349 3824 4382 τε

2260 4427 2410 4494 ὄντα,
2447 4426 2673 4498 θεοφιλῆ
2732 4444 2795 4479 τε
2824 4427 2919 4480 καὶ
2971 4427 3205 4492 δίκαιον,
3255 4433 3351 4479 καὶ
3397 4427 3526 4496 περὶ
3572 4426 3698 4488 τοὺς
3743 4421 3822 4475 τοῦ

2260 4518 2501 4591 Χριστοῦ
2532 4519 2734 4590 νόμους
2779 4517 3065 4590 πρόθυμον
3095 4537 3156 4572 τε
3205 4520 3302 4571 καὶ
3345 4519 3632 4571 σπουδαῖον
3670 4518 3825 4584 ὑπάρ-

571 4603 668 4659 Dei
701 4605 901 4672 Filius,
943 4623 1108 4676 quem
1156 4611 1326 4672 adoro
1365 4609 1418 4665 in
1467 4613 1687 4680 spiritu,
1740 4628 1830 4669 me
1885 4614 2150 4668 mundum

2266 4628 2456 4683 κοντα·
2486 4612 2619 4665 ἵστω
2639 4611 2820 4663 τοίνυν
2854 4611 3087 4682 οὐρανός
3121 4628 3180 4664 τε
3211 4610 3309 4664 καὶ
3331 4611 3403 4680 γῆ
3437 4610 3531 4663 καὶ
3558 4612 3659 4672 πᾶς
3689 4607 3823 4661 ὁτῶν

572 4712 696 4754 esse
727 4699 797 4754 ab
829 4699 949 4768 ejus
986 4716 1120 4756 nece
1163 4711 1219 4756 et
1253 4712 1452 4768 morte,
1495 4719 1597 4758 nec
1627 4705 1694 4759 ad
1738 4704 2002 4774 injustam
2039 4706 2159 4775 ejus

571 4791 908 4847 occisionem
953 4793 1089 4848 viris
1137 4794 1344 4863 impiis,
1385 4794 1480 4864 qui
1533 4795 1686 4851 illam
1732 4797 2158 4864 commiserunt,

569 4881 870 4950 quidquam
936 4881 1125 4937 auxilii
1189 4883 1517 4941 contulisse.
1585 4883 1772 4955 Neque
1823 4888 1970 4942 enim
2027 4895 2159 4944 tunc

569 4972 894 5029 Constantio
919 4973 1185 5042 aderam;
1229 4975 1326 5032 sed
1358 4976 1414 5032 in
1451 4975 1695 5050 Egypto
1722 4978 2016 5051 degebam,
2051 4980 2156 5034 ibi-

570 5066 809 5138 demque
856 5068 1036 5124 mansi
1088 5084 1268 5140 usque
1317 5069 1384 5124 ad
1432 5079 1760 5140 praesentem
1818 5086 2048 5128 annum.
2093 5073 2162 5128 Et

571 5161 716 5217 hanc
768 5162 990 5233 quidem
1049 5163 1430 5220 defensionem
1483 5164 1654 5219 affero
1712 5165 1864 5220 circa
1920 5162 2153 5221 fratrem

569 5259 750 5306 tuum.

639 5517 733 5573 45.
760 5516 928 5583 Quod
967 5535 1101 5575 vero
1141 5523 1338 5577 attinet
1372 5530 1431 5576 ut
1482 5517 1762 5578 Christum
1808 5524 2053 5595 abjurem
2095 5533 2152 5581 et

568 5610 896 5684 gentilitiam
932 5612 1100 5667 vitam
1142 5615 1466 5685 amplectar,
1493 5615 1599 5672 hoc
1637 5617 1736 5672 tibi
1778 5617 2144 5690 respondebo,

2261 4704 2432 4774 ἁγίων
2460 4704 2714 4773 ἀγγέλων
2743 4705 2925 4776 χορὸς,
2967 4705 3065 4760 καὶ
3087 4704 3324 4774 Χριστὸς
3353 4706 3382 4758 ὁ
3405 4703 3500 4757 τοῦ
3527 4703 3659 4756 Θεοῦ
3691 4702 3821 4761 Υἱὸς.

2260 4788 2305 4863 ᾧ
2335 4792 2449 4862 ἑγὼ
2487 4793 2741 4864 λατρεύω
2771 4795 2827 4848 ἑν
2876 4793 2956 4864 τῷ
2996 4793 3116 4865 ἑμῷ
3162 4793 3461 4864 πνεύματι,
3501 4793 3576 4857 ὡς
3607 4791 3823 4860 καθαρὸς

2261 4886 2372 4954 ἑγὼ
2402 4885 2503 4954 τῆς
2536 4885 2750 4938 ἐκείνου
2788 4887 3006 4954 σφαγῆς
3034 4903 3094 4939 τε
3118 4886 3214 4939 καὶ
3245 4885 3527 4955 τελευτῆς,
3557 4885 3646 4938 καὶ
3673 4882 3822 4954 μηδὲν

2263 4966 2697 5046 συνεισενεγκὼν
2729 4978 2812 5042 είς
2837 4978 2930 5032 τὸν
2962 4979 3173 5032 ἐκείνου
3206 4978 3368 5047 φόνον
3397 4979 3491 5032 τὸν
3521 4978 3696 5032 ἄδικον
3725 4977 3820 5036 τώς

2260 5069 2452 5124 τοῦτον
2509 5071 3029 5142 κατεργασαμένοις
3079 5071 3320 5134 ἀνοσίοις
3380 5070 3658 5141 ἀνδράσιν.
3702 5067 3818 5120 0-38“:

2261 5163 2372 5234 γὰρ
2419 5162 2613 5235 παρὼν
2662 5164 2814 5235 ήμην
2855 5163 2978 5217 τότε
3012 5165 3110 5219 σὺν
3156 5163 3546 5235 Κωνσταντίῳ,
3582 5161 3709 5218 ἀλλὰ
3739 5160 3820 5226 τὴν

2260 5256 2541 5323 Αἴγυπτον
2579 5250 2728 5327 εἶχον
2767 5256 2981 5326 οἴκησίν
3023 5274 3083 5310 τε
3129 5257 3226 5310 καὶ⁵
3274 5255 3491 5308 δίαιταν
3546 5255 3697 5326 μέγρι
3739 5250 3818 5302 τώ

2260 5347 2532 5418 παρόντος
2556 5348 2806 5402 ἐνιαυτοῦ
2829 5364 2842 5378 '
2867 5349 2965 5401 καὶ
2990 5348 3195 5422 ταύτην
3227 5349 3328 5422 μὲν
3350 5348 3645 5418 ἀπολογίαν
3667 5341 3820 5397 ποιοῦ-

2265 5458 2363 5511 μαι
2393 5439 2523 5510 περὶ
2549 5438 2645 5493 τοῦ
2681 5439 2778 5492 σοῦ
2811 5439 3069 5509 ἀδελφοῦ.

2332 5527 2486 5601 [575]
2524 5537 2628 5600 με’.
2663 5531 2800 5600 Περὶ⁵
2829 5531 2888 5583 δὲ
2919 5531 3012 5584 τοῦ
3057 5530 3148 5584 τὸν
3176 5529 3420 5602 Χριστὸν
3460 5525 3816 5600 ἑξομώσασθαι

2258 5622 2352 5678 καὶ
2379 5621 2472 5675 τὸν
2501 5621 2825 5692 ’Ἑλληνικὸν
2855 5623 3208 5677 ἀσπάσασθαι
3236 5623 3372 5693 βίον,
3393 5622 3550 5678 τοῦτό
3575 5638 3653 5675 σοι
3698 5620 3816 5674 ἀπο·

2119 5777 2350 5837 ΝΟΤᾸΕ.

641 5891 754 5963 (14)
797 5889 1046 5962 Crispum
1077 5890 1196 5946 loco
1227 5891 1468 5946 Priscum
1503 5892 1787 5963 legendum
1822 5905 1928 5951 est.
1974 5895 2241 5953 Similiter
2275 5915 2427 5958 num.
2455 5898 2547 5953 45.
2582 5897 2677 5954 Est
2708 5911 2862 5953 error
2894 5896 3126 5953 librarii.
3160 5894 3317 5952 ῐῗυιτ.
