4026 6408
233 470 377 539 1293

1522 486 1583 548 S.
1627 484 1954 546 ARTEMII
1995 486 2278 546 PASSIO.

3366 476 3504 544 1294

227 586 592 657 κριθήσομαι,
624 588 735 641 τῶν
762 589 935 661 τριῶν
967 589 1177 645 παίδων
1207 591 1316 645 τῶν
1345 591 1442 646 ἐπὶ
1476 592 1799 664 Ναϐουχοδο·

1923 595 2086 648 verba
2121 596 2286 649 trium
2328 566 2624 665 puerorum
2672 597 2742 651 ad
2781 572 3294 650 Nabuchodonosor
3333 606 3507 649 usur-

226 678 397 749 νόσορ
445 679 544 749 τὴν
587 682 777 752 φωνὴν
819 683 1243 755 δανεισάμενος,
1271 684 1348 748 ὼς
1395 686 1647 739 Γνωστὸν
1676 686 1818 739 ἔστω

228 784 340 835 σοι,
377 768 626 840 βασιλεῦ,
666 772 749 826 ὃτι
781 776 897 838 τοῖς
933 774 1079 840 θεοῖς
1116 794 1210 829 σου
1239 777 1299 829 ού
1325 776 1595 847 λατρεύω,
1626 778 1723 832 καὶ
1748 780 1816 849 τῇ

226 858 405 913 εἰκόνι
448 864 515 931 τῇ
570 866 747 934 χρυσῇ
780 864 878 917 τοῦ
932 864 1027 918 σοῦ
1070 866 1329 935 φιλτάτου
1371 866 1709 930 ’Λπόλλωνος
1754 865 1815 920 οὔ

226 958 364 1003 ποτε
394 955 781 1025 προσκυνήσω.
822 957 946 1010 "Ott
984 957 1041 1010 δὲ
1090 958 1181 1010 τὸν
1218 956 1493 1028 μακάριον
1528 960 1817 1012 Κωνσταν-

178 1106 188 1122 ἰ
223 1045 378 1096 τίνον
399 1044 489 1097 τὸν
520 1045 741 1100 πάντων
768 1047 1038 1119 βασιλέων
1061 1050 1387 1122 ὑπέρτερον,
1412 1051 1506 1104 καὶ
1532 1050 1595 1104 τὸ
1621 1050 1813 1104 τούτου

175 1110 189 1173 δ
223 1137 388 1205 γένος
415 1110 878 1211 ἐξεμυκτήρισας.
917 1141 1114 1214 ἐχθρὸν
1144 1110 1413 1208 raised;
1463 1143 1816 1206 ἀποκαλέσας

221 1227 394 1294 θεοῖς,
426 1232 522 1284 καὶ⁵
556 1232 824 1305 μανιώδη,
856 1235 953 1288 καὶ
992 1236 1156 1305 φόνου
1197 1236 1420 1306 μεστὸν,
1460 1234 1555 1288 τοῦ
1586 1253 1647 1289 τε
1678 1237 1813 1305 ὁμο-

220 1322 381 1389 γνίου
430 1324 718 1379 ἀνάπλεων
766 1327 1024 1398 αἵματος,
1073 1327 1249 1381 ταῦτὰ
1277 1345 1361 1381 σοι
1407 1329 1550 1399 ὑπὲρ
1600 1328 1811 1381 ἐκείνου

218 1413 677 1486 ἀπολογήσομαι·
710 1418 795 1471 ὅτι
833 1417 1037 1488 μᾶλλον
1065 1419 1094 1472 ὁ
1151 1418 1244 1482 σὸς
1288 1419 1475 1492 πατὴρ
1519 1421 1806 1474 Κωνστάν·

217 1520 341 1568 tto;
367 1507 462 1559 καὶ
490 1507 543 1560 οὶ
574 1506 768 1561 τούτου
794 1509 1023 1580 ἀδελφοὶ
1062 1510 1457 1582 πῳκατῆρξαν
1493 1509 1589 1564 τοῦ
1618 1510 1811 1581 ἀδική-

220 1613 420 1666 ματος,
449 1599 742 1671 φάρμακον
768 1600 919 1673 αὐτῷ
944 1602 1272 1675 δηλητήριον
1296 1603 1687 1675 κερασάμενοι,
1714 1603 1811 1657 καὶ

218 1688 459 1743 θάνατον
487 1691 732 1763 ὀλέθριον
766 1693 1228 1766 προξενήσαντες,
1266 1696 1435 1767 μηδὲν
1468 1695 1609 1769 πρὸς
1640 1695 1807 1750 αὐτοῦ

217 1782 559 1847 πεπονθότες
607 1785 815 1841 ἄδικον.
857 1787 1098 1853 Ἐκεῖνος
1140 1788 1197 1843 δὲ
1240 1789 1343 1861 τὴν
1392 1793 1631 1859 γυναῖκα
1663 1788 1809 1843 Φαύ-

215 1890 379 1939 σταν,
413 1877 511 1930 καὶ
543 1876 688 1931 πάνυ
734 1878 967 1945 δικαίως
1003 1881 1334 1935 ἀπέκτεινεν
1367 1881 1444 1945 ὡς
1478 1882 1806 1953 μιμησαμέ-

214 1982 320 2036 νην
347 1964 447 2037 τὴν
481 1967 650 2022 πάλαι
674 1970 937 2043 Φαίδραν,
969 1973 1064 2026 καὶ
1105 1972 1467 2027 διαϐαλοῦσαν
1494 1973 1586 2026 τὸν
1614 1972 1805 2026 τούτου
1838 1963 1879 2018 Β

215 2060 339 2112 υιδν
370 2061 611 2131 Πρίσκον
657 2061 959 2138 [Κρίσπον]
1000 2066 1077 2130 ὠς
1116 2064 1401 2136 ἐρωτικῶς
1430 2066 1567 2136 αὐτῇ
1599 2065 1807 2118 διακεί-

218 2169 388 2223 μενον
413 2155 507 2207 καί
542 2172 596 2208 τι
621 2157 757 2228 πρὸς
788 2156 911 2227 βίαν
947 2158 1332 2231 ἐπιχειροῦντα
1354 2200 1369 2225 ,
1402 2158 1657 2230 καθάπερ
1702 2159 1804 2212 κὰ-

212 2248 374 2319 κείνη
402 2248 493 2301 τὸν
527 2248 623 2302 τοῦ
653 2250 879 2322 Θησέως
907 2251 1259 2306 Ἱππόλυτον
1287 2252 1383 2306 καὶ
1410 2251 1476 2320 δὴ
1507 2251 1648 2305 κατὰ
1677 2251 1806 2315 τοὺς

209 2339 320 2409 τῆς
361 2339 580 2411 φύσεως
623 2343 822 2413 νόμους
866 2345 945 2408 ὡς
996 2343 1180 2415 πατὴρ
1218 2343 1310 2397 τὸν
1369 2343 1484 2397 υἱὸν
1532 2343 1800 2415 ἠμύνατο.

213 2431 489 2504 ’Υστερον
521 2434 620 2504 μέν
662 2452 746 2489 τοι
796 2435 985 2507 μαθὼν
1020 2436 1123 2505 τὴν
1149 2436 1437 2508 ἀλήθειαν,
1490 2435 1587 2488 καλ⁵
1632 2434 1805 2503 αὐτὴν

212 2527 679 2595 προσαπέκτεινε,
712 2527 877 2601 δίκην
910 2530 999 2582 ἐπ’
1041 2530 1179 2599 αὐτῇ
1229 2528 1465 2591 δικάσας
1505 2526 1697 2579 πασῶν
1724 2527 1804 2580 δι-

210 2618 534 2690 καιοτάτην.
591 2619 881 2675 Ἀπέκλινε
918 2621 976 2675 δὲ
1026 2621 1164 2694 πρὸς
1206 2621 1297 2678 τὸν
1340 2619 1601 2689 Χριστὸν,
1634 2619 1804 2689 ούρα-

208 2710 370 2764 νόθεν
400 2712 609 2766 ἐκείνου
640 2714 998 2779 καλέσαντος,
1039 2715 1131 2768 ὅτε
1169 2714 1270 2783 τὴν
1318 2713 1456 2785 πρὸς
1500 2711 1803 2777 Μαξέντιον

203 2802 469 2873 δριμεῖἁν
496 2822 556 2858 τε
586 2806 681 2859 καὶ
715 2806 1027 2878 βαρυτάτην
1057 2807 1420 2878 διηγωνισατο
1458 2807 1661 2877 μάχην,
1692 2805 1805 2859 δείε-

206 2894 314 2960 ξας
338 2894 489 2966 αύτῷ
517 2896 579 2949 τὸ
600 2896 695 2950 τοῦ
719 2896 959 2968 σταυροῦ
985 2901 1213 2970 σημεῖον
1246 2900 1524 2969 μεσούσης
1560 2898 1799 2969 ἡμέρας,

207 2985 357 3057 ὑπὲρ
388 2986 482 3039 τὸν
503 2987 658 3057 ἥλιον
686 2991 808 3052 ταῖς
838 2989 1034 3057 αὐγαῖς
1061 2989 1461 3062 ἐξαστράπτον,
1494 2991 1590 3043 καὶ
1616 2988 1799 3059 γράμ-

207 3095 381 3149 μασιν
407 3079 766 3151 ἀστροτύπως
793 3082 1097 3153 ρωμαῖκοῖς
1120 3082 1470 3153 διασημήνας
1500 3080 1669 3135 αὑτοῦ
1699 3083 1800 3151 τὴν

202 3171 303 3224 τοῦ
328 3173 569 3243 πολέμου
606 3173 794 3244 νίκην·
839 3176 1004 3245 ἡμεῖς
1032 3192 1093 3227 τε
1126 3175 1237 3246 γὰρ
1279 3176 1437 3229 αὐτοὶ
1467 3174 1529 3228 τὸ
1572 3176 1799 3245 σημεῖον

202 3260 558 3334 ἐθεασάμεθα
585 3263 662 3335 τῷ
697 3262 922 3337 πολέμῳ
955 3264 1245 3335 παρόντες,
1275 3266 1373 3319 καὶ
1402 3266 1470 3319 τὰ
1492 3266 1800 3335 γράμματα

1928 703 2066 757 paus
2110 706 2123 742 :
2173 685 2371 741 Notttm
2413 690 2507 744 tibi
2549 690 2642 756 sit,
2682 706 2803 755 rex,
2848 686 2994 759 quod
3048 687 3183 742 deos
3222 693 3351 741 tuos
3391 700 3503 741 non

1924 779 2069 843 colo,
2111 787 2166 833 et
2201 789 2443 834 statuam
2477 794 2703 835 auream
2733 780 3082 837 dilectissimi
3124 780 3202 834 tui
3235 780 3504 850 Apollinis

1923 887 2206 941 nunquam
2230 872 2472 927 adorabo
2492 873 2537 927 ⁸.
2561 873 2717 939 Quod
2757 882 2941 928 autem
2973 873 3196 928 beatum
3226 871 3505 928 Constan-

1925 963 2119 1027 timnn,
2166 966 2412 1019 omnium
2455 965 2851 1035 imperatorum
2907 965 3228 1031 maximum,
3271 965 3504 1037 ejusque

1924 1054 2185 1109 familiam
2210 1055 2534 1126 despexisti,
2555 1056 2704 1111 illum
2724 1055 3011 1111 inimicum
3033 1056 3257 1111 deorum
3280 1066 3501 1113 tuorutn

1920 1163 2146 1214 vocans,
2165 1158 2220 1204 et
2245 1150 2615 1212 insensatum,
2637 1156 2692 1202 et
2717 1147 2886 1203 catdis
2907 1150 3150 1217 plenum,
3178 1157 3231 1203 et
3251 1158 3503 1219 cognato-

1924 1254 2044 1295 rum
2076 1240 2347 1309 sanguine
2388 1240 2762 1310 inquinatum,
2805 1241 2919 1295 haec
2941 1240 3007 1295 de
3031 1255 3098 1296 eo
3137 1240 3234 1295 tibi
3269 1255 3500 1310 respon-

1919 1333 2060 1387 debo
2081 1352 2095 1387 :
2120 1332 2294 1402 Magis
2315 1334 2531 1389 scilicet
2555 1344 2709 1405 pater
2732 1342 2861 1389 tuus
2880 1332 3245 1390 Constantius
3267 1333 3500 1403 ejusque

1921 1424 2119 1478 fratres
2144 1423 2361 1494 priores
2396 1423 2585 1492 injusti
2628 1422 2876 1487 fuerunt,
2916 1426 3009 1493 qui
3045 1434 3234 1494 potum
3255 1439 3499 1480 venena-

1917 1522 2031 1569 tum
2060 1515 2357 1572 miscentes
2385 1516 2754 1573 Constantino
2799 1517 3059 1572 acerbam
3107 1527 3337 1573 mortem
3372 1534 3499 1588 pro-

1916 1605 2212 1675 pinarunt,
2265 1606 2416 1661 nulla
2476 1615 2660 1662 tamen
2711 1608 2781 1662 ab
2839 1622 2905 1663 eo
2965 1607 3167 1676 injuria
3225 1606 3491 1664 lacessiti.

1914 1694 2035 1768 Ipse
2068 1706 2248 1753 autem
2282 1712 2507 1752 uxorem
2534 1713 2689 1754 suam
2724 1697 2981 1754 Faustam
3010 1698 3161 1768 jnste
3191 1698 3491 1754 admodum

1913 1790 2142 1856 occidit,
2166 1792 2295 1861 quia
2320 1800 2560 1849 veterem
2589 1790 2875 1846 Phaedram
2903 1791 3135 1857 imitata,
3158 1791 3494 1846 calumniata

1912 1894 2004 1940 est
2056 1884 2409 1954 imperatoris
2454 1885 2627 1939 lilium
2690 1883 2964 1949 Priscum,
3031 1891 3091 1938 ut
3163 1883 3255 1953 qui
3309 1898 3498 1939 amore

1908 1976 2029 2046 ejus
2082 1986 2278 2046 captus
2314 1976 2424 2031 vim
2477 1976 2528 2031 ei
2580 1974 2786 2031 inferre
2839 1983 3077 2030 conatus
3123 1982 3291 2039 esset,
3351 1975 3496 2030 sicut

1908 2068 2068 2121 etiam
2100 2065 2190 2120 illa
2222 2064 2422 2121 Thesei
2457 2065 2652 2131 lilium,
2685 2065 3064 2136 Hippolytum.
3088 2064 3494 2121 Constantinus

1907 2157 2125 2229 quidem
2165 2156 2318 2227 juxta
2356 2166 2565 2211 natura;
2595 2157 2766 2226 leges,
2809 2163 2870 2210 ut
2905 2164 3083 2224 pater,
3134 2154 3303 2208 lilium
3334 2154 3495 2224 puni-

1906 2255 2020 2319 vit;
2045 2265 2237 2324 postea
2268 2269 2422 2317 vero,
2451 2260 2735 2323 comperta
2776 2253 3032 2318 veritate,
3077 2267 3307 2308 uxorem
3354 2268 3493 2323 quo-

1907 2362 2014 2416 qne
2036 2348 2310 2403 sententia
2362 2348 2608 2401 omnium
2666 2345 2981 2415 justissima
3040 2345 3204 2399 morti
3260 2345 3488 2403 addixit.

1904 2440 2189 2494 Christum
2223 2448 2406 2494 autem
2438 2447 2496 2493 nt
2542 2436 2712 2493 Deum
2756 2437 2979 2507 agnovit
3014 2437 3227 2492 cmlesti
3268 2438 3489 2507 appari-

1907 2530 2056 2585 tione
2096 2531 2166 2585 ab
2214 2546 2282 2583 co
2315 2540 2576 2594 vocatus,
2617 2528 2841 2599 quando
2875 2527 3094 2582 dillicile
3131 2534 3186 2582 et
3230 2527 3491 2597 gravissi-

1905 2635 2056 2675 mum
2088 2620 2335 2691 praelium
2369 2622 2637 2674 adversus
2668 2616 3003 2672 Maxentium
3040 2617 3340 2673 commisit.
3381 2617 3491 2689 Ap-

1904 2708 2088 2779 paruit
2124 2710 2273 2763 enim
2315 2708 2498 2764 crucis
2533 2707 2778 2778 signum,
2810 2706 2957 2777 quod
2984 2705 3162 2760 media
3193 2707 3282 2761 die
3307 2707 3487 2762 lucem

1906 2798 2041 2855 solis
2084 2799 2381 2870 splendore
2409 2814 2511 2857 suo
2545 2799 2869 2870 superabat,
2906 2799 2993 2853 et”
3021 2799 3225 2853 litteris
3248 2797 3486 2858 Latinis.

1904 2892 2125 2949 siderea
2158 2899 2288 2946 nota
2329 2891 2538 2957 ductis,
2587 2890 2764 2962 ipsius
2799 2891 2857 2945 in
2898 2890 3047 2946 bello
3079 2891 3366 2947 victoriam
3412 2893 3489 2946 si-

1903 2984 2221 3055 gniticabat.
2252 2982 2389 3038 Nam
2419 2999 2524 3040 nos
2570 2983 2675 3054 ipsi
2730 2983 2951 3054 signum
3005 2983 3250 3040 vidimus
3299 2985 3489 3054 prtelio

1900 3083 2228 3146 rpraasentes,
2261 3085 2317 3131 et
2374 3075 2543 3130 verba
2576 3075 2831 3143 legimus.
2868 3073 2982 3129 lmo
3025 3082 3172 3131 totus
3212 3075 3488 3129 exercitus

1904 3167 2020 3221 lnec
2051 3166 2211 3229 vidit,
2240 3166 2562 3236 multosque
2595 3165 2761 3236 hujus
2786 3166 3017 3237 prodigii
3054 3174 3219 3223 testes
3242 3167 3297 3222 in
3326 3182 3487 3223 exer-

1904 3259 2018 3314 citu
2058 3258 2322 3328 reperias,
2364 3257 2529 3311 modo
2552 3258 2696 3312 velis
2728 3257 3108 3327 interrogare.

201 3355 634 3427 ύπανέγνωμενο
686 3357 825 3412 ἀλλὰ
874 3359 1059 3412 καὶτὸ
1113 3360 1485 3431 στρατόπεδον
1520 3359 1667 3414 ἅπαν
1702 3355 1949 3417 τεθέατο,
1979 3352 2076 3405 καὶ
2102 3350 2291 3404 πολλοὶ
2356 3348 2510 3422 [576]
2558 3348 2754 3403 τούτου
2827 3347 3106 3420 μάρτυρες
3182 3349 3240 3402 ἐν
3288 3348 3368 3420 τῷ
3407 3349 3487 3422 σῷ

206 3452 564 3522 στρατοπέδῳ
593 3454 981 3523 τυγχάνουσιν,
1013 3454 1067 3509 εἴ
1090 3471 1155 3524 γε
1188 3455 1295 3525 ἄρα
1331 3455 1609 3526 ἐρωτῆσαι
1644 3452 1955 3522 θελήσειας.

284 3553 404 3616 μς’.
428 3548 538 3600 Καὶ
554 3547 605 3601 τί
628 3548 693 3619 δὴ
722 3548 895 3602 ταῦτα
920 3547 1100 3617 λέγως
1130 3549 1224 3603 τὸν
1247 3550 1483 3622 Χριστὸν
1511 3549 1718 3605 ἄνωθεν
1749 3548 1796 3602 οἱ

203 3638 489 3710 προφῆται
523 3639 1029 3711 προκατήγγειλαν,
1076 3641 1153 3706 ὡς
1196 3641 1291 3695 καὶ
1342 3641 1505 3705 αὐτὸς
1549 3642 1795 3711 κρεῖττον
1823 3629 1866 3651 “’

203 3730 501 3784 ἐπίστασαι
524 3746 539 3761 ·
574 3732 670 3785 καὶ
703 3732 899 3788 πολλαὶ
923 3733 1026 3804 τῆς
1051 3732 1216 3788 αύτοῦ
1240 3732 1547 3804 παρουσίας
1569 3733 1625 3785 αἱ
1654 3748 1795 3802 μαρ-

200 3822 394 3893 τυρίαι
428 3823 539 3877 κάκ
568 3822 680 3877 τῶν
710 3823 842 3895 παρ’
867 3825 996 3894 ύμῖν
1032 3825 1345 3895 σεϐομένων
1364 3825 1530 3888 θεῶν,
1564 3825 1662 3878 καὶ
1682 3824 1793 3878 τῶν

199 3914 475 3985 χρησμῶν
495 3916 553 3970 αἱ
594 3916 1060 3989 προαγορεύσεις·
1094 3918 1166 3971 τά
1198 3935 1259 3970 τε
1287 3917 1578 3971 Σιϐύλλεια
1604 3917 1791 3989 γράμ-

204 4024 379 4078 ματα,
408 4009 503 4062 καλ⁸
535 4010 568 4080 ἡ
597 4009 691 4061 τοῦ
718 4008 996 4080 Βιργιλίου
1018 4008 1115 4062 τοῦ
1148 4009 1424 4080 Ῥωμαίου
1458 4010 1696 4081 ποίησις,
1725 4008 1793 4079 ἢν

200 4099 373 4169 ὑμεῖς
405 4097 740 4171 Βευκολικὴν
767 4099 1092 4167 ὀνομάζετε,
1119 4099 1217 4153 καὶ
1261 4100 1423 4164 αὐτὸς
1444 4102 1474 4153 ὁ
1502 4101 1635 4173 παρ’
1661 4100 1792 4163 ύμῖν

198 4189 626 4261 θαυμαζόμενος
654 4191 931 4245 Ἀπόλλων
956 4193 985 4245 ὁ
1009 4191 1270 4263 μαντικὸς
1292 4192 1493 4245 τοιόνδε
1515 4193 1639 4247 τινὰ
1663 4194 1792 4263 περὶ

199 4282 449 4353 Χριστοῦ
498 4282 810 4354 ὲξεφώνησε
860 4284 1039 4354 λόγον.
1092 4285 1423 4357 Ἐρωτηθεὶς
1452 4287 1582 4357 ’γὰρ
1636 4286 1791 4357 παρὰ

198 4374 317 4428 τῶν
350 4376 546 4429 ἑαυτοῦ
576 4378 887 4448 προπὸλων,
925 4378 1287 4447 ἀποκρίνεται
1310 4371 1413 4431 ὧδε
1433 4395 1448 4409 ο

197 4467 305 4537 Μὴ
334 4468 557 4537 ὄφελες
598 4471 877 4540 πύματόν
893 4487 972 4540 με
1002 4471 1099 4524 καὶ
1128 4470 1396 4525 ὕστατον
1422 4470 1786 4539 ἐξερέεσθαι,

195 4600 461 4673 Δύσμορ’
494 4599 656 4673 ῥμῶνξ
674 4605 1018 4670 προπόλων,
1056 4605 1190 4673 περὶ
1216 4604 1568 4658 θεσπεσίοιο
1608 4603 1784 4668 θεοῖο,

197 4671 317 4746 Kal
346 4670 566 4746 πνοιῆς
588 4672 700 4739 τῆς
729 4672 926 4746 πάντα
943 4677 1115 4746 πέριξ
1128 4670 1475 4746 Βοτρυηδύν
1498 4673 1785 4746 ἐχούσης,

202 4742 428 4814 Τείρεα,
445 4740 900 4814 φῶς-,ποταμοὺς
913 4740 1029 4800 κτιῖ
1040 4740 1354 4814 Τάρταρον,
1374 4744 1519 4812 ἠέρα
1532 4740 1630 4797 eral
1644 4744 1784 4811 πῦρ,

292 4829 369 4887 ge
388 4813 486 4887 real
507 4815 619 4887 ρὺκ
651 4812 939 4887 ἐθέλοντα
967 4812 1167 4887 δόμων
1186 4812 1307 4871 ἀπὸ
1336 4814 1525 4887 τῶνδε
1549 4814 1744 4869 διώκει
1768 4832 1783 4845 ’

300 4881 370 4955 δὲ
395 4882 522 4951 ἐμοὶ
548 4883 846 4955 τριπρδων
864 4888 954 4940 ἐτι
980 4881 1223 4941 λείπετο
1246 4886 1570 4955 ἠριγένεια,

1973 3540 2064 3596 46.
2106 3539 2187 3597 Ad
2211 3540 2342 3612 quid
2362 3550 2547 3596 autem
2582 3540 2700 3597 haec
2726 3539 2892 3595 dico?
2915 3539 3197 3596 Christum
3229 3553 3259 3594 a
3283 3538 3486 3596 smculo

1902 3634 2184 3706 prophetat
2214 3634 2675 3705 praenuntiarunt,
2707 3642 2770 3689 ut
2803 3642 2861 3689 tu
2896 3634 3017 3704 ipse
3062 3632 3271 3704 optime
3315 3631 3482 3689 nosti.

1899 3726 1969 3780 Et
2021 3727 2194 3780 multa
2224 3736 2356 3781 sunt
2389 3726 2458 3780 de
2491 3725 2613 3796 ejus
2655 3726 2897 3781 adventu
2959 3725 3281 3780 testimonia
3314 3724 3484 3779 etiam

1897 3834 2116 3882 eorum,
2143 3820 2237 3888 qui
2263 3833 2295 3872 a
2320 3817 2479 3874 vobis
2508 3818 2795 3884 coluntur,
2831 3816 3096 3882 deorum;
3130 3816 3314 3871 multa:
3346 3832 3486 3885 quo-

1899 3927 2006 3981 qne
2025 3911 2374 3966 oraculorum
2404 3909 2807 3981 przrdictiones,
2823 3910 3026 3983 quibus
3045 3909 3345 3964 concinunt
3360 3908 3487 3965 ΙΙ)τί

1901 4000 2178 4073 Sibyllini,
2212 4016 2316 4055 nec
2348 4016 2459 4055 non
2494 4000 2711 4071 Virgilii
2759 3999 2996 4056 Romani
3042 4000 3310 4066 carmina,
3363 4015 3486 4070 qua!

1900 4108 1997 4149 vos
2044 4092 2296 4147 Bucolica
2330 4092 2644 4162 appellatis.
2683 4092 2800 4147 lmo
2848 4100 2902 4148 et
2933 4095 3048 4161 ipse
3080 4092 3224 4162 apud
3260 4106 3357 4147 vos
3388 4091 3487 4145 ad-

1898 4184 2181 4240 mirandus
2206 4184 2423 4254 Apollo,
2477 4199 2772 4253 supremus
2821 4183 3105 4251 fatidicus,
3166 4182 3480 4251 hujusmodi

1896 4278 1965 4334 de
1993 4276 2221 4332 Christo
2258 4276 2491 4347 protulit
2520 4290 2873 4333 sermonem:
2923 4277 3297 4348 interrogatus
3334 4276 3480 4332 enim

1896 4385 1926 4425 a
1955 4369 2224 4425 ministris
2248 4369 2368 4425 suis
2412 4368 2492 4425 sic
2523 4370 2806 4439 respondit
2832 4388 2847 4425 :

1899 4459 2024 4515 Non
2048 4459 2321 4528 oportebat
2349 4475 2430 4513 me
2456 4459 2514 4513 iu
2540 4460 2794 4518 extremis
2822 4469 3117 4514 versantem
3147 4459 3366 4529 (1546)
3394 4459 3481 4513 iu-a

3065 4542 3334 4595 terrogare
3359 4575 3372 4595 ,

3041 4529 3334 4602 [terrogare
3359 4575 3372 4595 ,

1897 4602 2199 4658 Miseramli
2226 4599 2491 4663 ministri,
2538 4598 2603 4653 de
2638 4598 2746 4654 Deo
2772 4601 2861 4670 qui
2897 4601 2961 4654 de
3006 4602 3132 4655 melo
3172 4601 3477 4664 descendit,

1901 4675 1968 4728 Et
1997 4675 2191 4743 spiritu
2228 4672 2320 4740 qui
2347 4671 2527 4743 omnia
2557 4671 2755 4743 circum
2793 4680 2850 4723 ut
2882 4670 3062 4726 botrus
3091 4672 3475 4743 complectitur.

1895 4741 2061 4798 Astra
2082 4786 2096 4809 ,
2131 4744 2300 4798 lucem
2322 4782 2338 4804 ,
2366 4741 2556 4809 ﬂuvios
2587 4749 2637 4812 et
2666 4741 2959 4795 Tartarum
2982 4784 2996 4801 .
3024 4759 3173 4805 nera,
3195 4753 3244 4796 et
3269 4742 3475 4812 ignem,

1896 4815 2000 4880 Qui
2033 4833 2114 4869 me
2139 4816 2299 4868 etiam
2327 4812 2549 4864 invitum
2581 4811 2646 4864 ub
2669 4812 2870 4865 wdibus
2900 4814 3021 4867 istis
3044 4811 3310 4881 propellit.

1896 4886 2032 4939 Mihi
2054 4896 2230 4940 autem
2253 4881 2371 4936 sola
2389 4881 2659 4949 tripodum
2678 4899 2817 4935 nunc
2832 4886 3089 4949 remapsit
3105 4898 3305 4936 aurora
3329 4881 3375 4948 (1
3388 4881 3480 4949 '7);

184 4952 283 5041 Ant:
299 4952 482 5041 alapa:
498 4952 792 5041 rolapdec:
810 4957 1253 5041 στοναχγζσατε,
1271 4952 1452 5041 ρτχςθ
1468 4956 1792 5036 Ἀποέλὼν.

1906 4955 1951 5041 fi
1957 4959 2004 5010 ei
2017 4957 2038 5009 .'
2050 4957 2140 5039 .ltei
2155 4956 2175 5007 .'
2198 4970 2299 5015 me,
2328 4952 2581 5034 tripodes,
2613 4953 2799 5020 deﬂete
2814 4954 3247 5041 :lefcsti'uctuslest
3266 4953 3477 5034 pollo.

197 5022 421 5095 Olzet’,
444 5024 574 5095 ἐπεὶ
599 5026 825 5091 ,βροτός
850 5045 929 5095 με
950 5022 1217 5092 βιᾶζεται
1247 5022 1528 5093 οὐράνιος
1554 5027 1683 5095 φῶς
1702 5042 1717 5056 °

193 5093 310 5147 Kal
332 5096 367 5147 ό
389 5092 598 5149 παθὼν
629 5095 775 5163 Θεός
794 5092 947 5164 ἐστι,
968 5099 1153 5155 καὶού
1171 5092 1382 5166 θεότὴς
1396 5092 1589 5151 πείθεὸ·
1610 5095 1785 5167 αὐτή.

269 5227 292 5258 ⁸
325 5225 466 5284 Dan.
500 5244 584 5298 Ill,
619 5228 709 5285 18.

1905 5024 2242 5087 Exstinctus,
2260 5023 2513 5092 quoniam
2529 5024 2605 5075 vir
2623 5039 2703 5076 me
2723 5024 2893 5091 perdit
2907 5023 3130 5078 caelestis
3149 5024 3345 5076 lumine
3359 5040 3475 5076 suo.

1903 5095 1972 5150 Et
1990 5098 2081 5168 qui
2101 5110 2294 5166 passus
2315 5101 2393 5148 est
2418 5092 2561 5148 Deus
2588 5103 2667 5146 est
2688 5135 2703 5160 ,
2729 5109 2820 5147 nec
2841 5095 3012 5149 deitae
3035 5110 3198 5163 passa
3220 5103 3299 5148 est
3319 5094 3458 5159 ipsa.

1711 5296 1942 5356 ΝΟΤιΕ.

269 5408 486 5479 (IS-16)
530 5410 597 5483 ln
626 5409 817 5465 Gneco
867 5412 1068 5481 legitur
1103 5429 1119 5466 :
1152 5411 1427 5483 ndpatdvi
1460 5414 1556 5466 καὶ
1597 5412 1773 5467 ὕστα-

189 5497 310 5541 τον,
330 5497 468 5551 qng:
494 5482 663 5535 ambo
694 5492 987 5536 extremum
1021 5482 1360 5551 signiﬁcant.
1394 5482 1551 5539 Εοιτ.

270 5550 379 5620 (l7)
410 5549 618 5624 Texttts
658 5552 738 5624 sic
768 5554 963 5624 habet:
991 5549 1265 5623 τριπόδων
1298 5553 1378 5605 ἔτι
1412 5554 1628 5606 λειπετο
1647 5555 1770 5624 ἠρι-

188 5618 404 5693 γένεια.
433 5652 505 5662 -
528 5621 842 5693 Ἠριγένεια
871 5618 1010 5693 (ἦρι,
1029 5618 1196 5677 ἠιαιιε
1222 5629 1278 5676 et
1308 5640 1461 5677 verno
1520 5618 1769 5693 tempore,

189 5691 480 5763 γίγνομαι)
514 5691 735 5761 proprie
758 5701 843 5748 est
871 5691 1156 5763 epitheton
1192 5694 1338 5761 quod
1387 5691 1648 5748 tribuitur
1670 5711 1774 5749 au-

191 5759 372 5834 rora:
396 5759 552 5817 Unde
577 5766 766 5825 etiam,
810 5772 868 5817 ut
894 5759 1005 5834 hic,
1047 5759 1341 5818 adhibetur
1364 5767 1430 5817 ad
1469 5764 1770 5834 designan-

188 5829 321 5905 dani
360 5830 535 5905 ipsam
558 5849 842 5887 auroram.
901 5833 1008 5888 Sed
1039 5836 1210 5905 quieri
1263 5843 1441 5905 potest
1495 5829 1623 5900 quid
1676 5853 1772 5905 ρμι·

191 5902 466 5969 tripodum
500 5919 757 5959 auroram
782 5902 1204 5976 intelligendum
1230 5902 1321 5962 sit.
1373 5903 1514 5961 Puto
1541 5906 1627 5962 bis
1648 5902 1771 5963 vcr-

1887 5412 1972 5467 bis
1995 5413 2388 5481 antiquitatem
2418 5412 2698 5482 tripodum
2715 5411 2971 5482 exprimi,
2991 5426 3056 5466 ac
3078 5411 3123 5467 si
3146 5410 3426 5467 diceretur
3453 5420 3468 5465 τ

1886 5483 2112 5553 Antiqui
2141 5484 2382 5554 tripodes
2412 5501 2427 5548 ;
2456 5484 2701 5553 tripodes
2728 5482 2931 5552 quibus
2965 5483 3034 5537 ab
3064 5484 3307 5554 antiquis
3334 5492 3468 5537 tem-

1889 5555 2147 5624 poribus,
2202 5553 2256 5608 et
2302 5555 2463 5622 quasi
2524 5554 2594 5607 ab
2619 5568 2839 5624 iaurora
2898 5555 3113 5620 mundi,
3143 5554 3200 5607 in
3239 5553 3468 5609 edendis

1890 5623 2135 5678 oraculis
2169 5640 2303 5680 usus
2333 5641 2479 5679 sum.
2517 5654 2586 5665 —
2614 5623 2806 5679 Posset
2855 5638 3075 5694 quoque
3125 5624 3241 5678 haec
3293 5624 3467 5677 inter-

1878 5696 2136 5764 ‘prctatio
2171 5696 2445 5764 proponi:
2478 5694 2884 5749 Remanseruut
2916 5693 3047 5749 mihi
3078 5693 3341 5763 tripodes,
3368 5694 3465 5748 sed

1891 5765 2045 5819 omni
2077 5782 2174 5820 sua
2207 5767 2381 5835 gloria
2404 5781 2468 5817 ac
2502 5765 2706 5819 virtute
2734 5766 3009 5829 destituti,
3035 5776 3091 5818 et
3119 5770 3280 5835 prout
3301 5772 3463 5818 erant

1889 5836 1954 5887 ad
1980 5833 2250 5905 originem
2286 5837 2613 5905 (auroram).
2640 5837 2729 5889 ubi
2756 5837 2995 5888 nondum
3026 5850 3122 5904 per
3153 5833 3368 5905 fabulas
3399 5844 3458 5887 et

1885 5904 2319 5977 PraESliBia-Ssibi
2360 5906 2735 5963 celebritatem
2772 5910 3252 5975 comparaverant.
3279 5904 3349 5957 lo.
