4026 6410
546 467 683 536 1295

1984 455 2368 526 ADDENDA.

3678 440 3806 505 1296

611 589 706 642 47.
731 583 1035 656 Respondit
1061 583 1326 654 Apostata
1364 602 1378 640 :
1407 584 1550 641 Puto
1575 596 1660 655 te,
1684 600 1719 643 o
1747 586 1954 644 Artemi
1972 631 1989 656 ,
2016 597 2126 640 non

2305 577 2414 650 pC’.
2444 570 2771 628 ’Υπολαϐὼν
2801 568 2858 624 δὲ
2887 569 2916 623 ὁ
2944 565 3275 639 Παραϐάτης
3305 562 3412 635 ἔφη
3431 577 3445 591 ’
3483 561 3639 615 Δοκῶ
3651 579 3744 656 σε,
3766 558 3809 616 ὦ

543 681 740 736 ducem
783 679 840 733 in
873 677 1110 750 Egypto
1153 677 1365 744 fuisse,
1408 679 1506 735 sed
1556 688 1740 736 vatem
1784 680 2122 752 quemdam,

546 789 643 830 seu
678 771 865 842 potius
899 771 1231 827 sannionem
1272 780 1368 825 aut
1406 772 1915 830 circumforaneum
1953 774 2127 828 nebu-

546 867 728 918 lonem
758 903 774 928 ,
826 879 1036 917 annum
1086 863 1518 919 temulentarum
1573 866 2026 920 narratiunculas
2072 873 2130 919 et

545 955 766 1010 fabulas
796 964 1010 1011 veteres
1048 965 1213 1026 atque
1261 956 1580 1026 antiquatas
1615 957 2127 1012 circumferentem.

539 1047 602 1101 Et
642 1055 902 1118 martyr:
939 1045 1058 1101 Non
1096 1057 1283 1112 recte,
1316 1049 1528 1119 inquit,
1561 1048 1858 1119 jmlicasti,
1893 1049 2132 1119 impera-

536 1148 657 1202 tor,
697 1153 879 1209 neque
911 1148 968 1193 ut
1005 1148 1157 1194 tuam
1197 1140 1356 1197 decet
1389 1142 1720 1212 sapientiam
1754 1151 1809 1196 et
1842 1142 2130 1197 virtutem.

542 1229 620 1286 Ex
663 1230 774 1288 diis
810 1234 922 1287 tuis
952 1245 1040 1296 et,
1071 1249 1198 1304 quae
1227 1247 1385 1305 grata
1421 1235 1629 1300 habes,
1658 1235 2011 1291 documentis
2039 1237 2136 1291 de-

546 1325 994 1382 monstrationes
1029 1340 1165 1381 eruo
1189 1366 1204 1391 ,
1240 1334 1302 1380 ut
1336 1341 1402 1382 ex
1437 1327 1679 1396 cognitis
1714 1327 1903 1383 discas
1930 1328 2138 1383 verita-

553 1413 626 1470 tis
659 1417 1006 1486 mysterium.
1034 1414 1227 1488 Neque
1253 1418 1542 1474 existimes
1575 1433 1660 1474 me
1687 1419 1981 1490 gentilium
2013 1436 2138 1475 ver-

552 1503 640 1559 bis
670 1504 934 1560 delectari
965 1524 980 1574 ;
1020 1521 1146 1560 nam
1181 1507 1354 1561 oleum
1381 1509 1676 1576 peccatoris
1712 1525 1814 1564 non
1847 1510 2135 1581 impinguet

553 1605 718 1666 caput
775 1614 948 1653 meum
977 1599 1044 1666 ‘;
1083 1601 1177 1657 sed
1215 1600 1283 1656 de
1321 1601 1521 1656 anima:
1554 1611 1663 1657 tute
1702 1605 1884 1659 salute
1927 1607 2141 1661 solliei-

555 1695 686 1754 tus,
724 1703 944 1745 omnem
988 1707 1184 1746 moveo
1228 1693 1507 1762 lapidem,
1552 1702 1617 1749 ut
1656 1694 1760 1750 tibi
1799 1697 2011 1752 veritas
2051 1696 2143 1753 fiat

556 1797 847 1853 persuasa.
875 1781 994 1838 Meo
1019 1783 1242 1854 quidem
1269 1785 1521 1854 judicio,
1551 1787 2014 1858 quemadmodum
2045 1788 2144 1844 Sa-

554 1883 717 1930 tanas
747 1887 984 1931 veterem
1015 1877 1220 1943 Adam,
1250 1881 1486 1948 primum
1539 1891 1858 1950 parentem,
1896 1897 2143 1938 occaeca-

551 1967 635 2022 vit
678 1983 780 2038 per
817 1968 1252 2025 inobcdientiam
1291 1980 1344 2026 et
1384 1972 1600 2029 fructus
1637 1973 1795 2028 vetiti
1838 1977 2138 2031 comestio-

554 2075 680 2116 nem
704 2100 719 2122 ,
756 2061 831 2114 ita
865 2069 918 2117 te
950 2077 1207 2132 queque,
1247 2064 1577 2136 imperator,
1616 2075 1726 2121 tua:
1760 2067 1959 2124 salutis
1994 2068 2136 2124 invi-

554 2151 696 2218 dus,
731 2152 942 2209 Christi
981 2155 1088 2211 fide
1124 2157 1411 2226 spoliavit.
1447 2158 1604 2223 Quod
1642 2173 1773 2214 vero
1804 2161 1975 2216 solem
1998 2201 2014 2225 ,
2053 2162 2136 2216 lu-

555 2259 682 2299 nam
717 2255 771 2302 et
814 2254 965 2302 astra
995 2249 1128 2304 deos
1159 2250 1407 2320 appellas
1428 2290 1443 2315 ,
1491 2250 1660 2321 pudet
1695 2267 1782 2308 me
1811 2253 2142 2323 ignorantiae

553 2345 701 2404 tuae,
755 2355 852 2398 seu
898 2342 1077 2412 magis
1131 2343 1535 2412 improbitatis.
1565 2342 1754 2398 Nonne
1779 2344 2142 2416 Anaxagoras

553 2430 990 2498 Clazomenius,
1049 2440 1181 2489 tuus
1237 2433 1496 2488 videlicet
1555 2433 1840 2504 magister,
1900 2450 2140 2489 massam

556 2524 775 2596 igneam
807 2525 1005 2580 docuit
1042 2541 1168 2582 esse
1207 2527 1412 2593 solem,
1475 2533 1626 2580 astra
1676 2536 1862 2581 autem
1909 2541 2142 2597 corpora

555 2617 844 2685 pumicosa
875 2625 930 2673 et
959 2619 1145 2674 anima
1173 2620 1550 2691 sensibusque
1577 2635 1814 2691 prorsus
1840 2620 2145 2676 destituta?

557 2707 852 2774 Quomodo
891 2724 1023 2780 ergo
1063 2711 1204 2782 ipse,
1234 2711 1539 2782 imperator
1573 2711 1784 2781 optime
1823 2719 1878 2767 et
1919 2713 2146 2783 sapien~

559 2800 776 2856 tissime
800 2844 815 2866 ,
849 2817 972 2872 qua:
1003 2818 1034 2857 a
1073 2805 1355 2880 magistris
1386 2803 1500 2859 tuis
1533 2804 1900 2874 repudiantur
1923 2813 1978 2860 et
2011 2821 2148 2860 eon-

563 2902 884 2948 temnantnr
935 2895 1070 2950 deos
1116 2897 1481 2966 proclames?
1507 2895 1640 2952 Scio
1677 2897 1826 2952 enim
1867 2904 1921 2952 te
1958 2895 2147 2952 Plato-

561 2986 702 3040 nicae
728 2993 1049 3043 esse‘sectae
1075 3005 1092 3054 ;
1126 2997 1179 3042 et
1215 2987 1376 3043 Plato
1405 2989 1626 3060 quidem
1665 2989 1954 3046 Socratem
1984 2990 2150 3044 audi-

562 3079 666 3144 vit,
688 3078 955 3136 Socrates
981 3089 1164 3135 autem
1185 3081 1517 3138 Archelaum
1540 3100 1556 3150 ;
1579 3098 1749 3152 porro
1764 3084 2072 3140 Archelaus
2094 3094 2149 3139 ct

562 3170 806 3228 Pericles
841 3173 1184 3246 Anaxagorae
1217 3173 1508 3229 auditores
1560 3173 1804 3230 fuerunt.
1857 3176 2150 3242 Quomodo

562 3266 755 3336 igitur,
785 3264 1052 3336 princeps
1079 3264 1441 3330 admirande,
1470 3266 1576 3322 ista
1603 3265 1738 3322 deos
1761 3267 1937 3331 dicis,
1971 3277 2023 3323 et
2053 3285 2150 3324 su-
2178 3301 2223 3364 Ο

562 3371 664 3426 per
694 3357 885 3412 omnia
921 3358 1098 3412 solem
1133 3358 1422 3413 veneraris
1443 3398 1458 3423 ,
1491 3373 1733 3428 eumque
1758 3360 2148 3430 jusjurandum

564 3444 986 3516 imperatorium
1019 3447 1369 3503 constituis?
1397 3447 1512 3502 Cur
1539 3449 1790 3518 qualibet
1821 3450 2149 3514 occasione,

564 3537 684 3594 sive
720 3537 774 3592 in
807 3539 1096 3610 epistolis,
1132 3541 1255 3597 sive
1291 3541 1346 3596 in
1387 3541 1728 3612 colloquiis,
1764 3542 1884 3598 sive
1926 3544 1979 3598 in
2019 3558 2153 3599 con-

564 3630 865 3695 cionibus,
903 3633 1110 3702 sapius
1160 3648 1404 3704 usurpas
1442 3632 1744 3689 formulam
1779 3634 1884 3689 Per
1939 3637 2155 3692 solem?

567 3721 677 3777 Sed
717 3723 851 3794 quid
891 3732 1112 3794 oportet
1148 3725 1229 3780 sie
1271 3727 1582 3796 producere
1632 3729 1999 3784 sermonem?
2033 3727 2152 3784 Non

567 3814 768 3885 abjuro
812 3816 1100 3872 Christum
1157 3833 1375 3883 meum,
1434 3820 1620 3876 absit!
1679 3837 1790 3877 non
1847 3823 2157 3892 amplector

567 3905 962 3962 detestabilem
1003 3907 1293 3977 gentilium
1337 3907 1706 3981 impietatem.
1752 3908 1951 3965 Maneo
1989 3910 2044 3964 in
2088 3912 2156 3967 iis

567 4013 694 4069 quae
725 3997 964 4054 edoctus
998 4013 1120 4055 sum
1143 4040 1158 4065 ,
1192 4007 1247 4055 et
1282 4015 1584 4071 persevero
1615 4002 1668 4057 in
1700 4002 1947 4073 paternis
1984 4001 2158 4057 tradi-

566 4089 842 4153 tionibus,
868 4105 1012 4162 quas
1035 4090 1250 4146 nullum
1281 4099 1500 4163 tempus
1523 4093 1746 4164 dejiciet
1766 4135 1780 4159 ,
1804 4093 2026 4149 etiamsi
2059 4108 2157 4149 su-

566 4180 738 4235 blime
767 4180 899 4251 quid
941 4195 1161 4236 summa
1202 4181 1514 4262 detegerint
1553 4183 1837 4255 ingenia,,
1877 4191 1936 4237 ut
1969 4183 2158 4238 dicam

567 4272 781 4344 aliquid
813 4288 938 4329 eum
961 4281 1150 4330 vestro
1182 4284 1344 4345 poeta
1377 4274 1664 4347 Euripide.

637 4366 732 4420 48.
774 4366 856 4421 Ad
886 4365 1005 4422 haec
1032 4367 1200 4422 verba
1225 4364 1482 4423 Julianus
1507 4366 1864 4437 stupefactus
1893 4372 1949 4422 et
1976 4367 2161 4422 incer-

563 4467 662 4515 tus
689 4459 824 4531 quid
874 4467 1102 4531 ageret,
1154 4461 1320 4530 plane
1371 4461 1682 4526 obmutuit,
1735 4461 2003 4533 martyris
2061 4461 2160 4517 ad-

567 4551 802 4606 miratus
837 4567 1093 4623 magnam
1118 4553 1497 4608 eruditionem
1530 4562 1585 4608 et
1614 4553 1996 4624 eloquentiam
2027 4593 2042 4619 ,
2074 4562 2162 4608 at-

2241 669 2522 741 Ἀρτέμιε,
2551 668 2614 720 ού
2646 663 2955 737 στρατηγὸν
2985 663 3044 714 ὲν
3075 658 3342 728 Αἰγύπτῳ
3379 654 3809 727 παραγενέσθαι,

2228 763 2369 820 ἀλλά
2399 759 2783 833 χρησμολόγον
2805 755 2949 820 τινὰ,
2991 753 3195 826 μᾶλλον
3223 752 3279 805 δὲ
3313 748 3630 820 βωμολόχον
3654 748 3686 819 ἢ
3714 749 3811 818 μὴν

2230 855 2500 925 ἀγύρτην,
2536 851 2632 904 καὶ
2677 848 2868 921 γραῶν
2908 843 3376 913 κωθωνιζομένων
3427 839 3690 910 λογύδρια
3726 840 3812 892 καὶ

2237 946 2441 1018 μύθους
2508 942 2773 1004 παλαιοὺς
2814 939 2911 994 καὶ
2961 935 3346 1008 γεγηρακότας
3374 934 3808 1018 Ᾱὲπισυνάγοντα.

2235 1016 2344 1091 Καὶ
2370 1038 2398 1090 ὁ
2417 1034 2628 1106 μάρτυς
2652 1050 2666 1064 ο
2693 1031 2769 1085 Οὐ
2795 1028 2979 1092 καλῶς
3007 1026 3343 1098 ὑπείληφας,
3364 1016 3411 1076 ὦ
3435 1021 3685 1094 βασιλεῦ,
3702 1024 3813 1075 οὐξι

2234 1130 2334 1198 τῆς
2363 1128 2463 1198 σῆς
2504 1125 2701 1195 σοφίας
2739 1123 2835 1176 καὶ
2883 1119 3090 1192 ἀρετῆς
3130 1118 3453 1170 ἰσοστάσιαο
3486 1117 3550 1168 ἐκ
3579 1115 3687 1167 τῶν
3715 1115 3811 1166 σῶν

2236 1221 2293 1274 δὲ
2314 1219 2455 1273 θεῶν
2479 1219 2574 1271 καὶ
2603 1217 2713 1269 τῶν
2737 1232 2822 1268 σοι
2846 1210 3170 1285 προσφιλῶν
3195 1208 3542 1280 μαθημάτων
3565 1205 3812 1275 ποιοῦμαι

2237 1315 2338 1376 τὰς
2378 1307 2709 1374 ἀποδείξεις,
2755 1307 2826 1360 ἵν’
2877 1307 2942 1357 ἐκ
2974 1303 3084 1357 τῶν
3123 1317 3208 1354 σοι
3256 1297 3557 1369 γνωρίμων
3619 1296 3680 1348 τὸ
3727 1295 3813 1364 τῆς

2239 1403 2502 1473 ἀληθείας
2536 1401 2730 1472 μάθοις
2768 1397 3093 1468 μυστήριον,
3141 1392 3240 1446 καὶ
3286 1391 3363 1461 μή
3417 1405 3486 1461 με
3515 1387 3676 1460 δόξῃς
3717 1389 3814 1450 τοῖς

2243 1495 2399 1570 [ὖῖη
2427 1495 2538 1549 τῶν
2584 1493 2866 1564 Ἑλλήνων
2914 1482 3428 1557 ἐγκαλλωπίζεσθαι
3465 1483 3711 1553 ῥήμασι·
3747 1481 3815 1552 μή

2247 1588 2304 1642 δὲ
2332 1589 2441 1658 γὰρ
2473 1586 2654 1640 ἔλαιον
2699 1579 3032 1653 ἀμαρτωλοῦ
3079 1578 3181 1648 τὴν
3213 1575 3355 1647 ἐμὴν
3403 1573 3693 1628 λιπανάτω
3731 1590 3815 1626 κε-

2245 1678 2445 1750 φαλὴν,
2482 1675 2622 1732 ἀλλά
2649 1676 2749 1747 τῆς
2778 1679 2878 1747 σῆς
2908 1675 3209 1746 κηδόμενος
3249 1673 3496 1744 ψυχικῆς
3531 1671 3815 1743 σωτηρίας,

2245 1773 2382 1825 κινῶ
2408 1772 2584 1826 πάντα
2600 1770 2750 1823 λίθον
2766 1769 2906 1823 ὥστε
2935 1765 3226 1837 πεισθῆναί
3254 1783 3337 1822 σε.
3356 1762 3817 1835 ’Υπολαμϐἀνωδὲ

2248 1869 2330 1921 ὅτι
2370 1867 2560 1938 ὥσπερ
2589 1869 2617 1921 ὁ
2650 1867 2900 1931 Σατανᾶς
2939 1867 3034 1920 τὸν
3060 1866 3293 1920 παλαιὸν
3332 1863 3509 1933 ’Δδάμ
3549 1862 3646 1915 καὶ
3679 1877 3818 1931 πρω-

2243 1961 2544 2015 τόπλαστον
2564 1961 2924 2029 ἀπετύφλωσε
2940 1960 3030 2014 διά
3059 1961 3159 2032 τῆς
3175 1957 3469 2030 παρακοῆς
3491 1958 3587 2010 καὶ
3615 1955 3714 2024 τῆς
3732 1953 3817 2007 τοῦ

2247 2053 2414 2122 φυτοῦ
2445 2052 2720 2124 βρώσεως,
2747 2051 2893 2106 οὕτω
2911 2053 3008 2107 καὶ
3025 2052 3105 2112 σὲ.
3124 2051 3370 2122 βασιλεῦ,
3396 2049 3612 2120 φθονῶν
3623 2051 3717 2119 τῆς
3734 2047 3820 2114 σῆς

2249 2145 2548 2217 σωτηρίας,
2575 2145 2673 2216 τῆς
2692 2145 2786 2198 τοῦ
2804 2144 3046 2216 Χριστοῦ
3065 2143 3437 2214 ἀπεγύμνωσε
3460 2141 3730 2201 πίστεωςο
3748 2137 3818 2191 δτι

2247 2237 2304 2292 δὲ
2327 2236 2416 2292 τὸν
2435 2236 2584 2308 ἦλιον
2610 2239 2705 2292 καὶ
2733 2237 2965 2308 σελήνην
2987 2236 3083 2292 xal.
3106 2237 3234 2300 τοὺς
3253 2235 3494 2307 ἀστέρας
3513 2232 3676 2295 θεοὺς
3699 2232 3820 2285 ἀπο-

2251 2329 2456 2394 καλεῖς,
2493 2329 2820 2400 αξσχύνομαι
2851 2330 2911 2384 τὸ
2939 2331 3039 2401 τῆς
3059 2328 3324 2398 ἀμαθίας,
3341 2325 3541 2400 μᾶλλον
3584 2325 3646 2379 δὲ
3674 2339 3818 2378 κακο-

2250 2421 2465 2487 ϐουλίας
2477 2423 2822 2493 ἐπάγγελμαο
2841 2422 2962 2493 οὐχὶ
2989 2421 3360 2492 Ἀναξαγόρας
3381 2423 3409 2473 ὁ
3423 2416 3786 2488 Κλαζομένιος
3797 2418 3823 2469 ὁ

2249 2516 2448 2588 δηλαδὴ
2474 2518 2564 2581 ab;
2579 2516 2918 2581 διδάσκαλος,
2943 2516 3145 2590 μύδρον
3166 2516 3273 2587 ἔφη
3288 2514 3380 2568 τὸν
3403 2514 3577 2586 ἣλιον,
3597 2515 3695 2567 καὶ
3711 2513 3820 2574 τοὺς

2250 2609 2489 2680 ἀστέρας
2532 2611 2886 2684 κισσηροειδῆ
2923 2610 3181 2682 σώματα’,
3207 2610 3305 2664 καὶ
3348 2606 3636 2670 παντελῶς
3662 2605 3822 2674 ἀψυχα

2255 2702 2347 2756 καὶ
2371 2701 2711 2772 ἁναίσθητα;
2750 2703 2868 2767 πῶς
2895 2698 2988 2757 οὖν
3011 2702 3198 2765 αὐτὸς,
3219 2700 3484 2772 βασιλέων
3507 2699 3701 2770 ἄριστε
3742 2696 3822 2748 καὶ

2252 2795 2688 2866 φιλοσοφώτατε,
2719 2796 2790 2850 τά
2816 2797 2922 2850 ὑπὸ
2954 2796 3068 2850 τῶν
3097 2796 3207 2850 σῶν
3235 2795 3581 2849 διδασκάλων
3612 2790 3822 2846 ἀθετούο

2257 2905 2396 2960 μενα
2423 2890 2517 2942 καὶ
2545 2887 2967 2959 διαϐαλλόμενα.
3005 2887 3167 2952 θεοὺς
3211 2883 3687 2959 προσαγορεύεις;
3720 2876 3826 2936 οῖδα

2254 2980 2364 3054 γάρ
2409 2979 2492 3035 ὅτι
2543 2981 2643 3052 τῆς
2695 2981 3055 3050 Πλατωνικῆς
3099 2981 3373 3052 ὑπάρχεις
3410 2976 3703 3048 αἱρέσεως,
3741 2973 3825 3027 καὶ

2259 3073 2482 3127 Πλάτων
2552 3074 2652 3144 μὲν
2708 3073 3038 3144 Σωκράτους
3085 3073 3345 3143 διήκουσε
3378 3115 3393 3137 ,
3433 3069 3735 3139 Σωκράτης
3777 3065 3827 3119 δὲ

2270 3165 2589 3236 Ἀρχέλαου.
2625 3165 2920 3236 Ἀρχέλαος
2945 3165 3002 3219 δὲ
3034 3165 3129 3218 xui.
3158 3162 3433 3234 Περικλῆς
3471 3159 3826 3229 Ἀναξαγόρου

2256 3257 2579 3328 διήκουσαν·
2610 3260 2728 3322 πῶς
2769 3257 2886 3321 οὖν,
2921 3248 2969 3310 ὦ
3002 3256 3307 3326 θαυμάσιε,
3343 3253 3520 3309 ταῦτα
3559 3267 3827 3324 προσαγο-

2257 3350 2437 3422 ρεύεις
2466 3351 2645 3415 θεοὺς,
2681 3349 2823 3421 ὑπὲρ
2851 3350 2910 3403 δὲ
2957 3351 3165 3412 πάντας
3195 3347 3469 3411 ἀσπάζεις
3516 3346 3614 3398 τον
3665 3345 3826 3414 ἥλιον,

2253 3445 2350 3498 καὶ
2367 3445 2532 3516 ὅρκον
2561 3444 2723 3497 αὑτὸν
2745 3443 3018 3515 βασίλειον
3046 3442 3298 3507 τίθεσαι;
3329 3441 3443 3494 ἀνω
3471 3455 3528 3491 τε
3553 3438 3658 3492 καὶ
3688 3436 3827 3490 κάτω

2253 3536 2358 3590 κάν
2383 3539 2504 3599 ταῖς
2534 3538 2868 3599 ἐπιστολαῖς,
2895 3537 2998 3590 κάν
3025 3537 3137 3597 τοῖς
3157 3533 3361 3601 λύγοις,
3389 3533 3492 3585 κάν
3516 3532 3643 3592 ταῖς
3670 3543 3825 3598 προσ-

2254 3627 2604 3700 αγορεύσεσι,
2658 3627 2794 3682 πολὺ
2846 3627 2908 3682 τὸ
2943 3625 3041 3680 Μὰ
3068 3624 3174 3678 τὸν
3207 3624 3422 3694 ἣλιωη
3461 3620 3628 3676 Ἀλλὰ
3671 3621 3724 3672 τί
3758 3617 3830 3671 δεῖ

2253 3719 2427 3775 ταῦτα
2467 3721 2881 3792 μακρηγορεῖν;
2943 3719 3048 3773 οὐκ
3095 3717 3438 3788 ἐξαρνοῦμαι
3482 3714 3571 3768 τὸν
3606 3711 3828 3784 Χριστόν

2261 3831 2386 3884 μου,
2421 3813 2494 3883 μὴ
2509 3813 2754 3881 γένοιτοί
2781 3812 2881 3865 οὐκ
2913 3809 3235 3882 ἀσπάζομαι
3258 3810 3360 3880 τὴν
3382 3807 3634 3880 μυσαράν
3664 3803 3830 3872 Ἑλλή-

2257 3920 2364 3955 νων
2389 3902 2646 3956 ἀσέϐειαν
2670 3918 2685 3934 ο
2713 3901 2852 3956 ἀλλά
2885 3901 3032 3974 μενῶ
3059 3903 3116 3955 ὲν
3139 3895 3220 3965 οἷς
3243 3900 3552 3971 ἐδιδάχθην,
3581 3897 3684 3952 καὶ
3708 3911 3827 3966 καρ-

2258 3992 2405 4064 τερῶ
2456 3993 2550 4046 ἐπὶ
2601 3994 2722 4057 ταῖς
2774 3994 3037 4064 πατριαῖς
3094 3991 3500 4062 παραδόσεσιν,
3550 3989 3618 4052 ἃς
3672 3987 3827 4050 οὖδεξ

2261 4085 2564 4144 καταϐαλεῖ
2588 4087 2801 4158 χρόνος,
2833 4086 2937 4140 κᾶν
2982 4087 3032 4140 εἰ
3065 4086 3132 4140 δι’
3161 4087 3350 4157 ἄκρων
3379 4086 3442 4139 τὸ
3476 4083 3639 4154 σοφὸν
3679 4079 3824 4151 ἐφεύ-

2263 4198 2426 4253 ρηται
2457 4179 2695 4251 φρενῶν,
2724 4179 2796 4235 ἵν’
2829 4178 2966 4236 εἴπω
3000 4197 3054 4233 τι
3108 4180 3233 4233 κατ’
3263 4177 3560 4250 Εὐριπίδην
3584 4177 3678 4228 τὸν
3706 4173 3826 4244 ύμὲ-

2260 4290 2421 4346 τερον
2444 4274 2700 4344 ποιητήν.

2335 4366 2448 4438 μη⁰.
2481 4367 2628 4439 Πρὸς
2659 4365 2837 4420 ταῦτα
2875 4369 2904 4420 ὁ
2949 4363 3235 4427 Ἰουλιανὸς
3266 4362 3604 4432 εξλιγγιάσας
3632 4361 3725 4415 καὶ
3752 4357 3826 4422 ἐξ·

2263 4458 2563 4531 ἀπορηθεὶς
2594 4458 2787 4531 [578],
2831 4459 2932 4512 ούκ
2978 4455 3126 4528 εἶχεν
3173 4457 3202 4511 ὃ
3248 4473 3301 4510 τι
3332 4456 3430 4508 καὶ
3459 4454 3707 4524 γένηται,
3743 4450 3826 4504 τοῦ

2267 4551 2545 4624 μάρτυρος
2584 4552 2872 4622 θαυμάσας
2895 4551 2956 4602 τὸ
2997 4548 3314 4618 πολυμαθές
3345 4565 3404 4600 τε
3446 4545 3541 4600 καὶ
3580 4543 3827 4613 εὔστομον

568 4657 677 4712 que
727 4643 781 4697 in
839 4642 1235 4713 respondendo
1286 4654 1342 4701 et
1391 4645 1749 4701 defendendo
1801 4645 2148 4702 facilitatem.

2266 4648 2362 4702 καὶ
2407 4645 2542 4719 πρὸς
2582 4647 2691 4700 πᾶν
2722 4642 2816 4698 οὖν
2864 4644 3087 4714 ἕτοιμον
3143 4643 3239 4696 καὶ
3285 4637 3825 4708 εύαπολόγητον.1ἱαὶ

569 4732 724 4788 Dixit
753 4749 892 4806 ergo
919 4735 968 4789 ei
996 4733 1208 4789 Christi
1245 4745 1461 4809 martyr
1491 4737 1764 4792 :‘Dimitte
1784 4776 1800 4804 ,
1837 4738 2162 4822 imperator,

565 4834 847 4882 mortuam
889 4835 945 4880 et
982 4827 1336 4897 antiquatam
1379 4829 1670 4900 gentilium
1708 4831 2162 4900 superstitionem

567 4919 738 4990 (nam
772 4918 868 4976 diu
898 4919 1014 4990 jam
1051 4923 1266 4992 putruit
1294 4924 1350 4993 ),
1388 4931 1444 4981 et
1479 4925 1684 4982 accede
1716 4927 1786 4980 ad
1821 4927 2113 4982 Christum
2145 4945 2160 4995 ;

565 5013 907 5085 longanimis
947 5017 1098 5070 enim
1144 5026 1231 5073 est
1269 5025 1322 5073 et
1366 5019 1722 5085 misericors,
1765 5035 1832 5077 ae
1877 5023 2162 5092 paeniten-

564 5105 698 5158 tiam
727 5113 880 5161 tuam
910 5109 1207 5179 suscipiet.
1252 5110 1358 5166 Sed
1393 5110 1509 5167 fieri
1538 5127 1646 5167 non
1676 5119 1894 5184 poterat
1924 5123 1985 5169 ut
2015 5130 2162 5171 mar-

565 5205 654 5266 tyr
685 5199 885 5256 mentis
917 5215 1200 5271 perversa:
1235 5201 1464 5272 impetui
1493 5205 1776 5260 resisteret
1803 5223 1818 5270 ;
1853 5213 1950 5260 aut
2000 5221 2161 5262 revo-

567 5293 721 5341 caret
745 5289 991 5346 animam
1038 5307 1141 5346 sua
1180 5302 1380 5363 sponte
1425 5293 1493 5348 ad
1535 5293 1906 5364 perditionem
1932 5305 2153 5351 euntem

565 5392 630 5432 ac
656 5377 1031 5439 festinantem.
1060 5385 1196 5440 Nam
1219 5383 1478 5441 Julianus
1499 5428 1514 5449 ,
1538 5385 1746 5441 dudum
1773 5388 2150 5458 gentilismum

567 5470 754 5526 animo
786 5472 994 5537 fovens,
1019 5476 1281 5532 haustmu
1314 5493 1380 5532 ex
1436 5477 1554 5533 suis
1584 5477 1639 5532 in
1702 5478 1855 5533 lonia
1884 5494 2009 5533 eum
2043 5479 2154 5532 Ma-

567 5562 719 5618 ximo
743 5564 1070 5637 phi|050pho
1098 5571 1420 5640 colloquiis,
1447 5571 1696 5643 quandiu
1725 5572 1948 5643 quidem
1979 5571 2151 5627 frater

568 5671 708 5713 suus
738 5657 1050 5728 superfuit,
1087 5671 1142 5717 et
1181 5671 1308 5733 post
1352 5664 1532 5734 ipsum
1579 5664 1977 5730 Constantius,
2011 5664 2146 5720 nihil

568 5749 910 5819 praetimere
937 5765 1130 5807 eorum
1157 5768 1334 5812 ausus
1360 5763 1447 5812 est
1472 5756 1753 5831 detegere.
1779 5757 1994 5827 Quibus
2020 5771 2150 5815 vero

643 5926 667 5961 ⁸
685 5924 831 5984 Psal.
859 5942 984 5994 XLV,
1017 5927 1076 5986 5.

2267 4741 2432 4812 φησὶν
2463 4739 2600 4811 πρὸς
2632 4737 2794 4793 αὑτὸν
2817 4738 2847 4790 ὁ
2884 4737 2978 4790 τοῦ
3006 4734 3245 4807 Χριστοῦ
3290 4735 3504 4805 μάρτυς
3523 4749 3538 4762 ⁸
3570 4732 3758 4798 Ἀερεςς
3786 4721 3826 4779 ὦ

2268 4834 2512 4906 βασιλεῦ,
2539 4833 2637 4906 τὴν
2677 4833 2880 4904 νεκράν
2925 4829 3021 4883 καὶ
3067 4827 3406 4898 ὲξωδηκυῖαν
3438 4824 3548 4879 τῶν
3579 4823 3825 4892 Ἑλλήνων

2266 4925 2566 4997 θρησκείαν
2587 4939 2598 4953 ’
2653 4924 2755 4996 ἠδη
2801 4923 2912 4993 γὰρ
2942 4921 3036 4974 καὶ
3067 4920 3175 4991 πρὸ
3221 4917 3420 4972 πολλοῦ
3457 4918 3711 4987 σέσηπεν,
3743 4912 3826 4966 καὶ

2264 5016 2532 5090 πρόσελοε
2576 5015 2655 5086 τῷ
2693 5013 2955 5085 Χριστῷ’
2999 5010 3355 5084 μακρὸθυμος
3403 5011 3515 5080 γάρ
3558 5012 3697 5062 ἐστιν
3740 5005 3823 5058 καὶ

2265 5107 2651 5180 φιλάνθρωπος
2696 5106 2792 5160 καὶ
2835 5105 3054 5176 δέχεταί
3089 5120 3185 5156 σου
3226 5102 3286 5155 τὸ
3328 5099 3640 5172 μεταμελές
3688 5093 3820 5169 [cod.

2264 5200 2632 5274 πλημμελές].
2678 5201 2820 5253 Ἀλλ’
2850 5199 2950 5253 οὐκ
2993 5193 3062 5270 ἦν
3093 5197 3200 5268 ἄρα
3236 5195 3466 5266 γνώμης
3491 5187 3824 5246 ὲθελοκακού-

2264 5312 2364 5364 σης
2407 5294 2678 5362 ἀντισχεῖν
2713 5291 2947 5362 ὁρμαῖς,
2997 5287 3119 5342 οὐδὲ
3169 5282 3614 5340 ἀνακαλέσασθαι
3665 5276 3824 5348 ψυχὴν

2260 5385 2546 5456 αὐτομόλῳ
2575 5383 2786 5453 διανοίᾳ
2807 5381 2944 5452 πρὸς
2969 5377 3246 5433 ἀπώλειαν
3273 5374 3578 5448 ἐρχομένην
3599 5370 3687 5425 καὶ
3720 5369 3825 5420 ἐπι-

2260 5477 2697 5533 σπεύδουσαν.’0
2713 5475 2822 5545 γὰρ
2852 5471 3139 5532 Ἰουλιανὸς
3170 5469 3338 5524 πάλαι
3367 5467 3460 5520 τὸν
3496 5459 3825 5532 Ἑλληνισμὸν

2257 5569 2402 5623 κατά
2434 5567 2615 5638 ψυχὴν
2660 5565 2892 5626 ὠδίνων,
2934 5563 3000 5615 ὲκ
3044 5559 3154 5614 τιὶιν
3205 5562 3262 5612 ὲν
3318 5557 3497 5627 Ἰωνεᾳ
3540 5552 3825 5624 γενομένων

2256 5661 2404 5731 αὐτῷ
2439 5659 2580 5732 πρὸς
2628 5658 2722 5711 τὸν
2772 5655 2917 5725 ἀμφὶ
2953 5654 3048 5707 τὸν
3081 5651 3337 5722 Μάξιμον
3383 5647 3671 5718 φιλόσοφον
3712 5657 3824 5732 <va-

2263 5730 2500 5818 ουσιῶν,
2521 5749 2608 5819 ἐφ’
2641 5749 2765 5803 ὅσον
2806 5746 2906 5818 μὲν
2939 5745 3029 5798 ὅτε
3060 5742 3290 5813 ἀδελφὸς
3319 5738 3471 5811 αὐτῷ
3509 5735 3719 5808 περιῆν,
3740 5730 3827 5785 καὶ
