4026 6400
211 418 349 487 1297

1457 422 1519 485 S.
1559 419 1885 483 ARTEMII
1922 420 2215 483 PASSIO.

3337 421 3504 489 1298‘

212 533 337 603 μετ’
383 529 548 586 αὐτὸν
596 528 998 597 Κωνστάντιος,
1053 531 1083 587 6
1127 532 1186 588 δὲ
1214 531 1366 587 οὐδὲν
1407 530 1801 604 παραγυμνοῦν

1916 530 1969 588 le
1994 532 2177 590 medio
2208 531 2480 599 sublatis,
2510 531 2762 603 ipsejam
2786 547 2971 589 rerum
3003 532 3249 604 potitus,
3282 549 3481 604 perso-~

207 622 454 696 ἐθάρρει,
486 620 577 676 διὰ
616 619 680 675 τδ
712 619 773 687 ἐξ
808 622 1035 679 ἐκείνων
1068 622 1214 689 δέος·
1267 623 1392 677 ἐπεὶ
1444 623 1503 678 δὲ
1540 619 1686 679 οὗτοι
1728 622 1791 691 ἐξ

1916 634 2025 674 tam
2057 620 2315 691 deposuit
2349 629 2406 677 et
2439 623 2589 678 omni
2624 624 2813 680 studio
2851 625 2908 681 in
2940 624 3262 683 universum
3298 626 3480 698 genti-

207 710 515 784 ἀνθρώπων
549 706 714 783 ἦσαν,
742 711 908 777 αὐτὸς
947 712 1007 768 δὲ
1045 713 1156 768 τῶν
1193 713 1536 787 πραγμάτων
1565 714 1665 787 ἢδη
1691 712 1791 769 κύ-

1899 714 2120 770 lismum
2160 714 2363 785 erupit.

209 818 326 874 ριος
364 796 457 873 ἦν,
498 801 623 857 τότε
673 801 740 875 δὴ
768 803 849 868 είς
881 802 945 858 τὸ
983 804 1223 877 φανερὸν
1266 805 1792 878 ἀπαμφιασάμενος,
1835 804 2040 871 πάσαις
2065 806 2261 876 ἁθρόον
2289 808 2369 871 είς
2391 806 2482 861 τὸν
2513 806 2866 879 Ἐλληνισμδν
2886 807 3160 885 ἐξερράγη
3182 811 3301 877 ταῖς
3357 827 3485 884 προ⁴

208 894 461 964 θυμίαις.

286 989 396 1060 μθ’.
442 989 805 1063 ’Δπεκρίνατο
845 990 1141 1061 τοιγαροῦν
1187 991 1326 1064 πρὸς
1368 991 1461 1048 τὸν
1505 991 1795 1065 μάρτυρασ

222 1082 280 1136 Ἐ
293 1083 379 1136 πελ.
408 1083 537 1146 τοὺς
582 1083 748 1153 ἐμοὺς
778 1082 1147 1153 ὲξεφαύλισας
1193 1085 1411 1153 λόγους,
1437 1083 1484 1141 ῶ
1528 1084 1675 1157 κακὴ
1703 1101 1799 1137 xe-

210 1174 383 1247 φαλὴ,
413 1169 721 1245 ἐτόλμησας
763 1174 821 1227 δὲ
872 1176 968 1229 xui
999 1176 1136 1246 πρὸς
1172 1176 1270 1248 τὴν
1311 1177 1419 1231 τῶν
1452 1176 1798 1250 Χριστιανῶν

214 1282 285 1337 με
318 1264 506 1317 πίστιν
550 1266 909 1335 μεταγαγεῖν,
941 1264 1119 1319 ταῦτά
1170 1282 1253 1318 σοι
1288 1267 1411 1319 ἀντὶ
1443 1265 1552 1320 τῶν
1579 1264 1798 1336 δωρεῶν

210 1350 289 1411 ὧν
322 1356 645 1427 ὑπεσχόμην
691 1355 1009 1428 χαρίζομαι.
1048 1355 1283 1410 Κελεύει
1314 1353 1407 1412 οὐν
1451 1354 1801 1428 ἀπογυμνοῦ-

215 1452 343 1506 σθαι
382 1450 475 1504 τὸν
510 1450 789 1522 μάρτυρα,
823 1450 921 1506 καὶ
970 1449 1227 1516 σούδλαις
1269 1450 1517 1522 σιδηραῖς
1550 1466 1801 1521 πεπυρα-

1975 989 2067 1046 49.
2111 988 2423 1060 Respondit
2463 989 2653 1060 itaque
2696 990 2929 1061 martyri
2964 1008 2979 1045 :
3013 989 3286 1057 Quoniam
3315 991 3487 1046 verba
3594 1034 3601 1041 .

1906 1097 2029 1138 mea
2059 1083 2454 1154 contempsisti
2475 1124 2492 1151 ,
2521 1097 2555 1137 ο
2582 1083 2915 1138 sceleratum
2945 1091 3110 1154 caput
3130 1122 3146 1149 ,
3176 1083 3289 1139 imo
3317 1099 3494 1140 ausus

1905 1188 1966 1230 es
1992 1174 2058 1228 ad
2090 1173 2545 1231 Christianorum
2575 1174 2735 1229 ﬁdem
2767 1189 2854 1229 me
2881 1174 3175 1229 traducere
3195 1212 3209 1237 ,
3244 1174 3361 1230 haec
3388 1174 3491 1230 tibi

1903 1280 2006 1335 pro
2040 1265 2202 1321 donis
2226 1304 2241 1330 ,
2271 1281 2394 1335 qua:
2430 1266 2796 1335 promiseram
2816 1306 2831 1330 ,
2862 1264 3132 1337 gratilieo.
3160 1264 3325 1321 Jubet
3358 1280 3494 1336 ergo

1906 1356 2175 1412 denudari
2210 1365 2533 1427 martyrem,
2554 1366 2609 1411 et
2636 1357 2850 1413 subulis
2886 1356 3083 1412 ferreis
3117 1357 3494 1411 candentibus

1906 1449 2028 1520 ejus
2062 1449 2233 1505 latera
2268 1449 2517 1520 transﬁgi
2544 1440 2715 1520 ,ejue
2756 1450 2986 1507 dorsum
3040 1450 3263 1507 tribulis
3309 1449 3494 1506 acutis

213 1547 527 1618 κτωμέναις
583 1545 682 1610 τὰς
715 1545 961 1619 πλευρὰς
1006 1546 1176 1601 αὐτοῦ
1226 1545 1676 1617 διαπερονᾶσθαι,
1707 1544 1801 1599 xui

1916 1539 2105 1613 pungi,
2138 1551 2192 1596 et
2225 1541 2502 1612 disrumpi
2558 1543 2822 1612 supinum
2866 1551 3237 1613 protractum.
3278 1542 3507 1609 Quibus.

212 1639 306 1694 τὸν
338 1640 508 1693 νῶτον
546 1638 711 1693 αὐτοῦ
744 1638 1019 1711 τριὸόλοις
1049 1638 1200 1707 ὀξέσι
1230 1637 1676 1694 κατακεντᾶσθαι
1708 1636 1803 1691 καὶ

1916 1632 2202 1704 suppliciis
2225 1632 2637 1703 quamprimum
2670 1633 2900 1702 martyri
2927 1633 3099 1690 illatis
3119 1676 3132 1696 ,
3157 1632 3351 1690 eadem
3377 1642 3496 1690 erat

212 1730 660 1802 διαρῤἠγνυσθαι
712 1730 1014 1803 συρόμενον
1068 1730 1280 1790 ὕπτιον.
1310 1730 1528 1785 Τούτων
1563 1729 1621 1783 δὲ
1666 1728 1806 1801 μετά

1916 1723 1959 1779 ei
1992 1724 2306 1780 constantia
2330 1764 2345 1791 ,
2380 1739 2506 1795 quae
2542 1724 2738 1795 prius;
2774 1734 2830 1781 et
2859 1726 3021 1797 quasi
3067 1727 3233 1782 alieni
3286 1728 3495 1785 doloris

214 1821 413 1875 πολλοῦ
452 1820 548 1875 τοῦ
577 1820 776 1893 τάχους
824 1821 1300 1892 προσενεχθέντων
1328 1820 1408 1894 τῷ
1459 1821 1739 1894 μάρτυρι,
1773 1822 1807 1892 ἡ

1916 1826 2191 1887 spectator
2218 1817 2443 1884 fuisset,
2471 1816 2611 1872 nihil
2639 1832 2807 1890 grave
2833 1818 2949 1888 pati
2973 1817 3288 1876 videbatur.
3311 1820 3496 1877 Multis

210 1914 357 1985 uoti;
373 1916 640 1986 καρτερία
661 1908 729 1986 ἦν
752 1912 903 1985 αὐτῷ
944 1913 1244 1987 καθώσπερ
1269 1915 1363 1969 xui
1390 1914 1680 1986 πρότερον,
1716 1914 1808 1967 xui

1916 1918 2091 1964 autem
2127 1907 2284 1965 horis
2320 1917 2519 1965 sancto
2557 1912 2851 1977 cruciate,
2887 1924 3068 1981 neque
3103 1911 3271 1966 ullam
3301 1927 3497 1968 vocem
3527 1954 3531 1959 η

214 2006 410 2079 ὥσπερ
446 2006 733 2080 ἀλλοτρίου
762 2006 1066 2078 πάσχοντος
1091 2005 1367 2079 σώματος,
1391 2006 1557 2071 αὐτὸς
1589 2005 1808 2077 θεατὴς,

1916 2009 2004 2054 aut
2028 2003 2297 2071 gemitum
2322 2001 2613 2058 emittente
2631 2041 2645 2068 ,
2668 1999 2931 2057 Julianus
2956 2018 3123 2058 manu
3149 2003 3373 2074 signum
3399 2003 3497 2061 de-

213 2099 332 2154 ἀλλ’
365 2099 427 2153 οὐ
484 2100 719 2171 πάσχειν
749 2116 803 2153 τι
845 2098 955 2153 τῶν
992 2097 1185 2154 δεινῶν
1219 2098 1373 2171 [579]
1414 2098 1807 2167 κατεφαίνετο·

1916 2092 2090 2163 ιιίιιιιι
2122 2093 2282 2165 quasi
2316 2094 2500 2150 victus
2535 2095 2783 2150 surrexit
2815 2109 2845 2148 a
2883 2095 3186 2163 tribunali,
3217 2097 3515 2170 iussitque

214 2194 312 2249 καὶ
343 2192 410 2267 δὴ
451 2194 546 2249 ἐπὶ
572 2194 798 2258 πολλαῖς
825 2196 946 2259 ταῖς
987 2193 1161 2267 ὥραις
1189 2193 1286 2248 τοῦ
1328 2194 1488 2264 ἁγίου
1519 2191 1805 2264 βασανιζο-

1916 2193 2212 2257 martyrem
2249 2186 2316 2241 ad
2346 2201 2632 2242 carcerem
2683 2186 2915 2254 reduci,
2965 2198 3021 2243 et
3073 2205 3254 2261 neque
3301 2206 3499 2263 panem

218 2286 407 2356 μένου,
446 2286 541 2341 καὶ
588 2284 864 2358 μηδεμίαν
893 2286 1082 2359 φωνὴν
1117 2286 1151 2359 ἢ
1182 2286 1488 2359 στεναγμὸν
1528 2284 1801 2355 ἀφιέντος,

1916 2293 2093 2349 neque
2122 2294 2323 2349 aquam
2349 2278 2397 2335 ei
2427 2278 2663 2351 praeberi
2684 2319 2700 2345 ,
2729 2295 2831 2336 nec
2858 2296 3205 2354 quaecunque
3231 2285 3301 2338 ad
3330 2283 3499 2338 vitam

214 2377 380 2442 αὐτὸς
398 2378 477 2432 τὼ
511 2380 664 2449 χεῖρε
702 2377 997 2449 κροτήσας,
1045 2376 1240 2449 ῶσπερ
1263 2376 1572 2450 ἡττημένος
1602 2376 1804 2445 ἀνέστη

1916 2370 2340 2428 sustentandam
2377 2373 2637 2429 homines
2668 2383 2917 2430 sumunt.
2947 2378 3069 2446 lpse
3098 2385 3285 2432 autem
3312 2377 3366 2432 in
3402 2376 3502 2432 Da-

212 2467 311 2524 τοῦ
358 2469 624 2541 βήματος,
674 2468 768 2523 xui
806 2468 1024 2524 κελεύει
1057 2468 1153 2524 τὸν
1200 2470 1463 2543 μάρτυρα
1501 2467 1668 2524 πάλιν
1711 2468 1807 2521 ἐπὶ

1916 2466 2119 2537 phnem
2153 2481 2214 2523 se
2244 2465 2524 2533 contulit,
2554 2483 2676 2539 qua:
2702 2475 2790 2524 est
2813 2469 3126 2525 Antiochia:
3146 2470 3501 2542 jucundissi-

213 2563 315 2634 τὴν
339 2563 564 2636 είρκτὴν
595 2562 929 2635 ἀπαχθῆναι,
962 2563 1059 2617 xui
1090 2564 1232 2635 μήτε
1277 2563 1442 2634 ἄρτον
1475 2562 1615 2633 μήτε
1665 2558 1809 2630 ὕδωρ
1918 2572 2005 2611 ma
2037 2558 2219 2614 sedes.

216 2654 369 2727 αὐτῷ
406 2655 840 2728 παρασχεθῆναι,
868 2656 943 2727 μὴ
960 2656 1005 2710 δ’
1037 2656 1139 2711 ὅσα
1154 2655 1293 2727 πρὸς
1312 2655 1374 2710 τὸ
1404 2655 1504 2729 ζῇν
1530 2651 2045 2729 μεταλαμὸάνουσιν
2081 2653 2388 2726 ἀνθρωποιο
2413 2653 2650 2719 αὐτδςδὲ
2685 2653 2781 2710 ἐπὶ
2801 2656 2902 2731 τὴν
2929 2659 3150 2732 Δάφνην
3176 2658 3502 2733 ῶρμησε,τὺ

215 2751 315 2824 τῆς
354 2752 683 2823 ’Δντιοχείας
711 2752 1001 2807 κάλλιστον
1034 2752 1383 2825 ἐνδιαίτημα.

286 2848 354 2899 ν’.
386 2843 521 2915 Περὶ
553 2844 613 2897 δὲ
658 2842 720 2897 τὸ
756 2845 1110 2915 μεσονύκτιον
1139 2846 1428 2918 εὐχομένω
1454 2845 1536 2918 τῷ
1563 2846 1802 2919 μάρτυρι

1981 2839 2071 2896 50.
2115 2837 2319 2896 Verum
2350 2839 2501 2896 circa
2538 2839 2775 2897 mediam
2802 2852 3020 2899 noctem
3052 2844 3235 2900 oranti
3266 2848 3501 2920 martyri

215 2933 310 2989 ἐπὶ
340 2932 439 3005 τῆς
462 2933 733 3005 φυλακῆς,
759 2934 1012 3003 φαίνεται
1032 2935 1182 3007 αὐτῷ
1206 2938 1235 2991 6
1258 2937 1520 3009 Χριστὸς,
1548 2939 1643 2993 καὶ
1669 2938 1803 3008 φησὶ

1916 2932 1966 2987 in
1996 2932 2254 2988 custodia
2282 2932 2549 2988 Christus
2579 2941 2813 3004 apparet
2844 2943 2899 2989 et
2929 2936 3067 2990 dicit
3092 2955 3106 2992 :
3140 2938 3386 3004 Artemi,
3419 2939 3503 2995 vi-

216 3024 356 3096 πρδς
389 3025 556 3080 αὐτόν
579 3043 594 3056 ·
626 3026 905 3099 Ἀτρέμιε,
947 3027 1230 3101 ἀνδρίζου,
1269 3030 1369 3083 xui
1391 3030 1565 3101 ἴσχυε,
1606 3030 1702 3085 xui
1730 3030 1804 3102 μὴ

1916 3024 2093 3079 riliter
2126 3038 2229 3094 age
2262 3030 2317 3079 et
2351 3023 2708 3091 confortare;
2745 3040 2815 3081 ne
2846 3025 3044 3083 timeas
3074 3042 3210 3083 neve
3238 3027 3501 3087 formides

217 3116 413 3189 φοσοιῖι,
455 3117 591 3187 μηδὲ
631 3117 805 3173 δειλία
837 3119 929 3173 τὸν
998 3118 1301 3192 τύραννον*
1361 3120 1475 3192 ἐγὼ
1534 3121 1644 3192 γάρ
1685 3123 1806 3192 εἰμὶ

1916 3125 2207 3188 tyrannum
2236 3112 2375 3186 (l8).
2408 3112 2524 3185 Ego
2554 3117 2704 3171 enim
2742 3132 2866 3171 sum
2902 3126 3117 3183 tecum,
3149 3119 3247 3190 qui
3283 3136 3420 3175 eruo
3446 3127 3502 3175 te

220 3210 362 3282 μετά
395 3208 512 3274 σοῦ,
549 3209 935 3281 ἐξαιρούμενός
968 3229 1027 3265 σε
1080 3212 1191 3266 ἀπὸ
1235 3213 1439 3278 παντὸς
1490 3213 1804 3286 πειρασμοῦ

1916 3223 1975 3263 ex
2004 3210 2157 3262 omni
2187 3205 2501 3262 tentatione
2523 3208 2794 3277 omnique
2827 3217 3237 3265 tormentorum
3268 3209 3497 3279 dolore;

217 3301 315 3355 xui
346 3301 529 3371 πάσης
558 3301 667 3353 τῶν
687 3301 1069 3374 κολαστηρίων
1090 3303 1307 3376 ὀδύνης,
1346 3306 1442 3359 xui
1465 3307 1524 3360 ἐν
1546 3310 1615 3379 τῇ
1649 3306 1808 3378 βασι-

216 3394 340 3467 λείᾳ
363 3395 472 3449 τῶν
492 3394 743 3465 οὐρανῶν
804 3394 1139 3465 στεφανὼσω
1167 3414 1249 3458 σε,
1283 3397 1379 3452 xui
1414 3399 1603 3473 ὥσπερ
1643 3400 1808 3465 αὐτὸς

216 3486 621 3556 ὡμολόγητο-ἀς
641 3504 718 3556 με
743 3486 1003 3541 ἐνώπιον
1043 3486 1164 3542 τῶν
1203 3489 1535 3557 ἀνθρώπων
1566 3491 1665 3546 ἐπὶ
1698 3492 1810 3560 τῆς

215 3578 356 3650 τῆς,
406 3578 761 3649 ὁμολογήσω
818 3578 980 3649 κάγώ
1029 3597 1105 3635 σε
1147 3581 1407 3636 ἐνώπιον
1447 3582 1555 3637 τοῦ
1574 3586 1809 3653 Πατρός

210 3691 334 3744 μου
375 3673 481 3729 τοῦ
499 3674 570 3728 ἐν
593 3674 718 3742 τοῖς
740 3675 1047 3743 οὐρανοῖς.
1078 3676 1283 3748 Θάρσει
1301 3672 1395 3731 οὖν
1414 3678 1507 3733 xui
1536 3678 1772 3749 ἀγαλλία
1790 3695 1805 3709 ι

209 3766 341 3835 μετ’
401 3764 548 3835 ἐμοῦ
612 3766 723 3837 γὰρ
772 3768 886 3836 ἔσῃ
920 3768 990 3821 ἐν
1034 3768 1115 3834 τῷ
1157 3770 1526 3839 παραδείσῳ.
1564 3771 1752 3828 Ταῦτα
1781 3774 1810 3827 6

220 3856 434 3928 μάρτυς
453 3857 694 3922 ἀκούσας
715 3858 867 3930 παρά
894 3859 989 3913 τοῦ
1016 3860 1247 3931 Κυρίου,
1268 3862 1546 3935 εὐθαρσὴς
1571 3864 1808 3933 ἐγένετο,

218 3949 317 4002 καὶ
351 3949 419 4002 δι’
445 3949 576 4019 ὅλης
606 3949 705 4018 τῆς
718 3951 914 4015 νυκτὸς
937 3946 1005 4022 ἦν
1028 3952 1328 4021 δοξολογῶν
1348 3954 1443 4007 xui
1471 3954 1810 4025 εὐχαριστῶν

217 4040 298 4111 τῷ
329 4040 449 4112 Θεῷ
481 4057 496 4073 ⁸
522 4040 689 4112 ἀνέθη
712 4041 821 4113 γὰρ
853 4043 918 4096 ὲκ
962 4043 1071 4097 τῶν
1103 4044 1332 4115 πληγῶν
1376 4045 1472 4099 xui
1497 4047 1607 4099 τῶν
1638 4063 1810 4118 τραυ-

220 4131 412 4201 μάτων
439 4131 628 4194 αὐτοῦ,
669 4131 813 4186 ὥστε
875 4134 1018 4204 μήτε
1055 4134 1299 4205 μώλωπα
1325 4137 1617 4206 φαίνεσθαι
1647 4139 1705 4191 ἐν
1732 4139 1812 4211 τῷ

219 4222 366 4293 ἁγίῳ
395 4222 560 4277 αὐτοῦ
590 4220 835 4295 σώματι·
865 4225 1091 4294 ἐποίησε
1115 4224 1173 4279 δὲ
1195 4226 1357 4280 πέντε
1393 4228 1487 4280 xui
1514 4228 1647 4283 δέκα
1677 4231 1810 4300 ἠμέ-

222 4332 347 4386 ρας,
376 4313 608 4385 μηδενὸς
638 4316 698 4370 τὸ
728 4314 952 4370 σύνολον
999 4318 1375 4390 γευσάμενος⁶
1405 4320 1672 4393 ἐτρέφετο
1702 4322 1811 4395 γάρ

219 4410 286 4477 τῇ
310 4406 403 4460 τοῦ
435 4408 590 4477 ἁγίου
619 4407 937 4479 Πνεύματος
961 4409 1169 4481 χάριτι.

292 4506 396 4553 vu’.
435 4499 494 4553 '0
540 4499 597 4553 δὲ
638 4500 926 4565 Ἰουλιανὸς
965 4502 1058 4555 ἐπὶ
1106 4500 1210 4574 τὴν
1246 4501 1466 4575 Δάφνην
1496 4502 1726 4575 ὥρμησε
1753 4505 1816 4559 τὸ

1839 4404 1886 4458 ιι

1908 3301 1965 3356 in
1996 3316 2170 3371 regno
2203 3299 2479 3354 caelorum
2520 3301 2805 3356 coronaho
2840 3309 2892 3356 te
2916 3339 2932 3367 ,
2965 3311 3020 3356 et
3053 3303 3195 3358 sicut
3226 3304 3343 3374 ipse
3372 3320 3502 3359 con-

1909 3395 2079 3465 fessus
2123 3410 2178 3447 es
2212 3409 2294 3446 me
2326 3409 2511 3447 coram
2542 3392 2849 3447 hominibus
2872 3434 2886 3459 ,
2923 3396 3215 3464 conﬁtebor
3242 3406 3292 3451 et
3324 3414 3417 3469 ego
3451 3407 3500 3455 te

1909 3502 2093 3541 coram
2138 3484 2300 3540 Patre
2349 3502 2500 3552 meo,
2534 3486 2628 3556 qui
2687 3486 2741 3540 in
2776 3488 2921 3543 caelis
2953 3500 3029 3543 est
3062 3491 3104 3545 ".
3135 3470 3363 3548 Conllde
3391 3492 3497 3565 igi-

1909 3588 2003 3633 tur
2030 3588 2082 3634 ct
2114 3593 2226 3649 pra:
2250 3577 2453 3649 gaudio
2480 3579 2699 3634 exsulta
2728 3597 2743 3647 ;
2776 3597 2975 3635 mecum
3006 3584 3148 3637 enim
3177 3586 3284 3641 eris
3311 3586 3366 3640 in
3395 3603 3497 3657 ρα-

1911 3670 2120 3725 radiso.
2156 3670 2295 3726 Cum
2329 3670 2447 3725 haec
2482 3685 2513 3725 a
2549 3669 2791 3728 Domino
2822 3671 3133 3731 audivisset
3166 3687 3397 3750 martyr,
3434 3679 3500 3733 ﬁ-

1910 3764 2076 3820 ducia
2113 3764 2359 3835 repletus
2397 3773 2483 3821 est
2507 3807 2523 3833 ,
2555 3776 2611 3820 et
2647 3781 2746 3837 per
2782 3766 3056 3837 integram
3112 3781 3336 3826 noctem
3388 3769 3500 3827 Deo

1911 3859 2129 3915 laudem
2164 3866 2219 3914 et
2256 3859 2568 3926 gratiarum
2616 3846 2891 3915 actionem
2939 3860 3160 3916 tribuit.
3205 3862 3501 3920 Convaluit

1912 3967 1942 4004 a
1972 3951 2149 4021 plagis
2187 3959 2241 4006 et
2270 3952 2601 4008 vulneribus
2636 3953 2756 4009 suis
2779 3994 2793 4018 ,
2827 3953 2902 4007 ita
2932 3964 2989 4008 ut
3018 3971 3086 4010 ne
3113 3954 3349 4012 cicatrix
3378 3958 3504 4027 qui-

1913 4040 2036 4097 dem
2075 4043 2128 4096 in
2164 4051 2364 4097 sancto
2396 4042 2521 4112 ejus
2559 4059 2799 4114 corpore
2833 4056 3149 4116 appareret.
3188 4045 3503 4105 Permansit

1914 4143 2096 4187 autem
2125 4135 2443 4204 quindecim
2475 4135 2594 4191 dies
2615 4176 2630 4198 ,
2660 4137 2889 4191 omnino
2922 4139 3057 4192 nihil
3092 4148 3368 4211 gustans;
3400 4158 3504 4197 nu-

1914 4226 2189 4283 triebatur
2222 4227 2370 4284 enim
2406 4228 2652 4298 Spiritus
2686 4231 2862 4286 sancti
2900 4230 3103 4301 gratia.

1989 4510 2080 4565 5t.
2120 4508 2381 4565 Julianus
2432 4524 2565 4567 vero
2599 4508 2667 4564 ad
2711 4509 3040 4566 suburbium
3083 4511 3362 4584 Daplmem
3410 4531 3505 4573 ve-

220 4591 576 4661 ⁴προάστειον,
602 4590 681 4656 ὡς
707 4593 922 4665 προέφη
933 4612 1055 4664 μεν,
1081 4594 1272 4660 θυσίας
1294 4595 1715 4669 ἑτοιμαζόμενος
1737 4599 1808 4670 τῷ

1918 4612 2117 4669 uerat,
2169 4610 2228 4656 ut
2275 4617 2443 4671 supra
2500 4602 2752 4658 diximus
2782 4644 2797 4669 ,
2853 4604 3130 4660 sacriﬁcia
3178 4621 3504 4676 praeparans

233 4682 553 4747 Ἀπόλλωνι,
572 4685 667 4738 xui
684 4688 974 4758 χρησμοὺς
996 4689 1128 4761 παρ’
1161 4689 1327 4744 αὐτοῦ
1351 4689 1611 4756 δέξασθαι
1643 4709 1814 4762 προσ-

220 4775 432 4831 δοκῶνο
473 4777 506 4847 ἡ
572 4776 630 4830 δὲ
680 4777 865 4849 Δάφνη
906 4780 1233 4852 προάστειόν
1293 4783 1410 4836 ἐστι
1459 4782 1563 4853 τῆς
1607 4783 1814 4837 Ἀντιο-

221 4869 404 4938 χείας,
433 4869 527 4921 ἐπὶ
555 4867 665 4921 τῶν
697 4870 1050 4943 ὑψηλοτέρων
1082 4872 1255 4945 αὐτῆς
1283 4875 1502 4946 χωρίων
1532 4874 1810 4946 κείμενον,

221 4959 413 5014 ἄλσεσι
499 4960 777 5025 παντοίοις
861 4965 1188 5035 συνηρεφές.
1280 4967 1808 5040 Πολυπρεμνότατον

223 5046 375 5121 [580]
404 5047 515 5121 γὰρ
546 5051 641 5105 xui
670 5051 1158 5126 πολυκαρπότατόν
1192 5057 1309 5111 ἐστι
1331 5057 1394 5111 τὸ
1420 5060 1644 5132 χωρίον,
1682 5059 1810 5115 ἔνθα

226 5140 334 5194 τῶν
360 5158 421 5194 τε
445 5140 623 5197 ἀλλων
653 5145 930 5201 παντοίων
980 5146 1217 5219 δένδρων
1270 5151 1367 5204 xui
1395 5150 1460 5222 δὴ
1506 5154 1603 5209 xui
1641 5172 1814 5209 κυπα-

228 5229 428 5299 ρίττων
454 5230 693 5298 ἐξαίσιον
725 5234 1065 5305 πεφύτευται
1094 5236 1306 5307 χρῆμα,
1340 5239 1477 5310 πρός
1519 5258 1579 5294 τε
1619 5243 1814 5309 κάλλος

225 5321 322 5375 καὶ
358 5322 560 5395 ὕψωμα
593 5326 691 5381 xui
730 5326 963 5398 μέγεθος
1003 5328 1066 5382 οὐ
1115 5327 1426 5400 συμϐλητόν
1447 5346 1460 5361 ·
1494 5331 1719 5405 νάματά
1753 5352 1813 5389 τε

223 5415 478 5486 πανταχῆ
517 5414 722 5471 διαθέει
757 5416 1009 5489 ποτίμων
1048 5417 1277 5483 ὐδάτων,
1312 5419 1586 5491 μεγίστων
1625 5423 1813 5478 αὐτόθι

1917 4693 2198 4765 Apollini,
2229 4709 2258 4746 a
2292 4709 2402 4763 quo
2431 4710 2703 4764 responsa
2736 4712 2797 4751 se
2827 4707 3191 4767 accepturum
3220 4703 3502 4771 sperabat.

1915 4786 2093 4842 Porro
2124 4785 2353 4855 Daphne
2389 4786 2723 4840 suburbium
2760 4796 2847 4842 est
2878 4790 3224 4858 Antiochia,
3260 4793 3318 4847 in
3354 4794 3505 4849 edito

1913 4878 2085 4948 hujus
2135 4875 2384 4932 civitatis
2438 4876 2562 4932 loco
2612 4878 2819 4945 situm,
2877 4880 3137 4950 omnique
3187 4881 3503 4950 plantarum

1914 4967 2187 5024 varietate
2217 4967 2615 5022 obunthratum
2644 5007 2658 5029 ,
2697 4975 2890 5037 utpote
2925 4969 3070 5040 quod
3112 4968 3404 5027 frondibus
3440 4988 3506 5027 ac

1916 5059 2196 5116 fructibus
2243 5058 2533 5115 exuberet.
2578 5057 2700 5125 Quo
2754 5060 2807 5113 iu
2861 5059 2985 5114 loco
3014 5060 3300 5116 variarum
3337 5063 3504 5118 arbo-

1914 5168 2083 5217 rum,
2145 5152 2451 5223 praesertim
2512 5166 2648 5207 vero
2706 5168 3153 5223 cupressorum,
3211 5154 3502 5212 innumera

1913 5249 2161 5319 plantata
2197 5253 2284 5302 est
2326 5244 2661 5310 multitudo,
2706 5244 3166 5316 pulchritudine,
3207 5247 3504 5304 altitudine

1911 5346 1971 5396 et
2025 5336 2412 5409 magnitudine
2458 5336 2950 5407 incomparabilis.
2998 5336 3238 5393 Fluenta
3283 5353 3505 5409 quoque

1912 5428 2346 5499 poculentarum
2381 5441 2654 5498 aquarum
2706 5427 2762 5481 in
2813 5441 3034 5483 onmem
3092 5437 3305 5498 partem
3361 5427 3502 5483 dila—

225 5504 422 5577 πηγῶν
452 5506 877 5580 ἀναδιδομένων,
905 5509 999 5581 ἀφ’
1021 5502 1097 5567 ὧν
1122 5508 1272 5584 καὶὴ
1308 5511 1466 5578 πόλις
1497 5513 1556 5569 ἐν
1586 5512 1799 5585 ὀλίγαις

1916 5522 2139 5589 buntur,
2188 5518 2636 5578 scaturientibus
2684 5518 2888 5577 ibidem
2921 5520 3180 5579 maximis
3212 5520 3496 5589 fontibus,

295 5661 319 5697 "
349 5660 545 5719 Matth.
576 5679 633 5734 κ,
664 5663 759 5721 59.

1750 5760 1982 5824 ΝΟΤΕ.

294 5850 410 5927 (l8)
437 5850 647 5914 Alludit
665 5854 736 5915 ad
763 5853 1167 5935 locum_Josue,
1200 5856 1409 5934 vani.
1438 5859 1443 5865 '
