4026 6412
556 446 691 514 Ῑὲθθ

2030 444 2415 512 ADDENDA.

3690 460 3821 531 1300

550 569 699 622 unde
748 561 1042 620 Antiochia
1094 563 1242 617 inter
1290 570 1519 617 caeteras
1573 560 1833 616 civitates
1888 561 2127 615 maxime

2233 561 2285 615 δὲ
2318 563 2536 620 πόλεων
2574 565 2909 641 ἐνυὸροτάτη
2937 569 3229 641 τυγχάνειν
3258 570 3431 641 δοκεῖ,
3463 574 3557 630 καὶ
3592 577 3704 650 μὴν
3728 579 3816 635 καὶ

548 657 707 727 aquis
738 655 1027 710 abundare
1061 652 1302 709 videtur.
1350 653 1644 709 Praeclaris
1688 655 1856 709 etiam
1900 663 2126 709 exstru-

546 750 830 807 ctionibus
857 747 1303 803 habitaculorum
1330 785 1346 810 ,
1389 746 1736 802 lavacrorum
1778 745 2127 818 aliorumque

544 842 910 898 aediﬁciorum
932 881 948 909 ,
980 841 1047 895 ad
1081 855 1243 895 usum
1277 847 1335 895 et
1364 839 1719 910 splendorem
1766 838 1927 894 locus
1968 839 2126 894 miri-

546 935 649 992 ﬁce
670 944 977 991 exornatus
1004 941 1112 990 est.
1140 931 1275 987 lstie
1304 932 1448 988 inter
1474 932 1709 986 aliorum
1738 930 1966 985 deorum
1994 938 2129 985 tem-

482 1014 487 1018 ’
544 1023 636 1096 pla
666 1032 722 1080 et
756 1022 1024 1096 imagines
1047 1062 1063 1084 .
1092 1023 1162 1077 ab
1192 1022 1422 1093 antiquo
1457 1022 1729 1092 praecipua
1760 1021 1995 1091 quadam
2027 1021 2129 1077 ob-

508 1126 515 1141 ‘
545 1118 827 1174 servantia
861 1116 1156 1173 colebatur
1179 1115 1451 1185 Apollinis
1485 1114 1800 1170 delubrum.
1832 1114 1945 1168 lllic
1978 1115 2125 1170 enim

543 1210 781 1281 virginis
812 1208 1040 1279 Daphne
1072 1222 1267 1265 casum
1315 1206 1621 1270 accidisse,
1668 1205 1893 1276 gentilis
1936 1205 2126 1262 fabula

545 1301 745 1368 ﬁnxit;
778 1318 809 1356 a
843 1316 951 1371 qua
1007 1308 1163 1356 certe
1214 1301 1450 1355 maxime
1499 1298 1659 1353 locus
1712 1313 1914 1354 nomen
1963 1314 2126 1355 suum

544 1392 725 1448 adhuc
761 1391 1006 1447 mutuari
1035 1389 1275 1446 videtur.

615 1486 705 1543 52.
749 1485 955 1542 Statuas
989 1494 1170 1541 autem
1200 1483 1478 1555 Apollinis
1508 1482 1627 1539 haec
1652 1492 1774 1540 erat
1810 1484 1989 1539 forma
2016 1501 2030 1538 :
2060 1497 2128 1539 ex

542 1581 701 1651 ligno
730 1579 859 1635 vitis
886 1578 1259 1649 compositum
1296 1584 1418 1631 erat
1447 1592 1655 1648 corpus
1676 1616 1691 1642 ,
1725 1585 1845 1632 arte
1875 1585 1986 1631 tam
2020 1575 2130 1630 mi-

542 1672 730 1736 rabili,
760 1678 822 1726 ut
850 1671 1016 1726 unius
1046 1668 1396 1725 cohaerentia:
1421 1670 1665 1740 speciem
1694 1685 1806 1741 prae
1831 1685 1893 1726 se
1921 1669 2127 1738 ferret;

542 1777 685 1819 auro
716 1760 890 1818 illitus
915 1768 1105 1827 totus,
1141 1775 1253 1832 quo
1296 1760 1654 1827 induebatur,
1702 1761 1941 1817 amictus
1964 1800 1981 1827 ,
2022 1776 2129 1816 nu-

542 1853 688 1911 datis
720 1854 887 1911 simul
919 1861 974 1909 et
1005 1868 1115 1909 non
1150 1853 1370 1909 auratis
1400 1854 1656 1924 corporis
1688 1853 1941 1924 partibus
1964 1896 1979 1921 ,
2013 1853 2131 1909 ine-

542 1948 812 2005 narrabili
846 1947 1092 2019 fulgebat
1121 1947 1558 2021 pulchritudine.
1587 1947 1770 2002 Stanti
1806 1961 1917 2018 pra:
1946 1947 2128 2001 mani-
2158 1932 2201 1990 Β

542 2043 650 2101 bus
684 2053 804 2101 erat
836 2044 1053 2100 cithara
1077 2084 1093 2111 ,
1124 2059 1291 2114 quam
1323 2044 1551 2115 pulsare
1584 2042 1881 2097 videbatur
1911 2057 1927 2107 ;
1959 2056 2129 2097 coma!

541 2147 599 2197 et
631 2154 841 2195 corona
883 2137 1073 2194 laurea
1116 2152 1254 2192 auro
1302 2137 1569 2207 permisto
1615 2136 1930 2201 ﬂorebant,
1976 2134 2127 2190 unde

541 2230 723 2302 gratia
752 2229 995 2284 maxima
1022 2227 1320 2298 eﬁ‘ulgebat
1347 2226 1773 2297 aspicientibus.
1798 2224 1919 2279 Duo
1946 2224 2128 2295 magni

542 2320 826 2395 hyacinthi
862 2320 1154 2376 oculorum
1188 2318 1489 2390 implebant
1526 2318 1755 2389 ﬁguram
1777 2361 1793 2385 ,
1828 2318 1883 2373 in
1918 2334 2127 2374 memo-

539 2414 681 2468 riam
713 2410 1046 2485 Hyacinthi,
1084 2410 1243 2481 pueri
1281 2410 1580 2482 Amyclmi,
1617 2424 1945 2480 semperque
1975 2424 2129 2479 gem-

539 2520 759 2560 marum
793 2501 1151 2575 pulchritudo
1181 2510 1236 2557 et
1267 2501 1594 2570 magnitudo
1626 2502 1927 2558 maximum
1958 2503 2130 2558 adde-

539 2599 677 2654 bant
710 2597 939 2667 imagini
972 2603 1229 2651 ornatum
1254 2633 1270 2661 ,
1305 2610 1431 2650 cum
1462 2594 1689 2665 opiﬁces
1719 2609 1816 2650 eas
1849 2596 2049 2651 callide
2074 2604 2130 2652 ct

540 2706 668 2746 cum
702 2690 901 2745 decore
933 2688 1180 2743 maximo
1216 2687 1663 2757 imposuissent;
1716 2686 1792 2740 ita
1844 2693 1904 2741 ut
1952 2687 2129 2756 pluri-

540 2798 665 2839 mos
695 2783 845 2838 circa
872 2780 1236 2838 simulacrum
1261 2780 1440 2850 decipi
1464 2780 1850 2851 contingeret,
1883 2779 2133 2851 pulchri-

538 2873 737 2930 tudine
781 2874 1104 2944 apparentis
1152 2871 1346 2927 formae
1388 2872 1456 2927 ad
1500 2871 1853 2927 adorandum
1890 2872 2128 2928 illectos.

542 2966 703 3033 Quod
737 2966 859 3037 ipse
894 2980 1117 3036 quoque
1147 2962 1409 3020 Julianus
1440 2979 1644 3035 passus
1680 2965 1881 3020 fuerat.
1921 2962 2132 3036 Majore

540 3060 693 3115 enim
725 3058 869 3113 hanc
893 3073 1060 3129 quam
1091 3066 1322 3113 caeteras
1343 3057 1614 3128 imagines
1638 3057 1790 3113 cultu
1822 3072 2129 3128 proseque-

539 3151 729 3217 batur,
773 3150 943 3206 millia
975 3165 1043 3207 ex
1073 3150 1316 3222 singulis
1358 3150 1661 3222 generibus
1695 3150 1747 3206 ci
1800 3148 2129 3207 sacriﬁcans

540 3242 825 3300 animalia.

611 3526 703 3587 55.
741 3525 880 3585 Cum
932 3536 1116 3582 autem
1169 3524 1361 3581 omnia
1413 3522 1621 3581 faceret
1647 3534 1703 3583 et
1734 3526 2025 3584 moliretur
2064 3535 2126 3581 ut

536 3636 875 3695 responsum
919 3621 1107 3677 ederet
1152 3628 1372 3683 statua,
1409 3634 1511 3674 nec
1553 3619 1853 3690 quidquam
1893 3618 2126 3690 proﬁce-

537 3724 659 3780 ret,
696 3713 791 3770 sed
827 3713 945 3767 haec
992 3720 1048 3768 et
1094 3711 1322 3781 reliquae
1356 3710 1630 3781 imagines
1665 3714 1839 3767 altum
1877 3721 2128 3768 tenerent

540 3808 826 3864 silentium
846 3845 861 3871 ,
888 3805 1231 3860 existimavit
1259 3820 1400 3876 opus
1429 3820 1554 3860 esse
1598 3806 1899 3875 praestigiis
1918 3846 1935 3868 .
1987 3821 2126 3875 quas

539 3898 864 3969 liierurgiam
912 3897 1151 3967 gentiles
1200 3897 1504 3968 appellant.
1547 3898 1837 3953 Accersito
1880 3899 2124 3969 quodam

540 3992 819 4056 Eusebio,
860 4005 1023 4060 quem
1059 3989 1114 4044 in
1152 3990 1412 4061 gentibus
1446 3988 1591 4043 fama
1634 4000 1756 4046 erat
1798 3992 2035 4046 multum
2067 3992 2125 4047 in

541 4084 647 4140 hac
673 4091 791 4138 arte
822 4097 991 4153 posse
1015 4122 1030 4145 ,
1057 4081 1107 4137 ei
1138 4081 1427 4136 mandavit
1453 4090 1511 4136 ut
1540 4089 1781 4137 statuam
1811 4098 1976 4154 quam
2008 4098 2126 4138 ma-

540 4175 691 4232 xime
740 4175 1047 4245 spirantem
1099 4182 1156 4228 et
1204 4171 1486 4228 eﬁicacem
1530 4174 1837 4240 redderet,
1869 4175 2007 4229 nulli
2044 4175 2125 4231 rei

539 4267 860 4341 parcendo,
891 4282 1057 4336 quam
1102 4264 1172 4321 ad
1216 4265 1325 4320 hoc
1361 4266 1737 4323 necessariam
1769 4283 1896 4323 esse
1929 4283 2127 4325 cense-

541 4371 649 4417 ret.
678 4360 815 4416 Cum
845 4366 1029 4415 autem
1056 4374 1253 4414 omnes
1286 4359 1732 4415 machinationes
1767 4375 1903 4417 suas
1936 4359 2127 4430 prolu-

540 4454 723 4510 disset
745 4491 761 4517 ,
795 4461 850 4508 et
879 4452 1019 4507 nihil
1051 4466 1245 4506 eorum
1270 4490 1286 4516 ,
1317 4467 1443 4521 qua:
1468 4454 1743 4522 potuisset
1773 4455 2123 4526 excogitare,

540 4546 873 4603 intentatum
906 4546 1266 4616 reliquisset,
1300 4547 1475 4601 simili
1510 4547 1677 4602 modo
1723 4556 1778 4602 et
1818 4548 1976 4616 juxta
2021 4563 2125 4602 na-

2227 654 2545 726 οίκοδομαῖς
2574 656 2861 729 λαμπραῖς
2913 659 3270 715 καταλύσεων
3315 663 3411 717 καὶ
3452 665 3700 738 λουτρῶν
3729 674 3821 725 ut

2226 746 2338 800 τῶν
2363 747 2539 802 ἄλλων
2588 751 2971 827 κατασκευῶνς
3013 754 3096 819 εἷς
3141 771 3200 808 τε
3250 756 3442 825 χρείαν
3475 759 3574 812 καὶ
3617 760 3821 832 κόσμον

2227 835 2288 893 εὖ
2331 840 2478 911 μάλα
2511 842 2821 908 πολυτελῶς
2873 844 3178 917 ὲξήσκηται
3222 846 3283 900 τὸ
3314 850 3517 920 χωρίον
3542 866 3556 879 ο
3588 851 3821 908 ἐνταῦθα

2228 931 2325 986 καὶ
2348 932 2523 987 ἄλλων
2551 934 2650 1005 μὲν
2681 934 2956 1007 δαιμόνων
3013 936 3135 991 ναοί
3160 955 3219 991 τε
3256 940 3351 992 καὶ
3402 941 3713 1012 ἀγάλματα
3732 939 3816 1015 ἦν,

2226 1023 2593 1095 διαφερόντως
2626 1044 2690 1096 γε
2741 1030 2849 1100 μὴν
2880 1030 2944 1083 τὸ
2967 1029 3062 1084 τοῦ
3095 1031 3440 1096 ’Λπόλλωνος
3470 1034 3532 1098 ἐξ
3571 1036 3817 1107 ἀρχαίων

2226 1119 2337 1171 τῶν
2363 1119 2573 1191 χρόνων
2594 1122 2868 1194 ἐνυπῆρχε
2931 1122 3411 1195 θεραπευόμενον·
3469 1126 3663 1180 αὐτόθι
3715 1131 3817 1201 γάρ

2228 1213 2329 1267 καὶ
2369 1213 2431 1266 τὸ
2461 1214 2592 1286 περὶ
2647 1213 2748 1285 τὴν
2802 1215 3027 1286 Δάφνην
3077 1215 3179 1288 τὴν
3231 1218 3507 1291 παρθένον
3542 1220 3815 1289 συμϐῆναι

2228 1304 2401 1368 πάθος
2430 1306 2460 1359 6
2498 1304 2815 1377 Ἐλληνικὸς
2865 1306 3069 1361 ἔπλασε
3121 1308 3294 1380 μῦθος
3319 1327 3335 1342 ⁸
3390 1306 3464 1385 ἦς
3489 1310 3558 1383 δή
3584 1313 3815 1384 μάλιστα

2230 1397 2420 1469 φέρειν
2450 1397 2531 1452 ἔτι
2560 1398 2711 1452 δοκεῖ
2739 1399 2842 1471 τὴν
2870 1401 3190 1473 ἐπωνυμίαν
3211 1404 3240 1456 6
3263 1402 3452 1468 τόπος.

2301 1486 2402 1559 νβ’.
2433 1487 2508 1540 Τὸ
2558 1487 2613 1541 δὲ
2648 1488 2874 1559 άγάλμα
2907 1489 3005 1542 τοῦ
3070 1489 3429 1557 Ἀπόλλωνος,
3470 1491 3679 1545 τοιόνδε
3719 1492 3814 1564 τὴν

2231 1580 2580 1651 κατασκευὴν
2605 1575 2708 1651 ἦν*
2751 1580 2810 1646 ἐξ
2837 1581 3087 1651 ἀμπέλου
3120 1581 3223 1652 μὲν
3260 1582 3412 1653 αὐτῷ
3444 1584 3813 1654 συνεπεπήγει

2228 1672 2292 1727 τὸ
2307 1674 2467 1745 σῶμα
2485 1691 2499 1706 ο
2529 1672 2933 1745 πανθαυμάστη
2954 1674 3019 1747 δὴ
3044 1674 3209 1746 τέχνη
3226 1676 3363 1748 πρὸς
3382 1677 3515 1747 μιᾶς
3536 1680 3814 1747 συμφυΐας

2235 1768 2378 1822 ἰδέαν
2406 1767 2816 1840 συναρμοσθὲν,
2864 1768 3053 1840 χρυσῷ
3093 1769 3151 1822 δὲ
3194 1771 3303 1833 πᾶς
3339 1770 3369 1822 6
3429 1770 3812 1841 περικείμενος

2233 1859 2441 1924 πέπλος
2488 1858 2960 1931 ἀμφιεννύμενος,
3005 1862 3119 1923 τοῖς
3199 1861 3813 1932 παραγεγυμνωμένοις

2233 1953 2330 2007 καὶ
2375 1952 2640 2023 ἀχρύσοις
2687 1951 2783 2005 τοῦ
2839 1952 3116 2023 σώματος,
3160 1953 3243 2018 είς
3288 1954 3572 2027 άφραστόν
3602 1972 3658 2007 τι
3697 1970 3814 2007 συν-

2231 2044 2533 2113 εφθέγγετο
2570 2044 2809 2109 κάλλος·
2870 2044 3068 2098 ἑστῶτι
3121 2062 3182 2099 τε
3242 2046 3383 2116 μετὰ
3439 2050 3635 2118 χεῖρας
3686 2042 3809 2117 ἦνη

2230 2136 2455 2208 κιθάρα,
2516 2128 2963 2208 μουσηγετοῦντά
3013 2154 3138 2191 τινα
3183 2138 3584 2209 ἐκμιμουμένῳ
3608 2154 3625 2170 ο
3663 2138 3726 2197 αῖ
3756 2155 3811 2191 τε

2230 2231 2420 2301 κόμαι,
2449 2231 2545 2283 καὶ
2584 2230 2685 2301 τῆς
2715 2230 2927 2302 δάφνης
2959 2229 2987 2282 6
3028 2230 3297 2299 στέφανος
3322 2230 3417 2284 τδν
3446 2230 3652 2302 χρυσὸν
3684 2234 3811 2284 ἁνι-

2234 2322 2330 2395 μὶξ
2360 2322 2630 2392 ἐπήνθουν
2654 2338 2668 2352 ο
2694 2321 2770 2385 ὡς
2801 2321 3003 2392 ἤμελλε
3040 2321 3201 2394 χάρις
3248 2323 3615 2393 ἑξαστράψειν
3650 2323 3810 2394 πολλὴ

2228 2418 2342 2479 τοῖς
2366 2414 2718 2484 θεασομένοις
2737 2430 2753 2447 ο
2788 2414 3037 2469 ὑάκινθοι
3077 2432 3139 2468 τε
3168 2413 3319 2487 αὖτῴ
3343 2415 3438 2468 δύο
3466 2416 3608 2470 λίθοι
3647 2417 3811 2488 μεγά-

2229 2507 2333 2573 λοι,
2383 2508 2477 2561 τδν
2532 2507 2642 2561 τῶν
2696 2506 2995 2578 ὀφθαλμῶν
3052 2506 3392 2579 ἐξεπλήρουν
3434 2507 3628 2573 τύπον,
3680 2507 3812 2563 κατά

2233 2602 2455 2674 μνήμην
2486 2601 2582 2655 τοῦ
2606 2599 2940 2672 Ἀμυκλαίου
2973 2599 3165 2663 παιδὸς
3197 2598 3509 2665 Ὑακίνθου,
3524 2602 3619 2655 καὶ
3645 2601 3734 2654 ἀεὶ
3758 2600 3813 2653 τὸ

2228 2696 2340 2749 τῶν
2385 2695 2555 2749 λίθων
2596 2693 2792 2757 κάλλος
2815 2692 2912 2746 καὶ
2945 2691 3176 2763 μέγεθος
3217 2690 3323 2745 τὸν⁹
3352 2693 3614 2764 μέγιστον
3647 2710 3806 2764 προσο

2230 2788 2406 2842 ετέλει
2467 2785 2547 2858 τῷ
2602 2786 2887 2861 ἀγάλματι
2914 2785 3142 2857 κόσμον,
3174 2787 3513 2841 ἐνταθέντων
3542 2785 3810 2857 περιττῶς

2231 2881 2368 2951 πρὸς
2421 2879 2813 2952 ἀξιορρέπειαν
2867 2879 3037 2933 αὑτοῦ
3089 2880 3200 2934 τῶν
3240 2882 3685 2953 ἐργασαμένων
3730 2882 3813 2933 ἵνα

2231 2971 2523 3037 πλείστους
2583 2973 2903 3027 ἀπατᾶσθαι
2971 2971 3103 3043 περὶ
3162 2972 3331 3027 αὑτοῦ
3381 2972 3685 3046 συμσαίνῃ.
3740 2974 3811 3041 τξι

2233 3065 2556 3137 περικαλλεῖ
2571 3064 2673 3135 τῆς
2702 3062 2858 3137 [581]
2885 3066 3333 3136 προφαινομένης
3364 3066 3604 3136 μορφῆς,
3635 3068 3719 3128 εἰς
3756 3066 3812 3119 τὸ

2232 3162 2564 3229 προσκυνεῖν
2608 3160 2794 3224 αὐτοῖς
2863 3158 3307 3229 δελεαζομένους.
3347 3158 3524 3231 Ὅπερ
3564 3155 3666 3213 οὖν
3726 3161 3813 3212 καὶ

2232 3252 2397 3316 αὐτὸς
2443 3254 2472 3306 6
2515 3251 2804 3315 Ἰουλιανὸς
2850 3251 3138 3316 πεπονθὼς
3182 3247 3252 3324 ἦν
3274 3268 3289 3284 ο
3325 3252 3549 3305 πλείονά
3572 3252 3631 3321 γ’
3660 3249 3752 3305 οἷον
3781 3253 3809 3323 ἢ

2232 3342 2480 3414 σύμπασι
2529 3346 2642 3407 τοῖς
2687 3341 2969 3414 ἀγάλμασι
3021 3345 3268 3416 προσῆγε
3332 3344 3435 3415 τὴν
3480 3345 3807 3414 θεραπείαν,

2230 3438 2520 3511 χιλιόμΰας
2544 3437 2674 3502 ὅλας
2724 3438 2786 3503 ἐξ
2818 3437 3058 3491 ἑκάστου
3101 3438 3296 3509 γένους
3345 3436 3494 3507 αὐτῷ
3526 3438 3808 3509 θυόμενος.

2300 3530 2402 3601 νγ’.
2452 3530 2608 3585 Ἐπεὶ
2638 3530 2696 3583 δὲ
2734 3528 2886 3599 αὐτῷ
2933 3529 3113 3583 πάντα
3158 3528 3404 3583 ποιοῦντι
3431 3530 3523 3583 καὶ
3551 3546 3811 3599 πραγμα·

2229 3625 2509 3695 τευομένῳ
2567 3623 2720 3687 ὅπως
2777 3626 2930 3694 χρῴη
2960 3622 3023 3675 τὸ
3054 3621 3299 3692 ἄγαλμα,
3340 3621 3498 3676 πλέον
3526 3617 3591 3693 ἦν
3641 3622 3806 3685 miihi,

2231 3715 2369 3771 ἀλλὰ
2391 3714 2551 3769 τοῦτό
2582 3730 2648 3768 τε
2676 3715 2772 3769 καὶ
2802 3714 2874 3769 τὰ
2900 3714 3066 3768 λοιπὰ
3111 3714 3302 3770 αὐτόθι
3327 3714 3617 3784 σύμπαντα
3644 3714 3807 3785 ἀγάλ-

2234 3823 2383 3880 ματα
2420 3806 2610 3878 βαθεῖα
2643 3806 2825 3879 σιωπὴ
2896 3810 3176 3878 κατεῖχεν,
3209 3807 3445 3862 ἐνταῦθα
3475 3808 3711 3879 νομίσας
3747 3810 3808 3863 τὰ

2231 3898 2340 3953 ἀπὸ
2386 3899 2487 3969 τῆς
2516 3898 2774 3968 γοητείας
2819 3898 3012 3963 ἐνδεῖν,
3062 3898 3132 3969 ἢν
3184 3900 3500 3971 ἱερουργίαν
3554 3898 3808 3953 καλοῦσιν

2233 3992 2521 4065 Ἕλληνες,
2540 3993 2807 4047 Εὐσέόιόν
2834 4010 2981 4058 τινα,
3013 3994 3296 4065 μέγιστον,
3322 3995 3414 4048 ἐπὶ
3451 3996 3511 4049 τὸ
3537 3994 3713 4050 ταῦτα
3726 3996 3809 4049 δύ-

2232 4087 2447 4153 νασθαι,
2474 4086 2816 4159 κεκτημένον
2859 4088 2917 4140 έν
2942 4087 3174 4160 Ἕλλησι
3227 4087 3406 4153 κλέος,
3450 4090 3807 4161 μεταπεμψά-

2235 4196 2417 4251 μενος,
2444 4177 2621 4249 τούτῳ
2650 4178 3021 4251 προσέταττεν
3061 4180 3321 4235 ἐπίπνουν
3343 4184 3424 4235 ὅτι
3452 4182 3687 4253 μάλιστα
3720 4183 3809 4235 καὶ

2233 4271 2461 4342 ἐνεργὸν
2484 4270 2832 4338 ἀποφαίνειν,
2870 4271 3099 4343 μηδενὸς
3142 4264 3219 4329 ὧν
3264 4274 3345 4337 εἰς
3368 4273 3527 4327 τοῦτο
3563 4276 3807 4344 προσδεῖν

2232 4360 2382 4430 αὐτῷ
2411 4359 2623 4431 νομίζοι
2665 4361 3022 4432 φεισάμενον.
3052 4360 3143 4434 Τῷ
3169 4363 3214 4417 δ’
3254 4363 3442 4434 ἐπειδὴ
3474 4365 3655 4429 πάσας
3688 4367 3806 4419 ἑαυ-

2232 4449 2327 4502 τοῦ
2359 4449 2677 4521 κεκινηκότι
2703 4451 2804 4515 τὰς
2854 4450 3125 4522 μηχανὰς,
3165 4453 3263 4507 καὶ
3298 4454 3467 4524 μηδὲν
3511 4456 3539 4508 ὅ
3568 4473 3620 4508 τι
3648 4456 3804 4509 πλέον

2233 4541 2300 4594 ἂν
2336 4539 2682 4612 ἐπινοήσειεν
2744 4541 3164 4613 ὑπολειπομένῳ
3187 4584 3202 4609 ,
3240 4542 3332 4597 τὸν
3372 4544 3559 4615 ὅμοιον
3594 4548 3805 4598 ὲσεσιω-

538 4646 682 4693 tura:
707 4636 957 4692 ordinem
987 4637 1157 4691 tacuit
1183 4636 1546 4692 simulacrum
1570 4676 1587 4702 ,
1614 4637 1754 4691 nihil
1781 4654 1928 4693 nunc
1954 4639 2128 4709 magis

2236 4632 2404 4702 πήκει
2445 4631 2702 4685 καὶκατὰ
2730 4631 2893 4700 φύσιν
2924 4633 3147 4704 τρόπον,
3179 4634 3332 4687 οὐδέν
3363 4653 3416 4689 τι
3441 4637 3642 4707 μᾶλλον
3670 4638 3805 4709 ﬁmi.

541 4746 713 4801 quam
742 4736 905 4783 antea
937 4726 1252 4799 proferens.
1275 4729 1655 4795 interrogatus
1685 4746 1818 4800 ergo
1848 4745 1876 4784 a
1907 4728 2130 4787 Juliano

541 4836 644 4876 cur
672 4822 909 4877 maxime
937 4826 1148 4875 taceret
1166 4820 1363 4890 Apollo
1383 4860 1399 4885 ,
1427 4821 1715 4890 completis
1744 4831 1926 4878 tamen
1950 4822 2128 4877 omni-

540 4913 651 4971 bus
674 4931 795 4985 qua:
820 4916 885 4968 ad
915 4914 1030 4969 hazc
1056 4914 1360 4969 constituta
1386 4920 1578 4969 essent
1598 4954 1612 4977 ,
1637 4915 1921 4983 respondit
1951 4914 2131 4987 Baby-

539 5007 651 5063 lam
685 5014 798 5063 tum
833 5006 1000 5077 hujus
1037 5012 1153 5060 tum
1198 5004 1540 5075 reliquarum
1578 5006 1884 5077 imaginum
1923 5007 2131 5061 silentii

541 5099 877 5170 praecipuam
907 5111 1034 5153 esse
1060 5110 1325 5161 causam,
1357 5096 1509 5166 quod
1541 5111 1742 5167 nempe
1777 5097 2133 5167 sepultusja-

542 5200 694 5246 ceret
735 5192 793 5245 in
835 5185 1184 5261 Daphne,'et
1226 5187 1303 5244 dii
1335 5189 1575 5245 cadaver
1606 5189 1726 5261 ejus
1759 5191 2132 5247 abhorrentes

542 5282 668 5337 ideo
694 5281 763 5336 ad
791 5297 920 5337 suas
948 5281 1108 5337 sedes
1140 5281 1328 5336 venire
1358 5296 1467 5336 non
1498 5281 1866 5337 sustinerent.
1899 5281 2134 5339 Nolebat

544 5376 693 5430 enim
720 5375 1065 5431 verissimam
1097 5374 1317 5445 aperire
1347 5389 1572 5430 causam
1595 5415 1612 5442 ,
1643 5390 1766 5445 quae
1797 5382 1982 5430 tamen
2017 5390 2131 5430 non

546 5468 774 5522 omnino
804 5481 929 5521 eum
968 5466 1211 5532 latebat,
1245 5466 1446 5522 adesse
1480 5466 1698 5522 scilicet
1728 5466 1994 5535 majorem
2030 5481 2131 5538 po-

545 5558 779 5615 tentiam
801 5560 949 5629 ,'qua
975 5558 1287 5614 daemonum
1316 5560 1668 5631 Operationes
1692 5559 2130 5630 impedirentur;

546 5666 617 5708 eo
644 5651 730 5707 vel
760 5653 936 5724 magis
964 5650 1112 5721 quod
1140 5651 1358 5706 daemon
1386 5694 1401 5719 ,
1432 5652 1527 5723 qui
1560 5652 1865 5724 Apollinem
1899 5653 2129 5724 agebat,

548 5744 599 5800 ei
629 5743 778 5801 clare
808 5750 862 5798 et
892 5751 1122 5814 aperte,
1168 5744 1253 5798 uti
1299 5743 1591 5810 referunt,
1638 5744 1875 5803 dixisset
1914 5762 1975 5804 se
2018 5762 2129 5802 non

548 5852 710 5907 posse
737 5836 1071 5908 respondero
1102 5847 1327 5907 propter
1362 5836 1643 5908 Babylam.

2232 4724 2448 4796 πρόσθε·
2466 4724 2867 4795 φθεγγόμενον,
2900 4725 3139 4780 ἐνταῦθα
3158 4728 3260 4799 ἥδη
3290 4727 3427 4799 πρὸς
3458 4730 3553 4783 τοῦ
3594 4732 3805 4784 Ἰουλια·

2232 4818 2325 4873 νοῦ
2360 4818 2719 4889 ἐρωτώμενος
2747 4820 2843 4873 καὶ
2890 4820 3012 4874 καθ’
3036 4821 3064 4875 ὃ
3093 4838 3149 4875 τι
3186 4822 3424 4891 μάλιστα
3448 4824 3695 4895 σιωπώη,
3719 4825 3806 4878 καὶ

2231 4913 2412 4966 ταῦτα
2444 4913 2668 4967 πάντων
2694 4912 3060 4967 τελεσθέντων
3092 4915 3185 4968 ἐπ’
3207 4914 3358 4986 αὖτῷ
3388 4917 3499 4970 τῶν
3526 4920 3806 4990 νομιζομέ⁴

2231 5021 2340 5058 νων
2361 5005 2491 5076 παρ’
2521 5005 2726 5069 αὐτοῖς,
2752 5005 3001 5059 Βαϐύλαν
3019 5005 3126 5076 ἔφη
3166 5010 3267 5077 τῆς
3295 5009 3509 5079 σιωπῆς
3536 5009 3721 5064 τούτου
3752 5026 3805 5062 τε

2233 5100 2327 5152 καὶ
2357 5100 2464 5152 τῶν
2479 5097 2688 5152 λοιπῶν
2723 5099 3063 5168 ἀγαλμάτων
3087 5099 3413 5155 αἰτιώτατον
3451 5099 3617 5168 εἶναι,
3651 5102 3804 5157 αὐτοῦ

2233 5192 2293 5244 έν
2329 5194 2397 5262 τῇ
2437 5192 2626 5262 Δάφνῃ
2655 5190 2940 5262 κειμένου,
2963 5191 3038 5256 ὡς
3065 5192 3175 5245 τῶν
3208 5192 3348 5247 θεῶν
3374 5194 3466 5247 τὸν
3498 5176 3690 5265 νεκρὸν
3715 5196 3806 5247 αὐ·

2232 5283 2326 5337 τοῦ
2368 5283 2860 5354 βδελλυττομένων,
2892 5287 2988 5338 καὶ
3025 5285 3115 5339 διὰ
3142 5286 3301 5339 τοῦτο
3344 5290 3457 5351 τοῖς
3483 5289 3630 5342 ἕδεσι
3669 5288 3807 5356 σφῶν

2233 5376 2526 5448 ὲπιφοιτᾷν
2565 5377 2667 5429 οὐκ
2711 5376 3076 5446 ἀνεχομένων.
3130 5379 3205 5431 Οὐ
3252 5380 3364 5449 γὰρ
3415 5378 3674 5449 ἠϐούλετο
3718 5378 3807 5449 τὴν

2233 5467 2612 5539 ἀληθεστάτην
2642 5468 2822 5521 αἰτίαν
2874 5469 3073 5532 εἰπεῖν,
3106 5471 3168 5524 οὐ
3202 5470 3611 5539 παντάπασίγε
3646 5469 3805 5538 αὐτῆς

2233 5559 2637 5631 ἁνεπαίσθητος
2666 5560 2927 5630 γεγονὼς,
2959 5562 3040 5616 ὃτι
3065 5562 3130 5634 δὴ
3154 5562 3420 5634 κρείττων
3460 5563 3685 5633 δύναμις
3722 5558 3803 5631 ἦν,

2232 5652 2266 5722 ἡ
2293 5651 2395 5715 τὰς
2415 5651 2526 5705 τῶν
2570 5652 2844 5723 δαιμόνων
2886 5654 3171 5724 ἐνεργείας
3213 5654 3569 5726 πεδησαμένη
3598 5670 3613 5684 “
3644 5652 3806 5717 ἄλλως

2231 5759 2288 5797 τε
2307 5742 2519 5797 καὶτοῦ
2550 5743 2805 5815 δαίμονος
2836 5744 2986 5816 αὐτῷ
3015 5744 3107 5799 τοῦ
3133 5745 3225 5799 τὸν
3253 5745 3572 5799 Ἀπόλλωνα
3594 5746 3805 5814 ὑποκρι-
3842 5732 3861 5747 ⁸

2229 5834 2467 5903 νομένου
2497 5834 2706 5903 σαφῶς,
2742 5834 3184 5907 καὶδιαρῇδην,
3205 5836 3281 5897 ὡς
3316 5835 3559 5905 λέγεται,
3592 5836 3798 5911 είρηκόυ

2234 5941 2354 5994 τος,
2393 5926 2469 5997 μὴ
2494 5925 2756 5981 δύνασθαι
2783 5927 3190 6000 ἀποκρίνασθαι
3213 5926 3300 5983 διὰ
3333 5928 3606 5984 Βαϐὑλαν.
