4026 6414
603 434 739 506 1303

2035 446 2292 509 ADDEN
2298 448 2416 516 DA.

3718 459 3827 528 130i

599 553 856 622 pietatem
885 553 1209 626 martyrium
1237 557 1410 626 passi,
1445 537 1680 629 corpora
1713 558 1923 629 jacent.
1951 557 2017 614 Et
2043 569 2164 616 tunc

2276 557 2446 611 λαιῶν
2468 557 2678 642 άνδρῶν
2700 557 2796 613 καὶ
2821 558 2982 613 ἐνίων
3011 575 3074 629 γε
3124 559 3214 613 ἐπ’
3268 561 3524 636 εὐσεϐείᾳ
3554 583 3824 642 μαρτυρω.

599 643 820 715 quidem
859 659 1080 717 capsam
1117 647 1263 703 istuc
1295 658 1680 718 portaverunt.

672 820 763 876 56.
797 820 1057 882 Julianus
1080 834 1261 882 autem
1300 829 1536 896 parabat
1573 830 1980 886 multitudinem
2013 832 2178 887 victi-

600 927 813 968 marum
871 925 926 971 et
974 918 1358 985 denariorum,
1399 931 1624 992 postera
1679 924 1768 979 die
1815 939 1941 978 cum
1984 924 2067 980 eis
2124 924 2177 978 in

597 1004 881 1076 Daphnem
924 1025 1280 1081 ascensurus,
1316 1026 1372 1070 et
1409 1026 1541 1070 tunc
1572 1017 1789 1086 quidem
1829 1033 2057 1087 sperans
2096 1033 2175 1085 se,

597 1098 644 1151 si
693 1113 805 1152 non
839 1101 1115 1167 omnium,
1159 1112 1214 1158 at
1268 1115 1419 1159 certe
1465 1105 1737 1176 Apollinis
1790 1108 2018 1162 oracula
2083 1125 2180 1164 ex-

595 1199 908 1260 cepturum.
944 1193 1003 1248 In
1033 1193 1182 1251 hunc
1217 1199 1362 1252 enim
1403 1209 1574 1252 totam
1611 1199 1783 1254 studii
1814 1201 1898 1256 sui
1936 1217 2087 1272 spem
2122 1209 2176 1257 et

595 1283 1008 1338 contentionem
1061 1285 1359 1358 dirigebat,
1406 1289 1677 1359 siquidem
1711 1291 1761 1345 ei
1807 1292 1983 1361 magis
2010 1307 2177 1363 quam

597 1369 690 1424 alii
728 1372 1048 1442 hujusmodi
1096 1377 1253 1432 locus
1287 1387 1578 1448 praestaret
1606 1380 1767 1450 juxta
1814 1391 1989 1437 artem
2035 1383 2178 1437 divi-

593 1464 789 1530 nandi,
829 1474 884 1520 et
929 1467 1153 1537 Daphne
1184 1471 1235 1524 ei
1273 1481 1602 1527 consecrata
1635 1482 1811 1540 esset,
1846 1490 1947 1530 nec
1986 1486 2177 1546 posset

592 1555 837 1611 dubitari
873 1560 1014 1629 quin
1042 1561 1091 1617 ei
1119 1563 1173 1616 in
1201 1565 1423 1633 propria
1457 1566 1586 1620 sede
1616 1567 1794 1635 major
1820 1582 1984 1638 quam
2016 1577 2175 1623 caete-

577 1648 672 1704 ‘ris
695 1649 1041 1708 daemonibus
1066 1664 1407 1724 competeret
1431 1660 1699 1729 potentia.
1715 1659 1989 1717 Eusebius
2011 1677 2177 1732 porro

593 1747 648 1796 et
678 1745 772 1811 qui
798 1743 1063 1799 dicuntur
1084 1748 1406 1804 sacerdotes
1433 1759 1600 1822 atque
1629 1753 1958 1808 aedituorum
1990 1755 2170 1820 turba,

592 1845 981 1905 exspectantes
1035 1837 1449 1908 imperatorem,
1487 1844 1746 1922 maximis
1793 1845 1847 1900 in
1901 1848 2174 1917 angustiis

591 1929 988 1993 versabantur,
1023 1930 1172 1986 circa
1222 1933 1518 2004 imaginem
1570 1938 1896 2008 vigilabant.
1929 1949 1983 1995 et
2034 1942 2172 1998 nihil

589 2031 700 2071 non
733 2019 1206 2078 machinabantur
1243 2034 1302 2079 ut
1340 2025 1616 2092 Julianus,
1649 2030 1872 2099 quando
1903 2032 2167 2100 venisset,

588 2124 711 2164 eam
759 2110 1040 2169 inveniret
1087 2115 1443 2187 loquentem;
1479 2122 1682 2176 etenim
1729 2123 1872 2178 alius
1911 2125 2171 2196 deinceps

587 2201 841 2258 dilationi
875 2222 990 2260 non
1045 2208 1466 2278 relinquebatur
1493 2222 1814 2282 praetextas.
1839 2215 1958 2270 Jam
1987 2231 2168 2274 autem

586 2309 697 2349 nox
723 2296 954 2352 multum
1007 2310 1381 2368 processerat,
1418 2320 1542 2358 cum
1574 2305 1720 2374 ignis
1757 2322 1787 2362 e
1817 2309 1958 2364 caelo
2005 2310 2170 2365 vehe-

586 2395 801 2442 menter
837 2388 1115 2446 demissus
1184 2392 1344 2448 irruit
1395 2393 1451 2448 in
1504 2399 1799 2466 templum,
1852 2416 1964 2471 quo
2003 2402 2168 2458 simul

587 2477 738 2530 omni
785 2490 1048 2547 enparte
1091 2486 1467 2555 apprehenso,
1495 2489 1670 2560 ipsam
1714 2491 2005 2563 imaginem
2043 2510 2166 2549 cum

588 2568 837 2625 donariis
869 2576 1103 2631 exussit.
1131 2578 1384 2649 Cumque
1427 2583 1616 2638 omnia
1657 2585 1822 2638 simul
1862 2585 2168 2658 conﬂagra-

585 2673 732 2731 rent,
779 2673 835 2720 et
870 2666 1012 2738 ignis
1054 2668 1213 2724 valde
1249 2672 1624 2738 extolleretur,
1659 2676 1911 2742 protinus
1960 2679 2169 2734 clamor

584 2756 782 2828 ingens
812 2759 959 2814 circa
983 2761 1154 2816 aadem
1184 2765 1450 2829 intonuit,
1479 2774 1532 2820 et
1564 2767 1700 2820 nulli
1725 2768 1925 2824 similis
1955 2771 2167 2826 exstitit

582 2851 877 2907 tumultus.
911 2851 1065 2907 Multi
1091 2855 1315 2923 quidem
1351 2858 1406 2911 in
1433 2859 1699 2912 auxilium
1729 2863 2161 2928 concurrebant,

583 2941 679 2995 scd
716 2957 874 2996 nemo
893 2957 1014 2998 erat
1037 2946 1128 3010 qui
1150 2956 1338 3016 posset
1365 2949 1476 3016 igni
1503 2952 1787 3008 resistere.
1815 2953 1878 3007 Et
1905 2955 2036 3008 dum
2071 2957 2162 3010 alii

581 3031 846 3102 praefecto
901 3033 1146 3092 Orientis
1186 3037 1321 3108 (i9),
1384 3038 1630 3106 Juliano,
1688 3058 1800 3096 rem
1861 3044 2161 3100 iudicaturi

580 3134 896 3192 currerent,
929 3127 1114 3183 stabat
1139 3131 1352 3201 reliqua
1387 3135 1550 3187 turba
1583 3135 1996 3206 obstupefacta,
2034 3154 2160 3208 spe-

2287 637 2489 721 uévwv,
2520 651 2691 706 πολλὰ
2721 651 3046 721 δεδεγμένος
3071 669 3086 685 ο
3125 653 3249 706 τότε
3284 655 3382 725 μὲν
3423 651 3523 710 οὖν
3565 637 3662 730 τὴν
3684 637 3828 736 θήκην

2281 742 2516 797 ἐνταῦθα
2543 744 2922 816 εἰσεκόμισαν.

2351 830 2460 899 νς’.
2479 834 2537 888 '0
2556 834 2613 888 δέ
2644 835 2930 897 Ἰουλιανὸς
2957 837 3402 905 παρεσκευάζετο
3418 840 3628 910 πλῆθος
3649 844 3689 896 is
3700 848 3831 915 ρείων

2279 942 2339 978 τε
2374 927 2470 979 καὶ
2493 927 2886 998 ἀναθημάτων,
2923 927 2998 991 ὡς
3022 931 3089 999 τῇ
3123 929 3393 1002 ὑστεραία
3433 933 3534 985 σὺν
3564 935 3730 1000 αὺτοῖς
3767 944 3830 1004 εἰς

2277 1017 2379 1089 τὴν
2403 1019 2624 1090 Δάφνην
2651 1019 3085 1090 ἀναϐησόμενος,
3115 1020 3211 1075 νῦν
3262 1039 3326 1090 γε
3369 1022 3433 1094 δὴ
3470 1025 3682 1089 πάντως
3707 1028 3827 1081 ἐλπί-

2281 1105 2390 1170 ζων
2427 1109 2476 1160 εἰ
2511 1107 2587 1178 μὴ
2619 1106 2727 1160 τῶν
2753 1107 2953 1175 ἄλλων,
2985 1108 3122 1162 ἀλλὰ
3152 1109 3245 1164 τοῦ
3273 1129 3338 1181 γε
3379 1112 3705 1177 Ἀπόλλωνος
3731 1120 3827 1170 τεύ-

2281 1197 2332 1263 ξε
2345 1199 2467 1253 σθαι
2502 1199 3018 1272 ἀποκριθησομένου
3039 1217 3054 1232 '
3077 1203 3173 1256 ἐπὶ
3197 1204 3387 1258 τοῦτον
3415 1205 3528 1275 γάρ
3546 1207 3689 1277 αὐτῷ
3711 1213 3827 1264 πᾶσι

2277 1293 2378 1362 τῆς
2410 1293 2721 1363 προθυμίας
2753 1295 2788 1364 ή
2847 1293 3004 1358 ἐλπὶς
3056 1289 3125 1365 ἦν
3165 1296 3259 1348 καὶ
3289 1297 3318 1347 ὁ
3347 1297 3528 1362 τόνος,
3592 1298 3664 1364 ὡς
3709 1304 3829 1376 αὐτῷ

2282 1385 2484 1456 μᾶλλον
2539 1385 2572 1458 ἦ
2605 1387 2780 1458 ἑτέρῳ
2809 1385 2870 1439 τὸ
2911 1386 3157 1440 τοιοῦτον
3203 1387 3462 1460 διαφέρον
3493 1393 3637 1445 κατά
3677 1411 3728 1447 τε
3751 1398 3830 1466 τὴν

2283 1476 2556 1547 μαντικὴν
2589 1477 2808 1548 τέχνην,
2845 1481 2940 1532 καὶ
2970 1479 3120 1550 αὐτῷ
3162 1479 3225 1533 τὸ
3277 1482 3480 1552 χωρίον
3506 1482 3652 1556 [584]
3684 1487 3829 1543 ἀνεῖτο

2278 1567 2310 1636 ἡ
2340 1566 2552 1636 Δάφνη,
2585 1567 2865 1638 νομίζοντι
2920 1569 3072 1639 αύτῷ
3097 1567 3157 1621 ἐν
3197 1587 3255 1623 τε
3283 1571 3362 1642 τῷ
3391 1573 3584 1643 οἰκείῳ
3615 1575 3749 1645 τόπῳ
3772 1581 3830 1631 εξ-

2276 1657 2473 1720 κότως,
2501 1657 2534 1728 ἢ
2567 1656 2674 1710 τῶν
2705 1658 2883 1712 ἄλλων
2925 1659 3199 1730 δαιμόνων
3235 1661 3472 1732 ὶσχύειν.
3521 1664 3580 1717 '0
3605 1665 3660 1718 δὲ
3693 1668 3830 1722 Εὐσέ-

2277 1747 2395 1812 ϐιος
2425 1750 2522 1802 καὶ
2551 1751 2600 1803 οἱ
2647 1751 2934 1821 λεγόμενοι
2989 1753 3156 1823 ἱερεῖς
3201 1755 3296 1807 καὶ
3332 1755 3446 1808 τῶν
3499 1758 3753 1828 νεοκόρων
3782 1761 3830 1813 τδ

2276 1837 2487 1907 πλῆθος
2551 1839 2986 1911 προσδεχόμενοι
3043 1841 3136 1895 τὸν
3178 1842 3432 1913 βασιλέα,
3467 1848 3529 1899 ἐν
3566 1848 3727 1915 ἀγῶνι
3754 1867 3829 1917 με·

2203 1907 2246 1963 Β
2275 1927 2428 1998 γάλῳ
2457 1907 2720 1993 ἔστασαν,
2757 1907 2853 1984 καὶ
2899 1907 3276 2004 διηγρύπνουν
3319 1937 3452 2012 περὶ
3513 1940 3578 1996 τὸ
3613 1907 3829 2016 vitalia,

2273 2017 2455 2072 πάντα
2507 2023 3057 2095 πραγματευόμενοι,
3094 2026 3243 2090 ὅπως
3269 2029 3442 2085 ἐπειδ¹
3479 2033 3550 2086 ἂν
3575 2035 3826 2108 ἀφίκηται,

2272 2109 2424 2180 τύχοι
2479 2112 2646 2166 αὑτοῦ
2695 2115 3112 2188 φθεγξαμένου·
3145 2120 3223 2184 ὡς
3277 2121 3449 2194 ἄλλης
3496 2143 3563 2194 γε
3602 2128 3738 2198 αὐτῷ
3765 2132 3829 2183 ἑτι

2274 2205 2607 2275 προφάσεως
2637 2209 2716 2271 εις
2742 2209 3013 2278 ἀναϐολὴν
3041 2212 3116 2284 μὴ
3141 2213 3612 2289 ὑπολειπομένης.
3644 2221 3830 2296 Ἐπειδὴ

2269 2295 2326 2350 δέ
2362 2299 2551 2370 πόρρω
2608 2300 2717 2353 τῶν
2769 2319 2985 2356 νυκτων
3030 2301 3120 2376 ἦν,
3185 2308 3251 2362 ἐκ
3302 2309 3396 2360 τοῦ
3471 2311 3704 2381 ούρανοῦ
3740 2315 3828 2385 πῦρ

2271 2389 2484 2459 ἀθρόως
2507 2393 2863 2462 κατενεχθέν,
2901 2397 3172 2468 ἐνέσκηψε
3197 2399 3275 2470 τῷ
3308 2400 3416 2471 νεῷ
3451 2404 3552 2454 καὶ
3582 2403 3691 2472 ἅμα
3717 2423 3826 2456 παν·

2268 2481 2500 2552 ταχὸθεν
2533 2484 2698 2538 αὐτὸν
2725 2487 3086 2557 δραξάμενον,
3125 2492 3380 2564 ἐμπιπρᾷ
3409 2495 3563 2564 αὐτῷ
3579 2496 3824 2565 ἀγάλματι

2270 2576 2366 2629 καὶ
2397 2578 2586 2640 αὐτοῖς
2621 2579 2969 2651 ἀναθήμασιν
2993 2599 3006 2612 ·
3069 2585 3290 2638 πάντων
3321 2585 3377 2638 δὲ
3407 2587 3551 2658 ὁμοῦ
3589 2594 3826 2656 2:11:91:-

2271 2671 2540 2739 γομένων,
2566 2673 2777 2725 καὶτοῦ
2812 2675 2984 2746 πυρὸς
3017 2677 3110 2730 ἐπὶ
3141 2676 3287 2747 μέγα
3317 2679 3722 2751 ἐξαιρουμένου,
3749 2683 3824 2752 βοὴ

2273 2761 2374 2832 μὲν
2398 2763 2598 2818 αὐτίκα
2629 2766 2842 2837 μεγάλη
2871 2768 3000 2842 περὶ
3042 2769 3134 2822 τδν
3186 2770 3324 2824 νεὼν
3372 2767 3459 2843 ἦν,
3489 2775 3587 2826 καὶ
3631 2774 3825 2844 θόρυϐος

2268 2855 2444 2908 οὐδενὶ
2473 2856 2688 2922 ἐοικὼς,
2742 2861 2836 2912 καὶ
2867 2861 2932 2923 δὴ
2966 2862 3178 2918 πολλῶν
3212 2855 3492 2935 ἐπαμύναι
3544 2867 3825 2938 προθύμω-

2271 2945 2472 3015 μένων,
2503 2947 2680 3013 οὐδεὶς
2727 2945 2796 3021 ἦν
2826 2953 2854 3004 ὁ
2882 2952 3021 3023 πρὸς
3059 2954 3121 3006 τὸ
3160 2955 3282 3024 ἷπῦρ
3324 2957 3602 3028 ἀντισχεῖν
3631 2959 3823 3029 δυνησὸ-

2269 3055 2453 3109 μενος.
2480 3040 2623 3094 Ἀλλ’
2644 3043 2692 3095 οἱ
2727 3043 2826 3113 μὲν
2849 3043 3000 3098 ἔθεον
3029 3045 3106 3117 τῷ
3138 3047 3358 3117 ἄρχοντι
3382 3049 3480 3120 τῆς
3523 3049 3690 3120 Ἐῴας
3713 3051 3822 3104 Ἰου-

2263 3129 2434 3202 λιανῷ
2467 3138 2826 3204 μηνύσοντες,
2883 3139 2912 3189 ὁ
2955 3137 3013 3190 δὲ
3071 3138 3262 3204 λοιπὸς
3303 3139 3457 3210 ὄχλος
3488 3140 3717 3195 ἕστασαν
3747 3140 3822 3194 ὑπ’

581 3224 740 3271 etans
770 3218 1125 3286 insperatam,
1158 3236 1279 3292 qua:
1313 3224 1596 3280 invaserat
1620 3242 1736 3293 eos,
1762 3229 2159 3289 calamitatem.

2267 3223 2587 3295 ἐκπλήξεως
2623 3225 2812 3280 θεαταὶ
2838 3225 2933 3280 τοῦ
2961 3229 3265 3299 παραδόξου
3307 3229 3409 3299 τῆς
3439 3232 3821 3304 καταλαϐούσης

581 3305 730 3378 Ignis
789 3319 972 3364 autem
1007 3311 1146 3365 nihil
1195 3312 1345 3367 aliud
1390 3316 1683 3386 tangebat,
1722 3319 1854 3374 licet
1901 3328 2056 3375 tanta
2107 3331 2162 3377 et

578 3405 692 3453 tam
725 3402 948 3471 copiosa
972 3404 1200 3459 materia
1229 3406 1343 3461 illic
1368 3408 1608 3473 adesset,
1646 3409 1752 3465 nisi
1782 3414 2046 3481 templum
2104 3414 2162 3469 in

581 3491 731 3562 quod
767 3494 1074 3559 ceciderat,
1112 3505 1166 3552 et
1192 3513 1313 3568 qua:
1344 3499 1560 3554 inerant
1592 3501 1810 3570 eidem;
1845 3504 1919 3558 ita
1954 3512 2032 3567 ut.
2064 3504 2162 3559 dc-

581 3581 689 3638 leta
721 3583 962 3655 imagine
1003 3603 1127 3640 cum
1178 3590 1457 3646 universis
1487 3591 1760 3660 donariis,
1791 3598 2162 3651 remanserint

580 3688 758 3743 pauca
815 3674 1175 3732 aediﬁciorum
1234 3682 1488 3751 vestigia,
1535 3684 1738 3739 indicia
1799 3687 2158 3755 calamitatis,

578 3777 702 3832 qua:
728 3762 906 3819 adhuc
948 3768 1322 3821 ostenduntur
1361 3777 1622 3840 tanquam
1660 3775 2040 3832 certissimum
2071 3792 2162 3833 ar-

578 3861 904 3921 gumentum
929 3851 1080 3925 ignis
1114 3855 1380 3913 divinitus
1411 3859 1669 3918 immissi.

647 4112 740 4171 57.
779 4111 1043 4169 Julianus
1085 4121 1295 4179 autem,
1329 4130 1456 4170 cum
1493 4117 1800 4175 audivisset
1838 4136 1966 4190 qua:
2007 4123 2160 4178 acci-

573 4205 794 4273 derant,
816 4207 896 4260 ira
920 4207 1185 4275 repletur,
1205 4219 1258 4262 et
1279 4223 1445 4278 grave
1466 4210 1769 4269 arbitratus
1789 4214 1834 4268 si
1856 4215 2156 4270 Christiani

571 4315 643 4355 ex
666 4299 770 4354 hoc
797 4314 930 4354 casu
959 4314 1084 4355 eum
1121 4310 1311 4355 essent
1361 4301 1724 4371 Iuditicaturi,
1754 4309 1942 4362 statim
1989 4308 2159 4379 jussit

574 4391 701 4447 illus
727 4405 759 4445 e
791 4389 986 4462 Magna
1021 4393 1257 4449 ecclesia
1293 4398 1521 4464 expelli,
1545 4398 1693 4452 omni
1726 4398 1904 4463 aditu,
1941 4400 2156 4457 foribus

575 4483 932 4538 strictissime
971 4484 1202 4550 clausis,
1239 4487 1546 4555 prohiberi,
1584 4496 1639 4542 et
1668 4491 1861 4544 omnia
1914 4493 2156 4560 pretiosa

575 4575 877 4646 publicari.
917 4575 1074 4629 Dedit
1123 4593 1346 4646 quoque
1373 4580 1670 4646 gentilibus
1709 4580 2024 4636 facultatem
2059 4584 2154 4638 in-
2188 4586 2231 4641 D

573 4667 863 4738 grediendi
923 4669 1368 4724 Christianorum
1421 4672 1709 4738 ecclesias,
1749 4684 1804 4728 ct
1846 4676 1898 4728 in
1956 4677 2153 4731 iisdem
2193 4684 2195 4686 ’

570 4775 677 4832 pro
713 4760 875 4814 libitu
924 4763 1142 4832 agendi.
1179 4761 1392 4826 Quibus
1417 4779 1446 4816 a
1479 4773 1712 4834 tyranno
1753 4775 1808 4822 et
1839 4769 2006 4838 impio
2058 4768 2154 4824 Ju-

572 4852 727 4906 liano
762 4853 1107 4916 constitutis,
1149 4853 1281 4924 quid
1333 4855 1702 4912 maximorum
1751 4862 2021 4916 malorum
2055 4880 2153 4934 pa-

567 4950 782 4999 tratum
833 4960 947 4999 non
1008 4945 1166 5001 fuit?
1226 4946 1370 5014 Quid
1431 4950 1964 5007 absurdissimorum
2041 4971 2150 5010 non

562 5035 886 5093 eﬂuderunt
939 5039 1196 5109 gentiles,
1251 5040 1513 5096 effrenata
1562 5042 1748 5113 lingua
1807 5046 2046 5100 nefanda
2097 5047 2152 5102 in

559 5128 1016 5187 Christianorum
1089 5131 1252 5186 ﬁdem
1320 5134 1684 5202 prol'crentes,
1713 5145 1768 5189 et
1820 5153 1916 5206 per
1959 5154 2154 5196 oumcs

558 5219 824 5277 civitates
845 5222 1205 5293 blasphemiis
1229 5225 1570 5280 insectantes
1596 5225 1888 5282 Dominum
1908 5239 1960 5285 et
1981 5230 2148 5287 Deum

560 5319 823 5368 nostrum
874 5313 1062 5370 Jesum
1114 5315 1458 5372 Christum?
1502 5315 1637 5372 Nam
1697 5319 1963 5386 Sebaste,
2015 5325 2146 5378 olim

561 5403 790 5472 quidem
836 5406 1120 5474 Samariae,
1152 5426 1299 5466 nunc
1327 5427 1460 5467 vero
1503 5413 1576 5467 ab
1623 5413 1837 5470 Herode
1870 5417 2148 5473 :cdilicatae

565 5505 622 5551 et
678 5494 910 5575 Sebaste
964 5502 1288 5572 appellata.
1340 5519 1468 5561 ossa
1534 5504 1706 5562 Elisei
1754 5509 2036 5579 propheta:
2090 5520 2144 5566 et

2265 3315 2466 3378 αὐτοὺς
2504 3319 2794 3386 συμφορᾶς
2833 3319 3119 3389 γενόμενοι
3146 3336 3161 3350 ·
3219 3320 3280 3372 τὸ
3310 3321 3366 3372 δὲ
3397 3320 3507 3392 πῦρ
3537 3323 3741 3386 οὐδενὸς
3763 3320 3818 3394 ἦν

2263 3407 2370 3460 τῶν
2392 3407 2570 3460 ἄλλων
2606 3409 2932 3478 ἁπτόμενον,
2989 3410 3264 3481 τοσαύτης
3308 3429 3374 3480 γε
3421 3412 3518 3466 καὶ
3556 3406 3706 3477 οὗτος
3729 3415 3818 3482 άμ-

2265 3499 2534 3568 φιλαφοῦς
2565 3499 2697 3570 ὕλης
2741 3501 2858 3553 ἐκεῖ
2907 3503 3244 3570 πεφυκυίας,
3301 3503 3384 3556 ὅτι
3419 3505 3497 3574 μὴ
3542 3506 3819 3574 μονῶτατον

2263 3591 2504 3660 ἐμπεσὸν
2536 3593 2846 3661 κατέφλεγε
2879 3593 2978 3647 σὺν
3033 3596 3143 3656 τοῖς
3189 3593 3368 3648 ἐνοῦσι
3415 3595 3493 3665 τῷ
3525 3597 3649 3666 νεῷ.
3675 3596 3742 3658 ὡς
3769 3595 3817 3647 τὺ

2266 3681 2366 3752 μὲν
2401 3682 2626 3753 ἄγαλμα
2651 3681 2746 3736 καὶ
2768 3686 2878 3737 πᾶν
2911 3685 2938 3737 ὃ
2958 3703 3012 3737 τι
3037 3686 3095 3737 ἐν
3108 3685 3458 3756 ἀναθήμασιν
3481 3684 3571 3757 ἦν,
3591 3686 3816 3750 καθάπαξ

2263 3773 2662 3841 ἀφανισθῆναι·
2703 3775 2912 3847 βραχέα
2962 3776 3022 3830 δὲ
3073 3776 3364 3847 λειφθῆναι
3401 3778 3510 3832 τῶν
3553 3779 3814 3848 οἰκοδομηο

2266 3865 2452 3935 μάτων
2479 3865 2673 3936 ἐδάφη,
2732 3869 2976 3937 μνημεῖα
3004 3868 3099 3920 τοῦ
3135 3867 3366 3935 πάθους,
3403 3868 3441 3923 ἃ
3486 3870 3580 3923 καὶ
3609 3869 3701 3923 νῦν
3747 3870 3812 3922 ἔτι

2261 3958 2558 4026 δείκνυται,
2627 3959 2960 4029 σαφέστερον
3019 3960 3081 4014 τὺ
3146 3961 3352 4031 δεῖγμα
3419 3962 3515 4016 τοῦ
3577 3963 3814 4034 θεηλάτου

2263 4050 2458 4120 πυρός.

2332 4139 2436 4206 νζ.
2470 4141 2529 4194 '0
2557 4142 2616 4196 δέ
2660 4142 2947 4207 Ἰουλιανὸς
2969 4145 3036 4199 τὰ
3063 4143 3347 4215 συμϐάντα
3376 4144 3638 4210 ἀκούσας,
3666 4145 3812 4215 ὀργῆς

2263 4250 2322 4286 τε
2356 4233 2692 4304 πιμπλᾶται,
2721 4235 2813 4287 καὶ
2841 4235 3010 4290 δεινὸν
3047 4238 3412 4309 ποιησάμενος
3446 4241 3494 4293 εἰ
3523 4240 3811 4311 Χριστιανοὶ

2261 4326 2379 4386 τοῖς
2438 4324 2852 4396 συμϐεϐηκόσιν
2909 4327 3272 4382 ἐπιτωθάσειν
3329 4329 3596 4398 μέλλοιεν,
3639 4330 3810 4383 αὐτίκα

2263 4419 2591 4489 προστάττει
2647 4419 2747 4488 τῆς
2816 4421 3076 4492 Μεγάλης
3125 4425 3324 4486 αὐτοὺς
3369 4424 3594 4490 ἐξωθεῖν
3639 4427 3810 4495 ἐκκλη-

2262 4513 2404 4576 σίας,
2433 4516 2527 4566 καὶ
2555 4513 2760 4582 ταύτην
2791 4515 2888 4584 μὲν
2917 4515 3119 4569 ἄϐατον
3154 4516 3341 4580 αὐτοῖς
3382 4518 3657 4583 παντελῶς
3693 4521 3809 4572 ἁπο-

2263 4605 2496 4672 φαίνειν,
2526 4603 2602 4666 ὡς
2639 4605 2720 4658 ὃτι
2755 4606 3140 4675 ἀσφαλέστατα
3198 4609 3370 4678 αὐτὴν
3402 4609 3553 4682 [585]
3582 4610 3809 4663 ἀποκλει-

2265 4692 2555 4757 σαμένους,
2586 4693 2655 4746 τά
2683 4694 2740 4746 δὲ
2765 4697 3027 4768 κειμήλια
3050 4698 3232 4754 πάντα
3279 4701 3577 4771 δημοσιοῦν
3599 4718 3610 4730 ·
3634 4703 3808 4756 δέδωκε

2261 4785 2316 4838 δὲ
2347 4786 2582 4848 καὶτοῖς
2623 4787 2882 4855 Ἕλλησιν
2936 4791 3139 4853 ἄδειαν,
3183 4791 3324 4846 ὥστε
3359 4794 3694 4864 εἰσέρχεσθαι
3727 4794 3807 4845 aii-

2259 4877 2386 4939 τοὺς
2414 4878 2492 4939 εἰς
2526 4877 2624 4940 τὰς
2657 4877 2766 4931 τῶν
2793 4880 3137 4948 Χριστιανῶν
3179 4884 3504 4954 ἐκκλησὲας,
3542 4885 3631 4938 καὶ
3659 4885 3808 4936 ποιεῖν

2258 4969 2358 5020 ὅσα
2390 4966 2690 5028 βούλονται.
2745 4971 2964 5024 Τούτων
3002 4973 3097 5025 οὖν
3150 4977 3301 5045 παρὰ
3330 4975 3426 5028 τοῦ
3455 4980 3704 5047 τυράννου
3728 4975 3806 5027 καὶ

2255 5058 2490 5122 ἀσεϐοῦς
2531 5059 2822 5113 Ἰουλιανοῦ
2852 5063 3280 5128 κελευσθέντων,
3311 5067 3363 5119 τί
3409 5069 3519 5120 τῶν
3564 5068 3807 5136 μεγίστων

2256 5149 2446 5202 κακῶν
2503 5151 2606 5204 οὐκ
2669 5153 2962 5223 ἐτελέσθη;
2999 5157 3049 5208 τί
3074 5156 3130 5209 δὲ
3173 5158 3284 5210 τῶν
3310 5159 3696 5230 ἀπηχεστάτων
3724 5158 3807 5210 οὐκ

2255 5239 2469 5311 ἐλέχθη,
2497 5243 2606 5295 τῶν
2635 5243 2820 5314 άφέτῳ
2867 5246 3088 5319 γλώσσῃ
3138 5247 3447 5302 λαλούντων
3504 5253 3572 5305 τά
3618 5251 3806 5321 άρρητα

2256 5331 2396 5383 κατὰ
2421 5332 2520 5401 τῆς
2552 5332 2660 5385 τῶν
2679 5334 3021 5404 Χριστιανῶν
3057 5338 3309 5402 πίστεως,
3327 5332 3433 5392 ’καὶ
3456 5339 3806 5410 βλασφημούν-

2253 5439 2364 5475 των
2397 5425 2475 5486 ei;
2506 5424 2597 5477 τὸν
2629 5427 2834 5496 Κύριον
2865 5428 2962 5481 καὶ
2991 5427 3126 5481 Θεὸν
3165 5431 3324 5501 ἡμῶν
3361 5433 3570 5502 Ἰησοῦν
3599 5432 3806 5502 Χριστὸν

2251 5514 2309 5567 ἐν
2333 5514 2535 5580 πάσαις
2563 5520 2682 5581 ταῖς
2736 5519 2956 5574 πόλεσιν
3007 5520 3156 5593 (20);
3196 5523 3283 5580 Ἐν
3320 5525 3419 5596 μὲν
3450 5526 3559 5598 γὰρ
3591 5524 3803 5592 Σεϐαστῇ

2075 5644 2310 5705 NOTZE.

638 5725 752 5808 (1?)
781 5725 840 5808 ζει
875 5734 1031 5808 textu
1061 5730 1252 5787 Greco
1285 5752 1297 5786 :
1332 5735 1421 5808 Τῷ
1445 5735 1670 5808 ἄρχοντι
1697 5725 1996 5808 τῆς”Εῴας
2022 5741 2146 5793 Ἰου-

565 5795 756 5876 λιανῷ.
791 5797 1175 5876 Dubium_no_n
1210 5809 1296 5876 est
1332 5795 1558 5876 quin'd'é
1589 5795 1921 5876 imperatore
1959 5795 2141 5866 sermo

567 5868 676 5938 sit;
707 5882 807 5927 cur
838 5883 969 5929 vero
1001 5868 1092 5929 hic
1131 5868 1448 5933 istiusmodi
1487 5868 1855 5950 appellatione
1881 5877 2137 5956 designeg

2256 5752 2366 5808 tur,
2401 5761 2526 5825 cum
2562 5747 2636 5826 sit
2667 5763 3018 5826 res_mmoris
3051 5758 3340 5824 momenti,
3371 5772 3486 5816 non
3513 5755 3799 5826 existimavi

2251 5816 2708 5882 conquirendum.
2746 5817 2905 5875 Εοιτ.
3323 5816 3336 5824 ’
3528 5823 3540 5844 ί

2312 5883 2427 5956 (20)
2457 5883 2796 5960 Philostorg.
2828 5890 2924 5949 lib.
2950 5909 3048 5951 vn.
