4026 6400
204 439 349 508 1305

1452 442 1514 505 S.
1554 442 1882 504 ARTEMII
1938 443 2221 505 PASSIO.

3293 516 3300 524 _
3323 441 3463 510 1306

199 556 273 624 τῇ
304 550 471 606 πάλαι
501 549 601 621 μὲν
630 547 941 621 Σαμαρείᾳ,
969 547 1067 603 νῦν
1097 548 1156 602 δὲ
1204 549 1351 620 παρά
1384 549 1625 620 Ἡρώδου
1663 568 1783 604 κτι-

1892 558 1939 605 et
1961 549 2190 605 Joannis
2215 549 2477 621 Baptista:
2503 549 2748 606 eloculis
2773 558 2951 621 rapta,
2976 558 3030 606 et
3047 550 3464 608 immundorum

200 643 397 714 σθείσῃ
412 642 508 696 καὶ
538 640 785 712 Σεϐαστῇ
816 639 1199 713 ὲπικληθείσῃ,
1256 641 1323 693 τὰ
1348 641 1482 695 ὀστᾶ
1525 640 1617 693 τοῦ
1648 657 1783 711 προ-

200 736 377 804 φήτου
421 732 727 786 Ἐλισσαίου
765 732 861 785 καὶ
913 729 1008 785 τοῦ
1061 730 1370 784 Βαπτίστου
1408 731 1659 786 Ἰωάννου
1718 734 1785 785 ἐκ

196 823 315 877 τῶν
364 821 546 895 θηκῶν
600 821 984 891 ἐξαγαγόντες,
1022 823 1118 875 καὶ
1186 821 1398 891 ἀλόγων
1452 822 1784 891 ἀκαθάρτων

165 902 415 977 ’ὀστέοις
490 912 895 985 προσμίξαντες
951 914 1321 977 κατέκαυσαν,
1364 916 1457 968 καὶ
1494 914 1593 985 τὴν
1635 915 1785 968 κόνιν

140 5622 171 5663 Ι

199 1008 285 1071 είς
310 1007 401 1060 τὸν
418 1005 557 1077 ἀέρα
575 1005 906 1076 ὲλίκμησαν’
928 1006 1018 1059 τὸν
1033 1005 1091 1059 δὲ
1104 1004 1200 1059 τοῦ
1221 1006 1471 1077 Σωτῆρος
1491 1006 1787 1077 ἀνδριάντα

198 1098 262 1152 δν
276 1074 508 1152 Πανέαδι
526 1100 593 1168 τῇ
610 1074 919 1167 πόλειπρὸς
939 1096 1039 1167 τῆς
1054 1074 1501 1169 αίμοῤῥοησάσης
1526 1074 1815 1169 γυναικὸςχ

199 1189 726 1245 κατασκευασθέντα
784 1189 1243 1261 μεγαλοπρεπῶς,
1275 1192 1344 1261 ἢν
1378 1193 1406 1245 ὁ
1439 1191 1676 1262 Χριστὸς
1707 1193 1787 1247 ίά-

202 1303 362 1354 σατο,
390 1289 486 1342 καὶ
514 1288 831 1359 ἱδρυνθέντα
870 1289 930 1342 ἐν
957 1289 1214 1359 ἐπισήμῳ
1244 1289 1346 1359 τῆς
1382 1288 1591 1352 πόλεως
1613 1288 1785 1358 τόπῳ,

198 1380 263 1432 ὃν
289 1380 429 1450 μετά
455 1380 643 1452 χρόνον
670 1380 1004 1447 γνωσθέντα,
1037 1383 1102 1435 ὲκ
1142 1384 1244 1453 τῆς
1280 1382 1473 1435 αὐτόθι
1509 1383 1789 1454 φυομένης

201 1473 440 1543 βοτάνης
479 1474 572 1527 τοῦ
604 1473 904 1545 θαύματος,
961 1476 1010 1528 οί
1047 1475 1366 1546 Χριστιανοὶ
1404 1476 1694 1547 ἀράμενοι,
1730 1476 1788 1528 ὲν

198 1565 285 1635 τῷ
324 1566 428 1636 τῆς
473 1566 773 1638 ἐκκλησίας
822 1566 1119 1638 διακονικῷ
1187 1567 1447 1638 ἔστησαν,
1504 1567 1694 1623 τοῦτον
1737 1569 1788 1622 οἱ

202 1658 472 1730 Ἕλληνες
512 1663 988 1725 κατασπάσαντες,
1044 1661 1153 1715 κάκ
1199 1661 1308 1714 τῶν
1339 1660 1519 1715 ποδῶν
1545 1660 1790 1731 σχοίνους

199 1749 537 1820 ἐξάψαντες,
569 1752 771 1823 ἔσυραν
832 1752 925 1805 ἐπὶ
977 1751 1077 1822 τῆς
1117 1753 1356 1823 ἀγορᾶςο
1388 1752 1495 1817 ἕως
1537 1746 1599 1805 οῦ
1647 1752 1791 1806 κατά

204 1843 407 1911 μικρὸν
423 1841 562 1895 ἀποθ
571 1843 701 1913 ραυό
709 1860 892 1915 μενος,
910 1843 1210 1915 ἠφανίσθη,
1241 1844 1411 1915 μόνης
1432 1845 1531 1915 τῆς
1545 1843 1790 1913 κεφαλῆς

1884 642 2174 697 brutorum
2207 643 2430 698 ossibus
2461 644 2723 712 pertuista
2751 646 3200 709 eombusserunt,
3233 659 3461 698 eorum-

1884 747 1993 803 que
2021 732 2241 786 cineres
2265 733 2319 785 in
2357 747 2540 786 aerem
2579 732 2943 787 ventilarunt.
2977 732 3285 790 Salvatoris
3314 750 3461 804 quo-

1885 840 1993 896 que
2026 832 2263 880 statuam
2318 826 2371 878 itt
2411 825 2637 879 civitate
2671 824 2925 880 Paneade
2968 841 2997 880 a
3055 829 3304 893 muliere,
3338 843 3463 898 quae

1887 918 2174 989 sanguinis
2208 917 2475 987 proﬂuvio
2511 918 2795 971 laborabat
2822 960 2835 983 ,
2871 926 2925 971 et
2958 935 2985 971 :t
3016 920 3237 973 Christo
3268 917 3460 975 sanata

1887 1010 2090 1074 fuerat,
2127 1012 2413 1082 magniﬁce
2456 1020 2723 1075 erectam,
2769 1020 2824 1064 ct
2858 1011 2912 1064 in
2975 1012 3177 1082 insigni
3217 1014 3465 1069 civitatis

1840 1122 1857 1139 τ
1887 1102 2009 1171 loco
2049 1102 2306 1172 positam,
2336 1118 2614 1173 quamque
2664 1110 2788 1173 post
2816 1110 3032 1173 tempus
3076 1119 3142 1157 ex
3193 1105 3461 1159 miraculo

1890 1190 2005 1251 illic
2044 1195 2410 1265 germinantis
2449 1196 2633 1251 herbae
2674 1197 2951 1265 cognitam
2988 1195 3289 1251 Christiani
3322 1199 3465 1254 tule-

1888 1298 2014 1343 rant
2036 1297 2091 1342 et
2121 1288 2173 1341 in
2211 1288 2566 1342 diaconicum
2599 1286 2712 1357 (20)
2759 1295 3060 1357 posuerant
3090 1305 3102 1341 :
3138 1288 3283 1342 illaut
3331 1305 3465 1359 gen-

1892 1379 2017 1435 tiles
2085 1380 2434 1449 dejeccrunt,
2492 1390 2548 1436 et
2590 1381 2815 1437 funibus
2871 1382 2937 1434 ad
3001 1380 3169 1452 pedes
3227 1383 3465 1453 alligatis

1889 1478 2180 1526 traxerunt
2232 1486 2330 1542 per
2380 1470 2598 1537 forum,
2638 1472 2815 1526 donec
2869 1472 3151 1527 confracta
3200 1473 3465 1542 paulatim

1890 1560 2069 1617 deleta
2117 1570 2225 1628 est,
2264 1562 2384 1615 solo
2416 1563 2610 1616 relicto
2659 1563 2876 1633 capite,
2933 1563 3076 1633 quod
3138 1577 3167 1616 a
3199 1563 3463 1633 quodam,

1890 1655 2189 1724 gentilibus
2228 1656 2723 1722 tumultuantibus,
2762 1656 3041 1710 sublatum
3080 1657 3200 1711 fuit.
3240 1658 3465 1712 luterint

1892 1746 2127 1817 gentiles
2177 1746 2499 1817 blaspltema
2551 1757 2604 1803 et
2646 1749 3023 1802 abominanda
3061 1749 3114 1803 in
3174 1748 3466 1803 Dominum

1895 1846 2151 1893 nostrum
2179 1837 2368 1893 Jesum
2392 1839 2673 1895 Christum
2698 1839 3075 1906 ell‘undebant,
3094 1841 3274 1912 qualia
3306 1858 3469 1898 nemo

201 1935 667 2005 καταλειφθείσης
717 1937 812 1990 καὶ¹
858 1935 1207 2008 ἁρπαγείσης
1258 1936 1365 1990 ὑπό
1408 1954 1554 2001 τινος
1605 1938 1664 1991 ἐν
1713 1934 1788 2007 τῷ

1897 1946 2140 2001 unquam
2176 1932 2339 1985 homo
2370 1930 2606 1985 audivit.

200 2027 554 2098 θορυϐεῖσθαι
576 2032 704 2093 τοὺς
745 2029 1034 2101 Ἕλληνας,
1110 2029 1421 2087 λαλούντων
1500 2031 1681 2085 αὐτῶν
1750 2029 2051 2102 βλάσφημα
2116 2025 2211 2079 καὶ
2261 2026 2616 2097 ἀπηχέστατα
2686 2025 2909 2099 ῥήματα
2964 2028 3044 2091 είς
3110 2026 3201 2082 τὸν
3260 2025 3468 2099 Κύριον

199 2122 363 2193 ἡμῶν
398 2123 605 2195 Ἰησοῦν
635 2124 895 2195 Χριστὸν,
934 2126 972 2179 ἃ.
1012 2125 1086 2197 μή
1117 2142 1202 2189 τις
1243 2125 1549 2197 ἀνθρώπων
1581 2126 1784 2197 ῆκουσε
1823 2120 2068 2176 πώποτε.

274 2263 380 2327 νῆ’.
402 2256 575 2321 Αὐτὸς
598 2257 656 2312 δὲ
684 2258 713 2311 ό
748 2258 1113 2323 ἀσεϐέστατος
1160 2260 1256 2315 καὶ
1294 2259 1512 2315 πάντων
1547 2274 1793 2331 παρανο-

204 2350 455 2423 μώτατος
534 2352 818 2416 Ἰουλιανὸς
873 2353 1175 2422 ὴγαλλιᾶτο
1224 2354 1317 2407 καὶ
1366 2353 1620 2423 ἔχαιρεν,
1693 2352 1790 2407 καὶ

199 2443 454 2513 γαυριῶν
474 2443 569 2497 ἐπὶ
592 2445 827 2509 τούτοις,
897 2444 1156 2499 ἐκέλευσε
1189 2446 1284 2500 καὶ
1334 2445 1426 2499 τὸν
1452 2447 1512 2499 ἐν
1566 2443 1791 2517 Ἱεροσοσ

198 2535 400 2607 λύμοις
459 2536 585 2591 ναὸν
631 2537 741 2590 τῶν
779 2537 1054 2592 Ἰουδαίων
1095 2536 1245 2610 [5861
1282 2539 1506 2609 άνιστᾷν
1543 2539 1621 2609 (d)
1650 2554 1662 2568 '
1691 2538 1789 2592 καὶ

199 2631 333 2692 τοὺς
362 2630 726 2700 Χριστιανοὺς
767 2630 869 2700 τῆς
922 2629 1134 2694 πόλεως
1185 2630 1455 2691 ἐκϐαλὼν,
1511 2634 1624 2695 τοῖς
1660 2630 1787 2684 Ἰου-

136 2788 141 2793 .
197 2720 380 2784 δαίοις
435 2718 603 2773 ἔδωκε
635 2722 911 2775 κατοικεῖν
937 2759 954 2783 ,
988 2720 1321 2785 ἀποστείλας
1359 2720 1613 2775 Ἀλύπιόν
1664 2736 1787 2775 τινα

199 2812 301 2865 τοῦ
328 2812 471 2883 μετά
506 2812 745 2882 σπουδῆς
775 2814 867 2866 τὸν
884 2813 1020 2866 Δναδν
1046 2812 1595 2883 ἀνοικοδομήσασθαι.
1614 2813 1789 2877 Αὐτὸς

198 2904 261 2957 δὲ
295 2902 638 2974 προκαθίσας
685 2904 777 2956 ἐπὶ
830 2903 925 2957 τοῦ
982 2903 1229 2973 βήματος
1260 2905 1317 2956 ὲν
1359 2907 1425 2974 τῇ
1477 2904 1785 2975 καλουμένῃ

200 2997 498 3067 Βασιλικῇ,
537 2996 792 3050 ἐκέλευσε
865 2994 1243 3067 προσαχθῆναι
1314 2995 1404 3048 τὸν
1444 2997 1725 3067 μάρτυρα
1765 3010 1780 3025 °

201 3089 607 3162 προσαχθέντος
639 3089 695 3143 δὲ
723 3088 818 3143 τοῦ
883 3090 1064 3157 ἁγίου,
1098 3090 1204 3159 ἔφη
1257 3090 1398 3160 πρὸς
1424 3090 1610 3155 αὑτὸν,
1641 3090 1785 3144 Πάν-

198 3198 313 3245 τως
360 3182 600 3252 ηκουσας
642 3181 737 3233 καὶ
796 3179 994 3245 αὐτὸς,
1030 3179 1360 3234 ἀσεϐέστατε
1404 3180 1681 3252 ’Δρτέμιε,
1723 3180 1785 3235 τὺ

199 3274 466 3345 τόλμημα
514 3271 621 3326 τῶν
673 3270 887 3325 ἀσεϐῶν
944 3270 1090 3325 κατά
1116 3272 1176 3325 σὲ
1206 3270 1588 3343 Χριστιανῶν,
1646 3272 1784 3341 ὅπερ

1960 2253 2051 2310 58.
2089 2254 2209 2325 ipse
2248 2263 2437 2309 autem
2491 2253 2861 2324 impiissimus
2896 2264 3063 2324 atque
3092 2254 3339 2311 omnium
3369 2254 3472 2311 ho-

1889 2348 2098 2402 minum
2120 2348 2583 2402 sceleratissimus
2606 2345 2879 2414 Julianus,
2906 2347 3109 2418 gaudio
3130 2350 3469 2413 exsultabat,

1888 2450 1943 2494 et
1975 2440 2329 2510 arrogantior
2362 2438 2543 2495 factus
2573 2457 2639 2496 ex
2675 2441 2764 2506 iis,
2795 2441 3090 2511 imperavit
3126 2445 3291 2499 etiam
3326 2452 3467 2500 tem-

1891 2532 2038 2602 pluttt
2069 2530 2408 2595 Iudaeorum,
2444 2534 2593 2603 quod
2632 2542 2752 2587 erat
2796 2534 3220 2607 Hierosolymis,
3268 2537 3466 2591 retudi-

1891 2623 2082 2690 licari;
2116 2624 2422 2694 eiectisque
2451 2640 2482 2680 e
2529 2625 2752 2681 civitate
2804 2625 3173 2693 Christianis.
3217 2630 3468 2684 eamdem

1887 2715 2096 2772 Judwis
2155 2718 2382 2773 tradidit
2452 2719 2847 2785 habitandam,
2900 2731 2955 2776 et
3010 2722 3162 2778 misit
3224 2724 3467 2794 Alipiuut

1888 2806 2205 2877 quemdam,
2238 2809 2333 2877 qui
2370 2808 2557 2878 templi
2588 2811 3049 2865 restaurationem
3077 2823 3313 2883 urgeret.
3351 2814 3470 2884 Ipse

1890 2914 2045 2963 vero,
2079 2900 2278 2955 sedens
2321 2916 2421 2969 pro
2453 2901 2716 2955 tribunali
2753 2903 2808 2957 in
2841 2904 2964 2959 loco
3003 2907 3091 2959 cui
3134 2921 3332 2961 nomen
3366 2906 3472 2961 Ba-

1891 2991 2070 3056 silica,
2102 2992 2274 3061 jussit
2301 3007 2487 3046 euratn
2523 2993 2648 3047 sisti
2689 3004 3010 3066 martyrem.
3045 2995 3323 3052 Producto
3368 3014 3471 3053 au-

1893 3092 1998 3138 tem
2048 3095 2284 3140 sancto:
2337 3086 2524 3153 Certe,
2578 3089 2794 3155 inquit’,
2842 3089 3052 3143 Artemi
3099 3090 3468 3160 impiissime,

1893 3184 1949 3231 ttt
1979 3191 2199 3246 quoque
2243 3178 2512 3234 audivisti
2556 3178 2741 3235 audax
2794 3180 3017 3237 facinus
3067 3183 3361 3253 impiorunt
3403 3200 3470 3240 ac

1891 3266 1969 3321 ttti
2014 3268 2279 3323 similium
2317 3270 2820 3337 Christianorum,
2881 3275 3030 3343 quod
3078 3285 3370 3344 patrarunt
3414 3279 3471 3333 in

198 3364 473 3434 ιποίησαν
502 3364 561 3415 ὲν
602 3364 790 3434 Δάφνῃ
811 3364 871 3416 ἐν
894 3362 975 3433 τῷ
997 3361 1109 3433 ναῷ
1161 3361 1256 3416 τοῦ
1305 3362 1550 3433 σωτῆρος
1592 3362 1786 3416 Ἀπόλ-

1892 3357 2135 3429 Daphne,
2167 3360 2223 3416 in
2272 3364 2477 3432 templo
2535 3365 2816 3435 Apollinis
2870 3368 3226 3424 servatoris:
3275 3385 3470 3440 quem-

199 3456 397 3521 λωνος,
431 3455 526 3508 καί
556 3453 631 3518 ῶς
650 3454 964 3525 ἐνέπρησαν
1025 3452 1191 3507 αὑτοῦ
1230 3454 1324 3508 τὸν
1376 3453 1504 3508 ναὸν
1537 3455 1637 3507 σὺν
1682 3455 1793 3513 τοίς

199 3548 576 3619 ἀναθήμασιν,
612 3548 708 3601 καὶ
736 3548 797 3600 τὸ
818 3546 1092 3617 πάντιμον
1130 3547 1225 3600 καὶ
1278 3546 1596 3617 θαυμαστὸν
1620 3544 1791 3614 ἀγαλ-

206 3659 289 3714 μα
313 3640 651 3714 ὲξηφάνισαν
678 3656 693 3670 ’
730 3639 847 3694 ἀλλ’
877 3640 938 3693 οὺ
968 3640 1301 3711 χαρήσονται
1355 3638 1792 3704 ὲπιτωθάζοντες

202 3737 302 3791 καὶ
336 3733 693 3806 χλευάζοντες
722 3734 792 3788 τά
817 3734 1092 3803 ἡμέτερα·
1134 3733 1245 3802 ἐγὼ
1275 3735 1384 3806 γάρ
1424 3735 1665 3789 ἀποτίσω
1692 3734 1791 3806 την

201 3827 352 3898 ὑπὲρ
376 3826 568 3881 τούτου
615 3825 803 3897 ποινὴν
828 3824 1331 3896 ἑϐδομηκοντάκις
1381 3826 1552 3893 ἑπτὰ,
1607 3826 1789 3894 καθώς

201 3935 345 3991 φασι
377 3919 446 3973 τά
478 3918 724 3990 ὑμέτερα
748 3917 927 3986 λόγια.

278 4063 380 4119 νϐ’.
437 4062 548 4115 Καὶ
580 4062 608 4115 ό
637 4061 849 4132 μάρτυς
884 4077 898 4092 ο
933 4061 1183 4114 ΙἬκουσα
1230 4058 1307 4123 ῶς
1342 4056 1604 4129 θεήλατος
1650 4055 1788 4127 ὀργὴ

204 4156 304 4211 καὶ
334 4154 447 4226 πῦρ
471 4155 765 4225 οὐρανόθεν
792 4153 1071 4206 κατελθὼν
1109 4152 1382 4221 κατέφαγε
1406 4150 1495 4204 τὸν
1528 4149 1650 4202 θεόν
1669 4165 1785 4215 σου,

204 4246 307 4300 καὶ
343 4246 510 4300 αὑτοῦ
536 4246 627 4300 τὸν
657 4244 786 4299 ναδν
818 4245 1120 4315 ἐνέπρησεν
1151 4243 1330 4297 πάντα
1359 4241 1453 4296 καὶ⁸
1486 4240 1788 4313 κατηδάφι-

205 4340 418 4392 σενέί
475 4338 570 4393 οῦν
629 4338 752 4402 θεὸς
772 4333 861 4408 ἦν,
885 4336 939 4389 τί
990 4335 1067 4407 μὴ
1101 4334 1297 4388 ἑαυτὸν
1350 4336 1415 4388 ὲκ
1457 4333 1552 4387 τοῦ
1618 4333 1791 4405 πυρὸς

203 4429 481 4501 ἐρρύσατο
524 4447 539 4497 ;
604 4430 714 4483 Καὶ
769 4430 797 4482 ό
850 4427 1176 4499 παραϐάτης
1213 4441 1228 4457 ⁸
1283 4427 1437 4496 Τάχα
1481 4426 1574 4479 καὶ
1626 4426 1789 4488 αὐτὸς

204 4524 395 4587 ἔοικάς
427 4540 540 4593 μοι,
583 4520 940 4581 ἀνοσιώτατε,
995 4522 1287 4592 κερτομεῖν
1322 4521 1415 4573 ἐπὶ
1467 4518 1643 4572 τοῖσδε
1694 4518 1789 4570 καὶ

205 4614 679 4685 κατακακχάζειν,
700 4613 774 4676 ὠς
798 4612 890 4666 ἀτε
906 4612 1061 4685 παρά
1087 4612 1183 4665 τοῦ
1223 4610 1358 4665 Θεοῦ
1392 4628 1483 4664 σου
1508 4609 1788 4681 ἑκδίκησὲν

1894 3452 2193 3508 admodum
2231 3456 2450 3511 scilicet
2494 3460 2879 3513 sanctuarium
2908 3461 3031 3530 ejus
3065 3478 3192 3517 cum
3227 3463 3471 3519 donariis

1893 3549 2236 3613 exusserint,
2261 3556 2318 3604 et
2352 3549 2594 3605 maxime
2642 3552 3019 3606 venerandam
3052 3568 3117 3608 ac
3163 3555 3471 3611 mirabilem

1893 3637 2271 3694 destruxerint
2320 3642 2639 3711 imaginem.
2675 3642 2781 3697 Sed
2834 3659 2943 3698 non
2984 3646 3303 3715 gaudebunt
3347 3650 3475 3703 irri-

1893 3731 2143 3789 siouihus
2191 3743 2246 3789 et
2294 3735 2551 3790 ludibriis
2604 3738 2882 3805 prosecuti
2911 3750 3135 3800 nostra;
3167 3755 3269 3810 ego
3322 3742 3471 3796 enim

1892 3838 1992 3892 pro
2024 3839 2090 3879 eo
2129 3826 2346 3897 exigam
2388 3841 2585 3898 poenas
2625 3832 2921 3900 septuagies
2953 3832 3167 3901 septies,
3200 3842 3257 3887 ut
3291 3842 3473 3889 vestra

1892 3918 2086 3974 dicunt
2112 3920 2352 3991 eloquia.

1960 4057 2053 4112 59.
2094 4057 2401 4127 Respondit
2438 4068 2691 4130 martyr:
2736 4059 2933 4116 Audivi
2970 4062 3212 4118 divinam
3249 4064 3385 4119 iram
3415 4074 3471 4121 et

1891 4146 2073 4217 ignem
2142 4150 2366 4204 caelitus
2417 4150 2727 4203 immissum
2802 4156 3224 4223 consumpsisse
3304 4154 3468 4211 detmt

1891 4249 2068 4308 tuum,
2093 4242 2326 4312 ejusque
2350 4244 2611 4310 templum
2633 4244 2951 4300 incendisse
2973 4260 3037 4300 ac
3057 4262 3283 4315 prorsus
3311 4264 3469 4303 ever-

1890 4334 2044 4390 tisse.
2072 4334 2127 4388 Si
2162 4336 2330 4406 igitur
2358 4337 2494 4391 deus
2524 4345 2646 4391 erat
2671 4377 2687 4403 ,
2720 4352 2821 4391 cur
2850 4352 2909 4391 se
2946 4339 3063 4408 ipse
3096 4355 3161 4392 cx
3196 4339 3323 4410 igne
3355 4356 3469 4395 non

1890 4426 2179 4481 servavit?
2238 4427 2308 4480 Et
2369 4437 2624 4497 apostata
2685 4446 2698 4484 :
2748 4427 2916 4485 Forte
2966 4437 3021 4484 et
3071 4438 3129 4485 tu
3186 4432 3469 4489 scelestis-

1890 4518 2051 4585 sime,
2084 4519 2291 4575 videris
2320 4521 2452 4574 mihi
2495 4522 2583 4576 ltis
2639 4522 2909 4577 insultare
2940 4532 2995 4578 et
3036 4524 3103 4577 ad
3142 4524 3312 4579 risum
3352 4541 3468 4579 tuo-

1891 4625 2041 4673 verc,
2079 4612 2242 4679 quasi
2276 4627 2305 4663 a
2350 4609 2459 4664 Deo
2505 4618 2601 4665 tuo
2632 4611 2935 4666 vindictam
2987 4613 3232 4683 aliquam
3271 4630 3469 4669 consc-

202 4724 332 4760 τινα
376 4705 829 4776 προσδεξάμενος.
861 4704 971 4756 Καὶ
999 4703 1028 4756 ὁ
1056 4703 1265 4775 μάρτυς
1286 4718 1300 4732 ·
1338 4699 1481 4769 Ἐγὼ
1527 4700 1782 4765 πάντοτε,

1892 4709 2054 4757 cutus
2084 4702 2300 4756 luisset.
2333 4701 2398 4756 Et
2438 4713 2646 4775 martyr
2674 4722 2687 4759 :
2726 4705 2838 4775 Ego
2870 4721 3106 4775 semper,
3135 4706 3331 4777 inquit,
3364 4709 3469 4762 im-

204 4798 640 4861 δυσσεϐέστατε,
674 4799 767 4851 ἐπὶ
806 4799 873 4868 τῇ
933 4796 1042 4849 τῶν
1098 4796 1368 4866 δαιμόνων
1434 4797 1641 4848 πτώσει
1676 4793 1787 4846 τῶν

205 4891 365 4962 παρά
381 4890 475 4944 σοῦ
508 4890 833 4962 τιμωμένων
867 4886 1140 4960 κομπάζω
1170 4889 1266 4942 καὶ
1296 4888 1472 4959 χαίρω
1506 4888 1599 4941 καὶ
1626 4886 1790 4955 ἀγαλ-

203 4984 336 5038 λιῶ’
363 4984 459 5037 καὶ
495 4984 589 5037 ἐπὶ
618 4984 784 5035 πᾶσιν
817 4977 896 5045 οἷς
924 4981 953 5032 ὁ
987 4980 1221 5052 Χριστός
1266 4997 1369 5050 μου
1408 4980 1787 5050 τερατουργεῖ,

203 5076 543 5149 τερπόμενος
570 5074 782 5145 γέγηθα
801 5091 814 5105 ·
846 5074 1127 5144 ἐκδίκησιν
1146 5072 1203 5126 δὲ
1234 5071 1343 5125 τῶν
1370 5071 1449 5134 είς
1486 5068 1587 5140 ἐμὲ
1614 5086 1788 5141 πρατ-

203 5168 453 5239 τομένων
477 5167 629 5239 ποιρά
678 5164 797 5231 σοῦ,
852 5166 972 5218 ἐκεῖ
1021 5164 1246 5234 δέξομαι
1306 5160 1458 5216 ὅποτ’
1493 5161 1559 5215 ἂν
1588 5161 1650 5214 τὸ
1675 5160 1787 5231 πῦρ

205 5260 389 5312 ὲκεῖνο
424 5257 485 5309 τὸ
505 5255 804 5326 άκοίμητόν
834 5272 895 5307 σε
936 5254 1312 5325 καταλήψεται
1357 5252 1450 5305 καὶ
1489 5252 1523 5323 ἡ
1551 5250 1790 5305 διαιωνί-

206 5352 381 5416 ζουσα
402 5348 622 5411 κόλασις
646 5365 659 5378 ·
690 5346 970 5401 κάνταῦθα
998 5346 1056 5400 δὲ
1080 5345 1141 5398 οὐ
1178 5343 1346 5407 πολὺς
1394 5342 1787 5413 παρελεύσεται

207 5440 422 5512 χρόνος,
456 5441 551 5492 καὶ¹
575 5438 636 5492 τὸ
660 5436 1007 5508 μνημόσυνόν
1038 5453 1131 5488 σου
1163 5436 1279 5506 μετ’
1304 5434 1439 5505 ῆχου
1486 5432 1790 5503 ἀφανισθή-

212 5533 529 5589 σεται.’Καὶ
549 5536 578 5587 ὁ
609 5533 965 5603 παραϐάτηςο
989 5531 1051 5585 Εί
1095 5526 1190 5584 οῦν
1238 5528 1502 5599 ἀγαλλιᾷς
1543 5529 1637 5581 ἐπὶ
1665 5526 1788 5582 τού-

1893 4794 2161 4864 piissime,
2182 4795 2250 4849 de
2281 4796 2587 4850 daemonum
2608 4798 2791 4862 ruina,
2817 4814 2958 4867 quos
2980 4806 3037 4852 tu
3062 4799 3219 4863 colis,
3240 4799 3467 4869 glorior,

1888 4884 2099 4956 gaudeo
2136 4894 2191 4940 et
2232 4887 2498 4941 exsulto:
2544 4895 2599 4941 et
2643 4904 2985 4959 quzecunque
3013 4889 3265 4944 Christus
3311 4905 3469 4945 meus

1892 4980 2166 5034 mirabilia
2198 4990 2480 5050 operatur,
2506 4981 2935 5036 delectationem
2966 4979 3100 5033 mihi
3129 4995 3195 5034 ae
3221 4980 3468 5034 Iretitiam

1891 5072 2134 5142 pariunt.
2168 5072 2451 5147 Ultionem
2480 5089 2610 5128 vero
2658 5089 2850 5129 eorum
2885 5088 3009 5142 quae
3056 5086 3085 5124 a
3120 5082 3174 5126 te
3206 5072 3339 5125 mihi
3375 5072 3466 5127 in~

1894 5172 2100 5219 tentata
2126 5172 2277 5231 sunt,
2310 5174 2444 5220 tunc
2474 5165 2741 5235 accipiam
2767 5164 2991 5234 quando
3033 5163 3174 5233 ignis
3200 5162 3467 5218 inexstin-

1895 5255 2121 5326 guibilis
2151 5264 2204 5311 te
2237 5255 2689 5325 comprehendet,
2722 5267 2776 5310 et
2814 5254 3147 5324 supplicium
3179 5254 3470 5324 sempiter-

1895 5360 2046 5398 num.
2076 5344 2141 5398 Et
2171 5345 2260 5399 hic
2290 5360 2513 5415 quoque
2547 5359 2699 5399 mora
2742 5359 2852 5399 non
2900 5342 3008 5399 erit
3049 5340 3184 5413 quin
3208 5344 3467 5399 memoria

1895 5442 1988 5489 tua
2021 5452 2146 5491 cum
2179 5438 2364 5491 sonitu
2401 5437 2701 5493 auferatur.
2730 5436 2888 5491 Tune
2929 5443 3222 5508 apostata:
3261 5434 3318 5489 Si
3368 5435 3468 5507 igi-

1896 5538 1986 5584 tur
2023 5530 2251 5601 gaudes,
2286 5530 2635 5603 impiissime,
2659 5531 2727 5589 de
2760 5529 3066 5603 suppliciis,
3093 5531 3273 5604 iisque
3311 5527 3466 5586 dele-

1729 5700 1964 5759 ΝΟΤιΕ.

285 5802 364 5872 (d)
388 5803 719 5875 Pltilostorg.
755 5803 860 5875 loc.
886 5802 978 5858 cit.

288 5866 404 5946 (20)
438 5866 783 5932 οἱασοηὶἱιιηι
804 5874 950 5931 idem
983 5879 1068 5931 est
1094 5886 1158 5929 ac
1190 5869 1337 5943 quod
1370 5883 1470 5927 nos
1498 5867 1662 5927 hodie
1692 5866 2004 5929 sacristiam
2040 5883 2324 5928 vocamus.
