4026 6406
609 426 747 491 tam

2030 412 2417 474 ADDENDA.

3733 410 3847 478 1308

601 540 798 599 ctaris,
828 530 1204 587 accessionem
1237 524 1335 582 tibi
1363 526 1676 598 procurabo
1708 524 2006 582 desiderati
2045 540 2183 596 gau-

2286 540 2401 585 τοις
2435 522 2531 575 καὶ
2585 520 2994 590 ὲπευφραίνεις,
3025 518 3385 583 ἀνοσιώτατε,
3418 519 3740 593 προσθήκην
3758 526 3848 592 in;

600 632 704 687 dii.
726 627 948 691 Verum,
976 623 1376 685 infelicissime,
1408 622 1506 675 tibi
1534 636 1702 692 parco
1726 638 1793 675 es
1826 619 2181 689 benignitate,

600 731 658 779 et
686 721 815 777 volo
856 726 933 782 te,
986 715 1236 785 deposita
1276 714 1546 777 amentia,
1581 728 1717 767 sana
1767 724 1951 768 mente
2005 712 2081 766 ttti
2128 718 2185 765 et

600 811 869 868 accedere
889 809 997 863 diis
1032 806 1444 861 immortalibus
1472 804 2184 861 sacrilicaturum.Summa

598 906 749 961 enim
782 902 1052 973 dignitate
1076 911 1311 955 orttalus
1344 898 1520 965 fuisti,
1540 900 1638 953 tibi
1668 900 1854 953 multa:
1885 899 2091 952 divitia:
2117 897 2185 952 ab

600 999 717 1052 alto
748 1004 807 1051 et
844 1010 875 1048 a
926 993 1236 1063 majoribus
1284 992 1649 1047 accumulatae
1696 1000 1847 1055 sunt,
1888 1000 1943 1045 et
1990 991 2201 1045 multis

598 1090 871 1143 virtutum
923 1086 1150 1141 dotibus
1183 1093 1237 1139 te
1290 1084 1368 1138 dii
1429 1083 1838 1149 honestarum,
1876 1083 2004 1138 licet
2054 1098 2181 1154 erga

602 1180 728 1237 illos
764 1179 1043 1252 ingratum
1077 1187 1130 1233 te
1158 1175 1487 1247 praebueris.

668 1437 760 1495 60.
802 1437 868 1492 Et
909 1446 1163 1509 martyr:
1216 1436 1361 1503 Quid
1409 1435 1659 1498 insanis,
1692 1434 2080 1506 iniquissime,
2128 1445 2184 1490 et

600 1529 920 1589 immoraris
945 1528 1225 1599 pestiferis
1254 1529 1641 1584 sermonibus?
1668 1528 1827 1584 Parvi
1852 1529 2031 1584 fecisti
2065 1529 2185 1583 bar-

601 1620 821 1674 baricas
872 1618 1227 1681 rebelliones,
1259 1618 1548 1689 suscepisti
1608 1619 1806 1675 bellum
1874 1618 2183 1684 Persicum,

601 1727 717 1781 quo
770 1710 1088 1765 universum
1152 1710 1341 1763 orbem
1404 1711 1667 1780 agitasti,
1709 1719 1765 1766 et
1814 1712 1870 1766 in
1918 1728 2038 1778 me,
2087 1712 2179 1766 Dei

600 1814 846 1861 servum,
864 1800 1035 1852 otium
1056 1799 1485 1853 consumis‘wic
1518 1801 1571 1853 in
1591 1816 1677 1855 me
1695 1802 1918 1871 qualem
1940 1802 2182 1857 volueris

601 1893 973 1956 sententiam;
1008 1906 1135 1945 nam
1170 1907 1271 1961 ego
1300 1892 1435 1947 deos
1477 1901 1605 1948 tuos
1635 1909 1745 1947 non
1773 1895 1966 1957 adoro,
2000 1911 2179 1965 neque

592 1984 950 2055 jussionibus
983 1983 1094 2037 tuis
1134 1998 1221 2037 tne
1265 1982 1575 2047 submitto;
1616 1985 1713 2039 sed
1754 1986 1865 2039 Deo
1894 2000 2018 2040 meo
2041 2000 2179 2056 quo-

600 2075 733 2131 tidie
763 2074 937 2128 oﬂero
971 2074 1309 2128 sacrificium
1344 2073 1523 2129 laudis
1558 2083 1614 2129 et
1651 2074 2063 2140 confessionis;
2094 2076 2181 2132 fac

598 2168 767 2238 igitur
793 2164 941 2236 quod
976 2166 1079 2227 vis.
1123 2166 1575 2221 sceleratissime.
1610 2166 1856 2222 Audiens
1897 2168 2013 2222 hinc
2046 2183 2180 2238 apo-

595 2268 746 2312 stata
774 2268 832 2312 et
867 2257 949 2310 ira
984 2256 1268 2319 incensus,
1305 2255 1544 2325 lapidum
1575 2268 1924 2326 exemptores
1953 2276 2018 2315 ac
2046 2260 2182 2331 lapi-

595 2352 815 2405 dicidas
859 2349 1261 2419 ingredijussit
1289 2349 1539 2419 dixitque
1558 2351 1639 2404 eis
1674 2368 1688 2405 :
1721 2349 2005 2407 Videtisne
2044 2368 2183 2423 pra:—

601 2450 822 2512 ruptam
884 2448 1133 2510 petram,
1180 2456 1306 2510 qua:
1352 2456 1383 2496 e
1437 2440 1663 2511 regione
1718 2443 1921 2498 theatri
1972 2445 2179 2499 civitati

604 2532 860 2586 imminet
910 2528 1321 2596 ruinosa?Qua
1367 2530 1535 2601 igitur
1572 2539 1745 2597 secta,
1789 2540 1958 2601 atque
2006 2532 2180 2587 altera

596 2626 721 2691 ejus
746 2633 902 2693 parte
938 2621 992 2675 in
1025 2622 1199 2675 altutn
1226 2621 1465 2685 elevata,
1500 2622 1649 2677 hunc
1679 2622 2013 2679 sceleratum
2045 2638 2181 2678 con-

600 2716 821 2771 stituite
870 2713 1150 2780 medium;
1214 2714 1506 2783 ruptisque
1559 2715 1831 2781 vinculis,
1874 2733 1982 2787 qua
2027 2726 2182 2788 petra

600 2808 895 2871 retinetur,
947 2805 1168 2875 dejicite
1203 2820 1325 2860 eam
1370 2805 1526 2860 omni
1556 2806 1609 2860 vi
1660 2814 1830 2876 atque
1880 2808 2088 2877 impetu
2127 2810 2182 2864 in

602 2910 815 2972 partem
838 2916 902 2954 ex
927 2916 1034 2969 qua
1063 2910 1213 2955 secta
1236 2906 1356 2962 est;
1387 2910 1443 2955 et
1470 2900 1577 2955 iste
1598 2902 1816 2957 medius
1845 2896 2183 2973 interceptus

602 2992 659 3045 in
702 2990 1111 3045 minutissimas
1156 3000 1344 3060 partes
1382 2998 1532 3045 totus
1567 3002 1905 3054 conteretur,
1950 2992 2185 3062 ejusque

602 3084 816 3138 viscera
843 3084 1033 3136 omnia
1085 3082 1519 3151 disrumpentur,
1551 3092 1613 3137 ut
1662 3084 1805 3140 sciat
1831 3083 2055 3137 cuinam
2103 3100 2186 3140 re-

600 3174 789 3240 sistat,
844 3173 900 3228 in
941 3188 1104 3244 quem
1138 3173 1574 3243 impugnandum
1620 3189 1774 3229 arma
1822 3176 2091 3242 induerit,
2128 3185 2182 3231 et

598 3265 731 3335 quid
767 3264 962 3318 auxilii
1013 3264 1064 3319 ei
1098 3264 1406 3317 collaturus
1452 3263 1527 3320 sit
1570 3262 1715 3320 Deus
1740 3264 1884 3334 ejus,
1910 3266 1957 3319 si
1987 3280 2183 3334 nempe

601 3368 799 3429 potens
837 3356 1062 3411 futurus
1100 3355 1173 3410 sit
1221 3370 1346 3411 eum
1374 3358 1588 3427 eripere
1617 3356 1686 3412 de
1731 3357 1985 3412 manibus
2023 3358 2180 3412 meis.

602 3450 919 3503 Mandatum
952 3447 1103 3502 dicto
1158 3448 1325 3501 citius
1361 3447 1673 3517 lapidicida:
1713 3449 2184 3515 exsecuti,demi-

601 3548 797 3595 serunt
851 3549 1092 3609 petram,
1128 3548 1190 3593 ut
1240 3549 1511 3609 tyrannus
1557 3539 1826 3610 jusserat.
1870 3540 2004 3608 Qua:
2054 3557 2181 3596 cum

602 3630 778 3684 tuulto
819 3629 1061 3699 pondere
1110 3628 1167 3682 in
1227 3642 1473 3698 praeceps
1515 3643 1682 3685 ruens
1715 3638 1885 3684 totum
1924 3630 2183 3700 martyris

597 3737 806 3791 corpus
884 3719 1175 3789 cooperuit
1238 3729 1404 3790 atque
1477 3720 1615 3775 adeo
1688 3722 2056 3791 compressit,
2124 3732 2184 3776 ut

597 3814 814 3868 ossium
873 3811 1288 3865 confractorum
1342 3810 1566 3866 sonitus
1631 3810 1853 3881 quidam
1897 3815 2183 3868 audiretur

600 3903 969 3970 tremendus,
1026 3902 1313 3958 horribilis
1366 3911 1421 3957 et
1488 3901 1749 3959 humanis
1805 3904 2035 3962 auribus
2097 3906 2183 3961 in-

600 4005 820 4051 ωειυε.

671 4271 762 4327 6|.
801 4271 935 4327 Cum
969 4280 1201 4329 sanctus
1242 4273 1298 4329 in
1333 4274 1511 4330 media
1553 4292 1706 4347 petra
1740 4287 2084 4345 premeretur
2128 4288 2184 4335 et

599 4372 1008 4431 contereretur,
1042 4366 1337 4420 invocabat
1362 4366 1647 4423 Christum
1674 4367 1866 4424 dicens
1898 4388 1909 4422 :
1950 4368 2013 4423 In
2033 4380 2184 4440 petra

599 4454 857 4509 exaltasti
891 4471 992 4520 mc,
1022 4456 1151 4525 quia
1181 4458 1360 4526 [actus
1402 4474 1456 4512 es
1488 4474 1603 4526 spes
1634 4476 1786 4514 mea:
1823 4462 1991 4515 turris
2026 4462 2185 4531 [orti-

2212 1873 2254 1927 Β

2210 3223 2253 3280 C

2290 636 2372 671 σοι
2397 617 2553 690 [58η
2590 618 2893 689 ποιήσομαι
2935 616 3033 670 τοῦ
3078 616 3419 687 ποθουμένου
3450 614 3846 684 ἀγαλλιάμαεως,

2308 710 2491 775 Ἀλλὰ,
2525 710 2950 780 δυσμενέστατε,
2984 708 3238 780 φείδομαξ
3287 726 3383 761 σου
3409 708 3477 761 δι’
3499 707 3710 761 οἰκείαν
3734 727 3849 781 χρη-

2288 799 2542 869 στότητα,
2600 800 2696 851 καὶ
2727 798 3001 869 βούλομαί
3027 815 3087 851 σε
3115 802 3214 867 τῆς
3262 798 3454 861 ἀνοίας
3502 798 3849 865 παυσάμενον,

2287 890 2529 959 σώφρονι
2568 889 2825 959 λογισμῷ
2868 889 3205 960 χρήσασθαι,
3253 888 3356 941 καὶ
3410 887 3733 959 προσελθεῖν
3770 888 3849 940 θύη

2286 999 2455 1036 σοντα
2500 985 2611 1045 τοῖς
2664 982 2954 1045 ἀθανάτοις
3019 982 3163 1044 θεοῖς
3210 997 3226 1013 ο
3285 981 3381 1034 καὶ
3433 980 3711 1051 ἀξιώματι
3761 984 3851 1053 γὰρ

2288 1075 2527 1145 μεγίστῳ
2554 1075 2922 1145 κεκόσμησαι,
2951 1074 3047 1128 καὶ
3076 1073 3306 1135 πλοῦτος
3337 1072 3531 1135 ἱκανὸς
3564 1071 3763 1124 ἄνωθέν
3784 1088 3848 1124 σοι

2284 1168 2381 1220 καὶ
2406 1168 2471 1219 ὲκ
2501 1166 2783 1236 προγόνων
2826 1163 3185 1236 σεσώρευται.
3225 1165 3323 1217 καὶ
3360 1163 3537 1217 πολλὰ
3570 1179 3658 1214 σοι
3677 1163 3741 1214 τὰ
3763 1163 3846 1230 τῆς

2284 1258 2487 1328 ἀρετῆς
2518 1256 2976 1327 πλεονεκτήματα
2998 1257 3049 1309 οἰ
3077 1253 3191 1308 θεολ⁸
3250 1255 3719 1324 παρεσκεύασαν,
3763 1256 3847 1306 κᾶν

2286 1347 2451 1409 αὐτὸς
2488 1347 2789 1418 ἀχάριστος
2818 1344 3007 1415 ὤφθης
3033 1346 3165 1413 περὶ
3190 1343 3413 1405 αὐτούς.

2354 1440 2418 1506 ξ’.
2449 1439 2561 1492 Καὶ
2584 1440 2615 1491 ό
2649 1438 2863 1510 μάρτυς
2887 1453 2901 1468 ·
2932 1437 2999 1489 Τί
3035 1437 3224 1509 μαίνῃ,
3263 1432 3728 1506 παρανομώτατε,
3775 1435 3848 1486 καὶ

2283 1531 2488 1602 ἀσχολῇ
2516 1532 2608 1584 ἐπὶ
2626 1534 2735 1593 τοῖς
2756 1530 3022 1602 ὀλεθρίοις
3055 1530 3298 1600 ῥήμασιν
3330 1544 3344 1593 ;
3388 1527 3605 1587 Ἐασας
3630 1525 3724 1587 τὰς
3743 1525 3847 1595 βαρ-

2285 1621 2519 1691 ϐαρικὰς
2553 1621 2979 1683 ἐπαναστάσεις,
3015 1620 3111 1672 καὶ
3164 1616 3257 1669 τὸν
3301 1613 3576 1686 Περσικὸν
3614 1612 3845 1665 ἀνεῦαλου

2285 1712 2546 1781 πόλεμον,
2582 1710 2649 1763 δι’
2685 1710 2744 1763 ὃν
2768 1709 2867 1780 τὴν
2918 1707 3248 1778 οἰκουμένην
3314 1708 3505 1758 πᾶσαν
3555 1703 3842 1767 ὲσάλευσας,

2286 1802 2383 1856 καὶ
2411 1804 2490 1865 εἰς
2526 1800 2627 1871 ἐμὲ
2658 1800 2751 1854 τὸν
2777 1798 2873 1851 τοῦ
2897 1799 3037 1851 Θεοῦ
3062 1796 3249 1851 δοῦλον
3281 1797 3528 1866 ἀσχολῇ;
3568 1794 3716 1847 sieo»
3738 1795 3845 1844 ἀπὸ·

2282 1911 2445 1964 φασιν
2475 1893 2595 1947 κατ’
2622 1890 2759 1963 ἐμοῦ
2815 1891 2935 1944 οῖαν
2980 1889 3224 1952 ἐθέλειςο
3267 1886 3377 1956 ἐγὼ
3419 1890 3533 1956 γὰρ
3571 1888 3679 1948 τοῖς
3721 1886 3839 1948 θεοῖς

2283 2002 2377 2040 σου
2397 1986 2459 2038 οὑ
2483 1983 2757 2055 λατρεύω.
2810 1980 2935 2036 οὔτε
2968 1983 3080 2044 τοῖς
3119 1982 3232 2043 σοῖς
3281 1980 3701 2051 προστάγμασιν
3730 1979 3842 2029 uno.

2281 2074 2494 2139 κόπτω,
2554 2070 2790 2142 ἀλλάτῷ
2819 2069 2939 2141 Θεῷ
2955 2062 3070 2141 ’μου
3112 2068 3237 2122 καθ’
3284 2069 3527 2139 ἑκάστην
3570 2068 3843 2138 προσφέρω

2282 2165 2474 2219 θυσίαν
2522 2164 2786 2225 αἰνέσεως
2838 2163 2935 2216 καὶ
2976 2159 3423 2231 ὲξομολογήσεως
3454 2177 3468 2191 ’
3519 2160 3666 2212 ποίει
3710 2155 3835 2211 οὖνὸ

2282 2258 2479 2321 θέλεις,
2508 2256 2977 2327 παρανομώτατε.
3018 2255 3202 2308 Ταῦτα
3226 2256 3259 2307 6
3285 2252 3615 2325 παραὸἀτης
3629 2254 3839 2316 ἀκούσας

2280 2352 2378 2404 καὶ
2396 2351 2612 2421 πλήρης
2646 2348 2822 2419 θυμοῦ
2848 2348 3163 2419 γενόμενος,
3186 2348 3457 2417 λατόμους
3482 2348 3577 2399 καὶ
3598 2346 3841 2412 item;

2280 2444 2567 2497 ἐκέλευσεν
2593 2442 2875 2505 εἰσελθεῖν,
2909 2442 3004 2494 καί
3038 2458 3173 2511 φησι
3206 2439 3341 2508 προς
3380 2439 3586 2501 αὐτούς
3609 2454 3625 2467 ⁸
3672 2438 3839 2510 Ὁρᾶτε

2279 2534 2379 2606 τὴν
2432 2536 2707 2605 ἀπότομον
2752 2535 2962 2605 πέτραν
3012 2532 3114 2604 τὴν
3157 2532 3425 2585 ἀπέναντι
3477 2529 3581 2583 τοῦ
3636 2529 3840 2598 θεάτρου

2281 2627 2419 2699 πρὸς
2441 2627 2500 2681 τὸ
2528 2628 2796 2690 κάταντες
2825 2626 2924 2695 τῆς
2952 2624 3160 2687 πόλεως
3191 2624 3500 2695 ῥέπουσαν;
3528 2620 3749 2692 Ταύτην
3769 2616 3844 2673 οὖν

2280 2721 2624 2792 δικάσαντες.
2692 2720 2787 2772 καὶ
2823 2718 2881 2771 τὸ
2913 2718 3103 2788 ἕτερον
3153 2716 3321 2787 μέρος
3356 2715 3531 2785 αὐτῆς
3584 2714 3841 2783 ἀνωφερέ-

2284 2828 2476 2885 στερον
2506 2814 2825 2884 στήσαντες,
2864 2810 3078 2863 τουτονὶ
3106 2809 3198 2861 τὸν
3220 2809 3501 2879 ἀλιτήριον
3520 2805 3841 2877 ὲμϐιϐἀσατε

2285 2908 2485 2977 μέσονο
2517 2906 2764 2967 καὶτοὺς
2793 2903 3028 2973 δεσμοὺς
3076 2899 3177 2971 τῆς
3221 2900 3429 2970 πέτρας
3462 2897 3847 2968 ὲναποῤῥήξαν-

2281 3015 2395 3060 τες,
2421 2997 2589 3066 ἄφετε
2628 2995 2768 3067 μετὰ
2791 2993 2974 3065 ῥύμης
3000 2994 3098 3047 καὶ
3126 2992 3326 3063 βάρους
3357 2988 3685 3043 ἐναπελθεῖν
3734 2988 3849 3057 πρὸς

2281 3091 2343 3144 τὸ
2375 3089 2541 3161 μέρος
2566 3088 2690 3141 ὃθεν
2738 3086 3054 3155 δεδίχασται
3083 3100 3100 3116 ο
3122 3084 3217 3137 καὶ
3262 3082 3456 3135 τούτου
3482 3081 3668 3151 μέσον
3697 3081 3852 3149 εὑρισ-

2286 3181 2521 3252 κομένου
2558 3180 2707 3242 ἄπας
2762 3177 2904 3232 κατά
2941 3177 3141 3248 μικρὸν
3170 3174 3663 3244 συνθλασθήσεται,
3692 3174 3779 3226 καὶ
3793 3172 3850 3223 τὰ

2287 3274 2440 3337 me;
2491 3272 2658 3327 αὐτοῦ
2707 3271 2890 3325 πάντα
2949 3269 3414 3341 διαρῤαγήσονται
3444 3283 3459 3298 ο
3488 3266 3553 3321 ἶν’
3607 3266 3721 3335 εἴδη
3762 3266 3851 3317 τίνι

2288 3364 2629 3425 ἀνθίσταται.
2663 3364 2758 3416 καὶ
2793 3361 2900 3414 τίνι
2931 3358 3067 3430 πρὸς
3102 3359 3285 3429 μάχην
3310 3355 3669 3422 ὲξώπλισται,
3700 3356 3783 3407 καὶ
3810 3354 3852 3406 τί

2288 3460 2443 3529 παρὰ
2464 3456 2557 3510 τοῦ
2581 3455 2719 3509 Θεοῦ
2744 3452 2910 3508 αὑτοῦ
2939 3451 3380 3523 ὠφεληθήσεται,
3408 3451 3459 3502 εἰ
3486 3449 3595 3520 ἀρα
3654 3447 3854 3517 δυνήσε-

2287 3568 2375 3603 ται
2406 3549 2571 3603 αὖτἰν
2602 3546 2887 3614 ἐξελέσθαι
2910 3548 2974 3598 ὲκ
2997 3544 3108 3597 τῶν
3152 3543 3354 3614 χειρῶν
3402 3559 3527 3613 μου.
3762 3538 3851 3592 Τοῦ

2289 3642 2453 3713 ἔργου
2512 3640 2570 3692 δὲ
2633 3631 2827 3692 θᾶττον
2883 3637 3043 3705 λόγου
3100 3634 3501 3707 περαιωθέντος
3552 3634 3770 3703 ἀφῆκαν
3813 3632 3852 3683 oi

2286 3733 2549 3799 λαξευταὶ
2596 3733 2697 3801 τὴν
2743 3730 2953 3802 πέτραν
3000 3730 3078 3792 ὡς
3110 3731 3138 3783 ό
3158 3728 3425 3800 τύραννος
3477 3726 3681 3796 ἔφησεν
3704 3742 3717 3754 ·
3745 3727 3774 3793 ή
3804 3724 3851 3775 δὲ

2291 3828 2387 3879 συν
2415 3825 2574 3896 βάρει
2607 3821 2788 3892 πολλῷ
2837 3821 2932 3874 ἐπὶ
2974 3819 3071 3873 τοῦ
3133 3818 3376 3891 πρηνοῦς
3404 3817 3687 3887 ἐνεχθεῖσα
3707 3855 3723 3879 ,
3752 3814 3852 3868 ὅλον

2288 3915 2526 3985 ἐκάλυψε
2554 3915 2618 3968 τὸ
2644 3914 2806 3984 σῶμα
2838 3912 2933 3965 τοῦ
2961 3913 3260 3984 μάρτυρος,
3293 3910 3390 3964 καὶ
3416 3909 3675 3961 τοσοῦτον
3711 3907 3853 3962 αὐτόν

2290 4008 2593 4075 ὲξεπίεσεν.
2624 4005 2766 4059 ὥστε
2814 4005 2923 4059 τῶν
2955 4004 3157 4057 ὀστέων
3184 4002 3364 4057 αὐτῶν
3393 4000 3851 4072 κατατεθραυσμέ-

2289 4117 2397 4151 νων
2433 4093 2567 4170 ἦχόν
2597 4112 2720 4149 τινα
2738 4094 3074 4165 κροτηθῆναι
3106 4091 3339 4164 φοϐερόν
3369 4109 3429 4145 τε
3453 4093 3548 4146 καὶ
3578 4090 3749 4161 βίαιον
3774 4089 3851 4141 καὶ

2292 4187 2443 4254 ξένον
2467 4186 2565 4241 ἀνθ
2573 4184 2783 4258 ρὼπινῃ
2813 4186 2975 4255 ἀκοῇ.

2362 4279 2461 4344 Ea’.
2496 4279 2607 4333 Καὶ
2636 4272 2704 4348 ἦν
2736 4278 2765 4329 ό
2800 4276 2955 4343 ἆγιος
3014 4272 3179 4344 μέσον
3207 4272 3315 4326 τῶν
3367 4271 3583 4343 πετρῶν
3608 4288 3848 4340 στενοχω-

2294 4372 2557 4444 ρούμενος
2617 4370 2713 4424 καλ⁵
2774 4367 3170 4437 ὲκπιεζόμενος
3204 4404 3220 4428 ,
3287 4366 3715 4436 ἐπικαλούμενος
3770 4364 3849 4416 τόν

2290 4465 2527 4534 Χριστὸν
2558 4462 2656 4517 καὶ
2679 4462 2886 4531 λέγων·
2917 4460 3020 4514 Ἐν
3034 4458 3223 4527 πέτρᾳ
3252 4456 3507 4527 ὕψωσὰς
3525 4475 3622 4528 με,
3646 4457 3849 4525 ὡδήγη-

603 4548 801 4601 tudiuis
842 4564 873 4599 a
920 4547 1060 4615 [acie
1093 4549 1295 4601 inimici
1342 4550 1383 4605 ¹.
1433 4549 1693 4605 Statuisti
1759 4570 1925 4623 supra
1974 4566 2181 4624 petram

2290 4556 2408 4621 σάς
2425 4573 2521 4625 με,
2544 4554 2637 4608 ὅτι
2661 4552 2957 4625 ἐγενήθης
2988 4551 3168 4618 ἐλπίς
3200 4568 3322 4620 μου
3350 4566 3363 4581 ο
3393 4552 3622 4621 πύργος
3653 4550 3850 4619 ισχύος

599 4640 757 4708 pedes
810 4654 953 4692 meos
980 4679 996 4704 ,
1054 4649 1105 4693 ct
1147 4640 1399 4695 direxisti
1453 4660 1666 4713 gressus
1705 4661 1846 4699 meos
1883 4647 1926 4701 ⁸.
1988 4650 2181 4717 Accipe

601 4732 785 4801 igitur,
825 4728 1120 4799 Unigcnitc,
1176 4733 1425 4800 spiritum
1482 4751 1679 4800 meum,
1709 4746 1757 4791 et
1790 4754 1852 4792 ne
1885 4740 2181 4797 concludas

600 4838 683 4875 me
711 4822 764 4873 in
792 4837 979 4874 manus
1016 4822 1375 4877 inimicorum.
1417 4823 1552 4880 Nam
1589 4829 1774 4884 omnia
1802 4830 1925 4899 ejus
1968 4832 2183 4889 viscera

600 4915 850 4984 disrupta
897 4921 1089 4981 erant,
1132 4918 1477 4971 comminuta
1528 4930 1922 4989 quoque-tota
1962 4926 2177 4980 ossium

600 5021 915 5077 compages,
943 5015 998 5063 et
1027 5009 1248 5079 pupillae
1276 5010 1564 5065 oculorum
1588 5012 1785 5068 orbitis
1816 5016 2179 5073 excedebant.

600 5097 805 5153 Verum
852 5099 935 5154 sic
986 5101 1577 5169 patientertolerabat
1616 5103 1825 5161 Christi
1872 5122 2181 5179 generosus

600 5190 826 5253 athleta,
862 5193 1023 5259 quasi
1055 5192 1212 5247 incus
1246 5193 1506 5260 infracta,
1541 5212 1636 5251 seu
1675 5198 1815 5267 lapis
1845 5199 2181 5260 durissimus

599 5288 656 5333 et
703 5282 855 5335 omni
910 5281 1205 5337 adamante
1247 5282 1462 5338 fortior.
1516 5284 1651 5339 Cum
1687 5301 1818 5357 ergo
1864 5297 2093 5343 sanctus
2128 5291 2182 5346 in

600 5369 784 5424 tnedio
842 5379 1119 5441 petrarum
1168 5372 1315 5427 diem
1359 5389 1423 5428 ac
1474 5384 1691 5430 noctem
1748 5389 2181 5447 perseverasset.

597 5458 769 5529 jussit
800 5460 1125 5531 ftndifragus
1140 5462 1402 5517 Julianus
1427 5464 1670 5535 disjungi
1704 5478 1913 5537 petras,
1943 5474 2184 5528 arbitra-

599 5557 693 5606 tus
740 5566 866 5606 eum
928 5552 1278 5625 disruptum,
1316 5557 1659 5612 confractum
1702 5570 1757 5615 et
1794 5572 2069 5619 mortuum
2098 5582 2184 5621 re-

602 5648 823 5714 pertum
855 5642 943 5699 iri.
966 5644 1187 5714 Apertis
1209 5654 1393 5702 autem
1420 5649 1613 5718 petris,
1644 5655 1919 5721 processit
1948 5669 2181 5715 sanctus
2228 5672 2229 5675 ‘

602 5742 660 5792 et
690 5735 1192 5795 circumambulare
1229 5740 1417 5811 coepit,
1445 5741 1623 5797 oculis
1656 5744 1877 5815 quidem
1905 5762 1972 5805 ex
2000 5750 2180 5809 orbita

677 5892 697 5925 ί
719 5890 866 5951 Psal.
908 5906 996 5949 ιι.
1034 5891 1089 5964 ε,
1118 5892 1173 5951 δ.
1239 5894 1260 5928 ³
1284 5894 1433 5952 Psal.
1460 5914 1650 5967 suis,
1691 5897 1747 5959 Ξ.

2290 4648 2407 4703 ἀπὸ
2466 4648 2794 4715 προσώπου
2851 4644 3073 4715 ἐχθροῦ
3116 4659 3129 4672 ·
3189 4642 3465 4708 farturae
3500 4642 3597 4695 ἐπὶ
3646 4642 3850 4709 πέτραν

2290 4740 2434 4807 τοὺς
2488 4739 2683 4805 πόδας
2707 4756 2850 4808 μου,
2886 4736 2985 4790 καὶ
3031 4736 3403 4798 κατεύθυνας
3453 4729 3849 4801 τὰδιοόἡμοτὰ

2285 4850 2427 4902 μου.
2453 4830 2626 4894 Δέξαι
2677 4827 3281 4895 τοίνυν-,Μονογενέ-ς,
3304 4824 3371 4878 τό
3408 4825 3643 4894 πνεῦμά
3673 4823 3848 4892 μοι’,ό

2290 4924 2463 4990 εἰδὼς
2490 4922 2606 4992 τὴν
2629 4920 3037 4989 στενοχωρίαν
3061 4936 3203 4988 μου,
3229 4917 3327 4971 καί
3375 4916 3463 4987 μὴ
3498 4917 3848 4985 cry-iaciam;

2284 5032 2362 5085 με
2375 5016 2463 5080 εἷς
2492 5013 2693 5082 χεῖρας
2722 5012 2973 5082 ἐχθρῶν.
2991 5007 3173 5064 Ἦσαν
3188 5008 3298 5079 γάρ
3326 5010 3502 5063 πάντα
3516 5009 3584 5062 τά
3607 5008 3749 5069 ἐντὸς
3764 5006 3848 5059 αὖ·

2287 5105 2385 5160 τοῦ
2429 5106 2805 5177 διερρωγότα,
2831 5107 2955 5172 ξκαὶ
3002 5104 3112 5158 τῶν
3148 5103 3323 5158 όστῶν
3356 5103 3391 5171 ἡ
3439 5101 3673 5173 ἀρμονὶα
3718 5100 3849 5151 πᾶσα

2291 5198 2753 5269 συντεθλασμένη,
2787 5200 2882 5253 καὶ
2907 5202 2955 5253 οἱ
2984 5197 3164 5268 βολϐοὶ
3206 5196 3319 5250 τῶν
3374 5195 3670 5265 ὀφθαλμῶν
3709 5195 3851 5246 ἐκπε-

2292 5292 2597 5362 πηδηκότες
2618 5292 2682 5345 ὲκ
2710 5292 2820 5345 τῶν
2850 5291 3086 5362 θυρίδων
3124 5287 3307 5345 αὐτῶν
3332 5304 3345 5317 ·
3380 5286 3518 5341 ἀλλὰ
3557 5286 3651 5339 xui.
3698 5285 3849 5345 οὕτως

2288 5378 2359 5454 ἦν
2408 5383 2762 5456 ὲγκαρτερῶν
2799 5385 2828 5436 6
2885 5382 2979 5435 τοῦ
3035 5379 3275 5454 Χριστοῦ
3306 5381 3559 5447 γενναῖος
3608 5376 3845 5446 ἀθλητὴς,

2289 5475 2479 5547 ὥσπερ
2523 5476 2718 5546 ἄκμων
2768 5475 3058 5547 ἀνήλατος,
3109 5474 3143 5545 ἢ
3199 5473 3347 5536 λίθος
3388 5473 3715 5543 ἀτέραμνος,
3769 5468 3850 5519 καὶ

2291 5572 2494 5636 παντὸς
2517 5573 2826 5642 ἀδάμαντος
2876 5571 3249 5641 ἰσχυρότερος.
3284 5570 3625 5639 Ποιήσαντος
3653 5560 3741 5619 οὖν
3766 5561 3848 5615 τοῦ

2290 5664 2446 5733 ἀγίου
2480 5666 2538 5718 ὲν
2576 5664 2727 5734 μέσῳ
2752 5664 2862 5716 τῶν
2893 5663 3110 5734 πετρῶν
3138 5660 3560 5731 ήμερονῦκτιον,
3584 5657 3849 5711 ἐκέλευσεν

2288 5757 2317 5811 ό
2346 5756 2662 5828 παράνομος
2709 5752 2999 5819 Ἰουλιανὸς
3056 5750 3444 5824 διαζευχθῆναι
3496 5747 3593 5813 τὰς
3646 5746 3848 5817 πέτρας.
