4026 6404
150 409 296 475 i309

1455 417 1514 477 S.
1545 416 1875 478 ABTEMII
1909 415 2192 476 PASSIO.

3304 412 3436 477 1310

150 522 472 598 προσδοκῶν
529 522 694 577 αὑτὸν
730 522 1074 595 διερρωγότα
1104 523 1200 577 καὶ
1225 523 1734 595 συντεθραυσμένον

1857 521 2205 578 tendentibus
2263 529 2318 577 et
2371 521 2650 592 propriam
2716 521 3157 593 relinquentibus
3219 525 3472 580 sedcnn.

143 619 248 672 καὶ
295 616 489 686 νεκρὸν
544 615 940 686 εὑρεθήσεσθαι
974 631 989 646 ο
1013 615 1396 686 άνεῳχοεισῶν
1429 616 1486 669 δὲ
1517 617 1628 670 τῶν
1649 633 1746 669 πε-

143 711 318 782 τρῶν,
345 709 568 779 ἐξῆλθεν
589 709 617 760 ὁ
646 709 802 778 ἅγιος
865 707 1189 777 περιπατῶν
1208 749 1224 772 ,
1260 708 1390 770 τοὺς
1426 708 1744 777 ὀφθαλμοὺς

143 800 293 873 ἔχων
340 800 814 872 ὲκπεπηδηκότας,
872 800 970 854 καὶ
1017 800 1117 863 τὰς
1149 800 1286 864 ἰδίας
1328 802 1492 870 ἕδρας
1520 800 1746 854 καταλι-

144 891 377 954 πόντας,
401 889 584 960 θέαμα
627 888 858 960 φρικτὸν
906 888 1004 942 καὶ⁸
1046 888 1296 960 διήγημα
1335 888 1486 954 ξένον
1533 889 1631 960 τῆς
1653 890 1747 944 ἀν-

146 980 452 1055 θρωπίνης’
493 982 756 1052 ὑπάρχων
823 979 1042 1050 φύσεως
1075 1021 1092 1045 ,
1158 979 1449 1052 ἄνθρωπος
1505 980 1745 1052 γυμνὸς,

144 1072 673 1144 κατατεθλασμένων
704 1071 869 1129 αὑτοῦ
898 1071 1007 1125 τῶν
1028 1069 1200 1126 ὀστῶν
1224 1071 1319 1126 καὶ
1345 1071 1454 1125 τῶν
1474 1070 1750 1142 ἁρμονιῶν

1853 615 2232 685 Spectacnlum
2260 615 2451 684 tttique
2482 615 2816 670 horrendum
2848 626 2904 672 et
2931 625 3143 672 natura:
3180 617 3437 674 humana:

1850 704 2105 759 mirabile
2137 704 2526 773 compendium
2559 722 2573 759 :
2609 704 2777 759 homo
2808 707 3014 772 nudus,
3051 709 3309 762 contritis
3339 724 3437 764 os-

1851 797 2007 852 sibus
2043 806 2100 851 et
2130 797 2493 865 compagibus
2537 796 2830 867 disruptis,
2870 799 3142 854 interuam
3184 800 3437 855 humanae

1853 897 2064 944 naturae
2113 888 2538 958 dispositionem
2595 903 2849 957 corpore,
2891 901 3004 959 quo
3045 890 3437 946 circumdaba-

1855 989 1970 1044 tur,
1996 979 2372 1050 egredientem
2408 977 2732 1042 ostendens,
2761 979 3079 1044 incedebat,
3106 981 3438 1051 loquebatur
3459 963 3474 978 ’

1856 1083 1911 1128 et
1951 1072 2222 1128 adversus
2251 1081 2550 1144 tyrannum
2585 1073 2752 1127 verba
2789 1071 3048 1127 faciebat.

147 1164 699 1238 συντεθραυσμένων,
726 1163 828 1235 τὴν
855 1163 1175 1233 οἰκονομίαν
1217 1163 1320 1233 τῆς
1355 1161 1705 1233 ἀνθρωπίνης
1731 1161 1950 1232 φύσεως
1971 1167 2036 1220 ὲκ
2079 1163 2176 1219 τοῦ
2233 1164 2582 1236 περιέχοντος
2612 1163 2868 1234 σώματος
2905 1162 3230 1228 ἐξελθοῦσαν
3258 1181 3436 1237 παρα-

145 1259 390 1322 δεικνὺς,
439 1255 772 1328 περιεπάτει
850 1255 1001 1330 [589]
1069 1256 1168 1311 καὶ
1215 1255 1521 1326 διελέγετο,
1581 1257 1826 1330 καὶπρὸς
1853 1259 1946 1313 τὸν
1965 1259 2232 1332 τύραννον
2265 1259 2692 1329 ἁντεφθέγγετο.

223 1346 325 1422 ξβθ.
362 1353 460 1403 ’ον
510 1349 636 1403 ἰδὼν
685 1350 716 1404 ὁ
748 1349 1076 1422 παμμίαρος
1112 1348 1428 1414 Ἰουλιανὸς,
1466 1347 1743 1418 ἕκθαμσος

145 1444 276 1506 ὅλος
305 1445 542 1513 ἐγένετο,
595 1445 690 1497 καὶ
742 1444 879 1514 πρὸς
911 1445 1039 1508 τοὺς
1071 1444 1352 1514 παρόντας
1401 1441 1742 1512 ἐφθέγξατο·

159 1537 384 1604 Ὁρᾶτε,
420 1535 548 1607 ἔφη,
575 1535 755 1607 θέαμα
789 1535 939 1602 ξένον
980 1537 1076 1590 καὶ
1104 1537 1355 1606 διήγημα
1384 1535 1486 1606 τῆς
1527 1535 1743 1606 ἀνθρω-

149 1629 320 1700 πίνης
349 1629 631 1701 ἀλλότριον
656 1628 906 1698 φύσεως;
943 1624 1031 1701 ἆρ’
1081 1629 1183 1682 οὐκ
1231 1627 1440 1698 ἐπῳδὸς
1482 1628 1578 1680 καὶ
1611 1628 1745 1696 γόης

149 1720 356 1789 πέφυκ’
387 1720 476 1774 ὅδε
499 1735 516 1786 ;
546 1715 658 1792 ἆρα
687 1721 762 1790 μή
789 1737 841 1773 τι
863 1719 1161 1790 φάντασμα
1189 1717 1286 1771 καὶ
1310 1717 1582 1788 δαιμόνων
1608 1718 1748 1770 άπα-

151 1812 338 1883 τή).ῶν
359 1811 520 1866 τοῦτο
542 1811 880 1883 τεκμήριονς
912 1811 1028 1864 Νῦν
1055 1809 1315 1881 πείθομαι
1338 1810 1432 1863 τὸν
1451 1809 1748 1882 Εὐριπίδην

150 1904 325 1972 σοφὸν
367 1900 512 1958 εἶναι
549 1905 647 1957 καὶ
683 1903 900 1956 πολλῶν
953 1903 1304 1975 πραγμάτων
1353 1906 1414 1957 ὲν
1463 1904 1748 1975 ἐπιστήμῃ

151 1998 521 2068 τυγχάνοντα,
545 1998 603 2051 ἑν
643 1997 877 2073 Ὀρέστῃ
911 1997 1040 2051 τάδε
1068 1996 1532 2070 φιλοσοφήσανταο

302 2197 425 2251 οὐκ
459 2195 593 2250 ἐστι
622 2196 828 2252 δεινὸν
853 2190 956 2251 ὧδ’
981 2196 1176 2251 εἰπεῖν
1203 2197 1373 2264 ἔπος,

303 2267 456 2336 ρὺδὲ
477 2266 667 2336 πάθος
693 2266 836 2321 οὐδὲ
866 2269 1185 2336 ξυμφορὰν
1213 2267 1533 2333 θεήλατον,

296 2330 407 2404 Ἥς
437 2341 548 2392 οὐκ
572 2330 657 2392 ἂνξ
680 2337 836 2407 ἄρετ’
863 2330 1388 2408 ἆχὶίὀςὶὶνθρώτέυυ
1431 2339 1641 2408 φύσις.

151 2451 251 2507 Μὰ
285 2452 412 2515 τοὺς
433 2449 740 2514 ἀθανάτους
769 2450 867 2505 καὶ
897 2452 1200 2522 ἀηττήτους
1236 2450 1416 2518 θεοὺς,
1450 2450 1549 2506 οὐκ
1585 2451 1750 2523 ἤλπι-

153 2541 275 2610 ζον,
303 2541 612 2614 ἄνδρες,έτι
637 2541 828 2596 τοῦτον
853 2542 946 2596 τὸν
977 2542 1324 2614 παλαμναῖον
1343 2543 1438 2597 καὶ
1469 2543 1750 2615 ἀλιτήριον

151 2636 214 2688 ἐν
247 2637 364 2700 τοῖς
398 2634 536 2701 ζῶσι
569 2634 850 2705 τετάχθαι.
902 2635 1018 2688 Νῦν
1070 2635 1129 2689 δὲ
1158 2635 1249 2690 καὶ
1300 2634 1409 2688 τῶν
1460 2635 1749 2689 ὲνδοσθίων

153 2728 326 2783 αὐτοῦ
360 2731 732 2800 ἑκραγέντων,
763 2729 861 2784 καὶ
892 2732 992 2802 τῆς
1019 2730 1288 2802 ἁρμονίας
1311 2730 1531 2801 ἀπάσης
1570 2729 1751 2783 διαλυ-

153 2821 370 2894 θείσης,
405 2825 641 2877 κινεῖται
671 2822 770 2878 καὶ
798 2823 1124 2892 φθέγγεται.
1167 2822 1310 2876 Ἀλλ’
1337 2823 1388 2878 οί
1422 2823 1535 2876 θεοὶ
1561 2821 1750 2876 τοῦτον

95 2961 97 2964 ι
151 2914 554 2986 ἐταμιεύσαντο
575 2917 658 2980 είς
675 2915 890 2970 πολλῶν
919 2914 1229 2987 ἀνθρώπων
1257 2915 1659 2987 σωφρονισμὸν,
1683 2915 1752 2968 ἵν’

151 3001 189 3080 ᾗ
214 3005 589 3078 μορμολύκιον
617 3009 730 3071 τοῖς
751 3007 815 3060 τὸ
837 3007 1038 3080 κράτος
1057 3007 1240 3060 αὐτῶν
1267 3006 1343 3079 μὴ
1379 3005 1749 3078 προσκυνοῦσι

1918 1352 2007 1408 6‘2.
2032 1352 2154 1420 Quo
2183 1353 2325 1416 viso,
2363 1351 2611 1406 nefarius
2637 1349 2895 1405 Julianus
2925 1361 3154 1421 stupore
3197 1351 3436 1406 maximo

1845 1440 2080 1497 aﬂ‘ectus
2117 1449 2227 1506 est,
2279 1451 2336 1496 et
2377 1440 2694 1500 astantibus
2736 1440 2874 1495 dixit
2911 1456 2927 1496 :
2979 1441 3260 1496 Videtisne
3311 1456 3437 1510 spe-

1846 1532 2129 1587 ctaculum
2177 1532 2285 1587 hoc
2314 1547 2521 1586 novum
2569 1541 2626 1587 et
2653 1532 3044 1602 compendium
3093 1532 3254 1596 illud,
3287 1530 3434 1601 quod

1849 1625 1919 1677 ad
1985 1623 2284 1678 luunanam
2352 1633 2612 1677 naturam
2670 1627 2946 1694 pertinere
3013 1637 3122 1679 non
3185 1622 3437 1677 videtur?

1853 1711 2048 1770 Nonne
2093 1729 2260 1784 sagus
2292 1723 2347 1768 et
2377 1715 2692 1767 iucaulalor
2729 1723 2814 1768 est
2848 1713 2982 1769 istc?
3017 1722 3116 1767 ant
3150 1723 3433 1784 specuum

1849 1808 2131 1879 quoddam
2159 1815 2215 1862 et
2255 1807 2537 1862 fallaciam
2571 1807 2886 1862 daemonum
2939 1808 3203 1862 indicium
3227 1807 3250 1859 ?
3276 1805 3435 1866 Nunc

1849 1901 1987 1956 mihi
2029 1915 2358 1973 persuasum
2383 1910 2469 1956 est
2497 1898 2816 1970 Euripidem
2845 1901 3157 1970 sapientem
3177 1896 3353 1954 inisse
3379 1907 3434 1954 et

1849 1993 2146 2048 nmltarum
2206 2008 2391 2047 rerum
2435 1992 2670 2048 scicntia
2703 1992 3028 2064 pollentem,
3061 1990 3293 2062 quando
3316 1990 3435 2046 haec

1849 2086 1907 2142 in
1932 2084 2130 2142 Oreste
2155 2084 2580 2155 philosophatur
2611 2102 2626 2139 :

1954 2196 2082 2252 Non
2112 2208 2190 2252 est
2225 2196 2340 2251 ulla
2377 2196 2506 2250 adeo
2535 2197 2790 2251 terribilis
2821 2197 2970 2252 dictu
3013 2215 3120 2262 res,

1957 2267 2140 2338 Neque
2161 2269 2412 2338 alﬂictio,
2440 2284 2570 2336 nequ
2591 2284 2600 2296 ·
2625 2268 2884 2322 divinitus
2919 2270 3081 2322 missa
3119 2267 3432 2334 calamitas,

1956 2338 2125 2409 Cujus
2149 2339 2354 2408 pondus
2377 2339 2605 2392 hominis
2636 2349 2833 2392 natura
2867 2355 2969 2393 non
2999 2339 3284 2397 sustineat.

1849 2453 1956 2509 Per
2006 2452 2142 2509 deos
2201 2452 2549 2508 immortales
2605 2460 2662 2506 et
2719 2451 2976 2515 invictos,
3017 2468 3129 2507 non
3180 2453 3434 2522 suspica-

1851 2546 1971 2609 bar,
2009 2545 2135 2608 viri,
2171 2543 2324 2598 hunc
2389 2544 2688 2600 scelestum
2721 2552 2776 2599 et
2810 2544 3042 2614 impium
3083 2542 3266 2599 adhuc
3289 2544 3436 2600 inter

1850 2639 2008 2694 vivos
2041 2637 2372 2709 computari.
2430 2636 2591 2692 Nunc
2627 2653 2778 2705 vero,
2823 2639 3134 2693 visceribus
3164 2637 3358 2692 effusis
3379 2645 3436 2692 et

1851 2733 2066 2805 integra
2092 2733 2307 2788 ossium
2366 2746 2634 2803 compage
2668 2730 2946 2802 disrupta,
2985 2739 3235 2786 movetur
3267 2741 3321 2785 et
3349 2731 3434 2786 lo-

1850 2826 2064 2896 quitur.
2134 2825 2244 2881 Sed
2288 2825 2366 2880 dii
2405 2825 2559 2880 illum
2594 2832 2948 2880 reservarunt
2980 2823 3048 2878 ad
3118 2824 3424 2878 multorum

1853 2919 2139 2974 hominum
2169 2917 2595 2978 correctionem,
2631 2924 2692 2970 ut
2713 2925 2862 2971 esset
2892 2916 3216 2970 teri-iculum
3248 2915 3318 2970 iis
3338 2915 3434 2984 qui

1851 3013 2134 3068 caelestem
2173 3027 2364 3066 eorum
2408 3011 2706 3082 potentiam
2767 3024 2878 3064 non
2919 3009 3173 3063 adorant.
3213 3008 3434 3080 Martyri

151 3098 218 3151 τὸ
257 3098 654 3170 ὑπερκόσμιον.
680 3099 790 3153 Καί
825 3116 960 3172 φησι
983 3099 1122 3172 πρὸς
1147 3099 1240 3154 τὸν
1273 3100 1557 3172 μάρτυραο
1593 3099 1749 3162 Ἰδοὺ,

1857 3113 2036 3160 autem
2098 3104 2282 3170 dixit:
2313 3103 2412 3168 En,
2445 3104 2640 3168 miser,
2677 3110 2734 3158 et
2762 3103 2944 3158 oculis
2976 3103 3228 3171 privatus
3257 3117 3340 3165 es,
3380 3109 3436 3157 et

152 3192 496 3264 ταλαίπωρε,
524 3195 619 3248 καὶ
643 3193 942 3266 ὀφθαλμῶν
967 3193 1296 3266 ὲστερήθης,
1324 3194 1550 3248 καὶτῶν
1573 3192 1750 3266 μελῶν

152 3289 417 3345 ἁπάντων
441 3289 774 3360 ἠχρείωσαι·
802 3288 932 3342 ποία
958 3283 1054 3342 οῦν
1087 3289 1169 3341 ἐτι
1200 3286 1447 3342 λείπεταί
1479 3303 1563 3340 σοι
1594 3286 1752 3351 ἐλπὶς

155 3385 299 3457 πρὸς
334 3383 396 3438 ὃν
448 3384 626 3455 μάτην
653 3383 932 3453 ήλπισαςς
967 3380 1131 3434 Ἀλλά
1171 3379 1270 3451 τὴν
1315 3379 1610 3450 εὐμένειαν
1642 3377 1752 3432 τῶν

157 3475 301 3530 θεῶν
327 3476 652 3530 ὲπικάλεσαι
673 3490 687 3504 °
726 3475 857 3538 ἴσως
880 3473 1016 3527 ἴλεοί
1050 3489 1134 3526 σοι
1167 3473 1512 3543 γενήσονται,
1545 3470 1642 3524 καὶ
1673 3471 1750 3542 μή

157 3581 222 3616 σε
245 3566 367 3628 ταίς
393 3566 450 3616 ὲν
479 3562 606 3635 ᾆδον
640 3562 898 3616 κολάσεσι
925 3560 1363 3634 παραδώσουσιν.

234 3655 336 3724 ξγ.
377 3655 438 3708 '0
467 3655 525 3708 δὲ
548 3653 644 3708 τοῦ
672 3653 915 3726 Χριστοῦ
965 3654 1178 3726 μάρτυς
1227 3651 1450 3706 κόλασιν
1487 3651 1749 3716 ἀκούσας,

158 3751 441 3821 ἐμειδίασε
462 3766 476 3780 ·
508 3749 603 3803 καί
643 3765 780 3819 φησι
809 3747 948 3818 πρὸς
977 3746 1068 3801 τὸν
1098 3745 1407 3818 ἀσυμπαθῆ
1459 3746 1556 3799 καὶ
1593 3745 1754 3814 ἀμείο

158 3841 348 3896 λικτον
376 3840 642 3912 τύραννον
666 3856 680 3870 ·
705 3840 770 3894 Ol.
799 3843 886 3892 col.
933 3837 1045 3892 θεοί
1083 3855 1152 3909 με
1177 3839 1300 3901 ταῖς
1325 3836 1615 3890 κολάσεσιν
1643 3853 1753 3891 πα-

162 3934 534 4007 ραδώσουσιν;
559 3933 656 3987 καί⁸
688 3931 807 3996 πῶς
837 3933 1063 3994 ἐκεῖνοι,
1109 3928 1426 4000 παμμίαρε,
1461 3929 1562 4001 τὴν
1616 3928 1754 3982 ἰδίαν

160 4026 390 4080 κόλασιν
436 4025 511 4096 μὴ
547 4024 919 4094 ἐκφυγόντες,
963 4023 1150 4086 ἄλλοις
1182 4020 1451 4092 βοηθῆσαι
1499 4021 1756 4090 δυνήσον-

159 4133 294 4182 ται;
340 4116 604 4180 Ἐκείνοις
633 4117 967 4187 ήτοίμασται
992 4113 1053 4168 τὸ
1094 4113 1206 4185 πῦρ
1236 4113 1298 4166 τὸ
1326 4113 1568 4177 αἰώνιον,
1604 4111 1754 4184 I390]

161 4210 406 4272 ὲγείνοις
448 4209 478 4261 ό
507 4209 793 4280 Τάρταρος
821 4207 917 4262 καὶ
932 4208 980 4260 οί
1005 4204 1306 4277 σκώληκες,
1341 4205 1433 4258 καὶ
1457 4205 1486 4256 ό
1511 4204 1756 4276 βρυγμὸς

160 4303 280 4357 τῶν
299 4302 530 4356 ὀδόντων
556 4301 586 4354 ὁ
617 4301 848 4372 μηδέπω
874 4297 1186 4370 παυόμενος
1203 4312 1220 4329 ⁸
1275 4295 1394 4367 μεθ’
1423 4290 1500 4351 ὧν
1533 4297 1630 4352 καὶ
1653 4297 1754 4350 αὒ-

162 4395 259 4460 τδς
289 4380 648 4466 ’παραδοθήσῃ
700 4392 781 4463 τῷ
831 4390 1037 4461 αἰωνίῳ
1070 4391 1166 4443 καὶ
1217 4389 1560 4461 ἀτελευτήτῳ
1599 4389 1752 4461 πυρὶ,

164 4491 251 4552 είς
276 4488 450 4541 αίῶνα
476 4485 945 4555 κολασθησόμενος
963 4500 976 4512 ·
1002 4485 1084 4536 ὅτι
1118 4482 1211 4536 τὸν
1241 4483 1470 4554 σταυρδν
1493 4481 1588 4535 τοῦ
1615 4482 1752 4535 Θεοῦ

164 4580 582 4647 κατεπάτησας,
627 4579 721 4632 καὶ
769 4577 832 4632 τὸ
863 4571 1005 4648 αἷμα
1048 4577 1111 4630 τὸ
1151 4575 1334 4646 τίμιον
1364 4575 1393 4628 δ
1418 4574 1562 4647 ὑπὲρ
1591 4569 1756 4646 ήμῶν

167 4673 411 4745 ἐξέχεεν,
429 4673 608 4727 κοινὸν
636 4668 1155 4743 ήγήσω,ὲνυ6ρίσας
1183 4668 1244 4722 τὸ
1273 4667 1498 4738 Πνεῦμα
1531 4667 1631 4739 τῆς
1661 4667 1759 4738 χά-

169 4783 325 4840 ριτος
357 4767 414 4819 ἐν
439 4759 482 4833 ᾧ
504 4764 799 4838 ήγιάσθης,
827 4763 1080 4834 δαίμοσιν
1105 4761 1367 4832 ὀλεθρίοις
1403 4759 1752 4831 πειθόμενος.

180 4862 342 4933 Ἐμοὶ
369 4860 426 4915 δὲ
457 4858 598 4930 ὑπὲρ
631 4858 824 4910 τούτου
859 4854 956 4908 τοῦ
1001 4853 1196 4926 μικροῦ
1238 4855 1490 4925 καμάτου
1536 4854 1759 4926 καὶτῆς

168 4952 433 5016 εὐτελοῦς
458 4947 731 5023 τιμωρίας
760 4943 828 5023 ἦς
855 4965 944 5019 μοι
972 4948 1372 5018 προσήνεγκας,
1425 4945 1600 5001 πολλά
1629 4947 1760 5000 άντ-

167 5044 572 5114 αποδοθήσεται
625 5038 839 5093 ἔπαθλα
881 5037 975 5091 καὶ
999 5030 1250 5106 στέφανοι
1290 5037 1618 5108 νικητήριοι,
1665 5034 1761 5100 οὓς

167 5137 515 5207 ἁναδήσομαι
545 5135 628 5196 είς
649 5132 742 5186 τὸν
763 5131 1041 5202 ἀκήρατον
1067 5127 1334 5200 νυμφῶνα
1356 5129 1494 5200 μετά
1520 5127 1761 5199 Χριστοῦ

173 5227 704 5299 ἀνακλιθησόμενος,
755 5225 852 5277 καὶ
885 5219 1161 5276 ταινιὼσει
1200 5237 1305 5290 μου
1336 5220 1436 5292 τὴν
1463 5218 1706 5289 κεφαλὴν
1733 5218 1762 5270 ὁ

171 5324 458 5393 Δεσπότης
492 5317 730 5390 Χριστὸς
762 5316 903 5386 ὑπὲρ
947 5315 1009 5367 τὸ
1036 5313 1316 5382 ἐφήμερον
1351 5310 1569 5378 στέφος,
1622 5311 1761 5382 ὅπερ

174 5418 244 5471 σὺ
304 5411 674 5486 περιδέδεσαι.
736 5406 898 5461 Ἀλλά
961 5404 1019 5458 τί
1047 5421 1138 5476 μοι
1173 5403 1348 5457 ταῦτα
1393 5402 1532 5474 πρὸς
1562 5401 1624 5455 σὲ
1669 5402 1763 5456 τὸν

172 5506 356 5576 ἀσεϐῆ
382 5506 475 5558 καὶ
504 5502 782 5572 ἀλάστορα
818 5499 1122 5570 τύραννονς
1151 5495 1422 5566 ἀπόστηθι
1471 5493 1566 5547 ἀπ’
1602 5493 1762 5564 ἐμοῦ,

175 5593 622 5667 παρανομώτατε
660 5591 756 5646 καὶ
783 5589 1000 5644 πάντων
1033 5585 1340 5657 ἀνθρώπων
1395 5583 1725 5638 ἀνοσιώτατε
1745 5599 1761 5615 ο

174 5691 324 5745 δίδου
357 5687 636 5758 ἀπόφασιν
663 5685 787 5739 κατ’
810 5681 942 5754 ἐμοῦ
965 5680 1156 5734 ὁποίαν
1192 5679 1418 5742 ἐθέλεις,
1463 5680 1557 5731 καὶ
1587 5678 1707 5732 οἷαν
1737 5679 1764 5732 ὁ

1852 3199 2097 3254 omnium
2151 3196 2528 3252 membrorum
2573 3212 2734 3252 usum
2773 3195 3042 3251 amisisti.
3082 3194 3216 3260 Quae
3252 3193 3438 3264 itaque

1853 3306 1980 3361 spes
2028 3291 2082 3344 in
2117 3305 2242 3345 eum
2290 3288 2390 3343 tibi
2425 3298 2682 3359 superest
2709 3288 2765 3342 in
2799 3303 2962 3358 quem
2996 3287 3207 3342 frustra
3240 3301 3438 3354 spera-

1852 3383 1959 3440 sti?
1992 3380 2190 3450 Verum
2224 3381 2457 3436 deorum
2499 3380 2903 3451 benignitatem
2957 3379 3150 3433 invoca
3182 3395 3198 3445 ;
3243 3377 3437 3433 forsan

1853 3475 1951 3530 tibi
1987 3473 2466 3544 propitiabuntur,
2520 3487 2626 3528 nec
2678 3472 2900 3528 tradent
2933 3481 2986 3528 te
3021 3471 3310 3543 suppliciis
3351 3470 3430 3524 iu-

1853 3567 2018 3622 ferui.

1923 3659 2014 3715 05.
2087 3658 2192 3714 Sed
2232 3657 2438 3714 Christi
2468 3665 2700 3730 martyr,
2744 3656 2982 3711 audiens
3040 3654 3341 3709 immanem
3382 3661 3439 3707 et

1852 3747 2257 3817 implacabilem
2296 3756 2592 3819 tyrannum
2622 3746 2892 3816 supplicia
2926 3749 3267 3814 loquentem,
3299 3742 3439 3795 sub-

1855 3841 1980 3896 risit
2009 3849 2065 3896 et
2085 3841 2224 3895 dixit
2253 3860 2268 3897 :
2297 3841 2452 3896 Diine
2471 3841 2548 3894 tui
2584 3839 2875 3910 suppliciis
2918 3853 3004 3891 me
3034 3836 3256 3890 tradent
3287 3833 3424 3889 ?sed

1854 3932 2156 4004 quomodo,
2199 3933 2514 3994 maledicte,
2547 3931 2664 3998 isti,
2697 3947 2824 3991 cum
2869 3929 3154 4000 propriqu
3224 3924 3440 3996 suppli-

1855 4027 2005 4082 cium
2045 4042 2154 4080 non
2193 4025 2508 4096 effugerint,
2537 4025 2662 4080 aliis
2704 4022 2965 4078 auxiliari
2997 4019 3291 4090 poterunt?
3325 4016 3440 4072 Illis

1856 4128 2086 4190 paratus
2141 4125 2227 4172 est
2272 4117 2414 4189 ignis
2469 4125 2738 4176 arternus.
2772 4115 2886 4169 illis
2929 4111 3196 4166 Tartarus
3228 4116 3282 4164 et
3313 4123 3442 4162 ver-

1857 4227 1972 4266 mes
2003 4217 2056 4264 et
2089 4208 2296 4264 stridor
2351 4207 2620 4268 dentium.
2697 4205 2790 4274 qui
2849 4217 3130 4272 nunquam
3199 4198 3438 4254 desinet.

1856 4303 1992 4357 Cum
2026 4300 2228 4370 quibus
2289 4309 2346 4354 tu
2407 4313 2627 4370 quoque
2678 4296 2912 4352 traderis
2981 4293 3091 4364 igni
3122 4301 3328 4347 aeterno
3385 4296 3443 4345 et

1858 4394 2322 4467 inexstinguibili,
2379 4394 2434 4448 in
2499 4391 2704 4450 sarcula
2758 4387 3125 4461 puniendus:
3167 4385 3295 4456 quia
3343 4383 3441 4438 Dei

1861 4502 2086 4542 crucem
2118 4485 2485 4552 conculcasti,
2520 4483 2861 4539 contumelia
2902 4477 3138 4535 all‘ecisti
3172 4475 3441 4546 Spiritum

1839 4579 2152 4634 ‘charitatis
2201 4579 2255 4633 in
2291 4592 2402 4649 quo
2437 4575 2825 4633 sanctiﬁcatus
2875 4586 2956 4637 es,
2997 4576 3052 4624 et
3111 4565 3442 4639 perniciosis

1857 4671 2202 4727 daemonibus
2240 4669 2569 4741 obsequium
2597 4664 2945 4739 prmslitisti?
2976 4661 3102 4716 Mihi
3138 4670 3318 4713 autem
3343 4672 3443 4727 pro

1860 4765 1965 4820 levi
1999 4765 2186 4819 labore
2223 4772 2278 4818 et
2301 4763 2450 4818 brevi
2487 4762 2764 4824 cruciatu,
2800 4771 2962 4830 quem
3001 4753 3135 4807 mihi
3172 4749 3438 4810 intulisti,

1861 4857 2026 4911 multa
2047 4854 2284 4922 repOsita
2317 4863 2447 4910 sunt
2475 4852 2695 4922 przemia
2717 4860 2771 4904 et
2801 4861 3019 4903 corona:
3053 4839 3444 4909 νίοιοτίίεμιιιὶ-

1863 4947 1966 5002 hus
2009 4946 2204 5016 cingar
2263 4944 2623 5015 sempiternis
2655 4942 3000 5012 nuptiiscum
3019 4934 3246 4991 Christo
3271 4947 3443 4987 accu-

1861 5036 2101 5094 biturus.
2125 5036 2189 5090 Et
2210 5037 2430 5093 ornabit
2463 5044 2709 5104 tempora
2750 5046 2870 5086 mea
2895 5029 3152 5085 Christus
3179 5023 3444 5079 Dominus

1861 5129 2240 5186 excellentiori
2281 5143 2365 5193 ea,
2395 5142 2504 5197 qua
2526 5137 2584 5180 tu
2617 5125 2684 5179 ad
2717 5123 2865 5185 diem
2907 5119 3170 5190 cingoris,
3205 5129 3437 5170 corona.

1862 5221 1971 5278 Sed
2029 5221 2163 5294 quid
2199 5221 2334 5275 mihi
2363 5221 2480 5274 haec
2530 5220 2598 5274 ad
2647 5226 2703 5273 te
2739 5216 2964 5286 impium
3015 5221 3070 5266 et
3103 5209 3440 5267 sceleratum

1865 5313 2203 5386 tyrannum?
2245 5310 2480 5368 Discede
2528 5326 2559 5365 a
2601 5325 2712 5375 me,
2738 5306 3084 5380 nequissime
3113 5309 3168 5358 et
3194 5298 3441 5356 omnium

1864 5406 2234 5476 impiissime;
2263 5404 2447 5475 profer
2467 5405 2522 5459 in
2552 5419 2638 5458 me
2655 5401 2871 5473 qualem
2896 5395 3158 5459 volueris,
3195 5391 3445 5464 qualem-

1864 5513 1974 5568 que
2036 5495 2294 5560 Satanas,
2328 5495 2423 5566 qui
2464 5497 2520 5550 in
2552 5494 2734 5549 anima
2789 5501 2881 5546 tua
2907 5489 3141 5552 habitat‘,
3173 5486 3271 5540 tibi
3313 5499 3444 5554 sug-

1867 5589 2120 5660 gesserit,
2151 5590 2505 5644 sententiam.
2538 5587 2650 5656 Ego
2673 5586 2818 5641 enim
2847 5580 3124 5657 Fvoluntati
3169 5586 3277 5632 tua:
3306 5590 3443 5630 con-

1869 5681 2100 5744 tradico,
2129 5695 2306 5750 neque
2355 5679 2631 5734 mandatis
2669 5678 2784 5733 tuis
2818 5676 3160 5747 obtempero.
3198 5669 3308 5725 Fac
3339 5667 3445 5740 igi-

177 5783 472 5845 Σατανᾶςὸ
501 5777 775 5849 κατοικῶν
798 5778 858 5831 ἑν
885 5779 952 5847 τῇ
971 5776 1118 5846 ψυχῇ
1149 5789 1241 5827 σου
1272 5772 1488 5845 ἐμϐάλῃ
1515 5788 1596 5824 σοι
1613 5787 1628 5802 ·
1655 5770 1752 5839 ἐγὰ

1869 5783 1958 5828 tur
1987 5770 2135 5843 quod
2160 5770 2266 5834 vis,
2309 5769 2773 5825 sceleratissime.

178 5882 293 5950 γὰρ
322 5876 401 5948 τῷ
428 5875 506 5946 σῷ
547 5875 815 5945 θελήματι
857 5870 1251 5940 ἀντιτάσσσμαι
1273 5907 1288 5935 ,
1319 5868 1410 5921 καὶ
1440 5867 1548 5930 τοῖς
1579 5864 1966 5938 προστάγμασί
2001 5880 2093 5920 σου
2129 5865 2226 5936 οὐχ
2259 5861 2577 5919 ὑποκύπτω.
2607 5861 2757 5917 Ποέει
2825 5857 2918 5916 οὖν
2986 5857 3015 5912 ὃ
3078 5854 3277 5919 θέλεις,
3338 5865 3447 5904 ’πα⁴

185 5970 567 6046 ρανομώτατε.
