4026 6422
590 418 720 485 1311

1990 437 2245 499 ADDEN
2254 440 2343 499 DA
2356 487 2372 508 .

3708 448 3848 516 1312

644 536 735 593 64.
764 536 889 592 Haec
922 540 1183 611 martyris
1212 542 1378 596 verba
1407 558 1531 597 cum
1565 544 1871 602 amlivisset
1908 548 2145 604 fmdifra-

2326 551 2419 618 ξδ’.
2461 552 2649 607 Ταῦτα
2676 556 2703 607 ὁ
2741 555 3063 628 παραϐάτης
3119 556 3213 609 καὶ
3245 556 3339 610 τοῦ
3386 554 3526 610 Θεοῦ
3563 557 3846 631 eum»;

541 642 676 701 ’με
706 639 806 686 eta
829 632 939 686 Deo
964 633 1179 688 alienus
1203 633 1480 699 Julianus,
1501 639 1661 693 talem
1692 640 1745 693 iu
1771 656 1895 696 cum
1925 643 2153 712 protulit

571 724 904 778 sententiam
938 725 1309 791 :Artemium,
1344 730 1437 799 qui
1472 726 1609 787 deos
1640 736 1977 788 contumelia
2019 734 2151 789 alle-

572 815 671 877 cit,
730 816 1010 871 Romanas
1052 829 1384 890 nostrasque
1426 823 1574 893 leges
1607 825 1842 894 pedibus
1884 827 2143 891 calcavit,

570 923 633 961 se
664 908 781 978 ipse
810 911 1183 965 Christianum
1227 929 1325 983 pro
1358 914 1607 989 llomano
1630 926 1682 971 ct
1711 916 1900 971 Grieco
1932 918 2148 988 profes-

572 1018 670 1058 sus
702 1012 806 1065 est,
843 1015 899 1059 et
920 1021 1031 1075 pro
1067 1006 1207 1061 duce
1240 1018 1291 1061 et
1334 1010 1611 1079 augustali
1666 1010 1927 1066 Galilazus
1971 1014 2149 1083 magis

570 1097 784 1150 studuit
810 1098 1106 1166 nominari,
1140 1116 1393 1169 suprema
1440 1104 1711 1157 sententia
1747 1104 1910 1157 morti
1941 1103 2152 1159 addici-

571 1202 717 1253 mus,
742 1200 795 1243 et
843 1194 1246 1246 exsecrandum
1288 1194 1409 1261 eius
1461 1204 1628 1265 eaput
1663 1196 1844 1265 gladio
1873 1198 2147 1266 amputari

564 1278 849 1348 jubetnus.
912 1286 1148 1354 Accepta
1210 1287 1523 1355 hujusmodi
1577 1289 1880 1355 sententia,
1939 1288 2148 1345 Christi

574 1382 789 1445 martyr
847 1392 1109 1447 egressus
1175 1388 1263 1434 est
1297 1379 1620 1434 ctribunali
1678 1396 1803 1435 cum
1870 1383 2148 1438 militibus

571 1464 973 1523 abduceutilius
996 1486 1145 1537 eum,
1178 1472 1525 1526 laetabundus
1563 1480 1617 1527 et
1656 1474 1962 1537 exsultans,
1990 1476 2147 1545 hym-

570 1574 674 1615 nos
731 1573 965 1618 cantans
1034 1572 1087 1618 et
1160 1565 1478 1633 gloriﬁcaus
1556 1566 1840 1621 Christum
1915 1566 2147 1638 Regem.

569 1650 871 1723 Postquam
909 1669 1281 1724 pervenerunt
1310 1657 1377 1711 ad
1436 1659 1614 1712 locum
1644 1660 1734 1712 ubi
1763 1659 1968 1714 Christi
1998 1676 2149 1713 mar—

568 1753 659 1817 tyr
712 1756 767 1802 et
792 1749 949 1804 miles
1007 1752 1550 1807 consummationem
1616 1763 1944 1823 accepturus
2002 1759 2142 1817 erat,

569 1838 715 1892 dixit
746 1840 1018 1895 militibus
1058 1843 1150 1913 qui
1183 1858 1307 1896 eum
1336 1845 1613 1900 ducebant
1653 1861 1665 1897 :
1702 1843 1949 1908 Fratres,
1978 1844 2145 1898 obse-

567 1946 666 1987 cro
693 1948 811 1995 vos,
839 1936 1130 1990 concedite
1163 1937 1296 1990 mihi
1330 1938 1737 2006 aliquantulum
1768 1938 2042 2008 temporis
2075 1936 2145 1990 ad

567 2026 865 2081 orandum.
900 2028 1004 2095 Qui
1043 2030 1445 2101 responderunt
1478 2049 1491 2086 :
1526 2032 1692 2089 Prout
1722 2033 1991 2102 placuerit
2021 2032 2144 2098 tibi,

567 2114 679 2178 fac.
706 2118 771 2173 Et
801 2136 1111 2179 conversus
1151 2135 1376 2181 sanctus
1404 2126 1472 2180 ad
1512 2127 1807 2193 orientem,
1865 2124 2149 2180 manibus-

564 2231 676 2287 que
696 2216 752 2271 in
779 2217 982 2271 caelum
1014 2210 1230 2283 levatis,
1258 2220 1340 2273 sic
1370 2219 1580 2275 oravit:

640 2488 731 2545 65.
769 2487 991 2544 Gratias
1028 2488 1129 2545 tibi
1184 2504 1311 2560 ago,
1351 2487 1581 2545 Domine
1640 2487 1899 2543 Salvator
1949 2503 2147 2543 eorum

566 2583 663 2654 qui
692 2584 744 2639 in
777 2583 1011 2639 veritate
1043 2584 1301 2637 invocant
1343 2599 1541 2638 nomen
1585 2593 1763 2643 tuum,
1797 2583 1926 2653 quia
1957 2597 2149 2637 corro-

569 2676 783 2733 borasti
822 2692 929 2742 me,
957 2676 1239 2745 indignum
1290 2676 1552 2730 famulum
1609 2684 1785 2739 tuum,
1824 2676 1888 2728 ad
1921 2673 2149 2729 concul.

565 2770 809 2824 caudam
871 2770 1125 2823 stimulos
1184 2769 1411 2833 diaboli,
1472 2769 1540 2823 ad
1600 2768 1994 2824 conterendum
2027 2767 2149 2835 ejus

568 2858 798 2926 laqueos
822 2874 962 2928 quos
998 2859 1182 2929 posuit
1203 2860 1399 2913 subtus
1428 2858 1595 2930 pedes
1627 2874 1801 2922 meos,
1831 2867 1885 2911 et
1916 2858 1981 2911 ad
2009 2874 2147 2912 cou-

568 2946 911 3002 fuudeudmu
943 2958 1246 3017 apostatam
1284 2947 1597 3013 Julianum,
1633 2957 1983 3004 recusantem
2042 2949 2148 3003 itu-

568 3042 781 3110 perium
821 3051 999 3104 tuum,
1034 3042 1405 3096 adhmrentem
1437 3041 1659 3096 diabolo
1704 3050 1758 3096 et
1810 3042 1877 3095 iis
1900 3042 1993 3111 qui
2024 3042 2152 3097 ode—

566 3141 698 3186 runt
729 3140 802 3193 te,
835 3132 1067 3203 pedibus
1100 3134 1405 3187 calcantem
1428 3142 1653 3187 sanctas
1690 3134 1836 3203 leges
1869 3143 1991 3188 tuas
2018 3176 2033 3201 ,
2085 3149 2149 3188 ac

2265 644 2555 708 Ἰουλιανὸς
2586 646 2825 711 ἀκούσας
2862 648 3015 715 παρὰ
3048 645 3143 700 τοῦ
3184 646 3488 719 μάρτυρος,
3520 651 3847 720 ἀπεφήνατο

2252 738 2375 790 κατ’
2428 738 2594 792 αὑτοῦ
2650 741 2879 809 ταυτηνὶ
2926 740 3026 812 τὴν
3061 740 3369 806 ἀπόφασιν·
3415 742 3707 811 Ἀρτέμιον
3754 743 3845 795 τὸν

2250 831 2375 893 τοὺς
2409 830 2565 894 θεοὺς
2588 831 2969 903 ἐνυϐρίσαντα,
2999 832 3246 896 καὶτοὺς
3284 833 3632 903 Ῥωμαῖκοὺς
3663 851 3720 886 τε
3752 838 3844 887 καὶ

2250 924 2555 994 ἡμετέρους
2604 926 3070 995 καταπατήσαντα
3123 925 3347 995 νόμους,
3393 926 3729 996 Χριστιαντὶν
3783 944 3843 979 τε

2250 1018 2412 1070 αὑτὸν
2445 1019 2567 1071 ἀντὶ
2591 1019 2867 1090 Ῥωμαίου
2896 1020 2988 1072 καὶ
3013 1019 3274 1090 Ἕλληνος
3295 1019 3843 1088 καθομολογήσαντα,

2250 1110 2346 1164 καὶ
2367 1112 2488 1165 ἀντὶ
2523 1111 2713 1176 δουκδς
2752 1113 2849 1166 xui.
2881 1113 3283 1180 αὺγουσταλίου
3320 1113 3610 1165 Γαλιλαῖον
3651 1115 3843 1166 ἑαυτου

2249 1203 2612 1272 ὀνομάσαντα,
2638 1207 2704 1275 τῇ
2728 1204 3016 1275 τελευταίᾳ
3046 1204 3141 1257 τοῦ
3169 1204 3407 1257 θανάτου
3448 1204 3841 1275 παραδεῶκα-

2252 1311 2353 1363 μεν
2381 1295 2569 1365 ψήφῳ,
2592 1296 2690 1366 τὴν
2723 1297 2926 1366 μιαρὰν
2947 1295 3113 1349 αὐτοῦ
3142 1296 3383 1366 κεφαλὴν
3423 1295 3572 1365 ξίφει
3603 1297 3842 1366 ἐκκοπῆ-

2249 1404 2336 1437 ναι
2362 1386 2742 1451 κελεύσαντες.
2795 1388 3016 1458 Ταύτην
3074 1383 3169 1441 οὖν
3222 1388 3323 1457 τὴν
3352 1389 3633 1457 ἀπόφασιν
3667 1392 3695 1441 ὁ
3746 1389 3838 1442 τοῦ

2250 1477 2484 1546 Χριστοῦ
2513 1479 2724 1549 μάρτυς
2754 1478 3075 1548 δεξάμενος,
3130 1479 3423 1549 ἐξελήλυθε
3465 1479 3561 1533 τοῦ
3598 1480 3840 1550 βήματος

2249 1566 2399 1640 [SOI]
2439 1570 2579 1638 μετὰ
2608 1570 2714 1623 τῶν
2752 1571 3081 1639 άπαγόντων
3118 1572 3282 1625 αὐτὸν
3316 1574 3688 1643 στρατιωτῶν,
3716 1573 3841 1641 χαξκ

2253 1678 2359 1732 ρων
2393 1663 2485 1715 καὶ
2512 1662 2942 1733 άγαλλιὼμενος,
2978 1663 3297 1733 ὑμνολογῶν
3327 1666 3424 1718 καὶ
3478 1664 3725 1729 δοξάζων
3755 1664 3841 1715 τὸν

2251 1751 2477 1821 βασιλέα
2530 1753 2786 1823 Χριστόν.
2844 1753 3159 1817 Φθάσαντες
3197 1754 3253 1807 δὲ
3306 1753 3397 1807 τδν
3448 1754 3613 1807 τόπον
3660 1757 3745 1817 εἰς
3782 1754 3841 1806 ὃν

2250 1845 2474 1913 ἔμελλεν
2504 1847 2531 1898 ὁ
2583 1846 2677 1899 τοῦ
2708 1846 2943 1917 Χριστοῦ
2978 1846 3325 1918 στρατιώτης
3363 1849 3456 1900 καὶ
3490 1848 3705 1919 μάρτυς
3742 1847 3841 1916 τὴν

2246 1935 2525 1989 τελείωσιν
2552 1936 2830 2001 δέξασθαι,
2856 1935 2959 2005 ἔφη
2990 1936 3127 2006 πρὸς
3166 1938 3292 1999 τοὺς
3323 1938 3640 2004 ἀπάγοντας
3670 1936 3841 1989 αὐτὸν

2249 2026 2626 2099 στρατιώτας·
2665 2028 2929 2098 Ἀδελφοί,
2961 2026 3266 2098 παρακαλῶ
3307 2029 3486 2097 ὑμᾶς,
3534 2028 3719 2081 nam
3754 2042 3840 2096 μοι

2251 2120 2447 2191 μικρὸν
2475 2119 2567 2172 τοῦ
2591 2118 2995 2191 προσεύξασθαι
3026 2136 3039 2149 ·
3068 2120 3116 2173 οἱ
3146 2118 3205 2172 δὲ
3252 2119 3391 2189 πρὸς
3439 2119 3602 2172 αὐτὸν
3634 2113 3795 2171 εἷπον
3824 2135 3836 2145 ·

2258 2211 2345 2272 Ὠς
2374 2211 2488 2264 ἔστι
2532 2227 2613 2264 σοι
2659 2210 3022 2282 καταθύμιον,
3074 2211 3323 2281 ποίησον.
3364 2212 3472 2264 Καὶ
3504 2210 3774 2282 στραφεὶς
3813 2213 3841 2263 ὁ

2249 2304 2404 2371 ειγιος
2436 2302 2577 2357 κατὰ
2603 2303 2889 2368 ἀνατολάς,
2924 2305 3016 2356 καὶ
3046 2302 3147 2366 τὰς
3206 2304 3397 2373 χεῖρας
3444 2303 3527 2367 είς
3570 2302 3841 2374 οὐρανοὺς

2248 2396 2599 2466 ὲφαπλὼσας,
2633 2395 2833 2467 ηὔξατο
2854 2395 3026 2458 οὕτως
3043 2413 3057 2426 ο

2321 2486 2413 2552 ξέ.
2448 2488 2769 2559 Εὐχαριστῶ
2818 2504 2923 2553 σοι,
2970 2488 3219 2541 Δέσποτα
3254 2487 3442 2557 Σῶτερ
3476 2487 3585 2540 τῶν
3623 2487 3682 2540 ὲν
3708 2487 3840 2554 άλη-

2251 2581 2375 2651 θεία
2408 2580 2857 2650 ἐπικαλουμένων
2880 2580 2940 2633 τὸ
2974 2580 3150 2649 ὄνομά
3187 2597 3305 2644 σου,
3337 2581 3420 2632 ὅτι
3450 2579 3749 2648 ἐνίσχυσάς
3774 2596 3838 2647 με

2250 2672 2342 2726 τὸν
2372 2672 2589 2737 ἀνάξιον
2624 2672 2809 2725 δοῦλόν
2836 2689 2931 2724 σου
2968 2673 3358 2742 καταπατῆσαι
3398 2671 3467 2724 τά
3507 2672 3720 2741 κέντρα
3751 2671 3838 2722 τοῦ

2248 2765 2521 2828 διαϐόλου,
2555 2763 2651 2817 καὶ
2683 2764 2973 2833 συντρίψαι
2998 2764 3096 2828 τάς
3127 2762 3298 2817 αὐτοῦ
3335 2762 3570 2831 παγίδας
3595 2762 3667 2825 ἃς
3690 2762 3841 2813 ἔθετο

2249 2856 2604 2912 ὑποκάτωθεν
2650 2856 2760 2909 τῶν
2814 2856 2992 2909 ποδῶν
3049 2872 3176 2925 μου,
3216 2856 3311 2908 καὶ
3356 2852 3722 2923 καταισχῦναι
3754 2852 3841 2904 τὸν

2248 2950 2561 3020 ἀποστάτην
2600 2948 2889 3003 Ἰουλιανδν
2939 2948 3030 3001 τὸν
3080 2948 3565 3019 ὰποσκιρτήσαντα
3610 2946 3719 3015 τῆς
3744 2945 3839 3014 σῆς

2248 3043 2591 3106 δεσποτείας,
2618 3043 2714 3095 καὶ
2740 3040 3221 3112 προσκολληθέντα
3242 3041 3319 3111 τῷ
3342 3040 3576 3110 διαϐόλῳ
3608 3038 3709 3093 καὶ
3732 3041 3840 3101 τοῖς

2253 3135 2471 3206 μισοῦσί
2513 3152 2602 3189 σε·
2644 3135 2735 3189 τὸν
2790 3136 3262 3204 καταπατήσαντα
3305 3134 3434 3196 τοὺς
3476 3132 3680 3201 νόμους
3718 3132 3840 3193 eoa;

567 3226 751 3282 divina
783 3227 1035 3280 mandata
1069 3235 1159 3279 tua
1197 3224 1600 3295 profanantem.
1633 3226 1852 3281 Gratias
1885 3226 1983 3280 tibi
2016 3242 2140 3297 ago,

2251 3228 2435 3297 ἁγίους
2469 3245 2587 3292 σου,
2620 3228 2714 3282 κα)⁵
2750 3225 3138 3299 βεϐηλώσαντα
3177 3226 3245 3279 τά
3294 3225 3453 3278 ἔνθεά
3511 3240 3611 3276 σου
3666 3237 3841 3294 προσ-

566 3320 780 3375 ovalde
820 3320 1160 3382 misericors,
1196 3319 1323 3387 quia
1365 3318 1721 3372 humilitatem
1764 3335 1934 3371 meam
1974 3334 2146 3387 respe-

564 3411 723 3481 xisti,
754 3427 915 3481 neque
957 3410 1269 3464 conclusisti
1310 3425 1391 3463 me
1418 3409 1472 3461 in
1497 3410 1741 3463 manibus
1779 3410 2140 3473 inimicorum,

565 3504 659 3559 sed
690 3504 917 3572 posuisti
952 3504 1007 3556 in
1047 3503 1330 3556 latitudine
1358 3502 1516 3569 pede:
1550 3518 1688 3556 meo:
1735 3510 1784 3556 et
1820 3513 1987 3557 rectos
2018 3504 2150 3574 feci--

565 3596 637 3649 sti
683 3612 894 3666 gressus
938 3611 1078 3648 meos
1128 3594 1171 3647 '.
1231 3592 1451 3648 Gratias
1492 3592 1590 3647 tibi
1663 3608 1785 3665 ago,
1859 3594 2150 3666 Unigenite

574 3686 816 3742 Verbum
850 3685 1055 3751 Patris,
1098 3685 1229 3755 quia
1281 3700 1371 3737 me
1404 3683 1662 3754 dignatus
1710 3700 1772 3738 es
1822 3684 2015 3738 bravio
2048 3702 2147 3739 su-

569 3794 753 3850 perna:
778 3779 1088 3833 vocationis
1116 3784 1170 3829 et
1199 3775 1371 3831 choro
1400 3784 1719 3828 sanctorum
1747 3782 1988 3840 tuorum,
2014 3777 2142 3845 quia

567 3873 970 3928 consummasti
1020 3885 1107 3924 me
1162 3868 1216 3921 in
1250 3868 1330 3921 tui
1388 3868 1759 3929 confessione,
1794 3875 1849 3921 et
1891 3868 2143 3923 ruborem

565 3963 809 4021 elicuisti
847 3964 915 4017 iis
942 3963 1039 4033 qui
1067 3968 1426 4017 surrexerunt
1449 3960 1738 4016 adversum
1766 3977 1871 4015 me.
1907 3960 1972 4013 Et
2000 3976 2145 4016 nunc

570 4062 768 4117 invoco
822 4067 897 4122 te,
934 4056 1184 4116 Domine,
1220 4054 1432 4123 respice
1469 4055 1524 4109 iu
1567 4070 1652 4108 me
1682 4065 1734 4109 et
1761 4054 1827 4108 ad
1856 4055 2016 4109 verba
2046 4054 2144 4107 hu-

568 4149 819 4209 militatis
848 4163 1000 4211 meze,
1030 4146 1099 4200 da
1136 4144 1476 4217 refrigerium
1509 4146 1813 4201 haereditati
1856 4155 1980 4209 tuze,
2014 4149 2141 4219 quia

568 4243 845 4297 inﬁrmata
878 4249 960 4293 est
1015 4254 1117 4292 nec
1167 4236 1507 4293 conllrmasti
1540 4251 1682 4291 eam.
1715 4236 1982 4304 Quoniam
2027 4256 2143 4293 ecce

566 4334 772 4389 inimici
810 4333 886 4386 tui
914 4344 1201 4385 sonuerunt
1229 4348 1247 4385 :
1276 4341 1324 4385 ct
1375 4332 1465 4401 qui
1495 4330 1716 4386 oderunt
1746 4342 1813 4396 te,
1837 4333 2143 4387 extulerunt

564 4436 751 4496 caput.
808 4424 977 4487 Super
1013 4424 1264 4493 populum
1314 4433 1462 4477 tuum
1507 4425 1929 4494 malignaveruut
1973 4427 2147 4480 consi-

567 4518 702 4571 lium
732 4533 751 4570 :
789 4526 838 4569 et
871 4519 1233 4585 cogitaverunt
1277 4516 1530 4569 adversus
1557 4527 1768 4571 sanctos
1810 4528 1948 4573 tuos.
1978 4518 2144 4572 Dixe-

2251 3322 2529 3391 τάγματα·
2550 3320 2857 3390 εὐχαριστῶ
2881 3335 2985 3385 σοι,
3004 3317 3195 3387 φιλάνθ
3206 3334 3374 3386 ρωπε,
3391 3317 3473 3370 ὅτι
3488 3315 3727 3380 ἐπεῖδε(
3744 3312 3840 3366 ἐπι

2253 3411 2366 3478 τὴν
2395 3410 2763 3464 ταπεινωσίν
2785 3427 2938 3478 μου,
2967 3407 3065 3462 καὶ
3115 3410 3187 3462 οὐ
3214 3404 3624 3470 συνέκλεισάς
3648 3421 3729 3472 με
3756 3405 3841 3469 εις

2251 3505 2453 3574 χεῖρας
2485 3503 2736 3573 ἐχθρῶν,
2769 3504 2909 3558 ἀλλ’
2936 3505 3208 3571 ἐστησας
3244 3502 3313 3554 ἐν
3341 3499 3663 3569 εὐρυχώρῳ
3700 3498 3839 3563 τοὺς

2250 3597 2442 3663 πόδας
2458 3614 2594 3663 μου,
2613 3598 2712 3650 καὶ
2735 3596 3109 3660 κατεύθυνιις
3130 3594 3202 3647 τὰ
3222 3592 3553 3658 διαϐήματά
3566 3608 3714 3659 μου.
3738 3590 3839 3643 es.

2249 3690 2492 3763 χαριστῶ
2511 3707 2613 3753 σοι,
2634 3688 2922 3759 μονογενὲς
2938 3690 3077 3756 Λόγε
3094 3686 3188 3739 τοῦ
3217 3685 3452 3755 Πατρὸς,
3482 3686 3565 3737 ὅτι
3600 3682 3839 3753 ἠξίωσάς

2251 3800 2318 3851 με
2338 3782 2432 3834 τοῦ
2463 3781 2719 3851 βραδείου
2744 3780 2845 3850 τῆς
2866 3780 2979 3833 ἄνω
3006 3781 3270 3849 κλήσεως,
3296 3776 3393 3830 καὶ
3415 3776 3510 3830 τοῦ
3538 3776 3707 3847 χοροῦ
3732 3775 3837 3827 τῶν

2248 3874 2419 3941 ἁγίων
2439 3889 2557 3935 σου,
2576 3872 2670 3923 καὶ
2696 3870 3020 3933 ὲτελείωσάς
3050 3888 3117 3941 με
3145 3871 3204 3923 ὲν
3224 3872 3290 3940 τῇ
3315 3867 3577 3938 ὁμολογία
3601 3883 3722 3930 σου,
3746 3867 3838 3920 καὶ

2248 3962 2591 4033 κατῄσχυνας
2628 3962 2756 4026 τοὺς
2810 3961 3279 4031 ἐπανισταμένους
3332 3958 3419 4012 ἐπ’
3442 3957 3544 4029 ὲμὲ
3574 3975 3591 3988 ·
3626 3957 3723 4010 καὶ
3745 3955 3835 4009 νῦν

2246 4054 2617 4125 ἐπικαλοῦμαι
2650 4071 2732 4119 σε,
2751 4056 3018 4121 Δέσποτα,
3037 4052 3189 4106 ἔπιδε
3228 4053 3318 4104 ἐπ’
3336 4050 3437 4123 ἐμὲ
3481 4050 3577 4104 καὶ
3609 4049 3706 4103 ἐπὶ
3728 4050 3833 4113 τοῖς

2249 4147 2459 4219 ῥήμασί
2479 4164 2579 4218 μου
2599 4149 2711 4210 τοῖς
2737 4148 3017 4209 ταπεινοῖς
3032 4189 3045 4210 ,
3069 4146 3165 4199 καὶ
3184 4143 3271 4207 δὸς
3290 4142 3579 4213 ἀναψυχὴν
3606 4145 3673 4212 τῇ
3709 4141 3835 4210 adq.

2251 4238 2475 4311 ρονομίᾳ
2503 4256 2617 4303 σου,
2655 4240 2737 4292 ὅτι
2762 4238 3062 4310 ἠσθένησεν
3089 4236 3184 4291 καὶ
3203 4236 3264 4289 οὐ
3291 4236 3627 4306 κατηρτήσω
3645 4234 3833 4303 αὐτήν.

2257 4331 2404 4387 Ἰδοὺ
2432 4330 2541 4400 γὰρ
2572 4334 2624 4385 oi
2654 4330 2856 4399 ἐχθροί
2876 4347 2992 4385 σου
3015 4328 3281 4398 ἤχησαν,
3309 4327 3405 4380 καὶ
3430 4329 3484 4381 οι
3505 4324 3836 4396 μισοῦντές

2244 4441 2320 4478 σε
2337 4420 2490 4494 ἦραν
2512 4421 2807 4492 κεφαλήν.
2833 4422 2967 4477 Ἐπὶ
2990 4422 3097 4475 τὸν
3110 4422 3267 4475 λαόν
3289 4434 3408 4472 σου
3430 4435 3837 4486 κατεπανοιφ-

2250 4516 2516 4587 γήσαντο
2534 4516 2796 4585 γνώμην,
2817 4516 2912 4568 καί
2926 4514 3369 4568 ἐϐουλεύσαντο
3386 4510 3537 4584 [ὃθξ]
3555 4510 3707 4564 κατὰ
3724 4509 3836 4563 τῶν

570 4618 695 4662 runt
726 4623 745 4660 :
792 4607 994 4671 Venite,
1035 4615 1085 4661 et
1114 4608 1483 4675 disperdamus
1528 4626 1615 4663 eos
1646 4610 1709 4663 de
1738 4622 1887 4680 gente
1918 4627 1937 4665 :
1964 4624 2011 4664 et
2038 4629 2141 4667 non

2251 4610 2431 4679 ἁγίων
2446 4623 2584 4662 σου.
2606 4608 2795 4661 Εἶπον
2813 4607 2925 4676 γάρ
2945 4622 2959 4635 ο
2982 4606 3162 4659 Δεῦτε
3186 4604 3285 4659 καὶ
3302 4605 3834 4672 ἐξολοθρεύσωμεγ

569 4710 890 4756 metnoretur
921 4716 1107 4753 nomen
1140 4699 1341 4753 Christi
1383 4702 1526 4754 ultra
1548 4700 1597 4755 ηδ.
1624 4701 1747 4756 llmc
1769 4703 1941 4772 jactat
1970 4703 2145 4758 Julia-

569 4810 713 4861 nus;
742 4792 856 4847 haec
886 4807 1013 4845 cum
1046 4792 1246 4845 tiducia
1278 4793 1486 4860 etTutit;
1532 4793 1647 4849 haec
1680 4795 1921 4850 minatur
1942 4799 2146 4867 popqu

566 4894 665 4940 tuo
717 4891 771 4939 et
802 4884 1104 4939 hmreditati
1158 4892 1299 4948 tua},
1349 4900 1444 4953 pro
1475 4901 1581 4954 qua
1635 4886 1956 4957 sanguinem
1994 4898 2145 4945 tuum

567 4975 833 5031 cll'udisti.
861 4975 998 5030 Ecce
1025 4976 1169 5031 enim
1195 4976 1387 5030 altaria
1414 4985 1504 5031 tua
1534 4976 1737 5042 diruta,
1766 4983 2143 5036 sanetuarium

568 5076 724 5122 tuum
753 5068 875 5137 igne
909 5073 1320 5135 consumptum,
1351 5066 1516 5120 decor
1542 5067 1739 5122 domus
1772 5076 1877 5122 tua:
1899 5072 2141 5134 evanuit,

510 5225 518 5233 ,
566 5170 622 5217 et
671 5158 900 5229 sanguis
962 5160 1276 5212 testamenti
1329 5159 1409 5214 tui
1434 5174 1532 5229 pro
1565 5160 1737 5215 nihilo
1778 5170 1859 5216 est
1898 5163 2139 5229 habitus,

566 5260 790 5321 propter
820 5252 1043 5318 peccata
1076 5260 1266 5304 nostra
1293 5257 1345 5303 et
1381 5248 1751 5318 blasphemias
1782 5266 1918 5321 quas
1947 5250 2142 5306 ell‘udit

570 5342 740 5399 Arius
804 5342 1101 5398 adversum
1151 5352 1201 5399 te
1225 5380 1239 5407 ,
1275 5340 1584 5412 Uuigeuite,
1617 5352 1673 5398 et
1714 5343 1984 5414 Spiritum
2017 5360 2145 5399 san-

564 5443 717 5490 ctum
744 5442 936 5490 tuum:
970 5436 1189 5505 quando
1217 5436 1433 5491 scilicet
1459 5436 1697 5490 alienum
1723 5445 1775 5492 te
1803 5452 1927 5493 esse
1956 5437 2145 5493 docuit

566 5540 601 5581 a
640 5522 823 5580 Patris
843 5526 1421 5582 eonsubstantialitale
1455 5527 1687 5597 ejusque
1718 5536 1928 5583 natura:
1961 5537 2146 5585 extra-

568 5631 768 5683 neum;
821 5617 1044 5688 quando
1071 5629 1144 5684 te,
1173 5617 1491 5674 Creatorem
1533 5622 1802 5687 omnium,
1833 5631 2142 5678 creaturam

566 5708 884 5782 appellavit,
916 5716 972 5766 et
1002 5710 1060 5766 in
1103 5719 1350 5783 tempore
1390 5712 1575 5783 posuit
1610 5713 1703 5785 qui
1734 5712 1865 5773 fecit
1922 5715 2143 5774 sweula.

636 5890 658 5924 ³
684 5888 831 5951 Psal.
865 5908 991 5963 xxx,
1025 5892 1077 5948 9.
1136 5893 1157 5925 ³
1183 5891 1329 5951 Psal.
1362 5907 1566 5962 Lxxxn,
1597 5893 1711 5952 3-5.

2246 4701 2601 4767 αὐτοὺς,καὶ
2637 4700 2804 4771 om
2826 4698 3076 4769 μνησθῇ
3104 4698 3169 4751 τὸ
3208 4698 3397 4766 ὄνομα
3434 4696 3540 4748 τοῦ
3563 4692 3831 4762 Χριστοῦ

2247 4794 2364 4847 ἐτι.
2394 4794 2579 4847 Ταῦτα
2603 4795 2877 4864 κομπάζει
2918 4790 3208 4852 Ἰουλιανός
3228 4805 3240 4817 ·
3266 4787 3442 4842 ταῦτα
3472 4786 3825 4857 θρασύνεταιο

2250 4885 2423 4940 ταῦτα
2463 4886 2664 4957 ἁπειλᾷ
2712 4886 2788 4957 τῷ
2832 4884 2945 4955 λαῷ
2977 4900 3072 4937 σου
3114 4882 3209 4935 καὶ
3251 4884 3315 4953 τῇ
3366 4881 3709 4951 κληρονομία
3739 4895 3827 4930 σου

2253 4978 2395 5049 ὑπὲρ
2416 4974 2483 5050 ἧς
2509 4980 2570 5032 τὸ
2602 4980 2692 5032 σὺν
2716 4973 2855 5049 αἷμα
2874 4978 3117 5048 ἐξέχεας·
3154 4975 3285 5029 Ἰδοὺ
3310 4973 3419 5045 γὰρ
3439 4973 3509 5026 τὰ
3536 4972 3827 5040 θυσιαστίν

2253 5072 2345 5143 ριά
2376 5090 2468 5125 σου
2516 5072 2965 5141 κατεσκάφησαν,
3020 5069 3115 5123 κα)⁸
3155 5067 3217 5119 τὸ
3248 5064 3498 5136 άγίασμά
3526 5081 3625 5118 σου
3660 5060 3827 5134 ἐμπέ-

2249 5182 2510 5237 πρησται,
2548 5163 2642 5218 καὶ
2687 5163 2721 5235 ἡ
2771 5162 3075 5234 εὐπρέπεια
3109 5159 3204 5213 τοῦ
3239 5159 3392 5211 οἴκου
3425 5176 3521 5210 σου
3570 5157 3824 5226 ὲξηςάνι-

2248 5274 2394 5319 σται,
2426 5257 2521 5309 καὶ
2548 5254 2610 5308 τὸ
2641 5248 2777 5324 αἷμα
2808 5254 2905 5323 τῆς
2939 5252 3204 5321 διαθήκης
3234 5266 3326 5303 σου
3348 5248 3723 5316 ὲξουδένωται,
3743 5246 3825 5298 διὰ

2242 5350 2342 5414 τὰς
2365 5347 2642 5420 ἁμαρτίας
2667 5346 2849 5419 ἡμῶν,
2886 5347 2980 5399 καὶ
3012 5346 3111 5409 τὰς
3143 5342 3496 5415 βλασφημίας
3519 5339 3586 5403 ἃς
3618 5338 3827 5407 ἐξέχεεν

2247 5442 2464 5512 ’Ἄρειος
2494 5441 2634 5493 κατὰ
2654 5437 2746 5491 σοῦ
2774 5436 2867 5491 τοῦ
2919 5435 3259 5505 Μονογενοῦς
3283 5432 3379 5487 καὶ
3408 5430 3504 5485 τοῦ
3549 5431 3824 5498 ἁγίου.σου

2244 5533 2587 5605 Πνεὺματος,
2620 5529 2922 5603 ἀλλοτριῶν
2952 5547 3011 5582 σε
3034 5529 3132 5599 τῆς
3156 5527 3251 5580 τοῦ
3293 5524 3508 5595 [ἰατρὸς
3545 5519 3824 5595 ὁμοουσιό-

2250 5622 2410 5697 τητος
2442 5626 2534 5677 καὶ
2557 5623 2837 5689 ἁποξενῶν
2861 5640 2921 5676 σε
2940 5624 3040 5693 τῆς
3070 5618 3237 5675 αὑτοῦ
3267 5617 3500 5687 φύσεως,
3531 5615 3741 5685 κτίσμα
3768 5627 3823 5665 σε

2254 5718 2542 5775 ἀποκαλῶν
2570 5717 2661 5774 τὸν
2710 5714 3043 5791 δημιουργὸν
3081 5712 3263 5784 πάσης
3296 5710 3396 5783 τῆς
3444 5709 3704 5775 κτίσεως,
3735 5705 3824 5759 καὶ
