4026 6416
175 429 317 496 13ἶ3

1471 441 1537 504 8.
1561 440 1888 503 ARTEMII
1926 443 2192 505 PASSIO

3313 453 3448 520 13H

170 544 279 598 ὑπὸ
293 543 487 616 χρόνον
503 542 676 609 τιθεὶς
688 545 780 600 τὸν
795 545 922 612 τοὺς
934 544 1140 614 αἰῶνας
1153 549 1216 621 δη
1227 552 1636 623 μιουργήσαντα
1662 553 1754 622 (ε)ο

1885 555 2088 612 )iccbat
2115 554 2265 610 enim
2303 572 2318 610 :
2355 555 2486 611 Erat
2540 564 2778 629 tempus,
2806 561 3030 634 quando
3061 577 3173 619 non
3201 574 3322 620 erat
3353 566 3448 621 Fi-

169 638 403 706 φάσκων
423 637 623 691 οὑτωσί
649 655 664 669 ο
698 634 809 693 Ἦν
839 657 970 692 ποτε
1015 641 1104 695 ὅτε
1163 642 1264 695 οὐκ
1290 637 1358 714 ἦν
1376 643 1404 695 6
1437 643 1561 708 Υίός
1581 660 1598 676 ο
1639 645 1758 715 βου-

166 729 383 798 λήσεως
411 728 508 782 καὶ
537 728 811 799 θελήσεως
864 729 991 785 Υίόν
1018 747 1078 784 σε
1116 732 1408 786 ἀποκαλῶν
1433 734 1463 785 6
1511 751 1756 805 παρανο-

169 820 446 892 μώτατος.
489 820 629 873 Ἀλλ’
670 823 879 885 ἐκεῖνος
931 823 1031 892 μὲν
1059 824 1088 877 6
1133 824 1400 895 δυσσεϐὴς
1441 819 1606 897 εὗρεν
1661 826 1758 880 τοῦ

170 914 308 966 ἰδίου
351 915 616 985 στόματος
641 916 734 968 καὶ
763 915 861 986 τῆς
881 917 1072 970 ἀδίκου
1106 917 1355 986 γλώττης
1377 919 1474 982 τὰς
1501 919 1758 989 ἀμοιϐὰς,

167 1007 219 1058 εἰ
251 1008 346 1060 καὶ
371 1009 427 1060 αἰ
467 1007 807 1078 βλασφημίαι
828 1008 996 1062 αὑτοῦ
1033 1009 1281 1079 μένουσι,
1307 1011 1760 1082 καρποφοροῦσαι

167 1097 324 1169 αύτῷ
353 1098 450 1170 τὴν
480 1098 700 1154 αἰώνιον
752 1099 848 1154 καὶ
881 1101 1240 1173 ἀτελεύτητον
1277 1102 1523 1156 κόλασιν.
1578 1104 1650 1157 Σὺ
1681 1103 1759 1168 δὲ,

173 1191 526 1262 μακρὸθυμε,
560 1193 760 1263 στῆσον
790 1195 891 1265 τὴν
939 1195 1062 1249 καθ’
1103 1194 1264 1266 ήμῶν
1313 1196 1629 1267 τυραννίδα,
1665 1197 1763 1250 καὶ

174 1283 374 1338 σϐέσον
401 1286 492 1338 τὸν
517 1284 687 1356 θυμόν
719 1303 813 1339 σου
844 1287 937 1341 τὸν
963 1288 1175 1341 δίκαιον
1221 1288 1316 1341 καὶ
1350 1287 1449 1360 τὴν
1484 1288 1656 1360 ὀργὴν
1695 1289 1764 1361 ήν

170 1377 339 1446 ἡμεῖς
369 1377 768 1449 ὲξεκαύσαμεν,
799 1380 858 1432 ὲν
887 1377 966 1450 τῷ
1001 1378 1360 1450 παροργίζειν
1412 1397 1471 1434 σε
1498 1421 1514 1443 ,
1555 1380 1759 1452 Κύριε*

172 1468 417 1548 θραῦσον
443 1471 540 1542 τῆς
583 1471 1036 1543 εἰδωλολατρείας
1065 1472 1133 1526 τὰ
1161 1471 1499 1544 ὀχυρώματα
1525 1489 1541 1506 ο
1573 1473 1766 1526 σϐέσον

169 1559 304 1624 τοὺς
331 1561 550 1634 βωμοὺς
577 1563 686 1618 τῶν
717 1563 972 1627 εἰδώλων,
997 1565 1092 1617 καὶ
1110 1563 1212 1634 τὴν
1242 1563 1470 1616 κνίσσαν
1496 1563 1607 1617 τῶν
1637 1563 1769 1616 ἀκα-

171 1650 394 1722 θάρτων
415 1653 666 1724 αἱμάτων
694 1654 1050 1709 κατάπαυσον
1070 1671 1086 1688 ο
1123 1655 1209 1708 ἵνα
1243 1671 1326 1707 σοι
1363 1653 1525 1707 θυσία
1546 1653 1769 1723 καθαρὰ

170 1742 271 1794 καὶ
305 1742 643 1812 ἀναίμακτος
674 1743 1022 1814 προσάγηται
1052 1745 1110 1797 ἐν
1157 1744 1323 1798 παντὶ
1364 1744 1516 1814 τόπῳ
1552 1743 1655 1813 τῆς
1679 1741 1769 1795 δε-

173 1835 438 1896 σποτείας
467 1852 561 1888 σου
584 1853 597 1866 ·
634 1837 718 1889 ἵνα
748 1853 843 1889 σου
873 1834 1172 1906 δοξάζηται
1197 1835 1256 1890 τὸ
1275 1836 1544 1905 πανάγιον
1569 1835 1767 1906 ὄνομα,

1860 645 2004 709 lius;
2039 645 2264 700 consilii
2296 655 2349 701 et
2382 648 2688 706 voluntatis
2723 651 2922 708 Filium
2959 662 3012 709 te
3049 656 3286 711 vocabat
3329 673 3450 714 sce-

1860 735 2221 792 lestissimus.
2287 737 2394 792 Sed
2446 739 2538 795 ille
2589 741 2814 810 quidem
2876 745 3084 813 impius
3137 749 3222 801 sui
3250 749 3366 802 oris
3394 757 3451 805 et

1861 825 2082 896 perlidze
2107 828 2309 899 lingua:
2332 845 2526 900 poenas
2555 831 2679 893 luit.
2703 834 2919 889 etiamsi
2953 836 3307 907 blasphemia:
3327 839 3450 909 ejus

1862 927 2237 984 perseverent.
2269 935 2391 988 qnze
2433 921 2653 990 pariunt
2683 923 2734 977 ei
2779 933 3046 980 aeternum
3076 927 3448 999 ncc'unquam

1864 1004 2150 1060 liniturnm
2175 1011 2529 1079 supplicium.
2563 1012 2643 1066 Tu
2675 1024 2880 1079 autem,
2921 1015 3063 1072 Deus
3093 1017 3450 1088 longanimis,

1863 1099 2108 1166 reprime
2143 1103 2494 1171 tyrannidem
2525 1115 2718 1160 contra
2757 1123 2860 1162 nos
2896 1109 3214 1174 excitatam,
3244 1111 3453 1166 exstin-

1864 1203 1968 1260 gue
2000 1190 2137 1245 iram
2178 1201 2326 1248 tuam
2354 1195 2566 1263 justam
2599 1206 2766 1269 atque
2803 1199 3265 1271 indignationem,
3287 1219 3453 1274 quam

1864 1294 1967 1333 nos
2009 1280 2365 1339 incendimus
2405 1285 2681 1341 irritaudo
2729 1295 2803 1350 te,
2862 1287 3117 1344 Domine.
3152 1290 3457 1360 Confringe

1868 1369 2200 1428 idololatriae
2233 1379 2666 1448 propugnacula,
2702 1387 2888 1436 everte
2927 1381 3201 1436 idolorum
3231 1383 3455 1448 altaria,

1866 1473 1921 1520 et
1966 1466 2177 1522 fttmum
2237 1471 2509 1528 immundi
2563 1476 2854 1544 sanguinis
2902 1477 3127 1537 cohibe.
3175 1484 3236 1530 ut
3272 1476 3458 1533 hostia

1867 1550 2006 1628 pura
2033 1569 2092 1614 et
2117 1561 2412 1618 incruenta
2435 1565 2700 1620 oﬂcratur
2731 1567 2828 1621 tibi
2860 1566 2914 1622 in
2941 1568 3090 1622 omni
3122 1569 3243 1622 loco
3275 1567 3458 1624 domi-

1869 1654 2115 1713 nationis
2145 1664 2294 1725 tuae;
2325 1670 2386 1714 ut
2422 1660 2766 1728 gloriﬁcetur
2807 1661 3222 1717 sanctissimmn
3259 1677 3464 1717 nomen

1872 1753 2051 1813 tuum,
2101 1749 2287 1809 Patris
2329 1760 2385 1807 et
2429 1752 2550 1808 Filii
2609 1762 2665 1810 et
2698 1754 2944 1824 Spiritus
2993 1755 3195 1816 sancti,
3231 1768 3381 1810 nunc
3406 1763 3465 1810 et

1875 1854 2093 1912 semper
2111 1854 2166 1899 et
2189 1860 2285 1916 per
2313 1848 2500 1902 omnia
2535 1849 2736 1903 saecula
2771 1847 3126 1904 saeculorum.
3151 1849 3352 1902 Amen.

170 1928 273 1983 τοῦ
306 1931 520 2000 Πατρὺς
546 1933 644 1986 καὶ
669 1932 766 1986 τοῦ
800 1934 931 1986 Υίοῦ
962 1934 1059 1988 καὶ
1091 1933 1185 1988 τοῦ
1228 1933 1387 2003 ἁγίου
1421 1933 1758 2004 Πνεύματος,
1798 1931 1894 1988 νῦν
1920 1953 1982 1991 τε
2017 1941 2111 1994 καὶ
2137 1941 2226 1996 ἀεὶ
2247 1943 2344 1998 καὶ
2373 1945 2455 2008 εἰς
2479 1945 2604 2009 τοὺς
2634 1945 2882 2010 ἅπαντας
2903 1944 3108 2009 αἰῶνας
3161 1943 3272 1997 τῶν
3330 1942 3464 1997 αἰώ‹

174 2038 309 2078 νων.
358 2023 554 2094 Ἀμήν.

248 2115 360 2182 ξςδ.
397 2117 507 2170 Καὶ
533 2115 724 2178 κλίνας
755 2115 823 2170 τὰ
842 2115 1048 2185 γόνατα
1081 2115 1288 2187 τρίτον,
1323 2115 1422 2169 καὶ
1448 2112 1760 2188 προσκυνή-

1937 2115 2026 2172 66.
2055 2115 2121 2174 Et
2151 2133 2279 2174 cum
2316 2130 2398 2174 ter
2419 2136 2595 2192 genua
2624 2121 2869 2179 ﬂexisset
2893 2130 3059 2194 atque
3087 2123 3372 2182 adorasset
3395 2128 3466 2183 ad

175 2225 279 2273 σας
301 2208 443 2262 κατὰ
460 2208 748 2274 ἀνατολάς,
781 2208 1131 2280 προσηύξατο
1156 2209 1320 2264 πάλιν
1349 2207 1524 2277 λέγων
1544 2225 1558 2240 ·
1583 2207 1684 2260 Θεὲ
1707 2207 1774 2258 ἑκ

175 2301 343 2364 Θεοῦ,
376 2302 504 2373 μὸνε
538 2301 693 2374 [593]
723 2304 788 2356 ὲκ
831 2302 996 2375 μόνου
1019 2342 1036 2366 ,
1067 2301 1299 2356 Βασιλεῦ
1358 2303 1424 2356 ἑκ
1485 2299 1771 2372 βασιλέως,

175 2397 208 2448 ὁ
227 2397 287 2451 ὲν
319 2395 574 2467 οὐρανοῖς
617 2395 695 2450 ὢν
736 2395 833 2450 καλ.
869 2395 1238 2467 καθεζόμενος
1269 2397 1334 2449 ὲκ
1365 2394 1559 2460 δεξιῶν
1583 2392 1680 2448 τοῦ
1712 2409 1774 2447 σε

176 2490 542 2561 γεννήσαντος
571 2488 710 2543 Θεοῦ
761 2491 860 2544 καὶ
902 2489 1140 2560 Πατρὸς,
1185 2490 1215 2542 6
1258 2490 1352 2542 ἐπὶ
1383 2489 1488 2560 γῆς
1522 2487 1774 2542 πολιτευ-

181 2582 422 2652 σάμενος
448 2581 538 2636 διά
565 2583 664 2655 τὴν
711 2583 931 2638 πάντων
980 2584 1014 2653 ἡ
1025 2582 1142 2654 μῶν
1175 2582 1454 2653 σωτηρίαν
1473 2597 1488 2613 ·
1519 2581 1549 2634 6
1577 2581 1777 2648 στέφα-

180 2693 277 2740 νος
328 2675 441 2731 τῶν
489 2675 630 2747 ὑπὲρ
665 2673 762 2729 σοῦ
796 2675 1038 2739 εὐσεϐῶς
1077 2673 1424 2735 ἀθλούντων.
1469 2673 1778 2728 ὲπὰκουσόν

186 2787 294 2840 μου
323 2767 420 2822 τοῦ
449 2767 713 2823 ταπεινοῦ
741 2767 838 2822 καὶ
868 2767 1092 2833 ἀναξίου
1117 2766 1308 2821 δούλου
1341 2783 1436 2820 σου
1469 2806 1484 2829 ,
1517 2766 1612 2819 καὶ
1655 2765 1777 2836 μετ’

182 2863 412 2934 εἰρήνης
439 2861 592 2927 δέξαι
639 2880 740 2934 μου
771 2861 874 2931 τὴν
897 2861 1098 2932 ψυχὴν,
1137 2861 1235 2914 καὶ
1256 2861 1575 2916 ἀνάπαυσον
1606 2858 1779 2928 αὐτὴν

189 2953 334 3026 μετὰ
363 2953 474 3008 τῶν
503 2953 677 3023 ἁγίων
721 2953 828 3008 τῶν
857 2954 953 3008 ἀπ’
993 2953 1195 3018 αἰῶνός
1244 2970 1326 3007 σοι
1376 2951 1781 3024 εὐαρεστησάν-

183 3065 300 3104 των
327 3049 423 3103 καὶ
448 3047 793 3114 δοξασάντων
816 3047 877 3102 τὸ
908 3047 1084 3120 ὄνομά
1114 3064 1209 3102 σου
1231 3047 1293 3100 τὸ
1321 3047 1498 3114 ἁγιον.
1539 3045 1634 3100 τοῦ
1665 3045 1780 3099 Πα-

183 3139 319 3211 τρδς
344 3139 441 3194 καὶ
469 3139 564 3193 τοῦ
598 3139 728 3194 Υίοῦ
756 3140 854 3194 καὶ
887 3139 986 3194 τοῦ
1019 3139 1178 3210 ἁγίου
1222 3137 1565 3210 Πνεύματος,
1586 3137 1682 3192 νῦν
1715 3153 1778 3192 τε

187 3233 288 3286 καὶ
315 3232 406 3286 ἀεὶ
438 3233 534 3286 καὶ
558 3234 639 3296 εἰς
674 3233 804 3297 τοὺς
844 3233 1096 3296 ἅπαντας
1145 3231 1350 3296 αἰῶνας
1381 3231 1490 3284 τῶν
1541 3229 1778 3287 αἰώνων.

203 3325 402 3396 Ἀμήν.
434 3325 544 3379 Καὶ
574 3323 792 3394 ἐγένετο
816 3322 968 3394 αὐτῷ
993 3323 1052 3391 ιξ
1069 3323 1129 3377 οὐ
1140 3321 1304 3392 ρανοῦ
1334 3321 1486 3392 φωνὴ
1509 3321 1746 3391 λέγουσα
1762 3336 1778 3353 °

203 3418 479 3490 ’Δρτέμιε,
507 3417 838 3490 εἰσηκούσθη
871 3418 904 3488 ή
931 3416 1118 3488 δέησίς
1151 3432 1268 3479 σου,
1290 3414 1392 3469 καί
1414 3415 1453 3484 ἡ
1479 3414 1652 3484 χάρις
1666 3414 1786 3470 τῶν

193 3484 456 3582 ἰαμάτων
482 3525 582 3566 σοι
610 3484 935 3581 δεδώρηται
953 3525 969 3540 ⁶
1007 3484 1211 3563 σπεῦδε
1239 3507 1424 3563 τοίνυν
1461 3508 1554 3563 τὸν
1587 3507 1788 3579 δρόμον
1815 3484 1858 3544 c

193 3622 312 3671 σου,
344 3605 442 3660 καὶ
475 3604 568 3658 τὸν
618 3605 807 3674 ἀγῶνα
855 3603 1182 3658 τελείωσον·
1223 3601 1433 3657 εἰσελθε
1489 3602 1630 3673 μετά
1679 3602 1789 3656 τῶν

193 3697 390 3766 ἁγίων,
421 3697 518 3751 καὶ
559 3695 917 3765 ἀπολάμϐανε
951 3693 1014 3748 τὸ
1064 3692 1318 3765 βραϐεῖον
1356 3692 1418 3746 τὸ
1445 3693 1791 3763 ἡτοιμασμέ-

192 3808 285 3845 νον
322 3793 439 3856 τοῖς
470 3789 670 3858 ἁγίοις,
713 3788 808 3842 καὶ
839 3789 976 3842 πᾶσι
1021 3789 1137 3851 τοίς
1169 3787 1490 3858 ἠγαπηκόσι
1524 3787 1626 3858 τὴν
1669 3787 1790 3841 ἐπι-

193 3884 424 3954 φάνειαν
453 3881 550 3937 τοῦ
575 3881 837 3955 Χριστοῦ.
880 3882 943 3935 Ὀ
966 3880 1024 3935 δὲ
1050 3881 1368 3952 παράνομος
1399 3879 1656 3951 βασιλεὺς
1689 3895 1790 3934 πε-

197 3979 374 4033 σεῖται
407 3977 466 4030 ἐν
510 3975 757 4047 Περσίδι,
808 3975 1041 4047 σφάγιον
1075 3975 1446 4044 γενησόμενον
1482 3975 1596 4037 τοῖς
1648 3973 1789 4026 ἀκα-

197 4069 424 4139 θάρτοις
478 4067 733 4137 δαίμοσιν
780 4065 877 4129 οὓς
929 4063 1269 4135 ἐθεράπευεν
1325 4062 1421 4116 καί¹
1474 4061 1570 4126 οὓς
1600 4061 1787 4132 ἐτίμα,

197 4163 462 4235 τοιαύτην
490 4161 841 4234 ἀντιμισθίαν
869 4160 1002 4233 παρ’
1034 4158 1220 4217 αὐτῶν
1264 4159 1661 4230 κομισάμενος,
1695 4157 1791 4213 καὶ

202 4253 519 4326 βασιλεύσει
549 4253 740 4322 ἔτερος
780 4251 897 4305 ἀντ’
931 4247 1101 4304 αὑτοῦ
1131 4247 1659 4320 χριστιανικώτατος
1695 4245 1791 4300 καὶ

201 4345 640 4416 θεοφιλέστατος,
663 4343 1030 4415 καταθραύων
1053 4341 1149 4396 καὶ
1176 4341 1476 4395 κατασπῶν
1513 4341 1692 4394 πάντα
1721 4339 1792 4394 τά

200 4437 313 4493 τῶν
356 4437 594 4492 εἰδώλων
631 4437 977 4506 σεϐάσματα.
1045 4436 1106 4489 '0
1134 4434 1343 4498 δὲλαὸς
1387 4432 1484 4487 τοῦ
1531 4433 1668 4487 Θεοῦ
1698 4434 1791 4486 εύ-

204 4529 600 4603 φρανθήσεται,
657 4530 753 4584 καὶ
797 4532 970 4583 πᾶσαι
1037 4527 1362 4599 Ἐκκλησίαι
1415 4525 1792 4599 ἐλευθερωθή-

206 4641 392 4678 σονται
435 4626 538 4696 τῆς
588 4622 1008 4692 εἰδωλομανίας,
1065 4621 1162 4675 καὶ
1217 4619 1412 4690 βαθεῖα
1455 4620 1648 4690 εἰρήνη
1693 4617 1793 4689 τὴν

203 4717 533 4789 οἰκουμένην
563 4717 784 4772 ἃπασαν
827 4714 1225 4784 καταλήψεται,
1256 4713 1352 4768 καὶ
1400 4712 1462 4765 τὸ
1493 4711 1668 4782 ὄνομα
1693 4711 1792 4766 τοῦ

1879 2211 2174 2277 orientem,
2217 2213 2415 2268 iterum
2474 2223 2734 2283 precatus
2767 2221 2855 2271 est
2916 2215 3148 2272 dicens:
3211 2217 3356 2275 Deus
3397 2220 3470 2275 de

1882 2299 2014 2367 Deo,
2048 2317 2190 2358 unus
2223 2303 2292 2358 de
2325 2319 2461 2367 uno,
2489 2301 2604 2358 Rex
2634 2304 2704 2360 de
2734 2320 2883 2376 rege,
2908 2305 3005 2376 qui
3042 2307 3099 2362 in
3131 2307 3291 2365 ctelis
3321 2324 3383 2364 es
3411 2317 3467 2364 et

1881 2389 2044 2446 sedes
2073 2391 2141 2447 ad
2176 2392 2460 2449 dexteram
2502 2396 2827 2466 generantis
2857 2405 2911 2454 te
2943 2395 3038 2454 Dei
3061 2407 3116 2453 et
3143 2397 3347 2464 Patris,
3371 2400 3466 2470 qui

1883 2482 1938 2538 in
1970 2493 2114 2540 terra
2149 2495 2515 2543 conversatus
2557 2504 2620 2544 es
2651 2499 2875 2560 propter
2922 2490 3172 2546 omnium
3215 2501 3469 2548 nostrum

1883 2572 2143 2638 salutem,
2202 2590 2409 2631 corona
2440 2593 2631 2633 eorum
2670 2582 2762 2651 qui
2799 2596 2901 2651 pro
2953 2590 3006 2637 te
3042 2583 3130 2652 pie
3161 2583 3313 2639 decen
3329 2592 3468 2647 tant,

1883 2665 2080 2721 exaudi
2103 2683 2188 2724 me
2211 2669 2472 2726 humilem
2498 2680 2554 2727 et
2584 2673 2867 2744 indignum
2893 2673 3158 2730 famulum
3187 2685 3340 2731 tuum
3365 2694 3380 2744 ;
3413 2677 3470 2731 in

1883 2773 2021 2829 pace
2060 2763 2285 2834 suscipe
2314 2764 2556 2820 animam
2591 2781 2791 2829 meam.
2819 2775 2875 2822 ct
2911 2767 2997 2823 fac
3033 2782 3154 2823 eam
3183 2769 3473 2840 quiescere

1884 2868 2010 2909 cum
2046 2857 2254 2912 sanctis
2291 2858 2424 2926 tuis,
2479 2859 2575 2930 qui
2621 2873 2652 2913 a
2687 2860 2892 2914 saeculo
2923 2861 3019 2915 tibi
3059 2862 3386 2931 placuerunt
3418 2869 3473 2916 et

1887 2947 2335 3017 gloriﬁcaverunt
2393 2966 2594 3006 nomen
2653 2960 2907 3008 sanctum
2962 2960 3158 3015 tuum,
3211 2951 3390 3008 Patris
3419 2958 3474 3005 et

1886 3039 2011 3096 Filii
2049 3051 2103 3098 et
2142 3043 2386 3114 Spiritus
2412 3045 2615 3112 sancti,
2647 3061 2794 3100 nunc
2817 3051 2873 3100 et
2906 3059 3127 3114 semper
3151 3053 3206 3098 et
3234 3058 3331 3114 per
3360 3058 3477 3099 cin-

1886 3136 1979 3192 nia
2012 3135 2214 3191 saecula
2271 3137 2620 3192 steculorum.
2671 3138 2866 3192 Amen.
2902 3136 2971 3190 Et
2999 3136 3138 3192 facta
3167 3145 3254 3191 est
3277 3150 3378 3190 vos
3407 3135 3478 3193 de

1888 3230 2031 3287 ctelo
2073 3230 2270 3286 dicens
2300 3230 2350 3286 ei
2386 3249 2401 3286 :
2450 3230 2688 3296 Artemi,
2718 3212 2981 3286 exaudita
3040 3238 3128 3286 est
3161 3228 3479 3299 deprecatio

1890 3331 2005 3385 tua.
2030 3333 2080 3378 et
2109 3323 2239 3378 data
2268 3324 2367 3378 tibi
2393 3325 2574 3395 gratia
2603 3325 2946 3378 curationum
2971 3323 3106 3394 (2|).
3135 3322 3356 3378 Festina
3379 3321 3479 3392 igi-

1891 3423 1984 3470 llll‘
1999 3430 2391 3473 consummare
2421 3431 2645 3472 cursum
2673 3425 2850 3481 tuum,
2877 3423 2932 3472 et
2947 3423 3224 3470 certamen
3257 3413 3476 3484 perﬁce.

1891 3507 2043 3564 Intra
2065 3523 2190 3564 eum
2217 3508 2427 3565 sanctis
2453 3517 2506 3564 et
2535 3508 2726 3579 accipe
2752 3508 3026 3574 bravium,
3053 3506 3199 3578 quod
3229 3515 3478 3576 paratum

1890 3609 1976 3658 est
2005 3601 2216 3659 sanctis
2239 3610 2408 3672 atque
2436 3601 2700 3657 omnibus
2738 3603 2833 3672 qui
2871 3601 3191 3656 dilexerunt
3243 3601 3479 3656 manife-

1892 3696 2186 3752 stationem
2235 3695 2444 3752 Christi
2480 3695 2616 3767 (22).
2667 3695 2913 3752 Rebellis
2961 3706 3142 3751 autem
3181 3696 3482 3767 imperator

1890 3789 2052 3846 cadet
2083 3789 2140 3845 in
2197 3789 2446 3857 Perside,
2491 3791 2720 3845 victima
2784 3789 3005 3846 l‘uturus
3063 3789 3480 3844 innnuudorum

1891 3880 2229 3947 daemonum,
2256 3898 2400 3953 quos
2435 3882 2610 3938 coluit
2637 3889 2692 3938 et
2724 3890 3022 3938 veneratus
3049 3891 3160 3946 est,
3207 3891 3261 3936 et
3295 3897 3324 3935 a
3352 3881 3481 3952 qui-

1891 3975 1997 4031 bus
2035 3973 2355 4044 huiusmodi
2386 3975 2694 4032 mercedem
2729 3976 2988 4046 accipiet.
3027 3973 3304 4044 Regnabit
3335 3973 3481 4029 alius

1892 4084 1993 4139 pro
2024 4084 2092 4125 eo
2118 4067 2636 4126 Christianissimus
2667 4080 2721 4126 et
2751 4069 3035 4139 piissimus
3059 4067 3173 4138 (23)
3194 4109 3208 4128 ,
3239 4068 3332 4138 qui
3361 4082 3482 4121 om-

1894 4178 2018 4218 nem
2077 4163 2354 4219 idolorum
2416 4163 2626 4218 cultum
2661 4161 2977 4232 confringet
3023 4171 3078 4216 et
3110 4160 3306 4215 evellet
3339 4159 3482 4230 (ει).

1895 4254 2138 4326 Populus
2191 4270 2326 4310 vero
2359 4254 2454 4310 Dei
2483 4253 2638 4309 omni
2670 4254 2871 4323 gaudio
2919 4251 3162 4316 incedet,
3190 4257 3245 4306 et
3271 4257 3488 4306 cunctae

1895 4349 2156 4404 Ecclesiae
2209 4347 2592 4403 liberabuntur
2645 4346 2716 4401 ab
2769 4345 2984 4401 insania
3043 4343 3336 4405 idolorum,
3378 4357 3484 4412 pax

1894 4455 2122 4512 quoque
2165 4455 2362 4495 secura
2393 4439 2662 4494 mundum
2704 4438 3023 4492 universum
3063 4435 3482 4503 complectetur,

1892 4541 1949 4588 et
1989 4547 2192 4587 nomen
2241 4532 2448 4588 Christi
2484 4531 2822 4586 exaltabitur
2863 4538 2918 4584 et
2972 4526 3421 4598 magniﬁeabitur
3455 4539 3486 4578 a

1897 4625 2104 4681 ﬁnibus
2154 4625 2222 4680 ad
2277 4625 2416 4680 lines
2466 4625 2621 4681 orbis
2655 4633 2954 4679 terrarum.
2994 4619 3309 4678 idololatria
3340 4617 3490 4673 enim

1895 4717 2161 4787 deinceps
2207 4732 2316 4772 non
2351 4719 2578 4772 extollet
2631 4723 2800 4786 caput
2852 4729 3036 4779 suum,
3094 4725 3274 4782 neque
3331 4708 3493 4764 dabi-

205 4802 448 4883 Χριστόῦ
480 4809 834 4882 ὑψωθήσεται
858 4807 953 4861 καὶ
986 4805 1463 4878 μεγαλυνθήσεται
1485 4803 1594 4858 ἀπὸ
1623 4805 1780 4878 περὰ·

1895 4818 1990 4866 tur
2066 4812 2286 4868 Satanze
2344 4812 2628 4868 eradicare.
2697 4809 3118 4865 ftiiidamentum
3195 4801 3492 4865 Ecclesia;

1721 4965 1955 5033 ΝΟΪᾸΞ.

283 5091 362 5218 (ἓ
381 5089 620 5146 Fallitur
645 5101 776 5157 ergo
805 5083 1194 5167 TilleOmontius
1234 5081 1377 5136 Hist.
1404 5081 1544 5166 .eccl.
1577 5088 1621 5136 t.
1669 5080 1784 5164 Yll,

370 5163 392 5216 ι
414 5177 564 5218 sum.
587 5160 718 5214 dum
742 5158 1056 5212 Artemium
1082 5154 1240 5209 valde
1264 5161 1582 5218 suspicatur
1614 5151 1784 5210 fuisse

204 5179 268 5234 p.
291 5151 392 5218 ’731
414 5177 570 5234 sqq._,_
587 5151 737 5214 dutn'
742 5157 1056 5212 Artemium
1082 5154 1240 5209 valde
1264 5154 1582 5224 suspicatur
1614 5151 1787 5210 fuisse

209 5230 501 5290 Arianum.
533 5230 690 5285 Eutr.

282 5302 395 5372 (2!)
441 5302 645 5356 Alludit
675 5297 756 5372 ad_
781 5305 990 5372 textum
1017 5291 1268 5372 _Apost._l
1300 5293 1433 5372 ger.
1464 5309 1563 5359 xu,
1587 5293 1642 5349 9.

305 5364 400 5441 22')
445 5372 657 5426 Alludit
691 5369 759 5424 ad
797 5370 976 5423 locum
1001 5367 1272 5441 Apostoli,
1309 5365 1348 5441 ll
1374 5364 1518 5418 Tim.
1559 5379 1633 5441 ιγ,
1674 5365 1731 5420 8.

305 5435 397 5513 23)
437 5441 730 5513 Iovianus
755 5454 974 5506 nempe,
1006 5435 1156 5513 _qui_
1191 5437 1520 5513 praeclarum
1567 5435 1789 5513 pietatis

211 5506 479 5570 indicium
528 5511 784 5578 praebuit,
838 5508 1060 5578 quando
1111 5506 1160 5561 ei
1190 5506 1791 5578 __milites_obtulerunt

212 5528 479 5570 marcium
567 5528 784 5575 munit,
838 5528 1060 5578 qualluo
1111 5528 1160 5561 et
1221 5528 1426 5559 lintites
1471 5528 1786 5560 unuuerum

212 5583 488 5640 diadema.
520 5528 921 5643 ‘Pheodoretus,
948 5579 1040 5632 lib.
1078 5593 1132 5632 Iv
1179 5576 1321 5630 Hist.
1343 5575 1552 5641 eccles.,
1581 5591 1706 5640 cap.
1733 5577 1786 5640 1,

213 5662 430 5710 narrat.
464 5669 590 5709 eum
642 5651 854 5707 dixisse
891 5667 904 5702 :
964 5646 1084 5702 Non
1125 5663 1340 5718 possunt
1374 5662 1496 5718 ego.
1525 5647 1615 5716 qui
1639 5647 1793 5703 Chri-

213 5726 426 5779 stianus
469 5739 614 5785 sum,
667 5721 864 5776 talibus
921 5715 1166 5790 privasse,
1194 5789 1199 5790 γ
1229 5715 1578 5790 uecululiaui
1607 5718 1789 5790 copias

214 5811 417 5864 regere,
467 5793 677 5864 pravis,
708 5785 1251 5864 imb_utas_iustitutis.
1307 5785 1452 5840 Nam
1488 5787 1796 5864 quijstius-I

218 5857 368 5942 modi
393 5857 538 5932 sunt,
570 5863 767 5918 divina:
787 5860 1146 5916 Providentiae
1181 5868 1450 5929 expertes,
1495 5857 1652 5927 facile
1677 5859 1795 5927 rapi

1896 5084 1945 5126 et
1973 5073 2205 5130 ludibrio
2239 5090 2355 5129 esse
2391 5071 2634 5126 hostibus
2670 5069 2864 5143 solent.
2898 5065 3103 5143 Quihus
3139 5057 3341 5143 auditis
3364 5057 3500 5143 .‘mi'

1895 5144 2016 5200 lites
2051 5163 2158 5200 uua
2189 5162 2311 5200 voce
2337 5144 2728 5209 responderunt
2759 5154 2776 5192 :
2809 5137 2891 5192 Ne
2921 5136 3130 5209 dubita.
3167 5136 3493 5209 ίιηίζενίέἶονο

1893 5197 2011 5284 ηεσ-
2039 5197 2346 5284 imper—riunt
2370 5197 2620 5268 nostrum
2689 5209 2829 5284 velut
2886 5197 3193 5284 improbant
3243 5197 3496 5284 tl‘ecl‘inaf

1901 5268 2230 5342 Christianis
2260 5301 2487 5354 namque
2522 5281 2817 5354 imperabis
2832 5287 2881 5332 et
2920 5268 2975 5332 in
3008 5272 3222 5344 pietatis
3249 5268 3498 5354 doctrina

1895 5358 2139 5414 educatis
2168 5345 2562 5428 :quippe'iquig
2595 5345 2755 5428 ietate
2798 5350 2937 5428 inter
2989 5363 3086 5428 nos
3140 5345 3498 5428 preces-tiores

1897 5439 2044 5488 sunt.
2081 5416 2428 5484 Constantini
2462 5416 2630 5493 ipsius
2691 5422 2994 5475 doctrinam
3043 5416 3497 5493 [tausrruutnmik

1899 5477 2049 5553 ἱιὸἓὲὲ
2521 5477 2787 5568 instructi
2813 5499 2959 5568 __suut
2984 5504 3003 5543 :
3038 5487 3354 5568 huius‘vere
3370 5477 3502 5568 initi;

2081 5545 2846 5640 5m?
2880 5570 3083 5640 tempus
3103 5545 3386 5640 'fuita‘ttfc
3427 5545 3499 5600 ad

1895 5620 2070 5696 ιάῦἔῆι
2085 5620 2339 5710 ista};
2357 5620 2866 5710 inligatum-"1‘53
2883 5620 3168 5710 Ῐάοὲιευάιο
3211 5620 3400 5710 ER'I:

1965 5691 2079 5784 iii-3i
2104 5691 2258 5784 Ϊῇἆὲῗ
2273 5691 2661 5784 auctor'infra,
2692 5721 2750 5762 n.
2768 5704 2860 5773 70,
2876 5699 3170 5759 Jovianum
3197 5691 3500 5752 adhaesisse

1894 5777 2093 5842 haeresi
2126 5779 2506 5838 Eunomiaum.
2544 5777 2620 5832 In.
