4026 6414
585 423 724 490 1315

576 552 701 594 nam
723 549 889 606 porta:
911 538 1073 608 inferi
1120 555 1223 594 non
1266 540 1630 608 prcralebunt
1680 542 1934 597 adversus
1964 560 2081 598 eam
2106 547 2149 598 ⁸.

1987 430 2372 493 ADDENDA.

3712 432 3837 500 1316

2260 565 2371 600 των
2398 546 2506 609 ἕως
2538 545 2794 618 περάτων
2841 546 2942 616 τῆς
2970 545 3315 619 οἰκουμένης.
3351 548 3428 602 Οὐ
3475 548 3584 619 γάρ
3615 548 3695 603 ἔτι
3726 552 3840 621 ἀρεῖ

571 631 815 700 κεφαλὴν
851 633 883 702 ἡ
921 631 1357 699 εἰδωλολατρεία,
1393 634 1506 687 οὐδ’
1540 635 1599 687 οὐ
1637 635 1713 705 μὴ
1753 637 1855 705 σχῇ
1906 635 2094 705 χώραν
2127 637 2155 687 ὁ
2188 638 2471 703 Σατανᾶς,
2518 637 2614 692 τοῦ
2658 638 2752 691 τὸν
2804 637 3062 710 θέμελιον
3113 640 3211 710 τῆς
3250 640 3580 710 Ἐκκλησίας
3644 643 3839 713 ἀναμο·

571 723 829 793 χλεῦσαι⁸
856 725 1043 777 πύλαι
1085 724 1195 795 γὰρ
1231 724 1382 792 ᾅδου
1414 728 1488 779 οὐ
1519 727 2018 795 κατισχύσουσιν
2047 727 2265 797 αὐτῆς.

641 818 731 873 67.
763 817 1061 889 Postquam
1085 820 1329 875 divinam
1359 837 1547 877 vocem
1577 822 1808 877 auribus
1838 822 2150 893 excepisset

2327 822 2425 889 ξεῖ.
2474 820 2665 877 Ταῦτα
2714 822 2868 894 παρά
2907 822 3011 893 τῆς
3050 820 3201 886 Θείας
3236 825 3422 893 φωνῆς
3473 822 3784 884 ὲνωτισθείς
3812 826 3839 878 6

572 909 797 975 Beatus,
847 920 903 965 et
950 912 1019 967 de
1061 914 1227 969 rebus
1268 914 1470 971 futuris
1528 916 1688 985 plane
1739 916 1943 971 certior
1973 917 2153 974 factus

575 1002 794 1067 fuisset,
830 1003 939 1060 Deo
970 1006 1178 1075 gratias
1216 1008 1347 1078 egit,
1381 1016 1435 1063 et
1466 1009 1659 1078 plenus
1692 1009 1889 1079 gaudio
1931 1018 1987 1064 et
2018 1010 2155 1065 laeti-

573 1096 648 1149 tia
672 1097 874 1151 collum
912 1100 1180 1167 praebuit;
1216 1116 1545 1170 progressus
1589 1117 1731 1156 unus
1767 1101 2000 1155 militum
2025 1116 2156 1157 san-

574 1200 722 1245 cttutt
754 1192 877 1261 ejus
929 1202 1097 1264 caput
1154 1196 1480 1264 amputavit,
1534 1196 1798 1251 vicesima
1829 1195 1918 1251 die
1948 1197 2154 1252 mensis

574 1282 853 1350 Octobris,
888 1285 1020 1340 feria
1050 1296 1227 1351 sexta,
1257 1303 1378 1358 qua:
1411 1287 1619 1343 dicitur
1647 1288 1981 1344 Parasceve.
2020 1289 2151 1344 Bea-

574 1386 690 1431 tutn
721 1388 1092 1449 sanctumque
1122 1395 1325 1450 corpus
1353 1380 1422 1433 ab
1460 1380 1791 1450 imperatore
1819 1379 2038 1436 Iuliano
2062 1397 2154 1451 pe-

574 1471 661 1524 tiit
696 1471 894 1525 mulier
914 1472 1165 1542 qua-datu
1202 1472 1400 1537 ﬁdelis,
1445 1473 1631 1528 Arista
1670 1474 1912 1539 nomine,
1957 1475 2145 1528 Antio-

571 1559 765 1614 cliente
793 1558 1049 1615 Ecclesia:
1082 1560 1429 1625 diaconissa;
1461 1561 1548 1615 cui
1579 1562 1839 1632 princeps
1867 1563 1999 1617 illud
2032 1563 2151 1617 dari

573 1653 872 1708 concessit.
904 1653 1037 1719 Qua:
1062 1663 1314 1709 sanctum
1337 1662 1390 1708 et
1415 1654 1632 1709 beatum
1666 1671 1888 1726 corpus,
1930 1657 2153 1728 myrrha

573 1747 853 1802 conditum
883 1759 939 1802 et
973 1749 1233 1819 pretiosis
1254 1750 1597 1805 aromatibus
1628 1750 2000 1821 etunguentis
2028 1751 2154 1804 οιιοο

573 1851 775 1899 ratum.
806 1840 859 1893 itt
883 1853 1129 1908 capsam,
1156 1854 1186 1892 a
1216 1855 1277 1894 se
1300 1850 1563 1910 paratam,
1591 1839 1868 1909 deposuit,
1898 1839 2153 1910 idemque

574 1930 885 1986 transmisit
923 1932 977 1985 in
1025 1929 1402 1986 felicissimam
1450 1932 1727 1987 civitatem
1763 1931 2153 1987 Constantino-

574 2022 763 2092 polim,
797 2023 851 2075 in
890 2021 1012 2074 loco
1039 2021 1343 2092 conspicuo
1371 2022 1675 2088 collocans,
1726 2039 1793 2077 eo
1825 2023 2063 2078 consilio
2094 2033 2153 2079 ttt

570 2114 883 2177 ecclesiam,
936 2122 1131 2167 saneto
1182 2123 1237 2168 et
1267 2128 1465 2184 magno
1504 2122 1741 2184 martyre
1786 2114 2032 2171 Artomio
2065 2114 2152 2170 di-

2256 916 2563 986 Μακάριος.
2616 913 2892 988 [5941καὶ
2926 914 3308 986 πληροφορίαν
3353 914 3539 968 λαϐὼν
3573 916 3681 967 τῶν
3715 915 3837 984 μελ-

2253 1008 2454 1062 λόντων
2486 1008 2832 1079 πραγμάτων
2862 1007 3214 1078 γενήσεσθαι,
3261 988 3629 1078 εὐχαρίστησέ
3677 1025 3737 1060 τε
3763 1009 3836 1079 τῷ

2254 1100 2395 1171 Θεῷ,
2428 1101 2526 1154 καὶ
2565 1102 2744 1172 χαρᾶς
2769 1101 2866 1154 καὶ
2888 1100 3230 1172 εὐφροσύνης
3249 1102 3545 1170 γενόμενος
3568 1102 3831 1171 ἔμπλεως,

2256 1193 2435 1247 ἔκλινε
2459 1192 2551 1247 τὸν
2582 1193 2787 1263 αὐχένα
2814 1209 2829 1223 ⁸
2862 1194 2959 1247 καὶ
2988 1192 3306 1264 προσελθὼν
3328 1188 3409 1259 εἷς
3442 1194 3553 1247 τῶν
3578 1211 3833 1265 στρατιω-

2253 1285 2384 1349 τῶν,
2432 1284 2710 1356 ἀπέτεμεν
2758 1284 2859 1355 τὴν
2898 1284 3063 1353 ἁγίαν
3116 1286 3281 1339 αὑτοῦ
3338 1286 3607 1358 κεφαλὴν,
3652 1287 3831 1341 εἰκάδα

2254 1375 2548 1446 ἐπέχοντος
2580 1376 2673 1429 τοῦ
2710 1376 3046 1447 Ὀκτωδρίου
3086 1377 3277 1447 μηνὸς,
3303 1380 3361 1432 ἐν
3396 1378 3586 1449 ἡμέρα
3618 1379 3750 1448 ἕκτῃ
3770 1381 3832 1449 τῇ

2255 1470 2564 1541 καλουμένῃ
2624 1471 2979 1543 Παρασκευῇ.
3031 1465 3107 1526 Οὖ
3143 1472 3206 1524 τὸ
3244 1471 3521 1542 μακάριον
3551 1471 3650 1533 καὶ
3688 1472 3833 1541 ἅγιον

2257 1561 2418 1632 σῶμα
2441 1562 2748 1635 ἐξῃτήσατο
2777 1563 2929 1631 παρά
2950 1562 3043 1616 τοῦ
3080 1563 3347 1635 βασιλέως
3388 1562 3683 1617 Ἰουλιανοῦ
3706 1563 3833 1631 γυνή

2252 1670 2337 1717 τις
2366 1656 2555 1724 πιστὴ,
2584 1654 2810 1725 ὀνόματι
2842 1654 3089 1725 ’Δρίστη,
3128 1655 3375 1717 διάκονος
3403 1654 3727 1725 ὑπάρχουσα
3745 1655 3837 1721 τῆς

2254 1750 2313 1802 ἑν
2360 1750 2670 1822 Ἀντιοχείᾳ
2700 1750 3076 1821 Ἐκκλησίας⁶
3135 1750 3232 1805 καὶ
3288 1750 3559 1820 ἐπέτρεψε
3624 1748 3837 1817 δοθῆναι

2253 1840 2393 1910 αὐτῇ
2415 1858 2430 1872 ο
2458 1841 2494 1912 ἢ
2525 1842 2623 1894 καὶ⁵
2650 1842 2930 1913 ποιήσασα
2958 1841 3349 1912 γλωσσόκομον
3374 1842 3471 1895 καὶ
3500 1841 3839 1911 σμυρνίσασα

2252 1934 2314 1986 τὸ
2337 1934 2491 2002 ἀγιον
2538 1934 2704 1987 αὑτοῦ
2740 1934 2836 1988 καὶ
2868 1935 3143 2005 μακάριον
3172 1934 3358 2005 σῶμα,
3394 1934 3491 1988 καὶ
3523 1933 3841 2003 πολυτίμοκ

2253 2024 2514 2096 ἀρώμασι
2569 2016 2668 2079 καὶ
2724 2026 2921 2097 μύροις
2980 2026 3350 2091 εὖωδιάσασα,
3385 2025 3651 2080 κατέθετο
3677 2028 3737 2079 ὲν
3771 2024 3843 2095 τῷ

2253 2118 2650 2189 γλωσσοκόμῳ,
2672 2119 2768 2172 καὶ
2793 2117 3113 2189 ἀνέπεμψεν
3142 2120 3201 2172 ὲν
3229 2121 3295 2189 τῇ
3314 2117 3675 2189 πανευδαίμῳ
3695 2118 3841 2169 Κων-

569 2219 755 2274 gnam,
794 2220 892 2273 pro
931 2213 1203 2259 conventu
1231 2182 1469 2259 lidelium
1498 2182 1818 2269 aediﬁcaret,
1851 2207 1906 2259 in
1945 2222 2153 2261 memo-

2263 2182 2554 2262 σταντίνοτί
2575 2182 2750 2275 πόλει,
2787 2211 2845 2263 ἐν
2891 2182 3043 2281 τάττω
3076 2182 3337 2281 ἐπισήμῳ
3361 2182 3741 2279 καταθεμένη,
3770 2209 3841 2268 ὡς

571 2294 709 2348 riam
738 2294 967 2365 insignis
990 2294 1113 2363 ejus
1142 2294 1417 2365 martyrii.
1464 2296 1598 2348 Acta
1629 2306 1755 2348 sunt
1784 2294 1897 2347 haec
1937 2296 1989 2347 in
2018 2296 2154 2349 urbe

574 2387 824 2457 principe
851 2386 1046 2456 Syriae,
1074 2386 1394 2450 Antiochia,
1423 2387 1528 2441 sub
1549 2384 1772 2440 Juliano
1794 2386 2034 2452 Caesare,
2059 2401 2155 2441 co-

556 2484 829 2551 gnomine
862 2482 1143 2550 Apostata,
1180 2482 1420 2536 Dulcitio
1454 2482 1784 2553 proconsule
1808 2522 1823 2546 ,
1870 2490 1923 2536 et
1975 2480 2157 2534 Sallu-

572 2578 681 2628 stio
720 2573 977 2644 praefecto
1000 2574 1140 2644 (ΞΒ),
1188 2574 1241 2629 in
1290 2575 1413 2629 loco
1439 2574 1529 2629 cui
1562 2590 1756 2628 nomen
1795 2573 2038 2642 Daphne,
2070 2589 2159 2628 re-

571 2674 776 2736 gnante
808 2680 978 2734 super
1012 2680 1113 2720 nos
1149 2664 1380 2721 Omnino
1409 2674 1463 2720 et
1495 2664 1605 2720 Deo
1640 2673 1696 2720 et
1729 2663 2018 2719 Salvatore
2054 2678 2156 2719 no-

572 2764 690 2811 stro
717 2753 848 2810 Jesu
876 2755 1124 2810 Christo.

2263 2299 2564 2370 βουλομένη
2602 2296 2755 2354 οἷκον
2791 2300 2943 2365 ἀξιον
2995 2301 3092 2355 τοῦ
3139 2302 3298 2369 ἁγίου
3352 2300 3843 2372 μεγαλομάρτυρος

2272 2392 2584 2463 ’Λρτεμίου,
2626 2393 2767 2463 πρὸς
2797 2394 2860 2446 τὸ
2914 2392 3141 2458 σύναξιν
3175 2393 3545 2455 ἐπιτελεῖσθαι
3584 2396 3670 2456 εἰς
3717 2410 3843 2462 μνη.-

2265 2482 2496 2553 μὸσυνον
2550 2483 2653 2553 τῆς
2719 2485 2968 2555 ἀοιδίμου
3032 2486 3342 2557 μαρτυρίας
3408 2484 3602 2545 αὐτοῦ.
3668 2483 3841 2537 Ταῦτα

2260 2574 2513 2646 ἐπράχθη
2554 2577 2613 2628 ὲν
2669 2576 2973 2649 Ἀντιοχείᾳ
3017 2580 3086 2648 τῇ
3140 2578 3373 2648 μεγίστῃ
3414 2577 3571 2630 πόλει
3628 2577 3841 2647 Συρίας,

2257 2663 2352 2717 ἰπὶ
2385 2663 2675 2720 Ἰουλιανοῦ
2706 2666 3009 2738 Καίσαρος,
3036 2667 3134 2721 τοῦ
3160 2667 3559 2736 ἐπικληθέντος
3583 2666 3844 2735 Παραϐά·

2260 2773 2390 2826 του,
2433 2757 2900 2823 ἀνθυπατεύοντος
2944 2759 3285 2823 Δουλκιτίου,
3327 2760 3424 2813 καὶ
3457 2761 3560 2831 τὴν
3606 2759 3845 2829 ὕπαρχον

570 2847 847 2911 διεπόντος
877 2848 1051 2919 ἀρχὴν
1093 2846 1454 2901 Σαλουστίουο
1504 2848 1561 2901 ὲν
1626 2848 1777 2919 τόπῳ
1832 2846 2155 2920 καλουμένῳ
2194 2849 2403 2923 Δάφνῃ,
2447 2851 2827 2923 βασιλευόντος
2870 2852 2957 2923 ἐφ’
2987 2855 3137 2925 ἡμᾶς
3163 2853 3259 2908 τοῦ
3302 2852 3513 2925 Κυρίου
3580 2854 3681 2907 καὶ
3715 2852 3843 2907 Θεοῦ

573 2944 669 2997 καὶ
704 2943 960 3012 Σωτῆρος
985 2942 1145 3013 ἡμῶν
1177 2942 1357 3013 Ἰησοῦ
1381 2941 1643 3013 Χριστοῦ.

642 3038 735 3092 68.
762 3038 835 3093 Ut
870 3055 1035 3108 supra
1066 3038 1273 3093 dictum
1327 3046 1435 3101 est,
1476 3045 1725 3107 apostata
1756 3034 2015 3093 Julianus
2052 3038 2156 3092 mi-

575 3130 649 3186 sit
678 3129 1088 3201 llierosolymas
1121 3130 1186 3184 ad
1213 3128 1995 3185 remdilicandutnIudaeorum
2023 3140 2158 3185 tent-

574 3224 757 3292 plum,
823 3223 969 3292 quod
1034 3221 1413 3293 Vespasianus
1488 3221 1726 3292 ejusque
1786 3222 1934 3278 ﬁlius
1994 3220 2155 3278 Titus

571 3315 739 3371 simul
762 3331 887 3369 cunt
922 3316 1150 3370 civitate
1201 3324 1518 3371 everterant
1553 3324 1725 3387 atque
1768 3296 2151 3382 incenderant,

570 3406 1035 3479 quemadmodum
1089 3407 1347 3464 Christus
1388 3406 1660 3463 Dominus
1719 3408 2052 3478 praedixerat
2086 3408 2157 3464 de

572 3502 669 3556 illo
699 3501 913 3555 sanctis
943 3500 1061 3557 suis
1094 3498 1410 3571 discipulis,
1435 3500 1583 3570 quod
1614 3499 1830 3555 scilicet
1861 3515 1966 3552 non
1993 3497 2157 3553 relin-

2334 3035 2439 3106 Eq'.
2492 3033 2647 3088 Ἐπεὶ
2665 3032 2721 3087 δὲ
2746 3030 3006 3105 ἀνωτέρω
3032 3032 3340 3104 εἰρήκαμεν
3362 3030 3440 3094 ὡς
3465 3032 3496 3085 ὁ
3525 3030 3846 3101 παραϐάτης

2274 3126 2563 3190 Ἰουλιανὸς
2593 3123 2914 3179 ἀπέστειλεν
2948 3125 3032 3188 εἰς
3070 3123 3424 3195 Ἰεροσόλυμα
3456 3120 3554 3175 τοῦ
3594 3121 3689 3174 τὸν
3729 3121 3847 3173 ναὸν

2261 3221 2371 3274 τῶν
2424 3217 2693 3273 Ἰουδαίων
2742 3217 3299 3288 ἀνοικοδομήσασθαι,
3347 3217 3407 3268 ὃν
3447 3212 3847 3269 Οὐεσπεσιανὸς

2263 3315 2359 3368 καὶ
2391 3313 2549 3377 Τίτος
2570 3311 2809 3367 ὀτούτου
2842 3311 2954 3375 υίὸς
2986 3310 3124 3382 μετά
3153 3311 3253 3377 τῆς
3292 3310 3499 3373 πόλεως
3532 3309 3633 3361 καὶ
3661 3307 3844 3361 τοῦτον

2264 3404 2515 3459 καθεῖλον
2543 3404 2638 3458 καὶ
2672 3403 3025 3475 ἐνεπύρισαν,
3079 3400 3266 3466 καθὼς
3305 3401 3649 3473 προείρηκεν
3698 3402 3727 3453 6
3756 3402 3845 3451 Ae-

2264 3496 2469 3568 σπότης
2524 3494 2761 3567 Χριστὸς
2791 3494 2924 3565 περὶ
2960 3491 3124 3547 αὑτοῦ
3181 3493 3320 3564 πρὸς
3367 3492 3493 3554 τοὺς
3553 3489 3845 3559 θεηγόρους

569 3601 815 3659 queretur
842 3590 979 3659 lapis
1010 3607 1166 3657 super
1188 3590 1418 3659 lapidem
1444 3592 1536 3661 qui
1563 3607 1669 3645 non
1721 3590 2081 3645 destrueretur
2109 3592 2151 3647 ⁸.

2262 3588 2431 3643 αὑτοῦ
2463 3586 2732 3659 μαθητὰς,
2750 3587 2833 3640 ὅτι
2852 3586 2926 3639 οὑ
2941 3585 3030 3654 μὴ
3048 3584 3227 3653 μείνῃ
3256 3584 3427 3650 λίθος
3444 3580 3654 3636 ἐπάνω
3678 3581 3843 3635 λίθου

506 3721 512 3727 -
570 3685 708 3740 Cum
739 3700 872 3753 ergo
905 3684 1153 3740 nefarius
1210 3684 1375 3740 verba
1410 3682 1615 3737 Christi
1648 3682 1933 3739 mendacia
1966 3691 2157 3741 osten-

571 3777 703 3832 dere
763 3778 948 3840 vellet,
1006 3778 1247 3832 maximo
1296 3776 1483 3831 studio
1540 3774 1838 3832 festinabat
1889 3777 2155 3847 templum

571 3868 868 3931 aediﬁcare,
893 3869 1097 3938 jultens
1119 3884 1183 3923 ex
1215 3868 1438 3938 publico
1466 3870 1667 3923 aerario
1689 3883 1884 3923 omnes
1904 3877 2157 3924 constru-

571 3961 775 4017 ctionis
809 3962 1088 4032 impensas
1122 3960 1262 4017 lieri.
1290 3960 1713 4017 Concurrebaut
1741 3976 1875 4030 ergo
1895 3960 2069 4017 Judaei
2101 3970 2157 4019 et

571 4071 699 4111 cum
727 4055 933 4126 gaudio
975 4070 1177 4125 magno
1219 4070 1362 4125 opus
1401 4054 1900 4125 aggrediebautur;
1953 4053 2155 4109 funda-

573 4160 884 4205 mentorum
910 4149 1115 4204 fossam
1157 4150 1439 4222 argenteis
1470 4151 1652 4206 hamis
1677 4158 1733 4207 et
1763 4150 2038 4220 ligonibus
2076 4148 2159 4203 fo-

571 4242 805 4307 dientes,
872 4258 934 4297 ca
986 4242 1189 4312 jacturi
1239 4253 1419 4307 erant,
1476 4258 1602 4298 cum
1666 4242 2153 4298 vehementissima

573 4333 792 4388 irruens
826 4334 1067 4402 procella
1099 4333 1247 4403 quod
1276 4345 1606 4389 excavatum
1632 4334 1815 4389 fuerat
1836 4348 2035 4388 rursus
2056 4347 2155 4404 ag-

572 4426 765 4495 gessit.
798 4426 1050 4494 Cumque
1080 4425 1300 4493 fulgura
1337 4434 1394 4480 et
1430 4426 1671 4480 tonitrua
1704 4434 1817 4479 tota
1847 4426 1950 4481 ista
1992 4434 2159 4481 nocte

573 4518 1019 4579 demitterentur.
1047 4518 1523 4588 appropinquante
1546 4518 1660 4588 jam
1686 4519 1775 4574 die
1807 4526 2157 4575 terraemotus

576 4610 758 4665 factus
788 4619 897 4677 est,
929 4610 1005 4664 ita
1040 4618 1100 4663 ιιι
1135 4609 1318 4674 tnulti,
1365 4609 1531 4664 etiam
1556 4609 1651 4680 qui
1694 4610 1800 4667 sub
1826 4610 1919 4665 dio
1954 4626 2157 4680 perno-

574 4707 824 4771 ctabant,
853 4704 1121 4775 perierint
1154 4718 1169 4755 :
1199 4711 1254 4758 et
1284 4702 1450 4772 ignis,
1482 4718 1552 4757 ex
1590 4702 1797 4771 apertis
1827 4702 2157 4757 fundamen-

574 4800 647 4856 tis
669 4811 990 4867 erutnpens,
1025 4810 1220 4850 omnes
1262 4792 1635 4862 consumpsit,
1677 4794 1773 4863 qtti
1804 4794 1917 4849 illic
1948 4793 2156 4849 inventi

573 4900 727 4947 sunt.
759 4886 1007 4957 Contigit
1033 4899 1257 4956 quoque
1287 4890 1343 4939 et
1367 4883 1621 4939 civitates
1650 4883 1869 4948 cadere,
1902 4885 2157 4941 videlicet

575 4982 902 5051 Nicopolim,
920 4974 1227 5051 Neapolim,
1256 4977 1745 5048 Eleutheropolim.
1761 4977 1964 5033 Gazam
1991 4980 2159 5035 alias-

570 5093 679 5148 que
706 5076 911 5147 plures.
953 5073 1019 5128 Et
1054 5072 1454 5143 Hierosolymis
1490 5072 1749 5126 Porticus
1780 5069 1927 5126 xElia
1954 5074 2159 5130 multos

568 5168 813 5233 Judasos,
834 5169 983 5224 circa
1006 5180 1345 5238 synagogam
1381 5164 1659 5227 inventos,
1679 5164 1735 5218 in
1761 5163 1976 5218 ruinam
2001 5164 2156 5235 lapsa

570 5262 795 5317 sustulit
819 5280 834 5328 ;
858 5261 1135 5330 simulque
1162 5259 1308 5329 ignis
1328 5258 1515 5313 subito
1538 5271 1836 5327 erumpens
1865 5257 2156 5311 maximam

572 5356 983 5412 multitudinem
1012 5355 1341 5412 combussit.
1383 5353 1661 5408 Praeterea
1698 5350 1857 5406 facta:
1894 5360 2027 5406 sunt
2074 5358 2159 5407 te-

643 5514 665 5546 ⁸
684 5513 1005 5581 Matthavt,
1032 5516 1122 5572 l8.
1194 5518 1215 5550 ⁸
1243 5514 1434 5571 Matth.
1466 5529 1616 5577 χειν,
1642 5511 1699 5567 2.

2264 3682 2334 3749 ὃς
2364 3683 2438 3737 οὐ
2461 3679 2545 3751 μὴ
2574 3676 2910 3747 καταλυθῇ.
2953 3677 3138 3731 Θέλων
3193 3673 3290 3730 οὖν
3330 3677 3359 3728 ὁ
3395 3674 3723 3745 παράνομος
3752 3670 3843 3731 τὰς

2265 3771 2417 3847 [395]
2440 3770 2535 3826 τοῦ
2566 3769 2803 3843 Χριστοῦ
2848 3770 3035 3839 φωνάς
3062 3768 3283 3840 ψευδεῖς
3324 3766 3635 3831 ἀποδεῖξαι,
3664 3760 3844 3819 tamd-

2262 3870 2393 3934 δαζε
2426 3866 2661 3940 μάλιστα
2688 3864 2780 3919 τὸν
2803 3864 2931 3920 ναὸν
2956 3862 3285 3933 οἰκοδομεῖν,
3309 3858 3623 3930 προστάξας
3654 3856 3720 3908 ὲκ
3742 3852 3843 3906 τῶν

2262 3962 2540 4033 δημοσίων
2588 3960 2935 4031 πραγμάτων
2974 3973 3035 4009 τε
3071 3957 3168 4008 καὶ
3221 3951 3525 4025 χρημάτων
3578 3944 3841 4001 ποιεῖσθαι

2263 4057 2446 4109 πᾶσαν
2476 4053 2576 4124 τὴν
2597 4056 2696 4123 τῆς
2725 4051 3014 4121 οἰκοδομῆς
3044 4047 3248 4113 ἔξοδον.
3298 4041 3728 4115 Συνδραμόντων
3757 4033 3842 4091 οῦν

2262 4148 2373 4204 τῶν
2418 4146 2712 4210 Ἰουδαίων,
2741 4138 2835 4199 καὶ
2860 4142 2999 4216 μετά
3024 4140 3226 4211 πολλῆς
3244 4141 3345 4209 τῆς
3368 4136 3545 4207 χαρᾶς
3567 4132 3663 4188 τοῦ
3687 4133 3839 4203 ἔργον

2262 4240 2670 4313 ἐναρεαμένων,
2697 4239 2793 4294 καὶ
2824 4240 2923 4308 τὴν
2951 4234 3058 4289 τῶν
3081 4220 3354 4304 θεμελίων
3384 4230 3595 4300 τάφρον
3622 4226 3839 4293 ὲξορυτ-

2262 4336 2464 4388 τόντων
2491 4333 2760 4404 ἀργυραῖς
2784 4332 3001 4400 ἀμμαις
3027 4327 3124 4380 καὶ
3179 4325 3438 4391 σκάφαις,
3469 4321 3568 4374 καλ⁵
3596 4319 3728 4381 τοὺς
3755 4316 3840 4368 θε-

2268 4425 2483 4498 μελίους
2518 4424 2751 4495 ὴμέλλον
2794 4418 3251 4481 καταΰάλλεσθαι,
3282 4414 3621 4485 σφοδροτάτη
3656 4427 3841 4465 καται-

2263 4518 2353 4588 γὶς
2379 4515 2702 4577 ἐπελθοῦσα,
2725 4514 2788 4567 τὸ
2813 4511 3050 4567 κενωθὲν
3078 4506 3407 4579 ἀντεχὼννυ.
3444 4502 3767 4574 Ἀστραπῶν
3789 4501 3841 4553 δὲ

2263 4612 2357 4665 καὶ⁵
2402 4608 2641 4680 βροντῶν
2680 4605 2803 4661 καθ’
2832 4604 2963 4674 ὅλην
3005 4602 3225 4671 ἐκείνην
3252 4599 3353 4671 τὴν
3388 4597 3561 4651 νύκτα
3611 4593 3843 4664 συνεχῶς

2263 4698 2816 4771 καταπεμπομένων,
2852 4695 3078 4767 σεισμὸς
3132 4690 3462 4762 ὲγγιζούσης
3516 4688 3707 4742 λοιπον
3750 4685 3841 4753 τῆς

2262 4790 2480 4863 ἡμέρας
2500 4790 2736 4859 ἐγένετο,
2764 4786 2907 4841 ὥστε
2942 4784 3171 4849 πολλοὺς
3199 4783 3294 4837 καὶ
3328 4780 3632 4851 ὗπαίθρους
3655 4777 3840 4849 μένον-

2263 4900 2364 4946 τας
2397 4879 2767 4951 ὲναποψύξαι·
2802 4879 2898 4933 καὶ
2932 4876 3043 4949 πῦρ
3078 4877 3143 4930 ὲκ
3186 4874 3295 4928 τῶν
3341 4871 3731 4942 ὀρυσσομένων
3760 4867 3839 4920 θε-

2268 4976 2466 5049 μελίων
2494 4974 2799 5044 ἐξενεχθὲν,
2852 4972 3066 5034 πάντας
3111 4968 3242 5032 τοὺς
3293 4966 3622 5039 εὑρεθέντας
3669 4965 3838 5017 ἐκεῖσε

2264 5068 2629 5139 κατέφλεξεν
2670 5052 3005 5121 καταπεσεῖν
3035 5064 3092 5116 δὲ
3141 5062 3237 5116 καὶ
3286 5060 3475 5122 πόλεις
3504 5057 3703 5122 συνέϐη
3746 5057 3838 5117 τὰς

2264 5161 2396 5230 περὶ
2457 5159 2776 5223 Νικόπολιν,
2820 5159 2915 5212 καὶ
2959 5155 3257 5217 Νεάπολιν,
3300 5150 3739 5223 Ἐλευθερὸπολίν
3782 5164 3835 5201 τε

2266 5255 2363 5309 καὶ
2390 5254 2590 5320 Γάζαν,
2616 5254 2711 5308 καὶ
2738 5252 2933 5322 ἑτέρας
2971 5248 3223 5312 πλείουςο
3252 5246 3382 5299 στοά
3425 5262 3485 5298 τε
3525 5243 3628 5313 τῆς
3662 5241 3837 5303 Allia;

2210 5406 2213 5411 ,
2264 5348 2435 5419 ἤγουν
2500 5345 2880 5417 Ἰερουσαλὴμ,
2922 5343 2957 5413 ἠ
3004 5340 3157 5413 παρά
3203 5339 3304 5410 τὴν
3368 5333 3696 5405 συναγωγὴν
3738 5332 3839 5384 τῶν

2122 5602 2352 5661 NOTJE.

643 5724 758 5796 ('25)
798 5722 988 5796 tha‘ea
1048 5727 1115 5779 ad
1159 5727 1397 5781 litteram
1427 5744 1439 5780 :
1467 5726 1729 5780 vicarium
1764 5725 1988 5780 abeunte
2007 5726 2157 5793 priu-

572 5794 808 5866 eiputttm
836 5794 1118 5851 Sallustio.
1144 5796 1317 5851 Porro
1348 5799 1615 5851 vicariqu
1685 5800 1830 5851 hunc.
1871 5797 2155 5865 principa-

573 5865 687 5924 tutn
720 5868 1099 5937 profecturam
1160 5876 1319 5922 vocat
1355 5869 1701 5931 Ammianus,
1738 5868 1835 5922 lib.
1857 5882 2007 5932 ut",
2041 5865 2147 5937 §5,

2264 5723 2500 5776 dicens:
2538 5720 2810 5775 Orientem
2870 5719 3084 5791 regebat
3131 5724 3393 5788 potestate
3451 5711 3690 5784 prafeett'
3722 5708 3838 5767 Sel-

2264 5794 2483 5847 lustius.
2523 5792 2684 5846 Ent'r.
