4026 6414
201 439 337 508 i317

1425 442 1488 500 S-
1537 438 1863 501 ARTEMII
1924 438 2212 501 PASSIO.

3338 433 3475 499 1318

204 554 481 609 Ἰουδαίων
540 553 769 620 πολλοὺς
840 555 951 611 τῶν
1026 556 1338 629 εἰρημένων
1389 558 1781 627 κατενεχθεῖσα

1898 557 2071 610 ιιιιιιιαξ
2106 558 2159 608 in
2205 552 2342 607 locis
2365 552 2521 621 istis;
2553 561 2608 608 et
2640 558 2994 607 terraamotus
3039 546 3294 605 continui
3331 548 3480 600 mul-

190 649 408 703 ἀνεῖλεν
433 668 447 681 ·
476 650 590 723 πῦρ
619 668 680 705 τε
736 652 975 724 ἐκραγὲν
999 652 1235 723 ἀδήλως,
1287 651 1580 713 πλείστους
1638 651 1775 703 ’1ου-

188 740 358 795 δαίων
381 744 720 797 κατέκαυσεν
740 761 755 774 ο
786 746 1006 813 ἐγένετο
1032 745 1087 798 δὲ
1116 746 1211 798 καὶ
1250 745 1443 806 σκότος
1478 741 1621 795 κατά
1653 742 1779 805 τοὺς

1886 647 2127 717 tiplicem
2190 643 2564 699 calamitatem
2624 644 2795 701 variis
2871 640 3197 698 civitatibus
3268 637 3479 709 injece-

1888 748 2036 793 1⁵11111.

188 838 393 901 τόπους
419 837 662 903 ἐκείνους
707 838 803 893 καὶ
837 838 1054 907 σεισμοὶ
1099 840 1359 907 συνεχεῖς,
1403 837 1605 899 πολλάς
1644 834 1851 905 φθορὰς
1873 835 1929 887 ἐν
1959 830 2181 894 πολλαῖς
2207 828 2573 900 ἐργασάμενοι
2614 827 2855 881 πόλεσιν.

263 929 368 997 ἔθ’.
420 931 481 984 Ὀ
508 931 565 985 δὲ
605 931 892 996 Ἰουλιανὸς
923 933 1140 1005 ἀπάρας
1168 934 1276 987 ἀπὸ
1304 935 1405 1004 τῆς
1446 932 1779 1002 ’Δντιοχείας

193 1023 295 1076 σὺν
344 1024 509 1077 παντὶ
553 1024 631 1094 τῷ
672 1012 1067 1096 ἇτρατεύματι,
1108 1026 1203 1080 ἐπὶ
1252 1025 1352 1098 τὴν
1391 1026 1628 1097 Περσίδα
1678 1029 1785 1096 γῆν

190 1115 512 1187 ἐπορεύετο.
555 1118 666 1171 Καὶ
703 1118 802 1189 τὴν
846 1117 1215 1189 Κτησιφῶντα
1240 1118 1395 1172 πόλιν
1432 1117 1783 1180 καταλαϐὼν,

190 1208 372 1262 ἐδόκει
393 1227 447 1261 τι
483 1209 630 1280 μέγα
673 1209 1122 1282 διαπραξάμενος
1154 1211 1337 1284 ἔργον,
1362 1213 1452 1281 ἐφ’
1487 1211 1652 1282 ἕτερα
1686 1228 1785 1282 με-

190 1300 475 1353 ταϐαίνειν
504 1300 808 1372 κρείττονα.
842 1303 1071 1355 Ἔλαθεν
1099 1303 1156 1357 δὲ
1178 1303 1343 1357 αὑτὸν
1370 1302 1733 1373 ἐξαπατηθεὶς
1756 1304 1786 1355 6

196 1391 545 1466 παμμίαρος.
582 1393 803 1465 Ἔρωτα
854 1395 965 1465 γάρ
996 1395 1306 1450 διαϐολικδν
1342 1395 1444 1466 τῆς
1482 1396 1783 1467 είδωλομα-

195 1484 313 1549 νίας
351 1487 779 1558 ὲνκτησάμενος,
818 1490 909 1542 καὶ
943 1488 1174 1554 ἐλπίσας
1216 1490 1307 1544 διά
1347 1491 1446 1561 μὲν
1474 1491 1583 1544 τῶν
1606 1490 1785 1544 ἀθέων

195 1577 341 1631 θεῶν
367 1578 534 1633 αὑτοῦ
560 1579 914 1650 πολυχρόνιον
936 1580 1035 1652 τὴν
1058 1580 1336 1652 βασιλείαν
1355 1582 1521 1650 ἒξειν,
1549 1582 1644 1635 καὶ
1666 1584 1786 1635 νέον

195 1670 456 1739 γενέσθαι
491 1670 864 1742 Ἀλέξανδρον,
905 1674 1292 1742 περιγενέσθαι
1314 1674 1372 1727 δὲ
1397 1674 1492 1728 καὶ
1515 1673 1624 1727 τῶν
1647 1674 1787 1743 Περ-

196 1759 332 1827 σῶν,
384 1763 480 1816 καὶ
515 1762 575 1815 τὸ
602 1763 714 1815 τῶν
753 1763 1103 1834 Χριστιανῶν
1154 1765 1462 1834 ἐξαλείφειν
1512 1767 1592 1829 είς
1638 1765 1787 1820 ἅπαν

196 1851 354 1927 [396]
400 1854 558 1923 γένος
605 1856 701 1909 καὶ
744 1855 937 1927 ὄνομα,
994 1856 1221 1922 ἐξέπεσε
1290 1859 1390 1928 τῆς
1432 1858 1786 1928 ὑπερηφάνου

193 1946 441 2011 διάνοιας
461 1964 476 1977 ’
506 1946 723 2018 γέροντι
753 1947 861 2018 γάρ
884 1947 1126 2019 ἐντυχὼν
1142 1948 1328 2022 Πέρσῃ
1350 1950 1448 2003 καὶ
1467 1950 1600 2019 παρ’
1620 1946 1786 2001 αὐτοῦ

194 2029 518 2110 ἀπατηθεὶς
557 2039 626 2109 (f)
652 2079 667 2102 ,
700 2040 843 2094 ὥστε
874 2040 942 2095 τά
980 2040 1225 2110 βασίλεια
1263 2041 1375 2095 τῶν
1412 2041 1637 2113 Περσῶν
1692 2042 1788 2095 καὶ

196 2132 381 2187 πάντα
409 2130 501 2185 τδν
530 2131 760 2185 πλοῦτον
782 2133 1023 2204 ἀμογητὶ
1055 2133 1499 2205 παραλήψεσθαι,
1534 2133 1788 2187 ἐνέϐαλεν

197 2225 368 2279 αὐτὸν
418 2225 510 2278 ἐπὶ
539 2223 639 2295 τὴν
702 2194 1069 2297 Καρ-μανίτην
1111 2194 1321 2299 ἔρημον
1346 2227 1426 2288 είς
1450 2194 1668 2290 ἀνοδίας
1691 2227 1786 2281 καὶ
1814 2194 1859 2253 c

201 2318 457 2390 βάραθρα
483 2319 579 2372 καὶ
601 2319 682 2382 είς
714 2319 956 2391 ἐρήμους
1000 2320 1095 2375 καὶ
1123 2318 1389 2390 ἀνύδρους
1414 2318 1613 2384 τόπους
1649 2323 1786 2390 μετά

199 2411 409 2475 παντὸς
440 2411 535 2464 τοῦ
567 2411 999 2482 στρατεύματος,
1026 2413 1118 2466 καὶ
1140 2412 1269 2487 δίψῃ
1303 2414 1396 2467 καὶ
1416 2412 1562 2484 λιμῷ
1589 2414 1789 2478 πιέσας

199 2503 423 2568 αὐτοὺς,
476 2504 570 2556 καὶ
610 2505 793 2558 πᾶσαν
821 2503 920 2575 τὴν
965 2504 1132 2559 ἵππον
1160 2504 1545 2567 ὲναποκτείνας
1582 2504 1792 2575 ὡμολό-

199 2609 378 2662 γησεν
410 2594 438 2646 6
480 2592 698 2665 Πέρσης
720 2595 986 2659 ἑκουσίως
1017 2594 1215 2660 αὐτοὺς
1239 2594 1673 2667 πεπλανηκέναι,
1713 2595 1790 2660 ὡς

201 2685 272 2739 ἂν
316 2684 665 2756 διαφθαρεῖεν
699 2686 790 2738 ὑπ’
823 2686 1015 2752 αὐτοῦ,
1062 2688 1157 2741 καὶ
1189 2686 1265 2759 μὴ
1295 2688 1396 2760 τὴν
1440 2688 1638 2742 ἑαυτοῦ
1686 2706 1792 2741 πα-

198 2777 363 2849 τρίδα
395 2780 773 2850 πορθουμένην
795 2780 901 2834 ὑπὸ
918 2779 1030 2834 τῶν
1059 2780 1326 2851 ἐχθίστων
1357 2781 1626 2835 θεάσοιτο.
1651 2779 1791 2833 Τοῦ-

198 2884 297 2922 τον
327 2868 431 2939 μὲν
478 2869 571 2923 οῦν
607 2871 929 2942 παραυτίκα
973 2870 1202 2941 μεληδὸν
1240 2871 1677 2942 κατακόψαντες,
1714 2870 1792 2943 τῷ

202 2956 425 3029 θανάτῳ
447 2960 817 3032 παρέπεμψαν
836 2980 852 2994 ’
887 2963 1096 3026 εὐθέως
1125 2964 1181 3017 δὲ
1205 2964 1301 3017 καὶ
1327 2961 1467 3033 μετὰ
1503 2964 1605 3033 τῆς
1639 2965 1790 3035 τηλι-

200 3051 418 3121 καύτης
438 3052 840 3123 ταλαιπωρίας,
861 3055 1154 3121 πίπτοντες
1179 3056 1411 3121 ἄκοντες
1430 3056 1509 3127 τῷ
1524 3058 1633 3111 τῶν
1659 3054 1796 3127 Περ·

204 3143 317 3195 σῶν
365 3142 760 3214 στρατεύματι,
797 3145 891 3199 καὶ
939 3145 1218 3216 συμϐολῆς
1262 3147 1597 3218 γενομένης,
1629 3148 1795 3211 αὐτὸς

218 3234 507 3299 Ἰουλιανὸς
534 3237 664 3307 τῇδε
697 3238 859 3291 κάκεῖ
885 3238 1186 3309 διατρέχων
1221 3241 1319 3293 καὶ
1345 3241 1791 3311 διαταττόμενος,

207 3327 537 3397 περιπίπτει
568 3328 777 3399 δόρατι,
816 3329 893 3394 ὡς
956 3330 1057 3401 μέν
1091 3340 1238 3393 τινες
1280 3330 1575 3399 φάσκουσι,
1625 3350 1795 3401 στρα-

208 3419 410 3471 τιώτου
437 3434 452 3448 ο
475 3417 550 3481 ὼς
577 3418 634 3471 δὲ
656 3418 830 3482 ἄλλοι,
866 3419 1182 3491 σαρακηνοῦ
1212 3419 1320 3473 τῶν
1352 3421 1579 3493 Περσῶν
1598 3438 1612 3453 ο
1635 3423 1711 3487 ὡς
1748 3424 1796 3477 δ’

1957 927 2047 983 69.
2070 926 2326 983 Julianus
2353 933 2537 982 autem
2570 942 2697 979 cum
2748 926 3012 981 universo
3062 924 3313 980 exercitu
3364 924 3481 977 Au-

1888 1020 2095 1075 tiochia
2131 1019 2439 1090 profectus,
2468 1020 2521 1073 iu
2556 1017 2836 1073 Persicam
2864 1018 3144 1087 regionem
3176 1018 3282 1070 iter
3311 1017 3480 1070 facie-

1888 1112 2002 1167 bat.
2043 1110 2259 1166 Potitus
2315 1110 2452 1165 urbe
2500 1109 2880 1179 Ctesiphonte.
2910 1107 3210 1161 videbatur
3235 1106 3338 1161 sibi
3378 1106 3481 1160 all-

1885 1208 2019 1278 quid
2051 1208 2235 1278 magni
2265 1206 2469 1265 fecisse
2500 1214 2554 1262 et
2586 1206 2653 1260 ad
2685 1206 2791 1259 alia
2822 1204 3034 1274 majora
3060 1204 3174 1272 jam
3220 1203 3476 1257 transire.

1886 1299 2007 1355 Non
2038 1299 2185 1355 enim
2212 1299 2558 1370 intelligebat
2600 1313 2659 1353 se
2689 1297 2867 1369 decipi
2904 1296 3120 1351 infelix.
3169 1294 3306 1349 Nam
3357 1294 3481 1347 dia-

1886 1392 2077 1448 bolico
2101 1393 2431 1449 idololatria:
2461 1407 2649 1447 amore
2669 1400 2885 1460 captus,
2914 1404 3039 1445 cum
3075 1396 3353 1460 sperasset
3378 1386 3479 1441 fal-

1888 1500 2076 1541 sorum
2106 1486 2336 1542 deorum
2361 1500 2528 1555 opera
2553 1484 2860 1554 longaevum
2886 1482 2993 1537 sibi
3015 1480 3131 1535 fore
3162 1480 3478 1550 imperium,

1886 1586 1942 1637 et
1971 1595 2173 1634 novum
2202 1595 2261 1635 se
2295 1579 2543 1633 futurum
2568 1576 2965 1643 Alexandrum,
2992 1576 3167 1630 relata
3199 1574 3267 1628 de
3293 1573 3479 1629 Persis

1888 1673 2144 1738 victoria,
2179 1682 2233 1728 et
2260 1672 2708 1727 Christianorum
2750 1684 2954 1740 genere
2994 1682 3059 1722 ac
3091 1666 3316 1721 nomine
3344 1666 3480 1718 stir-

1889 1765 2039 1834 pitus
2067 1765 2272 1831 deleto,
2319 1763 2528 1819 excidit
2560 1762 2817 1832 superbis
2871 1760 3328 1830 cogitationibus.
3371 1757 3481 1812 Fa-

1887 1864 2013 1911 ctus
2043 1857 2190 1911 euim
2221 1857 2419 1911 obvius
2451 1855 2572 1911 seni
2601 1854 2822 1909 cuidam
2858 1852 3061 1917 Persae,
3093 1853 3162 1905 ab
3192 1853 3284 1905 illo
3320 1850 3481 1905 dccc-

1888 1959 2016 2019 plus
2048 1947 2174 2003 fuit.
2211 1948 2315 2016 Qui
2372 1963 2470 2019 per
2515 1948 2758 2019 speciem
2810 1945 3062 2001 tradendi
3115 1944 3237 1999 sine
3289 1944 3481 1999 labore

1889 2038 2097 2111 regalia
2135 2038 2435 2094 Persarum
2500 2043 2827 2092 ornamenta
2886 2044 2940 2090 et
2988 2049 3185 2087 omnes
3232 2033 3479 2097 divitias,

1892 2131 2083 2202 injecit
2110 2146 2236 2185 eum
2293 2146 2417 2185 cum
2454 2130 2716 2185 universo
2769 2126 3017 2182 exercitu
3050 2126 3104 2179 in
3146 2124 3480 2179 ϐαι-ιπηιιίιί-

1891 2243 2011 2284 cam
2048 2226 2423 2291 solitudinem,
2468 2225 2526 2280 in
2578 2225 2696 2278 loca
2738 2222 2889 2276 invia
2922 2229 2976 2274 et
3008 2219 3361 2288 voraginosa.
3424 2217 3478 2270 in

1892 2320 2153 2390 regiones
2206 2318 2458 2374 desertas
2514 2324 2569 2372 et
2610 2317 2936 2387 inaquosas.
2967 2312 3221 2380 Cumque
3252 2309 3395 2364 fame
3424 2316 3480 2362 ct

1892 2412 1982 2469 siti
2017 2411 2395 2482 oppressisset
2433 2425 2531 2466 eos
2559 2408 2725 2464 Persa
2746 2449 2762 2474 ,
2810 2406 3023 2476 totique
3056 2402 3331 2475 equitatui
3360 2402 3479 2456 exi-

1890 2505 2026 2559 tium
2064 2511 2470 2574 comparasset,
2503 2502 2688 2558 fassus
2740 2508 2827 2556 est
2873 2514 2931 2554 se
2967 2494 3278 2553 voluntarie.
3303 2509 3401 2549 eos
3449 2509 3478 2546 a

1891 2605 2044 2653 recta
2074 2597 2163 2653 via
2215 2594 2540 2657 deduxisse,
2576 2603 2635 2649 ut
2664 2593 3016 2665 diSperderet
3042 2605 3165 2673 eos,
3197 2599 3255 2643 et
3283 2603 3352 2643 ne
3382 2601 3480 2656 pa-

1890 2690 2058 2745 triam
2090 2702 2248 2744 suam
2306 2686 2705 2743 inlensissimis
2734 2685 2992 2740 hostibus
3028 2690 3298 2737 vastatam
3325 2680 3480 2734 vidc-

1890 2790 1997 2837 ret.
2037 2780 2194 2837 llunc
2247 2782 2472 2852 quidem
2505 2780 2624 2836 sine
2677 2793 2830 2833 mora
2884 2775 3232 2831 membratim
3270 2773 3483 2827 discer-

1894 2883 2046 2946 ptum
2080 2883 2258 2930 morte
2317 2875 2653 2939 all‘ecerunt;
2692 2871 2881 2927 statim
2922 2884 3054 2924 vero
3107 2876 3231 2938 post
3271 2874 3480 2919 tantam

1892 2968 2265 3023 calamitatem
2300 2967 2353 3021 in
2382 2966 2675 3020 Persarum
2730 2963 3036 3019 exercitum
3082 2960 3240 3015 inviti
3286 2974 3485 3013 occur-

1893 3067 2047 3121 runt,
2081 3064 2137 3111 et
2165 3072 2344 3128 pugna
2375 3056 2534 3119 inita.
2579 3055 2699 3125 ipse
2748 3053 3032 3117 Julianus,
3068 3052 3195 3106 dum
3231 3066 3486 3122 quocun-

1893 3166 2003 3221 que
2035 3150 2308 3207 discurrit
2344 3157 2399 3206 et
2425 3149 2614 3204 omnia
2657 3148 2928 3219 disponit,
2969 3148 3119 3202 cadit
3163 3148 3487 3200 vulneratus

1894 3245 2110 3309 lancea,
2141 3251 2199 3297 ut
2235 3243 2490 3298 nonnulli
2532 3241 2749 3304 dicunt,
2790 3240 3007 3301 militis.
3060 3247 3157 3293 aut
3188 3238 3482 3292 Persarum

1898 3302 2122 3401 misfsili,
2159 3343 2221 3390 ut
2256 3336 2381 3390 aliis
2411 3335 2629 3406 placet;
2666 3302 2763 3388 sed
2802 3331 3113 3387 secundum
3137 3330 3487 3385 Christiano-

1899 3445 2023 3484 rum
2056 3427 2413 3490 sententiam,
2450 3441 2635 3482 veram
2663 3423 2857 3494 utique
2892 3437 2957 3478 ac
2984 3432 3252 3489 nostram,
3276 3437 3305 3477 a
3331 3421 3488 3476 Chri-

208 3513 238 3565 6
275 3510 621 3583 Χριστιανῶν
658 3514 688 3565 6
722 3512 932 3585 ἀληθὴς
978 3512 1073 3567 καὶ
1113 3513 1383 3584 ἡμέτερος
1426 3513 1657 3587 [λόγος],
1698 3515 1793 3569 τοῦ

1902 3534 1990 3578 sto
2024 3521 2279 3588 Domino,
2311 3521 2403 3589 qui
2437 3520 2486 3575 ei
2523 3518 2942 3574 adversabatur.
2998 3516 3189 3571 Telum
3219 3517 3364 3571 enim
3401 3532 3489 3572 re-

210 3604 485 3659 Δεσπότου
516 3605 754 3677 Χριστοῦ
795 3606 1230 3677 ἀντιταξαμένου
1263 3606 1433 3678 αύτῷ.
1477 3609 1644 3674 Τόξον
1690 3611 1799 3679 γὰρ

210 3698 427 3771 ἀθρόως
468 3697 579 3753 ἀπὸ
606 3698 699 3752 τοῦ
740 3698 905 3769 άέρρς
943 3699 1167 3753 ὲνταθὲν
1203 3701 1298 3755 καὶ
1330 3700 1485 3771 βέλος
1509 3703 1597 3755 ἐπ’
1635 3702 1800 3756 αὐτὸν

210 3790 409 3855 ὡςνὲπὶ
436 3790 641 3844 σκοπὸν
664 3790 846 3860 ἀφιὲν,
873 3791 965 3844 καὶ
996 3792 1085 3846 διά
1115 3791 1227 3845 τῶν
1249 3793 1496 3862 λαγόνων
1521 3794 1796 3866 ὁρμῆσαν,

208 3877 514 3949 διαμπερὲς
553 3877 795 3950 ἔτρωσεν
825 3880 989 3933 αὑτὸν
1033 3881 1117 3946 είς
1154 3882 1225 3935 τά
1275 3882 1634 3953 ὑποχόνδρια.
1690 3884 1800 3938 Καὶ

207 3973 525 4045 ἀνοιμώξας
562 3973 700 4046 βαρύ
730 3992 790 4029 τε
847 3976 943 4029 καὶ
980 3976 1233 4047 δυσηχὲς,
1262 3976 1410 4041 ἔδοξε
1455 3976 1547 4029 τὸν
1590 3976 1797 4045 Κύριον

206 4065 371 4136 ήμῶν
412 4066 625 4138 Ἰησοῦν
672 4067 912 4140 Χριστὸν
950 4066 1184 4122 ἐνώπιον
1221 4068 1389 4123 αὐτοῦ
1424 4070 1647 4126 ἑστάναι
1700 4070 1797 4124 καὶ

207 4160 517 4232 ἑπεγγελᾷν
543 4160 721 4232 αύτῷ·
754 4162 784 4215 6
811 4160 869 4214 δὲ
901 4162 1127 4225 σκότους
1165 4162 1260 4216 καὶ
1308 4162 1507 4232 μανίας
1532 4162 1797 4234 πλησθεὶς

205 4252 505 4324 δεξάμενος
532 4257 598 4327 τῇ
642 4253 788 4323 χειρὶ
820 4253 882 4307 τὸ
912 4254 1047 4308 ἴδιον
1102 4248 1245 4324 αἷμα
1275 4254 1370 4309 καὶ
1419 4257 1501 4319 είς
1538 4256 1632 4309 τὸν
1656 4255 1797 4326 ἀέρα

211 4345 407 4415 ῥάνας,
440 4345 578 4417 πρὸς
608 4348 673 4417 τῇ
709 4346 916 4417 ἐκπνοῇ
942 4346 1256 4417 γενόμενος,
1283 4346 1550 4418 ἀνέκραξε
1583 4346 1793 4412 λέγων’

206 4436 548 4507 Νενίκηκας,
568 4438 610 4491 Χ
620 4437 791 4508 ριστὲ,
812 4437 1169 4510 χορτάσθητι,
1186 4438 1464 4494 Γαλιλαῖεῐ
1489 4441 1599 4493 Καὶ
1610 4439 1787 4506 οὕτως

1903 3614 2127 3684 pentine
2155 3630 2220 3668 ex
2245 3628 2372 3667 aere
2400 3612 2736 3683 projectum.
2768 3618 2822 3666 et
2854 3610 3058 3682 sagitta
3094 3609 3148 3665 in
3174 3624 3299 3665 eum
3327 3608 3487 3679 quasi

1900 3707 1954 3760 in
1996 3720 2226 3775 scopum
2280 3704 2552 3769 immissa,
2609 3703 2786 3775 ipsius
2840 3704 3015 3760 latera
3064 3702 3397 3773 penetravit.
3434 3714 3489 3757 et

1900 3793 2275 3866 hypocondria
2300 3809 2531 3864 prorsus
2556 3792 2815 3864 perfodit.
2846 3775 3084 3863 lijulanti
3113 3800 3295 3845 autem
3320 3794 3491 3847 vehe-

1900 3874 2115 3943 menter
2147 3894 2204 3943 et
2250 3886 2577 3943 acutissime
2629 3886 2925 3942 videbatur
2982 3885 3250 3942 Dominus
3300 3892 3490 3941 noster

1902 3980 2066 4037 Jesus
2092 3980 2353 4037 Christus
2380 3990 2529 4037 stare
2556 3994 2623 4035 ex
2650 3978 2909 4034 adverso.
2939 3980 3060 4049 Ipse
3106 3994 3239 4032 vero
3270 3978 3487 4033 insania

1902 4083 1958 4129 et
1986 4073 2176 4130 furore
2222 4074 2512 4144 percitus.
2563 4087 2729 4126 manu
2757 4085 2856 4125 sua
2889 4070 3169 4141 proprium
3223 4070 3488 4141 colligens

1904 4170 2254 4239 sanguinem,
2308 4181 2548 4237 eumque
2596 4164 2651 4219 in
2677 4164 2849 4219 altum
2900 4163 3225 4234 projiciens.
3258 4162 3486 4232 jamjam

1901 4271 2211 4315 extremum
2241 4260 2497 4331 spiritum
2524 4256 2881 4321 redditurus,
2925 4256 3259 4312 exclamavit
3287 4274 3299 4309 :
3338 4255 3487 4312 Vici-

1903 4352 1997 4415 sti,
2025 4351 2281 4418 Christe;
2340 4350 2565 4413 satiare,
2602 4346 2856 4403 Galilzeel
2910 4346 3004 4402 Sic
3032 4349 3274 4417 pessima
3310 4360 3490 4406 morte

1895 4444 2099 4500 emavit
2128 4442 2399 4502 aniumm.
2420 4440 2556 4496 deos
2576 4440 2873 4496 suosomni
2902 4438 3157 4495 convicio
3179 4440 3484 4499 insectans.

206 4531 304 4586 τὸν
338 4531 586 4603 ἔχθιστον
620 4532 848 4587 θάνατον
903 4534 1250 4602 καταλαϐὼν,
1295 4536 1635 4607 κατέστρεψε
1693 4538 1755 4591 τὸ
1782 4538 1964 4611 νβίον,
1992 4540 2123 4603 τοὺς
2177 4536 2342 4593 αὐτοῦ
2381 4536 2540 4600 θεοὺς
2570 4534 2744 4590 πολλά
2776 4533 3254 4605 λοιδορησάμενος.

282 4624 344 4680 o'.
377 4624 485 4679 Τοῦ
516 4626 573 4679 δὲ
613 4626 940 4698 Παραϐάτου
989 4628 1251 4691 πεσόντος
1292 4630 1351 4682 ὲν
1378 4628 1456 4699 τῷ
1484 4630 1795 4701 μεταιχμίῳ

207 4717 305 4773 τοῦ
333 4717 895 4791 [597]στρατοπέδου,
932 4719 1189 4784 Ἰοϐιανός
1246 4721 1644 4794 ἀναγορεύεται
1695 4722 1792 4793 βα-

1972 4634 2066 4687 70.
2094 4631 2228 4687 Cum
2259 4630 2557 4686 cecidisset
2606 4630 2873 4700 Apostata
2906 4627 3052 4682 inter
3076 4630 3290 4684 medios
3329 4645 3488 4687 exer-

1901 4726 2072 4789 citus.
2110 4723 2377 4780 Jovianus
2414 4724 2718 4794 imperator
2771 4722 3047 4777 salutatur
3103 4736 3133 4775 a
3191 4722 3486 4779 militibus.

211 4811 398 4874 σιλεὺς
432 4810 537 4864 ύπδ
581 4809 677 4864 τοῦ
700 4811 1064 4883 στρατοπέδου
1108 4812 1181 4884 (g)
1206 4829 1221 4843 ο
1268 4815 1363 4868 καὶ
1404 4815 1638 4879 σπονδάς
1664 4816 1793 4888 πρὸς

1903 4820 2008 4889 Qui
2037 4834 2165 4876 cum
2200 4818 2384 4877 Persis
2428 4832 2619 4887 pacem
2648 4815 2991 4887 composuit,
3024 4813 3202 4870 Nisibi
3249 4816 3369 4871 sine
3403 4818 3490 4872 in-

206 4903 307 4959 τδν
331 4904 552 4977 Πέρσην
576 4905 864 4976 εἰρηνικὰς
888 4905 1279 4977 ποιησάμενος,
1318 4906 1417 4976 τὴν
1448 4906 1667 4961 Νίσιϐιν
1694 4924 1801 4961 πα-

212 4996 414 5069 ραδοὺς
438 4997 552 5059 τοῖς
598 4995 840 5065 Πέρσαις
885 4997 1016 5051 ἀνευ
1063 4997 1175 5051 τῶν
1222 4997 1545 5069 οἰκητόρων,
1577 4997 1801 5070 ἐξῆλθεν

208 5086 425 5143 ἐκεῖθεν
446 5102 462 5117 ·
492 5088 521 5140 6
548 5085 658 5158 γάρ
683 5088 913 5161 στρατὸς
941 5089 1084 5160 λιμῷ
1109 5089 1203 5143 καὶ
1232 5088 1406 5160 λοιμῷ
1439 5089 1797 5161 διεφθείρετο.

221 5182 431 5237 Ἐλθὼν
467 5182 525 5236 δὲ
571 5183 737 5247 αὐτὸς
784 5186 877 5238 ἐπὶ
923 5185 1024 5257 τῆς
1065 5184 1175 5239 τῶν
1215 5184 1507 5255 Ῥωμαίων
1555 5186 1679 5255 γῆς,
1730 5188 1798 5257 τῇ

206 5275 325 5331 τῶν
353 5275 723 5347 Ἀνομοιητῶν
749 5276 962 5349 αἱρέσει
987 5277 1314 5349 προσετέθη,
1343 5278 1511 5350 ἤγουν
1531 5277 1801 5348 Εὐνομια-

209 5368 323 5423 νῶν
345 5385 361 5400 ·
394 5368 705 5439 φθάσαντος
733 5369 791 5423 δὲ
824 5370 990 5425 αὑτοῦ
1038 5372 1139 5443 τὴν
1163 5370 1473 5441 Γαλατικὴν
1503 5371 1795 5442 ἐπαρχίαν,

209 5458 403 5517 αὐτόθι
444 5461 505 5514 ιν
544 5460 911 5525 Δαδαστάνοις
950 5460 1008 5515 ἐν
1041 5479 1151 5516 τινι
1179 5462 1386 5534 χωρίῳ,
1418 5460 1566 5515 οὕτω
1599 5462 1800 5516 καλου-

214 5552 388 5625 μένῳ,
423 5552 581 5622 ἄφνω
609 5553 979 5625 καταστρέφει
1008 5554 1100 5607 τὸν
1129 5554 1246 5625 βίον
1271 5571 1287 5587 ο
1320 5554 1414 5609 καὶ
1446 5553 1597 5623 μένει
1619 5555 1647 5606 6
1672 5553 1800 5617 λαὸς

210 5642 573 5708 ἀϐασίλευτος
602 5645 817 5716 ἡμέρας
867 5645 1301 5717 τεσσαράκοντα,
1339 5646 1497 5717 ἄχρις
1523 5640 1585 5699 οὗ
1621 5644 1801 5699 ἐλθόν-

208 5754 308 5802 τες
339 5737 400 5792 έν
432 5737 663 5810 Νικαίᾳ,
708 5739 1160 5797 Οὐαλεντινιανὺν
1193 5739 1597 5812 ἀνηγόρευσαν.
1644 5738 1703 5791 '0
1740 5736 1798 5790 δὲ

1903 4915 2044 4971 colis
2070 4914 2153 4971 eis
2181 4911 2422 4978 tradita,
2457 4917 2513 4965 et
2562 4910 2643 4966 sic
2675 4909 2990 4979 expeditum
3027 4924 3087 4964 se
3140 4907 3304 4975 iecit;
3358 4925 3487 4964 nam

1905 5006 2188 5063 exercitus
2212 5012 2365 5076 peste
2399 5018 2464 5058 ac
2512 5003 2656 5057 fame
2689 5002 2929 5073 peribat.
2969 5001 3268 5072 Postquam
3303 5011 3485 5055 autem

1904 5098 1961 5154 in
1990 5096 2371 5153 Romanorum
2426 5104 2631 5151 terram
2683 5094 2927 5158 advenit,
2959 5094 3345 5147 Anomaeorum
3387 5108 3486 5148 seu

1908 5187 2381 5243 Eunomianorum
2411 5184 2608 5241 haeresi
2641 5183 2889 5239 adhaesit.
2926 5182 2983 5237 Et
3021 5199 3148 5237 cum
3175 5192 3490 5253 peragraret

1905 5279 2217 5335 Galaticam
2276 5276 2656 5348 provinciam,
2721 5275 2777 5329 in
2834 5274 3003 5344 hujus
3052 5273 3176 5329 vico
3207 5272 3485 5344 quodam.

1904 5370 2236 5427 Dadastanis
2289 5379 2507 5433 vocato,
2568 5376 2793 5439 repente
2843 5374 3099 5422 mortuus
3146 5373 3253 5421 est.
3289 5365 3488 5421 Mansit

1904 5463 2146 5535 populus
2171 5462 2288 5518 sine
2314 5461 2646 5531 imperatore
2674 5459 2870 5515 diebus
2899 5457 3287 5529 quadraginta,
3311 5457 3488 5511 donec

1901 5553 2099 5610 Nicma:
2130 5552 2417 5609 constituti
2439 5550 2887 5605 Valentinianum
2912 5550 3269 5606 salutassent.
3291 5548 3489 5603 Valen-

1903 5646 2152 5702 tinianus
2203 5652 2391 5699 autem
2454 5644 2744 5713 proprium
2806 5641 3034 5698 fratrem
3095 5641 3487 5711 imperatorem

1906 5737 2235 5801 proclamat,
2270 5736 2361 5792 die
2393 5735 2590 5806 quinta
2641 5734 2925 5791 Kalendas
2975 5734 3177 5800 Martii,
3209 5744 3332 5805 post
3366 5731 3490 5787 dies

1725 5848 1961 5906 NOTAE.

283 5943 700 6020 (Dl’hilostorg.
730 5946 835 6004 loc.
869 5946 966 6002 cit.

1977 5939 2049 6011 (g)
2082 5938 2413 6010 Philostorg.
2448 5937 2588 6011 frag.
2630 5937 2727 5995 lib.
2768 5955 2886 5995 vul.
