4026 6410
216 427 351 494 1321

833 422 1155 487 JOANNIS
1186 418 1634 483 ORTHODOXI
1667 412 2128 479 DISPUTATIO
2161 414 2321 476 CUM
2359 416 2799 479 MANICHIEO.

3325 419 3463 485 1322

282 543 346 597 0.
380 538 565 595 Ταῦτα
613 534 773 608 μῦθοί
817 536 978 600 τινές
1005 537 1111 589 είσι
1137 534 1298 587 πλέον
1330 531 1431 602 τῆς
1452 529 1705 593 ἀσεϐείας
1724 527 1786 582 τὸ

1960 521 2023 579 Ο.
2052 524 2152 578 ﬂre
2178 534 2308 580 sunt
2342 524 2538 580 fabula:
2562 528 2835 597 qumdam,
2885 527 3062 601 magis
3091 529 3260 586 etiam
3283 532 3462 589 incre-

206 634 474 691 ἀπίθανον
531 631 748 701 ἔχοντες
783 645 798 661 ο
844 627 1060 698 πρῶτον
1106 626 1205 696 μὲν
1240 627 1323 679 ὅτι
1367 624 1543 685 οὐδεὶς
1597 622 1789 677 ἑαυτὸν

205 726 494 795 συντίθησι
553 722 691 794 πρὸς
749 721 937 789 ἑτέρου
990 718 1235 787 γένεσιν·
1299 715 1437 786 πρὸς
1496 715 1705 776 τούτοις
1731 713 1790 766 δὲ

208 817 454 888 παθητὸς
486 816 580 869 καὶ.
607 813 862 884 μεριστὸς
888 813 916 865 6
941 810 1074 872 Θεὸς
1095 807 1343 861 ἐντεῦθεν
1368 804 1704 877 εὑρίσκεται,
1739 803 1793 856 εί

207 930 274 982 γε
335 914 500 984 μέρος
548 909 708 973 αὐτὸς
742 906 927 959 λαϐὼν
966 908 1031 977 τῇ
1075 905 1178 975 ὕλῃ
1216 900 1620 974 προσέρριψεν⁸
1655 898 1791 952 ἀλλά

210 1006 307 1060 καὶ⁵
343 1007 376 1075 ή
413 1003 512 1072 ὕλη
550 1002 644 1055 τοῦ
687 996 828 1053 εἶναι
868 997 1014 1067 κακὴ
1069 993 1593 1066 ἐλευθερωθήσεται,
1657 991 1790 1061 ἐρα-

209 1097 404 1151 σθεῖσα
432 1095 527 1149 τοῦ
560 1092 788 1162 ἀγαθοῦ,
818 1091 913 1144 καὶ
932 1090 994 1142 τὸ
1016 1084 1076 1154 ἒξ
1116 1085 1283 1140 αὐτοῦ
1323 1085 1441 1155 φῶς
1493 1081 1792 1137 καταπιοῦ-

210 1203 282 1240 σα
305 1203 320 1217 ·
346 1187 504 1242 ἄλλον
526 1202 587 1238 τε
607 1184 665 1237 δὲ
690 1180 984 1253 ἀπόκριναί
1017 1196 1126 1251 μοι,
1161 1177 1450 1249 ἀσώματος
1490 1177 1519 1229 6
1546 1174 1679 1238 Θεός
1701 1192 1717 1241 ;

283 1280 359 1334 M.
387 1278 514 1339 Ναὶ,
549 1274 863 1345 ἀσώματος.

282 1375 344 1423 0.
405 1369 528 1433 Πῶς
581 1367 676 1421 οῦν
724 1368 754 1420 6
811 1363 1101 1436 ἀσώματος
1146 1363 1240 1418 καὶ
1297 1361 1504 1425 ἁπλοῦς
1559 1357 1791 1432 τομὴνῆ

207 1463 484 1535 διαίρεσιν
516 1460 783 1531 ὑπομένει
808 1478 823 1525 ;

214 1584 217 1587 -
282 1556 362 1610 Μ.
431 1554 567 1608 Ἀλλ’
621 1554 683 1607 οὐ
720 1553 989 1623 διαίρεσιν
1030 1551 1062 1623 ἢ
1099 1551 1274 1622 τομὴν
1319 1549 1599 1619 γεγονέναι
1650 1547 1795 1617 λέγω

206 1648 315 1718 τῆς
343 1647 495 1711 θείας
514 1647 725 1711 οὐσίας,
748 1646 892 1701 ἀλλά
910 1645 1218 1717 προσϐολὴν
1247 1644 1531 1715 ὁμοούσιον
1556 1641 1635 1713 τῷ
1661 1657 1796 1713 προ-

212 1740 530 1812 ϐαλλομένῳ
550 1756 565 1771 ο
592 1739 842 1812 καὶπρὸς
856 1738 1016 1793 τοῦτο
1038 1738 1403 1810 διαμάχεσθαι
1430 1735 1795 1808 Χριστιανοὺς

1889 615 2089 671 dibiles
2107 631 2274 685 quam
2297 615 2496 687 impiae.
2527 615 2771 675 Primum
2808 620 3031 690 quidem
3055 624 3183 693 quia
3217 639 3379 679 nemo
3403 639 3465 682 se

1891 708 2075 777 ipsum
2124 709 2443 778 componit,
2492 717 2554 763 ut
2598 711 2767 765 alium
2792 714 3083 782 producat.
3126 714 3328 773 Deinde
3374 718 3465 775 his

1891 800 2111 871 positis,
2146 800 2393 871 patibilis
2426 803 2831 875 divisibilisque
2866 805 3009 864 Deus
3039 808 3168 863 hinc
3190 811 3467 881 comperi-

1892 902 2002 957 tur,
2030 894 2074 948 si
2102 894 2324 964 quidem
2346 903 2534 964 partes
2569 896 2653 951 sui
2677 906 2929 967 sumptas
2952 900 3006 954 in
3030 902 3315 957 materiam
3334 917 3464 974 pro-

1887 985 2169 1057 jccit.Sed
2198 994 2252 1042 et
2278 988 2508 1043 materia
2535 990 2834 1059 quominus
2851 992 2923 1046 sit
2952 993 3095 1047 mala
3124 994 3464 1059 absolvetur,

1892 1078 2157 1148 quoniam
2187 1079 2392 1134 bonum
2440 1081 2735 1146 adamavit,
2780 1084 3014 1155 ejusque
3048 1086 3227 1142 lucem
3266 1089 3460 1143 ebibit.

1892 1166 2049 1223 Nunc
2068 1169 2221 1223 aliud
2248 1170 2377 1225 mihi
2398 1173 2666 1243 responde
2689 1190 2703 1228 :
2721 1182 2879 1232 estne
2912 1177 3273 1249 incorporeus
3288 1179 3469 1236 Deus?

1965 1258 2038 1314 Μ.
2071 1258 2217 1317 Sane
2239 1261 2624 1333 incorporeus.

1966 1349 2031 1406 0.
2063 1350 2352 1418 Quomodo
2384 1353 2552 1425 igitur
2588 1355 2948 1426 incorporeus
2993 1367 3049 1415 et
3083 1360 3319 1431 simplex
3378 1377 3469 1418 se-

1894 1443 2132 1498 ctionem
2163 1452 2260 1499 aut.
2278 1444 2605 1502 divisionem
2637 1448 2881 1517 patitur?

1966 1534 2040 1590 M.
2079 1534 2191 1606 Ego
2223 1552 2405 1607 neque
2444 1536 2770 1595 divisionem
2811 1556 2989 1612 neque
3034 1542 3333 1599 sectionem
3383 1543 3468 1600 fa-

1894 1635 2040 1682 ctam
2069 1628 2194 1683 dico
2223 1628 2423 1685 divina:
2449 1631 2789 1696 substantiae,
2820 1634 2916 1688 sed
2950 1635 3303 1691 emissionem
3336 1653 3471 1693 con-

1896 1720 2321 1775 substantialem
2348 1722 2642 1777 emittenti.
2667 1724 2848 1792 Atque
2879 1723 3008 1779 huic
3045 1727 3332 1781 sententiae
3377 1743 3469 1783 re-

208 1834 376 1898 ὂντας
395 1811 539 1905 ὑμᾶς
556 1834 657 1887 οὐκ
685 1811 858 1904 οἶμαι,
897 1831 991 1906 [οἳ]
1008 1833 1101 1886 τὸν
1130 1832 1259 1885 Υίὸν
1285 1830 1379 1885 τοῦ
1408 1830 1545 1885 Θεοῦ
1567 1830 1661 1885 καὶ
1689 1829 1792 1884 Λό-

1907 1825 2260 1881 puguarevos
2287 1811 2638 1870 Christianos
2665 1829 2774 1870 non
2811 1822 2965 1885 puto,
3016 1818 3110 1887 qui
3138 1818 3334 1872 Filium
3373 1818 3468 1874 Dei

208 1941 332 1994 γον,
355 1925 415 1978 οὐ
432 1925 627 1995 τμῆμα
657 1924 758 1995 τῆς
788 1923 980 1977 τούτου
1002 1922 1215 1995 Πατρὸς
1264 1923 1454 1987 οὐσίας
1496 1921 1657 1992 φατὲ,
1698 1921 1794 1974 καὶ

206 2016 365 2087 ὅμως
391 2015 681 2086 όμοούσιον
706 2016 785 2086 τῷ
804 2016 981 2087 Πατρὶ
1012 2015 1107 2069 καὶ
1138 2015 1269 2086 παρ’
1300 2015 1431 2084 ὑμῖν
1450 2013 1795 2084 ὁμολογεῖται

208 2109 311 2162 καὶ
339 2110 421 2173 είς
439 2108 531 2162 τὸν
560 2108 767 2179 κόσμον
791 2107 1197 2163 ἀποσταλέσθαι
1225 2107 1366 2178 ὑπὲρ
1396 2105 1672 2177 σωτηρίας
1686 2104 1795 2157 τῶν

209 2200 520 2272 ἀνθρώπων
550 2201 656 2255 ὑπὸ
679 2202 778 2271 τῆς
808 2201 971 2269 ἁγίας
1012 2201 1237 2273 Γραφῆς
1275 2197 1607 2270 κηρύττεται
1629 2212 1645 2228 ο
1705 2194 1796 2249 οὕ·

209 2311 320 2357 τως
347 2293 442 2348 οῦν
470 2294 643 2365 τομῆς
684 2296 759 2365 μὴ
802 2295 1101 2364 γενομένης
1146 2295 1175 2347 6
1217 2291 1420 2363 ἀγαθὸς
1472 2290 1603 2354 Θεὸς
1636 2288 1796 2345 δύνα-

214 2386 312 2455 μίν
340 2404 465 2441 τινα
501 2387 836 2458 προεϐάλετο
868 2388 1006 2459 πρὸς
1047 2386 1110 2440 τὸ
1138 2386 1384 2455 ἐπισχεῖν
1413 2384 1511 2455 τῆς
1538 2382 1670 2454 ὕλης
1697 2381 1796 2452 τὴν

210 2478 463 2545 ἀταξίαν.
1312 2510 1314 2513 τ

289 2570 355 2623 0.
392 2571 503 2624 Καὶ
532 2569 708 2635 οὕτως
761 2570 1079 2642 ἐλεγχθείης
1115 2568 1193 2641 τῷ
1234 2569 1335 2641 τῆς
1373 2566 1548 2639 τομῆς
1592 2566 1795 2637 ὲγκλήο

215 2673 353 2727 ματι
380 2658 749 2730 περιπίπτων.

286 2749 365 2804 Μ.
399 2750 682 2818 Ἐλεγξον,
715 2740 816 2804 καῖ
836 2750 1099 2820 πείσομαι
1117 2751 1232 2813 τοῖς
1256 2765 1372 2802 σου.

288 2843 351 2894 0.
384 2842 726 2912 Διαιρεῖσθαι
751 2842 850 2913 τὴν
870 2841 1002 2912 ὕλην
1030 2839 1244 2894 καὶτὸν
1269 2838 1401 2892 Θεὸν
1433 2837 1584 2901 ἰδίοις
1612 2836 1798 2901 τόποις

211 2930 625 3000 οἷδαιπολλάκις
653 2937 910 3007 ἀκηκοὼς
936 2935 1042 2989 ὑπὸ
1073 2935 1183 2989 τῶν
1220 2932 1539 3003 Μανιχαίων
1558 2951 1573 2965 ο
1597 2933 1693 2987 καὶ
1723 2933 1799 2996 ὡς

211 3028 281 3084 τὸ
309 3029 409 3099 μὲν
434 3029 605 3083 νότιον
632 3032 698 3102 τῇ
735 3028 857 3101 ὕλῃ,
891 3029 952 3083 τὸ
978 3029 1035 3083 δὲ
1070 3028 1298 3099 βόρειον,
1323 3029 1420 3082 καὶ
1458 3026 1795 3092 ἀνατολικὸν,

215 3120 315 3176 καὶ
336 3121 553 3176 δυτικὸν
575 3121 949 3193 προσνέμεται
984 3121 1062 3192 τῷ
1085 3120 1276 3193 ἁγαθῷ
1301 3119 1445 3192 Θεῷ.

288 3211 362 3268 Μ.
387 3213 575 3277 Οὕτως
604 3213 714 3285 γὰρ
745 3213 1139 3284 ὁμολογοῦμεν.

290 3306 357 3359 0.
418 3303 544 3366 Πῶς
594 3304 687 3358 οῦν
752 3304 815 3356 οὐ
859 3303 1108 3367 δέδοικας
1131 3303 1229 3375 τὴν
1256 3303 1525 3375 τοσαύτης
1560 3304 1801 3375 βλασφη-

221 3392 355 3463 μίας
385 3393 711 3465 ὑπερϐολὴν,
761 3393 1137 3464 περιγραπτὸν
1162 3394 1400 3463 εἰσάγων
1444 3395 1505 3448 τὸ
1536 3395 1712 3458 Θεῖον,
1742 3396 1803 3448 δν

216 3480 428 3550 ἀγαθὸν
461 3482 556 3535 καὶ
578 3482 991 3554 παντοδύναμον
1021 3482 1329 3554 ὁμολογεῖς,
1359 3484 1454 3538 καὶ
1486 3485 1662 3539 ταῦτα
1694 3485 1804 3539 ἀπὸ

216 3573 320 3643 τῆς
351 3573 618 3641 κακίστης
653 3573 786 3643 ὕλης
824 3576 1335 3647 περιγραφόμενονς
1361 3576 1542 3649 Πέρας
1588 3577 1696 3649 γὰρ
1727 3577 1805 3647 τῷ

217 3665 343 3737 Θεῷ
364 3667 538 3732 δίδως,
560 3669 619 3721 έν
644 3669 794 3739 τόπῳ
820 3670 1012 3723 τοῦτον
1043 3671 1433 3742 ὑποτιθέμενος
1457 3689 1471 3703 ·
1496 3671 1670 3743 πέρας
1694 3673 1805 3744 γάρ

219 3759 342 3812 ἐστι
370 3759 538 3824 τόπος
557 3760 654 3813 τοῦ
687 3762 1058 3832 περιέχοντος,
1091 3764 1227 3817 καθὸ
1267 3767 1515 3836 περιέχει
1554 3766 1615 3819 τὸ
1645 3783 1803 3837 περι-

218 3851 483 3923 εχόμενον
501 3870 516 3884 ·
538 3854 927 3925 περιεχόμενος
953 3855 1008 3909 δὲ
1030 3859 1058 3909 ὁ
1092 3856 1243 3922 Θεὸς,
1277 3875 1346 3911 πε
1356 3859 1652 3930 ριγραπτὸς
1673 3860 1807 3914 πάν-

219 3960 335 4005 τως
366 3944 483 3997 ἐστί
517 3960 533 3974 ο
566 3945 664 3999 καλ⁸
688 3945 849 4011 αὐτὸς
885 3946 940 4001 δὲ
962 3950 990 4001 6
1010 3948 1102 4002 16v
1132 3948 1265 4002 Θεὸν
1309 3951 1581 4021 περιέχων
1616 3952 1803 4017 τόπος,

225 4036 632 4106 περιγράφεται
684 4038 801 4091 κατ’
841 4039 1017 4092 έκεῖνο
1069 4040 1129 4093 τὸ
1170 4041 1344 4106 τέλος,
1376 4042 1514 4097 καθὸ
1542 4044 1642 4114 τῆς
1673 4043 1807 4115 ὕλης

223 4126 321 4182 τοῦ
353 4129 520 4182 τόπου
553 4130 859 4199 ἐφάπτεται
893 4148 907 4163 ’
935 4133 1031 4185 καὶ
1061 4131 1235 4196 οὕτως
1260 4133 1365 4187 ὑπὸ
1394 4137 1807 4207 περιγραφομέ-

226 4237 319 4273 νου
355 4221 523 4275 τόπου
568 4224 1043 4295 περιγραφήσεται
1096 4228 1124 4280 6
1165 4226 1298 4290 Θεὸς
1324 4227 1447 4281 καθ’
1474 4229 1644 4299 ὑμᾶς,
1681 4229 1809 4292 τοὺς

224 4311 378 4382 τόπῳ
406 4314 515 4366 τινὶ
542 4314 954 4385 περιορίζοντας
975 4317 1066 4370 τὸν
1097 4318 1252 4373 Θεόν.
1291 4320 1453 4373 Ἀλλά
1475 4320 1651 4375 ταῦτα
1707 4322 1807 4392 μὲν

226 4401 511 4474 παρείσθω
532 4419 547 4433 '
580 4404 703 4457 εἰπὲ
724 4404 781 4457 δέ
808 4423 921 4477 μοι,
964 4408 1022 4461 ὲν
1052 4406 1130 4478 τῷ
1162 4409 1347 4479 οἰκείῳ
1392 4411 1541 4480 τόπῳ
1576 4412 1807 4481 μένοντα

225 4496 321 4552 τὸν
369 4496 502 4550 Θεὸν
550 4498 656 4570 φὴς
715 4500 1088 4570 προϐαλέσθαι
1146 4503 1247 4574 τὴν
1278 4503 1335 4568 ἐξ
1361 4505 1525 4559 αὐτοῦ
1554 4505 1806 4577 δύναμιν,
1839 4528 1887 4588 D

229 4590 328 4644 καὶ
360 4590 454 4644 ἐπὶ
481 4590 572 4644 τὸν
603 4592 702 4663 τῆς
735 4592 869 4663 ὕλης
896 4594 1280 4661 ἐξαποστεῖλαι
1307 4597 1469 4652 τόπον
1494 4615 1509 4664 ;

300 4683 378 4736 Μ.
409 4683 538 4747 Ναὶ,
562 4683 719 4738 τοῦτό
740 4702 904 4756 φημι.

303 4778 366 4830 0.
391 4777 453 4830 Εί
481 4773 574 4832 οῦν
598 4780 663 4831 ὲκ
698 4779 791 4832 τοῦ
832 4780 970 4833 Θεοῦ
1016 4782 1256 4854 προϐολὴ
1304 4785 1361 4838 ἐν
1408 4783 1581 4857 ἑτέρῳ
1619 4785 1813 4855 γέγονε

232 4865 405 4939 τόπῳ,
428 4869 523 4923 τοῦ
564 4870 704 4925 Θεοῦ
742 4872 799 4925 ὲν
828 4872 1001 4943 ἑτέρῳ
1026 4875 1215 4946 χωρίῳ
1243 4876 1642 4944 διαμείναντος,
1697 4877 1815 4941 πῶς

232 4960 337 5013 οὐκ
372 4961 634 5032 ἐμερίσθη
674 4963 775 5033 τῆς
808 4963 902 5016 τοῦ
934 4965 1146 5036 Πατρὸς
1165 4967 1549 5031 ὑποστάσεως;
1585 4969 1666 5022 Τὰ
1704 4970 1813 5040 γὰρ

233 5051 503 5105 διεστῶτα
523 5055 638 5117 τοῖς
666 5054 874 5119 τόποις,
903 5056 1118 5120 πάντως
1145 5059 1242 5111 καὶ
1284 5060 1531 5130 ἀλλήλων
1584 5064 1813 5134 διαιρεῖ-

238 5142 367 5198 σθαι
386 5144 600 5217 ἀνάγκη
624 5164 637 5176 ·
666 5146 763 5199 καὶ
779 5146 953 5212 οὕτως
973 5149 1068 5202 οῦν
1094 5152 1128 5221 ὴ
1162 5149 1256 5203 τοῦ
1287 5151 1426 5206 Θεοῦ
1450 5154 1682 5226 δύναμις
1715 5172 1815 5209 κα-

237 5236 310 5291 τά
326 5235 386 5290 σὲ
404 5236 507 5291 οὐκ
524 5238 630 5306 ἔξω
664 5236 765 5306 τῆς
792 5240 958 5294 αὐτοῦ
996 5240 1223 5310 γέγονεν
1254 5244 1639 5312 ὑποστάσεωςς
1670 5246 1730 5300 τὸ
1759 5247 1814 5302 δὲ

1826 3188 1874 3252 ο

1902 1899 2163 1969 Verbum,
2195 1904 2494 1958 sectionem
2528 1904 2852 1961 substantiae
2893 1916 3139 1976 paterna:
3187 1924 3297 1964 non
3328 1908 3471 1964 dici-

1897 1993 1987 2055 tis,
2013 1999 2067 2046 et
2117 1990 2285 2047 simul
2318 2001 2500 2049 tamen
2562 1992 2712 2050 Patri
2761 1998 3291 2055 consubstantialem
3328 2014 3463 2054 cou-

1897 2079 2149 2135 litemini.
2176 2079 2323 2136 Idem
2358 2081 2413 2136 in
2449 2084 2717 2137 mundum
2748 2094 2969 2155 propter
3005 2086 3286 2141 hominum
3319 2088 3470 2143 salu-

1896 2180 2004 2226 tem
2029 2173 2233 2229 missus
2260 2174 2316 2228 in
2347 2182 2538 2230 sancta
2555 2173 2844 2247 Scriptura
2873 2178 3224 2247 praedicatur.
3265 2179 3357 2235 Sic
3378 2197 3469 2236 er-

1894 2282 1985 2338 go,
2015 2268 2168 2323 nulla
2203 2268 2604 2326 interveniente
2626 2270 2873 2326 sectione
2895 2310 2911 2334 ,
2960 2270 3144 2327 bonus
3175 2273 3317 2331 Deus
3360 2273 3470 2328 vim

1897 2364 2194 2433 quamdam
2231 2378 2301 2418 ex
2326 2378 2451 2419 sese
2474 2363 2663 2421 emisit
2708 2363 2777 2419 ad
2809 2364 3267 2436 compescendam
3295 2369 3471 2420 matc-

1896 2457 1990 2512 ri:e
2018 2455 2508 2526 perturbationem.

1967 2546 2031 2602 0.
2059 2548 2237 2619 Atque
2276 2550 2353 2603 ita
2381 2548 2436 2603 in
2485 2548 2806 2620 improbata:
2832 2550 3098 2608 sectionis
3128 2550 3346 2622 culpam
3387 2547 3473 2604 in-

1897 2639 2056 2695 cidis.

1968 2733 2038 2787 M.
2067 2733 2414 2798 Demonstra,
2442 2743 2498 2790 et
2520 2750 2621 2807 ego
2653 2735 2816 2793 dictis
2849 2737 2962 2793 tuis
2982 2736 3228 2792 credam.

1969 2828 2033 2883 0.
2074 2828 2253 2883 Dividi
2280 2829 2566 2885 materiam
2602 2844 2665 2885 ac
2693 2830 2858 2884 Deum
2899 2830 3145 2901 propriis
3169 2828 3328 2892 locis,
3360 2827 3479 2883 scio

1899 2936 1987 2975 me
2013 2936 2123 2975 non
2155 2921 2326 2977 semel
2356 2923 2580 2977 audisse
2612 2937 2640 2975 a
2668 2921 2988 2977 Manicbais
3014 2939 3030 2988 ;
3070 2929 3236 2991 atque
3261 2930 3480 2976 austra-

1900 3013 2008 3068 lem
2041 3024 2253 3084 partem
2283 3015 2550 3078 materiai,
2591 3015 2869 3070 borealem
2891 3053 2907 3077 ,
2939 3015 3298 3081 orientalem,
3335 3014 3482 3068 occi-

1899 3103 2257 3173 dentalesque
2283 3113 2468 3173 partes
2494 3105 2642 3159 bono
2672 3103 2781 3159 Deo
2810 3104 3059 3160 attribui.

1972 3194 2044 3249 Μ.
2084 3194 2176 3250 Sic
2200 3212 2304 3250 nos
2336 3197 2679 3265 prolitemur.

1972 3286 2035 3338 0.
2072 3283 2360 3350 Quomodo
2381 3299 2514 3355 ergo
2550 3300 2661 3340 non
2695 3285 2888 3341 horres
2928 3291 3097 3339 tanta:
3130 3283 3485 3355 blasphemiae

1900 3376 2233 3431 excessum?
2254 3375 2734 3446 circumscriptum
2772 3376 3045 3432 inducens
3079 3375 3246 3432 Deum
3268 3416 3284 3443 ,
3321 3392 3482 3447 quem

1902 3468 2108 3522 bonum
2132 3474 2187 3522 et
2219 3467 2651 3537 omnipotentem
2676 3467 2977 3535 conﬁteris,
3008 3476 3064 3524 et
3095 3477 3275 3525 tamen
3308 3482 3338 3523 a
3364 3483 3487 3539 pes-

1902 3560 2045 3614 sima
2073 3561 2302 3616 materia
2327 3560 2644 3615 limitatum.
2665 3559 2877 3616 Etenim
2909 3560 3206 3615 terminum
3234 3559 3345 3617 Deo
3364 3560 3484 3626 das,

1903 3653 2033 3708 dum
2080 3667 2207 3709 eum
2239 3652 2294 3706 in
2325 3653 2448 3708 loco
2488 3652 2784 3708 collocas:
2831 3668 2955 3707 nam
3005 3652 3161 3708 locus
3211 3652 3487 3707 terminus

1905 3753 1998 3802 est
2028 3745 2396 3810 continentis,
2442 3755 2718 3815 quatenus
2748 3744 2804 3799 in
2834 3759 2915 3799 -se
2943 3745 3193 3801 continet
3240 3759 3486 3814 compre-

1906 3835 2145 3892 hensum
2176 3850 2194 3891 :
2223 3833 2665 3905 comprehensus
2696 3824 2879 3888 autem
2918 3831 3085 3899 Deus,
3137 3848 3371 3903 prorsus
3404 3841 3490 3888 est

1906 3927 2376 3998 circumscriptus
2403 3944 2417 3982 :
2446 3934 2504 3981 et
2542 3926 2657 3996 ipse
2691 3924 2788 3996 qui
2819 3924 2991 3981 Deum
3018 3924 3270 3979 continet
3299 3926 3485 3990 locus,

1904 4034 1972 4074 eo
2011 4018 2247 4075 termino
2276 4017 2776 4079 circumscribitur,
2802 4032 2912 4085 quo
2950 4014 3107 4086 105
3130 4015 3234 4070 loci
3263 4013 3488 4069 materia

1907 4109 2170 4180 pertingit
2196 4126 2210 4164 :
2243 4116 2406 4177 atque
2436 4108 2509 4160 ita
2534 4107 2954 4174 circumscripto
2978 4107 3100 4159 loco
3134 4104 3489 4158 circumscri-

1909 4201 2066 4254 betur
2096 4214 2125 4252 a
2151 4198 2307 4253 vobis
2332 4197 2497 4260 Deus,
2518 4197 2610 4266 qui
2634 4196 2777 4250 intra
2799 4205 3006 4250 certum
3030 4195 3209 4249 locum
3242 4194 3406 4247 Deum
3427 4192 3490 4246 li-

1909 4290 2135 4344 mitatis.
2164 4287 2271 4344 Sed
2301 4289 2415 4343 haec
2434 4288 2601 4341 missa
2632 4285 2921 4341 faciamus.
2944 4283 3117 4339 Narra
3143 4299 3306 4354 porro
3331 4283 3487 4349 mihi,

1907 4398 1977 4436 an
2001 4382 2223 4453 proprio
2252 4382 2304 4435 in
2338 4382 2461 4435 loco
2482 4388 2719 4437 stantem
2744 4376 2912 4434 Deum
2938 4378 3091 4433 dicas
3120 4393 3185 4432 ex
3218 4377 3490 4433 scseemi-

1912 4475 2055 4531 sisse
2104 4474 2239 4539 vim,
2270 4480 2436 4543 atque
2483 4469 2551 4525 ad
2582 4468 2828 4525 materia:
2851 4466 3151 4537 proiecisse
3178 4467 3385 4522 locum.

1988 4692 2060 4751 Μ.
2093 4691 2391 4748 Enimvero
2423 4689 2505 4745 sic
2535 4689 2643 4743 aio.
3412 4727 3417 4733 .

1988 4785 2057 4843 0.
2103 4783 2162 4840 Si
2199 4798 2332 4854 ergo
2373 4797 2437 4838 ex
2474 4781 2586 4838 Deo
2616 4780 2846 4836 emissio
2896 4778 2963 4834 ad
3000 4777 3169 4833 alium
3214 4776 3360 4832 facta
3406 4784 3493 4830 est

1919 4880 2140 4943 locum,
2175 4877 2286 4931 Deo
2329 4875 2493 4930 aliam
2546 4874 2843 4930 stationem
2903 4877 3254 4941 occupante,
3296 4868 3493 4939 quidni

1921 4987 1953 5027 a
1998 4972 2177 5027 Patris
2202 4967 2509 5024 substantia
2534 4974 2785 5038 separata
2834 4964 2978 5019 fuit!
3009 4961 3144 5017 Nam
3187 4977 3315 5032 qua:
3354 4959 3496 5015 locis

1923 5065 2172 5127 distant,
2213 5076 2277 5117 ea
2327 5060 2571 5115 invicem
2624 5059 2836 5113 distare
2883 5070 3111 5111 necesse
3159 5062 3263 5109 est.
3305 5050 3497 5107 Nonne

1925 5160 2007 5213 sic
2040 5156 2227 5226 igitur,
2272 5168 2336 5208 ex
2370 5152 2643 5208 sententia
2679 5158 2793 5215 tua,
2830 5148 2923 5202 Dei
2954 5148 3038 5202 vis
3064 5156 3218 5202 extra
3251 5142 3496 5215 ejusdem

1926 5247 2295 5305 substantiam
2333 5245 2571 5315 prodiit?
2597 5241 2717 5297 lam
2751 5240 2897 5313 quod
2923 5249 3078 5295 extra
3096 5239 3332 5309 aliquem
3371 5245 3498 5300 est,

1756 5404 1988 5465 ΝΟΤᾸΕ.

242 5506 379 5590 lavit
407 5524 421 5560 ε
450 5507 504 5561 in
536 5523 647 5590 quo
675 5510 839 5590 bello
870 5512 1106 5590 credunt
1153 5514 1338 5570 miseri
1390 5520 1823 5590 omnipotentem

247 5576 415 5659 Deum
444 5576 688 5633 non‘sibi
721 5582 881 5636 aliter
918 5586 1167 5659 potuisse
1193 5576 1677 5659 succurrerexnisi
1705 5606 1827 5659 par-

245 5656 355 5730 tem
384 5662 539 5730 suam
575 5660 910 5730 contraeam
950 5655 1211 5730 mitteret.
1242 5656 1416 5725 Cujus
1443 5661 1623 5727 gentis
1667 5655 1827 5730 prin-

245 5720 419 5799 cipes,
450 5720 704 5799 sicut‘illi
756 5724 969 5786 dicunt,
1011 5720 1823 5799 devoraveruntfpartem'Dei,

244 5797 302 5843 et
333 5791 618 5861 temperati
647 5802 777 5845 sunt
817 5803 875 5846 ut
903 5804 1089 5861 posset
1128 5796 1364 5851 mundus
1403 5791 1474 5851 de
1511 5800 1621 5855 illis
1657 5791 1827 5853 fabri-1

248 5858 388 5914 cari.
428 5858 520 5913 Sic
545 5860 737 5915 dicunt
767 5858 934 5916 Deum
960 5866 1277 5933 pervenisse
1291 5867 1357 5921 ad
1381 5869 1664 5924 victoriam
1697 5886 1823 5924 cum

534 5953 805 6014 PATROL.
837 5954 952 6013 Gn.
985 5954 1184 6017 XCVI.

1924 5518 2139 5589 magnis
2191 5513 2597 5589 calamitatibus
2663 5522 2716 5568 et
2758 5510 3102 5589 cruciatibus
3144 5516 3199 5589 et
3262 5508 3504 5589 miseriis

1924 5580 2152 5661 suovrum
2213 5587 2623 5661 membrorum,
2663 5582 3085 5661 _qu:e__membra
3145 5580 3338 5661 dicunt
3379 5594 3505 5661 esse

1925 5660 2218 5713 commista
2271 5656 2583 5712 tenebrosis
2610 5650 2936 5710 visceribus
2993 5650 3305 5722 principum
3379 5650 3502 5702 illo-

1923 5744 2068 5794 rum,
2116 5736 2176 5782 ut
2212 5743 2309 5783 eos
2342 5733 2736 5799 temperarent,
2771 5733 2827 5781 et
2860 5741 2889 5779 a
2935 5722 3151 5779 fervore
3194 5734 3504 5791 compesce-

1925 5807 2047 5855 rent
2076 5808 2183 5855 etc.
2220 5818 2239 5851 ι

2996 5955 3069 6017 4⁶2
