4026 6412
582 406 719 475 1323

2047 404 2426 469 ADDENDA.

3714 420 3828 488 1321

584 522 639 577 id
673 518 902 575 omnino
937 516 1005 573 ab
1053 518 1305 589 ejusdem
1345 518 1664 576 substantia
1698 525 2016 589 separatum
2065 527 2171 574 est.

2278 515 2384 581 ἔξω
2415 516 2561 582 τινὸς
2581 518 2847 591 ὑπάρχον,
2875 520 3094 586 πάντως
3122 521 3218 577 καὶ
3255 522 3354 594 τῆς
3386 524 3727 594 ﬁmo-caestu;
3752 537 3829 590 αὑ.

586 611 699 668 Nos
725 619 910 667 autem
954 608 1100 663 baud
1146 617 1365 665 vestras
1394 609 1706 679 impietates
1735 614 2034 672 sectamur,
2077 622 2175 661 ne-

590 720 696 779 que
729 704 839 760 duo
871 702 1143 773 principia
1183 701 1324 757 locis
1355 708 1610 771 separata
1644 696 1986 753 aﬂlrmamus
2023 739 2038 763 ,
2080 698 2175 753 sed

587 813 757 855 unum
813 794 1200 852 universitatis
1246 794 1610 859 Creatorem,
1661 802 1717 848 et
1760 806 1935 846 unum
1990 803 2173 844 rerum

584 891 831 945 omnium
891 888 1134 952 initium,
1174 887 1389 943 Patrem
1424 900 1488 941 ac
1531 884 1773 949 Filium,
1827 891 2031 938 cuncta
2071 881 2176 936 im-

587 983 745 1053 plens
784 980 1065 1052 dogmatis
1091 979 1271 1035 instar
1307 977 1626 1034 credimus:
1664 975 1885 1030 Patrem
1917 974 1970 1027 in
2010 972 2172 1041 Filio,

591 1073 797 1128 Filium
851 1074 907 1128 in
950 1070 1115 1126 Patre
1158 1086 1269 1126 una
1308 1072 1635 1127 conﬁtentes
1663 1068 1822 1139 juxta
1863 1067 1995 1122 illud
2040 1066 2173 1122 eﬂ‘a-

589 1178 703 1222 tum
734 1184 749 1223 :
788 1184 807 1218 ι
843 1165 955 1236 Ego
1009 1166 1063 1220 in
1082 1163 1268 1229 Patre,
1311 1175 1359 1219 et
1392 1162 1555 1218 Pater
1579 1162 1633 1215 in
1658 1162 1802 1215 me'.
1839 1180 1858 1213 ›
1894 1160 2170 1229 Itemque:

596 1277 616 1310 ι
676 1258 873 1314 Omnia
903 1273 1025 1327 quae
1064 1257 1226 1312 habet
1260 1254 1450 1317 Pater,
1488 1268 1607 1309 mea
1658 1260 1786 1307 sunt
1810 1253 1886 1305 ³.»
1931 1250 2089 1307 Unde
2122 1256 2176 1306 et

593 1352 904 1421 inspiratus
934 1348 1178 1404 Joannes
1223 1355 1483 1417 tanquam
1525 1344 1709 1399 omnia
1753 1343 2014 1413 implente
2054 1341 2177 1396 Tri-

592 1444 798 1505 nitate,
849 1442 916 1497 tle
970 1440 1077 1495 Deo
1117 1437 1299 1495 Verbo
1336 1439 1408 1492 ait
1443 1455 1458 1493 :
1501 1455 1520 1488 ι
1565 1435 1621 1489 1η
1654 1436 1875 1505 propria
1908 1434 2082 1497 venit,
2122 1440 2178 1489 et

593 1536 678 1590 sui
714 1550 840 1591 eum
884 1548 993 1588 non
1031 1538 1358 1601 receperunt
1389 1529 1409 1561 ⁸
1444 1547 1458 1584 :
1504 1548 1523 1581 ι
1563 1527 1871 1583 secundum
1911 1542 2043 1582 vero
2078 1541 2178 1581 vos

592 1626 945 1691 Manicheos,
981 1640 1092 1678 non
1136 1625 1191 1677 in
1248 1621 1475 1693 propria
1522 1620 1714 1684 venit,
1763 1619 1859 1675 sed
1898 1619 2081 1690 potius
2120 1618 2177 1674 in

594 1722 810 1785 aliena;
844 1718 891 1774 si
926 1716 1147 1788 quidem
1176 1715 1250 1769 ad
1286 1714 1530 1769 materiae
1563 1713 1745 1767 locum
1777 1712 2041 1778 accessit,
2076 1727 2176 1767 vo-

593 1816 715 1869 lens
773 1812 989 1867 animas
1024 1810 1076 1863 in
1126 1809 1307 1864 alieno
1354 1809 1476 1863 loco
1518 1807 1803 1878 alligatas,
1837 1815 1896 1859 ut
1943 1820 2044 1861 vos
2084 1804 2173 1861 di-

2276 604 2371 658 τοῦ
2407 605 2658 679 διῄρηται
2688 626 2702 640 ο
2729 611 2894 680 ἡμεῖς
2918 612 2963 665 δ’
2985 614 3083 683 οὺχ
3114 615 3362 685 ἑπόμεθα
3386 619 3509 681 ταῖς
3551 619 3695 689 ὑμῶν
3716 626 3828 678 dare

2277 696 2473 762 σείαις,
2504 699 2626 753 οὐδὲ
2656 701 2749 754 δύο
2764 704 2941 773 ἀρχὰς
2956 704 3296 778 διῃρημένας
3345 712 3461 773 τοῖς
3517 711 3696 777 τόποις
3738 734 3828 787 φα.

2279 790 2398 861 μὲν,
2430 792 2545 846 ἀλλ’
2577 794 2671 848 ἕνα
2698 796 2793 848 τοῦ
2834 798 3034 861 παντὸς
3067 802 3436 871 Δημιουργὸν,
3460 805 3554 857 καὶ
3588 807 3710 875 μίαν
3746 812 3830 880 τὴν

2277 883 2495 938 πάντων
2539 886 2716 958 ἀρχὴν
2767 887 3040 957 λέγοντες,
3106 892 3328 963 Πατέρα
3378 912 3438 948 τε
3490 897 3585 949 καὶ
3623 898 3740 954 Υἱδν
3773 904 3829 956 τὰ

2276 973 2455 1028 πάντα
2487 974 2729 1046 πληροῦν
2762 979 3169 1052 δογματίζομεν
3188 1000 3202 1015 ο
3242 985 3465 1056 Πατέρα
3496 989 3556 1039 ἐν
3581 988 3721 1059 Υίῷ,
3749 995 3828 1045 καὶ

2279 1066 2410 1122 Υίὸν
2436 1070 2493 1122 ὲν
2522 1069 2701 1140 Πατρὶ
2732 1074 3273 1143 προσομολογοῦντες
3296 1079 3440 1131 κατά
3461 1080 3524 1131 τδ
3562 1081 3731 1149 λόγιον
3777 1087 3829 1139 τὸ

2278 1158 2486 1226 φάσκον
2506 1176 2520 1191 ο
2553 1180 2573 1213 ι
2613 1161 2756 1231 Ἐγὼ
2792 1166 2852 1218 ὲν
2880 1164 2959 1236 τῷ
2983 1168 3160 1238 Πατρὶ
3190 1172 3283 1222 καὶ
3308 1172 3336 1223 ό
3370 1172 3561 1243 Πατὴρ
3594 1175 3650 1227 ἑν
3671 1178 3823 1246 spei»

2279 1252 2418 1315 Καὶ,
2453 1270 2473 1304 ι
2510 1254 2695 1307 Πάντα
2717 1255 2787 1308 τὰ
2825 1256 2918 1310 τοῦ
2942 1260 3189 1330 Πατρὸς,
3220 1262 3333 1331 ἐμά
3377 1265 3518 1318 ἑστι.
3554 1284 3573 1316 ι
3633 1266 3720 1320 Διὸ
3749 1271 3829 1323 καὶ

2276 1342 2579 1410 Ἰωάννηςὸ
2618 1347 2894 1419 θεοφόρος,
2924 1350 3000 1414 ὡς
3047 1353 3116 1406 τὰ
3167 1354 3348 1408 πάντα
3392 1355 3702 1427 πληρούσης
3745 1360 3829 1426 τῆς

2277 1436 2439 1504 ἁγίας
2472 1438 2723 1510 Τριάδος,
2758 1444 2889 1513 περὶ
2920 1442 3016 1497 τοῦ
3046 1444 3181 1498 Θεοῦ
3215 1447 3394 1515 Λόγου
3444 1450 3611 1518 φησίν
3634 1466 3648 1478 ·
3703 1468 3721 1501 ι
3751 1449 3831 1514 Ei;

2274 1530 2344 1584 τὰ
2397 1532 2504 1585 ἴδια
2560 1529 2714 1604 ἦλθε,
2754 1537 2847 1589 καὶ
2892 1538 2941 1588 oi
2992 1536 3113 1590 ῐδιοι
3142 1537 3305 1591 αὑτὸν
3342 1538 3406 1591 οὐ
3472 1540 3782 1610 παρέλαϐον.
3809 1562 3825 1594 ι

2276 1624 2415 1678 Καθ’
2441 1625 2585 1696 ὑμᾶς
2608 1627 2664 1686 δὲ
2685 1628 2814 1691 τοὺς
2848 1630 3210 1700 Μανιχαίους,
3251 1632 3352 1686 οὐκ
3383 1632 3468 1696 είς
3509 1633 3580 1685 τά
3608 1634 3708 1686 [δια
3746 1630 3831 1705 ἧλ-

2276 1715 2389 1781 θεν,
2436 1717 2573 1773 ἀλλά
2615 1719 2814 1791 μᾶλλον
2863 1724 2943 1785 εἰς
3002 1723 3071 1776 τά
3123 1722 3382 1795 ἀλλότρια
3414 1741 3430 1759 ο
3480 1726 3614 1793 εἴγε
3647 1725 3721 1796 τῷ
3744 1726 3831 1793 τῆς

2278 1807 2412 1878 ὕλης
2440 1809 2645 1880 ἐπῆλθε
2667 1812 2839 1882 τόπῳ,
2867 1816 2965 1876 τὰς
2991 1814 3170 1885 ψυχὰς
3200 1818 3258 1868 ὲν
3283 1817 3553 1889 ἀλλοτρίῳ
3579 1819 3725 1891 τόπῳ
3748 1837 3831 1874 πε-

594 1906 748 1970 citis,
783 1902 1069 1960 redimere.
1099 1900 1279 1966 Quare
1303 1906 1358 1954 et
1386 1899 1538 1955 illam
1571 1913 1737 1969 quam
1760 1896 2065 1953 revocabas
2086 1911 2172 1953 se-

2280 1874 2588 1973 πεέημένας
2638 1905 2759 1958 καθ’
2790 1874 3303 1979 ὕμᾶςνβουλόμενος
3352 1874 3669 1966 ἀνασῶσαιο
3698 1874 3829 1968 ,ὥστε

593 2000 837 2053 ctionem
878 1995 931 2066 (a
990 2005 1041 2049 te
1081 1994 1287 2063 alioqui
1320 2007 1431 2048 non
1469 1990 1637 2046 semel
1692 1989 2046 2059 allirmatam)
2078 2005 2175 2060 pu-

591 2098 713 2143 tans
749 2088 830 2143 sic
871 2086 1073 2142 divina:
1124 2084 1447 2140 substantiae
1492 2083 1817 2138 divisiOnem
1856 2083 2070 2146 vitare,
2108 2096 2176 2137 ne

592 2184 673 2239 sic
725 2182 947 2254 quidem
1007 2181 1196 2236 vitasti
1234 2199 1248 2235 :
1288 2193 1523 2250 namque
1570 2178 1625 2233 in
1677 2177 1926 2233 eamdem
1971 2174 2174 2231 recidis

591 2276 1085 2348 irreligiositatem.
1105 2273 1210 2329 Sed
1234 2272 1382 2329 unde
1409 2270 1660 2337 discessi,
1693 2270 1825 2324 illuc
1854 2269 2035 2324 denuo
2060 2282 2177 2322 ser-

593 2384 809 2423 monem
863 2376 1154 2422 converto.
1192 2364 1488 2435 Responde
1531 2378 1664 2434 ergo
1716 2362 1848 2417 mihi
1886 2380 1900 2416 :
1940 2360 2171 2417 materia

591 2477 689 2532 per
723 2476 784 2516 se
806 2501 822 2528 ,
856 2462 1067 2531 absque
1097 2473 1222 2513 cum
1254 2456 1365 2513 Deo
1399 2455 1817 2521 commistione,
1870 2452 2173 2524 simplexne

590 2564 695 2620 est,
724 2571 794 2610 an
828 2552 1181 2624 composita?

663 2648 735 2703 Μ.
773 2646 1110 2717 Composita.

662 2744 726 2795 0.
766 2739 845 2793 Ex
871 2737 1216 2809 simplicibus
1244 2746 1425 2791 autem
1458 2734 1516 2790 tit
1545 2732 1914 2805 compositum
1936 2733 1961 2785 '!

658 2832 731 2888 Μ.
768 2832 845 2886 Ita
876 2838 984 2887 est.

656 2921 723 2979 0.
767 2921 826 2976 Si
856 2936 991 2991 ergo
1024 2915 1328 2988 composita
1366 2924 1453 2970 est
1485 2912 1739 2978 materia,
1769 2916 1921 2982 patet
1944 2923 2065 2964 eam
2102 2906 2171 2962 ab

589 3017 701 3071 allo
764 3015 954 3084 aliquo
1008 3008 1271 3080 componi
1326 3026 1340 3063 :
1383 3021 1549 3063 nemo
1602 3004 1754 3061 enim
1816 3003 2058 3074 seipsum
2100 3000 2170 3055 ad

590 3105 1054 3178 compositionem
1112 3098 1355 3155 adducit.
1414 3094 1702 3163 Quomodo
1754 3110 1887 3164 ergo
1937 3095 2006 3148 ab
2060 3094 2213 3147 alio

2277 1994 2372 2047 καὶ
2402 1994 2471 2046 δι’
2497 1987 2573 2049 ὧν
2609 1994 2923 2051 ἀνεκαλέσω
2943 1996 3039 2068 τὴν
3072 1999 3248 2070 τομὴν
3287 2001 3389 2071 τὴν
3432 2001 3690 2066 πολλάκις
3743 2006 3833 2057 inab

2280 2086 2377 2140 σοῦ
2411 2086 2718 2158 λεχθεῖσαν,
2748 2088 2996 2159 οίόμενος
3023 2091 3388 2160 ἐκφεύξεσθαι
3416 2094 3520 2162 τῆς
3564 2094 3710 2159 θείας
3748 2098 3830 2150 οὐ·

2279 2181 2401 2244 σίας
2421 2180 2520 2251 τὴν
2552 2180 2868 2252 ἀφαίρεσιν,
2902 2182 3013 2235 οὐδ’
3043 2182 3216 2247 οὕτως
3246 2186 3620 2255 ἐκπέφευγας,
3647 2189 3723 2251 είς
3746 2189 3831 2256 τὴν

2276 2270 2448 2343 αὐτὴν
2477 2272 2736 2329 ἀσέϐειαν
2757 2274 3211 2346 περιπέπτωκας.
3282 2277 3424 2331 Ἀλλ’
3473 2278 3598 2331 ὅθεν
3638 2279 3829 2350 ὲξέὸην,

2273 2363 2353 2435 τῷ
2385 2364 2528 2437 λόγῳ
2572 2366 2735 2421 πάλιν
2764 2367 3044 2440 ἐπάνειμι.
3087 2368 3406 2440 ’Δπόκριναι
3438 2371 3569 2427 οὖν·
3599 2371 3694 2443 ὕλη
3726 2374 3829 2427 καθ’

2275 2458 2498 2531 ἑαυτὴν,
2529 2458 2658 2514 ἄνευ
2683 2460 2783 2532 τῆς
2804 2460 2943 2534 πρὸς
2962 2462 3096 2518 Θεὸν
3127 2464 3510 2537 συγκράσεως,
3540 2467 3682 2539 ἀπλῆ
3704 2469 3831 2522 ἐστιν

2273 2551 2308 2624 ἢ
2336 2551 2591 2618 σύνθετος
2608 2572 2626 2621 ;

2345 2650 2420 2704 Μ.
2448 2647 2730 2712 Σύνθετος.

2347 2742 2410 2796 0.
2444 2739 2537 2806 Ἐξ
2561 2741 2749 2796 ἁπλῶν
2780 2741 2836 2795 θὲ
2866 2743 2926 2796 τὸ
2957 2743 3213 2798 σύνθετον
3236 2744 3485 2816 γίνεται;

2344 2834 2422 2887 Μ.
2449 2832 2637 2897 Οὕτως
2659 2833 2794 2905 ἔχει.

2343 2926 2407 2982 0.
2441 2926 2502 2979 El
2522 2926 2703 2981 τοίνυν
2729 2926 2983 2993 σύνθετος
3021 2932 3053 3001 ἡ
3078 2929 3200 3002 ὕλη,
3227 2930 3387 3002 δῆλον
3433 2933 3513 2998 ὡς
3574 2933 3679 2987 ὑπό
3706 2950 3831 2998 τινος

2272 3017 2464 3088 ἑτέρου
2504 3017 2844 3073 συντέθειται
2871 3036 2884 3049 ⁸
2904 3020 3082 3084 οὐδεὶς
3107 3021 3218 3094 γὰρ
3253 3023 3449 3077 ἑαυτὸν
3477 3024 3619 3097 πρὸς
3660 3024 3831 3077 σύνθε-

2274 3126 2359 3163 σιν
2390 3110 2513 3180 ἄγει
2537 3129 2552 3142 ·
2589 3112 2709 3176 πῶς
2734 3112 2829 3167 οὕν
2855 3114 2945 3183 ὕφ’
2981 3114 3173 3187 ἐτέρου
3214 3116 3550 3181 συντιθεῖσα,
3617 3118 3832 3189 ἄναρχύς

588 3197 919 3267 composita,
944 3203 1094 3250 caret
1142 3191 1334 3248 initio?
1380 3189 1601 3259 Alioqui
1638 3187 1829 3254 etiam,
1859 3186 2164 3255 composita

2272 3205 2453 3272 ἐστιν;
2488 3206 2698 3270 ’Δλλως
2718 3224 2777 3260 τε
2811 3206 2881 3261 τά
2914 3186 3250 3276 σύνθετα,ὲκ
3273 3209 3551 3282 διαφόρων
3585 3186 3832 3264 συντέθειο

588 3306 656 3347 ex
709 3288 947 3345 diversis
1000 3291 1421 3356 componuntur
1463 3296 1586 3352 qua:
1643 3280 2070 3351 praeexsistunt,
2108 3286 2169 3331 ut

586 3383 856 3440 electrum
914 3394 981 3434 ex
1031 3383 1267 3450 argento
1304 3383 1360 3430 et
1414 3387 1554 3427 auro
1602 3370 1977 3441 compositum
2024 3387 2039 3424 :
2096 3368 2171 3423 si-

588 3478 770 3532 mulve
801 3473 1129 3546 spectabile,
1158 3479 1219 3526 ut
1247 3475 1416 3540 caput
1438 3463 1664 3537 aliquod
1683 3480 1747 3520 ex
1776 3462 2021 3528 ossibus,
2047 3478 2166 3518 car-

587 3587 691 3635 ne,
727 3567 1069 3625 membranis
1114 3579 1178 3621 ac
1228 3562 1413 3619 nervis
1445 3579 1458 3616 :
1498 3561 1614 3615 haec
1645 3557 1793 3614 enim
1841 3571 1949 3611 una
1982 3555 2171 3611 consi-

591 3670 785 3729 stunt,
817 3675 944 3717 cum
980 3660 1092 3716 sint
1121 3657 1375 3719 diversa,
1427 3652 1679 3722 nihilque
1710 3665 1776 3705 ex
1807 3649 1898 3705 his
1933 3649 2170 3720 singulis

587 3754 802 3813 exstitit
834 3764 961 3808 ante
1003 3749 1370 3820 compositum
1412 3761 1480 3801 ex
1526 3744 1888 3815 ipsis'caput.
1925 3740 2070 3812 Ergo
2120 3739 2167 3795 si

590 3846 821 3903 materia
886 3842 1197 3913 composita
1253 3846 1379 3900 est,
1412 3852 1492 3891 ne
1548 3835 1668 3906 ipsa
1706 3849 1938 3905 quoque
1996 3846 2167 3887 unum

587 3937 920 4010 principium
954 3936 1077 3996 esti.
1115 3932 1214 3990 sed
1270 3931 1443 3985 multo
1477 3928 1638 3999 plura
1666 3929 1714 3983 si
1787 3927 1907 3999 ipsa
1954 3940 2055 3997 per
2110 3938 2169 3979 se

587 4030 891 4101 composita
948 4028 1061 4094 sit,
1092 4034 1152 4082 et
1199 4024 1322 4080 sine
1372 4021 1485 4077 ulla
1538 4034 1663 4076 cum
1721 4018 1834 4075 Deo
1885 4014 2168 4087 composi-

585 4123 757 4179 tione.

661 4212 731 4271 Μ.
779 4211 919 4284 Ergo
957 4209 1263 4281 simplicem
1295 4205 1438 4264 dicis
1468 4220 1592 4263 esse
1622 4202 1958 4261 materiam?

656 4305 721 4363 0.
766 4306 992 4361 Minime
1043 4302 1350 4373 simplicem
1398 4314 1522 4357 esse
1569 4298 1659 4354 aio
1713 4297 2033 4363 materiam,
2071 4294 2167 4352 sed

584 4400 969 4455 demonstrare
997 4396 1122 4451 volo
1160 4409 1279 4451 eam
1328 4408 1439 4447 non
1470 4406 1598 4448 esse
1617 4390 1835 4460 absque
1872 4388 2034 4443 initio
2065 4403 2168 4444 ne-

584 4506 692 4560 que
721 4489 1047 4553 increatam,
1084 4494 1146 4541 ut
1180 4494 1238 4540 tu
1272 4485 1376 4549 ais,
1410 4492 1463 4540 et
1498 4498 1610 4539 non
1652 4484 1772 4539 sine
1816 4482 1934 4538 suis
1984 4482 2163 4553 quali-

2270 3314 2383 3364 ται,
2420 3300 2884 3383 προϋπαρχόντων
2922 3301 3019 3372 μὲν
3043 3302 3124 3365 ὡς
3150 3302 3211 3355 τὸ
3237 3302 3499 3375 ἧλεκτρον
3540 3305 3602 3358 τὸ
3629 3307 3691 3358 ὲκ
3719 3321 3832 3374 χρυ-

2272 3387 2388 3441 σίου
2434 3391 2527 3442 καὶ
2591 3390 2832 3462 ἀργύρου
2904 3392 3156 3446 συντεθέν
3184 3409 3201 3424 ο
3243 3394 3717 3466 συνθεωρούμενον
3763 3394 3831 3457 ὡς

2269 3479 2392 3550 ἥτις
2417 3480 2629 3553 κεφαλὴ
2660 3481 2719 3548 ἐξ
2744 3482 2948 3537 ὀστέων
2976 3486 3069 3539 καὶ
3094 3485 3335 3557 σαρκῶν,
3372 3488 3467 3540 καὶ
3492 3488 3725 3558 ὑμένων,
3748 3489 3831 3543 καὶ

2270 3570 2479 3641 νεύρων
2512 3587 2528 3604 ⁶
2567 3572 2741 3627 ταῦτα
2768 3572 2879 3644 γὰρ
2909 3574 3026 3645 ἀμα
3046 3576 3277 3648 συνέστη
3309 3576 3548 3648 διάφορα
3575 3576 3722 3640 ὄντα,
3749 3577 3830 3629 καὶ

2268 3663 2523 3733 οὐδαμῶς
2550 3665 2783 3719 ἕκαστον
2813 3667 3131 3740 προῦπέστη
3165 3669 3267 3740 τῆς
3313 3669 3374 3737 ἐξ
3428 3670 3611 3723 αὐτῶν
3664 3685 3828 3723 συντι-

2270 3756 2461 3829 θείσης
2502 3757 2782 3828 κεφαλῆςο
2836 3760 2869 3830 ἡ
2912 3758 3016 3831 ὕλη
3075 3756 3169 3815 οὖν
3203 3763 3253 3815 εί
3296 3760 3557 3829 σύνθετός
3595 3762 3830 3825 totum

2268 3846 2408 3918 αὕτη
2460 3848 2644 3902 οὐκέτι
2705 3848 2860 3905 ἔσται
2922 3853 3021 3924 μία
3065 3853 3232 3927 ἀρχὴ,
3264 3855 3403 3911 ἀλλά
3442 3856 3581 3911 πολῦ
3610 3855 3826 3915 πλείους.

2269 3940 2408 4012 αὑτὴ
2443 3941 2567 3995 καθ’
2597 3943 2798 4016 ἑαυτὴν
2830 3944 3088 4010 σύνθετος
3116 3942 3254 4003 οὖσα
3282 3949 3379 4003 καὶ
3406 3949 3541 4005 ἄνευ
3589 3949 3687 4021 τῆς
3711 3948 3829 4020 πρὸς

2268 4033 2401 4088 Θεὸν
2432 4034 2757 4100 συνθέσεως.

2338 4230 2416 4285 Μ.
2463 4229 2670 4302 Ἀπλῆν
2689 4232 2783 4287 οὖν
2816 4231 2922 4306 φὴς
2954 4230 3092 4289 εἶναι
3124 4235 3223 4307 τὴν
3248 4235 3425 4309 ὕλην;

2339 4323 2401 4375 Ο.
2426 4322 2559 4393 Οὐχ⁸
2590 4321 2770 4393 ἁπλῆν
2790 4320 2931 4378 εἶναι
2957 4324 3103 4395 λέγω
3131 4327 3231 4399 τὴν
3265 4326 3420 4399 ὕλην,
3476 4327 3617 4382 ἀλλά
3642 4326 3829 4382 δεικνύ-

2268 4429 2356 4467 ναι
2385 4412 2711 4484 βουλόμενος
2732 4415 2814 4469 ὅτι
2853 4416 2952 4470 οὐκ
2973 4418 3206 4490 ἀναρχός
3234 4420 3406 4486 ἐστιν,
3434 4420 3555 4474 οὐδὲ
3590 4421 3826 4493 ἀγένητος

2267 4503 2346 4567 ὡς
2398 4504 2463 4557 σὺ
2503 4506 2650 4578 φής’
2688 4507 2783 4560 καὶ
2820 4509 2903 4562 ὅτι
2945 4510 3045 4563 σὺν
3095 4513 3215 4574 ταῖς
3268 4510 3550 4583 ποιότησιν
3603 4513 3703 4566 ὑπὸ
3746 4511 3825 4565 τοῦ

585 4582 793 4637 tatibus
833 4596 862 4636 a
895 4580 1004 4636 Deo
1036 4580 1211 4635 fuisse
1239 4577 1567 4649 productam
1600 4595 1615 4631 :
1650 4576 2015 4648 qualitatibus
2043 4575 2165 4646 ejus

2272 4572 2615 4666 Δημιουργοῦ
2650 4598 2912 4670 παρήχθη
2943 4618 2958 4633 ο
2996 4600 3107 4653 τῶν
3150 4572 3279 4672 περὶ
3316 4572 3486 4673 αὐτην
3549 4604 3825 4675 ποιοτήτων

585 4690 803 4747 semper
835 4673 1202 4737 variantibus,
1233 4671 1469 4741 aliisque
1498 4685 1626 4725 cum
1655 4669 1780 4725 aliis
1810 4670 2161 4739 permutatis,

583 4776 753 4839 prout
784 4768 963 4836 ipsius
996 4765 1237 4822 creatori
1275 4764 1387 4821 Deo
1415 4764 1707 4835 placuerit.
1758 4762 1895 4817 Nam
1928 4763 1976 4819 si
2015 4774 2164 4820 esset

582 4862 812 4934 simplex
847 4900 862 4924 ,
896 4859 1173 4930 quomodo
1227 4874 1294 4915 ex
1335 4873 1449 4914 uno
1502 4856 1767 4927 simplici,
1797 4857 2028 4911 materia
2079 4857 2164 4911 iu-

581 4967 769 5024 quam,
804 4950 1112 5023 composita
1166 4949 1360 5006 ﬁerent
1395 4947 1672 5019 corpora?
1700 4945 1990 5013 Quomodo
2036 4947 2163 5002 item

579 5047 635 5102 in
674 5060 785 5099 uno
843 5041 1108 5113 simplici,
1149 5040 1381 5096 materia
1427 5038 1681 5105 scilicet,
1729 5038 1842 5092 duo
1889 5039 2171 5093 contraria

579 5133 1077 5206 deprehendimus,
1109 5130 1530 5203 generationem
1589 5137 1643 5184 et
1708 5129 2172 5199 corruptionem?

580 5224 740 5293 Quod
774 5226 822 5283 si
853 5242 920 5283 ex
966 5225 1085 5296 ipsa
1114 5232 1245 5281 sunt
1296 5237 1531 5292 corpora
1560 5259 1575 5285 ,
1618 5220 1812 5275 eadem
1845 5236 2066 5291 quoque
2101 5238 2168 5278 ex

579 5335 638 5375 se
678 5318 798 5390 ipsa
852 5331 1056 5389 corpus
1084 5315 1194 5372 erit
1238 5332 1253 5370 :
1306 5327 1432 5369 nam
1489 5312 1639 5382 quod
1680 5320 1767 5368 est
1816 5315 2063 5384 genitum
2100 5329 2165 5369 ex

578 5410 765 5482 aliquo
815 5424 1069 5481 corpore,
1120 5409 1300 5479 ipsum
1342 5420 1562 5477 quoque
1608 5420 1815 5477 corpus
1864 5416 1970 5463 est.
2011 5406 2171 5477 106

579 5501 737 5569 Quod
774 5501 821 5556 si
842 5516 1054 5572 corpus
1086 5497 1318 5556 materia
1347 5504 1453 5563 est,
1492 5511 1626 5568 ergo
1656 5497 1983 5568 composita.
2010 5496 2169 5564 Quod

579 5595 625 5653 si
661 5593 1006 5665 composita.
1050 5606 1161 5648 non
1217 5599 1302 5647 est
1346 5590 1632 5655 increata,
1676 5596 1737 5643 ut
1776 5588 1879 5645 fuit
1934 5590 2166 5646 demon-

580 5694 842 5742 stratum.

647 5850 663 5881 ¹
697 5847 856 5904 Joan.
895 5862 1005 5915 xlv,
1040 5847 1129 5904 11.
1211 5849 1232 5881 ³
1261 5844 1423 5902 Joan.
1456 5860 1570 5914 ut,
1616 5844 1703 5900 15.
1792 5844 1813 5876 ⁸
1840 5841 2001 5897 Joan.
2037 5859 2076 5906 ι,
2105 5843 2190 5899 11.

2265 4686 2680 4759 ἀλλαττομένων
2707 4690 2795 4745 ἀεὶ
2826 4693 2921 4745 καὶ
2962 4692 3418 4763 μεταϐαλλουσῶν
3447 4694 3617 4765 ἄλλης
3646 4697 3720 4758 είς
3744 4694 3824 4748 ἀλ-

2266 4780 2366 4850 λην
2396 4780 2522 4835 ὅταν
2550 4784 2866 4856 παρασταίη
2920 4783 2999 4854 τῷ
3045 4784 3218 4840 ταῦτα
3252 4788 3632 4858 παραγαγόντι
3681 4785 3786 4857 Θεῷ
3809 4802 3821 4815 ⁸

2265 4874 2315 4925 εί
2354 4873 2464 4946 γάρ
2498 4874 2703 4941 ἁπλοῦς
2742 4878 2883 4943 ἐστι,
2930 4879 3049 4943 πῶς
3103 4881 3165 4945 ἐξ
3205 4881 3323 4944 ἑνὸς
3355 4881 3550 4944 ἁπλοῦ,
3592 4879 3731 4951 φημὶ
3767 4879 3821 4948 δὴ

2266 4971 2365 5039 τῆς
2410 4968 2561 5040 ὕλης,
2606 4971 2678 5025 τά
2722 4972 2952 5026 σύνθετα
2988 4975 3180 5044 γέγονε
3230 4975 3497 5046 adipata;
3528 4975 3655 5039 Πῶς
3698 4973 3750 5029 δὲ
3776 4976 3823 5027 ιν

2266 5060 2345 5131 τῷ
2376 5062 2457 5115 ἑνὶ
2495 5062 2668 5135 ἀπλῷ,
2706 5068 2774 5137 τῇ
2802 5066 2921 5139 ὕλῃ,
2959 5067 3053 5121 δύο
3100 5068 3319 5124 ἐναντία
3361 5069 3709 5140 εὑρίσκομεν,
3747 5065 3822 5137 γέ·

2264 5154 2411 5208 νεσίν
2452 5171 2511 5207 τε
2558 5157 2652 5210 καὶ
2697 5157 2904 5230 φθοράν
2941 5176 2954 5223 ;
2997 5161 3058 5214 Ei
3093 5160 3151 5213 δὲ
3190 5160 3246 5227 ἐξ
3281 5159 3452 5229 αὐτῆς
3481 5160 3552 5214 τά
3598 5159 3821 5231 σώματα.

2264 5246 2424 5316 σῶμα
2451 5248 2509 5315 ἐξ
2539 5249 2709 5320 αὐτῆς
2737 5253 2830 5304 καὶ
2858 5251 2995 5324 αὕτη
3025 5253 3178 5306 ἔσται
3208 5269 3222 5282 ·
3262 5255 3323 5306 τὸ
3344 5254 3453 5324 γὰρ
3484 5252 3823 5323 γεγενημένον

2269 5341 2333 5395 ἔκ
2362 5359 2506 5406 τινος
2540 5342 2812 5414 σώματος,
2840 5346 3002 5417 σῶμα
3032 5347 3269 5419 ὑπάρχει
3296 5363 3313 5379 ο
3340 5347 3390 5400 εί
3409 5346 3464 5400 δὲ
3483 5347 3642 5418 σῶμα
3662 5348 3693 5416 η
3717 5343 3822 5411 ὕλην

2270 5430 2364 5484 καὶ
2410 5429 2666 5497 σύνθετος
2694 5450 2709 5464 ·
2746 5433 3001 5498 σύνθετος
3055 5435 3113 5490 δὲ
3156 5435 3524 5508 τυγχάνουσα,
3558 5437 3658 5491 οὐκ
3699 5433 3827 5488 εστιν

2270 5522 2556 5595 ἀγένητος,
2587 5524 2664 5591 ὡς
2698 5526 3099 5582 ἀποδέδεικται.
