4026 6408
189 424 334 492 1325

811 423 1135 488 JOANNIS
1169 422 1619 486 ORTHODOXI
1667 422 2128 486 DISPUTATIO
2166 427 2326 488 CUM
2366 427 2803 489 MANlCH/EO.

3306 429 3444 494 I326

260 539 336 592 M.
375 534 547 590 Πόθεν
589 529 684 590 οὗν
717 536 863 590 νόσοι
899 536 994 590 καὶ
1023 535 1268 600 θάνατοι,
1306 535 1401 588 καὶ
1443 533 1514 588 τά
1542 533 1768 588 τοιαῦτα

1945 533 2016 590 Μ.
2058 533 2348 592 Undenam
2379 551 2513 608 ergo
2548 537 2756 604 morbi,
2786 545 2844 594 et
2881 545 3088 594 mortes
3113 579 3127 605 ,
3159 547 3213 594 et
3259 541 3454 612 hujus-

180 629 254 684 τά
291 629 439 683 κακά
464 645 478 694 ;
504 627 565 681 El
599 627 706 699 7&9
741 627 818 698 μὴ
864 627 923 695 ἐξ
950 627 1084 696 ὕλης
1109 625 1348 697 ἀνάρχου
1381 625 1477 680 καὶ
1507 627 1770 696 ἁγενήτου

185 722 282 776 καὶ
302 721 463 792 φύσει
485 719 666 790 κακῆς
684 718 861 773 ταῦτα
895 719 1176 789 τυγχάνει,
1211 717 1240 768 ὁ
1267 715 1399 780 Θεὸς
1424 715 1596 779 αἴτιος
1620 715 1772 768 ἔσται

183 813 288 884 τῆς
313 811 524 865 τούτων
558 811 852 880 γενέσεως.

258 905 321 958 0.
357 903 422 956 Τί
460 902 570 974 7&9
604 900 752 956 κακὰ
778 898 1022 972 νομίζεις
1048 898 1148 962 τὰς
1179 897 1370 960 νόσους
1401 895 1498 950 καὶ
1537 895 1628 950 τὸν
1679 895 1776 950 θά-

184 1012 394 1062 νατον;
428 994 626 1048 Καίτοι
668 993 899 1055 θάνατος
946 992 1044 1064 μὲν
1077 989 1355 1062 ἐλευθεροῖ
1396 989 1491 1044 τοῦ
1525 987 1776 1060 σώματος

186 1089 292 1160 τὴν
341 1087 545 1160 ψυχὴν,
588 1087 685 1140 καὶ
722 1084 818 1139 τοῦ
852 1083 1053 1156 δεσμοῦ
1083 1085 1182 1154 τῆς
1229 1083 1362 1152 ὕλης
1395 1081 1728 1138 ἀπαλλάττει
1757 1095 1772 1110 ⁸

186 1182 347 1244 νόσος
373 1181 431 1235 δὲ
475 1180 638 1234 πάλιν
671 1179 826 1251 τήκει
870 1178 931 1232 τδ
980 1177 1163 1247 σῶμα,
1195 1176 1384 1247 ὥσπερ
1430 1176 1493 1228 σὺ
1535 1173 1777 1245 νομίζεις

189 1272 357 1343 σῶμα
399 1271 572 1326 κακὸν
632 1271 876 1342 ὑπάρχον
905 1285 919 1300 ο
957 1268 1218 1331 πολλάκις
1251 1267 1309 1320 δὲ
1354 1266 1450 1320 καὶ.
1501 1264 1778 1337 ἁμαρτίας

187 1368 440 1438 ἐνεργεῖν
471 1365 672 1420 κωλύει
697 1364 923 1436 ἡνόσος,
953 1363 1018 1427 ἃς
1048 1362 1287 1435 ἔπραξεν
1328 1359 1394 1414 ἂν
1433 1361 1460 1412 ό
1486 1358 1678 1423 νοσῶν,
1713 1361 1778 1412 ἐί

190 1459 270 1530 μὴ
300 1460 369 1530 τῇ
397 1457 538 1528 νόσῳ
571 1457 841 1526 πεπήδετο
860 1473 874 1487 ⁸
893 1454 1068 1518 ἄλλως
1097 1470 1158 1506 τε
1188 1450 1484 1524 ἀπόκριναί
1517 1467 1608 1522 μοι
1642 1466 1776 1504 πυν-

187 1551 495 1622 θυομένῳ,
513 1549 596 1604 δεῖ
626 1549 724 1621 τὴν
751 1547 952 1603 κακίαν
982 1548 1161 1618 μισεῖν
1193 1562 1210 1611 ;

261 1645 342 1699 Μ.
380 1643 506 1697 Ναί.

263 1740 328 1792 0.
351 1735 475 1799 Πῶς
490 1727 585 1788 οὗν
600 1732 826 1802 ταύτην,
843 1733 910 1801 ἢν
930 1731 1110 1802 μισεῖν
1133 1728 1472 1801 προσποιεῖς,
1506 1724 1781 1796 μεγίστως

1873 629 2089 684 cemodi
2119 629 2302 683 mala?
2337 627 2470 682 Nam
2519 630 2564 686 si
2601 633 2714 686 haec
2777 647 2844 687 ex
2889 632 3124 686 materia
3173 632 3331 690 initio
3361 651 3454 691 ca-

1879 729 2054 787 rente,
2088 721 2358 784 increata,
2389 729 2444 774 et
2473 729 2669 792 suapte
2709 732 2910 778 natura
2945 724 3143 781 vitiosa
3160 735 3278 783 non
3302 734 3452 790 sunt,

1879 812 2022 869 Deus
2054 812 2250 867 horum
2286 827 2452 866 causa
2483 813 2608 868 erit.

1949 903 2016 960 0.
2057 903 2170 960 Cur
2215 917 2351 958 vero
2397 910 2454 957 tu
2493 903 2636 957 mala
2665 918 2792 960 esse
2821 903 3073 974 judicas,
3115 909 3340 965 morbos
3392 925 3458 965 ac

1880 995 2155 1050 mortem?
2198 993 2344 1048 Mors
2377 1002 2528 1050 certe
2554 994 2796 1048 animam
2827 1010 3060 1066 corpore
3087 998 3306 1063 liberat,
3343 1009 3398 1056 et
3427 1017 3458 1055 a

1883 1087 2130 1142 materiae
2161 1086 2382 1141 vinculo
2421 1085 2586 1142 solvit
2615 1103 2629 1139 :
2669 1086 2894 1142 morbus
2924 1087 3054 1142 item
3088 1105 3290 1162 corpus
3319 1108 3459 1148 con-

1881 1178 2089 1241 sumit.
2140 1175 2292 1247 quod
2349 1186 2403 1231 tu
2463 1191 2669 1248 corpus
2726 1177 2932 1232 malum
2983 1194 3108 1234 esse
3153 1182 3459 1241 existimas.

1883 1266 2037 1338 Saepe
2071 1267 2235 1323 etiam
2272 1276 2497 1337 peccata
2517 1266 2862 1342 committere
2904 1270 3162 1338 prohibet
3212 1273 3458 1339 morbus,

1885 1374 2008 1431 qua:
2034 1359 2230 1428 utique
2261 1373 2406 1429 aeger
2436 1356 2773 1419 admisisset.
2803 1357 2910 1414 nisi
2942 1361 3136 1416 morbo
3168 1362 3460 1434 impedire-

1885 1464 1996 1507 tur.
2026 1449 2247 1522 Alioqui
2298 1449 2572 1521 responde
2605 1449 2739 1506 mihi

1883 1545 2070 1602 odisse
2093 1545 2117 1600 ἳ

1955 1633 2027 1690 Μ.
2073 1633 2214 1690 Vero
2250 1635 2498 1707 inquam.

1958 1727 2024 1783 0.
2065 1726 2180 1783 Cur
2207 1743 2340 1800 ergo
2374 1729 2538 1794 hanc,
2569 1745 2734 1801 quam
2779 1730 2966 1790 odisse
2990 1733 3249 1800 simulas,
3289 1737 3464 1807 pluri-

2801 1467 2815 1505 :
2858 1460 3147 1522 oportetne
3197 1456 3461 1514 malitiam

185 1829 359 1900 τιμᾷς
395 1843 412 1893 ;
447 1825 640 1898 ὁμοίαν
679 1824 848 1895 αὐτὴν
874 1821 1052 1890 λέγων
1079 1819 1160 1893 τῷ
1196 1818 1387 1892 ἁγαθῷ
1417 1817 1558 1890 Θεῷ,
1611 1816 1781 1870 αἳδιόν

1901 1834 2035 1874 mum
2071 1819 2353 1876 honoras?
2385 1820 2514 1876 dum
2544 1838 2664 1878 eam
2698 1822 2934 1880 similem
2965 1825 3109 1882 dicis
3141 1827 3285 1883 bono
3312 1830 3421 1886 Deo
3445 1871 3464 1898 ,

185 1936 254 1976 τε
285 1919 386 1974 καὶ
414 1919 650 1990 άναρχον
679 1915 774 1970 καὶ
798 1914 1086 1985 ἀγένητον.

260 2015 340 2070 Μ.
395 2013 510 2085 Οὐχ
563 2011 758 2083 ὁμοίαν
789 2010 962 2076 αὐτὴν
993 2005 1262 2078 ποιοῦμεν
1298 2002 1375 2074 τῷ
1402 1999 1592 2073 άγαθῷ
1622 1999 1776 2072 Θεῷ’

187 2107 417 2177 οἴδαμεν
445 2105 556 2177 7&9
579 2103 672 2158 τὸν
691 2101 826 2156 Θεὸν
847 2101 937 2154 τὸν
961 2098 1209 2168 ὕψιστον,
1236 2096 1462 2164 ἀγαθὸν,
1491 2091 1778 2164 φωτοειδῆ,

190 2196 618 2268 παντοκράτορα
647 2211 662 2225 ·
696 2195 746 2247 εἱ
786 2193 880 2247 καὶ
908 2191 1144 2264 ἄναρχος
1181 2183 1276 2244 οὖν
1309 2189 1344 2260 ὴ
1402 2185 1594 2251 κακία,

189 2291 333 2346 πολὺ
361 2288 456 2344 τοῦ
495 2286 631 2343 Θεοῦ
667 2286 908 2341 άποδέει.

265 2471 332 2525 0.
370 2470 598 2531 Ἔοικας
633 2466 851 2536 ἀγνοεῖν
876 2463 965 2518 ὅτι
1012 2460 1075 2518 τὸ
1107 2459 1316 2530 ἀγαθὸν
1346 2458 1441 2515 καὶ
1493 2453 1784 2528 φωτοειδὲς

190 2559 308 2617 τοῦ·
321 2559 456 2615 Θεοῦ
487 2559 582 2614 καὶ
608 2559 689 2622 είς
716 2557 845 2620 τοὺς
883 2555 1071 2624 ἁγίους
1096 2552 1384 2624 ἀγγέλους,
1408 2551 1505 2606 καὶ
1536 2551 1616 2614 είς
1636 2550 1784 2621 ἡμᾶς

191 2654 326 2717 τοὺς
359 2650 707 2724 ἀνθρώπους,
739 2651 860 2722 ἦτοι
887 2651 1160 2720 χάρισμα,
1218 2645 1416 2716 φθάνει
1464 2660 1477 2674 ·
1517 2643 1546 2696 ὃ
1599 2643 1784 2715 μέντοι

193 2748 298 2820 τῆς
333 2747 484 2810 θείας
513 2743 729 2816 φύσεώς
774 2744 892 2796 ἐστι
919 2739 1420 2814 χαρακτηριστικὸν
1459 2737 1521 2792 τὸ
1548 2735 1784 2808 ἄναρχον

194 2839 295 2894 καὶ
328 2837 614 2908 ἀγένητον,
645 2835 804 2889 τοῦτο
857 2836 914 2887 ὲν
943 2832 1120 2886 οὐδενὶ
1147 2831 1257 2885 τῶν
1301 2830 1477 2885 ἄλλων
1499 2828 1784 2898 ὲνθεωρεῖ-

195 2947 289 2986 ται
318 2947 333 2962 ’
363 2931 412 2985 εί
439 2929 498 2982 δὲ
545 2930 612 3000 τῇ
649 2926 816 2998 κακίᾳ
868 2925 1024 2990 δίδως
1052 2924 1122 2978 τὰ
1162 2921 1372 2994 κυρίως
1426 2920 1523 2976 καὶ
1553 2918 1787 2991 πρώτως

198 3019 678 3094 χαρακτηριστικὰ
709 3020 807 3090 τῆς
840 3017 993 3082 θείας
1021 3015 1259 3087 φύσεως,
1303 3014 1420 3077 πῶς
1451 3013 1552 3083 οὐχ
1599 3011 1787 3082 ὁμότι-

201 3129 305 3184 μος
325 3111 478 3165 ἔσται
507 3109 587 3180 τῷ
615 3108 735 3180 Θεῷ
765 3125 780 3174 ;
820 3108 956 3162 Είπὲ
983 3106 1040 3161 δέ
1090 3123 1182 3176 μοι
1218 3103 1325 3158 ποῦ
1372 3100 1789 3172 παντοκράτορα

1814 1897 1854 1952 Β
1880 1909 2272 1980 sempiternam
2307 1919 2470 1981 atque
2503 1911 2828 1968 increatam.

1954 2000 2025 2056 Μ.
2063 2001 2220 2056 Haud
2263 2003 2501 2058 similem
2533 2018 2653 2058 eam
2705 2004 2941 2061 facimus
2970 2006 3116 2062 bono
3167 2009 3326 2066 Deo:
3361 2027 3465 2067 no-

1880 2071 2063 2127 vimus
2108 2073 2259 2128 enim
2319 2072 2489 2128 Deum
2547 2074 2915 2141 altissimum}
2964 2077 3213 2143 bonum,
3261 2082 3315 2135 in
3349 2083 3468 2138 lure

1643 2183 1781 2239 ἀλλὰ
1878 2164 2700 2235 versantem,omnipotentem.
2749 2165 3078 2238 Quanquam
3121 2169 3290 2241 igitur
3332 2174 3468 2230 abs-

1882 2268 1992 2324 que
2046 2254 2206 2309 initio
2263 2263 2351 2310 est
2405 2254 2658 2319 malitia,
2709 2264 2956 2313 attamen
3031 2259 3196 2332 longe
3241 2262 3469 2318 inferior

1884 2345 1996 2402 Deo
2039 2353 2146 2401 est.

1953 2437 2018 2492 0.
2061 2435 2289 2494 Nescire
2332 2437 2574 2504 videris,
2620 2439 2963 2509 bonitatem,
3011 2449 3067 2498 et
3109 2443 3290 2500 lumen
3351 2443 3470 2512 Dei,

1885 2531 2098 2586 sanctis
2143 2530 2352 2601 angelis
2406 2547 2628 2602 quoque
2676 2533 2946 2605 nobisque
2977 2535 3294 2594 hominibus
3341 2538 3471 2595 doni

1886 2622 2064 2678 instar
2101 2625 2536 2692 communicari;
2582 2627 2678 2681 sed
2730 2633 2913 2682 tamen
2947 2628 3094 2700 quod
3140 2631 3338 2686 divinae
3367 2647 3471 2687 na-

1889 2727 2024 2771 turae
2057 2715 2576 2773 characteristicum
2608 2727 2712 2786 est,
2748 2725 2810 2774 ut
2835 2720 2910 2776 sit
2941 2736 3136 2793 nempe
3165 2721 3310 2780 Deus
3339 2726 3468 2781 abs-

1887 2823 1998 2878 que
2036 2807 2199 2862 initio
2233 2817 2287 2864 et
2343 2809 2662 2880 ingenitus,
2703 2810 2758 2865 id
2802 2811 2856 2865 in
2887 2813 2998 2867 alio
3029 2815 3247 2871 neruine
3281 2817 3475 2872 obser-

1890 2901 2030 2954 vari.
2066 2899 2222 2966 Quod
2259 2902 2307 2955 si
2347 2911 2404 2955 tu
2459 2903 2689 2957 malitia;
2728 2903 2990 2960 attribuis
3027 2921 3148 2975 quae
3189 2907 3474 2979 principa-

1890 2994 2017 3050 liter
2050 2993 2434 3065 prtecipueque
2475 2996 2933 3051 characteristica
2987 2996 3190 3053 divina:
3260 3007 3475 3056 naturae

1891 3093 2042 3151 sunt,
2110 3085 2302 3164 quidni
2347 3086 2462 3141 haec
2494 3086 2617 3156 pari
2673 3101 2798 3141 cum
2834 3085 2948 3142 Deo
2981 3088 3194 3145 honore
3231 3091 3348 3146 sit?
3383 3091 3478 3148 Dic

197 3179 386 3272 λέγεις
415 3202 506 3255 τὸν
539 3179 784 3266 Sabine!
802 3215 867 3268 γε
903 3196 1046 3252 κατὰ
1092 3194 1153 3250 σὲ
1181 3195 1279 3268 τῆς
1303 3192 1440 3267 ὕλης
1468 3192 1564 3246 καὶ
1591 3191 1701 3246 τῶν
1729 3189 1786 3258 ἐξ

1901 3182 2024 3235 item
2065 3179 2200 3234 mihi
2231 3180 2584 3249 quandonam
2617 3179 3054 3250 omnipotentem
3099 3180 3270 3237 Deum
3302 3181 3477 3239 fuisse

199 3295 378 3370 αὐτῆς
406 3292 560 3349 οὔπω
585 3291 928 3364 κεκράτηκεν
958 3305 980 3358 ;

275 3474 351 3531 Μ.
421 3471 561 3528 Ἀλλ’
596 3470 752 3526 ἔσται
783 3467 975 3541 καιρὸς
1003 3468 1092 3522 ὅτε
1125 3465 1221 3521 καὶ
1247 3462 1419 3535 αὐτῆς
1448 3461 1736 3536 κρατήσει.

278 3652 341 3706 0.
372 3649 585 3705 Οὐκοῦν
622 3646 778 3702 οὕπω
835 3645 931 3700 νῦν
986 3641 1384 3715 παντοκράτωρ
1440 3639 1610 3704 ἐστὶν,
1669 3637 1794 3691 ἐπεὶ

199 3743 360 3799 οὕπω
395 3743 707 3815 κεκράτηκε
745 3737 846 3816 τῆς
902 3736 1075 3793 ἀϊδίου
1119 3733 1270 3807 αὐτῷ
1315 3734 1579 3803 συνούσης
1620 3729 1753 3800 ὕλης
1775 3745 1790 3762 ο

1816 3254 1858 3312 C
1895 3270 2165 3338 alﬁrmes,
2222 3272 2495 3342 siquidem
2561 3281 2616 3330 te
2660 3272 2850 3341 judice
2893 3272 3136 3329 nondum
3188 3275 3474 3331 materiam

1893 3361 2123 3433 ejusque
2149 3362 2384 3419 eﬂ'ectus
2411 3365 2734 3434 superavit?

1964 3452 2039 3508 M.
2101 3453 2210 3510 Sed
2272 3463 2489 3527 tempus
2547 3455 2764 3521 aderit,
2823 3471 2950 3510 cum
3007 3455 3182 3526 ipsam
3244 3471 3474 3526 supera-

1893 3546 1992 3602 bit.

1965 3637 2032 3693 0.
2089 3637 2232 3711 Ergo
2284 3638 2533 3695 nondum
2587 3639 2938 3711 omnipotens
2971 3648 3087 3705 est,
3138 3640 3268 3712 quia
3312 3654 3478 3698 coex-

1893 3729 2186 3786 sistentem
2243 3731 2294 3786 ei
2339 3732 2628 3787 materiam
2678 3733 2926 3788 nondum
2976 3736 3262 3805 superavit
3310 3751 3326 3791 :
3379 3735 3477 3794 sed

199 3837 435 3910 ὕστερον
459 3836 517 3890 δὲ
547 3834 576 3889 ὃ
605 3835 680 3906 μὴ
703 3832 800 3888 νῦν
828 3831 964 3902 ἔχει,
999 3830 1436 3902 προσγενήσεται
1466 3824 1614 3896 αὐτῷ
1651 3821 1786 3879 κατὰ

1901 3833 2090 3892 postea
2129 3823 2277 3893 quod
2330 3839 2480 3880 nunc
2523 3838 2633 3879 non
2669 3824 2860 3890 habet,
2898 3825 2948 3882 ei
3010 3826 3389 3898 superveniet,
3423 3835 3481 3886 to

203 3930 270 3986 σέ
291 3947 304 3961 ·
324 3931 552 4000 δυνάμει
576 3927 684 3996 γὰρ
713 3925 809 3980 νῦν
844 3922 1241 3995 παντοκράτωρ
1263 3921 1544 3992 ὑπάρχων,
1566 3917 1786 3988 ὕστερον

1901 3914 2084 3986 iudice
2117 3934 2130 3972 :
2168 3930 2320 3972 nunc
2395 3917 2544 3973 enim
2577 3917 2747 3973 insita
2796 3927 3008 3974 tantum
3053 3919 3259 3974 virtute
3288 3919 3473 3975 omni-

200 4023 460 4096 ἐνέργεια
479 4019 786 4090 γενήσεται,
809 4013 869 4082 ἐξ
898 4013 1102 4078 ἁπλοῦς
1123 4015 1204 4078 είς
1222 4011 1536 4081 τελειότητα
1565 4008 1786 4080 ἐρχόμε-

1901 4019 2096 4079 p0tens
2133 4015 2235 4072 est,
2267 4016 2459 4078 postea
2493 4017 2549 4064 et
2595 4017 2719 4064 actu
2761 4009 2888 4064 talis
2938 4011 3074 4075 erit,
3121 4025 3188 4066 ex
3235 4009 3474 4081 simplici

202 4134 319 4184 νος.
363 4111 680 4186 Ἀπόκριναί
711 4127 801 4182 μοι
849 4109 967 4173 πῶς
994 4107 1090 4162 νῦν
1109 4107 1210 4186 οὐκν
1233 4106 1348 4160 ἔστι
1374 4103 1786 4174 παντοκράτωρ,

1901 4099 1963 4155 ad
1999 4099 2392 4170 perfectionem
2425 4116 2778 4174 progressus.
2834 4101 3133 4172 Responde
3183 4103 3337 4169 mihi,
3377 4117 3480 4158 cur

201 4168 396 4280 είς-μὴ
442 4168 762 4276 δυνάμενος,
794 4201 828 4274 ἢ
859 4168 962 4264 ὡς-
990 4199 1065 4271 μὴ
1095 4168 1457 4270 βοιῖλόμενοςς
1490 4196 1556 4249 El
1589 4168 1692 4266 μὲν

1901 4168 2062 4244 modo
2104 4206 2215 4244 non
2251 4190 2327 4245 sit
2387 4168 2766 4264 omnipotens,
2819 4168 2968 4247 ηυηι-
2985 4193 3111 4264 quia
3157 4195 3371 4264 nequit,
3405 4209 3477 4250 an

197 4302 290 4374 ,μὴ
335 4299 654 4370 δυνάμενος,
710 4295 827 4357 πῶς
863 4292 1002 4356 ὅλως
1055 4289 1454 4362 παντοκράτωρ
1487 4305 1504 4353 ;
1541 4285 1648 4358 χρὴ
1686 4282 1786 4354 7&9

1901 4283 2025 4351 quia
2060 4297 2171 4336 non
2205 4282 2365 4336 vult?
2394 4281 2529 4336 Nam
2561 4284 2610 4339 si
2641 4284 2772 4354 quia
2800 4286 3014 4356 nequit,
3046 4285 3324 4356 quomodo
3353 4301 3476 4342 om-

203 4391 350 4449 είναι
391 4389 808 4461 παντοκράτορα
865 4388 954 4441 ἀεὶ
983 4426 998 4450 ,
1035 4385 1144 4440 καΥ
1175 4382 1584 4450 παντοδύναμον
1604 4396 1617 4409 ο
1660 4378 1710 4430 εί
1737 4375 1786 4432 δὲ

1901 4374 2034 4429 nino
2067 4375 2146 4430 sit
2195 4375 2585 4447 omnipotens?
2622 4375 2854 4446 Oportet
2898 4377 3047 4433 enim
3087 4393 3212 4434 eum
3259 4394 3478 4450 semper

201 4483 285 4550 ὡς
315 4484 391 4556 μὴ
423 4482 770 4554 βουλόμενος,
820 4478 1038 4550 πρῶτον
1069 4476 1168 4548 μὲν
1204 4473 1488 4546 βασκαίνει
1516 4473 1584 4542 τῇ
1616 4485 1794 4538 σωτη-

1897 4483 2024 4525 essc
2073 4469 2538 4539 omnipotentem,
2569 4481 2625 4525 et
2671 4471 2824 4525 omni
2859 4469 2914 4524 vi
2966 4471 3280 4540 praeditum.
3319 4469 3480 4537 Quod

210 4576 307 4649 ρίᾳ
337 4574 442 4628 τῶν
464 4573 793 4645 ἀνθρώπων,
819 4571 1014 4624 ἔπειτα
1045 4570 1101 4623 δὲ
1132 4570 1225 4623 καὶ
1259 4568 1434 4630 αῐτιος
1458 4564 1560 4636 τῆς
1593 4561 1786 4625 κακίας

1901 4559 2107 4631 siquia
2158 4575 2267 4615 non
2310 4559 2468 4625 vult,
2517 4560 2700 4632 primo
2727 4562 2947 4632 quidem
2976 4561 3186 4618 invidet
3227 4562 3480 4618 humanae

207 4667 556 4741 εὖρίσκεται’
585 4663 885 4736 δυνάμενος
918 4663 1038 4735 μὲν,
1068 4661 1144 4733 μὴ
1177 4660 1501 4731 βουλόμενος
1533 4657 1591 4711 δὲ
1622 4653 1786 4725 αὐτὴν

1901 4649 2111 4715 saluti,
2168 4649 2372 4706 deinde
2426 4658 2483 4704 et
2534 4651 2761 4708 malitia:
2801 4667 2970 4709 causa
3024 4669 3149 4710 esse
3205 4655 3481 4724 comperi.

209 4761 448 4816 ἀνελεῖν.

282 4933 361 4988 Μ.
391 4932 563 4987 Πόθεν
601 4932 696 4986 οὖν
723 4931 793 4986 τά
823 4931 972 4986 κακά
999 4947 1016 4997 ;

284 5026 348 5080 0.
382 5025 496 5080 Οὐκ
540 5025 837 5098 ἀκολουθία
887 5024 996 5079 τινὶ
1023 5023 1217 5092 λογικῇ
1247 5021 1282 5092 ἠ
1321 5017 1592 5092 ἐρώτησις
1643 5014 1800 5088 παρὰ

211 5115 310 5171 σοῦ
345 5117 671 5190 γεγένηταιο
695 5117 800 5189 χρὴ
824 5117 934 5187 7&9
971 5114 1171 5169 εἰδέναι
1209 5114 1257 5165 εἱ
1297 5111 1414 5164 ἔστι
1462 5110 1654 5175 κακὸν,
1702 5107 1800 5162 καὶ

209 5207 269 5264 τί
305 5210 422 5264 ἐστι
451 5210 624 5265 κακόν
654 5223 667 5237 ·
692 5208 792 5263 εἴθ’
819 5207 962 5262 οὕτω
996 5205 1232 5276 ζητῆσαι
1264 5203 1428 5258 πόθεν
1459 5202 1796 5257 συνίσταται.

283 5388 364 5444 Μ.
389 5386 550 5441 Οὕτω
583 5387 935 5460 ζητήσωμεν.

286 5486 352 5537 0.
385 5481 508 5535 Τῶν
542 5481 712 5536 ὄντων
741 5480 813 5534 τὰ
844 5480 943 5552 μὲν
977 5479 1127 5533 ἐστιν
1158 5476 1337 5542 οὐσία,
1365 5475 1436 5530 τὰ
1469 5475 1528 5530 δὲ
1556 5473 1799 5544 ποιότης,

209 5577 283 5630 τὰ
309 5573 368 5628 δὲ
397 5573 668 5646 ἐνέργεια.
705 5572 813 5626 Καὶ
835 5570 991 5624 οὐσία
1027 5571 1126 5642 μέν
1160 5571 1306 5623 ἐστιν
1349 5566 1481 5638 ἐγὼ,
1514 5566 1577 5620 σύ
1605 5583 1618 5598 ο
1651 5565 1804 5619 ποιό-

211 5685 315 5740 της
333 5705 351 5732 ,
375 5665 586 5733 λευκὸν,
621 5665 809 5738 μέλαν,
838 5662 1033 5734 γλυκὺ,
1064 5661 1280 5734 πικρὸν,
1325 5660 1421 5715 καὶ
1451 5659 1552 5717 ὅσα
1579 5657 1804 5712 τοιαῦτα

211 5762 274 5813 ὲν
302 5759 688 5830 ὑποκειμένοις
737 5754 952 5829 σώμασι
996 5753 1347 5826 θεωρούμενα
1379 5771 1393 5784 ·
1431 5750 1806 5824 ἐπιτηδειότης

213 5842 299 5923 δὲ,
331 5852 469 5925 πρὸς
490 5853 558 5927 ἢν
578 5850 868 5923 πεφύκασι
903 5850 972 5904 τὰ
993 5847 1259 5923 γεγονότα
1311 5845 1542 5920 σώματα
1577 5844 1804 5916 δυνάμει

1899 4753 1990 4798 tur
2017 4783 2034 4809 ,
2087 4743 2219 4815 quia
2270 4757 2395 4799 cum
2431 4745 2650 4814 possit,
2695 4759 2805 4800 non
2861 4745 2978 4801 vult
3029 4758 3150 4800 eam
3193 4743 3263 4800 de
3299 4743 3481 4804 medio

1899 4837 2113 4892 tollere.

1969 4925 2043 4981 Μ.
2105 4924 2259 4982 Unde
2291 4925 2459 4997 igitur
2490 4925 2682 4980 mala?

1971 5019 2034 5072 0.
2086 5017 2246 5074 Haud
2298 5017 2561 5072 rationali
2613 5017 3012 5088 consequentia
3062 5030 3093 5070 a
3145 5024 3200 5071 te
3240 5016 3481 5070 interro-

1900 5119 2087 5181 gatum
2124 5115 2250 5164 est:
2285 5115 2502 5178 oportet
2545 5108 2693 5162 enim
2731 5122 2804 5162 an
2857 5107 2932 5162 sit
2981 5106 3182 5161 malum
3207 5146 3222 5168 ,
3258 5116 3312 5160 et
3345 5104 3483 5173 quid

1901 5200 1974 5255 sit
2033 5200 2214 5260 scire.
2257 5208 2374 5253 tum
2428 5197 2650 5252 demum
2699 5199 2997 5268 exquirere
3053 5195 3330 5251 undenam
3387 5210 3484 5250 ex-

1901 5291 2086 5348 sistat.
2639 5352 2649 5361 _

1972 5383 2044 5438 M.
2093 5381 2239 5439 Sane
2267 5382 2345 5437 ita
2377 5381 2765 5452 exquiramus.

1973 5475 2038 5531 0.
2083 5474 2220 5542 Quae
2248 5475 2543 5539 exsistunt,
2576 5473 2774 5546 partim
2813 5471 3124 5532 substantia
3153 5481 3305 5537 sunt,
3353 5485 3484 5544 par-

1904 5568 2002 5622 tim
2054 5566 2323 5637 qualitas,
2359 5568 2561 5636 partim
2599 5567 2686 5622 vis
2740 5567 2944 5620 activa.
2997 5563 3321 5621 Substantia
3371 5563 3467 5633 qui

1903 5661 2050 5723 dem,
2082 5675 2187 5731 ego
2220 5668 2274 5715 et
2307 5667 2364 5714 tu
2416 5677 2430 5714 :
2487 5659 2748 5730 qualitas,
2785 5658 2995 5724 album,
3030 5658 3272 5726 nigrum,
3303 5655 3486 5719 dulce,

1907 5765 2207 5814 amarum,
2243 5757 2299 5806 et
2355 5751 2517 5821 siqua
2564 5749 2671 5804 alia
2731 5747 3050 5818 huiusmodi
3101 5747 3159 5801 in
3221 5742 3488 5812 subjectis

1907 5842 2235 5916 corporibus
2267 5849 2611 5916 spectantur.
2652 5841 2928 5899 ldoneitas
2974 5840 3062 5897 cui
3107 5836 3326 5909 singula
3367 5848 3490 5890 cor-
