4026 6450
568 446 667 511 327

1991 432 2247 493 ADDEN
2252 433 2372 494 DA.

3683 435 3805 499 1328

530 569 669 628 pora
719 559 851 609 sunt
885 559 1046 615 nata,
1082 555 1142 604 ut
1201 548 1277 602 ita
1312 542 1690 616 potentialiter
1748 541 1863 596 sint
1895 554 1910 595 :
1948 540 2121 593 veluti

2243 538 2518 610 τυγχάνειν
2537 556 2550 569 ·
2591 536 2705 593 οἷον
2726 541 3051 614 ἐπιτηδείως
3078 543 3294 616 ἔχουσιν
3324 547 3379 597 αί
3414 547 3593 616 χεῖρες
3622 546 3804 615 τέχνας

532 662 733 704 manus
775 646 990 702 idoneae
1051 648 1180 698 sunt
1235 636 1493 708 opiliciis,
1553 633 1740 704 lingua
1795 639 1855 686 ut
1916 631 2123 687 serviat

537 738 806 804 sermoni,
843 737 1013 809 pedes
1050 730 1422 794 ambulando,
1455 743 1594 799 puer
1644 724 1948 780 eruditioni
1990 738 2127 794 pue-

538 835 646 889 rili.
679 833 777 887 Vis
819 840 1005 885 autem
1039 826 1220 881 activa
1255 830 1339 879 est
1385 833 1635 890 congrua
1680 826 1893 870 natura;
1942 816 2124 878 actio,

538 926 626 982 vel
650 922 988 979 irrationalis
1029 928 1089 975 ut
1134 919 1284 982 talis,
1309 918 1394 970 vel
1420 911 1709 968 rationalis
1728 917 1787 963 ut
1820 910 1949 963 item
1976 908 2123 963 talis.

540 1015 680 1083 Quid
718 1030 850 1086 ergo
882 1030 949 1070 ex
980 1014 1147 1068 dictis
1183 1011 1387 1066 malum
1420 1022 1544 1063 esse
1573 1003 1810 1060 deﬁnis?

616 1131 688 1186 Μ.
737 1129 1151 1198 Operationem.
1202 1126 1433 1181 Constat
1499 1128 1680 1177 autem
1731 1104 1948 1173 omnem
1997 1130 2128 1187 Ope-

543 1225 819 1279 rationem
859 1235 984 1276 esse
1015 1218 1384 1276 substantiam
1418 1210 1779 1285 operationis.

615 1316 682 1370 0.
731 1313 945 1383 Utique
1000 1311 1185 1367 omnis
1216 1311 1301 1364 vis
1348 1307 1529 1362 activa
1581 1299 1964 1359 substantialis
2021 1306 2127 1355 est.

546 1410 654 1465 Sed
681 1423 869 1480 quaero
922 1420 951 1458 a
990 1412 1062 1469 te,
1114 1403 1324 1458 malitia
1356 1415 1479 1455 cum
1513 1398 1585 1454 sit
1639 1397 1723 1452 vis
1760 1395 1960 1459 activa,
1997 1408 2127 1448 num

545 1503 709 1558 etiam
757 1501 1063 1555 substantia
1106 1512 1231 1551 esse
1262 1492 1490 1565 potest?

620 1615 777 1685 107
819 1613 890 1668 M.
936 1611 1010 1669 Ita
1039 1611 1147 1666 aio.

617 1727 682 1783 0.
725 1728 975 1782 Primum
1024 1722 1250 1795 quidem
1307 1719 1653 1777 contradicis
1715 1720 1837 1785 tibi,
1879 1719 2009 1775 dum
2061 1734 2128 1773 ex

549 1821 870 1876 substantia
907 1818 1025 1873 ﬁeri
1058 1817 1203 1872 dicis
1236 1815 1345 1869 vim
1371 1814 1629 1879 activam,
1657 1828 1964 1881 rursusque
1990 1813 2131 1867 hanc

2228 631 2580 704 ἐργάζεσθαι,
2628 633 2849 701 γλῶσσα
2892 636 2950 689 δὲ
3001 636 3148 709 λόγῳ
3200 638 3496 702 διακονεῖν,
3558 640 3717 702 πόδες
3752 641 3805 694 δὲ

2231 726 2367 795 πρὸς
2408 725 2635 795 βάδισιν,
2668 727 2879 781 παιδίον
2917 729 2973 783 δέ
3028 731 3168 801 πρὸς
3220 731 3464 803 μάθησιν
3507 734 3759 801 τεχνικήν
3789 751 3804 764 ο

2229 819 2483 891 ἐνέργεια
2516 820 2572 872 δέ
2626 822 2774 874 ἐστιν
2808 823 2840 892 ἡ
2870 821 2965 876 τοῦ
3016 824 3163 877 κατὰ
3209 824 3375 894 φύσιν
3409 824 3631 895 πρᾶξις,
3659 826 3691 893 ἢ
3723 825 3806 877 τοῦ

2230 912 2425 982 ἀλόγου
2452 914 2526 975 ὡς
2556 913 2774 983 ἀλόγου,
2800 916 2833 986 ἣ
2862 915 2954 969 τοῦ
2977 915 3197 986 λογικοῦ
3226 917 3302 981 ὡς
3352 918 3574 987 λογικοῦ
3608 934 3624 948 ⁸
3652 919 3704 971 τί
3725 918 3808 971 οῦν

2229 1006 2338 1059 τῶν
2362 1006 2666 1077 εἰρημένων
2703 1008 2863 1080 ὁρίζῃ
2888 1008 2950 1063 τὸ
2977 1010 3147 1063 κακὸν
3169 1007 3347 1077 εἷναι;

2302 1121 2378 1175 Μ.
2426 1122 2743 1192 Ἐνέργειαν
2777 1139 2790 1154 ο
2826 1123 2985 1195 δῆλον
3014 1124 3071 1178 δέ
3099 1126 3183 1179 ὅτι
3207 1127 3358 1180 πάσα
3384 1126 3640 1197 ἐνέργεια
3666 1128 3807 1181 οὐσία

2231 1213 2377 1267 ἐστὶν
2403 1215 2703 1286 ἐνεργείας.

2305 1308 2369 1360 0.
2414 1309 2574 1361 Πᾶσα
2623 1308 2721 1379 μὲν
2771 1310 3022 1382 ἐνέργεια
3072 1310 3232 1365 οὑσία
3288 1312 3441 1365 ἐστὶν
3485 1313 3761 1383 ἐνεργείας
3791 1332 3806 1348 ο

2234 1400 2424 1471 ἐρωτῶ
2454 1400 2510 1453 δέ
2548 1418 2627 1467 σε,
2657 1402 2689 1473 ή
2716 1403 2886 1456 κακία
2919 1403 3172 1476 ἐνέργεια
3191 1405 3351 1470 οῦσα,
3377 1406 3473 1459 καὶ
3494 1408 3656 1460 οὐσία
3684 1404 3810 1461 εἶναι

2232 1489 2491 1558 δύναται;

2304 1607 2379 1660 Μ,
2423 1604 2578 1659 Οῦτω
2602 1607 2765 1678 φημί.

2309 1723 2371 1775 0.
2417 1720 2640 1791 Πρῶτον
2675 1722 2774 1792 μὲν
2807 1722 3049 1786 ἐναντίος
3082 1723 3295 1794 σεαυτῷ
3322 1723 3614 1795 ὑπάρχεις,
3647 1723 3706 1788 ἐξ
3734 1727 3813 1778 οὑ·-

2237 1812 2358 1875 σίας
2384 1813 2640 1881 γενέσθαι
2680 1815 2853 1884 λέγων
2884 1817 3186 1887 ἐνέργειαν,
3220 1816 3316 1870 καὶ
3352 1816 3516 1871 πάλιν
3554 1818 3657 1871 οὐκ
3686 1816 3813 1872 εἶναι

552 1930 662 1968 non
701 1929 824 1969 esse
861 1912 968 1966 vim
998 1911 1235 1965 activam
1270 1906 1447 1964 dicis:
1477 1907 1626 1961 unde
1648 1916 1703 1961 et
1734 1920 1949 1962 summa
1979 1904 2132 1976 igno-

2243 1906 2336 1977 τὴν
2380 1907 2665 1976 ἐνέργειαν
2718 1909 3148 1980 ὑποτιθέμενος*
3180 1910 3305 1965 ὅθεν
3351 1912 3531 1980 πάσης
3586 1910 3813 1981 ἀμαθίας

548 2008 733 2064 rantia
776 2008 1029 2062 laborare
1060 2003 1208 2076 apud
1239 2003 1548 2059 dialecticae
1578 2016 1803 2072 quoque
1842 2000 2131 2071 imperitos

548 2100 847 2156 videberis.
885 2098 1087 2165 Quaero
1125 2104 1307 2152 autem
1348 2110 1417 2151 ex
1458 2102 1535 2159 te,
1589 2109 1721 2150 num
1767 2092 1951 2149 omnis
2001 2106 2133 2163 ope-

550 2192 691 2246 ratio
732 2190 871 2244 mala
911 2189 985 2245 sit
1006 2189 1030 2242 Ἰ

621 2282 695 2338 Μ.
733 2281 958 2336 Minime
980 2280 1252 2352 gentium.

617 2373 685 2429 0.
728 2372 904 2440 Quam
935 2386 1069 2442 ergo
1098 2371 1240 2426 dicis
1271 2368 1471 2424 malam
1496 2366 1873 2439 operationem
1900 2366 1924 2420 ?

619 2463 692 2518 Μ.
720 2461 1119 2526 Homicidium,
1151 2459 1514 2524 adulterium,
1537 2457 1896 2529 injustitiam,
1915 2465 2137 2528 etquae-

546 2559 634 2614 vis
666 2554 1007 2628 liujusmodi.

619 2674 686 2729 0.
715 2672 773 2727 Si
808 2671 1195 2738 homicidium,
1229 2686 1293 2725 ex
1335 2668 1614 2727 sententia
1647 2677 1764 2733 tua,
1810 2667 2138 2722 naturaliter

548 2764 756 2817 malum
792 2776 901 2829 est,
937 2761 1155 2831 judices
1188 2761 1279 2832 qui
1316 2760 1557 2814 latrones
1595 2773 1659 2813 ac
1692 2757 1929 2813 sicarios
1965 2756 2137 2811 intcr-

2235 1999 2543 2071 ὑπερϐολὴν
2572 2001 2669 2055 καὶ
2700 2002 2851 2072 παρά
2876 2004 2989 2068 τοῖς
3021 2003 3161 2071 άγαν
3204 2003 3455 2073 ἀπείροις
3480 2002 3812 2069 διαλεκτικῆς

2233 2093 2295 2147 οὐ
2319 2092 2580 2164 διαφεύξῃ
2612 2094 2782 2150 νοσῶν
2802 2112 2816 2126 ’
2850 2096 3041 2167 ἐρωτῶ
3068 2096 3125 2150 δέ
3156 2113 3237 2162 σε,
3268 2092 3380 2168 ἄρα
3402 2098 3552 2149 πᾶσα
3580 2097 3815 2168 ἐνέργεια

2236 2187 2419 2257 κακή;

2306 2280 2381 2335 Μ.
2424 2280 2500 2333 Οὐ
2532 2279 2771 2344 πάντως.

2306 2374 2368 2426 0.
2411 2372 2579 2426 Ποίαν
2610 2367 2703 2425 οῦν
2730 2371 2908 2440 λέγεις
2936 2371 3112 2445 κακὴν
3142 2372 3444 2446 ἐνέργειαν.

2306 2466 2384 2521 Μ.
2425 2466 2612 2529 Φόνον,
2648 2467 2919 2537 μοιχείαν.
2949 2466 3185 2535 ἀδικίαν,
3218 2470 3316 2522 καὶ
3342 2470 3443 2523 ὅσα
3473 2469 3718 2524 τοιαῦτα.

2309 2670 2371 2725 0.
2412 2672 2475 2724 Ei
2510 2673 2538 2724 6
2577 2669 2739 2742 φόνος
2768 2670 2910 2724 κατά
2958 2670 3017 2724 σὲ
3052 2672 3214 2741 φύσει
3260 2673 3453 2738 κακὸς,
3487 2675 3537 2726 οι
3577 2672 3815 2727 δικασταὶ

2239 2762 2620 2834 τυμδορύχους
2670 2764 2766 2816 καὶ
2813 2762 3174 2834 ἀνδροφόνους
3234 2765 3596 2835 φονεύοντες,
3649 2766 3815 2829 κακῶς

550 2857 769 2919 liciunt,
798 2857 944 2912 male
990 2862 1182 2926 agunt.
1235 2853 1582 2923 Rursusque,
1634 2866 1735 2907 cur
1772 2851 1976 2921 aliquis
2012 2865 2135 2905 cum

2243 2855 2457 2908 ποιοῦσι
2477 2872 2491 2886 ο
2524 2856 2618 2908 καὶ
2646 2855 2810 2909 πάλιν
2829 2869 2844 2884 °
2879 2855 2933 2909 τί
2958 2855 3157 2925 δήποτε
3184 2858 3212 2910 6
3248 2859 3348 2929 μὲν
3377 2860 3443 2929 τῇ
3480 2859 3588 2930 ἰδίᾳ
3614 2862 3812 2929 γαμετῇ

551 2966 655 3006 sua
689 2966 865 3006 uxore
890 2965 1005 3005 rem
1032 2949 1241 3004 habens
1276 2964 1391 3002 non
1425 2953 1645 3017 peccat,
1682 2960 1810 3000 cum
1855 2945 2035 2999 aliena
2085 2943 2138 2999 id

2244 2947 2574 3018 μιγνύμενος
2628 2948 2727 3018 οὑχ
2780 2948 3111 3019 ἁμαρτάνει,
3160 2949 3220 3003 ἐν
3272 2949 3533 3022 ἀλλοτρίᾳ
3579 2951 3637 3005 δέ
3675 2950 3816 3004 τοῦτο

552 3059 725 3115 agens
760 3053 975 3114 peccat,
1006 3057 1133 3097 cum
1159 3050 1345 3096 tamen
1379 3039 1569 3095 eadem
1605 3039 1676 3093 sit
1707 3037 1898 3092 actio?
1924 3036 2063 3091 Puto
2087 3043 2141 3092 te

2243 3039 2410 3095 ποιῶν
2462 3041 2794 3112 ἁμαρτάνεις
2837 3042 2928 3095 καὶ
2962 3042 3137 3096 ταῦτα
3172 3045 3302 3113 μιᾶς
3346 3043 3635 3114 ἐνεργείας
3664 3042 3815 3114 οὑσης

552 3135 627 3189 ob
667 3134 781 3189 haec
815 3133 899 3187 vel
935 3134 1214 3188 nolentem
1270 3131 1545 3194 conﬁteri,
1596 3130 1872 3184 actionem
1920 3144 2138 3183 omnem

2243 3136 2339 3203 τῆς
2372 3133 2572 3204 μίξεως
2595 3149 2609 3163 ⁸
2642 3131 2796 3205 οἶμαί
2829 3151 2888 3187 σε
2933 3134 3025 3188 διὰ
3070 3135 3278 3189 τούτων
3308 3136 3402 3189 καὶ
3428 3138 3633 3191 ἄκοντα
3664 3154 3816 3209 προσ-

552 3238 811 3282 neutram
834 3226 1003 3282 veluti
1030 3242 1174 3290 esse,
1200 3225 1562 3280 determinari
1595 3233 1775 3278 autem
1805 3223 1875 3278 ab
1926 3223 2141 3294 agentis

2243 3225 2547 3295 ομολογεῖν,
2579 3226 2663 3278 ὅτι
2709 3228 2856 3280 πᾶσα
2890 3228 3143 3298 ἐνέργεια
3190 3228 3332 3298 μέση
3376 3231 3527 3283 ἐστί·
3562 3230 3818 3283 ποικίλλε-

554 3318 867 3383 voluntate,
903 3326 965 3372 ut
1004 3317 1187 3371 virtus
1215 3318 1483 3372 vitiumve
1520 3314 1757 3371 evadat:
1787 3330 2029 3385 namque
2058 3314 2140 3368 al-

553 3418 639 3464 ter
676 3417 1049 3479 temperanter
1092 3424 1220 3463 cum
1253 3424 1353 3463 sua
1415 3422 1610 3473 uxore,
1674 3408 1815 3463 alter
1863 3406 2143 3478 impudice

554 3515 682 3556 cum
713 3501 896 3556 aliena
923 3508 1204 3557 versatur.

624 3592 697 3649 M.
728 3593 1015 3665 Cupiditas
1053 3610 1237 3650 nonne
1268 3595 1412 3650 mala
1446 3595 1569 3649 est?

627 3686 694 3741 0.
736 3686 853 3741 Non
880 3689 1082 3758 plane;
1123 3705 1247 3743 nam
1295 3698 1351 3743 et
1402 3688 1519 3743 haec
1575 3687 1828 3742 neutrius
1861 3686 2145 3756 qualitatis

556 3789 664 3842 e5t,
706 3778 941 3845 ﬁerique
974 3785 1159 3847 potest
1198 3787 1260 3831 ut
1291 3777 1454 3832 etiam
1495 3777 1789 3832 honestate
1846 3784 2147 3832 exornetur

560 3882 590 3922 a
628 3869 835 3923 mentis
900 3869 1327 3938 gubernatione.
1366 3869 1679 3939 Aliquando
1720 3878 1871 3925 certe
1918 3869 1987 3923 ad
2031 3882 2143 3923 rem

558 3961 852 4016 honestam
887 3960 1067 4015 tendit
1102 3961 1425 4031 cupiditas:
1464 3976 1706 4033 namque
1736 3960 1884 4016 alius
1925 3960 2145 4015 miseri-

559 4050 750 4106 cordia
790 4059 1065 4117 movetur,
1099 4053 1244 4107 alius
1269 4053 1521 4124 pecunia:
1561 4068 1785 4109 amore:
1829 4053 1972 4107 alius
2007 4052 2148 4106 libe-

557 4158 750 4199 rorum
802 4159 992 4209 causa,
1047 4145 1192 4201 alius
1253 4146 1591 4219 voluptatis,
1638 4146 1716 4202 rei
1758 4160 2004 4202 venereae
2054 4144 2148 4200 dat

560 4248 808 4305 operam.
911 4249 914 4251 λ

633 4324 706 4380 Μ.
749 4324 909 4383 Nunc
951 4326 1088 4382 mihi
1124 4328 1233 4383 hoc
1274 4327 1557 4394 edissere,
1606 4337 1791 4382 utrum
1850 4341 2147 4397 corporum

446 4471 450 4476 .
563 4420 852 4488 corruptio
886 4434 949 4473 ac
980 4418 1218 4489 putredo
1258 4434 1287 4472 a
1320 4418 1431 4475 Deo
1464 4419 1613 4474 bono
1644 4426 1698 4474 et
1742 4414 2148 4487 incorruptibili

562 4511 684 4566 sit?

632 4600 701 4656 0.
743 4599 976 4656 Locutio
1006 4616 1071 4655 ea:
1097 4601 1279 4671 aliqua
1308 4600 1673 4656 multifariam
1707 4600 2031 4656 adhibetur:
2064 4608 2149 4655 est

562 4691 708 4748 enim
746 4691 891 4747 ﬁlius
921 4707 988 4748 ex
1020 4707 1109 4747 me
1141 4692 1725 4758 consubstantialiter,
1756 4702 1841 4749 est
1872 4709 1943 4749 ex
1993 4692 2149 4749 labro

563 4783 805 4855 lignario
843 4798 1158 4850 scamnum,
1191 4800 1257 4839 ex
1291 4794 1440 4838 terra
1475 4782 1714 4846 fructus,
1756 4800 1825 4840 ex
1860 4799 1987 4855 rege
2013 4800 2148 4839 con-

562 4874 907 4931 ﬁscationes.
940 4874 1053 4932 Nos
1084 4891 1216 4947 ergo
1235 4890 1585 4947 nequaquam
1608 4892 1672 4932 ex
1711 4875 1805 4931 Dei
1838 4878 2151 4932 substantia

562 4966 804 5024 dicimus
841 4966 961 5023 ﬁeri
999 4966 1443 5038 corruptionem,
1479 4969 1575 5024 sed
1608 4968 1901 5023 voluntate
1929 4969 2051 5039 ejus
2087 4984 2152 5025 ea

563 5059 681 5116 fieri
713 5075 835 5132 quae
872 5060 1038 5117 nobis
1064 5060 1225 5115 utilia
1249 5069 1402 5116 sunt.
1444 5059 1581 5115 Nam
1620 5060 1668 5116 si
1713 5061 1967 5131 quamvis
2016 5059 2153 5115 adeo

480 5144 489 5153 “
564 5152 797 5226 fragiles
837 5169 929 5210 res
974 5154 1229 5209 humanae
1260 5154 1393 5219 sint,
1451 5161 1741 5225 tantopere
1771 5158 1842 5210 ob
1876 5153 1977 5208 has
2007 5153 2155 5209 insa-

563 5243 773 5309 nimus,
812 5251 872 5298 ut
917 5243 1082 5298 etiam
1116 5244 1308 5300 litibus
1350 5254 1406 5300 et
1452 5246 1615 5301 bellis
1643 5247 1841 5300 barum
1861 5259 2031 5301 causa
2055 5243 2151 5299 de-

565 5344 886 5403 certemus;
931 5337 1065 5407 quid
1108 5352 1333 5393 eramus
1389 5338 1574 5393 acturi
1620 5338 1666 5394 si
1721 5337 1867 5393 Deus
1912 5337 2152 5391 caducas

564 5440 675 5480 non
707 5424 975 5483 fecisset?
1002 5425 1292 5495 Quomodo
1319 5427 1487 5483 etiam
1520 5428 1855 5484 immortalis
1890 5427 2019 5482 vita:
2048 5426 2151 5481 do.

565 5532 698 5575 num
742 5518 1171 5587 aestimaremus,
1211 5535 1375 5592 quam
1409 5521 1573 5577 nobis
1613 5520 1711 5577 Dei
1752 5520 1995 5576 charitas
2038 5519 2153 5574 col-

566 5612 749 5666 latura
782 5596 890 5677 est,
924 5613 1030 5669 nisi
1074 5622 1234 5670 antea
1271 5612 1442 5668 vitam
1468 5614 1616 5668 hanc
1653 5611 2070 5681 corruptibilem
2098 5616 2155 5665 et

564 5705 923 5776 temporalem
951 5708 1163 5780 experti
1193 5722 1470 5773 essemus,
1504 5721 1672 5778 quam
1706 5721 1810 5762 nos
1857 5705 1975 5776 ipse
2022 5719 2153 5775 pru-

565 5797 760 5855 denter
804 5809 1147 5872 praegustare
1201 5801 1420 5856 voluit?
1465 5799 1722 5871 Alioqui,
1773 5800 1819 5856 si
1869 5797 2153 5868 corruptio

567 5890 711 5947 mala
733 5898 841 5961 est,
871 5894 1159 5963 generatio
1193 5892 1315 5950 sine
1347 5890 1515 5948 dubio
1561 5891 1710 5949 bona
1741 5900 1847 5947 est.
1887 5889 2056 5960 Atqui
2097 5888 2152 5944 in

2239 3334 2333 3369 -ται
2363 3316 2417 3369 δὲ
2445 3319 2509 3387 τῇ
2536 3315 2733 3389 γνώμῃ
2760 3316 2855 3370 τοῦ
2890 3319 3185 3387 μετιόντος,
3219 3319 3388 3391 ἀρετὴ
3425 3320 3456 3390 ἢ
3490 3322 3661 3374 κακία
3686 3337 3815 3389 τινος

2245 3408 2381 3479 μένη
2405 3425 2418 3438 ·
2451 3410 2478 3461 ὁ
2512 3408 2612 3479 μὲν
2658 3409 2767 3480 γὰρ
2800 3411 3097 3480 σωφρόνως
3129 3414 3195 3483 τῇ
3254 3412 3363 3484 ἰδίᾳ
3415 3412 3694 3484 μίγνυται,
3717 3416 3742 3467 6
3768 3412 3817 3465 δέ

2242 3501 2564 3564 ἀκολάστως
2596 3504 2663 3573 τῇ
2696 3501 2974 3573 ἀλλοτρίᾳ.

2313 3595 2388 3649 Μ.
2425 3593 2490 3647 Ἦ
2521 3593 2789 3665 ἐπιθυμία
2822 3595 2922 3648 οὑκ
2955 3595 3070 3649 ἐστι
3100 3596 3283 3666 κακῆς

2315 3686 2376 3739 0.
2418 3686 2492 3739 Οὑ
2526 3685 2743 3751 πάντως
2766 3703 2781 3717 ο
2822 3687 2963 3758 μέση
2993 3688 3103 3759 γάρ
3132 3690 3249 3742 ἐστι
3278 3687 3376 3741 καὶ
3413 3687 3556 3761 αὕτη
3580 3706 3595 3721 °
3628 3689 3716 3744 καὶ
3741 3689 3815 3742 δυ-

2244 3778 2403 3835 νατὸν
2429 3778 2602 3850 αὐτὴν
2627 3779 2972 3851 κοσμηθῆναι
2998 3783 3065 3851 τῇ
3090 3780 3184 3834 τοῦ
3216 3781 3311 3835 νοῦ
3340 3781 3654 3854 ἐπιστασία.
3672 3783 3814 3852 Ἀμέ-

2243 3870 2326 3925 λει
2355 3871 2453 3925 καὶ
2478 3871 2660 3926 καλῶν
2689 3874 2837 3925 ἐστιν
2871 3871 3246 3942 ἐπιθυμῆσαι·
3281 3875 3310 3926 6
3343 3873 3444 3943 μέν
3469 3873 3582 3945 γάρ
3610 3875 3719 3926 ἐστι
3744 3891 3817 3941 φι-

2245 3962 2549 4034 λόπτωχος,
2583 3965 2610 4017 6
2650 3963 2709 4016 δὲ
2747 3964 3085 4038 φιλάργυρος
3108 3981 3122 3995 ο
3179 3964 3275 4018 καὶ
3301 3965 3330 4016 6
3364 3963 3465 4034 μὲν
3500 3964 3817 4025 παιδοποιίας

2246 4052 2409 4125 χάριν
2446 4056 2513 4125 τῇ
2546 4053 2688 4125 μίξει
2710 4054 2995 4128 κέχρηται,
3024 4056 3051 4108 6
3073 4054 3131 4109 δέ
3168 4053 3332 4126 χάριν
3358 4054 3575 4126 ἡδονῆς.

2318 4323 2396 4379 Μ.
2439 4321 2611 4376 Τοῦτό
2647 4339 2740 4392 μοι
2770 4321 2910 4403 είπέζ
2944 4323 3009 4374 ἐκ
3046 4319 3142 4374 τοῦ
3183 4319 3394 4390 ἀγαθοῦ
3427 4319 3527 4374 καὶ
3561 4316 3815 4387 ἀφθάρτου

2247 4414 2387 4470 Θεοῦ
2426 4417 2459 4487 ή
2499 4414 2675 4487 φθορά
2705 4413 2813 4468 τῶν
2844 4413 3113 4485 σωμάτων
3143 4414 3239 4468 καὶ
3269 4412 3431 4484 σῆψις
3463 4413 3711 4481 ἐγένετος

2180 4627 2225 4683 D
2324 4597 2388 4649 0.
2427 4592 2503 4647 Τὺ
2532 4595 2602 4649 ἐκ
2635 4610 2803 4660 τινος
2849 4591 3133 4663 πολλαχῶς
3176 4593 3433 4661 λέγεται’
3479 4592 3597 4645 ἔστι
3629 4589 3729 4660 γὰρ
3767 4588 3816 4654 ἐξ

2252 4687 2386 4759 ἐμοῦ
2415 4689 2443 4742 6
2476 4688 2590 4752 υἱός
2621 4704 2723 4758 μου
2752 4685 3037 4757 ὀμοούσιος
3067 4686 3223 4757 ἐμοί·
3274 4689 3338 4739 ἐκ
3370 4684 3466 4738 τοῦ
3497 4685 3737 4746 τέκτονος
3767 4681 3816 4733 τὸ

2255 4781 2483 4853 βάθρον·
2516 4782 2581 4834 ἐκ
2611 4780 2667 4833 δὲ
2699 4779 2797 4849 τῆς
2825 4780 2929 4850 γῆς
2966 4778 3016 4831 ot
3056 4777 3289 4850 καρποί’
3324 4780 3389 4830 ἐκ
3434 4775 3531 4829 τοῦ
3581 4773 3816 4843 βασιλέως

2252 4874 2550 4947 δημεύσεις
2569 4888 2583 4902 ·
2612 4873 2775 4944 ἡμεῖς
2802 4871 2981 4924 τοίνυν
3011 4871 3111 4924 οὑκ
3136 4872 3200 4923 ἐκ
3229 4871 3326 4940 τῆς
3361 4870 3549 4932 οὑσίας
3591 4867 3681 4921 τοῦ
3703 4863 3815 4918 Θεοῦ

2255 4983 2439 5037 φαμεν
2467 4960 2611 5019 εἶναι
2642 4963 2742 5033 τὴν
2770 4962 3000 5036 φθορὰν,
3032 4961 3282 5031 βουλήσει
3312 4961 3370 5015 δὲ
3404 4960 3570 5014 αὑτοῦ
3604 4958 3816 5029 ἐνεργεῖ-

2256 5057 2382 5111 σθαι
2414 5057 2767 5129 συμφέροντα
2803 5058 2958 5127 ἡμῖν.
2990 5053 3054 5107 Εἰ
3086 5054 3195 5126 γὰρ
3229 5054 3488 5126 φθαρτῶν
3530 5054 3695 5107 ὄντων
3729 5048 3817 5101 τῶν

2256 5148 2622 5219 πραγμάτων,
2647 5147 2790 5201 οὑτω
2832 5145 2965 5217 περὶ
3012 5144 3191 5198 αὑτῶν
3234 5148 3562 5216 μεμήναμεν
3592 5144 3665 5206 ὡς
3690 5143 3817 5194 δικα-

2261 5240 2463 5311 στήρια
2492 5240 2584 5293 καὶ
2618 5239 2889 5311 πολέμους
2917 5240 3040 5294 κατ’
3071 5238 3318 5309 ἀλλήλων
3357 5240 3546 5300 κινεῖν,
3578 5236 3629 5287 τί
3656 5232 3746 5284 οὐκ
3766 5228 3818 5282 ἂν

2252 5334 2633 5405 τολμήσαιμεν
2684 5335 2732 5386 εί
2781 5334 3037 5404 ἄφθαρτα
3081 5330 3256 5386 ταῦτα
3311 5330 3673 5400 παρήγαγεν;
3720 5326 3820 5385 Πῶς

2252 5425 2311 5479 δὲ
2367 5426 2463 5480 καὶ
2509 5424 2766 5497 αἴσθησιν
2809 5424 3108 5495 ἐμέλλομεν
3134 5423 3235 5491 τῆς
3260 5420 3467 5490 δωρεᾶς
3515 5420 3696 5474 λαϐεῖν
3739 5418 3818 5486 τῆς

2254 5516 2534 5586 ἀφθάρτου
2586 5515 2754 5586 ζωῆς,
2789 5517 2856 5587 ἢν
2908 5516 3039 5586 ἡμῖν
3086 5514 3514 5584 ἐφιλοτιμήσατο
3564 5514 3595 5566 ό
3644 5510 3819 5580 Κύριος

2256 5605 2435 5680 ήμῶν,
2466 5608 2515 5661 εί
2545 5607 2619 5679 μὴ
2647 5608 2913 5679 πρότερον
2937 5609 2995 5659 ἐν
3028 5607 3197 5679 πείρᾳ
3221 5605 3529 5676 γεγόναμεν
3556 5604 3654 5674 τῆς
3678 5601 3818 5672 φθαρ-

2254 5702 2354 5772 τῆς
2387 5700 2593 5771 ταύτης
2641 5700 2737 5754 καὶ
2776 5702 3043 5771 ἐπικήρου
3082 5699 3251 5770 ζωῆς,
3286 5701 3365 5763 είς
3413 5697 3481 5767 ἢν
3527 5698 3674 5767 ἡμᾶς
3705 5709 3818 5765 προ-

2256 5793 2631 5863 αγωνίσασθαι
2671 5793 2853 5857 καλῶς
2897 5793 3043 5863 ἔχειν
3076 5793 3431 5863 ἐδοκίμασεν;
3466 5791 3676 5852 ’Ἄλλως
3703 5805 3751 5841 τε
3772 5785 3818 5838 δὲ

2256 5890 2304 5943 εἰ
2336 5891 2370 5961 ὴ
2410 5888 2589 5959 φθορὰ
2627 5888 2818 5953 κακὸν,
2849 5889 2883 5959 ἡ
2934 5888 3148 5957 γένεσις
3192 5887 3408 5950 πάντως
3439 5886 3676 5955 ἀγαθόν’
3708 5877 3819 5935 ἀλλὰ
