4026 6408
174 442 314 507 1329

833 452 1156 513 JOANNIS
1194 454 1643 517 ORTHODOXI
1674 457 1749 517 DI

1858 458 2137 520 UTATIO
2177 463 2335 525 CUM
2375 467 2533 528 MAN
2546 469 2815 533 [ΟΗᾸΞΟ.

3302 471 3439 536 1330

173 553 283 624 μὴν
317 556 446 624 περὶ
472 556 534 608 τὸ
559 556 690 610 αὑτὸ
731 559 887 630 σῶμα
925 563 1138 630 γένεσις
1168 567 1261 618 καὶ
1291 564 1486 635 φθορὰ,
1523 566 1622 619 ούκ
1647 567 1749 636 ἄρα

1859 568 2050 623 eodem
2092 585 2323 640 corpore
2365 581 2480 627 tum
2530 580 2811 646 generatio
2855 586 2971 633 tum
3020 581 3305 652 corruptio
3336 580 3436 638 lit:

172 643 336 711 σῶμα
361 643 519 711 φύσει
551 646 741 712 κακὸν,
760 649 836 711 ὡς
864 650 1026 720 ὑμεῖς
1045 652 1489 707 διαϐεϐαιοῦσθαι
1511 655 1572 707 τὸ
1595 655 1755 727 σῶμα

168 733 272 800 τῆς
312 736 509 800 κακίας
543 733 683 792 εἶναι
710 740 1148 811 δογματίζοντες.
1177 745 1278 798 Διά
1306 746 1359 798 τί
1386 746 1443 799 δὲ
1471 746 1506 800 ἀ
1537 748 1634 817 μὲν
1666 766 1757 801 νο-

171 825 352 894 μίζεις
386 825 523 883 εἶναι
552 832 695 885 κακά
723 833 834 885 τῶν
865 835 1134 905 σωμάτων
1166 836 1390 908 θεωρείς
1426 854 1485 890 τε
1526 839 1622 891 καὶ
1665 839 1755 891 λέ-

168 932 317 984 γεις,
354 918 421 972 τὰ
452 920 511 973 δὲ
548 922 610 987 ἐξ
639 923 821 977 αὐτῶν
868 925 1050 992 ἀγαθά
1097 928 1495 1005 παρατρέχεις;
1534 931 1756 1000 Πρῶτον

171 1008 272 1078 μὲν
302 1010 412 1082 γὰρ
440 1014 548 1067 ἀπὸ
578 1015 686 1068 τῶν
715 1016 782 1070 ὲκ
807 1019 911 1087 γῆς
941 1020 1339 1091 ἀναδιδομένων
1366 1022 1597 1093 καρπῶν
1630 1040 1757 1095 τρε-

167 1101 384 1172 φόμεθά
411 1123 470 1158 τε
502 1109 597 1160 καὶ
623 1112 993 1181 συνιστάμεθα
1016 1128 1029 1141 ·
1061 1114 1127 1166 ὲκ
1155 1113 1210 1166 δὲ
1238 1113 1400 1169 λίθων
1441 1116 1536 1168 καὶ
1562 1114 1756 1183 ξύλων,

165 1194 349 1267 οἴκους
396 1200 900 1272 κατασκευάζομεν,
943 1204 1012 1257 δι’
1036 1197 1112 1259 ὧν
1159 1206 1369 1277 ὄμϐρου
1419 1208 1515 1260 κα)⁸
1556 1208 1756 1279 κρύους

165 1287 607 1359 ἑλευθερούμεθα
630 1307 646 1324 ο
680 1293 816 1347 ἀλλά
840 1297 936 1349 καὶ
967 1295 1063 1350 τοῦ
1096 1296 1248 1367 ἡλίου
1277 1297 1338 1351 τὸ
1368 1298 1645 1363 καυσῶδες
1673 1303 1758 1355 ὲκ-

163 1376 440 1448 κλίνομεν,
464 1380 522 1433 ὃν
555 1383 619 1436 σὺ
655 1382 936 1451 θεοποιῶν,
962 1389 1063 1441 οὑκ
1088 1390 1318 1462 αἰσχύνῃ
1337 1407 1353 1421 ο
1383 1390 1586 1465 σιδήρῳ
1613 1391 1671 1447 δὲ
1694 1393 1753 1446 οὑ

165 1470 330 1539 μόνον
354 1472 452 1544 τὴν
476 1478 579 1545 γῆν
609 1477 870 1548 ἀροῦμεν,
894 1479 1032 1534 ἀλλὰ
1053 1484 1149 1535 καὶ
1178 1484 1475 1554 πολεμίους
1500 1486 1755 1551 ἐπιόντας

163 1560 568 1633 φυλαττόμεθα.
613 1568 677 1621 Et
723 1567 779 1620 δὲ
811 1568 1026 1633 τούτοις
1064 1570 1438 1642 ἐλεγχόμενος,
1474 1574 1755 1644 ὲπιμένυις

162 1651 331 1721 σῆψιν
358 1655 454 1709 καὶ
480 1656 741 1712 δυσωδίαν
773 1660 1234 1733 προϐαλλόμενος,
1264 1665 1391 1728 ῐσως
1429 1665 1641 1733 ἀγνοεῖς
1673 1667 1755 1719 ὅτι

158 1743 232 1797 τὰ
279 1745 380 1814 τῆς
422 1745 600 1819 ψυχῆς
655 1752 993 1822 μετασχόντα
1046 1755 1247 1823 μᾶλλον
1300 1755 1401 1827 τὴν
1451 1755 1617 1825 σῆψιν
1660 1757 1754 1810 καὶ

158 1833 428 1892 δυσωδίαν
475 1840 802 1910 ὑφίσταται·
831 1844 1039 1913 ἀγαθοῦ
1096 1846 1232 1901 Θεοῦ
1291 1847 1348 1901 δὲ
1390 1847 1515 1904 καθ’
1542 1850 1748 1923 ὑμᾶςή

158 1925 307 1997 ψυχὴ
333 1929 490 1984 οὑσία
518 1933 666 1987 ἐστίν
691 1950 704 1966 ι
736 1935 766 1987 6
796 1937 999 2004 ἀγαθὸς
1024 1934 1118 1991 οὖν
1142 1938 1274 2003 Θεὸς
1299 1939 1471 2004 αἴτιος
1500 1941 1654 1996 ἔσται
1674 1920 1748 1996 ὧν
1785 1920 1823 1974 Β

156 2021 403 2091 νομίζεις
431 2025 616 2080 κακῶν
655 2028 755 2098 τῆς
787 2029 1005 2100 σήψεώς
1034 2048 1093 2085 τε
1120 2033 1214 2086 καὶ
1245 2032 1536 2099 δυσωδίας.

228 2293 307 2347 Μ.
350 2294 411 2348 El
464 2295 539 2368 μὴ
588 2296 702 2351 ἔστι
762 2301 950 2367 κακὰ,
985 2302 1074 2357 διὰ
1120 2303 1176 2357 τί
1225 2305 1378 2377 νόμοι
1426 2306 1749 2373 κολάζουσιν

156 2384 332 2449 αὑτάς

230 2479 292 2531 0.
337 2479 507 2533 Τοῦτο
533 2482 761 2546 μάλιστα
790 2484 1002 2556 ἐλέγχει
1026 2487 1124 2560 τὴν
1153 2490 1251 2559 σὴν
1282 2492 1709 2561 φρενοϐλάϐειαν
1728 2513 1743 2527 °

164 2570 214 2621 εί
254 2568 365 2639 γάρ
390 2571 463 2641 μὴ
487 2573 574 2641 ἐφ’
599 2576 730 2644 ἡμῖν
760 2572 830 2648 ἦν
853 2578 922 2632 τά
951 2581 1097 2634 κακά
1133 2581 1228 2635 καὶ
1260 2583 1750 2651 ἀγαθοποιεῖν,οὑκ

162 2659 229 2714 ἂν
258 2662 517 2727 ἐκόλαζον
551 2668 678 2729 τοὺς
731 2669 1079 2741 κακούργους
1107 2676 1158 2727 oi
1188 2674 1363 2745 νόμοι,
1393 2677 1587 2742 οἵτινες
1614 2680 1748 2733 πολ-

156 2753 315 2819 λάκις
348 2758 409 2809 ού
443 2759 542 2829 τὴν
589 2763 789 2832 πρᾶξιν
823 2767 1116 2823 σκοποῦσιν
1142 2809 1161 2834 ,
1192 2771 1327 2825 ἀλλά
1355 2773 1457 2845 τὴν
1506 2774 1748 2831 διάθεσιν

153 2844 249 2898 τοῦ
273 2848 581 2918 πράξαντος
603 2854 949 2921 ἐξετάζουσιν
968 2877 984 2893 ν
1022 2856 1135 2915 οἷον
1156 2862 1350 2935 ἔρριψε
1373 2844 1457 2929 τις
1480 2865 1634 2931 ξύλον
1653 2867 1749 2923 καὶ⁵

151 2937 306 2993 ἄκων
338 2942 517 2998 ἀνεῖλέ
546 2963 687 3011 τινα,
723 2950 784 3003 οὑ
820 2951 1066 3022 κρίνουσι
1097 2955 1257 3024 φόνου
1302 2958 1394 3012 τὸν
1427 2960 1744 3032 ἐργασάμε-

150 3046 279 3124 νονέ
326 3034 495 3106 ἐμίγη
533 3054 617 3101 τις
647 3039 798 3094 ἄκων
830 3042 1088 3117 ἀλλοτρίᾳ
1137 3049 1245 3101 τιν)⁵
1290 3051 1538 3117 γυναικὶ,
1569 3052 1747 3124 εὑρὼν

150 3121 325 3193 αὐτὴν
357 3127 448 3180 ἐπὶ
480 3129 669 3201 κλίνης
717 3133 883 3188 αὑτοῦ
932 3140 1307 3209 κοιμωμένην,
1335 3141 1412 3205 ὡς
1443 3147 1509 3214 τῇ
1545 3121 1743 3200 ἑαυτοῦ

153 3216 488 3289 μιγνύμενος
515 3228 755 3296 γαμετῇ,
788 3228 1088 3284 ἀπολύουσι
1125 3233 1314 3303 μοιχὸν
1362 3233 1455 3287 τὸν
1503 3252 1745 3307 κατηγο-

153 3308 437 3379 ρούμενον,
473 3316 521 3368 εί
551 3316 712 3371 τοῦτο
740 3318 1000 3393 δειχθείη.

238 3401 557 3476 Ἀπόκριναι
586 3407 644 3461 δέ
684 3427 798 3479 μοι,
830 3412 918 3467 διά
946 3415 998 3468 τί
1041 3417 1134 3470 τὸν
1167 3418 1316 3490 ἥλιον
1351 3427 1738 3492 προσκυνεῖτε;

218 3493 293 3546 Μ.
324 3495 448 3548 Ὅτι
466 3500 693 3571 φωστήρ
718 3502 835 3557 ἐστι
863 3503 958 3558 τοῦ
994 3508 1225 3580 κόσμου,
1256 3511 1352 3566 τοῦ
1377 3514 1586 3583 ἀγαθοῦ
1606 3516 1742 3572 Θεοῦ

146 3585 423 3657 γέννημα.

216 3676 284 3734 0.
326 3680 496 3753 Σῶμά
530 3685 679 3740 ἐστιν
708 3687 740 3759 ἢ
776 3688 1100 3762 ἀσώματος;

218 3772 296 3826 Μ.
333 3772 391 3827 ’A
399 3773 671 3846 σώματος.

218 3863 281 3919 0.
327 3865 453 3930 Πῶς
492 3868 522 3921 6
554 3868 847 3942 ἀσώματος
893 3879 1223 3946 σωματικῶς
1252 3883 1490 3952 ὁρᾶταις
1536 3886 1605 3940 τὰ
1642 3890 1741 3959 μὲν

143 3957 257 4049 γὰρ
287 3958 557 4030 ἀσώματα
582 3964 789 4034 νοητῶς
814 3965 1104 4041 θεωρεῖται
1125 3988 1139 4001 ο
1168 3975 1196 4025 6
1217 3973 1273 4027 δὲ
1292 3975 1444 4046 ἥλιος
1466 3957 1739 4049 αἰσθητῶς

142 4048 470 4121 ὀφθαλμοῖς,
503 4056 597 4107 καλ⁸
634 4063 1035 4128 περιγραπτοῖς
1077 4063 1296 4135 σώμασι
1326 4069 1741 4141 καταλαμϐάνει

142 4157 271 4194 ται·
322 4143 499 4207 ἄλλως
533 4147 595 4200 τέ
629 4148 747 4203 ἐστί
795 4168 848 4204 τι
898 4152 1010 4208 τῶν
1058 4155 1367 4226 ἀσωμάτων
1419 4163 1739 4232 σωματικὰς

144 4233 271 4303 ἔχον
297 4236 618 4309 ποιότητας;

216 4328 293 4380 Μ.
337 4329 412 4380 Οὑ
447 4330 678 4400 νομίζω.

216 4422 280 4476 0.
322 4421 479 4476 Ἀλλά
513 4426 621 4497 μὴν
667 4427 696 4480 6
737 4428 889 4500 ἥλιος
924 4435 1248 4502 σωματικὰς
1279 4435 1393 4507 ἔχει
1422 4441 1734 4512 ποιότητας,

144 4513 353 4581 θερμός
381 4531 441 4567 τε
474 4517 584 4587 γάρ
632 4519 749 4573 ἐστι
791 4521 886 4575 καὶ
935 4522 1133 4596 ξηρός·
1164 4518 1327 4582 αὗται
1371 4529 1427 4583 δὲ
1470 4533 1738 4602 σωμάτιον

1857 670 2076 715 nonest
2109 678 2239 732 ergo
2282 668 2535 734 corporis
2582 678 2781 723 natura
2825 673 2989 735 mala,
3034 671 3113 726 uti
3152 688 3252 728 vos
3301 689 3434 729 cnn-

1859 751 2107 817 tenditis,
2140 754 2236 823 qui
2269 769 2472 826 corpus
2505 759 2560 813 in
2598 762 2867 816 mularum
2896 778 3081 818 rerum
3113 764 3295 820 classe
3322 772 3439 820 sta-

1857 843 2033 898 tuitis.
2065 844 2177 899 Cur
2211 854 2392 901 autem
2436 858 2514 916 tu,
2551 868 2673 921 qua:
2721 854 2862 907 mala
2893 856 2947 908 in
2995 857 3323 927 corporibus
3351 856 3435 928 ju-

1857 937 2032 1002 dicas,
2068 942 2463 1010 contempleris
2496 957 2548 997 et
2581 946 2811 1009 recitas,
2854 947 2997 1001 bona
3025 957 3212 1003 autem
3248 967 3314 1004 ex
3352 952 3437 1007 his

1858 1029 2135 1083 manantia
2161 1030 2481 1088 dissimulas
2502 1034 2525 1088 ?
2545 1033 2675 1089 Nam
2704 1037 2887 1105 primo
2907 1039 3130 1108 quidem
3168 1040 3438 1097 fructibus

1856 1132 1921 1172 ex
1966 1126 2113 1173 terra
2154 1122 2519 1191 suppeditatis
2570 1130 2854 1181 nutrimur
2894 1138 2949 1184 et
3000 1145 3435 1188 conservamur:

1856 1208 2134 1279 lapidibus
2177 1226 2242 1265 ac
2286 1213 2448 1282 lignis
2485 1216 2630 1272 mdes
2676 1223 3078 1285 construimus,
3126 1225 3333 1293 quibus
3369 1225 3438 1279 ab

1856 1300 2033 1357 imbre
2061 1311 2117 1358 et
2149 1304 2355 1375 frigore
2391 1311 2756 1380 protegimur,
2789 1312 2887 1368 sed
2918 1323 2973 1370 et
3003 1316 3259 1370 ardorem
3305 1319 3440 1373 solis

1854 1390 2121 1457 vitamus,
2150 1409 2316 1464 quem
2353 1402 2410 1449 tu
2463 1398 2723 1455 deificare
2761 1417 2871 1457 non
2915 1405 3241 1461 erubescis:
3290 1405 3439 1461 ferro

1856 1494 2037 1539 autem
2091 1501 2198 1540 non
2252 1491 2638 1555 tantummodo
2684 1501 2887 1548 terram
2937 1510 3182 1562 aramus,
3244 1512 3435 1553 verum

1853 1577 2019 1631 etiam
2058 1578 2336 1635 irruentes
2387 1582 2576 1638 hostes
2613 1586 3025 1655 propulsamus.
3069 1589 3183 1658 Age
3215 1604 3348 1644 vero
3388 1591 3436 1645 si

1854 1668 1939 1724 his
1969 1670 2282 1737 convictus,
2312 1673 2670 1732 nihilominus
2703 1685 2921 1746 perstas
2948 1681 3302 1748 putredinem
3367 1696 3432 1735 ac

1856 1759 2086 1817 fetorem
2132 1763 2453 1832 objiciens;
2501 1784 2569 1821 an
2607 1769 2849 1839 ignoras,
2902 1785 2965 1826 ea
3008 1786 3131 1842 quae
3188 1773 3436 1828 animum

1855 1851 2119 1917 alliciunt,
2154 1857 2438 1925 putredini
2478 1859 2656 1914 multo
2694 1862 2869 1933 magis
2895 1877 2959 1919 ac
2992 1863 3154 1919 fetori
3183 1879 3305 1920 esse
3340 1866 3440 1919 ob-

1854 1946 2262 2017 noxia?Atqui
2308 1948 2365 2004 in
2407 1952 2685 2005 sententia
2737 1961 2947 2017 vestra,
2990 1954 3121 2010 boni
3162 1954 3256 2011 Dei
3302 1956 3437 2011 sub-

1853 2036 2060 2090 stantia
2091 2045 2179 2092 est
2223 2039 2449 2095 anima:
2494 2056 2625 2111 ergo
2681 2042 2860 2100 bonus
2914 2042 3060 2101 Deus
3112 2062 3283 2103 causa
3333 2046 3439 2102 erit

1854 2123 2079 2190 borum,
2128 2141 2253 2196 quae
2296 2136 2546 2198 reputas,
2594 2131 2865 2187 malorum
2898 2134 3209 2204 putredinis
3246 2150 3311 2190 ac
3356 2134 3437 2190 fe-

1853 2217 2019 2273 toris.

1922 2308 1995 2364 M.
2035 2310 2093 2365 Si
2133 2312 2278 2366 mala
2311 2312 2366 2367 in
2407 2315 2616 2370 mundo
2660 2330 2772 2370 non
2809 2326 2963 2385 sunt,
3015 2334 3118 2374 cur
3169 2320 3318 2390 leges
3372 2335 3438 2376 ea

1850 2402 2135 2473 puniunt?

1924 2488 1988 2545 0.
2023 2488 2140 2546 Hoc
2188 2492 2428 2548 maxime
2469 2503 2617 2548 tuam
2657 2497 2910 2567 coarguit
2955 2498 3269 2556 insaniam:
3306 2514 3435 2555 nam

1848 2581 1959 2637 nisi
1993 2583 2173 2637 nostri
2197 2585 2418 2642 arbitrii
2446 2594 2594 2643 esset
2617 2589 2761 2642 male
2786 2589 2872 2643 vel
2902 2589 3043 2646 bene
3072 2606 3257 2661 agere,
3287 2592 3433 2647 haud

1855 2676 2017 2747 108
2045 2692 2179 2733 sane
2231 2680 2495 2749 punircnt
2553 2681 2830 2737 maleficos
2900 2682 3069 2753 leges,
3112 2698 3237 2752 quae
3291 2698 3436 2754 saepe

1850 2768 1997 2824 haud
2028 2779 2216 2827 actum
2250 2782 2528 2844 spectant,
2560 2775 2656 2830 sed
2682 2776 2895 2847 agentis
2932 2778 3283 2848 propositum
3314 2777 3434 2833 dis-

1848 2863 2079 2935 quirunt
2104 2882 2118 2919 :
2143 2866 2337 2931 veluti,
2364 2868 2574 2936 lignum
2619 2869 2744 2939 quis
2766 2869 2918 2938 jecit,
2944 2879 2995 2925 et
3021 2870 3229 2925 invitus
3258 2870 3435 2924 homi-

1850 2972 1973 3012 nem
2008 2958 2249 3027 occidit;
2300 2976 2410 3014 non
2454 2960 2720 3015 damnant
2762 2962 2930 3018 caadis
2972 2963 3123 3033 leges
3169 2978 3297 3017 eum
3338 2964 3431 3034 qui

1847 3047 2001 3104 fecit.
2036 3049 2234 3107 Mistus
2297 3060 2384 3108 est
2414 3054 2617 3123 aliquis
2650 3052 2846 3109 alienae
2877 3056 3123 3121 mulieri,
3156 3071 3322 3126 quam
3366 3057 3421 3110 in

1847 3155 1949 3196 suo
1974 3142 2179 3199 lectulo
2221 3144 2503 3201 inventam
2540 3148 2756 3217 putavit
2805 3163 2932 3204 esse
2972 3150 3254 3219 propriam
3295 3164 3433 3203 uxo-

1846 3247 2001 3291 rem:
2040 3235 2337 3290 absolvunt
2376 3252 2498 3291 eum
2528 3237 2783 3294 adulterii
2807 3238 3042 3295 crimine
3061 3239 3231 3311 leges,
3264 3240 3309 3294 si
3343 3255 3432 3295 res

1851 3325 2293 3385 demonstretur.

1919 3416 2196 3477 Praeterea
2226 3425 2501 3496 responde
2531 3427 2694 3492 mihi,
2733 3443 2836 3484 cur
2869 3429 3039 3485 solem
3077 3429 3367 3485 adoretis?

1920 3514 1992 3570 Μ.
2029 3513 2169 3580 Quia
2199 3514 2475 3575 luminare
2514 3521 2706 3577 mundi
2741 3532 2849 3585 est,
2884 3522 3013 3577 boni
3042 3520 3132 3577 Dei
3152 3523 3427 3594 genitura.

1920 3692 1986 3749 Ο.
2021 3694 2414 3765 Corporeusue
2436 3711 2544 3763 est,
2569 3715 2637 3756 an
2672 3701 3035 3774 incorporeus
3055 3702 3081 3755 ἲ

1922 3784 1992 3841 Μ.
2029 3784 2421 3859 lncorporeus.

1921 3876 1986 3931 Ο.
2021 3878 2311 3945 Quomodo
2347 3881 2716 3954 incorporeus
2746 3883 3111 3954 corporaliter
3138 3882 3431 3939 cernitur?

1847 3967 2099 4039 Namque
2153 3971 2485 4042 incorporea
2526 3984 2711 4031 mente
2754 3977 3222 4045 contemplamur,
3257 3973 3427 4030 solem

1848 4061 2191 4117 sensibiliter
2239 4065 2421 4121 oculis
2478 4075 2534 4121 et
2589 4067 3034 4140 circumscriptis
3096 4066 3430 4137 corporibus

1846 4153 2387 4221 comprehendimus.
2422 4154 2633 4211 Praeter
2666 4174 2833 4228 quam
2862 4157 3009 4229 quod
3041 4167 3202 4214 estne
3220 4157 3429 4229 aliquid

1847 4244 2232 4314 incorporeum
2262 4262 2388 4301 cum
2415 4250 2704 4318 corporeis
2728 4250 3099 4321 qualitatibus
3124 4250 3148 4303 ἲ

1919 4334 1965 4388 Μ
1977 4377 1991 4390 .
2023 4335 2139 4390 Non
2176 4347 2334 4407 puto.

1919 4425 1985 4481 0.
2026 4427 2193 4497 Atqui
2245 4429 2326 4483 sol
2370 4443 2672 4499 corporeus
2741 4430 2907 4485 habet
2967 4432 3304 4500 qualitates;
3339 4441 3424 4486 est

1846 4519 1993 4572 enim
2023 4519 2237 4575 calidus
2273 4521 2600 4591 aridusque,
2629 4538 2751 4593 qua:
2783 4530 2916 4579 sunt
2949 4538 3243 4594 corporum
3289 4538 3425 4594 qua-

145 4606 467 4676 ποιότητες·
498 4610 658 4680 σῶμα
689 4612 800 4682 ἄρα
828 4615 946 4668 ἐστὶ
979 4618 1073 4671 καὶ
1104 4619 1132 4670 6
1165 4617 1337 4690 ἥλιος.
1369 4623 1494 4686 Πῶς
1535 4624 1593 4678 δὲ
1637 4626 1739 4680 οὑκ

1858 4611 2027 4666 litates
2056 4631 2068 4667 :
2099 4620 2185 4668 est
2219 4613 2388 4682 igitur
2430 4629 2634 4684 corpus
2682 4615 2787 4671 sol.
2837 4614 2950 4669 Cur
2992 4629 3124 4670 vero
3165 4630 3277 4669 non
3330 4629 3427 4670 vos

143 4697 440 4770 ἑρυθριᾶτε
475 4700 727 4768 σέϐοντες
770 4704 830 4759 ὃν
880 4712 1060 4779 μισεῖν
1093 4710 1356 4781 ὠφείλετε
1390 4716 1466 4781 ὡς
1497 4718 1740 4772 ἐναντίον

143 4790 411 4846 ποιοῦντα
437 4794 533 4847 τοῦ
566 4795 843 4867 δόγματος
879 4800 1068 4871 ὑμῶν;

217 4884 296 4938 Μ.
340 4884 438 4939 Διά
465 4886 519 4938 τί
547 4888 824 4955 ἑναντίονς

217 4980 281 5030 0.
310 4976 435 5030 Ὅτι
473 4978 540 5032 τά
577 4980 827 5051 σώματα,
859 4982 895 5037 ἀ
921 4985 1021 5055 τῆς
1059 4989 1260 5053 κακίας
1297 4992 1457 5062 ὑμεῖς
1486 4988 1626 5049 εἶναι
1653 4994 1743 5049 λέ-

142 5085 298 5136 γετε,
339 5070 528 5141 τρέφει
572 5089 632 5125 τε
673 5074 771 5127 καὶ
816 5081 1126 5147 συγκροτεῖ.
1166 5081 1277 5134 Καὶ
1310 5082 1524 5149 τούτοις
1567 5086 1742 5150 οὐδεὶς

142 5159 385 5230 ἀντερεῖ,
416 5160 490 5231 μὴ
536 5164 601 5233 τῇ
636 5163 803 5236 πείρᾳ
853 5167 1185 5238 μαχόμενος.
1215 5172 1353 5225 Εἰπὲ
1400 5174 1459 5228 δέ
1510 5192 1600 5246 μοι
1646 5177 1744 5232 καὶ

143 5251 328 5317 τοῦτο,
360 5252 547 5323 κρίσιν
579 5254 895 5324 ὀμολογεῖς;

220 5343 297 5397 Μ.
343 5343 473 5398 Ναί.

218 5436 282 5489 0.
324 5436 422 5499 Τίς
448 5438 476 5489 6
501 5438 724 5508 κρίνων,
760 5441 857 5494 καὶ
884 5441 970 5506 τίς
1004 5443 1034 5495 6
1068 5444 1422 5516 κρινόμενος;

221 5525 301 5581 Μ.
341 5526 536 5597 Κρίνει
585 5528 686 5599 μὲν
726 5532 754 5584 6
782 5530 1010 5600 ἀγαθὸς,
1040 5533 1289 5606 κρίνεται
1314 5535 1372 5590 δὲ
1410 5538 1442 5607 ὴ
1488 5537 1744 5610 ἁμαρτή-

150 5634 301 5674 σασα
336 5621 488 5673 πᾶσα
520 5621 690 5694 ψυχή.

225 5708 289 5764 0.
331 5709 472 5763 Ἀλλ’
500 5711 695 5766 ἑαυτὸν
730 5714 1131 5786 ἀμαρτήσαντα
1155 5717 1400 5783 κολάζων
1429 5720 1744 5791 εὑρίσκεται

144 5803 177 5855 6
202 5800 357 5867 Θεὸς,
383 5800 544 5874 εῐπερ
574 5805 639 5858 ὲκ
657 5803 756 5874 τῆς
783 5805 968 5869 οὐσίας
994 5807 1168 5877 αὑτῆς
1198 5810 1344 5863 ἐστιν
1381 5812 1415 5881 ἡ
1450 5811 1745 5883 κρινομένη

145 5894 332 5968 ψυχή·
379 5895 498 5961 πῶς
532 5896 591 5952 δὲ
622 5898 1012 5971 κατακρίνεται
1046 5904 1080 5974 ἡ
1112 5903 1185 5976 μὴ
1216 5903 1478 5969 ἑκουσίως
1502 5907 1743 5976 ἐργασα-

1846 4703 2013 4773 pudet
2045 4704 2279 4759 adorare
2306 4721 2433 4760 eum
2470 4722 2634 4776 quem
2661 4708 2849 4763 odisse
2879 4707 3119 4772 debetis,
3162 4706 3291 4777 quia
3333 4721 3428 4761 ve-

1843 4801 1963 4850 stro
1995 4794 2236 4865 dogmati
2267 4797 2552 4851 contraria
2578 4795 2755 4852 facit?

1917 4886 1988 4941 Μ.
2022 4888 2134 4942 Cur
2163 4889 2449 4944 contraria
2468 4890 2499 4942 ?

1913 4976 1980 5032 0.
2016 4976 2154 5045 Quia
2187 4994 2447 5049 corpora,
2483 4996 2605 5050 quae
2646 4996 2744 5036 vos
2785 4980 3022 5036 malitiae
3048 4995 3176 5037 esse
3216 4976 3426 5041 dicitis,

1842 5069 2018 5123 nutrit
2062 5081 2118 5124 et
2155 5071 2484 5141 compingit.
2519 5071 2699 5140 Atque
2744 5070 2833 5125 his
2880 5084 3043 5125 nemo
3071 5069 3424 5133 contradicit,

1842 5162 1976 5230 quin
2016 5162 2094 5217 rei
2133 5171 2372 5233 expertae
2413 5171 2702 5233 repugnet.
2749 5161 2865 5218 Hoc
2908 5162 3079 5218 etiam
3110 5162 3243 5217 mibi
3289 5163 3423 5218 dic:

1840 5254 2115 5324 judicium
2145 5256 2264 5310 fore
2291 5255 2612 5310 confiteris?

1917 5346 1991 5400 Μ.
2022 5346 2311 5416 Equidem.

1916 5438 1979 5496 0.
2021 5440 2156 5506 Quis
2178 5439 2374 5508 judex,
2404 5449 2460 5496 et
2488 5440 2617 5511 quis
2646 5438 2934 5511 judicatus
2964 5439 2987 5493 ?

1922 5534 1991 5589 Μ.
2023 5533 2246 5590 Judicat
2271 5535 2454 5591 bonus
2480 5534 2647 5600 Deus,
2672 5534 2959 5605 iudicatur
2986 5532 3197 5605 quaevis
3239 5532 3421 5588 anima

1848 5627 2152 5699 peccatrix.

1919 5720 1985 5776 0.
2010 5721 2177 5791 Atqui
2214 5719 2459 5790 seipsum
2498 5727 2821 5791 peccantem
2858 5719 3231 5790 comperietur
3284 5719 3428 5775 Deus

1848 5812 2067 5884 punire,
2099 5812 2147 5867 si
2187 5819 2339 5867 certe
2369 5826 2437 5867 ex
2459 5811 2650 5868 eadem
2679 5810 2999 5867 substantia
3024 5819 3109 5867 est
3136 5824 3258 5880 qua;
3280 5805 3423 5878 judi-

1846 5914 2008 5961 catur
2031 5904 2239 5958 anima.
2272 5902 2387 5960 Cur
2414 5918 2544 5960 vero
2568 5902 2993 5968 condemnatur,
3024 5916 3148 5972 qum
3172 5898 3418 5956 involun-
