4026 6416
604 430 733 498 i331

2050 436 2303 497 ADDEN
2312 439 2405 499 DA
2418 487 2429 499 .

3726 435 3839 502 1333

602 547 741 600 taria
773 546 975 601 malum
1014 555 1241 619 operata
1286 548 1408 605 est?
1448 547 1665 604 Etenim
1709 547 2043 604 necessitate.
2084 562 2181 601 na-

2285 549 2418 619 μένη
2449 548 2512 601 τὸ
2545 550 2817 622 πονηρόνς
2864 550 3110 624 ’Δνάγκῃ
3137 549 3248 619 γὰρ
3283 546 3504 618 φύσεως
3536 546 3628 600 καί
3669 564 3837 619 προαι-

603 652 760 705 turaa,
787 653 897 695 non
928 641 1214 697 voluntate
1235 639 1349 695 fieri
1373 625 1515 695 mala
1540 640 1748 695 dicitis.
1781 638 1886 695 Sed
1918 640 2181 709 quoniam

601 733 716 787 duo
739 732 1013 803 principia
1045 748 1170 788 esse
1201 732 1411 797 dicitis,
1441 732 1613 788 Deum
1656 748 1720 787 ac
1751 733 2037 788 materiam
2077 747 2091 796 ;
2134 742 2187 785 et

607 824 776 879 Deum
810 825 1037 894 quidem
1072 827 1305 892 bonum,
1336 826 1626 881 materiam
1661 825 1859 879 malam
1896 840 1911 889 ;
1950 833 2003 879 et
2039 822 2182 878 utri-

603 932 712 985 que
758 925 970 972 naturae
1005 929 1325 988 separatum
1376 920 1773 989 prepriumque
1808 918 1991 972 locum
2041 914 2186 970 assi-

603 1022 775 1076 gnare
804 1008 1042 1071 audetis,
1062 1017 1115 1063 et
1140 1009 1279 1065 alias
1313 1010 1399 1065 his
1421 1010 1752 1065 connectitis
1782 1008 2016 1073 fabulas,
2035 1006 2184 1077 quod

605 1112 805 1168 nempe
842 1099 1097 1163 materia,
1136 1099 1259 1153 luce
1284 1099 1376 1154 Dei
1410 1102 1547 1164 visa,
1585 1114 1773 1153 amore
1799 1098 2073 1154 exarserit
2102 1105 2185 1149 at-

603 1203 714 1258 que
739 1189 806 1242 ad
850 1190 1000 1243 illam
1039 1191 1389 1255 accurrerit,
1437 1205 1603 1259 quam
1647 1188 1788 1245 Deus
1827 1204 2062 1244 cernens
2115 1187 2182 1242 ad

604 1291 881 1335 certamen
944 1292 1239 1352 paratam,
1286 1282 1615 1337 substantiae
1668 1282 1907 1352 prepriaa
1967 1289 2183 1352 partem

604 1371 902 1426 dissectam
971 1373 1050 1428 illi
1102 1372 1405 1443 injecerit;
1452 1389 1559 1442 qua
1618 1382 1864 1442 recepta,
1949 1386 2184 1442 corpora

604 1470 806 1517 cuncta
830 1465 1292 1534 genuitmateria;
1325 1465 1586 1535 quoniam
1615 1465 1789 1535 igitur
1823 1464 1941 1519 haec
1971 1465 2181 1529 dicitis,

604 1550 997 1608 refutationem
1034 1555 1261 1610 brevem
1304 1555 1624 1610 eorumdem
1666 1554 1958 1610 faciemus.
1999 1553 2183 1609 Primo

602 1643 773 1714 igitur
817 1644 1205 1714 perpendenda
1255 1653 1340 1701 est
1384 1646 1563 1709 actio,
1616 1656 1802 1700 utrum
1866 1660 2185 1701 consonans

602 1751 1027 1807 congruensquc
1057 1736 1131 1791 sit
1163 1737 1255 1792 Dei
1288 1734 1540 1793 naturae:
1568 1738 1765 1793 deinde
1795 1739 2033 1792 actionis
2058 1753 2183 1792 sco-

603 1839 742 1893 pus:
778 1823 1017 1894 denique
1054 1823 1199 1880 linis.
1236 1824 1538 1881 Videamus
1592 1826 1780 1897 itaque
1811 1826 1865 1879 in
1901 1826 2012 1880 Deo
2070 1826 2182 1896 pri-

2289 640 2436 710 ρέσει
2456 641 2707 710 γίνεσθαί
2740 660 2877 713 φατε
2906 644 2975 697 τὰ
3001 642 3179 697 κακά’
3213 640 3330 695 ἀλλ’
3360 639 3551 708 ἐπειδὴ
3579 638 3668 691 δύο
3691 640 3839 709 ἀρχὰς

2285 728 2427 787 εἷναί
2456 752 2593 803 φατε
2628 736 2782 799 Θεὸν,
2811 737 2907 790 καὶ
2932 736 3089 807 ὓλην,
3113 736 3209 789 καὶ
3239 733 3332 787 τὸν
3366 733 3470 803 μὲν
3497 730 3627 785 Θεὸν
3646 732 3839 800 ἀγαθὸν,

2282 827 2381 897 τὴν
2406 827 2463 880 δὲ
2495 828 2630 899 ὕλην
2658 829 2924 900 πονηρὰν,
2951 828 3046 881 καὶ
3080 827 3289 896 ἑκάστῃ
3323 825 3489 894 φύσει
3528 827 3841 895 κεχωρισμέ-

2284 935 2373 971 νον
2404 919 2499 971 καὶ
2526 918 2799 982 ἰδιάζοντα
2827 920 2994 973 τόπον
3027 916 3314 987 ἀφορίζειν
3344 912 3608 983 τολμᾶτε,
3638 914 3723 965 καὶ
3740 913 3840 965 tti-

2288 1028 2413 1084 ρους
2436 1012 2493 1065 δὲ
2521 1012 2730 1077 τούτοις
2753 1012 3151 1067 ἐπισυνάπτετε
3179 1010 3410 1081 μύθους,
3436 1010 3522 1061 ὅτι
3550 1007 3843 1079 θεωρήσασα

2284 1105 2316 1173 ἡ
2353 1103 2454 1172 om
2477 1104 2538 1157 τὸ
2563 1104 2679 1174 φῶς
2702 1104 2797 1159 τοῦ
2830 1104 2989 1170 Θεοῦ,
3014 1105 3099 1168 εἰς
3130 1103 3311 1175 ἔρωτα
3341 1097 3497 1172 ἦλθε,
3522 1101 3618 1153 καὶ
3646 1099 3842 1170 ὥρμησε

2284 1195 2421 1267 πρὸς
2455 1196 2514 1249 τὸ
2544 1196 2689 1266 φῶς·
2720 1197 2788 1268 ἣν
2819 1197 2947 1252 ἰδὼν
2988 1197 3019 1249 6
3063 1195 3269 1264 ἀγαθὸς
3301 1194 3437 1255 Θεὸς
3465 1192 3607 1265 πρὸς
3637 1192 3843 1261 πόλεμον

2284 1286 2869 1360 παρασκευαζομένην,
2891 1288 2996 1356 τῆς
3025 1288 3234 1350 οἰκείας
3261 1285 3455 1350 οὐσίας
3485 1285 3653 1355 μέρος
3677 1284 3843 1336 ams-

2287 1381 2425 1451 μὼν,
2472 1380 2707 1435 ἐπέόαλε
2735 1380 2908 1452 ταύτῃ
2930 1398 2946 1414 ο
2977 1383 3011 1452 ἡ
3046 1380 3104 1433 δέ
3138 1379 3379 1433 λαϐοῦσα
3414 1378 3670 1447 ἐγέννησε
3694 1376 3844 1429 πάντα

2284 1472 2352 1527 τὰ
2387 1472 2648 1543 σώματα·
2686 1474 2809 1527 ἐπεὶ
2851 1470 2943 1527 οὖν
2980 1472 3156 1527 ταῦτά
3206 1488 3367 1539 φατε,
3396 1469 3709 1538 ἀνατροπὴν
3743 1468 3844 1519 τού-

2283 1580 2393 1617 των
2443 1564 2709 1634 σύντομον
2750 1563 3112 1634 ποιησόμεθα.
3146 1562 3374 1634 Πρῶτον
3423 1556 3519 1614 οὖν
3564 1557 3845 1623 ἐξεταστέον

2283 1660 2381 1728 τὴν
2417 1657 2639 1728 πρᾶξιν,
2668 1658 2718 1710 εἰ
2752 1658 3103 1728 ἁρμόττουσα
3129 1658 3223 1709 καὶ
3266 1653 3615 1723 κατάλληλός
3650 1653 3756 1704 ἐστι
3789 1655 3843 1719 τῇ

2285 1751 2445 1821 φύσει
2473 1751 2569 1804 τοῦ
2601 1750 2737 1805 Θεοῦ
2759 1768 2773 1783 ·
2811 1747 2930 1806 εἶτα
2955 1751 3058 1821 τῆς
3090 1751 3341 1822 πράξεως
3369 1748 3463 1802 τὸν
3492 1748 3723 1800 σκοπόνο
3744 1742 3845 1799 εἶτα

2283 1841 2344 1895 τὸ
2387 1840 2557 1903 τέλος.
2594 1840 2841 1910 Εῐδωμεν
2885 1840 3067 1893 τοίνυν
3114 1840 3207 1893 ἐπὶ
3237 1838 3377 1892 Θεοῦ
3422 1838 3658 1908 πρῶτον,
3685 1837 3728 1888 εί
3766 1838 3848 1905 ἀρ-

587 1930 775 1982 ιηιιιη,
809 1923 994 1970 utrum
1023 1916 1145 1986 ejus
1167 1926 1379 1973 naturae
1402 1927 1672 1990 congruat
1697 1917 1846 1988 quod
1881 1918 1995 1988 ipse
2028 1916 2180 1972 facit.

2288 1932 2472 2005 μόττει
2503 1936 2567 2004 τῇ
2598 1931 2693 1986 τοῦ
2719 1932 2852 1986 Θεοῦ
2892 1932 3051 2001 φύσει
3078 1931 3141 1986 τὸ
3175 1931 3421 2003 πραχθὲν
3453 1930 3546 1982 ὑπ’
3582 1927 3759 1982 αὐτοῦ.
3790 1928 3844 1979 Τί

602 2005 747 2073 Quid
775 2014 860 2064 est
908 2009 1214 2065 secundum
1272 2010 1365 2065 Dei
1420 2011 1723 2065 naturam?
1777 2011 1982 2083 Nempe
2016 2021 2073 2067 ut
2111 2012 2184 2067 sit

600 2104 909 2168 increalus,
938 2104 1403 2174 incorruptibilis,
1456 2107 1637 2164 bonus
1680 2115 1846 2179 atque
1888 2109 2080 2171 etiam,
2125 2118 2184 2162 ut

599 2210 700 2250 vos
730 2195 916 2251 dicitis
948 2196 1256 2265 Manichaei,
1317 2206 1379 2253 ut
1436 2199 1492 2254 in
1524 2200 1756 2270 proprio
1787 2200 1911 2255 loco
1937 2209 2176 2255 maneat.

599 2289 767 2358 Atqui
816 2290 987 2354 actio,
1032 2291 1085 2345 in
1130 2299 1318 2347 vestra
1369 2292 1699 2364 bypothesi.
1758 2296 2039 2348 contraria
2087 2293 2181 2347 Dei

598 2387 818 2434 natura
847 2389 1096 2450 apparet.
1132 2380 1185 2435 ls
1211 2382 1357 2436 enim
1388 2398 1811 2453 quaqueversus
1839 2398 1868 2435 a
1902 2382 2183 2453 praedictis

598 2470 1035 2527 damnificatur:
1084 2485 1261 2542 neque
1306 2472 1418 2542 jam
1474 2481 1662 2527 manet
1700 2487 1846 2527 unus
1905 2472 2183 2528 increatus

598 2560 797 2615 unicus
818 2560 911 2614 ille
941 2560 1104 2627 Deus,
1138 2578 1263 2617 cum
1297 2564 1352 2617 in
1380 2564 1512 2627 duo,
1535 2564 1647 2617 imo
1675 2574 1729 2619 et
1761 2564 1915 2634 plura
1935 2565 2181 2619 increata

596 2648 896 2704 dividatur.
935 2648 1124 2721 Neque
1149 2653 1512 2723 incorruptus
1555 2662 1830 2719 remanet,
1866 2661 2056 2724 utpote
2098 2654 2182 2708 di-

594 2746 774 2829 visus.
811 2747 1042 2818 Insuper
1066 2764 1135 2804 ne
1157 2749 1339 2804 bonus
1367 2748 1591 2819 quidem
1629 2768 1644 2805 :
1707 2749 1987 2820 quomodo
2036 2750 2182 2805 enim

597 2836 779 2892 bonus
802 2838 897 2901 sit,
930 2838 1023 2907 qui
1054 2838 1300 2908 seipsum
1355 2840 1574 2905 odiens,
1621 2850 1836 2911 partem
1880 2840 1969 2895 sui
2004 2840 2186 2894 hosti-

599 2927 703 2982 bus
733 2928 952 2996 prodit?
984 2927 1199 2984 Rursus
1241 2929 1522 3000 quomodo
1571 2930 1645 2984 sit
1682 2932 1883 2995 bonus,
1919 2929 2051 2985 dum
2097 2947 2182 2987 se-

597 3018 780 3088 ipsnm
813 3019 1031 3090 quidem
1089 3021 1290 3076 liberat
1333 3022 1384 3076 in
1433 3022 1627 3076 mundi
1676 3020 1915 3089 factura,
1961 3037 2185 3077 verum-

598 3122 785 3170 tamen
819 3115 886 3170 ad
914 3116 991 3171 rei
1033 3117 1196 3173 facta:
1235 3118 1539 3188 perniciem
1564 3117 1619 3173 id
1644 3118 1846 3175 eﬂicit?
1868 3117 1977 3175 Sed
2003 3135 2184 3187 neque

598 3212 821 3282 proprio
851 3211 907 3266 in
944 3212 1068 3268 loco
1100 3228 1335 3283 prorsus
1363 3214 1638 3285 perstitit;
1670 3214 1873 3270 etenim
1902 3230 2032 3284 pars
2057 3215 2183 3285 ejus

597 3309 666 3363 ad
699 3310 946 3364 materiae
966 3309 1150 3365 locum
1169 3310 1491 3366 transilivit.
1509 3309 1765 3367 Secundo
1786 3312 1910 3367 loco
1929 3327 2181 3383 quaeren-

596 3406 727 3460 dum
762 3416 871 3468 est,
899 3415 1082 3461 utrum
1122 3407 1472 3463 actiotendat
1500 3407 1568 3462 ad
1597 3424 1824 3479 scopum
1849 3427 1863 3464 :
1885 3425 2011 3463 nam
2027 3418 2181 3466 certe

598 3512 749 3575 patet
783 3519 895 3559 rem
914 3506 1125 3558 unitam
1158 3503 1443 3561 fortiorem
1479 3520 1604 3561 esse
1645 3506 1898 3576 partibus
1940 3508 2088 3571 suis;
2125 3518 2180 3564 et

601 3595 762 3665 109
776 3611 898 3649 eum
930 3595 1025 3666 qui
1057 3596 1112 3650 in
1137 3597 1359 3676 propria
1389 3606 1585 3651 natura
1604 3606 1837 3667 perstat,
1856 3598 2178 3655 validiorem

597 3686 692 3739 illo
720 3700 843 3739 esse
881 3684 974 3755 qui
1001 3700 1066 3740 ex
1101 3700 1201 3740 sua
1237 3695 1433 3740 natura
1462 3685 1630 3741 fuerit
1653 3686 2000 3743 demutatus:
2025 3687 2181 3742 deni-

597 3790 707 3844 que
730 3776 824 3843 qui
854 3776 1072 3844 propria
1112 3776 1167 3829 in
1193 3777 1325 3831 sede
1355 3786 1560 3839 manet,
1588 3776 1883 3833 firmiorem
1913 3779 2006 3833 illo
2033 3795 2178 3846 esse,

598 3865 693 3934 qui
722 3864 786 3918 ad
818 3866 981 3919 aliam
1008 3866 1307 3921 translatus
1339 3866 1525 3921 fuerit.
1550 3866 1691 3932 Quid
1714 3883 1848 3937 ergo
1876 3884 2179 3938 congruum

599 3956 1049 4027 conveniensque
1092 3972 1265 4027 scopo
1302 3958 1429 4013 est?
1457 3956 1663 4029 Nempe
1688 3960 1858 4014 robur
1894 3976 2054 4017 suum
2092 3976 2182 4025 po-

548 4032 549 4035 “
599 4049 715 4102 tius
743 4061 1098 4111 conservare,
1131 4062 1295 4117 quam
1342 4047 1704 4104 distrahendo
1737 4049 2011 4107 infirmius
2053 4052 2181 4107 red-

598 4140 753 4195 dere.
784 4138 1086 4196 Videamus
1148 4147 1202 4195 et
1254 4141 1499 4207 tertium,
1547 4149 1731 4197 utrum
1781 4159 1977 4213 nempe
2009 4160 2181 4214 scopo

598 4237 745 4288 actio
776 4233 1130 4303 respondeat.
1164 4232 1471 4299 Quamnam
1514 4234 1683 4301 igitur
1732 4234 1950 4289 finalem
2001 4237 2182 4291 vieto-

600 4325 694 4379 riae
745 4325 1038 4380 utilitatem
1068 4339 1192 4379 esse
1229 4325 1448 4380 dicitis?
1482 4326 1645 4380 Certe
1674 4334 1770 4379 aut
1802 4326 2062 4381 essentia:
2086 4325 2179 4380 Dei

599 4418 1082 4501 conservationem
1127 4432 1254 4473 esse
1300 4417 1523 4481 dicetis,
1557 4425 1652 4472 aut
1700 4433 1767 4472 ne
1800 4416 2023 4487 proprio
2057 4418 2180 4473 loco

600 4509 913 4573 decederet,
949 4516 1044 4563 aut
1071 4518 1131 4563 ut
1165 4507 1551 4564 destrueretur
1585 4510 1812 4563 materia
1849 4510 1930 4563 vel
1970 4510 2025 4563 in
2067 4526 2182 4565 meo

2282 2024 2464 2078 τοίνυν
2500 2025 2640 2078 κατὰ
2676 2023 2838 2095 φύσιν
2865 2025 2984 2079 ἐστὶ
3011 2024 3090 2095 τῷ
3117 2023 3236 2093 Θεῷ
3260 2040 3274 2088 ;
3312 2023 3569 2095 Δηλονότι
3598 2021 3659 2073 τὸ
3685 2021 3847 2089 ἀγένηο

2282 2135 2374 2171 τον
2405 2119 2499 2172 καὶ
2526 2119 2587 2172 τὸ
2615 2117 2915 2190 ἄφθαρτον,
2956 2119 3050 2171 καὶ
3078 2117 3139 2170 τὸ
3165 2118 3391 2187 ἀγαθὸν,
3431 2116 3526 2170 καί
3578 2114 3698 2169 καθ’
3728 2115 3846 2184 ὑμᾶς

2283 2211 2645 2280 Μανιχαίους,
2691 2211 2785 2264 καὶ
2806 2211 2864 2263 ἐν
2896 2209 2977 2280 τῷ
3020 2210 3210 2279 οἰκείῳ
3250 2212 3433 2279 μεῖναι
3473 2207 3845 2276 τόπῳ.Ἃλλ⁹ἡ

2284 2304 2485 2375 πρᾶξις
2514 2304 2655 2356 κατὰ
2692 2304 2791 2374 τὴν
2839 2302 2995 2372 ὑμῶν
3039 2301 3297 2355 ὑπόθεσιν
3329 2301 3552 2354 ἐναντία
3603 2301 3668 2369 τῇ
3712 2298 3847 2367 φύσει

2282 2397 2597 2450 δείκνυται·
2645 2397 2969 2468 λυμαίνεται
3016 2396 3125 2467 γὰρ
3175 2397 3313 2448 πᾶσι
3358 2396 3473 2458 τοῖς
3521 2393 3850 2464 εἰρημένοις·

2283 2490 2408 2545 οὔτε
2437 2491 2546 2561 γὰρ
2585 2485 2667 2553 εἷς
2699 2490 2965 2560 ἀγένητος
2994 2488 3240 2559 διαμένει
3283 2489 3312 2541 6
3358 2483 3442 2551 εἷς
3475 2485 3682 2554 ἀγαθὸς
3717 2482 3847 2549 Θεδς,

2283 2585 2412 2638 ὅταν
2462 2586 2540 2647 εἰς
2581 2584 2675 2637 δύο
2724 2582 2757 2653 ἢ
2812 2583 2907 2636 καὶ
2940 2582 3109 2635 πλείω
3138 2582 3381 2651 ἀγένητα
3425 2580 3699 2651 διαιρεθῇ.
3731 2578 3845 2631 Ούτε

2284 2675 2521 2745 ἀγαθός’
2575 2674 2677 2729 ποῦ
2712 2674 2820 2744 γὰρ
2855 2673 3061 2743 ἀγαθὸς
3094 2675 3123 2727 6
3149 2674 3345 2727 ἐαυτὸν
3374 2672 3670 2742 ἐχθράνας,
3696 2670 3724 2722 ό
3764 2670 3847 2741 μέ.

2287 2784 2381 2839 ρος
2406 2784 2458 2821 τι
2486 2765 2680 2821 ἐαυτοῦ
2714 2765 2942 2836 προδοὺς
2969 2768 3083 2828 τοῖς
3115 2764 3437 2835 πολεμίοις;
3486 2763 3597 2816 Ποῦ
3627 2764 3671 2817 δ’
3697 2763 3757 2816 ἂν
3778 2763 3848 2831 εἰη

2284 2856 2511 2926 ἀγαθὸς,
2547 2854 2740 2910 ἐαυτὸν
2792 2853 2892 2924 μὲν
2941 2855 3245 2927 ἐλευθερῶν
3283 2855 3374 2909 διὰ
3405 2857 3509 2926 τῆς
3538 2853 3639 2907 τοῦ
3664 2854 3847 2923 κόσμου

2286 2951 2579 3019 ποιήσεως,
2600 2942 2688 3002 ἐπ’
2718 2950 2926 3021 ὀλέθρῳ
2953 2948 3011 3001 δέ
3036 2948 3144 3001 τῶν
3170 2947 3695 3019 δημιουργηθέντων
3717 2945 3853 2999 τοῦτο

2284 3041 2492 3108 ποιῶνς
2527 3040 2641 3094 ἀλλ’
2671 3039 2797 3095 οὗτε
2824 3042 2882 3093 ἐν
2913 3040 3101 3110 οἰκείῳ
3120 3039 3273 3111 τόπῳ
3297 3038 3539 3109 διέμεινε
3566 3037 3850 3103 παντελῶς,

2287 3131 2559 3202 μετέπεσε
2597 3133 2707 3203 γὰρ
2751 3132 2917 3185 αὑτοῦ
2952 3132 3118 3203 μέρος
3145 3131 3239 3184 ἐπὶ
3268 3130 3364 3183 τὸν
3392 3132 3559 3182 τόπον
3585 3130 3690 3196 τῆς
3718 3128 3849 3199 ὕλης.

2285 3224 2551 3296 Δεύτερον
2580 3224 2840 3296 ζητητέον
2874 3226 2923 3278 εἰ
2966 3223 3045 3295 τῷ
3090 3222 3280 3293 σκοπῷ
3325 3222 3627 3285 ἀκόλουθός
3666 3220 3851 3289 ἐστινή

2289 3317 2509 3388 πρᾶξις.
2552 3318 2650 3381 Τίς
2696 3313 2789 3371 οὖν
2818 3320 2846 3371 6
2875 3316 3109 3383 σκοπός;
3162 3315 3333 3386 Δῆλον
3360 3315 3445 3369 ὅτι
3491 3315 3526 3384 ἡ
3564 3313 3691 3383 νίκη
3715 3328 3730 3344 ο
3758 3312 3853 3365 δεί-

2288 3427 2481 3463 κνυται
2508 3409 2565 3463 δέ
2591 3409 2689 3463 καὶ
2721 3411 2778 3462 ἐν
2804 3408 2885 3479 τῷ
2917 3407 3106 3479 σκοπῷ
3139 3406 3380 3463 ἐναντίον
3410 3405 3615 3475 ἔχουσα
3661 3407 3694 3475 ἡ
3731 3404 3853 3473 πρᾶ-

2286 3501 2408 3569 ξιςο
2457 3500 2619 3570 δῆλον
2670 3501 2779 3573 γὰρ
2825 3504 2908 3557 ὅτι
2954 3504 2983 3555 6
3026 3500 3340 3571 ἡνωμένος,
3373 3497 3471 3551 τοῦ
3527 3496 3852 3568 μερισθέντος

2292 3593 2670 3668 ἰσχυρότερος’
2702 3594 2797 3648 καὶ
2822 3596 2851 3648 6
2874 3594 3016 3648 κατά
3044 3593 3226 3661 φύσιν,
3253 3590 3347 3645 τοῦ
3374 3590 3529 3662 παρά
3559 3591 3722 3661 φύσιν
3738 3606 3851 3660 τρα-

2291 3686 2486 3750 πέντος
2522 3685 2923 3758 δυνατώτεροςο
2954 3685 3047 3740 καὶ
3088 3686 3117 3738 6
3144 3685 3203 3739 ὲν
3233 3682 3314 3755 τῷ
3346 3683 3460 3754 ἰδίῳ
3488 3683 3643 3754 τόπῳ
3674 3682 3849 3752 μένων,

2287 3778 2381 3832 τοῦ
2414 3779 2814 3850 μεταπεσόντος
2840 3782 2921 3842 εἰς
2946 3778 3132 3850 ἕτερον
3152 3776 3338 3830 τόπον.
3370 3777 3437 3830 Τί
3460 3776 3558 3829 οὖν
3582 3774 3851 3829 ἀκόλουθον

2286 3874 2384 3926 καὶ
2408 3872 2694 3942 πρεπῶδες
2713 3871 2792 3942 τῷ
2815 3870 3031 3941 σκοπῷς
3067 3871 3305 3941 τηρῆσαι
3346 3869 3549 3939 μᾶλλον
3570 3869 3671 3939 τὴν
3695 3865 3847 3936 ἰσχὺν.

2289 3964 2384 4017 καὶ
2408 3964 2482 4035 μὴ
2503 3966 2569 4035 τῇ
2595 3963 2877 4017 διαστάσει
2897 3961 3295 4030 ἀσθενεστέραν
3316 3960 3526 4031 ταύτην
3562 3963 3753 4014 ποιεῖν.
3772 3957 3849 4011 Εἰ-

2287 4051 2469 4124 δωμεν
2487 4053 2544 4106 δὲ
2568 4053 2662 4107 καὶ
2679 4052 2740 4106 τὸ
2757 4053 2944 4123 τρίτον
2963 4054 3013 4106 εἰ
3035 4051 3374 4122 κατάλληλος
3396 4052 3474 4122 τῷ
3501 4051 3650 4104 τέλει
3672 4052 3703 4121 ἡ
3731 4049 3852 4118 πρᾶ-

2290 4145 2392 4211 ξις.
2436 4145 2502 4198 Τί
2542 4139 2636 4198 οὖν
2672 4143 2734 4197 τὸ
2772 4145 2837 4197 ἐκ
2871 4146 2973 4215 τῆς
3006 4143 3163 4212 νίκης
3187 4141 3341 4205 τέλος
3364 4143 3543 4211 φατέ;
3582 4141 3742 4212 ἢγάρ
3765 4140 3851 4211 τὴν

2289 4234 2539 4306 φυλακὴν
2560 4235 2659 4306 τῆς
2692 4234 3007 4297 συστάσεως
3032 4233 3123 4288 τοῦ
3148 4233 3283 4287 Θεοῦ
3307 4235 3486 4305 ἐρεῖτε
3509 4230 3851 4301 παντελῶςλ

2287 4328 2388 4398 τὴν
2411 4325 2725 4395 ἐλευθερίαν
2748 4326 2780 4396 ἦ
2804 4325 2867 4379 τὸ
2888 4326 2982 4379 τοῦ
3001 4325 3205 4378 οἰκείου
3225 4325 3389 4378 τόπου
3416 4324 3491 4393 μὴ
3518 4324 3848 4395 μεταστῆναι,

2288 4417 2321 4489 ἢ
2358 4417 2444 4469 ἵνα
2480 4416 2744 4487 ἀναιρεθῇ
2768 4418 2800 4487 ἠ
2825 4415 2950 4488 ὕλη,
2976 4417 3009 4487 ἢ
3033 4418 3120 4470 ἵνα
3152 4415 3469 4487 μεταϐληθῇ
3495 4417 3590 4469 ἐπὶ
3608 4417 3670 4470 τὺ
3690 4416 3851 4487 κρεῖτ-

2286 4525 2405 4560 τον·
2444 4507 2557 4560 ἀλλ’
2594 4508 2629 4579 ἡ
2665 4507 2863 4578 πρᾶξις
2895 4508 2958 4561 τὺ
2998 4509 3240 4562 ἐναντίον
3288 4507 3503 4570 τούτοις
3540 4508 3851 4578 ὑπαγορεύει

600 4600 707 4654 lius
743 4606 1181 4654 converteretur.
1207 4598 1463 4654 Attamen
1489 4600 1768 4654 contraria
1802 4599 1889 4655 his
1925 4608 2181 4669 reputare

2288 4599 2451 4651 νοεῖν.
2481 4596 2620 4651 Οὔτε
2639 4597 2749 4668 γὰρ
2787 4600 2821 4668 ὴ
2854 4597 3115 4660 σύστασις
3132 4596 3228 4651 τοῦ
3253 4595 3389 4649 Θεοῦ
3419 4596 3478 4647 ἐν
3500 4595 3581 4665 τῷ
3606 4595 3742 4649 κατὰ
3759 4591 3851 4661 φύ-

599 4690 743 4744 actio
792 4688 1013 4745 suadet.
1061 4688 1198 4743 Nam
1242 4704 1423 4758 neque
1456 4687 1547 4743 Dei
1582 4690 1825 4743 essentia
1861 4689 1917 4742 in
1947 4705 2047 4744 sua
2081 4706 2183 4744 na-

600 4791 725 4835 tura
790 4780 1049 4851 perstitit,
1109 4788 1265 4849 parte
1307 4778 1587 4848 projecta;
1641 4793 1822 4846 neque
1888 4779 2184 4835 incolumis

602 4875 834 4927 libertas
889 4871 1012 4936 fuit,
1076 4871 1268 4925 mundi
1307 4871 1452 4926 enim
1504 4871 1759 4925 inserviit
1814 4874 2179 4942 generationi,

601 4974 814 5036 partem
866 4965 953 5019 sui
995 4963 1270 5018 creaturis
1313 4962 1679 5032 impertiens:
1747 4978 1925 5032 neque
1963 4962 2181 5017 demum

600 5058 657 5113 in
698 5057 922 5128 proprio
948 5071 1008 5111 se
1035 5055 1313 5110 continuit
1340 5055 1482 5119 loco,
1508 5062 1663 5124 parte
1698 5054 1873 5124 ipsius
1907 5055 1974 5111 ad
2010 5064 2183 5111 mate-

598 5155 737 5209 riam
780 5153 1069 5208 translata.
1118 5149 1307 5222 Neque
1356 5151 1598 5205 materia:
1646 5158 1844 5204 natura
1899 5158 2181 5219 perempta

601 5246 705 5299 fuit
742 5252 838 5300 aut
887 5248 1136 5298 mutata:
1190 5241 1396 5295 mansit
1442 5242 1590 5295 enim
1641 5240 1910 5311 quidquid
1951 5250 2072 5295 erat
2112 5240 2181 5294 ab

600 5338 759 5391 initio
800 5333 1196 5390 indemutabile
1232 5351 1245 5387 :
1276 5333 1349 5386 ita
1383 5341 1441 5387 ut
1471 5348 1612 5388 vana
1664 5347 2083 5403 quaquaversus
2116 5347 2182 5387 ac

603 5429 752 5482 fatua
789 5433 1052 5496 appareat
1093 5425 1209 5480 haec
1234 5439 1357 5495 quae
1390 5440 1421 5479 a
1450 5425 1609 5479 vobis
1652 5424 1857 5478 fabula;
1886 5424 2067 5479 instar
2093 5423 2185 5495 hy-

603 5518 846 5588 pothesis
887 5516 1157 5572 fabricata
1200 5527 1303 5570 est.
1345 5515 1500 5571 Licet
1536 5531 1670 5572 vero
1697 5516 1863 5571 etiam
1892 5529 1959 5570 ex
1985 5528 2184 5585 opera-

602 5610 868 5674 tionibus,
901 5618 957 5663 et
987 5624 1052 5663 ex
1085 5624 1284 5673 causa,
1320 5618 1373 5663 et
1419 5624 1482 5663 ex
1517 5609 1676 5671 locis,
1706 5624 1846 5678 quos
1878 5608 2179 5679 subjunge-

603 5717 747 5767 mus,
799 5709 1004 5756 vestrm
1068 5700 1506 5771 irreligiositatis
1572 5700 1969 5756 absurditalem
2022 5714 2182 5756 coar-

601 5810 789 5865 guere.
818 5792 896 5848 Ex
920 5792 1241 5863 operatione
1264 5793 1483 5863 quidem
1514 5794 1596 5849 sic
1615 5792 1864 5849 funditus
1890 5794 2176 5849 evertitur.

604 5889 658 5943 Si
692 5884 983 5942 contrariae
1012 5892 1143 5942 sunt
1177 5892 1411 5952 natura),
1467 5885 1749 5943 contraria
1800 5900 2021 5955 quoque
2050 5899 2177 5955 ope-

2287 4706 2371 4742 σιν
2396 4689 2655 4758 διέμεινε,
2680 4687 3034 4758 προδοθέντος
3056 4687 3151 4740 τοῦ
3179 4686 3381 4758 μέρους
3404 4704 3418 4719 ·
3456 4685 3583 4740 οὔτε
3604 4688 3636 4755 ή
3656 4684 3849 4737 ἐλευθε-

2288 4781 2399 4853 ρία,
2422 4780 2704 4834 ἐδούλευσε
2736 4781 2847 4851 γὰρ
2878 4782 2944 4850 τῇ
2976 4779 3192 4848 γενέσει
3212 4778 3308 4833 τοῦ
3331 4779 3563 4848 κόσμου,
3586 4778 3643 4843 ἐξ
3673 4774 3847 4830 ἑαυτοῦ

2289 4871 2455 4941 μέρος
2475 4872 2588 4933 τοῖς
2608 4871 2672 4941 δη
2681 4870 3094 4941 μιουργηθείσιν
3114 4869 3292 4935 ἐνθείς
3313 4888 3327 4901 ·
3364 4868 3487 4922 οὔτε
3518 4868 3577 4921 δὲ
3606 4870 3663 4921 ἐν
3684 4867 3755 4936 τῷ
3776 4868 3845 4919 οἰ-

2284 4963 2422 5034 κείῳ
2443 4962 2681 5033 διέμεινε
2710 4962 2880 5032 τόπῳ,
2908 4961 3273 5031 μεταστάντος
3293 4960 3387 5013 τοῦ
3416 4960 3623 5030 μέρους
3645 4960 3735 5011 ἐπὶ
3763 4957 3848 5026 τὴν

2286 5056 2441 5126 ὓλην.
2457 5054 2595 5109 Οῠτε
2616 5054 2674 5109 δὲ
2694 5056 2725 5125 ἡ
2750 5052 2915 5124 φύσις
2937 5055 3038 5123 τῆς
3061 5052 3192 5122 ὕλης
3207 5051 3450 5123 ἀνῃρέθη
3476 5052 3509 5121 ἢ
3538 5048 3845 5121 μετεϐλήθη·

2284 5148 2469 5220 ἔμεινε
2496 5148 2607 5216 γὰρ
2629 5147 2657 5200 ὃ
2679 5142 2751 5219 ἦν
2772 5146 2833 5212 ἐξ
2855 5147 3031 5218 ἀρχῆς
3054 5146 3470 5216 ἀμετάτρεπτον
3485 5163 3500 5175 ο
3536 5143 3615 5207 ὣς
3634 5160 3697 5209 γε
3729 5158 3849 5193 παν-

2284 5240 2514 5311 ταχόθεν
2555 5239 2721 5293 ἕωλον
2761 5241 2857 5292 καὶ
2898 5236 3088 5308 μωρὰν
3126 5236 3440 5289 δείκνυσθαι
3463 5238 3563 5306 τὴν
3587 5236 3845 5295 ὑπόθεσιν,

2284 5335 2352 5404 ἢν
2393 5331 2821 5404 μυθολογοῦντες
2859 5329 3229 5398 συνεθήκατε,
3270 5328 3388 5381 ἐστι
3429 5330 3488 5382 δέ
3528 5330 3623 5381 καὶ
3659 5330 3722 5381 ἐκ
3755 5324 3849 5379 τῶν

2283 5424 2577 5496 ἐνεργειῶν
2599 5424 2694 5477 καὶ
2713 5422 2815 5493 τῆς
2834 5422 3014 5486 αἰτίας
3034 5423 3144 5475 κάκ
3162 5420 3274 5474 τῶν
3295 5421 3499 5484 τόπων,
3521 5413 3597 5474 ὧν
3618 5418 3850 5473 ὑποτίθε-

2286 5533 2406 5586 μεν,
2437 5515 2539 5586 τῆς
2572 5513 2829 5577 ἀσεόείας
2861 5512 3017 5582 ὑμῶν
3054 5511 3272 5580 ἐλέγξαι
3306 5512 3368 5564 τὸ
3399 5512 3733 5565 ἀτοπον.Ἐκ
3762 5509 3849 5578 μὲν

2282 5602 2375 5660 οὖν
2403 5606 2503 5677 τῆς
2534 5605 2815 5674 ἐνεργείας
2847 5601 3263 5675 ἀνατρεπικῶς
3303 5602 3503 5666 οὕτως.
3538 5604 3600 5656 Εἰ
3630 5601 3851 5656 ἐναντίαι

2281 5699 2337 5751 αἰ
2372 5696 2582 5767 φύσεις,
2614 5694 2833 5749 ἐναντία
2872 5694 2970 5749 καὶ
3010 5694 3280 5765 ἐνέργεια.
3328 5695 3391 5748 Εἰ
3421 5690 3516 5748 οὖν
3546 5697 3580 5765 ἡ
3609 5693 3700 5747 τοῦ
3726 5690 3848 5745 Θεοῦ

2281 5791 2531 5861 ἐνέργεια
2574 5785 2831 5860 ποιητικὴ
2858 5786 3222 5857 ὁμολογεῖται,
3246 5786 3279 5856 ἡ
3307 5786 3411 5855 τῆς
3435 5785 3570 5857 ὕλης
3588 5784 3851 5854 παθητικὴ

2281 5882 2433 5938 ἔσται
2453 5899 2466 5911 ·
2505 5881 2553 5936 εἰ
2591 5880 2648 5937 δὲ
2675 5877 2855 5947 τοῦτο,
2890 5878 3179 5941 ὑπόκειται
3210 5877 3321 5949 ἄρα
3360 5877 3437 5951 τῷ
3469 5878 3590 5951 Θεῷ
3618 5878 3710 5931 καὶ
3740 5876 3853 5933 δουο
