4026 6410
189 427 328 500 1333

832 438 1156 503 JOANNIS
1208 437 1653 508 ORTHODOXI
1696 446 2150 514 DISPUTATIO
2176 455 2337 515 CUM
2364 459 2800 524 MANICHIEO.

3299 467 3443 535 133"

185 551 332 606 λεύει
351 569 364 584 ’
391 551 492 606 οὑκ
521 550 628 624 ἀρα
660 551 926 622 ἀγένητός
953 556 1104 612 ἐστιν
1125 573 1138 587 °
1168 556 1342 622 ἄλλως
1368 575 1427 613 τε
1450 559 1508 614 δὲ
1534 561 1567 632 ἢ
1593 560 1648 614 αἱ
1668 558 1762 614 δὺο

1873 562 2027 618 ratio.
2060 563 2117 618 Si
2153 581 2284 636 ergo
2337 567 2432 624 Dei
2468 575 2842 642 operationem
2889 575 3122 630 activam
3173 575 3430 647 fatemur,

185 640 454 703 ποιοῦσιν,
484 642 516 712 ἢ
558 644 614 696 αἱ
660 643 754 697 δύο
800 645 1124 716 πάσχουσιν,
1159 648 1262 720 ἢ“ὴ
1297 650 1399 719 μὲν
1445 653 1612 716 ποιεῖ,
1643 653 1677 722 η
1705 651 1764 705 δὲ

184 731 408 803 πάσχει,
438 732 471 805 ἢ
505 734 665 789 αὑταὶ
696 735 964 806 πάσχουσι
1003 739 1096 792 καὶ
1130 739 1401 794 ποιοῦσιν
1442 741 1564 796 ἀλλ’.
1585 743 1632 795 εί
1666 744 1765 812 μὲν

183 827 243 880 ai
287 826 384 881 δύο
429 827 663 895 ποιοῦσι,
696 827 810 882 θεοὶ
852 828 1088 897 ἐσονται,
1124 832 1179 885 ετ
1206 849 1270 902 γε
1309 833 1368 888 τὸ
1411 838 1586 890 ποιεῖν
1627 836 1761 891 Θεοῦ

187 919 391 991 μελέτη
433 920 512 991 (1)
559 921 654 973 καὶ
688 920 820 993 ὕλης
851 921 1217 978 ἐπινοεῖσθαι·
1265 927 1314 978 εί
1360 926 1419 980 δέ
1464 928 1764 998 πάσχουσιν

183 1011 518 1083 ἀμφότεραι,
548 1011 705 1067 ἀλλαι
739 1014 950 1068 ἐσονται
985 1018 1040 1069 αί
1070 1016 1183 1083 δύο,
1215 1019 1308 1072 καλ¹
1334 1019 1519 1090 ἕτερος
1544 1022 1572 1074 6
1602 1039 1760 1093 ποιη-

180 1105 280 1176 τὴς
310 1103 697 1176 ζητηθήσεται.
735 1106 798 1160 ΕΞ
828 1107 941 1179 δέή
975 1109 1076 1178 μὲν
1103 1110 1320 1181 πάσχει,
1351 1113 1384 1182 ὴ
1430 1113 1486 1166 δὲ
1521 1117 1694 1168 ποιεῖ’
1725 1117 1758 1187 ἡ

184 1195 288 1266 μὲν
322 1196 606 1266 πάσχουσα
644 1197 866 1270 γενητὴ,
902 1201 934 1270 ἡ
961 1199 1018 1253 δὲ
1045 1200 1275 1256 ποιοῦσα
1302 1203 1594 1274 ἀγένητοςο
1632 1206 1762 1260 εἰδὲ

180 1288 242 1340 αἱ
271 1287 364 1341 δύο
396 1289 666 1358 πάσχουσι
696 1292 792 1344 καὶ
824 1292 1060 1356 ποιοῦσι,
1096 1292 1229 1346 καθὸ
1262 1293 1362 1364 μὲν
1387 1295 1624 1359 ποιοῦσι,
1649 1296 1763 1351 θεοὶ

179 1377 420 1444 ἔσονται,
454 1379 591 1432 καθὸ
613 1379 670 1433 δὲ
692 1381 1014 1451 πάσχουσιν,
1043 1381 1166 1436 ὕλαι
1187 1401 1200 1414 ·
1225 1385 1281 1437 αἱ
1310 1385 1472 1438 αὑταὶ⁵
1497 1381 1590 1440 οὖν
1615 1387 1764 1442 ἔσον-

180 1489 272 1524 ται
306 1471 420 1526 θεοὶ
453 1473 547 1526 καὶ
587 1472 732 1538 ὗλαι,
762 1475 994 1545 γενηται
1037 1476 1133 1530 καὶ
1187 1477 1464 1548 ἀγένητοι.
1497 1481 1622 1534 Κάκ
1662 1481 1765 1552 τῆς

180 1564 366 1628 αἰτίας
390 1565 445 1620 δέ
479 1566 692 1637 ἐλέγχει
718 1566 878 1622 τοῦτο
906 1569 1050 1638 ὑμᾶς
1076 1585 1089 1598 °
1124 1570 1176 1623 τί
1207 1569 1268 1623 τὸ
1303 1572 1476 1626 αῖτιον
1505 1572 1599 1626 τοῦ
1627 1569 1762 1628 εἶναι

180 1657 284 1729 τὴν
323 1657 457 1731 ὓλην
482 1660 661 1730 κακὴν
692 1660 1049 1732 ὑποτίθεμεν;
1089 1664 1160 1716 Ἦ
1193 1662 1300 1735 γὰρ
1327 1665 1461 1717 διότι
1499 1666 1764 1737 ἀγένητος

182 1749 284 1804 καὶ
315 1750 482 1822 ἀρχὴ,
516 1749 718 1824 ἢδιότι
753 1751 855 1824 ὕλη
876 1791 892 1818 ,
934 1753 968 1824 ἢ
1001 1753 1134 1808 διότι
1169 1755 1358 1826 σῶμα,
1392 1757 1425 1827 ἢ
1461 1757 1594 1812 διότι
1624 1760 1763 1813 διαι-

185 1846 362 1917 ρεῖται
410 1844 503 1898 καὶ
537 1844 954 1916 μεταϐάλλεται;
972 1847 1112 1900 Ἀλλ’
1147 1850 1194 1902 ει
1224 1850 1323 1918 μὲν
1348 1849 1480 1904 διότι
1512 1853 1604 1906 καὶ
1631 1853 1762 1921 ἀγέ-

1867 655 2111 709 materia:
2140 658 2386 726 operatio
2417 663 2636 729 passiva
2669 665 2796 721 erit.
2837 662 2893 719 Si
2923 667 2998 720 ita
3039 674 3145 733 est,
3178 668 3434 739 subiacet

1863 760 1994 817 ergo
2024 747 2140 802 Deo
2165 751 2444 820 servitque
2477 755 2724 809 materia.
2756 754 2874 810 Jam
2912 757 2956 813 si
2985 758 3235 829 subjacet
3269 770 3436 833 atque

1864 839 2054 903 servit,
2086 855 2198 895 non
2254 848 2340 896 est
2386 852 2536 899 certe
2585 845 2847 902 increata.
2875 847 3168 918 Praeterea,
3202 853 3286 908 vel
3313 855 3436 911 duae

1864 940 2070 987 natura:
2097 940 2286 1004 agunt,
2313 935 2399 990 vel
2441 937 2564 992 dum
2610 938 2931 1008 patiuntur;
2970 943 3056 997 vel
3102 944 3208 998 alia
3235 947 3348 1014 agit
3376 954 3431 1000 et

1863 1023 1972 1078 alia
1996 1026 2224 1095 patitur,
2255 1027 2342 1082 vel
2374 1029 2550 1084 amba
2599 1029 2888 1099 patiuntur
2920 1039 2976 1086 et
3005 1042 3196 1102 agunt.
3245 1034 3352 1090 Sed
3379 1038 3429 1090 si

1862 1115 1983 1171 dua:
2013 1127 2206 1187 agunt,
2232 1117 2307 1172 dii
2339 1125 2539 1186 erunt;
2567 1120 2841 1190 siquidem
2879 1137 3042 1192 agere
3064 1124 3160 1180 Dei
3189 1125 3428 1182 oliicium

1861 1219 1968 1277 est,
1995 1211 2348 1282 materiaeque
2376 1227 2568 1268 curam
2608 1230 2823 1284 gerere.
2873 1215 3032 1282 Quod
3070 1217 3119 1278 si
3147 1218 3324 1273 ambae
3351 1235 3440 1289 pa-

1863 1301 2090 1367 tiuntur,
2124 1301 2355 1358 diversa:
2391 1313 2553 1360 erunt
2610 1314 2863 1378 utraque,
2922 1317 2978 1362 et
3023 1307 3167 1364 alius
3216 1317 3440 1363 creator

1864 1401 2156 1462 quaeretur.
2191 1393 2250 1448 Si
2284 1408 2419 1450 vero
2451 1411 2556 1450 una
2589 1397 2794 1468 patitur
2821 1405 2877 1451 et
2910 1413 3019 1452 una
3049 1397 3187 1468 agit,
3221 1399 3440 1468 patiens

1866 1482 2086 1554 quidem
2132 1491 2318 1540 creata
2341 1523 2358 1550 ,
2407 1500 2577 1556 agens
2613 1487 2882 1542 increata.
2911 1487 3161 1558 Denique
3187 1489 3233 1544 si
3266 1490 3445 1546 ambae

1864 1588 1918 1632 et
1945 1585 2112 1648 agunt
2132 1584 2188 1632 et
2221 1579 2528 1648 patiuntur,
2573 1589 2852 1650 quatenus
2904 1591 3094 1651 agunt,
3127 1581 3203 1636 dii
3232 1589 3438 1650 erunt;

1865 1678 2142 1740 quatenus
2182 1672 2488 1741 patiuntur,
2540 1673 2803 1729 materiae.
2855 1675 3069 1730 Eadem
3095 1691 3229 1747 ergo
3255 1687 3447 1743 erunt,

1865 1762 2014 1818 diiet
2033 1763 2294 1830 materiae,
2323 1773 2519 1820 creatae
2551 1773 2603 1820 et
2627 1766 2903 1822 increatat.
2928 1765 3006 1822 Ex
3029 1782 3196 1824 causa
3223 1783 3443 1840 quoque

1867 1854 2286 1926 redarguimini.
2338 1856 2512 1923 Quam
2568 1858 2638 1914 ob
2688 1873 2910 1914 causam
2968 1861 3257 1916 materiam
3317 1876 3450 1916 esse
3524 1845 3530 1856 ’

181 1951 348 2005 νητος
378 1935 475 1989 καὶ
507 1935 671 2008 ἀρχὴ,
705 1937 799 1989 κα)⁸
817 1940 846 1992 6
867 1937 999 2002 Θεὸς
1031 1938 1269 2023 τοιοὺτος
1289 1957 1304 1972 ο
1329 1943 1376 1994 εί
1397 1942 1454 1995 δὲ
1482 1942 1614 1996 διότι
1637 1943 1758 2016 ὕλη,

1873 1920 2108 2001 dicimus
2152 1920 2391 2001 malami
2441 1945 2645 2017 Nempe
2691 1949 2781 2004 vel
2824 1952 2953 2019 quia
2994 1950 3238 2007 increata
3265 1961 3350 2010 est
3386 1959 3447 2007 et

181 2026 286 2098 ὕλη
323 2029 382 2080 δὲ
410 2029 877 2100 προσαγορεύεται
907 2031 996 2086 διά
1019 2031 1081 2085 τὸ
1112 2033 1430 2088 ὑποκεῖσθαι
1452 2037 1532 2100 είς
1555 2037 1766 2105 γένεσιν

179 2119 291 2174 τῶν
311 2120 371 2184 ἐξ
394 2121 585 2192 αὑτῆς,
602 2122 688 2176 διά
717 2123 874 2177 τοῦτο
899 2123 1038 2179 κατά
1063 2125 1162 2197 τὴν
1193 2127 1361 2198 αὐτὴν
1384 2128 1638 2182 ὑπόθεσιν
1667 2131 1768 2184 υὺκ

181 2211 389 2280 ἀγαθὸς
421 2216 449 2268 6
481 2213 646 2278 Θεόςο
694 2217 979 2272 ὑπόκειται
1018 2217 1127 2290 γάρ
1173 2220 1254 2284 είς
1300 2219 1514 2289 γένεσιν
1559 2221 1665 2276 τῶν
1707 2223 1768 2289 ἐξ

182 2307 353 2361 αὑτοῦ
397 2307 585 2380 ψυχῶν
623 2308 718 2363 καὶ
749 2309 1018 2384 ἀγγέλων,
1049 2311 1126 2376 ὡς
1171 2312 1332 2382 ὑμεῖς
1380 2315 1430 2367 οἱ
1475 2315 1766 2386 Μανιχαῖοι

180 2399 566 2470 δογματίζετε.
603 2403 666 2456 Et
695 2402 752 2456 δὲ
779 2403 914 2457 διότι
949 2404 1131 2477 σῶμα,
1170 2407 1294 2476 οὐχὶ
1327 2407 1464 2478 αὑτὴ
1493 2408 1642 2462 αἰτία
1671 2409 1766 2463 τοῦ

181 2486 327 2546 εἶναι
363 2491 544 2562 σῶμα,
579 2492 694 2547 ἀλλ’
713 2496 742 2547 6
771 2495 933 2558 Θεόςο
961 2495 1017 2549 εί
1048 2513 1111 2566 γε
1143 2501 1250 2568 πρὸ
1278 2498 1371 2551 τοῦ
1397 2498 1687 2569 ἐμϐάλλειν
1707 2501 1768 2554 τὸ

183 2581 246 2649 ἐξ
279 2582 446 2637 αὑτοῦ
489 2585 654 2656 μέρος
683 2589 749 2658 τῇ
781 2585 901 2660 ὕλῃ,
932 2587 1032 2642 οὐκ
1058 2584 1127 2660 ἦν
1155 2590 1312 2662 σῶμα
1335 2608 1348 2622 ο
1380 2592 1506 2645 εἰδὲ
1533 2591 1668 2646 διότι
1693 2593 1770 2645 δι-

182 2677 425 2748 αιρεῖται
453 2679 560 2732 καὶ.
580 2679 976 2748 μεταϐάλλεται
1000 2684 1028 2736 ό
1060 2681 1192 2746 Θεὸς
1219 2684 1344 2737 καθ’
1366 2685 1509 2755 ὑμᾶς
1529 2690 1641 2749 τοῖς
1674 2687 1766 2741 αὑ-

182 2770 301 2832 τοῖς
329 2769 644 2839 ἐνεχόμενος
677 2773 871 2836 κακοῖς
902 2772 1054 2828 ἔσται
1078 2790 1092 2804 ·
1127 2775 1176 2828 εί
1214 2775 1326 2846 γὰρ
1369 2775 1658 2847 διαιρεῖται
1689 2781 1769 2844 είς

186 2863 432 2930 γενέσεις
477 2863 724 2933 ἀγγέλων
767 2866 864 2920 καὶ
906 2867 1114 2938 ψυχῶν,
1151 2867 1291 2939 πλὴν
1323 2869 1379 2923 δὲ
1415 2871 1472 2937 ἐξ
1501 2870 1666 2925 αὑτοῦ
1707 2874 1769 2926 οὑ

188 2952 325 3018 θεοὶ,
355 2952 514 3026 δῆλον
543 2956 624 3010 ὅτι
663 2956 724 3010 οὑ
774 2956 934 3026 μόνον
973 2958 1280 3030 διαιρεῖται,
1324 2961 1462 3016 ἀλλά
1497 2963 1594 3016 καὶ
1639 2981 1770 3035 μετ-

186 3047 419 3119 εϐλήθη.
453 3049 518 3103 Εἰ
549 3047 606 3102 δέ
635 3051 698 3104 οὐ
735 3049 896 3104 τοῦτό
938 3069 1076 3121 φατε
1100 3051 1276 3107 αἴτιον
1303 3050 1442 3110 εἶναι
1467 3056 1562 3110 τοῦ
1593 3059 1770 3129 κακὴν

189 3138 463 3210 ὑπάρχειν
508 3140 612 3209 τὴν
657 3139 810 3212 ὓλην,
863 3142 1002 3197 ἀλλά
1045 3144 1106 3198 τὸ
1153 3145 1356 3216 ταύτην
1411 3148 1768 3220 ἁμαρτάνειν,

193 3228 369 3284 ἰστέον
399 3229 476 3292 ὡς
500 3229 655 3284 οὐδὲν
683 3231 792 3287 τῶν
819 3232 961 3286 κατά
986 3233 1148 3303 φύσιν
1191 3235 1252 3301 ἐξ
1281 3237 1525 3311 ἀνάγκης
1549 3241 1770 3313 γινομέ-

190 3336 320 3381 νων,
345 3320 652 3392 ἁμάρτημα
670 3323 960 3392 τυγχάνει·
985 3326 1134 3378 πᾶσα
1155 3324 1264 3396 γὰρ
1287 3327 1530 3398 ἁμαρτία
1551 3331 1615 3384 ἐκ
1638 3349 1771 3402 προ-

189 3409 458 3482 αιρέσεως
489 3412 696 3481 γίνεται
718 3428 734 3444 ⁶
769 3415 802 3484 ἡ
831 3413 890 3469 δὲ
918 3416 1242 3488 προαίρεσις
1286 3419 1352 3472 ἐκ
1379 3419 1558 3491 ψυχῆς
1577 3437 1592 3453 ⁸
1636 3424 1670 3493 η
1717 3424 1776 3477 δὲ

188 3501 340 3573 ψυχὴ
363 3503 522 3556 οὐσία
548 3503 685 3558 Θεοῦ
713 3505 837 3558 καθ’
863 3505 1035 3576 ὑμᾶς’
1065 3509 1130 3561 ἐκ
1149 3507 1284 3562 Θεοῦ
1313 3509 1424 3578 ἀρα
1448 3513 1480 3582 ἡ
1510 3511 1774 3582 ἁμαρτία,

191 3593 292 3648 καὶ
333 3594 436 3647 οὐκ
477 3595 543 3648 ἐκ
580 3595 680 3666 τῆς
729 3594 889 3667 ὕλης,
916 3597 1059 3652 κατὰ
1101 3597 1163 3651 τὸ
1211 3599 1366 3670 ὑμῶν
1411 3601 1776 3657 ἀσεϐέστατον

190 3683 387 3755 δόγμα.
426 3687 550 3740 Κάκ
585 3686 694 3740 τῶν
737 3687 920 3742 τόπων
947 3688 1005 3743 δὲ
1031 3681 1106 3744 ὧν
1137 3690 1295 3761 ὑμεῖς
1338 3692 1656 3748 ὑποτίθεσθε
1683 3694 1777 3749 τὸν

195 3773 299 3845 μὲν
324 3776 402 3846 τῷ
430 3776 569 3846 Θεῷ,
603 3776 694 3830 τὸν
715 3777 772 3831 δὲ
795 3780 861 3848 τῇ
900 3777 999 3852 ὑλῃ
1048 3779 1464 3850 προσνέμοντες,
1498 3781 1643 3852 ὑμᾶς
1669 3783 1776 3837 ἀπ-

191 3865 402 3935 ελέγξω
427 3867 590 3939 μηδὲν
611 3867 1059 3939 δογματίζοντας.
1079 3872 1142 3925 El
1162 3871 1269 3941 γὰρ
1288 3873 1552 3942 ἀγένητος
1573 3876 1600 3929 ό
1621 3873 1774 3941 Θεὸς,

193 3961 292 4015 καὶ
324 3962 358 4026 ἡ
384 3960 484 4032 ὕλη
507 3977 521 3990 ·
554 3960 782 4025 ἕκαστος
807 3962 865 4016 δὲ
892 3964 952 4017 ἐν
979 3964 1131 4035 τόπῳ
1159 3966 1418 4035 τυγχάνει
1447 3966 1572 4020 καθ’
1591 3968 1736 4037 ὑμᾶς
1758 3985 1771 3999 ’

190 4054 223 4106 6
251 4052 310 4107 δὲ
329 4052 492 4118 τόπος
515 4054 702 4125 ἕτερός
734 4055 850 4109 ἐστι
879 4056 998 4110 κατ’
1024 4055 1210 4110 οὐσίαν
1230 4057 1341 4112 τῶν
1367 4059 1426 4111 ἐν
1445 4058 1594 4130 αὑτῷ
1621 4077 1780 4132 περι-

191 4145 492 4217 εχομένων,
511 4147 848 4220 συμϐήσεται
863 4149 990 4213 τοὺς
999 4149 1199 4214 τόπους
1219 4152 1619 4222 συναγενήτους
1635 4148 1777 4207 εἶναι

192 4239 310 4301 τοῖς
344 4239 440 4291 σὺν
477 4238 692 4302 αὐτοῖς·
722 4240 818 4293 καὶ
846 4238 1018 4306 οὑτως
1047 4242 1108 4296 οὑ
1137 4241 1231 4296 δύο
1248 4242 1317 4295 τά
1343 4243 1605 4316 ἀγένητα,
1644 4244 1780 4299 ἀλλά

191 4330 460 4402 τέσσαρα,
502 4329 655 4398 Θεὸν,
679 4331 777 4385 καὶ
799 4331 951 4402 ὑλην,
977 4334 1071 4388 καὶ
1091 4335 1252 4388 ἐκάτε
1261 4351 1354 4404 ρον
1376 4335 1469 4388 τὸν
1504 4335 1669 4390 τόπον
1691 4337 1780 4390 εὑ·

201 4425 410 4495 ρήσεις.
434 4425 498 4478 Εἰ
526 4423 583 4478 δὲ
601 4424 728 4489 τοὺς
753 4425 953 4489 τόπους
990 4426 1259 4498 πρεσϐυτέ
1269 4444 1394 4499 ρους
1419 4429 1556 4497 φατέ
1576 4429 1684 4482 τῶν
1720 4429 1779 4482 ἐν

197 4515 406 4578 αὑτοῖς,
440 4515 623 4568 οὐκέτι
648 4517 676 4569 6
699 4514 831 4580 Θεὸς
861 4516 953 4569 καὶ
980 4515 1081 4587 ὕλη
1103 4517 1358 4586 ἀγένητοι
1381 4516 1616 4582 ἔσονται,
1641 4517 1780 4574 ἀλλά

1867 2037 2228 2109 principium,
2259 2039 2344 2094 vel
2370 2039 2498 2110 quia
2527 2039 2780 2108 materia,
2817 2041 2901 2095 vel
2933 2041 3062 2111 quia
3099 2055 3325 2112 corpus,
3359 2041 3446 2097 vel

1869 2129 1997 2198 quia
2026 2126 2294 2183 dividitur
2317 2136 2372 2184 et
2395 2129 2739 2184 immutatur.
2767 2128 2936 2200 Atqui
2961 2130 3008 2186 si
3031 2131 3163 2201 quia
3195 2129 3443 2186 increata

1867 2227 1952 2276 est
1976 2227 2028 2275 et
2058 2220 2412 2292 principium,
2469 2221 2617 2278 Deus
2657 2236 2878 2292 quoque
2917 2222 3052 2278 talis
3076 2229 3185 2279 est.
3225 2220 3283 2276 Si
3308 2223 3450 2292 quia

1869 2314 2120 2382 materia,
2152 2314 2380 2371 materia
2412 2323 2597 2370 autem
2633 2315 2942 2387 appellatur
2975 2325 3267 2387 propterea
3297 2316 3444 2387 quod

1869 2407 2108 2462 obnoxia
2133 2415 2218 2463 est
2248 2408 2565 2476 generando
2589 2423 2656 2462 ex
2685 2424 2764 2473 se,
2793 2407 2917 2464 ideo
2941 2418 3162 2480 propter
3190 2408 3443 2464 eamdem

1867 2499 2216 2571 hypothesim
2280 2515 2350 2556 ne
2405 2499 2550 2556 Deus
2597 2500 2820 2571 quidem
2870 2501 3048 2557 bonus
3077 2501 3363 2572 erit,_quia
3393 2511 3448 2555 et

1870 2592 1988 2662 ipse
2011 2591 2286 2649 obnoxius
2315 2601 2401 2648 est
2424 2593 2782 2665 producendo
2820 2609 2887 2648 ex
2922 2609 2983 2649 se
3016 2593 3232 2649 animas
3259 2600 3315 2648 et
3342 2608 3460 2647 an--

1871 2685 2020 2754 gelos
2046 2723 2060 2748 ,
2091 2693 2151 2740 ut
2174 2694 2446 2750 vestrum,
2479 2701 2513 2740 ο
2540 2684 2846 2748 Μεηίοιιωί,
2881 2685 3079 2756 dogma
3107 2691 3212 2740 est.
3233 2684 3288 2738 Si
3318 2684 3447 2754 quia

1870 2781 1955 2829 est
1989 2789 2214 2845 corpus,
2248 2790 2355 2830 non
2386 2782 2472 2831 est
2501 2775 2736 2846 ipsamet
2781 2788 2950 2829 causa
2994 2782 3055 2828 ut
3094 2788 3298 2844 corpus
3334 2773 3444 2840 sit,

1872 2866 1966 2922 sed
2032 2865 2210 2933 Deus;
2258 2867 2461 2922 etenim
2520 2876 2816 2938 antequam
2865 2865 3163 2937 projiceret
3201 2864 3446 2935 particu-

1873 2959 1979 3012 lam
2009 2958 2094 3013 sui
2129 2959 2185 3018 in
2217 2959 2527 3024 materiam,
2567 2973 2631 3013 ea
2663 2972 2870 3028 corpus
2903 2973 3014 3012 non
3051 2964 3192 3013 erat.
3227 2955 3285 3010 Si
3316 2956 3454 3025 quia

1871 3047 2138 3103 dividitur
2165 3058 2218 3104 et
2259 3049 2608 3114 immutatur,
2645 3047 2790 3104 Deus
2832 3047 2891 3103 in
2933 3046 3213 3104 sententia
3261 3052 3453 3100 vestra

1873 3139 2068 3196 iisdem
2117 3141 2280 3198 malis
2327 3142 2434 3196 erit
2489 3139 2810 3197 obnoxius:
2845 3155 2974 3196 nam
3009 3139 3058 3196 si
3101 3139 3367 3195 dividitur
3395 3139 3448 3194 iu

1802 3269 1844 3328 α
1877 3230 2201 3302 angelorum
2239 3239 2405 3302 atque
2437 3233 2754 3288 animarum
2791 3231 3228 3302 procreationes,
3272 3245 3452 3301 neque

1878 3334 2061 3379 tamen
2089 3340 2154 3380 ex
2190 3339 2256 3380 eo
2289 3325 2626 3395 proveniunt
2663 3325 2764 3394 dii,
2803 3325 3144 3396 exploratum
3191 3332 3277 3380 est
3323 3338 3460 3379 eum

1877 3431 1987 3471 non
2025 3417 2205 3472 solum
2239 3417 2432 3486 dividi,
2501 3433 2692 3475 verum
2749 3418 2916 3474 etiam
2964 3433 3090 3475 esse
3149 3423 3448 3472 mutatum.

1877 3505 2034 3574 Quod
2065 3509 2112 3562 si
2166 3508 2408 3579 denique
2437 3507 2586 3566 haud
2627 3509 2772 3564 hanc
2814 3524 2938 3565 esse
2989 3523 3216 3564 causam
3267 3507 3452 3563 dicitis

1878 3614 1979 3653 cur
2012 3599 2157 3654 mala
2191 3601 2265 3656 sit
2292 3598 2544 3665 materia,
2576 3599 2674 3657 sed
2711 3599 2844 3670 quia
2877 3599 2994 3654 haec
3025 3605 3238 3669 peccat,
3268 3597 3453 3654 scien-

1877 3689 2008 3744 dum
2046 3698 2151 3758 est,
2181 3690 2320 3744 nihil
2352 3691 2499 3761 quod
2549 3691 2606 3746 in
2655 3707 2842 3747 rerum
2899 3697 3100 3744 natura
3135 3688 3455 3746 necessario

1880 3785 1993 3850 ﬁat,
2040 3799 2166 3840 esse
2215 3793 2526 3854 peccatum.
2572 3784 2825 3854 Namque
2867 3797 3032 3838 omne
3058 3791 3347 3854 peccatum
3387 3781 3453 3836 Ii-

1878 3876 2010 3931 bera
2059 3875 2334 3930 electione
2390 3874 2468 3928 tit.
2518 3872 2728 3929 Electio
2764 3880 2949 3929 autem
3000 3873 3070 3928 ab
3104 3871 3291 3928 anima
3329 3877 3454 3940 est;

1878 3968 2060 4022 anima
2114 3974 2296 4020 autem
2337 3964 2680 4021 substanstia
2721 3965 2838 4030 Dei,
2876 3971 2938 4018 ut
2989 3979 3096 4020 vos
3136 3962 3359 4018 dicitis:
3387 3975 3461 4016 ex.

1879 4055 1990 4111 Deo
2047 4055 2219 4125 igitur
2275 4063 2585 4126 peccatum,
2637 4063 2691 4110 et
2749 4070 2858 4110 non
2890 4070 2957 4110 ex
3008 4053 3266 4119 materia,
3294 4053 3476 4123 juxta.

1877 4154 2120 4204 vestrum
2159 4147 2622 4204 scelestissimum
2648 4146 2867 4218 dogma.
2891 4147 3006 4216 Age
3038 4160 3170 4202 vero
3185 4145 3351 4200 etiam
3386 4160 3455 4200 ex

1879 4238 2038 4303 locis,
2065 4254 2208 4310 quos
2231 4253 2330 4293 vos
2362 4237 2567 4308 partim
2626 4235 2738 4293 Deo
2773 4236 2974 4308 partim
3022 4235 3270 4290 materia:
3317 4235 3458 4292 assis

1879 4332 2084 4403 gnatis,
2117 4344 2414 4400 coarguam
2467 4343 2568 4385 vos
2603 4327 2743 4384 nihil
2802 4327 3030 4382 omnino
3076 4326 3284 4382 dicere.
3317 4323 3456 4380 Nam

1881 4423 1930 4479 si
1963 4422 2109 4478 Deus
2140 4423 2434 4478 increatus.
2457 4429 2564 4486 est,
2602 4420 2733 4475 item
2764 4428 2819 4474 et
2860 4419 3125 4485 materia;
3159 4425 3460 4486 utrumque

1884 4522 2066 4570 autem
2105 4515 2159 4570 in
2197 4515 2321 4568 loco
2368 4528 2490 4580 suo,
2516 4522 2579 4568 ut
2617 4527 2722 4568 vos
2746 4511 2954 4576 dicitis,
2992 4520 3133 4577 stat;
3164 4510 3323 4564 locus
3361 4523 3466 4562 au-

202 4604 406 4676 μᾶλλον
445 4606 495 4659 οι
531 4604 738 4659 τούτων
779 4607 1224 4678 προϋπάρχοντες
1266 4607 1454 4661 τόποι·
1489 4609 1538 4662 εἰ
1585 4607 1644 4661 δὲ
1690 4609 1772 4665 τὸν

1885 4615 1993 4662 tem
2040 4606 2262 4662 diversa
2305 4614 2504 4661 natura
2532 4612 2627 4661 est.
2649 4604 2718 4659 ab
2759 4604 2830 4660 iis
2855 4603 2950 4675 qui
2983 4619 3050 4659 eo
3082 4603 3472 4666 continentur,

198 4697 336 4752 Θεὸν
377 4699 472 4753 καὶ
500 4698 600 4770 τὴν
629 4698 763 4770 ὓλην
794 4699 903 4770 πρὸ
941 4699 1052 4754 τῶν
1095 4701 1277 4754 τόπων
1308 4699 1448 4754 εἷναί
1481 4718 1639 4770 φατε,
1671 4702 1782 4774 ἄρα

197 4791 304 4846 οὑκ
344 4786 486 4862 ἦσαν
526 4793 923 4863 κεχωρισμένοι
946 4793 1080 4856 Θεὸς
1106 4794 1201 4846 καὶ
1231 4793 1353 4865 ὕλη,
1381 4794 1496 4847 ἀλλ’
1527 4797 1586 4848 ἐν
1611 4793 1780 4864 ἀλλή-

199 4883 318 4947 λοις
345 4883 590 4955 ὑπῆρχον
609 4899 623 4914 ·
645 4883 842 4952 οὐγὰρ
869 4878 938 4954 ἦν
956 4881 1110 4936 οὔπω
1138 4883 1302 4948 τόπος
1324 4886 1353 4939 6
1378 4883 1632 4956 διορίζων
1649 4903 1663 4917 ·
1685 4885 1783 4940 καὶ

198 4974 376 5038 οὑτως
409 4977 438 5030 6
475 4975 575 5047 τῆς
619 4978 748 5047 παρ’
784 4975 939 5045 ὑμῶν
982 4975 1358 5046 ἐναντιότητος
1397 4975 1784 5047 διαλυθήσεται

201 5065 384 5136 λόγος.
427 5067 503 5120 Οὑ
547 5067 659 5139 γὰρ
693 5067 752 5120 ἐν
785 5065 1039 5137 ἀλλήλοις
1069 5066 1102 5135 η
1135 5063 1298 5135 φύσις
1332 5065 1662 5136 ὑφίστασθαι
1690 5066 1784 5120 δύ-

201 5175 364 5214 ναται
395 5157 502 5212 τῶν
528 5157 788 5213 ἐναντίων
808 5176 822 5190 ο
852 5157 994 5212 ὥστε
1022 5157 1363 5228 πανταχόθεν
1391 5157 1546 5228 ὑμῶν
1580 5159 1790 5228 ἀπελή-

202 5251 434 5322 λεγκται
465 5252 498 5322 ὴ
537 5249 791 5323 μυθώδης
819 5249 1211 5322 τερατολογίαν
1247 5249 1322 5320 μὴ
1370 5250 1517 5319 ὑμᾶς
1561 5248 1790 5313 ἑαυτούς

204 5359 266 5398 τε
298 5341 395 5396 καὶ
423 5342 646 5413 ἐτέρους
665 5343 779 5406 τοῖς
801 5340 900 5412 τῆς
923 5339 1178 5403 ἀσεϐείας
1207 5339 1565 5412 περιπείρητε
1587 5339 1794 5411 δόγμα-

211 5449 319 5497 σιν,
350 5430 488 5485 ἀλλά
516 5430 957 5504 προσδραμόντες
979 5429 1058 5501 τῷ
1089 5429 1229 5499 φωτὶ
1265 5429 1365 5501 τῆς
1392 5427 1675 5499 ἀληθείας,
1700 5427 1791 5482 τὸν

207 5523 374 5594 ζόφον
406 5523 504 5594 τῆς
537 5523 759 5592 ἀγνοίας
783 5521 1129 5593 ἐκκαθάρατε
1157 5521 1264 5575 τῶν
1287 5520 1476 5593 ψυχῶν
1497 5537 1509 5552 ’
1537 5519 1792 5586 αὐτεξου-

1885 4712 2234 4768 consequens
2257 4696 2362 4751 erit
2382 4705 2443 4750 ut
2478 4694 2585 4750 loci
2621 4694 2827 4766 pariter
2853 4694 2966 4750 sint
2998 4691 3262 4748 increati:
3297 4699 3464 4760 atque

1887 4791 1962 4844 ita
1995 4804 2112 4844 non
2138 4789 2270 4851 duo,
2306 4787 2403 4844 sed
2455 4795 2693 4858 quatuor
2733 4802 2856 4843 esse
2904 4787 3166 4848 increata,
3199 4783 3369 4838 Deum
3398 4795 3464 4836 ac

1886 4881 2209 4948 materiam,
2251 4887 2306 4936 et
2343 4887 2640 4950 utrumque
2691 4879 2896 4943 locum,
2961 4891 3086 4932 esse
3132 4875 3460 4944 compcries.

1887 4972 2047 5040 Quod
2099 4973 2148 5031 si
2184 4973 2339 5028 locos
2375 4971 2572 5028 dicitis
2610 4985 2731 5026 esse
2783 4969 3126 5039 antiquiores
3183 4968 3350 5022 rebus
3389 4964 3469 5019 ibi

1887 5066 2328 5131 comprehensis,
2370 5064 2516 5120 haud
2561 5065 2670 5134 iam
2711 5064 2856 5118 Deus
2885 5070 2939 5140 et
2972 5061 3203 5116 materia
3233 5057 3466 5114 increati

1889 5162 2075 5218 erunt,
2109 5155 2206 5210 sed
2229 5155 2266 5208 ii
2299 5155 2488 5224 potius
2509 5155 2602 5224 qui
2626 5162 2754 5209 ante
2786 5153 2936 5223 ipsos
2967 5150 3316 5207 exsistebant
3339 5149 3464 5204 lori.

1893 5243 2070 5299 Secus
2095 5258 2246 5310 vero,
2284 5244 2331 5299 si
2367 5241 2538 5300 Deum
2566 5259 2630 5299 ac
2677 5242 2965 5299 materiam
3014 5248 3142 5296 ante
3191 5239 3344 5294 locos
3374 5253 3468 5292 ex-

1893 5335 2105 5394 stitisse
2153 5336 2376 5402 dicatis,
2430 5350 2588 5410 ergo_
2618 5351 2728 5392 non
2798 5341 2960 5391 erant
3039 5332 3170 5388 olim
3228 5329 3476 5400 separati

1896 5429 2042 5486 Deus
2071 5443 2134 5483 ac
2173 5428 2427 5496 materia,
2463 5428 2561 5484 sed
2609 5427 2840 5484 invicem
2867 5422 3277 5484 coexsistebant
3307 5438 3320 5474 ε
3358 5434 3480 5475 non.

1899 5519 2046 5576 enim
2075 5518 2255 5575 adhuc
2311 5525 2430 5575 erat
2485 5517 2878 5576 discriminans
2932 5522 3119 5574 locus.
3162 5516 3341 5585 Atque
3395 5509 3473 5565 ita

1727 5697 1960 5754 ΝΟΤιΕ.

286 5864 369 5938 (1)
405 5862 639 5922 Dubium
663 5861 718 5917 in
751 5860 873 5918 cod.
906 5857 1260 5917 vocabulum.
1341 5883 1362 5896 ε
