4026 6406
507 433 513 440 “
563 418 703 488 1335
1999 427 2148 488 ADD

2247 427 2378 487 TDA.
3196 420 3201 424 ’
3695 432 3811 498 1336

560 544 746 593 vestra
801 534 871 590 de
919 547 1107 590 rerum
1170 534 1540 605 repugnantia
1587 535 1840 592 doctrina
1902 535 2135 591 corruit.

2247 538 2453 609 σιότητι
2489 535 2599 609 γὰρ
2632 538 2727 592 καὶ
2775 539 2877 593 οὐκ
2923 539 3139 612 ἀνάγκῃ
3192 540 3412 609 φύσεως
3459 541 3723 612 ἄνθρωποι
3761 549 3809 601 τὸ

559 630 786 684 Naturae
822 626 968 684 enim
1020 628 1318 683 contrariae
1375 629 1608 684 invicem
1660 627 2003 684 coexsistere
2037 645 2136 685 ne-

2247 630 2439 684 δοκοῦν
2467 631 2526 684 ὲν
2553 632 2765 703 αἱρέσει
2797 632 3124 704 ποιούμεθα.
3162 634 3351 699 Τέλος.

559 730 791 792 queunt.
833 721 1014 791 Atque
1047 722 1121 774 ita
1155 728 1490 790 portentosae
1541 731 1739 776 vestra!
1770 720 1968 776 fabula:
1998 737 2414 792 quaqueversus
2439 725 2840 794 exploduntur.
2905 725 2986 782 Ne
3050 727 3242 797 itaque
3311 739 3526 783 vosmet
3589 729 3810 801 aliosque

559 815 748 884 impiis
783 813 1139 884 dogmatibus
1175 830 1272 868 ceu
1317 815 1493 884 spinis
1542 814 1881 885 implicetis;
1942 815 2038 870 sed
2076 816 2143 869 ad
2180 817 2431 874 veritatis
2472 819 2651 875 lucem
2703 829 3090 890 properantes,
3159 820 3398 875 inscitiae
3446 820 3694 875 tenebras
3753 840 3808 878 ex

558 910 852 966 animabus
899 910 1100 964 Vestris
1153 910 1358 979 pellite.
1403 911 1620 965 Etenim
1656 909 1834 966 libero
1883 910 2140 975 arbitrio,
2182 926 2293 967 non
2329 924 2540 970 natura;
2569 918 2925 982 necessitate,
2972 932 3076 972 nos
3122 918 3380 972 homines
3445 918 3590 990 quod
3657 919 3809 974 visum

561 1000 746 1066 fuerit,
780 1000 1093 1057 faciendum
1122 1000 1405 1071 eligimus.
1437 1000 1697 1071 Explicit.

597 1230 3802 1261 mw

1041 1439 1727 1555 ΙΩΑΝΝΟΥ
1821 1440 2121 1557 ΤΟΥ
2215 1438 3308 1559 ΔΑΜΑΣΚΗΝΟΥ
3344 1444 3374 1482 ³

892 1710 1406 1806 ΔΙΑΛΕΞΙΣ
1478 1710 1512 1765 ¹³
1645 1717 2378 1806 ΣΑΡΡΑΚΗΝΟΥ
2478 1719 2672 1801 ΚΑΙ
2785 1716 3484 1803 ΧΡΙΣΤΙΑΝΟΥ.

1314 1973 1437 2088 S.
1583 1975 2184 2093 JOANNIS
2267 1973 3093 2088 DAMASCENI

971 2234 1708 2333 DISPUTATIO
1780 2239 2352 2333 SABACENI
2436 2237 2588 2328 ET
2664 2234 3416 2364 CHRISTIANI.

1650 2629 1748 2699 (Ex
1784 2629 1921 2684 Bibl.
1952 2629 2304 2685 Gallandiana
2337 2640 2374 2683 t.
2412 2629 2552 2689 Xlll.
2579 2630 2730 2699 279.)

631 2941 1007 3012 Interrogatus
1033 2940 1383 2997 Christianus
1421 2959 1450 2996 a
1498 2942 1868 3001 SABACENO
1902 2964 1917 3002 :
1968 2947 2139 3013 Quem
2177 2951 2218 3004 Β

559 3036 642 3090 ais
670 3049 895 3089 causam
927 3049 1050 3088 esse
1081 3034 1210 3088 boni
1249 3035 1492 3091 malive?

629 3124 1103 3181 CHRISTIANUS
1129 3127 1444 3193 respondit:
1471 3127 1731 3184 Omnium
1757 3130 2025 3186 bonorqu
2053 3147 2148 3187 ne-

559 3217 765 3272 minem
801 3217 1042 3272 dicimus
1079 3233 1206 3273 esse
1235 3233 1458 3274 causam
1491 3231 1692 3292 praeter
1721 3239 1888 3294 quam
1933 3225 2145 3289 Deum,

556 3309 690 3362 mali
718 3324 849 3364 vero
878 3324 989 3363 non
1024 3310 1180 3366 item.

626 3399 692 3453 Et
729 3401 1070 3471 respondens
1103 3401 1348 3459 SARAC.
1377 3405 1492 3460 ait:
1524 3403 1697 3472 Quem
1735 3407 1876 3463 dicis
1915 3424 2144 3464 causam

555 3508 682 3550 esse
709 3495 976 3549 malorum
1003 3495 1029 3548 ?

625 3585 904 3642 CHRIST.
944 3587 1083 3641 Eum
1121 3588 1332 3644 scilicet
1371 3589 1466 3659 qui
1494 3604 1560 3644 ex
1591 3590 1865 3646 sententia
1897 3607 1995 3645 sua
2021 3592 2145 3646 dia-

554 3676 716 3731 bolus
751 3688 870 3741 est,
910 3693 975 3732 ac
1009 3694 1111 3734 nos
1141 3681 1307 3734 etiam
1339 3681 1612 3736 homines.

628 3767 877 3821 SABAC.
920 3769 1096 3835 Cuius
1133 3774 1208 3826 rei
1247 3771 1473 3841 gratia?

626 3857 908 3916 (ZHRIST.
949 3859 1181 3930 Propter
1215 3861 1451 3916 liberum
1482 3862 1800 3916 arbitrium.

2328 2944 2674 3016 Ἐρωτισθεὶς
2713 2945 2741 2997 6
2762 2943 3090 3014 Χριστιανὸς
3142 2942 3297 3012 παρὰ
3327 2943 3742 3000 ΣΑΡΗΝΟΥΑΚ
3765 2955 3808 3008 ⁸,

2252 3036 2376 3090 τίνα
2406 3036 2588 3103 λέγεις
2618 3036 2792 3089 αἴτιον
2831 3034 3000 3088 καλοῦ
3033 3035 3127 3089 καὶ
3157 3033 3334 3088 κακοῦ
3359 3052 3372 3098 ;
3416 3034 3643 3105 ’Δπορία
3669 3035 3716 3088 ⁸.

2323 3130 2365 3182 Ο
2412 3128 2833 3182 ΧΡΙΣΤΙΑΝΟΣ
2892 3123 3078 3180 εἶπεν·
3135 3127 3366 3180 Πάντων
3428 3126 3538 3179 τῶν
3610 3128 3812 3195 ἀγαθῶν

2249 3221 2442 3275 οὐδένα
2474 3221 2651 3291 φαμὲν
2683 3219 2856 3274 αἴτιον
2905 3214 3048 3273 εἶναι
3080 3220 3128 3272 ει
3161 3217 3238 3290 μὴ
3287 3218 3381 3271 τὸν
3428 3218 3564 3272 Θεὸν
3589 3259 3603 3284 ,
3654 3219 3809 3274 κακοῦ

2248 3314 2307 3368 δὲ
2333 3313 2420 3369 οῦ.

2319 3408 2433 3462 Καὶ
2493 3405 2814 3478 ἀποκριθεὶς
2865 3406 2894 3457 6
2939 3403 3190 3459 ΣΑΡΑΚ.
3236 3398 3430 3456 εἶπενο
3479 3402 3615 3456 Τίνα
3651 3403 3812 3471 λέγεις

2247 3499 2422 3551 αἴτιον
2455 3495 2729 3551 εἶναιτῶν
2763 3496 2954 3550 κακῶν
2981 3513 2995 3562 ;

2319 3592 2360 3644 0
2387 3591 2613 3643 ΧΡΙΣΤ.
2629 3590 2733 3642 Τὸν
2751 3589 2858 3642 ἀπὸ
2886 3588 3114 3658 γνώμης
3136 3587 3267 3642 ὄντα
3298 3588 3549 3643 διάϐολον
3569 3588 3808 3660 δηλονότι,

2247 3683 2342 3735 καὶ
2369 3684 2520 3752 ἡμᾶς
2544 3681 2673 3744 τοὺς
2698 3679 3044 3751 ἀνθρώπους.

2318 3775 2359 3825 0
2387 3773 2636 3826 ΣΑΡΑΚ.
2671 3771 2847 3842 Χάριν
2886 3771 3074 3837 τίνος;

2321 3864 2362 3916 o
2391 3863 2619 3916 ΧΡιΣΤ.
2663 3862 2760 3916 Διά
2784 3849 2865 3916 ’τὸ
2904 3863 3275 3927 αὐτεξούσιον.

629 3951 875 4008 SAllAC.
909 3950 1052 4018 Quid
1080 3953 1248 4022 ergo?
1271 3951 1528 4008 Liherine
1552 3969 1614 4008 es
1639 3954 1854 4008 arbitrii
1879 3995 1892 4018 ,
1912 3961 1966 4007 et
1991 3970 2140 4023 qua:-

555 4058 777 4112 cunque
812 4044 894 4099 vis
926 4059 1089 4113 agere
1117 4044 1317 4099 vales?

622 4135 901 4192 CHRIST.
943 4139 1018 4192 Ex
1050 4139 1270 4194 duobus
1301 4138 1460 4204 solis,
1485 4139 1542 4194 in
1571 4139 1680 4193 alio
1711 4139 1983 4194 formatus
2030 4153 2141 4194 non

554 4229 632 4284 fui
671 4245 699 4283 a
735 4229 842 4285 Deo
869 4230 1014 4284 liber
1044 4231 1302 4286 arbitrio.

624 4321 873 4377 SARAC.
918 4323 1050 4389 Quae
1080 4333 1213 4378 sunt
1244 4323 1401 4380 hac?

620 4416 900 4471 CHRIS'I‘.
943 4417 1090 4472 Bona
1115 4434 1283 4488 agens
1310 4435 1417 4474 non
1452 4419 1617 4474 timeo
1649 4421 1823 4492 legem
1844 4461 1859 4486 ,
1887 4423 2023 4494 quin
2050 4439 2143 4494 po-

549 4510 663 4564 tius
700 4519 752 4564 et
790 4510 1102 4565 mercedem
1143 4519 1196 4564 et
1237 4512 1683 4568 misericordiam
1724 4529 1753 4568 a
1795 4514 1904 4570 Deo
1937 4531 2136 4573 conse-

549 4616 730 4672 quor:
767 4602 916 4656 haud
949 4602 1109 4657 aliter
1141 4606 1308 4658 etiam
1350 4603 1606 4659 diabolus
1635 4605 1857 4675 (fuisset
1887 4625 2140 4663 consecu-

552 4690 692 4763 tus).
735 4691 954 4748 Primus
990 4693 1154 4746 homo
1190 4692 1347 4748 liberi
1389 4695 1610 4749 arbitrii
1661 4695 1936 4753 formatus
1989 4707 2075 4755 est
2108 4715 2139 4755 a

549 4782 661 4838 Deo
683 4823 698 4848 ,
740 4791 793 4838 et
828 4784 1118 4852 peccavit;
1150 4782 1296 4838 Deus
1327 4799 1462 4838 vero
1491 4785 1558 4839 de
1589 4787 1822 4855 preprio
1859 4795 2005 4842 statu
2042 4789 2139 4844 de-

2318 3955 2360 4006 0
2382 3953 2634 4005 ΣΑΡΑΚ.
2661 3952 2726 4004 Τί
2748 3946 2869 4017 οῦν;
2904 3951 3250 4015 αὑτεξούσιος
3299 3945 3371 4015 εἴ,
3416 3948 3514 4003 καὶ
3535 3949 3635 4002 ὅσα
3655 3947 3809 4009 θέλεις

2245 4041 2475 4096 δύνασαι
2505 4044 2680 4094 ποιεῖν
2702 4059 2717 4107 ;

2315 4143 2357 4192 0
2398 4138 2622 4192 ΧΡΙΣΤ.
2669 4139 2766 4192 Ἐκ
2806 4137 2900 4191 δύο
2930 4135 3128 4209 μόνων,
3161 4137 3220 4190 έν
3245 4135 3394 4207 ἄλλῳ
3421 4134 3486 4188 οὐ
3514 4133 3810 4201 πέπλασμαι

2245 4231 2351 4285 ὑπὸ
2372 4230 2510 4283 Θεοῦ
2541 4230 2908 4293 αὐτεξούσιος.

2167 4312 2210 4371 C
2319 4328 2362 4378 Ο
2391 4325 2641 4379 ΣΑΡΑΚ.
2678 4325 2816 4378 Ποῖα
2845 4322 3061 4389 ταῦταῖ

2319 4419 2360 4471 Ο
2390 4418 2618 4471 ΧΡΙΣΤ.
2639 4417 2719 4470 Τὰ
2746 4417 2891 4470 κακὰ
2911 4432 2930 4456 σ
2963 4416 3063 4486 μὲν
3089 4416 3347 4487 πράττων
3362 4414 3424 4468 οὐ
3446 4410 3612 4482 φοϐοῦ
3621 4428 3710 4482 μαι
3733 4409 3803 4462 τοι

2247 4509 2413 4580 νόμον
2439 4550 2453 4574 ,
2491 4507 2628 4561 ἀλλὰ
2673 4509 2767 4562 καὶ
2799 4508 3049 4578 τιμῶμαι
3077 4549 3091 4569 ,
3128 4509 3224 4561 καὶ
3259 4506 3523 4576 έλεοῦμαι
3580 4505 3680 4558 ὑπὸ
3724 4501 3806 4555 τοῦ

2246 4595 2408 4650 Θεοῦ.
2454 4595 2688 4665 Ὁμοίως
2721 4598 2815 4649 καὶ
2865 4599 2894 4650 6
2937 4596 3206 4660 διάϐολος.
3262 4596 3492 4666 Πρῶτος
3544 4595 3807 4666 ἄνθρωπος

2246 4687 2596 4755 αὐτεξούσιος
2646 4687 2956 4742 πέπλασται
2987 4688 3091 4741 ὑπὸ
3121 4688 3217 4741 τοῦ
3255 4687 3394 4741 Θεοῦ
3437 4689 3531 4741 καὶ
3581 4688 3806 4756 ἡμάρτη-

2249 4797 2360 4846 σεν,
2392 4780 2488 4833 καὶ
2515 4782 2543 4833 6
2586 4779 2723 4842 Θεὸς
2761 4779 2862 4850 τῆς
2918 4780 3056 4843 ιδίας
3102 4779 3315 4844 τάξεως
3364 4781 3600 4846 ἐξέωσεν
3641 4777 3802 4832 αὑτόν.

548 4875 800 4931 turbavit
831 4893 978 4932 eum.
1021 4878 1091 4930 At
1139 4876 1380 4932 fortasse
1415 4879 1584 4932 etiam
1627 4878 1784 4934 dicas
1826 4881 1959 4935 mihi
1998 4881 2141 4951 obji-

2259 4873 2401 4925 Ἀλλ’
2445 4873 2577 4936 ἴσως
2608 4875 2704 4925 καὶ
2746 4871 2931 4940 λέγεις
2974 4890 3067 4941 μοι
3091 4873 3393 4939 ἀντιλέγων
3412 4888 3426 4903 ·
3460 4871 3598 4926 Ποῖά
3627 4873 3751 4923 εἰσιν
3775 4867 3804 4920 ἃ

547 4969 786 5026 ciendo:
825 4972 1088 5035 Quaenam
1130 4979 1260 5024 sunt
1289 4985 1412 5041 qua:
1447 4971 1580 5024 mihi
1623 4972 1869 5041 loqueris
1903 4973 2047 5027 bona
2086 4982 2142 5028 et

2247 4965 2427 5032 λέγεις
2463 4981 2554 5034 μοι
2595 4963 2736 5017 καλὰ
2775 4965 2870 5017 καὶ
2911 4963 3102 5029 κακά;
3135 4963 3156 5002 ί
3204 4964 3334 5017 Ἰδοὺ
3383 4964 3536 5034 ἥλιος
3561 5003 3575 5027 ,
3628 4961 3801 5029 σελήνη

547 5064 741 5119 mala?
793 5063 938 5121 Ecce
994 5064 1134 5132 so|,.
1166 5065 1298 5119 luna
1338 5074 1393 5120 et
1431 5065 1601 5120 stellae
1643 5065 1802 5120 bonae
1838 5073 2009 5121 sunt:
2053 5065 2141 5121 fac

2249 5057 2345 5110 καὶ
2371 5057 2606 5127 ἀστέρες
2634 5056 2790 5109 καλοί
2818 5058 2958 5110 εἰσιν
2979 5073 2992 5087 ·
3013 5057 3242 5128 ποίησον
3271 5056 3332 5109 ἒν
3352 5058 3416 5109 ὲκ
3440 5056 3648 5108 τούτων
3669 5071 3681 5084 ·
3708 5057 3730 5094 ⁸
3748 5053 3802 5104 οὐ

547 5173 718 5212 unum
754 5173 821 5213 ex
851 5158 962 5213 his.
992 5155 1113 5213 Non
1147 5166 1440 5229 propterea
1473 5156 1697 5226 praedixi
1732 5157 1834 5212 tibi
1868 5158 2136 5213 adversus

2247 5149 2436 5205 τούτου
2501 5151 2666 5220 χάριν
2704 5150 2961 5221 προλέγω
3019 5168 3099 5203 σοι
3151 5149 3292 5203 κατὰ
3355 5149 3466 5201 τῶν
3520 5146 3805 5218 ἀνθρώπων

547 5250 837 5316 homines,
877 5267 1076 5322 operor
1111 5251 1255 5306 bona
1301 5259 1357 5306 et
1396 5251 1562 5306 mala.
1605 5251 1755 5306 Bona
1795 5259 1926 5306 sunt
1965 5251 2136 5322 igitur

2247 5246 2551 5316 ἐργάζομαι
2595 5245 2736 5298 καλὰ
2766 5247 2862 5298 καὶ
2885 5245 3033 5300 κακά
3058 5246 3105 5299 δ.
3141 5244 3322 5298 Καλὸν
3355 5244 3456 5314 μὲν
3483 5284 3498 5307 ,
3541 5237 3652 5296 οἷόν
3678 5242 3797 5299 ἐστι,

546 5341 642 5397 Dei
676 5345 1006 5413 gloriﬁcatio
1037 5352 1091 5398 et
1121 5345 1307 5400 oratio
1335 5363 1348 5398 :
1389 5346 1532 5400 mala
1573 5354 1756 5399 autem
1796 5353 1927 5400 sunt
1961 5344 2134 5399 forni-

2247 5338 2518 5409 Βοξολογία
2567 5339 2707 5393 Θεοῦ
2760 5342 2858 5393 καὶ
2905 5341 3212 5411 προσευχὴ.
3247 5338 3413 5392 Κακὰ
3459 5337 3539 5404 δὲ,
3573 5333 3796 5405 πορνεία,

546 5436 714 5504 catio,
739 5436 969 5492 furtum.
994 5437 1456 5510 Quandoquidem
1486 5437 1764 5510 quomodo
1785 5438 1868 5492 ais
1899 5448 1955 5492 tu
1989 5437 2128 5492 mala

2247 5435 2440 5507 κλεψία
2463 5453 2476 5469 ο
2511 5437 2636 5490 ἐπεὶ
2685 5438 2762 5500 ὡς
2802 5435 2984 5505 λέγεις
3022 5438 3086 5490 σὺ
3125 5434 3268 5490 καλὰ
3294 5435 3390 5489 καὶ
3416 5433 3565 5488 κακά
3596 5433 3658 5485 ὲκ
3680 5428 3798 5482 Θεον

1833 5591 1918 5646 VA
1929 5590 2067 5646 ΒΙᾸ]
2107 5590 2506 5647 LECTIONES.

639 5723 666 5754 ι
702 5711 860 5766 Hunc
900 5713 1141 5781 primum
1176 5729 1398 5770 versum
1425 5714 1492 5767 de
1524 5723 1715 5768 uostru
1747 5714 2111 5782 ascripsimus
2150 5713 2340 5770 Graece
2401 5723 2454 5769 et
2496 5713 2710 5770 Latine.
2786 5713 2815 5754 ι)
2844 5714 2922 5767 Ex
2951 5715 3074 5769 eod.
3128 5728 3230 5767 ms.
3289 5712 3433 5768 Bibl.
3497 5711 3791 5782 Vindohon.

547 5795 576 5859 ξ
610 5781 744 5841 Vide
777 5779 1132 5859 @qqinignium
1157 5800 1214 5859 n_.
1244 5784 1297 5851 7,
1331 5784 1544 5859 p.
1572 5855 1583 5859 _
1637 5784 1672 5859 Ad
1705 5782 1867 5859 Forte
1899 5779 2218 5859 αποκρισις,
2260 5787 2569 5859 responsio.
2674 5797 2694 5824 ο
2735 5785 2911 5839 Καλά.
3024 5782 3042 5824 ί
3073 5783 3334 5855 Lequien.
3387 5784 3481 5838 καὶ
3511 5784 3541 5836 6
3570 5782 3709 5836 ΣΔΡ.
3742 5779 3797 5834 Et

547 5852 677 5910 Ean.
782 5857 806 5895 ⁸
833 5854 1291 5925 XPlE.Lequien.
1331 5852 1349 5856 ⁷
1405 5856 1430 5895 Ιι
1461 5855 1532 5908 Τὸ
1561 5853 1922 5925 ἀνθρώπινον.
1952 5856 2031 5910 Id.
