4026 6418
204 434 345 500 1337

1059 426 1520 490 DISPUTATIO
1561 420 1943 486 SARACENI
1971 420 2066 482 ΕΤ
2099 415 2578 481 CHRISTIANI.

3341 405 3480 472 1338

200 541 378 611 εἷναι;
411 542 786 614 Εὐρεθήσεται
814 540 843 594 6
865 538 997 604 Θεὸς
1024 537 1168 594 κατὰ
1192 538 1254 590 σε
1283 537 1489 600 ἄδικος,
1521 536 1660 606 ὅπερ
1681 534 1781 587 οὑκ
1812 565 1823 595 Α

1915 543 2139 599 >ouaque
2166 542 2234 580 ex
2266 525 2379 580 Deo
2406 522 2579 579 esse?
2613 519 2935 577 Invenietur
2980 519 3124 576 Deus
3174 518 3480 576 secundum

202 638 377 693 ἔστιν.
419 635 570 690 Ἐπεὶ
613 633 723 706 γὰρ
762 633 791 687 6
825 631 959 695 Θεὸς
999 627 1356 701 προσέταξεν,
1384 626 1461 690 ib;
1489 628 1554 680 σὺ
1581 625 1786 694 λέγεις,

201 728 296 783 τὸν
326 729 527 799 πόρνον
559 723 887 796 πορνεύειν,
935 721 1031 777 καὶ
1084 721 1176 774 τὸν
1222 719 1462 790 κλέπτην
1510 716 1787 783 κλέπτειν,

201 823 300 876 καὶ
329 821 420 876 τὸν
453 819 784 890 ἀνδροφόνον
816 816 1191 887 ἀνδροφονεϊν,
1232 810 1375 877 ἄξιοί
1407 813 1550 865 εἰσιν
1578 812 1748 881 τιμῆς
1773 826 1788 843 ο

203 915 267 970 τὸ
319 914 432 986 γὰρ
470 914 686 984 θέλημα
731 910 823 966 τοῦ
877 908 1015 964 Θεοῦ
1060 907 1346 978 ἐποίησαν.
1383 904 1792 976 Εὑρεθήσονται

204 1009 306 1064 καὶ
351 1009 402 1062 οἱ
433 1007 724 1078 νομοθέται
759 1021 854 1058 σου
887 1002 1107 1074 ψευδεῖς
1137 1041 1153 1066 ,
1199 1000 1296 1054 καὶ
1339 999 1412 1052 τὰ
1462 997 1645 1068 βιϐλία
1696 1013 1794 1050 σου

204 1102 654 1173 ψευδεπίγραφα,
685 1099 877 1169 ἐπειδὴ
915 1097 1318 1168 προστάττουσι
1346 1093 1444 1148 τὸν
1470 1093 1669 1165 πόρνον
1699 1091 1796 1146 καὶ

203 1194 301 1250 τὸν
348 1193 592 1266 κλέπτην
637 1190 891 1264 δέρεσθαι
951 1189 1291 1259 ποιήσαντας
1333 1185 1396 1239 τὸ
1442 1184 1654 1256 θέλημα
1697 1181 1795 1236 τοῦ

206 1288 384 1352 Θεοῦ,
419 1287 516 1342 καὶ
563 1285 656 1341 τὸν
712 1284 1040 1356 ἀνδροφόνον
1089 1279 1503 1349 ἀποκτανθῆναι
1527 1317 1544 1342 ,
1585 1277 1646 1330 δν
1689 1275 1798 1328 εδει

205 1379 532 1452 τιμηθῆναι,
574 1377 765 1448 ἐπειδὴ
794 1377 855 1430 τὸ
893 1375 1105 1446 θέλημα
1141 1371 1239 1426 τοῦ
1269 1370 1406 1425 Θεοῦ
1440 1369 1720 1440 ἐποίησεν.

291 1555 355 1609 '0
386 1555 444 1608 δὲ
469 1555 722 1609 ΣΑΡΑΚ.
779 1552 875 1617 Τίς
919 1569 1077 1624 φησι,
1142 1550 1370 1604 πλάττει
1417 1548 1486 1604 τὰ
1527 1547 1701 1621 βρέφη
1743 1549 1802 1603 ἐν

209 1649 449 1713 κοιλίαις
478 1648 588 1704 τῶν
617 1646 922 1718 γυναικῶν;
971 1646 1134 1702 τοῦτο
1162 1646 1274 1717 γὰρ
1308 1644 1709 1716 προϐάλλονται
1749 1645 1801 1697 οἱ

209 1747 566 1820 Σαρρακηνοὶ
576 1746 712 1818 πρὸς
729 1748 763 1817 ἡ
773 1747 880 1814 μᾶς
893 1744 1105 1814 πρόϐλη
1113 1761 1188 1814 μα
1211 1742 1540 1809 δεινότατον,
1556 1740 1804 1803 θέλοντες

209 1840 496 1905 ἀποδείξαι
540 1838 632 1893 τὸν
679 1838 812 1892 Θεὸν
859 1838 1034 1892 αἴτιον
1062 1836 1158 1890 τοῦ
1189 1835 1385 1890 κακοῦ.
1430 1835 1494 1888 Ei
1521 1837 1633 1906 γὰρ
1669 1834 1805 1887 ἀπο-

1892 629 1946 678 le
1974 620 2255 690 injustus:
2289 614 2440 686 quod
2482 615 2674 684 utique
2714 627 2824 668 non
2855 621 2968 667 est.
3010 611 3284 678 Quoniam
3321 611 3472 664 enim

1892 711 2040 769 Deus
2072 709 2368 782 praecepit,
2404 714 2462 761 ut
2496 714 2553 760 tu
2587 705 2774 776 inquis
2798 745 2814 769 ,
2861 703 3258 758 fornicatorem
3312 700 3485 755 forni-

1891 805 2009 862 cari
2043 813 2100 859 et
2137 803 2314 858 iurem
2346 800 2523 856 furari
2558 808 2614 854 et
2645 796 2988 853 homicidam
3017 794 3220 850 caedem
3259 794 3482 861 facere,

1893 895 2152 954 mercede
2191 894 2343 965 digni
2376 899 2508 948 sunt
2545 889 2869 960 hujusmodi
2892 931 2908 956 ,
2946 888 3293 944 voluntatem
3331 886 3483 942 enim

1897 990 1992 1048 Dei
2036 990 2311 1044 fecerunt.
2353 985 2712 1042 lnvenientur
2749 999 2976 1054 quoque
3013 981 3364 1052 legislatores
3402 977 3486 1034 tui

1897 1081 2226 1142 mendaces.
2260 1089 2316 1136 et
2347 1078 2474 1134 libri
2511 1077 2588 1131 tui
2627 1077 2791 1142 falsi,
2833 1074 3286 1147 quandoquidem
3327 1086 3487 1127 man.

1897 1174 2036 1229 dant
2069 1173 2460 1230 fornicatorem
2492 1180 2550 1226 et
2580 1169 2759 1225 furem
2790 1169 3070 1225 excoriari
3095 1207 3111 1231 ,
3161 1167 3256 1237 qui
3305 1174 3488 1221 tamen

1899 1263 1996 1322 Dei
2036 1264 2373 1320 voluntatem
2408 1261 2664 1316 fecerunt
2696 1279 2710 1314 :
2757 1259 3103 1316 homicidam
3134 1271 3357 1328 quoque
3402 1255 3490 1310 in-

1899 1357 2075 1412 terﬁci
2097 1398 2113 1423 ,
2143 1371 2307 1426 quem
2340 1353 2571 1424 praemio
2605 1351 2878 1407 cumulari
2915 1350 3254 1422 oportebat,
3287 1347 3491 1419 quippe

1900 1456 1996 1528 qui
2034 1454 2376 1508 voluntatem
2417 1449 2511 1504 Dei
2547 1447 2760 1504 fecerit.

1974 1545 2223 1602 SARAC.
2254 1544 2380 1606 Ait,
2407 1543 2536 1613 quis
2565 1539 2771 1595 format
2797 1535 3042 1592 infantes
3071 1533 3129 1589 in
3158 1531 3338 1587 uteris
3364 1545 3493 1585 mu-

1904 1639 2152 1696 lierum?
2180 1637 2326 1692 istud
2361 1649 2527 1708 porro
2579 1633 2854 1703 objiciunt
2906 1626 3175 1683 Saraceni
3217 1625 3494 1680 adversus

1905 1746 2006 1787 nos
2061 1739 2325 1800 tanquam
2402 1731 2793 1797 argumentum
2850 1717 3326 1782 invictissimum,
3379 1729 3492 1785 quo

1904 1821 2202 1878 ostendere
2231 1820 2511 1883 nituntur,
2543 1815 2715 1870 Deum
2751 1813 2884 1868 mali
2926 1827 3051 1866 esse
3083 1816 3392 1864 auctorem.
3431 1803 3492 1860 Si

214 1900 436 2002 κριθεὶς
473 1931 650 2001 λέγω,
691 1933 774 1985 ὅτι
801 1933 829 1984 6
862 1931 998 1995 Θεὸς
1030 1931 1256 1984 πλάττει
1286 1930 1354 1984 τά
1389 1900 1563 2001 βρέφη
1598 1900 1656 1982 ἐν
1683 1945 1801 1982 κοι-

1915 1917 2054 1972 enim
2102 1911 2456 1984 respondens
2509 1909 2703 1972 dicas,
2758 1907 2932 1962 Deum
2985 1919 3112 1960 esse
3141 1901 3238 1972 qui
3293 1900 3495 1955 format

209 2026 360 2090 λίαις
393 2025 691 2094 γυναικῶν,
727 2027 844 2098 ἐρεῖ
872 2027 900 2078 ὁ
921 2024 1236 2095 Σαρακηνός
1254 2041 1269 2056 ο
1305 2024 1433 2078 Ἰδοὺ
1461 2026 1488 2078 6
1516 2023 1649 2087 Θεὸς
1678 2023 1803 2076 σύν-

211 2119 378 2190 εργός
407 2121 525 2172 ἐστι
552 2117 632 2190 τῷ
676 2118 883 2189 πόρνῳ,
913 2117 1010 2171 καὶ
1038 2117 1116 2184 τῷ
1145 2115 1340 2188 μοιχῷ.

290 2211 334 2263 0
353 2211 583 2265 ΧΡΙΣΤ.
619 2210 762 2280 Πρὸς
793 2209 970 2263 ταῦτα
999 2207 1386 2279 ἀποκρίνεταιο
1417 2206 1685 2278 Οὐδαμῶς
1709 2206 1803 2260 εὑ-

219 2305 396 2375 ρίσκω
426 2303 565 2373 μετὰ
590 2303 690 2374 τὴν
736 2303 962 2375 πρώτην
989 2302 1263 2374 ἑϐδομάδα
1293 2303 1396 2372 τῆς
1441 2298 1806 2372 κοσμοποιίας

213 2397 317 2468 τὴν
349 2397 574 2468 Γραφὴν
608 2395 872 2464 λέγουσαν
907 2395 1169 2450 πλάττειν
1203 2395 1296 2449 τὸν
1338 2394 1474 2447 Θεὸν
1517 2392 1550 2464 ἢ
1597 2392 1806 2456 κτίζειν

211 2506 288 2543 τι.
325 2489 386 2542 Ei
418 2489 476 2542 δέ
505 2487 794 2558 ἀμφιϐαλῇ
839 2489 968 2558 περὶ
1000 2488 1217 2548 τούτου,
1251 2486 1400 2560 δείξῃ
1431 2483 1563 2559 [σοι]
1597 2485 1806 2553 κτίσμα

216 2580 253 2652 ἢ
285 2578 514 2650 πλάσμα
549 2577 931 2650 οἱονδηποτοῦν
988 2581 1003 2620 ί
1055 2579 1191 2648 μετὰ
1227 2579 1327 2646 τὴν
1383 2574 1606 2647 πρώτην
1654 2575 1805 2628 £660-

221 2673 366 2742 μάδα
411 2673 735 2741 γιγνόμενον
793 2671 900 2724 ὑπὸ
946 2669 1042 2723 τοῦ
1093 2669 1230 2722 Θεοῦ
1257 2683 1271 2698 ⁶
1323 2667 1576 2737 οὐδαμῶς
1614 2668 1806 2720 τούτου

219 2764 566 2829 ὑποδεῖξαι).
631 2765 819 2818 Πάντα
867 2763 978 2832 γάρ
1035 2763 1105 2816 τὰ
1148 2759 1322 2831 ὁρατὰ
1374 2761 1658 2830 κτίσματα
1702 2760 1807 2828 τὴν

220 2857 449 2929 πρώτην
497 2857 770 2928 ἑϐδομάδα
802 2857 1117 2925 γεγόνασιν.
1150 2855 1429 2907 Ἐπλασεν
1469 2855 1581 2924 γάρ
1613 2855 1640 2907 6
1673 2852 1810 2916 Θεὸς

220 2949 314 3005 τὸν
342 2949 632 3023 ἄνθρωπον
652 2949 750 3021 τὴν
782 2947 1003 3021 πρώτην
1024 2946 1320 3018 ἑϐδομάδα,
1346 2947 1440 3000 καὶ
1470 2945 1807 3016 προσέταξεν

221 3043 390 3096 αὐτὸν
422 3043 624 3114 γεννᾷν
673 3040 770 3095 καὶ
813 3037 1132 3109 γεννᾶσθαι,
1174 3037 1384 3090 εἰπών’
1423 3056 1441 3088 ι
1472 3034 1804 3100 Λῦξάνεσθε,

221 3136 319 3190 καὶ
361 3133 726 3206 πληθύνεσθε,
782 3133 879 3186 καὶ
917 3129 1250 3202 πληρώσατε
1303 3129 1403 3200 τὴν
1454 3129 1582 3198 γῆν.
1624 3147 1642 3181 ι
1696 3127 1808 3182 Καὶ

223 3229 414 3301 ἐπειδὴ
469 3228 711 3301 ἔμψυχος
760 3222 829 3298 ἦν
875 3227 904 3279 6
951 3223 1242 3295 ἄνθρωπος
1287 3221 1532 3292 ἔμψυχον
1584 3219 1808 3291 σπέρμα

225 3325 390 3395 ἔχων,
425 3325 482 3376 ἐν
515 3325 580 3394 τῇ
630 3323 738 3393 ίδία
778 3321 1006 3390 γυναικὶ
1041 3318 1221 3390 σπορὰ
1245 3315 1490 3385 ἁνεφύει.
1521 3315 1686 3367 Ὥστε
1717 3313 1811 3367 άν-

233 3415 452 3487 θρωπος
483 3412 772 3486 ἄνθρωπον
809 3412 998 3483 γεννᾷ,
1032 3410 1286 3479 καθάπερ
1317 3410 1351 3478 ἡ
1387 3407 1579 3478 Γραφὴ
1624 3405 1809 3474 λέγειο

235 3528 252 3560 ι
304 3507 480 3577 ’Δδὰμ
511 3506 620 3577 γὰρ
651 3505 910 3575 ἐγέννησε
957 3502 1050 3556 τὸν
1087 3501 1211 3566 Σέθ,
1249 3499 1346 3554 καὶ
1372 3501 1401 3553 6
1425 3499 1526 3552 Σέθ
1553 3497 1814 3567 ἐγέννησε

225 3597 321 3651 τὸν
359 3596 529 3661 Ἐνὼς
553 3638 567 3662 ,
621 3597 714 3650 καὶ
753 3594 922 3658 Ἐνὼς
964 3593 1223 3664 ἐγέννησε
1270 3591 1362 3644 τὸν
1409 3591 1622 3645 Καϊνὰν
1649 3630 1664 3654 ,
1719 3590 1816 3644 καὶ

229 3692 444 3748 Καϊνὰν
475 3692 735 3761 ἐγέννησε
763 3691 855 3744 τὸν
883 3687 1195 3762 Μαλαλεὴλ,
1221 3687 1316 3741 καὶ
1338 3685 1634 3756 Μαλαλεὴλ
1666 3685 1816 3754 ἐγέν-

232 3805 364 3858 νησε
393 3787 484 3840 τὸν
515 3784 707 3856 Ἑνώχ.
735 3802 754 3836 ι
786 3783 898 3838 Καὶ
927 3783 1027 3836 οῦκ
1053 3777 1208 3836 εἶπεν
1243 3780 1303 3836 '0
1331 3778 1465 3844 Θεὸς
1491 3778 1694 3833 ἔπλασε
1724 3775 1818 3830 τὸν

234 3877 364 3950 Σὴθ,
396 3877 428 3949 ἢ
453 3878 544 3930 τὸν
576 3875 767 3941 Ἐνώς,
794 3873 829 3946 ἢ
860 3873 1022 3927 ἄλλον
1051 3871 1176 3926 τινά
1199 3887 1214 3902 ⁶
1249 3871 1345 3924 καὶ
1372 3867 1624 3924 ἐντεῦθεν
1648 3867 1817 3936 γινώ-

234 3987 462 4041 σκομεν,
491 3971 574 4023 ὅτι
605 3966 919 4040 μονώτατος
963 3965 1276 4019 πέπλασται
1303 3966 1331 4018 6
1377 3962 1550 4032 Ἀδὰμ
1589 3961 1696 4015 ὑπὸ
1720 3959 1816 4014 τοῦ

233 4063 373 4117 Θεοῦ
399 4105 415 4128 ,
462 4061 514 4115 οἶ
559 4078 621 4114 τε
682 4060 799 4131 μετ’
830 4060 1040 4112 ἐκεῖνον
1081 4055 1380 4127 γεννῶνται
1411 4054 1506 4110 καὶ
1552 4053 1820 4123 γεννῶσιν

232 4156 340 4219 ἕως
381 4153 476 4208 τοῦ
523 4152 812 4224 παρόντος.
859 4151 972 4205 Καὶ
1015 4149 1188 4213 οὕτως
1226 4149 1409 4220 χάριτι
1462 4145 1558 4201 τοῦ
1607 4143 1746 4200 Θεοῦ
1791 4147 1821 4198 6

233 4246 442 4313 κόσμος
493 4241 832 4298 συνίσταται.
889 4238 1107 4309 Ἐπειδὴ
1157 4238 1252 4292 καὶ
1289 4238 1440 4290 πᾶσα
1474 4233 1672 4306 βοτάνη
1722 4231 1820 4286 καὶ

233 4337 403 4409 φυτὸν
429 4335 726 4406 προστάξει
753 4333 848 4388 τοῦ
883 4332 1021 4387 Θεοῦ
1060 4331 1173 4385 ἀπὸ
1209 4329 1332 4384 τότε
1362 4329 1532 4400 γεννᾷ
1575 4327 1672 4381 καὶ
1699 4343 1822 4396 γεν-

233 4433 416 4487 νᾶται.
456 4431 602 4500 Ἔφη
629 4429 740 4497 γάρ
767 4427 796 4480 6
827 4427 960 4490 Θεὸς
983 4441 997 4456 ο
1037 4446 1054 4477 ι
1093 4422 1464 4494 Βλαστησάτω
1489 4425 1522 4493 ἡ
1555 4421 1629 4490 γῆ
1659 4420 1820 4491 βοτά-

234 4543 334 4596 νην
359 4524 578 4594 χόρτου.
614 4539 634 4571 ›
671 4520 827 4573 Κατὰ
871 4519 932 4571 τὸ
968 4517 1306 4588 πρόσταγμα
1336 4514 1505 4568 αὑτοῦ
1543 4513 1821 4584 ἐϐλάστη-

1906 2005 2152 2062 inl'antes
2202 2004 2257 2058 in
2305 2002 2482 2058 uteris
2516 2000 2814 2055 mulierum
2837 2037 2853 2061 ,
2891 2002 3108 2065 regeret
3138 1991 3492 2048 Saracenus:

1905 2101 2052 2170 Ergo
2082 2096 2228 2153 Deus
2256 2101 2591 2166 cooperatur
2620 2107 2754 2147 cum
2789 2089 3134 2144 fornicatore
3163 2093 3218 2140 et
3253 2081 3494 2139 moecho.

1976 2212 2252 2270 CHRIST.
2289 2211 2467 2281 igitur
2493 2208 2559 2264 ad
2596 2207 2714 2262 haac
2745 2203 3045 2275 respondet
3083 2221 3097 2256 :
3134 2199 3299 2255 Nullo
3330 2196 3496 2254 modo

1908 2308 2127 2364 invenio
2183 2312 2309 2376 post
2360 2302 2595 2372 primam
2643 2295 3046 2355 hebdomadam
3093 2309 3202 2365 qua
3255 2291 3498 2346 mundus

1908 2401 2092 2456 factus
2127 2407 2250 2463 est,
2285 2397 2634 2465 Scripturam
2677 2398 3044 2453 asscrentem,
3095 2385 3244 2458 quod
3297 2386 3500 2440 formet

1909 2492 2054 2546 Deus
2087 2490 2170 2544 vel
2204 2498 2354 2542 creet
2381 2482 2709 2555 quidquam.
2739 2480 2895 2546 Quod
2932 2481 2978 2534 si
3014 2478 3108 2532 ille
3137 2491 3244 2531 non
3274 2473 3500 2544 acquie-

1910 2597 2029 2640 scat
2061 2584 2212 2637 circa
2248 2580 2386 2642 hoc.
2419 2573 2678 2632 ostendat
2711 2572 3100 2645 (Christianus
3129 2577 3143 2625 ι
3182 2574 3498 2623 creaturam

1911 2678 1994 2732 vel
2046 2675 2365 2744 ﬁgmentum
2423 2668 2798 2741 quodcunque
2848 2672 2972 2734 post
3028 2662 3263 2733 primam
3294 2655 3502 2712 hebdo-

1909 2767 2128 2823 madam
2190 2780 2219 2818 a
2275 2763 2387 2818 Deo
2443 2775 2569 2816 esse
2635 2758 2957 2813 nullatenus
3009 2751 3253 2809 ostendi.
3295 2749 3502 2810 Omnes

1909 2861 2057 2918 enim
2123 2857 2374 2912 visibiles
2424 2862 2703 2908 creaturae
2764 2849 2944 2920 prima
3001 2841 3350 2901 hebdomada
3409 2855 3506 2895 ex-

1911 2955 2200 3009 stiterunt.
2252 2946 2540 3003 Formavit
2592 2945 2740 3000 enim
2800 2941 2945 2996 Deus
2996 2937 3278 2993 hominem
3325 2933 3504 3004 prima

1912 3039 2256 3099 hebdomada
2283 3055 2296 3104 ;
2326 3039 2491 3108 eique
2517 3032 2805 3090 mandavit
2847 3037 2907 3085 ut
2955 3029 3206 3100 gigneret
3231 3033 3286 3080 et
3315 3024 3507 3095 gigne-

1912 3146 2090 3198 retur,
2132 3133 2396 3204 inquiens
2430 3149 2444 3185 :
2483 3148 2501 3182 ι
2529 3127 2782 3184 Crescite
2822 3132 2878 3180 et
2920 3117 3411 3191 multiplicamini,
3453 3123 3508 3170 et

1914 3229 2127 3300 replete
2161 3236 2360 3281 terram
2394 3223 2434 3276 ¹.
2467 3240 2485 3273 ι
2515 3221 2581 3275 Ει
2606 3216 2870 3290 quoniam
2903 3212 3164 3268 animalis
3193 3219 3311 3264 erat
3343 3208 3509 3260 homo

1915 3321 2157 3378 animale
2191 3334 2380 3375 semen
2417 3317 2667 3379 habens,
2700 3313 2754 3366 in
2783 3308 3006 3380 propria
3039 3319 3212 3362 uxore
3243 3299 3508 3357 sementis

1915 3413 2283 3488 germinabat.
2323 3406 2691 3476 Quamobrem
2749 3403 2916 3456 homo
2967 3397 3247 3452 hominem
3297 3391 3505 3462 gignit,

1919 3483 1981 3564 ut
2020 3505 2315 3575 Scriptura
2354 3500 2534 3555 dicit:
2571 3518 2589 3549 ι
2618 3495 2793 3550 Adam
2834 3491 2982 3548 enim
3017 3489 3209 3560 genuit
3245 3483 3418 3549 Seth,
3450 3488 3508 3537 et

1918 3601 2050 3658 Seth
2107 3598 2297 3671 genuit
2349 3593 2537 3655 Enos,
2588 3601 2643 3645 et
2699 3588 2850 3642 Euos
2899 3583 3098 3656 genuit
3155 3579 3412 3641 Kainan,
3453 3588 3509 3631 et

1916 3667 2133 3749 Kainan
2170 3688 2362 3761 genuit
2393 3683 2644 3740 Malaleel
2671 3724 2687 3749 ,
2719 3689 2772 3736 et
2801 3675 3053 3733 Malaleel
3093 3673 3285 3744 genuit
3310 3667 3465 3723 Jaret
3491 3708 3506 3733 ,

1916 3783 2072 3839 Jaret
2104 3755 2286 3835 autem
2318 3775 2509 3848 genuit
2539 3771 2729 3827 Enoch
2764 3772 2804 3826 ³.
2841 3788 2858 3821 ι
2889 3767 3064 3821 Porro
3093 3779 3201 3818 non
3231 3759 3412 3815 dixit:
3447 3755 3512 3811 Et

1921 3877 2066 3932 Deus
2099 3870 2363 3927 formavit
2413 3865 2547 3920 Seth
2602 3862 2684 3916 vel
2720 3861 2908 3922 Enos,
2959 3856 3042 3912 vel
3097 3855 3262 3907 alium
3304 3864 3507 3920 quem—

1919 3968 2087 4040 piam.
2137 3957 2668 4039 Hinc.agnoscimus
2713 3969 2886 4007 unum
2928 3961 3163 4021 prorsus
3210 3939 3512 3998 formatum

1921 4057 2098 4114 fuisse
2123 4056 2297 4110 Adam
2331 4069 2362 4107 a
2395 4053 2505 4106 Deo
2535 4068 2549 4104 :
2585 4049 2680 4120 qui
2708 4060 2842 4100 vero
2873 4051 2996 4114 post
3023 4040 3178 4094 illum
3216 4043 3384 4098 sunt,
3419 4046 3514 4101 ge-

1921 4156 2194 4216 nerantur
2230 4155 2285 4202 et
2324 4153 2595 4216 generant
2645 4154 2825 4209 usque
2863 4137 2918 4189 in
2961 4144 3204 4204 praesens
3259 4136 3512 4196 tempus,

1921 4250 2089 4314 atque
2115 4241 2222 4295 hoc
2248 4238 2414 4292 modo
2441 4252 2509 4290 ex
2531 4234 2628 4288 Dei
2658 4229 2930 4288 beneﬁcio
2957 4223 3200 4280 mundus
3223 4231 3519 4275 conserva-

1921 4309 2030 4390 tur.
2079 4330 2341 4399 Quinimo
2391 4330 2558 4382 etiam
2605 4325 2790 4379 omnis
2839 4319 3010 4374 herba
3045 4322 3100 4369 et
3137 4313 3318 4382 planta
3350 4309 3516 4379 jussu

1921 4426 2018 4482 Dei
2053 4441 2120 4480 ex
2156 4438 2222 4479 eo
2254 4430 2504 4490 tempore
2536 4423 2764 4488 generat
2800 4424 2854 4468 et
2891 4416 3212 4482 generatur.
3247 4404 3336 4456 Ait
3366 4407 3514 4456 enim

1923 4516 2114 4573 Deus:
2152 4531 2172 4566 ι
2203 4511 2492 4568 Germinet
2543 4519 2690 4564 terra
2749 4505 2977 4560 herbam
3042 4498 3154 4554 feni
3215 4497 3260 4562 ³,
3293 4513 3311 4548 ι
3350 4501 3521 4562 atque

235 4577 333 4671 σέν
362 4577 593 4670 ἕκαστον
625 4613 844 4684 δένδρον
866 4653 880 4677 ,
913 4577 1052 4674 εἶδος
1076 4607 1099 4646 ¹ι
1153 4577 1387 4680 βοτάνης
1433 4608 1529 4662 καὶ
1559 4606 1727 4678 φυτοῦ
1764 4577 1821 4660 ἐν

1923 4607 2079 4678 juxta
2108 4613 2441 4673 praeceptum
2471 4599 2594 4669 ejus
2621 4593 2954 4669 germinavit
2975 4603 3195 4645 omnem
3221 4577 3516 4646 arborem,

236 4707 416 4778 ἑαυτῷ
442 4707 556 4777 ἔχει
589 4704 974 4777 σπερματικὴν
1005 4701 1258 4776 δύναμιν.
1301 4701 1360 4755 Ἦ
1399 4701 1578 4774 σπορὰ
1606 4700 1662 4754 δὲ
1689 4717 1825 4752 παν-

236 4803 332 4865 τὸς
361 4798 532 4870 φυτοῦ
558 4799 655 4851 καὶ
685 4797 916 4868 βοτάνης
943 4793 1187 4866 ἔμψυχός
1217 4796 1386 4858 ἐστιν,
1413 4793 1536 4864 ἥτις
1560 4794 1617 4845 ἐν
1649 4795 1716 4864 τῇ
1749 4793 1821 4863 γῇ

241 4893 406 4948 πάλιν
433 4891 518 4960 ἐφ’
555 4890 752 4961 ἑαυτῆς
787 4889 1085 4953 πίπτουσα,
1131 4887 1164 4958 ἢ
1193 4888 1288 4941 καὶ
1317 4887 1423 4942 ὑπὸ
1461 4886 1626 4942 ἄλλου
1667 4902 1824 4938 σπει-

245 4986 472 5058 ρομένη,
499 4984 824 5056 βλαστάνει·
863 4982 939 5054 μὴ
969 4979 1318 5051 πλαττομένη
1347 4982 1452 5036 ὑπό
1477 4998 1644 5043 τινος,
1688 4975 1826 5032 ἀλλὰ

239 5079 323 5150 τῷ
356 5077 562 5149 πρώτῳ
596 5075 986 5149 προστάγματι
1019 5072 1114 5127 τοῦ
1149 5072 1286 5126 Θεοῦ
1337 5071 1748 5135 ὑπακούσαντος
1776 5068 1823 5124 ι.

254 5171 391 5226 Ἰδοὺ
419 5168 551 5239 ἐγὼ,
582 5168 729 5224 καθὰ
760 5167 954 5241 πρώην
983 5165 1143 5236 ἔφην,
1177 5163 1528 5230 αὑτεξούσιος
1553 5162 1628 5217 ὢν
1662 5166 1720 5217 ἐν
1744 5157 1827 5226 οἷς

247 5263 436 5337 μόνοις
465 5265 745 5335 προεῖπα,
789 5263 926 5316 ὅπου
975 5260 1073 5314 ἐὰν
1120 5259 1372 5330 σπείρω,
1423 5258 1529 5312 κᾶν
1580 5259 1662 5321 είς
1693 5255 1830 5312 ἰδίαν

320 5440 339 5474 ¹
371 5437 512 5497 Gen.
571 5453 610 5505 ι,
632 5435 725 5493 28.
791 5439 812 5469 ’
837 5434 976 5493 Gen.
999 5451 1052 5502 v,
1085 5433 1120 5488 5
1149 5448 1304 5504 seqq.
1382 5431 1404 5464 ³
1439 5430 1576 5488 Gen.
1638 5447 1677 5494 ι,
1709 5431 1800 5485 ll.

1929 4706 1983 4754 et
2018 4697 2236 4769 species
2280 4693 2543 4764 quaslibet
2591 4690 2777 4745 herba:
2825 4685 2912 4741 vel
2959 4683 3196 4754 plantm,
3233 4680 3287 4732 in
3314 4681 3520 4731 semet-

1931 4793 2049 4864 ipsa
2085 4790 2249 4845 habet
2282 4788 2393 4842 vim
2427 4782 2820 4841 sementinam.
2881 4773 3160 4833 Sementis
3209 4783 3379 4842 porro
3421 4781 3521 4821 cu-

1926 4884 2107 4956 jusvis
2157 4883 2357 4953 plantae
2406 4879 2491 4933 vel
2542 4875 2726 4931 herba:
2778 4869 3037 4926 animalis
3073 4873 3202 4930 est;
3236 4877 3359 4934 qua:
3393 4874 3520 4956 rur-

1932 4991 2028 5032 sus
2060 4975 2115 5030 in
2145 4983 2349 5030 terram
2382 4985 2480 5041 per
2510 4984 2570 5024 se
2603 4964 2903 5030 decidens,
2933 4961 3016 5015 vel
3062 4959 3233 5013 etiam
3286 4953 3356 5009 ab
3408 4949 3521 5004 alio

1933 5077 2050 5125 sata
2083 5065 2394 5137 germinat,
2429 5077 2542 5118 non
2581 5060 2815 5116 formata
2856 5071 2886 5109 a
2920 5064 3205 5125 quoquam
3226 5087 3242 5110 .
3278 5042 3376 5102 sed
3409 5043 3523 5114 pri-

1934 5177 2038 5216 ma:
2069 5159 2168 5214 Dei
2202 5157 2444 5229 jussioni
2479 5169 2689 5211 morem
2723 5163 2946 5223 gerens.
2977 5144 3124 5200 Ecce
3151 5155 3253 5213 ego
3276 5182 3290 5207 ,
3325 5149 3521 5209 quem-

1935 5224 2233 5307 admodum
2264 5256 2426 5305 antea
2453 5247 2704 5302 dixeram
2728 5283 2744 5312 ,
2780 5241 2954 5296 libero
2986 5234 3258 5309 praaditus
3288 5224 3525 5285 arbitrio

1529 5583 1768 5641 VARIA'I
1795 5578 2202 5639 LECTIONES.

326 5720 343 5761 ί
385 5713 718 5786 Lequienius
763 5731 779 5770 :
815 5715 865 5768 εί
895 5710 954 5766 δέ
981 5711 1211 5782 ἀπορεῖς
1243 5705 1580 5786 πρὸς-τοῦτο,
1615 5703 1788 5786 δεῖξον
1822 5699 2050 5786 πλάσμα

1641 5773 1654 5824 i
1691 5772 2026 5840 Lequienius
2055 5786 2071 5824 :

250 5777 496 5847 ostende.
532 5785 847 5856 ﬁgmentum
880 5792 974 5838 aut
1004 5777 1320 5856 creaturam
1351 5777 1544 5856 ullam.

2144 5695 2322 5749 κτίσιν
2355 5687 2714 5747 οίαντιναοῦν.
2745 5685 2843 5741 Sin
2874 5698 3008 5741 vero
3031 5680 3099 5737 de
3131 5678 3236 5735 hoc
3280 5675 3525 5749 dubitas,

2134 5745 2321 5822 ⁷δέ
2339 5745 2726 5831 ἀποδειχθῆναι
2746 5755 2918 5831 τοῦτο.
2932 5755 2994 5831 at?
3016 5751 3263 5831 δύναται.
3391 5745 3527 5814 Leq.

249 5816 1322 5933 ἵιῖἱῖἓῗδιῖξςέὶωρὶέἓῖηἷ“›ἱαῖ“ξξὲἓῦ“ἑ’ἐ
1631 5816 2287 5900 Stﬁﬁi'iiéi'éii.i:£i5§"ei
2300 5816 2490 5904 planta
2515 5816 2583 5890 ἕι
2615 5816 2820 5900 seipsa.
2901 5823 2922 5866 ι
2945 5823 3112 5884 Forte
3145 5816 3528 5879 ὑπακούσασιν..
