4026 6406
552 373 687 440 1339

2001 384 2384 450 ADDENDA.

3685 403 3806 469 1340

549 495 603 548 in
629 494 696 549 iis
724 492 993 550 duntaxat
1018 509 1142 564 qua:
1173 495 1436 565 praefatus
1468 511 1590 551 sum
1616 515 1631 564 ;
1682 497 2002 569 ubicunque
2047 517 2117 556 se.

2241 505 2479 572 γυναῖκα
2506 548 2521 573 ,
2560 509 2664 563 κᾶν
2702 512 2785 578 είς
2831 514 3125 587 ἀλλοτρίαν
3159 517 3226 587 τῇ
3265 515 3490 587 ἐξουσίᾳ
3541 534 3636 587 μου
3669 523 3803 590 χρώ-

549 587 783 653 minem,
820 587 938 643 sive
970 587 1025 642 in
1060 589 1341 659 propriam
1373 605 1598 645 uxorem
1629 590 1748 645 sive
1791 592 1846 645 in
1874 591 2134 659 alienam,

2241 611 2439 664 μενος,
2490 599 2890 660 ἀναϐλαστάνει
2928 610 3022 662 καὶ
3054 609 3268 677 γίνεται
3309 609 3385 679 τῷ
3421 609 3622 680 πρώτῳ
3647 629 3802 682 προσ.

546 695 672 734 meo
704 696 842 737 usus
873 681 1131 746 arbitrio,
1167 683 1477 738 succrescit
1510 694 1564 738 et
1591 684 1866 754 germinat
1893 700 1990 754 per
2013 687 2117 742 obe

2234 688 2478 758 τάγματι
2501 692 2596 745 τοῦ
2620 694 2756 750 Θεοῦ
2788 699 3168 754 ὑπακούουσα.
3194 702 3307 771 Οὐχ
3341 703 3425 755 ὅτι
3455 703 3549 754 καὶ
3574 703 3661 756 νῦν
3688 706 3802 758 καθ’

547 773 812 827 dientiam
859 773 1054 843 prima:
1089 773 1182 829 Dei
1212 775 1476 844 jussioni.
1521 773 1643 829 Non
1688 776 1837 844 quod
1871 779 1955 831 vel
1989 793 2136 832 nunc

546 865 796 934 quotidie
832 863 1037 921 formet
1063 867 1208 922 Deus
1240 876 1291 921 et
1322 878 1616 937 operetur;
1643 869 1904 937 quoniam
1938 868 1992 922 in
2021 869 2136 938 pri-

545 971 631 1011 ma
671 957 1016 1013 hebdomada
1051 977 1068 1011 ι
1101 959 1233 1015 fecit
1268 960 1411 1015 Deus
1445 960 1646 1015 corium
1685 969 1740 1013 et
1774 969 1977 1015 terram
2010 962 2134 1017 uni-

547 1065 881 1120 versumque
918 1051 1186 1104 mundum
1222 1068 1317 1107 sex
1350 1053 1578 1116 diebus.
1609 1053 1845 1123 septima
1877 1069 2010 1108 vero
2040 1070 2130 1109 re-

543 1142 757 1210 quievit
791 1144 862 1198 ab
892 1144 1154 1199 omnibus
1196 1147 1458 1215 operibus
1502 1147 1620 1201 suis
1663 1162 1786 1216 quae
1833 1162 2131 1218 aggressus

541 1244 630 1289 est
685 1236 869 1292 facere
918 1238 961 1302 ⁸,
1001 1255 1020 1288 ι
1052 1239 1523 1308 quemadmodum
1567 1255 1790 1311 quoque
1838 1241 2132 1312 Scriptura

543 1326 678 1379 mihi
715 1334 972 1382 testatur.

617 1415 864 1471 SARAC.
897 1417 985 1472 Ait
1015 1416 1158 1473 Deus
1185 1417 1251 1472 ad
1273 1416 1567 1474 Jeremiam
1596 1438 1609 1475 :
1641 1422 1981 1492 «Antequam
2013 1422 2098 1478 I'or
2125 1460 2130 1466 .

540 1522 749 1563 marem
783 1517 836 1565 te
861 1526 926 1566 ex
961 1522 1125 1566 utero
1156 1512 1283 1566 novi
1317 1521 1370 1567 te
1391 1551 1405 1577 ,
1440 1521 1495 1568 et
1521 1528 1588 1567 ex
1617 1507 1849 1570 matrice
1879 1517 2129 1571 sanctiﬁ-

540 1599 660 1652 cavi
697 1607 750 1654 te
782 1601 824 1653 ⁸.
858 1619 876 1652 ι

615 1688 892 1745 CIIRIST.
925 1691 1239 1764 Cujuslibet
1276 1693 1524 1750 hominis
1554 1711 1621 1750 ex
1662 1706 1822 1751 utero
1861 1697 2125 1753 formavit

541 1779 685 1835 Deus
710 1784 1005 1840 animalem
1033 1800 1098 1839 ac
1125 1788 1489 1841 sementinam
1520 1790 1780 1844 virtutem
1815 1791 1884 1846 ab
1915 1791 2126 1846 Adamo

2236 779 2483 852 ἑκάστην
2526 784 2745 857 ἡμέραν
2802 790 3028 844 πλάττει
3072 795 3099 845 6
3151 793 3284 856 Θεὸς
3345 796 3440 846 καὶ
3494 795 3800 863 ἐργάζεταιο

2238 871 2426 943 ἐπειδὴ
2452 874 2510 927 ἐν
2537 878 2604 948 τῇ
2638 879 2833 955 πρώτῃ
2866 883 3126 954 ἐϐδομάδι
3172 904 3187 935 ι
3227 885 3491 956 ἐποίησεν
3519 887 3547 938 6
3569 886 3688 951 Θεὸς
3720 890 3801 942 τὸν

2235 962 2464 1031 οὐρανὸν
2514 967 2608 1021 καὶ
2643 971 2742 1040 τήν
2781 971 2887 1042 γῆν
2926 974 3022 1027 καὶ
3061 973 3153 1026 τὸν
3187 975 3485 1044 σύμπαντα
3521 977 3712 1047 κόσμον
3745 981 3800 1044 ἐξ

2234 1054 2506 1126 ἡμέραις,
2556 1062 2650 1114 καὶ
2683 1066 2750 1134 τῇ
2798 1064 3002 1136 ἐϐδόμῃ
3039 1067 3390 1121 κατέπαυσεν
3441 1069 3552 1121 ἀπὸ
3602 1072 3800 1125 πάντων

2231 1145 2342 1199 τῶν
2382 1146 2562 1218 ἔργων
2583 1152 2772 1218 αὑτοῦ,
2813 1147 2886 1208 ὧν
2916 1155 3120 1227 ήρξατο
3158 1162 3358 1224 ποιεῖν,
3399 1179 3416 1210 ι
3449 1159 3630 1225 καθὼς
3655 1164 3795 1234 καὶὴ

2233 1236 2425 1310 Γραφὴ
2460 1247 2732 1314 μαρτυρεῖ
2762 1262 2876 1316 μοι.

2313 1413 2371 1467 '0
2404 1415 2461 1467 δὲ
2513 1417 2955 1475 ΣΑΡΑΚΗΝΟΣ.
3020 1423 3194 1492 Φησὶν
3235 1426 3264 1478 6
3297 1423 3433 1486 Θεὸς
3480 1425 3614 1495 πρὸς
3647 1426 3796 1496 Ἱερε-

2233 1506 2364 1576 μίαν
2385 1523 2398 1535 ·
2443 1527 2460 1559 ‹
2487 1510 2601 1581 Πρὸ
2631 1512 2726 1565 τοῦ
2772 1513 2873 1582 μὲν
2904 1515 3112 1570 πλάσαι
3150 1533 3210 1569 σε
3236 1517 3304 1569 ἐκ
3349 1518 3555 1581 κοιλίας
3587 1519 3796 1572 ἐπίσταο

2232 1595 2329 1666 μαί
2354 1614 2435 1657 σε,
2460 1599 2555 1651 καὶ
2581 1600 2643 1652 ἐκ
2670 1602 2881 1672 μήτρας
2908 1605 3121 1674 ήγίακά
3149 1622 3230 1659 σε.
3263 1623 3282 1655 ι

2315 1689 2373 1742 '0
2408 1691 2640 1746 ΧΡΙΣΤ.
2674 1693 2885 1758 Παντὸς
2912 1696 3107 1768 ἀνδρὸς
3129 1699 3195 1750 ἐκ
3221 1698 3433 1763 κοιλίας
3458 1700 3686 1755 ἔπλασεν
3706 1711 3742 1739 ³
3772 1704 3797 1753 6

2227 1781 2360 1844 Θεὸς
2404 1783 2503 1853 τήν
2564 1783 2807 1855 ἔμψυχον
2851 1789 2947 1842 καὶ
2981 1791 3370 1860 σπερματικὴν
3420 1791 3644 1863 δύναμιν
3700 1796 3798 1847 ἀπὸ

538 1882 703 1943 atque
733 1875 1019 1946 deinceps.
1055 1878 1231 1933 Adam
1264 1879 1413 1934 enim
1448 1881 1503 1934 in
1535 1889 1731 1937 ventre
1771 1882 1982 1939 habens
2023 1886 2117 1940 Se-

2240 1870 2412 1940 Ἀδὰμ
2444 1873 2540 1925 καὶ
2572 1874 2833 1946 καθεξῆς.
2876 1879 3048 1949 ’Δδὰμ
3074 1859 3184 1950 γὰρ
3223 1882 3282 1933 ἐν
3317 1859 3499 1954 κοιλίᾳ
3528 1859 3684 1952 ἐγων,
3715 1886 3798 1937 τὸν

541 1967 693 2020 thum
735 1969 954 2036 genuit,
989 1977 1049 2024 ut
1082 1971 1348 2042 praefatus
1382 1988 1504 2028 sum
1527 2013 1542 2038 ,
1575 1972 1779 2030 Sethus
1811 1992 1942 2030 vero
1978 1976 2124 2032 Euo-

543 2073 688 2112 sum.
726 2058 795 2114 Et
823 2061 1010 2129 quivis
1043 2063 1209 2120 homo
1237 2079 1363 2118 cum
1412 2075 1539 2120 ante
1586 2067 1783 2122 habeat
1827 2067 1885 2122 in
1934 2079 2124 2126 ventre

538 2147 709 2203 ﬁlium
737 2167 898 2207 suum
933 2153 1143 2224 gignit,
1183 2156 1442 2226 ﬁliusque
1481 2157 1648 2212 etiam
1685 2175 1859 2230 usque
1893 2162 1944 2215 in
1982 2178 2123 2231 prae-

533 2255 665 2297 sens
693 2250 933 2315 tempus.
961 2247 1100 2302 Illud
1130 2265 1260 2305 vero
1292 2267 1306 2303 :
1337 2269 1355 2302 ι
1386 2249 1464 2306 Ex
1493 2253 1727 2308 matrice
1781 2257 2120 2312 sanctiticavi

531 2338 626 2385 te:
659 2351 678 2385 ι
707 2333 760 2388 in
797 2350 864 2390 eo
890 2338 1074 2408 cogita
1107 2340 1258 2394 illam
1301 2358 1426 2412 qua:
1469 2359 1659 2399 revera
1703 2355 1930 2416 generat
1978 2347 2122 2404 ﬁlios

532 2420 654 2486 dei,
678 2424 838 2493 juxta
883 2429 1064 2483 sancti
1100 2429 1386 2503 Evangelii
1433 2435 1814 2490 testimonium
1845 2455 1858 2491 :
1899 2456 1916 2490 ι
1949 2437 2124 2504 Quot-

533 2523 670 2585 quot
701 2518 848 2573 enim
882 2534 1220 2592 receperunt
1259 2542 1387 2580 eum
1411 2569 1424 2592 ,
1464 2527 1686 2599 inquit,
1723 2530 1874 2585 dedit
1905 2532 1987 2588 eis
2017 2548 2120 2602 po-

531 2615 789 2665 testatem
821 2611 966 2669 ﬁlios
998 2613 1090 2670 Dei
1125 2617 1265 2672 ﬁeri.
1313 2617 1416 2684 Qui
1445 2621 1681 2676 credunt
1723 2623 1779 2677 in
1827 2640 1983 2686 eum,
2029 2625 2119 2679 in-

527 2702 691 2772 quit;
720 2704 813 2774 qui
854 2721 964 2761 non
992 2723 1058 2762 ex
1091 2712 1464 2781 sanguinibus
1484 2753 1498 2777 ,
1535 2729 1716 2783 neque
1742 2731 1807 2768 ex
1833 2717 2119 2773 voluntate

525 2793 665 2858 viri,
698 2796 794 2851 sed
830 2811 892 2852 ex
927 2797 1038 2852 Deo
1069 2802 1181 2854 nati
1215 2811 1344 2857 sunt
1375 2804 1396 2833 ⁸
1428 2824 1446 2855 ι
1480 2820 1576 2874 per
1612 2806 1972 2875 baptismum.

594 2882 1112 2942 ADVERSARIUS.
1141 2889 1354 2961 Ergone
1385 2902 1511 2947 ante
1545 2893 1829 2950 Christum
1867 2908 1986 2953 erat
2020 2899 2118 2954 ba-

524 2973 767 3044 ptisma?
793 2974 1066 3034 Jeremias
1099 2982 1246 3035 enim
1277 2991 1405 3038 ante
1431 2984 1716 3042 Christum
1747 2999 1914 3045 natus
1937 3000 2043 3050 est.

598 3066 874 3126 CHRIST.
919 3069 1050 3126 Erat
1089 3073 1280 3143 utique
1320 3075 1482 3144 juxta
1513 3078 1894 3135 testimonium
1933 3085 2112 3141 sancti

523 3159 776 3229 Apostoli
808 3162 1050 3219 dicentis
1069 3165 1210 3221 alios
1243 3183 1340 3238 per
1385 3171 1610 3237 nubem,
1659 3173 1798 3228 alios
1834 3190 1964 3231 vero
2014 3194 2112 3248 per
2138 3210 2180 3267 ο

524 3267 679 3308 mare
709 3252 883 3310 fuisse
915 3255 1248 3328 baptizatos.
1290 3260 1356 3316 Et
1390 3263 1656 3320 Dominus
1697 3269 1750 3322 in
1799 3267 2111 3341 Evangeliis

523 3344 642 3398 ait:
672 3363 691 3398 ι
725 3345 841 3400 Nisi
875 3348 1001 3417 quis
1030 3364 1298 3406 nascatur
1336 3369 1402 3408 cx
1439 3371 1583 3426 aqua
1630 3367 1684 3412 et
1727 3361 1963 3428 spiritu,
2001 3378 2111 3418 non

522 3434 864 3506 ingredietur
892 3455 1121 3510 regnum
1153 3443 1418 3500 ccelorum
1447 3447 1521 3500 ⁷.»
1546 3447 1808 3521 Adeoque
1832 3452 2112 3508 Abraham

522 3533 580 3580 et
609 3527 764 3582 lsaac
799 3539 853 3584 et
881 3528 1054 3587 Jacob
1085 3536 1384 3606 cazterique
1413 3524 1543 3595 ante
1571 3540 1856 3599 Christum
1891 3546 2109 3612 sancti,

524 3618 621 3687 qui
660 3620 895 3690 ingrcssi
929 3633 1060 3678 sunt
1092 3642 1322 3698 regnum
1356 3631 1628 3686 caelorum
1651 3673 1666 3698 ,
1705 3635 1811 3691 nisi
1847 3636 2109 3705 baptizati

520 3708 796 3774 fuissent.
838 3729 948 3768 non
995 3716 1192 3786 utique
1237 3721 1469 3776 salutem
1519 3723 1755 3780 fuissent
1802 3730 2108 3784 consecuti.

520 3799 785 3856 Testatur
815 3803 867 3858 id
901 3821 1033 3862 vero
1067 3807 1314 3878 Spiritus
1349 3824 1583 3870 sanctus
1620 3818 1878 3887 inquiens
1907 3838 1918 3874 :
1951 3838 1968 3870 σ
2002 3821 2114 3874 Ab-

520 3893 746 3948 alienati
773 3906 903 3951 sunt
930 3908 1252 3968 peccatores
1280 3920 1309 3957 a
1341 3905 1556 3968 vulva".
1585 3927 1604 3959 ι
1634 3909 1738 3964 hoc
1759 3920 1844 3964 est
1873 3926 1902 3964 a
1931 3911 2111 3981 bapti-

519 3995 717 4042 smate.
752 3987 1122 4054 Quomobrem
1153 3995 1510 4060 conﬁtemur,
1544 4013 1740 4055 omnes
1770 4016 1865 4056 eos
1893 4003 1986 4072 qui
2024 4004 2109 4058 vel

519 4077 717 4134 salvati
754 4090 884 4136 sunt
925 4084 1006 4139 vel
1043 4085 1352 4152 salvantur,
1386 4105 1483 4158 per
1531 4090 1866 4162 baptismum
1909 4096 2109 4150 salvati

517 4178 652 4225 sunt
680 4172 766 4228 vel
801 4174 1092 4231 salvantur
1120 4177 1212 4233 Dei
1241 4180 1439 4250 gratia.
1687 4169 1690 4171 ’

590 4342 839 4402 SABAC.
879 4348 1250 4424 Interrogavit
1302 4355 1534 4413 dicens:
1584 4359 1962 4416 Christianum
2009 4364 2104 4432 qui

429 4426 432 4430 ’
518 4433 650 4489 facit
677 4438 1015 4498 voluntatem
1049 4444 1343 4515 ipsiusmet
1375 4449 1506 4515 Dei,
1539 4451 1820 4507 bonunme
1859 4470 1982 4509 esse
2025 4457 2108 4510 ais

517 4527 603 4582 vel
631 4531 834 4586 malum
857 4534 881 4587 ?

587 4620 912 4691 Agnoscens
943 4635 1128 4682 autem
1168 4630 1446 4687 vafritiem
1481 4631 1624 4703 ejus,
1656 4633 1932 4692 CHRIST.
1955 4677 1970 4703 ,
2013 4639 2101 4694 in-

513 4711 674 4782 quit:
710 4713 850 4779 Quid
883 4716 982 4772 tibi
1018 4720 1159 4775 velis
1194 4721 1333 4777 scio.

586 4799 831 4857 SARAC.
870 4803 1053 4861 Indica
1084 4808 1218 4863 illud
1248 4811 1403 4866 mihi.

581 4891 865 4952 CHRIST.
914 4899 1103 4956 Dicere
1133 4902 1216 4956 vis
1245 4903 1311 4958 ad
1344 4919 1468 4971 me;
1510 4905 1770 4964 Christus
1815 4911 2101 4970 voluntate

512 5001 712 5056 passus
746 4998 866 5057 est,
903 5007 971 5047 an
1003 4994 1156 5049 non?
1190 4995 1349 5062 Quod
1393 4998 1440 5052 si
1487 5000 1585 5055 tibi
1616 5001 1850 5059 dixero:
1887 5003 2096 5061 Volun-

512 5086 623 5134 tate
651 5096 851 5151 passus
890 5093 1013 5152 cst;
1069 5086 1202 5140 mihi
1235 5104 1472 5160 repones
1517 5109 1530 5145 :
1578 5092 1703 5156 Abi,
1757 5110 1889 5164 ergo
1930 5097 2096 5154 adora

509 5166 750 5240 Judaeos,
785 5175 1050 5243 quoniam
1083 5177 1418 5236 voluntatem
1453 5179 1546 5237 Dei
1582 5184 1660 5238 tui
1695 5184 1969 5242 fecerunt.

2224 1964 2333 2028 Σὴθ
2365 1965 2681 2037 ἐγέννησεν,
2706 1969 2782 2032 ὡς
2804 1975 3091 2041 προεῖπον,
3117 1973 3213 2026 καὶ
3234 1974 3344 2044 Σὴθ
3377 1975 3468 2027 τὸν
3507 1976 3690 2040 Ἐνὼς,
3715 1981 3798 2030 καὶ

2224 2056 2454 2120 ἕκαστος
2477 2059 2768 2130 ἄνθρωπος
2801 2063 3053 2133 προέχων
3086 2066 3144 2118 ἐν
3177 2068 3244 2137 τῇ
3276 2067 3458 2140 κοιλίᾳ
3478 2068 3637 2123 αὐτοῦ
3672 2070 3796 2136 υἱὸν,

2224 2153 2319 2205 καὶ
2351 2155 2379 2206 6
2411 2153 2527 2218 υίὸς
2562 2155 2825 2226 ἐγέννησε
2871 2159 2965 2211 καὶ
3000 2162 3067 2212 νᾶ
3101 2170 3126 2196 υ
3175 2161 3297 2230 (sic)
3337 2161 3502 2233 μέχρι
3534 2162 3624 2216 τοῦ
3670 2181 3797 2234 παρ-

2220 2243 2394 2308 όντος.
2420 2245 2495 2298 Τὸ
2532 2246 2610 2312 δὲ,
2650 2265 2668 2298 ‹
2707 2249 2802 2302 Ἐκ
2837 2250 3051 2320 μήτρας
3081 2251 3292 2322 ήγίακά
3325 2270 3406 2317 σε,
3439 2273 3457 2305 ι
3486 2255 3677 2324 νόησον
3705 2256 3792 2327 τὴν

2221 2336 2392 2401 ὅντως
2425 2339 2708 2406 γεννῶσαν
2735 2342 2803 2394 τὰ
2844 2341 3012 2395 τέκνα
3037 2343 3130 2397 τοῦ
3159 2343 3320 2409 Θεοῦ,
3354 2346 3498 2399 κατὰ
3527 2347 3628 2415 τὴν
3666 2365 3795 2417 μαρ-

2220 2430 2416 2499 τυρίαν
2457 2430 2551 2484 τοῦ
2593 2433 2753 2501 ἁγίου
2810 2434 3170 2504 Εὐαγγελίου.
3210 2455 3227 2487 ί
3255 2438 3414 2490 ’Ὀσοι
3457 2437 3566 2510 γὰρ
3615 2440 3793 2492 ἔλαϐον

2218 2522 2405 2587 αὑτὸν,
2453 2526 2641 2594 φησὶν,
2678 2526 2879 2581 ἔδωκεν
2932 2531 3116 2593 αὐτοῖς
3157 2530 3410 2597 ἐξουσίαν
3447 2531 3616 2586 τέκνα
3673 2534 3792 2586 Θεοῦ

2217 2616 2498 2684 γενέσθαι,
2529 2621 2642 2684 τοῖς
2677 2622 3037 2677 πιστεύουσιν
3071 2626 3153 2687 είς
3183 2625 3370 2688 αὑτὸν,
3408 2628 3595 2696 φησὶν,
3631 2629 3678 2679 οἳ
3704 2629 3793 2680 οὐκ

2217 2709 2276 2775 ἐξ
2306 2710 2577 2779 αἱμάτων,
2604 2712 2728 2765 οὐδὲ
2755 2714 2818 2766 ἐκ
2850 2713 3158 2784 θελήματος
3188 2716 3402 2786 ἀνδρὸς,
3429 2718 3542 2770 ἀλλ’
3575 2720 3641 2772 ἐκ
3667 2718 3792 2773 Θεοῦ

2216 2801 2592 2873 ἐγεννήθησαν
2627 2825 2645 2856 ι
2679 2805 2767 2859 διὰ
2800 2806 2893 2860 τοῦ
2927 2808 3332 2878 βαπτίσματος.

2297 2894 2355 2948 '0
2384 2895 2442 2948 δὲ
2469 2896 2837 2961 ΕΝΛΝΤΙΟΣ,
2865 2901 2956 2953 καὶ
2983 2897 3050 2971 ἦν
3078 2905 3183 2974 πρὸ
3207 2904 3449 2973 Χριστοῦ
3475 2904 3792 2976 βάπτισμἍ;

2214 2986 2243 3040 6
2272 2986 2380 3057 γὰρ
2426 2989 2700 3058 Ἱερεμίας
2733 2991 2840 3062 πρὸ
2864 2993 3102 3063 Χριστοῦ
3129 2998 3411 3063 γεννᾶται.

2297 3079 2356 3132 '0
2385 3081 2614 3135 ΧΡΙΣΤ.
2651 3077 2780 3146 'Hv,
2818 3085 2960 3137 κατὰ
3006 3086 3104 3156 τὴν
3156 3089 3466 3159 μαρτυρίαν
3499 3088 3593 3142 τοῦ
3642 3089 3788 3156 ἁγίου

2225 3169 2556 3226 ’Δποστόλου
2595 3174 2898 3242 φάσκοντος
2919 3192 2930 3209 ⁸
2960 3177 3040 3230 ὅτι
3061 3179 3110 3231 οἱ
3147 3180 3245 3248 μὲν
3273 3180 3361 3233 διὰ
3385 3180 3638 3250 νεφέλης.
3660 3181 3707 3233 οί
3738 3180 3788 3233 δὲ

2212 3261 2300 3316 διὰ
2323 3262 2600 3335 θαλάσσης
2618 3265 3051 3340 ἐϐαπτίσθησαν.
3089 3272 3198 3324 Καὶ
3225 3272 3253 3323 6
3289 3272 3499 3343 Κύριος
3528 3274 3584 3326 ἐν
3617 3274 3788 3340 Εὐαγ-

2212 3354 2415 3422 γελίοις
2445 3358 2640 3426 φησίνο
2683 3378 2701 3410 ι
2739 3359 2866 3412 Ἐὰν
2905 3362 2976 3430 μή
3010 3380 3094 3426 τις
3129 3364 3363 3434 γεννηθῇ
3387 3366 3456 3418 δι’
3481 3365 3671 3430 ῦδατος
3703 3369 3790 3420 καὶ

2214 3441 2545 3511 πνεύματος,
2565 3446 2627 3498 οὐ
2661 3449 2736 3517 μὴ
2766 3450 2985 3522 εἰσέλθῃ
3013 3453 3092 3516 είς
3119 3452 3217 3524 τὴν
3254 3453 3537 3522 βασιλείαν
3561 3456 3669 3509 τῶν
3697 3459 3779 3510 οὒ-

2213 3535 2413 3605 ρανῶν.
2451 3555 2470 3590 ι
2512 3539 2676 3592 Ὥστε
2705 3541 2733 3592 6
2781 3541 3034 3612 Ἀϐραὰμ
3083 3543 3178 3597 καὶ
3221 3544 3409 3600 Ἰσαὰκ
3448 3548 3544 3601 καὶ
3584 3548 3787 3610 Ἰακὼϐ.

2212 3629 2306 3680 καὶ
2347 3630 2396 3681 οί
2428 3629 2610 3683 λοιποὶ
2647 3632 2755 3702 πρὸ
2788 3633 3027 3704 Χριστοῦ
3079 3636 3228 3704 ἅγιοι
3282 3640 3662 3709 εἰσερχόμενοι
3715 3641 3790 3706 είς

2210 3719 2308 3790 τὴν
2345 3721 2628 3791 βασιλείαν
2681 3726 2793 3779 τῶν
2826 3726 3096 3798 οὐρανῶν,
3126 3732 3175 3782 εί
3231 3731 3305 3802 μὴ
3355 3733 3789 3804 προεϐαπτίσθη-

2214 3826 2333 3876 σαν,
2365 3813 2466 3866 οὐκ
2525 3814 2592 3868 ἂν
2643 3815 2930 3880 ἐσώζοντο.
2960 3821 3252 3891 Μαρτυρεῖ
3283 3823 3341 3876 δέ
3379 3826 3442 3877 τὸ
3482 3826 3705 3896 Πνεῦμα
3735 3825 3788 3878 τδ

2214 3900 2390 3967 ἅγιον,
2416 3902 2577 3972 λέγον
2599 3921 2613 3934 ο
2641 3926 2658 3957 ‹
2685 3907 3236 3982 Ἀπηλλοτριώθησαν
3269 3915 3318 3966 οἱ
3350 3916 3665 3985 ἁμαρτωλοὶ
3689 3919 3787 3969 ὰπδ

2215 3996 2453 4066 μήτρας,
2485 4018 2503 4049 ι
2543 4000 2691 4052 τοῦτ’
2725 4000 2841 4055 ἐστι
2886 4003 2984 4072 τῆς
3017 4003 3111 4057 τοῦ
3154 4005 3560 4076 βαπτίσματος.
3600 4011 3787 4079 Χάριτι

2210 4088 2401 4142 τούτου
2443 4090 2836 4163 ὁμολογοῦμεν,
2867 4095 2950 4148 ὅτι
2987 4096 3190 4162 πάντες
3219 4099 3269 4152 οί
3319 4100 3586 4163 σωθέντες
3620 4101 3715 4153 καὶ
3741 4102 3785 4153 oi

2213 4178 2513 4249 σωζόμενοι
2537 4181 2625 4234 διὰ
2671 4182 3050 4254 βαπτίσματος
3082 4188 3372 4260 ἐσώθησαν
3403 4193 3502 4242 καὶ
3533 4189 3784 4254 σώζονται

2211 4272 2398 4342 χάριτι
2416 4274 2576 4333 Θεοῦ.

2292 4366 2350 4418 '0
2394 4366 2544 4422 ΣΑΡ.
2604 4366 2792 4437 ἠρώτα
2858 4370 3069 4439 λέγων’
3156 4373 3260 4426 Τὸν
3325 4374 3653 4444 Χριστιανὸν
3699 4375 3780 4427 τὸν

2210 4458 2469 4512 ποιοῦντα
2516 4460 2577 4514 τὸ
2624 4462 2838 4533 θέλημα
2891 4464 3056 4517 αὑτοῦ
3107 4465 3201 4518 τοῦ
3249 4465 3408 4532 Θεοῦ,
3447 4468 3607 4521 καλὸν
3650 4463 3781 4522 εἶναι

2140 4554 2181 4608 D
2211 4549 2392 4617 λέγεις
2430 4551 2463 4621 ἢ
2501 4553 2706 4618 κακόν;

2283 4640 2448 4702 Γνοὺς
2482 4641 2538 4694 δὲ
2582 4643 2679 4712 τὴν
2737 4645 3079 4716 πανουργίαν
3108 4645 3274 4700 αὐτοῦ
3307 4649 3335 4700 6
3374 4649 3781 4704 ΧΡΙΣΤΙΑΝΟΣ

2209 4730 2311 4802 ἔφη
2336 4749 2349 4763 ·
2390 4735 2454 4785 Ὃ
2477 4733 2651 4798 θέλεις
2674 4738 2850 4790 εἰπεῖν
2877 4738 3202 4809 ἐπίσταμαι.

2289 4823 2346 4877 Ὀ
2382 4824 2531 4878 ΣΑΡ.
2561 4828 2884 4899 Φανέρωσόν
2921 4848 3010 4900 μοι
3034 4832 3188 4886 αὐτό.

2287 4914 2347 4969 Ὀ
2373 4918 2599 4972 ΧΡΙΣΤ.
2635 4920 2827 4973 Εἰπεῖν
2856 4921 3031 4986 θέλεις
3068 4925 3205 4996 πρὸς
3247 4926 3366 4994 ἐμὲ,
3404 4928 3538 4980 ὃτιὸ
3561 4926 3777 4996 Χριστος

2206 5006 2375 5060 θέλων
2402 5008 2626 5075 ἔπαθεν,
2650 5011 2682 5083 ἢ
2714 5013 2788 5082 μὴ
2823 5013 3028 5081 θέλων;
3057 5017 3165 5068 Καὶ
3187 5017 3282 5069 ἐάν
3312 5035 3393 5071 σοι
3418 5018 3582 5075 εἴπω.
3609 5017 3775 5070 Θέλων

2203 5099 2426 5161 ἔπαθεν,
2479 5102 2566 5156 ἵνα
2616 5121 2707 5172 μοι
2749 5108 2932 5177 είπῃς,
2958 5107 3217 5170 Ἀπελθε,
3252 5110 3631 5180 προσκύνησον
3661 5110 3776 5170 τοὺς

2203 5192 2501 5261 ἰουδαίους,
2534 5195 2725 5268 ἐπειδὴ
2761 5198 2822 5250 τὸ
2857 5199 3076 5270 θέλημα
3109 5200 3202 5254 τοῦ
3244 5201 3382 5255 Θεοῦ
3415 5203 3703 5274 ἐποίησαν.

587 5343 766 5400 “Gen.
821 5366 886 5420 it,
929 5352 974 5415 I,
1006 5352 1060 5406 2.
1145 5354 1462 5424 'Jerem.t,
1493 5359 1548 5414 5.
1625 5360 1835 5417 ‘Joan.
1893 5379 1934 5432 ι,
1965 5365 2052 5432 12,
2115 5387 2117 5394 ί

2265 5368 2472 5427 'Joan.
2512 5387 2596 5438 ιιι,
2632 5373 2685 5429 5.
2757 5374 2779 5406 ⁸
2812 5337 2960 5430 Psal.
2999 5391 3131 5443 Lvn,
3170 5377 3222 5433 4.

1822 5542 2056 5599 VARl/E
2088 5546 2504 5604 LECTIONES.

585 5659 624 5683 "
657 5653 1048 5744 .lleq..1tdv1m;
1077 5666 1170 5720 οῦν
1200 5669 1258 5751 ἐν
1290 5673 1472 5746 μήτρᾳ
1499 5674 1754 5757 ἔπλασεν.
1785 5679 1896 5732 ΧΡ.
1940 5681 2220 5762 Ἐμψυχον
2249 5683 2344 5737 καὶ
2380 5687 2763 5768 σπερματικὴν
2791 5688 3021 5769 δυναμιν
3060 5690 3229 5761 Ἀδὰμ
3253 5694 3310 5746 ἐν
3331 5695 3397 5775 τῇ
3430 5693 3607 5775 κοιλία
3623 5693 3768 5775 ἔχων.

585 5740 748 5775 nnmn
796 5739 963 5775 lﬂlllll‘
1001 5750 1054 5775 In
1097 5747 1326 5775 nvnlmnn
1359 5743 1614 5775 (ru-mnu“
1665 5747 1922 5775 l‘uch'l'
1988 5753 2280 5775 A--.-.._t----
2328 5763 2369 5775 Δ.
2410 5766 2634 5775 _-_s__s.,
2660 5773 2706 5775 __
2890 5770 2899 5775 .
2950 5769 2962 5775 -
3101 5763 3116 5775 Α
3154 5761 3167 5775 .

751 5724 761 5726 _
1029 5724 1036 5726 _
1339 5724 1342 5725 ν
1382 5724 1390 5725 κ
1415 5724 1469 5728 ἡ--
1505 5724 1754 5731 ---ν-------
1785 5724 1858 5731 υ--
1884 5724 1896 5732 -
1967 5724 2004 5732 υ
2103 5724 2122 5733 ν
2165 5724 2217 5734 ’σν
2252 5724 2344 5737 τινι.
2380 5724 2481 5738 νην
2568 5724 2713 5740 νιν-νη.
2742 5724 2761 5740 v
2791 5724 2922 5741 νυνι
2972 5724 3018 5743 ιν
3075 5724 3184 5744 nua
3253 5724 3356 5746 5V1.
3432 5724 3570 5747 ’.υυιι
3623 5724 3646 5746 ὃ
3683 5724 3768 5744 U’V-

513 5724 1054 5820 Q‘m‘ninojg'iturvin
1097 5724 1635 5820 matric'e_'i'_o.t'.tnavit.
1665 5747 1940 5820 CHRIST.
1978 5724 2283 5809 A‘iiimlalem
2320 5763 2376 5810 et
2407 5724 2772 5813 senIigntina‘m
2801 5724 3056 5815 virtutem
3088 5724 3333 5819 Adaﬁuus
3371 5724 3428 5819 i‘n
3459 5724 3774 5820 venrrclha-

515 5795 670 5854 hens.
757 5807 786 5838 ο
816 5795 1034 5862 Voculis
1057 5807 1149 5861 και
1179 5812 1244 5864 νᾶ
1273 5795 2154 5892 nimiEéépiixidﬁ'in"quuiétib.
