4026 6416
204 693 291 732 σοι
316 672 496 742 λόγος,
531 661 865 734 ἁποκρίθητί
904 674 1018 728 μοι.

279 729 345 822 to
392 729 626 819 3mm.
685 729 759 809 se,
798 729 990 822 ’λέγεις
1022 748 1238 817 θέλημα
1270 734 1434 805 εἶναι,
1479 731 1593 804 ἐγὼ
1641 729 1788 797 λέγω

199 860 407 932 ἀνοχὴν
437 855 532 910 καὶ
567 845 977 922 μακροθυμίαν.
1516 880 1519 883 λ

285 924 529 1007 ’ὖ-ΣΑΡ.
559 943 730 997 Πόθεν
755 939 886 1009 δύνῃ
920 931 1080 987 τοῦτο
1113 924 1504 999 παραστῆσαι;

284 1001 350 1096 ’Θ
381 1001 611 1095 ΞίνΡΙΣΤ,
645 1032 733 1086 διὰ
763 1001 1111 1099 πραγμάτων
1132 1020 1236 1089 ἔφη
1272 1014 1408 1085 πρὸς
1429 1001 1746 1079 Σαρακηνόν
1770 1014 1786 1030 ·

207 1133 537 1205 Καθημένου
575 1124 710 1197 ἐμοῦ
738 1122 832 1175 καὶ
876 1117 993 1179 σοῦ,
1019 1114 1053 1184 ἢ
1087 1108 1409 1179 ἱσταμένου,
1444 1100 1648 1155 δύνατα

90 1242 101 1246 '
205 1230 268 1296 ἐξ
289 1180 449 1299 ἡμιῗύν
476 1180 735 1287 ἄνευιτῆς
764 1209 1016 1280 ἐξουσίας
1042 1180 1142 1260 οιαὶ
1166 1195 1489 1259 δεσποτείας
1521 1189 1618 1245 τοῦ
1655 1183 1792 1240 Θεοῦ

1943 1195 2020 1236 .ne
2046 1180 2321 1249 potestate

206 1320 515 1388 ἀναστῆναι
538 1312 572 1384 ἢ
612 1306 907 1379 κινηθῆναι
927 1319 943 1370 ;

282 1410 395 1466 Καὶ
420 1409 448 1461 ό
482 1405 632 1458 ΣᾹΡ.
668 1398 768 1453 Οῦ.

292 1460 613 1557 ἯΧΡΙΣΤ.
663 1491 771 1547 Τοῦ
820 1483 957 1541 Θεοῦ
989 1481 1260 1541 εἰπόντος,
1304 1473 1379 1546 μὴ
1426 1466 1657 1538 κλεψῃς,
1699 1460 1797 1533 Μὴ

179 1652 187 1659 ,
212 1555 544 1669 πορνεύσῃς,
576 1588 653 1660 μὴ
685 1581 975 1655 φονεύσῃς,
1000 1576 1061 1630 ού
1088 1573 1236 1627 θέλει
1260 1570 1348 1624 ἵνα
1372 1562 1668 1634 κλέψωμεν
1704 1555 1799 1610 καὶ

211 1684 611 1753 πορνεύσωμεν
638 1678 732 1732 καὶ
760 1672 1140 1743 φονεύσωμεν.
1223 1678 1228 1682 ·

297 1737 543 1832 ῑ(λΣΛέ.
578 1769 731 1841 Οὐχί.
763 1737 825 1820 Εἰ
875 1761 987 1833 γὰρ
1012 1757 1219 1819 ἔθελεν,
1241 1752 1343 1807 οὐκ
1378 1744 1447 1804 ἂν
1500 1740 1677 1807 εἶπεν,
1706 1737 1800 1809 Μὴ

217 1868 449 1941 κλέψῃς,
484 1863 561 1937 μὴ
592 1857 926 1932 πορνεύσῃς,
959 1852 1034 1923 μὴ
1070 1843 1365 1919 φονεύσῃς.

302 2046 361 2100 '0
380 2040 609 2098 ΧΡΙΣΤ.
633 2036 772 2103 Δόξα
792 2031 870 2103 τῷ
892 2027 1035 2099 Θεῷ,
1060 2027 1143 2080 ὅτι
1170 2021 1234 2076 σὺ
1249 2015 1609 2091 ὡμολόγησας
1630 2007 1808 2076 λέγων

218 2137 258 2195 ἃ
283 2099 425 2193 θέλω
453 2134 651 2188 εἰπεῖν.
678 2099 810 2182 ἰόοὺ
844 2099 1071 2180 συνέθου
1107 2132 1220 2187 μοι,
1244 2115 1327 2168 ὅτι
1352 2107 1531 2169 οὐδεὶς
1558 2103 1619 2169 ἐξ
1646 2099 1810 2171 ἡμῶν

220 2190 354 2287 ἀνευ
371 2190 472 2282 τοῦ
513 2222 647 2279 Θεοῦ
690 2220 916 2274 δύναται
959 2209 1262 2278 ἀναστῆναι
1292 2203 1326 2274 ἢ
1357 2198 1666 2271 κινηθῆναι.
1701 2190 1812 2246 Kal.

223 2324 309 2377 ὅτι
334 2321 397 2375 ού
438 2318 584 2372 θέλει
623 2317 651 2368 6
689 2312 824 2374 Θεὸς
854 2309 941 2361 ἵνα
973 2302 1274 2375 κλήψωμεν
1320 2296 1354 2367 ἢ
1389 2289 1806 2364 πορνεύσωμεν.

238 2374 368 2468 iam
399 2410 525 2480 ἄρτι
556 2405 798 2466 ἀναστὰς
839 2374 1084 2457 ἀπέλθω,
1119 2392 1215 2447 καὶ
1246 2386 1432 2457 κλέψω
1467 2383 1500 2453 ἢ
1534 2374 1814 2451 πορνευώ-

228 2524 310 2560 σω
332 2522 347 2538 ο
389 2470 450 2557 τί¹
484 2500 619 2557 αὐτὸ
662 2497 878 2562 λέγεις;
925 2490 1154 2560 Θέλημα
1186 2479 1411 2550 Θεοῦ,ῆ
1463 2470 1815 2543 συγχώρησιν

226 2600 326 2654 καὶ
354 2594 555 2666 ἀνοχὴν
580 2590 676 2646 καὶ
710 2582 1137 2660 μακροθυμίαν;

313 2774 374 2829 Ὀ
405 2772 555 2826 ΣΑΡ.
588 2767 790 2837 νοήσας
828 2761 925 2816 καὶ
954 2757 1248 2828 θαυμάσας
1276 2748 1383 2819 ἔφη
1405 2762 1420 2777 '
1453 2737 1699 2813 Ἀληθῶς
1726 2735 1820 2791 οῦ-

231 2884 343 2931 τως
376 2865 516 2935 ἔχει.
876 2878 877 2881 η

316 2979 375 3032 Ὀ
409 2972 635 3030 ΧΡΙΣΤ.
663 2969 876 3039 Νόησον
908 2961 1006 3017 καὶ
1031 2958 1211 3022 τοῦτο,
1242 2957 1325 3010 ὅτι
1346 2950 1655 3021 δυναμένου
1684 2944 1820 3000 Θεοῦ

235 3067 500 3133 πατάξαι,
528 3060 876 3134 ἀνεχώρησεν
898 3055 1041 3127 πρὸς
1058 3052 1150 3104 τὸν
1181 3047 1416 3117 σταυρόν
1437 3062 1451 3077 ο
1476 3042 1622 3097 τοῦτ’
1650 3039 1819 3103 ἔστιν,

238 3129 723 3231 ἐμακροθύμησεν
756 3149 851 3203 ἐπὶ
883 3145 980 3216 τὴν
1017 3140 1319 3215 ἁμαρτίαν.
1357 3134 1497 3189 Ἀλλ’
1527 3134 1656 3187 ὅταν
1692 3129 1823 3199 θέλῃ

238 3222 754 3327 ιένατμετανοήσω,
791 3235 1086 3296 ἀποδίδωσί
1144 3249 1235 3304 μοι
1268 3229 1519 3298 καθάπερ
1575 3224 1670 3277 καὶ
1710 3222 1824 3283 τοῖς
1852 3246 1894 3303 c
1929 3229 2016 3269 lue
2043 3227 2077 3282 p

250 3316 528 3403 ;Iou6a£ov.g
554 3337 831 3407 εποίησεν.
848 3330 1005 3387 Μετά
1034 3327 1144 3397 γὰρ
1167 3320 1312 3397 [ἐτη]
1336 3320 1493 3387 ὀλίγα
1527 3316 1824 3385 ἀνέστησεν

240 3436 364 3492 κατ’
402 3431 582 3488 αὐτῶν
619 3431 712 3483 τὸν
754 3426 934 3489 Τίτον,
967 3420 1062 3476 καὶ
1090 3412 1521 3475 Οὐεσπασιανὸν,
1573 3408 1669 3463 καὶ
1699 3405 1828 3468 τοὺς

241 3528 538 3596 Ἕλληνας,
574 3523 669 3576 xa‘:
696 3516 946 3574 καθεῖλεν
977 3514 1046 3566 τὰ
1075 3510 1416 3582 φρυάγματα
1442 3500 1645 3557 αὐτῶν.

328 3589 454 3671 Ἐάν
478 3612 759 3687 ἐρωτηθῇς
788 3606 944 3679 παρά
979 3599 1301 3674 Σαρακηνοῦ
1349 3596 1633 3665 λέγοντοςο
1651 3589 1718 3645 Τί
1745 3589 1832 3643 λέ-

244 3728 367 3782 γεις
409 3683 549 3762 εἶναι
578 3683 669 3759 τὸν
730 3699 1000 3773 Χριστόν;
1037 3694 1161 3749 sine
1217 3688 1386 3762 αὐτῷ·
1453 3688 1628 3755 Λόγον
1670 3683 1827 3737 Θεοῦ.

244 3774 433 3876 ίᾶηδὲν
462 3804 519 3854 ὲν
546 3797 725 3868 τούτῳ
753 3792 962 3864 νομίζω
986 3785 1346 3860 ἁμαρτάνειν,
1379 3777 1569 3849 ἐπειδὴ
1597 3776 1693 3829 καὶ
1724 3774 1831 3828 Λό-

249 3866 349 3967 γος
370 3894 591 3961 λέγεται
613 3866 765 3957 παρά
792 3887 859 3955 τῇ
883 3883 1099 3954 Γραφῇ,
1133 3879 1226 3932 καὶ
1251 3874 1434 3944 σοφία,
1460 3866 1831 3940 καὶβραχίων,

248 3955 346 4042 διαί
379 3955 611 4053 δύναμις
647 3955 805 4042 Θεοῦ,
834 3975 928 4028 καὶ
962 3972 1098 4026 ἄλλα
1128 3965 1300 4022 πολλά
1335 3962 1581 4026 τοιαῦτα,
1617 3955 1833 4011 πολυώ·

248 4095 423 4149 νυμος
454 4050 565 4146 γάρ
593 4075 765 4126 ἐστιν.
804 4067 913 4121 Καὶ
936 4066 1001 4118 σὺ
1029 4059 1409 4132 ἀντερὼτησον
1437 4052 1600 4109 αὑτὸν
1625 4050 1800 4117 λέγων
1818 4064 1832 4078 ο

253 4138 337 4227 Τί,
363 4138 586 4239 λέγεται
638 4162 791 4235 παρά
823 4162 889 4232 τῇ
931 4157 1123 4227 Γραφῇ
1156 4156 1184 4207 6
1233 4147 1506 4222 Χριστόςς
1543 4143 1675 4206 ἴσως
1730 4138 1836 4193 κᾶν

257 4232 462 4334 θελήσῃ
504 4232 780 4331 ἐρωτῆσαί
814 4271 872 4306 σε
900 4252 930 4304 6
963 4243 1281 4319 Σαρακηνδς
1323 4239 1455 4295 ἄλλο
1514 4253 1568 4289 τι
1600 4232 1674 4305 μὴ
1698 4232 1837 4285 ἀπο-

252 4324 640 4429 κρίνῑουαύτῷ,
662 4324 768 4409 ἕως
794 4345 859 4399 ἂν
886 4342 1041 4395 λύσει
1068 4339 1131 4391 τὸ
1158 4331 1422 4406 ἐρώτημά
1449 4346 1565 4383 σου.
1594 4324 1838 4394 Ἀνάγκῃ

254 4419 389 4519 πόἰα
414 4419 844 4513 ἀποκριθήσεται
877 4452 959 4488 σοι
981 4432 1188 4499 λέγων·
1224 4425 1387 4497 Παρὰ
1414 4424 1481 4492 τῇ
1507 4419 1700 4490 Γραφῇ
1732 4431 1837 4486 μου

257 4514 487 4608 Πνεῦμα
514 4533 609 4588 καὶ
639 4530 813 4600 Λόγος
838 4524 974 4580 Θεοῦ
996 4524 1217 4591 λέγεται
1248 4521 1277 4571 6
1305 4514 1562 4587 Χριστός.

255 4632 383 4687 είπὲ
410 4597 569 4697 ἀὐτῷ
601 4625 665 4677 σὺ
712 4597 911 4677 πάλιν·
943 4615 1019 4670 τδ
1072 4611 1299 4680 Πνεῦμα
1349 4604 1444 4659 τοῦ
1490 4600 1628 4655 Θεοῦ
1663 4597 1762 4652 και

255 4724 458 4792 Λόγος,
498 4693 651 4788 παρά
689 4717 757 4785 τῇ
809 4710 1004 4783 Γραφῇ
1057 4722 1178 4768 σου,
1228 4702 1464 4757 ἀκτιστα
1501 4693 1756 4761 λέγονται

257 4778 491 4879 επιστ-ξ
523 4778 636 4863 Kal.
665 4778 804 4859 ὲπάν
845 4778 975 4872 εἴπῃ
1003 4798 1085 4850 ὅτι
1116 4790 1349 4849 ἄκτιστά
1385 4789 1544 4848 εἰσιν,
1589 4781 1714 4836 εἰπέ
1746 4778 1849 4833 αὐ-

259 4906 371 4976 τῷ’
409 4857 519 4958 Kal
672 4857 863 4950 *ἔκτισε
896 4857 975 4944 τό⁹
994 4886 1220 4958 Πνεῦμα
1261 4881 1357 4937 καὶ
1405 4879 1496 4934 τὸν
1525 4875 1699 4945 Λόγον
1750 4870 1849 4925 τοῦ

1951 4864 2076 4937 quis
2119 4857 2301 4916 creavi

1952 4956 2152 4976 ._-..-_
2202 4949 2297 4976 ,ηι

262 4964 437 5061 Θεοῦ;
489 4992 605 5046 Καὶ
642 4988 739 5041 ἐὰν
793 4984 853 5050 ἐξ
900 4980 1136 5051 ἀπορίας
1170 4976 1300 5045 εῐπῃ
1356 4989 1484 5035 σοι,
1527 4970 1608 5022 ὅτι
1640 4969 1669 5021 6
1717 4964 1852 5025 Θεὸς

262 5054 695 5146 αύτάυεκτισεν,
747 5076 900 5132 εἰπέο
950 5072 1083 5127 Ἰδοὺ
1130 5070 1179 5122 εί
1226 5066 1413 5135 ελεγον
1460 5059 1572 5131 ἐγὼ
1608 5057 1748 5129 πρὸς
1788 5054 1852 5108 σὲ

264 5178 448 5239 τοῦτο.
479 5176 666 5243 ἔλεγες
698 5170 766 5227 ἂν
800 5167 939 5241 πρὸς
971 5163 1065 5236 μὲ,
1101 5162 1184 5216 ὅτι
1232 5158 1533 5228 Ἦφάνισας
1572 5151 1675 5222 τὴν
1708 5164 1852 5219 μαρ-

265 5271 466 5344 τυρίαν
494 5285 590 5321 σου
612 5283 627 5298 ·
660 5264 756 5319 καλ⁸
786 5261 880 5315 τοῦ
918 5253 1110 5312 λοιποῦ
1138 5253 1200 5308 οὐ
1242 5247 1567 5305 πιστεύεστε
1593 5243 1614 5274 ⁰
1656 5242 1758 5294 ὅσα
1785 5236 1851 5291 ἂν

269 5328 457 5435 εἴπῃς.
479 5362 671 5430 Ὅμως
704 5351 796 5410 οῦν
828 5351 926 5406 καὶ
952 5348 1111 5404 τοῦτο
1144 5341 1334 5418 ἐρωτῶ
1364 5357 1446 5402 σε,
1478 5335 1585 5409 πρὸ
1607 5331 1702 5388 τοῦ
1733 5328 1854 5385 κτί-

270 5418 437 5507 σαιηό
465 5418 599 5510 Θεός
632 5418 725 5499 τὸν
762 5442 938 5511 Λόγον
976 5439 1072 5493 καὶ
1126 5436 1187 5489 τδ
1248 5430 1512 5500 Πνεῦμα,
1557 5426 1660 5479 οὐκ
1708 5418 1855 5492 εἶχεν

273 5536 506 5609 Πνεῦμα
520 5536 645 5590 οὐδὲ
674 5533 884 5601 Λόγονς
919 5530 1032 5584 Καὶ
1057 5524 1315 5598 φεύξεται
1343 5520 1451 5575 ἀπὸ
1483 5517 1577 5572 σοῦ
1611 5516 1685 5588 μὴ
1718 5514 1858 5584 ἔχων

275 5632 331 5687 τί
354 5605 749 5703 ἀποκριθῆναι.
771 5621 1053 5695 Λὶρετικοὶ
1084 5618 1192 5689 γάρ
1221 5616 1358 5669 εἰσιν
1387 5613 1437 5667 οἱ
1461 5609 1695 5665 τοιοῦτοι
1718 5605 1859 5661 κατὰ

1058 438 1515 510 DISPUTATIO
1554 422 1932 496 SARACENI
1969 420 2064 482 ET
2100 409 2573 478 CHRISTIANI.

1524 567 1538 581 -
1572 547 1641 603 Et
1663 542 1779 598 ἐστί
1814 544 1858 600 Α
1959 530 2204 589 SARAC.
2248 528 2364 583 lloc
2403 525 2598 595 utique
2634 518 2733 577 tibi
2763 516 2946 573 dicere
2978 510 3229 569 volebam
3255 525 3272 576 ;
3301 515 3468 580 atque

1890 629 1937 684 si
1973 626 2191 681 hiscere
2218 621 2365 691 potis
2393 632 2486 681 es,
2514 612 2789 685 responde
2816 607 2976 663 mihi.
3551 609 3559 612 '

3324 390 3463 457 1342

1960 712 2244 775 CHRIST.
2279 709 2360 765 Tu
2393 709 2477 763 ais
2518 707 2856 761 voluntatem
2888 713 3045 765 esse,
3087 708 3192 766 ego
3229 691 3354 748 dico
3386 697 3473 744 to-

1891 807 2187 867 lerantiam
2216 810 2272 857 et
2303 796 2806 869 Ionganimitatem.

1964 897 2211 957 SABAC.
2253 893 2408 949 Unde
2443 888 2592 943 vales
2621 887 2727 941 hoc
2755 875 3179 937 demonstrare?

1964 988 2242 1049 CHRIST.
2284 985 2363 1040 Ex
2394 983 2563 1038 rebus
2594 979 2670 1033 ait
2713 976 2780 1030 ad
2827 973 3197 1028 Saracenum.
3242 962 3478 1020 Sedente

1656 1096 1671 1147 ί
1701 1109 1787 1155 τις
1897 1103 1985 1142 me
2017 1085 2102 1140 vel
2133 1092 2223 1143 te,
2258 1086 2352 1133 aut
2387 1076 2551 1130 etiam
2588 1078 2807 1135 stante,
2848 1072 3028 1136 potest
3056 1062 3184 1131 quis
3215 1073 3281 1114 ex
3315 1055 3477 1112 nobis

2349 1180 2405 1226 et
2430 1163 2674 1222 arbitrio
2708 1159 2806 1216 Dei
2835 1169 3068 1228 surgere
3097 1158 3193 1208 aut
3228 1144 3483 1208 moveri?

1974 1345 2221 1405 SARAC.
2259 1340 2719 1410 Haudquaquam.

1971 1436 2250 1499 CHRIST.
2291 1435 2517 1490 Dicente
2547 1430 2696 1485 Deo:
2729 1424 2851 1483 Non
2881 1418 3191 1484 iuraberis,
3226 1431 3335 1472 non
3368 1416 3483 1469 for-

1902 1534 2213 1595 nicaberis,
2243 1544 2351 1585 non
2378 1524 2601 1582 occides
2629 1539 2644 1589 ;
2677 1533 2812 1576 sane
2842 1531 2956 1572 non
2980 1512 3101 1571 vult
3127 1517 3187 1566 ut
3211 1508 3486 1571 furemur,

1905 1627 2250 1686 fornicemur
2280 1627 2376 1676 aut
2403 1614 2754 1672 occidamus.

1975 1716 2222 1777 SARAC.
2269 1711 2391 1769 Non
2439 1709 2654 1779 utique.
2705 1704 2763 1760 Si
2796 1701 2947 1759 enim
3002 1693 3152 1752 istud
3198 1687 3489 1749 voluisset.

1906 1813 2057 1871 haud
2087 1808 2397 1868 edixisset,
2432 1801 2550 1857 Non
2578 1797 2817 1863 iureris,
2850 1808 2964 1853 nou
3010 1783 3347 1850 forniceris,
3378 1796 3489 1838 non

1830 1907 1875 1963 Β
1903 1902 2153 1960 occidas.

1980 1988 2260 2049 CHl‘tlS'l‘.
2302 1988 2388 2042 Sit
2427 1981 2602 2056 gloria
2641 1975 2792 2039 Deo,
2832 1969 2962 2042 quia
2996 1975 3056 2056 tu
3087 1960 3351 2020 convenis
3381 1973 3496 2013 me—

1909 2102 2034 2144 cum
2066 2098 2127 2139 ea
2160 2082 2389 2144 dicens,
2435 2089 2558 2146 qua:
2609 2069 2797 2125 dicere
2853 2062 2998 2117 volo.
3048 2049 3193 2128 Ergo
3241 2049 3496 2109 convenit

1912 2179 2013 2236 tibi
2053 2190 2268 2232 mecum
2293 2214 2308 2240 ,
2336 2168 2485 2242 quod
2517 2172 2774 2222 nostrum
2802 2170 2965 2211 nemo
2997 2152 3207 2221 absque
3243 2147 3355 2200 Deo
3396 2156 3498 2213 po-

1914 2281 2020 2328 test
2047 2282 2278 2338 surgere
2314 2272 2410 2319 ant
2440 2255 2648 2314 moveri
2673 2294 2689 2318 ,
2720 2247 2980 2323 quodque
3019 2258 3129 2298 non
3159 2238 3278 2293 vult
3320 2237 3499 2297 Deus,

1912 2373 1975 2419 ut
2011 2360 2261 2415 furemur
2290 2362 2385 2408 aut
2420 2348 2785 2405 fornicemur.
2814 2339 2870 2394 Si
2920 2348 3055 2406 ergo
3100 2331 3213 2402 iam
3263 2338 3501 2396 surgens

1913 2454 2105 2508 abeam
2127 2489 2144 2512 ,
2178 2457 2344 2516 atque
2375 2442 2527 2497 furer
2556 2435 2644 2491 vel
2694 2430 2936 2488 fornicer
2969 2442 2984 2480 :
3035 2418 3168 2491 quid
3204 2413 3352 2470 istud
3402 2427 3504 2483 ap-

1917 2543 2135 2617 pellas?
2185 2509 2355 2594 De-ine
2408 2533 2756 2587 voluntatem
2802 2521 2887 2576 vel
2942 2509 3384 2584 indulgentiam,
3447 2513 3505 2559 et

1917 2635 2271 2695 tolerantiam
2306 2636 2471 2699 atque
2499 2616 2980 2692 longanimitatem
3004 2609 3028 2663 ί

1990 2688 2240 2785 ΘΛΒΑΟ.
2282 2688 2404 2776 Vini
2436 2688 2858 2789 persentiscens
2890 2702 3200 2759 admiratus
3241 2694 3359 2750 ait:
3403 2688 3509 2745 Be-

1921 2824 2042 2894 ipsa
2079 2819 2162 2876 sic
2191 2832 2252 2873 se
2282 2812 2473 2869 habet.

1991 2930 2275 2993 CHRIST.
2318 2927 2515 2998 Cogita
2549 2929 2606 2977 et
2636 2919 2739 2973 hoc
2759 2956 2775 2982 ,
2804 2909 2953 2983 quod
2988 2922 3113 2964 cum
3149 2910 3337 2974 posset
3368 2899 3513 2953 Deus

1924 3033 2219 3102 percutere
2240 3064 2255 3089 ,
2290 3019 2357 3075 ad
2389 3028 2617 3072 crucem
2649 3003 2937 3065 contendit
2963 3020 2977 3056 :
3011 3000 3116 3055 hoc
3144 3002 3229 3051 est
3261 2988 3512 3062 longani-

1927 3084 2125 3177 initate
2153 3084 2290 3171 usus
2320 3120 2407 3168 est
2436 3120 2566 3176 erga
2604 3107 2913 3175 peccatum.
2948 3092 3017 3147 At
3054 3085 3279 3159 quando
3306 3084 3422 3138 vult
3452 3087 3512 3134 ut

2080 3210 2348 3269 mniteat,
2380 3174 2565 3257 reddit
2596 3174 2772 3261 mihi;
2815 3204 2928 3260 quo
2978 3182 3141 3241 modo
3189 3179 3301 3250 agit
3343 3174 3511 3231 etiam

1927 3267 2061 3375 erga
2088 3267 2341 3356 Juda'os.
2362 3294 2497 3349 Post
2526 3288 2871 3358 aliquantum
2905 3276 3055 3334 enim
3091 3267 3355 3329 excitavit
3382 3278 3514 3318 con-

1930 3355 2024 3453 tr;
2052 3396 2180 3450 illos
2209 3389 2398 3444 Titum
2426 3395 2482 3440 et
2509 3355 2919 3449 Vespasianum
2953 3376 3009 3424 et
3039 3366 3292 3427 Grmcos,
3320 3366 3378 3413 et
3416 3355 3517 3412 de-

1926 3489 2063 3561 jecit
2095 3482 2456 3556 petulantiam
2493 3485 2712 3529 eorum.

2003 3576 2061 3632 Si
2091 3567 2474 3641 interrogeris,
2504 3564 2783 3619 Saraceno
2810 3553 3061 3615 dicente;
3087 3545 3264 3612 Quem
3288 3539 3372 3594 ais
3396 3548 3522 3592 esse

1932 3629 2266 3727 cumarum?
2305 3629 2601 3729 Responde
2645 3650 2766 3716 illi,
2822 3643 3067 3701 Verbum
3123 3635 3237 3691 Dei.
3266 3630 3416 3686 Nihil
3464 3629 3523 3683 in

1934 3767 2041 3821 hoc
2070 3763 2331 3817 aberrare
2361 3751 2626 3812 arbitror,
2653 3740 2917 3815 quoniam
2953 3744 3011 3791 et
3044 3730 3287 3787 Verbum
3319 3722 3525 3778 dicitur

1935 3875 1967 3914 a
2015 3855 2347 3923 Scriptura,
2398 3851 2454 3900 et
2500 3835 2773 3911 sapientia
2796 3840 2853 3889 et
2900 3824 3192 3886 brachium
3244 3825 3301 3875 et
3346 3815 3525 3871 virtus

1937 3949 2057 4013 Dei,
2104 3905 2171 4001 et
2220 3905 2347 3996 alia,
2372 3936 2429 3992 id
2469 3905 2643 4006 gen-us
2694 3926 2890 3983 multa.
2941 3910 3320 3974 Multinomius
3377 3905 3525 3961 enim

1937 4051 2043 4101 est.
2077 4038 2160 4093 Tu
2196 4047 2332 4090 vero
2364 4027 2612 4085 vicissim
2644 4023 2929 4085 interroga
2958 4024 3085 4067 eum
3112 4005 3306 4061 dicens
3334 4015 3351 4065 ;
3380 3994 3527 4063 Quid

1941 4138 2173 4188 vocatur
2201 4140 2231 4179 a
2262 4122 2552 4191 Scriptura
2582 4111 2841 4168 Christus
2862 4106 2885 4160 ἵ
2910 4102 3169 4158 Fortasse
3191 4088 3408 4149 etiamsi
3432 4101 3529 4138 ve-

1941 4225 2009 4280 lit
2038 4223 2390 4285 interrogare
2424 4219 2481 4266 te
2515 4206 2829 4262 Saracenus
2855 4196 2924 4251 de
2960 4193 3149 4260 aliqua
3182 4184 3291 4239 alia
3333 4195 3432 4245 re;
3462 4190 3532 4230 ne

1945 4278 2286 4383 respondeas
2310 4303 2391 4358 illi
2418 4307 2714 4368 antequam
2741 4286 2968 4347 solverit
2985 4278 3323 4354 postulatum
3350 4279 3529 4325 tuum.

2942 4375 2955 4383 .
2994 4373 3010 4383 .
3038 4373 3070 4383 .-
3248 4363 3465 4383 ,,_-___
3496 4356 3521 4383 ι

1945 4356 2072 4468 Ωιιὲ
2096 4394 2431 4453 necessitate
2458 4356 2688 4443 coactus
2716 4373 3079 4449 respondebit
3103 4367 3202 4425 tibi
3238 4363 3465 4420 dicens:
3487 4356 3531 4411 A

1948 4452 2239 4562 Scriptura
2264 4499 2386 4540 mea
2410 4480 2653 4552 Spiritus
2674 4482 2728 4530 et
2748 4468 2994 4527 Verbum
3021 4462 3115 4518 Dei
3142 4458 3348 4516 dicitur
3366 4452 3535 4509 Chri-

1816 4545 1844 4648 ό
1876 4584 1923 4642 D
1949 4545 2100 4643 stus:
2122 4582 2191 4637 Et
2225 4591 2359 4635 tunc
2386 4545 2477 4631 die
2507 4571 2588 4629 illi
2619 4578 2679 4624 tu
2722 4576 2947 4637 quoque
2976 4577 2991 4614 :
3041 4553 3289 4625 Spiritus
3335 4545 3433 4601 Dei
3481 4551 3537 4598 et

1809 4685 1844 4758 ἢ
1948 4676 2189 4733 Verbum
2211 4690 2241 4727 a
2272 4668 2568 4739 Scriptura
2594 4670 2690 4717 tua
2719 4660 2968 4715 increata
2993 4649 3277 4707 dicuntur,
3303 4655 3372 4694 an
3408 4651 3540 4691 vero

2653 4754 2666 4758 -
2739 4752 2751 4758 -
2937 4754 2949 4758 -
3086 4757 3091 4758 γ
3117 4756 3129 4758 μ
3205 4736 3290 4758 λε-
3316 4732 3360 4758 ,ι
3389 4748 3403 4758 .
3432 4728 3535 4758 ι’..-

1949 4778 2137 4828 creata
2158 4768 2184 4822 ?
2202 4768 2282 4820 Ac
2308 4762 2400 4819 ubi
2430 4752 2780 4827 responderit
2803 4754 2988 4805 creata
3012 4756 3137 4798 esse
3155 4780 3170 4804 ,
3199 4736 3292 4792 dic
3313 4732 3361 4788 ei
3389 4748 3404 4785 :
3432 4728 3540 4783 Ec-

2307 4864 2329 4909 t
2362 4852 2457 4909 Dei
2494 4820 2761 4921 Spiritum
2796 4849 2852 4897 et
2880 4833 3158 4895 Verbum?
3188 4824 3345 4897 Quod
3384 4822 3430 4879 si
3471 4820 3540 4876 ad

1952 4924 2155 5013 incitas
2202 4949 2466 5005 redactus
2514 4940 2718 4997 dixerit
2762 4934 2903 4999 tibi,
2938 4932 3107 4986 Deum
3138 4924 3234 4979 illa
3262 4932 3487 4974 creasse
3518 4931 3536 4980 ;

1956 5060 2147 5120 regere
2181 5060 2196 5097 :
2250 5040 2317 5095 Et
2362 5038 2410 5095 si
2454 5034 2724 5091 dixissem
2757 5041 2860 5097 ego
2892 5022 2995 5077 tibi
3033 5033 3144 5073 rem
3177 5006 3499 5082 huiusmodi
3523 5046 3541 5070 ,

1958 5101 2345 5211 respondisses
2381 5127 2634 5199 profecto
2663 5120 2800 5176 mihi
2837 5136 2851 5173 :
2889 5114 2932 5169 Ε
2964 5112 3145 5168 medio
3168 5101 3444 5163 sustulisti
3472 5109 3545 5155 te-

1959 5229 2282 5291 stimonium
2307 5234 2496 5285 tuum,
2520 5232 2583 5271 ac
2606 5227 2774 5286 porro
2796 5208 2944 5265 haud
2969 5196 3381 5261 conﬁrmaveris
3403 5206 3547 5264 qna:-

1960 5338 2181 5395 cuuque
2207 5316 2433 5375 dixeris.
2475 5306 2857 5367 Nihilominus
2884 5309 2939 5357 et
2961 5297 3106 5354 istud
3134 5302 3189 5349 te
3218 5292 3500 5357 interrogo
3527 5303 3542 5340 :

1960 5384 2272 5486 Antequam
2305 5411 2520 5466 crearet
2545 5401 2693 5457 Deus
2721 5396 2968 5452 Verbum
3002 5396 3057 5447 et
3088 5384 3353 5459 Spiritum
3381 5419 3396 5443 ,
3432 5392 3544 5432 non

1961 5466 2488 5574 habebat—Spiritum
2514 5506 2697 5564 neque
2726 5483 3022 5544 Verbum?
3050 5487 3215 5547 atque
3244 5466 3546 5531 declinabit

1962 5621 1993 5659 a
2022 5612 2111 5668 te,
2149 5546 2516 5654 nonrhabens
2552 5583 2688 5660 quid
2723 5575 3078 5653 respondeat.
3110 5546 3366 5627 Hazretici
3396 5558 3547 5619 enim
3589 5546 3605 5561 °

1553 5766 1787 5857 VARI-Ai
1817 5758 2111 5822 LECTION
2120 5757 2225 5813 ES.

332 5905 357 5937 ⁸
408 5896 449 5955 Γ
452 5906 573 5955 orte
592 5894 904 5951 πιστεύεται
924 5893 1009 5950 vel
1039 5888 1486 5961 πιστευθήσεται.
