4026 6476
509 446 645 515 1343

1950 448 2204 515 ADDEN
2215 454 2333 515 DA.

3634 450 3761 515 1344

504 573 633 622 sunt
663 564 754 635 qui
785 563 891 619 hoc
933 562 1207 619 aﬂlrmant
1245 564 1388 634 apud
1422 564 1732 621 Saracenos
1753 604 1767 629 ,
1805 568 2077 621 maxime~

2184 567 2561 636 Σαρακηνοὺς,
2598 566 2697 620 καὶ
2742 566 2888 621 πάνυ
2927 566 3209 637 βδελυκτοὶ
3277 565 3373 618 καὶ
3420 564 3755 634 ἀπόβλητοι·

504 673 611 728 que
636 664 766 713 sunt
794 657 1196 711 abominabiles
1222 664 1275 711 et
1304 657 1623 728 propudiosi
1655 676 1670 713 :
1699 669 1753 714 et
1788 660 1835 715 si
1865 661 2081 716 huncce

505 746 746 803 volueris
778 749 1072 803 traducere
1096 748 1240 818 apud
1274 749 1517 820 reliquos
1549 750 1891 815 Saracenos,
1922 754 2081 808 time-

503 840 583 894 bit
622 851 673 895 te
701 840 1019 894 admodum.
1057 840 1213 906 Quod
1238 843 1287 897 si
1320 842 1742 913 interrogaverit
1779 851 1829 898 te
1852 842 2082 899 Sarace-

505 948 612 987 nus
641 932 901 1003 inquiens
929 951 942 988 :
978 931 1273 991 Sermones
1303 934 1394 991 Dei
1422 937 1596 991 creati
1626 946 1756 992 sunt
1781 952 1849 990 au
1876 938 2081 991 incrca~

505 1025 592 1079 ti?
630 1024 823 1080 Solent
861 1028 1007 1081 enim
1047 1028 1208 1085 nobis
1241 1030 1484 1099 objicere
1516 1031 1653 1085 hanc
1686 1030 2081 1100 interrogatio-

505 1133 627 1173 nem
655 1119 1217 1186 vehementissimam,
1244 1122 1488 1177 volentes
1513 1123 1803 1177 ostendere
1834 1133 2078 1177 creatum

506 1225 631 1265 esse
666 1211 902 1267 Verbum
934 1211 1066 1274 Dei,
1095 1214 1243 1283 quod
1277 1228 1412 1268 sane
1444 1228 1555 1267 non
1589 1222 1692 1267 est.
1721 1211 1875 1279 Quod
1908 1214 1954 1268 si
1990 1213 2080 1267 di-

507 1305 656 1360 xeris
687 1314 935 1371 creatos,
972 1307 1174 1376 regerit
1205 1317 1397 1361 contra
1429 1318 1479 1362 te
1500 1349 1514 1373 ,
1550 1307 1695 1377 quod
1729 1322 1858 1362 ecce
1889 1322 2081 1364 omnes

506 1394 584 1449 dii
632 1411 763 1450 vero
812 1411 922 1450 non
964 1406 1114 1453 sunt.
1160 1396 1303 1452 Ecce
1359 1406 1417 1452 tu
1468 1399 1757 1454 confessus
1800 1415 1894 1464 es,
1942 1399 2081 1455 Ver-

508 1486 637 1541 bum
694 1486 809 1552 Dei,
850 1504 974 1543 cum
1039 1490 1109 1544 sit
1158 1489 1443 1555 Christus,
1516 1490 1685 1545 Deum
1739 1498 1924 1546 tamen
1971 1506 2079 1546 non

508 1594 651 1633 esse.
697 1577 1098 1647 Quamobrem,
1153 1595 1330 1649 neque
1376 1589 1595 1636 creatos
1647 1597 1821 1652 neque
1865 1581 2084 1637 increa-

508 1680 594 1725 tos
633 1671 981 1728 Christianus
1034 1674 1375 1743 respondens
1434 1674 1509 1728 illi
1542 1675 1778 1745 appellat
1824 1674 2080 1745 (dicens),

506 1760 619 1832 Ego
649 1777 815 1815 unum
857 1761 1032 1817 solum
1069 1762 1302 1817 Verbum
1347 1762 1441 1818 Dei
1476 1765 1529 1818 in
1582 1765 1863 1836 hypostasi
1911 1767 2081 1821 conli-

509 1863 626 1909 teor
678 1855 823 1924 quod
874 1854 945 1909 sit
1006 1855 1337 1917 increatum,
1397 1857 1855 1926 quemadmodum
1911 1867 1965 1912 et
2020 1866 2076 1911 tu

2181 658 2275 709 καὶ
2306 654 2399 711 ὲάν
2435 656 2597 710 αὐτὸν
2631 657 2791 729 θέλῃς
2820 657 3181 729 δημοσιεῦσαι
3210 660 3322 719 τοῖς
3353 656 3566 719 λοιποῖς
3593 656 3762 727 Σαρα-

2181 750 2370 816 κηνοῖς
2397 746 2773 819 φοϐηθήσεταί
2803 766 2863 802 σε
2889 748 3025 801 πολύ
3056 758 3103 801 P.
3146 748 3255 802 Kal
3290 747 3386 799 ὲάν
3417 747 3673 819 ὲρωτήςῃ
3704 764 3759 801 σε

2178 838 2207 891 6
2235 840 2543 911 Σαρακηνδς
2574 839 2744 908 λέγων
2766 857 2780 872 ο
2800 840 2881 894 Τὰ
2902 842 3074 909 Λόγια
3101 839 3195 893 τοῦ
3230 839 3369 892 Θεοῦ
3411 841 3609 893 κτιστά
3631 842 3760 891 εἰσιν

2180 929 2521 1000 ﬂamina;
2581 932 2754 986 Τοῦτο
2803 934 2914 1003 γάρ
2970 932 3371 1003 προϐάλλονται
3436 931 3572 1001 πρὸς
3619 932 3760 1000 ἡμᾶς

2179 1021 2446 1093 ἐρώτημα
2467 1023 2773 1078 δεινότατον
2796 1024 3046 1087 θέλοντες
3064 1022 3351 1088 ἀποδεῖξαι
3380 1022 3605 1075 κτιστδν
3629 1017 3758 1074 εἶναι

2179 1116 2272 1169 τὸν
2294 1116 2468 1184 Λόγον
2504 1116 2600 1170 τοῦ
2626 1116 2784 1180 Θεοῦ,
2816 1118 2957 1187 ὅπερ
3013 1117 3114 1170 οὐκ
3159 1115 3329 1169 ἐστιν.
3370 1115 3435 1168 El
3462 1114 3520 1167 δὲ
3571 1115 3759 1184 εἴπῃς⁸

2181 1208 2394 1261 nam
2419 1210 2583 1273 εἰσιν,
2614 1208 2767 1278 λέγει
2799 1226 2904 1274 σοι,
2939 1210 3023 1263 ὃτι
3060 1209 3171 1263 ίδοὺ
3202 1207 3374 1261 ταῦτα
3402 1208 3583 1259 πάντα
3612 1206 3760 1273 λόγια

2179 1299 2275 1352 τοῦ
2304 1300 2440 1353 Θεοῦ
2471 1302 2808 1371 ὑπάρχοντα,
2847 1302 3083 1355 ἀκτιστα
3117 1301 3216 1371 μέν
3250 1303 3381 1365 εισι,
3410 1299 3539 1353 Θεοὶ
3584 1298 3642 1351 δὲ
3665 1299 3759 1351 οῦκ

2182 1393 2338 1446 εἰσιν.
2378 1392 2507 1446 Ἰδοὺ
2539 1393 2602 1445 σὺ
2631 1392 3014 1463 ὡμολόγησας,
3040 1393 3123 1445 ὅτι
3157 1393 3185 1445 6
3209 1389 3452 1461 Χριστὸς
3482 1389 3658 1456 Λόγος
3686 1387 3758 1439 ὢν

2180 1484 2276 1538 τοῦ
2307 1484 2465 1551 Θεοῦ,
2488 1486 2588 1538 οὐκ
2624 1486 2739 1539 ἔστι
2766 1486 2917 1549 Θεός.
2942 1485 3035 1538 Διὸ
3058 1484 3195 1555 μηδὲ
3223 1483 3420 1537 κτιστά
3452 1483 3590 1553 μηδὲ
3616 1483 3759 1535 ἀκτι-

2184 1591 2284 1628 στα
2320 1576 2348 1628 6
2381 1575 2707 1647 Χριστιανὸς
2726 1575 3050 1645 ἀποκριθεὶς
3080 1574 3230 1645 αὐτῷ
3260 1573 3414 1642 λέγει
3433 1590 3446 1602 ·
3493 1572 3639 1641 Ἐγὼ
3670 1574 3759 1626 ἕνα

2185 1668 2346 1736 μόνον
2360 1667 2534 1736 Λόγον
2560 1668 2653 1720 τοῦ
2672 1667 2807 1720 Θεοῦ
2830 1670 2887 1720 ὲν
2910 1667 3208 1721 ὑποστάσει
3234 1665 3485 1737 ὁμολογῶ
3512 1665 3758 1719 ἀκτιστον

2181 1758 2333 1821 ὄντα,
2360 1758 2616 1831 καθάπερ
2648 1759 2746 1813 καὶ
2780 1760 2845 1812 σὺ
2881 1759 3275 1830 ὡμολόγησας·
3318 1758 3421 1826 τὴν
3452 1757 3508 1810 δὲ
3548 1758 3758 1811 ἃπασαν

2182 1851 2406 1922 Γραφήν
2447 1870 2573 1922 μου,
2618 1852 2680 1906 οὐ
2715 1852 2859 1921 λέγω
2914 1853 3107 1920 Λόγια,
3156 1851 3292 1905 ἀλλά
3345 1852 3568 1920 ῥήματα
3607 1847 3755 1900 Θεοῦ.

506 1945 821 2010 conﬁteris;
851 1946 992 2001 hanc
1013 1953 1183 2001 totam
1215 1946 1561 2017 Scripturam
1596 1963 1769 2002 meam
1811 1965 1916 2003 non
1953 1949 2077 2004 dico

2185 1942 2293 1994 Kal
2322 1940 2417 1993 ἐὰν
2449 1942 2576 2013 εἴπῃ
2604 1942 2631 1994 6
2659 1942 2995 2013 Σαρακηνός·
3043 1941 3152 1993 Kal
3181 1940 3298 2003 πῶς
3335 1939 3485 2000 λέγει
3507 1940 3536 1992 6
3563 1937 3721 1990 Δαϐίδ
3741 1954 3754 1966 ·

508 2049 820 2098 sermones,
854 2035 950 2089 sed
996 2035 1265 2090 dictiones
1302 2033 1417 2090 Dei.
1458 2035 1610 2102 Quod
1646 2037 1689 2090 si
1731 2035 1933 2090 dixerit
1972 2036 2075 2090 Sa-

508 2141 786 2180 raccnus:
840 2124 1125 2191 Quomodo
1173 2142 1304 2196 ergo
1349 2130 1425 2181 ait
1456 2127 1671 2182 David:
1714 2146 1733 2179 ι
1789 2127 2084 2185 Sermones

509 2215 762 2282 Domini,
818 2232 1098 2273 sermones
1146 2219 1269 2287 puri
1300 2221 1359 2283 ’ς
1410 2237 1427 2269 ι
1487 2227 1542 2273 et
1601 2235 1709 2273 non
1753 2237 1765 2274 :
1816 2219 2084 2275 dictiones

508 2305 747 2371 Domini,
793 2307 1066 2363 dictiones
1118 2308 1306 2377 purae?
1360 2307 1457 2361 Dic
1485 2308 1535 2363 ei
1572 2327 1585 2362 :
1651 2308 1809 2364 Vates
1855 2313 2084 2381 ligurate

509 2397 726 2452 locutus
754 2408 854 2463 εει,
892 2407 948 2452 at
994 2414 1101 2452 non
1156 2399 1394 2469 proprie.
1429 2397 1587 2465 Quod
1631 2401 1675 2454 si
1734 2400 1829 2455 tibi
1860 2401 2081 2466 dixerit,

510 2486 651 2552 Quid
686 2497 769 2542 est
810 2489 1042 2558 ﬁgurata
1070 2490 1372 2559 propriave
1422 2490 1676 2545 locutio?
1722 2490 1802 2544 Tu
1863 2508 2083 2563 regeras

512 2578 589 2631 illi
628 2595 642 2632 :
681 2576 904 2647 Propria
950 2580 1151 2633 locutio
1193 2589 1275 2633 est
1330 2588 1479 2633 certa
1530 2581 1928 2636 demonstratio
1979 2584 2080 2649 rei,

514 2668 742 2738 ﬁgurata
776 2684 906 2723 vero
943 2670 1147 2724 locutio
1181 2680 1269 2725 est
1310 2671 1494 2726 minus
1536 2682 1687 2726 certa
1736 2674 1814 2728 rei
1860 2674 2085 2729 demou-

513 2763 729 2816 Stratio.
760 2760 913 2827 Quod
963 2763 1008 2815 si
1034 2770 1275 2832 opponat
1311 2763 1409 2817 tibi
1464 2763 1775 2821 Saracenos
1811 2783 1825 2821 :
1868 2766 2085 2822 Fierine

511 2862 688 2923 potest
719 2866 777 2907 ut
808 2856 1072 2924 propheta
1106 2857 1355 2910 enuntiet
1382 2857 1564 2913 minus
1604 2866 1811 2913 certam
1861 2861 1938 2914 rei
1986 2861 2084 2916 de-

513 2943 1015 2999 monstrationem?
1066 2943 1161 2998 Dic
1205 2946 1256 2999 ei
1299 2946 1486 3000 statim
1531 2970 1542 3003 :
1579 2949 1636 3001 1n
1672 2948 1953 3019 prophetis
2000 2950 2085 3005 in-

511 3036 754 3089 auimata
782 3050 1050 3104 personas
1084 3035 1224 3101 ﬁeri,
1257 3039 1564 3109 oculosque
1594 3050 1646 3094 et
1679 3056 1777 3097 ora
1807 3041 1887 3097 eis
1918 3043 2084 3100 tribui

511 3126 738 3182 videris.
782 3125 1157 3198 Quapropter,
1206 3148 1226 3182 ι
1278 3130 1428 3187 Mare
1471 3133 1606 3187 vidit
1657 3142 1711 3189 et
1756 3133 1896 3205 fugit
1946 3138 2012 3191 ⁸⁸.
2058 3155 2078 3190 ι

509 3218 762 3274 Attamen
805 3237 955 3275 mare
985 3223 1176 3278 oculos
1204 3239 1311 3279 non
1340 3224 1525 3289 habet,
1559 3242 1736 3297 neque
1774 3230 1922 3284 enim
1962 3231 2083 3285 ani-

512 3312 619 3367 mal
649 3322 755 3367 est.
790 3311 1003 3369 Rursus
1050 3315 1194 3369 idem
1241 3316 1511 3386 Propheta
1555 3320 1703 3373 velut
1747 3321 2080 3377 animantem

512 3404 646 3457 illud
688 3405 988 3474 alloquitur
1020 3425 1033 3461 :
1079 3425 1097 3457 ι
1133 3407 1275 3472 Quid
1299 3409 1393 3462 tibi
1426 3416 1534 3475 est,
1570 3426 1741 3477 mare,
1776 3412 1904 3481 quia
1940 3412 2082 3482 fugi-

511 3498 581 3550 sti
613 3498 653 3527 ”
697 3515 715 3546 ι
756 3504 809 3550 et
848 3514 969 3567 qua‘
1008 3508 1335 3568 sequuntur.
1381 3499 1524 3565 Quin
1582 3502 1744 3555 etiam
1784 3521 1801 3554 ι
1854 3500 2084 3559 Gladius

510 3583 794 3638 devoravit
830 3600 1027 3641 carnes
1054 3604 1071 3637 ι
1095 3586 1229 3641 dicit
1258 3587 1543 3657 Scriptura
1571 3588 1633 3643 ¹⁸.
1659 3590 1729 3644 At
1755 3592 1900 3645 enim
1928 3592 2085 3646 devo-

508 3694 631 3731 rare
657 3675 723 3730 de
750 3692 845 3732 ore
874 3677 1080 3731 dicitur
1107 3680 1252 3748 quod
1296 3681 1535 3735 comedit
1566 3696 1631 3736 ac
1677 3682 1832 3745 bibit,
1866 3683 2081 3752 gladius

509 3783 644 3823 vero
689 3768 852 3823 caedit
899 3770 1143 3838 quidem,
1188 3786 1298 3825 non
1350 3781 1532 3827 tamen
1588 3772 1841 3844 deglutit.
1890 3773 1983 3829 Sic
2028 3783 2084 3831 et

508 3858 786 3913 dictiones
828 3860 1058 3929 ﬁgurata
1104 3860 1381 3917 locutione
1418 3879 1553 3919 usus
1597 3879 1883 3921 sermones
1917 3881 2086 3921 voca-

506 3952 609 4014 vit,
642 3950 861 4004 tametsi
896 3966 1004 4005 non
1049 3951 1160 4005 sint
1200 3968 1488 4009 sermones
1527 3957 1620 4012 sed
1655 3957 1946 4014 dictiones.
1984 3957 2082 4012 Sin

508 4048 696 4094 autem
770 4040 1091 4096 sciscitatus
1157 4041 1363 4109 fuerit;
1442 4045 1730 4112 Quomodo
1796 4048 2084 4104 descendit

508 4132 654 4187 Deus
681 4133 735 4187 in
769 4140 989 4188 uterum
1026 4135 1315 4192 mulieris?
1359 4137 1710 4209 Respondeto
1741 4141 1816 4194 illi
1852 4159 1865 4195 :
1903 4141 2079 4196 Adhi-

2190 2031 2393 2099 ιΛόγια
2424 2032 2651 2097 Κυρίου,
2674 2030 2829 2100 λόγια
2858 2030 3026 2099 ἀγνάο
3061 2049 3080 2081 ι
3114 2032 3207 2082 καὶ
3240 2027 3382 2099 οὐχὶ,
3422 2027 3504 2080 Τά
3546 2029 3757 2098 ῥήματα

2185 2121 2428 2192 Κυρίου,
2487 2125 2711 2192 ῥήματα
2764 2121 2939 2189 ἀγνάς
2973 2119 3095 2173 εἰπὲ
3134 2118 3321 2189 αὐτῷ’
3372 2117 3430 2170 '0
3472 2117 3757 2188 Προφήτης

2184 2215 2597 2285 τροπολογικῶς
2640 2213 2927 2285 ἐλάλησεν,
2963 2213 3060 2266 καὶ
3108 2213 3169 2265 οὐ
3206 2209 3624 2282 κυριολογικῶς.
3654 2210 3757 2263 Kal

2186 2309 2281 2361 ἐάν
2313 2324 2396 2360 σοι
2438 2308 2566 2378 εἴπῃ
2592 2323 2605 2338 ·
2635 2308 2700 2360 Τί
2734 2309 2885 2360 ἐστιν
2917 2304 3246 2376 τροπολογεα
3278 2302 3377 2357 καὶ
3410 2302 3753 2372 κυριολογία;

2185 2400 2307 2453 εἰπὲ
2343 2399 2524 2471 αὐτῷ’
2554 2398 2883 2469 Κυριολογία
2925 2398 3025 2468 μέν
3062 2399 3234 2461 ἐστιν,
3270 2397 3464 2466 βεϐαία
3490 2394 3755 2461 ἀπόδειξις

2186 2495 2533 2565 πράγματοςσ
2560 2492 2888 2563 τροπολογία
2913 2491 2969 2545 δέ
3002 2492 3150 2543 ἐστιν
3182 2488 3441 2551 ἀϐέϐαιος
3466 2486 3749 2551 ἀπόδειξις.

2184 2587 2295 2640 Καὶ
2348 2586 2443 2639 ἐάν
2486 2602 2567 2638 σοι
2608 2585 2734 2654 εἴπῃ
2761 2585 2789 2636 6
2826 2582 3174 2652 Σαρακηνός*
3215 2580 3523 2650 Ἐνδέχεται
3550 2581 3753 2650 προφή-

2186 2697 2286 2750 την
2317 2682 2491 2732 εἰπεῖν
2523 2679 2779 2732 ἀϐέϐαιον
2824 2676 3141 2742 ἀπόδειξινς
3172 2676 3295 2728 εἰπὲ
3335 2674 3491 2744 αὑτῷ
3522 2673 3749 2735 εὐθέως·

2198 2772 2319 2824 Ἐπὶ
2353 2776 2465 2835 τοῖς
2490 2772 2801 2841 προφήταις
2828 2770 2897 2824 τὰ
2926 2770 3107 2839 ἄψυχα
3136 2769 3405 2838 πρόσωπα
3439 2768 3633 2828 ποιεῖν,
3664 2767 3752 2818 καὶ

2185 2862 2496 2933 ὀφθαλμοὺς
2525 2863 2620 2915 καὶ
2662 2863 2912 2932 στόματα
2947 2860 3119 2931 θεάσῃ
3164 2860 3386 2922 αὐτοῖς’
3439 2858 3601 2920 ὥστε,
3634 2878 3652 2909 ι
3688 2857 3749 2910 Ἦ

2187 2955 2432 3009 θάλασσα
2447 2952 2604 3019 εἶδεν,
2624 2954 2718 3007 καὶ
2738 2953 2961 3022 ἔφυγεν.
2986 2972 3003 3005 ο
3036 2952 3166 3006 Ἰδοὺ
3184 2952 3279 3004 καὶ
3301 2951 3549 3005 θάλασσα
3562 2948 3750 3015 ὀφθαλ-

2189 3047 2324 3116 μοὺς
2353 3048 2456 3100 οὐκ
2490 3046 2626 3117 ἔχει,
2661 3046 2723 3099 οὑ
2767 3045 2879 3115 γάρ
2915 3046 3066 3099 ἐστιν
3095 3044 3355 3116 ἔμψυχος.
3391 3042 3498 3095 Καὶ
3532 3041 3690 3094 πάλιν
3724 3040 3751 3091 6

2185 3138 2349 3202 αὐτὸς
2380 3139 2672 3209 Προφήτης
2701 3137 2776 3200 ὡς
2802 3136 3052 3207 ἔμψυχον
3074 3137 3245 3206 αὐτὴν
3268 3134 3578 3202 διαλέγεται
3600 3150 3612 3163 ·
3653 3151 3669 3182 ι
3690 3131 3753 3185 Τί

2188 3232 2270 3284 σοί
2296 3232 2437 3294 ἔστι,
2471 3230 2740 3291 Θάλασσα,
2768 3230 2852 3283 ὅτι
2879 3229 3113 3300 ἕφυγεςς
3152 3248 3171 3281 ι
3210 3229 3305 3281 καὶ
3332 3228 3399 3280 τὰ
3427 3225 3575 3296 ἑξῆς.
3607 3243 3626 3276 ι
3648 3224 3749 3278 Kal

2185 3319 2216 3387 ἡ
2258 3318 2503 3391 μάχαιρα
2534 3320 2769 3386 φάγεται
2807 3318 2967 3388 κρέα,
3000 3337 3017 3370 ι
3055 3316 3203 3383 λέγει
3234 3318 3267 3387 η
3307 3316 3525 3385 Γραφή.
3549 3315 3620 3367 T6
3651 3315 3751 3383 γὰρ

2183 3408 2398 3478 φαγεῖν
2434 3411 2528 3462 ἐπὶ
2564 3411 2832 3479 στόματος
2871 3409 3021 3477 λέγει
3053 3416 3081 3457 ιι
3115 3406 3423 3479 τρώγοντος
3458 3406 3551 3459 καὶ
3582 3405 3752 3458 πίνον·

2181 3501 2352 3570 τος,η
2406 3499 2464 3553 δὲ
2502 3500 2748 3571 μάχαιρα
2779 3499 3038 3569 τέμνεται
3081 3498 3199 3568 μὲν,
3245 3498 3307 3550 οὐ
3350 3495 3640 3549 καταπίνει
3678 3493 3747 3547 δέ.

2183 3590 2373 3654 (ιῦτως
2400 3591 2494 3644 καὶ
2514 3592 2583 3644 τὰ
2608 3592 2830 3662 ῥήματα
2857 3590 3271 3661 τροπολογήσας
3292 3587 3523 3657 ἐλάλησε
3548 3585 3745 3653 λόγουςν

2189 3676 2335 3748 ἅπερ
2375 3676 2474 3731 οῦκ
2518 3680 2656 3731 εἰσιν
2704 3678 2879 3747 λόγια,
2921 3678 3057 3732 ἀλλά
3097 3680 3337 3749 ῥήματα.
3381 3676 3491 3730 Καὶ
3545 3676 3640 3729 ἐάν
3677 3692 3750 3728 σοι

2190 3767 2341 3838 εἴπῃ,
2374 3768 2498 3833 Πῶς
2532 3769 2801 3839 κατῆλθεν
2852 3772 2881 3823 6
2915 3770 3046 3834 Θεὸς
3087 3772 3169 3832 είς
3218 3768 3430 3822 κοιλίαν
3470 3765 3719 3835 γυναικός
3733 3782 3746 3829 ;

2184 3861 2307 3914 εἰπὲ
2334 3860 2513 3931 αὐτῷ·
2548 3860 2898 3932 Χρησώμεθα
2921 3864 2987 3932 τῇ
3032 3863 3218 3932 γραφῇ
3252 3877 3368 3923 σου,
3396 3859 3492 3912 καὶ
3530 3861 3597 3927 τῇ
3624 3858 3751 3922 Γρα·

2186 3956 2259 4025 φῇ
2296 3970 2397 4023 μου
2420 3969 2435 3985 ο
2470 3955 2501 4020 ἡ
2535 3955 2721 4024 γραφή
2768 3971 2861 4006 σου
2911 3954 3081 4021 λέγει,
3128 3954 3210 4007 ὅτι
3254 3951 3527 4022 ἐκάθηρεν
3565 3951 3595 4002 6
3632 3948 3750 4011 Θεὸς

2184 4046 2284 4115 τὴν
2339 4045 2614 4116 Παρθένον
2666 4046 2883 4115 Μαρίαν
2941 4044 3083 4115 ὑπὲρ
3137 4046 3320 4097 πᾶσαν
3367 4042 3549 4111 σάρκα
3578 4058 3753 4109 γυναι-

2187 4134 2363 4196 κείαν,
2400 4135 2494 4188 xal
2520 4134 2727 4203 κατέϐη
2751 4133 2813 4186 τὸ
2844 4134 3066 4203 Πνεῦμα
3095 4132 3190 4186 τοῦ
3225 4130 3363 4184 Θεοῦ
3406 4132 3500 4184 καὶ
3527 4129 3557 4181 6
3590 4131 3749 4196 Λόγος

502 4219 728 4275 beamus
756 4222 1086 4290 scripturam
1121 4232 1271 4278 tuam
1306 4234 1361 4280 et
1412 4243 1611 4284 meam.
1658 4230 1949 4299 Scriptura
1989 4241 2081 4285 tua

2185 4229 2244 4279 ὲν
2298 4227 2460 4297 αὐτῇ,
2522 4226 2702 4280 καὶτὸ
2742 4225 3072 4291 Εὐαγγέλιόν
3111 4242 3213 4294 μου
3262 4223 3436 4291 λέγει·
3484 4241 3502 4274 ι
3536 4221 3749 4290 Πνεῦμα

501 4310 683 4364 dicit:
734 4331 752 4361 ο
796 4311 1052 4380 Purgavit
1117 4312 1260 4371 Deus
1306 4317 1574 4387 virginem
1638 4319 1862 4375 Mariam
1918 4337 2081 4391 supra

2184 4318 2340 4386 ἀγιον
2360 4317 2713 4372 ἐπελεύσεται
2741 4318 2836 4374 ἐπὶ
2868 4318 2948 4382 σὲ,
2981 4316 3073 4370 καὶ
3102 4315 3333 4385 δύναμις
3360 4312 3622 4384 Ὑψίστου
3646 4313 3750 4364 ἑπι-

500 4417 715 4457 omnem
749 4404 1068 4459 muliebrem
1099 4421 1345 4469 carnem,
1392 4408 1790 4481 descenditque
1831 4411 2080 4482 Spiritus

2186 4410 2404 4463 σκιάσει
2429 4426 2576 4462 σοι.)
2624 4409 2760 4463 Ἰδοὺ
2801 4409 2902 4480 μία
2957 4413 3110 4479 φωνὴ
3146 4408 3477 4478 ἀμφοτέρων
3524 4406 3637 4459 τῶν
3669 4404 3749 4457 λέ-

447 4498 451 4503 ’
506 4489 596 4545 Dei
642 4500 695 4545 et
747 4491 982 4548 Verbum
1036 4493 1089 4548 in
1134 4510 1256 4550 eam
1318 4497 1419 4566 (2).
1458 4518 1476 4551 ι
1539 4501 1894 4571 Evangelium
1952 4517 2081 4558 vero

2184 4502 2344 4569 εεων,
2378 4502 2473 4556 καὶ
2507 4502 2565 4555 ἓν
2594 4501 2794 4571 νόημα.
2823 4500 3083 4555 Γινώσκω
3112 4500 3167 4554 δὲ
3191 4500 3287 4554 καὶ
3311 4498 3491 4557 τοῦτο.
3526 4499 3603 4561 ὡς
3628 4497 3749 4568 πρὸς

499 4599 683 4636 meum
726 4584 858 4638 dicit
905 4604 920 4640 :
969 4604 989 4637 ι
1049 4586 1289 4656 Spiritus
1342 4602 1568 4648 sanctus
1621 4595 1970 4663 superveniet
2026 4597 2080 4651 in

2184 4594 2282 4664 τὴν
2317 4594 2597 4665 ἡμετέραν
2647 4594 2889 4662 ἰδιότητα
2941 4591 3092 4660 λέγει
3143 4593 3176 4661 ή
3228 4590 3419 4662 Γραφὴ
3461 4588 3751 4643 κατάϐασιν

501 4683 575 4736 te,
605 4685 658 4729 et
698 4676 874 4732 virtus
932 4679 1199 4735 Altissimi
1257 4682 1611 4739 obumbrabit
1658 4686 1753 4741 tibi
1806 4686 1870 4742 ι’.
1917 4706 1935 4737 1
1998 4687 2077 4743 Εη

2184 4684 2321 4738 Θεοῦ
2361 4686 2457 4738 καὶ
2511 4684 2800 4749 ἀνάϐασιν,
2834 4682 3242 4754 τροπολογικῶς
3272 4684 3368 4734 καὶ
3406 4681 3469 4734 οὐ
3513 4678 3751 4749 κυριολο-

502 4762 643 4818 idem
678 4766 936 4837 utrinque
967 4769 1257 4825 verborum
1299 4786 1471 4827 sonus
1501 4782 1556 4828 et
1585 4789 1804 4831 sensus.
1840 4776 2080 4833 Adverto

2184 4777 2381 4846 γικῶς.
2423 4777 2645 4849 Κυρίως
2693 4775 2803 4847 γὰρ
2853 4772 3156 4837 κατάϐασις
3207 4773 3302 4826 καὶ
3356 4769 3627 4833 ἀνάϐασις
3672 4767 3752 4820 ἐπὶ

498 4862 553 4909 et
586 4853 757 4917 istud,
792 4859 939 4926 quod
974 4873 1170 4929 nempe
1204 4862 1512 4917 secundum
1548 4865 1941 4935 proprietatem
1980 4884 2081 4923 no-

2187 4871 2456 4940 σωμάτων
2508 4869 2728 4938 λέγεται
2772 4868 2915 4921 κατά
2946 4864 3295 4936 φιλοσόφους,
3340 4866 3370 4918 6
3415 4864 3474 4916 δὲ
3511 4862 3646 4922 Θεὸς
3692 4861 3753 4911 τά

499 4952 669 4997 stram
705 4944 851 5000 dicat
879 4945 1160 5018 Scriptura
1194 4952 1577 5008 ascensionem
1613 4952 1710 5009 Dei
1747 4964 1802 5009 et
1827 4957 2075 5013 descen-

2185 4962 2364 5015 πάντα
2396 4963 2662 5033 περιέχει,
2696 4962 2791 5014 καὶ
2813 4961 2873 5013 οὐ
2902 4958 3217 5030 περιέχεται
3261 4955 3369 5010 ὑπό
3394 4972 3543 5017 τινος
3574 4953 3750 5006 τόπον.

498 5036 729 5099 sionem.
764 5040 994 5110 ﬁgurate
1038 5043 1296 5099 nimirum
1332 5054 1387 5099 at
1418 5061 1527 5102 non
1562 5048 1805 5117 proprie.
1848 5050 2079 5122 Proprie

2190 5054 2336 5123 Ἔφη
2366 5054 2474 5123 γάρ
2520 5070 2604 5116 τις
2630 5051 2743 5105 τῶν
2789 5048 3124 5120 προφητῶν·
3173 5067 3193 5100 ι
3235 5048 3333 5112 Τίς
3380 5046 3651 5117 ὲμέτρησε
3692 5042 3750 5110 τῇ

496 5127 642 5182 enim
678 5128 977 5189 descensus
1005 5141 1062 5189 et
1094 5150 1361 5193 ascensus
1405 5138 1564 5207 juxta
1614 5141 1972 5213 philosophos
2005 5145 2074 5200 de

2184 5145 2331 5217 χειρὶ⁹
2360 5145 2527 5199 αὑτοῦ
2576 5144 2675 5215 τὴν
2706 5142 3006 5207 θάλασσαν,
3042 5142 3139 5194 καὶ
3167 5140 3294 5204 τοὺς
3338 5137 3605 5209 οὐρανοὺς
3634 5149 3750 5185 σπια

565 5284 587 5318 ⁸
618 5282 758 5341 Psal.
795 5302 870 5351 ιι,
911 5288 963 5344 7.
1043 5292 1087 5323 ¹⁰
1115 5289 1262 5371 Psal.
1294 5310 1418 5361 cxv,
1450 5298 1506 5353 5.
1584 5298 1624 5330 ²¹
1664 5298 1797 5356 ibid.
1838 5299 1892 5354 5.
1971 5298 2081 5355 “Ji

2184 5316 2236 5355 n.
2271 5317 2370 5366 xu,
2406 5300 2492 5355 12.
2576 5300 2621 5333 ¹³
2660 5301 2793 5355 Luc.
2822 5316 2861 5366 ι,
2901 5298 2992 5355 55.

1778 5473 1863 5528 VA
1876 5473 2015 5529 ΠΙᾹΞ
2060 5472 2467 5530 LECTIONES.

459 5596 471 5608 -
562 5581 597 5629 Ρ
624 5575 781 5646 Apud
820 5577 1065 5652 Lequien
1098 5600 1250 5640 num.
1289 5585 1345 5653 2,
1387 5603 1509 5659 pag.
1540 5589 1662 5645 466.
1741 5600 1770 5641 (ι
1802 5590 2055 5660 Λέγεται.

2018 5761 2247 5819 NOTAE.

566 5863 645 5933 (ἰ)
684 5863 885 5923 Confer
913 5866 1331 5942 Guadagnolum
1364 5872 1593 5943 Apolog.
1632 5889 1754 5945 pag.
1793 5872 1917 5930 9.77.
1952 5872 2066 5931 lmo
2098 5883 2265 5932 totam
2299 5872 2505 5948 passim
2536 5872 2764 5932 consule
2790 5872 3135 5946 Apologiam.
