4026 6418
201 410 345 475 1345

1080 400 1535 465 DISPUTATIO
1575 398 1951 460 SARACENI
1990 399 2087 459 ET
2124 400 2591 463 CHRISTIANI.

3321 401 3475 469 ’1348

198 528 377 597 θαμῇ,
410 527 595 579 πᾶσαν
627 524 728 596 τὴν
754 523 859 596 γῆν
892 520 1084 594 δρακί;
1121 539 1140 571 ι
1176 520 1286 575 Καὶ
1312 519 1472 583 ὅλως,
1512 520 1693 573 πάντα
1718 516 1789 569 τά

1902 516 2225 585 corporibus
2279 519 2725 589 pronuntiatur;
2791 520 2938 577 Deus
2988 527 3169 574 autem
3217 516 3478 571 universa

201 618 373 671 ὕδατα
396 615 503 669 ὑπὸ
551 614 754 686 χειρῶν
808 615 949 666 είσιν
992 610 1087 664 τοῦ
1135 609 1272 663 Θεοῦ
1321 609 1452 681 [καὶ
1479 611 1508 663 6
1559 607 1789 679 οὐρανὸς

196 710 365 780 δρακὶ
393 706 479 780 ι’].
516 706 641 771 Πῶς
686 705 964 776 ἐνδέχεται
1013 702 1177 767 αὐτὸς
1216 701 1321 773 ίδίςτ⁸
1367 702 1513 773 χειρὶ
1558 704 1624 772 τῇ
1657 718 1789 755 κατ·

196 801 405 875 εχούσῃ
434 801 503 854 τά
531 800 713 854 πάντα
743 797 1051 868 καταϐῆναι
1079 796 1176 850 καὶ
1198 794 1506 864 άναὸἧναι;
1537 794 1662 847 Ἐάν
1697 792 1791 846 καὶ

198 896 459 968 ἐρωτήσῃ
502 912 563 947 σε
592 896 621 947 6
662 892 947 962 Σαακηνὺς
1011 890 1215 958 λέγων’
1253 889 1363 943 Καὶ
1405 889 1453 942 εί
1506 887 1639 950 Θεὸς
1666 882 1734 958 ἦν
1762 886 1792 939 ό

198 988 463 1060 Χριστὸς,
512 987 608 1041 xui.
659 985 861 1054 ἔφαγεν
894 985 990 1038 καὶ
1033 982 1208 1048 ἔπιεν,
1249 982 1345 1035 καὶ
1386 981 1657 1046 ὕπνωσεν,
1698 980 1793 1033 καὶ

196 1081 272 1135 τὰ
328 1079 490 1149 ἐξῆςς
539 1078 661 1132 εἰπὲ
699 1075 873 1147 αὐτῷ,
906 1076 989 1130 ὅτι
1050 1075 1109 1128 Ὀ
1133 1074 1461 1146 προαιώνιος
1492 1074 1664 1141 Λόγος
1697 1072 1790 1126 τοῦ

199 1171 368 1237 Θεοῦ,
399 1173 428 1225 6
460 1173 654 1234 κτίσας
682 1169 754 1223 τά
784 1167 1098 1239 σύμπαντα,
1136 1165 1320 1230 καθὼς
1351 1165 1500 1234 λέγει
1532 1167 1565 1235 ἠ
1595 1165 1790 1236 Γραφη

207 1282 340 1333 μου,
359 1264 455 1318 κα)⁸
477 1266 510 1335 ἡ
532 1262 717 1334 γραφή
747 1278 863 1326 σου,
881 1261 1046 1323 αὐτὸς
1074 1262 1140 1314 ἔκ
1160 1260 1262 1330 τῆς
1283 1257 1487 1330 σαρκὸς
1510 1259 1609 1329 τῆς
1628 1258 1794 1327 ἁγίας

208 1356 498 1426 Παρθένου
515 1356 733 1427 Μαρίας
750 1353 847 1410 ἀνθ
855 1370 1039 1425 ρωπος
1050 1352 1344 1423 γενόμενος
1360 1349 1590 1413 τέλειος,
1608 1350 1794 1413 ἔννους

204 1450 303 1502 καὶ
320 1448 560 1519 ἔμψυχος
575 1466 587 1478 ·
606 1448 813 1510 ἐκεῖνος
841 1446 1069 1515 ἔφαγεν,
1086 1445 1182 1498 καὶ
1208 1443 1385 1508 ἔπιεν,
1402 1442 1496 1497 καὶ
1518 1441 1791 1504 ὕπνωσεν,

197 1542 231 1594 6
246 1540 303 1594 δὲ
325 1543 496 1608 Λόγος
514 1540 607 1593 τοῦ
632 1538 768 1593 Θεοῦ
786 1539 887 1592 οὐκ
906 1538 1111 1607 ἔφαγεν
1132 1536 1255 1590 οὐδὲ
1268 1536 1422 1589 ἔπιεν
1438 1535 1559 1590 οὐδὲ
1577 1534 1794 1590 ὕπνωσε

199 1633 325 1686 οὐδὲ
355 1631 697 1701 ἐσταυρώθη,
716 1633 810 1685 καὶ
838 1631 908 1684 τά
942 1631 1089 1701 ἑξῆς.
1119 1630 1360 1684 Γίνωσκε
1390 1629 1469 1695 δὲ,
1500 1629 1584 1683 ὃτι
1615 1630 1643 1682 6
1670 1629 1793 1699 Xpt-

202 1726 329 1789 στος
358 1724 583 1788 διπλοῦς
635 1724 733 1795 μὲν
788 1723 1012 1792 λέγεται
1053 1725 1176 1786 ταῖς
1236 1722 1493 1792 φύσεσιν,
1529 1718 1609 1785 εἷς
1636 1721 1693 1774 δὲ
1726 1723 1794 1792 τῇ

200 1818 524 1872 ὑποστάσει.
566 1814 660 1881 Εἷς
698 1816 807 1888 γάρ
848 1818 876 1868 6
914 1816 1246 1887 προαιώνιος
1279 1815 1454 1883 Λόγος
1495 1813 1589 1867 τοῦ
1630 1813 1788 1877 Θεοῦ,

196 1912 297 1965 καὶ⁸
321 1910 460 1980 μετὰ
487 1910 583 1981 τὴν
608 1909 878 1979 πᾷόληψιν
906 1909 1007 1976 τῆς
1044 1908 1245 1979 σαρκὸς
1273 1908 1447 1961 ὑποστ
1465 1906 1673 1971 ατικῶς
1696 1908 1789 1960 καὶ

194 2002 257 2054 οὺ
300 2000 575 2071 φνσικῶςο
603 2000 664 2054 οὐ
711 1999 820 2071 γὰρ
855 2000 1162 2072 προσετέθη
1201 2002 1267 2071 τῇ
1304 1999 1496 2070 Τριάδι
1526 2000 1789 2069 τέταρτον

196 2093 494 2165 πρόσωπον
526 2092 667 2164 μετά
698 2092 799 2163 τὴν
829 2093 1071 2163 ἄρρητον
1095 2092 1293 2146 ἔνωσιν
1324 2092 1425 2162 τῆς
1453 2092 1680 2162 σαρκός.

1890 608 2330 677 comprehendit,
2388 611 2484 666 sed
2529 627 2640 667 non
2689 610 3180 682 comprehenditur
3242 605 3313 663 ab
3366 607 3477 661 ullo

1892 701 2034 758 loco.
2084 703 2175 756 Ait
2222 717 2467 774 namque
2516 705 2741 775 quidam
2797 704 3186 775 prophetarum
3227 719 3241 756 :
3281 718 3301 751 ο
3342 697 3481 765 Quis

1898 810 2125 850 mensus
2163 802 2250 849 est
2282 810 2450 849 manu
2484 810 2584 851 sua
2622 811 2795 861 mare,
2832 804 2888 851 et
2916 796 3091 851 ctelos
3127 792 3332 865 palmo,
3378 804 3479 860 pu-

1892 886 2025 958 gillo
2086 893 2288 941 terram
2347 887 2664 943 universam
2724 887 2869 940 “1';
2923 887 2991 941 Et
3041 887 3268 940 omnino
3323 890 3481 952 aqua:

1894 980 2166 1035 universa:
2205 979 2309 1036 sub
2353 994 2519 1034 manu
2566 979 2661 1035 Dei
2708 987 2956 1035 sunt.....
2998 978 3102 1045 Qui
3135 977 3251 1033 ﬁeri
3299 984 3478 1046 potest

1895 1082 1953 1127 ut
1985 1074 2031 1130 is
2057 1090 2222 1129 manu
2253 1090 2351 1129 sua
2384 1074 2703 1131 continente
2737 1074 3015 1141 universa,
3063 1071 3365 1127 descendat
3397 1070 3478 1124 vel

1894 1166 2290 1222 ascendanEt
2339 1167 2385 1222 si
2435 1167 2858 1239 interrogaverit
2919 1174 2973 1221 te
3025 1164 3342 1219 Saracenus
3394 1160 3483 1217 di-

1892 1274 2025 1316 cens
2061 1276 2076 1314 :
2116 1258 2398 1329 Siquidem
2441 1260 2581 1315 Deus
2614 1269 2734 1315 erat
2785 1258 3063 1322 Christus,
3098 1270 3207 1327 qua
3263 1256 3479 1310 ratione

1891 1352 2129 1408 comedit
2168 1360 2224 1407 et
2265 1352 2402 1408 bibit
2430 1358 2485 1406 et
2530 1352 2809 1417 dormivit,
2869 1358 2979 1417 etc,
3033 1348 3128 1403 Dic
3167 1347 3255 1403 ei:
3300 1344 3485 1401 Elei-

1891 1457 2025 1496 num
2084 1439 2326 1497 Verbum
2384 1440 2514 1507 Dei,
2568 1441 2715 1512 quod
2769 1441 2981 1496 creavit
3025 1440 3233 1503 omnia,
3286 1447 3345 1493 ut
3407 1436 3484 1491 ait

1896 1533 2183 1603 Scriptura
2219 1548 2338 1588 mea
2372 1542 2426 1589 et
2464 1542 2581 1597 tua,
2636 1534 2930 1603 ipsummet
2975 1548 3041 1605 βπ(
3075 1548 3244 1587 carne
3279 1540 3484 1587 sanctae

1895 1624 2143 1694 Virginis
2193 1624 2378 1679 Mariae
2423 1625 2604 1680 factus
2665 1625 2830 1679 homo
2894 1625 3211 1693 perfectus,
3272 1622 3484 1677 ratione

1893 1724 1949 1772 et
1979 1717 2163 1771 anima
2200 1716 2486 1787 praeditus,
2522 1716 2567 1771 is
2598 1726 2683 1772 est
2713 1717 2806 1787 qui
2846 1715 3085 1770 comedit
3117 1714 3369 1784 bibitque
3418 1726 3484 1766 ac

1896 1813 2181 1869 dormivit.
2210 1814 2280 1867 At
2305 1812 2546 1869 Verbum
2592 1812 2688 1869 Dei
2740 1828 2841 1869 nec
2890 1812 3132 1868 comedit
3182 1827 3284 1867 nec
3345 1810 3485 1866 bibit

1896 1922 1995 1961 nec
2023 1906 2304 1971 dormivit,
2336 1920 2435 1960 nec
2477 1906 2627 1960 cruci
2677 1905 2897 1959 aﬂixum
2940 1915 3048 1970 est,
3091 1912 3199 1959 etc.
3248 1902 3486 1958 Adverte

1897 2010 2075 2055 autem
2104 2001 2385 2056 Christum
2430 1998 2705 2069 duplicem
2769 1999 2879 2055 dici
2930 2000 3076 2070 quod
3129 1998 3199 2053 ad
3258 2010 3484 2053 naturas

1898 2093 2132 2156 attinet,
2194 2109 2363 2147 unum
2427 2107 2562 2147 vero
2616 2093 2919 2165 hypostasi.
2986 2091 3140 2147 Unus
3198 2092 3342 2146 enim
3401 2102 3486 2145 est

193 2196 468 2245 aeternum
496 2189 736 2244 Verbum
772 2189 865 2245 Dei
910 2192 1078 2244 etiam
1153 2202 1279 2259 post
1327 2199 1668 2260 assumptam
1735 2204 1979 2255 carnem,
2060 2189 2342 2262 hypostasi
2400 2197 2584 2246 tamen
2636 2207 2747 2246 non
2826 2200 3045 2246 natura.
3106 2188 3293 2260 Neque
3338 2189 3483 2243 enim

196 2282 416 2352 adjecta
440 2288 523 2337 est
558 2279 817 2343 Trinitati
848 2287 1047 2351 quarta
1088 2282 1337 2349 quaedam
1384 2296 1619 2351 persona
1660 2290 1784 2352 post
1825 2280 2162 2337 inell'abilem
2218 2282 2525 2337 unitionem
2564 2284 2774 2339 carnis.

281 2374 341 2426 '0
373 2375 524 2429 ΣΔΡ.
588 2374 715 2429 ’Ότι
758 2375 825 2445 ἣν
871 2372 1081 2443 έγετελ,
1114 2381 1137 2409 ⁸
1187 2373 1372 2428 θεῖκδν
1428 2375 1700 2430 ἀπέθανεν
1752 2376 1786 2448 ἢ

271 2557 413 2611 Εἰπὲ
446 2554 627 2627 αὐτῷ’
671 2555 775 2610 οὐκ
807 2556 1106 2624 ἀπέθανεν,
1157 2558 1379 2631 θαρρῶν
1431 2562 1499 2630 τῇ
1536 2559 1787 2631 Γραφικῇ

196 2650 498 2714 ἀποδείξει.
517 2650 680 2719 Λέγει
704 2650 813 2723 γὰρ
834 2653 868 2719 ή
888 2652 1082 2723 Γραφὴ
1105 2654 1234 2723 περὶ
1255 2652 1448 2705 τούτου
1473 2669 1487 2683 ·
1514 2648 1746 2707 «Ἦλθεν
1767 2656 1785 2692 ί

196 2741 287 2795 ἀπ’
313 2742 485 2812 αὐτὴν
515 2743 544 2793 6
574 2742 805 2811 φυσικὸς
828 2742 940 2797 τῶν
973 2742 1279 2814 ἀνθρώπων
1310 2742 1542 2807 θάνατος
1569 2744 1792 2814 μνήμην

199 2833 529 2905 καθάρξαςῆ
550 2834 957 2905 χειρωσάμενος
978 2835 1116 2905 πρὸς
1138 2836 1195 2888 ἐν
1215 2837 1346 2906 ἡμῖν
1368 2834 1566 2901 ἄπαγε.
1585 2836 1791 2899 Ἀλλως

199 2924 337 2997 φέρε
371 2927 570 2979 είπεῖν.
620 2928 679 2980 '0
712 2926 930 2999 πρῶτος
958 2926 1246 2999 ἄνθρωπος
1280 2926 1550 2993 ὕπνωσεν,
1576 2928 1668 2981 καί⁵
1695 2927 1793 2999 τὴν

200 3017 445 3086 πλευρὰν
479 3018 756 3089 ἀφῃρέθη.

285 3109 343 3162 ὐ
379 3110 530 3165 ΣΑΡ.
563 3110 692 3164 Ἰδοὺ
714 3119 742 3147 ιι
777 3111 1100 3184 πέπληγμαι
1134 3111 1191 3163 ἔν
1222 3129 1325 3165 τινι
1359 3114 1510 3186 τόπῳ
1534 3114 1632 3184 τῆς
1665 3130 1796 3184 σαρ-

1962 2375 2213 2432 SABAC.
2253 2375 2410 2444 Quod
2464 2376 2711 2432 divinum
2760 2376 2967 2442 dicitis,
3017 2385 3369 2434 mortuumne
3402 2381 3487 2429 est

1892 2483 1961 2522 an
1997 2469 2174 2523 vivit?

1968 2559 2257 2631 Responde
2306 2562 2384 2617 illi
2428 2576 2537 2617 non
2591 2561 2764 2618 fuisse
2798 2570 3076 2618 mortuum
3125 2561 3300 2615 fretus
3338 2559 3491 2614 Scri-

1892 2654 2099 2722 ptui-ali
2164 2654 2663 2709 demonstratione.
2719 2655 2809 2709 Ait
2863 2656 3007 2708 enim
3054 2654 3121 2708 de
3167 2653 3272 2707 hoc
3337 2652 3489 2707 Scri-

1896 2754 2058 2817 ptura
2105 2766 2117 2800 :
2165 2746 2350 2819 (Venit
2390 2746 2458 2801 ad
2500 2748 2676 2817 ipsam
2712 2747 2983 2801 naturalis
3013 2746 3298 2801 hominum
3341 2760 3489 2798 mors

1900 2839 2220 2894 memoriam
2272 2840 2551 2895 lacessens
2614 2839 2701 2893 vel
2760 2830 3023 2906 subi‘gens
3092 2836 3160 2891 ad
3219 2836 3273 2889 in
3331 2836 3491 2890 nobis

1898 2946 2089 3002 apage.
2125 2930 2300 2985 Aliter
2336 2939 2393 2983 ut
2426 2933 2496 2983 ita
2528 2928 2709 2984 dicam
2762 2930 2862 2999 ('5).
2906 2927 3125 2983 Primus
3154 2928 3317 2982 homo
3356 2928 3489 2982 dor-

1900 3026 2089 3089 mivit,
2119 3035 2173 3078 et
2204 3030 2357 3078 costa
2393 3022 2462 3076 ab
2494 3036 2561 3075 eo
2591 3030 2748 3091 capta
2773 3029 2879 3075 est.

1978 3116 2234 3175 SARAC.
2273 3115 2413 3171 Ecce
2443 3114 2657 3185 plagam
2704 3114 2891 3184 accepi
2922 3120 3074 3167 certo
3099 3110 3336 3182 quodam
3370 3110 3490 3165 loco

202 3201 299 3266 κός
326 3220 452 3272 μου,
495 3203 591 3256 καὶ
623 3204 898 3274 πληγεῖσα
926 3207 961 3275 ἡ
994 3205 1132 3276 σὰρξ
1160 3205 1407 3276 μώλωπα
1436 3207 1783 3269 ἀπετέλεσεν,
1816 3246 1817 3255 η

1902 3211 2079 3266 carnis
2124 3223 2279 3273 meae,
2334 3209 2604 3279 plagaque
2650 3208 2842 3263 aﬁ’ecta
2890 3220 3022 3261 caro
3073 3204 3305 3259 vibicem
3357 3219 3492 3257 cou-

200 3294 298 3347 καὶ
326 3296 385 3347 ἔν
415 3296 492 3366 τῷ
521 3295 751 3367 μώλωπι
775 3297 995 3365 ἐγένετο
1035 3298 1274 3370 σκώληξ.
1302 3300 1399 3362 Τίς
1429 3301 1590 3354 αὐτὸν
1622 3300 1790 3353 ἔπλα-

206 3402 304 3438 σεν
330 3401 344 3449 ;

286 3478 348 3530 '0
382 3477 559 3531 ΧΡΙΣ.
612 3478 779 3545 Λέγει
828 3478 891 3532 τὸ
935 3480 1029 3534 καὶ
1080 3482 1457 3552 προείπομεν·
1509 3482 1648 3551 μετά
1696 3481 1795 3553 τὴν

206 3567 434 3641 πρώτην
466 3572 740 3642 ἑϐδομάδα
772 3574 871 3643 τῆς
916 3574 1304 3644 κοσμοποιίας,
1337 3576 1437 3645 οὐχ
1467 3576 1795 3646 εὑρίσκομεν

204 3661 601 3733 οίονδηποτοῦν
644 3665 880 3735 πρᾶγμα
908 3666 1193 3721 πλάσαντα
1232 3667 1322 3720 τὸν
1366 3668 1517 3731 Θεὸν,
1548 3668 1580 3738 ἢ
1620 3668 1793 3722 πλάτ-

204 3769 369 3807 τοντα
391 3769 407 3785 ·
441 3754 578 3808 ἀλλά
616 3755 697 3825 τῷ
741 3759 1129 3827 προστάγματι
1159 3758 1253 3813 τοῦ
1295 3758 1430 3812 Θεοῦ
1478 3746 1794 3834 προσετάγη

205 3845 266 3897 ἐν
313 3848 379 3917 τῇ
414 3846 608 3919 πρώτῃ
653 3849 934 3919 ἔδδομάδι,
968 3854 1064 3906 καὶ
1114 3853 1365 3921 ἐγένοντο
1411 3854 1479 3907 τά
1505 3854 1796 3923 γινόμενα.

205 3938 362 3993 Μετὰ
413 3942 529 4004 τοῖς
582 3944 966 4014 προστάγμασι
1015 3946 1316 4016 κατεκρίθη
1344 3956 1371 3986 ν
1418 3948 1513 4001 καὶ
1552 3948 1796 4013 ἀκάνθας

206 4030 305 4083 καὶ
329 4032 617 4103 τριϐόλους
642 4049 686 4088 ι.
714 4036 847 4089 Τότε
873 4036 929 4090 δὲ
964 4037 1061 4090 καὶ
1090 4039 1124 4109 ἡ
1156 4035 1294 4109 σὰρξ
1325 4038 1485 4108 ἡμῶν
1518 4040 1793 4111 κριθεῖσα,

210 4121 374 4192 μέχρι
428 4124 529 4194 τῆς
585 4128 821 4199 σήμερον
872 4130 1104 4199 φθεῖρας
1163 4130 1260 4184 καὶ
1308 4130 1601 4203 σκώληκας
1662 4134 1796 4187 ἀνα-

205 4211 358 4265 τελεῖ
376 4222 427 4267 γ.
898 4208 899 4211 “

292 4304 351 4357 ’0
386 4305 536 4360 ΣΛΡ.
568 4306 748 4378 ἐρωτᾷ
783 4306 874 4360 τὸν
915 4309 1281 4379 Χριστιανόν*
1324 4310 1525 4364 Λοιπὸν
1565 4312 1651 4376 τίς
1679 4313 1797 4365 ἔστι

209 4395 367 4466 παρὰ
397 4398 481 4451 σοὶ
512 4399 715 4468 μείζων
739 4408 791 4464 7,
818 4400 847 4453 6
874 4400 1115 4468 ἁγιάζων
1144 4402 1176 4473 ἢ
1208 4404 1237 4456 6
1275 4403 1641 4474 ἁγιαζόμενος
1669 4421 1684 4469 ἶ

1897 3303 2087 3365 traxit,
2128 3309 2183 3356 et
2219 3300 2275 3354 in
2315 3301 2496 3355 vibice
2550 3299 2752 3354 vermis
2796 3308 2996 3352 enatus
3031 3305 3137 3351 est.
3181 3297 3316 3362 Quis
3360 3310 3487 3351 eum

1897 3392 2193 3449 formavit?

1964 3484 2130 3540 Cliti.
2177 3483 2315 3537 Dicit
2354 3481 2501 3554 quod
2529 3492 2583 3537 et
2635 3479 2846 3552 praelati
2895 3494 3109 3536 smnus.
3160 3478 3288 3532 Post
3314 3478 3468 3548 prio-

1905 3594 2022 3633 rem
2058 3575 2458 3632 hebdomadam
2499 3574 2800 3628 creationis
2850 3573 3064 3634 mundi,
3116 3587 3221 3625 non
3281 3569 3489 3641 reperi-

1898 3687 2021 3727 mus
2044 3671 2209 3725 ullam
2247 3686 2360 3724 rem
2399 3667 2673 3723 formasse
2715 3675 2810 3721 aut
2857 3667 3098 3721 formare
3148 3665 3339 3720 Deum.
3381 3664 3489 3718 Sed

1898 3762 2156 3816 mandato
2199 3760 2291 3813 Dei
2337 3766 2670 3830 praeceptum
2718 3766 2804 3813 est
2838 3760 2894 3811 in
2940 3757 3113 3827 prima
3150 3757 3240 3809 illa
3280 3755 3485 3808 hebdo-

1897 3856 2079 3921 mada,
2131 3854 2471 3924 fueruntque
2520 3867 2643 3923 qua:
2692 3864 2842 3907 sunt.
2878 3849 3084 3906 Deinde
3131 3850 3483 3919 jussionibus

1897 3948 2154 4003 damnata
2185 3955 2269 4003 est
2299 3956 2445 4001 terra
2479 3947 2833 4018 (germinare)
2863 3955 2916 3999 et
2969 3946 3160 4015 spinas
3203 3955 3258 3998 et
3308 3943 3486 3997 tribu-

1900 4036 2001 4091 los.
2036 4034 2192 4090 Tunc
2229 4036 2393 4089 etiam
2426 4050 2559 4089 caro
2610 4042 2797 4091 nostra
2853 4034 3147 4097 damnata,
3198 4048 3373 4103 usque
3430 4034 3484 4087 in

1901 4136 2227 4199 praesentem
2265 4128 2409 4181 diem
2438 4126 2722 4197 pediculos
2752 4136 2807 4181 et
2832 4142 3048 4181 vermes
3077 4125 3270 4196 gignit.

1974 4307 2225 4363 SARAC.
2302 4305 2615 4377 lnterrogat
2692 4307 3072 4363 Christianum
3132 4324 3145 4360 :
3210 4306 3481 4361 Ceterum

1900 4414 2035 4455 vero
2057 4400 2183 4470 quis
2215 4400 2357 4469 apud
2391 4408 2444 4454 te
2477 4399 2656 4469 major
2680 4407 2783 4463 est,
2825 4399 2919 4467 qui
2953 4398 3264 4454 sanctiﬁcat
3290 4413 3358 4453 an
3386 4398 3481 4469 qui

1901 4491 2318 4547 sanctiﬁcatur?

280 4574 450 4639 Γνοὺς
478 4576 536 4630 δὲ
566 4578 593 4629 6
628 4577 853 4634 ΧΡΙΣΤ.
900 4579 999 4650 τὴν
1044 4581 1267 4635 ἔνοπλον
1304 4582 1471 4637 αὑτοῦ
1503 4584 1792 4657 ἐρώτησιν,

1974 4582 2294 4654 Agnoscens
2337 4597 2465 4638 vero
2514 4579 2791 4637 CHRIST.
2835 4583 3088 4639 hostilem
3138 4585 3260 4655 ejus
3314 4585 3487 4641 inter-

209 4659 365 4717 εἶπεν
385 4682 399 4695 υ
439 4666 507 4721 Ὀ
537 4667 715 4732 θέλεις
747 4670 921 4723 εἰπεῖν
948 4671 1224 4740 γινώσκω.

285 4828 330 4859 ⁸⁸
364 4826 467 4882 lsa.
500 4830 691 4894 X512.

1907 4677 2256 4746 rogationem
2297 4675 2374 4729 ait
2407 4693 2422 4730 :
2459 4674 2618 4743 Quod
2647 4674 2747 4731 tibi
2776 4678 2893 4741 vis,
2921 4676 3188 4749 intelligo.

1490 4952 1730 5011 VARle
1773 4957 2182 5014 LECTIONES.

288 5073 311 5101 ι
487 5064 789 5145 oscitanter
803 5065 1029 5145 inserta.
1107 5077 1129 5104 ³
1162 5066 1277 5145 ὐτξ
1313 5066 1379 5145 ειν
1408 5067 1546 5141 λέγῃ
1576 5070 1657 5125 τό.
1693 5068 2078 5145 ίηίιεηιιίεηίο
2110 5073 2171 5128 ὃν
2202 5073 2391 5143 λέγετε
2420 5074 2843 5141 Θεὸν,ἀπέθανε.
2870 5070 3262 5145 Quem_diciti_s
3292 5069 3483 5145 Deum:

211 5142 540 5217 mor‘lqysn‘e
561 5135 681 5189 est?
810 5134 988 5192 Locus
1023 5134 1585 5217 eorrttptissintus,'et
1618 5143 1710 5217 qui
1762 5144 1814 5195 in
1846 5134 2149 5213 nequienio
2185 5134 2359 5200 deest.
2434 5154 2464 5183 ιι
2492 5134 2821 5217 Lequienius
2850 5134 3000 5197 num.
3037 5142 3089 5197 6.
3166 5150 3192 5178 ν
3224 5140 3484 5217 Lequien.

216 5204 355 5277 μετὰ
369 5204 425 5257 δὲ
454 5204 553 5277 τὴν
593 5205 908 5277 παράβασιν
933 5224 1127 5261 κατεκ.

210 5281 242 5322 1
284 5274 608 5329 Ἀνατέλλει.
679 5274 710 5312 ἰ
740 5275 1004 5346 Lequien.
1030 5280 1255 5345 num.8,
1274 5295 1396 5352 pag.
1424 5281 1551 5337 469.

1219 5214 1307 5263 ost
1335 5215 1827 5273 transgressionem
1877 5231 2028 5279 vero,
2069 5224 2175 5271 etc.

2254 5229 2280 5256 ι
2316 5212 2654 5271 Ἀνατέλλέιν
2674 5214 2805 5285 ch.
2836 5223 2884 5268 et
2912 5227 3036 5268 mox
3066 5212 3488 5287 κατακριθεῖσα.

1728 5440 1963 5499 ΝΟΤᾸΕ.

281 5552 363 5621 (5)
404 5549 465 5605 S.
497 5551 745 5609 Andreas
768 5553 1048 5610 Cretensis
1078 5562 1222 5608 orat.
1252 5554 1307 5609 in
1348 5556 1556 5611 Dormit
1590 5557 1645 5611 S.
1678 5558 1789 5612 Ma-

212 5623 369 5700 ri_:e_§
406 5640 434 5700 v
470 5623 650 5700 initio,
680 5625 747 5679 de
782 5635 982 5700 _morte
1027 5624 1275 5700 Deipara:
1320 5627 1481 5700 habet
1513 5646 1552 5700 :_
1579 5630 1789 5700 Μέχρις

210 5693 382 5769 αρτἧς
406 5694 435 5746 6
468 5695 699 5769 φυσικὸς
739 5696 859 5769 τῶν-
893 5695 1196 5769 ἀνθρώπων
1237 5696 1487 5769 ἐχώρησε
1533 5693 1788 5764 θάνατος,

210 5714 435 5760 αυτηςο
468 5714 696 5761 φυσικος
739 5714 846 5749 των
893 5714 1196 5766 ανυρωπων
1237 5714 1260 5748 ε
1303 5714 1487 5769 ωρησε
1533 5714 1786 5764 υανατος,

210 5764 271 5839 οὐ
317 5764 423 5833 μὴν
453 5764 792 5839 ἕαθεξρξας,
831 5766 907 5829 ὡς
948 5767 1022 5839 Αέν
1058 5767 1211 5839 ἡμῖν,
1267 5714 1308 5838 ᾗ
1356 5769 1786 5839 χειρωσάμενος,

211 5832 417 5901 ἄπαγε.
450 5832 587 5891 Hinc
618 5832 773 5893 locus
814 5832 1132 5893 omnimodo
1170 5832 1521 5907 emendatur,
1549 5832 1794 5911 explica-

1901 5570 2101 5629 tnrque
2130 5560 2261 5632 quid
2292 5562 2364 5615 sit
2395 5560 2749 5631 Scripturalis
2780 5560 3193 5616 demonstratio.
3218 5559 3483 5615 Praeterea

1904 5632 2075 5701 liquet
2105 5634 2412 5686 orationem
2440 5632 2589 5685 illam
2620 5632 2870 5687 Cretensi
2898 5632 3182 5693 tributam,
3202 5644 3329 5685 ante
3349 5633 3487 5685 srri-

1904 5705 2145 5772 ptionem
2185 5703 2349 5771 hujus
2378 5703 2579 5772 dialogi
2633 5704 2770 5757 satis
2814 5706 2996 5756 tritam
3041 5717 3358 5770 magnzeque
3387 5718 3482 5753 an.

1904 5771 2183 5854 claritatis
2219 5774 2412 5841 fuisse,
2449 5771 2575 5828 cum
2611 5772 2970 5844 Scripturalis
3003 5772 3223 5828 audiret
3255 5771 3490 5828 damon-

1906 5851 2126 5898 stratio.
