4026 6426
166 428 305 494 1349

1290 417 1686 483 ADVERSUS
1724 414 2296 477 ICONOCLASTAS.

3311 414 3451 485 1350

164 542 307 599 εῖναι
334 542 643 617 προϐάτων,
668 540 758 596 διὰ
788 539 944 606 δόξαν
972 539 1137 613 κενὴν
1174 539 1268 593 καὶ
1292 537 1476 608 μόνον,
1506 535 1615 588 τῶν
1640 534 1754 586 Πα-

1864 531 2214 601 prmditarum
2237 571 2253 598 ,
2288 531 2360 585 ob
2397 545 2595 587 vanam
2637 531 2908 588 duntaxat
2946 529 3179 603 gloriam
3204 570 3220 597 ,
3261 542 3448 603 pater-

163 637 340 709 τέρων
366 634 467 700 τὰς
504 634 690 705 φωνάς
722 633 1143 705 παρωσάμενοι,
1193 629 1338 683 κατά
1391 629 1491 699 τῆς
1524 627 1759 686 πίστεως

165 730 397 792 ἐαυτοὺς
453 726 796 791 ὁπλίσαντες,
834 726 904 779 τά
949 724 1126 795 ὀρθῶς
1183 722 1276 776 ὑπ’
1306 721 1489 776 αὐτῶν
1525 719 1761 790 ῥηθέντα

167 821 507 896 στρεϐλοῦσι,
536 819 681 875 κατά
707 820 801 873 τὸν
833 818 1091 888 ἀδόκιμον
1123 813 1307 869 αὐτῶν
1335 814 1432 868 καὶ
1457 811 1763 883 τεθολωμέ-

165 932 257 969 νον
305 914 433 969 νοῦν
485 914 847 975 διδάσκοντες,
877 910 1056 979 "Am-rp
1104 907 1303 962 πάντα
1357 904 1581 960 ἐνώπια
1636 904 1764 971 τοῖς

166 1004 474 1067 συνιοῦσι,
501 1002 598 1057 καί
624 1002 770 1072 ὀρθὰ
810 1000 938 1066 τοῖς
962 1000 1317 1069 εὑρίσκουσι
1339 995 1587 1067 γνῶσιν,
1618 996 1764 1049 κατά

166 1098 229 1151 τὸ
255 1096 665 1169 γεγραμμένον.
689 1096 752 1148 Oi
780 1093 879 1166 μὲν
904 1092 1015 1165 γὰρ
1039 1090 1167 1166 δόξῃ
1190 1092 1268 1162 (5)
1296 1091 1391 1144 καλ⁵
1420 1087 1649 1159 καθαρῷ
1662 1087 1764 1158 τῆς

165 1191 403 1253 διανοίας
425 1189 639 1260 ὄμματι
670 1190 786 1251 τοῖς
818 1188 984 1258 ἱεροῖς
1018 1187 1119 1255 τῆς
1146 1184 1503 1238 θεοπνεύστου
1539 1182 1766 1255 Γραφῆς

165 1283 658 1353 περιτυγχάνοντες
706 1280 907 1348 λόγοις,
951 1278 1143 1347 ὄφελος
1174 1278 1338 1338 θεῖον,
1400 1276 1589 1347 ὥσπερ
1642 1275 1766 1327 τινὰ

163 1376 417 1447 οὐράνιον
449 1372 741 1444 θησαυρὸν,
774 1374 893 1434 ταῖς
930 1370 1110 1424 αὐτῶν
1146 1369 1497 1435 εἰσοικίζουσι
1537 1368 1762 1439 ψυχαῖς·

163 1468 213 1519 οί
247 1466 305 1519 δὲ
330 1466 424 1519 τὸν
452 1464 577 1519 νοῦν
608 1464 824 1535 ἔχοντες
855 1461 932 1532 τῷ
956 1461 1141 1532 ψεύδει
1189 1459 1648 1531 προσνενευκότα,
1669 1457 1766 1513 καὶ

163 1559 264 1629 τῆς
282 1576 446 1612 τινων
473 1556 873 1627 ἀθυροστομίας
897 1554 1231 1624 ἡττώμενον,
1253 1552 1345 1607 καὶ
1373 1552 1606 1624 βεϐήλου
1630 1550 1767 1619 γνὼ-

166 1665 305 1711 σεως
336 1647 591 1717 ἐραστὴν,
639 1645 863 1700 ἐκείνων
900 1644 1113 1698 ἔσονται
1164 1643 1433 1709 κοινωνοὶ,
1469 1642 1597 1714 περὶ
1621 1634 1698 1695 ὧν
1728 1642 1759 1695 ό

168 1735 442 1805 μακάριος
500 1731 715 1796 Παῦλος
757 1731 981 1803 γράφει·
1050 1732 1155 1785 Ἐν
1212 1726 1305 1797 οἷς
1358 1732 1391 1785 ό
1446 1730 1590 1796 Θεὸς
1654 1728 1765 1783 τοῦ

162 1828 382 1895 αίῶνος
413 1829 630 1883 τούτου
671 1827 990 1897 ἐτύφλωσε
1026 1825 1100 1881 τὰ
1146 1825 1422 1896 νοήματα
1469 1824 1590 1879 τῶν
1628 1823 1764 1879 άπι-

164 1933 352 1982 στων,
383 1921 470 1984 είς
491 1917 555 1971 τὸ
581 1916 667 1987 μὴ
690 1914 1012 1985 diuortium
1052 1912 1261 1981 αὐτοῖς
1310 1914 1418 1967 τὸν
1452 1913 1764 1983 φωτισμὸν
1794 1897 1837 1953 Β

164 2007 274 2062 τοῦ
294 2008 668 2077 [εὐαγγελίου
696 2004 805 2075 τῆς
834 2005 1019 2074 δόξης
1048 2004 1156 2059 τοῦ
1171 2004 1451 2073 Χριστοῦ,
1482 2003 1553 2071 ὅς
1592 2005 1763 2057 ἐστιν

164 2100 347 2156 εἰκὼν
366 2100 474 2157 τοῦ
507 2097 674 2154 Θεοῦ.
707 2096 1091 2166 Τυφλώττουσι
1121 2096 1252 2167 γὰρ,
1288 2096 1381 2152 καί
1409 2096 1547 2149 είσιν
1575 2095 1762 2166 ὁδηγοὶ

166 2192 407 2262 τυφλῶν·
442 2191 732 2263 τοιγαροῦν
765 2183 916 2245 οῦτοι
948 2191 1044 2243 καὶ
1071 2191 1186 2254 τοῖς
1219 2190 1318 2260 τῆς
1358 2187 1636 2252 ἀπωλείας
1659 2188 1763 2258 ἐμ-

166 2286 429 2340 πίπτουσι
463 2284 697 2357 βάθροις.
758 2282 847 2348 Ὠς
874 2283 983 2355 γὰρ
1029 2283 1193 2347 αὐτὸς
1236 2284 1265 2337 ό
1300 2282 1495 2354 Σωτὴρ
1543 2281 1757 2353 εἴρηκε·

172 2380 412 2448 Τυφλὸς
443 2377 681 2448 τυφλὸν
707 2375 818 2431 ἐὰν
840 2374 1053 2446 ὁδηγῇ,
1083 2376 1403 2446 ἀμφότεροι
1443 2376 1529 2442 είς
1576 2375 1764 2440 ,βόθυ-

166 2489 281 2526 νον
312 2470 740 2541 ἐμπεσοῦνται.
772 2468 1239 2540 Καταφλυαροῦσι
1265 2468 1445 2523 τοίνυν
1464 2467 1611 2531 τινές
1656 2465 1762 2521 τῶν

167 2564 267 2635 τῆς
296 2562 555 2635 ἀληθείας
590 2562 849 2635 Πατάρων
880 2563 976 2616 καὶ
1024 2561 1382 2625 διδασκάλων,
1416 2562 1509 2615 καὶ
1553 2561 1617 2633 δή
1668 2561 1765 2616 καὶ

170 2658 495 2727 σκαιότητος
514 2654 827 2727 διαϐολικῆς
853 2654 944 2709 τὸν
974 2656 1173 2709 οἰκεῖον
1204 2653 1583 2725 ἐμπλήσαντες
1611 2653 1762 2721 νοῦν,

167 2748 617 2820 παραχαράττειν
678 2748 989 2816 ἐπείγονται
1055 2748 1117 2802 τὸ
1169 2747 1270 2817 τῆς
1334 2746 1591 2817 ἀληθείας
1655 2765 1762 2819 μυ-

170 2844 431 2914 στήριον,
465 2842 568 2913 τῆς
599 2841 740 2913 μετά
767 2841 969 2913 σαρκὸς
1014 2840 1330 2911 οἰκονομίας
1376 2839 1471 2894 τοῦ
1521 2842 1764 2910 Μονογε-

170 2934 297 2999 νοῦς
359 2934 423 2988 οὐ
479 2933 706 3006 μετρίαν
758 2933 1042 2998 ποιοῦντες
1096 2934 1437 3005 κατάρρησιν
1495 2933 1572 3005 (4)
1600 2974 1615 3000 ,
1672 2933 1761 3003 μὴ

169 3025 461 3093 νοοῦντες
482 3025 635 3096 μήτε
668 3024 707 3080 d
732 3024 1006 3096 λέγουσι,
1058 3025 1213 3096 μήτε
1245 3023 1378 3095 περὶ
1413 3025 1593 3077 τίνων
1638 3024 1763 3078 δια-

172 3115 565 3179 ϐεϐαιοῦνται,
597 3116 738 3169 κατὰ
769 3115 829 3169 τὸ
857 3115 1263 3187 γεγραμμένον.

242 3208 311 3278 β’.
333 3208 566 3278 Εὑρεταὶ
583 3206 641 3260 δὲ
661 3206 764 3280 τῆς
785 3206 1044 3278 τοιαύτης
1064 3206 1323 3271 ἀσεϐείας
1350 3206 1610 3277 γεγόνασι
1637 3205 1762 3260 πολ-

169 3300 252 3354 λοὶ
284 3302 386 3370 μὲν
415 3301 508 3354 καὶ
533 3300 730 3373 ἕτεροι,
766 3299 908 3353 κατά
945 3300 1073 3363 τοὺς
1115 3299 1323 3354 ἀνωθεν
1354 3300 1757 3371 παρῳχηκότας

170 3395 422 3466 καιροὺς,
453 3394 546 3448 νῦν
566 3393 623 3447 δὲ
646 3394 745 3463 τῆς
770 3392 992 3446 ἐκείνων
1022 3393 1364 3462 ἀνοσιότητος
1391 3389 1599 3447 οῦτοιοί
1629 3410 1762 3463 προ-

172 3484 528 3556 φασιζόμενοι
559 3483 701 3538 κατά
726 3484 851 3546 τοὺς
881 3483 1035 3546 νέους
1047 3484 1391 3553 Φαρισαίους.
1418 3484 1630 3551 Ὠσπερ
1653 3483 1763 3555 γὰρ

170 3578 394 3649 ἀληθῶς
423 3578 580 3631 αὐτοὶ
613 3579 923 3650 ἠρνήσαντο
976 3581 1069 3630 τὸν
1126 3577 1254 3631 Υίὸν
1284 3578 1379 3631 τοῦ
1410 3577 1546 3631 Θεοῦ
1599 3578 1763 3649 σαρκὶ

172 3669 496 3741 ἐληλυθότα,
549 3668 690 3725 οὕτω
723 3672 817 3724 καὶ
873 3670 970 3725 νῦν
998 3672 1332 3742 νεοκήρυκες
1380 3673 1455 3745 μὴ
1512 3671 1763 3736 θέλοντες

171 3766 502 3836 προσκυνεῖν
527 3764 621 3817 καὶ
647 3761 971 3826 σεϐἀζεσθαι
996 3764 1095 3834 τῆς
1119 3764 1385 3834 ὲνσάρκου
1414 3763 1507 3818 τοῦ
1521 3764 1761 3835 Χριστοῦ

172 3856 503 3929 παρουσίας,
562 3855 791 3923 καὶτῆς
836 3856 1011 3933 κατὰ.
1038 3856 1219 3926 σάρκα
1267 3855 1434 3911 αὐτοῦ
1488 3858 1761 3929 ἀχράντου

170 3949 397 4020 Μητρὸς
426 3948 523 4002 καὶ
557 3951 698 4001 κατά
730 3947 991 4019 ἀλήθειαν
1038 3947 1303 4001 Θεοτόκου
1337 3949 1433 4003 καὶ
1462 3949 1762 4021 ἀειπαρθὲο

169 4058 266 4094 νου
300 4040 542 4111 Μαρίας,
574 4040 672 4093 καὶ
702 4040 923 4093 πάντων
948 4040 1056 4094 τῶν
1081 4041 1251 4108 ἀγίων
1279 4040 1442 4094 αὑτοῦ
1469 4042 1569 4107 τὰς
1602 4043 1763 4098 σεϐα-

171 4131 369 4201 σμίους
399 4131 494 4184 καὶ
518 4130 723 4194 σεπτάς
745 4129 981 4194 εἰκόνας.
1001 4130 1159 4184 Ἀλλά
1187 4131 1311 4185 νέαν
1343 4134 1763 4204 κενοτομοῦντες

169 4224 597 4295 ἐτεκτονήσαντο
656 4222 860 4287 πίστιν,
927 4223 1080 4294 παρά
1110 4223 1209 4294 τὴν
1262 4223 1505 4295 ἀρχῆθεν
1560 4225 1625 4278 ἐκ
1651 4224 1761 4280 τῶν

167 4316 345 4385 ἀγίων
365 4316 525 4388 ήμῶν
554 4315 813 4386 Πατέρων
847 4315 941 4369 καὶ
970 4314 1227 4387 μαθητῶν
1252 4315 1346 4370 καὶ
1368 4315 1628 4387 διαδόχων
1654 4317 1761 4371 τῶν

170 4410 346 4479 ἀγίων
362 4410 676 4465 ἀποστόλων
707 4408 1081 4480 ὑπαρχόντων.
1123 4409 1210 4473 Ὠς
1256 4409 1365 4482 γὰρ
1396 4411 1580 4474 αὐτοῖς
1614 4411 1760 4477 ἔδοξε

168 4500 265 4555 νῦν
297 4500 569 4571 λέγοντες,
602 4501 762 4555 πλέον
798 4501 905 4554 τῶν
936 4501 1105 4570 ἀγίων
1140 4502 1405 4575 Πατέρων
1424 4498 1499 4556 ὧν
1536 4505 1585 4556 οἱ
1613 4504 1759 4572 λόγοι

1861 636 1964 677 uas
1997 636 2164 677 voces
2201 621 2566 691 repudiautes
2589 664 2603 687 ,
2639 623 3028 694 adversusque
3065 622 3227 679 (idem
3270 632 3451 681 semet

1862 714 1967 783 ipsi
1992 723 2278 770 armautes
2305 756 2319 778 ,
2351 730 2475 785 quin
2508 723 2663 771 recte
2694 716 2765 771 ab
2799 716 2913 772 illis
2951 716 3105 771 dicta
3140 723 3272 771 sunt
3312 731 3449 772 con-

1862 812 2124 876 torquent
2178 806 2370 877 (juxta
2427 808 2781 878 reprobatam
2841 824 2996 864 suam
3056 809 3450 881 turbidamque

1864 908 2103 953 mentem
2138 897 2491 969 docentes),
2522 900 2656 965 Qui:
2686 901 3004 957 omnimodis
3038 901 3102 957 ob
3137 902 3319 957 oculos
3349 916 3449 971 po-

1864 993 1967 1046 sita
2008 1001 2135 1046 sunt
2175 992 2588 1063 intelligentiam
2612 1033 2628 1057 ,
2672 1002 2917 1058 rectaque
2951 995 3022 1049 iis
3061 996 3151 1065 qui
3191 995 3448 1066 cognitio-

1865 1100 1980 1137 nem
2020 1084 2330 1151 inveniunt,
2364 1092 2425 1139 ut
2469 1085 2743 1156 scriptum
2775 1092 2861 1141 est
2896 1086 2947 1141 ι’.
2986 1086 3069 1141 11ιὶ
3103 1087 3250 1142 enim
3286 1096 3449 1143 acuta

1866 1191 2119 1245 puraque
2170 1172 2376 1232 uientis
2433 1178 2553 1233 acie
2602 1191 2797 1233 sacras
2845 1177 3119 1233 divinitus
3166 1179 3450 1250 inspirata:

1869 1268 2172 1337 Scriptum
2201 1269 2365 1324 verba
2394 1270 2637 1340 legentes
2658 1309 2674 1333 ,
2700 1269 2946 1324 divinum
2972 1271 3408 1326 emolumentum
3429 1310 3445 1334 ,

1866 1363 2025 1430 quasi
2053 1362 2344 1432 quemdam
2371 1364 2655 1418 cmlestem
2680 1362 3000 1417 thesaurum
3021 1403 3036 1428 ,
3066 1362 3181 1419 suis
3200 1363 3447 1433 ipsorum

1867 1454 2159 1510 animabus
2194 1454 2508 1509 recondunt
2542 1474 2556 1511 :
2593 1456 2686 1510 i5ti
2723 1469 2860 1510 vero
2898 1463 3139 1511 mentem
3175 1469 3305 1509 cum
3348 1456 3447 1509 ha-

1868 1547 2034 1602 beant
2074 1547 2139 1601 ad
2174 1546 2525 1604 mendacium
2557 1563 2892 1618 propensam
2915 1588 2930 1612 ,
2961 1563 3025 1603 ac
3051 1548 3446 1603 nonnullorum

1868 1637 2267 1708 impotentibus
2346 1639 2721 1695 Iocutionibus
2795 1640 3071 1695 devictam
3108 1679 3124 1704 ,
3199 1639 3450 1710 profana

1866 1730 2031 1785 etiam
2086 1731 2337 1787 scientia:
2368 1738 2684 1793 amantem.
2740 1732 2967 1786 illorum
3024 1732 3215 1802 utique
3271 1732 3448 1788 futuri

1864 1834 2002 1909 sunt
2031 1826 2338 1897 participes
2359 1864 2373 1890 ,
2409 1825 2479 1880 de
2508 1825 2713 1895 quibus
2742 1825 2939 1881 beatus
2969 1824 3173 1882 Paulus
3205 1828 3445 1882 scribit:

1866 1913 1935 1971 In
1968 1918 2159 1987 quibus
2198 1917 2339 1973 Deus
2376 1918 2560 1972 steculi
2590 1917 2751 1986 hujus
2785 1921 3069 1972 excweavit
3100 1920 3336 1989 cogitata
3367 1920 3448 1973 in-

1865 2008 2103 2078 ﬁdelium
2127 2051 2141 2073 ,
2191 2016 2249 2063 ut
2297 2026 2403 2063 non
2437 2008 2767 2079 resplendeat
2801 2008 2915 2064 illis
2957 2010 3134 2064 lumen
3171 2010 3449 2082 Evangelii

1863 2102 2049 2171 gloriw
2098 2100 2340 2169 Christi,
2391 2103 2482 2171 qui
2531 2112 2610 2157 est
2666 2102 2844 2172 imago
2897 2100 2998 2157 Dei
3028 2115 3075 2159 ο.
3134 2103 3448 2159 ϐαδουιίυηι

1864 2192 2053 2258 enim,
2086 2201 2143 2247 et
2184 2200 2316 2248 sunt
2353 2193 2527 2249 duces
2562 2207 2837 2248 caecorum
2876 2212 2889 2248 :
2936 2196 3297 2259 quamobrem
3338 2193 3446 2249 hu-

1859 2284 2104 2355 jusmodi
2136 2286 2304 2341 etiam
2360 2286 2414 2340 in
2465 2285 2678 2341 foveam
2731 2285 2987 2341 incidunt
3039 2286 3319 2343 interitus.
3374 2285 3448 2342 Ut

1864 2379 2011 2433 enim
2039 2379 2280 2449 ipsemet
2306 2376 2560 2434 Salvator
2583 2379 2697 2434 ait:
2734 2378 2921 2434 C(ecus
2955 2395 3149 2434 meum
3182 2379 3229 2434 si
3254 2379 3445 2445 ducat,

1864 2470 2018 2525 ambo
2050 2471 2103 2525 in
2138 2470 2344 2540 foveam
2374 2471 2563 2526 cadent
2598 2470 2652 2527 ά.
2689 2472 2955 2528 Derideut
2988 2471 3157 2541 igitur
3190 2472 3446 2527 nonnulli

1862 2560 2057 2617 Patres
2115 2576 2181 2617 ac
2234 2562 2537 2632 magistros
2584 2561 2894 2617 veritatis:
2938 2562 3049 2616 imo
3099 2576 3231 2615 vero
3278 2560 3445 2615 etiam

1863 2655 2138 2713 diabolica
2178 2656 2456 2724 pravitate
2496 2656 2783 2727 proprium
2825 2654 3121 2725 implentes
3158 2651 3447 2715 animum.

1864 2748 2184 2803 adulterare
2212 2747 2468 2803 nituntur
2493 2747 2751 2802 veritatis
2780 2744 3105 2816 mysterium
3126 2783 3143 2809 ,
3172 2730 3312 2798 nihil
3339 2744 3453 2797 non

1863 2854 1893 2894 e
1935 2840 2114 2896 medio
2156 2839 2348 2895 tollere
2398 2838 2688 2895 studentes
2724 2836 3201 2907 dispensationem
3244 2830 3451 2902 Unige-

1862 2935 1967 2991 niti
2023 2934 2327 2991 secundum
2377 2948 2601 2988 carnem
2625 2971 2641 2997 ,
2683 2948 2787 2986 non
2820 2928 3172 2999 intelligentes
3203 2943 3295 2982 nec
3330 2940 3450 2997 quae

1861 3026 2077 3091 dicunt,
2110 3042 2203 3080 nec
2236 3025 2300 3081 de
2333 3025 2521 3096 quibus
2552 3024 2809 3093 aﬂirment
2846 3033 2893 3089 ο,
2919 3021 3080 3091 juxta
3113 3018 3263 3091 quod
3295 3015 3450 3073 Scri-

1862 3130 2025 3191 ptura
2056 3120 2213 3175 dicit.

1934 3215 1991 3270 2.
2034 3211 2359 3268 lnventores
2398 3224 2568 3281 porro
2609 3208 2932 3281 hujusmodi
2976 3205 3283 3279 impietatis
3324 3204 3449 3262 lue-

1866 3317 1997 3361 ruut
2029 3304 2253 3375 quidem
2285 3311 2340 3358 et
2371 3302 2462 3356 alii
2497 3303 2687 3372 plures
2724 3317 2821 3373 per
2846 3300 3133 3370 superiora
3161 3307 3451 3368 tempora;

1864 3411 2010 3451 nunc
2043 3410 2172 3449 vero
2207 3394 2432 3447 illorum
2465 3392 2732 3447 facinoris
2773 3391 2865 3448 isti
2907 3405 3082 3446 novas
3121 3388 3453 3475 profitentes

1862 3503 2086 3551 causas,
2113 3487 2272 3556 quasi
2302 3487 2431 3541 novi
2460 3484 2752 3543 Pharisaei.
2784 3482 3267 3551 Quemadmodum
3296 3481 3448 3538 enim

1864 3594 2056 3636 revera
2084 3579 2162 3633 illi
2197 3577 2709 3650 negarunt.Filium
2740 3575 2835 3631 Dei
2867 3590 3038 3631 carne
3070 3574 3334 3641 venisse;
3367 3573 3451 3630 sic

1863 3682 1918 3729 et
1966 3686 2115 3727 nunc
2164 3671 2292 3728 novi
2333 3670 2423 3726 isti
2464 3669 2891 3741 praedicatores,
2942 3668 3075 3723 dum
3115 3668 3311 3724 nolunt
3347 3666 3451 3723 ad-

1863 3781 2024 3821 orare
2053 3777 2106 3820 et
2137 3764 2317 3821 colere
2347 3764 2616 3819 adventus
2641 3763 2850 3818 Christi
2887 3761 2942 3816 in
2976 3775 3144 3817 carne
3165 3800 3183 3827 ,
3214 3761 3450 3832 ejusque

1865 3858 2175 3916 secundum
2200 3872 2428 3913 carnem
2453 3856 2820 3911 immaculata:
2842 3854 3038 3911 Matris
3060 3869 3296 3926 vereque
3320 3853 3449 3910 Dei-

1866 3967 2016 4022 para:
2042 3966 2107 4005 ac
2132 3965 2352 4020 semper
2380 3947 2623 4020 Virginis
2646 3949 2867 4012 Mariae,
2892 3947 3020 4002 item
3044 3947 3292 4003 omnium
3317 3960 3449 4003 san-

1864 4053 2079 4098 ctorum
2117 4042 2238 4113 ejus
2279 4041 2572 4111 religiosas
2619 4040 3094 4110 honorandusque
3147 4038 3445 4111 imagines.

1866 4134 1974 4191 Sed
2010 4151 2207 4190 novam
2249 4135 2413 4189 novis
2451 4134 2619 4189 rebus
2659 4133 2953 4189 studentes
2981 4133 3342 4188 adornarunt
3381 4134 3449 4188 li-

1861 4225 1987 4279 dcm
2011 4265 2027 4290 ,
2061 4231 2258 4278 contra
2294 4232 2461 4293 atque
2501 4223 2570 4277 ab
2611 4222 2771 4277 initio
2809 4223 3129 4292 accepimus
3168 4236 3198 4276 a
3238 4223 3447 4279 sanctis

1864 4314 2075 4371 nostris
2107 4312 2375 4368 Patribus
2394 4353 2410 4378 ,
2442 4311 2739 4383 discipulis
2766 4327 2831 4367 ac
2859 4312 3285 4368 successoribus
3312 4328 3450 4384 apo-

1860 4406 2124 4461 stolorum
2147 4412 2489 4461 sanctorum.
2513 4402 2985 4471 Quemadmodum
3020 4403 3164 4459 cnim
3205 4404 3343 4475 ipsis
3363 4405 3449 4462 vi-

1863 4512 1986 4552 sum
2022 4505 2107 4553 est
2139 4511 2290 4551 nunc
2320 4495 2541 4558 dicere,
2574 4494 2779 4550 melius
2810 4510 2976 4565 quam
3008 4496 3183 4552 sancti
3216 4495 3446 4563 Patres,

166 4594 264 4647 καὶ
294 4595 353 4647 al
372 4595 564 4664 ἀρεταὶ
591 4595 871 4665 στήριγμα
894 4595 987 4647 καὶ
1018 4595 1186 4667 στήλη
1216 4597 1313 4667 τῆς
1344 4596 1638 4668 καθολικῆς
1663 4597 1759 4651 καὶ

1864 4605 2108 4662 quorum
2144 4589 2311 4645 verba
2347 4598 2401 4645 et
2434 4589 2674 4644 virtutes
2706 4587 2946 4645 fulcrum
2982 4597 3114 4645 sunt
3148 4598 3317 4661 atque
3349 4606 3447 4647 co-

167 4685 535 4756 ἀποστολικῆς
577 4684 904 4755 Ἐκκλησίας
934 4686 1298 4757 ὑπάρχουσιν,
1340 4683 1487 4744 οὗτοι
1533 4690 1633 4763 τήν
1666 4691 1760 4744 πί-

168 4794 288 4832 στιν
308 4776 599 4845 φυλάττειν
622 4774 1077 4841 διαϐεϐαιοῦντες.
1126 4779 1238 4844 Τάς
1270 4780 1379 4854 γὰρ
1423 4781 1607 4836 αὐτῶν
1650 4782 1760 4836 τῶν

168 4869 431 4941 [Ιατέρων
460 4869 666 4939 φωνὰς,
699 4868 765 4931 ἀς
788 4870 942 4923 αὐτοὶ
970 4871 1184 4940 τρανῶς
1209 4873 1481 4944 ἐκήρυξαν
1500 4874 1757 4945 περὶτῶν

168 4961 485 5031 σεϐασμίων
514 4963 609 5015 καὶ
642 4963 1035 5032 προσκυνητῶν
1065 4964 1309 5031 είκόνων,
1328 4961 1474 5020 οὗτοι
1506 4969 1554 5020 οί
1584 4969 1760 5022 νεόσο-

166 5073 259 5125 φοι
280 5054 536 5118 λαϐόντες
570 5054 670 5119 τὰς
700 5054 880 5119 καλῶς
908 5056 1014 5110 ὑπὸ
1042 5057 1151 5110 τῶν
1171 5060 1465 5129 προφητῶν
1499 5060 1758 5132 ῥηθείσας

166 5148 376 5217 φωνάς,
404 5150 545 5201 κατά
572 5148 672 5210 τάς
712 5147 851 5211 ἰδίας
873 5148 1165 5219 ἐπιθυμίας
1194 5150 1330 5221 πρὸς
1349 5151 1440 5205 τὸν
1476 5152 1603 5205 ῖδιον
1629 5152 1754 5206 νοῦν

167 5239 542 5309 στρεϐλοῦσιν.
597 5239 686 5304 Ὠς
733 5238 842 5311 γάρ
902 5242 1060 5315 αὐτοὶ
1117 5243 1246 5315 περὶ
1296 5242 1403 5295 τῶν
1460 5243 1756 5298 είδωλικῶν

166 5330 375 5396 ξοάνων
398 5331 490 5385 καὶ
518 5330 852 5402 δαιμονικῶν
872 5330 1110 5400 ἤτηλῶν
1154 5332 1465 5403 φράσαντες
1499 5334 1753 5405 εἴρηκαν,

163 5420 316 5479 οὗτοι
348 5426 428 5488 είς
452 5424 552 5488 τὰς
579 5424 743 5493 ἀγίας
778 5424 993 5488 είκόνας
1014 5424 1387 5495 μετέστρεψαν
1410 5428 1535 5491 τοὺς
1565 5428 1755 5495 ἁγίους

165 5515 417 5587 Πατέρας
443 5516 538 5570 καὶ
576 5516 928 5580 διδασκάλους
968 5515 1068 5587 τῆς
1110 5517 1272 5585 ἁγίας
1322 5519 1417 5572 καὶ
1447 5519 1752 5592 ἀμωμήτου

243 5692 275 5735 δ
303 5693 466 5750 Prov.
508 5709 624 5759 vui,
659 5694 713 5750 9.

1866 4686 2054 4739 lunina
2076 4683 2369 4739 catholicae
2399 4692 2452 4737 et
2478 4681 2795 4752 apostolica:
2822 4680 3089 4737 Ecclesiae
3112 4724 3128 4747 ,
3160 4684 3251 4739 isti
3281 4683 3444 4750 tidem

1862 4794 1923 4835 se
1961 4792 2189 4834 servare
2228 4762 2582 4847 proﬁtentur.
2632 4774 2705 4828 At
2741 4775 2888 4831 enim
2933 4775 3178 4845 ipsorum
3217 4775 3460 4837 Patrum,

1862 4887 2069 4937 voces,
2110 4885 2253 4941 quas
2296 4869 2402 4940 ipsi
2446 4868 2759 4924 luculenter
2796 4869 3240 4940 depraedicarunt
3294 4869 3444 4924 circa

1863 4964 2207 5020 venerandas
2238 4962 2674 5029 adorandasque
2708 4962 2984 5032 imagines
3006 5001 3020 5024 .
3060 4962 3150 5017 isti
3187 4962 3313 5016 novi
3347 4976 3445 5017 sa-

1858 5058 2076 5127 pientes
2120 5055 2288 5128 (dum
2338 5057 2619 5126 arripiunt
2661 5070 2785 5125 qua:
2834 5055 3176 5124 casteroquin
3232 5055 3369 5110 bene
3408 5068 3441 5108 a

1824 5150 2153 5225 .prophetis
2188 5149 2532 5203 annuntiataa
2576 5154 2711 5202 sunt
2757 5147 2987 5215 voces),
3025 5146 3184 5216 juxta
3217 5144 3441 5215 propria

1859 5241 2138 5297 desideria
2169 5238 2238 5293 ad
2276 5238 2555 5309 propriam
2604 5247 2844 5293 mentem
2890 5246 3236 5309 pervertunt.
3275 5236 3441 5305 Quae-

1860 5330 2078 5408 cunque
2107 5333 2313 5388 etenim
2349 5331 2433 5386 illi
2467 5332 2533 5387 de
2567 5330 2845 5387 idolorum
2879 5330 3109 5386 statutis
3140 5345 3205 5385 ac
3235 5330 3441 5385 daemo-

1861 5427 2041 5482 niacis
2100 5425 2284 5481 titulis
2333 5423 2505 5479 locuti
2541 5422 2838 5489 dixerunt,
2877 5423 2967 5479 isti
3002 5423 3272 5479 adversus
3306 5437 3438 5478 san-

1860 5529 1982 5576 ctas
2009 5519 2281 5589 imagines
2308 5517 2644 5589 detorquent
2674 5524 2899 5574 sanctos
2928 5516 3123 5575 Patres
3154 5524 3211 5573 et
3242 5514 3441 5572 docto-

792 5705 815 5733 ο
848 5693 888 5750 ll
916 5693 1043 5752 Cor.
1088 5711 1160 5763 tv,
1191 5696 1247 5751 4.
1321 5694 1349 5737 ἀ
1382 5696 1688 5764 Mattb.xv,
1716 5697 1803 5753 M.
1888 5709 1912 5739 ε
1942 5697 1959 5752 l
1991 5696 2138 5753 Tim.
2170 5715 2209 5763 ι,
2251 5700 2305 5754 7.

1708 5793 1945 5853 ΝΟΤίΕ.

239 5880 318 5956 (3)
350 5864 682 5956 Ὀξυδερκεῖ.

1942 5887 2020 5953 (4)
2047 5886 2397 5960 Καθαίρεσιν.
