4026 6450
538 418 673 488 1351

1988 408 2373 472 ADDENDA.

3681 413 3812 481 1352

542 550 629 592 res
676 542 915 592 sanctae.
954 531 1000 588 si
1015 544 1194 587 nceraa
1223 539 1282 587 et
1311 529 1641 587 orthodoxae
1672 529 2119 587 Christianorum

2248 524 2322 578 ιαὶ
2350 524 2634 594 ὀρθοδόξου
2668 526 2777 582 τῶν
2806 530 3149 601 Χριστιανῶν
3181 533 3443 595 πίστεως,
3478 533 3813 603 παρωσάμε-

543 627 669 684 tldei
699 665 716 690 .
757 623 1120 696 repudiantes
1158 637 1355 677 eorum
1395 637 1563 679 voces
1601 630 1657 679 et
1697 621 2016 679 testimonia
2057 619 2127 673 de

540 724 844 778 incarnatm
883 717 1252 787 humanaque
1288 715 1482 770 formae
1519 716 1783 787 imaginis
1817 714 1937 784 ejus
1971 712 2128 783 depi-

542 817 649 871 ctis
672 814 883 871 sanctis
904 812 1160 867 iconibus
1181 851 1197 875 ,
1229 826 1369 881 quas
1402 811 1697 865 manifeste
1724 817 1785 864 ut
1818 810 2129 866 coleremus

543 925 609 963 ac
654 920 1060 961 veneraremur
1108 920 1213 959 nos
1254 902 1621 958 edocuerunt.
1665 900 2036 967 Quamobrem
2078 908 2132 952 et

545 1016 668 1055 mox
700 999 777 1069 (5)
809 998 1247 1065 disputationem
1283 995 1556 1051 adversus
1585 1009 1758 1049 novos
1789 995 1955 1049 hosce
1987 1007 2131 1063 prae-

544 1093 827 1149 dicatores
860 1091 1098 1153 facturi,
1150 1088 1266 1143 Deo
1312 1088 1473 1143 nobis
1521 1088 1786 1159 spiritum
1832 1088 2131 1157 largiente,

550 1200 725 1255 pauca
780 1200 847 1238 ex
903 1183 1099 1236 multis
1150 1196 1535 1252 apponetnus,
1594 1178 1817 1236 tametsi
1877 1180 1982 1234 viri
2042 1180 2134 1233 isti

548 1289 809 1346 tanquam
843 1274 991 1329 idol‘a
1025 1275 1349 1328 manufacta
1388 1274 1501 1327 haec
1532 1288 1757 1343 quoque
1784 1282 2133 1328 aversentur.

618 1369 672 1423 5.
719 1367 915 1421 Dicant
966 1367 1132 1421 nobis
1189 1366 1400 1420 turbidi
1443 1366 1537 1420 isti
1579 1366 1857 1435 sapientes
1896 1372 1951 1421 et
1988 1381 2137 1436 que-

548 1459 697 1521 ruli,
745 1472 960 1512 necnon
1014 1466 1292 1512 amatores
1342 1457 1529 1521 malae,
1580 1455 1866 1526 profanae,
1915 1456 2139 1526 Deoque

549 1550 791 1604 inimicas
827 1549 1030 1623 synodi
1074 1550 1191 1619 (6),
1231 1565 1355 1619 qua:
1396 1548 1510 1604 Deo
1552 1550 1910 1619 permittente
1950 1550 2139 1604 habita

547 1652 634 1697 est
651 1640 1138 1711 Constantinopoli
1176 1641 1232 1694 in
1262 1641 1388 1695 loco
1414 1639 1615 1695 Oneria
1648 1641 1965 1710 appellato:
1992 1643 2143 1707 Quu—

549 1755 677 1795 nam
716 1738 879 1793 modo
923 1744 979 1792 et
1028 1749 1198 1804 scopo
1244 1744 1509 1805 paternas
1560 1735 1893 1804 repellentes
1943 1749 2139 1801 voces,

549 1832 859 1889 secundum
888 1838 1081 1883 vestra
1112 1845 1213 1884 vos
1241 1827 1520 1883 desideria
1554 1826 1901 1883 fascinantes
1926 1828 2155 1911 abreptL

550 1940 581 1979 a
624 1932 779 1979 recto
819 1921 1082 1984 tramite,
1128 1936 1351 1991 quaque
1403 1935 1532 1975 esca
1575 1921 1828 1989 decepti,
1871 1921 2141 1990 deprava-

552 2016 732 2072 mini?
768 2015 943 2070 Dicite
970 2014 1133 2070 nobis
1167 2015 1264 2084 qui
1296 2030 1446 2069 nunc
1478 2014 1762 2069 innovatis
1796 2014 2043 2069 recentis
2075 2014 2142 2068 ﬁ-

552 2110 641 2165 dei
667 2107 1093 2179 expositionem,
1123 2106 1391 2175 quidnam
1423 2106 1478 2159 in
1506 2105 1675 2160 terris
1720 2105 2138 2170 venerandum,

554 2202 872 2272 religiosum
900 2211 956 2255 et
990 2199 1275 2254 adorabile
1309 2206 1427 2263 est,
1458 2198 1606 2270 quod
1639 2215 1750 2254 non
1784 2200 1858 2253 sit
1886 2198 2144 2253 manttl‘a-

553 2305 705 2351 ctum
733 2294 756 2347 ?
782 2292 978 2347 Crux?
1007 2292 1195 2346 Altare
1217 2291 1240 2344 ?
1264 2289 1535 2345 Oblatio?
1572 2290 1975 2359 Evangelium?
2007 2287 2143 2344 Uni-

554 2405 716 2445 versa
753 2389 872 2444 htec
898 2387 1219 2442 manufacta
1250 2397 1382 2441 sunt
1409 2402 1423 2441 :
1454 2386 1614 2442 nobis
1649 2385 2016 2440 nihilominus
2048 2401 2141 2440 ve.

556 2482 829 2538 nerabilia
880 2496 947 2535 ac
994 2481 1196 2536 salutis
1244 2479 1530 2551 symbola,
1566 2478 2038 2550 quemadmodum
2088 2490 2140 2535 et

555 2581 879 2631 sanctorum
919 2571 1225 2643 imagines,
1261 2579 1315 2627 et
1348 2571 1625 2626 incarnati
1661 2569 1873 2626 Christi
1911 2570 2142 2642 dispen-

556 2667 793 2724 sationis
831 2681 974 2719 verae
1025 2673 1193 2735 atque
1246 2665 1505 2719 humanae
1554 2663 1677 2733 ejus
1716 2664 1939 2730 carnis,
1976 2679 2143 2733 quam

557 2769 787 2831 propter
815 2767 1066 2815 nostram
1106 2758 1343 2813 salutem
1382 2758 1601 2829 accepit
1634 2760 1705 2811 de
1744 2758 2049 2827 purissima
2091 2764 2145 2810 et

558 2853 791 2923 Deipara
824 2851 993 2905 Maria
1016 2892 1031 2917 ,
1062 2866 1188 2921 quae
1219 2859 1351 2905 sunt
1382 2858 1577 2905 nostra
1607 2865 1900 2905 assumens
1927 2852 2143 2915 omnia,

556 2956 789 3016 excepto
810 2944 1080 2999 duntaxat
1103 2952 1351 3013 peccato.
1382 2942 1566 3008 Quare
1591 2951 1647 2997 et
1671 2942 1965 3013 imaginem
1993 2942 2144 2997 illius

558 3037 795 3107 ejusque
831 3035 1199 3090 immaculata:
1229 3034 1424 3090 Matris
1448 3048 1778 3089 veneramur
1803 3043 1856 3088 et
1886 3034 2143 3090 colimus.

560 3129 632 3182 At
664 3143 765 3181 vos
800 3137 1177 3181 commentum
1211 3125 1401 3199 facitis
1424 3124 1745 3193 ltujusmodi
1795 3126 2141 3195 mysterium.

2229 636 2307 671 νοι
2336 618 2438 683 τὰς
2490 621 2672 675 αὐτῶν
2704 624 2888 692 φωνὰς
2941 627 3036 678 καὶ
3068 626 3382 696 μαρτυρίας
3429 627 3556 696 περὶ
3596 628 3700 695 τῆς
3732 630 3816 679 ὲν.

2230 708 2434 780 σάρκου
2468 712 2563 765 καὶ
2592 712 2943 785 ἀνθρωπίνης
2972 713 3138 768 αὑτοῦ
3172 718 3508 785 μορφώσεως
3539 716 3817 786 χαρακτῆο

2235 818 2323 872 ρος
2348 802 2727 874 ἱστορηθείσας
2751 804 2915 872 ἀγίας
2942 806 3180 870 εἰκόνας,
3216 806 3397 875 ἇσπερ
3441 810 3570 878 ἡμῖν
3605 810 3820 878 τρανῶς

2234 893 2411 947 σέϐειν
2441 895 2536 948 καὶ
2571 900 2902 966 προσκυνεῖν
2944 896 3213 963 ἐδίδαξαν.
3269 900 3348 951 Δι’
3370 900 3398 952 ὃ
3433 902 3525 953 καὶ
3561 902 3682 970 μετ’
3712 901 3822 953 dli-

2232 1003 2330 1053 γον
2385 988 2667 1042 διάλεκτον
2720 990 2858 1061 πρὸς
2874 992 3014 1054 ⁹τοὺς
3067 993 3410 1064 νεοκὴρυκας
3451 1012 3819 1065 ποιησομενοι,

2234 1080 2372 1134 Θεοῦ
2395 1081 2631 1147 διδόντος
2660 1083 2792 1154 ἡμῖν
2819 1084 2913 1137 καὶ
2940 1085 3001 1138 τὸ
3029 1086 3315 1147 ἀναπνεῖν,
3345 1087 3502 1154 ὀλίγα
3523 1088 3585 1140 ὲκ
3616 1088 3822 1140 πολλῶν

2237 1175 2650 1247 παραθήσομεν,
2681 1176 2783 1230 κᾶν
2822 1170 2966 1231 οῦτοι
3002 1178 3077 1242 ὡς
3103 1180 3456 1250 χειροποίητα
3490 1180 3658 1251 δῆθεν
3695 1183 3823 1235 ἀπο·

2239 1268 2581 1339 στρέφονται.

2308 1362 2379 1430 γ’.
2408 1362 2731 1431 Λεγέτωσαν
2763 1367 2895 1436 ἡμῖν
2917 1367 2966 1419 οί
3000 1365 3283 1434 θολόσοφοι
3338 1367 3435 1418 καὶ
3467 1366 3822 1436 μεμψίμοιροι

2241 1455 2336 1508 καὶ
2372 1455 2599 1525 ἀρεσταὶ
2625 1457 2727 1526 τῆς
2758 1457 2970 1527 φαύλης
2992 1459 3088 1512 καὶ
3116 1458 3347 1529 βεϐήλου
3371 1460 3465 1512 καὶ
3507 1458 3821 1527 ἑχθραινού-

2244 1562 2342 1616 σης
2377 1546 2496 1618 Θεῷ
2529 1548 2769 1611 συνόδου,
2797 1550 2897 1619 τῆς
2920 1549 3223 1618 γενομένης
3264 1549 3407 1603 κατὰ
3447 1549 3584 1601 Θεοῦ
3616 1566 3822 1616 συγχω-

2246 1639 2438 1711 ρισμὸν
2472 1642 2529 1693 ὲν
2560 1642 3129 1696 Κωνσταντινουπόλει
3162 1644 3242 1706 είς
3262 1643 3353 1695 τὸν
3368 1643 3532 1695 τόπον
3563 1642 3655 1693 τὸν
3684 1641 3828 1709 λεγό-

2249 1751 2409 1804 μενον
2441 1736 2674 1807 Ὀνέρια,
2702 1737 2840 1808 ποίῳ
2861 1738 3050 1808 τρόπῳ
3078 1737 3173 1790 καὶ⁸
3194 1736 3383 1806 σκοπῷ
3402 1737 3501 1799 τὰς
3537 1736 3644 1787 τῶν
3663 1737 3825 1789 Πατέ-

2250 1848 2359 1901 ρων
2388 1832 2867 1903 παρακρουόμενοι
2901 1832 3105 1900 φωνὰς,
3156 1832 3299 1885 κατά
3332 1832 3429 1893 τὰς
3466 1831 3601 1892 ιδίας
3641 1830 3825 1882 ἐπιθυ-

2246 1924 2374 1993 μίας
2404 1924 2629 1986 ὲαυτοῦς
2661 1922 3039 1988 ἐξαπατῶντες
3071 1923 3416 1993 ὲξελκόμενοι
3451 1924 3544 1975 καὶ
3585 1918 3822 1985 δελεαζὸ·

2247 2032 2399 2086 μενοι
2433 2015 2770 2088 στρεϐλεῖτε;
2800 2016 3004 2070 Εἴπατε
3028 2016 3182 2084 ἡμῖν,
3206 2017 3256 2068 ot
3290 2014 3387 2067 νῦν
3413 2013 3824 2082 κενοτομοῦντες

2246 2111 2370 2173 νέας
2406 2110 2639 2173 πίστεως
2663 2110 2897 2173 ἔκθεσιν,
2936 2109 3089 2173 ποῖον
3131 2110 3223 2163 ἐπὶ
3250 2109 3349 2179 τῆς
3383 2109 3488 2178 γῆς
3526 2124 3822 2177 προσκυνηο

2242 2201 2338 2253 τὸν
2377 2202 2470 2254 καὶ
2509 2201 2806 2271 σεϐάσμιον
2841 2202 2935 2254 καὶ
2964 2200 3258 2271 λατρευτόν
3299 2200 3449 2253 ἐστιν
3490 2198 3824 2269 ἀχειροποίη-

2242 2312 2359 2359 τον;
2392 2296 2420 2348 ὁ
2464 2296 2732 2367 σταυρός;
2778 2294 2839 2348 τὸ
2879 2294 3300 2365 θυσιαστήριον;
3332 2294 3369 2364 ἡ
3413 2293 3737 2363 προσφορὰς
3770 2292 3823 2344 τὸ

2244 2389 2605 2458 Εῦαγγέλιον;
2653 2388 2837 2443 Πάντα
2866 2388 3244 2462 χειροποίητα,
3274 2386 3392 2441 ἀλλ’
3429 2388 3564 2456 ἡμῖν
3595 2386 3821 2438 σεϐαστά

2245 2484 2339 2535 καὶ
2366 2482 2640 2552 σωτηρίας
2671 2480 2933 2552 σύμϐολα,
2968 2480 3158 2553 ὥσπερ
3192 2480 3289 2534 καὶ
3322 2482 3380 2533 αἱ
3423 2480 3535 2533 τῶν
3563 2479 3734 2546 ἀγίων
3752 2479 3822 2530 εί·-

2246 2575 2420 2638 κόνες,
2457 2577 2551 2628 καὶ
2579 2575 2678 2645 τῆς
2699 2574 2968 2645 ὲνσάρκου
3005 2574 3101 2628 τοῦ
3134 2571 3376 2643 Χριστοῦ
3398 2571 3711 2642 οἰκονομίας
3734 2571 3822 2638 τῆς

2244 2668 2509 2739 ἀληθινῆς
2540 2668 2634 2722 καὶ
2682 2667 3031 2740 ἀνθρωπίνης
3059 2665 3228 2720 αὐτοῦ
3258 2663 3485 2736 σαρκὸς,
3514 2664 3583 2734 ἢν
3619 2662 3706 2715 διὰ
3736 2661 3825 2732 τὴν

2244 2761 2405 2832 ἡμῶν
2435 2761 2709 2833 σωτηρίαν
2757 2760 3127 2833 προσελάϐετο
3174 2762 3239 2814 ὲκ
3287 2758 3390 2828 τῆς
3420 2757 3698 2823 πανάγνου
3743 2756 3825 2807 καὶ

2245 2854 2508 2909 Θεοτόκου
2536 2856 2777 2927 Μαρίας,
2813 2856 2990 2909 πάντα
3016 2853 3176 2926 ἡμῶν
3225 2850 3431 2916 λαϐὼν,
3464 2850 3638 2921 χωρὶς
3671 2848 3827 2919 μόνης

2244 2951 2345 3019 τῆς
2396 2948 2692 3019 ἁμαρτίας.
2739 2948 2832 3001 Διὸ
2863 2950 2960 3001 καὶ
3003 2946 3103 3019 τὴν
3138 2945 3324 3001 είκόνα
3366 2944 3557 3009 αὐτοῦ,
3613 2943 3707 2995 καὶ
3740 2940 3828 3009 τῆς

2246 3042 2518 3112 ἀχράντου
2551 3041 2713 3095 αὐτοῦ
2748 3041 2973 3113 Μητρὸς
3002 3040 3421 3112 προσκυνοῦμεν
3451 3041 3547 3093 καὶ
3590 3036 3828 3105 σέϐομεν.

2247 3136 2358 3189 Καὶ
2386 3136 2543 3205 ὑμεῖς
2570 3134 2792 3204 δόκησιν
2818 3133 2878 3187 τὸ
2900 3135 3202 3205 μυστήριον
3226 3132 3630 3204 ἀπεργάζεσθε.
3654 3130 3829 3199 Ἡμεῖς

558 3218 674 3275 Nos
702 3233 831 3274 vero
862 3219 957 3287 qui
993 3218 1282 3272 veritatem
1313 3226 1626 3280 sectamur,
1659 3232 1779 3287 qua:
1804 3226 1891 3272 est
1922 3226 2138 3273 sancto-

2248 3229 2304 3282 δὲ
2344 3229 2392 3282 oi
2423 3226 2524 3298 τῆς
2553 3227 2834 3296 ἀληθείας,
2869 3228 2969 3298 τῆς
3005 3224 3117 3280 τῶν
3156 3226 3329 3295 ἁγίων
3355 3224 3693 3286 ἀποστόλων,
3747 3222 3831 3275 καὶ

564 3329 692 3369 rum
729 3313 1115 3383 apostolorum
1148 3318 1581 3379 sanctorumque
1612 3326 1807 3366 eorum
1841 3311 2154 3383 discipulo-

558 3419 682 3460 rum
713 3412 770 3459 et
794 3417 1183 3460 successorum
1206 3443 1222 3467 ,
1256 3404 1352 3473 qui
1384 3403 1575 3458 Patres
1602 3418 1665 3459 ac
1692 3404 1950 3459 doctores
1972 3405 2149 3460 nostri

561 3495 815 3561 fuerunt,
852 3513 973 3552 eam
1021 3512 1143 3566 quae
1187 3497 1257 3551 ab
1290 3498 1402 3553 illis
1433 3498 1597 3554 nobis
1632 3498 1836 3554 tradita
1872 3499 1976 3554 fuit
2020 3500 2152 3556 ﬁdes

560 3594 711 3646 circa
747 3600 997 3645 sanctam
1028 3599 1082 3646 ct
1104 3591 1636 3648 consubstantialem
1668 3592 2151 3664 venerandamque

561 3681 892 3737 Trinitatem
916 3725 931 3749 ,
966 3684 1211 3738 revelata
1246 3682 1387 3740 facie
1408 3726 1422 3750 ,
1456 3688 1718 3757 claraque
1748 3702 1885 3742 voce
1921 3687 2150 3756 proﬁte-

561 3788 710 3838 mur,
749 3783 1086 3844 usurpantes
1140 3776 1279 3829 illud
1330 3775 1485 3831 Isaiae
1530 3778 1861 3848 pr0pltetae:
1918 3778 2151 3832 Ascende

561 3867 653 3932 qui
683 3866 1017 3936 cvangelizas
1051 3868 1108 3921 in
1142 3878 1367 3923 montem
1398 3871 1664 3923 excelsum
1700 3869 1746 3923 τ.
1788 3869 1900 3925 Nos
1927 3885 2151 3939 quoque

563 3958 925 4015 ascendimus
946 3960 1010 4014 ad
1040 3975 1310 4015 summam
1335 3960 1564 4031 gloriam
1589 3962 1756 4017 trium
1780 3964 2149 4018 consubstan-

563 4049 777 4104 tialium
818 4064 1223 4120 personarum,
1267 4053 1727 4125 evangelizantes
1770 4057 1915 4110 bona
1948 4055 2147 4110 o’rtho-

560 4142 720 4199 deum
753 4143 914 4210 ﬁdei,
948 4154 1006 4200 et
1037 4143 1290 4200 dicentes
1321 4163 1334 4198 :

634 4234 690 4287 ι.
735 4231 1034 4290 Credimus
1066 4236 1120 4290 in
1149 4234 1369 4291 Patrem
1426 4244 1482 4291 et
1523 4236 1725 4292 Filium
1771 4244 1828 4293 et
1876 4237 2146 4309 Spiritum

562 4334 817 4381 sanctum
841 4365 858 4392 ,
884 4342 1008 4396 quae
1030 4335 1117 4383 est
1147 4337 1341 4382 sancta
1370 4327 1620 4383 Trinitas
1641 4371 1656 4392 ,
1684 4328 1931 4384 increata
1950 4374 1965 4397 ,
1997 4340 2151 4386 teter-

563 4434 632 4473 na
656 4460 670 4484 ,
702 4419 1030 4485 inconfusa,
1061 4419 1302 4477 indivisa
1325 4462 1339 4486 ,
1371 4420 1880 4478 consubstantialis
1903 4463 1918 4487 ,
1950 4424 2005 4478 in
2040 4440 2148 4479 una

2252 3319 2361 3374 τῶν
2392 3318 2561 3387 ἁγίων
2590 3318 2772 3372 αὐτῶν
2799 3317 3057 3389 μαθητῶν
3094 3319 3190 3371 καὶ
3223 3316 3507 3387 διαδόχων,
3554 3313 3831 3385 ἡμετέρων

2253 3412 2310 3464 δὲ
2342 3412 2602 3483 Πατέρων
2630 3410 2724 3464 καὶ
2772 3409 3135 3474 διδασκάλων,
3181 3409 3283 3480 τὴν
3336 3409 3468 3478 παρ’
3493 3406 3678 3461 αὐτῶν
3712 3404 3831 3475 ἡμῖν

2253 3502 2653 3573 παραδοθεῖσαν
2687 3501 2871 3555 πίστιν
2903 3502 3033 3572 περὶ
3074 3501 3176 3571 τῆς
3218 3501 3381 3569 ἁγίας
3433 3498 3528 3554 καὶ
3559 3497 3829 3568 ὀμοουσίου

2252 3596 2347 3649 καὶ
2378 3595 2760 3666 προπυνητῆς
2774 3596 3024 3665 Τριάδος,
3044 3593 3549 3663 ἀνακεκαλυμμένῳ
3569 3590 3831 3661 προσώπῳ

2251 3687 2482 3759 λαμπρᾷ
2512 3704 2573 3740 τε
2604 3690 2755 3759 φωνῇ
2793 3687 3025 3757 λέγομεν
3050 3687 3120 3742 τὰ
3146 3686 3241 3741 τοῦ
3269 3687 3549 3757 προφήτου
3584 3682 3826 3737 Ἠσαίουο

2263 3779 2532 3847 Ἀνάϐηθι
2578 3782 2612 3834 ό
2664 3778 3196 3850 εὐαγγελιζόμενος
3244 3777 3339 3832 ἐπ’
3389 3778 3529 3847 ὄρος
3575 3775 3825 3845 ὑψηλόν.

2252 3871 2363 3924 Καὶ
2390 3872 2551 3942 ἡμεῖς
2578 3871 2923 3944 ἀνερχόμεθα
2949 3874 3031 3935 εἰς
3063 3871 3161 3941 τὴν
3186 3869 3619 3941 τρισυπόστατον
3651 3870 3830 3937 ὁμοθυ-

2253 3962 2576 4031 σιοκόρυφον
2613 3962 2794 4028 δόξαν,
2829 3960 3310 4033 εὐαγγελιζόμενοι
3337 3959 3407 4014 τά
3431 3958 3607 4028 ἀγαθά
3630 3958 3729 4028 τῆς
3749 3958 3831 4027 ὀρ-

2252 4054 2466 4121 θοδόξου
2496 4056 2762 4123 πίστεως,
2792 4056 3067 4125 λέγοντες⁹

2318 4235 2384 4292 δ’.
2420 4235 2764 4308 Πιστεύομεν
2813 4237 2893 4301 εις
2938 4234 3161 4307 Πατέρα
3203 4236 3301 4290 καὶ
3349 4234 3482 4288 Υίὸν
3534 4234 3628 4288 καὶ
3691 4232 3829 4301 ἆγιαν

2251 4328 2496 4399 Πνεῦμα,
2535 4328 2655 4399 ἥτίς
2701 4331 2851 4382 ἔστιν
2878 4329 2911 4400 ὴ
2941 4328 3074 4397 ἀγία
3108 4328 3300 4398 Τριάς,
3340 4328 3613 4390 ἄκτιστος,
3650 4326 3828 4388 ἀΐδιος.

2251 4422 2580 4493 ἀσύγχυτος,
2617 4421 2943 4493 ἀδιαίρετος,
2973 4420 3351 4493 όμοούσιος,ὲν
3389 4421 3486 4491 μιᾷ
3511 4418 3725 4489 θεότητι
3747 4415 3829 4470 καὶ

560 4512 887 4576 divinitate,
928 4528 1103 4583 regno
1137 4522 1191 4568 et
1225 4513 1611 4570 dominatione
1633 4555 1649 4581 ,
1684 4531 1808 4585 quae
1858 4516 1913 4570 in
1959 4518 2142 4574 tribus

2253 4513 2505 4586 βασιλείᾳ
2531 4514 2624 4568 καὶ
2651 4515 2954 4586 κυριότητι,
2972 4517 3030 4568 ὲν
3058 4516 3206 4585 τρισὶ
3237 4512 3549 4582 προσώποις
3574 4512 3692 4582 ἤτοι
3716 4512 3829 4564 om.

564 4606 819 4673 personis
874 4580 1016 4661 sive-
1043 4605 1440 4677 bypostasibns
1478 4618 1533 4663 et
1565 4580 2005 4680 proprietatibus
2046 4614 2142 4666 ad-

2253 4580 2599 4663 στάσεσικαὶ
2640 4580 3349 4677 ἰδιότησι-προσκυνουμένη
3388 4621 3449 4657 τε
3495 4580 3604 4656 καῖ
3629 4601 3826 4667 60503.0-

563 4708 779 4763 oratur,
817 4705 873 4752 et
925 4698 1287 4767 gloriﬁcatur.
1338 4698 1742 4771 Proprietatem
1785 4713 1971 4759 autem
2027 4722 2142 4761 cum

2249 4698 2516 4770 γουμένη.
2555 4698 2819 4769 ’ἰδιότητα
2837 4697 2946 4769 γὰρ
2968 4698 3097 4752 ὃταν
3122 4698 3282 4762 είπω,
3309 4698 3402 4750 τὸν
3427 4696 3646 4767 Πατέρα
3674 4693 3827 4748 Πατέ·

564 4787 692 4842 dico
713 4828 727 4851 ,
759 4788 982 4844 Patrem
1013 4790 1236 4846 Patrem
1275 4792 1459 4863 cogita
1485 4835 1500 4859 ,
1546 4803 1602 4849 et
1650 4795 1851 4851 Filium
1908 4795 2110 4853 Filitnn
2139 4844 2142 4854 ς

2254 4811 2323 4864 ρα
2344 4794 2562 4864 νόησον,
2588 4793 2686 4846 καὶ
2706 4792 2799 4846 τδν
2824 4791 2952 4846 Υίόν
2977 4792 3125 4857 Υίὸν,
3152 4791 3250 4845 καὶ
3277 4792 3340 4845 τὸ
3356 4790 3580 4860 Πνεῦμα
3607 4790 3668 4843 τὸ
3690 4788 3826 4858 ἀγιον

566 4878 955 4953 Spiritumque
977 4894 1234 4940 sanctum
1260 4884 1530 4955 Spiritum
1559 4897 1837 4945 sanctum.
1858 4889 1981 4945 Istae
2002 4893 2142 4947 enin

2252 4887 2481 4958 Πνεῦμα
2512 4886 2687 4956 ἅγιον.
2724 4878 2896 4939 Δῦται
2929 4884 3037 4958 γάρ
3064 4887 3118 4939 αἱ
3148 4884 3411 4955 ἰδιότητες
3437 4884 3539 4937 οῦκ
3567 4880 3827 4949 ἀντιστρέ-

565 4973 939 5045 proprietates
996 4976 1428 5048 haudquaquam
1482 4991 1909 5038 convertuntur.
1965 4984 2142 5056 Neque

2254 4996 2469 5049 φονται.
2498 4980 2573 5032 Οὐ
2603 4979 2827 5032 δύναται
2858 4980 2966 5049 γὰρ
2999 4980 3028 5030 ό
3054 4977 3243 5048 Πατὴρ
3273 4976 3402 5040 Υἱὸς
3430 4972 3587 5039 εἶναι,
3619 4974 3651 5043 ἢ
3681 4974 3827 5035 ὀΐίδς

562 5068 717 5123 enim
751 5080 933 5140 potest
966 5071 1060 5141 qui
1097 5070 1261 5127 Pater
1294 5081 1379 5126 est
1412 5071 1587 5129 Filius
1630 5090 1752 5131 esse
1774 5118 1789 5143 ,
1845 5079 1929 5132 vel
1977 5079 2142 5137 Filius

2264 5073 2474 5147 Πατὴρ,
2510 5074 2543 5145 ἢ
2577 5072 2639 5125 τὸ
2672 5071 2896 5142 Πνεῦμα
2920 5072 2981 5124 τὸ
3019 5070 3174 5138 ἀγιον
3202 5066 3343 5123 εἶναι
3400 5069 3591 5140 Πατὴρ
3619 5068 3652 5137 ἦ
3700 5067 3824 5127 Υἱός

568 5157 759 5223 Pater,
786 5160 872 5216 vel
899 5160 1148 5232 Spiritus
1174 5171 1410 5219 sanctus
1435 5179 1565 5220 esse
1590 5165 1756 5223 Pater
1782 5168 1901 5225 sive
1928 5169 2105 5226 Filius
2135 5189 2142 5227 :

2261 5167 2377 5219 ἀλλ’
2414 5167 2489 5231 ὡς
2523 5162 2698 5231 εἷπον,
2737 5164 2925 5235 Πατὴρ
2948 5165 2975 5217 ὁ
3007 5164 3221 5234 Πατὴρ,
3249 5164 3342 5217 καὶ
3372 5163 3501 5227 Υἱὸς
3527 5162 3556 5214 ὁ
3580 5161 3726 5223 Υἱὸς,
3752 5157 3830 5211 καὶ

569 5252 664 5307 sed
689 5254 1158 5323 quemadmodum
1189 5256 1335 5320 dixi‘,
1362 5255 1530 5313 Pater
1563 5268 1651 5315 est
1678 5260 1860 5327 Pater,
1892 5272 1947 5318 et
1978 5263 2142 5319 Filius

2263 5263 2491 5333 Πνεῦμα
2509 5260 2664 5330 ἅγιον
2696 5259 2758 5313 τὸ
2781 5257 3006 5329 Πνεῦμα
3032 5258 3094 5310 τὸ
3121 5257 3297 5327 ἆγιον.
3332 5257 3445 5310 Οὐκ
3486 5252 3555 5328 ἦν
3587 5271 3717 5308 ποτε
3756 5255 3829 5307 ὅτε

569 5338 782 5407 Filius,
815 5353 870 5398 et
902 5343 1149 5414 Spiritus
1184 5354 1417 5402 sanctus
1453 5346 1706 5420 Spiritus
1743 5362 1996 5409 sanctus.
2029 5354 2142 5412 Non

2262 5358 2363 5410 οὐκ
2383 5352 2452 5426 ἦν
2476 5354 2690 5426 Πατὴρ,
2725 5353 2816 5407 καὶ
2833 5350 2932 5405 οὐκ
2955 5346 3024 5422 ἧν
3054 5367 3183 5403 ποτε
3218 5350 3307 5403 ὅτε
3333 5350 3433 5403 οὐκ
3460 5344 3528 5421 ἦν
3560 5348 3711 5411 Υἱὸς,
3754 5346 3832 5399 καὶ

568 5430 671 5486 fuit
715 5440 937 5503 tempus
966 5437 1197 5505 quando
1239 5454 1348 5493 non
1394 5448 1517 5495 erat
1562 5440 1748 5508 Pater,
1793 5460 1896 5501 nec
1936 5454 2142 5518 tempus

2264 5451 2363 5503 οὐκ
2401 5444 2471 5519 ἦν
2520 5464 2653 5500 ποτε
2686 5446 2775 5498 ὅτε
2812 5444 2913 5498 οὐκ
2956 5438 3026 5513 ἦν
3052 5442 3116 5496 τὸ
3160 5440 3388 5511 Πνεῦμα
3433 5442 3495 5495 τὺ
3525 5442 3702 5511 ἅγιον.
3751 5439 3833 5494 Διά

570 5521 676 5577 fuit
703 5524 930 5602 quando
962 5526 1141 5585 Filius
1173 5544 1285 5585 non
1330 5540 1457 5586 erat
1484 5571 1501 5597 ,
1535 5534 1679 5589 sicut
1711 5551 1890 5608 neque
1937 5546 2142 5610 tempus

647 5616 671 5657 ι
709 5618 790 5657 Im
851 5637 903 5657 ν.
970 5621 1003 5657 ο

2264 5539 2423 5596 τοῦτο
2476 5539 2861 5609 ἀκατάληπτος
2896 5536 3048 5607 καὶὴ
3086 5535 3342 5605 γέννησις
3370 5534 3462 5589 τοῦ
3494 5534 3829 5604 Μονογενοῦς.

708 5618 816 5675 lsa.
851 5637 939 5686 XL,
970 5621 1025 5676 9.

2063 5702 2296 5761 NOTAE.

638 5780 720 5926 £5)
753 5781 917 5838 Forte
948 5786 1247 5868 respicitur
1269 5788 1337 5871 ad
1391 5802 1715 5873 sequentem
1750 5812 1919 5865 quam
1948 5796 2154 5856 edituri
2182 5814 2378 5859 sumus
2400 5798 2732 5857 orationem.
2754 5796 2949 5854 Comb.
2977 5795 3118 5853 brevi
3168 5807 3415 5855 conserta
3471 5796 3829 5864 disputatione.

663 5853 717 5925 6)
753 5853 1257 5926 Copronymtanam
1288 5860 1546 5926 intelligit
1582 5862 1882 5924 Combelis.

663 5853 717 5925 6)
753 5853 1257 5926 Copronymianam
1287 5853 1546 5931 intelligit
1582 5853 1882 5924 Combélis.
