4026 6408
187 455 326 521 i353

1298 450 1703 513 ADVERSUS
1745 445 2333 510 ICONOCLASTAS.

3315 445 3451 511 135$

181 575 273 628 καὶ
305 574 340 643 ἡ
362 570 692 642 ὲκπόρευσις
724 568 817 625 τοῦ
847 570 1004 640 ἀγίου
1038 569 1372 641 Πνεύματος.
1435 567 1766 640 Προσκυνεῖς

1893 564 2008 628 ‘uit,
2042 562 2266 633 quando
2303 577 2411 618 non
2460 571 2582 619 erat
2638 560 2880 633 Spiritus
2930 568 3186 619 sanctus.
3240 560 3450 628 Quam-

180 665 272 719 τὸν
302 664 524 736 Πατέρα
541 681 556 729 ;
572 666 630 718 ὲν
648 663 798 734 αὐτῷ
821 665 1208 734 προσκυνεῖται
1230 664 1258 715 6
1278 661 1405 725 Tib;
1426 661 1592 716 καὶτὸ
1613 662 1769 728 ἆγιον

180 756 429 827 Πνεῦμα.
455 757 792 828 Προσκυνεῖς
830 756 923 809 τὸν
953 755 1119 823 Υἱόν;
1152 757 1211 809 ὲν
1243 754 1394 827 αὐτῷ
1446 756 1772 824 προσκυνεῖς

180 850 270 903 τὸν
298 849 523 921 Πατέρα
557 849 651 903 καὶ
690 848 754 902 τὸ
803 849 958 918 ᾶγιον
1014 847 1261 919 Πνεῦμα.
1329 848 1664 919 Προσκυνεῖς
1709 846 1773 901 τὸ

184 940 409 1011 Πνεῦμα
446 939 508 993 τὸ
537 939 720 1009 ἆγιον;
770 940 829 992 ὲν
863 936 1013 1010 αὐτῷ
1052 940 1381 1011 προσκυνεῖς
1414 938 1623 993 καὶτὸν
1656 939 1771 992 Πα-

180 1031 316 1103 τέρα
350 1032 449 1085 καὶ
476 1031 567 1085 τὸν
594 1030 745 1085 Υίόν.
775 1031 850 1085 Οὐ
878 1030 1261 1101 συγχεομένων
1287 1030 1401 1084 τῶν
1436 1029 1771 1102 προσώπων,

183 1121 321 1176 ἀλλά
379 1121 470 1176 διά
505 1122 568 1175 τὸ
590 1121 788 1176 ταύτὸν
829 1122 925 1176 καὶ
966 1122 1388 1193 ἀπαράλλακτον
1432 1124 1533 1194 τῆς
1586 1122 1773 1186 οὐσίας

182 1212 325 1268 οὕτω
345 1216 505 1277 νοεῖς.
541 1214 687 1278 Md;
715 1213 825 1285 γὰρ
850 1212 1022 1285 οὐσης
1050 1214 1148 1285 τῆς
1180 1212 1396 1285 φύσεως
1426 1214 1521 1268 καὶ
1549 1212 1652 1285 τῆς
1679 1214 1767 1268 οὐο

184 1305 307 1369 σίας
342 1306 440 1359 καὶ
472 1307 571 1377 τῆς
611 1305 885 1377 θεότητος,
922 1306 1019 1376 μία
1046 1307 1140 1360 καὶ
1169 1309 1202 1377 ἡ
1234 1305 1607 1377 προσκύνησίς
1657 1306 1774 1358 ἐστι

182 1398 285 1468 τῆς
313 1398 475 1467 ἁγίας
500 1402 596 1453 καὶ
625 1398 911 1470 όμοουσίου
925 1397 1172 1468 Τριάδος.
1218 1397 1357 1452 Ἀλλ’
1380 1397 1563 1469 ἐπειδὴ
1583 1397 1774 1469 Πατὴρ

184 1492 280 1543 καὶ
308 1490 439 1554 Υἱὸς
470 1490 565 1543 καὶ
598 1489 753 1559 ἀγιον
772 1488 1017 1561 Πνεῦμα,
1044 1490 1402 1561 ὀνομάζονται
1452 1491 1547 1543 καὶ
1572 1489 1681 1542 εἰσὶ
1707 1491 1772 1561 τῇ

188 1580 290 1649 μὲν
312 1579 468 1651 οὐσίᾳ
499 1581 643 1634 κατά
677 1579 856 1634 πάντα
895 1580 987 1634 ἴσα
1041 1583 1111 1634 τὰ
1156 1581 1315 1653 τρία·
1349 1580 1602 1634 ἀπέδωκε
1633 1579 1691 1634 δὲ
1737 1583 1771 1651 ἡ

184 1671 545 1735 θεόπνευστος
577 1672 615 1725 Γ
621 1673 767 1745 ραφὴ
800 1673 900 1745 τὴν
926 1674 1100 1746 ἀρχὴν
1139 1673 1216 1745 τῷ
1244 1674 1439 1744 [latr-pi,
1468 1672 1563 1726 καὶ
1593 1672 1775 1727 λοιπὸν

184 1765 253 1834 τῇ
281 1763 375 1817 τοῦ
401 1765 612 1836 Πατρὸς
640 1765 862 1838 εὐδοκία
886 1766 981 1821 καὶ
1013 1767 1041 1820 6
1064 1764 1192 1829 Υἱὸς
1227 1765 1297 1819 τά
1328 1766 1504 1821 πάντα
1526 1766 1773 1839 ἐποίησε,

185 1857 285 1910 καὶ
302 1858 365 1909 τὸ
392 1857 617 1929 Πνεῦμα
649 1858 709 1911 rb
740 1858 896 1928 ἅγιον
939 1860 1009 1913 τὰ
1036 1859 1215 1914 πάντα
1262 1860 1771 1933 ὲτελεσιούργησενο

1832 668 1835 671 ·
1870 655 2061 709 obrem
2090 653 2677 724 incomprehensibilis
2714 655 2884 709 etiam
2916 662 3003 709 est
3035 650 3319 726 Unigeniti
3355 668 3454 722 ge-

1873 747 2124 812 neratio,
2171 746 2418 816 itemque
2460 747 2757 815 processio
2789 747 2969 802 sancti
3000 743 3267 817 Spiritus.
3304 746 3455 802 Ado-

1872 855 1966 896 ras
1998 838 2269 898 Patrem?
2304 838 2360 893 in
2397 839 2521 909 ipso
2566 839 2833 894 adoratur
2874 838 3053 895 Filius
3102 846 3157 894 et
3210 837 3457 910 Spiritus

1872 943 2120 987 sanctus.
2152 932 2368 987 Adoras
2399 929 2648 986 Filium?
2684 931 2741 985 in
2776 933 2898 1002 ipso
2927 931 3126 986 adoras
3154 930 3371 984 Patrem
3399 938 3459 984 et

1875 1023 2148 1095 Spiritum
2186 1034 2467 1080 sanctum.
2502 1023 2721 1078 Adoras
2754 1022 3026 1093 Spiritum
3068 1022 3370 1078 sanctum?
3401 1022 3455 1076 iu

1874 1117 2001 1188 ipso
2044 1118 2249 1173 adoras
2297 1128 2354 1173 et
2409 1115 2627 1170 Patrem
2677 1122 2733 1170 et
2777 1114 3005 1169 Filium.
3053 1112 3171 1169 Non
3209 1115 3459 1170 confusis

1875 1211 2167 1282 personis,
2210 1208 2305 1265 sed
2349 1214 2581 1279 propter
2638 1206 2986 1261 identitatem
3041 1205 3462 1260 immutabilita-

1873 1312 2097 1374 temque
2129 1302 2392 1359 essentia:
2444 1302 2526 1358 sic
2573 1302 2812 1371 cogitas.
2862 1299 3002 1354 Cum
3052 1298 3200 1355 enim
3238 1312 3345 1351 una
3390 1298 3464 1353 sit

1874 1406 2077 1452 natura
2107 1407 2164 1452 et
2193 1396 2440 1451 essentia
2470 1403 2525 1450 et
2555 1394 2821 1449 divinitas
2842 1431 2858 1457 ,
2887 1406 2997 1446 una
3025 1398 3112 1447 est
3139 1391 3311 1446 etiam
3370 1391 3465 1444 ad-

1873 1489 2051 1545 oratio
2073 1498 2281 1546 sanctae
2297 1496 2352 1543 et
2368 1486 2859 1543 consubstantialis
2876 1484 3187 1540 Trinitatis.
3203 1482 3310 1540 Sed
3328 1497 3466 1554 quo-

1874 1580 2027 1635 niam
2060 1578 2243 1645 Pater,
2273 1576 2447 1633 Filius
2479 1591 2543 1631 ac
2575 1575 2823 1648 Spiritus
2851 1587 3078 1632 sanctus
3103 1614 3118 1639 ,
3152 1575 3454 1629 nominan-

1876 1682 1966 1726 tur
1988 1680 2044 1726 et
2066 1678 2198 1725 sunt
2219 1668 2459 1724 essentia
2488 1667 2712 1736 quidem
2737 1680 2837 1737 per
2868 1665 3053 1719 omnia
3078 1664 3321 1734 aequales
3351 1674 3465 1717 tres

1851 1765 1959 1818 'hte
1991 1777 2286 1833 personae;
2333 1759 2625 1831 Scriptura
2679 1773 2817 1814 vero
2867 1756 3142 1814 divinitus
3192 1757 3468 1828 inspirata

1871 1854 2216 1924 principium
2262 1852 2518 1907 attribuit
2547 1850 2697 1907 Patri
2722 1866 2844 1916 ,‘ac
2884 1851 3223 1921 caeteroquin
3259 1867 3328 1906 ex
3364 1848 3469 1903 Pa-

185 1946 339 2000 ῑστιν
396 1948 489 2003 οὐν
540 1922 682 2014 *Θεὸς
736 1922 1035 2022 όῠηατὴρ,
1096 1951 1230 2016 Θεὸς
1292 1955 1320 2006 6
1352 1951 1503 2020 Υἱὸς,
1712 1954 1774 2008 rb

1893 1948 1981 2003 .ris
2010 1945 2360 2016 beneplacito
2391 1945 2557 2001 etiam
2596 1944 2777 1999 Filius
2818 1944 3081 1999 universa
3134 1943 3316 1999 ell‘ecit
3342 1986 3358 2009 ,
3414 1953 3471 1998 et

187 2040 418 2111 Πνεῦμα
451 2042 515 2095 rb
550 2042 724 2112 ἅγιον.
770 2030 911 2096 Ἀλλ’
938 2043 1125 2116 ἐπειδὴ
1181 2044 1316 2109 Θεὸς
1371 2045 1466 2098 καὶ
1500 2045 1635 2111 Θεὸς
1679 2047 1777 2101 καὶ⁹

187 2129 344 2197 Θεὸς,
361 2133 423 2185 οὐ
448 2131 675 2187 δύνασαι
697 2134 894 2199 εἰπεῖν,
916 2137 1065 2207 τρεῖς
1085 2134 1229 2189 Θεοί.
1266 2135 1429 2191 Ἀλλά
1447 2137 1574 2209 τρία
1603 2139 1777 2211 πρόσο

188 2241 318 2278 ωπα
375 2225 809 2297 ἐνθυμούμενος,
865 2227 1096 2282 ἕκαστον
1150 2229 1442 2300 πρόσωπον
1478 2231 1778 2301 ὁμολογῶν,

190 2305 273 2375 εἷς
303 2313 435 2377 Θεὸς
482 2315 723 2383 λέγεται,
755 2316 844 2370 διὰ
872 2317 935 2371 τὸ
961 2316 1021 2371 ἓν
1056 2317 1151 2372 καὶ
1207 2319 1268 2373 rb
1311 2321 1509 2375 ταύτὸν
1539 2322 1639 2392 τῆς
1670 2323 1775 2392 φύ-

200 2415 341 2468 σεως
365 2405 463 2459 καὶ
491 2407 591 2476 τῆς
622 2407 876 2479 θεότητος
898 2410 995 2463 καὶ
1020 2411 1121 2479 τῆς
1144 2412 1333 2475 οὐσίας
1358 2414 1453 2467 καὶ
1476 2414 1575 2485 τῆς
1602 2421 1785 2470 συναῖ-

190 2496 457 2568 διότητος.
476 2501 567 2553 Διὸ
591 2501 686 2553 καὶ⁸
710 2502 906 2566 ἑνικῶς
928 2501 1226 2575 δοξάζομεν
1248 2508 1340 2560 καὶ
1367 2510 1783 2583 προσκυνοῦμεν

192 2590 298 2660 τὴν
324 2590 489 2660 ἁγίαν
515 2592 745 2663 Τριάδα.

266 2862 333 2911 ε’.
376 2858 685 2929 Ἐμάθομεν
706 2862 800 2914 καὶ
830 2859 1183 2933 πιστεύομεν,
1203 2863 1284 2917 ὅτι
1314 2865 1344 2918 6
1379 2864 1508 2930 Υἱὸς
1535 2865 1627 2919 τοῦ
1648 2865 1785 2920 Θεοῦ

198 2949 467 3022 ἐγεννήθη
518 2951 585 3004 ὲκ
608 2942 705 3004 τοῦ
743 2952 955 3024 [ἰατρὸς
1004 2956 1281 3026 ἀρρήτως,
1310 2956 1579 3027 ἀχρόνως,
1636 2959 1785 3013 ἀσω-

204 3043 415 3113 μάτους,
462 3042 570 3115 πρὸ
598 3043 818 3099 πάντων
871 3046 981 3100 τῶν
1010 3047 1242 3103 αἰώνων.
1281 3050 1455 3115 Αὐτὸς
1483 3047 1576 3106 οῦν
1604 3053 1633 3105 6
1660 3052 1789 3113 Υἱὸς

198 3134 297 3188 τοῦ
329 3134 490 3199 Θεοῦ,
517 3135 579 3190 τὸ
608 3136 725 3207 φῶς
754 3141 820 3192 ἐκ
845 3139 940 3193 τοῦ
972 3140 1169 3208 φωτὸς,
1207 3143 1235 3195 6
1267 3143 1519 3215 ἀληθινὸς
1545 3146 1678 3211 Θεὸς
1724 3150 1788 3202 ἐκ

1880 2034 2127 2109 Spiritus
2154 2047 2381 2093 sanctus
2411 2038 2675 2091 universa
2705 2036 2941 2107 perfecit
2968 2054 2981 2091 :
3009 2045 3093 2091 est
3118 2051 3472 2105 consequen-

1878 2136 1964 2186 ter
1995 2128 2139 2185 Deus
2168 2126 2360 2195 Pater,
2394 2126 2541 2183 Deus
2586 2126 2808 2194 Filius,
2857 2126 3000 2183 Deus
3052 2125 3296 2199 Spiritus
3336 2142 3470 2181 san-

1880 2230 2025 2280 ctus.
2055 2222 2127 2278 At
2156 2223 2290 2294 quia
2322 2223 2470 2279 Deus
2492 2261 2507 2288 ,
2540 2230 2597 2277 et
2634 2221 2785 2278 Deus
2808 2263 2822 2286 ,
2861 2231 2917 2276 et
2948 2221 3136 2277 Deus:
3171 2238 3278 2277 non
3311 2231 3469 2293 potes
3514 2291 3521 2295 ν

1880 2326 2068 2372 tamen
2101 2317 2327 2382 dicere,
2384 2323 2500 2372 tres
2535 2316 2637 2371 dii.
2670 2314 2877 2370 Verum
2910 2322 3024 2370 tres
3061 2330 3324 2385 personas
3353 2316 3473 2368 ani-

1884 2421 1975 2460 mo
2006 2406 2277 2477 rogitans,
2310 2407 2618 2476 quamlibet
2650 2421 2948 2476 personam
2979 2404 3274 2468 conﬁtens.
3326 2421 3472 2461 unus

1885 2497 2032 2553 Deus
2066 2498 2305 2565 dicitur;
2340 2508 2567 2570 propter
2604 2499 2877 2553 unitatem
2909 2506 2964 2552 et
2992 2498 3339 2554 identitatem
3372 2513 3477 2553 na-
3508 2521 3522 2541 ι

1886 2597 2027 2645 tura:
2070 2598 2125 2645 et
2168 2590 2484 2646 divinitatis
2537 2599 2593 2645 et
2637 2591 2894 2646 essentia:
2950 2599 3006 2646 et
3052 2590 3473 2646 comternitatis.

1886 2681 2255 2747 Quamobrem
2293 2689 2347 2738 et
2394 2682 2663 2754 singulari
2703 2697 2940 2737 numero
2971 2680 3346 2753 gloriﬁcamus
3381 2698 3475 2738 ve-

1888 2787 2266 2842 tteramurque
2298 2782 2550 2829 sanctam
2589 2772 2943 2829 Trinitatem.

1962 2863 2015 2919 5.
2060 2864 2374 2921 Didicimus
2408 2872 2462 2920 et
2497 2865 2817 2930 credimus,
2849 2865 2998 2936 quod
3045 2863 3223 2922 Filius
3255 2864 3347 2922 Dei
3378 2881 3475 2938 ge-

1890 2955 2043 3011 nitus
2072 2963 2159 3011 est
2203 2972 2269 3012 ex
2314 2956 2478 3011 Patre
2519 2955 2900 3021 ineﬂabiliter,
2930 2956 3075 3013 sine
3126 2967 3374 3028 tempore
3420 2966 3479 3013 et

1891 3064 2125 3121 corpore
2150 3090 2164 3115 ,
2198 3058 2327 3105 ante
2361 3050 2550 3104 omnia
2582 3051 2809 3105 sarcula.
2853 3047 3089 3120 lpsemet
3132 3049 3311 3107 Filius
3344 3051 3437 3106 Dei
3458 3092 3475 3115 .

1892 3142 1989 3212 qui
2021 3151 2105 3197 est
2131 3141 2316 3197 lumen
2346 3141 2417 3197 de
2446 3141 2651 3196 lumine
2675 3180 2692 3208 ,
2729 3142 2874 3197 Deus
2909 3156 3078 3198 verus
3110 3141 3180 3197 de
3206 3142 3321 3198 Deo
3348 3157 3479 3198 vero

200 3225 299 3281 τοῦ
330 3227 586 3297 ἀληθινοῦ
606 3228 743 3283 Θεοῦ
787 3231 883 3284 καὶ
911 3233 1145 3303 Πατρὸς,
1181 3236 1246 3306 τῇ
1294 3236 1513 3309 εὐδοκία
1538 3238 1631 3292 τοῦ
1673 3241 1785 3294 Πα-

1893 3243 1948 3290 et
1978 3233 2142 3289 Patre
2166 3275 2181 3300 ,
2212 3250 2282 3290 ex
2318 3232 2500 3289 Patris
2538 3234 2884 3304 beneplacito
2919 3233 3101 3289 factus
3132 3242 3221 3290 est
3252 3250 3386 3290 caro
3418 3238 3478 3291 in

202 3319 333 3391 τρὸς
357 3319 649 3391 ἐσαρκὼοη
681 3323 742 3376 ἐν
784 3324 854 3394 τῇ
894 3324 1154 3395 πανάγνῳ
1197 3328 1291 3404 καὶ
1331 3328 1437 3380 ὐπὸ
1471 3328 1789 3402 Πνεύματος

204 3408 365 3477 ἁγίου
399 3410 848 3485 καθαγιαζομένῃ
900 3415 1165 3487 Παρθένῳ
1209 3420 1274 3489 τῇ
1310 3418 1441 3490 ἀγίᾳ
1470 3421 1683 3494 Μαρίᾳ,
1721 3424 1787 3495 τῇ

205 3501 416 3572 κυρίως
449 3503 542 3555 καὶ
572 3505 696 3557 κατ’
730 3504 990 3576 ἀλήθειαν
1030 3507 1298 3580 Θεοτόκῳ.
1358 3512 1470 3565 Καὶ
1495 3510 1684 3585 ὥσπερ
1728 3515 1794 3567 ἐκ

204 3590 303 3644 τοῦ
341 3592 554 3663 [ἰατρὸς
592 3594 870 3664 ἠγένεσις
897 3597 1061 3649 αὐτοῦ
1110 3597 1205 3651 τοῦ
1244 3600 1377 3653 Υἱοῦ
1409 3602 1794 3675 ἀκατάληπτός

204 3683 291 3747 τίς
320 3684 435 3737 ἐστι
463 3684 560 3737 καὶ
597 3686 1024 3759 ἀνερμήνευτος,
1073 3691 1168 3744 καὶ
1193 3692 1282 3747 διά
1308 3692 1465 3748 τοῦτο
1493 3696 1674 3750 πίστει
1701 3698 1796 3750 καὶ

209 3778 388 3845 σιωπῇ
412 3777 824 3847 προσκυνοῦμεν
865 3780 959 3835 καὶ
983 3778 1278 3852 δοξάζομεν
1303 3798 1316 3812 ·
1345 3782 1486 3838 οὕτω
1511 3784 1605 3839 τοῦ
1632 3787 1795 3841 αὐτοῦ

209 3866 345 3921 Υῑοῦ
364 3867 456 3921 τοῦ
477 3868 612 3922 Θεοῦ
648 3870 741 3923 καὶ
766 3872 799 3941 ὴ
835 3871 903 3925 ἐκ
925 3874 1025 3943 τῆς
1054 3874 1259 3944 μητρὸς
1288 3878 1383 3931 καὶ
1406 3878 1683 3950 Παρθένου
1713 3879 1799 3934 έν-

209 3975 417 4032 σαρκος
440 3962 717 4031 γέννησις,
768 3964 1048 4035 ἀφραστός
1074 3968 1189 4020 ἐστι
1235 3969 1330 4022 καὶ
1382 3970 1794 4043 ἀνεκδιήγητος.

208 4054 322 4106 Καὶ
357 4054 497 4125 μάθε
527 4056 664 4119 πῶς.

284 4153 360 4211 ς’.
405 4148 463 4202 '0
492 4145 586 4204 οὖν
618 4150 913 4222 μονογενὴς
931 4151 1060 4217 Υἱὸς
1096 4152 1189 4206 τοῦ
1218 4151 1378 4218 Θεοῦ,
1405 4156 1433 4210 6
1454 4157 1561 4229 πρὸ
1579 4158 1799 4215 πάντων

208 4238 320 4291 τῶν
341 4241 554 4295 αἰώνων
584 4245 648 4296 ἐκ
676 4243 771 4296 τοῦ
800 4244 1017 4316 Πατρδς
1045 4246 1348 4317 γεννηθεὶς,
1386 4248 1799 4323 ἀπερίγραπτός

209 4334 349 4397 ἐστι,
381 4335 476 4388 καὶ
514 4334 625 4389 ἄνω
654 4337 771 4389 ἐστὶ
796 4338 890 4391 καὶ
921 4338 1090 4405 κάτω,
1126 4339 1221 4393 καὶ
1250 4343 1315 4394 τά
1366 4342 1539 4396 πάντα
1570 4347 1626 4398 ὲν
1659 4348 1802 4417 χειρὶ

213 4421 350 4493 εχει,
376 4425 473 4479 καὶ
492 4426 561 4479 τὰ
585 4426 766 4481 πάντα
796 4428 853 4480 ὲν
873 4426 1023 4497 αὐτῷ
1043 4430 1359 4499 συνέστηκε,
1396 4434 1493 4487 καὶ
1527 4435 1594 4488 τὰ
1626 4438 1804 4490 πάντα

208 4517 451 4588 πληροῖ,
511 4520 607 4573 καὶ
657 4520 799 4591 ὑπὲρ
840 4521 912 4574 τὰ
964 4525 1141 4577 πάντα
1176 4525 1657 4596 ὐπερεκτείνεται,
1707 4531 1804 4583 καὶ

1891 3327 2189 3398 purissima
2212 3334 2267 3382 et
2288 3341 2389 3397 per
2417 3322 2683 3396 Spiritum
2707 3336 2967 3381 sanctum
2992 3327 3338 3383 sanctiﬁcata
3358 3328 3481 3383 Vir-

1892 3420 2019 3489 gine
2050 3427 2243 3472 sancta
2275 3416 2448 3471 Maria
2470 3458 2486 3483 ,
2522 3432 2645 3487 quae
2674 3425 2761 3473 est
2808 3418 3033 3488 proprie
3075 3420 3481 3490 verissimeque

1892 3508 2155 3580 Deipara.
2187 3509 2267 3563 Ac
2299 3509 2764 3578 quemadmodum
2798 3524 2921 3579 qua:
2951 3521 3037 3565 est
3081 3526 3149 3565 ex
3182 3513 3346 3567 Patre
3392 3526 3482 3582 ge-

1895 3604 2109 3659 neratio
2140 3602 2317 3672 ipsius
2346 3602 2472 3657 Filii
2508 3604 3093 3674 incomprehensibilis
3123 3614 3210 3661 est
3239 3613 3294 3661 et
3324 3605 3483 3661 inex-

1895 3695 2205 3767 plicabilis,
2242 3706 2651 3765 proptereaque
2685 3694 2836 3750 illam
2874 3696 2980 3751 [ide
3013 3711 3078 3752 ac
3110 3697 3334 3752 silentio
3387 3699 3483 3752 ad-

1896 3803 2122 3845 oramus
2150 3797 2206 3843 et
2238 3788 2611 3859 gloriﬁcamus
2640 3805 2657 3844 :
2691 3790 2772 3843 sic
2797 3789 3043 3859 ejusdem
3072 3788 3198 3844 Filii
3244 3790 3339 3846 Dei
3390 3793 3479 3845 illa

1897 3882 2065 3936 etiam
2093 3895 2215 3951 qua:
2249 3895 2316 3935 ex
2352 3889 2531 3936 matre
2563 3887 2652 3936 est
2681 3889 2737 3936 et
2774 3878 3000 3952 Virgine
3031 3882 3087 3936 in
3121 3896 3287 3938 carne
3314 3899 3481 3954 gene-

1900 3972 2077 4038 ratio,
2107 3971 2404 4027 ineliabilis
2435 3979 2522 4028 est
2548 3983 2604 4027 et
2637 3971 3077 4043 inexplicabilis.
3110 3971 3187 4028 Ac
3218 3987 3330 4043 quo
3365 3987 3484 4027 mo-

1899 4065 1994 4128 do,
2026 4064 2203 4119 disce.

1971 4156 2025 4210 ϐ.
2066 4154 2399 4227 Unigenitus
2430 4155 2599 4227 igitur
2630 4154 2807 4210 Filius
2840 4153 2972 4219 Dei,
3005 4154 3103 4225 qui
3138 4163 3265 4210 ante
3296 4157 3483 4211 omnia

1903 4248 2108 4304 saecula
2136 4264 2203 4302 ex
2237 4247 2401 4303 Patre
2435 4259 2598 4301 natus
2629 4255 2748 4311 est,
2793 4246 3317 4317 incircumscriptus
3364 4258 3481 4315 est,

1904 4324 2185 4408 supraque
2233 4345 2321 4392 est
2369 4345 2425 4392 et
2476 4336 2659 4403 intra,
2699 4337 3071 4407 universaque
3103 4337 3161 4392 in
3195 4353 3295 4393 sua
3330 4350 3487 4410 pote-

1905 4439 2050 4484 state
2082 4429 2286 4492 habet,
2321 4438 2377 4483 et
2409 4410 2611 4483 cuncta
2644 4428 2701 4482 in
2732 4428 2856 4497 ipso
2885 4437 3182 4497 constant,
3216 4440 3268 4487 et
3300 4446 3486 4487 omnia

1905 4523 2080 4591 replet
2101 4562 2115 4584 ,
2146 4529 2203 4575 et
2240 4522 2385 4574 ultra
2416 4521 2629 4590 quaevis
2660 4521 3174 4591 superextenditur,
3208 4538 3489 4596 supraque

216 4609 476 4681 ὑπεράνω
520 4611 740 4665 πάντων
789 4613 1035 4685 οὐρανῶν
1065 4615 1200 4680 ἐστι,
1236 4617 1329 4669 καὶ
1375 4617 1475 4681 τὰς
1530 4619 1789 4687 ἀϐύσσους

1907 4628 2102 4669 omnes
2163 4614 2343 4668 celos
2373 4621 2495 4675 est,
2542 4621 2598 4668 et
2644 4613 2881 4683 abyssos
2948 4613 3223 4670 intuetur.
3271 4614 3341 4669 Et
3386 4633 3491 4671 non

215 4700 447 4774 καθορᾷ.
479 4702 590 4757 Καὶ
622 4705 734 4758 οὐκ
761 4705 893 4759 ἐστι
922 4706 1117 4773 κτίσις
1137 4708 1380 4777 ἀφανὴς
1408 4710 1665 4766 ἐνώπιον
1695 4716 1801 4768 αὐ-

216 4794 347 4848 τοῦ.
390 4796 478 4848 Ἐν
503 4796 759 4864 ἀγγέλοις
783 4797 951 4860 ἐστὶν,
975 4798 1094 4861 ὅλος
1114 4799 1227 4853 ἀνω
1256 4803 1428 4868 ἐστὶν,
1455 4803 1575 4867 ὅλος
1597 4822 1803 4858 παντα-

219 4886 321 4956 χοῦ
374 4888 543 4942 ἐστιν.
579 4888 754 4952 Αὐτὸς
798 4885 893 4943 οῦν
936 4891 965 4943 ό
1006 4891 1133 4954 Υἱὸς
1163 4893 1257 4946 τοῦ
1294 4894 1431 4949 Θεοῦ
1486 4898 1514 4950 6
1563 4898 1804 4963 τοιοῦτος

216 4978 558 5043 τηλικοῦτος,
583 4983 612 5034 6
636 4982 903 5053 ἀπήλικος
936 4984 1031 5037 καὶ
1055 4984 1351 5056 ἀμεγέθης,
1405 4989 1594 5061 ἐπειδὴ
1625 4992 1806 5047 πάντα

214 5068 463 5136 δύναται,
491 5072 718 5144 ἐδυνήθη
760 5074 856 5128 καὶ
878 5075 1167 5146 ἄνθρωπος
1198 5078 1470 5145 γενέσθαι.
1522 5082 1632 5135 Καὶ
1683 5087 1803 5137 κατ’

216 5162 482 5233 ἀλήθειαν
511 5164 837 5235 σαρκωθεὶς,
868 5166 963 5219 καὶ
996 5168 1423 5240 ἑνανθρωπήσας
1458 5172 1522 5225 ἐκ
1552 5173 1806 5245 Πνεύμα-

219 5264 314 5311 τος
337 5249 496 5317 ἀγίου
525 5251 619 5303 καὶ
649 5251 868 5321 Μαρίας
896 5253 995 5323 τῆς
1029 5253 1303 5324 Παρθένου
1323 5255 1436 5308 ἀνω
1467 5258 1567 5311 οὐκ
1605 5258 1807 5329 ἓλειψε,

223 5344 321 5397 καὶ
350 5342 503 5397 κάτω
532 5343 839 5415 σαρκωθεὶς
870 5345 899 5396 6
939 5344 1103 5409 αὐτὸς
1128 5346 1267 5410 ὅλος.
1301 5348 1511 5402 Οὐκοῦν
1541 5350 1624 5414 τίς
1649 5351 1808 5406 δύνα-

223 5452 315 5489 ται
348 5434 555 5504 φράσαι
584 5435 618 5507 ἢ
646 5436 782 5501 ὅλως
803 5436 1168 5507 διηγήσασθαι
1209 5440 1271 5493 τὸ
1299 5442 1629 5512 μυστήριον;
1658 5442 1807 5515 Πλὴν

224 5528 310 5581 ὅτι
330 5528 466 5599 πρὸς
490 5528 589 5599 τὴν
617 5528 894 5583 εὐτέλειαν
911 5531 1009 5601 τῆς
1040 5531 1386 5603 ἀνθρωπίνης
1416 5535 1651 5602 φύσεως,
1679 5536 1810 5591 ἔδω-

226 5636 327 5674 κεν
350 5621 383 5689 ἡ
421 5620 543 5673 θεία
583 5621 772 5693 Γραφὴ
793 5621 948 5690 όλίγα
978 5622 1102 5676 τινὰ
1137 5625 1378 5695 ῥήματα,
1424 5625 1497 5679 δι’
1521 5620 1597 5680 ὧν
1628 5628 1657 5679 6
1685 5627 1812 5692 νοῦς

224 5712 287 5768 ιν
338 5712 639 5767 ἀπολαύσει
670 5714 963 5784 δυνήσεται
1018 5715 1311 5784 γενέσθαι,
1368 5720 1463 5773 καὶ
1494 5719 1826 5791 ἀφθέγκτως

308 5899 335 5937 ε
367 5894 531 5953 llcbr.
568 5912 641 5959 iv,
680 5896 767 5949 l5.

557 6008 833 6071 PATROL.
878 6007 995 6069 Gn.
1040 6006 1240 6067 XCVI.

1906 4715 1984 4760 est
2017 4706 2129 4760 ulla
2157 4718 2404 4760 creatura
2453 4705 2736 4760 invisibilis
2774 4706 2830 4760 in
2870 4715 3151 4777 conspectu
3182 4707 3298 4778 ejus
3332 4710 3379 4764 ⁸.
3429 4709 3493 4764 1η

1910 4797 2124 4867 angelis
2156 4805 2282 4863 est,
2326 4805 2479 4851 totus
2526 4811 2695 4867 supra
2745 4804 2868 4863 est,
2925 4806 3077 4853 totus
3132 4798 3340 4869 ubique
3385 4808 3490 4856 est.

1910 4888 2032 4961 ipse
2063 4890 2232 4960 igitur
2284 4888 2463 4945 Filius
2493 4889 2591 4945 Dei
2626 4889 2750 4945 talis
2791 4897 3128 4962 tantusque,
3182 4891 3342 4961 cujus
3391 4906 3495 4945 nec

1909 4996 2085 5037 aevum
2118 4997 2218 5038 nec
2251 4982 2689 5053 magnitudinem
2744 4983 3032 5053 assignare
3086 4982 3261 5049 licet;
3314 4997 3496 5053 quan-

1911 5072 2210 5145 doquidem
2238 5073 2427 5128 omnia
2467 5080 2689 5144 potest,
2723 5072 2904 5144 potuit
2937 5072 3103 5129 etiam
3147 5073 3317 5128 homo
3351 5073 3495 5128 fieri.

1912 5167 2091 5236 Atque
2120 5166 2176 5218 in
2215 5165 2444 5218 veritate
2496 5166 2823 5249 incarnatus
2873 5171 2930 5218 et
2986 5166 3151 5219 homo
3196 5163 3380 5221 factus
3427 5181 3499 5221 ex

1916 5257 2129 5329 Spiritu
2163 5264 2360 5311 sancto
2386 5266 2440 5311 et
2468 5255 2642 5311 Maria
2668 5255 2897 5326 Virgine
2919 5296 2934 5320 ,
2961 5258 3251 5328 superiora
3285 5273 3502 5330 nequa-

1916 5366 2085 5420 quam
2133 5349 2425 5414 deseruit,
2471 5358 2526 5403 et
2575 5350 2629 5403 in
2696 5347 3068 5405 inferioribus
3113 5363 3246 5405 caro
3319 5350 3503 5407 factus

1915 5442 2181 5497 idemmet
2211 5448 2365 5495 totus
2393 5453 2499 5495 est.
2533 5440 2672 5508 Quis
2702 5456 2837 5511 ergo
2865 5441 3045 5511 possit
3073 5440 3261 5498 dicere
3288 5452 3345 5497 et
3380 5459 3505 5499 om-

1922 5535 2059 5590 nino
2105 5548 2375 5588 enarrare
2412 5534 2784 5605 mysterium?
2826 5533 2945 5590 Nisi
2988 5535 3135 5604 quod
3176 5551 3276 5608 pro
3318 5537 3507 5591 tenui-

1919 5637 2033 5684 tate
2065 5628 2324 5681 humanae
2356 5634 2573 5681 natura:
2599 5627 2974 5698 suppeditavit
3002 5628 3188 5684 divina
3216 5628 3507 5699 Scriptura

1918 5737 2095 5795 pauca
2132 5719 2384 5792 quaedam
2420 5720 2585 5776 verba
2613 5760 2627 5787 ,
2663 5734 2759 5792 per
2796 5736 2919 5792 quae
2950 5735 3112 5778 mens
3147 5720 3203 5775 in
3233 5718 3507 5776 fruitione

3107 6007 3184 6071 43
