4026 6406
586 414 723 480 1355

2087 405 2464 469 ADDENDA.

3731 413 3842 481 1356

581 529 794 588 versari
818 528 1046 601 poterit,
1068 542 1134 582 ac
1164 527 1300 597 quin
1330 534 1511 582 tamen
1535 525 1860 598 mysterium
1884 524 2168 580 cdisseren

2291 523 2637 593 ἐκπλαγῆναι
2726 527 2821 579 καὶ
2913 528 3245 597 προσκυνεῖν
3312 527 3375 580 τὸ
3459 526 3601 581 θεῖον
3673 537 3842 602 pum-

581 631 782 694 queat,
820 621 1059 677 revereri
1092 620 1229 674 illud
1262 628 1315 673 et
1351 619 1609 674 adorare.

653 720 706 772 7.
754 715 930 769 Filius
957 728 1089 783 ergo
1125 713 1215 767 Dei
1249 712 1345 782 qui
1382 711 1639 781 nuspiam
1671 707 1795 780 capi
1830 715 2050 778 potest.
2087 707 2160 760 in~

579 824 805 880 gressus
840 818 927 863 est
969 816 1224 861 sanetam
1274 804 1596 876 Virginem,
1648 803 2067 873 assumpsitque
2110 817 2175 855 ex

578 908 781 956 natura
833 899 1024 954 carnis
1070 897 1263 962 illius,
1313 897 1604 965 uuivitque
1658 895 1897 967 propriaz
1947 893 2179 949 deitatis

578 992 868 1063 bypostasi
902 1005 1130 1045 carnem
1178 997 1386 1044 nostra:
1426 986 2008 1051 consubstantialem,
2055 985 2179 1039 ani-

580 1102 666 1140 tua
698 1095 754 1140 et
785 1084 1003 1138 ratione
1048 1083 1335 1153 praeditam
1364 1123 1378 1144 .
1427 1096 1536 1152 qua
1591 1081 1708 1151 ipse
1755 1079 1910 1134 solus
1964 1077 2181 1133 ratione

579 1176 756 1229 novit.
784 1173 1053 1228 Praefatus
1081 1172 1228 1228 enim
1261 1187 1420 1236 sum,
1445 1170 1592 1240 quod
1630 1184 1810 1238 neque
1842 1183 2000 1224 mens
2027 1181 2181 1222 com~

581 1268 934 1338 prehendere
982 1267 1163 1331 valet,
1202 1280 1381 1335 neque
1414 1263 1594 1318 oratio
1643 1276 1924 1331 exponere
1955 1268 2178 1331 potest,

578 1377 759 1433 neque
785 1361 950 1417 debet
979 1361 1146 1414 homo
1176 1374 1273 1429 per
1301 1358 1585 1412 naturales
1619 1354 1813 1411 modos
1843 1354 2183 1425 investigare

577 1453 723 1522 quod
775 1451 1106 1519 investigari
1152 1449 1481 1520 inquirique
1514 1447 1862 1518 impossibile
1894 1453 2004 1501 est.
2038 1444 2179 1500 Cum

580 1548 756 1617 igitur
793 1546 1067 1600 univisset
1103 1543 1211 1599 sibi
1269 1548 1555 1610 acceptam
1609 1556 1673 1594 ex
1730 1541 1826 1594 illa
1880 1549 2181 1605 naturam,

575 1641 753 1695 erevit
783 1640 877 1710 qui
914 1652 1169 1693 crescere
1204 1644 1405 1690 nactus
1446 1651 1554 1689 non
1609 1643 1695 1689 est
1748 1633 1843 1688 Dei
1892 1632 2074 1688 Filius
2122 1633 2179 1687 in

576 1733 805 1805 propria
840 1744 1009 1786 carne
1045 1728 1288 1782 animata
1327 1728 1508 1780 anima
1544 1726 1807 1780 rationali
1855 1732 1910 1781 et
1957 1724 2179 1779 intelle-

576 1826 739 1878 tuali.
773 1822 885 1878 Nec
919 1832 1102 1876 tamen
1136 1821 1402 1875 amittens
1436 1819 1584 1889 quod
1639 1827 1762 1873 erat
1811 1816 1909 1873 Dei
1963 1816 2178 1885 Filius,

2280 634 2418 687 ριον.

2352 706 2419 772 ζ’.
2463 708 2522 762 '0
2552 704 2645 763 οὖν
2676 709 2805 776 Υίδς
2826 710 2921 765 τοῦ
2954 710 3092 767 Θεοῦ
3138 713 3168 765 6
3197 713 3488 785 ἀχώρητος
3512 715 3748 786 εἰσῆλθεν
3781 723 3845 785 εἰς

2282 799 2382 871 τὴν
2403 800 2564 869 ἁγίαν
2586 802 2880 874 Παρθένον,
2902 805 2999 858 καὶ
3016 806 3317 865 ἐπελάϐετο
3353 810 3417 861 ὲκ
3438 808 3542 877 τῆς
3558 809 3753 877 φύσεως
3766 815 3846 884 τῆς

2284 892 2489 963 σαρκὸς
2518 893 2709 965 αὐτῆς,
2744 897 2837 949 καὶ
2864 897 3044 968 ἧνωσε
3071 902 3139 971 τῇ
3196 900 3306 971 ἰδίᾳ
3332 900 3435 971 τῆς
3462 901 3709 972 θεότητος
3732 906 3844 967 ὑπο-

2283 987 2476 1039 στάσει
2503 986 2684 1059 σάρκα
2713 987 2810 1060 τὴν
2831 991 2967 1061 ἡμῖν
2990 992 3297 1063 ὁμοούσιον,
3322 992 3572 1064 ἔμψυχόν
3600 1012 3657 1048 τε
3676 999 3757 1051 καὶ
3778 1000 3847 1052 ἐν·

2280 1092 2428 1142 νουν,
2468 1076 2546 1141 ὡς
2573 1076 2737 1142 αὐτὸς
2768 1078 2932 1150 μόνος
2951 1076 3083 1135 οἶδε.
3138 1083 3411 1153 Προείπον
3461 1084 3573 1156 γὰρ
3628 1086 3705 1138 ὅτι
3748 1089 3846 1142 οὔτε

2281 1167 2408 1231 νοῦς
2440 1168 2847 1224 καταλαϐέσθαι
2894 1171 3094 1243 ἰσχύει,
3134 1172 3263 1227 οὕτε
3316 1173 3478 1243 λόγος
3537 1178 3846 1247 παραστῆσαι

2279 1259 2533 1326 δύναται,
2566 1260 2689 1316 οὒτε
2711 1262 2917 1333 ὀφείλει
2960 1264 3249 1337 ἄνθρωπος
3278 1266 3625 1337 φυσιολογεῖν
3650 1269 3705 1322 τὸ
3724 1270 3842 1336 ἀνεξ·

2287 1352 2567 1424 ιχνίαστον
2627 1354 2721 1409 καὶ
2751 1356 3173 1429 ἀνεξερεύνητον
3208 1361 3467 1431 πρᾶγμα.
3528 1360 3750 1426 Ἐνώσας
3771 1364 3845 1417 οὖν

2280 1443 2460 1516 ἐαυτῷ
2487 1446 2586 1519 τὴν
2617 1448 2678 1515 ἐξ
2708 1448 2885 1519 αὐτῆς
2932 1449 3237 1522 ληφθεῖσαν
3266 1452 3452 1522 φύσιν,
3482 1452 3638 1525 ηὖξει
3660 1456 3686 1508 6
3714 1456 3845 1511 ἀναυ-

2282 1537 2380 1607 ξὴς
2410 1538 2538 1602 Υἱὸς
2563 1539 2660 1593 τοῦ
2683 1539 2817 1594 Θεοῦ
2855 1544 2919 1612 τῇ
2960 1542 3070 1615 ίδίᾳ
3097 1545 3284 1615 σαρκὶ,
3316 1546 3689 1620 ὲμψυχωμένῃ
3723 1549 3842 1620 ψυχῇ

2281 1630 2470 1701 λογικῇ
2493 1648 2555 1685 τε
2589 1633 2684 1686 καὶ
2705 1636 2886 1705 νοερᾷ.
2914 1635 3024 1689 Καὶ
3049 1636 3124 1708 μὴ
3154 1637 3388 1708 τραπεὶς
3406 1638 3437 1691 6
3470 1639 3596 1703 Υἱὸς
3626 1639 3713 1694 τοῦ
3734 1641 3844 1696 Θεοὲ

2282 1723 2419 1793 ὅπερ
2450 1716 2540 1794 ἧν,
2573 1724 2789 1792 ἐγένετο
2823 1725 3023 1797 βρέφος
3050 1729 3107 1780 ἐν
3147 1731 3215 1799 τῇ
3263 1728 3444 1800 κοιλίᾳ
3493 1731 3595 1803 τῆς
3650 1734 3841 1804 μητρός.

2283 1813 2396 1867 Καὶ
2436 1815 2773 1888 ἀπετελέσθη
2816 1818 3011 1882 ἓνωσις
3069 1819 3376 1891 ἀδιαίρετος
3431 1823 3528 1876 καὶ
3579 1822 3845 1894 ἁσύγχυτος

576 1917 755 1972 factus
782 1922 868 1970 est
903 1911 1089 1967 infans
1124 1913 1176 1965 in
1215 1922 1374 1966 utero
1406 1910 1627 1966 matris.
1657 1910 2061 1980 Completaque
2095 1909 2168 1963 esl

2284 1896 2535 1975 θεότητος
2554 1923 2614 1959 τε
2634 1907 2728 1960 καὶ
2747 1906 3169 1979 ἁνθρωπότητος
3188 1926 3201 1939 ·
3239 1911 3336 1964 καὶ
3371 1911 3480 1965 ίδοὺ
3518 1914 3549 1966 6
3590 1912 3843 1984 ἀσώματος

573 2008 751 2063 ttnitio
789 2006 1066 2061 indivulsa
1100 2013 1154 2060 et
1195 2004 1493 2060 inconfusa
1539 2003 1856 2059 divinitatis
1902 2001 2069 2058 simul
2115 2007 2171 2055 et

572 2100 980 2165 humanitatis,
1017 2107 1242 2168 propter
1271 2112 1437 2166 quam
1487 2111 1617 2153 ecce
1660 2094 1758 2167 qui
1803 2094 2169 2166 incorporeus

569 2203 657 2249 est
689 2202 743 2247 et
776 2190 1158 2259 intangibilis,
1194 2203 1506 2261 corporeus
1542 2187 1724 2244 factus
1771 2193 1857 2242 est
1903 2184 2170 2257 tangiqtte

571 2294 795 2357 petest:
831 2292 884 2339 et
915 2283 1011 2354 qui
1043 2291 1174 2338 ante
1202 2282 1391 2338 omnia
1423 2282 1629 2338 saecula
1675 2295 1741 2335 ex
1791 2279 1955 2334 Patre
2004 2289 2167 2335 natus

569 2384 693 2441 est,
725 2389 856 2430 ecce
888 2374 1147 2429 idemtttet
1190 2372 1358 2429 etiam
1409 2388 1476 2427 ex
1528 2380 1723 2427 saneta
1757 2369 1990 2439 Virgine
2034 2382 2168 2423 raro

572 2469 759 2524 factus
792 2468 1089 2523 nascitur:
1122 2466 1333 2538 quique
1364 2481 1393 2519 a
1425 2474 1660 2535 paterno
1708 2462 1832 2518 sinu
1879 2476 2165 2531 nunquam

568 2562 845 2629 recessit,
892 2560 1270 2630 universaque
1311 2558 1631 2613 divinitatis
1678 2556 1885 2611 virtute
1924 2553 2168 2624 complc-

569 2653 760 2716 ctitur,
788 2664 843 2706 et
871 2650 1058 2706 omnia
1084 2648 1447 2718 omnipotenti
1484 2646 1531 2699 vi
1566 2644 1838 2707 continet,
1870 2642 2013 2697 idem
2049 2641 2167 2711 ipse

570 2745 749 2798 factus
783 2744 949 2796 botno
998 2756 1065 2795 ex
1108 2746 1303 2795 sancta
1340 2737 1563 2806 Virgine
1613 2751 1681 2790 ex
1726 2748 1906 2804 eaque
1956 2738 2162 2793 natus,

564 2834 715 2905 jacet
749 2833 803 2886 in
827 2831 1101 2902 prazsepio
1125 2845 1284 2901 puer,
1306 2827 1491 2883 fasciis
1514 2826 2023 2889 involutus,sancta
2040 2822 2166 2876 Vir-

570 2929 718 2997 gine,
742 2925 953 2996 virgine
975 2921 1392 2978 manenteJlaac
1412 2922 1556 2976 enim
1574 2920 1761 2975 divina
1787 2925 1934 2976 sunt.
1959 2916 2164 2984 Quem-

569 3019 865 3075 admodum
904 3032 1143 3088 namque
1180 3016 1362 3070 uuitio
1395 3014 1587 3070 carnis
1617 3022 1673 3069 et
1708 3012 2023 3068 divinitatis
2059 3011 2164 3065 im-

569 3110 1017 3182 pcrvestigabilis
1047 3116 1169 3175 est,
1203 3109 1287 3163 sic
1323 3114 1375 3161 et
1423 3106 1706 3161 nativitas.
1750 3103 1942 3161 Potuit
1986 3103 2163 3174 siqui-

568 3202 690 3257 dem
726 3200 976 3255 divinum
1013 3199 1255 3255 Verbum
1288 3201 1437 3269 quod
1472 3199 1832 3270 omnipotens
1864 3204 1952 3254 est
1997 3212 2158 3253 vera-

2277 1997 2373 2053 καλ⁸
2406 1997 2762 2071 ἀψηλάφητος
2784 2001 3182 2072 σεσωμάτωται
3210 2002 3305 2057 καὶ
3334 2004 3688 2076 ψηλαφᾶταιο
3722 2009 3840 2062 καὶὸ

2276 2091 2384 2161 πρὸ
2413 2093 2633 2147 πάντων
2664 2094 2773 2148 τῶν
2820 2092 3037 2149 αἰώνων
3080 2096 3145 2150 ὲκ
3169 2095 3266 2149 τοῦ
3311 2098 3529 2170 Πατρδς
3573 2102 3839 2173 γεννηθεὶς,

2280 2181 2388 2235 ίδοὺ
2418 2183 2580 2247 αὐτὸς
2605 2184 2701 2237 καὶ
2730 2186 2796 2239 ὲκ
2818 2184 2919 2255 τῆς
2949 2186 3111 2255 ἁγίας
3143 2187 3427 2260 Παρθένου
3454 2195 3843 2263 σεσαρκωμένος

2275 2275 2534 2341 γεννᾶται
2555 2290 2569 2304 °
2604 2275 2699 2329 καὶ
2717 2277 2746 2330 6
2773 2276 2881 2329 τῶν
2904 2277 3124 2332 κόλπων
3158 2280 3269 2333 τῶν
3298 2282 3587 2352 πατρικῶν
3611 2284 3682 2353 μὴ
3710 2301 3843 2355 χωριο

2275 2365 2445 2431 σθεὶς,
2482 2368 2576 2420 καὶ
2634 2367 2703 2421 τὰ
2755 2367 3049 2438 σύμπαντα
3102 2373 3169 2442 τῇ
3216 2372 3444 2443 δυνάμει
3489 2372 3591 2444 τῆς
3624 2375 3841 2444 θεότητος

2276 2457 2536 2527 συνέχων,
2596 2460 2689 2512 καὶ
2718 2459 2827 2513 τῶν
2856 2460 3072 2515 πάντων
3105 2464 3171 2533 τῇ
3208 2469 3682 2537 παντοκρατορικῇ
3707 2466 3839 2521 δυνα-

2276 2563 2368 2618 μει
2399 2546 2913 2620 περιδραττόμενος,
2947 2552 2976 2604 6
3010 2551 3176 2616 αὐτὸς
3205 2554 3638 2627 ἑνανθρωπήσας
3660 2559 3719 2610 ἐκ
3758 2558 3839 2628 τῆς

2272 2637 2434 2705 ἁγίας
2458 2638 2742 2709 Παρθένου
2775 2642 2867 2695 καὶ
2896 2640 3201 2714 γεννηθεὶς,
3234 2648 3414 2698 κεῖται
3442 2646 3501 2698 έν
3534 2648 3705 2720 φὰτνῃ
3732 2666 3838 2702 παι-

2270 2727 2380 2782 δίον
2408 2731 2926 2803 ἐσπαργανωμένον,
2957 2735 3056 2807 τῆς
3083 2736 3244 2803 ἁγίας
3272 2737 3552 2809 Παρθένου
3594 2740 3836 2811 παρθένου

2272 2823 2557 2895 μεινάσης.
2587 2824 2669 2878 Τὰ
2712 2825 2823 2898 γὰρ
2848 2825 2967 2880 θεῖα
3010 2826 3239 2883 τοιαῦτὰ
3270 2830 3409 2884 ἔστι.
3434 2830 3651 2903 Ὠσπερ
3681 2833 3779 2905 γὰρ
3809 2834 3837 2905 ἠ

2269 2913 2463 2978 ἓνωσις
2503 2917 2602 2985 τῆς
2635 2918 2837 2987 σαρκὸς
2884 2917 2979 2971 καὶ
3007 2920 3105 2990 τῆς
3136 2918 3393 2990 θεότητος
3420 2918 3834 2993 ἁνεξερεύνητος,

2268 3006 2413 3062 οὕτω
2439 3008 2533 3061 καὶ
2561 3009 2592 3079 ἡ
2624 3009 2896 3079 γέννησις.
2942 3010 3202 3084 Ἐδυνήθη
3238 3014 3347 3084 γὰρ
3375 3016 3403 3069 6
3441 3014 3585 3079 θεῖος
3626 3016 3784 3085 Λόγος
3813 3019 3838 3069 6

2269 3099 2680 3172 παντοδύναμος
2709 3102 2850 3156 κατὰ
2898 3103 3161 3175 ἀλήθειαν
3202 3108 3553 3179 σαρκωθῆναι
3582 3111 3676 3164 καὶ
3702 3112 3835 3180 ἐναν-

2269 3189 2559 3263 θρωπῆσαι
2583 3192 2642 3245 ὲν
2672 3194 2740 3263 τῇ
2762 3194 3051 3267 Δεσποίνῃ,
3086 3198 3181 3250 κα)⁵
3209 3197 3539 3270 γεννηθῆναι
3575 3201 3636 3268 έξ
3666 3201 3834 3273 αὐτῆς,

567 3292 706 3346 citer
741 3290 1023 3345 iucarnari
1052 3298 1108 3345 et
1149 3288 1314 3344 homo
1365 3290 1481 3344 lieri
1538 3289 1595 3344 in
1649 3288 1882 3343 Domina
1931 3293 2151 3351 nostra,

2273 3283 2352 3334 ιαί
2373 3281 2474 3351 τὴν
2507 3282 2807 3354 παρθενίαν
2823 3286 3273 3359 ὲσφραγισμένην
3297 3267 3645 3359 διαφυλάξαι,

568 3386 839 3455 nascique
870 3399 935 3440 ex
966 3383 1091 3452 illa,
1120 3397 1187 3437 ac
1216 3381 1596 3454 virginitatem
1628 3380 1754 3451 ejus
1781 3379 1942 3450 quasi
1970 3379 2156 3448 sigillo

567 3476 837 3532 munitam
888 3490 1270 3540 conservare;
1327 3490 1438 3545 quo
1490 3480 1653 3544 pacto
1710 3474 1924 3529 scilicet
1966 3472 2156 3545 ianuis

566 3570 735 3624 etiam
766 3570 975 3625 clausis
1008 3569 1165 3625 stetit
1194 3569 1251 3623 in
1288 3568 1474 3622 medio
1507 3566 1939 3634 discipulorum.

639 3662 692 3715 8.
741 3660 1112 3726 Quamobrem
1169 3671 1359 3715 sancta
1410 3666 1466 3714 et
1534 3658 1840 3728 apostolica
1907 3657 2155 3712 Ecclesia

569 3769 692 3823 quae
723 3761 851 3807 sunt
883 3753 1068 3807 divina
1114 3754 1301 3806 omnia
1359 3761 1612 3823 prompte
1657 3752 1930 3821 suscipit,
1969 3750 2155 3805 omnia

569 3846 831 3907 tideliter,
882 3846 1070 3898 omnia
1114 3843 1403 3898 incuriose
1457 3852 1760 3898 veneratur
1787 3849 1841 3896 et
1874 3840 2074 3895 adorat
2102 3848 2157 3896 et

569 3938 724 3991 colit.
772 3935 892 4007 Ipse
927 3951 1060 4007 ergo
1113 3935 1207 3992 Dei
1254 3933 1432 3992 Filius
1482 3934 1628 3991 Deus
1682 3950 1875 3998 verus,
1932 3943 2157 4006 propter

571 4039 824 4083 nostram
884 4027 1120 4082 salutem
1186 4042 1323 4097 puer
1378 4037 1547 4083 natus
1620 4042 1876 4082 crescere
1946 4026 2159 4081 dicitur

570 4123 793 4194 propria
848 4135 1038 4185 carne,
1089 4123 1300 4176 nostris
1350 4121 1660 4193 inculpatis
1692 4121 1996 4188 assumptis
2030 4135 2158 4190 pas-

2257 3370 2351 3428 οὖν
2370 3374 2561 3445 ἀμέλει
2579 3377 2674 3430 καὶ
2699 3376 2808 3433 τῶν
2831 3377 3014 3453 θυρῶν
3040 3380 3448 3454 κεκλεισμένων
3468 3383 3599 3458 ἔστη
3628 3386 3687 3440 ὲν
3703 3386 3835 3457 μέσῳ

2258 3467 2365 3521 τῶν
2400 3468 2680 3541 μαθητῶν.

2329 3649 2399 3713 η’.
2439 3645 2541 3699 Διὰ
2573 3644 2734 3700 τοῦτο
2774 3649 2806 3719 ἡ
2845 3649 2976 3717 ἁγία
3026 3651 3123 3703 καὶ
3160 3652 3502 3724 ἁποστολικὴ
3558 3653 3833 3725 Ἐκκλησία

2260 3735 2439 3791 πάντα
2464 3738 2737 3804 εὐπειθῶς
2764 3740 2831 3794 τὰ
2869 3741 2988 3794 θεῖα
3015 3742 3366 3813 ἀποδέχεται,
3405 3746 3585 3798 πάντα
3620 3747 3828 3809 πιστῶς,

2260 3829 2441 3887 πάντα
2470 3831 2990 3903 ἁπολυπραγμόνως
3019 3834 3171 3888 σέϐει
3195 3835 3292 3888 καὶ
3328 3840 3629 3908 προσκυνεῖ
3653 3838 3740 3891 καὶ
3763 3852 3834 3889 τι-

2263 3923 2358 3992 μᾷ.
2392 3922 2567 3985 Αὐτὸς
2598 3918 2691 3978 οὖν
2723 3925 2751 3976 ὁ
2774 3924 2903 3987 Υἱὸς
2935 3924 3071 3979 Θεοῦ
3102 3926 3131 3979 6
3159 3925 3415 3998 ἀληθινὸς
3448 3926 3602 3994 Θεὸς,
3632 3929 3719 3983 διὰ
3746 3928 3831 3997 τὴν

2257 4014 2541 4086 ἡμετέραν
2577 4017 2856 4088 σωτηρίαν
2888 4018 3102 4072 παιδίον
3137 4020 3445 4090 γεννηθεὶς,
3475 4021 3663 4088 αὔξειν
3695 4020 3831 4089 λέγει·

2256 4110 2351 4161 ταί
2371 4110 2437 4180 τῇ
2458 4108 2564 4181 ίδίᾳ
2585 4110 2773 4181 σαρκὶ,
2796 4110 2865 4163 τὰ
2891 4112 3141 4183 ἡμέτερα
3155 4113 3529 4183 οἰκειούμενος
3553 4115 3831 4186 ἀδιάϐλητα

568 4213 859 4277 sionibus,
884 4227 949 4267 ac
966 4213 1222 4282 proﬁcere
1280 4214 1547 4284 sapientia
1596 4222 1753 4284 atque
1806 4221 1965 4270 (etate
2006 4213 2058 4277 δ,
2091 4226 2156 4266 eo

2273 4201 2433 4273 πάθη,
2463 4203 2559 4256 καὶ
2589 4203 2954 4272 προκόπτειν
2992 4206 3181 4275 σοφίᾳ
3230 4207 3330 4261 καὶ
3366 4208 3577 4276 ἡλικίᾳ
3621 4209 3709 4263 διὰ
3740 4211 3829 4279 τὴν

567 4306 713 4375 quod
782 4306 1048 4377 paulatim
1107 4307 1303 4362 istbaec
1359 4307 1718 4369 ostenderet,
1768 4322 1880 4379 quo
1924 4307 2156 4361 demon-

2273 4293 2403 4348 ιατὰ
2435 4295 2600 4365 μέρος
2631 4295 2926 4361 ἀνάδειξιν,
2979 4296 3129 4362 ὅπως
3158 4297 3307 4372 δείξῃ
3352 4299 3560 4371 κυρίως
3590 4302 3680 4355 καὶ
3705 4300 3832 4356 κατὰ

568 4408 771 4452 straret
805 4399 1028 4468 proprie
1072 4415 1314 4470 vereque
1344 4399 1520 4456 fuisse
1550 4399 2013 4456 incarnationem.
2047 4398 2155 4453 De-

2273 4386 2519 4459 Ξιλήθειαν
2551 4385 2692 4444 εἶναι
2720 4388 2819 4459 τὴν
2850 4388 3290 4463 ένανθρὼπησιν.
3320 4394 3434 4446 Καὶ
3463 4396 3657 4465 κοπιᾷν
3688 4392 3828 4461 λέγε-

570 4488 788 4556 fatigari
855 4490 1021 4543 etiam
1076 4490 1303 4554 dicitur,
1367 4492 1632 4557 esurire.
1676 4492 1869 4557 sitire,
1927 4499 1984 4547 et
2036 4508 2155 4545 cum

2273 4496 2369 4542 tat,
2396 4479 2488 4532 καὶ
2505 4482 2697 4551 πεινῇν
2728 4481 2825 4535 καὶ
2859 4481 3044 4552 διψῇν,
3074 4484 3170 4536 καὶ
3195 4484 3319 4550 τοῖς
3337 4485 3671 4554 ἀνθρώποις
3693 4504 3829 4541 συν-

564 4580 868 4645 ltominibus
899 4592 1238 4637 conversatus
1284 4582 1451 4653 fuisse
1478 4584 1524 4648 ί,
1555 4583 1771 4641 docens
1822 4598 1887 4639 ac
1938 4582 2154 4636 illumi-

2273 4570 2746 4642 ιναστραφῆναι,
2777 4573 2993 4638 διδάξας
3028 4575 3123 4630 καὶ
3176 4578 3450 4645 φωτίσας
3508 4579 3701 4633 πάντα
3734 4580 3828 4633 ἇν-

566 4688 700 4727 nans
730 4688 935 4727 onmem
969 4676 1229 4729 hominem
1260 4677 1549 4731 venientem
1598 4677 1653 4728 in
1687 4674 1966 4729 mundum.
2032 4674 2152 4745 Ipse

2273 4668 2495 4733 ῖρωπον
2514 4664 2845 4736 ἐρχόμενον
2867 4668 2953 4733 είς
2980 4666 3088 4720 τὸν
3115 4672 3371 4739 κόσμον.
3400 4671 3578 4737 Αὐτὸς
3600 4673 3701 4742 γάρ
3725 4677 3825 4726 ἐστι

562 4765 710 4819 enim
742 4772 829 4820 est
856 4764 950 4817 lux
984 4782 1108 4819 vera
1142 4766 1191 4821 ιι.

2273 4757 2319 4811 τὸ
2345 4758 2473 4828 φῶς
2504 4758 2571 4813 τὸ
2595 4760 2913 4826 ἀληθινόν.

632 4858 687 4914 9.
722 4858 996 4917 Caeterum
1053 4866 1280 4928 propter
1331 4857 1658 4913 immensam
1698 4872 1855 4913 suam
1894 4857 2147 4928 benigni-

2326 4853 2391 4908 θ’.
2429 4852 2635 4907 Λοιπὸν
2680 4854 2739 4908 δὲ
2773 4854 2865 4908 διὰ
2907 4854 3009 4927 τὴν
3048 4855 3287 4929 ἄμετρον
3330 4857 3497 4912 αὐτοῦ
3541 4859 3825 4929 φιλανθρω-

560 4956 730 5004 latent
763 4963 963 5020 passus
986 4964 1206 5019 quoque
1236 4957 1320 5004 est
1356 4964 1525 5003 carne
1556 4950 1806 5019 propria.
1846 4946 1968 5018 Ipse
1998 4950 2145 5003 enim

2273 4945 2385 4999 τίαν
2436 4946 2531 4999 καὶ
2557 4945 2728 5000 ἔπαθε
2754 4949 2823 5019 τῇ
2869 4946 2978 5019 ίδίᾳ
3000 4949 3186 5020 σαρκί.
3219 4949 3394 5015 Αὐτὸς
3438 4952 3551 5023 γὰρ
3585 4953 3614 5005 6
3641 4952 3823 5019 Κύριος

560 5039 827 5098 Dominus
855 5042 1050 5112 gloriae
1078 5055 1307 5114 propter
1333 5058 1432 5095 nos
1462 5040 1769 5096 cruciﬁxus
1801 5049 1888 5095 est
1912 5055 2148 5109 vereque

2273 5036 2353 5108 τῆς
2373 5036 2531 5109 δόξης
2550 5038 2690 5109 ὑπὲρ
2711 5039 2867 5111 ἡμῶν
2890 5039 3236 5112 ἐσταυρώθη,
3262 5044 3355 5096 καὶ
3376 5043 3578 5115 πάσχει
3601 5042 3820 5113 ἀληθῶς.

556 5147 778 5203 passus.
837 5133 1059 5189 Patitur
1110 5150 1279 5203 porro
1328 5148 1438 5189 non
1473 5134 1769 5189 divinitate
1796 5170 1813 5197 ,
1842 5132 1936 5187 sed
1981 5147 2150 5187 carne

2273 5130 2463 5200 Ιὰσχει
2488 5130 2596 5203 γὰρ
2628 5133 2690 5186 ού
2722 5135 2789 5203 τῇ
2827 5132 3067 5205 θεότητι,
3093 5134 3228 5188 ἀλλὰ
3264 5138 3330 5205 τῇ
3356 5135 3681 5208 ἁδιαιρέτως
3710 5152 3822 5189 συν-

558 5224 784 5292 pmpria
846 5224 1295 5293 inseparabiliter
1345 5225 1448 5281 sibi
1497 5224 1759 5295 adaptata
1807 5223 2148 5295 praeditaque

2273 5222 2489 5294 ιφθείσῃ
2516 5223 2668 5294 αὐτῷ
2709 5224 2815 5296 ίδίᾳ
2848 5226 3015 5295 σαρκὶ
3042 5227 3439 5299 έμψυχωμένῃ,
3474 5230 3571 5282 καὶ
3601 5227 3823 5299 ἀποθνή-

556 5317 741 5371 anima
773 5318 1036 5374 rationali
1065 5337 1078 5373 :
1116 5319 1355 5373 moritur
1391 5326 1615 5381 autem,
1650 5325 1905 5388 separata
1947 5316 2147 5371 videli-

2273 5330 2389 5377 neat,
2420 5314 2521 5384 τῆς
2544 5313 2725 5386 ψυχῆς
2753 5316 2999 5387 δηλονότι
3030 5318 3399 5390 χωρισθείσης
3439 5320 3533 5374 τοῦ
3560 5320 3819 5391 σώματος.

556 5413 643 5459 cet
679 5409 861 5462 anima
893 5425 922 5463 a
960 5425 1216 5481 corpore.
1260 5409 1535 5465 Divinitas
1584 5400 1822 5481 namque
1862 5411 2144 5479 insepara-

2277 5407 2326 5460 H
2346 5407 2456 5475 γὰρ
2476 5405 2669 5477 θεότης
2688 5408 2996 5479 ἀδιαίρετος
3026 5411 3123 5465 καὶ
3150 5411 3465 5481 ἀσύγχυτος
3490 5413 3585 5465 καὶ
3602 5414 3667 5483 τῇ
3686 5411 3820 5481 ψυχῇ

558 5500 687 5555 bilis
719 5509 772 5554 et
790 5500 1091 5557 inconfusa
1121 5502 1433 5572 animaeque
1480 5502 1635 5557 unita
1669 5512 1789 5557 erat
1819 5514 1984 5572 atque
2015 5517 2143 5556 cor-

2273 5498 2502 5569 ;vaévn
2529 5494 2597 5571 ἦν
2626 5500 2721 5553 καὶ
2752 5499 2831 5570 τῷ
2863 5500 3102 5572 σώματι.
3157 5503 3448 5573 Κατῆλθεν
3493 5500 3590 5558 οὖν
3625 5507 3655 5557 6
3706 5504 3821 5564 Υἱὸς

558 5591 699 5661 pori.
759 5590 1059 5647 Descendit
1106 5608 1238 5665 ergo
1296 5594 1391 5647 Dei
1447 5593 1619 5650 Filius
1663 5596 1866 5665 spiritu
1915 5610 2019 5648 suo
2072 5593 2139 5647 ad

2273 5591 2342 5644 τοῦ
2376 5590 2512 5645 Θεοῦ
2542 5594 2611 5664 τῇ
2642 5594 2751 5665 ἰδίᾳ
2777 5594 2925 5666 ψυχῇ
2960 5596 3098 5669 πρὸς
3134 5595 3237 5659 τὰς
3270 5596 3380 5651 τῶν
3423 5597 3597 5667 ἁγίων
3629 5597 3819 5667 ψυχὰς,

552 5692 873 5745 sanctorum
920 5687 1177 5757 spiritus,
1251 5702 1590 5759 rursumque
1650 5688 1929 5747 surrexit,
1979 5687 2135 5740 unita

2273 5684 2343 5738 παὶ
2373 5684 2538 5740 πάλιν
2563 5685 2789 5755 ἀνέστη,
2817 5688 2916 5759 τῆς
2944 5687 3124 5760 ψυχῆς
3154 5689 3457 5762 ένωθείσης
3484 5690 3565 5763 τῷ
3594 5689 3816 5762 σώματι.

624 5870 651 5912 ιι
682 5869 815 5927 Luc.
846 5889 903 5936 tt,
937 5872 1028 5931 52,
1132 5870 1386 5927 iBaruch
1431 5874 1620 5939 "1,38.
1698 5874 1723 5913 ι
1757 5872 1915 5928 Joan.
1947 5876 1983 5938 i,
2013 5872 2067 5927 9.
