4026 6404
258 435 397 501 1357

1386 446 1780 510 ADVERSUS
1820 445 2397 513 ICONOCLASTAS.

3386 444 3521 515 12158

267 549 491 621 Ἀνέστη
522 544 616 605 οῦν
669 555 698 607 6
752 554 919 620 αὐτὸς
956 558 1258 630 μονογενὴς
1310 559 1438 624 Υἱὸς
1481 560 1578 615 τοῦ
1608 559 1747 614 Θεοῦ
1775 561 1840 631 τῇ

1945 560 2167 630 corpori
2195 563 2403 619 anima.
2438 561 2764 620 Resurrexit
2813 572 2995 618 autem
3033 561 3176 617 idem
3205 560 3524 633 unigenitus

257 642 364 713 ἰδίᾳ
383 642 649 714 δυνάμει·
694 647 1022 711 Ἐξουσίαν
1052 652 1164 721 γὰρ
1188 651 1327 720 ἔχω,
1364 654 1551 723 φησὶν,
1577 654 1691 723 τὴν
1717 658 1838 723 ψυ-

251 732 376 801 χήν
402 753 523 804 μου
552 737 762 807 θεῖναι,
790 742 887 797 καὶ
917 743 1217 808 ἐξουσίαν
1261 743 1383 813 ἔχω
1418 745 1609 800 πάλιν
1631 747 1842 802 λαϐεῖν

251 827 469 893 αὐτήν.
1816 838 1819 841 ⁷

331 925 381 972 ι’.
428 920 698 988 Ἀναστὰς
728 927 910 982 τοίνυν
943 932 971 985 6
1024 932 1155 997 Υἱὸς
1182 933 1278 987 τοῦ
1315 934 1450 988 Θεοῦ
1502 936 1566 988 ἐκ
1605 936 1841 1006 νεκρῶν,

251 1012 320 1081 τῇ
356 1012 460 1085 ἰδίᾳ
507 1016 922 1091 ὲνανθρωπήσει
974 1024 1251 1097 ἀνελήφθη
1285 1029 1367 1091 εἰς
1398 1027 1524 1091 τοὺς
1556 1027 1840 1099 οὐρανούς.

266 1103 329 1157 ’0
356 1106 419 1159 τὸ
451 1108 584 1178 πρὶν
623 1110 937 1181 ἀσώματος,
967 1114 1062 1169 νῦν
1092 1118 1121 1170 6
1144 1118 1333 1183 ἀὐτὸς
1376 1121 1803 1193 σεσαρκωμένος
1824 1136 1839 1151 ⁸

250 1194 282 1247 6
317 1195 377 1249 16
408 1197 536 1268 πρὶν
567 1201 793 1268 ἁπλοῦς,
837 1205 931 1259 νῦν
963 1210 992 1261 6
1026 1208 1191 1273 αὐτὸς
1223 1210 1497 1278 σύνθετος,
1540 1213 1672 1277 Θεὸς
1705 1212 1844 1285 ὁμοῦ

254 1288 353 1377 καί⁸
379 1289 688 1363 ἄνθρωπος.
744 1298 912 1352 Μένει
938 1300 1047 1372 γὰρ
1085 1304 1145 1356 ὲν
1185 1303 1337 1375 αὐτῷ
1360 1305 1456 1359 καὶ
1486 1307 1519 1377 ἡ
1547 1305 1711 1375 φύσις
1744 1306 1844 1376 τῆς

156 1406 168 1419 α
254 1376 513 1470 θεότητος
530 1398 544 1413 ·
580 1387 673 1439 καὶ
698 1388 727 1440 6
748 1389 811 1441 16
835 1392 964 1460 πρὶν
999 1394 1206 1459 ἁπλοῦς
1238 1395 1314 1449 ὢν
1336 1401 1430 1451 καὶ
1456 1376 1536 1462 ei;
1557 1400 1656 1470 τῆς
1682 1400 1846 1468 ἁγίας

253 1468 509 1541 Τριάδος,
547 1476 643 1530 καὶ
667 1478 762 1532 νῦν
790 1482 819 1535 6
846 1484 1012 1549 αὐτὸς
1040 1481 1121 1551 εἷς
1142 1488 1260 1543 ἐστι
1292 1493 1391 1562 τῆς
1421 1492 1584 1561 ἁγίας
1614 1468 1846 1565 τριάδος

255 1568 705 1658 σεσαρκωμένος,
766 1575 860 1628 καὶ
910 1578 1509 1653 ὲνανθρωπήσας.Καὶ
1556 1586 1696 1658 ὅπερ
1744 1588 1845 1642 οὐκ

252 1651 519 1721 ἠδύναντο
549 1662 720 1714 πᾶσαι
746 1665 799 1716 αἱ
832 1665 1081 1737 οὐράνιαι
1106 1651 1367 1743 δυνάμεις
1391 1651 1675 1747 θεωρῆσαί
1684 1700 1697 1713 ·
1730 1678 1847 1733 θεό-

252 1759 397 1811 τητα
426 1747 533 1817 γὰρ
556 1753 653 1821 τῆς
680 1760 1065 1830 προσκυνητῆς
1094 1763 1326 1833 Τριάδος
1376 1766 1504 1821 ἰδεῖν
1546 1770 1722 1834 οὐδεὶς
1755 1771 1848 1824 δύ-

253 1850 418 1935 ναται
442 1855 458 1869 ο
487 1840 583 1935 νῦν
720 1845 825 1935 ξνα
847 1849 946 1919 τῆς
977 1852 1141 1920 ἁγίας
1168 1857 1544 1933 Τριάδοςητὸν
1576 1865 1841 1935 μονογενῆ

257 1923 389 1979 Υξὸν
416 1929 515 2023 τοῦ
545 1931 681 2023 Θεοῦ
707 1923 967 2005 βλέπουσι
995 1945 1138 1998 κατὰ
1163 1923 1254 2000 τὸν
1279 1923 1610 2021 φαινόμενον
1636 1923 1846 2023 ἇνθρωζ

253 2032 380 2120 πον,
411 2019 725 2120 ἐννοοῦντες
745 2028 805 2080 16
827 2031 1212 2105 ἀπερίγραφον
1240 2041 1340 2111 τῆς
1373 2019 1540 2096 αὑτοῦ
1564 2019 1840 2116 θεότητος.

254 2110 428 2208 Τοῦτο
464 2115 574 2187 γάρ
606 2117 755 2172 ἐστιν
789 2122 817 2175 ὃ
848 2118 1003 2179 εἶπεν
1031 2130 1060 2182 6
1088 2110 1361 2203 μακάριος
1392 2136 1632 2200 Παῦλος·
1653 2110 1841 2208 ’Πρθη

252 2201 556 2303 αγγέλοις.
577 2299 587 2303 Α
609 2211 986 2282 Προσελάὁετο
1016 2220 1198 2276 τοίνυν
1284 2226 1385 2279 οὐκ
1418 2223 1553 2298 εἶχε,
1580 2232 1675 2285 καὶ
1707 2201 1840 2303 έχει,

252 2291 403 2360 λέγω
430 2297 495 2369 δὴ
535 2299 636 2372 τὴν
677 2304 954 2378 ἡμετέραν
988 2312 1173 2380 φύσιν,
1209 2318 1291 2380 εἰς
1328 2291 1549 2384 αἰῶνας.
1572 2323 1680 2376 τῶν
1709 2291 1845 2379 α’ίώεζ

250 2401 386 2485 νων.
414 2390 524 2444 Καὶ
566 2392 730 2485 πάλιν
753 2412 769 2428 ⁸
815 2398 1178 2473 Ἐρχόμενον
1217 2411 1370 2477 μετὰ
1410 2412 1598 2483 δόξης
1648 2417 1844 2485 κρῖναι

253 2471 597 2584 Ξωῖρταςῖκαί
620 2488 890 2555 νεκροὺς,
924 2493 1044 2562 ἦτοι
1072 2496 1321 2564 δικαίους
1345 2503 1441 2556 καὶ
1457 2471 1840 2575 ἁμαρτωλούς.

253 2566 399 2663 Τοὺς
431 2570 533 2636 μὲν
566 2576 763 2645 κρῖναι
785 2620 800 2644 ,
830 2581 954 2636 ἀντὶ
1000 2587 1095 2640 τοῦ
1122 2588 1455 2663 δικαιῶσαι,
1490 2566 1674 2653 διὰ-τὰ
1702 2566 1846 2655 καλὰ

250 2660 438 2760 αύτῶν
493 2665 652 2736 ἔργα,
711 2674 841 2737 τοὺς
887 2675 947 2729 δὲ
969 2684 1297 2754 κατακρίναι
1334 2685 1426 2740 διὰ
1455 2689 1555 2760 τὴν
1583 2692 1872 2748 ἁπιστίαν“

250 2754 458 2822 αὐτῶν,
490 2761 705 2830 καὶτὰς
736 2766 838 2835 τῆς
871 2771 1072 2839 κακίας
1095 2775 1279 2832 αὐτῶν
1308 2754 1560 2852 πράξεις.

314 3046 690 3152 ἰα’άξιθάσκει
717 3054 863 3152 qua;
888 3056 951 3152 τὸ
974 3059 1247 3131 σύμϐολον
1281 3069 1561 3125 πιστεύειν
1582 3088 1594 3100 ’
1620 3076 1728 3128 Καὶ
1754 3079 1842 3145 είς

251 3138 403 3203 μίαν
429 3138 610 3209 ἁγίαν
632 3148 967 3217 καθολικὴν
988 3154 1085 3207 καὶ
1108 3154 1532 3229 ἀποστολικὴν
1559 3165 1666 3220 τοῦ
1699 3138 1844 3222 Θεοῦ

268 3233 657 3335 Ἐκκλησίαν.
684 3243 759 3335 Οῦ
783 3243 1007 3301 δύναται
1048 3250 1401 3327 Ἐκκλησίαή
1442 3258 1703 3333 καθολικὴ
1742 3264 1841 3335 μό·
1871 3264 1914 3321 C

250 3341 347 3431 νον
396 3326 662 3431 ὑπάρξειν
717 3334 1073 3431 ἀποστολική.
1136 3342 1201 3396 Ἦ
1258 3345 1367 3416 γὰρ
1427 3326 1842 3425 παντοδύνναμος

251 3415 478 3517 ἐξουσία
513 3424 613 3517 της
658 3426 925 3517 κεφαλῆς,
978 3430 1101 3501 ἥτις
1129 3432 1280 3490 ἐστιν
1312 3415 1345 3491 6
1369 3440 1625 3512 Χριστὸς,
1656 3415 1842 3517 ἴσχυσε

253 3506 347 3602 6:6
399 3509 509 3563 τῶν
556 3512 873 3573 ἀποστόλων
934 3519 1026 3574 τὸν
1082 3525 1314 3581 καθόλου
1373 3506 1597 3602 κύαμον⁷
1644 3506 1839 3595 σῶσαι.

258 3598 452 3706 Ἴξστιν
476 3603 571 3657 οῦν
595 3606 629 3706 η
664 3608 796 3706 ἁγία
832 3611 929 3665 τοῦ
958 3614 1095 3668 Θεοῦ
1127 3618 1396 3693 καθολικὴ
1435 3598 1755 3698 Ἐκκλησία,
1784 3631 1844 3684 16

255 3697 518 3793 σύστημα
552 3697 785 3793 τῶνῌάπ’
806 3704 1002 3765 αἰῶνος
1037 3708 1211 3776 ἁγίων
1246 3712 1526 3785 Πατέρων,
1568 3735 1845 3793 πατριαρ-

251 3789 388 3850 χῶν,
431 3789 751 3878 προφητῶν,
788 3793 1129 3861 ἀποστόλων,
1163 3799 1592 3870 εὐαγγελιστῶν,
1636 3789 1845 3878 μαρτύ-

256 3890 395 3944 ρων,
435 3869 518 3940 οἷς
540 3881 846 3951 προσετέθη
871 3885 1245 3942 πιστεύσαντα
1276 3869 1649 3961 ὁμοθυμαδὸν·
1669 3869 1846 3950 πάντα

252 3965 329 4018 τὰ
355 3966 505 4038 ἔθνη.
558 3970 863 4044 Ἐθεώρουν
905 3975 1015 4049 γὰρ
1043 3978 1126 4032 ὅτι
1156 3980 1222 4033 ἐκ
1262 3984 1468 4048 παντὸς
1502 3988 1695 4054 γένους
1732 3989 1843 4044 τῶν

255 4058 367 4111 ὑπὸ
396 4060 505 4113 τῶν
551 4062 798 4134 οὐρανῶν
839 4069 932 4121 καὶ
989 4070 1090 4141 τὴν
1142 4071 1313 4144 αὐτὴν
1357 4075 1467 4129 τῶν
1498 4079 1843 4149 Χριστιανῶν

254 4150 444 4242 πίστιν
480 4152 717 4225 ἔχουσιν.
750 4160 915 4212 ’Λνευ
948 4162 1058 4232 γὰρ
1087 4164 1184 4217 τοῦ
1229 4165 1386 4233 ἁγίου
1432 4170 1749 4242 Πνεύματος
1780 4174 1844 4227 ού

253 4241 483 4297 δύναται
514 4248 796 4322 πάνδημον
826 4254 920 4305 καὶ
950 4255 1364 4325 μυριόγλωσσον
1385 4241 1662 4333 ἄθροισμα
1684 4267 1763 4328 είς
1784 4265 1843 4319 ἐν

256 4336 520 4408 φρόνημα
563 4341 665 4410 τῆς
721 4343 1102 4416 ἁληθεστάτης
1147 4348 1385 4414 πίστεως
1426 4352 1621 4408 ἐλθεῖν.
1673 4356 1845 4411 Πάλιν

255 4425 369 4495 γὰρ
393 4426 559 4496 λέγω,
584 4430 665 4484 ὅτι
696 4432 959 4505 καθολικὴ
988 4438 1143 4509 παρὰ
1166 4438 1324 4495 τοῦτὸ
1345 4443 1463 4497 ἐστί
1485 4462 1544 4498 τε
1574 4446 1668 4499 καὶ
1692 4447 1845 4517 λέγει

255 4536 370 4584 ται,
396 4520 482 4575 διὰ
511 4522 572 4575 τὸ
598 4524 865 4579 ἀλλόκοτα
889 4529 983 4581 καὶ
1011 4531 1309 4604 πολυσχιδῆ
1342 4537 1437 4590 καὶ
1467 4538 1636 4608 ἄγρια
1660 4540 1844 4610 πάσης

1944 652 2123 710 Filius
2152 654 2245 710 Dei
2278 656 2483 712 virtute
2512 658 2736 728 prepria
2764 675 2777 712 :
2805 656 3131 711 Potestatem
3166 655 3305 709 enim
3329 654 3521 720 habeo,

1944 744 2143 817 inquit,
2174 749 2412 801 animam
2446 765 2616 802 meam
2654 765 2871 818 ponere,
2914 758 2965 803 et
3006 756 3321 819 potestatem
3357 747 3524 802 habeo

1882 874 1887 879 ρ
1944 839 2135 894 iterum
2161 856 2367 895 sumere
2397 840 2550 894 illam
2600 840 2641 892 ι.

2021 931 2106 986 10.
2148 931 2287 987 Cum
2338 933 2510 1003 igitur
2565 932 2903 988 surrexisset
2937 931 3109 989 Filius
3141 932 3235 989 Dei
3279 949 3346 989 ex
3374 947 3525 988 mor-

1945 1023 2093 1088 tuis,
2128 1023 2347 1079 ratione
2394 1037 2510 1078 suae
2560 1022 2925 1078 humanitatis
2971 1030 3294 1093 assumptus
3339 1030 3426 1078 est
3467 1022 3521 1077 in

1945 1114 2144 1169 caelos.
2180 1112 2231 1169 Is
2267 1128 2465 1184 nempe
2496 1112 2592 1182 qui
2623 1114 2778 1184 prius
2800 1123 2923 1168 erat
2951 1112 3341 1183 incorporeus,
3375 1128 3526 1167 nunc

1947 1204 2092 1260 idem
2126 1203 2243 1274 ipse
2294 1218 2427 1258 caro
2472 1203 2677 1261 factus.
2724 1202 2829 1270 Qui
2882 1202 3041 1274 prius
3075 1203 3339 1274 simplex,
3375 1216 3527 1257 nunc

1945 1295 2092 1350 idem
2122 1296 2242 1367 ipse
2268 1296 2641 1365 compositus,
2674 1294 2818 1352 Deus
2843 1296 3011 1351 simul
3036 1303 3092 1351 et
3125 1297 3309 1349 homo.
3346 1293 3528 1348 Manet

1946 1389 2094 1444 enim
2132 1389 2187 1443 in
2232 1388 2326 1443 illo
2374 1395 2580 1444 natura
2627 1388 2795 1444 etiam
2848 1388 3209 1443 divinitatis:
3251 1396 3307 1441 et
3340 1386 3391 1442 is
3425 1386 3525 1456 qui

1947 1479 2102 1550 prius
2147 1479 2383 1550 simplex
2427 1488 2550 1535 erat
2599 1495 2857 1550 unusque
2900 1480 2968 1534 de
3002 1486 3195 1533 sancta
3232 1478 3524 1539 Trinitate,

1948 1586 2101 1627 nunc
2141 1571 2310 1627 etiam
2370 1570 2517 1627 idem
2558 1570 2678 1640 ipse
2726 1587 2872 1627 unus
2903 1571 2971 1627 de
3002 1580 3195 1625 sancta
3250 1567 3528 1624 Trinitate

1947 1673 2034 1719 est
2059 1664 2410 1727 incarnatus,
2461 1670 2516 1717 et
2549 1662 2731 1717 factus
2773 1662 2958 1716 homo.
2987 1659 3260 1730 Quodque
3291 1674 3399 1713 non
3429 1672 3526 1727 po-

1948 1766 2130 1811 terant
2158 1771 2352 1812 omnes
2398 1756 2655 1812 cmlestes
2696 1755 2931 1811 virtutes
2970 1740 3282 1824 speculari;
3314 1750 3527 1808 divini-

1949 1857 2116 1903 tatem
2151 1849 2298 1904 enim
2329 1848 2629 1903 adoranda:
2665 1845 2961 1902 Trinitatis
2997 1846 3184 1901 videre
3233 1858 3396 1899 nemo
3425 1856 3526 1912 po-

1948 1952 2083 2011 test;
2125 1959 2273 1999 nunc
2304 1958 2476 1998 unum
2523 1941 2592 1997 de
2622 1950 2817 1996 sancta
2868 1939 3142 1995 Trinitate
3174 1937 3522 2007 unigenitum

1904 2088 1911 2093 ,
1946 2032 2141 2088 Filium
2178 2033 2268 2088 Dei
2293 2039 2632 2089 contuentur
2665 2031 2822 2101 juxta
2857 2030 3177 2087 sensibilem
3221 2028 3522 2086 hominem.

1947 2129 2133 2183 animo
2165 2128 2536 2198 imaginantes
2575 2125 3121 2194 incircumscriptam
3154 2122 3276 2193 eius
3314 2120 3523 2174 divini-

1945 2228 2136 2275 tatem.
2171 2218 2286 2275 Hoc
2308 2218 2443 2273 illud
2466 2225 2552 2273 est
2580 2217 2732 2287 quod
2762 2216 3051 2271 aitbeatns
3081 2213 3283 2268 Paulus
3316 2230 3331 2267 :
3367 2210 3523 2265 Visus

1944 2322 2021 2368 e..t
2056 2313 2259 2383 angelis
2289 2320 2352 2365 αι.
2382 2309 2701 2381 Assumpsit
2739 2322 2872 2378 ergo
2899 2306 3044 2376 quod
3093 2319 3206 2359 non
3258 2303 3523 2366 habebat,

1945 2414 2001 2462 et
2040 2405 2226 2469 habet,
2264 2412 2535 2467 nostram,
2573 2402 2836 2473 inquam,
2886 2407 3171 2461 naturam,
3214 2396 3268 2451 in
3324 2393 3525 2450 saecula

1945 2488 2667 2569 saeculorumﬁursumque
2692 2515 2707 2553 :
2735 2496 3026 2551 Venturum
3044 2510 3163 2548 cum
3184 2492 3359 2563 gloria
3368 2488 3523 2560 judi-

1946 2612 2067 2651 care
2097 2596 2236 2649 vivos
2263 2604 2314 2649 et
2360 2602 2640 2657 mortuos,
2695 2590 2812 2646 sive
2839 2588 3031 2659 justos
3075 2596 3129 2642 et
3176 2595 3520 2657 peccatores.

1944 2688 2025 2742 Ac
2083 2674 2209 2741 illos
2258 2685 2483 2754 quidem
2533 2680 2821 2752 judicare,
2878 2679 2981 2734 hoc
3036 2685 3167 2743 est,
3218 2675 3528 2745 justiﬁcare

1946 2787 2179 2849 propter
2212 2777 2356 2831 bona
2390 2789 2583 2830 eorum
2613 2788 2780 2845 opera
2801 2815 2818 2839 ,
2850 2771 2953 2827 hos
2987 2785 3122 2825 vero
3151 2767 3527 2824 condemnare

1946 2883 2175 2942 propter
2221 2868 2610 2925 inﬁdelitatem
2667 2866 2950 2935 ipsorum,
2978 2871 3033 2919 et
3085 2862 3383 2934 pravitatis
3411 2875 3526 2916 sua:

1947 2966 2221 3019 facinora.

2018 3055 2105 3107 Ili.
2137 3052 2310 3107 Docet
2357 3066 2459 3106 nos
2506 3049 2827 3122 Symbolum
2860 3047 3095 3103 credere
3130 3063 3145 3101 :
3183 3045 3249 3100 Et
3274 3047 3330 3101 in
3359 3060 3525 3100 unam

1944 3153 2186 3198 sanctam
2230 3141 2551 3198 catholicam
2608 3150 2767 3213 atque
2810 3139 3165 3208 apostolicam
3202 3138 3297 3192 Dei
3341 3136 3528 3192 Eccle-

1946 3240 2103 3293 siom.
2155 3236 2274 3291 Non
2326 3245 2509 3307 potest
2561 3235 2808 3289 Ecclesia
2854 3234 3128 3288 catholica
3157 3232 3349 3288 solum
3401 3245 3531 3286 esse

1946 3330 2276 3400 apostolica.
2328 3327 2696 3397 Omnipotens
2727 3326 2873 3381 enim
2930 3325 3014 3379 vis
3047 3325 3279 3393 capitis,
3312 3322 3408 3392 qui
3439 3330 3528 3377 est

1946 3422 2229 3486 Christus,
2258 3421 2439 3490 potuit
2469 3434 2567 3490 per
2597 3418 2887 3489 apostolos
2917 3416 3183 3471 mundum
3210 3416 3529 3469 universum

1949 3514 2188 3567 salvare.
2227 3510 2319 3564 Est
2356 3524 2493 3578 ergo
2548 3515 2740 3562 saneta
2771 3504 2868 3560 Dei
2909 3503 3189 3558 catholica
3238 3500 3525 3564 Ecclesia,

1948 3615 2131 3662 cmtus
2164 3615 2484 3659 sanctorum
2530 3601 2760 3655 Patrum
2812 3596 2907 3668 qui
2934 3611 2964 3649 a
2998 3595 3202 3652 sarculo
3230 3599 3398 3655 sunt,
3431 3605 3530 3660 pa-

1948 3698 2352 3757 triarcharum,
2404 3682 2834 3764 prophetarum,
2895 3685 3312 3757 apostolorum,
3364 3697 3532 3736 evan-

1948 3790 2271 3865 gelislarum
2295 3827 2311 3852 ,
2350 3794 2685 3856 martyrum,
2721 3781 2923 3851 quibus
2952 3779 3183 3847 adjectae
3212 3782 3346 3831 sunt
3393 3788 3531 3827 con-

1950 3862 2191 3938 corditer
2257 3876 2551 3933 credentes
2616 3882 2808 3944 gentes
2886 3870 3183 3923 universae.
3256 3862 3533 3919 Videbam

1945 3975 2093 4028 enim
2116 3969 2263 4042 quod
2295 3984 2363 4024 ex
2392 3965 2546 4022 omni
2572 3980 2775 4036 genere
2804 3961 3092 4017 hominum
3117 3958 3212 4029 qui
3242 3956 3349 4013 sub
3380 3955 3530 4011 cmlo

1947 4073 2078 4121 sunt
2106 4062 2354 4117 eamdem
2385 4075 2511 4114 cum
2544 4055 2883 4113 Christianis
2929 4053 3089 4108 ﬁdem
3125 4051 3355 4107 habent.
3398 4049 3532 4104 Sine

1947 4165 2144 4212 sancto
2173 4154 2320 4208 enim
2364 4150 2572 4220 Spiritu
2600 4147 2794 4216 nequit
2820 4143 3158 4200 universalis
3191 4156 3255 4195 ac
3287 4138 3533 4195 inﬁnita-

1950 4265 2070 4302 rum
2109 4247 2420 4316 linguarum
2473 4239 2731 4294 collectio
2781 4237 2837 4291 in
2873 4250 3038 4289 unam
3074 4231 3404 4289 sententiam
3432 4243 3530 4285 ve-

1948 4341 2183 4395 rissimae
2234 4335 2357 4389 iidci
2404 4332 2726 4388 convenire.
2764 4328 2972 4384 lterum
3027 4324 3175 4381 enim
3206 4323 3369 4388 dico,
3405 4322 3531 4379 ideo

1948 4430 2282 4485 catholicam
2319 4439 2445 4481 esse
2490 4420 2906 4494 appellarique,
2947 4415 3093 4487 quod
3135 4423 3327 4487 gentes
3356 4410 3531 4469 dissi-

1952 4521 2308 4576 millimorum
2353 4530 2597 4577 morum,
2654 4509 3000 4568 multimoda:
3061 4518 3225 4578 atque
3281 4512 3529 4576 agrestes

254 4610 359 4681 τῆς
389 4611 619 4682 ὑφηλίου
650 4618 1038 4688 μυριόγλωσσά
1078 4639 1137 4674 τε
1172 4596 1324 4694 έθνη,
1361 4627 1443 4688 είς
1473 4596 1605 4698 μίαν
1639 4596 1843 4704 είρηνίί

1949 4614 2122 4667 totius
2151 4609 2309 4663 orbis
2333 4648 2348 4669 ,
2376 4608 2833 4675 iniinitarumque
2879 4602 3191 4671 linguarum
3218 4637 3234 4662 ,
3273 4596 3527 4651 in-unam

256 4704 364 4775 κὴν
396 4707 491 4759 καὶ
526 4710 793 4781 σωτήριον
841 4711 1110 4769 πίστιντε
1148 4718 1242 4770 καὶ
1277 4716 1611 4788 θεογνωσίαν
1641 4720 1803 4779 εἶναι.

332 4881 421 4953 ιβ’.
457 4885 797 4959 Πιστεύομεν
828 4894 1121 4963 τοιγαροῦν
1149 4898 1231 4960 είς
1263 4898 1394 4969 μίαν
1429 4902 1593 4970 ἁγίαν
1619 4904 1839 4960 καθολι-

256 4974 365 5070 κὴν
395 4976 492 5070 καί
514 4977 882 5051 ἀποστολικὴν
910 4982 1006 5035 τοῦ
1036 4984 1172 5039 Θεοῦ
1203 4986 1556 5061 Ἐκκλησίαν,
1591 4998 1650 5049 ἐν
1736 5017 1840 5068 μα-

257 5063 592 5136 θητευθῆναι
621 5070 681 5120 ὲν
730 5072 795 5141 τῇ
827 5075 1154 5144 κατηχήσει.
1208 5078 1320 5133 Καὶ
1356 5063 1708 5156 γινώσκομεν
1732 5063 1842 5143 Πα-

253 5158 398 5228 τέρα
447 5160 543 5212 καὶ
576 5159 705 5213 Υίὸν
728 5164 822 5215 καὶ
852 5161 1008 5233 ἅγιον
1036 5166 1288 5237 Πνεῦμα,
1333 5173 1427 5225 καὶ
1461 5174 1842 5248 βαπτιζόμεθα

257 5254 343 5311 εἰς
400 5252 461 5305 16
510 5252 684 5324 θνομα
725 5254 820 5309 τοῦ
868 5256 1103 5329 Πατρὸς,
1137 5261 1235 5311 καὶ
1278 5263 1371 5316 τοῦ
1416 5265 1567 5329 Υῐοῦ,
1621 5271 1842 5324 καὶτοῦ

257 5345 419 5412 ἁγίου
473 5346 814 5416 Πνεύματος,
865 5349 960 5401 καὶ
987 5351 1486 5425 μεταλαμϐάνομεν
1534 5359 1631 5413 τοῦ
1662 5379 1844 5435 σωτηα

260 5438 383 5510 ρίου
423 5437 678 5509 σώματος
722 5436 817 5493 καὶ
858 5440 1091 5511 αἵματος
1143 5444 1240 5498 τοῦ
1272 5448 1404 5502 Υίοῦ
1430 5449 1526 5502 τοῦ
1551 5451 1708 5517 Θεοῦ,
1739 5457 1835 5509 τοῦ

257 5525 330 5583 δι’
361 5529 509 5600 ἡμᾶς
542 5532 611 5601 τῇ
638 5530 733 5584 τοῦ
770 5532 984 5604 Πατρός
1022 5534 1241 5608 εὐδοκία
1285 5540 1836 5612 ὲνανθρωπήσαντος,

259 5621 360 5675 καὶ
387 5620 755 5686 ἀποθανόντος
802 5623 944 5695 ὑπὲρ
991 5626 1171 5696 ἡμῶν.
1222 5629 1582 5686 Διδάσκεσθαι
1634 5634 1691 5687 δὲ
1745 5637 1841 5691 καὶ

261 5712 528 5783 πράττειν
559 5713 659 5777 τὰς
692 5713 846 5778 θείας
881 5715 1045 5770 αὐτοῦ
1077 5718 1170 5771 καὶ⁸
1197 5719 1564 5789 εὐαγγελικὰς
1594 5726 1834 5793 ἐντολὰς,

342 5890 551 5953 lJoan.
589 5912 647 5963 Χ,
677 5896 765 5953 18.
844 5904 880 5927 ¹“
913 5896 929 5951 l
963 5895 1106 5965 Tim.
1146 5914 1225 5964 ιιι,
1260 5899 1347 5981 ιθ,

1950 4704 2239 4778 pacilicam
2267 4716 2331 4756 ac
2379 4701 2678 4755 salutarem
2718 4696 2880 4751 iidem
2919 4703 2976 4750 et
3030 4690 3121 4747 Dei
3155 4688 3358 4760 cogniti
3374 4702 3527 4744 mem

1949 4800 2291 4855 coalescant.

2025 4887 2112 4941 12.
2153 4884 2448 4939 Credimus
2497 4880 2667 4951 igitur
2709 4877 2765 4932 in
2796 4892 2962 4932 unam
3012 4882 3264 4930 sanctam
3295 4868 3532 4927 catholi-

1951 4993 2072 5035 cam
2120 4986 2176 5032 et
2228 4974 2592 5046 apostolicam
2640 4971 2734 5026 Dei
2786 4968 3138 5032 Ecclesiam,
3191 4966 3246 5021 in
3287 4979 3395 5036 qua
3430 4977 3529 5033 per

1949 5071 2362 5128 institutionem
2397 5065 2708 5122 erudimur.
2739 5060 3147 5133 Cognoscimus
3168 5072 3390 5128 quoque
3422 5054 3528 5112 Pa-

1950 5176 2086 5221 trem
2121 5170 2175 5218 et
2200 5161 2401 5216 Filium
2430 5167 2488 5214 et
2520 5155 2790 5226 Spiritum
2843 5159 3098 5208 sanetum
3121 5186 3138 5214 ,
3171 5158 3229 5203 et
3266 5147 3524 5218 baptiza-

1946 5274 2071 5314 mur
2105 5258 2159 5312 in
2193 5254 2420 5310 nomine
2462 5249 2648 5305 Patris
2677 5257 2732 5303 et
2760 5244 2889 5301 Filii
2930 5253 2987 5299 et
3034 5242 3275 5314 Spiritus
3306 5240 3523 5307 sancti,

1943 5345 2640 5423 alque«eommunicamus
2691 5338 2945 5397 salviﬁeo
3003 5334 3236 5407 corpori
3294 5340 3351 5389 et
3394 5346 3527 5389 san-

1945 5447 2097 5515 guini
2136 5441 2261 5496 Filii
2300 5440 2436 5503 Dei,
2484 5436 2579 5507 qui
2614 5442 2840 5505 propter
2892 5445 2997 5486 nos
3024 5444 3089 5484 ex
3134 5425 3318 5481 Patris
3350 5423 3523 5480 bene-

1947 5540 2155 5610 placito
2215 5537 2398 5590 factus
2448 5544 2534 5588 est
2600 5531 2794 5593 homo,
2834 5535 2890 5582 et
2939 5538 3041 5594 pro
3074 5521 3234 5577 nobis
3265 5527 3523 5576 mortuus

1947 5642 2052 5687 est.
2086 5629 2361 5684 Docemur
2410 5633 2593 5680 autem
2649 5622 2816 5678 etiam
2869 5617 3052 5673 facere
3085 5614 3272 5670 divina
3319 5613 3440 5684 ejus
3467 5617 3525 5667 et

1947 5723 2266 5797 evangelica
2304 5718 2561 5775 mandata
2582 5758 2598 5785 ,
2633 5713 2930 5772 admittere
2958 5721 3184 5782 quoque
3214 5704 3525 5795 certissime
