4026 6412
530 426 686 491 1359

1953 432 2332 496 ADUENDA.

3681 448 3795 514 1360

546 540 821 596 divinitus
878 532 1178 610 inspiratus
1238 538 1557 608 Scripturas
1611 540 1835 597 Veteris
1875 542 2124 614 Novique

2234 550 2690 621 παραλαμϐάνειν
2712 572 2771 608 τε
2791 556 3055 627 ἀσφαλῶς
3069 558 3167 623 τὰς
3183 559 3581 629 θεοπνεύστους
3596 566 3797 638 Γριςάς

548 630 895 689 'l'estamenti
921 674 938 701 ,
972 647 1075 704 per
1099 648 1240 705 quas
1261 633 1473 704 jugiter
1517 633 1573 688 in
1622 634 1727 690 ﬁde
1755 650 2014 693 crescere
2044 637 2141 693 bo-

548 741 735 798 naque
776 727 1125 783 conscientia
1186 724 1235 782 is
1263 726 1469 797 dignus
1512 726 1608 794 lit,
1648 728 1745 798 qui
1783 729 2035 785 studiose
2066 729 2136 785 ad

551 823 681 878 illas
731 824 922 877 animo
983 820 1262 877 incumbit
1318 835 1420 893 pro
1476 836 1579 877 sua
1629 823 1978 896 aliorumque
2024 825 2137 881 uti-

549 917 726 972 litate.

620 1009 708 1065 15.
736 1009 1009 1066 Caterum
1045 1010 1144 1083 qui
1184 1011 1300 1068 haec
1331 1011 1569 1071 ﬁdeliter
1603 1023 1866 1083 recteque
1907 1027 2135 1083 perpen-

547 1099 750 1157 derant
800 1102 984 1158 sancti
1037 1101 1233 1159 Patres
1286 1106 1464 1160 nostri
1500 1120 1566 1159 ac
1614 1102 1900 1174 religionis
1955 1103 2133 1173 niagi-

550 1194 673 1259 stri,
710 1193 1031 1249 docuerunt
1078 1210 1180 1252 nos
1209 1211 1456 1267 quonam
1507 1200 1671 1251 modo
1711 1195 2011 1251 debeamus
2038 1210 2134 1250 co-

551 1285 667 1341 lere
699 1294 756 1342 et
784 1288 1039 1343 venerari
1098 1288 1368 1343 salutaria
1409 1287 1539 1343 tidei
1588 1286 1860 1359 symbola.
1891 1285 2131 1342 Crucem

549 1379 810 1435 videlicet
840 1380 1096 1445 Christi,
1130 1390 1421 1452 propterea
1465 1382 1615 1452 quod
1656 1382 1711 1435 in
1757 1379 1850 1434 illa
1880 1378 2136 1433 conﬁxus

553 1471 724 1527 luerit
758 1473 934 1529 clavis
973 1472 1248 1538 Salvator,
1297 1482 1563 1545 tanquam
1594 1473 1691 1544 qui
1722 1488 1820 1544 per
1857 1472 2008 1527 illam
2042 1486 2134 1527 re-

550 1563 928 1634 demptionem
973 1566 1137 1621 nobis
1178 1566 1427 1637 gratiose
1468 1566 1798 1629 indulserit,
1852 1573 1907 1621 et
1941 1580 1973 1618 a
2010 1579 2131 1619 ma-

550 1655 851 1712 ledictione
880 1673 1005 1728 quae
1052 1673 1117 1714 ex
1152 1658 1300 1728 ligno
1339 1658 1479 1725 fuit,
1534 1657 1876 1712 liberaverit.
1905 1657 2127 1721 Altare,

549 1755 817 1820 tanquam
856 1749 1203 1805 Dominicum
1240 1750 1770 1819 immaculatumque
1801 1762 2131 1803 monumen-

549 1851 689 1896 tum.
730 1840 1122 1907 Oblationem,
1179 1851 1447 1913 tanquam
1512 1857 1721 1912 corpus
1776 1840 1994 1897 Domini
2028 1856 2130 1896 no-

545 1935 649 1987 stri
677 1933 807 1990 vau
840 1934 1085 2001 Christi,
1126 1935 1242 1990 veri
1273 1935 1366 1991 Dei
1393 1943 1450 1991 et
1476 1935 1789 1991 Salvatoris
1812 1936 2126 1990 animarum

545 2038 885 2083 nostrarum.
907 2026 1205 2099 Evangelia
1237 2042 1400 2093 vero,
1429 2037 1694 2099 tanquam
1732 2044 1857 2099 quae
1884 2029 1954 2083 ab
1975 2030 2129 2099 ipso-

543 2130 656 2174 met
686 2118 798 2174 Deo
839 2117 1023 2175 Verbo
1064 2120 1429 2189 pronuntiata
1480 2119 1693 2175 fuerint
1722 2130 1779 2176 et
1808 2121 2130 2179 actionibus

540 2211 806 2266 exercita.
864 2211 1147 2280 Imagines
1202 2218 1386 2266 autem
1433 2212 1586 2281 quod
1629 2211 1861 2280 attinet;
1902 2215 2129 2284 quoties

542 2318 664 2358 eam
694 2319 818 2373 qum
848 2304 1184 2360 estDomini
1234 2304 1413 2358 nostri
1463 2302 1594 2359 Jesu
1625 2305 1832 2360 Christi
1876 2307 2127 2362 intacta:-

540 2412 647 2468 que
678 2412 744 2453 ac
794 2397 1333 2453 immaculatissimae
1378 2397 1506 2468 ejus
1551 2400 1845 2470 genitricis
1896 2408 1954 2455 et
2011 2401 2128 2456 dei-

540 2504 691 2561 para:
720 2488 906 2545 Mariae
946 2491 1194 2555 intueor,
1235 2492 1425 2546 statim
1479 2498 1647 2562 atque
1673 2492 1826 2548 illico
1865 2509 1962 2564 per
1999 2495 2127 2550 illas

539 2589 782 2637 mentem
811 2582 971 2654 erigo
1000 2583 1065 2638 ad
1101 2591 1407 2639 extremam
1440 2584 1564 2656 ejus
1612 2595 1840 2656 propter
1870 2602 1973 2643 nos
1994 2603 2128 2658 pau-

540 2683 812 2743 pertatem
857 2688 923 2728 ac
972 2674 1413 2743 demissionem;
1462 2677 1744 2747 siquidem
1795 2694 1921 2734 cum
1978 2680 2125 2735 Dens

536 2770 687 2819 esset
729 2763 962 2819 formam
1017 2768 1166 2821 servi
1246 2767 1495 2837 accepit,
1542 2784 1813 2841 suamque
1864 2771 2124 2827 ancillam

537 2852 765 2909 Matrem
815 2853 1036 2921 effecit,
1090 2866 1260 2927 atque
1320 2856 1389 2911 ab
1453 2857 1547 2912 illa
1603 2860 1811 2930 quippe
1859 2860 2124 2929 puerulus

538 2941 917 3011 bajulabatur,
954 2959 1019 2998 ac
1051 2959 1117 2998 ex
1167 2945 1432 3015 virgineis
1467 2949 1727 3004 mammis
1763 2949 1847 3005 lac
1870 2952 2121 3022 sugebat.

534 3032 679 3089 Cum
741 3035 912 3105 igitur
951 3036 1252 3093 sensibilis
1304 3039 1501 3096 oculus
1557 3039 1853 3111 imaginem
1912 3044 2124 3100 intente

540 3125 799 3196 respicit,
831 3126 1266 3184 intellectualem
1304 3130 1499 3186 cordis
1541 3133 1767 3187 oculum
1804 3134 1859 3188 in
1911 3142 2121 3207 myste-

2238 643 2340 713 τῆς
2373 643 2619 710 Παλαιᾶς
2650 649 2746 702 καὶ
2784 648 2888 720 τῆς
2933 650 3145 722 Καινῆς
3182 655 3481 728 Διαθὴκης,
3516 658 3584 712 δι’
3609 652 3680 714 ὧν
3723 664 3797 716 ἀεὶ

2237 734 2427 804 αὔξειν
2455 739 2535 801 είς
2557 739 2744 795 πίστιν
2764 743 2858 795 καὶ
2883 743 3098 813 ἀγαθὴν
3131 747 3462 820 συνείδησιν,
3494 752 3523 803 ὁ
3549 751 3799 822 ἐπιμελῶς

2238 832 2523 902 προσέχων
2578 834 2773 899 αὐταῖς
2820 836 3178 903 καταξιοῦται
3215 841 3357 912 πρός
3398 858 3461 895 τε
3502 842 3693 896 ἑαυτοῦ
3719 850 3799 901 καὶ

2235 923 2414 978 ἄλλων
2447 924 2743 994 ὠφέλειαν.

2310 1023 2400 1085 ιγ’.
2434 1017 2634 1071 Λοιπὸν
2676 1018 2850 1073 ταῦτα
2896 1020 2947 1074 οί
2979 1022 3191 1088 πιστῶς
3227 1023 3325 1077 καὶ
3358 1024 3537 1097 ὀρθῶς
3594 1027 3797 1099 ἐρευνή-

2237 1127 2431 1175 σαντες
2448 1113 2496 1164 οί
2520 1112 2668 1180 ἅγιοι
2690 1113 2850 1183 ήμῶν
2889 1114 3134 1187 Πατέρες
3154 1117 3251 1170 καλ⁵
3287 1120 3389 1188 τῆς
3436 1119 3709 1186 εὐσεϐείας
3732 1123 3798 1177 δι-

2232 1204 2516 1270 δάσκαλοι,
2546 1204 2792 1273 ἐδίδαξαν
2821 1207 2971 1278 ἡμᾶς
2997 1208 3139 1279 ποίῳ
3171 1210 3363 1281 τρόπῳ
3389 1211 3677 1283 ὀφείλομεν
3720 1216 3797 1269 σε·

2235 1300 2354 1353 ϐειν
2391 1299 2487 1353 καὶ
2532 1302 2864 1370 προσκυνεῖν
2898 1298 2970 1353 τὰ
3017 1303 3262 1372 σωτηρία
3295 1303 3546 1373 σύμϐολα
3579 1304 3677 1375 τῆς
3719 1323 3795 1358 πιο

2236 1408 2426 1456 στεως.
2465 1391 2570 1445 Τὸν
2612 1391 2848 1463 σταυρὸν
2876 1390 2973 1446 τοῦ
3004 1394 3273 1463 Χριστοῦ,
3324 1395 3414 1449 διὰ
3439 1396 3531 1449 τὸν
3576 1396 3636 1449 ὲν
3668 1398 3797 1470 αύτῷ
3844 1404 3845 1409 ‘

2232 1486 2660 1558 προσηλωθέντα
2683 1487 2941 1559 Σωτῆρα,
2969 1488 3045 1552 ῶς
3073 1489 3143 1542 δι’
3175 1490 3344 1544 αὐτοῦ
3379 1493 3515 1561 ἡμῖν
3548 1492 3795 1563 λύτρωσιν

2232 1580 2631 1652 χαρισαμένου,
2668 1581 2764 1634 καὶ
2790 1583 2891 1654 τῆς
2917 1584 2981 1636 ἑκ
3003 1582 3098 1636 τοῦ
3134 1582 3295 1649 ξύλου
3327 1586 3574 1655 κατάρας
3606 1586 3795 1640 ἐλευθε-

2237 1672 2536 1744 ρώσαντος.
2569 1673 2644 1726 Τὸ
2671 1672 2728 1726 δὲ
2770 1672 3190 1745 θυσιαστήριον,
3222 1676 3299 1738 ὡς
3328 1675 3390 1728 τὸ
3421 1676 3681 1745 κυριακὸν
3712 1680 3796 1731 xal.

2230 1766 2502 1836 ἄχραντον
2526 1765 2738 1835 μνῆμα.
2766 1765 2880 1836 Τὴν
2905 1765 2964 1819 δὲ
2987 1769 3330 1839 προσφορὰν,
3350 1767 3426 1831 ῶς
3444 1767 3505 1821 τὸ
3540 1770 3693 1838 σῶμα
3712 1770 3794 1822 τοῦ

2201 1857 2440 1928 οΚυρίου
2498 1857 2658 1928 ήμῶν
2715 1855 2896 1928 Ἰησοῦ
2936 1857 3198 1929 Χριστοῦ,
3252 1859 3347 1913 τοῦ
3387 1858 3643 1929 ἀληθινοῦ
3675 1860 3794 1914 Θεοῦ

2230 1950 2326 2004 καὶ
2357 1949 2615 2020 Σωτῆρος
2642 1950 2753 2003 τῶν
2780 1950 3067 2020 ἡμετέρων
3093 1950 3309 2020 ψυχῶν.
3355 1951 3438 2004 Τὰ
3483 1952 3538 2004 δὲ
3571 1952 3794 2019 Εὑαγγέ·

2228 2044 2339 2108 λια,
2368 2044 2444 2106 ὡς
2476 2043 2569 2095 ὑπ’
2623 2041 2789 2095 αὐτοῦ
2838 2041 2935 2095 τοῦ
2974 2041 3111 2095 Θεοῦ
3167 2044 3345 2111 Λόγου
3386 2043 3688 2113 λαληθέντα
3714 2046 3795 2097 καὶ

2230 2137 2567 2210 πραχθέντα.
2635 2136 2747 2199 Τὰς
2798 2135 2857 2189 δὲ
2890 2135 3126 2201 εἰκόνας,
3163 2135 3265 2206 τὴν
3299 2137 3400 2205 μὲν
3454 2136 3551 2190 τοῦ
3606 2138 3793 2207 κυρίου

2226 2230 2386 2302 ἡμῶν
2431 2228 2609 2300 Ἰησοῦ
2634 2226 2876 2299 Χριστοῦ
2916 2226 3013 2280 καλ⁸
3054 2228 3155 2295 τῆς
3212 2227 3489 2297 ἀχράντου
3544 2227 3634 2281 καὶ
3674 2244 3795 2280 nav-

2227 2322 2461 2377 ασπίλου
2526 2318 2694 2373 αὐτοῦ
2752 2317 2960 2388 μητρὸς
2992 2317 3088 2369 καὶ
3119 2318 3389 2370 Θεοτὸκου
3436 2317 3651 2387 Μαρίας
3678 2318 3794 2370 ὅταν
3890 2396 3897 2403 ο

2228 2415 2342 2477 ίδω,
2370 2412 2576 2476 εὐθέως
2604 2412 2699 2465 καὶ
2730 2412 2859 2480 παρ’
2894 2410 3038 2464 αὐτὰ
3065 2411 3158 2462 τὸν
3190 2410 3315 2463 νοῦν
3350 2410 3540 2477 ἁνάγω
3587 2411 3664 2473 είς
3706 2411 3792 2478 τὴν

2224 2508 2404 2579 ἄκραν
2435 2505 2601 2559 αὑτοῦ
2634 2504 2773 2576 πρὸς
2796 2505 2946 2574 ἡμᾶς
2989 2504 3267 2573 πτωχείαν
3318 2501 3415 2554 καὶ
3465 2503 3790 2569 συγκαταϐα-

2226 2616 2332 2663 σιν,
2386 2598 2471 2651 ὅτι
2518 2596 2654 2660 Θεὸς
2682 2595 2758 2648 ὢν
2786 2596 3000 2666 μορφὴν
3030 2592 3221 2647 δούλου
3250 2592 3415 2645 ἔλαϐε
3434 2632 3450 2653 ,
3478 2593 3572 2645 καὶ
3599 2592 3693 2663 τὴν
3720 2592 3789 2643 ol-

2224 2691 2380 2746 κείαν
2437 2689 2634 2760 δούλην
2678 2688 2895 2758 μητέρα
2951 2686 3200 2757 εποίησε,
3258 2685 3357 2739 καὶ
3408 2683 3501 2737 ὑπ’
3535 2683 3789 2755 αύτῆςὼς

2223 2787 2418 2857 νήπιος
2447 2780 2798 2847 ἐϐαστάζετο,
2825 2780 2920 2833 καὶ
2949 2782 3014 2834 ἐκ
3049 2777 3402 2850 παρθενικῶν
3436 2775 3624 2849 μαζῶν
3662 2775 3787 2845 γάλα

2223 2877 2495 2949 ὲθήλασεο
2532 2876 2625 2929 καὶ
2656 2874 2844 2928 λοιπὸν
2891 2873 2952 2926 τὸ
2996 2872 3257 2943 αἰσθητὸν
3309 2872 3466 2943 ὄμμα
3525 2870 3659 2940 πρὸς
3699 2870 3787 2940 τὴν
3878 2871 3883 2875 ⁴

2223 2974 2408 3027 εἰκόνα
2439 2970 2644 3034 ἀτενῶς
2677 2968 2914 3041 βλέπων,
2942 2967 3003 3021 τὸ
3034 2966 3225 3036 νοητὸν
3251 2966 3353 3037 τῆς
3388 2964 3615 3036 καρδίας
3644 2964 3788 3034 ὄμμα

2225 3067 2326 3120 σὺν
2355 3065 2436 3136 τῷ
2469 3064 2545 3136 νῷ
2570 3065 2651 3126 εἰς
2672 3063 2735 3115 τὸ
2758 3061 3056 3132 μυστήριον
3077 3058 3177 3129 τῆς
3198 3058 3466 3129 ὲνσάρκου
3494 3058 3788 3126 οἰκονομίας

2224 3159 2517 3223 ἀκοντίζω,
2547 3157 2641 3211 καὶ
2697 3156 2825 3227 περὶ
2868 3153 2981 3207 τῶν
3010 3150 3424 3222 ἁσυγγνώστων
3460 3150 3554 3203 καὶ
3590 3149 3790 3201 πολλῶν

538 3221 680 3274 rium
714 3220 1022 3278 incarnatie
1050 3223 1485 3293 dispensationis
1514 3242 1728 3283 exacuo
1748 3270 1762 3295 ,
1795 3240 1961 3301 atque
1991 3247 2120 3302 gra-

2227 3270 2329 3324 μου
2377 3220 2799 3322 ἁμαρτημάτων
2842 3245 3039 3315 δέομαι
3067 3220 3178 3312 τὴν
3216 3242 3535 3312 ἀγαθότητα
3567 3242 3654 3294 καὶ
3712 3241 3792 3293 εύ-

533 3312 890 3368 vissimorum
953 3315 1369 3387 multorumque
1440 3332 1792 3390 peccatorum
1865 3338 2113 3379 meorum

2225 3312 2559 3411 σπλαγχνίαν
2588 3312 2777 3405 αὑτοῦ,
2798 3312 2996 3405 λέγω-ν
3032 3334 3187 3400 Δόξα
3218 3350 3339 3399 σοι,
3372 3337 3406 3388 δ
3441 3336 3599 3399 Θεός·
3624 3337 3652 3387 δ
3681 3337 3791 3386 Σω·

532 3406 750 3461 veniam
778 3407 1051 3476 deprecor
1080 3424 1110 3464 a
1141 3410 1389 3467 bonitate
1417 3421 1473 3468 et
1504 3414 1894 3471 misericordia
1934 3414 2112 3483 illius,

2218 3433 2330 3502 τήρ
2352 3449 2495 3502 μου,
2529 3428 2796 3497 ἐλέησόν
2816 3443 2894 3498 με
2913 3426 3022 3480 τὸν
3037 3424 3413 3496 ἁμαρτωλὸν,
3446 3425 3542 3476 καὶ
3574 3420 3791 3493 συγχώ-

531 3498 771 3555 dicens:
820 3496 1011 3557 Gloria
1053 3500 1172 3567 tibi,
1208 3503 1351 3560 Deus
1378 3519 1397 3559 :
1425 3503 1680 3561 Salvator
1718 3508 1824 3572 mi,
1865 3510 2115 3565 miserere

2225 3496 2416 3591 pq'o'or
2434 3522 2542 3589 τὰς
2568 3496 2961 3589 πολλάς-μου
3014 3517 3324 3588 ἁμαρτίας,
3387 3521 3422 3571 ό
3472 3516 3548 3569 δι’
3597 3514 3703 3585 ἐμὲ
3728 3512 3789 3568 τὸ

533 3593 637 3647 mei
675 3596 970 3662 peccatoris
996 3635 1012 3660 ,
1062 3604 1113 3650 et
1146 3596 1366 3669 indulge
1404 3599 1577 3653 multa
1609 3611 1832 3671 peccata
1882 3619 1999 3657 mea
2022 3604 2115 3674 qui

530 3699 630 3753 pro
659 3701 740 3740 me
786 3696 1040 3741 naturam
1087 3704 1261 3744 meam
1299 3693 1529 3760 portasti
1548 3733 1563 3760 ,
1592 3709 1697 3748 uno
1729 3694 1997 3749 duntaxat
2023 3711 2116 3750 ea:-

533 3786 681 3847 cepto
710 3789 947 3846 peccato.

605 3870 695 3926 Ν.
731 3869 963 3938 Quoties
1003 3886 1135 3929 vero
1188 3873 1433 3944 Deiparte
1478 3874 1723 3947 Virginis
1758 3876 1945 3932 Maria:
1976 3878 2109 3932 ima-

530 3960 715 4029 ginem
752 3963 1119 4033 contemplor,
1162 3965 1345 4018 statim
1398 3965 1569 4021 dico:
1621 3965 1984 4022 Immaculata
2013 3968 2113 4023 Dei

527 4051 779 4121 genitriaz,
812 4050 991 4107 Mater
1034 4052 1238 4109 Christi
1289 4054 1423 4120 Dei,
1464 4071 1562 4111 ora
1613 4055 1819 4112 Filium
1854 4068 2007 4114 tuum
2043 4077 2109 4114 ac

528 4144 699 4199 Deum
728 4161 922 4211 meum,
968 4155 1027 4201 ut
1050 4148 1365 4201 misereatur
1391 4152 1493 4203 mei
1517 4166 1618 4204 sua
1649 4150 1886 4206 bonitate
1912 4162 1965 4208 et
2004 4156 2110 4208 mi-

524 4236 846 4291 sericordia.
894 4235 1132 4293 Multum
1184 4238 1325 4294 enim
1372 4240 1509 4295 valet
1550 4240 1867 4308 supplicatio
1914 4241 2107 4297 Matris

524 4328 596 4382 ad
621 4328 964 4385 obtinendam
1009 4328 1388 4402 benignitatem
1436 4332 1672 4389 Domini.
1721 4334 1805 4389 Ne
1846 4336 2106 4405 despicias

468 4431 472 4436 ’
522 4424 859 4493 peccantium
900 4440 1103 4494 preces,
1152 4443 1187 4480 ο
1216 4426 1696 4494 venerabilissima,
1735 4431 1987 4501 quoniam
2012 4430 2108 4483 mi-

2218 3618 2346 3671 κατ’
2374 3614 2480 3686 ἐμὲ
2509 3613 2797 3684 φορέσας,
2823 3611 2964 3681 δίχα
2984 3612 3183 3682 μόνης
3213 3609 3326 3679 τῆς
3350 3609 3656 3681 ἁμαρτιας.

2290 3898 2373 3950 ιδ’.
2409 3896 2581 3950 Ὅταν
2604 3893 2662 3951 δὲ
2690 3895 2789 3966 τῆς
2819 3892 3088 3947 Θεοτόκου
3119 3890 3405 3963 Παρθένου
3449 3888 3663 3960 Μαρίας
3690 3887 3783 3959 τὴν

2215 3987 2404 4042 εἰκόνα
2423 3985 2732 4056 θεάσωμαι,
2752 3983 2956 4047 εὐθέως
2986 3982 3133 4052 λέγω
3152 3998 3167 4013 ο
3204 3984 3495 4052 Ἀχρσντε
3522 3980 3777 4042 Θεοτόκε,

2213 4082 2416 4151 Μῆτερ
2438 4079 2695 4149 Χριστοῦ
2718 4077 2827 4133 τοῦ
2856 4076 3025 4143 Θεοῦ,
3051 4075 3349 4146 πρέσϐευε
3378 4074 3487 4128 τὸν
3514 4074 3649 4127 Υἱόν
3672 4089 3779 4126 σου

2210 4174 2315 4230 και
2352 4174 2503 4228 Θεόν
2545 4190 2689 4243 μου,
2730 4171 2891 4237 ὅπως
2921 4169 3151 4237 ἐλεήσῃ
3167 4186 3247 4239 με
3275 4167 3351 4237 τῇ
3375 4167 3564 4222 αὐτοῦ
3586 4166 3779 4235 ἀγαθό-

2209 4281 2342 4331 τητι
2367 4262 2468 4316 καί
2500 4259 2958 4330 εὐσπλαγχνίᾳο
2994 4258 3200 4314 πολλὰ
3227 4258 3337 4327 γὰρ
3361 4260 3560 4326 ίσχύει
3586 4255 3778 4322 δέησις

2211 4355 2449 4423 Μητρὸς
2491 4339 2644 4422 πρὸς
2682 4350 2999 4421 εὐμένειαν
3026 4349 3359 4404 Δεσπότου.
3388 4347 3487 4416 Μὴ
3541 4346 3777 4416 nuptam

2209 4443 2574 4515 ἁμαρτωλῶν
2609 4444 2868 4507 ἱκεσίαν,
2903 4440 2942 4508 ἡ
2987 4439 3360 4511 πάνσεμνος,
3395 4439 3486 4494 ὅτι
3519 4438 3775 4507 ἐλεήμων

523 4516 751 4570 sericors
789 4525 869 4571 est
902 4524 952 4571 et
1008 4518 1218 4572 δαίσατο
1261 4529 1462 4587 potest,
1497 4524 1591 4591 qui
1622 4522 1783 4576 etiam
1824 4537 1920 4591 pro
1953 4522 2104 4577 nobis

2225 4538 2340 4593 Earl
2381 4537 2481 4591 καί
2540 4536 2749 4596 σώζειν
2796 4534 3154 4605 δυνάμενος,
3190 4537 3223 4588 ό
3260 4532 3363 4587 καὶ
3399 4530 3773 4603 παθεῖν-,ὑπὲρ

523 4607 639 4675 pati
668 4605 920 4678 dignatus
946 4619 1023 4661 est

2225 4629 2380 4701 ἡμῶν
2409 4627 2911 4698 καταδεξάμενος.

595 4698 683 4754 15.
715 4697 949 4765 Quando
979 4706 1163 4754 autem
1205 4701 1489 4771 conspicio
1536 4703 1832 4774 imaginem
1861 4704 2104 4776 alicujus

2238 4697 2262 4701 Ἰ
2284 4729 2365 4776 ιε’.
2398 4722 2571 4774 Ὅταν
2598 4719 2657 4773 δὲ
2691 4697 2785 4771 ίδω
2815 4718 3330 4773 εἰκόνα’ὰποστόλου
3357 4718 3391 4789 ἢ
3428 4716 3774 4789 μάρτυρος,ῆ

522 4791 760 4863 apostoli
805 4800 900 4846 aut
946 4791 1211 4862 martyris
1265 4794 1351 4847 vel
1388 4793 1622 4848 alterius
1663 4795 1879 4860 sancti,
1922 4796 2103 4853 histo-

2225 4831 2355 4878 τινος
2386 4812 2494 4866 τῶν
2524 4812 2719 4880 ἁγίων,
2758 4811 3003 4882 ἱστορίαν
3044 4810 3153 4863 τῶν
3205 4810 3555 4881 παθημάτων
3589 4808 3772 4868 αὐτῶν,

520 4884 661 4939 riam
731 4899 924 4954 nempe
974 4884 1299 4975 passionum
1356 4901 1585 4950 eorum,
1627 4902 1770 4957 quas
1831 4904 2103 4959 generose
2204 4899 2280 4960 ὧν
2301 4905 2392 4959 διὰ
2443 4902 2680 4974 Χριστὸν
2737 4902 3038 4972 ὑπέμειναν
3093 4903 3381 4971 γενναίως,
3425 4902 3601 4970 λέγω·
3636 4904 3775 4964 Δόξα

518 4990 622 5047 pro
658 4975 880 5031 Christo
902 4978 1274 5047 pertulerunt,
1310 4976 1435 5033 dico
1468 4996 1483 5032 :
1538 4976 1728 5046 Gloria
1760 4979 1880 5043 tibi,
1927 4981 2095 5046 Deus,

2225 5014 2329 5063 γοι,
2361 5000 2395 5051 ὁ
2430 4996 2574 5063 Θεὸς
2609 4994 2785 5050 τοῦδε
2819 4994 3169 5050 ἀποστόλου
3195 4997 3233 5064 ἢ
3264 4994 3442 5050 τοῦδε
3471 4995 3581 5049 τοῦ
3598 4997 3773 5063 ἁγίου.

516 5067 674 5138 Ῑ¹¹¹Ϊ¹⁴⁸
704 5070 935 5138 apostoli
980 5070 1062 5124 νει
1107 5070 1266 5138 hui”
1299 5070 1498 5124 δαηθίί·
1534 5070 1717 5142 Αιίιυθ
1741 5070 1860 5127 δεθ
1890 5074 1973 5129 δίε
2011 5073 2099 5129 δί’·
2208 5093 2320 5147 Καὶ
2355 5090 2529 5145 ταῦτα
2557 5088 2702 5143 οὕτω
2720 5089 2916 5158 λέγων,
2958 5090 3038 5152 είς
3061 5088 3195 5141 Θεὸν
3218 5088 3318 5159 τὴν
3355 5089 3516 5155 δόξαν
3545 5089 3777 5156 ἀναπέμ-

514 5176 670 5227 cens,
696 5161 936 5232 gloriam
983 5160 1095 5217 Deo
1134 5164 1343 5217 tribuo.
1404 5160 1482 5217 Ita
1523 5163 1627 5218 huc
1678 5162 1845 5220 modo
1873 5168 2097 5237 accepi-

2225 5200 2315 5238 τω.
2349 5180 2536 5234 Ταῦτα
2561 5179 2704 5234 οὓτω
2730 5180 3117 5251 παρελάϐομεν
3145 5182 3211 5234 ὲκ
3234 5179 3345 5234 τῶν
3390 5181 3565 5250 ἁγίων
3617 5180 3776 5234 Πατέ-

514 5267 639 5309 nius
669 5268 702 5308 a
726 5256 939 5312 sanctis
979 5253 1265 5322 Patribus,
1305 5271 1543 5327 quorum
1583 5257 1753 5312 etiam
1784 5260 2011 5315 nomina
2044 5269 2099 5316 et

2225 5291 2337 5338 nov,
2374 5265 2451 5327 ὧν
2480 5274 2575 5326 καὶ
2594 5272 2663 5325 τὰ
2693 5271 2936 5343 ὀνόματα
2959 5273 3056 5326 καὶ
3088 5272 3216 5335 τοὺς
3255 5270 3451 5342 λόγους
3483 5275 3541 5326 ὲν
3560 5273 3637 5343 τῷ
3666 5271 3776 5325 τεύ-

510 5344 682 5396 verba
708 5343 763 5399 in
805 5345 949 5402 libro
978 5346 1055 5417 (7)
1103 5348 1561 5417 consignabimus
1609 5348 1658 5403 si
1709 5347 1807 5404 Dei
1839 5350 2094 5405 voluntas

2225 5385 2288 5439 [ει
2322 5365 2927 5437 παρασημειωσόμεθα,
2955 5364 3089 5419 Θεοῦ
3114 5365 3366 5438 βουλήσει
3409 5369 3503 5421 καὶ
3532 5367 3770 5439 προνοίᾳ.

512 5447 578 5488 ac
604 5435 951 5506 providentia
989 5440 1198 5495 tulerit.
2202 5435 2235 5440 "
2536 5435 2567 5437 θῇ
2770 5435 2777 5436 ί
3268 5435 3277 5438 ’
3550 5444 3555 5449 ”

584 5525 672 5581 16.
702 5528 771 5582 At
800 5543 899 5584 vos
924 5533 1052 5585 novi
1086 5534 1479 5602 praedicatores
1508 5543 1563 5591 et
1592 5536 1787 5592 inanes
1816 5536 2092 5608 theologi:

2279 5558 2374 5617 ις’.
2423 5551 2616 5622 Ὑμεῖς
2645 5549 2705 5604 δὲ
2726 5552 2775 5605 οί
2798 5551 3134 5623 νεοκήρυκες
3164 5553 3259 5606 καὶ
3306 5553 3459 5605 κενοὶ
3509 5551 3769 5621 θεολόγοι·

508 5615 624 5675 Vos
650 5635 747 5690 qm
779 5624 1023 5677 assecuti
1057 5625 1196 5681 estis
1228 5628 1677 5696 praedicationem
1710 5636 2094 5703 apostolorum

2225 5615 2366 5713 ipsi;
2400 5643 2450 5695 οἱ
2469 5615 2730 5713 τυχόντες
2763 5640 2827 5695 τὸ
2848 5615 3114 5713 κήρῦγμα
3131 5641 3244 5697 τῶν
3266 5642 3441 5713 ἁγίων
3466 5615 3771 5700 ἀποστόλων

584 5875 664 5948 (7)
695 5876 898 5935 Confer
933 5881 1242 5939 orationem
1263 5882 1752 5942 demonstrativam
1784 5890 1851 5945 de
1884 5801 2449 5967 sacriﬁ'ﬁfgiuibus,
2482 5906 2523 5953 t.
2561 5896 2725 5965 XCV,
2760 5896 2865 5953 309
2904 5915 3025 5970 seq.
