4026 6404
233 456 367 521 1361

1360 469 1759 531 ADVERSUS
1799 471 2376 539 ICONOCLASTAS.

3338 481 3473 548 1362

221 577 319 627 καὶ
348 573 457 629 τῶν
476 574 659 627 αὐτῶν
686 574 947 647 διαδόχων
977 586 1073 631 καὶ
1105 578 1383 651 μαθητῶν,
1407 582 1696 652 ἡμετέρων
1743 583 1779 637 δί

1903 588 2237 660 illorumque
2266 604 2650 648 successorum
2680 607 2743 648 ac
2780 592 3209 665 discipulorum,
3240 593 3471 650 Patrum

220 668 482 738 Ιιατέρων
504 670 599 722 καὶ
621 668 978 736 διδασκάλων,
1012 672 1196 737 καθὼς
1221 674 1375 726 αὐτοὶ
1393 678 1530 745 ἡμῖν
1559 677 1799 749 παραδε-

216 760 491 814 δώκασιν·
528 762 637 815 ἀπὸ
679 762 775 816 τοῦ
816 764 1084 836 κυριακοῦ
1125 767 1332 831 πάθους
1368 770 1587 836 καὶτῆς
1620 788 1796 844 σωτη-

218 854 340 922 ρίου
373 856 723 920 ἀναστάσεως
745 897 760 919 ,
798 859 962 931 μέχρι
1000 862 1101 928 τῆς
1144 862 1429 933 παρούσης
1464 863 1797 931 ἰνδικτιῶνος

214 946 431 1016 ὀγδόης,
461 948 556 1019 ἐτη
585 949 887 1005 ἑπτακόσια
922 952 1007 1023 με’
1026 954 1278 1023 λέγουσιν
1298 952 1459 1019 εῖναι,
1492 957 1585 1011 καὶ
1606 956 1796 1012 ἔκτοτε

216 1041 314 1093 καὶ
351 1041 459 1105 ἕως
488 1041 651 1113 μέχρι
687 1044 781 1097 καὶ
820 1044 916 1097 νῦν
952 1047 1008 1099 αἰ
1045 1046 1342 1118 σεϐάσμιαι
1396 1048 1604 1112 εἰκόνες
1652 1045 1795 1120 ἦσαν

217 1130 315 1184 καὶ
348 1132 490 1185 εἰσὶν
521 1131 626 1187 ὑπὸ
646 1134 755 1188 τῶν
790 1135 1018 1203 πιστῶν,
1045 1136 1121 1201 ὡς
1146 1138 1506 1209 προείπομεν,
1550 1157 1795 1210 προσκυ-

216 1223 481 1294 νούμεναι
507 1241 521 1256 ο
556 1224 796 1292 ἐδείξατε
837 1228 921 1281 ὅτι
953 1229 1022 1283 τὰ
1062 1230 1364 1285 ἑπτακόσια
1410 1232 1587 1287 ταῦτα
1613 1232 1705 1304 ἔτη
1756 1233 1789 1303 ή

218 1313 484 1387 καθολικὴ
538 1317 635 1371 καὶ
669 1318 1004 1390 ἁποστολικὴ
1048 1320 1363 1393 Ἐκκλησία,
1400 1322 1498 1378 καὶ
1550 1323 1601 1376 oi
1644 1322 1792 1377 διδά-

217 1407 407 1461 σκαλοι
435 1409 531 1462 καὶ
561 1410 609 1463 oi
641 1412 901 1481 ποιμένες
928 1412 1100 1483 αὐτῆς
1142 1412 1473 1478 ἐπλανῶντο,
1518 1415 1614 1469 καὶ
1664 1415 1792 1485 ὑμῖν

215 1501 330 1562 τοῖς
360 1501 523 1570 νεοκή
536 1500 686 1572 ρυξιν
706 1502 1069 1574 ἀπεκαλύφθη
1099 1505 1132 1575 ἡ
1150 1504 1375 1576 ἀλήθεια
1391 1506 1492 1576 τῆς
1514 1505 1752 1570 πίστεως
1771 1524 1786 1574 ;

227 1589 318 1657 Ἐξ
355 1590 479 1644 ὅτου
512 1592 622 1662 γάρ
652 1592 752 1664 τὴν
789 1593 1019 1664 ἔρευναν
1061 1595 1267 1665 ταύτην
1298 1595 1501 1667 ἤρξατε
1544 1595 1787 1666 ποιῆσαι,

213 1680 355 1732 εἰσὶν
386 1679 481 1751 ἐτη
509 1682 695 1735 πλεῖον
742 1684 776 1755 ἢ
812 1684 1036 1739 ἐλάσσον
1063 1692 1174 1756 με’.
1218 1686 1354 1740 ’Δπδ
1398 1687 1509 1757 γὰρ
1559 1688 1789 1759 ὲννάτης

210 1773 597 1845 ἐπινεμήσεως
653 1776 858 1847 ἤρξατε
903 1780 970 1850 τῇ
1018 1778 1247 1850 ἀληθείᾳ
1304 1780 1651 1835 ἀντιπίπτειν
1691 1780 1789 1834 καὶ

210 1866 439 1938 ὲρευνᾷν
466 1867 528 1921 τὸ
580 1868 697 1931 πῶς
720 1868 1074 1940 διαστρέψετε
1098 1870 1167 1925 τὰ
1192 1871 1552 1944 ἁδιάστροφα.
1603 1871 1788 1927 Ἐπειο-

1901 696 1965 737 ac
2007 682 2403 751 magistrorum
2432 691 2813 757 nostrorum,
2847 685 3129 757 quomodo
3163 687 3270 757 ipsi
3308 686 3472 741 nobis

1901 775 2257 832 tradiderunt
2314 776 2383 848 (α
2436 785 2685 848 tempore
2737 778 3039 834 Dominicze
3086 778 3365 849 passionis
3419 788 3474 833 et

1897 865 2203 923 salutiferae
2263 868 2695 923 resurrectionis
2765 884 2942 941 usque
3001 870 3068 924 ad
3143 877 3469 939 praesentem

1899 970 2152 1015 octavam
2179 960 2568 1025 indictionem,
2611 975 2789 1017 annos
2816 976 2938 1017 esse
2975 963 3130 1016 aiunt
3156 961 3471 1032 septingen-

1897 1060 1983 1106 tos
2042 1051 2411 1123 quadraginta
2465 1052 2757 1122 quinque,
2800 1060 2966 1122 atque
3004 1053 3072 1109 ab
3120 1068 3187 1107 eo
3219 1061 3468 1122 tempore

1895 1155 2071 1211 usque
2121 1140 2393 1197 hactenus
2445 1141 2792 1197 venerabiles
2831 1141 3115 1209 imagines
3162 1141 3383 1196 luerunt
3411 1150 3466 1197 et

1896 1240 2025 1287 sunt
2057 1240 2331 1288 veneratae
2373 1246 2405 1287 a
2445 1231 2703 1289 ﬁdelibus
2753 1232 3213 1304 quemadmodum
3249 1233 3465 1303 praefati

1895 1323 2276 1393 sumus).Vos
2311 1323 2643 1381 ostendistis
2668 1366 2684 1392 ,
2739 1323 2887 1396 quod
2946 1338 3047 1394 per
3089 1318 3465 1395 septingentos

1895 1414 2065 1472 hosce
2097 1431 2273 1472 annos
2311 1416 2585 1471 catholica
2636 1425 2693 1473 et
2737 1418 3043 1487 apostolica
3097 1415 3345 1472 Ecclesia
3374 1415 3468 1472 do-

1894 1515 2191 1578 ctoresque
2215 1518 2271 1564 et
2317 1516 2573 1578 pastores
2607 1507 2731 1577 ejus
2771 1508 3105 1572 erraverint,
3147 1508 3304 1563 vobis
3332 1523 3466 1564 vero

1891 1600 2207 1655 recentibus
2268 1599 2724 1669 praedicatoribus
2766 1600 3007 1655 revelata
3056 1599 3222 1654 fuerit
3258 1599 3464 1656 veritas

1890 1689 2051 1744 ﬁdei?
2074 1689 2150 1744 Ex
2182 1705 2292 1761 quo
2319 1690 2471 1745 enim
2506 1689 2922 1760 inquisitionem
2954 1691 3097 1744 hanc
3119 1688 3461 1757 instituistis,

1891 1790 2022 1838 sunt
2075 1783 2205 1836 anni
2265 1783 2389 1853 plus
2441 1782 2628 1837 minus
2682 1782 2925 1852 quinque
2975 1789 3032 1835 et
3073 1780 3460 1852 quadraginta.

1888 1874 2152 1945 Cospistis
2210 1890 2452 1945 namque
2482 1889 2511 1928 a
2542 1888 2685 1929 nona
2734 1874 3040 1929 indictione
3093 1874 3309 1929 veritati
3362 1874 3462 1927 ad-

209 1956 277 2029 δὴ
327 1958 423 2012 ἐπὶ
482 1958 583 2030 τὴν
616 1959 827 2031 πέτραν
872 1960 976 2032 τῆς
1009 1962 1298 2033 ’ἀληθείας
1341 1963 1703 2036 ᾠκοδόμησαν
1732 1965 1779 2018 οἰ

1887 1964 2096 2019 versari
2152 1962 2402 2034 illudque
2450 1964 2763 2035 inquirere.
2829 1977 3068 2033 quonam
3126 1968 3289 2032 pacto
3337 1976 3461 2032 qum

211 2051 360 2118 ἆγιοι
387 2051 544 2122 ἡμῶν
569 2053 834 2124 Πατέρες,
867 2052 966 2107 καί
1001 2054 1188 2109 πύλαι
1214 2054 1363 2122 ᾅδου
1400 2055 1473 2110 οὐ
1505 2054 1787 2125 κατισχύ-

208 2157 438 2198 σουσιν
464 2144 654 2212 αὐτῆς
679 2184 695 2209 ,
724 2144 870 2217 ἅπερ
912 2146 1020 2200 εἰσὶ
1042 2147 1112 2201 τά
1129 2147 1293 2202 ἄδικα
1314 2147 1411 2201 καὶ
1442 2148 1656 2219 πονηρὰ
1677 2147 1786 2202 τῶν

209 2237 508 2307 αἰρετικῶν
544 2238 811 2309 στόματα.
860 2238 1231 2311 Ἠπιοτήσατε
1266 2242 1383 2305 τοῖς
1422 2240 1665 2307 πατράσι
1689 2241 1786 2295 καὶ

210 2326 289 2397 τῷ
325 2327 700 2400 βαπτίσματι,
754 2330 784 2385 δ
815 2331 948 2403 παρ’
998 2331 1182 2386 αὐτῶν
1225 2332 1507 2405 εἰλήφατε,
1556 2333 1652 2387 καὶ
1681 2333 1785 2387 οὐκ

210 2419 672 2485 ἐδέξασθεαύτῶν
695 2421 796 2494 τὴν
830 2421 1013 2476 πίστιν
1049 2424 1145 2476 καὶ
1188 2423 1315 2487 τοὺς
1359 2423 1571 2492 λόγους.
1615 2423 1786 2477 Ἐδεί-

214 2513 343 2578 ξατε
365 2513 581 2584 τρανῶς
610 2514 776 2568 τίνων
823 2513 1065 2585 μαθηταί
1097 2515 1220 2567 ἐστε
1277 2514 1374 2569 καὶ
1401 2514 1655 2585 διάδοχοι.
1697 2516 1786 2579 Ὠς

212 2602 322 2673 γὰρ
352 2603 387 2673 ή
417 2603 571 2658 ἄνοια
613 2602 770 2675 ὑμῶν
793 2601 1060 2674 πρόδηλος
1094 2603 1434 2675 γενησομένη
1478 2604 1677 2675 ἐφάνη,
1699 2604 1784 2657 ὄτι

210 2691 439 2748 ἐκείνων
497 2694 619 2748 ἐστὲ
675 2694 937 2766 μαθηταὶ,
965 2694 1076 2750 τῶν
1124 2694 1442 2765 κραξάντων
1475 2697 1575 2749 σὺν
1614 2697 1785 2768 ’Δννᾳ

213 2784 307 2837 καὶ
333 2783 558 2855 Καῖάφᾳ
594 2785 731 2855 πρὸς
760 2786 1011 2849 Πιλᾶτον,
1055 2786 1304 2854 λέγουσιν
1323 2804 1335 2817 ·
1378 2785 1569 2853 Ἡμεῖς
1598 2786 1784 2850 βασι-

210 2874 326 2929 ua
351 2878 463 2930 οὐκ
507 2875 729 2945 ἔχομεν
765 2880 818 2931 ει
851 2877 938 2947 μὴ
964 2878 1259 2947 Καίσαρα.
1292 2879 1340 2931 εί
1370 2881 1463 2931 καὶ
1506 2878 1782 2948 προϐάτου

206 2964 375 3035 δορὰν
419 2967 647 3037 ὲπέχετε
701 2968 795 3021 καὶ
852 2966 1110 3037 ποιμένος
1157 2967 1348 3038 στολὴν
1390 2966 1780 3039 ἀμφιέννυσθε.

206 3057 310 3121 -Ὦς
339 3059 449 3129 γάρ
471 3060 670 3114 ἐκεῖνοι
699 3060 793 3112 τὸν
817 3060 1049 3129 Σωτῆρα
1078 3061 1389 3131 ἠρνήσαντο
1423 3058 1566 3114 κατὰ
1614 3060 1783 3131 πρόσ⁹

208 3166 359 3203 ωπον
411 3150 668 3215 Πιλάτου,
718 3153 812 3205 καὶ
864 3151 1055 3205 τοῦτον
1104 3153 1322 3224 σταυρῷ
1364 3151 1784 3224 προσπήξαντες

207 3239 530 3315 ἀνήλωσαν
563 3240 724 3305 αὐτὸς
741 3241 802 3295 δὲ
824 3244 891 3312 τῇ
925 3242 1079 3311 θεῖκῇ
1111 3243 1276 3297 αὐτοῦ
1307 3243 1535 3313 δυνάμει
1556 3242 1777 3313 ἀνέστη.

207 3306 309 3384 καὶ.
333 3330 567 3400 ἀνῆλθεν
586 3333 644 3385 ὲν
675 3334 788 3394 τοῖς
809 3306 1079 3400 ὑψίστοις,
1111 3333 1206 3385 καὶ
1244 3306 1513 3401 ἐκάθησεν
1545 3333 1603 3385 ιν
1627 3306 1780 3402 δεξιᾷ
1806 3306 1847 3365 C

205 3421 303 3491 τῆς
358 3421 749 3493 μεγαλωσύνης
803 3423 897 3476 τοῦ
954 3423 1094 3476 Θεοῦ
1141 3424 1238 3477 καὶ
1267 3423 1512 3494 Πατρός·
1546 3426 1616 3476 Ὃ
1664 3425 1776 3492 γὰρ

202 3511 425 3565 ἔπαθεν
443 3511 596 3580 ὑπὲρ
621 3512 791 3581 ἡμῶν
826 3513 1030 3580 σαρκὶ,
1051 3514 1274 3567 ἔπαθεν
1311 3513 1572 3582 ἐφάπαξ,
1598 3513 1777 3568 θάνα-

200 3620 305 3669 τος
333 3603 523 3658 αὐτοῦ
552 3603 754 3658 οὐκέτι
782 3605 1064 3673 κυριεύει,
1097 3604 1203 3658 κᾶν
1227 3605 1387 3675 ὑμεῖς
1418 3603 1774 3674 φιλοπόλεμοι

201 3694 355 3759 ὄντες
383 3696 519 3767 πρὸς
546 3696 694 3767 ἡμᾶς
725 3696 1077 3766 φιλονεικεῖτε
1099 3713 1114 3727 ο
1163 3695 1425 3758 ὡσαύτως
1465 3696 1559 3749 καὶ
1591 3696 1771 3765 ὑμεῖς,

201 3786 260 3838 ὲν
279 3783 359 3855 τῷ
381 3784 473 3838 τὸν
501 3784 731 3856 Σωτῆρα
756 3786 831 3855 μὴ
863 3783 1134 3855 ἰσχύοντες
1160 3785 1225 3838 ὲκ
1248 3785 1499 3856 δευτέρου
1529 3785 1775 3857 σταυρῶ-

204 3895 314 3944 σαι,
358 3878 439 3940 εἰς
480 3878 607 3940 τοὺς
634 3878 733 3948 τῆς
759 3878 1027 3948 ὲνσὰρκου
1060 3879 1374 3949 οἰκονομίας
1402 3877 1568 3932 αὐτοῦ
1598 3896 1774 3949 χαραι

207 3973 420 4042 κτῆρας
442 3971 541 4025 καί
571 3969 671 4033 τὰς
713 3972 1070 4043 ὑπομνήσεις,
1129 3971 1228 4024 σὺν
1276 3973 1343 4041 τῇ
1396 3972 1539 4025 κατὰ
1590 3972 1771 4041 σάρκα

198 4061 366 4119 αὑτοῦ
408 4061 601 4133 μητρὶ,
636 4060 731 4115 καὶ
765 4064 879 4124 τοῖς
916 4062 1095 4130 ἁγίοις
1147 4060 1313 4115 αὑτοῦ
1358 4061 1629 4133 μαθηταῖς
1676 4063 1772 4117 καὶ

196 4156 514 4217 ἀποστόλοις
540 4153 721 4207 πᾶσαν
752 4152 851 4223 τὴν
878 4152 1076 4208 κακίαν
1112 4152 1267 4222 ὑμῶν
1317 4152 1599 4224 προδήλως
1633 4154 1770 4206 ἐδεί-

197 4245 345 4312 ξατε.
404 4246 514 4298 Καὶ
564 4244 672 4316 γὰρ
724 4245 782 4297 ὲν
816 4244 952 4315 πυρὶ
1002 4245 1096 4298 καὶ
1145 4247 1203 4299 ἐν
1238 4245 1463 4315 μυρίαις
1500 4248 1769 4315 μηχαναῖς

195 4337 502 4411 ἐχρήσασθε
538 4338 681 4392 κατὰ
707 4338 817 4391 τῶν
845 4338 1016 4406 ἁγίων
1046 4338 1292 4402 εἰκόνων,
1327 4337 1638 4409 νομίζοντες
1666 4338 1766 4409 τὴν

196 4432 423 4502 μνήμην
447 4430 629 4485 αὐτῶν
653 4430 851 4494 τελέως
878 4430 1278 4500 άπαλειφῆναι,
1306 4430 1445 4485 κατὰ
1471 4429 1580 4483 τῶν
1606 4447 1767 4500 χαραο

192 4523 417 4592 κτήρων
444 4522 542 4591 τῆς
570 4521 1033 4595 χρωματουργίας
1050 4522 1233 4576 αὐτῶν
1252 4523 1614 4594 ἀναμνήσεως
1638 4540 1767 4592 μαι-

198 4613 442 4684 νόμενοι.
462 4612 603 4665 Ἀλλ’
630 4614 778 4683 ὅμως
803 4613 1088 4667 καὶταῦτα
1107 4614 1593 4685 πράττοντες,καθ⁹
1610 4614 1764 4683 ὑμῶν

188 4703 372 4756 αὐτῶν
398 4703 631 4758 ἁκονᾶτε
664 4702 724 4756 τὸ
746 4703 898 4771 ξίφος
926 4705 1026 4774 τῆς
1050 4705 1449 4775 δικαιοκρισίας
1480 4704 1575 4759 τοῦ
1602 4704 1761 4771 Θεοῦ,

189 4798 287 4849 καὶ
315 4794 521 4866 πολλῆς
549 4796 939 4867 μακροθυμίας
961 4796 1056 4850 καὶ
1078 4797 1443 4868 ἁγαθότητος.
1464 4797 1559 4852 Διὸ
1584 4816 1766 4870 παρα-

186 4887 341 4943 καλῶ
367 4888 515 4959 ὑμᾶς
548 4887 856 4959 άπορρἰαι
884 4887 985 4957 τήν
1011 4886 1173 4959 κενὴν
1208 4888 1560 4942 διδασκαλίαν
1585 4887 1765 4959 ὑμῶν,

185 4979 282 5034 καὶ
312 4978 602 5051 μέμψασθε
651 4979 865 5043 ἑαυτοῖς
888 4978 1090 5045 καλῶς,
1126 4981 1215 5048 ἐφ’
1263 4975 1344 5043 οἷς
1396 4980 1763 5053 διεπράξασθε

183 5069 393 5134 κακῶς.
442 5066 815 5138 ’Δνορθὼσατε
840 5067 910 5121 τὰ
942 5067 1257 5138 παρειμένα
1290 5070 1494 5137 γόνατα
1524 5070 1623 5140 τῆς
1656 5068 1761 5137 ψυ-

182 5160 307 5231 χῆς,
341 5160 438 5214 καὶ
491 5160 756 5232 τραχείας
806 5159 973 5230 ὀρθὰς
1007 5161 1299 5230 ποιήσατε’
1347 5160 1560 5223 καὶτὰς
1592 5161 1754 5228 ἁγίας

180 5252 366 5321 φωνὰς
394 5251 505 5305 τῶν
539 5251 800 5323 Πατέρων
825 5251 923 5305 σὺν
951 5253 1085 5321 ήμῖν
1116 5253 1237 5315 ταῖς
1270 5250 1458 5320 ἁγίαις
1485 5250 1658 5305 εἰκόσι
1694 5250 1755 5303 τὸ
1792 5278 1797 5287 ι

178 5344 345 5407 σίδας
374 5342 765 5413 ἀναπέμψατε,
798 5343 948 5405 ὅπως
975 5344 1129 5413 κοινῇ
1150 5345 1217 5414 τῇ
1256 5344 1409 5413 φωνῇ
1440 5341 1598 5407 δόξαν
1621 5344 1755 5397 ἀνα·

176 5435 491 5506 πέμψωμεν
510 5433 589 5505 τῷ
624 5432 815 5505 Κυρίῳ
840 5433 1000 5503 ἡμῶν
1053 5434 1229 5503 Ἰησοῦ
1267 5434 1490 5506 Χριστῷ
1530 5433 1608 5503 τῷ
1638 5433 1754 5505 Υἰῷ

173 5526 273 5583 τοῦ
292 5526 455 5591 Θεοῦ,
485 5526 583 5580 σὺν
602 5526 681 5597 τῷ
701 5527 924 5598 ἁνάρχῳ
950 5528 1118 5581 αὐτοῦ
1152 5529 1346 5601 Πατρὶ,
1388 5529 1483 5582 καὶ
1510 5527 1589 5599 τῷ
1614 5526 1751 5593 ζωο-

175 5620 317 5691 ποιῷ
352 5619 520 5680 αὐτοῦ
552 5618 993 5689 Πνεύματι,νῦν
1045 5621 1141 5675 καὶ
1189 5623 1299 5685 ἀεὶ,
1342 5623 1434 5677 καὶ
1488 5624 1568 5689 εἰς
1625 5621 1753 5685 τοὺς

175 5712 382 5773 αἰῶνας
419 5710 528 5763 τῶν
548 5710 783 5765 αἰώνων.
829 5713 1020 5779 Ἀμήν.

250 5914 278 5945 υ
313 5903 509 5964 Matth.
538 5925 648 5974 1m,
691 5908 775 5965 18.

1886 2055 2199 2110 rectissima
2223 2062 2354 2109 sunt
2393 2062 2709 2124 pervertere
2735 2053 2981 2124 possitis.
3006 2054 3074 2105 At
3107 2051 3256 2107 enim
3289 2066 3459 2122 supra

1886 2152 2097 2215 petram
2120 2145 2371 2201 veritatis
2395 2142 2806 2199 aediﬁcaverunt
2838 2144 3014 2200 sancti
3049 2143 3239 2198 Patres
3255 2143 3455 2207 nostri,

1883 2242 1935 2289 et
1968 2244 2137 2303 porta:
2197 2234 2357 2302 inferi
2410 2250 2513 2288 non
2542 2233 2900 2303 praevalebunt
2955 2233 3208 2288 adversus
3264 2248 3384 2288 eam
3404 2241 3452 2299 ιι,

1884 2340 2007 2395 qua
2057 2326 2314 2382 videlicet
2360 2332 2492 2382 sunt
2562 2326 2752 2397 iniqua
2807 2334 2862 2381 et
2917 2325 3458 2381 consceleratissima

1886 2416 2275 2471 lmreticorum
2331 2431 2449 2471 ora.
2509 2414 2701 2473 Fidem
2752 2417 3001 2488 praebere
3051 2416 3319 2472 renuistis
3351 2414 3459 2468 Pa-

1885 2508 2063 2565 tribus
2099 2518 2155 2564 et
2189 2509 2501 2578 baptismo,
2542 2525 2706 2579 quem
2739 2510 2808 2564 ab
2848 2510 2958 2565 illis
3000 2510 3320 2580 recepistis,
3355 2524 3458 2565 nec

1883 2614 2078 2654 eorum
2110 2600 2273 2656 ﬁdem
2305 2615 2704 2671 sermonesque
2738 2601 3085 2671 suscepistis.
3117 2600 3458 2657 Ostendistis

1884 2694 2096 2761 liquido
2129 2706 2500 2764 quarumnam
2533 2693 2790 2765 discipuli
2823 2693 2948 2749 sitis
2975 2709 3039 2748 ac
3075 2707 3456 2749 successores.

1882 2787 2138 2841 Amentia
2182 2787 2329 2841 enim
2378 2794 2564 2842 vestra
2605 2786 2901 2842 manifesta
2950 2786 3136 2841 futura
3167 2786 3289 2841 visa
3330 2793 3456 2849 est.

1884 2877 2028 2945 quod
2057 2890 2251 2945 nempe
2299 2890 2495 2939 eorum
2527 2875 2650 2931 sitis
2691 2874 2986 2946 discipuli,
3017 2876 3113 2945 qui
3140 2889 3264 2930 cum
3298 2876 3456 2929 Anna

1882 2976 1937 3022 et
1966 2966 2170 3037 Caiplia
2230 2966 2298 3021 ad
2350 2965 2585 3020 Pilatum
2619 2966 2926 3021 clamantes
2947 2967 3142 3021 dicunt
3171 2983 3186 3020 :
3222 2964 3340 3021 Nos
3371 2982 3459 3022 rev

1883 3073 1996 3128 gem
2056 3075 2163 3112 non
2222 3058 2473 3114 habemus
2524 3058 2626 3113 nisi
2653 3057 2921 3113 Casuram
2952 3065 2979 3094 °
3010 3101 3026 3126 ,
3064 3060 3282 3115 tametsi
3333 3059 3457 3116 ovis

1884 3150 2080 3219 pellem
2142 3150 2386 3216 habetis,
2452 3158 2508 3206 et
2570 3152 2817 3221 pastoris
2882 3152 3079 3207 stolam
3132 3150 3453 3206 induimini.

1883 3239 2359 3307 Quemadmodum
2407 3242 2555 3297 enim
2634 3243 2711 3296 illi
2775 3241 3118 3297 Salvatorem
3184 3252 3456 3313 negarunt

1879 3344 2067 3384 coram
2112 3329 2252 3386 l‘acie
2284 3330 2445 3385 Pilati
2470 3371 2485 3395 ,
2537 3340 2706 3401 atque
2744 3331 2891 3385 hunc
2927 3332 3107 3401 ipsum
3145 3332 3300 3387 cruci
3338 3332 3457 3386 atﬁ~

1879 3430 2069 3490 gentes
2123 3436 2154 3476 e
2203 3423 2385 3477 medio
2439 3424 2821 3488 sustulerunt;
2869 3422 2987 3492 ipse
3037 3434 3220 3477 tamen
3263 3425 3451 3477 divina

1878 3529 1978 3569 sua
2017 3514 2224 3569 virtute
2277 3516 2629 3581 resurrexit,
2668 3516 3031 3585 ascenditque
3067 3516 3122 3569 in
3158 3516 3330 3571 caelos
3358 3531 3451 3571 se-

1876 3606 2068 3676 ditque
2117 3607 2188 3661 ad
2254 3607 2539 3663 dexteram
2611 3607 2927 3679 majestatis
2975 3607 3067 3664 Dei
3116 3616 3169 3664 et
3225 3606 3449 3674 Patris;

1828 3720 1831 3721 ν
1877 3700 2032 3767 Quod
2068 3702 2209 3755 enim
2240 3715 2431 3770 passus
2472 3702 2544 3755 sit
2563 3717 2659 3771 pro
2696 3701 2847 3754 nobis
2886 3715 3047 3754 carne
3070 3709 3119 3764 Ρ,
3149 3715 3341 3769 passus
3368 3706 3452 3753 est

1873 3794 2034 3847 semel
2053 3808 2072 3857 ;
2119 3810 2263 3848 mors
2294 3795 2342 3849 ei
2373 3794 2602 3862 amplius
2650 3810 2754 3855 non
2794 3793 3105 3847 dominatur
3133 3800 3160 3843 ιι
3183 3831 3198 3857 ,
3224 3793 3451 3848 tametsi

1873 3900 1973 3940 vos
2013 3887 2321 3943 adversarii
2353 3898 2546 3942 contra
2572 3903 2676 3942 nos
2708 3888 2877 3941 rixari
2905 3886 3261 3941 contenditis.
3292 3885 3453 3941 Haud

1872 3976 2034 4032 aliter
2082 3986 2138 4031 ct
2176 3993 2295 4043 vos,
2344 3994 2468 4034 cum
2514 3980 2803 4050 nequeatis
2851 3978 3197 4033 Salvatorem
3247 3979 3446 4033 iterum

1870 4070 2025 4124 cruci
2076 4071 2331 4139 aliigere,
2384 4073 2440 4126 in
2496 4073 2763 4142 imagines
2813 4082 2868 4126 et
2901 4074 3238 4126 monimenta
3269 4070 3445 4141 ipsius

1870 4177 1969 4232 per
2024 4176 2245 4217 carnem
2299 4164 2769 4232 dispensationis,
2809 4178 2934 4217 cum
2982 4164 3222 4217 humana
3268 4170 3445 4216 matre

1867 4250 2025 4319 ejus,
2054 4260 2108 4306 et
2158 4253 2369 4307 sanctis
2419 4253 2569 4309 illius
2624 4254 2914 4322 discipulis
2946 4267 3111 4323 atque
3138 4254 3439 4323 apostolis,

1869 4341 2187 4398 universam
2241 4344 2509 4397 malitiam
2566 4352 2807 4399 vestram
2872 4345 3161 4401 evidenter
3198 4344 3445 4399 ostendi-

1867 4435 1989 4490 stis.
2032 4433 2160 4505 lgne
2208 4436 2353 4490 enim
2406 4444 2460 4490 et
2507 4435 2743 4493 inﬁnitis
2798 4437 3303 4493 machinationibus
3350 4438 3439 4494 usi

1865 4526 2001 4580 estis
2055 4529 2323 4582 adversus
2372 4539 2591 4584 sanctas
2632 4529 2903 4600 imagines
2944 4530 3081 4600 (rati
3116 4531 3441 4585 memoriam

1866 4630 2059 4671 eorum
2096 4617 2348 4675 funditus
2380 4620 2759 4676 oblitteratum
2794 4623 2918 4689 iri),
2940 4632 3129 4678 contra
3156 4623 3445 4680 characte-

1867 4724 1961 4765 res
2003 4708 2237 4780 depicta:
2281 4727 2474 4767 eorum
2525 4716 2805 4769 memoriae
2847 4714 3059 4771 furiose
3087 4715 3436 4772 debaccliati.

1864 4798 2234 4858 Nihilominus
2278 4805 2362 4859 vel
2393 4805 2474 4860 sic
2524 4814 2789 4875 agentes,
2844 4806 3113 4863 adversus
3156 4821 3255 4861 vos
3286 4807 3439 4875 ipsos

1861 4893 2102 4963 gladium
2129 4897 2405 4952 exacuitis
2451 4896 2588 4967 justi
2616 4898 2815 4967 judicii
2849 4899 2942 4954 Dei
2968 4939 2983 4962 ,
3010 4909 3066 4954 et
3095 4900 3285 4956 multa:
3314 4900 3437 4969 ejus

1862 4982 2293 5054 longanimitatis
2348 4993 2405 5041 et
2452 4986 2741 5043 bonitatis.
2806 4987 3181 5053 Quamobrem
3245 4987 3438 5040 hortor

1859 5091 1981 5143 vos,
2011 5086 2073 5131 ut
2109 5079 2388 5148 abjiciatis
2438 5096 2638 5135 novam
2686 5081 2997 5135 doctrinam
3035 5088 3305 5143 vestram,
3340 5079 3449 5133 be--

1863 5187 2040 5240 neque
2085 5172 2320 5226 dolentis
2368 5187 2467 5241 pro
2514 5173 2585 5227 iis
2613 5188 2737 5242 qua:
2781 5172 2927 5226 male
2976 5171 3195 5241 egistis.
3229 5167 3441 5239 Erigite

1860 5262 2128 5318 dissoluta
2162 5278 2337 5334 genua
2389 5264 2620 5329 animae,
2653 5272 2708 5319 et
2750 5271 2936 5319 rectos
2985 5278 3212 5334 gressus
3238 5260 3433 5331 facite,

1860 5353 2167 5410 secundum
2220 5363 2558 5425 sanctasque
2613 5354 2836 5409 Patrum
2907 5369 3069 5410 voces
3139 5352 3429 5409 nobiscum

1860 5445 2072 5500 sanctis
2115 5445 2371 5501 iconibus
2422 5447 2637 5501 cultum
2688 5446 2958 5501 tribuite:
3010 5460 3121 5516 quo
3151 5446 3435 5503 communi

1858 5550 1994 5590 voce
2022 5537 2256 5605 gloriam
2307 5537 2503 5594 demus
2543 5536 2777 5594 Domino
2820 5546 3016 5593 nostro
3049 5535 3181 5593 Jesu
3212 5536 3434 5592 Christo

1858 5624 1954 5681 Dei
2012 5627 2196 5689 Filio.
2246 5638 2613 5686 cumaeterno
2639 5630 2772 5703 ejus.
2819 5630 2983 5686 Patre
3026 5636 3082 5685 et
3111 5628 3432 5684 viviﬁcante

1856 5716 1977 5784 ejus
2008 5717 2216 5790 Spiritu
2246 5760 2259 5783 ,
2290 5735 2434 5775 nunc
2469 5728 2525 5775 et
2550 5736 2790 5792 semper,
2837 5732 2891 5777 et
2924 5721 2980 5776 in
3010 5720 3214 5776 saecula
3246 5730 3427 5775 saecu-

1854 5810 2052 5864 lorum.
2086 5810 2278 5865 Amen.

862 5925 881 5947 ο
908 5909 1063 5966 Joan.
1104 5930 1215 5978 xu,
1255 5914 1335 5968 l5.
1416 5925 1441 5964 P
1467 5914 1485 5969 ι
1511 5913 1655 5971 Ρεὶιδ
1690 5933 1764 5985 tv,
1794 5919 1842 5973 1.
1920 5918 2127 5975 sitom.
2155 5935 2226 5986 vr,
2244 5922 2291 5976 9.
