4026 6412
603 614 905 643 zzz-=11:

1245 619 1555 631 ξ...-

1674 620 2075 632 -ο--ο-φηρ

1981 469 2357 531 ADDENDA.

1460 775 1552 860 S.
1628 769 2148 864 JOANNIS
2224 771 2890 861 DAMASCENI

1840 953 2474 1115 'HYMNL

773 1305 959 1361 Conon
980 1306 1037 1360 in
1070 1304 1452 1360 Dormitionem
1486 1302 1583 1357 Dei
1614 1300 1919 1363 Genitricis.

630 1393 673 1450 l.
725 1395 983 1463 Aperiam
1034 1410 1096 1450 os
1159 1410 1341 1451 meum
1376 1402 1433 1450 et
1494 1395 1696 1465 spiritu
1759 1392 2032 1462 implebo,
2082 1400 2135 1445 et

510 1514 513 1517 ν
558 1488 786 1545 verbum
820 1486 1043 1559 Reginae
1099 1486 1253 1541 Matri
1290 1487 1597 1550 eructabo,
1650 1494 1705 1540 et
1727 1500 1849 1539 eam
1884 1483 2134 1537 hilariter

562 1578 829 1648 aspiciam
885 1577 1156 1645 laudans;
1209 1576 1442 1647 ejusque
1493 1576 1759 1631 miracula
1789 1573 2139 1630 laetabundus

562 1670 877 1723 concinam.

635 1758 1045 1815 "Juvenculze
1071 1757 1349 1829 Virgines,
1398 1772 1545 1812 nunc
1593 1756 1759 1812 simul
1793 1772 1918 1811 cum
1964 1755 2134 1811 Maria

564 1850 917 1920 prOphetissa
971 1848 1264 1905 Canticum
1301 1846 1377 1902 De
1411 1848 1560 1902 exitu
1599 1847 1857 1903 alacriter
1887 1846 2139 1913 fundite;

567 1938 735 2012 Virgo
769 1942 917 1997 enim
962 1950 1019 1996 et
1074 1942 1240 1997 unica
1274 1940 1508 2010 Deipara
1544 1939 1611 1994 ad
1654 1940 1934 1996 caelestem
1965 1939 2138 1993 haere-

565 2032 790 2087 ditatem
826 2034 1245 2089 transmittitur.

640 2124 726 2179 Ill.
763 2123 840 2179 Te
881 2125 1081 2179 merito
1125 2125 1377 2196 quidem,
1418 2140 1453 2180 ο
1483 2125 1788 2196 purissima
1832 2134 1887 2179 et
1921 2122 2143 2184 Divina,

566 2223 831 2286 tauquam
875 2215 1182 2270 animatum
1236 2217 1467 2280 malum,
1500 2216 1751 2272 cwlestia
1784 2214 2145 2269 tabernacula

563 2313 948 2375 exceperunt;
1006 2304 1253 2377 Regique
1310 2321 1374 2360 ac
1422 2306 1557 2371 Deo,
1589 2322 1622 2359 ο
1656 2306 1819 2376 plano
1867 2304 2147 2373 inculpata

566 2397 586 2466 (
621 2394 847 2467 Virgo),
880 2404 1076 2452 ornata
1107 2398 1276 2453 veluti
1308 2397 1545 2467 Sponsa,
1579 2398 1831 2453 hilariter
1897 2395 2144 2451 astitisti.

637 2486 884 2545 Tuarum
940 2489 1165 2545 laudum
1217 2498 1515 2555 cantores,
1564 2505 1598 2545 ο
1636 2491 1892 2561 Deipara,
1924 2490 2051 2544 vive
2095 2495 2151 2544 et

567 2578 896 2653 ircorrupto
956 2581 1107 2645 fons,
1159 2582 1468 2653 spiritalem
1518 2583 1662 2639 inter
1702 2598 1763 2640 se
1788 2582 2022 2638 chorum
2058 2595 2148 2636 ce-

2162 1302 2207 1356 Α
2295 1292 2506 1348 Κανῶν
2532 1293 2621 1356 είς
2654 1291 2768 1359 τὴν
2794 1292 3085 1361 κοᾴιησιν
3122 1286 3235 1357 τῆς
3262 1287 3639 1357 Θεομήτορος
3665 1290 3755 1358 (α).

2306 1386 2385 1441 A'.
2432 1386 2658 1452 Ἀνοίξω
2720 1386 2783 1438 τὸ
2842 1386 3023 1455 στόμα
3072 1402 3177 1456 μου
3225 1383 3323 1437 καὶ
3384 1383 3802 1453 πληρωθήσομαι

2238 1478 2553 1551 πνεύματος
2588 1478 2686 1532 καὶ
2724 1478 2885 1547 λόγον
2916 1477 3216 1550 ἐρεύξομαι
3244 1479 3311 1547 τῇ
3347 1475 3586 1546 βασιλίδι
3627 1476 3800 1545 μητρίο

2239 1574 2335 1627 καὶ
2364 1572 2680 1643 ὀφθήσομαι
2721 1571 2967 1643 φαιδρῶς
3001 1570 3422 1643 πανηγυρίζων,
3456 1571 3552 1623 καὶ
3579 1568 3692 1639 ᾇσω
3717 1585 3804 1639 γη⁸

2241 1667 2469 1736 θὸμενος
2492 1666 2701 1737 ταύτης
2726 1666 2796 1720 τὰ
2826 1664 3113 1736 θαύματα.

2312 1760 2386 1813 B'.
2425 1759 2692 1830 Παρθένοι
2725 1760 2991 1823 νεάνιδες.
3025 1761 3125 1813 σὺν
3158 1758 3395 1828 Μαριὰμ
3427 1760 3496 1827 τῇ
3531 1756 3805 1827 προφήτιδι

2241 1850 2382 1921 ᾠδὴν
2412 1850 2512 1921 τὴν
2548 1849 2789 1914 ἐξόδιον
2830 1850 2927 1905 νῦν
2951 1850 3259 1915 ἀλαλάξατε
3281 1866 3297 1881 ·
3334 1852 3369 1920 η
3408 1848 3688 1917 Παρθένος
3709 1850 3806 1919 γὰρ

2243 1942 2339 1994 καὶ
2370 1941 2507 2013 μόνη
2550 1941 2815 2006 Θεοτόκος
2838 1942 2980 2014 πρὸς
3017 1939 3172 2013 λῆξιν
3211 1942 3471 2013 οὐράνιον
3511 1940 3806 2005 διαϐιβάζε-

2243 2048 2357 2085 ται.

2317 2124 2391 2178 Γ¹.
2435 2122 2627 2189 ’Λξίως
2659 2123 2737 2186 ὡς
2764 2124 3009 2195 ἔμψυχόν
3041 2140 3100 2177 σε
3134 2123 3367 2195 οὐρανὸν
3401 2123 3697 2189 ὑπεδέξατο
3726 2123 3807 2174 ού-

2250 2216 2430 2285 ράνια,
2460 2216 2729 2283 πάναγνε,
2762 2216 2885 2270 θεῖα
2921 2215 3280 2287 σκηνώματα,
3323 2217 3419 2269 καὶ
3458 2215 3809 2284 παρέστεικας

2248 2306 2489 2376 φαιδρῶς
2515 2307 2944 2378 ὡραισμένη,ὡς
2975 2301 3063 2379 [ὦ]
3084 2306 3274 2378 νύμφη
3296 2308 3601 2376 πανὰμωμε
3624 2303 3699 2374 τῷ
3729 2303 3810 2372 βα-

2250 2396 2392 2451 σιλεί
2422 2399 2518 2452 καὶ
2551 2398 2696 2469 Θεῷ.

2319 2488 2457 2551 Τοὺς
2474 2490 2603 2553 σοὺς
2642 2490 3000 2559 ύμνολόγους,
3023 2489 3280 2555 Θεοτόκε,
3314 2491 3349 2558 ἡ
3378 2487 3530 2552 ζῶσα
3551 2486 3645 2539 καὶ
3672 2484 3811 2555 deﬁt-

2248 2597 2340 2644 τος
2373 2581 2546 2651 πηγὴ,
2570 2582 2758 2635 θίασον
2789 2583 3280 2654 συγκροτήσαντας
3308 2581 3676 2651 πνευματικὸν
3693 2596 3811 2632 Ὅτε-

568 2671 847 2728 lehrantes
898 2672 1200 2740 conﬁrma;
1264 2685 1318 2729 et
1359 2675 1414 2730 in
1483 2675 1676 2731 divina
1729 2674 1997 2731 memoria
2053 2682 2145 2729 tua

2254 2672 2453 2744 ρέωσον
2477 2689 2490 2701 ·
2515 2676 2614 2725 καὶ
2643 2674 2702 2726 ὲν
2730 2675 2797 2745 τῇ
2829 2672 2951 2745 θείᾳ
2991 2675 3182 2745 μνήμῃ
3227 2690 3322 2726 σου
3360 2674 3642 2743 στεφάνων
3668 2672 3811 2743 δόξης

568 2765 761 2833 gloria:
784 2765 1009 2823 coronis
1048 2766 1299 2836 dignare.

638 2854 719 2911 Ex
748 2857 972 2912 mortali
1006 2867 1168 2913 utero
1206 2859 1480 2929 producta
1527 2860 1833 2917 secundum
1862 2868 2142 2923 naturam,

565 2949 992 3004 convenientem
1040 2965 1181 3020 pura
1220 2952 1431 3006 exitum
1470 2952 1800 3019 absolvisti;
1853 2966 2148 3023 veramque

567 3035 731 3090 enixa
786 3038 981 3103 vitam,
1029 3037 1097 3092 ad
1149 3037 1393 3093 divinam
1440 3038 1948 3110 subsistentemque
1976 3040 2145 3094 vitatu

570 3126 846 3195 migrasti.

640 3215 1046 3290 Theologorum
1083 3220 1245 3276 turba
1280 3236 1311 3276 e
1355 3219 1559 3276 ﬁnibus
1608 3229 1791 3287 terrae,
1822 3223 2146 3294 angelorum

567 3308 866 3363 multitudo
893 3310 964 3365 ab
1012 3312 1150 3377 alto,
1183 3312 1554 3382 omnipotenti
1611 3323 1746 3370 uutu
1779 3324 2150 3387 properarunt

568 3399 625 3453 iu
670 3399 828 3462 Sion,
880 3411 1020 3468 tuae,
1063 3402 1362 3460 laudabilis
1393 3403 1626 3460 Domina
1654 3446 1670 3472 ,
1713 3408 2015 3478 sepultura:
2053 3408 2149 3462 mi-

568 3490 880 3547 nistraturi.

640 3581 733 3636 ιν.
777 3583 1057 3651 Divinum,
1109 3587 1499 3660 investigahile
1537 3590 1837 3646 consilium
1889 3590 2149 3645 incarna-

569 3675 743 3731 tionis
773 3692 841 3732 οι
891 3686 945 3733 te
994 3677 1224 3751 Virgine
1271 3685 1676 3755 obstupesceus
1707 3686 1984 3741 Altissimi
2022 3702 2151 3756 pro-

571 3770 735 3838 pheta
768 3768 1048 3834 Habacuc,
1082 3776 1423 3829 exclamavit
1455 3792 1471 3831 :
1507 3774 1696 3830 Gloria
1724 3778 1976 3845 potentia:
2009 3787 2146 3843 tum,

570 3861 820 3917 Domine.

642 3954 838 4011 Mirum
870 3973 1007 4014 sane
1036 3957 1140 4013 l‘uit
1170 3959 1422 4030 aspicere
1451 3960 1613 4031 [tegis
1653 3961 1987 4017 universalis
2025 3963 2149 4016 ani-

2252 2764 2505 2830 ἀξίωσον.

2324 2857 2538 2928 Θνητῆς
2575 2857 2637 2923 ἐξ
2678 2857 2882 2926 ὀσφύος
2918 2858 3263 2931 προαχθεῖσα
3300 2859 3400 2930 τὴν
3423 2858 3586 2927 φύσιν
3626 2856 3812 2911 κατά).-

2253 2947 2414 3019 ληλον
2463 2948 2606 3020 ἁγνὴ
2647 2948 2746 3020 τὴν
2800 2948 2979 3014 ἔξοδον
3011 2951 3306 3022 διήνυσας’
3340 2949 3576 3004 τεκοῦσα
3625 2951 3681 3003 δὲ
3725 2949 3813 3018 τὴν

2254 3040 2425 3104 ὅντως
2461 3040 2609 3110 ζωὴν
2632 3040 2770 3113 πρὸς
2803 3042 2904 3113 τὴν
2952 3040 3099 3115 ζωὴν
3147 3043 3495 3113 μεθέστηκας
3538 3041 3637 3112 τὴν
3678 3041 3814 3095 θείαν

2255 3134 2351 3187 καὶ
2378 3134 2766 3187 ὲνυπόστατον.

2324 3228 2508 3298 Δῆμος
2547 3227 2815 3296 θεολόγων
2846 3229 2911 3280 ὲκ
2946 3228 3200 3299 περάτων
3221 3270 3235 3295 ,
3277 3228 3338 3295 ἐξ
3371 3228 3542 3298 ὕψους
3581 3227 3815 3296 ἀγγέλων

2254 3317 2310 3371 δὲ
2338 3317 2551 3389 πληθὺς
2594 3318 2732 3389 πρὸς
2785 3319 2886 3389 τὴν
2913 3317 3055 3372 Σιὼν
3100 3319 3399 3388 ἠπείγοντο
3439 3319 3815 3388 παντοδυνὰμῳ

2255 3410 2489 3481 νεύματι
2514 3447 2529 3474 ,
2562 3409 2888 3483 ἁξιοχρέως,
2908 3411 3282 3483 Δέσποινα,τῇ
3314 3415 3381 3483 σῇ
3415 3415 3563 3483 ταφῇ
3590 3411 3814 3481 λειτουρο

2256 3504 2325 3573 γή
2336 3520 2553 3566 σαντες.

2327 3598 2398 3649 Δ’.
2437 3596 2550 3665 Τὴν
2602 3595 3011 3666 ἀνεξιχνίαστον
3060 3596 3215 3650 θείαν
3264 3597 3464 3668 βουλὴν
3489 3596 3587 3668 τὴν
3641 3599 3702 3650 ἐκ
3729 3595 3815 3664 τῆς

2257 3687 2540 3756 Παρθένου
2585 3688 2919 3760 σαρκώσεώς
2971 3707 3067 3743 σου
3114 3691 3210 3743 τοῦ
3248 3690 3508 3760 Ὑψίστου
3549 3691 3814 3761 προφήτης

2269 3778 2553 3849 Ἀὅακοὺμ
2580 3778 2890 3851 ἐξεστηκὼς
2921 3780 3258 3851 ὲκραύγαζεο
3295 3780 3453 3846 Δόξα
3483 3780 3558 3849 τῇ
3583 3781 3815 3849 δυνάμει

2257 3885 2396 3934 σου,
2431 3872 2630 3940 Κύριε.

2328 3962 2549 4033 Θάμϐος
2576 3960 2645 4035 ἦν
2686 3964 2988 4020 θεάσασθαι
3016 3966 3109 4021 τὸν
3157 3966 3392 4037 οὐρανὸν
3427 3964 3524 4020 τοῦ
3554 3966 3815 4036 παμϐασι-

571 4058 780 4103 matum
813 4051 1015 4106 caelum
1058 4059 1223 4107 terra;
1257 4052 1417 4109 sinus
1448 4053 1783 4123 ingrediens.
1812 4054 1985 4121 Quam
2018 4059 2149 4110 mira

2258 4055 2394 4119 λέως
2414 4020 2671 4126 ’ἐμψτυίον
2700 4060 2829 4122 τοὺς
2868 4059 3139 4123 κενεῶνας
3170 4020 3548 4130 ὑπερχόμενον
3568 4020 3661 4129 τῆς
3690 4059 3813 4127 γῆς.

570 4155 739 4211 opera
774 4145 900 4198 tual
946 4143 1135 4199 Gloria
1162 4147 1414 4215 potentia:
1446 4159 1551 4201 tua:
1573 4189 1589 4214 ,
1622 4147 1870 4202 Domine.

644 4321 930 4391 Siquidem
1007 4324 1600 4396 incomprehensibilis
1673 4326 1840 4396 hujus
1918 4326 2156 4390 fructus,

476 4437 480 4443 -
571 4428 670 4484 per
690 4430 855 4483 quam
903 4418 1104 4472 caelum
1128 4418 1460 4489 locupletius
1518 4410 1720 4475 factum
1756 4428 1877 4482 est,
1906 4420 2158 4489 sepultu-

572 4523 716 4574 ram,
742 4520 804 4563 ut
829 4512 1107 4574 mortalis,
1138 4515 1286 4567 ttltro
1303 4513 1608 4579 sustinuit;
1645 4514 1927 4583 quomodo
1964 4511 2155 4580 sepul-

575 4614 759 4659 turam
787 4606 909 4662 sine
929 4607 1074 4661 virili
1101 4611 1388 4663 cousortio
1406 4611 1570 4664 enixa
1598 4609 1762 4679 Virgo
1788 4606 2159 4663 detrectahit?

646 4697 707 4752 ln
767 4708 885 4765 tuo,
940 4699 1035 4755 Dei
1103 4700 1377 4765 Genitrix,
1451 4702 1693 4774 transitu
1749 4701 2155 4771 amplissimum

574 4798 754 4857 tuum,
793 4793 883 4847 Dei
912 4809 1086 4863 capax
1118 4807 1323 4862 corpus
1355 4795 1680 4865 angelorum
1708 4793 1928 4864 agmina
1958 4808 2157 4846 sacra-

575 4882 809 4937 tissimis
839 4884 944 4939 alis
976 4899 1105 4937 cum
1138 4892 1380 4939 tremore
1405 4893 1459 4938 et
1495 4883 1698 4953 gaudio
1722 4893 2046 4939 contexere.

647 4970 711 5028 Υ.
741 4973 956 5029 Cuncta
1003 4976 1057 5029 in
1087 4974 1271 5030 divina
1321 4983 1417 5029 tua
1470 4975 1733 5031 memoria
1782 4979 2153 5046 Obstupuere;

573 5076 634 5121 tu
663 5069 849 5131 enim,
886 5068 1172 5139 inexperta
1204 5069 1307 5124 viri
1341 5068 1545 5139 Virgo,
1606 5083 1637 5123 e
1673 5076 1818 5123 terra
1843 5108 1858 5133 ,
1891 5076 2154 5139 tanquam

576 5173 709 5215 arca
741 5160 883 5225 vitm,
910 5161 978 5215 ad
1005 5162 1237 5216 cwleste
1265 5160 1610 5217 domicilium
1638 5162 1939 5226 transiisti,
1977 5165 2159 5219 omni-

575 5250 681 5305 bus
710 5258 763 5304 ιο
792 5252 1225 5309 concinentibus
1257 5268 1444 5322 pacem
1471 5268 1571 5323 pro
1596 5254 1849 5308 mercede
1884 5253 2159 5325 largiens.

2270 4147 2356 4210 Ὡς
2380 4148 2669 4219 θαυμαστὰ
2691 4153 2759 4204 τὰ
2796 4150 2934 4223 ἔργα
2959 4169 3052 4205 σου
3075 4155 3088 4206 l
3121 4152 3277 4217 Δόξα
3302 4151 3379 4221 τῇ
3418 4151 3663 4222 δυνάμει
3688 4169 3813 4217 σου,

2257 4241 2455 4310 Κύριε.

2330 4338 2393 4389 Εἰ
2422 4337 2450 4389 ὁ
2476 4337 2874 4406 ἀκατάληπτος
2908 4338 3118 4407 ταύτης
3158 4337 3372 4409 καρπὸς
3413 4336 3485 4391 δι’
3518 4337 3586 4407 ἣν
3609 4334 3814 4408 οὐρανὸς

2258 4429 2600 4499 ἐχρημάτισε
2631 4428 2812 4501 ταφὴν
2844 4430 3054 4499 ὑπέστη
3080 4430 3347 4494 ἑκουσίως
3368 4429 3446 4494 ὡς
3482 4429 3690 4499 θνητὸς,
3712 4427 3815 4490 πῶς

2257 4522 2358 4590 τὴν
2398 4522 2580 4593 ταφὴν
2614 4523 2913 4594 ἀρνήσεται
2946 4525 2979 4594 ὴ
3010 4523 3405 4594 ἁπειρογάμως
3444 4523 3722 4593 κυήσασα;

2346 4702 2431 4754 Ἐν
2467 4702 2535 4771 τῇ
2586 4698 2924 4770 μεταστάσει
2964 4715 3080 4765 σου,
3122 4698 3295 4770 μῆτερ
3326 4696 3492 4761 Θεοῦ,
3534 4693 3817 4767 εύρυχωρὸ·

2256 4810 2420 4850 τατον
2469 4791 2633 4863 σῶμά
2682 4809 2776 4845 σου
2835 4792 3085 4863 θεοδὸχον
3132 4792 3243 4844 τῶν
3296 4789 3548 4859 ἀγγέλων
3594 4784 3815 4857 στρατιαὶ

2261 4886 2582 4959 ίερωτάταις
2604 4885 2832 4956 πτέρυξι
2865 4885 3056 4957 τρόμῳ
3086 4885 3185 4939 καὶ
3223 4885 3371 4955 χαρᾷ
3406 4881 3815 4935 συνεκάλυπτον.

2330 4979 2403 5035 Ε’.
2451 4981 2681 5050 Ἐξέστη
2713 4980 2783 5033 τὰ
2824 4980 3118 5051 σύμπαντα
3149 4980 3241 5031 ἐπὶ
3263 4982 3326 5049 τῇ
3358 4977 3482 5048 θείᾳ
3508 4977 3700 5047 μνήμῃ
3720 4990 3814 5025 σου.

2259 5076 2330 5128 Σὺ
2348 5073 2476 5143 γὰρ,
2501 5073 2847 5143 ἀπειρόγαμε
2869 5071 3141 5145 Παρθένε,
3167 5070 3335 5141 γῆθεν
3356 5069 3631 5139 μετέστης
3652 5067 3817 5133 ὥσπερ

2260 5164 2406 5234 ζωῆς
2434 5163 2668 5227 κιϐωτὸς
2706 5163 2841 5232 πρὸς
2869 5164 2969 5233 τὴν
3000 5163 3326 5233 ἐπουράνιον
3350 5162 3542 5231 μονὴν,
3571 5161 3703 5213 πᾶσι
3722 5159 3817 5217 τοῖς

2260 5253 2490 5325 ὑμνοῦσι
2526 5271 2587 5307 σε
2614 5253 2712 5325 τὴν
2744 5256 2969 5324 εἰρήνην
3000 5252 3367 5325 βραϐεύουσα.

648 5340 1056 5412 'l‘heologorum
1111 5343 1277 5399 hodie
1336 5352 1672 5415 concrepent
1725 5346 1904 5413 tubae,
1963 5347 2149 5400 multi-

2337 5348 2720 5420 Κροτείτωσαν
2764 5348 3065 5418 σάλπιγγες
3099 5351 3208 5403 τῶν
3256 5349 3525 5417 θεολόγων
3567 5348 3818 5419 σήμερον·

580 5449 719 5488 sons
756 5436 1042 5492 hominum
1079 5454 1226 5494 nunc
1254 5439 1441 5511 lingua
1487 5439 1786 5509 praedicet;
1819 5455 1914 5495 aer
1942 5439 2160 5495 inﬁnito

579 5524 872 5583 collucens
903 5530 1109 5584 lumine
1134 5573 1149 5597 ,
1176 5531 1588 5597 circumsonet;
1620 5533 1802 5602 angeli
1846 5533 2160 5604 purissimas

570 5619 966 5674 dormitionem
999 5623 1218 5693 hymnis
1251 5624 1655 5699 concelebrent.

651 5756 730 5830 (ει)
766 5755 1015 5821 lauare,
1044 5755 1286 5830 Catalog.
1322 5760 1440 5813 cod.
1472 5760 1641 5815 Grato.
1678 5759 1883 5819 Matrit.
1907 5803 1922 5828 ,

2266 5439 2489 5508 γλῶσσα
2524 5438 2583 5491 δὲ
2629 5438 3008 5508 πλύφθογγος
3035 5438 3341 5523 ἀνθρώπων
3373 5439 3469 5492 νῦν
3498 5436 3819 5508 εὐφημείτω.

2267 5529 2609 5600 Περιηχείτω
2635 5529 2746 5601 ἀὴρ
2768 5569 2783 5595 ,
2816 5530 3032 5603 ἀπείρῳ
3059 5530 3416 5602 λαμπόμενος
3448 5530 3612 5600 φωτί.
3644 5530 3825 5595 Ἀττι-

2266 5621 2347 5674 λοι
2378 5621 2724 5692 ύμνείτωσαν
2745 5620 2847 5691 τῆς
2882 5624 3171 5692 πανὰγνου
3201 5622 3299 5691 τὴν
3334 5622 3615 5692 κοίμησιν.

1962 5778 2015 5833 p.
2054 5762 2278 5833 4182-
2314 5762 2387 5816 De
2416 5760 2520 5833 hoc
2548 5774 2759 5815 canone
2793 5762 2908 5818 sive
2941 5761 3145 5831 hymno
3190 5762 3335 5816 nulla
3380 5777 3613 5833 prorsus
3643 5759 3824 5833 mentio

582 5828 640 5884 in
666 5824 1302 5904 'Lequinianaeditiouo.
1336 5830 1481 5883 Duos
1513 5842 1695 5904 tamen
1738 5824 2051 5901 hujusmodi
2085 5834 2151 5886 ab
2177 5831 2389 5904 Joanne
2426 5832 2759 5886 Damasceno
2803 5824 3146 5904 conscriptos
3179 5824 3436 5903 operibus
3465 5833 3588 5904 ejus
3629 5828 3824 5889 ineditil

584 5897 908 5954 annumerat
947 5897 1228 5954 Fabritius
1259 5914 1489 5970 quorum
1521 5903 1656 5956 alter
1687 5897 1920 5971 ipso'est
1948 5904 2016 5960 de
2048 5920 2159 5975 quo
2192 5903 2388 5973 agitur.
