4026 6404
186 440 329 509 1365

1000 446 1246 507 CANON
1292 444 1374 507 IN
1416 447 1956 509 DORMITIONEM
1998 452 2125 509 DEI
2163 453 2629 519 GENITRICIS.

3313 463 3450 529 1366

256 556 330 609 Τδ
352 555 545 619 σκεῦος
575 555 838 628 διέπρεπε
867 557 969 629 τῆς
1001 559 1233 630 ἐκλογῆς
1265 563 1380 622 τοῖς
1406 558 1597 631 ὕμνοις
1629 578 1725 614 σου
1746 576 1760 591 ’
1794 614 1796 620 λ

1937 558 2047 619 Vas
2092 564 2382 623 electionis
2427 568 2571 627 inter
2621 574 2760 630 alios
2807 577 3008 632 claruit
3042 579 3190 646 tuis,
3236 578 3445 651 VirgOv

180 649 305 714 δλος
334 647 706 719 ἐξιστάμενος,
734 649 977 721 Παρθένε
998 667 1013 682 ·
1047 652 1283 723 ἔκδημος
1316 652 1436 716 ὅλος
1465 653 1761 725 ἱερώμενος

180 740 304 813 θεῷ
334 744 446 805 τοῖς
474 744 608 797 πᾶσι
636 741 933 815 θεόληπτος
970 744 1067 799 καὶ
1118 744 1193 798 ὢν
1230 744 1402 809 ὅντως
1428 746 1525 802 καὶ
1552 746 1762 802 δεικνύ-

182 849 368 902 μενος,
385 832 615 888 Θεοτόκε
642 835 985 908 πανύμνητε.

254 1017 347 1082 ς’.
381 1013 494 1085 Τὴν
546 1013 697 1069 Θείαν
741 1014 947 1086 ταύτην
999 1015 1096 1070 καὶ
1149 1017 1436 1089 πάνδημον
1482 1017 1763 1081 τελοῦντες

180 1096 403 1179 ἑορτὴν,
431 1108 479 1160 οί
515 1106 823 1178 θεόφρονες,
852 1107 953 1178 τῆς
981 1108 1326 1181 Θεομήτορος
1356 1109 1510 1164 δεῦτε
1531 1111 1629 1175 τὰς
1649 1112 1759 1181 χεῖ·

184 1216 289 1268 ρας
308 1200 666 1271 κροτήσωμεν
680 1198 774 1254 τὸν
796 1199 856 1267 ἐξ
884 1200 1060 1272 αὐτῆς
1079 1201 1345 1273 τεχθέντα
1369 1206 1584 1269 πιστοῖς
1608 1202 1763 1269 δοξά-

313 1308 394 1345 ες.

247 1308 394 1345 ws“.

178 1290 245 1355 C0
267 1323 368 1432 Ἐἰ
399 1346 494 1432 σοῦ
526 1377 640 1451 ζωὴ
670 1380 1006 1436 άνατέταλκε
1036 1383 1138 1447 τὰς
1166 1385 1317 1449 κλεῖς
1336 1384 1435 1456 τῆς
1464 1386 1763 1458 παρθενίαῖ

183 1471 263 1541 μὴ
293 1470 525 1527 λύσασα.
554 1472 679 1536 Πῶς
705 1470 799 1528 οῦν
832 1474 895 1528 τὸ
924 1473 1196 1545 ἄχραντον
1236 1477 1548 1548 ζωαρχικόν
1573 1495 1634 1531 τε
1665 1495 1759 1531 σου

182 1563 456 1633 σκήνωμα
510 1563 608 1635 τῆς
662 1562 756 1617 τοῦ
804 1563 1038 1620 θανάτου
1099 1566 1299 1639 πείρας
1350 1568 1586 1639 γέγονας
1630 1570 1763 1640 μέτ-

179 1670 311 1722 οχος
338 1671 357 1722 ;

249 1671 281 1707 ο
338 1671 357 1722 ;

212 1671 412 1817 χΖςωῆς
446 1745 739 1819 ὑπάρξασα
772 1748 1024 1820 τέμενος,
1060 1749 1209 1824 ζωῆς
1258 1754 1361 1824 τῆς
1391 1752 1564 1807 ἀϊδίου
1605 1752 1763 1806 τετύ-

1868 657 2136 721 canticis,
2176 667 2327 714 totus
2360 661 2413 715 in
2450 664 2875 725 admirationem
2919 681 3143 740 raptus;
3196 675 3444 742 peregri-

1868 764 1972 804 nus
2004 752 2190 805 omnis
2224 750 2549 810 sacriﬁcans
2612 755 2757 822 Deo,
2813 768 2868 814 et
2917 761 3237 832 quicunque
3266 764 3450 818 omni-

1870 842 1972 896 bus
1995 850 2080 897 est
2106 884 2120 908 ,
2152 851 2207 898 et
2243 861 2374 901 vere
2422 850 2744 905 ostenditur
2790 851 2982 909 divino
3035 857 3265 912 numine
3307 856 3452 912 ama.

1868 942 1959 987 tus
1980 972 1994 990 .
2030 950 2064 988 o
2096 933 2265 1006 Virgo
2291 937 2439 991 omni
2471 954 2704 1009 prorsus
2726 955 2893 999 cantu
2920 946 3264 1018 dignissima.

1944 1020 2029 1079 Vl.
2069 1022 2324 1080 Divinam
2374 1026 2519 1083 banc
2564 1037 2618 1083 et
2660 1030 2939 1100 publicam
2993 1033 3090 1090 Dei
3126 1038 3318 1093 matris
3352 1053 3451 1093 co-

1869 1110 2046 1168 lentes
2102 1111 2503 1184 festivitatem,
2557 1132 2590 1171 o
2636 1115 2831 1174 Divina
2883 1122 3206 1192 sapientes,
3268 1128 3446 1197 agite,

1868 1205 2129 1261 manibus
2185 1207 2514 1277 plaudamus
2540 1250 2555 1272 ,
2593 1225 2659 1267 ex
2713 1210 2805 1267 illa
2853 1224 3044 1269 natum
3078 1216 3331 1274 fidelibus
3367 1236 3450 1276 ccc

1867 1296 2167 1355 lebrantes.

1942 1389 2019 1445 Ex
2056 1398 2111 1446 te
2151 1400 2271 1445 orta
2314 1400 2399 1447 est
2439 1394 2549 1449 vita
2602 1394 2955 1466 Virginitatis
3002 1401 3188 1457 claves
3220 1402 3445 1459 minime

1868 1482 2110 1538 solvens.
2204 1482 2492 1550 Quomodo
2574 1489 2761 1559 igitur,
2834 1507 2959 1546 cum
3030 1494 3445 1549 immaculatum

1869 1579 2039 1642 atque
2070 1573 2124 1629 in
2166 1577 2361 1645 primis
2390 1578 2555 1633 vitale
2608 1582 3023 1638 tabernaculum
3061 1594 3216 1640 tuum
3253 1580 3464 1652 fuerit,

1851 1666 2067 1722 mortis
2097 1669 2451 1737 experientiae
2484 1670 2628 1725 facta
2660 1688 2721 1727 es
2754 1676 3071 1746 particeps?

1940 1758 2078 1814 Vitae
2108 1759 2229 1830 ipsa
2256 1763 2546 1833 templum,
2583 1765 2749 1819 vitam
2799 1777 2965 1822 nacta
2997 1784 3056 1824 es
3090 1776 3445 1839 perpetuam;

179 1853 362 1908 χηκας
382 1854 395 1867 ·
418 1836 507 1891 διὰ
534 1837 764 1893 Θανάτου
780 1839 891 1912 γὰρ
914 1840 1051 1912 πρὸς
1072 1841 1171 1913 τὴν
1199 1841 1347 1913 ζωήν
1379 1842 1763 1915 μεταϐέϐηκας

1891 1865 1968 1906 »ετ
1997 1859 2232 1908 mortem
2268 1855 2415 1909 enim
2452 1857 2521 1911 ad
2554 1858 2723 1912 vitam
2765 1861 3041 1918 transiisti
3066 1836 3238 1934 {qu—aa
3280 1866 3446 1919 vitam

179 1929 217 1998 ή
249 1927 352 2000 τὴν
386 1928 530 2001 ζωὴν
560 1929 795 1985 τεκοῦσα
818 1931 918 2003 τὴν
949 1933 1340 1989 ὲνυπόστατον.

254 2022 330 2075 Z'.
371 2022 486 2075 Οὐκ
512 2022 846 2094 ἐλάτρευσαν
870 2026 936 2097 τῇ
978 2025 1154 2080 κτίσει
1198 2028 1250 2080 οῖ
1276 2026 1568 2099 θεόφρονες
1613 2027 1767 2099 παρὰ

178 2112 278 2166 τὸν
302 2114 585 2169 Κτίσαντα
604 2131 620 2148 °
656 2115 797 2171 ἀλλὰ
825 2118 999 2190 πυρὸς
1031 2120 1265 2192 ἀπειλὴν
1300 2122 1565 2194 ἀνδρείως
1590 2123 1765 2194 πατή-

182 2225 381 2273 σαντες
406 2250 423 2275 ,
469 2209 690 2282 ἔχαιρον
754 2210 1072 2281 ψάλλοντες,
1134 2212 1533 2283 Ὑπερύμνητε
1570 2217 1605 2269 ό
1647 2213 1768 2268 τῶν

179 2302 467 2372 Πατέρων
492 2304 711 2372 Κύριος
731 2303 831 2357 καὶ
863 2304 1030 2371 Θεὸς,
1065 2306 1395 2375 εὐλογητὸς
1427 2303 1506 2363 εἴ.

253 2392 554 2448 Νεανίσκοι
614 2394 711 2447 καὶ
741 2393 1025 2463 ’παρθένοι
1074 2396 1177 2465 τῆς
1222 2397 1501 2469 Παρθένου
1560 2415 1619 2452 τε
1676 2402 1769 2453 καὶ

180 2486 537 2559 Θεομήτορος
565 2485 666 2558 τὴν
719 2488 944 2559 μνήμην
997 2488 1267 2555 σέϐοντες,
1330 2490 1634 2561 πρεσϐῦται
1675 2492 1770 2547 καὶ

182 2577 455 2649 ἄρχοντες
506 2579 604 2633 καὶ
655 2577 899 2651 βασιλεῖς
950 2580 1048 2633 σὺν
1106 2582 1326 2651 κριταῖς
1379 2581 1766 2654 μελῳδήσατε,

194 2670 263 2723 '0
318 2668 442 2725 τῶν
492 2672 768 2741 πατέρων
814 2671 1031 2741 Κύριος
1081 2672 1183 2726 καὶ
1210 2674 1380 2739 Θεὸς,
1438 2676 1770 2747 εὐλογητός

181 2759 262 2818 εἷ.

259 2856 694 2912 Σαλπισάτωσαν
734 2860 802 2930 τῇ
855 2858 1120 2929 σάλπιγγι
1160 2858 1259 2913 τοῦ
1308 2859 1618 2931 πνεύματος
1665 2860 1767 2933 ὅρη

183 2952 444 3023 οὐράνια,
494 2951 953 3021 άγαλλιάσθωσαν
986 2952 1169 3024 βουνο)⁵
1218 2955 1313 3007 καὶ
1348 2953 1765 3025 σκιρτάτωσανο

184 3044 324 3098 θεῖοι
351 3042 719 3115 άπόστολοι,ή
750 3045 1063 3117 πανήγυρις
1082 3045 1183 3114 τῆς
1218 3044 1509 3112 Θεοτόκου,
1531 3046 1770 3117 σήμερον

187 3135 475 3208 μυστικῶς
496 3137 991 3209 πανηγυρίσωμεν.

271 3230 339 3284 Ἦ
368 3230 626 3299 πανίερος
664 3232 998 3304 μετάστασις
1029 3232 1134 3303 τῆς
1167 3232 1317 3297 θείας
1354 3250 1451 3288 σου
1485 3232 1584 3288 καὶ
1627 3234 1769 3305 ἀκη-

189 3322 361 3392 ράτου
402 3322 608 3393 μητρὸς
656 3323 728 3376 τά
763 3322 1116 3394 ὑπερκόσμια
1178 3322 1288 3377 τῶν
1322 3323 1435 3378 άνω
1482 3323 1769 3395 δυνάμεων

184 3414 417 3486 ήθροισε
440 3414 703 3484 τάγματα
724 3430 739 3446 ·
767 3414 1262 3486 συνευφραίνεσθαι
1293 3417 1406 3479 τοῖς
1432 3416 1526 3469 ἐπὶ
1552 3417 1657 3487 γῆς
1686 3395 1771 3469 σοῖ

189 3506 495 3575 μέλπουσιν
516 3521 531 3535 ⁸
573 3506 637 3559 '0
667 3507 833 3574 Θεὸς,
868 3506 1204 3578 εὐλογητὸς
1230 3503 1303 3563 εί.

264 3596 348 3650 H'.
385 3595 591 3659 Παῖδας
640 3595 858 3664 εὐαγεῖς
890 3597 948 3649 έν
998 3597 1068 3667 τῇ
1124 3594 1343 3667 καμίνῳ
1391 3596 1421 3648 ὁ
1467 3594 1629 3658 τόκος
1674 3594 1774 3665 τῆς

187 3689 460 3743 θεοτόκου
490 3686 818 3743 διεσώσατο·
845 3688 971 3741 τότε
1012 3688 1115 3760 μὲν
1162 3687 1505 3759 τυπούμενος
1525 3726 1541 3753 ,
1575 3686 1673 3741 νῦν
1714 3686 1773 3740 δὲ

188 3782 618 3856 ινεργούμενος,
653 3782 755 3853 τὴν
800 3781 1128 3853 οἰκουμένην
1163 3782 1383 3837 ἃπασαν
1417 3783 1607 3855 ήγειρε
1633 3781 1775 3852 ψάλ-

188 3877 415 3941 λουσαν,
435 3874 551 3929 Τὸν
570 3875 794 3944 Κύριον
815 3873 1081 3944 ὑμνεῖτε,
1110 3872 1184 3927 τὰ
1212 3873 1380 3945 ἔργα.

263 3966 380 4038 Τὴν
414 3968 636 4039 μνήμην
665 3983 783 4032 σου,
816 3967 1054 4038 ἄχραντε
1078 3964 1348 4036 Παρθένε,
1375 3966 1567 4037 Ἀρχαί
1596 3983 1657 4021 τε
1683 3967 1776 4020 καὶ

204 4060 482 4126 Ἑξουσίαι
536 4058 633 4113 καὶ
684 4058 991 4128 Δυνάμεις,
1038 4055 1330 4126 Ἀγγελοι,
1383 4058 1774 4128 Ἀρχάγγελοι,

191 4153 412 4226 θρόνοι,
443 4151 805 4222 κυριότητες,
826 4149 895 4204 τά
920 4148 1205 4222 Χερουϐὶμ
1236 4148 1551 4214 δοξάζουσιο
1586 4150 1680 4204 καὶ
1709 4151 1779 4205 τὰ

195 4246 407 4316 φρικτὰ
436 4242 719 4315 Σεραφίμ·
757 4240 1064 4313 ἀνθρώπων
1089 4241 1148 4296 δὲ
1175 4241 1239 4294 τὸ
1277 4242 1437 4310 γένος
1462 4240 1739 4313 ὑμνοῦμεν
1759 4280 1776 4306 ,

195 4338 297 4392 καὶ
321 4334 712 4407 ὑπερυψοῦμεν
742 4336 820 4399 είς
855 4333 1067 4396 πάντας
1094 4333 1223 4395 τοὺς
1254 4333 1480 4397 αἰῶνας.

280 4521 342 4576 Ὀ
376 4519 544 4588 ξένως
572 4518 805 4590 οἰκήσας
833 4517 891 4571 ἐν
928 4519 996 4589 τῇ
1029 4516 1286 4589 ἀχράντῳ
1323 4534 1419 4570 σου
1449 4516 1604 4587 νηδύϊ
1650 4534 1782 4588 σαρ-

1799 1933 1844 1989 Β
1869 1958 1999 1998 vere
2035 1943 2444 2002 subsistentem
2477 1951 2780 2019 pepereris.

1938 2033 2056 2090 VII.
2089 2034 2285 2091 Divina
2326 2039 2612 2108 sapientes
2645 2041 2750 2095 viri
2792 2049 3106 2097 creaturam
3150 2059 3252 2114 pro
3277 2045 3449 2103 Crea-

1869 2132 1990 2181 tore
2030 2140 2148 2208 non
2194 2126 2607 2197 adoraverunt;
2666 2131 2762 2186 sed
2819 2132 2966 2202 ignis
3007 2134 3188 2189 minas
3219 2135 3449 2190 viriliter

1869 2220 2160 2290 patientes,
2194 2221 2553 2287 lmtabantur,
2587 2231 2893 2280 canentes:
2936 2225 3155 2280 Summe
3200 2227 3448 2284 laudabi-

1872 2311 1941 2365 lis
1977 2311 2203 2365 Patrum
2235 2312 2459 2368 Domine
2491 2330 2554 2367 ac
2588 2314 2747 2379 Deus,
2792 2317 3096 2371 benedictus
3125 2334 3201 2373 es.

1936 2402 2230 2459 Juvenculi
2285 2413 2341 2459 et
2390 2405 2664 2475 virgines,
2726 2416 2840 2461 tum
2888 2407 3152 2480 Virginis,
3206 2419 3318 2463 tum
3353 2410 3447 2467 Dei

1870 2493 2063 2551 Matris
2103 2497 2429 2551 memoriam
2458 2505 2823 2565 venerantes,
2866 2514 3030 2555 senes
3075 2510 3129 2554 et
3165 2502 3448 2572 principes

1870 2596 1923 2642 et
1953 2602 2110 2657 reges
2141 2602 2269 2641 cum
2309 2586 2596 2657 judicibus
2639 2597 2862 2645 cantate
2895 2610 2909 2645 :
2968 2590 3197 2646 Patrum
3226 2592 3453 2650 Domine

1871 2698 1934 2735 ac
1972 2681 2138 2749 Deus,
2183 2680 2486 2736 benedictus
2516 2698 2591 2737 es.

1942 2861 2096 2919 Tuba
2127 2863 2361 2934 spiritus
2408 2873 2628 2921 montes
2661 2866 2919 2922 caelestes
2969 2866 3249 2937 clangant,
3281 2869 3453 2924 colles

1871 2954 2146 3027 gaudeant
2178 2966 2230 3011 et
2262 2957 2564 3013 exsultent.
2602 2956 2799 3025 Hodie,
2835 2958 3068 3029 apostoli
3097 2960 3295 3027 divini,
3327 2962 3454 3018 Dei.

1872 3062 2020 3113 parte
2050 3047 2328 3115 laudatio;
2365 3048 2599 3119 mystice
2630 3048 2944 3107 laudemus.

1947 3222 2354 3280 Sanctissimus
2398 3222 2604 3279 divinae
2634 3233 2690 3279 et
2719 3223 3059 3295 incorrupta;
3114 3226 3313 3283 Matris
3344 3228 3465 3282 tua?

1875 3316 2148 3372 transitus
2212 3316 2463 3371 coelestia
2521 3331 2894 3387 supernarum
2953 3316 3297 3374 Potestatum
3354 3334 3450 3389 ag-

1873 3409 2021 3463 mina
2073 3408 2403 3464 tremefecit.
2448 3409 2587 3463 Cum
2637 3410 2751 3465 illis
2802 3408 3179 3480 gaudendum,
3218 3411 3313 3482 qui
3348 3412 3447 3466 tibi

1871 3501 1929 3555 in
1965 3511 2109 3555 terra
2150 3509 2392 3555 canunt:
2434 3500 2755 3555 Benedictus
2785 3516 2866 3565 es,
2899 3499 3062 3555 Deus.

1948 3590 2082 3646 Vlll.
2135 3590 2375 3647 Sanctos
2425 3605 2628 3661 pueros
2676 3592 2923 3647 servavit
2966 3592 3021 3645 in
3081 3592 3304 3648 fornace
3358 3592 3461 3648 Dei-

1873 3684 2171 3743 Genitricis
2221 3693 2434 3755 partus,
2480 3694 2612 3739 tunc
2672 3684 2941 3752 figuratus
2996 3684 3247 3754 quidem;
3305 3700 3456 3740 nunc

1873 3792 2006 3832 vero
2039 3776 2327 3846 impletus,
2357 3775 2681 3830 universum
2712 3775 2904 3828 orbem
2943 3775 3213 3829 excitavit
3245 3790 3453 3831 canen-

1877 3880 1984 3926 tem
2022 3887 2035 3924 :
2073 3866 2338 3932 Laudate,
2380 3884 2564 3937 opera,
2596 3865 2910 3923 Dominum.

1947 3959 2147 4027 Tuam,
2182 3960 2535 4015 immaculata
2571 3956 2767 4028 Virgo,
2800 3960 3127 4014 memoriam
3163 3958 3456 4030 Principa-

1878 4060 1988 4116 tus,
2041 4051 2349 4108 Potestates
2409 4066 2475 4106 ac
2520 4048 2807 4115 Virtutes;
2842 4048 3063 4122 Angeli,
3100 4052 3466 4122 Arcltaugeli,

1879 4142 2111 4209 Throni,
2172 4142 2614 4206 Dominationes,
2684 4141 2984 4195 Cberubim
3052 4157 3116 4196 ac
3170 4143 3461 4198 tremenda

1884 4234 2178 4303 Serapliim
2225 4232 2488 4290 laudibus
2530 4232 2963 4300 concelebrant;
3004 4232 3290 4288 hominum
3324 4251 3458 4289 vero

1881 4340 2056 4395 genus
2105 4324 2358 4381 canimus
2395 4334 2450 4380 et
2490 4323 2978 4394 superextollimus
3045 4326 3101 4378 in
3147 4327 3331 4380 omnia
3362 4344 3460 4382 sa:-

1881 4416 2027 4469 cula.

1953 4505 2059 4572 Qui
2088 4506 2145 4561 in
2180 4513 2274 4560 tuo
2320 4505 2676 4562 immaculato
2736 4517 2929 4563 ventre
2976 4507 3313 4578 bOSpitatus,
3340 4525 3462 4564 car-

201 4609 302 4665 κού
313 4626 474 4682 μενος
504 4601 661 4671 οὗτος
690 4607 751 4661 τὸ
794 4607 1056 4675 πανίερον
1088 4606 1307 4678 πνεῦμά
1344 4625 1439 4661 σου
1466 4607 1780 4679 δεξάμενος,

1891 4613 2011 4653 nem
2069 4595 2285 4656 induit.
2337 4597 2386 4653 is
2416 4596 2834 4653 sanctissimum
2887 4598 3149 4668 spiritum
3182 4608 3339 4654 tuum
3368 4616 3464 4655 ex-

199 4705 261 4755 ὲν
284 4700 463 4769 ἑαυτῷ
498 4698 845 4755 κατέπαυσεν
876 4697 949 4762 ὼς
993 4697 1278 4769 ὀφειλέτης
1302 4697 1451 4762 Υἱός.
1481 4697 1573 4751 Διό
1601 4714 1661 4751 σε
1682 4696 1782 4769 τὴν

200 4791 484 4863 Παρθένον
511 4790 792 4862 ὑμνοῦμεν
822 4790 920 4843 καὶ
946 4789 1359 4862 ὑπερυψοῦμεν.

277 4889 342 4941 Ὢ
374 4886 484 4940 τῶν
514 4884 655 4957 ὑπὲρ
699 4883 911 4937 ἔννοιαν
954 4880 1254 4952 θαυμάτων
1285 4882 1387 4952 τῆς
1419 4880 1783 4952 άειπαρθένου

203 4978 302 5033 καὶ
329 4974 710 5047 Θεομήτοροςί
740 4973 925 5041 Τάφον
953 4970 1064 5042 γάρ
1100 4972 1373 5042 οῖκήσασα
1399 4971 1569 5038 ἔδειξε
1605 4973 1787 5045 παρά-

201 5065 383 5118 δεισον
415 5056 461 5131 ᾧ
485 5054 837 5131 παρεστῶτες
860 5060 1102 5131 σήμερον
1145 5060 1450 5130 χαίροντες,
1480 5060 1781 5133 ὑάλλομεν·

209 5157 327 5211 Τὸν
360 5156 583 5225 Κύριον
612 5152 855 5223 ἡμνεῗτε
887 5152 986 5207 καὶ
1018 5153 1423 5222 ὑπερυψοῦτε.

276 5249 356 5303 Θ’.
402 5247 589 5310 "Ana;
617 5245 860 5316 γηγενὴς
904 5243 1186 5314 σκιρτάτω
1227 5242 1306 5315 τῷ
1336 5245 1612 5315 πνεύματι
1646 5246 1787 5317 λαμ-

206 5338 676 5411 παδουχούμενος.
713 5334 1147 5406 Πανηγυριζέτω
1172 5334 1230 5388 δὲ
1263 5334 1443 5388 άΰλων
1460 5336 1594 5389 νὸων
1625 5336 1786 5405 φύσις

205 5430 545 5503 γεραίρουσα
573 5428 674 5499 τὴν
705 5427 859 5498 ἱερὰν
896 5427 1234 5498 μετάστασιν
1272 5426 1373 5497 τῆς
1400 5426 1742 5499 Θεομήτορος
1768 5444 1779 5457 ο

209 5524 310 5578 καὶ
336 5521 537 5593 βοάτω,
560 5519 822 5588 Χαίροις,
847 5516 1308 5587 παμμακάριστε
1325 5519 1591 5584 Θεοτόκε,
1608 5520 1786 5590 ἁγνὴ,

208 5614 590 5683 ἀειπάρθενε.

288 5704 456 5760 Δεῦτε
484 5705 542 5757 έν
576 5701 718 5756 Σιὼν
743 5698 822 5772 τῷ
851 5699 981 5768 θείῳ
1018 5701 1114 5754 καὶ
1139 5699 1287 5753 πίονι
1311 5700 1430 5772 ὄρει
1461 5700 1554 5754 τοῦ
1590 5702 1791 5766 ζῶντος

213 5794 353 5849 Θεοῦ
385 5790 848 5863 άγαλλιασώμεθα
892 5791 994 5861 τὴν
1015 5789 1280 5843 Θεοτόκον
1314 5791 1756 5862 ὲνοπτριςόμενοι
1775 5809 1787 5823 ·

217 5886 352 5960 πρὸς
387 5886 496 5958 γὰρ
522 5886 620 5957 τήν
651 5884 772 5938 λίαν
821 5883 1104 5952 κρείττονα
1132 5882 1225 5934 καὶ
1276 5882 1554 5957 θειοτέραν
1586 5886 1791 5957 σκηνήν

1885 4689 2130 4761 cipiens,
2163 4691 2218 4743 in
2255 4689 2397 4758 ipso,
2447 4697 2709 4758 tanquam
2751 4689 2970 4745 debitor
3021 4689 3217 4755 Filius,
3250 4694 3491 4762 requie-‘

1887 4786 1984 4840 vit.
2022 4784 2151 4838 Ideo
2177 4791 2229 4838 te
2264 4781 2545 4853 Virginem
2575 4784 2832 4839 canimus
2859 4791 2916 4839 et
2955 4787 3463 4855 superextollimus.

1955 4876 1999 4931 0
2066 4876 2357 4931 intellectu
2426 4875 2625 4930 altiora
2680 4892 2896 4948 semper
2952 4877 3200 4949 Virginis
3256 4896 3323 4933 ac
3372 4881 3468 4935 Βιιί

1888 4968 2197 5024 Genitricis
2230 4966 2864 5038 miraculaiPostquam
2941 4970 3089 5024 enim
3150 4971 3467 5039 sepulcrum

1890 5058 2183 5124 habitavit,
2224 5058 2541 5128 paradisum
2574 5060 2855 5123 ostendit,
2894 5061 2987 5113 cui
3012 5052 3274 5116 astantes
3304 5061 3469 5117 hodie

1890 5150 2000 5205 lteti
2040 5148 2336 5204 canimus:
2372 5147 2602 5204 Cantate
2639 5157 2691 5204 et
2713 5150 3119 5218 superextollite
3156 5151 3465 5207 Dominum.

1963 5239 2055 5294 IX.
2108 5238 2412 5311 Terrigena
2460 5240 2644 5295 onmis
2696 5242 2895 5311 Spiritu
2971 5246 3231 5310 exsultet,
3288 5244 3469 5303 facem

1892 5331 2094 5387 ferens.
2147 5330 2412 5386 Montium
2464 5346 2597 5386 vero
2638 5334 2884 5387 materia:
2928 5336 3237 5390 exsortiqu
3270 5345 3477 5393 natura

1890 5423 1946 5478 in
1982 5423 2171 5478 laudes
2215 5432 2338 5487 eat,
2383 5433 2637 5477 sanetum
2689 5423 2779 5479 Dei
2830 5424 3129 5482 Genitricis
3180 5429 3479 5485 transitum

1891 5531 2164 5572 venerans
2194 5534 2210 5583 ;
2243 5524 2298 5570 et
2328 5515 2635 5571 exclamet:
2671 5515 2847 5585 Salve,
2876 5519 3183 5575 beatissima
3214 5521 3482 5591 Deipara,

1892 5625 2053 5679 pura,
2080 5624 2284 5678 semper
2323 5608 2505 5679 Virgo.

1961 5703 2123 5772 Agite
2146 5742 2161 5767 ,
2196 5702 2251 5757 in
2327 5700 2461 5757 Sion
2490 5742 2504 5765 ,
2566 5702 2754 5759 divino
2784 5714 2839 5760 et
2865 5706 3052 5776 pingui
3110 5707 3205 5762 Dei
3242 5710 3478 5765 viventis

1894 5804 2083 5848 monte
2148 5794 2580 5861 exsultabimus,
2662 5795 2950 5866 Deiparam
3024 5785 3175 5853 velut
3234 5802 3289 5853 in
3349 5814 3479 5870 spe-

1896 5886 2022 5942 culo
2053 5885 2336 5943 intuentes
2366 5904 2379 5954 ;
2407 5886 2549 5941 hanc
2581 5886 2728 5943 enim
2764 5888 2857 5944 illc
2881 5930 2894 5956 ,
2928 5896 3190 5960 tauquam
3221 5903 3481 5945 matrem.
