4026 6436
543 440 561 502 1
574 441 673 502 367

1991 429 2372 489 ADDENDA.

3674 430 3790 496 1363

536 545 603 598 ad
646 539 1003 614 praestantius
1033 535 1393 605 diviniusque
1421 532 1856 589 tabernaculum
1892 533 1950 587 in
1980 533 2122 588 San-

2233 535 2306 597 ὼς
2342 526 2560 605 μητέρα
2587 533 2792 604 ταύτην
2827 532 2908 598 είς
2930 533 2999 588 τὰ
3035 535 3205 604 Ἀγια
3243 533 3355 588 τῶν
3383 534 3559 602 άγίων
3599 539 3791 605 μετατί-

535 649 625 692 cta
655 644 973 691 sanctorum
1008 630 1321 685 transtulit.

610 729 792 797 Agite,
847 741 879 781 ο
935 724 1154 788 ﬁdeles,
1197 723 1263 777 ad
1313 721 1407 777 Dei
1451 719 1754 776 Genitricis
1809 719 2126 790 sepulcrum

538 821 888 886 accedemus,
923 817 1174 887 illudque
1201 816 1636 888 amplectentur,
1663 820 1910 884 pectora,
1949 810 2128 877 labra,

539 916 756 981 oculos,
785 912 1024 967 frontem
1083 913 1301 966 sincere
1356 907 1669 979 aﬂigentes;
1713 905 1949 974 indeque
1980 904 2125 957 hau-

537 1009 746 1061 riemus
775 1003 1006 1076 c0piosa
1033 1002 1469 1059 medicaminum
1500 1014 1732 1054 munera
1759 1038 1773 1065 ,
1807 1013 1837 1053 e
1896 996 2125 1069 perenni

539 1098 693 1154 fonte
725 1098 1036 1152 manantia.

606 1189 812 1261 Accipe
845 1205 874 1243 a
924 1189 1109 1257 nobis,
1173 1187 1269 1244 Dei
1319 1188 1557 1243 viventis
1607 1185 1803 1247 Mater,
1844 1183 2123 1239 canticum

537 1280 618 1336 De
645 1284 835 1348 exitu;
873 1297 1088 1352 nosque
1143 1281 1388 1336 lucifera:
1437 1296 1501 1334 ac
1537 1279 1737 1334 divinae
1789 1286 1896 1332 tuac
1934 1277 2126 1348 gratia:

539 1373 645 1429 sub
675 1373 870 1427 umbra
921 1381 1189 1444 protege;
1248 1373 1364 1442 regi
1400 1370 1734 1441 triumphos,
1772 1368 2124 1424 Christicolae

538 1466 745 1536 populo
796 1479 1012 1536 pacem,
1060 1465 1396 1519 canentibus
1446 1463 1664 1519 veniam
1696 1461 2127 1532 animarumque

539 1559 777 1615 salutem
810 1557 1112 1631 elargiens.

757 1957 1015 2011 Carmina
1047 1955 1117 2008 ad
1155 1955 1547 2010 exodiasticum
1579 1955 1926 2025 pertinentia.

539 2054 798 2120 Quanam
831 2051 956 2104 vitae
987 2051 1262 2118 voluptas,
1292 2057 1504 2118 perstat
1529 2047 1742 2104 doloris
1772 2063 1996 2118 expers,

537 2148 674 2211 Quae
700 2142 878 2214 gloria
913 2142 1241 2212 permansit,
1271 2140 1326 2195 in
1368 2149 1518 2196 terra
1548 2141 1642 2196 diu
1673 2141 1987 2197 duratura?

540 2235 750 2292 Umbra
791 2242 992 2288 cuncta
1053 2232 1169 2286 haec
1203 2243 1335 2287 sunt
1365 2232 1698 2296 infirmiora,
1722 2243 1928 2288 cuncta
1973 2249 2127 2290 som-

1498 2322 1634 2395 [niis
1667 2323 1981 2381 fallaciora.

541 2417 597 2474 Si
635 2419 720 2474 vel
777 2433 951 2473 unum
1009 2424 1359 2471 momentum
1416 2417 1555 2471 [luat
1614 2435 1629 2472 :
1693 2427 1897 2473 cuncta
1957 2419 2125 2475 letum

1713 2510 1984 2583 [colligeL

541 2602 745 2659 Verum
780 2604 835 2659 in
867 2603 1077 2658 lumine
1095 2601 1286 2658 vultus
1320 2603 1424 2667 tui,
1457 2602 1700 2659 Christe.

537 2693 682 2749 Etin
717 2691 1150 2764 pulchritudinis
1185 2701 1294 2746 tua:
1327 2694 1640 2757 suavitate,

542 2787 602 2842 Ei
634 2804 797 2858 quem
828 2787 1066 2858 elegisti,
1102 2787 1170 2841 da
1205 2788 1478 2857 requiem,
1513 2796 1572 2841 ut
1597 2788 1893 2859 benignus.

542 2879 660 2936 lleu
686 2880 809 2934 me!
839 2880 1056 2950 qualem
1093 2879 1295 2934 luctam
1318 2880 1504 2935 anima
1537 2896 1568 2936 e
1602 2896 1840 2951 corpore
1870 2889 2125 2952 separata

1669 2971 1940 3045 [sustinet
1964 2976 1988 3028 ?

543 3061 662 3118 Heu
697 3063 814 3118 me!
853 3071 1122 3132 quantum
1162 3063 1371 3133 plorat,
1405 3077 1508 3118 nec
1539 3071 1627 3119 est
1659 3064 1756 3134 qui
1797 3065 2129 3121 misereatur

1819 3158 1888 3231 [ej
1899 3176 1982 3213 us.

2234 627 2300 697 θη
2311 644 2386 680 σι.

2303 718 2492 784 Δεῦτε,
2511 720 2560 773 οί
2579 720 2779 786 πιστοὶ,
2796 719 2874 790 τῷ
2895 719 3052 791 τάφῳ
3079 719 3472 790 προσέλθωμεν
3491 720 3590 789 τῆς
3605 721 3796 792 Θεομήο

2229 828 2415 882 τορος·
2441 814 2536 864 καὶ
2561 811 3045 881 περιπτυξώμεθα,
3071 812 3324 884 καρδίας,
3346 812 3526 883 χείλη,
3567 814 3794 882 ὄμματα,

2234 905 2464 976 μέτωπα
2507 904 2824 975 εἰλικρινῶς
2869 905 3317 976 προσάπτοντεςο
3361 907 3457 958 καὶ
3487 907 3794 977 άρυσώμεθα

2236 998 2486 1068 ἰαμάτων
2514 997 2724 1067 ἄφθονα
2767 998 3085 1069 χαρίσματα
3117 1001 3179 1052 ὲκ
3211 999 3397 1069 πηγῆς
3438 999 3653 1054 άεννάου
3682 1000 3795 1069 ﬁla-

2237 1093 2522 1147 στάνοντα.

2305 1185 2473 1253 Δέχου
2508 1185 2640 1254 παρ’
2670 1183 2827 1255 ἡμῶν
2857 1184 3003 1255 ᾠδὴν
3030 1183 3128 1256 τὴν
3175 1183 3436 1248 ἐξόδιον,
3476 1186 3658 1254 Μῆτερ
3710 1187 3793 1238 τοῦ

2234 1276 2439 1340 ζῶντος
2483 1275 2646 1341 Θεοῦ,
2674 1277 2767 1330 καὶ
2800 1280 2868 1348 τῇ
2916 1277 3220 1348 φωτοφόρῳ
3261 1295 3358 1329 σου
3400 1279 3494 1330 καὶ
3528 1276 3641 1347 θείᾳ.
3685 1280 3792 1331 ἐπι-

2230 1368 2455 1421 σκίασον
2489 1369 2705 1439 χάριτι·
2743 1369 2823 1440 τῷ
2877 1369 3091 1440 βασιλεί
3120 1369 3190 1423 τά
3238 1370 3511 1440 τρόπαια,
3549 1369 3622 1440 τῷ
3658 1371 3791 1438 φιλο.

2230 1461 2442 1533 χρίστῳ
2471 1461 2589 1533 λαῷ
2615 1463 2712 1535 τὴν
2751 1464 2977 1534 εἰρήνην
2998 1503 3013 1529 ,
3043 1462 3240 1532 ἄφεσιν
3268 1466 3381 1527 τοῖς
3425 1463 3678 1534 μέλπουσι
3711 1466 3792 1517 καὶ

2232 1553 2421 1624 ψυχῶν
2463 1554 2740 1627 σωτηρίαν
2774 1554 3142 1627 βραϐεύουσα.

2314 1956 2598 2026 ἰδιόμελα
2628 1958 2700 2012 ἐν
2728 1958 3061 2025 ἀκολουθίᾳ
3087 1955 3197 2012 τοῦ
3215 1955 3630 2023 ἐξοὸιαστικοῦ
3650 1959 3735 2029 (α).

2230 2052 2369 2106 Ποία
2395 2051 2492 2104 τοῦ
2528 2052 2643 2124 βίου
2673 2053 2854 2124 τρυφὴ
2877 2051 3124 2123 διαμένει
3152 2051 3332 2120 λύπης
3367 2053 3628 2124 ἀμέτοχος
3651 2097 3664 2120 ,

2232 2144 2368 2197 Ποία
2394 2143 2521 2210 δόξα
2554 2144 2793 2214 ἕστηκεν
2828 2143 2924 2197 ἐπὶ
2947 2144 3051 2215 γῆς
3088 2144 3464 2215 άμετάθετοςζ

2231 2238 2417 2291 Πάντα
2461 2238 2624 2300 σκιᾶς
2677 2237 3069 2309 ἀσθενέστερα,
3103 2237 3285 2290 πάντα
3329 2237 3555 2309 ὀνείρων
3601 2239 3786 2308 ditatq-

2571 2323 2585 2337 “
3440 2329 3576 2401 [λότε
3585 2347 3665 2401 pa.

2231 2424 2346 2478 Μία
2372 2425 2536 2497 ῥοπὴ,
2562 2425 2657 2478 καὶ
2691 2423 2864 2478 ταῦτα
2894 2423 3075 2477 πάντα
3098 2421 3328 2486 Θάνατος
3362 2424 3674 2493 διαδέχεται.

2244 2602 2385 2655 Ἀλλ’
2409 2603 2469 2655 ὲν
2494 2602 2572 2672 τῷ
2605 2603 2767 2672 φωτὶ,
2800 2603 3026 2673 Χριστὲ,
3056 2601 3152 2655 τοῦ
3182 2602 3483 2673 προσώπου
3515 2618 3621 2666 σου,

2233 2697 2344 2748 Καὶ
2367 2696 2444 2766 τῷ
2469 2696 2777 2768 τλυκασμῷ
2804 2699 2907 2768 τῆς
2942 2696 3042 2766 σῆς
3072 2688 3428 2766 ὡραιότητος,

2237 2789 2334 2840 Ὃν
2364 2787 2614 2857 ἐξελέξω,
2647 2791 2985 2852 ἀνάπαυσον,
3013 2789 3089 2851 ὡς
3124 2788 3532 2858 φιλάνθρωπος.

2234 2875 2420 2946 οἶμοι,
2458 2873 2572 2931 οἷον
2603 2878 2792 2947 ἀγῶνα
2834 2877 2950 2949 εχει
2989 2880 3022 2949 ἠ
3065 2879 3213 2949 ψυχὴ
3239 2877 3581 2950 χωριζομένη
3628 2880 3685 2932 ὲκ
3709 2880 3792 2934 τοῦ

3388 2972 3670 3046 [σώματος.

2232 3065 2418 3135 υῐμοι,
2440 3066 2561 3120 τότε
2598 3067 2741 3120 πόσα
2774 3065 3025 3138 δακρύει,
3062 3068 3157 3121 καὶ
3183 3067 3284 3138 οὑχ
3316 3067 3553 3140 ὑπάρχει
3593 3071 3619 3122 6
3647 3069 3790 3122 ἐλεῶν

3464 3159 3666 3234 [αὑτήν.

539 3247 623 3302 Ad
650 3248 880 3319 angelos
911 3247 961 3304 si
987 3248 1510 3316 convertatoculos,
1550 3249 1709 3306 irrite
1745 3249 2078 3317 deprecatur
2107 3253 2126 3308 ί

2237 3249 2380 3319 Πρὸς
2416 3251 2544 3313 τοὺς
2570 3249 2840 3319 ἀγγέλους
2871 3251 2943 3305 τὰ
2985 3251 3213 3323 ὄμματα
3247 3253 3514 3324 ῥέπουσα,
3565 3253 3790 3323 ἄπρακτα

542 3419 600 3475 Si
637 3420 702 3473 ad
733 3420 984 3476 homines
1012 3420 1205 3476 tendat
1234 3435 1460 3483 manus.
1483 3436 1643 3493 opem
1677 3423 1772 3493 qui
1815 3422 1982 3488 ferat,
2019 3440 2128 3478 non

1728 3514 1986 3587 [invenit.

542 3602 775 3668 Idcirco,
811 3602 1000 3660 dilecti
1051 3603 1281 3671 fratres,
1331 3604 1662 3662 brevitatem
1703 3608 1832 3661 vitae
1877 3618 2130 3663 contem-

1768 3699 1985 3771 l[plati,

540 3785 807 3858 Requiem
839 3787 1105 3845 defuncto
1133 3789 1264 3846 huic
1285 3829 1301 3855 ,
1331 3805 1361 3844 a
1394 3789 1620 3846 Christo
1649 3791 2042 3862 deprecemur.

499 4019 511 4024 -
538 3971 607 4025 Et
634 3985 889 4040 magnam
918 3969 1214 4028 animabus
1246 3972 1459 4029 nostris
1491 3974 1963 4032 misericordiam.

537 4063 772 4121 Vanitas
806 4073 936 4120 sunt
961 4064 1203 4120 humana
1221 4074 1448 4127 cuncta.
1476 4082 1598 4136 qua
1616 4077 1743 4137 post
1766 4078 1998 4123 mortem
2019 4084 2130 4124 non

1363 4155 1626 4229 [amplius
1667 4162 1985 4217 exstabant.

2159 3313 2206 3375 C

3293 3343 3670 3416 [καθικετεύει.

2235 3435 2383 3504 Πρὸς
2428 3435 2557 3498 τοὺς
2614 3433 2938 3502 ἀνθρώπους
2980 3436 3080 3498 τὰς
3121 3439 3312 3507 χεῖρας
3343 3439 3673 3502 ἐκτείνουσα,
3711 3441 3796 3493 οὐκ

3114 3527 3248 3599 [ἔχει
3278 3531 3371 3584 τὸν
3401 3530 3706 3602 βοηθοῦντα.

2232 3619 2345 3683 Διὸ,
2395 3619 2674 3690 ἀγαπητοί
2701 3636 2804 3690 μου
2853 3620 3099 3689 ἀδελφοὶ,
3157 3624 3516 3693 ὲννοήσαντες
3559 3626 3703 3696 ἡμῶν
3748 3628 3795 3678 τὺ

3166 3712 3368 3786 [βραχὺ
3405 3716 3506 3786 τῆς
3543 3718 3700 3785 ζωῆς.

2233 3801 2323 3872 Τῷ
2363 3803 2695 3873 μεταστάντι
2733 3805 2832 3876 τὴν
2861 3806 3170 3860 ἀνάπαυσιν
3205 3808 3356 3878 παρά
3402 3808 3636 3878 Χριστοῦ
3663 3812 3793 3878 αἰτη-

3435 3899 3696 3972 [σὼμεθα,

2234 3988 2346 4040 Καὶ
2367 3990 2486 4052 ταῖς
2513 3989 2712 4059 ψυχαῖς
2733 3990 2894 4060 ἡμῶν
2923 3990 2984 4043 τὸ
3011 3991 3154 4061 μέγα
3179 3991 3354 4055 ἔλεος.

2235 4081 2420 4133 Πάντα
2470 4083 2775 4153 ματαιότης
2815 4083 2887 4135 τὰ
2936 4082 3279 4155 ἀνθρώπινα,
3317 4086 3418 4138 ὅσα
3457 4086 3555 4154 οὐχ
3583 4085 3790 4156 ὑπάρχει

3227 4176 3243 4248 [
3254 4179 3394 4247 μετὰ
3421 4177 3664 4242 Θάνατον,

537 4243 755 4299 Divitiae
788 4259 1068 4315 nusquam
1119 4255 1468 4316 supersunt,
1516 4263 1620 4304 nec
1680 4265 1782 4305 nos
1829 4251 2126 4306 comitatur

2233 4269 2307 4321 υὺ
2334 4268 2647 4340 παραμένει
2671 4271 2699 4324 6
2727 4269 2981 4336 πλοῦτος,
3009 4270 3072 4324 ού
3097 4271 3367 4324 συνοδεύει
3399 4274 3436 4341 ἡ
3465 4271 3609 4336 δόξα.

1755 4341 1982 4414 [gloria.

484 4477 487 4480 .
537 4430 783 4502 Repente
811 4447 1050 4503 namque
1089 4434 1493 4505 superveniens
1530 4450 1708 4500 mors,
1760 4436 1883 4491 hac
1919 4446 2126 4492 cuncta

1704 4526 1990 4598 [dissipat.

677 4637 902 4692 Christo
935 4647 1224 4708 propterea
1251 4640 1553 4694 immortali
1580 4641 1916 4696 clamemus.

537 4728 599 4782 Ei
627 4728 721 4798 qui
748 4743 777 4781 a
809 4728 972 4784 nobis
1004 4729 1264 4801 migravit
1299 4732 1368 4786 da
1401 4732 1672 4800 requiem,

538 4822 646 4878 Ubi
674 4822 980 4876 laetantium
1009 4823 1262 4878 omnium
1302 4833 1389 4880 est
1418 4823 1710 4878 habitatio.

536 4913 646 4968 Ubi
678 4913 870 4967 mundi
910 4924 994 4969 est
1032 4912 1309 4968 alTectus?

543 5002 642 5060 Ubi
670 5020 850 5060 rerum
880 5004 1128 5080 inanium
1158 5007 1408 5076 species?

536 5096 644 5154 Ubi
671 5111 870 5152 aurum
900 5104 955 5153 et
985 5107 1283 5169 argentum
1308 5099 1328 5152 ί

534 5191 643 5246 Ubi
686 5191 848 5246 turba
888 5199 943 5245 et
969 5192 1247 5248 tumultus
1282 5190 1656 5247 famulorum?

538 5283 733 5337 Omnia
767 5284 975 5352 pulvis,

536 5371 734 5424 Umnia
767 5373 937 5438 cinis,

536 5462 738 5516 Omnia
768 5473 902 5519 sunt
931 5466 1164 5520 umbrae.

539 5550 744 5608 Verum
772 5554 1022 5610 accedite
1042 5563 1098 5610 et
1125 5557 1427 5612 immortali
1469 5559 1582 5628 regi
1617 5559 1919 5614 clamamus
1964 5581 1976 5613 :

2243 4448 2519 4503 Ἐπελθὼν
2541 4453 2651 4521 γάρ
2688 4451 2717 4503 6
2749 4450 2978 4516 Θάνατος
3015 4453 3190 4508 ταῦτα
3227 4455 3405 4509 πάντα
3439 4455 3783 4526 ὲξηφάνιπαι.

2375 4649 2464 4703 Διὸ
2493 4650 2716 4722 Χριστῷ
2741 4650 2818 4722 τῷ
2849 4651 3105 4724 ἀθανάτῳ
3142 4654 3428 4727 βοήσωμεν
3449 4674 3463 4688 ⁸

2239 4741 2342 4794 Τὸν
2376 4744 2720 4812 μεταστάντα
2749 4745 2806 4810 ἐξ
2829 4744 2988 4815 ἡμῶν
3008 4747 3344 4809 ἀνάπαυσον,

2240 4832 2412 4886 Ἔνθα
2442 4833 2658 4887 πάντων
2688 4835 2839 4889 ἐστὶν
2865 4837 3314 4910 εὐφραινομένων
3344 4845 3377 4913 ἡ
3404 4861 3665 4898 κατοικια.

2235 4923 2347 4978 Ποῦ
2379 4927 2528 4979 ἐστιν
2559 4927 2593 4996 ἡ
2617 4927 2713 4981 τοῦ
2735 4927 2948 5001 κόσμου
2987 4931 3330 5001 προσπάθεια
3357 4953 3372 5001 ;

2233 5014 2346 5069 Ποῦ
2376 5018 2577 5088 ὲστινή
2602 5017 2712 5072 τῶν
2733 5021 3088 5092 προσκαίρων
3111 5023 3384 5091 φαντασία
3409 5041 3423 5086 ;

2231 5107 2343 5160 Ποῦ
2376 5111 2528 5161 ἐστιν
2553 5111 2581 5162 6
2607 5109 2808 5181 χρυσὸς
2843 5112 2939 5164 καὶ
2976 5115 3004 5164 6
3030 5112 3305 5186 ἄργυρος;

2231 5198 2344 5252 Ποῦ
2375 5200 2523 5252 ἐστιν
2559 5201 2670 5254 τῶν
2695 5202 2926 5257 οίκετῶν
2956 5205 2989 5274 ἡ
3025 5206 3330 5278 πλημμύρα
3365 5211 3460 5262 καὶ
3485 5212 3514 5262 6
3547 5209 3784 5282 069960;;

2230 5290 2420 5344 Πάντα
2450 5293 2622 5357 κόνις,

2230 5379 2417 5434 Πάντα
2436 5382 2633 5455 τέφρα,

2231 5473 2414 5526 Πάντα
2447 5476 2594 5530 σκιά.

2241 5566 2402 5620 Ἀλλά
2428 5567 2604 5632 δεῦτε,
2631 5569 2920 5642 βοήσωμεν
2948 5573 3027 5643 τῷ
3050 5573 3306 5646 ἀθανάτῳ
3350 5576 3581 5646 βασιλεῖ.

610 5781 689 5909 gr)
721 5780 899 5865 Hann:
932 5784 1100 5837 ΑοΑι.
1121 5785 1362 5869 οῡληιει,
1402 5787 1707 5844 Thesaurus
1745 5791 2117 5864 Itymnologicu

536 5847 588 5908 1.
667 5868 808 5909 021⁵2
843 5853 1226 5909 Εαείιοίοαιιιηι
1264 5874 1366 5909 ure
1401 5857 1614 5909 Riluale
1647 5859 1953 5909 Crmcomm
1984 5867 2072 5909 ml-
2115 5871 2126 5909 ἕ

2235 5787 2298 5860 ll,
2460 5797 2689 5867 Legitur
2721 5801 2886 5856 etiam
2926 5803 2983 5857 in
3010 5803 3206 5861 Oiﬁcio
3235 5811 3623 5882 exsequiarum
3667 5811 3791 5884 apud

2233 5863 2478 5909 laneum-
2521 5867 2659 5909 6730
2711 5872 2853 5909 199-
2890 5874 2955 5909 ml
3003 5874 3159 5909 [huic
3217 5876 3317 5909 tuo

573 5891 588 5908 .
618 5853 766 5909 ϐολι-
794 5872 808 5909 :
843 5853 1226 5925 Euchalogium
1264 5859 1366 5911 sive
1401 5857 1614 5914 Rituale
1647 5853 1953 5918 Graiorum
1984 5853 2073 5922 Ed.
2115 5853 2171 5920 ‘2.
2213 5853 2482 5932 Venetiis,
2521 5853 2682 5930 {730.
2711 5853 2982 5940 ιεὲἶεὲιῖ
