4026 6414
209 389 348 453 1369
1097 392 1177 452 IN
1214 392 1358 451 SEX
1390 392 1702 454 Hi’thOS
1740 392 2181 464 SEQUENTES
2223 395 2608 457 MONITUM.
3332 399 3469 461 13Ἷο

204 502 403 574 Κύριε,
428 499 537 554 τῶν
562 499 798 555 αἰωνίων
849 520 944 556 σου
972 502 1198 572 ἀγαθῶν
1228 505 1460 569 ἀξίωσον
1500 506 1592 561 τὸν
1623 523 1772 577 μετα·

1894 504 2125 560 Domine
2152 508 2380 563 aeternis
2415 511 2527 565 tuis
2568 511 2732 567 bonis
2763 512 2909 567 dona
2943 527 3068 569 eum
3104 514 3198 583 qui
3249 527 3279 566 a
3315 512 3474 569 nobis

1127 595 1353 668 [στάντα
1376 597 1435 664 ἐξ
1464 599 1643 669 ἡμῶν,

3062 604 3366 678 [migravit,

216 688 543 744 ’Δναπαύων
572 688 736 745 αὑτὸν
761 690 820 742 ὲν
842 690 909 762 τῇ
942 688 1138 762 ἀγήρῳ
1166 689 1554 763 μακαριότητι.

1894 688 1954 745 In
1989 689 2332 749 indeliclenti
2363 693 2709 753 beatitudine
2739 697 2869 754 data
2900 699 2977 754 illi
3008 700 3220 771 requie.

968 1067 1394 1137 MONITUM
1441 1067 1545 1132 ΙΝ
1568 1068 1734 1129 SEX
1772 1065 2138 1128 HYMNOS
2173 1062 2715 1141 SEQUENTES.

1153 1233 1304 1298 (Ana.
1340 1232 1456 1283 Μλι.
1498 1228 1734 1295 Spirileg.
1778 1230 1912 1279 Rom.
1950 1229 2033 1291 IX,
2069 1242 2247 1293 p.xx1,
2270 1228 2361 1278 713
2386 1227 2519 1291 sqq.)

276 1557 335 1613 ln
366 1557 690 1614 evolvendis
720 1557 933 1613 Grecis
964 1555 1251 1612 Vaticanae
1280 1556 1631 1612 bibliothecae
1663 1557 1956 1612 codicibus
1988 1574 2074 1613 res
2107 1559 2388 1630 insperata
2420 1559 2556 1616 mihi
2589 1560 2811 1617 accidit.
2844 1562 2977 1617 Dum
3012 1562 3161 1619 enim
3195 1563 3469 1635 poeticum

200 1651 459 1707 volumen
489 1650 845 1720 inspicerem,
878 1652 935 1706 in
963 1666 1075 1721 quo
1115 1665 1225 1707 non
1260 1652 1384 1706 sine
1420 1651 1596 1705 multo
1625 1651 1971 1705 scholiorum
1996 1654 2265 1709 comitatu
2292 1663 2423 1709 sunt
2457 1653 2755 1719 Pindarus,
2794 1656 3093 1725 Hesiodus,
3141 1667 3328 1728 partes
3360 1656 3470 1711 llo-

203 1747 363 1809 meri,
397 1745 673 1818 Eschyli,
707 1755 761 1802 et
788 1747 1094 1815 Theocriti,
1118 1746 1493 1803 animadverti
1527 1748 1697 1816 paulo
1731 1746 2024 1803 dilferente
2064 1749 2390 1806 charactere
2419 1751 2628 1821 scripta
2671 1749 2799 1806 folia
2833 1767 2928 1806 sex
2961 1752 3016 1805 in
3048 1752 3288 1807 diversis
3320 1750 3473 1805 codi-

199 1837 285 1894 cis
320 1840 596 1908 partibus,
619 1838 807 1909 ibique
830 1840 1062 1895 totidem
1086 1838 1428 1909 deprehendi
1454 1839 1746 1910 prosaicos
1767 1840 1945 1897 sancti
1969 1840 2205 1896 Joannis
2228 1841 2555 1899 Damasceni
2592 1843 2850 1915 hymnus,
2872 1860 3014 1915 quos
3040 1842 3211 1900 Graeci
3238 1844 3472 1907 κανόνας

201 1931 506 2002 appellant,
537 1931 779 1988 ineditos
810 1947 1042 2003 prorsus
1071 1939 1131 1986 et
1159 1931 1479 2001 incognitus
1509 1932 1716 1987 Allatio
1746 1932 1878 2002 ipsi,
1917 1930 2202 1997 Fabricio,
2230 1945 2286 1989 et
2309 1934 2602 2005 Lequinio,
2632 1937 2725 2005 qui
2752 1936 2821 1991 de
2860 1937 3041 1993 sancti
3072 1938 3174 1991 viri
3213 1938 3473 1992 lucubra-

199 2029 454 2085 tionibus
504 2034 614 2082 tam
671 2036 937 2082 accurate
981 2025 1354 2095 scripserunt.
1385 2022 1578 2094 Neque
1617 2040 1753 2079 vero
1782 2025 1899 2081 haec
1934 2025 2066 2082 folia
2091 2028 2270 2082 aliena
2300 2038 2431 2082 sunt
2468 2043 2499 2080 a
2533 2029 2744 2095 codice,
2779 2030 2863 2084 vel
2891 2030 3121 2101 obtrusa
3150 2046 3165 2094 ;
3211 2031 3305 2087 sed
3341 2031 3471 2101 quia

199 2120 413 2176 scholia
443 2120 511 2175 ad
557 2120 856 2191 praedictos
886 2126 1081 2189 poetas
1115 2117 1393 2173 interdum
1423 2118 1763 2175 rarescentia
1793 2119 2035 2188 spatium
2070 2134 2308 2176 vacuum
2350 2121 2397 2174 si
2431 2136 2540 2174 non
2590 2121 2836 2177 universi
2878 2098 2999 2176 folii
3054 2133 3109 2176 at
3144 2123 3322 2193 partis
3352 2098 3473 2193 ejus

199 2213 457 2269 maxime
487 2210 899 2282 relinquebant,
929 2208 1141 2265 idcirco
1173 2208 1535 2264 amanuensis
1565 2208 1769 2278 aliquis
1800 2210 1888 2265 vel
1906 2210 2122 2266 codicis
2152 2210 2413 2265 dominus
2447 2218 2733 2266 vacantem
2768 2218 2971 2266 nactus
3003 2210 3214 2277 locum,
3243 2213 3473 2267 Damas-

198 2309 325 2363 ceni
359 2307 462 2364 hos
497 2308 753 2379 hymnos,
789 2306 992 2377 quibus
1038 2304 1323 2376 precipue
1369 2304 1785 2369 delectabatur,
1833 2305 1951 2360 illic
2004 2304 2309 2374 descripsit
2340 2303 2591 2374 profanis
2631 2302 2864 2359 schoiiis
2906 2305 3272 2375 interpositos
3311 2323 3324 2359 :
3361 2304 3468 2360 etsi

196 2399 522 2455 earumdem
565 2399 894 2471 hymnorum
924 2406 1109 2465 partes
1138 2398 1379 2467 aliquot,
1425 2397 1717 2453 consuetis
1746 2397 2001 2453 codicum
2036 2398 2265 2453 casibus
2292 2399 2599 2468 perierunt.
2631 2396 2743 2468 Ego
2771 2400 2941 2471 igitur
2969 2406 3026 2454 et
3057 2400 3195 2453 tanti
3228 2402 3474 2457 auctoris

197 2496 448 2563 nomine,
483 2496 630 2567 quod
664 2496 719 2550 in
753 2493 1098 2567 singulorum
1136 2493 1667 2565 hymnorumtitulis
1692 2495 2049 2558 occurrebat,
2074 2502 2129 2549 et
2158 2494 2275 2563 ipsa
2308 2510 2366 2549 re
2405 2494 2737 2560 delectatus,
2769 2495 2882 2565 pati
2923 2510 3034 2549 non
3068 2495 3246 2565 potui,
3280 2505 3342 2550 ut
3391 2496 3473 2551 ha:

196 2588 535 2645 Christiana:
566 2606 679 2645 non
729 2589 1121 2645 contemnendi
1157 2589 1320 2659 pretii
1365 2588 1618 2659 reliquias
1658 2590 1714 2643 in
1749 2589 1974 2645 ethnico
2005 2589 2215 2643 diutius
2256 2589 2470 2645 tumulo
2500 2590 2775 2660 dispersa:
2804 2590 3079 2661 jacerent.
3131 2588 3471 2663 Hymnorum

195 2679 337 2734 ordo
372 2682 427 2735 in
463 2680 657 2736 codice
704 2681 793 2736 hic
822 2688 928 2738 est.
981 2679 1025 2745 Ι,
1059 2678 1156 2734 fol.
1188 2682 1225 2737 4
1249 2692 1303 2736 et
1332 2682 1399 2747 5;
1441 2682 1497 2736 in
1531 2691 1791 2737 sanctum
1837 2680 2104 2737 Basiliam
2147 2680 2429 2754 Magnum.
2459 2685 2538 2755 (Ι)
2570 2683 2635 2747 ΙΙ.
2671 2684 2710 2739 f.
2746 2684 2815 2750 5,
2861 2685 2916 2739 in
2973 2693 3236 2740 sanctum
3303 2682 3473 2739 Joan-

197 2789 324 2829 nem
358 2772 951 2847 ChrysustomumJH,
986 2775 1025 2829 f.
1074 2774 1215 2836 107,
1254 2774 1306 2828 in
1349 2783 1603 2829 sanctum
1653 2772 1943 2828 Nicolaum
1995 2773 2327 2846 Hyreusem.
2390 2773 2481 2835 IV.
2516 2774 2557 2830 f.
2616 2775 2721 2829 107
2748 2777 2816 2841 b,
2850 2776 2907 2831 in
2940 2788 3196 2831 sanctum
3246 2774 3470 2831 Petrum

197 2867 584 2938 apostolorum
633 2868 962 2939 principem.
1002 2866 1068 2933 ν,
1120 2868 1159 2922 f.
1195 2866 1334 2932 155,
1377 2868 1434 2921 in
1486 2878 1745 2922 sanctum
1780 2867 2079 2939 Georgium
2114 2876 2447 2939 martyrem,
2480 2866 2570 2931 Vl,
2604 2867 2644 2923 ί.
2688 2868 2797 2922 ιη
2840 2878 2895 2923 et
2941 2868 3081 2932 H3,
3130 2868 3185 2923 in
3216 2876 3470 2923 sanctum

197 2960 443 3016 Blasium
465 2975 622 3032 aeque
660 2967 962 3033 martyrem
1006 2978 1020 3014 ε
1060 2960 1115 3014 in
1149 2959 1353 3030 quibus
1388 2959 1499 3014 rite
1524 2958 1592 3014 ad
1620 2958 1823 3014 Graeca:
1852 2959 2090 3030 liturgia:
2122 2973 2374 3013 normam
2401 2974 2466 3013 ac
2499 2959 2647 3030 leges
2682 2958 3093 3014 constituendis
3122 2958 3470 3013 commodam

197 3057 332 3111 mihi
364 3070 595 3126 operam
624 3055 861 3125 praebuit
894 3053 958 3109 Β.
993 3052 1194 3109 Petrus
1240 3050 1529 3122 Matranga
1568 3050 2039 3114 Graeco-Siculus,
2072 3066 2236 3121 quem
2269 3059 2322 3105 et
2352 3050 2491 3105 alias
2524 3049 2756 3105 honoris
2786 3064 2957 3105 causa
2985 3048 3285 3121 appellavi.
3327 3049 3473 3106 Sane

195 3152 424 3209 occasio
457 3151 600 3206 forte
626 3165 733 3206 non
761 3150 960 3215 deerit,
994 3165 1100 3221 qua
1134 3150 1236 3203 hos
1256 3149 1520 3218 pulchros
1545 3148 1777 3220 hymnos
1810 3146 2110 3202 Latinitate
2146 3146 2314 3203 simul
2341 3153 2395 3201 et
2427 3146 2627 3201 idoneo
2658 3145 3064 3201 commentario
3097 3143 3307 3199 donare
3336 3144 3473 3199 lice-

197 3252 276 3306 bit
304 3270 317 3306 :
360 3265 507 3306 nunc
532 3249 587 3304 hi
619 3254 804 3303 tamen
834 3248 921 3302 vis
951 3247 1004 3301 in
1036 3248 1237 3317 angulo
1264 3246 1412 3316 pleni
1441 3245 1553 3314 jam
1586 3245 1889 3299 voluminis
1934 3245 2202 3314 hospitari
2234 3251 2468 3316 queunt.
2515 3244 2740 3300 Interim
2780 3244 3175 3316 praedictorum
3211 3243 3469 3298 divorum

196 3342 368 3398 rebus
404 3340 600 3412 gestis,
639 3339 893 3408 scriptis,
926 3338 1237 3403 miraculis,
1270 3352 1333 3391 ac
1371 3336 1653 3407 martyriis
1683 3351 1861 3390 novus
1885 3352 1950 3390 ac
1982 3335 2086 3391 fide
2114 3336 2319 3406 dignus
2350 3336 2569 3391 accedit
2598 3337 2757 3391 testis
2784 3334 3034 3391 Joannes
3068 3334 3469 3389 Damasccnus.

195 3435 385 3493 Basilii
420 3444 588 3506 atque
620 3432 1001 3505 Chrysostomi
1038 3432 1400 3487 celebrantur
1420 3430 1693 3500 sapientia
1724 3436 1777 3485 et
1810 3430 2012 3500 pietas,
2032 3427 2241 3484 Nicolai
2265 3430 2500 3484 virtutes
2523 3438 2582 3485 et
2618 3429 2869 3500 prodigia
2902 3446 2917 3484 :
2948 3437 3152 3499 quarto
3181 3429 3235 3482 in
3266 3427 3473 3496 hymno

194 3531 333 3586 dicit
370 3529 748 3585 Damascenus
788 3527 1236 3582 commendatam
1271 3525 1447 3582 Petro
1469 3522 1777 3579 Ecclesium
1819 3538 1851 3577 a
1884 3522 2133 3589 Christo,
2170 3538 2335 3594 quam
2360 3523 2454 3578 ille
2474 3525 2693 3595 egregie
2723 3524 2880 3579 navis
2908 3523 3085 3578 instar
3112 3522 3468 3593 gubernavit.

193 3622 451 3693 Appellat
486 3621 717 3690 insuper
748 3618 972 3673 Petrmn
1012 3617 1199 3674 Romae
1223 3627 1486 3683 tutorem,
1512 3617 1670 3687 regni
1705 3616 1947 3671 cmlestis
1966 3616 2290 3671 divitiarum
2327 3617 2647 3682 custodem,
2687 3616 2811 3671 fidei
2833 3625 3071 3688 petram,
3101 3624 3157 3669 et
3185 3613 3471 3671 catholica:

197 3714 462 3771 Ecclesia
490 3711 707 3767 firmum
746 3709 1191 3765 fundamentum.
1229 3708 1489 3764 Reditum
1521 3722 1745 3779 quoque
1781 3706 2033 3776 ejusdem
2058 3706 2205 3762 Petri
2250 3706 2688 3779 Hierosolymam
2722 3708 2850 3777 (sub
2878 3706 3113 3763 Claudio
3144 3708 3301 3776 imp.)
3346 3722 3461 3761 me-

194 3816 403 3869 morat,
436 3819 539 3860 nec
579 3804 701 3875 ejus
735 3803 803 3858 de
844 3802 1073 3857 Simone
1108 3801 1265 3872 Mago
1298 3800 1645 3871 triumphum
1671 3800 1885 3854 reticet.
1911 3798 2162 3870 Hymnus
2193 3801 2250 3855 in
2283 3799 2581 3870 Georgium
2621 3811 2924 3872 martyrem
2948 3815 3015 3855 eo
3070 3799 3310 3856 fortasse
3342 3810 3467 3855 stu-

193 3903 419 3959 diosius
452 3902 689 3973 legetur,
720 3901 851 3971 quia
881 3899 993 3954 divi
1045 3898 1208 3969 hujus
1246 3897 1474 3953 historia
1508 3896 1699 3952 multis
1731 3896 1980 3954 tenebris
2011 3898 2190 3953 adhuc
2213 3905 2300 3955 est
2335 3898 2623 3954 obvoluta.
2659 3898 2908 3970 Hymnus
2940 3900 3181 3970 denique
3217 3899 3273 3954 in
3315 3915 3462 3954 mar-

194 4004 372 4068 tyrem
403 3992 647 4049 Blasium
689 3995 778 4048 vix
823 3991 974 4047 brevi
1008 3991 1197 4060 aliqua
1232 3990 1432 4045 lacuna
1454 3988 1715 4056 laborat;
1754 4004 1930 4060 quare
1952 3991 2340 4045 continentem
2368 3999 2652 4062 gestorum
2701 3992 2822 4062 ejus
2851 4009 2916 4047 ac
2950 3993 3333 4063 prodigiorum
3370 3994 3469 4047 dc-

193 4087 559 4158 scriptioncm
586 4084 1055 4143 videmus.Porro
1086 4082 1419 4139 Damasceni
1452 4083 1565 4136 vim
1594 4082 2126 4153 hymnOgraphicam
2153 4097 2255 4137 cur
2282 4097 2387 4154 ego
2418 4084 2676 4140 laudem?
2704 4086 3035 4155 jampridem
3060 4085 3400 4140 dilaudatam
3433 4102 3465 4140 a

190 4180 410 4239 Joanne
434 4181 928 4254 Hierosolymitano
957 4180 1080 4250 ejus
1108 4178 1417 4250 biographo
1441 4194 1563 4248 cap.
1598 4179 1661 4232 51
1688 4188 1744 4232 et
1773 4194 1955 4249 seqq.,
1975 4188 2027 4234 et
2059 4194 2088 4233 a
2121 4178 2293 4235 Suida
2316 4193 2538 4250 quoque
2567 4192 2691 4233 voc.
2734 4178 2909 4231 Ἰωαν.
2942 4180 3195 4249 Δαμασκ.
3236 4177 3324 4233 his
3344 4193 3469 4233 ver-

192 4277 280 4334 bis
334 4274 735 4345 amplissimis:
767 4273 1192 4345 Συγγράμματα
1224 4271 1390 4326 αὐτοῦ
1446 4272 1541 4326 καὶ⁸
1571 4272 1621 4325 οἱ
1647 4272 1942 4344 ᾁσματικοὶ
1984 4274 2214 4337 κανόνες
2263 4274 2512 4345 ἱαμᾷικοῐ
2546 4292 2604 4328 τε
2656 4274 2754 4326 καὶ
2794 4273 3207 4345 καταλογάδην
3254 4276 3301 4329 οἱ
3334 4276 3468 4344 γοῦν

191 4341 494 4440 ᾁσματιδιοὶ
542 4368 770 4431 κανόνες
812 4341 1060 4420 Ἰωαννόν
1113 4381 1174 4418 τε
1211 4364 1307 4419 καὶ
1347 4365 1549 4435 Κοσμᾶ
1576 4341 1865 4435 σύῷκρισιν
1888 4364 1989 4418 οὐκ
2016 4364 2287 4431 ἐδέξαντο,
2311 4341 2435 4419 dsit
2460 4364 2724 4431 δέξαιντο,
2762 4365 2957 4436 μέχρις
2983 4341 3051 4419 ἄν
3073 4367 3101 4419 ὀ
3131 4341 3142 4345 ν
3166 4364 3290 4419 καθ’
3317 4341 3467 4438 ὴνμᾶς

194 4460 312 4532 βίος
342 4458 816 4533 περαιωθήσεται·
854 4458 1004 4513 Inter
1040 4457 1268 4514 Joannis
1299 4459 1503 4529 scripta
1533 4474 1772 4512 numerat

1879 4460 2246 4515 'canticorum
2297 4476 2547 4526 canones,
2586 4470 2694 4513 tum
2718 4460 2909 4514 iambis
2950 4470 3062 4514 tum
3095 4460 3259 4514 etiam
3288 4460 3467 4516 soluta

190 4555 441 4610 oratione
466 4554 675 4624 scripti.
710 4553 783 4607 Hi
816 4552 1150 4607 canticorum
1178 4566 1430 4612 canones.
1468 4560 1580 4604 tam
1603 4544 1833 4604 Joannis
1857 4567 2020 4621 quam
2045 4550 2256 4607 Casinas
2281 4551 2488 4606 nullam
2521 4569 2637 4606 cum
2658 4551 2888 4606 aliorum
2906 4553 3057 4623 paris
3086 4554 3290 4626 generis
3317 4556 3467 4609 scri—

189 4650 296 4717 ptis
330 4646 779 4714 comparationem
808 4660 1043 4715 unquam
1077 4642 1437 4708 admiserunt,
1470 4658 1633 4713 neque
1663 4641 1966 4709 admittant,
2002 4645 2242 4715 quandiu
2272 4644 2547 4699 hominum
2578 4646 2689 4700 vita
2716 4644 2960 4700 durabit.

1706 4817 1939 4878 NOTAE.

263 4917 632 4993 (l)piversus
666 4914 828 4993 plane
859 4913 953 4970 hic
983 4921 1069 4970 est
1099 4913 1337 4993 hymnus
1375 4913 1445 4967 ab
1481 4912 1590 4993 alio
1622 4910 1776 4993 ejus-

186 4985 334 5047 dem
360 4986 686 5054 Damasceni
722 4986 778 5040 in
812 4993 1066 5054 sanctum
1116 4985 1410 5046 Basilium,
1433 4985 1527 5054 qui
1576 4985 1775 5053 legitur

190 5064 250 5117 in
284 5060 492 5117 Menmo
512 5053 833 5113 Graecorum
866 5057 955 5113 die
989 5056 1013 5109 l
1042 5053 1315 5124 Januarii,
1339 5062 1395 5110 et
1420 5053 1581 5124 cujus
1607 5055 1772 5108 verba

187 5134 405 5201 aliquot
450 5128 913 5201 recitavimus,_t.
958 5125 1053 5185 Vl.
1095 5123 1352 5201 Prmf._p.
1401 5123 1499 5201 39.
1530 5123 1675 5201 sane
1712 5132 1774 5178 ut

186 5193 441 5273 ejusdem
477 5215 623 5270 saepe
646 5198 889 5256 oratoris
927 5196 1246 5266 complures
1269 5193 1532 5278 h’omilias
1563 5193 1632 5276 de
1659 5208 1772 5248 uno

188 5274 500 5323 eodemaue
528 5278 858 5323 araumento
880 5270 965 5323 vel
1015 5275 1210 5323 sancto
1239 5280 1364 5321 vnro
1391 5281 1444 5320 in
1479 5264 1643 5320 libris
1670 5264 1772 5319 ha-

188 5274 500 5343 eodemque
528 5278 858 5341 argumento
880 5274 965 5325 vel
1015 5275 1210 5324 sancto
1239 5274 1364 5321 viro
1391 5274 1444 5320 in
1479 5274 1643 5320 libris
1670 5274 1772 5319 na-

188 5342 413 5413 bemus,
442 5350 613 5413 prout
650 5355 838 5413 annua
886 5338 1214 5413 solemnita‘s
1268 5334 1631 5413 recurrehat,
1688 5335 1771 5391 sic

192 5406 639 5488 hymniquoque
670 5412 741 5468 ob
778 5410 1023 5469 eamdem
1060 5406 1504 5465 anniversariam
1544 5418 1769 5461 causam

1871 4912 2425 4991 multiplicabuntur.
2461 4946 2531 4991 -ςτ
2585 4913 2711 4991 Haec
2760 4916 3247 4991 in_l_oco_pr:efato
3284 4920 3461 4981 refert

1882 4985 2018 5064 ᾼιης.
2059 4984 2167 5039 MM
2188 5004 2208 5064 _:
2251 4985 2369 5064 ¢_ln
2401 4987 2593 5064 c_odi_ce
2618 4984 3175 5064 [Val._225]_f.'250.
3214 4994 3463 5064 legitur:

1881 5056 2246 5127 Δαμασκηνὸς
2278 5058 2337 5110 ὲν
2384 5056 2566 5180 stilla;
2594 5056 2689 5111 τὸν
2721 5059 2897 5128 μέγαν
2917 5056 3213 5115 Βασίλειον
3250 5056 3463 5130 αἶανόνι,

1881 5126 2086 5180 Εξκὼν.
2120 5128 2276 5180 φησὶ.
2304 5126 2399 5179 τοῦ
2483 5128 2646 5180 ατρὸς
2698 5130 2726 5180 ό
2762 5129 2914 5180 Υἱὸς.
2956 5132 3053 5180 καὶ
3090 5131 3185 5180 τοῦ
3234 5132 3369 5180 Υῑοῦ
3402 5134 3463 5180 τὸ

1881 5126 2086 5199 ξξξκῲν,
2120 5128 2276 5199 φηρὶ,
2304 5126 2399 5179 τοῦ
2430 5126 2646 5199 Πατρδς
2698 5126 2734 5182 ό
2762 5129 2914 5195 Υἱὸς,
2956 5132 3053 5185 καὶ
3090 5131 3185 5187 τοῦ
3234 5132 3369 5187 Υιοῦ
3402 5126 3465 5188 τδ

1881 5196 2109 5273 [luebant
2127 5212 2141 5227 ο
2169 5196 2625 5273 Damascenus'in
2654 5203 3164 5273 ganoneitroparig)
3187 5200 3251 5257 de
3268 5219 3464 5273 magna

1881 5266 2247 5340 Basilio_ait_:
2282 5269 2484 5340 lmago_
2520 5276 2607 5340 est
2652 5268 2835 5327 Patris
2866 5266 3071 5340 Filius,
3105 5266 3235 5329 Filii
3274 5266 3463 5332 autem
3504 5310 3511 5319 -

1880 5339 2063 5410 imago
2086 5336 2353 5409 Spiritus.
2387 5336 2419 5391 ι’
2446 5337 2543 5394 Eo.
2573 5337 2818 5398 ΡΑτιιοι.
