4026 6408
571 373 699 441 1371

2005 381 2388 448 ADDENDA.

3702 397 3812 465 1312

1933 506 3779 549 _—_________________________.

1157 669 1681 761 JOANNIS
1781 668 2338 764 MONACHI
2442 679 2849 775 HYMNI

2187 988 2238 1045 Α

992 971 1322 1030 JOANNIS
1351 973 1719 1030 MONACIH

778 1068 1067 1125 IIYMNUS
1106 1069 1175 1126 IN
1217 1069 1554 1127 SANCTUM
1593 1070 1950 1127 BASILIUM.

569 1158 732 1229 Cujus
749 1160 1145 1232 priumliuera;
1174 1176 1193 1215 :
1222 1159 1487 1216 Cantibus
1524 1177 1664 1217 cano
1700 1178 1957 1232 magnum
1998 1160 2154 1216 Basi-

676 1233 831 1285 lium.
871 1232 983 1286 Ode
1018 1232 1082 1297 I,
1113 1230 1288 1287 Sanus
1331 1234 1406 1303 pl.
1443 1232 1497 1287 2.
1540 1234 1713 1287 Maris
1738 1230 2012 1304 ﬂuctibus.

641 1345 724 1399 Ab
749 1345 877 1398 altis
902 1345 1060 1400 caelis
1094 1344 1369 1415 despicito
1394 1360 1518 1409 nos,
1542 1345 1792 1401 divinum
1827 1348 2153 1404 honestum-

568 1453 676 1505 que
712 1448 764 1491 et
795 1452 1014 1492 sacrum
1045 1452 1247 1509 caput;
1282 1446 1634 1508 mentemque
1681 1455 1865 1513 regas,
1895 1458 1959 1497 ac
1986 1443 2152 1498 vitam

570 1541 812 1587 nostram
843 1547 1059 1602 semper
1086 1532 1153 1587 ad
1173 1533 1446 1602 optimum
1481 1533 1716 1605 dirigas.

640 1734 720 1789 Tu
780 1732 1179 1799 indesinenter,
1236 1741 1299 1788 ut
1347 1733 1581 1800 Paulus,
1630 1735 1863 1807 avebas~
1894 1738 2152 1807 corporis

569 1833 706 1887 solvi
737 1830 1004 1894 vinculis;
1039 1829 1300 1884 benevole
1339 1845 1494 1895 vero,
1536 1843 1594 1885 ut
1624 1831 1841 1902 benigni
1894 1832 1986 1886 Dei
2029 1848 2151 1887 ser-

569 1939 690 1985 vus,
720 1922 1049 1976 exisdmasti
1076 1922 1267 1977 utilius
1301 1930 1491 1977 nostra
1513 1935 1682 1978 causa
1717 1922 1775 1977 in
1825 1937 1997 1978 carne
2025 1938 2153 1994 per-

567 2029 810 2069 manere.

639 2107 870 2179 Magnus
886 2109 940 2161 in
963 2106 1136 2178 signis
1160 2106 1534 2177 prodigiisque
1554 2106 1709 2163 visus
1727 2123 1816 2163 es:
1843 2106 1987 2163 facta
2003 2108 2149 2164 enim

566 2199 863 2254 reverenda
897 2199 1249 2254 invocatione
1291 2198 1415 2267 ejus
1446 2200 1539 2270 qui
1589 2214 1763 2254 aereas
1808 2202 1923 2254 orci
1959 2210 2149 2271 portas

563 2292 855 2362 confregit,
909 2299 966 2344 tu
1020 2289 1194 2346 ferrea
1239 2296 1501 2361 repagula
1552 2292 1880 2355 contndisti,
1928 2308 2150 2364 quoque

564 2383 839 2441 interdicti
876 2380 1090 2436 fuerant
1125 2382 1382 2451 templum
1420 2382 1673 2438 fidelibus
1710 2385 2026 2439 restituisti.

568 2494 571 2495 '
630 2479 896 2536 Cantibus
943 2478 1144 2534 divinis
1198 2477 1514 2532 divinorum
1563 2478 1885 2549 angelorum
1922 2490 2147 2551 oporte-

565 2574 656 2626 bat
728 2571 836 2626 coli
896 2577 1064 2639 atque
1124 2570 1383 2624 coronari
1446 2579 1597 2625 tuam
1672 2572 1977 2641 angelicam
2060 2576 2145 2629 vi-

564 2677 695 2728 tam,
720 2671 774 2717 et
803 2663 857 2716 in
893 2661 1122 2715 materia
1151 2663 1397 2717 materia:
1420 2671 1733 2733 expertem,
1770 2680 1939 2734 quam
1969 2666 2020 2719 in
2058 2667 2147 2723 bis

562 2756 727 2809 terris
757 2752 964 2808 duxisti
996 2768 1104 2808 non
1151 2754 1309 2808 aliter
1341 2770 1407 2809 ac
1440 2755 1727 2810 terrestris
1763 2757 2018 2826 angelus.

636 2846 899 2915 Dciparte.
950 2874 1019 2886 ——
1068 2843 1146 2900 Te
1213 2847 1598 2916 praetigurabat
1657 2848 1748 2902 ille
1821 2864 1921 2918 per
1994 2864 2147 2905 mare

561 2946 833 2993 transutns
864 2936 1080 3006 antiqui
1126 2935 1326 3002 Israel;
1370 2953 1495 2991 nam
1543 2938 1827 2992 iuttnadidi
1864 2938 2143 2994 madidum

561 3028 786 3083 fundum
827 3036 1214 3100 peragrarunt,
1269 3030 1417 3085 sicut
1460 3031 1584 3087 sine
1615 3031 1740 3086 labe
1795 3033 2143 3103 concepisti,

559 3136 595 3175 o
630 3117 797 3190 Virgo
828 3104 1211 3175 intimaculata.

955 3217 1065 3275 Ode
1100 3218 1221 3275 III.
1256 3219 1326 3275 Te
1358 3237 1520 3290 super
1561 3239 1750 3294 aquas.

632 3312 704 3369 Ut
729 3327 957 3383 caperes
995 3319 1169 3367 totum
1202 3323 1411 3370 sancta:
1441 3313 1736 3370 Trinitatis
1764 3315 2143 3386 splendorem,

558 3418 657 3462 tuo
714 3408 901 3461 animo
955 3407 1212 3461 omnibus
1274 3409 1511 3464 terrenis
1566 3409 1993 3479 cogitationibus
2056 3412 2144 3465 in-

558 3500 868 3565 terdixisti;
929 3499 1078 3553 hunc
1136 3500 1434 3555 virtutibus
1500 3501 1738 3557 reddens
1785 3502 2141 3573 splendidum

556 3595 706 3648 velut
739 3593 951 3645 clarum
992 3591 1464 3663 purissimumque
1501 3594 1813 3662 speculum.

2963 685 3235 777 SEX.

2684 991 2954 1046 ΙΩΑΝΝο
2967 994 3014 1047 Υ
3065 996 3428 1050 ΜΟΝΛΧΟΥ

2436 1078 2675 1132 ΚΑΝΩΝ
2715 1082 2825 1134 ΕΙΣ
2854 1084 2992 1136 ΤΟΝ
3027 1086 3235 1138 APION
3272 1084 3659 1150 ΒΑΣΙΛΕΙΟΝ,

2251 1164 2331 1223 Οὔ
2360 1171 2395 1237 ἠ
2435 1171 2815 1249 ἀκροστιχίςς
2853 1176 3134 1249 ’ᾼσμασιν
3170 1177 3283 1248 ᾅδω
3313 1178 3595 1231 Βασίλειον
3624 1181 3705 1233 τὸν
3734 1186 3808 1249 μι-

2325 1257 2449 1309 γαν.
2491 1242 2632 1313 ’ῼὸὴ
2655 1247 2736 1297 Α’·
2766 1241 2917 1314 ﬁxos}
2943 1241 3049 1302 :‘u.
3067 1248 3151 1313 β’.
3171 1241 3398 1317 Κύματι
3428 1241 3750 1318 θαλάσσηςί

2326 1356 2636 1424 Οὐρανόθεν
2671 1357 2768 1427 ἀφ’
2814 1357 2985 1429 ὕψους
3022 1361 3174 1431 ἡμᾶς
3206 1362 3557 1426 ἑποπτεύοις,
3594 1362 3704 1416 Θεία
3731 1368 3809 1419 καὶ

2255 1449 2493 1520 πάντιμε
2528 1452 2625 1503 καὶ
2660 1451 2783 1520 ίερά
2816 1453 3062 1523 κεφαλή·
3102 1454 3195 1506 καὶ
3224 1454 3591 1518 κατευθύναις
3622 1456 3705 1507 τὸν
3735 1457 3807 1509 λόο

2254 1559 2370 1610 γον,
2414 1544 2509 1597 καὶ
2545 1543 2640 1596 τὸν
2681 1545 2798 1614 βίον
2837 1546 2930 1599 τὸν
2980 1547 3253 1617 ἡμέτερον
3296 1547 3569 1618 διεξάγοις
3603 1551 3806 1603 πάντοτε

2256 1635 2395 1706 πρὸς
2423 1636 2484 1689 τὸ
2511 1636 2981 1708 λυσιτελέστερον.

2327 1730 2399 1782 Σὺ
2428 1730 2570 1783 κατά
2596 1731 2690 1784 τὸν
2712 1730 2924 1785 Παῦλον
2942 1732 3043 1804 τὴν
3068 1732 3371 1805 ἐπιθυμίαν
3397 1735 3499 1805 τῆς
3522 1735 3807 1799 ἀναλύσεως

2254 1818 2400 1892 εἶχες
2428 1823 2711 1877 ἀνένδοτον
2730 1839 2746 1854 '
2763 1826 2825 1877 τὸ
2852 1828 2915 1895 τῇ
2950 1827 3119 1897 σαρκὶ
3144 1827 3202 1880 δὲ
3228 1829 3571 1898 προσμένειν
3596 1828 3659 1881 δι’
3680 1831 3807 1899 ἡμᾶς

2256 1917 2683 1986 ἀναγκαιότερον
2717 1917 3118 1991 φιλανθρώπως
3151 1919 3396 1990 ἔκρινας,
3428 1920 3506 1984 ὡς
3537 1919 3712 1985 δοῦλος
3737 1939 3807 1990 φι-

2253 2006 2576 2077 λανθρώπου
2601 2010 2761 2065 Θεοῦ.

2325 2102 2521 2168 Μέγας
2554 2104 2612 2154 ὲν
2657 2103 2911 2172 σημείοις
2949 2103 3043 2156 καὶ
3075 2105 3303 2174 τέρασιν
3346 2102 3539 2174 ὤφθης
3559 2119 3572 2132 ⁸
3603 2100 3688 2155 τοῦ
3717 2103 3807 2173 γὰρ

2252 2195 2545 2266 τρίψαντος
2577 2195 2757 2259 πύλας
2787 2194 2881 2248 τοῦ
2924 2196 3053 2267 ᾇδου
3104 2196 3313 2267 χαλκᾶς
3349 2200 3417 2267 τῇ
3466 2196 3669 2266 φοϐερᾷ
3702 2198 3808 2247 ἐπι-

2253 2289 2444 2358 κλήσει
2488 2288 2747 2359 σιδηροῦς
2795 2287 3027 2357 μοχλοῦς
3075 2288 3446 2353 συνέθλασας,
3495 2290 3591 2342 καὶ
3624 2290 3806 2352 πιστοῖς

2251 2382 2545 2446 ἀπέδωκας
2571 2383 2696 2436 ναὸν
2724 2382 2784 2435 ὃν
2813 2382 3196 2453 ἀφῃρέθησαν.

2310 2477 2586 2547 ¹’ᾼσμασιν
2616 2477 2804 2540 ἀΰλοις
2831 2477 3012 2530 ἀΰλων
3042 2476 3292 2545 ἀγγέλων
3328 2474 3440 2529 ἔδει
3478 2475 3806 2546 γεραίρεσθαι

2249 2569 2346 2621 καὶ
2374 2568 2823 2637 καταστέφεσθαί
2857 2585 2952 2621 σου
2984 2567 3077 2621 τὸν
3114 2567 3403 2637 ίσάγγελον
3434 2567 3583 2638 βίον,
3609 2570 3696 2622 καὶ
3723 2569 3807 2638 τὴν

2248 2661 2414 2716 ἀῦλον
2441 2662 2500 2715 ὲν
2522 2659 2624 2734 ὕλῃ
2650 2660 2820 2732 ζωὴν,
2844 2662 2911 2731 ἢν
2930 2661 2989 2715 ὲν
3013 2662 3084 2731 γῇ
3107 2656 3483 2730 κατώρθωσας
3503 2659 3578 2723 ὡς
3604 2660 3807 2728 ἄγγελος

2248 2754 2516 2821 ἐπίγειος.
3454 2804 3472 2818 .

2322 2848 2661 2903 Θεοτοκίον.
2702 2878 2773 2887 -—
2799 2847 2867 2900 Σὲ
2896 2848 3325 2921 προεζωγράφει
3346 2849 3382 2920 ἠ
3409 2849 3467 2901 ὲν
3492 2850 3561 2919 τῇ
3590 2846 3808 2921 θαλάσση

2248 2944 2433 3013 εκείνη
2492 2940 2745 3007 διάϐασις
2807 2942 2903 2996 τοῦ
2958 2942 3196 2997 παλαιοῦ
3263 2941 3515 3013 Ἰσραήλο
3579 2942 3671 2995 καὶ
3716 2943 3807 3010 γὰρ

2248 3039 2458 3100 ἐκεῖνος
2483 3034 2737 3107 ἀϐρόχως
2757 3034 2850 3091 τὸν
2867 3034 3035 3105 ὑγρὸν
3061 3036 3223 3106 βυθὸν
3251 3035 3568 3103 ἐπέζευσεν,
3600 3036 3671 3099 ὼς
3688 3036 3809 3106 αὐτὴ

2249 3127 2593 3198 γεγέννηκας
2620 3126 2903 3197 ἀσπόρως,
2931 3128 3300 3198 ὕπεράμωμε.

2577 3219 2716 3292 ’ῼδὴ
2745 3220 2831 3274 Γ’.
2868 3217 2945 3274 Σὲ
2975 3218 3095 3273 τῶν
3123 3220 3222 3274 ἐπὶ
3263 3220 3518 3275 ὑδάτων.

2321 3314 2464 3387 [Ἵνα
2500 3313 2786 3386 χὶωρήσῃς
2820 3312 2899 3383 (I)
2934 3313 3065 3383 ὅλην
3095 3313 3197 3384 τὴν
3238 3313 3511 3384 ἑλλαμψιν
3536 3312 3637 3383 τῆς
3667 3314 3808 3382 άγίας

2246 3407 2499 3479 Τριάδος,
2530 3404 2805 3476 ὲχώρισας
2836 3405 2929 3459 τὸν
2959 3403 3087 3464 νοῦν
3129 3420 3225 3457 σου
3256 3406 3441 3475 πάσης
3475 3404 3700 3468 ὑλώδους
3724 3406 3808 3474 ἑμ-

2246 3501 2498 3569 φάσεως’
2550 3497 2778 3567 ἀρεταῖς
2826 3494 3167 3559 ὲστίλϐωσας
3218 3495 3412 3550 τοῦτον
3453 3496 3526 3560 ὡς
3566 3497 3807 3567 ἔσοπτρον

2244 3588 2468 3657 διαυγὲς
2502 3588 2597 3641 καὶ
2620 3586 3033 3656 καθαρώτατον.

629 3681 708 3739 Te
756 3683 987 3737 alterum
1044 3682 1230 3739 Mosen
1265 3684 1461 3753 adepta
1508 3695 1592 3740 est
1645 3687 1805 3740 turba
1837 3690 2139 3744 monacho~

2318 3681 2458 3735 Νέον
2489 3681 2551 3734 σὲ
2584 3679 2825 3735 Μωῦσέα
2857 3678 3125 3750 εὐτύχησε
3161 3679 3270 3732 τῶν
3304 3680 3593 3750 μοναστῶν
3620 3681 3679 3734 τὸ
3706 3681 3799 3733 στίο

557 3791 681 3832 rum
730 3794 745 3830 :
792 3784 917 3828 tuos
969 3790 1253 3829 sermones
1304 3775 1532 3845 perinde
1582 3792 1646 3830 ac
1704 3778 1926 3834 divinas
1980 3796 2141 3852 regu-

559 3872 642 3926 las
688 3868 950 3933 retinent,
994 3875 1170 3937 utque
1214 3865 1489 3924 Mosaicas
1545 3870 1761 3926 tabulas
1802 3878 1895 3926 tua
1930 3874 2137 3943 scripta

556 3965 627 4020 de
656 3962 895 4019 ascetica
925 3960 1061 4014 vita.

629 4053 762 4109 Sine
791 4050 1066 4122 principio
1098 4048 1344 4116 Patrem,
1383 4061 1551 4122 atque
1585 4051 1810 4118 Filium,
1849 4067 2139 4113 sanctum-

555 4162 668 4217 que
692 4142 963 4212 Spiritum
998 4142 1394 4214 praadicavisti,
1429 4154 1485 4200 et
1514 4145 1584 4201 de
1615 4162 1723 4200 una
1756 4149 1922 4202 trium
1947 4166 2138 4220 perso-

555 4251 753 4293 narum
792 4233 1253 4290 consubstantiali
1281 4235 1571 4291 divinitate
1601 4236 1952 4306 disseruisti;
1990 4258 2138 4299 unus

554 4328 699 4387 anim
732 4326 877 4381 Deus
905 4333 992 4381 est
1019 4336 1213 4381 sancta
1258 4325 1526 4383 Trinitas.

625 4417 966 4474 Ortltodoxis
1008 4416 1170 4471 fidem
1206 4418 1586 4475 corroborasti
1630 4421 1963 4490 sapientium
1998 4440 2134 4496 apo-

554 4511 861 4576 stolorum;
896 4524 1133 4577 quorum
1182 4510 1636 4576 przedicationem
1687 4515 1874 4585 impiis
1904 4520 2138 4577 vocibus

554 4602 925 4671 impugnatam
967 4599 1298 4669 oblirmasti,
1344 4615 1378 4653 ο
1411 4600 1603 4657 Basili.

625 4690 886 4757 Deiparw.
948 4716 1020 4727 —
1086 4688 1386 4760 Splendida
1446 4693 1586 4748 locis
1651 4694 1828 4751 nubes
1892 4712 1959 4752 ex
2020 4699 2132 4757 iliis

550 4780 684 4845 tuis,
719 4794 753 4832 ο
795 4776 983 4848 Virgo,
1023 4779 1323 4833 suscitavit
1368 4781 1542 4836 solent
1578 4782 1789 4853 gloriae,
1823 4788 2133 4857 splendori-

551 4874 656 4929 bus
689 4872 952 4926 inereatze
990 4870 1324 4937 divinitatis,
1350 4872 1506 4926 omni
1542 4881 1818 4930 creaturae
1860 4893 2134 4949 apparen-

2245 3791 2345 3844 (ρος
2365 3790 2378 3802 ·
2411 3776 2539 3837 τοὺς
2574 3775 2701 3836 σοὺς
2731 3772 2889 3827 αὐτοὶ
2913 3771 3107 3842 λόγους
3137 3772 3214 3837 ώς
3249 3772 3431 3837 θείους
3464 3775 3656 3845 νόμους
3689 3791 3803 3827 κατ-

2245 3868 2448 3937 έχουσι·
2475 3866 2781 3931 Μωσαῖκὰς
2809 3866 2886 3928 ὡς
2910 3865 3125 3930 πλάκας
3140 3866 3197 3920 δὲ
3224 3866 3295 3919 τὰ
3321 3865 3390 3920 σὰ
3420 3869 3803 3939 συγγράμματα

2244 3958 2313 4011 τὰ
2342 3957 2479 4028 πρὸς
2518 3958 2754 4027 ἄσκησιν
2782 3956 3096 4025 ἀλείφοντα.
3122 4014 3135 4025 ,

2310 4053 2581 4123 Ἀναρχον
2612 4049 2703 4103 τὸν
2736 4050 2957 4121 Πατέρα
2979 4088 2996 4114 ,
3044 4050 3380 4121 συνάναρχον
3410 4050 3504 4105 τὸν
3545 4052 3691 4119 Υίὸν,
3723 4055 3802 4108 καὶ

2241 4147 2305 4201 τὸ
2332 4145 2559 4214 Πνεῦμα
2594 4144 2869 4214 ὲκήρυξας
2889 4159 2903 4172 ·
2936 4144 3033 4197 καὶ
3071 4145 3198 4213 μίαν
3228 4146 3340 4198 τῶν
3368 4145 3539 4216 τριῶν
3582 4147 3800 4201 ὑποστά-

2244 4258 2385 4295 σεων
2414 4239 2632 4311 ὁμοφυῆ
2663 4239 2895 4309 θεότητα
2925 4238 3289 4310 ὲθεολόγησας
3314 4256 3328 4271 ’
3362 4235 3444 4306 εἷς
3473 4241 3605 4306 Θεὸς
3647 4242 3795 4314 γὰρὴ

2243 4334 2374 4402 ἁγία
2400 4334 2590 4403 Τριάς.
2896 4386 2897 4389 η

2314 4428 2504 4480 Πίστιν
2533 4424 2842 4496 ὀρθοδόξοις
2880 4425 3188 4495 ὲκράτυνας
3218 4423 3330 4479 τῶν
3363 4426 3545 4495 σοφῶν
3583 4427 3798 4481 ἀποστό-

2239 4519 2368 4572 λων’
2396 4518 2457 4571 τὸ
2486 4519 2753 4590 κήρυγμα
2784 4519 2841 4572 δὲ
2871 4518 3029 4572 τοῦτο
3059 4521 3170 4583 τοῖς
3201 4519 3471 4585 ἀντιθέοις
3502 4520 3797 4593 κηρύγμασι

2239 4611 2704 4682 πολιορκούμενον
2736 4610 3170 4682 κατωχύρωσας,
3202 4612 3476 4668 Βασίλειε.

2312 4705 2648 4758 Θεοτοκίον.
2677 4733 2748 4743 --
2789 4704 2855 4757 Ἦ
2886 4703 2981 4756 τοῦ
3012 4703 3189 4773 φωτὸς
3220 4704 3423 4775 νεφέλη
3457 4704 3720 4759 ἀνέτειλεν
3741 4706 3795 4756 ἑκ

2238 4797 2485 4866 λαγόνων
2521 4813 2638 4861 σου,
2687 4796 2866 4867 Κόρη,
2905 4796 2997 4848 τὸν
3046 4796 3199 4866 ἥλιον
3236 4797 3338 4867 τῆς
3377 4796 3573 4867 δόξης,
3622 4799 3797 4865 αὐγαῖς

2236 4891 2497 4946 ἀκτίστου
2544 4890 2833 4959 θεότητος,
2866 4890 3017 4964 πάσῃ
3061 4892 3129 4961 τῇ
3174 4891 3354 4944 κτίσει
3400 4893 3673 4960 φανέντα,
3715 4889 3796 4943 καὶ

551 4975 684 5030 tem,
716 4961 1077 5032 fraudemque
1113 4961 1413 5031 impietatis
1438 4962 1753 5020 tollentem.

2237 4985 2582 5055 ἀφανίσαντα
2606 4985 2706 5054 τὴν
2737 4983 2959 5053 ἀπάτην
2988 4983 3091 5054 τῆς
3115 4982 3432 5053 ἀθεότητος.

904 5052 1019 5109 Ode
1050 5051 1156 5108 IV.
1208 5052 1423 5107 Audivi!
1482 5069 1781 5123 pervorsus.
2163 5045 2215 5106 Ῐ)

2559 5074 2699 5148 ᾮδὴ
2740 5079 2816 5131 Δ’.
2860 5076 3141 5145 Ἀκήκοεν
3168 5078 3202 5130 d
3226 5077 3512 5144 πονηρός.

617 5145 1090 5216 Quemadmodum
1122 5148 1273 5214 regio
1292 5146 1457 5217 pallio
1486 5149 1629 5203 sacri
1661 5152 2133 5210 sacerdotiichla-

2306 5145 2597 5229 Βασίλειον
2629 5170 2706 5234 ὡς
2749 5168 3003 5240 χλαμύδα
3043 5169 3144 5238 τῆς
3184 5168 3337 5234 θείας
3375 5170 3674 5241 ἱερωσύνης
3711 5168 3795 5237 τὴν

504 5241 713 5312 .myde
774 5239 1001 5296 indutus
1066 5248 1232 5309 atque
1294 5249 1515 5295 erectus
1578 5246 1881 5313 apparuisti
1941 5262 2131 5303 coram

2247 5267 2477 5324 ῑιπλοῖδα
2516 5239 2962 5333 ἀναϐεϐλημένον
2995 5279 3057 5315 σε
3087 5264 3185 5317 καὶ
3225 5263 3411 5335 ὄρθιον
3434 5239 3795 5334 tivam-imm;

548 5334 841 5401 tribunali;
872 5335 991 5389 visu
1018 5334 1268 5388 turbatus
1299 5333 1424 5398 fuit,
1447 5336 1501 5388 in
1525 5337 1696 5391 corde
1719 5342 2007 5408 perculsus
2031 5341 2135 5396 fuit

2247 5359 2396 5413 ιύτδν
2422 5356 2529 5428 πρὸ
2563 5354 2660 5408 τοῦ
2692 5354 2960 5427 βήματος,
2995 5355 3120 5408 ίδὼν
3151 5333 3453 5427 διεσείσθη,
3481 5356 3582 5419 τὰς
3617 5355 3796 5426 φρένας

546 5424 970 5483 crudelissimus
1001 5427 1325 5496 imperator.

2247 5424 2508 5518 2551:151qu
2535 5424 2793 5517 βασιλεῦς
2819 5447 2847 5497 ὁ
2871 5446 3245 5515 ἀνομώτατος.
3415 5424 3424 5427 ν
3633 5424 3669 5426 ﬂ
3808 5430 3812 5463 :

620 5527 855 5584 Audenti
888 5530 1131 5601 Spiritus
1175 5531 1352 5584 sancti
1396 5539 1652 5586 naturam
1687 5534 1924 5589 maxime
1961 5550 2126 5590 vene-

2305 5541 2474 5595 Κάτω
2495 5539 2595 5610 τὴν
2617 5537 3071 5610 φρικωδεστάτην
3102 5539 3197 5592 τοῦ
3219 5537 3545 5609 Πνεύματος
3567 5540 3798 5593 ἐκπεσειν

547 5620 778 5677 randam
830 5636 1052 5693 negare,
1115 5632 1173 5677 tu
1221 5624 1318 5677 tibi
1372 5622 1492 5694 ipse
1531 5626 1672 5680 male
1724 5626 1933 5695 precari
1956 5629 2127 5684 susti-

2247 5650 2380 5705 ρημι
2412 5630 2508 5686 τοῦ
2543 5631 2744 5701 ἁγίου.
2782 5632 2995 5704 σεαυτῴ
3032 5632 3354 5706 etiam“;
3385 5632 3721 5701 ἀράσασθαιο
3755 5628 3795 5681 εἰ

2064 5738 2297 5797 NOTAE.

618 5849 695 5920 (ι)
726 5849 825 5905 Hic
856 5855 912 5904 et
934 5846 1065 5904 alibi
1109 5846 1331 5904 codices
1365 5848 1578 5920 pagina:
1612 5850 1798 5905 cuitro
1822 5850 2124 5908 decurtata:
2153 5853 2560 5920 aliquantulum
2607 5852 2858 5910 fuerunt.
2886 5853 3095 5912 Confer
3122 5864 3314 5913 tamen
3348 5854 3517 5925 infra,
3574 5872 3628 5929 p.
3683 5855 3790 5911 7l9.
