4026 6404
170 447 310 513 1373

1300 438 1618 501 HYMNUS
1657 433 1738 496 IN
1778 436 1842 495 S.
1885 434 2273 495 BASILIUM.

3286 430 3425 496 1374
3461 503 3464 507 _

171 557 249 629 μὴ
277 554 558 618 τυναπτῶς
585 551 724 624 μετὰ
748 551 962 624 Πατρὸς
989 551 1085 606 καὶ
1108 549 1240 604 Υίοῦ
1269 550 1343 612 ὡς
1374 549 1536 619 φύσει
1562 546 1746 614 ὁμότιο
1778 582 1787 605 Α

1893 544 2044 609 nisti,
2095 545 2202 599 nisi
2252 545 2650 599 convenienter
2693 560 2819 599 cum
2871 542 3035 599 Patre
3077 553 3129 598 et
3173 543 3312 598 Filio
3366 556 3426 600 ut

172 667 273 720 μον
300 647 523 722 [λέ]γοις
554 646 688 700 αὑτὸ
711 646 771 699 τὸ
800 644 1025 715 Πνεῦμα
1058 642 1153 697 καὶ
1182 642 1256 705 ὼς
1284 642 1591 713 όμοούσιον.

239 822 441 892 Σοφίας
473 820 567 875 καὶ
598 818 913 888 ἐπιστήμης
957 816 1215 888 ἐκράτεις
1245 816 1325 888 τῷ
1367 818 1611 888 περιόντι
1644 817 1753 871 τῶν

174 915 516 986 μετεχόντων
534 912 631 983 τῆς
654 910 824 980 αὑτῆς
851 907 1098 969 παιδείας
1123 909 1209 967 σὺ,
1233 906 1497 958 Βασίλειε⁹
1525 906 1619 959 σοῦ
1645 905 1754 977 γὰρ

170 1006 313 1077 πρὸς
355 1007 447 1058 τὸν
476 1003 677 1075 δρόμον
710 1002 805 1054 xui.
846 1001 937 1053 τὸν
966 999 1166 1069 τρόπον
1206 999 1362 1052 αὑτοὶ
1407 998 1561 1062 πεζοι
1606 998 1756 1068 παρὰ

170 1096 354 1151 λύδιον
378 1098 529 1167 ἆρμα
556 1094 777 1147 ἑδόκουν
802 1091 1046 1162 τρέχειν,
1071 1090 1177 1143 κᾶν
1211 1088 1528 1161 συντρέχειν
1560 1086 1751 1158 ᾤοντο.

256 1301 467 1363 Ἰθύνας
489 1298 679 1369 ὥσπερ
711 1274 915 1350 ὁλκάδα
945 1293 1135 1357 δεινῶς
1162 1288 1635 1361 κλυδωνιζομένην
1658 1286 1759 1358 τὴν

186 1391 523 1463 Ἐκκλησίαν
548 1388 627 1461 τῷ
660 1385 873 1458 σφοδρῷ
898 1381 1129 1457 χειμῶνι
1162 1383 1272 1437 τῶν
1308 1381 1594 1453 αἱρέσεων,
1623 1378 1760 1448 πρὸς

173 1485 485 1559 ὀρθοδοξίας
507 1484 675 1554 ὅρμον
692 1481 961 1534 ἄκλυστον
980 1477 1073 1530 τοῦ
1098 1476 1366 1539 κλύδωνος
1383 1474 1481 1545 τῆς
1503 1471 1759 1535 ἀσεϐείας

175 1578 398 1649 ἑρῥύσω
426 1573 653 1644 ταύτην,
684 1570 829 1625 οἴακι
864 1568 973 1622 τῶν
1007 1568 1183 1636 λόγων
1215 1584 1330 1620 σου.

256 1773 589 1830 Θεοτοκίον.
623 1799 693 1811 -
742 1765 1080 1835 Ἐξαλείφειν
1108 1763 1382 1835 ἁμαρτίας
1409 1764 1438 1816 6
1463 1760 1763 1831 δυνάμενος

1853 643 2052 688 natura
2110 634 2227 705 pari
2265 634 2474 690 honore
2511 636 2766 692 allectum
2798 648 2853 690 et
2888 637 3425 691 consubstantialem

1799 725 1809 736 ’
1855 728 2119 798 Spiritum
2164 736 2420 782 sanctum
2458 730 2824 799 profitereris.

1924 818 2027 873 Per
2065 819 2393 888 sapientiam
2445 829 2612 889 atque
2645 821 2956 885 scientiam,
2991 836 3025 875 o
3061 820 3253 883 Basili,
3310 837 3427 876 om-

1856 923 1954 962 nes
2029 908 2331 979 participes
2414 908 2663 979 ejusdem
2738 910 3107 965 institutionis
3200 911 3427 975 vicisti;

1856 1012 1981 1051 nam
2019 999 2321 1053 secundum
2371 1010 2526 1054 tuum
2579 1014 2805 1054 cursum
2852 1010 2907 1054 et
2942 1009 3068 1055 tuos
3104 1015 3309 1066 mores,
3349 1001 3428 1054 illi

1858 1102 1916 1144 ut
1975 1093 2189 1161 pedites
2250 1092 2315 1146 ad
2373 1090 2606 1164 L'ydium
2660 1109 2886 1147 currum
2947 1094 3225 1148 cursitare
3280 1091 3435 1147 vide-

1858 1180 2082 1251 bantur,
2127 1184 2382 1254 quamvis
2422 1192 2477 1241 te
2514 1186 2671 1256 sequi
2711 1200 2876 1255 posse
2904 1185 3308 1238 existimarent.

1930 1293 2232 1367 Postquam
2299 1296 2554 1353 direxisti
2595 1307 2653 1351 ιιι
2690 1312 2914 1361 navem,
2948 1296 3277 1361 Ecelesiam,
3309 1311 3438 1367 gra-

1858 1387 2000 1441 viter
2056 1388 2316 1458 agitatam
2365 1389 2676 1445 vehementi
2738 1390 3023 1445 hzrreseon
3087 1396 3434 1458 tempestate,

1862 1477 1917 1532 itt
1954 1479 2275 1534 orthodoxae
2300 1478 2427 1534 ﬁdei
2456 1490 2673 1551 portum
2696 1487 2876 1533 tutum
2901 1494 2931 1532 a
2958 1479 3211 1549 procellis
3242 1480 3439 1549 impie-

1863 1572 2031 1634 tatis,
2106 1585 2426 1626 sermonum
2505 1579 2728 1627 tuorum
2817 1572 2977 1641 quasi
3060 1571 3439 1640 gubernaculo

1864 1665 2096 1718 duxisti.

1938 1779 2207 1849 Deiparw.
2261 1806 2333 1818 —-
2381 1779 2483 1847 Qui
2535 1785 2713 1849 potest
2762 1779 2880 1833 solo
2928 1787 3061 1832 nutu
3121 1778 3441 1833 oblitterare

182 1869 335 1940 μόνῳ
378 1864 640 1934 νεύματι,
680 1860 781 1931 τὴν
829 1857 1075 1929 μεγάλην
1116 1856 1393 1927 ἁμαρτίαν
1430 1853 1524 1906 τοῦ
1568 1850 1760 1905 πιστοῦ

1892 1879 2117 1937 teecata,
2174 1886 2340 1943 grave
2405 1870 2583 1927 fidelis
2652 1870 2868 1926 femina:
2929 1881 3220 1941 peccatum
3277 1872 3442 1925 oblit-

179 1955 412 2028 γυναίου
461 1952 743 2025 ἐξήλειψε’
782 1950 878 2004 καὶ
914 1948 1021 2003 τῶν
1058 1946 1322 2001 πάντοθεν
1366 1943 1534 1998 αὑτοῦ
1576 1943 1760 1998 κακῶν

1892 1964 2088 2027 eravit,
2123 1980 2221 2035 per
2259 1973 2423 2035 teque
2459 1965 2647 2018 omnia
2679 1964 2823 2017 mala
2874 1974 3137 2034 perpetua
3164 1960 3443 2018 oblivione

178 2049 273 2103 διά
307 2048 401 2102 σοῦ
431 2046 606 2116 άκραν
635 2040 1035 2096 κατεσκέδασεν
1064 2034 1480 2109 άμνημοσύνην.

408 2160 547 2232 ᾯᾶὴ
586 2161 668 2214 E’.
701 2156 785 2223 Τῷ
810 2153 1135 2223 συνδέσμῳ
1160 2151 1271 2221 τῆς
1297 2150 1556 2221 ἀγάπης.

247 2280 396 2332 Ἰσον
409 2276 609 2338 πάντες
633 2270 777 2327 κατὰ
797 2270 955 2339 λόγον
983 2270 1186 2340 ἀρετήν
1197 2266 1256 2320 τέ
1276 2283 1370 2320 σου
1388 2264 1768 2319 ἀπελείποντοο

182 2366 417 2439 οὐρανοῦ
479 2363 766 2434 καθάπερ,
826 2361 1015 2432 μάκαρ
1048 2400 1064 2424 ,
1116 2359 1218 2428 τῆς
1274 2360 1492 2420 ἀκτῖνος
1541 2356 1772 2427 ἡλιακῆς

184 2458 431 2529 ἀτεχνῶς
470 2458 518 2509 οἱ
553 2452 895 2524 πανταχόθεν
932 2452 1071 2523 πρὸς
1106 2452 1248 2505 αὑτά
1285 2451 1603 2521 βλέποντες·
1643 2447 1771 2518 ὑψει

186 2550 470 2614 πολιτείας
497 2547 606 2619 γὰρ
634 2545 861 2618 οὐρανὸς
889 2543 1100 2615 ὤφθης.

263 2730 517 2803 Οὐρανίῳ
548 2727 679 2797 θείῳ
711 2726 883 2797 ἄρτῳ,
921 2714 1113 2795 ὑψηλῷ
1152 2741 1247 2777 σου
1285 2722 1465 2794 λόγῳ,
1499 2721 1772 2788 Βασίλειε,

188 2827 365 2893 Λόγος
382 2824 545 2895 άρτος
565 2822 675 2891 γὰρ
695 2819 964 2888 ἀγγέλων,
979 2817 1287 2890 διατρέφεις
1310 2815 1489 2886 ψυχὰς
1507 2812 1775 2877 πεινῶσας

188 2915 360 2981 Θεὸν,
397 2915 492 2966 καὶ
532 2909 871 2982 ὲκζητούσας
916 2908 1122 2980 τροφὴν
1167 2908 1229 2961 οὑ
1273 2908 1527 2977 ῥέουσαν,
1577 2904 1777 2978 μᾶλλον

194 3005 296 3075 μὲν
322 2999 416 3057 οὖν
450 2999 721 3072 μένουσαν
749 2999 829 3060 είς
858 2996 949 3049 τὸν
981 2996 1173 3050 αἰῶνα.

268 3110 650 3188 [Πεπνιευκὼς
683 3110 816 3162 εἴσω
851 3109 944 3162 xui.
972 3105 1198 3169 σύννους
1228 3104 1295 3160 τά
1325 3104 1519 3167 πολλὰ,
1549 3105 1780 3176 τρισμά-

1869 2057 2157 2112 exstinxit.

2223 2166 2336 2222 Ode
2390 2164 2450 2223 V.
2504 2166 2731 2220 Vincula
2786 2166 3091 2222 charitatt's.

1942 2277 2158 2334 Pariter
2196 2294 2392 2336 omnes
2433 2278 2703 2349 sapientia
2733 2287 2787 2334 et
2820 2279 3024 2334 virtute
3075 2287 3129 2336 te
3155 2279 3450 2338 inferiores

1871 2379 2065 2438 erant;
2125 2372 2281 2441 quasi
2327 2387 2357 2427 e
2401 2371 2589 2437 cadis,
2632 2387 2681 2433 ο,
2710 2371 2900 2435 beate,
2957 2385 3149 2428 omnes
3192 2373 3450 2430 homines

1876 2461 2121 2532 undique
2147 2463 2576 2517 circumstantes
2626 2462 2902 2517 habebant
2928 2475 2992 2515 ea
3025 2473 3175 2518 certe
3212 2465 3449 2518 solarem

1870 2553 2125 2621 radium;
2174 2553 2401 2608 sublimi
2443 2554 2590 2609 enim
2628 2555 2753 2607 vita:
2785 2567 2985 2623 genere
3020 2552 3221 2607 caelum
3289 2563 3451 2624 puta-

1877 2644 2053 2699 baris.
2694 2704 2697 2705 ν

1945 2742 2167 2797 Caelesti
2198 2741 2385 2795 divino
2414 2755 2581 2810 pane,
2629 2756 2726 2810 per
2762 2749 2889 2795 tuos
2929 2739 3199 2796 sublimes
3243 2757 3453 2797 sermo-

1880 2848 1999 2897 nes,
2029 2848 2061 2886 ο
2102 2832 2267 2887 Basili
2312 2832 2463 2901 (nam
2494 2831 2722 2886 verbum
2756 2832 2916 2902 panis
2944 2840 3030 2887 est
3071 2834 3451 2904 angelorum),

1879 2925 2061 2980 nutris
2104 2926 2317 2978 animas
2345 2924 2512 2977 Deum
2548 2923 2883 2986 esurientes,
2931 2938 2995 2977 ac
3035 2934 3343 2993 quaerentes
3375 2930 3456 2979 ei-

1880 3019 2008 3071 butn
2038 3032 2144 3069 non
2168 3017 2397 3081 lluxunt,
2416 3016 2508 3071 sed
2532 3015 2714 3086 potius
2741 3016 2795 3069 in
2825 3026 3089 3070 aeternum
3117 3025 3453 3071 manentem.

1953 3127 2158 3184 Tecum
2197 3140 2457 3198 reputans
2488 3136 2544 3183 et
2591 3129 2913 3200 plerumque
2964 3130 3394 3200 cogitabundus,
3425 3147 3459 3183 o

194 3224 329 3279 καρ,
363 3204 607 3265 ἑδείκνυς
633 3202 732 3271 τὴν
767 3197 973 3267 ἐσθῆτα
1007 3197 1104 3250 xui.
1148 3194 1251 3265 τὴν
1310 3192 1510 3264 βρῶσιν
1554 3192 1780 3263 εὐτελὴς

1892 3230 1967 3274 ter
2035 3223 2229 3284 beate,
2304 3236 2521 3290 semper
2584 3192 2863 3278 videbaris
2941 3192 3140 3277 vestitu
3208 3236 3273 3276 ac
3336 3224 3460 3278 cibo

193 3298 287 3351 ἀεὶ
317 3295 412 3348 καὶ
435 3292 734 3352 λιτότατος,
759 3285 934 3357 ὠχρὸς
951 3285 1013 3338 τὸ
1036 3280 1196 3345 εἶδός,
1221 3283 1416 3351 σεμνὸς
1433 3281 1495 3335 τὸ
1518 3281 1778 3352 βάδισμα,

197 3384 499 3457 σιωπηλὸς,
525 3383 585 3435 οὑ
617 3379 911 3453 πρόχειρος
944 3376 1074 3447 περὶ
1101 3376 1189 3429 τὸν
1220 3374 1397 3441 λόγον.

273 3474 612 3533 Θεοτοκίον.
662 3498 735 3513 σ-ο
783 3469 898 3540 Τὴν
938 3466 1120 3537 ψυχὴν
1171 3463 1528 3533 ἁγιασθεῖσα,
1582 3467 1677 3515 καὶ
1722 3460 1785 3514 τὸ

199 3572 368 3644 σῶμα
406 3564 883 3640 προκαθαρθεῖσα,
915 3560 1126 3633 σεμνὴ,
1159 3558 1477 3621 ἐπελθόντος
1506 3557 1600 3609 τοῦ
1628 3555 1784 3624 ἁγίου

198 3668 300 3721 ἐπὶ
329 3665 420 3732 σὲ,
468 3659 815 3731 πανάμωμε,
863 3654 1185 3725 Πνεύματος
1207 3692 1222 3718 ,
1252 3652 1353 3722 τὴν
1386 3649 1479 3702 τοῦ
1528 3648 1785 3719 Ὑψίστου

198 3746 434 3831 ἄπειρον
464 3753 700 3823 δύναμιν
732 3751 815 3804 σοι
839 3750 1241 3802 ὲπισκιάσασαν
1273 3740 1645 3806 καθυπεδέξω.

675 3842 814 3915 ’ῼδὴ
862 3844 954 3909 ς’.
1001 3836 1326 3908 Συνεχέθη.

289 3939 617 4015 Ὀρθοδόεων
660 3935 777 3990 ἀλλ’
816 3935 876 3987 οὑ
915 3930 1225 3995 κακοδόξων
1268 3928 1551 4002 πρόμαχος
1580 3924 1792 3996 ἄμαχος

203 4034 419 4109 ὀφθεὶς,
443 4032 540 4102 τὴν
568 4030 802 4101 πυρίνην
825 4024 1077 4095 γλῶσσαν
1099 4022 1175 4087 ῶς
1215 4020 1494 4094 ῥομφαίαν
1521 4016 1793 4109 φλογερὰν

204 4129 444 4199 ἐκχέας,
494 4123 808 4189 ἐξεναντίας
859 4117 969 4171 τῶν
1008 4115 1218 4188 ἐχθρῶν
1265 4113 1656 4174 συνέκλεισας·
1698 4108 1792 4163 τοῦ

204 4222 372 4293 ἀέρος
404 4218 461 4272 δὲ
488 4216 591 4287 τῆς
621 4214 872 4281 ἐξουσίας
897 4209 989 4263 τὸν
1020 4208 1219 4282 πικρὸν
1248 4208 1488 4279 ἄρχοντα
1521 4203 1795 4275 κατέτρω⁶

208 4329 315 4376 σας
343 4315 400 4364 ἐν
427 4309 566 4378 αὑτῇ
595 4309 709 4368 τοῖς
737 4305 838 4374 τῆς
860 4303 1145 4365 ἀπειθείας
1178 4298 1506 4371 ἐνεργοῦντα
1532 4300 1686 4361 υἱοῖς.

280 4381 767 4473 Νοουμένων,ἇλλ’
801 4398 863 4449 οὑ
905 4394 1280 4466 βλεπομένων,
1317 4384 1689 4461 ἐλπιζομένων
1716 4388 1796 4455 δὲ,

211 4495 404 4563 σαφῶς
439 4492 739 4553 ὑπόστασις
772 4492 806 4561 ἡ
844 4488 1063 4550 πίστις·
1097 4486 1165 4557 ἢν
1214 4486 1278 4538 σὺ
1314 4484 1656 4554 κτησάμενος
1687 4481 1797 4535 τῶν

1885 3313 2117 3383 simplex
2173 3329 2237 3369 ac
2297 3313 2547 3384 frugalis,
2603 3311 2759 3369 fusco
2819 3315 2997 3379 vultu,
3050 3314 3233 3384 gravis
3283 3315 3464 3372 inces-

1885 3422 1984 3472 su,
2028 3406 2381 3472 taciturnus,
2416 3406 2558 3459 haud
2598 3421 2807 3475 pronus
2848 3406 2914 3458 ad
2960 3407 3211 3460 verbum.

1956 3497 2227 3567 Deiparw.
2278 3527 2347 3538 -
2400 3497 2605 3552 Sancta
2659 3497 2847 3551 anima
2902 3506 2957 3552 et
3015 3511 3248 3567 corpore
3300 3513 3462 3569 puro,

1886 3605 1922 3645 o
1951 3591 2262 3646 veneranda
2295 3590 2482 3661 Virgo,
2525 3590 2734 3661 Spiritu
2795 3598 2994 3645 sancto
3052 3591 3121 3645 ad
3162 3599 3238 3655 te,
3280 3605 3315 3645 o
3361 3593 3466 3646 im-

1888 3682 2184 3749 maculata,
2202 3682 2480 3747 veniente,
2512 3682 2841 3739 immensam
2862 3684 3135 3739 Altissimi
3163 3685 3466 3753 potentiam
3578 3726 3593 3744 .

1889 3786 1943 3831 te
1973 3776 2392 3830 adumbrantem
2441 3776 2693 3830 subiisti.

2320 3866 2432 3922 Ode
2500 3867 2594 3922 VI.
2641 3866 2878 3922 Collecta
2920 3868 3045 3936 fuit.

1962 3961 2427 4024 Orthodoxorum,
2455 3975 2566 4015 non
2598 3961 3066 4015 ltetet'odoxorum
3098 3958 3211 4015 Lux
3236 3960 3474 4027 invictus

1893 4055 2233 4125 apparuisti,
2268 4062 2323 4108 et
2373 4054 2589 4124 igneam
2626 4052 2873 4121 linguam
2915 4061 2977 4105 ttt
3028 4052 3340 4105 flannneum
3378 4068 3477 4106 en-

1895 4162 2012 4202 sem
2055 4146 2416 4215 distringens,
2448 4144 2795 4200 adversarios
2819 4142 3142 4198 confudisti.
3169 4143 3239 4196 Ea
3273 4159 3474 4197 saevum

1897 4240 2043 4293 aeris
2076 4236 2380 4307 principem
2427 4234 2740 4305 adjutorem
2776 4233 3014 4288 filiorum
3042 4234 3340 4302 impietatis
3363 4249 3480 4304 per-

1897 4329 2106 4384 eulisti.

1970 4421 2029 4476 ln
2072 4421 2330 4492 cogitatis
2377 4434 2442 4476 ac
2474 4419 2739 4491 speratis,
2780 4434 2890 4473 non
2924 4433 3057 4473 vero
3115 4419 3171 4474 in
3218 4420 3480 4491 aspectis,

1908 4531 2037 4570 vera
2065 4515 2204 4571 fides
2232 4523 2316 4569 est
2341 4514 2683 4585 hypostasis,
2718 4526 2881 4582 quam
2910 4522 2964 4565 ιιι
2998 4500 3318 4581 acquirens,
3353 4513 3483 4567 visi-

213 4586 598 4658 βλεπομένων,
644 4582 720 4646 ὠς
756 4580 1076 4650 λυομένων,
1115 4577 1385 4649 νουνεχῶς
1417 4576 1691 4648 ὴλόγησας
1732 4577 1787 4645 τῇ

1907 4608 2069 4674 bilia,
2120 4613 2182 4661 ut
2215 4576 2434 4662 caduca
2461 4576 2752 4675 sapienter
2784 4576 3100 4675 despexisti—
3123 4576 3483 4660 invisibilium

212 4680 404 4751 ἐφέσει
428 4677 537 4731 τῶν
563 4675 638 4747 μὴ
661 4673 1041 4745 βλεπομένων*
1072 4670 1141 4724 τά
1159 4670 1270 4751 γάρ
1301 4669 1611 4740 βλεπόμενα
1632 4669 1802 4742 πρόσο

216 4787 390 4842 καιρα
419 4770 515 4823 καὶ
542 4766 768 4840 ῥευστὰ,
799 4766 867 4819 τὰ
889 4765 945 4819 δὲ
974 4765 1048 4835 μὴ
1081 4762 1397 4833 βλεπόμενα
1419 4760 1634 4815 αἰώνια.

290 4860 694 4930 Μεγαλόφρων,
735 4855 850 4910 ἀλλ’
878 4856 940 4908 οὑ
985 4852 1367 4924 ταπεινόφρων
1391 4894 1407 4917 ,
1448 4851 1637 4923 ῶφθης
1669 4850 1806 4905 Θεοῦ

222 4953 617 5029 προπολεμῶν,
655 4953 685 5005 ὁ
720 4952 854 5005 πᾶσι
893 4948 960 5003 δι’
990 4950 1198 5001 ἐκεῖνον
1236 4946 1667 5017 ταπεινούμενος
1710 4944 1809 5000 xui.

228 5048 593 5122 προσπίπτων
614 5060 629 5076 ⁸
655 5043 751 5099 καὶ
783 5043 895 5112 γάρ
924 5042 1188 5111 ὑπάρχων
1220 5040 1428 5109 κτίσμα
1464 5038 1624 5105 Θεοῦ,
1660 5040 1810 5110 ὅμως

223 5142 324 5198 καὶ
363 5140 496 5203 Θεὸς
544 5133 687 5192 εῖναι
730 5133 1197 5203 κεκελευσμένος,
1249 5132 1495 5195 ἀπείπας
1549 5133 1811 5202 κτίσματι

224 5231 556 5303 προσκυνεῖν
604 5226 681 5292 ὡς
731 5225 891 5297 Θεῷο
943 5223 1077 5285 Θεὸς
1103 5221 1212 5293 γὰρ
1256 5224 1284 5276 6
1323 5221 1551 5293 κτίστης
1594 5221 1812 5275 πάντων

224 5323 507 5384 ἄκτιστος.

310 5412 402 5464 Ἐν
438 5410 520 5481 τῷ
557 5409 842 5481 πράττειν,
880 5405 996 5459 ἀλλ’
1019 5404 1122 5458 οὑκ
1159 5404 1218 5456 ὲν
1254 5400 1332 5472 τῷ
1376 5402 1577 5469 λέγειν,
1612 5401 1811 5472 μᾶλλον

228 5503 386 5567 εἰδὼς
399 5502 500 5574 τὴν
530 5500 733 5573 ἀρετήν
748 5514 763 5528 ’
796 5498 893 5553 καὶ
918 5496 1026 5568 γὰρ
1048 5497 1334 5567 ἀπράκτου
1357 5494 1518 5562 λόγου
1537 5496 1812 5567 κρεῖσσον,

230 5596 306 5658 ῶς
333 5610 520 5664 φησιν,
553 5592 769 5662 ἄφωνον
795 5590 979 5661 ἔργον·
1010 5588 1080 5640 τὰ
1105 5585 1336 5639 πλεῖστα
1364 5584 1622 5659 πράττων
1650 5584 1682 5653 ἢ
1713 5602 1817 5651 ptu-

231 5683 365 5746 θὼν,
395 5682 696 5745 ἐδίδασκες·
730 5680 759 5733 δ
792 5679 1027 5749 ποιήσας
1058 5677 1190 5747 γάρ,
1225 5672 1344 5729 εἶτα
1372 5674 1623 5739 διδάξας,
1661 5668 1817 5740 οὗτος

235 5775 571 5846 κληθήσεται
613 5774 791 5845 μέγας
824 5773 881 5826 ὲν
911 5773 1183 5841 οὐρανοῖς,
1227 5771 1255 5822 6
1296 5766 1404 5822 τῶν
1436 5768 1682 5839 οὑρανῶν
1716 5768 1815 5838 βα-

238 5868 420 5931 σιλεὺς
458 5868 704 5939 εἴρηκεν.
743 5864 946 5933 (Deest
979 5865 1138 5918 Θεοτ.
1179 5870 1235 5918 ct
1269 5862 1383 5917 uda:
1427 5859 1537 5917 i'll.
1578 5862 1817 5933 ecltus.)

1908 4700 2139 4767 studio;
2166 4715 2293 4754 nam
2325 4715 2418 4756 res
2454 4699 2586 4753 visa:
2613 4706 2744 4752 sunt
2765 4696 2926 4752 fluxa:
2953 4712 3016 4751 ac
3039 4699 3408 4768 temporariae,
3432 4706 3488 4753 at

1912 4810 2004 4850 res
2036 4810 2147 4850 non
2183 4800 2422 4863 aspecta:
2448 4803 2577 4848 sunt
2605 4800 2845 4847 aeternae.

1982 4885 2387 4957 Magnanimus,
2428 4893 2484 4938 at
2514 4899 2622 4937 non
2651 4883 2948 4947 demissus,
2981 4896 3082 4952 pro
3110 4880 3221 4936 Deo
3245 4880 3400 4935 visus
3429 4895 3490 4936 es

1917 4994 2295 5052 propugnans,
2313 4978 2572 5033 omnibus
2589 4976 2814 5032 humilis
2827 4975 2897 5030 ob
2915 4976 3067 5030 illum
3085 4985 3140 5029 et
3165 4974 3450 5028 modestus
3472 4990 3489 5039 ;

1916 5087 1978 5132 ut
2014 5077 2162 5131 enim
2194 5090 2318 5130 eras
2359 5073 2454 5129 Dei
2495 5084 2771 5137 creatura,
2802 5071 2931 5126 licet
2977 5068 3123 5123 Deus
3153 5084 3276 5123 esse
3299 5068 3492 5138 jussus

1917 5170 2125 5233 fueris,
2184 5184 2295 5223 non
2351 5146 2571 5220 voluisti
2650 5164 2886 5217 adorare
2956 5170 3266 5215 creaturam
3321 5158 3493 5214 veluti

1917 5264 2087 5319 Deum
2115 5279 2129 5327 ;
2169 5262 2316 5316 Deus
2344 5260 2490 5314 enim
2525 5267 2741 5313 creator
2764 5254 3011 5309 omnium
3039 5260 3123 5308 est
3146 5253 3456 5308 increatus.

1987 5439 2044 5493 ln
2077 5437 2237 5503 aclis,
2276 5451 2387 5491 non
2421 5434 2475 5489 in
2513 5434 2697 5488 verbis
2738 5445 2949 5502 ponens
2982 5428 3165 5502 potius
3205 5427 3493 5491 virtutem,

1918 5547 2047 5587 nam
2083 5527 2357 5585 inefﬁcaci
2387 5526 2576 5590 verbo,
2607 5532 2667 5578 ut
2689 5525 2785 5587 ait,
2808 5530 3034 5594 praestat
3081 5531 3269 5577 mutus
3316 5530 3492 5576 actus.

1919 5624 2254 5692 Plerumque
2310 5634 2501 5689 agens,
2548 5617 2842 5673 discensve
2898 5615 3175 5684 docebas;
3210 5615 3301 5685 qui
3348 5614 3495 5668 enim

1919 5717 2055 5789 egit,
2091 5715 2218 5771 dein
2257 5712 2464 5776 docuit,
2500 5710 2597 5766 ille
2628 5710 2918 5767 vocabitur
2958 5723 3195 5781 magnus
3226 5707 3283 5763 iu
3316 5704 3498 5773 ctelis,

1921 5821 1981 5866 ut
2030 5811 2141 5866 Rex
2202 5806 2472 5862 caelorum
2530 5802 2686 5857 dixit.
