4026 6458
1917 433 2298 494 ADDENDA.

2088 552 2136 603 Α

494 447 632 510 1375
1917 435 2070 493 ADD

2188 435 2298 494 DA.
3610 434 3762 499 1376

1118 611 1229 667 Ode
1259 605 1425 664 VIII.

2449 622 2454 626 ’
2794 601 2971 676 [ᾮδὴ
3038 594 3153 668 δὀ]

2243 713 2689 786 Ἀρματηλάτης,
2727 715 3054 786 ἀεροϐατῶν
3097 710 3342 781 αἰθέριος
3375 712 3440 765 οὗ
3485 713 3773 782 φλογίνων

2160 805 2344 859 ἵππων
2378 807 2612 873 ὲπιϐἀς,
2659 810 2949 878 πτερόεντι
2996 809 3055 863 δὲ
3096 804 3319 875 ἀρετῶν
3350 804 3593 876 ὀχήματι
3633 810 3772 861 ἔπι-

2158 895 2450 967 διφρεύων,
2478 898 2752 965 Βασίλειε,
2780 900 2880 954 καὶ
2902 899 3039 971 πρὸς
3065 896 3275 953 νύσσαν
3314 898 3572 968 οὐράνιον
3595 898 3772 952 ἐλαύ-

2159 1005 2285 1041 νων.

555 732 735 787 Curru
769 736 963 783 vectus
1011 726 1183 788 aerio,
1237 739 1347 779 non
1395 737 1527 778 vero
1560 718 1827 775 ﬂammeis
1861 717 2054 789 equis,
2112 744 2123 756 -

487 821 735 875 insidens
765 820 913 872 aerio
946 816 1202 880 vehiculo
1224 815 1511 879 virtutum,
1536 827 1569 867 o
1596 809 1797 875 Basili,
1844 808 1911 863 ad
1943 823 2056 863 tne-

489 919 597 963 lani
626 910 907 964 caelestem
935 922 995 963 es
1020 913 1334 977 provectus.

558 1082 1067 1137 Pastoralecarmen
1085 1095 1208 1133 cum
1240 1087 1334 1132 tuo
1364 1076 1621 1149 pastorali
1648 1075 1788 1147 pedo
1822 1074 2060 1144 tubaque

487 1173 761 1243 spirituali
795 1186 999 1227 canens
1030 1169 1374 1240 congregasli
1416 1182 1547 1222 oves
1584 1168 1640 1221 in
1675 1181 1839 1220 unam
1872 1164 2059 1230 fidem,

487 1265 541 1318 iu
580 1262 722 1318 idem
759 1275 1049 1332 pascuum,
1088 1262 1344 1330 spinosas
1370 1257 1605 1311 haereses
1641 1254 1931 1326 fugientes.

2230 1079 2437 1148 Νόμιον
2474 1081 2637 1151 μέλος
2681 1084 2981 1154 ποιμενικῇ
3016 1099 3115 1137 σου
3154 1080 3505 1153 καλαύροπι,
3553 1083 3769 1153 λογικῇ

2157 1184 2219 1220 τε
2257 1168 2478 1239 σύριγγι
2520 1171 2715 1239 φωνῶν
2744 1171 2847 1242 τῆς
2879 1173 3123 1244 ποίμνης
3157 1174 3430 1245 ἧθροισας
3472 1176 3543 1227 τά
3585 1174 3770 1243 θρέμ-

2163 1277 2312 1329 ματα
2344 1261 2423 1325 είς
2458 1262 2589 1332 μίαν
2621 1261 2838 1328 πίστιν,
2879 1265 2959 1328 είς
3011 1264 3108 1317 ἕνα
3139 1264 3307 1318 τόπον
3349 1263 3553 1336 χλόης,
3581 1265 3769 1318 an»-

2161 1350 2354 1414 θώδεις
2385 1351 2629 1421 αἱρέσεις
2666 1352 3000 1422 ἐκφυγόντα.

2244 1443 2301 1496 '0
2332 1444 2454 1508 νέος
2486 1444 2703 1510 Παῦλος
2724 1485 2740 1510 ,
2785 1446 3129 1518 Ἐκκλησιῶν
3177 1449 3205 1501 ὁ
3233 1448 3580 1512 διδάσκαλος,
3612 1452 3641 1502 ό
3673 1448 3765 1520 τῷ

2162 1534 2389 1606 φθόγγῳ
2427 1535 2877 1609 συμπαραλαϐὼν
2918 1538 3020 1609 τὴν
3060 1539 3152 1592 ὑπ’
3182 1540 3453 1611 οὐρανῶν,
3493 1543 3520 1594 ό
3568 1540 3698 1603 νοῦς
3733 1544 3767 1593 ὁ

2161 1625 2432 1696 οὐράνιος,
2470 1628 2504 1698 ἡ
2536 1626 2785 1696 θεολόγος
2821 1627 3019 1702 βροντὴ
3060 1630 3157 1683 καὶ
3189 1630 3309 1683 θεία
3359 1630 3631 1699 σάλπιγξ,
3660 1630 3765 1683 εύ-

2164 1734 2238 1788 φη
2248 1718 2478 1787 μείσθω,
2505 1719 2816 1785 Βασίλειος.

557 1432 707 1489 Nove
748 1432 948 1498 Paule,
983 1430 1355 1486 Ecclesiarum
1405 1426 1692 1499 magister,
1745 1428 2060 1481 universam

488 1537 687 1581 terram
743 1539 878 1578 voce
944 1535 1033 1576 tua
1097 1520 1588 1590 comprehenderis,
1639 1534 1673 1573 0
1721 1534 1877 1574 mens
1943 1532 2061 1572 caa-

489 1618 661 1682 lestis,
696 1615 981 1685 theologia:
1010 1613 1213 1668 tonitru
1249 1612 1551 1680 divinaque
1592 1610 1719 1665 tuba
1743 1648 1758 1674 ,
1808 1609 2059 1675 laudare,

488 1726 522 1763 ο
546 1709 734 1764 Basili.

558 1799 695 1853 Cum
749 1796 1010 1853 Creatore
1069 1795 1323 1866 quisquis
1372 1794 1426 1848 in
1460 1793 1662 1865 jlingua
1722 1793 1862 1864 gerit
1904 1803 2058 1848 tuum

2230 1812 2387 1865 Μετὰ
2434 1810 2528 1866 τοῦ
2564 1812 2806 1867 Κτίστου
2849 1816 2961 1878 πᾶς
2989 1816 3017 1867 ὁ
3050 1813 3153 1884 τὴν
3176 1812 3277 1884 σὴν
3310 1812 3616 1884 ἑξαήμερον
3661 1814 3763 1868 διὰ

492 1890 852 1947 hexaemeron
886 1896 940 1941 et
979 1887 1027 1942 ei
1064 1887 1315 1950 attendit,
1348 1895 1403 1941 et
1455 1887 1608 1941 novit
1662 1895 1934 1939 creaturae
1974 1898 2061 1938 ra-

2188 1902 2410 1973 ’λώττης
2454 1904 2640 1976 φέρων
2691 1906 2786 1959 καὶ
2835 1906 2977 1977 αὐτῇ
3029 1906 3121 1958 τὸν
3172 1902 3301 1957 νοῦν
3350 1906 3603 1975 ὲφιστῶν,
3654 1908 3763 1958 καὶ

491 1982 701 2045 tiones,
743 1987 797 2033 et
862 1978 1176 2032 Creatorem
1222 1980 1457 2031 miratur
1487 1978 1607 2033 visu
1657 1977 1776 2036 solo
1813 1976 2057 2033 doctoris

2188 1988 2394 2053 ’ίνεται,
2424 1992 2519 2044 καὶ
2547 1991 2778 2057 κτίσεως
2810 1976 3077 2063 γινώσκει
3102 1993 3319 2061 λόγους,
3350 1995 3446 2046 καὶ
3476 1992 3761 2065 θαυμάζει

491 2080 669 2124 utens.

559 2161 827 2230 Deiparar.
878 2193 951 2203 -—
1002 2160 1146 2215 Idem
1216 2159 1356 2215 Deus
1411 2159 1618 2214 nostris
1676 2158 1925 2227 patribus
1979 2157 2061 2222 lo-

489 2261 655 2306 cutus
703 2261 864 2305 antea
915 2248 1132 2305 diverse
1177 2266 1240 2303 ac
1286 2249 1664 2315 multifariam,
1696 2249 1854 2302 nobis
1887 2248 1940 2301 in
1973 2246 2061 2299 Fi-

493 2340 566 2397 lio
626 2351 905 2412 posterum
958 2340 1178 2395 locutus
1205 2351 1310 2405 est,
1363 2356 1487 2394 nam
1540 2339 1683 2395 Deus
1716 2337 1953 2394 Verbum
1987 2338 2065 2391 iu-

2160 2096 2221 2133 τε
2253 2081 2344 2133 τὸν
2375 2082 2618 2154 κτίστην
2647 2083 2766 2154 ὕψει
2808 2085 2948 2156 μόνῃ
2984 2087 3271 2156 χρώμενος
3296 2086 3645 2140 διδασκάλου.

2234 2175 2571 2228 Θεοτοκίον.
2614 2205 2684 2215 -——
2723 2176 2780 2229 '0
2814 2179 2926 2240 τοῖς
2964 2179 3209 2247 πατράσι
3247 2178 3381 2241 Θεδς
3413 2178 3659 2250 λαλήσας
3694 2180 3762 2231 τὸ

2164 2264 2429 2335 πρότερον
2466 2266 2828 2339 πολυτρόπως
2862 2269 2959 2323 καὶ
2992 2268 3349 2341 πολυμερῶς,
3383 2271 3515 2341 ἡμῖν
3542 2272 3604 2324 ἐν
3633 2269 3759 2339 Υίῴ

2165 2356 2391 2430 ὕστερον
2421 2359 2677 2432 ὲλάλησε.
2717 2363 2827 2416 Καὶ
2856 2363 2966 2436 γὰρ
2996 2365 3025 2419 ό
3052 2363 3249 2419 τούτου
3292 2364 3589 2437 σύνθρονος
3616 2365 3760 2427 Θεὸς

491 2439 751 2485 carnatus
798 2445 1038 2500 regnans
1095 2445 1221 2485 cum
1264 2429 1397 2486 ‘Deo
1462 2430 1625 2488 Patre
1683 2445 1746 2485 ex
1803 2439 1854 2485 te
1897 2436 2065 2483 natus

2188 2429 2338 2517 love;
2368 2429 2713 2523 σαρκοιρόρος
2738 2453 2803 2509 ὲκ
2826 2429 2922 2507 σοῦ
2937 2429 3211 2527 νπροῆλθε,
3242 2455 3421 2527 Κόρη.

492 2533 601 2589 est,
636 2537 669 2576 o
698 2521 869 2591 Virgo
903 2527 1117 2576 sancta.

805 2698 917 2755 Ode
973 2696 1081 2753 IX.
1135 2696 1328 2766 Legum
1375 2705 1740 2766 paternarum.

567 2812 796 2869 Noctem
838 2811 1166 2884 profundam
1212 2810 1615 2878 obscuramque
1653 2806 2068 2863 tenebrosarum

497 2909 775 2963 han-escon
806 2904 1112 2975 dissipasti,
1149 2917 1383 2972 surgens
1408 2911 1467 2954 ut
1504 2901 1609 2964 sol,
1646 2914 1921 2969 supraque
1953 2912 2071 2951 0m-

497 3017 599 3056 nes
631 2997 910 3068 eXplicans
953 3004 1115 3049 rectae
1159 2993 1283 3047 fidei
1314 2990 1522 3056 radios,
1558 2990 1868 3060 incolisque
1897 2997 2072 3044 terra-

498 3108 642 3156 rum,
680 3105 713 3144 o
759 3087 947 3153 Basili,
1004 3087 1181 3140 lucem
1233 3084 1354 3139 fidei
1392 3082 1710 3137 orthodoxa:
1765 3097 2068 3152 Spargens;

2548 2689 2689 2761 ’ῼδῂ
2717 2693 2799 2746 6'.
2831 2694 3047 2763 Νόμων
3080 2699 3388 2765 πατρῴαν.

2241 2801 2430 2856 Νύκτα
2485 2802 2709 2874 βαθεῖαν
2749 2806 2844 2860 καὶ
2898 2808 3163 2879 ἀσέληνον
3215 2810 3325 2864 τῶν
3370 2810 3623 2884 ζοφερῶν
3667 2814 3764 2866 al-

2177 2893 2382 2967 ρέσεων
2407 2895 2788 2964 διεσκέδασας,
2850 2899 3145 2965 ἀνατείλας
3202 2901 3389 2973 ὥσπερ
3422 2903 3605 2974 ἥλιος,
3659 2905 3763 2957 καὶ

2170 2988 2355 3039 πᾶσιν
2382 2988 2713 3057 ὲφαπλώσας
2749 2995 2960 3063 χρυσᾶς
3005 2996 3235 3059 ἀκτῖνας
3272 2996 3512 3059 πίστεως
3544 2996 3760 3066 ὀρθῆς,

2172 3080 2268 3134 καὶ
2300 3082 2412 3145 τοῖς
2455 3082 2515 3137 ἐν
2557 3085 2627 3154 γῇ
2660 3085 3058 3157 κατασπείρας,
3111 3087 3400 3153 Βασίλειε,
3440 3087 3761 3159 ὀρθοδοξίας

499 3188 743 3241 tenebrae
797 3182 942 3237 enim
973 3180 1029 3234 in
1084 3179 1263 3233 lucem
1325 3176 1720 3247 immutantur,
1759 3180 1815 3229 et
1856 3173 2070 3228 veritati

2188 3171 2400 3241 ρέγγος·
2428 3173 2707 3239 ἐξίσταται
2750 3177 2890 3244 φωτὶ
2916 3178 3026 3250 γὰρ
3053 3178 3115 3232 τδ
3145 3178 3361 3244 σκότος,
3391 3179 3486 3232 καὶ
3516 3180 3585 3250 τῇ
3612 3177 3760 3249 ἀλη-

500 3275 648 3331 cedit
682 3270 1051 3326 mendacium.

571 3366 850 3423 Ornavisti
887 3374 937 3418 te
976 3361 1147 3415 variis
1187 3357 1453 3413 doctrina:
1482 3356 1680 3410 divina:
1726 3354 1956 3409 floribus
2009 3354 2065 3407 in

500 3457 675 3528 pratis
748 3451 1175 3523 spiritualibus;
1251 3446 1618 3516 intelligihiles
1690 3447 1835 3500 enim
1914 3443 2071 3498 Scri-

499 3558 673 3620 ptura:
714 3546 905 3599 hortos
943 3539 1385 3601 circumvolasti;
1444 3549 1501 3591 ut
1538 3538 1780 3607 prudens
1825 3537 1943 3605 apis
1984 3535 2071 3589 in-

498 3642 708 3695 dustria
755 3654 820 3691 ac
878 3635 1186 3699 laboriosa,
1240 3631 1545 3703 mysticum
1592 3629 1886 3684 condidisti
1926 3628 2073 3682 theo-

364 3767 387 3792 .
500 3731 655 3801 logia:
686 3731 813 3790 mel,
861 3724 1279 3779 amaritudinem
1324 3724 1601 3776 hmreseon
1640 3719 1933 3784 hebetatis,
1973 3718 2072 3772 lia—

500 3833 735 3887 cumque
762 3817 1054 3886 participes
1080 3814 1420 3869 demulcens.

570 3910 811 3979 Tempus
851 3918 905 3963 et
936 3908 1247 3976 sepulcrum
1276 3921 1398 3973 qua:
1425 3905 1753 3958 oblivionem
1800 3903 2070 3958 imlucunt

502 4006 551 4059 τί
577 4023 606 4057 ιι
630 4006 871 4057 innatant
897 4000 1225 4064 amiserunt,
1251 4014 1360 4051 non
1396 3999 1733 4052 sustinentes
1766 4006 1874 4051 tua:
1902 4011 2073 4051 sacrm

502 4092 781 4149 memoriae
799 4089 1043 4160 pondus;
1069 4104 1193 4141 nam
1230 4088 1377 4152 licet,
1396 4102 1427 4139 o
1449 4087 1624 4153 beate,
1646 4101 1709 4139 ex
1736 4086 1889 4141 hisce
1912 4086 2073 4141 terris

498 4185 835 4248 excesseris,
873 4182 1011 4236 vivis
1065 4189 1282 4246 tamen;
1308 4178 1444 4247 justi
1474 4178 1619 4230 enim
1653 4179 1706 4231 in
1737 4176 1844 4230 Deo
1884 4176 2074 4229 vivunt

491 4287 706 4347 etpost
743 4284 980 4329 mortem
1031 4273 1198 4326 vitam
1232 4271 1288 4325 in
1332 4270 1561 4327 Christo
1611 4270 1879 4333 abditam,
1911 4268 2072 4339 cujus

502 4371 588 4426 fac
620 4384 723 4423 nos
762 4365 1064 4437 participes
1096 4364 1206 4418 tuis
1238 4362 1517 4433 precibus.

570 4477 898 4531 lmmensam
951 4474 1165 4544 igneam
1199 4472 1509 4527 columnam
1546 4477 1599 4526 te
1636 4470 1768 4525 vidit
1818 4470 2071 4525 columna

2097 3247 2142 3306 ο
2173 3264 2293 3335 θεία
2327 3268 2591 3337 ἐπιχωρεῖ
2625 3268 2685 3321 τὸ
2722 3267 2939 3337 ψεῦδος.

2245 3357 2416 3427 Ἀνθη
2463 3358 2685 3411 ποικίλα
2719 3359 2869 3422 θείας
2900 3358 3157 3427 γνώσεως
3192 3361 3257 3413 ὲκ
3285 3359 3524 3428 λογικῶν
3552 3358 3760 3429 λειμώ-

2171 3462 2277 3498 νων
2324 3446 2795 3519 ἀπανθισάμενος’
2849 3450 3071 3521 νοεροῦς
3114 3451 3224 3519 γάρ
3275 3451 3609 3522 περιίπτασο
3655 3450 3761 3519 τῆς

2172 3534 2395 3605 Γραςρῆς
2446 3538 2845 3608 παραδείσους·
2893 3539 2970 3603 ῶς
3003 3541 3166 3610 νοερά
3206 3557 3292 3603 τις
3345 3540 3579 3611 μέλισσα
3615 3539 3758 3608 σοφὴ

2171 3626 2266 3677 καὶ
2290 3627 2570 3698 φιλεργὸς,
2606 3629 2871 3700 μυστικὸν
2902 3629 3257 3702 ὲγεώργησας
3285 3631 3570 3700 θεολογίας
3602 3632 3754 3699 μέλι,

2172 3716 2437 3787 αἱρέσεων
2468 3720 2697 3791 πικρίαν
2730 3720 3036 3790 ἀμϐλύνας,
3073 3721 3170 3776 καὶ⁸
3202 3723 3335 3786 τοὺς
3379 3721 3755 3793 μετασχόντας

2172 3807 2337 3861 αὐτοῦ
2366 3811 2846 3879 καταγλυκαὶνων.

2245 3901 2455 3972 Χρόνος
2491 3902 2591 3955 καὶ
2638 3903 2812 3970 τάφος
2855 3901 3027 3974 λήθης
3074 3902 3329 3975 πρόξενοι
3374 3902 3476 3975 τὴν
3521 3905 3759 3978 φυσικὴν

2173 3992 2460 4063 ἐνέργειαν
2490 3994 2906 4067 ἀπηρνήσαντο,
2943 3996 3037 4049 ἐπὶ
3079 3996 3165 4049 σοὶ
3202 3997 3281 4069 μὴ
3320 3996 3758 4067 κατισχύσαντες

2173 4087 2272 4156 τῆς
2316 4087 2469 4155 ἱερᾶς
2508 4104 2603 4141 σου
2659 4089 2907 4159 μνήμης·
2954 4089 3058 4143 κᾶν
3103 4090 3211 4160 γὰρ
3262 4088 3491 4151 ἐνθάδε,
3545 4091 3756 4159 μάκαρ,

2173 4178 2521 4251 ἀπηλλάγης,
2561 4179 2702 4233 ἀλλὰ
2743 4181 2862 4253 ζῇς.
2906 4179 2995 4236 Ἐν
3024 4181 3144 4252 Θεῷ
3172 4182 3282 4252 γάρ
3311 4182 3361 4233 oi
3396 4180 3593 4235 δίκαιοι
3623 4180 3757 4247 ζῶσι

2175 4270 2270 4325 καὶ
2308 4271 2646 4342 μετάίτέλος
2682 4271 2828 4344 ζωὴν
2861 4273 2958 4343 τὴν
2994 4275 3050 4326 ὲν
3092 4273 3317 4345 Χριστῷ
3346 4274 3753 4345 κρυπτομένην,

2173 4356 2242 4433 ἦς
2278 4363 2425 4434 ἡμᾶς
2458 4362 2720 4433 μετόχους
2750 4363 3032 4432 ἀνάδειξον
3062 4365 3248 4435 εὐχαῖς
3276 4380 3400 4419 σου.

2248 4475 2623 4546 Οὐρανομήκη
2656 4475 2851 4529 στύλον
2884 4475 3110 4549 πύρινον
3134 4476 3162 4528 ό
3199 4476 3304 4547 τῆς
3326 4476 3539 4546 ἐρήμου
3567 4473 3759 4536 στύλος

502 4569 702 4625 deserti
739 4566 1027 4635 Ephraim;
1073 4566 1189 4618 visu
1223 4562 1640 4632 obstupefactus
1667 4576 1946 4631 occupans
1978 4577 2070 4614 ur-

2190 4565 2430 4636 Ἐφραὶμ
2458 4568 2672 4621 κατεῖδε
2718 4582 2798 4621 σε·
2837 4568 3134 4637 ἐκπλαγεὶς
3172 4568 3231 4621 δὲ
3261 4568 3341 4639 τῷ
3368 4567 3636 4639 ὁράματι,
3662 4566 3753 4636 τὴν

503 4665 626 4719 betn
656 4662 961 4725 Caesarum,
995 4671 1118 4711 cum
1147 4654 1359 4709 invenit
1386 4662 1440 4709 te
1469 4670 1592 4708 cum
1619 4654 1816 4723 popqu
1848 4669 2074 4709 versan-

504 4766 636 4819 tem,
699 4752 939 4807 miratur
985 4746 1239 4820 prodigia
1298 4747 1509 4816 majora
1563 4746 1867 4816 prioribus,
1909 4746 2079 4816 siqui-

502 4848 625 4902 dem
691 4844 910 4915 aspexit
973 4841 1029 4896 in
1093 4840 1357 4911 mysterio
1412 4839 1725 4895 columbam
1771 4839 1949 4893 albam
2010 4840 2076 4893 ad

502 4952 689 4993 aurem
731 4936 828 4990 tibi
868 4934 1203 5003 loquentem.

578 5048 914 5118 Deiparw.—
934 5046 1178 5115 Corpore
1200 5042 1442 5111 indutus,
1469 5042 1561 5114 qui
1595 5050 1678 5099 est
1700 5042 2077 5113 incorporeus,

500 5159 566 5197 ex
600 5151 789 5197 ventre
821 5148 938 5204 tuo,
983 5152 1017 5193 ο
1058 5136 1289 5209 Regina,
1335 5137 1504 5201 exiit;
1540 5135 1635 5207 qui
1674 5134 1839 5191 verbo
1873 5138 2082 5190 creavit

503 5233 887 5304 iucorpoream
915 5238 1188 5291 naturam,
1212 5236 1377 5297 atque
1409 5242 1600 5283 omnes
1628 5235 1935 5292 creaturas,
1967 5237 2079 5282 ιιιτιι

504 5327 801 5382 rationales
835 5333 948 5380 tum
976 5322 1641 5386 irrationales,exsistere
1660 5319 1814 5385 fecit,
1842 5320 1938 5376 Dei
1973 5319 2081 5388 Pa-

504 5417 606 5471 tris
628 5413 864 5470 Verbum
891 5414 1113 5484 ;itaque
1140 5412 1471 5482 cupiditates
1497 5411 1745 5481 corporis
1768 5412 2070 5483 restingue,

503 5522 624 5579 qua:
653 5506 891 5561 animam
941 5520 1115 5561 meam
1173 5503 1519 5572 interimunt,
1576 5518 1609 5559 o
1635 5502 1769 5559 Vitae
1808 5503 2005 5559 Mater.

684 5605 810 5695 Ode‘
836 5636 908 5693 Χ.
953 5636 1034 5693 Ne
1082 5638 1262 5709 lugeas
1291 5653 1451 5708 super
1474 5654 1574 5703 me,
1611 5656 1641 5693 ο
1669 5636 1871 5694 Mater.

492 5802 495 5807 .
576 5749 897 5822 Postquam,
936 5756 999 5803 ut
1043 5748 1267 5804 divinus
1302 5748 1553 5820 pontifex
1588 5750 1736 5819 regni
1772 5750 1885 5813 Dei,
1938 5751 2082 5806 cclc-

505 5842 677 5900 brnsti
719 5839 1088 5897 venerandum
1134 5851 1185 5895 et
1243 5854 1435 5895 revera
1466 5856 1684 5896 sacrum
1732 5842 2077 5911 mysterium,

2178 4657 2508 4726 Καισαρέων
2539 4658 2695 4712 πόλιν
2722 4658 3183 4729 καταλαμϐάνων,
3214 4658 3656 4730 προσομιλοῦντα
3681 4654 3755 4726 τῷ

2177 4747 2293 4818 λαῷ
2327 4750 2582 4821 εὑρηκώς
2618 4767 2698 4816 σε,
2747 4750 3002 4804 τεθέαται
3031 4750 3326 4821 καινότερα
3353 4749 3464 4802 τῶν
3494 4747 3751 4820 πρώτων,

2176 4837 2377 4908 λευκὴν
2400 4840 2733 4911 περιστερὰν
2759 4840 2896 4909 πρὸς
2924 4840 2986 4893 τὸ
3014 4836 3107 4904 οῦς
3138 4856 3224 4893 σοι
3245 4839 3607 4907 διαλέγουσαν
3637 4838 3755 4892 ἰδὼν

2178 4930 2237 4983 ὲν
2265 4930 2573 5003 μυστηρίῳ.

2253 5047 2587 5103 Θεοτοκίον.
2620 5077 2691 5088 -
2723 5045 3118 5119 Σωματοφόρος
3157 5047 3189 5099 ό
3234 5044 3535 5115 ἀσώματος
3566 5045 3631 5097 ὲκ
3662 5045 3754 5113 τῆς

2180 5140 2420 5208 γαστρός
2454 5156 2584 5204 σου,
2620 5138 2911 5204 Δέσποινα,
2967 5136 3354 5210 προελήλυθεν*
3404 5139 3435 5190 ὁ
3482 5136 3561 5205 τῷ
3617 5135 3754 5203 λόγῳ

2181 5232 2595 5301 συστησάμενος
2643 5230 2743 5301 τὴν
2775 5230 3073 5300 ἀσώματον
3105 5230 3306 5299 φύσιν,
3345 5229 3444 5283 καὶ
3494 5227 3755 5288 οὑσιιέισας

2181 5325 2397 5377 ἃπασαν
2424 5322 2613 5376 οὐσίαν
2645 5323 2935 5394 γεννητὴν,
2961 5322 3184 5394 λογικὴν
3206 5338 3265 5375 τε
3296 5321 3392 5374 καὶ
3420 5320 3637 5386 ἄλογον,
3664 5316 3753 5371 τοῦ

2180 5412 2319 5467 Θεοῦ
2351 5410 2567 5481 Πατρδς
2595 5411 2793 5480 Λόγος
2825 5410 2909 5465 διό
2941 5428 3043 5481 μου
3073 5411 3146 5465 τὰ
3181 5410 3279 5464 τοῦ
3322 5408 3577 5479 σώματος
3608 5407 3749 5476 πάθη

2180 5504 2479 5577 νέκρωσον,
2513 5502 2815 5574 νεκροῦντα
2845 5502 2938 5558 τὸν
2967 5503 3093 5557 νοῦν
3121 5519 3244 5574 μου,
3277 5501 3423 5571 ζωῆς
3452 5502 3652 5572 μῆτερ.

2427 5637 2563 5710 ᾨδὴ
2589 5636 2661 5694 I’.
2692 5636 2791 5705 Μὴ
2818 5637 3114 5707 ἐποὸὐρου
3136 5655 3277 5708 μου,
3306 5634 3525 5705 Μῆτερ.

2266 5751 2653 5822 Ἱερουργήσας
2681 5749 2758 5812 ῶς
2787 5748 2931 5813 θεῖος
2953 5748 3045 5804 τοῦ
3080 5748 3215 5802 Θεοῦ
3249 5748 3516 5818 ίεράρχης
3535 5749 3633 5815 τῆς
3663 5744 3749 5814 βα·

2189 5840 2393 5905 σιλείας
2430 5842 2490 5895 τὸ
2526 5841 2723 5895 σεπτὸν
2751 5834 2854 5896 ’καὶ
2897 5842 3066 5907 ὄντως
3114 5840 3289 5914 ἱερὸν,
3336 5840 3448 5911 ίερὲ
3492 5836 3745 5901 Βασίλειε,
