4026 6404
136 422 271 490 I377

1149 419 1467 481 HYMNUS
1507 418 1589 480 IN
1628 420 1689 479 S.
1730 418 2372 484 CHRYSOSTOMUM.

3265 421 3405 486 1378

128 526 507 605 Εὐαγγέλιον,
545 527 649 598 τῆς
694 525 794 597 σῆς
829 525 1143 599 ἱερουργίας
1173 527 1489 595 ἀπείληφας
1526 526 1719 598 μισθὸν

1862 526 2105 596 accpisti,
2139 541 2173 582 o
2201 542 2362 583 sacer
2394 528 2584 595 Basili,
2618 531 2924 588 mercedem
2956 530 3246 586 sacerdotii
3282 529 3408 587 sine

136 625 302 698 χωρὶς
332 621 569 694 αἵματος
614 619 958 692 μαρτυρικοῦ
1004 620 1101 673 καὶ
1144 620 1474 691 στεφανίτης
1509 619 1719 688 φανείς.

216 806 304 871 Ὠς
348 803 568 877 οὐρανῷ
604 805 980 877 παμμεγέθει,
1020 806 1098 870 ὡς
1137 805 1274 877 ήλίῳ
1315 804 1573 877 ἐμψύχῳ.
1603 806 1632 858 ό
1666 806 1725 861 ἐν

138 897 273 970 ήλίῳ
309 896 507 951 ἐαυτοῦ
540 897 601 950 τὸ
633 898 906 967 σκήνωμα
934 896 1129 962 τιθεὶς,
1162 897 1256 951 καὶ
1284 897 1367 960 είς
1400 897 1527 960 τοὺς
1557 897 1726 967 ούρα-

141 994 261 1054 νοὺς
286 991 344 1043 ὲν
375 990 461 1043 σοὶ
480 988 742 1059 ἐνῲκισεν
762 1005 776 1019 ο
800 989 1110 1058 Ἐνοικήσω
1132 991 1264 1061 γὰρ,
1281 986 1409 1059 ἔφη,
1452 989 1586 1059 περὶ
1613 987 1725 1041 τῶν

139 1084 280 1138 κατά
306 1082 389 1149 σὲ,
416 1082 514 1137 ml
541 1082 983 1153 ἐμπεριπατήσω
1008 1080 1332 1152 θεοπρεπῶς
1362 1082 1422 1135 ἐν
1443 1081 1651 1145 αὐτοῖς.

221 1218 578 1292 Ἀναδραμὼν
610 1220 676 1273 ἐκ
703 1219 813 1273 τῶν
846 1220 1000 1273 κάτω
1022 1220 1160 1291 πρὸς
1188 1220 1288 1291 τὴν
1315 1220 1430 1275 ἄνω
1459 1221 1724 1291 πατρίδα,

135 1312 232 1367 καὶ
261 1314 359 1366 σὺν
385 1312 643 1380 ἀγγέλοις
673 1311 963 1384 παρεστὼς
985 1311 1064 1382 τῷ
1090 1312 1265 1384 θρόνῳ
1283 1312 1362 1384 τῷ
1387 1312 1601 1384 φρικτῷ
1625 1312 1727 1382 τῆς

134 1402 464 1474 ὑπερουσίου
517 1404 770 1474 Τριάδος,
808 1404 960 1471 δσιε,
1013 1403 1155 1475 ὑπὲρ
1187 1398 1256 1476 ἦς
1288 1404 1548 1476 ήγωνίσω
1590 1405 1729 1474 πρὸς

133 1492 367 1564 δύναμιν
394 1497 452 1548 ἐν
482 1497 577 1567 γῇ,
605 1496 956 1567 μεμνημένος
991 1497 1067 1567 μὴ
1097 1495 1264 1567 λίπῃς
1292 1496 1404 1550 τῶν
1435 1513 1501 1567 με
1511 1496 1728 1567 μνημέ-

135 1602 244 1640 νων
276 1602 397 1640 σου.

207 1720 495 1786 Νεανικῶς
524 1721 829 1796 ἐξηλέγχθη
858 1725 1012 1796 παρὰ
1044 1724 1137 1779 σοῦ
1164 1725 1193 1779 ό
1223 1725 1503 1797 τολμήσας
1537 1742 1731 1779 συντα-

139 1814 407 1869 πεινῶσαι
448 1815 627 1899 ἐαυτῷ
664 1816 919 1889 θεότητος
954 1819 1194 1890 μορφὴν,
1230 1820 1311 1883 είς
1343 1818 1589 1873 δουλείαν
1636 1817 1727 1871 2).-

1824 619 2095 689 sanguine
2139 620 2384 691 martyrii
2430 637 2635 678 corona
2673 624 2966 681 redimitus
3005 636 3299 695 apparens.

1899 803 1973 861 Ut
2012 804 2066 861 in
2099 804 2243 861 cmlo
2274 806 2567 871 immenso,
2601 815 2661 861 ut
2703 808 2757 863 in
2790 807 2910 865 sole
2933 807 3274 870 viviﬁcante,
3316 807 3411 861 ille

1826 897 1921 968 qui
1956 898 2182 954 tetendit
2214 898 2268 951 in
2300 897 2416 952 sole
2446 913 2607 952 suum
2642 900 3058 954 tabernaculum
3111 910 3165 954 et
3210 899 3267 952 in
3299 913 3410 952 cu:-

1827 989 1881 1044 lo
1925 990 1978 1045 in
2020 998 2071 1045 te
2103 990 2405 1045 habitavit:
2445 989 2764 1044 lnhabitaho
2791 992 2961 1056 enim,
3020 991 3204 1062 inquit
3230 989 3301 1044 de
3331 988 3409 1042 tui

1828 1080 2125 1147 similibus,
2158 1090 2214 1136 et
2251 1080 2543 1151 magniﬁce
2594 1081 2647 1135 in
2680 1081 2761 1137 eis
2784 1082 3100 1137 ambulabo.

1899 1218 2204 1275 Transiens
2254 1218 2322 1275 de
2371 1218 2457 1276 his
2514 1218 2678 1276 terris
2727 1219 2795 1274 ad
2829 1220 3116 1275 coalestem
3153 1228 3410 1289 patriam,

1828 1310 2166 1382 adstansque
2219 1327 2344 1367 cum
2398 1314 2609 1382 angelis
2665 1312 2865 1366 throno
2926 1311 3239 1367 venerando
3286 1326 3415 1365 san-

1829 1404 2092 1458 ctissima:
2125 1404 2443 1469 Trinitatis,
2482 1419 2514 1457 ο
2537 1413 2745 1468 sancte,
2776 1419 2874 1473 pro
2900 1417 3031 1473 qua,
3064 1415 3330 1472 quantum
3359 1403 3412 1455 in

1829 1501 1883 1548 te
1925 1495 2047 1553 fuit.
2104 1496 2158 1548 in
2224 1495 2391 1549 terris
2426 1494 2754 1555 decertasti,
2800 1509 3010 1547 memor
3060 1509 3129 1548 ne
3176 1492 3413 1547 derelin‘

1830 1602 1970 1657 quas
2023 1602 2119 1643 eos
2151 1588 2244 1658 qui
2275 1588 2352 1642 tui
2388 1588 2774 1643 meminerunt.

1900 1716 2135 1773 Omnino
2160 1734 2190 1772 a
2219 1726 2272 1774 te
2294 1718 2609 1775 confutatus
2652 1719 2756 1774 fuit
2782 1721 2886 1775 iste
2921 1720 3014 1789 qui
3057 1718 3287 1774 formam
3329 1716 3418 1773 Di-

1830 1812 2079 1867 vinitatis
2111 1828 2286 1882 usque
2317 1813 2385 1868 ad
2424 1829 2483 1869 se
2516 1813 2824 1884 deprimere
2851 1829 3020 1869 ausus
3074 1822 3159 1867 est
3187 1854 3197 1875 ,
3255 1828 3420 1881 prave

140 1924 255 1959 κων
295 1906 393 1979 τὴν
424 1908 755 1982 δεσποτικὴν
787 1912 1010 1979 κακῶς,
1045 1912 1146 1983 τὴν
1190 1912 1530 1986 ύπέρχρονον
1565 1912 1730 1982 φύσιν

1862 1912 2055 1959 ’crtens
2081 1905 2133 1958 in
2177 1905 2433 1959 servilem
2472 1904 2816 1960 Dmninicam
2852 1905 3117 1976 speciem,
3167 1916 3421 1958 naturam

140 2000 238 2051 καὶ
270 2000 546 2069 άκτιστον,
581 2002 754 2067 τιθεὶς
784 2005 1023 2077 πονηρὸν
1061 2000 1149 2058 οἷα
1193 2004 1403 2077 κτίσμα
1446 2005 1585 2077 μετὰ
1628 2004 1731 2075 τῆς

143 2089 396 2156 κτίσεως.

215 2180 399 2250 Νέφος
446 2183 593 2254 παχὺ
633 2183 729 2238 τοῦ
772 2185 1001 2256 σαρκίου
1052 2185 1291 2256 διασχὼν
1338 2186 1434 2241 καὶ
1479 2187 1540 2241 τὸ
1576 2188 1733 2253 δάνος

145 2270 541 2343 διαλυσάμενος
568 2278 634 2347 τῇ
670 2280 765 2347 γῇ,
809 2278 1025 2348 ἁσχέτῳ
1051 2280 1116 2349 τῇ
1142 2278 1311 2349 ψυχῇ,
1346 2281 1440 2333 καὶ
1468 2280 1551 2333 νοῒ
1584 2281 1733 2351 ἁΰλῳ

145 2365 244 2418 νῦν
294 2367 651 2439 εἰσελήλυθας
710 2372 802 2424 τὸν
861 2372 1104 2425 ἀνείδεον
1163 2375 1365 2441 γνόφον
1418 2374 1513 2427 καὶ
1572 2373 1733 2428 eam

147 2459 359 2529 ὁμιλεῖν
387 2462 481 2515 καὶ
511 2465 750 2518 συνεῖναι
780 2465 874 2518 καὶ
904 2465 1418 2536 συνευφραίνεσθαι.

229 2553 300 2608 Ἥ
330 2555 425 2608 τοῦ
460 2555 596 2610 Θεοῦ
654 2557 951 2628 Ἐκκλησία
997 2559 1257 2628 ἀσφαλῶς
1303 2558 1608 2630 ἐδρασμένη
1660 2561 1737 2623 ὡς

148 2644 390 2717 θεμελίῳ
425 2647 660 2719 άῤῥαγεῖ
688 2649 785 2702 καὶ
813 2649 991 2721 πέτρᾳ
1020 2650 1238 2719 στερεᾷ,
1269 2651 1336 2720 τῇ
1369 2650 1609 2720 ἁσείστῳ
1641 2649 1737 2719 βά-

147 2754 230 2791 σει
269 2742 337 2810 τῇ
366 2739 474 2794 τῶν
502 2740 790 2811 δογμάτων
830 2759 925 2796 σου
946 2781 959 2805 ,
1008 2742 1267 2795 ἐναντίων
1296 2742 1517 2813 ἀνέμων
1546 2745 1737 2807 πνοαῖς

144 2835 483 2901 τυφωνικακ
505 2833 913 2906 άπερίτρεπτος
947 2835 1048 2907 μὲν
1080 2835 1232 2906 πόθῳ
1258 2833 1480 2906 τιμῶσά
1509 2852 1590 2889 σε.

219 3013 562 3067 Θεοτοκίον.
587 3044 659 3053 -
677 3015 765 3076 Σὲ,
797 3012 1042 3083 παναγία
1064 3012 1331 3086 Παρθένε,
1362 3013 1738 3084 ἁκαταίσχυν-

144 3120 237 3157 τον
300 3104 536 3174 πρέσϐιν
588 3106 685 3159 καὶ
752 3106 1034 3176 μεσιτείαν
1089 3104 1295 3176 εὐμενῆ
1361 3104 1737 3177 προϐάλλομαι

144 3197 364 3261 πιστῶς
390 3197 468 3268 τῷ
493 3199 559 3252 ἐκ
586 3198 680 3252 σοῦ
701 3197 969 3269 τεχθέντι·
998 3200 1093 3252 καλ⁸
1117 3198 1348 3253 ἱκετεύω
1370 3217 1452 3264 σε,
1480 3199 1588 3253 τῶν
1611 3200 1740 3253 πολ-
1762 3228 1811 3286 c

144 3287 260 3341 λῶν
293 3307 396 3360 μου
431 3290 792 3361 πταισμάτων
822 3290 893 3344 τά
918 3290 1103 3362 πλήθη
1130 3291 1202 3344 τὰ
1233 3290 1407 3345 πολλὰ
1441 3294 1739 3364 μητρικαῖς

147 3398 244 3435 σου
272 3381 596 3453 πρεσϐείαις
624 3382 797 3454 ἄρδην
829 3383 1133 3453 ἐξάλειψον.

590 3478 933 3542 ἸΩΑΝΝΟΥ
958 3486 1268 3543 ΜΟΝΑΧΟ
1281 3489 1326 3542 Υ

383 3601 625 3656 ΚΑΝΩΝ
658 3601 769 3657 ΕΙΣ
797 3601 1506 3679 ΤΟΝιΧΡΥΣΟΣΤΟΜΟΝ,

155 3711 240 3774 Οὔ
292 3718 333 3786 ἡ
374 3718 726 3791 ἀξιροσηχίς
758 3720 944 3788 αὕτηο
980 3719 1307 3791 Συνὼνυμος
1347 3720 1542 3790 μέλπει
1582 3739 1641 3775 σε
1683 3721 1746 3774 τὸ

222 3788 464 3862 χρυσοῦν
486 3788 682 3860 στόμα.
705 3791 937 3862 Οίκτρδς
962 3788 1315 3862 μοναχδςκαὶ
1342 3788 1528 3861 ἱκέτης
1564 3792 1747 3845 Ἰωάν-

380 3854 563 3930 Ἦχος
586 3854 697 3915 ἀλ.
737 3860 819 3926 β’.
845 3854 1082 3932 ’Κύῂατι
1106 3854 1437 3930 ’θαλάσσης
1474 3854 1584 3916 τὸν
1612 3864 1745 3931 κρύ-

324 3946 454 3984 vra.

228 4023 471 4093 Στόματι
510 4022 721 4094 πηλίνῳ
764 4024 862 4077 καὶ
892 4024 1116 4098 γλώσσῃ
1157 4022 1352 4093 γεώδει
1385 4043 1443 4079 σε
1475 4025 1568 4080 τὸν
1596 4026 1746 4094 Χρυ-

156 4114 429 4183 σόστομον
463 4114 655 4179 ὑμνεῖν
698 4114 944 4186 δρμῶντι
973 4132 1085 4185 μοι,
1112 4116 1423 4186 χρυσοφαὲς
1448 4116 1747 4188 οὐρανόθεν

156 4202 313 4266 θείας
343 4202 600 4271 γνώσεως
643 4204 954 4276 ἀμάρυγμα
981 4204 1331 4277 ἐξαστράψας
1348 4247 1364 4272 ,
1391 4206 1627 4276 φώτισον
1655 4207 1748 4261 τὸν

157 4293 290 4349 νοῦν
324 4297 421 4350 καὶ
446 4296 546 4369 τήν
575 4298 809 4369 καρδίαν
839 4316 966 4370 μου.

232 4389 413 4460 ’Υλην
439 4388 806 4461 φθειρομένην
831 4392 931 4445 καὶ
956 4392 1188 4463 ῥέουσαν
1211 4391 1391 4459 δόξαν,
1416 4393 1511 4447 καὶ
1538 4393 1747 4462 κόσμον

163 4479 459 4551 σύμπαντα
485 4483 580 4536 καὶ
608 4485 1031 4555 κοσμοκράτορα
1056 4482 1436 4556 περιδραμὼν,
1466 4486 1588 4539 ἀντὶ
1610 4485 1749 4539 πάν-

1833 2006 2092 2052 aeternam
2132 2004 2186 2053 et
2220 1996 2522 2052 increatam
2551 2039 2566 2064 ,
2599 2006 2654 2052 et
2700 1998 2857 2069 quasi
2902 1998 3063 2052 vilem
3107 2005 3417 2051 creaturam

1835 2091 2000 2144 rebus
2028 2090 2229 2144 creatis
2264 2104 2657 2146 annumerans.

1911 2178 2120 2235 Nubem
2165 2195 2410 2236 crassam
2454 2182 2640 2237 carnis
2684 2196 3084 2253 perrumpens,
3129 2180 3423 2250 debitaque

1835 2281 1996 2327 teme
2047 2274 2296 2339 solvens,
2352 2288 2457 2328 una
2498 2288 2623 2328 cum
2669 2272 2877 2329 invicto
2922 2274 3103 2328 animo
3142 2281 3198 2328 et
3240 2279 3423 2326 mente

1836 2365 2049 2419 coalesti
2121 2380 2264 2419 nunc
2338 2365 2559 2420 habitas
2637 2364 2904 2421 informes
2954 2373 3011 2420 et
3069 2365 3421 2434 incorporeas

1839 2459 2090 2514 tenebras
2128 2458 2180 2512 in
2223 2458 2423 2528 quibus
2459 2459 2587 2513 licet
2618 2458 2825 2513 versari
2862 2467 3030 2528 atque
3065 2456 3324 2528 gaudere.

1910 2548 2102 2603 Divina
2152 2549 2404 2606 Ecclesia
2458 2558 2579 2604 tuto
2631 2549 2855 2604 condita
2911 2549 3066 2604 velut
3132 2548 3185 2602 in
3249 2547 3424 2601 infra-

1834 2651 1927 2697 cto
1972 2640 2330 2696 fundamento
2377 2651 2432 2696 et
2485 2641 2541 2696 in
2582 2643 2813 2713 scopulo
2862 2641 3057 2707 firmo,
3090 2640 3422 2695 inconcussa

1838 2734 1960 2789 basi
2018 2746 2239 2789 tuorum
2299 2733 2666 2805 dogmatum,
2726 2734 3084 2790 adversorum
3133 2743 3423 2787 ventorum

1840 2826 1968 2881 tlatu
1993 2829 2231 2884 violento
2257 2844 2365 2883 non
2404 2836 2672 2893 movetur,
2701 2837 2864 2899 teque
2890 2837 3187 2884 veneratur
3215 2837 3270 2882 et
3296 2843 3427 2882 sus-

1839 2920 1991 2991 picit.

1910 3009 2175 3079 Deipara’.
2211 3039 2283 3051 --
2333 3006 2439 3073 Te,
2496 3009 2849 3065 sanctissima
2896 3007 3101 3079 Virgo,
3154 3008 3431 3063 honoran-

1841 3102 1966 3158 dam
2018 3104 2247 3172 legatam
2298 3103 2676 3173 optimamqne
2730 3102 3103 3158 mediatricem
3155 3102 3427 3171 praemitto

1845 3194 2078 3249 libenter
2124 3194 2190 3248 ad
2226 3193 2421 3248 Filium
2453 3196 2520 3248 de
2552 3204 2603 3249 te
2634 3195 2901 3266 genitum,
2936 3204 3097 3265 teque
3138 3192 3425 3264 supplico,

1843 3288 2108 3358 plurimos
2159 3287 2345 3357 lapsus
2388 3301 2539 3341 meos
2582 3295 2637 3341 et
2684 3297 2910 3357 peccata
2962 3296 3211 3341 materna
3252 3285 3429 3338 inter.

1843 3380 2097 3436 cessione
2120 3389 2211 3433 tua
2245 3380 2472 3434 omnino
2514 3379 2654 3434 dele.

2265 3489 2593 3546 JOANNIS
2632 3489 3011 3546 MONAGHI.

2108 3599 2400 3657 HYﬁlNUS
2437 3600 2503 3655 ΙΝ
2554 3599 3162 3658 CHRYSOSTOMUM.

1847 3715 2048 3771 Prima:
2082 3730 2323 3770 versuum
2370 3714 2564 3769 littera:
2603 3714 2910 3785 signiﬁcant
2951 3730 2971 3769 :
2998 3713 3149 3769 Alter
3189 3711 3430 3770 Joannes

1922 3787 2116 3840 laudat
2149 3798 2221 3843 te.
2248 3801 2475 3839 aureum
2501 3800 2585 3839 os.
2610 3784 2774 3839 Miser
2797 3786 3100 3839 mnnarhus
3120 3796 3171 3838 et
3202 3787 3427 3854 supplex

1915 3855 2175 3912 Joannes.
2210 3855 2387 3911 Sanus
2421 3856 2492 3922 pl.
2526 3855 2610 3921 ll,
2640 3856 2895 3925 ﬂuctibus
2927 3857 3092 3910 maris
3116 3856 3396 3911 celantem.

1918 4012 2026 4069 Ore
2061 4014 2208 4068 luteo
2256 4020 2312 4067 et
2360 4013 2547 4084 lingua
2583 4012 2834 4069 terrestri
2875 4020 2928 4067 te
2971 4013 3429 4084 Chrysnstomum

1847 4105 2130 4159 celebrare
2156 4105 2416 4168 tentanti,
2461 4105 2670 4161 emisso
2706 4106 2775 4161 de
2825 4104 2982 4161 caelis
3029 4104 3432 4175 fulgentissima

1847 4196 2051 4251 divinae
2074 4194 2385 4265 disciplinae
2414 4194 2735 4264 splendore,
2786 4205 3024 4250 mentem
3071 4194 3317 4249 illumina
3356 4194 3432 4249 si-

1849 4287 1964 4342 mul
1990 4296 2045 4341 et
2076 4296 2292 4357 pectus.

1921 4376 2001 4431 Tu
2057 4376 2283 4447 quidem
2326 4377 2667 4448 contemptis
2710 4393 2831 4448 qua:
2879 4374 3127 4447 peritura
3185 4381 3335 4435 sunt.
3378 4384 3432 4429 et

1854 4469 2309 4541 l'ngitiva‘gloria.
2362 4480 2415 4525 et
2474 4471 2737 4527 universo
2797 4469 3025 4532 mundo,
3079 4478 3134 4522 et
3182 4467 3432 4537 principe

157 4589 273 4625 των
306 4585 399 4626 τον
428 4573 664 4644 Χριστὸν
693 4575 929 4646 ἐκτήσω.
962 4575 1272 4647 πάγχρυσεο
1304 4569 1367 4631 οὗ
1397 4576 1630 4649 τρωθεὶς
1660 4576 1739 4649 τῷ

1862 4564 2041 4618 mundi
2073 4561 2302 4629 Satana,
2330 4565 2413 4618 vir
2459 4580 2649 4631 auree,
2690 4565 2812 4619 loco
2853 4562 3099 4617 omnium
3152 4560 3431 4616 Christum

160 4662 332 4734 ἔρωτι
360 4663 552 4735 ήγήσω
575 4664 755 4720 πάντα
785 4666 1055 4722 σκύϐαλα.

238 4838 447 4907 Νόμοις
486 4840 578 4893 τοῦ
609 4840 865 4911 Σωτῆρος
911 4843 1153 4912 Χριστοῦ
1185 4844 1596 4915 πειθαρχήσας,
1630 4843 1742 4899 ἀπὸ

163 4929 426 5000 νεότητος
462 4931 554 4984 ἐπὶ
581 4932 689 4985 τῶν
719 4931 885 5002 ὤμων
923 4951 1021 4987 σου
1053 4935 1344 4990 ἀναλαϐὼν
1380 4936 1477 4991 τὸν
1509 4936 1747 5008 σταυρόν

166 5040 287 5085 σου,
333 5021 421 5077 διὰ
454 5024 633 5078 πόνων
679 5025 776 5096 τῆς
826 5028 1114 5098 ἀσκήσεως
1153 5028 1323 5103 αὐτῷ)
1347 5028 1746 5100 ήκολούθησας,

167 5115 380 5182 σαρκὸς
405 5115 618 5187 νεκρῶν
639 5117 703 5171 τὸ
725 5119 1003 5191 φρόνημα.

242 5208 490 5279 ’ῼκησας
547 5211 791 5280 ἐρήμους
838 5212 1095 5277 ἀϐάτους,
1137 5211 1425 5283 ἀνύδρους,
1485 5212 1740 5282 άστεγος,

165 5300 426 5366 ἄσκευος,
458 5301 718 5372 ἄτροφος,
746 5303 1045 5372 ἄγνωστος,
1070 5304 1263 5373 ὥσπερ
1282 5305 1311 5357 ό
1332 5304 1507 5374 μέγας
1539 5306 1751 5373 Ἠλίας,

178 5386 444 5457 Ἰωάννης
480 5410 540 5447 τε
568 5395 597 5447 ὀ
627 5394 940 5469 πρόδρομος
961 5434 976 5461 ,
1009 5390 1085 5453 ὧν
1123 5397 1304 5469 ζηλῶν
1328 5397 1610 5470 ἐζήλωσας
1652 5399 1754 5470 τὴν

167 5489 512 5564 παρρησίαν,
546 5489 693 5558 am.
1050 5487 1052 5489 ’

244 5582 428 5655 Νίκην
453 5581 850 5653 λαμπροτάτην
876 5580 1153 5654 ἀράμενος
1172 5618 1187 5644 ,
1229 5579 1440 5650 μάκαρ,
1473 5579 1616 5634 κατὰ
1657 5579 1755 5634 τοῦ

170 5672 473 5744 δράκοντος
499 5673 638 5744 μετά
667 5672 947 5745 τροπαίων
967 5670 1241 5743 λαμπρῶν
1256 5712 1271 5735 ,
1291 5671 1367 5734 ὥς
1385 5686 1471 5734 τις
1491 5670 1584 5723 ὀλυ
1593 5687 1757 5742 μπιο-

170 5763 357 5837 νίκης,
378 5762 508 5836 θείῳ
528 5765 812 5833 ῐΙνεύματι
834 5764 1155 5835 φερόμενος,
1186 5758 1344 5828 αὖθις
1377 5763 1758 5835 ἐπανέδραμες

175 5854 319 5926 πρὸς
347 5856 449 5925 τὴν
477 5856 850 5928 ἐνιγκαμένην
883 5872 965 5911 σε.

1851 4655 2082 4725 adeptus
2111 4670 2209 4721 es;
2250 4657 2413 4725 cujus
2436 4670 2626 4711 amore
2663 4657 2889 4711 saucius
2923 4653 3110 4708 omnia
3136 4652 3435 4707 detrimen-

1851 4758 1963 4804 tum
1989 4749 2254 4805 ducebas.

1921 4842 2158 4912 Legibus
2186 4841 2496 4897 Salvatoris
2533 4839 2740 4895 Christi
2777 4840 3092 4911 indulgens,
3124 4854 3153 4893 a
3199 4836 3433 4909 pueritia

1851 4949 2020 5005 super
2058 4934 2322 4989 humeros
2351 4947 2573 4988 crucem
2606 4932 2727 5001 ejus
2776 4933 3094 5002 suscepisti,
3146 4931 3432 5000 ipsiusque

1851 5042 1950 5099 per
1973 5026 2283 5096 disciplinae
2305 5026 2526 5081 labores
2543 5027 2851 5091 adlnesisti,
2880 5024 3229 5079 mortiﬁcatis
3249 5020 3436 5091 carnis

1851 5118 2128 5175 sensibus.

1922 5211 2246 5266 lnhahitasti
2281 5208 2501 5265 deserta
2533 5208 2707 5273 invia,
2749 5208 3038 5277 inaquosa,
3068 5204 3437 5269 exsul,vesti-

1854 5303 2057 5357 mentis
2078 5301 2315 5370 ciboque
2346 5301 2676 5365 destitutus,
2708 5299 2951 5368 ignotus,
2987 5296 3131 5351 haud
3175 5311 3337 5351 secus
3368 5310 3437 5360 ac

1854 5410 2086 5463 magnus
2128 5393 2300 5457 Elias,
2341 5402 2511 5461 atque
2555 5390 2801 5446 Joannes
2834 5403 3164 5460 przecursor,
3195 5402 3434 5459 quorum

1855 5483 2110 5539 ﬁduciam
2141 5483 2345 5538 imitari
2383 5482 2672 5546 studuisti,
2701 5480 3075 5536 sanetissime.

1928 5573 2121 5629 Relata
2153 5572 2383 5627 victoria
2426 5570 3075 5642 spiendissima,beatus,
3100 5567 3168 5623 de
3194 5566 3440 5623 dracone

1858 5667 2098 5723 illustria
2129 5673 2357 5734 trOpma,
2414 5664 2567 5719 velut
2602 5662 2782 5718 victor
2824 5662 2881 5717 in
2929 5658 3229 5731 Olympicis
3266 5657 3437 5720 ludis,

1858 5756 2049 5813 divino
2084 5754 2281 5824 spiritu
2329 5764 2643 5825 reportans,
2696 5767 2890 5809 rursus
2945 5751 3012 5805 ad
3055 5762 3175 5804 eam
3223 5743 3439 5804 rediisti

1861 5865 1983 5923 qua)
2020 5856 2072 5905 te
2102 5855 2363 5919 gesserat.
