4026 6408
629 406 765 470 1379

2056 411 2305 475 ADDEN.
2313 412 2407 471 DA
2420 457 2435 472 .

3736 410 3848 479 1380

679 516 948 585 Deiparw.
967 544 1036 555 —
1066 513 1170 582 Qui
1200 514 1254 570 in
1280 513 1571 572 indeﬁnito
1591 515 1718 572 sinu
1757 515 1871 572 divi
1913 516 2173 573 Genitori:

2369 520 2709 573 Θεοτοκίον.
2740 550 2811 561 --
2847 518 2907 572 ’0
2941 518 3389 591 ἀπεριγράπτοις
3424 520 3727 592 καθήμενος
3752 528 3849 580 κῶρ

604 609 804 665 inﬁniti
840 606 1055 671 Patris,
1092 615 1354 677 tanquam
1404 606 1753 663 indeﬁnitum
1792 606 2033 663 Verbum
2103 623 2192 663 re-

605 702 769 765 sidet,
790 700 934 755 idem
961 713 1132 755 carne
1163 700 1352 756 ﬁnitus
1384 692 1551 772 quam
1580 711 1680 756 ate
1701 701 1968 772 suscepit,
1992 701 2046 756 in
2083 700 2190 756 im-

605 795 879 851 maculato
904 804 1000 849 tuo
1014 795 1227 865 gremio
1245 797 1511 865 puerulus
1527 796 1789 867 quiescit,
1810 795 2187 854 sanctissima.

988 1014 1100 1071 Ode
1140 1012 1265 1071 IlI.
1301 1013 1373 1069 Te
1413 1031 1572 1085 super
1600 1030 1793 1086 aquas.

672 1132 880 1190 Christi
907 1141 1146 1189 mentem
1199 1140 1555 1195 consecutus,
1590 1130 2028 1188 misericordiam
2069 1130 2187 1197 eius

604 1229 659 1283 in
694 1234 965 1296 quantum
1021 1226 1264 1280 hominis
1292 1233 1415 1281 erat
1469 1225 1717 1279 imitatus
1773 1239 1871 1291 es;
1904 1231 1960 1278 et
1994 1238 2188 1279 omnes

603 1318 815 1374 servari
854 1316 1079 1372 voluisti
1118 1332 1213 1386 per
1242 1318 1517 1370 malorum
1564 1313 1975 1369 confessionem
2005 1323 2060 1368 et
2101 1314 2187 1369 fu-

602 1428 762 1482 gam,
832 1426 929 1482 per
991 1412 1269 1466 sinceram
1347 1409 1844 1477 vehementemque
1910 1405 2189 1476 paeniten-

604 1503 755 1558 liam.

674 1595 850 1652 Unxit
875 1605 928 1652 te
955 1604 1183 1652 sanctus
1205 1594 1448 1665 Spiritus
1473 1593 1640 1661 Deus,
1676 1594 1825 1650 Deus
1858 1600 2009 1656 tuus,
2034 1600 2095 1645 ut
2129 1592 2184 1646 in

600 1699 725 1745 tuos
748 1691 927 1745 oleum
961 1689 1354 1745 exsultationis
1385 1688 1723 1750 eﬁunderes.
1762 1696 1816 1742 et
1845 1696 2181 1757 unguentum

2292 630 2417 676 ποις
2465 611 2613 665 θείου
2675 612 3010 683 Γεννήτορος
3066 612 3490 683 ἁπεριγράπτου
3549 614 3750 685 Πατρδς
3788 620 3848 684 ὡς

2291 704 2711 776 ὰπερίγραπτος
2760 706 2955 773 Λόγος,
3002 707 3071 776 τῇ
3122 705 3291 775 σαρκὶ
3334 707 3849 780 περιγραφεὶςτῇὲκ

2292 796 2410 863 σοῦ,
2435 802 2549 862 τοῖς
2577 798 2873 870 άχράντοις
2902 798 3128 861 κόλποις
3154 814 3251 851 σου
3281 797 3504 869 βρέφος.
3541 800 3695 871 ἁγνή,
3734 804 3847 857 uti.

2290 890 2497 955 έζεται.

2623 1003 2765 1075 ’ῼδθτ
2801 1006 2886 1058 Γ’.
2914 1007 2994 1059 Σὲ
3030 1002 3152 1058 τῶν
3178 1004 3276 1059 ἐπὶ
3311 1004 3567 1061 ὑδάτων.

2362 1121 2434 1173 Σὺ
2460 1121 2585 1174 νοῦν
2617 1121 2857 1193 Χριστοῦ
2887 1121 3201 1195 πλουτήσας
3221 1164 3235 1186 ,
3266 1123 3553 1194 ὲζήλωσας
3582 1124 3677 1194 τὴν
3707 1128 3845 1182 αὑτοῦ

2290 1214 2696 1285 εὐσπλαγχνίαν
2748 1216 2826 1282 ὡς
2886 1217 3117 1271 δυνατὸν
3181 1216 3500 1289 ἀνθρώπῳ*
3562 1220 3659 1271 καὶ
3702 1220 3847 1274 σῶσαι

2290 1308 2503 1371 πάντας
2524 1307 2873 1372 ἑσποὺδασας
2903 1309 2970 1363 δι’
3015 1310 3373 1380 ὲξομολογίας
3404 1314 3501 1366 καὶ
3534 1313 3744 1385 ἀποχῆς
3764 1335 3846 1371 κα.

2289 1401 2425 1469 κῶν,
2452 1404 2549 1457 καὶ
2578 1404 2903 1475 ὲμπράκτου
2929 1404 3227 1475 μετανοίας
3251 1404 3484 1477 θερμῆς.

2362 1578 2589 1649 ’Ἐκρισέ
2628 1595 2688 1632 σε
2712 1578 2775 1631 τὸ
2800 1578 3027 1650 Πνεῦμα
3053 1579 3113 1633 τὸ
3137 1578 3295 1647 ἅγιον
3330 1582 3358 1633 6
3381 1581 3538 1645 Θεὸς,
3569 1584 3597 1635 6
3626 1582 3750 1648 Θεός
3769 1602 3845 1639 σου

2288 1672 2382 1725 ἐπὶ
2414 1672 2541 1735 τοὺς
2594 1672 2722 1732 σοὺς
2768 1671 3031 1742 μετόχους
3088 1672 3465 1739 ἀγαλλιάσεως
3515 1674 3713 1739 ἔλαιον,
3770 1679 3845 1731 καὶ

598 1783 798 1837 divina:
835 1782 1134 1849 unctionis,
1162 1789 1215 1835 et
1237 1780 1435 1843 diﬁluit
1458 1781 1526 1835 de
1551 1779 1714 1834 labiis
1753 1777 1871 1835 suis
1903 1777 2173 1832 ditissima

2292 1764 2464 1835 μῦρον
2511 1764 2660 1817 θείου
2710 1764 3039 1836 χρίσματος,
3086 1767 3181 1818 καὶ
3224 1765 3457 1837 ἐξεχύθη
3510 1784 3604 1819 σου
3645 1768 3845 1839 δαψιλὴς

599 1876 800 1948 gratia.
1255 1874 1258 1876 ⁷

2289 1858 2451 1930 χάρις
2481 1859 2539 1911 ὲν
2574 1858 2838 1928 χείλεσιν.

669 1964 953 2032 Tanquam
989 1976 1138 2016 mare
1159 1961 1412 2032 erupisti,
1448 1959 1871 2032 Chrysostome,
1910 1960 2173 2016 suavissi-

2363 1952 2606 2021 Πέλαγος
2639 1951 2940 2023 ὲξηρεύξω,
2974 1951 3336 2022 Χρυσόστομε
3366 1991 3381 2014 ,
3411 1952 3647 2022 διδαχῶν
3670 1951 3844 2021 γλυκυ-

596 2071 810 2109 marum
851 2054 1263 2119 doctrinarum,
1302 2062 1357 2108 et
1412 2052 1671 2107 arefactis
1726 2053 1889 2107 simul
1937 2052 2173 2108 cmuosis

2291 2044 2772 2116 τάτιο›ν,αίρέσεων
2798 2045 3053 2116 ξηραῖνον
3074 2045 3144 2098 τὰ
3173 2044 3491 2116 βορϐορώδη
3513 2045 3691 2116 ὀμϐρή
3700 2062 3842 2114 ματα,

598 2148 953 2219 turbidisque
987 2154 1043 2201 et
1086 2146 1284 2202 invisis
1336 2154 1392 2201 ct
1429 2146 1752 2203 salsissimis
1795 2146 2173 2200 hazreticorum

2293 2137 2387 2189 καὶ
2412 2135 2627 2208 θολερὰ,
2648 2136 2742 2189 καὶ
2776 2136 2977 2201 ἄποτα,
3004 2136 3101 2189 καί⁸
3138 2135 3552 2208 ωμυρόὸρυτα,
3594 2138 3689 2201 τὰς
3726 2154 3843 2208 καρ-

600 2240 916 2325 paludibns,
943 2249 997 2297 et
1028 2240 1250 2296 refectis
1284 2240 1547 2295 cordibus
1576 2239 1809 2294 nostris.

684 2332 947 2403 Deiparw.
967 2363 1035 2373 —
1059 2330 1131 2387 Ut
1167 2332 1605 2402 Comprehendas
1631 2340 1806 2385 totum
1832 2330 2179 2400 splendorem

600 2436 809 2482 sancta:
843 2425 1160 2492 Trinitatis,
1198 2425 1604 2480 illuminasti...
1637 2423 2003 2494 rejicientem.

1272 2630 1385 2686 Ode
1426 2628 1453 2684 1
1473 2628 1532 2685 γ.

824 2747 1019 2819 purior
1045 2745 1307 2817 apparuit
1348 2760 1502 2800 mens
1534 2742 2073 2814 tua,Chrysostome
2100 2747 2185 2793 ter

593 2840 774 2905 beate,
798 2839 1026 2895 affectus
1057 2853 1309 2909 quosque
1340 2838 1588 2907 impuros
1625 2844 1680 2889 et
1717 2833 2046 2889 libidinosos
2089 2848 2179 2886 ca-

594 2933 805 2989 stitatis
831 2933 1053 2988 camino
1086 2932 1140 2986 in
1173 2933 1414 2987 cinerem
1452 2929 1733 3001 redegisti.

669 3108 838 3181 Virga
871 3109 1030 3181 ignea
1059 3123 1243 3165 aureae
1276 3118 1386 3163 tua:
1420 3107 1710 3172 doctrinae,
1735 3116 1789 3163 et
1817 3106 2023 3161 Christi
2054 3120 2175 3175 ope,

2290 2229 2409 2293 δίας
2443 2231 2656 2282 πιαῖνον
2685 2230 2717 2299 ή
2725 2228 2863 2299 μῶν.

2364 2320 2699 2374 Θεοτοκίον.
2734 2350 2806 2361 --
2848 2320 2968 2374 Ἵνα
2999 2322 3259 2392 χωρήσῃς
3294 2320 3425 2389 ὅλην
3465 2320 3565 2392 τὴν
3605 2320 3842 2390 ἔλλαμψιν

2284 2413 2383 2480 τῆς
2415 2413 2575 2480 ἁγίας
2602 2413 2856 2483 Τριάδος,
2890 2413 3222 2475 ὲστίλϐωσας
3242 2413 3356 2467 τὸν.
3376 2453 3391 2467 .
3412 2413 3799 2468 ἀναπτύσοντα.
3826 2452 3840 2468 .

2288 2505 2447 2561 Deest
2469 2522 2594 2577 pars
2631 2505 2790 2559 Θεοτ.
2830 2514 2885 2562 et
2904 2506 3023 2561 oda:
3050 2504 3118 2560 lV
3154 2506 3344 2560 echus.

2962 2620 3098 2691 ’ῼδὴ
3126 2622 3201 2674 Αι.

2418 2758 2435 2775 .
2503 2719 2599 2774 σοῦ
2657 2721 2903 2793 εὑροίζου
2953 2721 3346 2792 καθαρώτερος
3374 2724 3403 2777 6
3454 2726 3547 2787 σδς
3598 2722 3840 2776 δέδεικται

2282 2812 2426 2877 νοῦς,
2450 2813 2494 2866 Χ
2504 2814 2807 2883 ρυσόστομε
2824 2815 3291 2886 τρισμάκαρ,πᾶν
3314 2816 3563 2887 ἐμπαθὲς
3582 2818 3673 2871 καὶ
3690 2818 3841 2886 πρόσ-

2282 2905 2408 2958 υ).ον
2460 2906 2641 2976 νόημα
2664 2921 2679 2935 ·
2730 2908 2825 2960 καὶ
2850 2907 2959 2974 γὰρ
2988 2907 3088 2978 τὴν
3113 2907 3339 2976 ἁγνείαν
3370 2909 3569 2981 χωνείᾳ
3603 2910 3839 2963 ὲνιιπετέ-

2282 3014 2525 3068 φρωσεν.

2361 3091 2574 3163 Ῥάϐδῳ
2618 3093 2822 3164 πυρίνῃ
2851 3093 2960 3147 τῶν
3002 3094 3341 3166 παγχρυσῶν
3372 3113 3469 3149 σου
3515 3094 3737 3166 διδαχῶν
3765 3096 3839 3149 διὰ

592 3204 680 3260 vel
723 3205 1061 3259 tumultuans
1087 3203 1330 3257 avaritia
1362 3217 1515 3257 mare
1548 3200 1893 3257 miserationi
1930 3200 2173 3270 pervium

2280 3185 2542 3256 Χριστοῦ,
2574 3187 2670 3240 καὶ
2701 3190 2802 3257 τῆς
2834 3187 3203 3258 φιλαργυρίας
3230 3189 3640 3260 κυμαινομένην
3660 3187 3839 3241 θάλασ-

593 3295 795 3362 fecisti,
829 3311 951 3367 qua:
989 3295 1121 3350 illuc
1150 3297 1306 3366 prius
1349 3295 1611 3350 accedere
1644 3308 1751 3349 non
1778 3294 2034 3349 audebat.

660 3470 829 3528 Primi
850 3472 1097 3544 pastoris
1127 3470 1373 3537 numine,
1393 3469 1619 3526 admisit
1635 3477 1690 3526 te
1710 3469 1965 3540 egregius
1989 3477 2177 3540 pastor

586 3564 658 3618 ad
696 3579 918 3618 ararum
951 3563 1344 3628 ministerium,
1386 3577 1514 3618 mox
1546 3571 1829 3632 pastorum
1872 3560 2171 3632 principem

587 3655 861 3711 futurum.

660 3748 1096 3817 Deiparaz.—Tu
1126 3764 1249 3820 quae
1270 3736 1584 3818 inccrporei
1613 3762 1746 3803 voce
1777 3746 2168 3814 incorporeum

588 3839 828 3908 genuisti
851 3853 918 3893 ex
938 3846 991 3892 te
1011 3852 1215 3908 corpus
1237 3833 1805 3907 sumpturum,Virgo.
1828 3851 1857 3887 a
1882 3832 2170 3903 corporeis

588 3930 885 3986 affectibus
934 3930 1108 3984 libera
1158 3936 1397 3984 mentem
1445 3942 1796 3998 meam,qua:
1826 3926 2169 3996 incorporeis

588 4023 804 4094 angelis
847 4031 1095 4091 przcstas.

692 4116 805 4171 Οιίε
841 4116 899 4171 γ.
949 4115 1156 4171 Divina:
1186 4114 1641 4185 manifestalionis
1669 4123 1795 4177 tum,
1828 4111 2059 4169 Christe.

655 4208 785 4276 Qui,
819 4220 870 4263 te
895 4209 1139 4264 nondum
1163 4209 1370 4281 genito,
1403 4206 1751 4277 splendorem
1785 4206 2169 4277 l’nlgoremque

582 4301 782 4365 animae
802 4310 906 4354 tua:
939 4300 1239 4370 praescivit,
1268 4298 1478 4369 quique
1505 4304 1560 4351 te
1592 4294 1963 4352 sanctiﬁcavit
2009 4304 2166 4350 ante-

583 4408 750 4463 quam
792 4392 846 4446 in
883 4401 1044 4447 utero
1080 4390 1424 4453 formareris,
1459 4399 1652 4445 sancte
1688 4388 1776 4442 vir
1810 4401 1999 4451 auree,
2019 4386 2162 4442 idem

584 4485 731 4538 velut
772 4484 939 4537 alium
972 4483 1263 4539 Jeremiam
1299 4498 1431 4538 sane
1464 4492 1518 4537 te
1551 4482 1769 4554 vigilem
1802 4490 2079 4551 pastorem
2108 4487 2164 4535 et

583 4574 869 4630 custodem
904 4577 1054 4646 gregi
1088 4591 1190 4630 suo
1219 4574 1546 4645 praeposuit.

656 4670 701 4720 Δ
741 4665 877 4727 Deo.
902 4668 1213 4738 paupertati
1246 4676 1451 4724 nostra:
1479 4668 1827 4731 consulente,
1858 4682 2166 4738 pauperum

583 4761 923 4816 constitutus
943 4777 1146 4831 praeses
1161 4770 1215 4817 et
1241 4762 1559 4829 auxiliator,
1576 4771 1631 4817 et
1642 4761 1951 4818 communis
1968 4776 2170 4830 egeno-

582 4869 705 4909 rum
729 4854 1099 4924 providentia,
1118 4855 1361 4926 linguam
1383 4864 1528 4910 tuam
1556 4869 1778 4909 auream
1797 4855 1949 4910 velut
1970 4854 2167 4909 clavim

583 4960 878 5000 avarorum
909 4961 1075 5016 gazas
1102 4954 1159 5002 et
1187 4948 1482 5004 thesauros
1531 4946 1836 5013 reclusisti,
1869 4961 1934 5000 ac
1964 4961 2170 5017 panpe-

581 5038 738 5095 ribus
779 5038 1098 5109 resignasti.

656 5218 851 5277 Merita
884 5217 1192 5278 celeritate.
1242 5215 1552 5285 meritoque
1592 5213 1778 5270 studio
1824 5213 2058 5282 voravit.
2089 5220 2167 5276 te,

582 5322 699 5365 ceu
738 5310 993 5380 angelum
1035 5307 1153 5368 Dei.
1192 5308 1395 5363 ardens
1444 5307 1658 5378 piorum
1704 5321 1895 5378 regum
1929 5305 2066 5360 ﬁdes
2099 5320 2164 5359 ex

583 5401 877 5459 Antiochia
919 5402 1098 5474 Syria:
1128 5410 1183 5458 et
1209 5403 1453 5473 reginam
1485 5400 1768 5457 civitatum
1795 5415 1920 5455 cum
1953 5413 2166 5454 summa

590 5493 785 5563 gloria,
828 5508 953 5561 cum
986 5508 1187 5566 magno
1228 5493 1495 5548 comitatu
1530 5492 1912 5564 condignoque
1956 5491 2167 5546 honore

584 5583 909 5640 deductum.

657 5673 795 5731 Tota
830 5675 1072 5733 civitatis
1103 5677 1278 5748 plebs,
1314 5687 1575 5748 tanquam
1600 5677 1669 5733 ad
1703 5677 1978 5748 publicam
2010 5677 2166 5734 festi-

582 5768 810 5823 vitatem
846 5782 1210 5837 concurrens,
1245 5781 1300 5825 et
1341 5780 1600 5842 tanquam
1645 5771 1713 5827 ad
1760 5772 2164 5828 solemnitatem

587 5860 789 5921 lautitia:
822 5861 1038 5935 plenam
1068 5878 1136 5919 ex
1159 5863 1292 5920 urbe
1325 5865 2016 5935 properansyclamoribus
2050 5866 2147 5922 tibi

2282 3294 2385 3332 σαν
2414 3278 2621 3349 ἔθηκας
2662 3279 2834 3352 βατὴν
2863 3282 2929 3351 τῇ
2974 3278 3341 3352 ἐλεημοσύνη,
3381 3281 3580 3336 άόατον
3602 3275 3763 3335 οὖσαν
3786 3279 3840 3332 τὸ

2279 3371 2434 3442 πρίν.

2349 3463 2458 3518 Τοῦ
2493 3465 2890 3537 ἀρχιποιμένος
2912 3468 3025 3530 τοῖς
3059 3466 3325 3536 νεύμασιν
3352 3467 3381 3520 6
3409 3465 3611 3537 ποιμήν
3632 3468 3660 3520 6
3692 3466 3837 3529 καλιις

2276 3556 2427 3622 ἄξιον
2457 3557 2819 3628 παραστάτην
2846 3558 3117 3627 προσάγει
3145 3575 3204 3611 σε
3241 3557 3323 3628 τῷ
3358 3557 3587 3628 βήματι,
3618 3557 3709 3611 τδν
3734 3556 3837 3626 μετ’

2275 3647 2335 3700 οὗ
2374 3646 2509 3701 πολὺ
2549 3647 2659 3701 τῶν
2687 3649 2963 3719 ποιμένων
2990 3650 3168 3721 μέγαν
3202 3649 3485 3719 ἐσόμενον.

2348 3741 2687 3795 Θεοτοκίον.
2712 3770 2786 3784 —
2815 3743 3218 3814 Σωματοφόρον
3264 3744 3359 3797 τὸν
3394 3728 3687 3812 ἀσώματον
3707 3741 3836 3794 ἀτω-

2277 3832 2449 3902 μάτου
2481 3836 2629 3904 φωνῇ
2662 3835 2979 3905 γεννήσασα
3002 3878 3016 3899 ,
3052 3836 3296 3906 Παρθένε
3320 3877 3338 3903 ,
3373 3834 3699 3905 σωματικῶν
3732 3834 3835 3904 δρέο

2274 3922 2411 3987 ξεων
2437 3922 2600 3995 ῥῦσαί
2629 3941 2732 3994 μου
2763 3925 2853 3977 τὸν
2880 3924 3026 3990 νοῦν,
3058 3925 3367 3995 ἀσωμάτων
3395 3924 3638 3993 ἀγγέλων
3677 3924 3836 3992 ὕπερο

2270 4015 2489 4085 ἔχουσα.

2532 4105 2675 4177 ᾭδὴ
2707 4106 2787 4162 E'.
2823 4108 3190 4177 Bsogaarst'ac
3229 4123 3368 4169 σου,
3398 4106 3636 4176 Χρωτέ.

2352 4197 2415 4250 '0
2437 4197 2545 4269 πρὸ
2574 4199 2888 4268 γεννήσεως
2910 4198 3067 4262 εἰδὼς
3091 4200 3154 4253 τὸ
3174 4199 3486 4271 χρυσαυγὲς
3511 4198 3603 4253 καὶ
3626 4196 3834 4263 φαιδρὸν

2268 4288 2372 4358 τῆς
2397 4288 2580 4359 ψυχῆς
2612 4307 2732 4351 σου,
2766 4291 2862 4344 καὶ
2888 4290 2995 4370 πρὸ
3020 4288 3114 4343 τοῦ
3145 4289 3455 4358 πλασθῆναι
3485 4293 3543 4343 ὲν
3566 4291 3630 4359 τῇ
3666 4290 3833 4357 μήτρᾳ

2272 4397 2332 4434 σε
2366 4380 2624 4449 ἁγιάσας.
2652 4381 2776 4450 ἅγιε
2815 4382 3125 4453 πάγχρυσε,
3154 4381 3231 4446 ὡς
3257 4383 3549 4452 προφήτην
3573 4381 3721 4436 ἄλλον
3745 4395 3830 4431 σσ-

2269 4473 2386 4542 φῶς
2419 4473 2694 4544 Ἰερεμίαν
2722 4491 2781 4527 σε
2807 4473 3089 4547 ἄγρυπνον
3112 4474 3347 4543 ποιμένα
3385 4474 3482 4528 καὶ
3513 4472 3721 4543 φύλακα
3743 4471 3830 4538 τῆς

2200 4573 2244 4628 D
2273 4564 2440 4619 αὐτοῦ
2472 4565 2711 4637 ποίμνης
2738 4568 3128 4639 προϐάλλεται.

2352 4656 2490 4711 Ὑπὸ
2511 4657 2647 4713 Θεοῦ
2674 4660 3083 4732 προχειρισθεὶς
3106 4660 3202 4714 τοῦ
3226 4660 3328 4730 τὴν
3349 4659 3510 4732 ήμῶν
3532 4660 3829 4721 ὑπελθόντος

2270 4751 2550 4823 πτωχείαν
2573 4793 2589 4817 ,
2624 4754 2734 4807 τῶν
2768 4755 3001 4825 πτωχῶν
3034 4754 3347 4827 προστάτης
3386 4755 3483 4807 καὶ
3511 4755 3825 4826 ὑπέρμαχης.

2270 4845 2369 4899 καὶ
2391 4844 2549 4915 κοινὴ
2576 4847 2830 4917 πενήτων
2872 4847 3223 4918 προμήθεια,
3258 4845 3519 4918 ἐμϐαλὼν
3549 4846 3626 4910 ὡς
3668 4846 3826 4899 κλεῖδα

2271 4937 2481 5008 χρυσῆν
2518 4936 2772 5006 γλῶσσαν
2805 4938 2905 5010 τὴν
2933 4940 3253 5010 πάγχρυσον
3283 4941 3397 5002 τοῖς
3430 4938 3541 4992 τῶν
3585 4936 3826 5007 φιλαργὺ-

2273 5046 2385 5100 ρων
2434 5029 2683 5100 ταμείοις
2734 5032 2829 5085 καὶ
2860 5031 3191 5103 θησαυροῖς,
3232 5030 3450 5103 ήνοιξας
3492 5030 3665 5085 ταῦτα
3700 5047 3825 5084 πτω-

2269 5123 2403 5191 χοῖς.
2498 5162 2505 5165 ν

2339 5213 2589 5285 Συντόνῳ
2615 5214 2771 5284 τάχει
2795 5215 2892 5268 καὶ
2938 5214 3143 5286 σπουδῇ
3179 5215 3364 5278 πίστις
3393 5214 3577 5285 θερμὴ
3609 5213 3825 5268 εὐσεϐῶν

2271 5303 2538 5375 βασιλέων
2585 5306 2644 5371 ἐξ
2691 5306 3029 5378 Ἀντιοχείας
3075 5308 3179 5376 τῆς
3226 5307 3430 5376 Συρίας
3476 5323 3539 5360 σε
3584 5308 3715 5378 πρὸς
3742 5306 3828 5377 τὴν

2270 5394 2520 5466 βασιλίδα
2548 5397 2660 5450 τῶν
2686 5398 2915 5464 πόλεων,
2946 5398 3086 5470 μετὰ
3122 5399 3283 5467 δόξης
3310 5399 3394 5452 ὅτι
3440 5397 3666 5469 πολλῆς,
3690 5398 3830 5471 δορυο

2268 5485 2465 5558 φορίας
2489 5504 2551 5541 τε
2587 5488 2682 5542 καὶ
2707 5490 2874 5561 τιμῆς
2905 5491 3001 5544 καὶ
3026 5489 3348 5563 πρεπούσης
3376 5489 3591 5553 εὐκτῶς
3606 5489 3686 5554 ὡς
3709 5487 3828 5544 Θεοῦ

2267 5577 2500 5649 ἄγγελον
2521 5580 2695 5635 ἔθετο.

2348 5684 2410 5738 '0
2442 5687 2551 5750 πᾶς
2571 5686 2673 5759 τῆς
2702 5688 2913 5754 πόλεως
2935 5688 3065 5751 λαὸς
3093 5689 3169 5754 ὼς
3193 5690 3275 5754 είς
3296 5691 3483 5763 κοινὴν
3504 5689 3697 5763 ἑορτὴν
3719 5707 3825 5744 συνο

2265 5776 2583 5847 δραμόντες,
2614 5779 2709 5833 καὶ
2738 5779 2815 5843 ὡς
2852 5781 2931 5844 είς
2975 5781 3284 5854 πανήγυριν
3317 5782 3662 5854 χαρμόσυνον
3694 5781 3826 5847 ἐξελ

2268 5869 2450 5933 θόντες
2486 5868 2592 5936 ἔξω
2620 5871 2715 5926 τοῦ
2738 5871 2968 5941 ἄστεως,
2995 5873 3135 5944 μετὰ
3174 5874 3388 5946 κρότων
3415 5874 3731 5948 περιχαρῶς
3758 5889 3825 5927 σοι
