4026 6414
185 417 317 485 1381

1208 424 1525 486 HYMNUS
1565 425 1647 485 IN
1688 425 1751 484 S.
1784 422 2435 487 CHRYSOSTOMUM.

3314 420 3452 489 1332

186 534 635 606 προηπήντησαν,
664 532 1043 606 ἐπιϐατηρίων
1080 533 1397 606 ποιούμενοι
1430 539 1766 610 προπομπήν

1893 538 2160 595 :xsultans
2184 540 2349 596 obvia
2375 541 2549 604 venit,
2585 548 2639 595 et
2664 539 2809 595 inter
2843 538 3072 596 festivos
3094 536 3298 609 gradus
3322 555 3453 611 pro—

186 644 269 679 σοι
293 628 618 683 ἐπεισόδιον.

253 717 583 773 Θεοτοκίον.
617 749 689 761 —-
716 719 869 791 Μόνη
904 720 961 773 έν
994 721 1199 787 πάσαις
1225 726 1441 792 γενεαῖς
1464 724 1760 797 ὑπερφυῶς

182 811 280 864 καὶ
309 810 587 882 Παρθένος
640 812 736 865 καὶ
779 814 980 885 Μήτηρ
1030 816 1414 886 χρηματίζεις,
1466 817 1756 885 Δέσποινα,

1866 629 2147 685 cedentem
2186 632 2243 686 in
2269 632 2559 712 civitatem.
2583 632 2836 687 deduxit.

1940 721 2293 792 Deiparae.—-
2318 724 2445 779 Sola
2501 739 2567 779 ex
2603 724 2867 778 omnibus
2910 721 3178 793 singulari
3228 736 3455 777 munere

1868 812 2036 886 Virgo
2062 814 2228 871 simul
2249 823 2304 870 et
2330 815 2502 870 Mater
2524 817 2763 877 vocaris,
2785 813 3037 878 Domina,
3067 830 3191 883 quae
3220 828 3453 884 puerum

181 903 496 973 γεννήσασα
559 902 761 982 βρέφος
821 905 1149 976 προαιὼνιον
1201 906 1453 978 ἄχρονον,
1498 910 1761 981 γεννηθὲν

1893 910 2104 976 genuisti
2159 914 2285 964 ante
2340 909 2541 964 smcula
2594 923 2660 963 ac
2725 917 2976 976 tempora
3031 906 3449 969 subsistentem,

185 991 287 1062 μὲν
319 993 383 1045 έκ
421 992 516 1046 τοῦ
576 994 788 1065 [ἰατρὸς
834 994 963 1049 ἄνευ
1006 996 1214 1069 μητρὸς
1261 998 1368 1070 πρὸ
1418 1000 1662 1064 παντός·
1697 1003 1764 1056 ἐκ

1893 1010 2000 1068 mle
2059 1001 2243 1057 omnia
2278 1002 2521 1073 genitum
2577 1015 2643 1053 ex
2691 1008 2846 1070 patre
2876 1000 2997 1054 sine
3027 1007 3223 1065 matre,
3289 1014 3354 1053 ex
3401 1007 3454 1055 te

184 1083 280 1137 σοῦ
295 1084 411 1228 θιέῆς
468 1086 676 1158 μητρὸς
706 1086 781 1151 ὡς
827 1084 936 1141 οἶδε
966 1087 1108 1158 μετά
1147 1088 1210 1142 τὸ
1256 1091 1365 1144 πᾶν
1404 1090 1527 1162 δίχα
1559 1092 1764 1163 πατρὸς

184 1192 288 1228 κυη
359 1193 408 1228 ν.

182 1192 408 1247 κυηυεν.

786 1292 927 1364 ’ῼδὴ
991 1297 1083 1363 ς’.
1113 1335 1129 1352 .
1164 1336 1180 1352 .

269 1404 582 1471 ’Δνατείλας
603 1401 692 1462 οἷα
713 1408 1101 1479 χρυσαυγίζων
1125 1410 1277 1481 ἥλιος
1310 1412 1406 1465 καὶ
1424 1412 1763 1484 χρυσοφαὴς,

184 1493 265 1560 ὡς
289 1498 355 1551 ἐκ
388 1498 597 1553 παστοῦ
631 1500 890 1570 νυμφίος,
928 1503 987 1555 ὲν
1014 1500 1094 1571 τῷ
1127 1501 1251 1573 ὕψει
1288 1504 1367 1576 τῷ
1400 1505 1500 1575 τῆς
1539 1505 1767 1576 Ἐκκλη-

186 1584 311 1649 σίας
342 1590 571 1660 χρυσαῖς
596 1589 778 1642 ἀκτῖσι
797 1589 897 1659 τῆς
921 1589 1270 1655 διδασκαλίας
1291 1608 1387 1644 σου
1415 1591 1768 1662 κατεχρύσω-

185 1693 289 1741 σας
316 1683 416 1749 τὴν
442 1680 625 1734 πᾶσαν
645 1681 844 1743 κτίσιν,
872 1681 969 1735 καὶ
991 1682 1349 1748 διεσκέδασας
1370 1682 1491 1755 ἔαρι
1520 1683 1769 1757 μυστικῷ

182 1771 277 1826 τὸν
314 1772 487 1844 βαρὺν
514 1774 761 1845 χειμῶνα
786 1773 898 1827 τῶν
928 1774 1219 1845 αἱρέσεων.

1871 1100 2052 1147 autem
2086 1099 2259 1147 matre
2287 1098 2474 1162 postea
2503 1098 2686 1145 ortum
2728 1087 2938 1158 absque
2977 1096 3153 1157 patre.

2543 1288 2653 1345 Ode
2708 1287 2777 1342 VI
2786 1329 2801 1343 .

1944 1408 2146 1463 Oriens
2164 1408 2309 1462 velut
2340 1406 2419 1462 sol
2449 1421 2588 1461 auro
2612 1405 2828 1476 fulgens
2844 1412 2897 1460 et
2929 1392 3273 1473 splendidus,
3306 1402 3454 1457 Veltll

1873 1502 2113 1571 Sponsbs
2140 1515 2205 1555 ex
2240 1501 2521 1563 thalamo,
2582 1498 2636 1551 in
2692 1512 2909 1550 summa
2967 1494 3213 1549 Ecclesia
3269 1494 3452 1547 aureis

1875 1594 2141 1649 doctrina:
2172 1600 2278 1645 tuas
2309 1591 2479 1645 radiis
2513 1605 2730 1643 omnem
2759 1596 3075 1643 creaturam
3106 1585 3451 1647 illuminasti,

1875 1694 1930 1741 et
1961 1685 2193 1755 mystica
2226 1690 2415 1736 arstate
2462 1695 2686 1751 gravem
2732 1679 3040 1734 haereseum
3080 1678 3317 1733 hiemem
3360 1676 3455 1731 de-

1876 1774 2087 1845 pulisti.

257 1865 595 1936 Κατεπλάγη
662 1865 938 1937 βασιλεὺς,
996 1867 1092 1921 καὶ
1138 1867 1333 1939 δῆμος,
1372 1868 1469 1922 καὶ
1521 1869 1712 1940 ίερέων
1740 1871 1768 1924 δ

1947 1864 2246 1936 Obstupuit
2285 1881 2378 1919 rex
2400 1908 2415 1931 ,
2449 1872 2503 1919 et
2538 1864 2810 1934 populus,
2845 1870 2899 1916 et
2931 1861 3283 1917 sacerdotum
3320 1860 3455 1915 clio-

186 1957 349 2028 χορὸς
384 1957 622 2029 ὁρῶντες
647 1957 921 2030 ἀριδήλως
958 1958 1052 2012 τοῦ
1093 1960 1352 2031 λαμπροῦ
1400 1962 1495 2015 καὶ⁸
1526 1961 1771 2032 καθαροῦ

187 2046 307 2119 βίου
330 2050 431 2120 τὴν
458 2050 767 2121 μαρτυρίαν
794 2049 1108 2121 φερομένην
1134 2038 1342 2104 ἄνωθέν
1374 2067 1389 2083 ο
1414 2052 1443 2104 ό
1471 2053 1529 2105 έν
1560 2053 1773 2123 οὐρανῷ

174 2139 381 2202 ,πιστὸς
403 2139 511 2211 γὰρ
541 2140 752 2213 μάρτυς
783 2139 1247 2212 ὲπεμαρτύρησεν
1284 2142 1360 2207 ὡς
1396 2144 1467 2197 τά
1497 2143 1676 2199 πάντα
1697 2147 1773 2197 εί-

182 2229 294 2296 δῶς
325 2236 394 2305 τῇ
423 2233 720 2305 ὡραιότητι
742 2234 851 2288 τῶν
873 2233 1096 2306 τρόπων
1131 2252 1251 2291 σου.

262 2325 349 2379 Τὰ
380 2325 452 2379 σὰ
496 2327 651 2398 χείλη
690 2325 1011 2398 ΙΙνεύματος
1055 2329 1212 2397 ἁγίου
1258 2330 1451 2399 γέγονε
1504 2329 1644 2400 λύρα
1674 2348 1775 2402 μυ-

186 2419 378 2490 στικὴ,
409 2421 506 2473 καὶ
553 2420 857 2490 μελουργὸς
907 2421 1111 2492 κιθάρα
1159 2424 1533 2495 παναρμόνιον
1571 2426 1773 2497 ᾅδουσα

182 2511 376 2581 μέλος,
430 2512 688 2583 μουσικὸν
736 2510 910 2584 ᾆσμα,
956 2513 1179 2586 λιγυρὸν
1237 2515 1511 2587 ἀπήχημα
1560 2519 1627 2588 τῇ
1685 2519 1775 2571 εύ-

189 2599 390 2673 ρύθμῳ
440 2603 685 2677 γλυκερᾷ
741 2604 1027 2677 συνθήκης
1078 2605 1174 2658 καὶ
1234 2604 1313 2677 τῷ
1370 2607 1616 2679 χαρίεντι
1676 2610 1775 2679 τῆς

183 2694 299 2747 τῶν
329 2695 524 2763 φωνῶν
554 2696 879 2768 συμπλοκῆς
911 2696 1180 2767 θέλγουσα
1206 2698 1387 2770 ψυχὰς
1415 2700 1509 2754 καὶ
1536 2699 1775 2771 καθηδύ-

188 2802 383 2844 νουσα.

271 2878 614 2950 Ῥητορεύων
671 2879 899 2944 ἔπεισας
950 2880 1215 2953 ἀπείρους
1279 2880 1469 2951 φίλους
1518 2881 1775 2950 γενέσθαι

189 2971 287 3026 τοῦ
318 2970 476 3035 Θεοῦ,
500 2972 597 3025 καὶ
629 2972 834 3042 ἀρετῆς
860 2974 1117 3043 ἐργάτας,
1148 2973 1245 3027 καὶ
1288 2975 1476 3045 μάκαρ
1499 2974 1621 3044 ὅρος
1644 2975 1777 3043 γλυο

190 3064 407 3132 κασμὸν
433 3063 719 3131 σταλάζον,
742 3066 806 3119 σὺ
830 3065 950 3119 θεία
966 3066 1158 3137 δρόσος
1177 3067 1471 3137 οὐρανόθεν
1502 3068 1777 3120 πίπτουσα

192 3156 290 3210 καὶ
350 3157 639 3211 πιαίνουσα
691 3156 880 3228 ψυχῶν
936 3157 1218 3230 ἀρούρας·
1262 3159 1342 3213 διὸ
1370 3161 1419 3213 οί
1476 3159 1624 3229 λόγοι
1681 3177 1775 3213 σου

1876 1975 1969 2015 rus
1997 1959 2231 2013 videndo
2260 1973 2451 2026 puram
2490 1957 2876 2024 illustremque
2907 1955 3073 2007 vitam
3111 1953 3178 2007 de
3209 1967 3456 2022 superno

1875 2053 2169 2108 manifeste
2209 2050 2625 2117 conﬁrmatam;
2657 2056 2894 2103 testatus
2927 2054 3011 2101 est
3043 2047 3189 2100 enim
3237 2062 3452 2101 tuorum

1876 2154 2095 2200 tuartun
2137 2144 2535 2213 praestantiam,
2587 2141 2681 2212 qui
2743 2141 2796 2194 in
2848 2140 2989 2194 caelo
3047 2137 3206 2192 testis
3256 2137 3455 2206 ﬁdelis,

1876 2248 2063 2309 utpote
2091 2239 2339 2292 omnium
2372 2236 2652 2292 conscius.

1946 2332 2112 2388 Facta
2146 2341 2271 2387 sunt
2309 2331 2451 2384 labia
2485 2337 2576 2384 tua
2611 2316 2843 2399 mystica
2887 2326 3007 2397 lyra
3046 2325 3222 2381 sancti
3277 2323 3456 2396 Spiri-

1876 2431 1986 2489 lus,
2015 2433 2063 2478 et
2098 2421 2283 2478 suavis
2313 2421 2524 2475 cithara
2555 2419 2892 2475 concinnum
2911 2432 3138 2472 carmen
3166 2432 3455 2482 resonans,

1875 2517 2034 2570 dulce
2059 2530 2306 2577 carmen,
2340 2522 2535 2583 arguta
2566 2510 2911 2574 resonantia,
2944 2507 3189 2577 jucunda
3215 2522 3455 2561 concen-

1875 2615 1968 2661 tus
1994 2605 2392 2670 modulatione,
2422 2612 2476 2658 et
2501 2611 2652 2673 grata
2676 2616 2872 2656 vocum
2903 2598 3282 2654 concinnitate
3307 2613 3459 2652 men-

1877 2709 1962 2753 tes
1991 2698 2194 2769 jnvans
2232 2705 2287 2753 et
2317 2710 2596 2751 recreans.
2640 2753 2651 2766 I
2873 2696 2876 2699 λ

1950 2871 2314 2927 Sermonibus
2336 2869 2560 2926 suasisti
2586 2869 2827 2925 indoctis
2844 2874 2904 2923 ut
2923 2866 3086 2922 amici
3118 2855 3312 2921 ﬁerent
3340 2864 3458 2929 Dei,

1877 2972 1931 3017 et
1961 2964 2188 3018 virtutis
2220 2971 2564 3033 operatores,
2590 2971 2648 3016 tu
2679 2976 2840 3015 mons
2881 2960 3072 3015 beatus
3105 2957 3457 3011 dulcedinem

1878 3058 2121 3123 stillans,
2148 3064 2206 3110 tu
2231 3056 2456 3110 divinus
2486 3070 2579 3109 ros
2618 3052 2688 3107 de
2714 3052 2855 3107 caelo
2889 3054 3096 3106 cadens
3145 3060 3200 3105 et
3245 3050 3458 3103 anima-

1883 3166 2006 3205 rum
2066 3164 2292 3219 campos
2341 3146 2786 3218 pinguel’aciens.
2831 3143 3013 3209 Quare
3062 3156 3348 3197 sermones
3380 3139 3459 3194 tui

190 3244 459 3316 ὤφθησαν
501 3250 616 3312 τοῖς
660 3221 809 3312 λαοίς
864 3221 1089 3319 μέλιτος
1134 3249 1500 3320 γλυκύτεροι,
1550 3221 1774 3322 ¹Χρυσό-

1893 3242 2098 3313 populis
2127 3242 2230 3296 visi
2261 3249 2393 3297 sunt
2429 3221 2591 3291 melle
2612 3235 2917 3325 dulciores,
2955 3233 3371 3303 Chrysostome.

193 3352 387 3409 στομε.
1104 3396 1116 3407 θ

266 3433 607 3488 Θεοτοκίον.
663 3463 731 3475 -
786 3433 953 3504 "Ope;
1012 3436 1154 3500 πῖον,
1216 3436 1502 3506 πάγχρυσε
1554 3435 1773 3507 λυχνία,

194 3524 404 3595 στάμνε
439 3524 534 3579 τοῦ
569 3527 745 3596 μάννα
772 3526 876 3595 τῆς
912 3566 926 3581 .
961 3562 979 3581 .
1008 3566 1024 3581 .
1051 3569 1066 3592 ,
1106 3529 1552 3599 παγχρυσωμένη
1588 3530 1729 3601 πύλη
1758 3571 1775 3595 ,

192 3616 581 3685 ἀκατάφλεκτε
621 3618 871 3689 πυρφόρε
921 3616 1071 3688 βάτε,
1112 3617 1321 3689 ἔμψυχε
1362 3618 1539 3689 θρόνε,
1581 3620 1780 3691 ούρανὲ

193 3707 512 3774 πολύφωτε,
561 3708 877 3781 περιώνυμε
931 3709 1171 3780 Χριστοῦ
1232 3710 1512 3781 καθέδρα,
1566 3713 1781 3779 παστὰς

195 3817 227 3871 χ
237 3800 798 3871 ρυσόπλοκε,εύωδίας
822 3802 997 3875 πηγὴ,
1023 3805 1287 3876 σκήνωμα
1307 3804 1465 3867 Θεοῦ,
1490 3804 1780 3872 Δέσποινα,

199 3890 380 3946 σῶσόν
411 3909 501 3964 με.

569 4007 708 4078 ’ῼδὴ
732 4008 810 4063 Z'.
844 4009 1183 4078 Ἇςοραστον
1200 4010 1418 4081 θαῦμα.

270 4119 506 4189 Συχναῖς
554 4119 733 4174 λιῦάσι
799 4120 896 4173 καὶ
948 4120 1278 4192 ὲπομόρέαις
1299 4120 1406 4174 τῶν
1462 4122 1640 4192 λόγων
1688 4142 1781 4178 σου

199 4210 501 4283 ἀρδομένη,
532 4207 620 4265 οἷα
645 4210 853 4283 λιπαρά
875 4211 970 4264 καὶ
994 4209 1206 4280 εὔγειος
1234 4212 1328 4282 γῆ,
1355 4212 1602 4268 δέδεκται
1628 4215 1785 4268 πολυ-

202 4304 425 4374 φόροςὴ
457 4302 778 4373 Ἐκκλησία,
806 4301 1237 4374 καρποφοροῦσα
1271 4303 1483 4377 ἀρετῶν
1512 4304 1785 4379 διαφόρων

203 4397 592 4469 παγκαρπίαν.

278 4488 397 4554 Νὺξ
425 4489 665 4561 ἀθυμίας
689 4489 784 4543 καὶ
806 4488 1108 4559 κατηφείας
1131 4489 1464 4560 σκοτόμαινα
1487 4490 1548 4556 ἐξ
1571 4491 1788 4563 αἰθρίας

1950 3418 2214 3487 Deiparw.
2242 3447 2313 3458 —
2342 3415 2500 3470 Mnus
2554 3413 2808 3485 pinguis,
2851 3412 3081 3467 lucerna
3120 3425 3311 3477 aurea,
3358 3424 3462 3462 vas

1880 3526 2216 3574 manare"...
2281 3508 2451 3579 janua
2508 3522 2708 3569 aurea,
2779 3503 2955 3559 rubus
3000 3517 3218 3572 semper
3257 3500 3463 3555 ardens

1880 3611 1937 3658 et
1966 3617 2246 3670 nunquam
2293 3599 2739 3663 consumendus,
2777 3596 3010 3651 thronus
3037 3595 3223 3656 vivus,
3259 3594 3459 3648 caelum

1881 3693 2420 3766 splendidissinmm,
2459 3692 2841 3747 illustrissima
2868 3689 3077 3745 Christi
3108 3687 3293 3752 sedes,
3330 3689 3459 3741 tha-

1882 3787 2061 3841 lamus
2110 3800 2247 3840 auro
2297 3786 2570 3857 implexus
2602 3823 2619 3847 ,
2656 3784 2782 3839 fons
2813 3781 3178 3853 fragrantium
3208 3782 3462 3847 odorum,

1881 3880 2303 3937 tabernaculum
2335 3880 2456 3941 Dei,
2481 3878 2735 3941 Domina,
2761 3892 2921 3933 serva
2959 3892 3065 3933 me.

2186 3995 2300 4051 Ode
2342 3992 2473 4049 VII.
2518 3990 2801 4061 Ine/fabiie
2834 3990 3178 4044 miraculum.

1954 4110 2249 4182 Frequenti
2280 4124 2406 4165 rore
2434 4116 2489 4162 et
2524 4107 2700 4161 imbre
2741 4118 3061 4159 sermonum
3095 4111 3313 4156 tuorum
3340 4101 3466 4156 irri-

1886 4213 2037 4272 gata,
2072 4203 2221 4258 velut
2264 4199 2486 4271 pinguis
2517 4198 2677 4251 tellus
2716 4204 2771 4250 et
2806 4194 2961 4260 felix,
3001 4193 3230 4262 juvatur
3266 4193 3464 4249 fertilis

1886 4295 2157 4361 Ecclesia,
2214 4304 2270 4350 et
2320 4295 2607 4348 variarum
2645 4288 2918 4342 virtutum
2974 4284 3248 4340 fructibus
3301 4301 3465 4339 exor-

1960 4479 2031 4533 At
2055 4477 2239 4534 subito
2280 4490 2389 4531 nox
2429 4472 2840 4545 desperationis
2883 4479 2937 4526 et
2988 4469 3211 4526 ruboris
3263 4468 3465 4539 caligo,

202 4559 666 4656 ἡμεροφαὴντὴν
706 4579 927 4652 νύμφην
958 4580 1196 4652 Χριστοῦ
1235 4559 1435 4651 αἴφνης
1482 4559 1779 4636 κατεκάλυ·

1893 4569 2023 4624 dum
2068 4577 2266 4622 cuncta
2326 4579 2556 4626 serena,
2618 4563 2889 4616 illustrem
2950 4559 3157 4616 Christi
3211 4573 3467 4629 sponsam

202 4679 331 4748 ψεν,
382 4675 736 4731 ἀποϐαλοῦσα
779 4674 872 4728 τὸν
924 4674 1098 4746 μέγαν
1136 4691 1196 4728 σε
1241 4674 1509 4748 φωστῆρα
1553 4677 1789 4751 ἐπηρείᾳ

205 4768 307 4824 τοῦ
340 4770 599 4841 ἄρχοντος
618 4768 713 4823 τοῦ
749 4786 837 4823 σα.
873 4808 890 4823 .
928 4808 942 4821 .
1650 4794 1651 4797 η

285 4864 573 4933 ’Δρπαγες
601 4862 754 4915 λύκοι
784 4860 1063 4931 ποιμένων
1092 4860 1364 4930 πρόσωπα
1399 4858 1659 4929 φέροντες
1696 4858 1791 4911 καὶ

208 4955 504 5027 προὸἀτων
532 4953 730 5019 ἔξωθεν
756 4953 919 5022 δορὰν
937 4991 953 5015 ,
985 4952 1087 5022 τὴν
1121 4951 1409 5017 ἀλωπεκῆν
1439 4949 1548 5003 ἔσω
1576 4950 1791 5004 ἔνδοθεν

209 5046 272 5101 δὲ
301 5045 659 5117 κρύπτοντες,
689 5045 783 5097 καὶ
807 5043 883 5113 τῷ
908 5042 1087 5113 κωδίῳ
1110 5042 1478 5104 καλύπτοντες
1503 5042 1596 5095 τὸν
1626 5042 1790 5114 θῆρα,

210 5138 307 5193 τδν
341 5136 504 5191 καλόν
528 5154 587 5189 σε
624 5136 949 5205 κατέκριναν
984 5134 1242 5203 ποιμένα.

286 5231 449 5301 Χήρα
496 5228 748 5297 καθάπερ
795 5226 1146 5297 βαρυπενθὴς
1192 5225 1288 5279 καὶ
1332 5225 1673 5296 πολύδακρυς
1703 5226 1796 5278 τὸν

213 5325 450 5393 νυμφίον
479 5340 536 5376 σε
565 5323 654 5377 τὸν
684 5321 886 5390 ἑαυτῆς
910 5319 1148 5390 ζητοῦσα
1178 5319 1392 5391 πικρῶς
1415 5318 1621 5382 ἔστενε,
1650 5320 1795 5389 Χρυ-

217 5418 474 5488 σόστομε,
525 5416 560 5486 ή
594 5404 916 5483 Ἐκκλησία,
947 5412 1090 5481 ἣτις,
1135 5410 1224 5465 διὰ
1266 5411 1367 5482 τὴν
1442 5412 1619 5481 χήραν
1644 5453 1657 5476 ,
1697 5410 1796 5483 τὴν

216 5510 459 5584 χωρείαν
486 5508 583 5581 τὴν
606 5509 783 5579 ἄωρον
822 5506 1054 5576 ὑπέστη.

294 5604 630 5658 Θεοτοκίον.
663 5629 732 5642 --
766 5600 827 5653 '0
867 5600 1028 5666 μόνος
1060 5598 1262 5670 κρίνων
1289 5598 1640 5670 δικαιοσύνην
1665 5598 1797 5651 ἑκά-

222 5695 376 5749 θισεν
394 5692 487 5746 ἐπὶ
520 5691 732 5763 θρόνου,
762 5690 1032 5744 Δέσποινα
1056 5706 1070 5719 ·
1101 5688 1328 5762 καὶγὰρ
1359 5692 1424 5744 ὲκ
1458 5687 1552 5743 σοῦ
1580 5705 1799 5761 σαρκω-

226 5786 341 5850 θεὶς
370 5785 561 5856 θρόνον
595 5800 654 5837 σε
695 5783 1047 5853 πυρίμορφον
1078 5780 1305 5847 ἔδειξεν,
1336 5782 1460 5837 ὅθεν
1496 5783 1552 5835 ὲν
1576 5781 1799 5846 κόλποις

230 5878 463 5952 κάθηταί
501 5893 621 5945 σου,
651 5874 728 5939 ὡς
757 5876 817 5931 ιν
843 5873 1018 5947 θρόνῳ
1044 5872 1442 5947 βρεφοπρεπῶς
1474 5875 1632 5946 ἁγίῳ.

1891 4660 2219 4723 obscurant,
2274 4653 2657 4726 dejieiuntque
2717 4658 2771 4706 te
2828 4650 3045 4720 fulgens
3098 4649 3306 4711 lumen,
3366 4660 3470 4716 ope

1890 4751 2157 4826 principis
2187 4750 2427 4804 Satanm.

1963 4844 2102 4914 Lupi
2132 4857 2364 4912 rapaces
2396 4847 2681 4911 pastorum
2719 4835 2958 4906 speciem
3000 4833 3241 4888 ferentes
3268 4830 3470 4885 extrin-

1893 4952 2055 4994 secus
2079 4944 2134 4991 et
2158 4936 2355 4989 ovilem
2403 4932 2634 5003 pellem,
2680 4929 2832 4982 intus
2870 4937 3053 4980 autem
3094 4924 3337 4992 Iupinam
3376 4936 3473 4976 een

1896 5031 2094 5091 lanles,
2124 5036 2179 5082 et
2212 5026 2412 5081 vellere
2445 5025 2616 5078 feram
2652 5019 3089 5081 dissimulantes,
3114 5015 3388 5085 egregium
3417 5025 3474 5067 te

1895 5133 2171 5196 pastorem
2211 5120 2633 5174 damnaverunt.

1969 5218 2123 5272 Tunc
2144 5229 2243 5269 ceu
2277 5212 2445 5267 vidua
2476 5209 2672 5263 aﬂlicta
2695 5214 2749 5261 et
2781 5204 2988 5260 suffusa
3018 5199 3276 5272 lacrymis
3308 5214 3475 5270 spon-

1897 5286 2017 5368 sum
2050 5325 2209 5366 suum
2254 5304 2435 5367 deﬂet,
2477 5299 2700 5356 dolebat
2733 5306 2786 5352 te
2815 5310 3022 5359 amare,
3054 5293 3471 5361 Chrysostome,

1899 5402 2167 5466 Ecclesia,
2205 5413 2327 5470 quae
2382 5401 2607 5466 propter
2648 5390 2889 5453 viduam,
2948 5385 3067 5456 ipsa
3120 5382 3474 5438 durissimam

1896 5496 2220 5552 viduitatem
2252 5487 2496 5559 pertulit.

1979 5576 2434 5652 Μεγιστία-ριιὶ
2459 5570 2836 5638 solusjndieat
2854 5567 3131 5639 justitiam
3157 5564 3286 5621 fecit
3312 5577 3481 5633 super

1900 5678 2159 5735 thronum
2196 5671 2412 5733 sedere,
2454 5666 2703 5722 Domina.
2734 5662 2869 5718 Nam
2901 5661 2993 5732 qui
3032 5675 3097 5716 ex
3150 5666 3205 5714 te
3251 5670 3477 5712 carnem

1903 5768 2146 5839 suscepit
2170 5765 2431 5819 thronum
2470 5770 2521 5815 te
2560 5760 2779 5831 igneum
2812 5754 3062 5827 praabuit,
3094 5752 3239 5807 unde
3265 5751 3322 5805 in
3351 5751 3477 5803 sinu

1904 5872 1997 5919 tuo
2030 5854 2287 5930 quiescit,
2316 5860 2375 5909 ut
2402 5853 2457 5908 in
2491 5859 2686 5909 sancto
2711 5848 2911 5903 throno
2938 5857 3217 5916 pueroque
3244 5839 3435 5910 digno.
