4026 6476
508 460 647 529 1383
1950 461 2126 521 ADD]

2235 461 2332 522 )A.

744 582 859 640 0d;
902 579 1071 637 VIII.
1112 580 1343 636 Exsulta
1376 582 1632 653 fremens,
1665 580 1876 638 celum.
2120 584 2170 640 Α

576 682 654 738 Te
675 689 953 753 pastorem
987 678 1273 751 egregium
1307 678 1466 733 ducis
1491 677 1569 733 tui
1604 684 1661 733 et
1680 677 1820 748 Δειιὶ
1850 675 2097 731 ἰῐηίιοιοο

509 789 649 842 rem,
682 772 833 827 velut
869 784 1029 825 ovem
1055 776 1109 823 et
1152 768 1380 823 arietem
1423 768 1720 838 insignem,
1756 767 1908 822 velut
1932 765 2096 837 spiri-

2235 767 2398 840 ιμνοῦ
2443 766 2540 821 τδν
2572 766 2855 839 μιμητὴν,
2902 765 2979 830 ὼς
3028 763 3167 836 ἄρνα
3195 764 3292 817 καὶ
3319 760 3474 832 κριὸν
3521 757 3781 829 ἐπίσημον

509 864 676 920 talem
719 877 948 934 agnum,
993 876 1061 916 ne
1096 875 1285 916 vocem
1328 876 1495 915 unam
1545 858 1890 915 emittentem
1922 859 2098 913 scele-

2236 862 2293 914 αὶ
2326 860 2406 925 ὡς
2451 857 2625 931 ἀμνὸν
2660 857 2907 929 λογικὸν,
2938 856 3049 910 οὐδ’
3097 855 3238 921 ὅλως
3286 851 3671 924 κραυγάζοντα
3696 867 3783 903 συ-

511 954 648 1010 ratis
675 954 934 1009 manibus
973 954 1369 1023 corripuerunt
1395 960 1648 1024 pastores
1676 962 1736 1009 et
1772 945 1909 1024 lupi,
1935 959 2100 1022 teque

2235 954 2426 1025 χόντες
2474 950 2763 1023 παλάμαις
2830 948 3200 1022 παλαμνείαις
3267 948 3318 1001 οἱ
3381 946 3642 1017 ποιμένες
3700 946 3785 998 καὶ

514 1045 711 1118 procul
736 1062 768 1101 e
795 1060 957 1117 grege
983 1046 1336 1100 abstulerunt
1368 1045 1579 1115 inique.

2236 1048 2360 1101 ύκοι
2417 1045 2764 1132 πόρρωςτῆς
2813 1044 2916 1115 σῆς
2974 1042 3216 1114 ποίμνης
3272 1041 3331 1093 σε
3369 1037 3641 1111 ἐξώρισαν
3684 1034 3788 1090 i6!-

2203 1160 2337 1206 κως.

3656 453 3775 518 188i

2421 578 2563 651 ᾯδὴ
2586 582 2676 635 H'.
2707 579 3300 649 Ἔκστηθιςρρίττωγ,
3334 573 3579 645 οὐρανέ.

2268 671 2335 725 Σὲ
2372 674 2464 728 τὸν
2493 674 2730 744 ποιμένα
2774 673 2868 727 τὸν
2899 672 3086 736 καλὸν,
3114 670 3212 724 τοῦ
3261 667 3660 739 ἀρχιποιμένος
3694 665 3780 717 καὶ

587 1217 801 1275 Montes
845 1227 901 1273 et
952 1234 1144 1289 rupes,
1188 1227 1242 1273 et
1278 1235 1510 1289 pascua,
1568 1220 1761 1287 valles,
1819 1220 2103 1287 barathra,

2282 1235 2426 1304 Ὀρη
2462 1232 2559 1286 καὶ
2593 1230 2788 1293 νάπαι,
2817 1228 2914 1283 καὶ
2949 1225 3153 1298 βουνοὶ,
3182 1222 3454 1285 κοιλάδες,
3487 1220 3787 1290 φάραγγες,

516 1313 689 1366 maria
731 1320 786 1366 et
821 1312 1073 1376 ﬂumina,
1114 1323 1287 1377 astra,
1347 1313 1476 1367 luna
1522 1321 1576 1367 et
1632 1313 1753 1377 sol,
1804 1313 2005 1367 malum
2052 1320 2107 1368 et

2235 1328 2480 1382 ιάλασσαι
2509 1326 2607 1379 καὶ
2634 1322 2898 1394 ποταμοὶ,
2929 1319 3183 1390 ἀστέρες,
3216 1317 3417 1387 σελήνη
3444 1316 3542 1367 καὶ
3569 1313 3741 1383 ἥλιος,
3765 1315 3791 1365 ό

520 1416 669 1463 terra
707 1416 759 1461 et
793 1407 975 1462 omnis
1007 1419 1259 1462 creatura
1306 1408 1629 1463 contristata
1661 1414 1765 1473 est,
1814 1408 2107 1478 iniquitate

2235 1420 2439 1493 μύρανὸς
2481 1420 2581 1473 καὶ
2614 1420 2649 1489 ή
2682 1421 2777 1487 γῆ,
2835 1416 2933 1470 καὶ
2982 1417 3132 1470 πᾶσα
3173 1413 3507 1481 ἑστύγνασεν
3551 1412 3587 1480 ή
3627 1411 3792 1471 κτίσις

522 1509 800 1555 commota
831 1516 955 1571 qua:
985 1508 1119 1555 tunc
1146 1500 1214 1553 ab
1242 1500 1429 1569 impiis
1455 1500 1839 1556 sacerdotibus
1868 1500 2109 1556 admissa

2235 1515 2515 1585 ,λέγχουσα
2535 1512 2637 1583 τὴν
2668 1511 2789 1565 τότε
2814 1508 3158 1579 πραχθεῖσαν
3188 1505 3421 1577 ἀνομίαν
3448 1503 3555 1574 τὴν
3576 1505 3643 1556 ὲκ
3672 1518 3793 1572 1:9:-

525 1591 650 1646 fnit.
2211 1606 2496 1679 σῦυτέρων
2519 1604 2721 1659 ἀδίκων
2747 1602 3094 1670 ἐξελθοῦσαν.

596 1685 811 1740 Invenit
848 1693 1106 1755 tanquam
1162 1682 1395 1739 alterum
1430 1682 1718 1741 Chrismm
1770 1687 1913 1741 alter
1946 1701 2109 1756 para-

525 1779 727 1848 lyticus
748 1776 954 1832 Christi
974 1777 1310 1847 discipulum
1336 1794 1349 1845 ;
1375 1793 1439 1832 ac
1459 1779 1641 1832 statim
1665 1778 1843 1833 morbi
1863 1780 2111 1834 sanatio-

526 1886 651 1925 nem
686 1871 919 1940 adeptus
945 1879 1050 1927 est.
1098 1870 1201 1925 Ubi
1235 1871 1382 1926 enim
1416 1871 1510 1925 ille
1543 1871 1702 1927 tidem
1741 1872 1944 1927 habere
1987 1871 2109 1943 jus-

2283 1695 2462 1771 Εὗρεν
2505 1697 2583 1761 ὡς
2620 1697 2779 1751 ἄλλον
2826 1712 2886 1749 σε
2920 1692 3161 1764 Χριστὸν
3199 1690 3361 1752 ἀλλος
3427 1687 3794 1762 παραλυτικὸς

2212 1794 2307 1849 τοῦ
2348 1792 2589 1863 Χριστοῦ
2634 1790 2727 1844 τὸν
2774 1788 3028 1859 μαθητήν
3052 1803 3067 1818 ·
3112 1784 3366 1840 ἐντεῦθεν
3408 1778 3538 1854 εὗρε
3572 1781 3670 1835 καὶ
3708 1782 3794 1849 τήν

2220 1888 2366 1941 ἴασιν
2415 1882 2811 1956 παρεπομένην
2845 1879 3009 1943 εὐθύς
3030 1896 3044 1909 ·
3093 1876 3169 1943 ὡς
3198 1878 3357 1948 μόνον
3385 1875 3495 1945 γάρ
3520 1874 3689 1943 ἔφησε
3715 1890 3795 1924 πι-

528 1964 715 2026 sisSct,
773 1978 1080 2033 exsurgens
1140 1962 1434 2018 confestim
1490 1971 1545 2017 et
1607 1964 1809 2017 lectum
1862 1963 2108 2027 tollens,

2497 1937 2700 2043 ἀνέστη
2736 1937 3080 2042 παραχρῆμα
3112 1937 3210 2023 καί
3233 1968 3335 2037 τὴν
3603 1937 3793 2034 sum.

526 2056 757 2112 recessit
785 2056 875 2109 hic
901 2056 1076 2119 lzetus,
1121 2071 1186 2110 ac
1210 2055 1493 2111 Christum
1520 2056 1838 2111 celebrans.

599 2147 669 2203 Ut
707 2151 1219 2220 contemplarentur
1264 2150 1446 2204 lumen
1484 2150 1731 2204 veritatis
1776 2150 1868 2219 qui
1907 2150 1961 2204 in
2013 2149 2116 2204 im-

527 2242 753 2314 pietatis
797 2243 1046 2298 tenebris
1099 2242 1395 2314 degebant,
1450 2251 1504 2296 et
1570 2243 1882 2313 spiritalem
1942 2242 2112 2298 solem

529 2336 694 2391 modo
735 2336 905 2391 Deum
957 2336 1361 2393 conﬁterentur
1401 2338 1496 2408 qui
1548 2338 1801 2394 sensibili
1838 2337 1967 2393 huic
2013 2336 2117 2392 soli

530 2428 944 2493 inserviebam,
1003 2443 1105 2484 ceu
1168 2427 1374 2484 Paulus
1430 2432 1495 2483 all
1546 2430 1877 2501 longinquas
1926 2436 2117 2500 gentes

532 2520 741 2574 missus
776 2534 857 2582 es,
890 2534 991 2575 ceu
1012 2519 1093 2575 sol
1128 2519 1225 2589 qui
1260 2519 1669 2576 incredulitatis
1701 2520 1991 2591 caliginem
2024 2520 2121 2575 de-

534 2621 589 2667 ιιι
599 2613 690 2665 rha
701 2623 801 2667 rct.

607 2704 962 2772 Deiparm.—
991 2704 1067 2760 Te
1108 2706 1379 2775 sapientia
1422 2705 1542 2769 Dei,
1596 2706 1884 2763 verissima
1938 2705 2121 2761 Patris

537 2795 742 2867 imago,
767 2806 822 2851 et
861 2799 1099 2868 sigillum
1130 2798 1312 2853 vivum
1343 2806 1399 2853 et
1428 2799 1793 2863 immutabile,
1827 2800 2123 2854 character

536 2901 855 2953 accuratus,
876 2893 1180 2945 animalum
1204 2890 1509 2946 thalamum
1532 2892 1717 2963 elegit,
1742 2892 1838 2947 Dei
1858 2892 2118 2963 genitrix,

534 2996 604 3037 ex
636 2992 687 3037 te
710 2998 930 3038 carnem
965 2992 1313 3053 sumpturus,
1345 2992 1400 3038 ct
1432 2987 1608 3041 amice
1632 3002 1757 3041 cum
1805 2985 2125 3041 hominibus

538 3084 991 3130 conversaturus.
1020 3074 1133 3130 Ode
1155 3072 1241 3129 IX
1272 3074 1441 3131 deest.

963 3274 1295 3331 JOANNIS
1342 3262 1701 3332 uoluam

682 3365 753 3423 IN
794 3366 1122 3425 SANCTUM
1162 3368 1521 3427 NICOLAUM
1572 3370 1977 3430 MYRENSEM.

864 3461 1067 3517 Desunt
1100 3464 1201 3518 ode
1240 3466 1416 3532 prima
1446 3474 1497 3518 et
1528 3464 1783 3519 secunda.

940 3554 1052 3611 Ode
1080 3553 1201 3611 III.
1240 3556 1311 3611 Te
1336 3573 1491 3625 super
1524 3574 1713 3629 aquas.

611 3643 759 3715 Myra
792 3642 971 3714 Lycise
1020 3648 1209 3717 genuit
1254 3654 1328 3711 te,
1388 3649 1543 3704 beate
1578 3649 1826 3717 Nicolae,
1877 3667 2129 3724 unguen-

544 3742 660 3790 tum
702 3738 1047 3806 pretiosum,
1110 3742 1414 3809 gratiarum
1462 3741 1694 3797 ﬂoribus
1746 3753 1802 3798 et
1858 3748 2128 3800 virtutum

548 3826 876 3897 fragrantia,
908 3830 1218 3884 animarum
1261 3847 1462 3888 sensus
1495 3840 1653 3904 grate
1685 3834 1950 3892 alliciens.

618 4000 793 4059 Habet
824 4015 875 4062 te
915 4005 1215 4064 universus
1263 4010 1502 4066 mundus
1559 4011 1616 4068 in
1668 4014 2130 4072 tribulationibus

545 4106 864 4167 promptum
901 4098 1233 4166 subsidium,
1266 4103 1317 4156 in
1363 4103 1554 4160 dolore
1593 4107 1865 4176 requiem,
1895 4108 1949 4162 in
1981 4108 2133 4163 cala-

547 4191 833 4247 mitatibus
864 4192 1148 4259 solatium,
1202 4195 1256 4249 in
1314 4197 1722 4255 tentationibus
1752 4200 2044 4267 auxilium,
2077 4201 2131 4256 in

547 4285 759 4341 morbis
794 4287 1095 4343 remedium
1129 4288 1391 4356 salutare,
1422 4288 1669 4349 Nicolae.

618 4377 877 4433 Doctrina
907 4378 1162 4437 eruditus
1198 4380 1344 4446 iidei,
1373 4391 1429 4438 et
1459 4399 1489 4437 τι
1528 4386 1760 4457 pueritia
1803 4388 2041 4459 spiritali
2082 4400 2138 4445 et

454 4497 458 4503 -
546 4469 785 4525 candido
817 4473 1040 4543 pietatis
1095 4474 1234 4529 lacte
1287 4476 1558 4541 imbutus.
1614 4495 1744 4535 vere
1792 4481 1958 4536 homo
1989 4494 2134 4553 ‘per-

551 4565 727 4622 fectus
759 4566 937 4624 factus
966 4584 1049 4634 es,
1088 4570 1269 4639 beate,
1303 4583 1355 4628 et
1383 4575 1695 4632 admodum
1723 4579 1906 4633 aatatis
1926 4578 2134 4636 Christi

554 4659 861 4730 proiecisti.

622 4751 883 4823 Vestigiis
922 4753 1225 4812 Salvatoris
1282 4757 1572 4825 insistens,
1606 4777 1714 4818 non
1748 4764 2132 4822 mercenarius

553 4841 730 4907 fuisti,
785 4846 880 4901 sed
918 4847 1103 4916 potius
1146 4847 1329 4905 bonus
1377 4860 1604 4921 pastor;
1645 4855 1847 4910 etenim
1893 4857 2136 4911 animam

555 4947 703 4989 tuam
744 4952 841 5007 pro
869 4939 1066 4995 ovibus
1099 4940 1359 5010 posuisti,
1392 4941 1555 4999 factis
1585 4945 1892 5017 adimplens
1932 4948 2136 5005 Christi

553 5028 937 5099 Evangelium.

624 5120 886 5189 Deiparaz.
941 5152 1012 5162 —
1062 5124 1145 5178 Tu
1199 5126 1506 5196 apparuisti
1567 5128 1741 5184 rubus
1795 5131 1919 5200 igne
1988 5132 2141 5186 invo-

554 5213 724 5279 lutus,
754 5214 1215 5272 celebratissima.
1241 5216 1317 5273 Te
1349 5219 1696 5291 signiﬁcabat
1732 5236 1872 5277 urna
1903 5231 1998 5277 aut
2024 5237 2141 5277 ain-

553 5305 727 5376 phora
763 5321 963 5361 manna
994 5309 1227 5378 repleta,
1261 5310 1639 5377 sanctissima,
1686 5312 1855 5368 De'um
1883 5321 2136 5384 receptu-

552 5409 670 5449 ram
700 5411 717 5461 ;
752 5405 807 5450 tu
838 5398 988 5453 enim
1018 5399 1369 5456 dulcedinem
1389 5401 1630 5460 eﬂudisti
1656 5404 1820 5460 nobis
1849 5405 2140 5476 integerri-

553 5501 714 5544 mam.

857 5620 861 5623 -
925 5582 1039 5640 Ode
1065 5584 1172 5640 IV.
1207 5586 1341 5654 Qut?
1374 5589 1430 5642 in
1465 5605 1622 5645 cruce
1657 5599 1770 5648 tua.

624 5671 708 5728 Ad
778 5674 1221 5734 misericordiam
1265 5691 1320 5736 et
1359 5680 1761 5739 humanitatem
1830 5680 2139 5739 informans

555 5766 825 5832 animam,
864 5767 1112 5826 hilariter
1141 5778 1271 5829 tuas
1305 5789 1439 5845 opes
1491 5775 1781 5844 egentibus
1829 5776 2142 5832 communi-

557 5860 747 5921 cabas,
776 5860 992 5916 viscera
1018 5866 1390 5923 miserationis
1412 5867 1658 5934 indutus,
1695 5869 1841 5927 sicut
1899 5884 2137 5942 magnus

560 5950 766 6009 Paulus
794 5953 1020 6011 clamat.

2219 2086 2342 2131 σας,
2371 2066 2591 2121 ἐόάδισε
2623 2055 2831 2135 χᾶἱρων
2854 2063 2949 2116 καὶ
2974 2059 3211 2132 Χριστὸν
3250 2056 3596 2129 μεγαλύνων.

2290 2164 2411 2215 Ἵνα
2440 2160 2746 2215 θεάσωνται
2779 2156 2841 2210 τὸ
2865 2155 2983 2224 φῶς
3007 2154 3105 2224 τῆς
3127 2152 3479 2215 ἐπιγνώσεως
3503 2151 3554 2202 οἱ
3584 2147 3795 2215 ἀγνοίας

2218 2260 2276 2311 tv
2307 2256 2464 2310 νυκτὶ
2491 2252 2778 2314 τελοῦντες
2801 2290 2817 2314 ,
2848 2250 2945 2303 καὶ
2971 2246 3131 2317 being
3150 2245 3244 2299 τὸν
3269 2245 3420 2315 ήλιον
3452 2242 3665 2314 μάθωσι
3712 2238 3796 2308 μό-

2218 2365 2309 2402 νου
2340 2346 2475 2400 Θεὸν
2504 2345 2555 2397 οἱ
2588 2341 2666 2412 τῷ
2694 2338 2941 2409 αἰσθητῷ
2973 2335 3340 2407 λατρεύοντες
3366 2333 3527 2403 ήλίῳ,
3550 2332 3625 2395 ὡς
3661 2329 3796 2384 Πειῦ⁸

2218 2443 2311 2505 λος
2334 2438 2652 2507 ἀπεστάλης
2680 2439 2760 2498 εἰς
2787 2434 2914 2503 ἔθνη
2950 2431 3173 2503 μακρὰν
3198 2430 3328 2482 ὂντα
3348 2427 3522 2497 ἀχλὺν
3551 2424 3795 2486 ἀπιστίας

2220 2536 2296 2600 ὡς
2331 2535 2483 2606 ἥλιος
2517 2530 2817 2595 σκεδάζων.

2296 2715 2712 2772 Θεοτοκίον.-
2740 2710 2806 2764 Σὲ
2842 2711 2876 2781 ἡ
2906 2708 3067 2777 σοφία
3092 2704 3188 2760 τοῦ
3223 2704 3387 2768 Θεοῦ,
3421 2704 3457 2773 ή
3490 2698 3795 2771 ἀπαράλλα-

2225 2828 2354 2873 κτος
2384 2807 2481 2862 τοῦ
2518 2805 2733 2878 Πατρὸς
2766 2803 2933 2865 ὅντως
2961 2799 3147 2862 εἰκὼν,
3184 2799 3218 2870 ἡ
3250 2797 3403 2862 ζῶσα
3450 2794 3684 2864 σψραγὶς
3712 2788 3797 2843 καὶ

2223 2903 2486 2973 ἀκίνητος
2514 2940 2529 2964 ,
2556 2900 2584 2952 ὁ
2613 2896 2849 2969 ἀκριϐὴς
2876 2891 3167 2965 χαρακτὴρ
3189 2891 3265 2954 ὼς
3293 2888 3537 2960 ἔμψυχον
3570 2885 3796 2951 θάλαμον

2224 2996 2246 3071 [
2278 2990 2626 3068 μονογενὴςῖ
2802 2986 2897 3041 σοῦ
2924 3027 2939 3052 ,
3001 2984 3372 3054 Θεογεννῆτορ
3395 3022 3411 3047 ,
3472 2976 3798 3071 σαρκοιρόρος

2225 3070 2471 3159 προῆλθε
2493 3125 2508 3149 ,
2557 3084 2655 3138 καὶ
2688 3079 3108 3152 συνανεστράςξη
3146 3077 3460 3149 ἀνθρώποις
3504 3070 3794 3145 φιλανθρὼ·

2229 3199 2371 3248 πως.
2407 3177 2549 3252 ᾪδὴ
2574 3179 2631 3232 θ’
2665 3175 2830 3230 deest.

2374 3316 2395 3334 .
2681 3270 2795 3324 ΙΩΑ
2805 3268 2945 3322 ΝΝΟ
2959 3267 3004 3319 Υ
3035 3266 3219 3319 ΜΟΛἉ
3228 3264 3367 3317 ΧΟΥ

2336 3364 2444 3420 ΕΙΣ
2469 3361 2607 3418 ΤοΝ
2637 3360 2847 3416 APION
2880 3358 3245 3425 NIKOAAUN
3281 3356 3419 3410 ἸΙΙΣ
3453 3351 3704 3409 ΜΥΡΑΣ.

2570 3456 2769 3511 Desunt
2804 3451 2901 3507 ode
2928 3452 3104 3520 prima
3127 3461 3176 3504 et
3221 3448 3476 3504 secunda.

2566 3547 2709 3619 ’ῼδὴ
2737 3549 2822 3601 I”.
2862 3544 2940 3599 Σὲ
2964 3543 3085 3597 τῶν
3108 3542 3205 3596 ἐπὶ
3234 3541 3489 3596 ὑδάτων.

2303 3644 2463 3717 [ϐοά.
2495 3642 2537 3698 f.
2571 3638 2723 3712 107.]
2753 3638 2917 3709 Μύρα
2941 3654 3002 3690 σε
3027 3635 3133 3707 τῆς
3162 3635 3371 3697 Δυκίας
3399 3634 3711 3705 προήγαγεν
3734 3630 3799 3691 ὡς

2231 3736 2539 3806 πολύτιμον
2591 3732 2763 3805 μύρον
2802 3734 2916 3795 τοῖς
2949 3728 3138 3783 ἄνθεσι
3173 3729 3448 3799 χαρίτων,
3486 3726 3580 3780 καὶ
3603 3722 3798 3796 ἀρετῶν

2229 3832 2345 3892 τοῖς
2373 3826 2687 3899 ἀρώμασιν,
2734 3821 2989 3895 ἱερουργὲ
3019 3819 3278 3884 Νικόλαε,
3326 3814 3682 3880 εὑωδιάζοντα
3700 3813 3798 3866 τῶν

2232 3921 2422 3993 ψυχῶν
2451 3920 2520 3973 τὰ
2556 3917 2911 3989 αἰσθητήρια.

2310 4017 2463 4085 Ἔχει
2487 4031 2545 4068 σε
2564 4014 2673 4077 πᾶς
2688 4013 2715 4065 ὁ
2736 4010 2941 4080 κόσμος
2964 4008 3021 4061 tv
3044 4004 3288 4075 θλίψεσιν
3310 4000 3595 4073 ἀντίληψιν
3617 3998 3798 4064 ὀξεῖαν,

2236 4107 2586 4181 παράκλησιν
2632 4107 2689 4158 tv
2736 4102 2939 4166 λύπαις
2966 4141 2982 4167 ,
3023 4100 3080 4153 tv
3112 4099 3424 4170 συμφοραῖς
3452 4094 3797 4167 παραμύθιον,

2237 4202 2295 4255 tv
2329 4201 2661 4273 πειρασμοῖς
2688 4198 3033 4269 ύπέρμαχον,
3064 4193 3123 4246 ὲν
3152 4189 3330 4255 νόσοις
3368 4188 3661 4260 φάρμακον
3689 4186 3799 4238 dxe-

2239 4294 2497 4357 σώδυνον,
2528 4292 2576 4346 Ν
2581 4290 2787 4348 ικόλαε.

2309 4387 2504 4455 Δόγοις
2533 4383 2975 4457 ἐντεθραμμένος
3001 4383 3101 4454 τῆς
3132 4382 3406 4443 πίστεως,
3445 4376 3542 4430 καὶ
3569 4371 3706 4441 γάλα
3730 4368 3804 4421 εύ-

2242 4479 2462 4543 σεόείας
2497 4476 2741 4549 θηλάσας
2772 4476 2880 4531 ἀπὸ
2902 4475 3137 4548 βρέφους
3166 4474 3227 4529 τὸ
3245 4470 3464 4542 λογικόν
3488 4485 3551 4521 τε
3580 4468 3674 4522 καὶ
3700 4461 3801 4518 ἄδο-

2238 4574 2353 4639 λον,
2403 4571 2572 4634 ὅντως
2600 4570 2681 4634 εἰς
2709 4568 2880 4640 ἄνδρα
2909 4567 3115 4624 τέλειον
3140 4610 3156 4633 ,
3192 4565 3381 4638 μάκαρ
3403 4603 3420 4630 ,
3448 4559 3799 4629 κατήντησας.

2167 4668 2212 4724 D
2243 4668 2337 4723 καὶ
2368 4667 2449 4729 εἰς
2485 4663 2685 4735 μέτρον
2717 4660 2937 4731 ⁴ἡλικίας
2964 4657 3226 4731 Χριστοῦ.

2315 4760 2519 4829 Ἴχνεσι
2579 4754 2674 4808 τοῦ
2738 4753 2990 4824 Σωτῆρος
3053 4751 3320 4821 ἑπόμενος
3349 4790 3364 4814 ,
3426 4746 3490 4800 οὐ
3557 4738 3805 4816 μισθωτὸς

2240 4850 2519 4922 ὐπῆρξας,
2546 4847 2715 4911 καλὸς
2755 4844 2963 4916 ποιμὴν
3008 4843 3067 4897 δὲ
3096 4842 3297 4914 μᾶλλον
3330 4856 3345 4871 ·
3399 4838 3497 4893 καὶ
3541 4835 3651 4907 γὰρ
3684 4830 3806 4901 ὑπὲρ

2239 4945 2347 5001 τῶν
2398 4941 2690 5016 προϐάτων
2745 4956 2841 4992 σου
2885 4937 2987 5009 τὴν
3047 4936 3146 5008 σὴν
3204 4932 3388 5006 ψυχὴν
3449 4930 3807 5001 προθέμενος,

2240 5038 2427 5110 ἔργοις
2456 5034 2595 5105 ὲπλή
2607 5048 2787 5105 ρωσας
2811 5030 2907 5085 τοῦ
2938 5027 3177 5102 Χριστοῦ
3200 5027 3261 5084 τὸ
3284 5024 3643 5094 Εὐαγγέλιον.

2315 5124 2652 5182 Θεοτοκίον.
2694 5152 2766 5162 -
2806 5121 2875 5175 Σὲ
2914 5119 3215 5191 προεδήλου
3252 5117 3436 5193 βάτος,
3480 5113 3808 5182 πανύμνητε.

2242 5219 2379 5291 πυρὶ
2439 5213 2949 5289 σπαργανουμένη·
3012 5213 3073 5266 σὲ
3130 5208 3441 5283 προετύπου
3500 5202 3809 5277 στάμνοςή

2246 5309 2594 5382 μαννοδόχος,
2638 5307 2937 5377 ύπέραγνε,
2993 5303 3091 5374 τὴν
3125 5301 3369 5372 θεοδόχον
3403 5297 3687 5371 τράπεζαν
3711 5311 3725 5324 ·
3754 5294 3811 5346 σὺ

2242 5404 2353 5483 γάρ
2386 5403 2673 5474 ὲπήγασας
2701 5397 3022 5469 γλυκασμὸν
3048 5397 3181 5467 ἡμῖν
3206 5394 3505 5465 ἀκήρατον.

2565 5580 2706 5652 ’ῼδὴ
2729 5582 2807 5635 Δ’.
2846 5578 2970 5646 Τὴν
3007 5576 3077 5630 ἐν
3100 5570 3341 5641 σταυρῷ
3366 5588 3509 5627 σου.

2314 5679 2470 5734 Μετὰ
2498 5675 2686 5740 ἐλέους
2732 5673 2828 5728 καὶ
2860 5671 3232 5743 χρηστότητος
3260 5664 3601 5738 κεκτημένος
3630 5661 3811 5734 ψυχήν,

2245 5769 2447 5841 ἱλαρῶς
2487 5765 2581 5823 τοῦ
2618 5764 2714 5821 σοῦ
2759 5763 2997 5819 πλούτου
3040 5761 3354 5833 μετέδωκας
3380 5760 3494 5821 τοῖς
3544 5756 3812 5829 χρῄζουσι,

2246 5860 2534 5937 σπλάγχνα
2576 5858 2880 5932 οἰκτιρμῶν
2935 5856 3321 5926 ἐνδυσάμενος,
3357 5850 3551 5921 ὥσπερ
3580 5851 3609 5904 ὁ
3653 5847 3813 5919 μέγας

2246 5953 2456 6018 Παῦλος
