4026 6426
329 428 470 531 1385

1393 458 1712 534 HYMNUS
1752 472 1832 534 IN
1878 475 1938 533 δ.
1975 470 2369 538 NICOLAUM

3465 468 3601 536 I388

415 574 642 650 Ἀστέρά
693 577 930 649 βλέπων,
963 579 1042 643 είς
1081 581 1181 649 τὴν
1215 580 1408 634 ἄδυτον
1441 581 1540 651 τὴν
1580 581 1779 636 ὁλκάδα
1825 579 1915 634 τοῦ

2093 587 2256 642 Astra
2315 583 2670 655 suspiciens,
2729 581 2921 637 nat-etii
2979 573 3180 638 tuentis
3237 578 3473 636 invisam
3537 580 3604 634 ad

324 670 423 726 νοῦ
450 671 588 743 πρὸς
619 671 720 736 τὰς
758 671 940 726 αὐτῶν
979 673 1224 744 κινήσεις
1253 671 1443 737 ἴθυνας
1478 675 1574 728 καὶ
1614 673 1916 744 προσώκει-

325 759 428 829 λας
449 766 561 838 ὅρῳ
591 765 835 839 γαληνῷ,
874 767 1220 841 κυϐερνήτης
1242 765 1318 830 ὡς
1346 751 1581 839 ’ἀριστος
1611 769 1683 821 τὰ
1718 767 1918 823 θαλάτ-

323 868 442 914 fta.

415 950 504 1003 Ἐν
552 950 778 1023 ἀνδρείᾳ
842 949 1013 1023 πολλῇ
1054 951 1159 1022 τῆς
1212 951 1404 1023 θεῖκῆς
1448 951 1634 1022 ίσχύος
1682 952 1919 1024 Χριστὸν

326 1040 787 1113 ἐπικαλούμενος,
817 1041 946 1107 τοὺς
987 1045 1046 1097 ὲν
1083 1041 1324 1116 φυλακῇ,
1360 1042 1567 1116 μάκαρ,
1600 1046 1917 1118 πεπεδημέ·

326 1151 456 1199 νους
489 1133 702 1206 ἐξάγων
735 1134 910 1198 έλυες.

415 1226 601 1301 Ἀγίου
654 1231 873 1304 πλήρης
928 1226 1067 1286 οὖσα
1094 1214 1416 1302 ῘῘνεύματος
1458 1233 1492 1302 ἡ
1524 1233 1724 1303 καρδία
1750 1234 1784 1304 ἡ
1826 1233 1915 1304 σὴ,

325 1323 589 1393 γλυκεῖαν
646 1320 915 1389 εὐωδίαν,
974 1324 1155 1395 ὀσμὴν
1215 1326 1686 1396 ἀρωματίζουσα,
1750 1317 1918 1400 αἴγλη

330 1419 609 1489 συμμιγῆ,
638 1418 731 1471 καὶ
763 1416 904 1486 φωτὶ
933 1414 1289 1488 κεκραμένην
1319 1415 1485 1471 πάλιν
1523 1417 1818 1472 ἀπέπνεεν.

405 1509 744 1566 Θεοτοκίον.
773 1539 842 1550 -
868 1508 981 1582 Τὴν
1009 1509 1151 1579 ὑπὲρ
1173 1508 1384 1564 ἔννοιάν
1415 1511 1794 1582 σου“γέννησιν
1823 1514 1918 1585 έρ-

331 1601 609 1672 μηνεῦσαι
642 1599 852 1673 βροτῶν
881 1601 1188 1670 πτωχόνοια
1220 1601 1281 1654 οὐ
1323 1599 1535 1654 σθένει·
1570 1603 1599 1654 ό
1627 1603 1788 1673 λόγος
1811 1605 1918 1674 γάρ

325 1691 710 1762 ἀνέκφραστος
739 1689 948 1762 ταύτης
996 1687 1302 1754 παντελῶς,
1336 1691 1433 1744 καὶ
1457 1690 1485 1742 ό
1508 1691 1736 1762 τρόπος,
1763 1694 1917 1764 Παρ-

324 1781 477 1851 θένε,
500 1782 892 1854 άκατανόητος.
1495 1831 1497 1833 ,

700 1875 836 1948 ’ῼδὶι
864 1880 946 1932 E'.
974 1877 1132 1946 Πρὸς
1169 1877 1246 1932 σὲ
1275 1877 1531 1948 όρθρίζωι

2021 674 2213 734 eorum
2245 686 2430 732 motus
2451 676 2747 746 tli'rigebas,
2781 682 2835 727 et
2862 672 2930 727 ad
2974 680 3216 729 montem
3245 671 3398 742 pacis
3433 671 3609 742 appli-

2021 770 2213 837 cuisti,
2266 777 2325 824 ut
2360 768 2698 841 gubernator
2749 766 3007 837 egregius
3052 780 3150 837 per
3193 764 3366 820 maria
3409 763 3608 818 decurc

2020 875 2166 917 rens.

2095 947 2159 1009 Vi
2198 952 2416 1008 summa
2450 950 2655 1007 divinae
2694 950 2917 1006 virtutis
2965 949 3252 1006 Christum
3311 945 3606 1008 invecasti,

2021 1054 2332 1115 omnesque
2356 1042 2631 1107 liberasti,
2659 1041 2836 1107 beate,
2879 1039 2975 1110 qui
3021 1039 3078 1094 in
3114 1037 3368 1094 cuStodia
3390 1035 3608 1092 detine-

2023 1140 2240 1194 bantur.

2093 1233 2203 1287 Cor
2236 1240 2389 1288 tuum
2421 1229 2664 1300 Spiritus
2703 1229 2883 1284 sancti
2911 1227 3158 1298 plenum,
3219 1227 3442 1278 suavem
3495 1219 3608 1274 fra-

2023 1325 2318 1398 grantiam,
2356 1322 2575 1378 dulcem
2610 1321 2838 1377 odorem
2889 1333 3179 1391 spargens,
3233 1314 3446 1384 fulgore
3484 1314 3608 1382 per-

2024 1418 2274 1481 mistum,
2305 1425 2360 1472 et
2395 1416 2525 1471 luce
2555 1413 2906 1486 splendidum
2945 1424 3143 1468 rursus
3164 1407 3462 1465 exhalavit.

2092 1509 2358 1578 Deiparm.
2386 1537 2458 1548 —
2486 1506 2652 1563 Omni
2683 1504 3021 1578 cogitatione
3058 1500 3328 1572 majorem
3382 1509 3608 1570 genera-

2021 1601 2228 1656 tionem
2266 1608 2417 1655 tuam
2452 1599 2741 1655 hominum
2794 1595 3092 1652 infirmitas
3140 1593 3457 1664 exprimere
3496 1603 3607 1644 non

2025 1696 2202 1762 valet;
2247 1693 2409 1764 cujus
2458 1694 2602 1748 enim
2635 1691 2781 1746 ratio
2809 1689 3037 1744 omnino
3066 1686 3385 1752 ineffabili's,
3416 1675 3605 1756 Virgo,

2021 1798 2074 1844 et
2109 1788 2305 1844 modus
2341 1785 2547 1869 nemini
2589 1782 2976 1855 intclligibilis.

2375 1875 2488 1931 Ode
2531 1873 2594 1928 V.
2628 1874 2712 1927 Ad
2743 1881 2791 1927 te
2818 1871 3057 1926 diluculo
3088 1871 3258 1926 venio.

412 1967 675 2038 Ῥαγῆναι
723 1945 967 2036 κόσμου,
1019 1945 1117 2021 καὶ
1168 1945 1643 2040 προσκολληθῆναι
1692 1968 1770 2040 τῷ
1818 1986 1915 2024 κα-

2093 1970 2358 2026 Mundum
2385 1983 2673 2040 respuere,
2712 1977 2768 2022 et
2817 1965 3040 2021 vocanti
3081 1964 3192 2020 Deo
3222 1963 3522 2027 adhaerere,
3553 1972 3610 2019 et

324 2061 514 2114 λοῦντι
577 2061 847 2134 Δεσπότῃ,
895 2061 1035 2133 πρὸς
1089 2060 1239 2125 θείας
1296 2061 1627 2125 ἀπολαύσεις
1681 2061 1919 2135 ὑπερκοο

324 2154 551 2224 σμίους,
595 2155 724 2219 τοὺς
757 2155 817 2209 ὲν
861 2155 1052 2225 κόσμῳ
1086 2143 1353 2227 θορύϐους
1398 2157 1759 2228 μισήσαντας,
1804 2157 1919 2220 τοῖς

320 2245 554 2315 γλυκέσι
590 2263 683 2302 σου
711 2247 893 2317 λόγοις
927 2246 1159 2311 πολλοὺς
1193 2246 1442 2310 ἔπεισας.

411 2339 590 2410 ’ἰσχὺν
637 2339 732 2393 καὶ
778 2339 970 2402 σθένος
1016 2338 1158 2392 θεῖον
1201 2338 1530 2409 ὲξωσμένος,
1560 2339 1658 2394 καὶ
1689 2357 1919 2411 περιπε-

322 2431 645 2503 φραγμένος
695 2431 844 2501 αθλῳ
893 2430 1218 2502 παντευχίᾳ,
1263 2433 1385 2494 ταῖς
1427 2429 1523 2485 τοῦ
1577 2430 1776 2504 Βελίαρ
1817 2432 1919 2486 οὐκ

321 2522 581 2595 ἑτρώθης
617 2522 840 2591 βολίσιν.
875 2522 990 2575 ἀλλ’
1021 2522 1268 2591 έτρωσας
1302 2522 1402 2594 τὴν
1431 2521 1662 2594 καρδίαν
1704 2524 1916 2577 ἐκείνου

322 2617 426 2686 τὴν
467 2635 542 2670 πα
551 2615 847 2687 μϐέϐηλον.

396 2707 706 2781 Τετράορον
757 2709 932 2779 άρμα,
987 2706 1172 2776 ὄχημα
1226 2707 1509 2779 πυρφόρον
1550 2708 1766 2780 ἀρετῶν
1817 2708 1918 2781 τὴν

319 2803 565 2874 τετράδα
609 2796 927 2874 πηξάμενος
955 2800 1187 2872 ἀνῆλθες
1235 2803 1315 2865 είς
1344 2801 1435 2854 τὸν
1480 2803 1732 2873 οὐρανὸν,
1781 2804 1916 2857 ὅπου

320 2894 640 2968 πρόδρομος
667 2893 860 2968 πρώην
889 2893 1090 2962 ἀνῆλθε
1119 2892 1378 2965 Χριστὸς,
1411 2893 1488 2965 τῷ
1515 2893 1795 2966 προσώπῳ
1819 2897 1916 2949 αύ-

319 2987 422 3043 τοῦ
452 2987 922 3060 ἐποφθησόμενος.

407 3081 500 3144 Ὦς
547 3080 682 3144 ἃλας
737 3080 902 3145 θεῖον,
941 3081 1150 3152 μάκαρ,
1198 3063 1496 3151 ἐνεϐλήθης
1539 3083 1621 3146 εἰς
1648 3081 1740 3137 τὸν
1779 3081 1918 3154 σύμ-

321 3189 509 3227 πάντα
536 3173 759 3243 κόσμον,
784 3171 948 3225 ἱστῶν
976 3171 1076 3242 τὴν
1109 3170 1382 3242 σηπεδόνα
1406 3173 1508 3239 τῆς
1533 3172 1795 3244 ἀθυμίας,
1819 3172 1917 3228 καὶ

2019 2080 2209 2119 amore
2292 2075 2658 2133 supernarum
2733 2059 3161 2134 divinarumque
3235 2055 3603 2127 voluptatum,

2021 2155 2211 2210 mundi
2245 2154 2544 2211 tumultum
2581 2152 2788 2216 odisse,
2823 2149 3080 2207 dulcibus
3109 2150 3458 2207 orationibus
3490 2165 3608 2221 per-

2022 2244 2224 2306 multos
2248 2246 2509 2303 docuisti.

2090 2341 2208 2395 Vim
2227 2349 2282 2396 et
2298 2342 2560 2398 virtutem
2587 2342 2682 2396 Dei
2716 2341 2970 2405 indutus,
2989 2347 3045 2396 et
3065 2342 3345 2393 armatura
3366 2335 3606 2392 circum-

2019 2443 2212 2506 septus
2242 2435 2486 2491 materiae
2521 2437 2756 2506 experti,
2791 2435 2958 2492 Belial
2983 2433 3202 2504 sagittis
3239 2445 3350 2486 non
3389 2429 3608 2486 saucia-

2023 2535 2111 2582 tus
2140 2543 2222 2590 es,
2261 2527 2371 2580 imo
2398 2527 2686 2598 profanum
2721 2528 2842 2598 ejus
2871 2533 2970 2581 cor
2992 2524 3255 2582 sau‘ciasti
3286 2523 3426 2594 ipse.

2090 2708 2433 2782 Quadrijt‘tgo
2482 2710 2713 2775 currui,
2774 2711 2934 2782 igneo
2990 2708 3287 2776 vehiculo,
3339 2705 3603 2767 virtutum

2019 2805 2370 2874 quaternioni
2402 2803 2628 2859 innixus
2658 2804 2726 2860 ad
2754 2805 2978 2869 coelum,
3011 2816 3122 2875 quo
3165 2815 3338 2871 nuper
3371 2814 3599 2872 praeces-

2019 2906 2168 2952 serat
2192 2911 2502 2966 praecursor
2523 2894 2803 2959 Christus,
2827 2893 2927 2965 ipsi
2954 2889 3386 2964 Conspiciendus
3409 2903 3607 2946 ascen~

2017 2987 2169 3042 di'Sti.

2095 3083 2254 3142 Velut
2292 3081 2374 3139 sal
2407 3081 2682 3145 divinum.
2723 3081 2902 3146 beate,
2939 3079 3146 3135 missus
3185 3093 3247 3134 es
3293 3077 3348 3132 in
3381 3076 3607 3133 univeré

2020 3191 2143 3232 sum
2206 3175 2495 3239 mundum,
2546 3175 2899 3246 putredinem
2944 3171 3354 3245 desperationis
3382 3179 3606 3226 sanatua

323 3262 603 3336 ξηραίνων
633 3263 734 3332 τὴν
767 3262 927 3332 ῥύσιν
968 3262 1079 3316 τῶν
1110 3262 1367 3333 θλίψεων,
1409 3264 1506 3318 καὶ
1537 3265 1790 3333 συνάγων
1817 3266 1914 3318 καὶ

2039 3283 2169 3334 'utn,r
2203 3277 2257 3320 et
2283 3265 2699 3321 tribulationum
2729 3261 2931 3320 tinctus
2971 3265 3334 3328 siccaturum,
3388 3262 3604 3318 animas

325 3355 580 3424 σφίγγων
607 3353 986 3425 χαυνωθείσας
1015 3353 1216 3425 ψυχάς.

401 3423 740 3502 Θεοτοκίον.
770 3476 840 3487 -
870 3447 962 3517 Μὴ
1007 3423 1326 3517 ὲκιρυτήσας
1350 3445 1460 3500 τῶν
1491 3447 1764 3520 πατρῴων
1798 3423 1921 3502 κόλ-

324 3547 470 3610 πων,
524 3543 641 3606 τοῖς
694 3538 974 3612 μητρῲοις
1009 3555 1101 3593 σου
1150 3539 1376 3602 κόλποις
1419 3539 1737 3606 καθέζεται,
1770 3542 1918 3612 Παρ-

324 3635 476 3701 θένε,
527 3634 768 3707 Χριστὸς
818 3636 847 3688 ὁ
891 3632 1063 3697 Θεόςο
1118 3635 1146 3686 ὁ
1178 3629 1415 3704 ἀμήτωρ
1449 3627 1725 3703 προῆλθεν
1777 3633 1921 3687 ἀπά-

323 3733 443 3797 τωρ
499 3729 566 3780 ἐκ
629 3726 726 3780 σοῦ
753 3741 767 3755 °
835 3710 1089 3795 Ἀϐραάμ
1143 3724 1200 3777 δὲ
1270 3725 1398 3787 τοὺς
1460 3724 1696 3789 κόλπους
1755 3727 1918 3781 πάλιν

325 3803 551 3889 ἢνοίξω.

481 3909 618 3983 ’ῼδὴ
649 3911 739 3979 εἶ’.
775 3905 1124 3978 Συνεάχέθη
1147 3907 1283 3965 ἀλλ’
1307 3911 1377 3987 οὐ
1411 3909 1820 3983 κατε[σχέθηῖ.

412 4003 762 4068 ’Υπακούσας
807 4003 924 4057 ἀλλ’
987 4003 1048 4055 ού
1112 3995 1494 4072 παρακούσας,
1553 4003 1764 4076 μάκαρ,
1818 4003 1918 4074 τῆς

321 4097 482 4162 θείας
512 4096 757 4167 ἐντολῆς,
782 4096 906 4167 ἥτις
935 4094 1105 4164 φησί’
1131 4093 1222 4166 Μὴ
1255 4093 1449 4163 γνώτω
1473 4096 1505 4166 ἡ
1534 4094 1664 4149 λαιά
1693 4113 1787 4149 σου
1817 4093 1918 4166 τῆς

321 4186 508 4253 δεξιᾶς
561 4187 624 4240 τὸ
680 4188 862 4258 ἔργον,
911 4184 1093 4254 πολλῷ
1147 4184 1354 4255 ταύτην
1387 4184 1766 4256 ύπερήλασας,
1808 4185 1916 4239 οὐδ’

2023 3359 2232 3413 laxatas
2262 3357 2605 3414 confirmans
2643 3364 2697 3412 et
2727 3356 3142 3427 constringens.

2096 3448 2720 3521 Deiparw.—Quipatre
2750 3450 2904 3505 nullo
2930 3457 3110 3514 ortus,
3139 3456 3393 3504 materno
3423 3445 3480 3501 in
3509 3455 3604 3501 tuo

2021 3546 2148 3600 sinu
2186 3544 2444 3615 quiescit,
2471 3537 2664 3614 Virgo,
2696 3541 2952 3598 Christus
2980 3540 3160 3608 Deus;
3187 3541 3280 3612 qtti
3305 3539 3459 3610 prius
3476 3539 3605 3594 abs-

2019 3653 2126 3706 que
2180 3638 2376 3700 matre,
2418 3651 2572 3690 nunc
2619 3635 2828 3705 absque
2877 3644 3034 3704 patre
3087 3648 3153 3687 ex
3209 3641 3260 3688 te
3309 3631 3601 3702 processit.

2020 3731 2297 3784 Abraham
2335 3729 2518 3783 sinunt
2557 3742 2751 3782 rursus
2782 3726 3067 3797 aperuisti.

2169 3905 2281 3962 Ode
2325 3902 2418 3960 VI.
2464 3904 2757 3960 Contentus
2787 3914 2886 3970 est,
2914 3903 3006 3958 sed
3039 3917 3142 3958 non
3179 3910 3437 3959 retentus.

2091 3996 2268 4053 Divini
2303 3997 2564 4068 praecepti
2603 3998 2954 4062 observator,
2988 4012 3094 4051 non
3127 4006 3311 4051 autem
3345 3995 3604 4062 violator,

2021 4089 2203 4155 beate,
2259 4089 2406 4158 quod
2467 4087 2607 4142 dicit
2643 4106 2656 4142 :
2693 4086 2912 4158 lgnorct
2945 4085 3176 4142 sinistra
3216 4095 3310 4139 tua
3365 4084 3607 4140 deXterte

2018 4195 2183 4251 Opus,
2219 4180 2393 4234 multo
2428 4177 2734 4250 perfectius
2785 4179 2970 4249 egisti,
3015 4179 3112 4247 qui
3148 4193 3251 4233 nec
3301 4178 3482 4231 'virnm
3513 4177 3605 4232 cui

326 4281 491 4335 αὐτὸν
537 4280 597 4333 ὃν
640 4279 960 4351 εὐηργέτεις
1003 4278 1175 4351 ἄνδρα
1221 4277 1671 4350 παραδεξάμενος
1725 4295 1915 4332 κοινω-

2039 4269 2407 4326 ›θιιε[δοίοι)οε
2440 4270 2658 4325 consilii
2687 4271 3014 4340 participem
3046 4269 3254 4338 fecisti,
3279 4279 3383 4325 nec
3412 4269 3607 4326 volun-

323 4374 418 4427 νὺν
447 4374 547 4445 τῆς
583 4371 800 4448 βουλῆς,
837 4371 958 4425 οὐδὲ
988 4371 1081 4425 τοῦ
1114 4372 1318 4444 σκοποῦ
1339 4373 1434 4426 τοῦ
1462 4372 1557 4426 σοῦ
1595 4372 1907 4443 συνίστορα.

410 4457 724 4531 Ῥιζοτόμος
779 4459 894 4513 ἀλλ’
961 4460 1023 4541 ού
1093 4461 1404 4530 φυτοκόμος
1464 4461 1649 4531 πάσης
1716 4461 1918 4526 κακίας

323 4550 618 4623 πέφηναςο
671 4549 1016 4623 ὲμφύτευὰόν
1069 4569 1184 4622 μοι,
1241 4550 1466 4622 Πάτερ,
1523 4553 1725 4624 εὐθαλῆ
1783 4570 1911 4607 συν-

2019 4362 2152 4418 tatis
2188 4370 2297 4415 tua:
2326 4362 2634 4418 conscium.
3282 4403 3286 4407 ›
3657 4413 3677 4438 ,ρ

2094 4453 2415 4521 Eradicare,
2443 4469 2553 4509 non
2585 4463 2769 4510 autem
2804 4463 2939 4512 'cura
2969 4455 3176 4520 fovere,
3200 4469 3420 4510 omnem
3451 4453 3608 4509 mali-
3638 4443 3662 4524 ξ

2019 4547 2150 4600 tiam
2181 4547 2336 4602 visus
2356 4561 2438 4612 es,
2474 4547 2686 4610 Insere,
2726 4543 2908 4610 Pater,
2941 4547 3129 4603 animo
3178 4561 3301 4604 meo
3346 4555 3605 4602 truncum

320 4643 511 4716 ηρεφῆ
553 4643 820 4716 στελέχη,
877 4644 1213 4708 κατασκίους
1264 4643 1603 4716 πολυχύτους
1661 4647 1915 4718 ὄρπηκας

2039 4640 2344 4694 imbrosum
2374 4648 2432 4694 et
2474 4624 2784 4705 florentem,
2832 4655 3018 4694 ramos
3067 4655 3274 4712 opacos
3305 4649 3360 4696 et
3407 4640 3607 4696 divites

323 4738 537 4810 ἀρετῶν
566 4738 660 4792 καὶ
697 4737 858 4808 ἱερῶν
916 4738 1176 4809 χαρίτων,
1209 4738 1307 4810 τὴν
1328 4739 1615 4809 ἀκανθώδη
1648 4759 1752 4810 μου
1784 4741 1915 4811 βλά-

326 4839 460 4900 στην
521 4829 864 4901 ριζοτομῶν,
921 4830 1017 4883 καὶ
1066 4831 1166 4893 τὰς
1216 4831 1490 4902 ἐμπαθεῖς
1549 4834 1916 4905 παραφυάδας

325 4921 612 4991 πιμπλῶν.

397 5013 667 5088 Οὐρανίου
714 5013 830 5068 ἀλλ’
874 5015 974 5069 οὐκ
1023 5015 1269 5083 ἐπιγείου
1294 5014 1456 5087 δόξης
1490 5021 1674 5089 τυχεῖν
1718 5020 1915 5073 ἐπιπο-

324 5097 461 5166 θῶν,
504 5101 605 5174 τὴν
641 5103 950 5176 συρομένην
999 5105 1150 5157 κάτω
1195 5106 1482 5178 ὑπερεῖδες
1525 5107 1601 5171 ώς
1635 5125 1914 5181 παρερχοι

327 5190 522 5262 μένην,
553 5192 630 5256 ὡς
648 5193 938 5266 λυομένην,
961 5194 1036 5259 ὡς
1066 5197 1198 5266 σκιᾷ
1222 5197 1582 5266 κατάλληλον,
1615 5197 1691 5262 ώς
1719 5199 1914 5270 ὀνείρῳ

323 5284 835 5356 παρεικαζομένην,
884 5285 960 5350 ώς
1002 5288 1377 5342 ἀνυπόστατον
1412 5289 1508 5343 καὶ
1553 5293 1748 5360 ὁμοίαν
1788 5301 1914 5361 τρα-

324 5376 433 5440 νῶς
466 5377 662 5450 καπνῷ
691 5367 828 5451 πρὸς
859 5380 999 5454 ἀέρα
1031 5381 1360 5455 διαρῤέοντι.

399 5458 727 5538 Βεϐηλώσας
763 5471 879 5525 ἀλλ’
906 5473 967 5526 ού
1012 5472 1342 5542 καθηλώσας
1376 5476 1440 5528 ἐκ
1470 5474 1564 5529 τοῦ
1603 5475 1698 5530 σοῦ
1742 5478 1910 5547 φόϐου

324 5558 426 5623 τάς
475 5560 616 5631 ἐμάς
668 5563 904 5634 σάρκας,
947 5565 1040 5640 καί
1077 5563 1175 5636 τὴν
1221 5565 1448 5634 ἁγνείαν
1496 5567 1571 5633 ώς
1606 5571 1635 5623 ό
1684 5569 1911 5642 βέϐηλος

2021 4733 2288 4786 virtutum
2326 4743 2381 4786 et
2436 4741 2756 4788 sanctarum
2795 4733 3124 4803 gratiarum,
3153 4731 3378 4803 spinosa
3427 4731 3608 4788 eradi-

2019 4839 2182 4890 cans,
2210 4832 2264 4878 et
2299 4823 2671 4895 cupiditatum
2704 4825 3063 4896 propaginem
3095 4825 3316 4881 tollens.

2090 5027 2366 5095 CteleStis,
2388 5031 2498 5082 non
2527 5029 2810 5085 terrestris
2839 5027 3026 5098 gloriae
3051 5027 3365 5084 obtinendae
3389 5027 3604 5093 avidus,

2019 5133 2297 5178 terrenam
2327 5123 2720 5194 contempsisti
2763 5130 3026 5193 tanquam
3062 5121 3374 5192 fugitivam,
3431 5119 3600 5190 fragio

2017 5217 2150 5285 lem,
2192 5215 2386 5272 umbra
2438 5215 2954 5280 ineonstantiorem,
2986 5213 3184 5268 somnii
3240 5211 3601 5283 persimilem,

2017 5310 2309 5373 caducam,
2355 5316 2409 5361 ct
2455 5306 2592 5360 fumi
2630 5306 2776 5361 haud
2809 5304 3142 5362 dissimilem
3204 5303 3262 5358 in
3299 5315 3429 5358 aera.
3473 5317 3603 5358 eva-

2016 5400 2314 5456 uescentis.

2091 5489 2300 5545 Violavi
2353 5503 2552 5544 carnes
2606 5502 2780 5554 meas,
2814 5487 3018 5543 timore
3054 5495 3150 5542 tuo
3205 5500 3313 5542 non
3361 5485 3592 5552 confixi;

2013 5581 2388 5638 contaminavi
2416 5580 2726 5636 castitatem
2771 5593 2946 5635 meam
2979 5579 3126 5634 sicut
3156 5577 3301 5634 Esau
3333 5578 3600 5649 profanus

338 5649 514 5704 Ἠσαῦ
562 5654 658 5707 καὶ
711 5655 932 5726 πόρνος,
989 5655 1161 5721 λύσας
1218 5657 1466 5731 λαγνείᾳ,
1500 5661 1707 5732 πόρνης
1771 5663 1908 5736 μέλη

2039 5682 2066 5730 ηι
2095 5683 2406 5736 scortator;
2435 5674 2742 5729 meretricis
2788 5672 3003 5729 libidini
3038 5672 3285 5729 membra
3322 5670 3600 5738 commisi,

329 5743 536 5817 βέϐηλα
603 5747 676 5800 τά
728 5749 797 5802 σά
849 5747 988 5820 μέλη
1038 5751 1106 5804 τά
1149 5751 1498 5824 ήγιασμένα,
1555 5755 1910 5824 Χριστὲ,πε-

329 5839 533 5910 ποίηκα
560 5855 574 5870 ο
606 5825 818 5912 ὅθενμε
844 5843 966 5894 ταῖς
992 5841 1181 5912 εὐχαῖς
1201 5844 1296 5896 τοῦ
1330 5844 1426 5899 σοῦ
1451 5845 1717 5903 Νικολάου
1746 5847 1908 5904 πάλιν

325 5930 566 6003 ἅγνισον.
1443 5926 1446 5928 ’

609 6027 881 6090 Parnm.
921 6029 1038 6091 Gn.
1072 6025 1283 6096 XCVI.

2011 5765 2251 5828 Christe,
2289 5778 2320 5817 a
2365 5773 2419 5818 te
2466 5762 2849 5832 sanctificata;
2888 5764 3033 5821 beati
3089 5763 3305 5821 Nicolai
3341 5761 3600 5835 precibus

2015 5872 2209 5914 rursus
2244 5873 2331 5914 me
2359 5855 2666 5913 sanctifica.

3198 6030 3277 6095 44
