4130 6436
574 429 595 492 ί
605 433 708 495 387

1974 435 2357 496 ADDENDA.

3722 437 3856 503 1383

640 544 951 598 [lt-albatam
980 557 1089 599 non
1130 543 1392 598 foedatam
1424 544 1744 615 passionum
1767 546 1940 601 lis-ore
1961 548 2151 603 stolam

2333 543 2744 599 Λευκανθεῖσαν
2786 547 2903 601 ἀλλ’
2937 548 2998 601 ού
3038 548 3404 620 μελανθεῖσαν
3440 550 3500 615 ἐξ
3535 552 3856 623 ἀμαυρότη.

565 637 813 701 indutus,
854 647 909 691 et
949 635 1246 707 fulgentem
1287 636 1742 708 splendidamque
1782 638 1956 694 facem
1989 655 2153 695 manu

568 742 789 799 gerens,
840 727 1079 783 illustris
1133 724 1380 795 Nicolae,
1410 742 1773 797 supernarum
1835 730 2153 800 nuptiarum

570 821 872 876 thalamum
903 821 1221 885 introivisti,
1243 828 1296 876 et
1325 821 1549 877 caeleste
1577 820 1981 892 mysticumque
2000 822 2155 877 cubi-

570 915 781 979 culum,
815 914 963 985 quod
992 920 1049 970 et
1085 929 1190 987 ego
1216 914 1533 987 contingam
1562 928 1728 985 opera
1770 924 1883 969 tua.

640 1096 902 1165 Deiparw.
933 1124 1004 1135 —
1035 1094 1318 1152 Excelsior
1346 1106 1400 1154 et
1447 1098 1739 1155 sublimior
1766 1101 1882 1155 visa
1916 1100 2155 1173 esjcrea-

571 1197 692 1241 tura
724 1204 885 1258 quam
915 1190 1092 1247 oculis
1123 1200 1175 1247 et
1206 1202 1385 1247 mente
1405 1193 1761 1263 percipimus.
1799 1191 1985 1266 Virgo.
2015 1194 2150 1250 Nam

569 1288 838 1335 creatus-2e
869 1282 1035 1337 totius
1060 1283 1404 1339 conditorem
1447 1284 1701 1340 manibus
1744 1286 2019 1352 contines,
2051 1301 2150 1344 ceu

572 1374 802 1429 thronus
835 1376 1062 1446 igneus;
1096 1394 1259 1446 quem
1294 1393 1439 1439 ores,
1467 1393 1675 1445 quaeso,
1707 1386 1767 1431 ut
1802 1395 1889 1434 me
1940 1380 2010 1436 ab
2052 1396 2148 1436 an-

568 1468 768 1537 gustiis
794 1478 848 1522 et
872 1470 1274 1526 calamitatibus
1297 1470 1637 1525 infernorum
1662 1471 1879 1537 liberet,
1896 1481 1949 1529 et
1977 1473 2063 1532 his
2096 1474 2151 1530 in

571 1559 734 1615 terris
764 1560 834 1615 ab
856 1561 1218 1616 obduratione
1241 1563 1295 1615 in
1331 1564 1509 1617 malis.

797 1709 805 1717 _
1033 1653 1145 1709 Ode
1196 1652 1322 1707 VII.
1378 1653 1679 1723 Ine/rabile.

637 1740 777 1797 Tres
811 1744 1050 1813 virgines
1076 1759 1197 1799 cum
1231 1753 1389 1816 patre
1427 1746 1481 1799 in
1519 1745 1820 1802 discrimen
1874 1747 2148 1816 adductae,

568 1834 625 1888 in
661 1833 855 1888 ultima
888 1835 1030 1889 mala
1059 1844 1225 1906 atque
1254 1845 1519 1891 aeternam
1549 1846 1783 1892 mortem
1819 1839 2146 1909 delapsuraa,

566 1942 665 2011 per
692 1935 745 1981 te
776 1925 843 1980 ad
869 1936 1087 1996 portum
1117 1928 1243 1984 vitae
1277 1928 1604 1986 immortalis
1637 1938 1693 1985 et
1727 1932 1878 2003 regni
1904 1932 2149 1990 caelestis

568 2014 814 2072 deducta:
840 2024 992 2071 sunt.

635 2107 944 2163 Candidum
981 2116 1135 2163 tuum
1172 2124 1288 2175 cor,
1338 2110 1580 2180 sapiens,
1617 2111 1806 2180 gloriae
1853 2110 1986 2168 Sole
2020 2113 2149 2168 illu-

566 2202 858 2268 minatum,
889 2203 1265 2272 praestantiori
1316 2202 1527 2256 lumine
1573 2203 1765 2272 procul
1823 2202 2051 2269 effulsit,
2097 2213 2150 2260 et

565 2297 688 2352 luce
712 2311 809 2351 sua
839 2295 1143 2351 videntium
1171 2303 1385 2352 mentes
1413 2310 1646 2368 prorsus
1684 2296 2005 2352 illustravit.

639 2477 959 2533 Divinarum
1017 2478 1401 2534 doctrinarum
1466 2475 1639 2533 funda
1691 2476 1986 2548 pestiferos
2018 2428 2166 2547 gra-1

564 2588 769 2642 vesque
794 2573 975 2644 lupos,
1014 2582 1232 2638 sancte,
1255 2572 1453 2643 procul
1484 2586 1514 2625 a
1545 2586 1710 2643 grege
1738 2579 1833 2627 tuo
1861 2570 2145 2642 repulisti,

563 2676 620 2721 et
649 2667 715 2721 ab
750 2666 933 2722 insani
961 2664 1153 2722 Martis
1183 2666 1506 2738 garrulitate
1531 2665 1745 2736 plebem
1771 2674 1920 2720 tuam
1945 2666 2149 2722 immu-

564 2770 688 2813 nem
730 2758 985 2813 servasti.
2000 2768 2007 2777 '

634 2840 803 2903 Juxta
834 2848 1063 2905 Paulum
1106 2859 1260 2906 totus
1299 2850 1539 2906 mundus
1575 2849 1672 2904 tibi
1702 2848 2000 2906 cruciﬁxus
2023 2857 2106 2905 est
2127 2890 2145 2917 ,

566 2940 981 3000 c‘oucrucitixus
1014 2960 1074 3001 es
1104 2944 1332 3001 Christo
1371 2944 1660 3010 crucilixo,
1702 2953 1756 3002 et
1807 2962 1973 3016 super
2017 2961 2147 3002 cru-

565 3052 683 3091 cem
718 3036 1002 3107 antiquam
1036 3036 1474 3094 exsecrationem
1502 3037 1769 3094 solvente.

2257 653 2348 713 τος
2407 635 2602 693 παθῶν
2653 639 2847 711 στολὴν
2895 640 3263 712 ἐνδεδυμένος,
3314 642 3410 695 καλ⁵
3453 644 3692 714 φαιδρὰν
3737 644 3855 697 λεν.

2258 727 2443 799 κοφαῆ
2502 728 2766 800 λαμπάδα
2816 732 2977 802 χερσὶ
3026 732 3314 803 κατέχων,
3366 733 3542 800 ἐνδοξε
3593 734 3855 796 Νικόλαε,

2256 821 2337 884 εἰς
2372 823 2643 893 νυμφῶνα
2682 822 2883 895 νοητὴν
2932 822 3217 895 εἰσῆλθες,
3263 829 3344 888 είς
3390 827 3725 897 ἐπουράνιον
3762 828 3857 881 θά-

2256 912 2427 983 λαμον
2476 915 2761 986 μυστικὸν,
2795 910 2859 972 οὗ
2902 918 2998 971 καὶ
3023 919 3187 989 ἡμεῖς
3227 917 3489 991 τύχοιμεν
3528 920 3855 990 πρεσϐείαις

2259 1024 2375 1062 σου.

2329 1100 2668 1158 Θεοτοκίον.
2695 1132 2764 1143 -
2799 1102 3113 1173 ’Υπερτέρα
3142 1102 3237 1156 καὶ
3263 1101 3566 1175 ὑψηλοτέρα
3587 1104 3699 1175 τῆς
3727 1106 3854 1174 δρα-

2255 1187 2355 1259 τῆς
2382 1190 2477 1243 καὶ
2504 1190 2702 1261 νοητῆς
2729 1190 2961 1255 κτίσεως
2998 1190 3212 1261 ὤφθης,
3239 1192 3390 1263 Κόρη
3422 1208 3435 1221 ·
3466 1192 3566 1263 τῆς
3594 1195 3715 1263 γάρ
3739 1196 3854 1246 κτίι

2258 1297 2397 1345 σεως
2437 1279 2533 1335 τὸν
2564 1280 2793 1351 συνοχέα
2826 1283 2986 1351 χερσὶ
3027 1281 3277 1351 συνέχεις
3303 1280 3491 1354 ὥσπερ
3522 1282 3721 1353 θρόνος
3752 1284 3852 1337 πύ-

2257 1391 2437 1447 ρινος·
2467 1374 2527 1427 ὃν
2572 1375 2785 1428 ἱκέτευε
2824 1374 3209 1446 λυτρώσασθαί
3254 1394 3324 1446 με
3368 1376 3492 1447 ᾇδου
3532 1378 3851 1442 πενὼσεως

2255 1467 2348 1520 καὶ
2384 1467 2590 1537 πικρᾶς
2632 1467 2887 1538 συνοχῆς,
2922 1467 3019 1520 καὶ
3049 1467 3153 1537 τῆς
3202 1467 3533 1540 συνεχούσης
3554 1486 3622 1539 με
3650 1468 3852 1540 πωρώ-

2257 1576 2399 1623 σεως
2425 1557 2540 1613 νῦν.

2734 1650 2871 1722 ’ῼδὴ
2903 1654 2982 1708 Z’.
3015 1652 3378 1719 Ἀφραστον.

2323 1738 2486 1809 Τρεῖς
2522 1741 2826 1811 θυγατέρες
2875 1742 3015 1814 μετὰ
3048 1742 3258 1813 πατρὸς
3295 1741 3710 1798 κινδυνεύουσαι
3773 1746 3850 1808 είς

2254 1833 2494 1904 ἐσχάτην
2526 1834 2792 1905 χάρυόδιν
2826 1835 3015 1889 κακῶν
3057 1837 3246 1888 πεσεῖν
3274 1836 3368 1889 καὶ
3399 1835 3580 1889 θανεῖν
3613 1837 3848 1891 θάνατον

2251 1924 2492 1989 αἰώνιον,
2522 1924 2659 1996 πρὸς
2684 1925 2953 1980 ἀθανάτου
2983 1925 3130 1997 ζωῆς
3160 1928 3254 1981 καὶ
3288 1926 3566 1997 βασιλείας
3604 1929 3717 1983 ὑπὸ
3753 1928 3847 1982 σού

2252 2015 2723 2088 καθωρμίσθησαν
2744 2017 2962 2089 λιμένα.

2334 2106 2395 2161 Ἦ
2429 2108 2647 2180 καθαρά
2677 2126 2771 2161 σου
2816 2108 3014 2180 καρδία
3049 2109 3259 2163 ἐνοικον
3284 2109 3484 2181 ἔχουσα
3514 2110 3605 2165 τὸν
3628 2110 3737 2181 τῆς
3761 2112 3846 2165 56-

2254 2196 2351 2268 ξης
2387 2197 2601 2263 Ἥλιον,
2630 2195 2784 2267 σοφὲ,
2835 2194 2984 2270 ἀύλῳ
3038 2200 3179 2267 φωτὶ
3212 2200 3307 2270 ὅλη
3349 2200 3726 2271 κατέλαμπεν,
3753 2202 3844 2254 καὶ

2249 2291 2347 2361 τῆς
2379 2291 2587 2355 οἰκείας
2623 2285 2820 2363 αἴγλης
2868 2291 2970 2355 τὰς
3010 2291 3280 2357 διαδόσεις
3322 2294 3574 2366 ἐναργεῖς
3608 2296 3845 2347 ἐποιεῖτο

2249 2386 2364 2447 τοῖς
2383 2383 2605 2455 ὁρῶσιν.

2334 2480 2422 2532 Ἐν
2450 2482 2516 2551 τῇ
2569 2479 2833 2551 σφενδόνη
2872 2479 2981 2535 τῶν
3026 2479 3338 2534 θεοπλόκων
3387 2480 3682 2551 δογμάτων
3717 2482 3842 2544 tab;

2251 2571 2539 2643 λοιμώδεις
2596 2572 2797 2637 λύκους
2826 2570 2921 2626 καλ¹
2970 2572 3159 2644 βαρεῖς
3185 2572 3385 2635 ἐλάσας
3424 2572 3666 2644 μακρὰν,
3706 2574 3838 2636 ὄσιε,

2249 2661 2352 2732 τῆς
2379 2664 2617 2733 ποίμνης
2662 2680 2779 2729 σου,
2815 2664 2913 2734 τῆς
2950 2663 3256 2733 μανιώδους
3305 2664 3517 2736 Ἀρείου
3555 2665 3841 2735 γλωσσαλ-

2249 2754 2377 2824 γίας
2410 2756 2572 2826 ἀσινῆ
2602 2756 2695 2811 τὸν
2723 2755 2851 2810 λαόν
2884 2773 2978 2809 σου
3009 2755 3275 2811 διεσώσω.

2324 2848 2482 2902 Κατὰ
2518 2850 2612 2903 τὸν
2659 2848 2871 2903 Παῦλον
2911 2848 2995 2902 σοὶ
3042 2849 3249 2919 κόσμος
3288 2848 3434 2915 ἄπας
3457 2848 3836 2922 ἐσταύρωται-

2251 2941 2730 3013 συσταυρούμενος
2810 2939 2889 3012 τῷ
2970 2941 3344 3014 σταυρωθέντι
3414 2940 3682 3013 Χριστῷ,
3747 2944 3840 2996 καὶ

2250 3031 2349 3103 τῆν
2414 3030 2651 3103 ἀρχαίαν
2727 3030 2806 3102 τῷ
2866 3030 3091 3104 σταυρῷ
3153 3031 3319 3087 αὐτοῦ
3383 3031 3613 3087 λύσαντι
3668 3034 3838 3088 κατά·

2252 3139 2373 3194 ραν.

632 3204 1171 3287 θώματα-’Μοιρι-
1195 3211 1388 3289 Virgo,
1419 3216 1539 3273 sola
1559 3216 1674 3273 visa
1706 3232 1767 3273 es
1802 3216 2060 3288 magistra
2090 3217 2144 3273 in

2323 3215 2657 3270 Θεοτοκίον.
2684 3244 2758 3254 -
2795 3214 2998 3285 Μήτηρ
3034 3213 3336 3286 Παρθένος,
3373 3217 3617 3287 ἄσπορον
3639 3214 3837 3305 βρέφος

569 3310 767 3377 terris;
802 3312 1175 3382 quze'puerum
1204 3310 1423 3369 iactasti
1457 3308 1671 3378 absque
1698 3309 1909 3363 semine
1933 3298 2147 3378 natum,

567 3418 665 3473 per
689 3403 854 3472 quem
890 3409 1079 3472 potum
1134 3416 1335 3456 novum
1358 3394 1538 3455 'Israe'l
1568 3397 1744 3454 ebibit
1773 3398 1841 3454 de
1863 3408 2145 3470 prmrupta

566 3500 622 3545 et
656 3493 791 3546 dura
832 3508 1000 3562 rupe;
1039 3507 1135 3563 per
1172 3505 1335 3561 quem
1364 3488 1545 3546 oleum
1576 3496 1630 3545 et
1663 3488 1768 3544 mel
1811 3489 2039 3557 accepit.

906 3668 1017 3725 Ode
1066 3667 1235 3724 VIII.
1272 3667 1471 3740 Legum
1499 3669 1814 3738 primarum.

638 3760 921 3819 Altissima
964 3762 1222 3817 columna
1272 3761 1431 3833 ignea
1472 3760 1842 3816 antecedebas
1883 3759 2152 3815 Christia-

568 3855 699 3909 dum
741 3855 982 3926 plebem,
1012 3868 1155 3909 novo
1178 3853 1729 3925 lsrael'praelucebas,
1755 3854 1933 3918 beate,
1966 3854 2149 3909 tribus

569 3958 697 4018 post
736 3957 785 4001 te
825 3946 1141 4018 gradientes
1180 3946 1519 4011 illuminans,
1559 3954 1615 4000 et
1641 3945 1862 4001 roscida
1888 3946 2034 4002 nube
2064 3963 2151 4003 rc-

569 4041 799 4106 ticiens;
834 4040 995 4096 simul
1027 4049 1083 4095 et
1123 4039 1341 4095 nebulis
1384 4048 1439 4093 et
1491 4037 1749 4108 caligine,
1811 4047 1868 4095 et
1916 4038 2063 4095 fumo
2096 4048 2151 4095 et

570 4134 812 4190 tenebris
845 4133 1137 4204 impiorum
1169 4142 1365 4203 agmen
1390 4130 1724 4188 obscurans.

645 4394 889 4466 Legibus
924 4406 1125 4464 parens
1172 4388 1374 4444 Summi
1416 4387 1679 4452 Pastoris,
1715 4400 1827 4442 non
1866 4399 2151 4441 mercena-

500 4471 504 4475 ’
565 4488 689 4543 rius
723 4484 1047 4557 apparuiSti,
1080 4481 1264 4546 Pater,
1310 4480 1406 4536 sed
1451 4480 1630 4534 bonus
1682 4476 1917 4542 Pastor;
1945 4478 2148 4532 etenim

2252 3303 2585 3376 θηλάξουσα,
2649 3305 2786 3377 μόνη
2850 3303 3040 3377 ὤφθης
3099 3306 3360 3361 δέσποινα
3407 3308 3466 3361 ἐν
3508 3311 3601 3377 γῇ,
3656 3307 3724 3360 δι’
3778 3299 3838 3360 οὗ

2265 3396 2480 3469 Ἰσραὴλ
2535 3396 2689 3466 πόμα
2744 3396 2931 3450 καινὸν
2977 3396 3131 3450 ἔπιεν
3199 3398 3260 3462 ἐξ
3311 3399 3622 3470 ἁκροτόμου
3672 3398 3827 3468 σκληο

2253 3490 2355 3560 ρᾶς
2409 3480 2645 3559 ἁνίκμου
2714 3489 2924 3560 πέτρας
2961 3504 2976 3520 ·
3036 3489 3131 3543 καὶ
3180 3488 3449 3559 ἐθήλασεν
3501 3490 3683 3542 ἔλαιον
3743 3491 3838 3545 καὶ

2255 3581 2402 3653 μέλι.

2654 3672 2795 3744 ’ῼδῂ
2820 3670 2905 3728 H'.
2935 3673 3149 3742 Νόμων
3172 3672 3438 3741 πρώτων.

2322 3763 2724 3837 Οὖρανομήκης
2780 3762 2973 3827 στύλος
3026 3763 3251 3833 πύρινος
3295 3764 3392 3817 τοῦ
3439 3765 3833 3836 Χριστωνύμου

2251 3858 2438 3923 ἔθνους
2488 3857 2986 3929 προπορευόμενος,
3047 3856 3141 3910 καὶ
3178 3855 3276 3909 τοῦ
3317 3856 3439 3911 νέου
3487 3858 3835 3928 προηγούμε-

2252 3966 2340 4013 νος
2376 3947 2598 4019 Ἰσραὴλ
2642 3945 2851 4018 ὤφθης,
2901 3946 3111 4018 μάκαρ,
3156 3946 3407 4016 φωτίζων
3442 3946 3563 4018 ἅμα
3590 3947 3692 4011 τὰς
3742 3950 3836 4017 ἐφ-

2252 4042 2525 4114 επομένας
2576 4057 2659 4094 σοι
2694 4040 2889 4108 φυλὰς,
2924 4040 3020 4092 καὶ
3042 4038 3282 4104 σκιάζων
3313 4038 3416 4108 τῆς
3446 4039 3667 4110 χάριτος
3711 4040 3835 4108 δρο·

2254 4134 2490 4189 σοῆόλων
2534 4132 2769 4204 νεφέλῃῖ·
2832 4131 3061 4203 ὁμίχλης
3111 4131 3167 4185 δὲ
3199 4129 3448 4201 πληρῶν,
3499 4128 3595 4183 καὶ
3638 4128 3833 4199 ἀχλύος

2255 4225 2347 4279 καὶ
2384 4220 2593 4277 καπνοῦ
2632 4222 2727 4275 καὶ
2762 4221 2965 4290 γνόφου
3001 4219 3100 4291 τὴν
3149 4219 3407 4289 φάλαγγα
3453 4218 3567 4273 τῶν
3614 4218 3834 4273 κακοδό-

2255 4316 2381 4381 ξων.

2323 4407 2527 4478 Νόμοις
2580 4403 2809 4475 στοιχῶν
2853 4401 2950 4456 τοῦ
2997 4402 3411 4472 ἀρχιποιμένος,
3454 4398 3518 4454 οὐ
3568 4400 3833 4471 μισθωτὸς

2257 4497 2525 4567 ύπῆρξας,
2554 4494 2759 4564 Πάτερ,
2802 4491 2969 4553 καλὸς
3000 4491 3058 4544 δέ
3110 4492 3320 4562 ποιμήν
3348 4506 3362 4520 ·
3397 4491 3497 4561 τὴν
3530 4489 3713 4563 ψυχήν
3745 4509 3829 4544 σου

575 4580 809 4637 animam
843 4589 990 4632 tuam
1018 4590 1118 4647 pro
1148 4576 1348 4630 ovibus
1380 4572 1635 4643 posuisti,
1671 4572 1908 4626 animam
1946 4570 2150 4625 dedisti

2259 4591 2350 4642 καὶ
2388 4591 2498 4659 γὰρ
2528 4588 2780 4647 τέθεικας
2820 4585 2961 4657 ὑπὲρ
2998 4585 3107 4637 τῶν
3140 4582 3250 4637 σῶν
3282 4583 3599 4653 προϐάτων,
3624 4584 3720 4638 καὶ
3743 4583 3831 4653 τὴν

570 4684 672 4742 pro
695 4669 852 4723 nobis
889 4666 1058 4722 Deum
1090 4664 1332 4720 Verbum
1368 4663 1634 4729 imitatus,
1679 4662 1983 4732 pretiosum
2020 4676 2151 4717 san-

570 4761 792 4833 guinem
822 4759 1116 4813 humanius
1146 4772 1247 4829 pro
1278 4755 1508 4827 ingratis
1543 4753 1936 4809 ell'undentem.

642 4963 1024 5020 Deﬁcientium
1062 4962 1331 5023 levamen,
1370 4964 1621 5029 prompta
1652 4953 1977 5028 amictorum
2011 4956 2155 5010 sola-

572 5057 672 5125 tio,
703 5055 891 5110 mundi
923 5068 1126 5124 prmses
1150 5050 1382 5107 idoneus
1398 5049 1804 5119 ct'aptissimus
1830 5046 2152 5112 auxiliator,

571 5148 659 5205 Sol
686 5148 842 5203 visus
872 5161 932 5202 es
984 5142 1505 5216 splendidissimus,
1558 5141 1828 5195 virtutum
1870 5139 2155 5211 quadrigis

574 5244 788 5307 vectus,
832 5238 1074 5308 sapiens,
1110 5242 1166 5290 et
1217 5234 1519 5307 gratiarum
1578 5246 1749 5288 aureo
1790 5247 1960 5287 curru
2014 5231 2157 5288 insi-

573 5331 732 5386 deus.

645 5423 1036 5478 Miraculorum
1066 5421 1381 5493 splendore,
1410 5427 1465 5473 et
1494 5417 1915 5473 benefactorum
1946 5418 2158 5488 fulgore

576 5531 797 5573 omnem
830 5515 1067 5569 animam
1108 5514 1399 5568 illustrans
1434 5519 1488 5565 et
1537 5509 1812 5574 refovens,
1862 5518 1944 5565 ter
1978 5509 2158 5574 beate,

579 5598 634 5665 et
666 5595 904 5663 tristitim
949 5608 1205 5663 tenebras
1265 5606 1385 5661 luce
1425 5603 1721 5658 hilaritatis
1762 5611 1816 5657 et
1872 5602 2076 5656 laetitia:
2106 5609 2161 5655 et

582 5702 773 5776 gratiae
806 5701 1096 5771 repellens.

576 5796 586 5807 ’
652 5798 968 5854 Certamina
1020 5804 1133 5864 tua,
1167 5802 1223 5851 ct
1252 5809 1424 5858 curae,
1460 5803 1515 5850 et
1562 5794 1798 5859 labores,
1828 5803 1882 5846 et
1907 5790 2158 5855 sudores,

584 5895 734 5952 velut
767 5893 1100 5952 sacriﬁcium
1147 5899 1203 5949 et
1254 5890 1505 5960 fragrans
1553 5895 1892 5957 unguentum
1935 5883 2159 5939 Christo

2258 4680 2394 4732 ἰδίαν
2434 4678 2661 4748 θέμενος
2697 4677 2877 4747 ψυχὴν
2898 4676 3039 4749 ὑπὲρ
3070 4676 3251 4746 ἡμῶν,
3274 4675 3408 4727 Θεὸν
3438 4676 3616 4743 Λόγον
3647 4674 3831 4746 μιμού-

2259 4788 2418 4843 μενος
2457 4772 2551 4824 καὶ
2602 4771 2662 4823 τὸ
2697 4772 2883 4839 τίμιον
2942 4765 3084 4840 αἷμα
3117 4766 3435 4824 κενώσαντα
3471 4766 3833 4839 φιλανθρώπῳ

2256 4865 2441 4935 τρόπῳ
2464 4862 2605 4935 ὑπὲρ
2637 4864 2972 4935 ἀχαρίστων.

2339 4954 2719 5025 Ἀθυμούντων
2792 4954 3080 5023 ἀνάφυξις,
3154 4947 3501 5004 πενθούντων
3558 4947 3834 5018 ἀντίληψις

2255 5047 2426 5116 ὀξεῖα,
2465 5046 2560 5101 τοῦ
2595 5048 2802 5118 κόσμου
2832 5047 3049 5118 ἕτοιμος
3081 5044 3395 5115 προστάτης
3424 5041 3520 5094 καὶ
3551 5041 3833 5113 πρόχειρος

2256 5139 2569 5210 ἐπικουρία,
2623 5137 2940 5209 χρυσοφαὴς
2986 5136 3210 5207 ὼράθης
3246 5134 3419 5204 ἥλιος,
3469 5131 3582 5186 τῶν
3632 5132 3833 5204 ἀρετῶν

2256 5231 2545 5303 τεθρίππῳ
2576 5230 2959 5300 ἐπιδιφρεύων,
2987 5228 3136 5297 σοφὲ,
3169 5228 3264 5281 καὶ
3284 5220 3583 5297 ὀχούμενος
3607 5224 3833 5296 ὀχήματι

2259 5325 2496 5395 χαρίτων
2537 5323 2905 5394 χρυσαντίγῳ.

2329 5414 2638 5486 Θαυμάτων
2687 5414 2870 5486 αίγλῃ,
2918 5410 3251 5484 εὐεργεσιῶν
3312 5406 3653 5482 μαρμαρυγῇ
3707 5424 3838 5477 φρυ⁴

2262 5509 2411 5564 κτῶν
2442 5508 2624 5581 ψυχὴν
2665 5507 2884 5562 ἅπασαν
2908 5507 3004 5560 καὶ
3034 5504 3345 5576 πυρσεύων,
3375 5502 3718 5576 τρισμάκαρ,
3752 5501 3839 5553 καὶ

2258 5600 2404 5668 λύων
2436 5600 2675 5671 ἀθυμίας
2700 5600 2791 5654 τὸν
2826 5599 3010 5669 ζόφον,
3043 5597 3236 5669 φέγγει
3285 5595 3554 5677 εὐθυμίας
3587 5594 3681 5647 καὶ
3711 5610 3841 5664 χαρσ

2265 5690 2433 5768 μονῆς
2465 5696 2561 5748 καὶ
2598 5690 2961 5765 εὐφροσύνης.

2334 5788 2398 5839 υἱ
2432 5786 2526 5840 σοῦ
2573 5786 2783 5854 ἀγῶνες
2819 5784 2915 5837 καὶ
2947 5784 2996 5836 οἱ
3032 5784 3273 5852 κάματοι
3319 5781 3412 5835 καὶ⁸
3458 5780 3509 5833 οί
3545 5780 3709 5852 ἀτμοὶ
3740 5774 3842 5830 τῶν

2263 5880 2463 5949 πόνων,
2496 5878 2592 5936 καὶ
2624 5881 2673 5934 οί
2722 5876 2948 5949 ἱδρῶτες
2983 5893 3101 5946 σου,
3142 5876 3219 5942 ὡς
3253 5873 3507 5947 θυμίαμα
3540 5873 3840 5932 συνθέσεως
