4130 6394
309 434 446 500 1389

1414 439 1727 501 HYMNUS
1759 436 1841 502 IN
1882 441 1944 504 S.
1982 433 2320 503 PETRUM.

3433 437 3568 506 1390

306 551 402 603 καὶ
438 548 732 621 πολύτιμον
771 551 941 624 μύρον
978 548 1059 616 είς
1081 551 1307 617 εὐωδίας
1335 553 1513 625 ὀσμὴν
1546 555 1886 627 προσαχθέν-

2000 559 2195 623 ablata,
2249 571 2301 614 te
2332 558 2536 613 mundo
2580 556 2781 613 [lumen
2824 554 3290 613 sanetiﬂcationis
3322 556 3569 625 praebue-

305 655 398 704 τες
442 638 519 711 τῷ
556 640 798 712 Χριστῷ,
855 642 1102 713 ποταμὸν
1153 643 1516 714 άγίασματος,
1573 645 1668 698 καὶ
1705 646 1887 716 πηγὴν

307 733 454 788 θείου
480 735 676 808 μύρου,
711 736 808 789 καὶ
838 736 1077 806 πέλαγος
1103 737 1679 811 θαυματουργημάτον
1704 740 1893 794 ἔθεντό

307 844 368 880 σε
394 827 605 898 κόσμῳ,
638 826 877 882 Νικόλαε
911 828 1234 900 ίερομύσταέ

378 921 712 975 Θεοτοκίον.
748 951 817 962 —-—
857 921 1028 992 ’Υπὲρ
1079 922 1282 987 αἰτίαν,
1347 921 1487 994 ὑπὲρ
1543 922 1750 977 ἔννοιαν
1798 922 1889 977 τὸν

303 1013 645 1086 προελθόντα
681 1014 855 1083 Λόγον
889 1013 949 1081 ἐξ
987 1015 1233 1070 ἅναιτίου
1273 1016 1508 1085 Πατρὺς,
1551 1016 1775 1070 καὶτῶν
1804 1016 1891 1069 δν-

302 1124 412 1162 των
434 1108 653 1162 πάντων
695 1107 870 1163 αίτιον
900 1109 1297 1181 ὲσωμάτωσας,
1333 1111 1486 1182 Κόρη
1515 1126 1528 1141 ο
1562 1111 1622 1163 σὲ
1644 1109 1752 1181 γὰρ
1803 1110 1890 1179 αἰ-

301 1198 427 1253 τίαν
489 1200 690 1272 ἔσχηκε
744 1200 1120 1272 σαρκούμενος
1177 1202 1241 1255 ὲκ
1291 1200 1410 1264 σοῦ,
1463 1201 1549 1254 ἵνα
1597 1200 1747 1272 σώσῃ
1800 1200 1890 1253 τὸν

303 1290 617 1363 ἄνθρωπον,
651 1293 727 1356 ὡς
757 1291 1141 1365 φιλάνθρωπος
1170 1292 1333 1362 φύσει
1355 1309 1370 1324 ο
1406 1293 1471 1346 δι’
1501 1286 1577 1347 ὢν
1611 1293 1709 1347 καὶ
1737 1289 1892 1363 ἐνηνέ-

305 1384 566 1456 θρὼπησε
615 1385 808 1455 θέλων,
844 1385 942 1440 καὶ
982 1386 1403 1457 συνανέστράφη
1438 1384 1751 1457 ἀνθρώποις
1799 1396 1890 1455 φι-

304 1477 436 1534 λανθ
446 1477 665 1550 ρώπως.

660 1587 802 1661 ᾮδὴ
838 1582 918 1644 9'.
952 1584 1050 1657 Μή
1078 1575 1379 1658 ἐποδύρού
1403 1582 1545 1657 μου.

379 1702 565 1765 Ἶλεως
595 1701 686 1755 ἔσο
729 1719 844 1772 μοι,
880 1678 1087 1772 Σῶτερ,
1123 1701 1183 1754 ὲν
1221 1700 1406 1773 ἡμέρᾳ
1440 1701 1543 1771 τῆς
1594 1700 1770 1772 δίκης,
1802 1688 1891 1755 ὅτε

305 1786 652 1865 παρίσταμαι
708 1790 917 1862 γυμνὸς
967 1790 1047 1862 τῷ
1105 1790 1312 1862 βήματι
1352 1790 1431 1862 τῷ
1481 1792 1559 1862 σῷ
1585 1809 1599 1823 ·
1635 1793 1732 1846 καὶ
1767 1793 1892 1861 ίλέῳ

1990 662 2138 717 runt,
2176 656 2457 708 sacrarum
2503 652 2766 722 magister
2796 649 3043 717 Nicolae,
3068 657 3123 705 et
3150 646 3358 703 fontem
3395 644 3569 703 diviul

1991 744 2201 810 odoris,
2234 751 2289 799 et
2320 743 2726 815 prmstigiosum
2758 754 2927 798 mare.

2068 923 2330 992 Deiparaz.
2353 954 2422 963 —-
2442 921 2647 977 Praeter
2672 926 2920 988 causam,
2948 932 3257 996 praeterque
3275 922 3567 996 cogitatiw

1991 1031 2112 1070 nem
2131 1030 2194 1069 ex
2219 1022 2422 1069 aeterno
2438 1012 2600 1067 Patre
2632 1010 2877 1082 genitum
2894 1027 3081 1068 rerum
3106 1015 3353 1069 omnium
3378 1024 3571 1068 aucto.

1993 1124 2105 1164 rem
2147 1102 2378 1177 corpore
2416 1105 2656 1168 donasti,
2696 1102 2902 1176 Virgo;
2957 1112 3009 1161 te
3054 1107 3204 1161 enim
3246 1106 3570 1177 genitricem

1991 1199 2205 1265 habuit,
2242 1206 2527 1269 assumpto
2556 1206 2813 1267 corpore,
2845 1206 2908 1252 ut
2937 1196 3217 1252 hominem
3252 1198 3465 1253 salvum
3492 1195 3572 1250 fa-

1993 1301 2163 1355 ceret,
2200 1301 2388 1362 utpote
2428 1298 2626 1347 natura
2659 1288 3131 1361 benignissimus;
3196 1284 3305 1358 qua
3357 1286 3575 1342 ratione

1994 1385 2171 1439 libens
2206 1385 2370 1439 homo
2390 1383 2568 1440 factus
2595 1390 2700 1448 est,
2733 1393 2788 1438 et
2812 1379 3105 1452 benignius
3143 1379 3287 1435 inter
3317 1377 3572 1433 homines

1993 1489 2354 1535 conversatus
2388 1485 2492 1533 est.

2429 1591 2542 1648 Od‘e
2578 1584 2607 1645 1
2616 1589 2684 1644 Χ.
2723 1588 2807 1643 Ne‘
2835 1596 2914 1644 nte
2939 1587 3145 1643 doleas.

2067 1688 2385 1787 Misericors
2426 1706 2559 1761 mihi
2594 1712 2741 1785 esto,
2805 1676 3084 1766 Salvator,
3112 1699 3170 1754 in
3215 1698 3305 1753 die
3351 1696 3574 1768 judicii,

1993 1800 2217 1873 quando
2260 1785 2441 1854 nudus
2472 1796 2539 1851 ad
2585 1793 2822 1850 tribunal
2856 1800 3009 1847 tuum
3044 1788 3337 1852 accedam;
3387 1795 3444 1840 et
3476 1785 3575 1840 be-

302 1883 425 1937 τότε
481 1882 719 1954 πρόσχες
792 1899 881 1953 μοι
955 1880 1187 1953 ὄμματι,
1250 1882 1524 1936 Νικολάου
1575 1882 1670 1936 τοῦ
1745 1881 1891 1936 θείου

2000 1896 2161 1965 nigno
2199 1900 2334 1945 tunc
2374 1904 2461 1944 me
2486 1886 2652 1943 oculo
2685 1883 3027 1946 consideres,
3070 1879 3280 1935 Nicolai
3315 1876 3425 1934 diri
3450 1891 3574 1947 gra-

303 1974 665 2045 πρεσϐείαις’
724 1972 789 2029 σὺ
820 1974 931 2044 γὰρ
978 1969 1030 2027 εἷ
1083 1972 1248 2045 μόνος
1294 1974 1465 2037 ὅντως
1516 1974 1756 2046 χρηστὸς
1793 1974 1888 2027 καὶ

2000 1988 2096 2052 lia;
2134 1992 2190 2039 tu
2220 1984 2367 2039 enim
2396 1972 2548 2037 Solus
2582 1993 2706 2034 vere
2725 1977 2907 2032 bonus
2935 1982 2988 2031 ct
3020 1972 3358 2028 misericors.

305 2066 489 2130 ἵλεως.

386 2159 477 2223 Ὠς
507 2158 612 2231 τὴν
651 2157 935 2232 πραότητα
964 2159 1195 2231 στέρξας
1240 2156 1336 2212 τοῦ
1366 2158 1593 2213 Θεόπτου
1624 2157 1888 2223 Μωσέως,

302 2251 400 2305 καὶ
447 2250 548 2323 τὴν
588 2249 800 2303 ἐκείνου
836 2247 1138 2320 ἐκληρώσω
1184 2248 1343 2315 δόξαν
1393 2249 1492 2319 τῆς
1546 2249 1800 2320 μορφῆς’
1830 2248 1893 2301 τὸ

302 2341 416 2413 γὰρ
464 2340 757 2413 πρόσωπόν
805 2356 900 2393 σου
931 2340 1027 2393 καὶ
1069 2339 1209 2409 μετὰ
1255 2338 1486 2393 θάνατον
1535 2339 1894 2411 σελασφόροις

302 2434 492 2487 ἀκτῖσι
535 2431 699 2487 ἀΰλου
736 2429 1019 2502 φωτισμοῦ
1052 2431 1146 2486 καὶ
1186 2431 1329 2502 αὐγῇ
1361 2430 1678 2502 γλυκυτάτη
1735 2448 1894 2502 περι.

303 2525 602 2594 ελάμπετο.

391 2614 832 2687 Ἀναμοχλεύσας
868 2616 932 2669 ὲκ
964 2614 1183 2688 βάθρων
1233 2614 1311 2686 τῷ
1346 2614 1531 2687 μοχλῷ
1565 2615 1675 2668 τῶν
1717 2614 1893 2685 εὐχῶν

307 2727 427 2773 σου,
461 2709 557 2764 καὶ
584 2707 925 2780 τειχοσείστῃ
949 2706 1195 2779 κραταιῷ
1225 2707 1304 2777 τῷ
1319 2708 1468 2777 ὅπλῳ
1498 2707 1593 2760 τοῦ
1627 2706 1889 2777 σταυροῦ,

307 2802 480 2872 ἐναγῆ
536 2800 740 2872 τεμένη
803 2800 1167 2872 μιαρωτάτων
1222 2797 1390 2874 θεῶν,
1434 2800 1655 2867 εὐαγεῖς
1686 2800 1892 2866 οἴκους,

311 2893 524 2965 μάκαρ.
560 2894 849 2964 ἀνήγειρες
893 2892 1116 2964 Χριστῷ
1145 2893 1223 2963 τῷ
1262 2894 1469 2963 κυρίως
1499 2894 1595 2946 καὶ
1627 2892 1773 2963 μόνῳ
1801 2892 1897 2947 καὶ

308 2986 458 3040 κατὰ
479 2984 639 3053 φύσιν
667 2983 810 3055 Θεῷ.

378 3073 524 3137 Νοὺς
573 3072 910 3127 ἀνύστακτον
955 3072 1110 3143 όμμα
1144 3073 1485 3142 κεκτημένος
1515 3073 1610 3126 καὶ
1643 3072 1894 3145 θεόφρον,

310 3164 408 3219 καὶ
466 3164 768 3235 καιομένην
813 3164 1035 3235 ἀρεταῖς
1094 3163 1354 3234 λαμπάδα
1410 3164 1599 3235 νοερὰν
1649 3165 1744 3219 καὶ⁵
1793 3166 1896 3237 ἀρ·-

2066 2163 2543 2221 Mansuetudinem
2599 2161 2693 2228 qui
2749 2157 3016 2229 diligebas
3067 2154 3180 2210 divi
3232 2152 3466 2223 Moysis,
3503 2151 3574 2205 il-

1996 2262 2221 2317 lustrem
2248 2257 2370 2329 ejus
2411 2254 2645 2311 formam
2677 2252 2909 2308 sortitus
2937 2265 3032 2316 es;
3063 2254 3189 2303 nam
3221 2246 3409 2301 vultus
3447 2252 3575 2299 tuus

1993 2352 2081 2408 vel
2111 2359 2235 2423 post
2268 2358 2501 2404 mortem
2534 2344 2707 2402 radiis
2755 2342 3004 2413 fulgebat
3044 2337 3349 2411 splendidis
3389 2335 3575 2390 incor-

1996 2444 2149 2517 porei
2180 2441 2405 2498 luminis
2434 2450 2484 2495 et
2522 2440 2641 2493 luce
2666 2435 3007 2508 gratiSsima.‘

2066 2621 2335 2679 Funditus
2357 2618 2600 2673 avellens
2634 2622 2784 2670 vecte
2815 2617 3037 2683 précum
3075 2617 3320 2671 tuarum,
3360 2612 3420 2660 ut
3444 2616 3575 2659 crus

1997 2716 2079 2771 cis
2110 2714 2284 2767 ariete
2314 2724 2505 2764 muros
2537 2698 3210 2776 quatiens,'exsecrabilia
3244 2697 3443 2765 templa
3468 2693 3575 2748 int-

1998 2808 2217 2878 piorum
2260 2803 2490 2858 deorum
2532 2797 2802 2856 emrtisti.
2842 2795 3040 2857 beate;
3067 2799 3122 2847 et
3164 2796 3385 2845 sanctas
3417 2786 3576 2878 sedes

2000 2862 2222 2955 libristo
2246 2892 2531 2951 aediﬁcasti
2558 2890 2649 2961 qui
2682 2886 2836 2944 selus
2867 2894 2922 2941 et
2945 2894 3139 2940 natura
3169 2896 3295 2937 vere
3321 2862 3487 2935 uelis.

2075 3074 2318 3145 Spiritus
2351 3068 2514 3125 oculo
2557 3062 2821 3138 praaditus
2874 3059 3022 3131 vigili
3062 3066 3117 3114 et
3152 3057 3266 3128 pio,
3298 3063 3351 3109 et
3402 3051 3577 3107 facem

2001 3143 2201 3243 gerens
2233 3160 2535 3219 virtutibus
2568 3158 2850 3212 ardentem
2875 3194 2891 3222 ,
2940 3162 2993 3209 et
3039 3146 3431 3206 miseriCordim
3457 3143 3581 3199 oleo

308 3254 611 3325 δευομένην
691 3252 969 3315 πλουσίως
1044 3252 1276 3306 πάντοτε
1348 3253 1447 3322 τῆς
1523 3252 1896 3323 ὲλεημοσύνης

2004 3237 2347 3317 abundanter
2401 3255 2727 3317 instructus,
2784 3250 2837 3303 in
2903 3244 3164 3316 gaudium
3228 3238 3445 3294 Domini
3496 3237 3580 3290 iu-

312 3346 483 3415 ἐλαίῳ
524 3345 759 3415 δαψιλεῖ,
804 3345 885 3407 εἰς
933 3344 1111 3414 χαρὰν
1156 3344 1507 3415 εἰσελήλυθας
1551 3343 1646 3396 τοῦ
1686 3345 1894 3415 Κυρίου

315 3455 440 3493 σου.

384 3529 533 3585 Νοῦν
561 3527 943 3600 αὐτοκράτορα
968 3526 1108 3599 ἔχων
1136 3527 1247 3582 τῶν
1278 3526 1537 3599 ὀρέξεων,
1583 3529 1791 3600 Πάτερ,
1825 3528 1902 3600 τῷ

2001 3352 2203 3410 ιὋίεῐί.

2021 3520 2311 3587 ’Βῖᾶηθηι
2356 3529 2567 3582 habens
2591 3494 3360 3576 'alTet-libusl‘dominantem,
3396 3498 3580 3571 Pater,

313 3621 961 3695 κοσμοκράτορινὲχθρῷ
1027 3621 1292 3693 ἀντέστης
1346 3621 1656 3693 κραταιῶς,
1712 3621 1898 3693 βοηθὸν

2004 3625 2199 3689 mundi
2268 3620 2503 3693 principi
2563 3616 2738 3672 valide
2806 3606 3095 3673 restitisti,
3180 3600 3583 3672 Omnipotentis

316 3718 634 3790 πλουτήσας
667 3716 759 3770 τὸν
789 3716 1218 3786 Παντοκράτορα
1246 3731 1261 3747 ⁸
1295 3715 1390 3769 καὶ
1424 3714 1614 3768 παθῶν
1657 3715 1904 3785 βασιλεύ-

2005 3718 2209 3774 auxilio
2264 3716 2487 3786 adiutus
2560 3710 2857 3765 affectuum
2916 3717 3011 3758 rex
3064 3694 3371 3769 apparuisti
3421 3698 3584 3749 nocte

319 3832 420 3878 σας
469 3813 752 3884 παρέστης
808 3812 865 3863 ὲν
920 3809 1076 3862 νυκτὶ
1128 3809 1341 3880 βασιλεῖ
1385 3806 1782 3879 Κωνσταντίνῳ
1826 3807 1898 3879 τῷ

2006 3808 2376 3867 Constantino
2404 3799 2745 3873 imperatori.

316 3905 707 3977 αὐτοκράτορα
996 3946 1010 3972 ι

391 3999 531 4052 Οὐδὲ
581 3996 848 4069 παράλιος
892 3996 1144 4067 ψάμμος,
1191 3994 1313 4048 οὐδὲ
1361 3994 1566 4063 πλῆθος
1619 3992 1902 4064 κυμάτων,

316 4094 352 4163 ἢ
391 4092 535 4163 βόλοι
561 4090 753 4162 δρόσου
776 4092 873 4144 καὶ
903 4089 1099 4143 λεπταὶ
1123 4087 1357 4158 ψεκάδες
1387 4086 1629 4157 νιφετοῦ,
1656 4089 1715 4141 οὐ
1748 4087 1907 4159 χορδς

320 4183 592 4255 ἀστέρων,
612 4183 737 4236 οὐδὲ
762 4181 1020 4250 σταγόνες
1042 4180 1265 4254 βροχῆς,
1296 4180 1391 4233 καὶ
1417 4180 1661 4249 ποτάμια
1694 4181 1907 4251 ῥεῖθρα,

320 4277 382 4329 οὐ
415 4276 629 4344 νάματα
667 4276 859 4346 πηγῶν
894 4276 1007 4336 τοῖς
1054 4275 1166 4335 σοῖς
1214 4273 1474 4341 θαύμασι,
1507 4271 1729 4343 Πάτερ,
1765 4284 1909 4341 παρα

326 4365 712 4437 ισωθήσονται.

396 4456 733 4514 Θεοτοκίον.
766 4488 836 4498 -
864 4440 971 4512 Τοῦ
1022 4440 1160 4510 Θεοῦ
1206 4459 1346 4512 κατὰ
1380 4440 1539 4529 χάριν
1586 4458 1715 4522 τοὺς
1762 4457 1912 4521 υἱοὺς

321 4548 433 4602 τῶν
465 4549 768 4621 ἀνθρώπων
798 4550 826 4602 ὀ
850 4549 1123 4613 συναῖδιος
1154 4550 1404 4622 Υἱὸςκαὶ
1433 4551 1604 4618 Λόγος
1633 4549 1726 4604 τοῦ
1752 4549 1908 4615 Θεοῦ,

326 4642 402 4717 ὡς
438 4641 565 4704 Υἱὸς
612 4639 902 4711 ἀνθρώπου
947 4642 1012 4694 ὲκ
1043 4641 1134 4694 σοῦ
1178 4640 1471 4712 γενόμενος
1510 4642 1909 4712 ἀπειργάσατο,

322 4730 502 4800 Κόρη’
523 4729 580 4782 ὃν
597 4729 821 4800 αῖτησαι
844 4729 988 4800 κάμὲ
1018 4728 1134 4783 υἱὸν
1162 4729 1290 4783 ὄντα
1333 4722 1559 4800 γεέννης
1598 4729 1733 4783 Θεοῦ
1762 4724 1914 4799 ποιῆ-

327 4842 421 4878 σαι
452 4825 589 4879 υίόν.

768 4936 1099 4990 ΙΩΑΝΝΟΥ
1138 4934 1497 4988 ΜΟΝΑΧΟΥ

462 5049 704 5103 ΚΑΝΩΝ
743 5049 852 5101 ΕΙΣ
890 5049 1026 5101 TON
1073 5046 1279 5099 ΑΓΙΟΝ
1311 5044 1588 5101 ΠΕΤΡΟΝ
1639 5046 1777 5101 ΤΟΝ

908 5117 1329 5171 ΚΟΡΥΦΑΙΟΝ.
1458 5148 1461 5151 -

333 5230 418 5293 Οὖ
447 5235 486 5303 ἡ
516 5235 866 5303 ἁκροστιχίς
897 5248 909 5263 ·
943 5232 1176 5315 Μολπῂν
1210 5232 1320 5301 ᾅδω
1351 5246 1454 5295 σοι,
1489 5229 1683 5301 Πέτρε.
1703 5229 1914 5297 ’Ὑμνος

1005 5304 1253 5355 Ἰωάννου
1268 5341 1280 5356 .

346 5420 596 5491 ᾮδὴὲΑν,
628 5416 814 5488 Ἧκος
848 5419 1067 5487 βαρύς.
1103 5417 1319 5470 Νεύσει
1367 5428 1484 5468 σου
1515 5412 1664 5480 πρὸς
1700 5411 1909 5482 γεώδη.

410 5512 569 5585 [Cod.
597 5511 637 5567 f.
688 5511 791 5566 10⁵1
824 5509 905 5583 ὶ).]
949 5510 1134 5579 Μάνην
1179 5507 1518 5578 ὲπιποθήσας
1552 5506 1661 5560 τῶν
1694 5505 1916 5574 ἀγαθῶν

334 5604 447 5659 τῶν
481 5604 805 5675 μελλόντων,
822 5602 973 5672 σοφὲ,
990 5602 1089 5672 τὴν
1112 5600 1433 5664 ἀπόλαυσιν,
1456 5598 1527 5652 τὰ
1554 5596 1744 5668 ῥέοντα
1776 5615 1914 5667 παρα

2077 3988 2189 4042 Nec
2221 3995 2391 4038 arena
2416 3975 2618 4032 littoris
2650 3989 2748 4027 nec
2779 3970 3047 4025 ﬂuctuum
3083 3964 3264 4028 turba,
3303 3975 3403 4016 nec
3442 3958 3587 4013 roris

2010 4078 2259 4152 guttulaa,
2301 4064 2401 4128 nec
2448 4058 2639 4125 tenues
2696 4052 2839 4119 nivis
2870 4059 3123 4133 globulae,
3178 4068 3280 4109 nec
3310 4058 3586 4107 astrorum

2010 4142 2236 4234 chorus,
2269 4174 2370 4221 nec
2406 4161 2720 4217 nimborttm
2760 4154 2952 4217 stillat,
2994 4158 3089 4205 aut
3131 4144 3371 4201 ﬂuminis
3404 4142 3587 4204 undae,

2010 4274 2106 4319 aut
2138 4261 2372 4315 fontium
2407 4236 2625 4326 lympha
2656 4239 2893 4321 possunt
2934 4240 3215 4298 miraculis
3247 4239 3376 4304 tuis,
3404 4234 3591 4299 Pater,-

2012 4348 2339 4420 comparari.

2084 4416 2351 4508 Deiparw.
2385 4450 2452 4476 --‘
2482 4430 2577 4488 Dei
2629 4430 2803 4500 gratia
2843 4426 2986 4481 ﬁlios
3033 4421 3314 4477 hominum
3366 4416 3590 4501 liberet,

2025 4535 2117 4607 qui
2148 4493 2320 4587 Filius
2353 4527 2445 4583 Dei
2479 4493 2788 4581 coaeternus
2830 4528 2885 4574 et
2920 4517 3180 4579 Verbum,
3204 4526 3302 4582 per
3326 4516 3379 4563 te
3420 4493 3595 4561 Filius

1944 4599 1988 4653 θ
2016 4599 2258 4683 hominis
2291 4621 2466 4676 factus
2498 4626 2605 4683 est,
2638 4614 2842 4685 Virgo;
2874 4610 2968 4681 qui
3003 4624 3089 4663 me
3115 4606 3286 4661 ﬁlium
3334 4600 3596 4672 gehennae

2022 4717 2303 4789 inquirere
2331 4714 2479 4769 venit
2511 4723 2570 4765 ut
2600 4707 2695 4763 Dei
2724 4706 2865 4761 illius
2899 4702 3105 4757 ﬁerem.

2420 4933 2548 4990 10A
2562 4928 2750 4986 NNIS
2796 4903 3150 4984 ΜοΝΑοὴΙ

2158 5044 2451 5103 muan
2494 5043 2558 5098 IN
2587 5040 2916 5165 13%?ng
2932 5016 3216 5089 rerum!
3243 5025 3457 5085 comr-

2025 5234 2219 5287 Primaa
2232 5245 2474 5286 versuum
2499 5227 2537 5280 li
2545 5235 2690 5279 (terre
2707 5223 2842 5287 signi
2848 5222 3011 5289 licunt
3031 5235 3049 5273 ι
3065 5217 3297 5272 Carmen
3314 5211 3414 5268 tibi
3433 5222 3593 5275 cano,

2431 5295 2624 5361 Petre;
2659 5288 2897 5365 hymnus
2938 5288 3189 5344 Joannis.

2059 5412 2172 5468 Ode
2197 5411 2246 5464 1.
2282 5409 2455 5465 Sanus
2484 5407 2680 5478 gravis.
2723 5401 3077 5458 Inclinatione
3107 5408 3197 5452 tua
3225 5394 3294 5449 ad
3331 5404 3560 5449 terrena.

2090 5504 2265 5561 Unico
2283 5501 2481 5555 ardens
2506 5498 2815 5552 futurorum
2835 5494 3103 5549 bonorum
3128 5488 3330 5552 studio,
3356 5485 3595 5554 sapiens,

2022 5593 2248 5664 fugitiva
2287 5587 2584 5653 fastidisti;
2616 5585 2760 5640 unde
2792 5583 3014 5638 Christo
3043 5576 3318 5634 adlimsisti
3381 5573 3595 5628 ferven-

337 5674 609 5768 έδραμεςο
645 5676 766 5749 ὂθέν
821 5693 1042 5766 Χριστῷ
1088 5693 1385 5763 ὲκολλήθης
1433 5691 1526 5744 καὶ
1573 5687 1898 5758 συνεκράθης

2021 5687 2234 5741 tiSsima
2269 5698 2392 5739 cum
2429 5695 2494 5735 eo
2526 5677 2819 5733 dilectione
2848 5674 3199 5745 conjunctus.

340 5788 491 5858 αὐτῷ
519 5787 767 5857 διαπύρῳ
808 5786 1031 5855 στοργῇ.

416 5852 578 5934 ’ὀλον
783 5852 1155 5950 πυρακτώσας
1192 5852 1357 5947 πυρὶ
1412 5872 1560 5943 άΰλῳ
1619 5872 1713 5927 καὶ
1781 5868 1911 5940 θείῳ

2092 5861 2288 5920 Totum
2344 5871 2395 5917 te
2453 5859 2578 5931 igne
2623 5858 2948 5928 incorporeo
2998 5860 3052 5911 et
3105 5847 3291 5906 divino
3350 5839 3595 5913 perussit
