4130 6406
581 433 710 500 1391

2051 429 2431 493 ADDENDA.
2532 412 2535 415 ’

3728 421 3870 489 I392

574 548 984 611 carbunculus;
1018 559 1179 616 quem
1222 543 1358 599 vidit
1416 542 1548 599 olim
1602 541 1774 601 Isaias
1819 542 2038 613 ﬂamma
2070 541 2155 597 in-

2261 540 2287 594 6
2332 536 2543 610 ἄνθραξ
2592 536 2797 601 ᾶῦλοςθ
2828 536 2890 591 δν
2943 529 3081 590 εῐδεν
3137 534 3371 600 Ἡσαΐας
3428 534 3561 590 ποτὶ
3609 535 3868 608 ἄνθρακα

577 652 840 707 corporea
866 650 1117 693 errorum
1158 650 1361 706 corpus
1396 633 1833 692 comburentem.

643 819 947 879 Lucernam
1004 818 1290 875 ardentem
1345 826 1402 874 et
1444 815 1697 888 lampada
1759 816 2162 887 splendentem,

578 918 693 973 luce
725 915 925 971 divinae
950 913 1259 985 disciplina:
1292 920 1503 968 mentes
1529 911 1954 975 illuminantem,
1980 908 2161 975 Petre,

577 1009 813 1080 pra>buit
839 1019 890 1064 te
933 1007 1173 1078 Spiritus
1198 1016 1427 1062 sanctus
1452 1004 1710 1077 gentibus
1738 1003 1883 1059 inter
1905 1002 2163 1059 tenebras

575 1099 921 1171 degentibus.

645 1191 831 1255 Fides,
863 1208 1013 1262 spes,
1042 1192 1309 1258 charitas,
1337 1191 1549 1248 militiae
1579 1200 1685 1248 tuae
1705 1205 1894 1257 arma;
1926 1189 2162 1247 infracta

576 1284 771 1349 lorica,
811 1286 1069 1356 utrinque
1092 1293 1291 1342 acutus
1329 1286 1507 1351 ensis,
1539 1294 1595 1342 et
1633 1287 1785 1358 galea
1819 1284 2039 1351 Salutis,
2070 1299 2163 1342 ve-

578 1379 821 1435 nerande
855 1380 1121 1450 apostole.

651 1557 1247 1627 Deiparw.—Apertus
1284 1562 1395 1622 est,
1423 1553 1521 1611 Dei
1551 1553 1829 1621 Genilrix,
1863 1552 2161 1626 purissimo

578 1660 672 1706 tuo
688 1648 828 1704 Filio
859 1650 1119 1719 antiquus
1148 1648 1459 1719 paradisus,
1488 1662 1655 1717 quem
1682 1647 1955 1702 clauserat
1983 1645 2161 1717 prima

573 1756 815 1812 parens;
856 1749 910 1798 et
947 1740 1132 1813 generi
1163 1740 1448 1796 hominum
1488 1740 1744 1797 restituta
1788 1749 1874 1797 est
1927 1739 2159 1810 pristina

577 1836 774 1905 patria.

954 1950 1076 2005 ‘Ode
1100 1946 1223 2005 III.
1261 1949 1365 2016 Qui
1402 1951 1459 2006 in
1486 1950 1769 2021 principio.

646 2066 843 2139 Aquila
872 2067 1180 2137 apparuisti
1207 2067 1447 2124 nubibus
1486 2064 1744 2135 invécta;
1778 2084 1904 2125 nam
1937 2069 1992 2124 in
2016 2070 2159 2126 oculi

576 2158 733 2224 ictu,
784 2158 973 2214 divino
1015 2166 1072 2215 et
1123 2160 1497 2232 omnipotente
1548 2162 1799 2232 Spiritu,
1867 2162 1937 2217 de
1987 2161 2159 2218 Roma

574 2253 630 2307 in
662 2252 795 2308 Sion
827 2267 924 2324 per
955 2252 1153 2308 nubem
1186 2254 1489 2311 translatus
1519 2270 1597 2321 es,
1616 2255 1793 2311 vivam
1830 2253 1923 2311 Dei
1959 2255 2159 2311 nubem

574 2354 893 2403 curaturus.

644 2523 777 2592 Quae
806 2526 1061 2597 purgavit
1112 2526 1280 2591 Deus,
1334 2528 1492 2583 solus
1550 2535 1750 2583 natura
1802 2529 2064 2595 mundus,
2094 2544 2164 2585 ne

573 2618 741 2674 violet
775 2618 962 2685 homo,
1002 2620 1204 2691 inquit.
1239 2619 1374 2674 Nam
1409 2622 1594 2676 omnia
1628 2621 1724 2678 Dei
1757 2637 1925 2693 opera
1956 2623 2160 2678 munda

572 2711 838 2777 mundis;
877 2721 1237 2785 quapropter,
1270 2713 1456 2781 Petre,
1493 2716 1724 2785 purillca
1756 2730 1845 2772 me
1902 2716 2163 2787 precibus

573 2800 683 2856 tuis
710 2802 780 2857 ab
806 2802 1109 2860 immundis
1139 2804 1452 2862 affectibus.
1561 2814 1596 2847 ο

638 2978 862 3039 Plebem
895 2985 1169 3042 allocutus
1197 2987 1253 3042 in
1304 2986 1465 3055 Sion,
1518 2998 1573 3046 et
1625 2988 1700 3044 ibi
1760 2990 2000 3061 primum
2035 2991 2158 3046 tidei

575 3092 884 3133 sermonem
916 3078 1254 3149 pradicans,
1296 3081 1484 3137 statim
1520 3096 1758 3137 messem
1794 3080 1970 3137 tulisti
2014 3082 2161 3138 fera-

574 3184 716 3237 cem,
739 3178 795 3226 et
826 3172 879 3227 in
907 3172 1127 3229 Christo
1147 3175 1383 3245 genuisti
1406 3174 1859 3233 celebratissima;
1879 3172 2159 3241 Trinitati,

572 3261 862 3319 ecclesiam
895 3264 1059 3320 trium
1098 3266 1328 3323 millium
1356 3268 1624 3326 virorum.

652 3438 807 3497 Velut
848 3442 951 3497 faex
988 3442 1138 3499 aeria
1168 3453 1330 3503 nocte
1369 3460 1466 3516 per
1500 3447 1673 3502 maria
1704 3448 2051 3520 navigantes,
2085 3448 2161 3505 ita

574 3548 728 3590 mare
757 3534 1110 3599 tenebrosum
1140 3543 1195 3592 et
1252 3538 1553 3594 obscurum
1612 3540 1905 3611 procellosi
1950 3542 2161 3600 erroris

575 3626 929 3685 traducentes
962 3628 1084 3686 luce
1114 3628 1240 3687 ﬁdei
1272 3630 1624 3697 illuminasti,
1656 3631 1840 3691 Petre.

650 3913 915 3982 Deiparw.
945 3945 1017 3958 -—-
1038 3911 1117 3972 Te
1143 3931 1420 3973 summum
1438 3918 1739 3991 refugium,
1762 3927 1816 3976 et
1840 3920 1909 3975 ad
1940 3921 2162 3978 salvan-
2232 3977 2247 3997 ρ

574 4008 701 4063 dam
743 4008 1154 4079 paratissimam
1193 4011 1627 4081 auxiliatricem,
1680 4013 1937 4081 Domina,
1991 4016 2160 4072 vehe-

574 4110 789 4157 menter
822 4117 922 4159 oro
948 4112 1003 4159 et
1042 4105 1331 4175 deprecor,
1384 4105 1624 4162 animam
1673 4122 1851 4164 meam
1892 4110 2117 4181 suscipe
2141 4150 2156 4175 ,

573 4210 603 4249 a
652 4196 1011 4253 tabernaculo
1060 4200 1426 4271 migrantem,
1494 4209 1590 4269 et,
1651 4202 1915 4260 derelicta
1970 4211 2152 4270 terra,

573 4289 735 4344 aliam
772 4291 1048 4361 regionem
1090 4292 1409 4362 petituram.

1022 4407 1136 4465 Ode
1172 4407 1281 4467 IV.
1321 4410 1430 4480 Qui
1460 4420 1732 4483 paternos.

642 4498 745 4565 Qui
785 4499 1189 4573 discipulorum
1226 4505 1475 4561 omnium
1510 4506 1723 4576 primus
1758 4510 2054 4565 cucurristi
2088 4509 2155 4564 ad

2274 631 2447 704 πυρὸς
2489 626 2656 685 ἁῢλου
2707 629 2935 685 καίοντα
2964 647 2976 660 ·
3014 630 3115 701 τὴν
3166 629 3303 701 ὕλην
3351 629 3451 702 τῆς
3495 626 3711 701 πλάνης
3750 630 3869 682 ἁπ-

2273 721 2494 795 ἔφηνεν.

2342 814 2552 885 Λύχνον
2583 812 3000 884 φωτοϐολοῦντα
3041 815 3139 869 καὶ
3164 813 3455 886 χρυσαυγῆ
3484 830 3545 868 σε
3577 814 3867 886 λαμπάδα,

2269 904 2334 960 τὸ
2404 907 2612 978 φέγγος
2676 908 3066 979 πυρσεύουσαν
3128 908 3229 977 τῆς
3277 906 3431 971 Θείας
3484 906 3864 976 ὶπιγνὼσεως,

2271 998 2469 1073 Πέτρε,
2493 1001 2555 1055 τὸ
2576 1000 2733 1071 ἅγιον
2759 1000 2981 1073 Πνεῦμα
3009 1003 3122 1067 τοῖς
3153 1001 3562 1074 ὲσκοτισμένοις
3588 1000 3868 1066 ἀνέδε.ξεν

2270 1092 2504 1148 ἔθνεσιν.
3668 1094 3675 1099 ’

2344 1186 2567 1253 Πίστις,
2623 1185 2814 1250 ἐλπὶς,
2868 1186 3101 1260 ἀγάπη,
3151 1187 3254 1256 τῆς
3313 1184 3415 1255 σῆς
3474 1184 3742 1254 στρατιᾶς
3794 1185 3868 1238 τὰ

2270 1278 2413 1333 ὅπλα
2443 1298 2460 1311 υ
2520 1281 2548 1334 6
2606 1276 2793 1351 θώραξ
2823 1280 2851 1332 6
2895 1281 3195 1351 ἄρρηκτος,
3235 1282 3269 1350 ὴ
3307 1280 3555 1349 μάχαιρα
3603 1279 3638 1347 ἡ
3683 1277 3867 1331 δίστο-

2273 1387 2395 1441 μος,
2431 1371 2528 1425 καὶ
2554 1373 2587 1444 ἡ
2616 1372 3075 1444 περικεφαλαίαή
3105 1372 3201 1426 τοῦ
3251 1372 3545 1444 σωτηρίου,
3590 1369 3868 1425 ἀπόστολε

2269 1461 2441 1533 τίμιε.

2343 1558 2681 1614 Θεοτοκίον.
2725 1591 2796 1601 -
2848 1562 3168 1625 Ἦνοικται,
3218 1558 3529 1629 Θεομῆτερ,
3584 1556 3666 1627 τῷ
3723 1572 3865 1610 παν-

2258 1647 2528 1721 ιαχράντιρ
2557 1668 2653 1705 σου
2679 1652 2826 1723 τόκῳ
2859 1653 2888 1705 6
2917 1652 3087 1706 πάλαι
3115 1651 3464 1720 παράδεισος,
3493 1649 3553 1702 ὃν
3581 1651 3614 1719 ἡ
3641 1648 3867 1718 προμή-

2269 1755 2383 1809 τωρ
2412 1739 2625 1795 ἔκλεισε
2653 1761 2668 1777 ο
2710 1744 2805 1798 καὶ
2850 1743 2929 1813 τῷ
2973 1742 3084 1796 τῶν
3112 1740 3421 1815 ἀνθρώπων
3452 1743 3599 1811 γένει
3626 1740 3797 1794 πάλιν
3828 1740 3863 1811 η

2270 1827 2475 1901 ἀρχαία
2509 1832 2708 1904 πατρὶς
2736 1833 3071 1888 ἀποδέδοται.

2604 1946 2745 2017 ’ῼὸὴ
2771 1948 2858 2004 Γ¹.
2906 1947 2969 2001 ’0
2999 1946 3128 2001 κατ’
3147 1945 3344 2018 ἀρχὰς
3374 1947 3540 2014 τούς.

2340 2055 2756 2129 Νεφελοδρὸμος
2784 2058 2941 2121 ἀετὸς
2965 2061 2994 2113 6
3018 2059 3326 2132 πεζοπύρος
3359 2059 3640 2133 ἐδείχθηςο
3675 2060 3740 2116 ἐν
3767 2064 3861 2134 ῥο-

2271 2152 2347 2222 πῇ
2410 2150 2521 2219 γὰρ
2588 2149 2781 2223 ὥσπερ
2832 2151 3139 2224 ὀφθαλμοῦ,
3189 2152 3267 2223 τῷ
3317 2154 3709 2226 παντουργικῷ
3762 2156 3859 2208 καὶ

2269 2239 2400 2312 Θείῳ
2466 2242 2771 2313 Πνεύματι,
2848 2243 2959 2298 ἀπὸ
3023 2244 3125 2316 τῆς
3188 2242 3409 2316 Ῥώμης
3469 2247 3530 2301 ὲν
3568 2242 3709 2299 Σιὼν
3768 2244 3860 2300 διὰ

2267 2333 2500 2406 νεφέλης
2557 2336 2747 2406 ἐγένου
2768 2374 2785 2403 ,
2840 2334 3108 2409 κηδεῦσαι
3167 2338 3268 2409 τὴν
3323 2336 3570 2410 ἔμψυχον
3622 2339 3859 2410 νεφέλην

2268 2426 2428 2481 Θεοῦ.

2342 2522 2410 2574 "A
2460 2521 2757 2595 ἐκαθάρισε
2790 2523 2943 2589 Θεὸς,
2980 2525 3008 2577 6
3052 2522 3294 2593 καθαρὸς
3348 2525 3511 2592 φύσει
3566 2526 3748 2595 μόνος,
3777 2528 3853 2597 μὴ

2265 2614 2529 2669 κοινούτω
2577 2615 2887 2688 ἄνθρωπος,
2931 2616 3099 2687 φησί’
3156 2618 3253 2670 καὶ
3304 2617 3415 2689 γὰρ
3476 2618 3692 2689 καθαρὰ
3738 2622 3853 2681 τοῖς

2263 2706 2527 2775 καθαροῖς
2560 2706 2677 2760 ἐστι
2708 2707 2887 2763 πάντα
2916 2708 2986 2763 τὰ
3016 2707 3156 2781 ἔργα
3200 2708 3300 2763 τοῦ
3329 2708 3466 2764 Θεοῦ
3492 2727 3507 2740 ·
3552 2710 3633 2765 διδ
3662 2711 3855 2766 παθῶν

2263 2799 2593 2871 ἀκαθάρτων
2644 2801 2886 2873 καθαρόν
2949 2819 3043 2873 με,
3098 2801 3299 2875 Πέτρε,
3351 2804 3475 2866 ταῖς
3532 2804 3856 2873 πρεσϐείαις

2266 2907 2385 2947 σου.

2332 2986 2740 3057 Δημηγορήσας
2768 2986 2826 3041 ὲν
2860 2986 3022 3054 Σιὼν,
3066 2988 3288 3041 καὶτὸν
3335 2988 3439 3058 τῆς
3482 2987 3722 3051 πίστεως
3763 2987 3853 3041 16-

2262 3094 2359 3145 γον
2412 3079 2790 3150 κατασπείρας
2830 3080 3049 3151 πρῶτος
3095 3082 3154 3135 ιν
3183 3081 3343 3153 αὐτῇ,
3393 3080 3661 3152 πολύχουν
3692 3079 3853 3144 εὐθὺς

2262 3168 2354 3223 τὸν
2383 3171 2586 3241 στάχυν
2630 3172 2895 3243 ἧνεγκας,
2941 3173 3380 3243 καρποφορήσας
3420 3173 3481 3226 ἐν
3513 3171 3735 3244 Χριστῷ
3783 3174 3851 3242 τῇ

2184 3261 2230 3324 C
2264 3264 2603 3335 πανυμνήτῳ
2652 3264 2868 3335 Τριάδι,
2919 3264 3131 3333 ἀνδρῶν
3184 3264 3504 3337 τρισχιλίων
3560 3263 3854 3335 ἐκκλησίαν

2266 3355 2494 3425 σεπτήν.

2343 3446 2434 3511 Ὠς
2493 3447 2734 3521 διαέριος
2778 3446 2988 3521 πυρσὸς
3026 3449 3139 3511 τοῖς
3187 3448 3248 3502 ὲν
3293 3447 3526 3517 πελάγει
3577 3446 3852 3518 θαλάσσης

2264 3540 2659 3612 ποντουμένοις
2725 3540 2893 3610 μέσον
2956 3539 3055 3611 τῆς
3128 3541 3345 3605 νυκτὸς,
3416 3540 3681 3604 ὡσαύτως
3741 3542 3853 3603 τοῖς

2264 3632 2489 3687 πλέουσι
2535 3633 2635 3704 τὴν
2676 3632 2956 3688 θάλασσαν
2999 3632 3101 3704 την
3149 3632 3387 3705 ζοφερὰν
3431 3632 3529 3687 καὶ
3571 3632 3850 3700 σκοτεινὴν

2262 3723 2363 3795 τῆς
2402 3724 2781 3798 πολυκύμονος
2827 3726 3035 3798 πλάνης
3074 3725 3281 3797 ἔφανας
3315 3725 3476 3796 φωτὶ,
3519 3725 3718 3796 Πέτρε,
3754 3723 3849 3794 τῆς

2263 3819 2523 3883 πίστεως.
3444 3832 3459 3845 ¹

2336 3911 2671 3966 Θεοτοκίον.
2706 3943 2775 3955 -
2801 3912 2868 3966 Σὲ
2900 3911 3173 3984 κραταιὰν
3202 3910 3550 3981 καταφυγὴν,
3581 3912 3674 3964 καὶ
3713 3910 3848 3982 πρὸς

2260 4006 2322 4061 τδ
2353 4005 2550 4070 σώζειν
2583 4004 2811 4077 ἑτοίμην
2841 4007 3199 4079 προστασίαν,
3250 4006 3541 4069 Δέσποινα,
3582 4005 3844 4069 πλουτῶν,

2262 4096 2482 4169 θερμῶς
2513 4096 2743 4151 ἱκετεύω
2783 4112 2843 4152 σε
2874 4100 2969 4153 καὶ
2997 4098 3213 4168 δέομαι,
3245 4098 3346 4168 τῆς
3392 4098 3535 4168 ἐμῆς
3582 4096 3845 4168 «ptio-met

2258 4188 2460 4262 ψυχῆς,
2490 4191 2872 4262 χωριζομένης
2898 4189 2996 4245 τοῦ
3028 4192 3287 4264 σκήνους,
3336 4191 3431 4244 καὶ
3474 4194 3612 4261 πρὸς
3646 4190 3846 4261 κόσμον

2260 4283 2419 4340 ἄλλον
2440 4282 2783 4356 ἀπαιρούσης
2807 4286 2873 4339 ἐκ
2900 4283 3025 4357 γῆς.

2689 4397 2830 4469 ’ῼδὴ
2860 4399 2937 4452 Δ’.
2980 4397 3046 4451 '0
3080 4395 3429 4464 πατρικούς.

2343 4491 2402 4548 '0
2454 4490 2791 4563 προδραμὼν
2839 4491 3059 4546 πάντων
3117 4487 3380 4561 μαθητῶν
3422 4488 3516 4542 ἐπὶ
3554 4487 3649 4541 τὸν
3684 4488 3842 4557 τάφον

571 4592 884 4662 sepulcrum
929 4595 1406 4664 prastantissima‘.
1454 4598 1593 4665 vitae,
1649 4599 1705 4655 in
1753 4601 2008 4671 sepulcro
2062 4618 2154 4673 pe-

2261 4587 2360 4658 τῆς
2408 4585 2774 4639 ὲνυποστάτου
2834 4582 3004 4651 ζωῆς,
3056 4579 3152 4637 τδν
3206 4582 3267 4634 ἒν
3315 4577 3476 4651 τάφῳ
3537 4596 3605 4651 με
3652 4578 3839 4634 καθεύο

568 4692 717 4739 ιτωω
762 4684 1146 4743 obdurationis
1178 4686 1541 4745 dormientem
1596 4689 1776 4746 excita
1809 4706 1895 4749 me
1920 4707 2017 4764 per
2040 4708 2158 4765 pte-

569 4772 883 4827 nitentiam.

644 4864 946 4920 Recordari
977 4865 1167 4919 horret
1200 4879 1358 4922 mens
1386 4874 1521 4937 quot
1554 4875 1759 4936 terras,
1797 4878 1935 4940 quot
1978 4872 2152 4926 maria

569 4958 891 5029 pervadere,
922 4964 1055 5027 quot
1084 4957 1339 5025 sudores,
1369 4966 1503 5029 quot
1532 4960 1749 5017 labores
1782 4963 2020 5033 perferre
2043 4978 2152 5019 non

569 5049 835 5107 dubitasti
866 5064 967 5122 pro
993 5049 1291 5123 Evangelia
1317 5051 1533 5122 gratiae.

636 5228 697 5284 In
727 5228 875 5283 malo
902 5241 1311 5285 consenescens
1339 5229 1537 5299 procul
1581 5244 1613 5285 a
1640 5228 1735 5301 via
1765 5228 1886 5296 Dei,
1916 5240 2153 5303 utroque

570 5317 774 5388 poplite
805 5318 1091 5375 claudico:
1133 5318 1379 5385 devium,
1416 5327 1631 5389 sancte,
1658 5319 1727 5375 ad
1752 5323 2016 5380 virtutem
2063 5338 2153 5381 re-

566 5407 766 5465 forma.

636 5520 937 5593 Acceptam
975 5539 1005 5579 a
1034 5524 1256 5582 Christo
1305 5523 1632 5592 Ecclesiam,
1677 5542 1844 5597 quam
1882 5527 2001 5600 ipse
2039 5525 2150 5585 Do-

566 5612 755 5670 minus
777 5615 1091 5679 constituit,
1115 5632 1223 5673 non
1251 5625 1435 5673 autem
1468 5618 1744 5686 homines,
1775 5619 1914 5677 bene
1947 5620 2150 5694 guber-

566 5706 735 5771 nasti,
767 5715 827 5762 ut
860 5723 1075 5775 navem,
1105 5710 1368 5781 apostole.

638 5885 717 5944 Te
738 5890 979 5961 speciem
998 5888 1191 5959 Iacob,
1221 5905 1386 5963 quam
1417 5890 1699 5959 mundam,
1733 5902 1787 5951 et
1812 5895 2067 5964 electam,
2092 5905 2146 5955 et

2264 4678 2424 4733 δοντα
2462 4676 2721 4741 λιθὼδους
2762 4674 3098 4748 πωρώσεως,
3140 4672 3229 4729 διὰ
3270 4673 3566 4747 μετάνοιαν
3613 4675 3840 4746 ἀνάστη-

2348 4861 2578 4933 Ἰλιγγιᾷ
2618 4859 2741 4925 νοῦς
2784 4859 3073 4915 κατανοεῖν
3115 4858 3214 4928 τὴν
3254 4856 3314 4911 ἐν
3361 4855 3611 4927 θαλάσσῃ
3665 4857 3754 4910 καὶ
3788 4856 3838 4910 ἐν

2263 4958 2333 5026 γῇ
2380 4953 2627 5025 περίοδον
2650 4971 2665 4984 ’
2721 4954 2850 5017 τοὺς
2918 4948 3173 5022 ἱδρῶτας,
3228 4950 3357 5013 τοὺς
3406 4948 3693 5020 καμάτους
3750 4966 3838 5003 σου

2261 5048 2358 5111 οὓς
2396 5047 2555 5119 ῐτλης
2595 5045 2900 5117 γηθόμενος
2944 5043 3088 5117 ὑπὲρ
3127 5039 3223 5097 τοῦ
3254 5040 3596 5113 Εὐαγγελίου
3621 5039 3721 5110 τῆς
3749 5042 3837 5112 χά-

2300 5156 2432 5202 ιτος.
2804 5153 2813 5162 ”

2266 5157 2670 5291 ριῖῗὲλαιωθεὶς
2694 5225 2816 5292 ὅλος
2862 5228 2921 5279 ὲν
2972 5226 3165 5289 κακοῖς
3210 5223 3319 5278 ἀπὸ
3358 5223 3471 5278 τῶν
3515 5222 3721 5295 τρίϐων
3750 5217 3834 5273 τοῦ

2260 5317 2398 5374 Θεοῦ
2469 5316 2716 5390 ὲχὼλανα
2790 5315 3136 5387 ἀμφοτέραις
3208 5314 3332 5376 ταῖς
3396 5311 3615 5381 ἰγνύαις
3692 5326 3791 5379 μου
3818 5322 3834 5337 ο

2260 5410 2556 5480 ἁρτίωσον,
2588 5409 2735 5479 ἆγιε,
2768 5406 2863 5463 τὸν
2895 5405 3033 5477 πρὸς
3067 5404 3272 5477 ἀρετὴν
3299 5420 3367 5474 με
3397 5402 3729 5473 χωλεύοντα.

2343 5522 2439 5577 Ἐκ
2463 5518 2560 5576 τοῦ
2610 5518 2849 5592 Χριστοῦ
2883 5520 2947 5573 σὺ
2976 5515 3316 5591 παραλαϐὼν
3344 5515 3446 5585 τὴν
3491 5514 3834 5584 Ἐκκλησίαν,

2258 5617 2326 5688 ἢν
2382 5613 2549 5678 αὐτὸς
2588 5614 2618 5668 6
2673 5611 2882 5685 Κύριος
2939 5612 3036 5665 καὶ
3088 5609 3189 5665 οὐκ
3242 5608 3527 5681 ἄνθρωποι
3578 5605 3833 5675 ἐπήξατο,

2261 5706 2440 5772 καλῶς
2522 5705 2901 5777 ὲκυϐἑρνησας
2978 5704 3057 5767 ὡς
3129 5702 3333 5757 ὁλκάδα
3398 5699 3647 5773 ταύτην,
3710 5696 3837 5752 ἀπό·

2258 5803 2433 5859 στολε.

2331 5897 2667 5958 Θεοτοκίον.
2700 5926 2771 5942 -
2798 5895 2911 5968 Τὴν
2944 5891 3213 5965 καλλονήν
3244 5906 3305 5945 σε
3352 5888 3449 5945 τοῦ
3489 5884 3712 5950 Ἰακὼϐ,
3741 5884 3835 5956 τὴν
