4130 6430
314 444 448 510 1333

1490 453 1809 517 HYMNUS
1832 453 1913 515 IN
1949 456 2011 518 S.
2051 458 2483 522 GEORGIUM.

3453 477 3587 535 1394

308 555 551 628 καθαράν
616 557 712 612 καὶ
763 556 1026 629 ἐκλεκτὴν
1073 558 1174 613 καὶ
1222 558 1455 630 ἀμωμον
1501 564 1570 635 ἣν
1626 564 1887 636 ἠγάπησε

1992 569 2405 625 sanctissimam
2450 571 2649 628 dilexit
2683 574 2941 633 Christus
2999 575 3142 634 Deus
3176 580 3589 649 pulchritudine

306 649 540 721 Χριστὸς
567 652 596 704 6
622 651 778 719 θεὸς,
809 652 839 705 6
875 651 1067 707 κάλλει
1102 653 1467 725 ἀσύγκριτος,
1502 654 1755 723 ἱκετεύω,
1788 657 1891 712 Δέ-

308 758 523 810 σποινα,
550 740 726 797 σῶσόν
759 760 851 813 με.
1634 820 1635 823 η

671 834 810 906 ᾨδὴ
845 834 932 891 E'.
963 838 1141 907 Κύριε
1164 840 1199 894 ὁ
1228 840 1373 906 Θεός
1396 857 1537 909 μου.

386 922 608 997 Ῥώμης
639 926 672 981 ό
694 925 1006 999 πολιοῦχος,
1037 929 1135 985 καὶ
1159 930 1260 1000 τῆς
1296 930 1576 1002 βασιλείας
1604 935 1634 988 6
1663 935 1893 1007 ταμιοῦ-

306 1033 421 1087 χος,
473 1018 508 1089 ἡ
562 1018 742 1093 πέτρα
802 1022 902 1093 τῆς
950 1021 1227 1091 πίστεως,
1274 1027 1303 1079 6
1360 1027 1592 1100 στερρὸς
1642 1029 1896 1102 θεμέλιος

304 1107 403 1179 τῆς
430 1108 729 1186 ηθολικῆς
771 1112 1101 1191 Ἐκκλησίας
1127 1118 1294 1190 ίεροτς
1324 1118 1602 1190 ύμνείσθω
1634 1122 1693 1177 ὲν
1714 1124 1895 1197 ᾀσμα-

304 1216 411 1259 σιν.

374 1294 524 1364 Ἕως
562 1297 816 1367 ἑπτάκις
865 1301 1035 1357 πάλαι
1078 1302 1174 1358 τοῦ
1222 1306 1463 1378 Χριστοῦ
1511 1309 1822 1381 πυθόμενος
1846 1313 1895 1367 εί

300 1388 536 1458 ἀφήσεις
571 1393 685 1456 τοῖς
730 1393 1212 1468 ἐξαμαρτάνουσιν
1255 1399 1338 1463 είς
1377 1400 1461 1466 σὲ,
1491 1402 1695 1475 Πέτρε,
1734 1404 1898 1476 ἡκου-

304 1497 426 1547 σας,
452 1483 536 1537 Οὐ
565 1482 722 1555 λέγω
744 1501 844 1542 σοι
864 1487 978 1556 ἕως
1010 1489 1279 1559 ἑπτάκις,
1300 1491 1810 1565 ἑϐδομηκοντάκις
1827 1497 1898 1552 δὲ

296 1576 539 1644 μᾶλλον
559 1575 733 1631 ἑπτά.

374 1665 574 1736 Τίμιος
590 1667 872 1725 ἐναντίον
882 1672 1110 1742 Κυρίου
1127 1675 1162 1729 ὁ
1180 1675 1438 1745 θάνατος
1454 1677 1576 1734 τῶν
1587 1679 1778 1737 ὁσίων
1793 1684 1898 1738 αὐ-

301 1758 635 1850 τοῦηκαθὼς
671 1761 984 1834 γέγραπται
1004 1782 1019 1798 ο
1055 1768 1084 1821 6
1107 1766 1201 1832 σδς
1231 1769 1311 1837 δὲ,
1337 1771 1693 1846 πανεύφημε,
1714 1776 1898 1850 πολλῷ

298 1847 626 1923 τιμιώτερος
652 1852 854 1921 ὅντως,
883 1855 961 1923 ὡς
997 1856 1095 1913 τοῦ
1131 1858 1280 1915 θείου
1328 1862 1541 1930 πάθους
1583 1847 1893 1941 ὲκσφράγιξ

302 1956 436 2012 αμα.

370 2034 599 2090 Ἅπασα
632 2037 876 2108 μαλακία
904 2039 970 2094 ὲκ
997 2040 1109 2096 τῶν
1139 2045 1543 2113 πιστευόντων,
1595 2050 1693 2104 καὶ
1735 2052 1891 2107 πάσα

298 2127 459 2192 νόσος
493 2131 616 2195 ταῖς
648 2129 996 2196 ἀλεξικάκοις
1043 2150 1139 2195 σου
1183 2135 1472 2208 ¹καλάμαις
1499 2140 1797 2212 ⁴ἠλαύνετο,
1823 2144 1889 2210 ἃς

298 2221 567 2287 ἐπιτιθεὶς
594 2227 706 2289 τοῖς
730 2224 1002 2291 νοσοῦσιν,
1035 2227 1210 2297 ὑγιεῖς
1243 2230 1489 2298 ὲδείκνυς
1511 2273 1527 2299 ,
1594 2236 1886 2292 ἀπόστολε.

370 2316 710 2371 Θεοτοκίον.
735 2316 1097 2389 -”Υψωσας,
1121 2321 1375 2388 Θεοτόκε,
1408 2326 1508 2396 τὴν
1535 2328 1895 2383 ταπεινωθεῖ-

300 2423 398 2461 σαν
454 2407 761 2479 ἀνθρώπων
814 2410 1002 2481 φύσιν,
1050 2414 1147 2468 καὶ
1194 2416 1401 2488 ταύτην
1443 2417 1736 2491 ὲξήγειρας
1794 2421 1891 2477 τοῦ

297 2501 532 2572 ἀρχαίου
549 2501 842 2575 πτώματος
861 2521 876 2539 ο
896 2505 991 2559 τὸν
1016 2506 1254 2578 Χριστὸν
1275 2509 1406 2580 γάρ,
1435 2511 1528 2566 τὸν
1555 2513 1909 2593 ιὶινορθοῦντα¹

296 2594 426 2661 τοὺς
446 2596 959 2670 κατερραγμένους,
984 2599 1308 2673 ἐγέννησας,

748 2712 890 2785 ᾨδὴ
926 2717 1020 2784 (τ’.
1048 2715 1435 2785 Ναυτιῶντα.,

366 2821 452 2877 Τὰ
482 2822 649 2895 ψευδῆ
685 2828 909 2896 σημεῖα,
950 2828 1049 2881 καὶ
1091 2828 1190 2894 τὰς
1220 2830 1605 2901 φασματώδεις
1632 2832 1892 2905 δυνάμεις

293 2912 389 2966 τοῦ
443 2914 714 2985 Σίμωνος,
740 2917 941 2990 Πέτρε,
972 2917 1069 2973 τοῦ
1121 2921 1436 2992 καταράτου
1477 2925 1557 2988 είς
1606 2924 1668 2977 τὸ
1718 2924 1892 2995 μηθὲν

292 3005 560 3072 διαλύσας
581 3007 869 3073 ἀνέλυσας,
889 3009 965 3075 ὡς
980 3010 1133 3082 ἥλιος
1155 3013 1354 3082 γνόφον
1381 3015 1476 3070 καὶ
1502 3016 1737 3089 ὁμίχλην
1753 3035 1766 3051 ·
1794 3019 1893 3072 καὶ
1932 3086 1935 3089 ἰ

293 3096 498 3162 πολλάς
527 3099 787 3169 δυνάμεις
822 3101 882 3155 ὲν
919 3100 1040 3173 Θεῷ
1067 3104 1358 3176 ἐποίησας.

372 3191 443 3243 Ἦ
472 3190 610 3246 Θεοῦ
641 3191 804 3263 σοφία
849 3194 883 3265 ἠ
936 3193 1330 3262 ὲξουσιάζουσα
1375 3198 1617 3265 πάντων,
1650 3198 1748 3254 καὶ
1781 3199 1889 3264 σοὶ,

1999 660 2456 736 incomparabilis
2486 683 2499 722 :
2533 682 2654 734 oro,
2678 667 2930 740 Domina,
2961 673 3111 729 salva
3144 685 3246 730 me.

2373 846 2485 904 Ode
2519 846 2582 904 ν.
2617 849 2842 908 Domine
2874 853 3016 910 Deus
3044 872 3210 918 meus.

2074 940 2259 996 Romae
2281 956 2507 1013 praeses,
2534 950 2590 997 et
2620 944 2757 1014 regii
2788 946 2992 1010 aerarii,
3024 956 3177 1018 petra
3198 947 3343 1014 fidei,
3369 948 3586 1005 firmum

1998 1034 2282 1090 catholica:
2315 1032 2578 1092 Ecclesia:
2610 1035 3050 1105 fundamentum,
3087 1040 3263 1098 sacris
3294 1040 3586 1097 celebretis

1997 1125 2359 1182 carminibus.

2075 1304 2252 1378 Usque
2306 1308 2520 1377 septies,
2571 1307 2856 1379 respondit
2920 1307 3020 1364 tibi
3077 1306 3334 1365 Christus
3384 1306 3585 1378 petenti

1998 1397 2218 1467 quoties
2249 1398 2610 1471 peccantibus
2656 1399 2710 1454 in
2744 1407 2796 1454 te
2832 1398 3248 1463 dimittendum,
3299 1396 3425 1452 Non
3467 1397 3586 1453 dico

2000 1490 2097 1545 tibi
2122 1506 2287 1563 usque
2316 1492 2534 1560 septies,
2565 1491 2656 1547 sed
2685 1506 2851 1561 usque
2883 1492 3176 1563 septuagies
3207 1490 3419 1560 septies.

2070 1672 2415 1731 Honorabitis
2444 1688 2623 1729 coram
2656 1672 2901 1729 Domino.
2927 1689 3073 1729 mors
3107 1680 3414 1733 sanctorum
3446 1672 3578 1743 ejus,

2000 1768 2081 1821 uti
2114 1767 2383 1837 scriptum
2404 1775 2529 1835 est;
2560 1774 2654 1821 tua
2678 1782 2810 1822 vero
2833 1766 3434 1832 multohouorabilior,
3454 1765 3581 1837 quia

1999 1857 2199 1914 divinae
2221 1856 2498 1929 passionis
2536 1871 2666 1914 vera
2692 1856 2900 1930 imago.

2063 2050 2258 2109 Omnis
2309 2066 2479 2123 sopor
2522 2053 2741 2124 procul,
2775 2067 2805 2107 a
2860 2050 3235 2117 credentibus,
3284 2061 3339 2109 et
3401 2053 3586 2111 omnis

1993 2143 2221 2199 morbus
2281 2144 2591 2214 pellebatur
2618 2143 2927 2201 salutiferis
2962 2145 3073 2199 tuis
3132 2143 3411 2209 manibus,
3445 2160 3605 2216 quas.

1993 2233 2333 2305 imponendo
2364 2235 2669 2306 languidis,
2699 2237 2937 2293 sanalias
2964 2251 3179 2300 omnes,
3205 2237 3475 2307 apostole.

2062 2324 2419 2394 Deiparw.—
2439 2325 2795 2382 llumiliatam
2822 2327 3105 2382 hominum
3128 2334 3383 2382 naturam
3423 2328 3585 2386 resti-

1992 2417 2174 2483 tuisti,
2194 2417 2291 2475 Dei
2323 2416 2596 2485 Genitrix,
2626 2418 2853 2489 antiquo
2892 2432 3025 2474 casu
3064 2417 3383 2489 depressam
3410 2421 3584 2475 erexi-

1994 2513 2119 2581 sti;.
2142 2527 2267 2567 nam
2302 2513 2541 2585 genuisti
2575 2511 2883 2577 Christum,
2914 2511 3012 2583 qui
3041 2512 3250 2569 esaltat
3281 2512 3549 2575 humiles.

2463 2710 2575 2769 Ode
2619 2709 2712 2767 VI.
2768 2710 3092 2767 Vomentem.

2064 2826 2302 2882 Fallacia
2328 2827 2486 2897 signa
2523 2824 2796 2881 maledicti
2829 2824 3093 2891 Simonis,
3116 2823 3299 2892 Petre,
3332 2834 3387 2882 et
3404 2840 3581 2884 vanas

1992 2922 2226 2977 virtutes
2250 2934 2480 2990 prorsus
2500 2917 2767 2981 avertisti,
2796 2917 2942 2973 sicut
2965 2917 3048 2973 sol
3078 2916 3341 2973 tenebras
3364 2926 3420 2973 et
3447 2918 3576 2974 cali-

1995 3015 2175 3087 ginem
2206 3013 2360 3085 fugat
2385 3029 2400 3076 ;
2431 3020 2487 3069 et
2516 3012 2687 3068 multa
2720 3011 3051 3084 prodigiain
3076 3009 3190 3068 Deo
3220 3010 3422 3071 fecisti.

2063 3190 2427 3262 Omnipotens
2459 3191 2551 3248 Dei
2593 3191 2889 3263 sapientia,
2943 3191 3042 3247 tibi
3095 3207 3339 3263 quoque,
3392 3194 3575 3260 Petre.

291 3281 496 3354 Πέτρε,
522 3282 758 3338 δέδωκεν
780 3285 1029 3352 ἐξουσίαν
1056 3289 1247 3341 πατεῖν
1274 3287 1461 3344 ἐπάνω
1485 3289 1763 3361 σκορπίων
1788 3292 1884 3345 καὶ

1990 3284 2304 3338 facultatem
2366 3282 2518 3337 dedit
2569 3297 2735 3350 super
2788 3281 3117 3352 scorpiones
3183 3281 3577 3339 deambulandi

288 3374 473 3443 ὄφεων
504 3375 613 3428 τῶν
650 3393 708 3429 τε
740 3378 953 3447 ὁρατῶν
984 3378 1079 3433 καὶ
1112 3379 1364 3452 ἀοράτων
1386 3421 1402 3448 ,
1437 3375 1515 3436 ῶν
1548 3385 1648 3455 τῆς
1680 3382 1899 3443 ίοὸόλου,

289 3467 637 3537 κακουργίας
673 3467 839 3540 eam
874 3486 965 3541 με.

360 3583 477 3636 Καὶ
523 3582 746 3654 μᾶλλον,
787 3584 986 3655 Πέτρε,
1036 3584 1164 3650 τοὺς
1208 3584 1587 3658 ὡραιοτάτους
1638 3603 1737 3642 σου
1788 3588 1891 3644 πό·

288 3674 415 3740 δας.
462 3715 478 3730 .
524 3715 537 3729 .
561 3674 789 3747 Reliqua,
813 3676 1202 3733 desiderantur.

729 3792 1067 3846 ΙΩΑΝΝΟΥ
1104 3794 1470 3848 ΜΟΝΑΧΟΥ

471 3883 717 3937 ΚΑΝΩΝ
757 3883 866 3939 ΕΙΣ
904 3885 1045 3939 TON
1083 3886 1292 3940 APION
1343 3886 1707 3956 FEQPFION,

322 3991 401 4054 οὗ
427 3995 467 4065 ἡ
494 3995 876 4071 ἀκροστιχζςο
906 3997 1182 4071 Γεωργίου
1217 3998 1494 4071 μάρτυρος
1537 4000 1695 4071 ὑμνῶ
1724 4001 1854 4066 τοὺς

722 4054 952 4132 ἆθλους·
988 4054 1151 4134 Αἶνος
1187 4054 1461 4126 ’Ϊωάννού.

492 4159 631 4229 ’ῼδὴ
656 4156 737 4213 A'.
764 4153 949 4228 Ἦχος
980 4162 1086 4214 πλ.
1123 4158 1195 4213 δ’.
1236 4159 1706 4231 Ἀρματηλὰτην.

362 4254 528 4328 [C0d.
564 4253 604 4307 f.
634 4251 786 4323 £55.]
827 4253 1175 4324 Γεοπονήσας
1212 4252 1292 4324 τῷ
1338 4252 1560 4324 σταυρῷ
1586 4253 1689 4325 τὴν
1716 4253 1886 4326 ἄρουρ-

287 4364 397 4423 ραν
427 4346 532 4417 τῆς
556 4344 826 4410 διανοίας,
860 4344 959 4397 καὶ
1006 4344 1065 4398 ὲν
1115 4344 1255 4417 αὐτῇ
1305 4344 1537 4415 σπείρας
1579 4345 1784 4416 ἀρετάς
1827 4348 1887 4400 ὲν

281 4440 549 4510 δάκρυσι,
580 4436 820 4510 θερίζεις
866 4435 1223 4506 ἀγαλλίασιν·
1273 4435 1363 4490 διά
1394 4435 1505 4508 γὰρ
1551 4436 1882 4509 μαρτυρίου,

282 4527 559 4600 Γεὼργιε,
590 4525 947 4598 ἑγεώργησας
984 4525 1188 4596 στάχυν
1214 4524 1563 4598 ψυχοτρόφον
1591 4527 1843 4592 ἀείζωον.

1989 3376 2237 3432 visibiles
2284 3383 2339 3430 et
2400 3374 2741 3441 invisibiles;
2793 3388 3029 3445 quorum
3082 3390 3113 3430 a
3154 3384 3424 3433 venenata
3462 3392 3580 3433 ma-

1990 3466 2240 3540 lignitate
2268 3481 2361 3523 me
2384 3466 2605 3523 liberes.

2058 3577 2380 3647 Ac'potius,
2410 3577 2593 3645 Petre,
2642 3576 3086 3649 speciosissimos
3130 3579 3301 3651 pedes
3332 3589 3589 3649 tuos.....

1991 3669 2216 3744 Reliqua
2243 3672 2640 3727 desiderantur.

2397 3786 2735 3844 JOANNIS
2780 3788 3134 3849 MONACH!

2196 3875 2489 3935 HYMNUS
2530 3876 2596 3933 IN
2638 3877 2925 3937 BEATUM
2975 3881 3361 3941 GEORGIUM.

1989 3991 2187 4049 Primae
2224 4010 2467 4048 uersuum
2506 3994 2710 4073 (inerte
2741 4006 2935 4073 sonant
2979 3998 3267 4073 :_Georgii
3320 4000 3575 4073 martyris

2287 4072 2454 4120 canto
2481 4067 2807 4121 certamina.
2835 4065 2983 4125 Laus
3010 4065 3263 4126 Joannis.

2145 4154 2259 4212 Ode
2295 4153 2349 4210 Ι.
2383 4154 2563 4211 Sanus
2603 4155 2698 4209 πλ.
2740 4157 2794 4211 4.
2826 4156 3032 4212 Currus
3060 4160 3402 4230 agitatorem.

2057 4247 2235 4304 Cruce
2262 4262 2515 4317 campum
2550 4248 2754 4302 mentis
2797 4249 3123 4317 excoluisti,
3174 4249 3364 4320 ibique
3397 4250 3454 4306 in
3489 4250 3572 4305 la,

1985 4341 2194 4413 crymis
2220 4340 2453 4396 virtutes
2496 4340 2817 4406 seminasti,
2852 4356 3005 4398 nunc
3040 4341 3205 4398 metis
3245 4343 3573 4403 exsultatio,

1984 4448 2151 4498 nem;
2185 4447 2312 4488 nam
2344 4447 2445 4503 per
2472 4432 2823 4502 martyrium,
2853 4430 3076 4505 Georgi,
3098 4448 3331 4491 messem
3357 4436 3579 4507 parasti.

1985 4522 2371 4594 spiritualibus
2391 4523 2727 4593 aeternisque
2765 4522 3039 4581 fructibus
3067 4523 3351 4589 refertam.

372 4621 465 4674 Ἐν
494 4618 574 4691 τῷ
604 4619 821 4691 σφοδρῷ
848 4618 948 4690 τῆς
980 4618 1239 4683 ἀσεϐείας
1268 4618 1499 4673 κλύδωνι
1528 4618 1724 4691 ἔστης,
1756 4621 1868 4674 ἀοί-

2056 4613 2237 4669 Media
2261 4614 2316 4669 in
2344 4613 2638 4685 impiorum
2663 4622 2983 4685 tempestate
3003 4616 3275 4674 immotus
3291 4618 3566 4688 rest-it-isti,

280 4712 437 4784 διμε,
474 4711 551 4774 ὡς
597 4710 849 4783 ἀρραγὴς
896 4711 1097 4783 πέτρα,
1129 4710 1225 4764 καὶ
1253 4711 1330 4775 ὡς
1358 4711 1570 4784 πύργος
1597 4712 1881 4780 άσειστος,

280 4802 527 4874 γενναίῳ
576 4802 924 4874 ἀναστήματι
970 4802 1074 4872 τῆς
1127 4803 1355 4873 στερεᾶς
1404 4819 1499 4857 σου
1548 4803 1779 4875 καρδίας
1809 4803 1879 4858 τά

278 4897 400 4952 τῶν
430 4894 712 4958 κολάσεων
740 4894 966 4965 κύματα
994 4894 1139 4950 λύων
1177 4896 1259 4959 εἰς
1295 4895 1569 4968 ἀφρὼδεις
1601 4897 1880 4969 πομφόλυ-

278 5007 420 5060 γας.

307 5061 313 5066 ’
360 5079 582 5151 Ὠφθης
607 5079 686 5144 ὡς
710 5079 849 5133 λέων
874 5076 1154 5142 πεποιθὼς
1182 5077 1211 5130 ὁ
1234 5076 1446 5144 δίκαιος
1465 5095 1480 5111 ο
1502 5079 1615 5134 τῶν
1636 5082 1879 5151 ἀγεννῶν

276 5173 402 5244 γὰρ
435 5171 625 5226 παθῶν
654 5170 946 5242 βασιλικῶς
973 5169 1166 5242 ἄρξας,
1194 5170 1481 5243 ἀπτοήτως
1511 5171 1779 5243 ὥρμησας
1802 5174 1879 5238 ὡς

273 5263 429 5317 λέων
459 5263 541 5325 είς
567 5261 630 5322 τὸ
663 5261 879 5321 στάδιον
898 5301 914 5322 ,
938 5260 1069 5324 τοὺς
1109 5260 1344 5331 ἐχθροὺς
1371 5261 1775 5334 καταπλήττων
1802 5262 1880 5328 ῶς

271 5369 448 5417 τινας
495 5350 708 5423 φαύλας
738 5350 1036 5415 ἀλώπεκας
1084 5350 1164 5423 τῷ
1212 5351 1480 5425 βασιλικῷ
1534 5369 1630 5407 σου
1676 5353 1880 5425 βρυχὴ-

276 5463 447 5519 ματι.

370 5537 531 5592 Ῥοῦν
581 5538 682 5609 τῆς
729 5536 948 5608 ἀπάτης
995 5537 1249 5609 ἀκρατῶς
1290 5539 1613 5610 φερόμενον,
1645 5540 1875 5613 μάρτυς,

271 5628 591 5698 άνὲκοψαςο
632 5628 693 5681 τὸ
729 5627 838 5702 γάρ
878 5626 1047 5682 αὐτοῦ
1096 5627 1220 5693 ζέον
1266 5631 1360 5683 καὶ
1399 5630 1461 5683 τὸ
1506 5631 1878 5702 ἀκμαιότατον

276 5718 561 5789 ῥαγδαίας
593 5719 973 5790 προσϐαλόντα
1007 5736 1093 5773 σοι
1120 5720 1216 5775 καὶ
1244 5720 1491 5792 σφοδρῶς
1535 5726 1878 5794 προσραγέν-

271 5823 378 5872 τα,
424 5800 512 5867 οἷα
562 5809 814 5882 φραγμὸς
853 5808 1245 5882 ἁκαθαίρετος,
1270 5810 1447 5865 ὀπίσω
1497 5816 1694 5885 χωρεῖν
1743 5832 1875 5872 κατ-

272 5894 633 5971 ηνᾶγκασας.

1977 4706 2064 4761 vir
2084 4705 2382 4772 celebrate,
2426 4707 2576 4761 velut
2603 4706 2936 4763 inconcussa
2967 4718 3214 4778 petra,et
3229 4711 3376 4766 velut
3396 4714 3567 4772 turris

1981 4798 2330 4862 firmissima,
2392 4798 2631 4870 ingenua
2690 4800 2879 4859 cordis
2929 4801 3188 4860 firmitate
3221 4806 3568 4864 cruciatuum

1981 4888 2183 4947 ﬂuctus
2212 4889 2458 4948 eludisti.

2050 5108 2375 5180 Apparuisti
2407 5109 2551 5164 velut
2575 5110 2662 5166 leo
2694 5110 2839 5167 ﬁdus
2869 5120 2923 5167 et
2947 5111 3175 5183 justus;
3211 5127 3338 5167 nam
3385 5112 3569 5183 pravis

1981 5202 2382 5271 cupiditatibus
2405 5202 2660 5273 regaliter
2704 5202 3021 5259 dominatus
3049 5219 3132 5271 es,
3184 5211 3444 5273 tauquam
3480 5203 3569 5260 leo

1983 5289 2295 5361 intrepidus
2342 5291 2581 5347 stadium
2637 5292 2920 5359 invadisti,
2976 5294 3276 5365 hostesque
3324 5294 3568 5351 terruisti

1981 5398 2080 5441 ceu
2113 5385 2347 5441 miseras
2379 5385 2571 5457 vulpes
2597 5385 2750 5457 regio
2774 5386 2981 5459 rugitu.

2050 5561 2407 5634 lmpotentem
2445 5565 2655 5623 erroris
2704 5566 2912 5622 ﬂuxum
2950 5567 3274 5631 cohibuisti,
3311 5580 3559 5641 martyr;

1980 5670 2107 5710 nam
2133 5657 2253 5726 ejus
2286 5658 2394 5712 vim
2430 5659 2811 5716 vehementem
2851 5667 2909 5715 et
2941 5661 3242 5726 turbidam,
3276 5678 3563 5734 asperum-

1980 5762 2089 5818 que
2133 5747 2422 5817 impetum,
2469 5750 2625 5808 velut
2673 5758 2889 5823 septum
2940 5752 3353 5818 inconcussum,
3382 5760 3562 5809 retro-

1978 5840 2130 5913 gredi
2156 5840 2403 5912 coegisti.
