4130 6404
286 405 419 475 1397

1448 478 1449 481 η
1478 418 1799 481 HYMNUS
1829 421 1911 482 ΙΝ
1943 422 2006 485 S.
2039 421 2472 485 GEORGIUM.

3432 423 3566 490 1398

279 522 518 596 ὡραίους
552 538 648 576 σου
683 521 889 587 πόδας,
924 520 1188 595 Γεὼργιε,
1221 523 1469 597 σιδηραῖς
1506 527 1740 599 κρηπίσι
1775 528 1872 583 κοιλ⁵

1987 530 2221 601 crepidis
2261 533 2683 603 configebantur
2710 575 2724 600 ,
2780 543 2834 591 et
2863 534 3065 600 clavis,
3118 540 3179 601 et
3229 548 3429 591 cruore
3468 544 3565 593 tuo

282 614 706 687 περιπείρισθαι
732 617 847 680 τοῖς
870 616 1045 688 ἥλοις,
1079 620 1171 672 καὶ
1202 615 1282 688 τῷ
1308 616 1493 691 λύθρῳ
1517 621 1793 690 φοινίσσον
1816 621 1877 676 τὸ

282 709 501 778 ἔδαφος.

352 801 561 872 Nos.pr
625 800 926 872 ἀνδριάντα
985 803 1082 858 καὶ
1149 803 1483 875 περικαλλὲς
1544 804 1879 877 ὡραιότητος

282 894 508 968 ἄγαλμα
537 893 804 949 τοῦεΘεοῦ
840 895 898 948 αἱ
925 897 1131 967 χεῖρες,
1160 896 1217 950 αί
1242 896 1335 950 τὸν
1381 896 1672 969 ἄνθρωπον
1710 915 1880 954 κατα-

284 988 626 1042 σκευάσασαι
661 988 719 1043 ὲν
755 986 923 1059 πολλῇ
958 989 1123 1061 σοφίᾳ
1146 988 1244 1044 καὶ
1276 989 1564 1064 ἐπιστήμῃ
1599 988 1792 1055 ἐξεσάν
1822 1008 1881 1044 σε

283 1078 379 1131 καὶ
413 1080 493 1141 είς
525 1077 725 1141 κάλλος
755 1078 1115 1150 εὐρύθμησαν
1149 1080 1381 1149 ἄφατον.

357 1171 1110 1243 Θεοτοκίον.-Ὠρυόμενος
1136 1172 1276 1227 λέων
1309 1172 1496 1247 κύκλῳ
1527 1174 1881 1248 περιέρχεται

282 1266 576 1318 καταπιεῖν
609 1281 677 1337 με
707 1263 887 1336 ζητῶν
916 1267 1029 1329 τοῖς
1060 1266 1226 1320 αὑτοῦ
1258 1265 1440 1321 ὀδοῦσι
1464 1283 1478 1297 ο
1520 1267 1596 1339 μή
1642 1284 1708 1339 με
1737 1265 1881 1342 δώῃς

282 1355 363 1417 εἰς
392 1353 568 1427 θήραν
587 1396 603 1420 ,
631 1355 976 1426 πανάμωμε,
1012 1358 1047 1428 η
1076 1356 1215 1411 Θεὸν
1242 1356 1482 1411 τεκοῦσα
1512 1362 1605 1413 τὸν
1638 1361 1880 1431 κραταιᾷ

284 1447 515 1519 παλάμῃ
544 1446 665 1518 θεία
690 1446 801 1501 τῶν
829 1447 1062 1502 λεόντων
1093 1449 1192 1513 τὰς
1235 1449 1408 1522 μύλας
1446 1452 1843 1513 συνθλάσαντα.

631 1540 773 1611 ’ῼδὶι
807 1544 897 1609 (τ’.
935 1540 1060 1611 Τὴν
1088 1542 1305 1611 δέησιν
1330 1540 1539 1613 ἐκχεῶ.

356 1631 463 1685 Τὸν
489 1631 745 1685 τείναντα
772 1634 865 1685 ἐπὶ
894 1632 1054 1697 ξύλου
1081 1633 1178 1696 τὰς
1211 1636 1422 1705 χεῖρας,
1454 1635 1549 1687 καὶ
1594 1636 1660 1706 τῇ
1712 1633 1881 1710 λόγχῃ

283 1723 384 1803 τὴν
416 1724 657 1795 πλευράν
685 1723 1012 1796 ὀρυχθέντα,
1027 1725 1201 1794 Λόγον
1230 1723 1367 1785 Θεοῦ
1393 1726 1487 1779 καὶ
1518 1724 1652 1782 Θεὸν
1677 1743 1885 1795 καταγ-

284 1815 519 1887 γέλλων,
553 1814 886 1892 ἀναρτηθεὶς
917 1816 1010 1870 ἐπὶ
1061 1815 1242 1885 ξύλου,
1271 1814 1536 1888 Γεώργιε,
1563 1819 1773 1882 κοντοῖς
1802 1818 1883 1871 δι-

284 1906 509 1979 επείρου
560 1905 660 1972 τὰς
710 1889 974 1979 πλευράς,
1007 1909 1125 1963 ἀλλ’
1150 1910 1288 1993 εὐχῇ
1336 1910 1436 1974 τὰς
1478 1908 1666 1981 ἀκμάς
1700 1909 1881 1964 αὐτῶν
1912 1889 1955 1947 Β

283 2000 319 2072 ἦ
328 1998 594 2071 μϐλυνας.

310 2081 313 2086 ’
368 2091 431 2145 '0
459 2089 627 2144 λίθων
660 2090 1120 2165 ἀναισθητότερος
1145 2090 1340 2157 οὕτως,
1367 2093 1443 2156 ὡς
1478 2094 1573 2147 καὶ
1597 2092 1766 2158 λίθοις
1788 2095 1882 2147 ἁν-

285 2184 570 2258 αισθήτοις
597 2184 902 2256 λατρεύων,
930 2185 1123 2240 ὖπτιόν
1150 2203 1209 2239 σε
1232 2186 1320 2241 ἐπ’
1341 2187 1574 2256 ἐδάφους
1599 2186 1880 2250 ἀπλώσας,

284 2277 420 2349 λίθῳ
456 2277 629 2350 βαλεῖ,
663 2278 909 2342 ἐκπιέζει
938 2278 1007 2333 τὰ
1040 2278 1326 2350 σπλάγχνα
1362 2297 1477 2345 σου,
1511 2279 1675 2343 αὐτὸς
1702 2277 1884 2350 δὲτὴν

288 2367 499 2438 πέτραν
529 2366 629 2437 τῆς
656 2366 840 2440 ζωῆς,
866 2366 960 2422 τὸν
992 2368 1293 2440 πολύτιμον
1318 2369 1468 2424 λίθον
1500 2367 1717 2434 ἐπόθεις
1745 2368 1883 2441 Χρι-

289 2461 439 2515 στόν.

206 2535 215 2605 ’χ
369 2555 737 2628 Ὑπέκκαυμα
763 2554 858 2608 τοῦ
889 2553 1061 2627 πυρὸς
1096 2551 1192 2607 τοῦ
1232 2553 1500 2608 ἀσϐέστου
1529 2553 1885 2626 χρηματίζων

286 2650 316 2703 ὁ
362 2648 477 2713 υίὸς
522 2650 552 2702 ὁ
598 2650 699 2720 τῆς
728 2649 992 2720 γεέννης,
1023 2649 1243 2703 νεοκαεῖ
1276 2648 1372 2702 καὶ
1401 2647 1598 2720 ζεούσῃ
1638 2647 1885 2719 ἀσϐέστῳ

288 2742 665 2812 καταχωννύει
698 2759 780 2806 σε,
820 2743 1067 2813 μάρτυς·
1099 2740 1217 2796 ἀλλ’
1237 2740 1483 2813 ε’ύρηκας
1514 2741 1762 2813 συνήθως
1787 2743 1885 2810 ἄγ-

289 2832 450 2902 γελον
477 2834 740 2905 φρουρὸν,
775 2832 868 2888 τὸν
899 2832 1169 2904 ρυόμενόν
1202 2849 1263 2886 σε
1298 2834 1366 2886 ὲκ
1394 2832 1671 2904 νεότητος.

362 2924 619 2996 Σιδήρου,
648 2924 823 2992 λίθου,
854 2923 1082 2995 χαλκοῦ,
1134 2924 1445 2996 ἀδάμαντος
1495 2923 1883 2995 ισχυρώτερος,

290 3018 561 3091 Γεώργιε,
606 3016 797 3090 ῶφθης
821 3032 835 3046 ·
868 3017 1103 3087 ἕκαστον
1130 3018 1242 3089 γὰρ
1268 3018 1380 3071 τῶν
1404 3017 1888 3089 ἀπηριθμημένων

290 3099 616 3183 παραχωρεῖ
653 3110 733 3183 τῷ
778 3111 913 3183 πυρὶ
940 3109 1337 3181 δαπανώμενον
1361 3126 1375 3143 ο
1405 3111 1571 3174 αὐτὸς
1597 3110 1678 3176 δὲ,
1711 3107 1755 3164 ὦ
1785 3112 1885 3182 χά-

292 3192 713 3276 ριτοςπολλῆς,
741 3205 835 3256 καὶ
862 3193 1168 3285 παμφάγου
1200 3203 1373 3285 πυρὸς
1399 3203 1796 3277 ὑπερίσχυσας.

302 3287 308 3292 ’
368 3295 1070 3368 Θεοτοκίον.-’Δπάτορα
1090 3282 1190 3363 τὸν
1217 3282 1471 3368 ἀμήτορα
1501 3296 1712 3360 τίκτεις
1744 3297 1885 3370 ὑπὲρ

290 3386 502 3440 ἔννοιαν
534 3387 629 3440 καὶ
658 3386 822 3457 φύσιν
852 3386 949 3441 καὶ
977 3376 1166 3455 λόγον,
1201 3386 1291 3440 ἵνα
1322 3376 1456 3440 Θεὸν
1491 3388 1885 3458 ἀπεργάσηται

292 3478 478 3532 θέσει·
532 3478 623 3531 τὸν
673 3478 1006 3532 πεπτωκότα
1053 3477 1273 3544 ἑλπίδι,
1322 3478 1581 3547 θεότητος
1627 3478 1884 3547 ἀξίωσον,

290 3570 584 3637 Δέσποινα,
614 3568 762 3641 κάμὲ
791 3572 892 3640 τῆς
920 3568 1186 3638 γλυκείας
1216 3550 1383 3623 αύτοῦ
1419 3570 1778 3642 ὡραιότητος.

617 3662 758 3734 ᾯδὴ
787 3661 869 3719 Ζ⁸.
916 3664 981 3717 οι
1008 3661 1079 3716 ἐκ
1108 3659 1218 3730 τῆς
1252 3661 1572 3729 Ἰουδαίας.

363 3755 501 3810 Θεοῦ
539 3772 599 3809 σε
642 3756 737 3809 τὸν
783 3754 1014 3827 ὁπλίτην
1074 3754 1228 3809 οὐδὲν
1265 3755 1454 3826 ἴσχυσε
1509 3755 1732 3827 βλάψαι,
1764 3755 1887 3810 οὐδὲ

291 3845 658 3918 λυμήνασθαι,
679 3845 742 3898 ού
772 3844 1065 3916 βράσματα
1090 3843 1357 3915 λεϐήτων,
1375 3846 1437 3899 οὐ
1460 3846 1718 3918 χάσματα
1739 3846 1890 3901 λεόν·

290 3957 400 3994 των
422 3955 437 3969 ·
471 3939 531 3992 ού
558 3938 668 4010 γὰρ
693 3938 760 4009 δὴ
779 3936 1093 4010 παραδώσει
1123 3936 1258 4002 Θεὸς
1282 3937 1467 4011 ψυχὴν
1499 3937 1711 4010 θηρίοις
1739 3938 1888 4011 αὐτῷ

292 4031 621 4103 ἑξομολογου
630 4032 820 4103 μένην.

361 4124 626 4197 Λογισμῷ
655 4125 945 4198 διαιτήσας
968 4127 1037 4196 τῇ
1070 4125 1218 4195 ψυχῇ
1251 4124 1348 4181 καὶ
1382 4124 1548 4195 σαρκί
1580 4141 1674 4178 σου
1695 4165 1711 4189 ,
1745 4125 1886 4196 μάρ-

289 4236 391 4282 τυς
419 4217 687 4291 Γεώργιε,
709 4217 788 4289 τῷ
824 4218 1100 4287 πνεύματι
1126 4218 1187 4271 τὸ
1215 4216 1397 4289 σῶμα,
1425 4216 1504 4284 τῷ
1536 4217 1807 4288 κρείττονι
1826 4215 1888 4269 τὸ

292 4312 479 4383 χεῖρον
525 4308 796 4382 νουνεχῶς
844 4309 1234 4375 κοθυπέταξας
1260 4351 1275 4375 ,
1329 4308 1610 4381 διαιτητὴς
1652 4307 1887 4379 ἀκριϐὴς

292 4403 487 4473 φανεὶς
511 4401 623 4458 τῶν
650 4402 787 4473 πρὸς
812 4400 992 4466 ἀξίαν.

376 4496 437 4548 Ὀ
483 4493 697 4558 κλεινὸς
743 4492 1065 4565 ἀθλοφόρος,
1092 4494 1121 4547 ὁ
1171 4492 1375 4565 πολλὴν
1400 4492 1716 4566 παρρησίαν
1747 4493 1885 4566 πρὸς

1914 3230 1962 3292 C

1980 626 2363 695 pavimentum
2399 624 2653 681 rubebat.

2051 798 2185 866 Quae
2206 806 2443 856 statuam
2468 800 2768 858 effecerunt
2804 804 3044 863 rationis
3073 819 3330 877 capacem
3367 812 3431 862 et
3447 807 3570 878 pul-

1982 891 2311 947 (-herrimam
2340 893 2580 963 speciem
2607 893 2701 950 Dei
2738 910 2959 961 manus,
2990 898 3270 954 hominem
3308 908 3568 971 parentes

1983 982 2040 1036 in
2081 984 2252 1039 multa
2293 985 2566 1056 sapientia
2604 994 2658 1041 et
2696 988 2926 1043 scientia
2955 1029 2970 1054 ,
3000 991 3390 1060 exspoliarunt
3426 1001 3479 1049 te
3515 998 3572 1048 et
3622 1040 3625 1043 γ

1982 1075 2405 1145 pulchritudine
2435 1085 2488 1134 te
2512 1088 2924 1136 exornaverunt
2956 1080 3245 1137 ineﬂabili.

2054 1167 2319 1236 Deiparte.
2360 1198 2431 1208 α-
2493 1169 2738 1243 Rugiens
2786 1171 2987 1227 circuit
3051 1173 3140 1228 leo
3188 1190 3445 1244 quaerens
3484 1190 3571 1232 me

1981 1260 2242 1318 dentibus
2301 1262 2601 1331 devorare;
2644 1280 2713 1321 ne
2775 1281 2864 1321 me
2920 1264 3111 1322 tradas
3172 1266 3228 1320 in
3293 1266 3563 1337 praedam,

1983 1352 2247 1408 inviolata
2276 1352 2367 1409 Dei
2403 1357 2664 1426 genitrix,
2692 1357 2786 1427 qui
2819 1355 3029 1427 potenti
3068 1371 3170 1415 sua
3191 1356 3377 1413 divina
3402 1373 3569 1413 manu

1985 1447 2241 1502 maxillas
2266 1446 2487 1502 leonum
2531 1447 2856 1519 confringit.

2413 1539 2525 1595 Ode
2569 1539 2668 1595 Vl.
2698 1540 2886 1597 I’reces
2924 1541 3159 1611 eﬂ‘undo.

2056 1629 2160 1697 Qui
2197 1646 2393 1687 manus
2435 1648 2606 1703 super
2647 1635 2857 1705 lignum
2913 1636 3164 1699 tetendit,
3216 1634 3379 1705 cujus
3429 1634 3573 1691 latus

1985 1722 2175 1780 lancea
2201 1723 2568 1797 perforatum,
2609 1726 2852 1782 Verbum
2886 1727 2981 1783 Dei
3026 1736 3080 1782 et
3129 1727 3298 1783 Deum
3353 1728 3471 1800 ipse
3516 1730 3573 1783 in

1985 1814 2135 1887 ligno
2158 1815 2439 1874 exaltatus
2464 1818 2803 1889 praedicasti,
2825 1817 3058 1891 Georgi;
3085 1819 3201 1890 ipse
3226 1819 3367 1876 latus
3396 1820 3575 1876 hastis

1985 1907 2276 1983 perfossus
2322 1925 2405 1979 es,
2446 1911 2541 1967 sed
2592 1910 2854 1982 precibus
2888 1926 3086 1967 earum
3120 1910 3353 1965 vulnera
3406 1916 3574 1975 ουιυα.

1984 2002 2136 2060 disti.

2060 2095 2154 2151 Sic
2187 2094 2469 2171 lapidibus
2501 2095 2717 2164 durior,
2745 2111 2843 2151 ceu
2874 2095 3120 2168 lapidum
3166 2096 3376 2159 fautor,
3418 2095 3572 2153 humi

1987 2188 2223 2259 supinus
2244 2190 2549 2260 explicatus
2578 2204 2660 2254 es,
2686 2195 2740 2243 et
2764 2188 2989 2259 injectis
3021 2188 3323 2259 lapidibus,
3360 2189 3573 2244 viscera

1986 2282 2313 2351 expressisti
2342 2290 2469 2348 tua;
2500 2282 2615 2353 ipse
2641 2288 2823 2337 autem
2850 2294 3059 2353 petram
3088 2281 3230 2348 vitae,
3256 2289 3311 2337 et
3336 2280 3573 2353 lapidem

1985 2373 2293 2444 pretiosum
2331 2373 2615 2430 Christum
2643 2374 2999 2445 exquirebas.

2058 2556 2197 2611 Dum
2232 2561 2286 2610 te
2325 2551 2767 2625 inexstinguihili
2799 2550 2916 2624 igni
2960 2550 3182 2608 tradere
3234 2559 3470 2608 conatur
3505 2551 3573 2608 fl-

1987 2648 2097 2702 lius
2128 2645 2413 2717 gehennae,
2440 2644 2742 2699 ferociente
2769 2650 2823 2698 et
2851 2642 3061 2698 ardenti
3090 2643 3313 2698 flamma
3334 2652 3575 2715 torquet,

1989 2749 2229 2809 martyr;
2268 2736 2364 2792 sed
2397 2743 2724 2789 consuetum
2764 2733 3032 2790 invenisti
3066 2732 3370 2799 fautorem,
3402 2734 3495 2805 qui
3525 2741 3583 2791 te

1988 2845 2054 2885 ex
2089 2828 2385 2899 juventute
2425 2826 2673 2890 fovebat.

2059 2919 2255 2987 Ferro,
2289 2920 2495 2989 lapide,
2535 2934 2666 2982 tere,
2726 2919 3025 2975 adamante
3073 2918 3299 2984 fortior,
3353 2917 3581 2991 Georgi,

1989 3012 2145 3069 visus
2197 3027 2285 3078 es;
2323 3012 2524 3067 horum
2574 3012 2721 3066 enim
2767 3011 3009 3080 quodvis
3038 3011 3167 3082 igne
3221 3011 3486 3081 solvitur;
3527 3021 3586 3070 at

1992 3113 2072 3171 tu,
2094 3106 2270 3176 gratia
2305 3105 2527 3171 referte,
2554 3103 2779 3161 edacem
2806 3104 2989 3171 vicisti
3020 3106 3233 3175 ignem,

2065 3281 2329 3353 Deiparce.
2383 3312 2447 3324 ——
2512 3283 2737 3354 Absque
2792 3294 2968 3339 matre
3021 3284 3267 3358 genitum
3304 3323 3339 3359 ,Ω
3381 3298 3578 3360 rursus

1990 3372 2200 3444 absque
2223 3382 2383 3444 patre
2406 3375 2587 3445 gignis
2616 3383 2815 3445 praeter
2841 3364 3230 3445 cogitationem
3254 3382 3309 3431 et
3328 3384 3580 3430 naturam

1989 3473 2045 3520 et
2077 3464 2373 3529 rationem,
2410 3475 2470 3520 ut
2495 3466 2631 3521 deos
2664 3480 2770 3522 nos
2793 3465 3030 3539 elIiciat;
3058 3481 3156 3536 spe
3180 3465 3458 3536 dejectum
3478 3464 3578 3535 di-

1989 3554 2224 3618 vinitate
2273 3556 2544 3627 digneris,
2576 3556 2922 3627 Domina,et
2949 3558 3099 3613 dulci
3134 3558 3255 3630 ejus
3280 3558 3479 3629 gratia.

2409 3650 2523 3707 Ode
2563 3648 2694 3706 VII.
2731 3651 2836 3721 Qui
2864 3651 2929 3705 de
2949 3648 3164 3706 Juda'a.

2060 3743 2139 3801 Te
2159 3744 2254 3800 Dei
2281 3743 2512 3800 militem
2545 3744 2714 3799 voluit
2744 3743 2883 3798 nihil
2914 3744 3115 3799 laedere
3149 3750 3245 3798 aut
3274 3742 3577 3813 offendere,

1988 3853 2094 3895 nec
2118 3839 2265 3909 ignis
2296 3835 2503 3901 fervor,
2537 3851 2637 3894 nec
2666 3835 2885 3890 leonum
2920 3833 3111 3903 furor;
3146 3848 3257 3889 non
3288 3835 3435 3889 enim
3470 3818 3595 3888 Ira?

1988 3931 2084 3986 det
2121 3930 2268 3986 Deus
2308 3927 2482 3996 feris,
2516 3943 2639 3999 quae
2685 3928 2864 3998 ipsum
2898 3926 3153 3984 confessa
3196 3925 3406 3992 fuerit,
3466 3926 3582 3982 ani-

1988 4040 2155 4081 mam.

2058 4133 2298 4191 Ratione
2350 4134 2596 4205 dirigens
2656 4134 2895 4188 animam
2957 4142 3011 4189 et
3067 4150 3316 4208 carnem,
3369 4143 3577 4205 martyr

1988 4226 2212 4297 Georgi,
2242 4226 2466 4299 spiritui
2521 4241 2748 4297 corpus,
2802 4225 3019 4297 meliori
3076 4227 3235 4305 pejus
3283 4226 3575 4298 subjecisti

1989 4318 2294 4389 sapienter,
2316 4319 2561 4388 prudens
2583 4319 2890 4389 apparuisti
2925 4320 3054 4374 vitm
3083 4320 3392 4391 institutor.

2060 4499 2272 4572 Inclyte
2297 4500 2526 4564 athleta.
2553 4503 2651 4571 qui
2675 4509 2884 4557 tantam
2916 4515 3107 4557 coram
3139 4500 3425 4557 Salvatore
3452 4500 3577 4555 lau-

290 4588 386 4657 τὸν
418 4586 650 4657 Σωτῆρα
679 4585 948 4652 πλουτῶν,
974 4585 1068 4639 τὸν
1097 4584 1328 4640 πλοῦτον
1369 4585 1479 4641 τῶν
1525 4585 1717 4640 παθῶν
1754 4603 1880 4657 μου,

1988 4590 2110 4649 dem
2130 4594 2508 4663 promeruisti,
2524 4594 2938 4650 multitudinem
2961 4593 3287 4664 passionum
3304 4608 3574 4659 mearum,

291 4680 386 4749 τὸν
402 4678 600 4751 φόρτον
626 4677 733 4732 τῶν
764 4678 952 4734 κακῶν
981 4696 1083 4750 μου
1110 4678 1501 4751 διασκόρπισον
1528 4678 1887 4751 δέομαι,άνα-

293 4772 481 4843 κωχήν
516 4789 607 4841 μοι
637 4770 839 4838 διδοὺς,
862 4772 972 4848 ’κα“ι
996 4770 1303 4841 κουφισμὸν
1348 4771 1443 4826 τοῦ
1474 4771 1695 4844 βάρους.

368 4852 603 4933 ’Υμνοις
636 4862 850 4934 μάρτυς
882 4862 1181 4933 ύμνείσθω,
1211 4865 1240 4917 ὁ
1272 4862 1371 4935 τὴν
1420 4863 1636 4917 σύνεσιν
1688 4863 1883 4934 μέγας,

293 4956 393 5009 καὶ
438 4954 537 5026 τὴν
592 4954 787 5023 σοφίαν
829 4953 1020 5018 πολὺς,
1048 4956 1078 5007 δ
1125 4954 1305 5027 λόγοις
1358 4956 1752 5027 στηλιτεύσας,
1789 4956 1886 5023 καὶ

293 5046 481 5117 ἔργοις
536 5044 911 5116 θριαμϐεύσας
957 5046 1056 5115 τὴν
1103 5046 1319 5117 ἀπάτην
1363 5046 1461 5119 τὴν
1514 5049 1736 5119 ἄεργον,
1789 5048 1887 5107 καὶ

293 5136 666 5206 καταγγείλας
696 5137 935 5209 Χριστὸν
962 5137 1091 5197 Υἱὸν
1119 5137 1256 5193 Θεοῦ
1286 5138 1382 5207 καί
1406 5138 1603 5209 Λόγον.

369 5215 782 5283 Θεοτοκίονμὲ-
808 5230 880 5283 Σὺ
908 5228 1069 5298 γενοῦ
1100 5247 1191 5300 μοι
1224 5231 1545 5302 προστάτις,
1587 5230 1652 5284 σὺ
1688 5230 1888 5303 φαιδρὰ

293 5322 659 5395 παραστάτις,
697 5320 1129 5393 θεογεννήτριαί
1182 5324 1347 5395 ἡνίκα
1399 5317 1506 5396 τῆν’
1546 5324 1725 5396 ψυχήν
1781 5340 1885 5398 μου

292 5414 503 5487 ἐσχάτη
534 5415 629 5470 καὶ
652 5416 864 5488 μεγάλη
895 5417 1179 5489 καταλάϐῃ
1208 5417 1556 5489 περίστασις,
1581 5418 1677 5473 καὶ
1699 5416 1885 5483 ἐξελοῦ

294 5521 369 5579 με
398 5505 583 5579 χειρὸς
608 5505 823 5578 λῃστῶν
856 5508 1198 5580 ἀεροπόρων.

574 5601 709 5674 ᾨδὴ
732 5605 818 5658 H'.
852 5603 1316 5671 Ἐπταπλασίως
1343 5604 1601 5676 κάμινος

382 5693 709 5750 Ἀθανασίαν
749 5695 952 5767 εὕρατο
980 5696 1068 5750 διὰ
1099 5695 1197 5751 σοῦ
1232 5696 1554 5763 Ἀθανάσιος
1574 5739 1587 5765 ,
1620 5699 1720 5768 τῆς
1747 5698 1884 5753 ἀθα-

294 5786 489 5852 νασίας
516 5789 545 5841 ὁ
571 5787 797 5860 φαιδρὸς
818 5790 1137 5860 ἐπώνυμοςο
1158 5790 1427 5859 τυράννου
1454 5792 1748 5863 προστάξει
1772 5792 1884 5863 γάρ

292 5880 674 5957 θανατηφόρον
704 5882 998 5956 φάρμακόν
1033 5901 1114 5942 σοι
1146 5872 1484 5956 κεκέρακὼς,
1518 5884 1744 5950 ἀπαθῶς
1785 5902 1884 5948 πε-

1989 4685 2211 4741 turbam
2242 4687 2516 4743 malorum
2552 4703 2800 4743 meorum
2835 4686 3060 4756 disjice,
3091 4701 3303 4757 quaeso,
3328 4685 3576 4757 requiem

1987 4774 2054 4829 da
2095 4775 2252 4843 mihi,
2284 4783 2341 4831 et
2361 4777 2550 4839 oneris
2589 4778 2858 4841 levamen.

2060 4865 2295 4938 Hymnis
2322 4869 2623 4925 celebreris
2658 4878 2888 4940 martyr,
2917 4868 3285 4939 intelligentia
3320 4884 3576 4941 magnus,

1988 4960 2261 5029 sapientia
2292 4959 2468 5021 dives,
2504 4962 2600 5033 qui
2631 4964 2815 5016 verbis
2848 4962 3235 5017 incriminalus
3257 4976 3339 5027 es,
3366 4970 3419 5017 et
3448 4977 3573 5032 ope-

1988 5051 2146 5105 ribus
2186 5051 2492 5109 confudisti
2547 5055 2793 5111 otiosnm
2835 5071 3107 5121 errorem,
3145 5056 3239 5126 qui
3289 5055 3572 5114 Christum

1987 5143 2301 5212 praedicasti
2331 5144 2533 5201 Filium
2572 5145 2666 5202 Dei
2694 5157 2749 5202 et
2785 5147 3050 5203 Verbum.

2063 5236 2327 5306 Deiparw.
2362 5266 2433 5278 --
2481 5237 2564 5292 Tu
2636 5254 2722 5294 me
2780 5239 3032 5310 adiuves,
3094 5251 3151 5297 tu
3210 5258 3300 5300 me
3350 5246 3586 5317 egregie

1989 5327 2277 5397 defendas,
2352 5330 2443 5384 Dei
2501 5330 2772 5386 Genitrix!
2816 5334 3043 5403 quando
3093 5337 3333 5392 animam
3398 5354 3577 5393 meum

1989 5424 2254 5493 corripiet
2299 5425 2491 5480 ultima
2517 5433 2572 5481 et
2597 5441 2814 5482 summa
2840 5428 3169 5499 necessitas,
3198 5430 3376 5488 libera
3394 5446 3485 5488 me
3512 5432 3581 5487 de

1992 5513 2319 5585 latronibus:
2339 5515 2617 5571 mthereis.

2338 5609 2451 5665 Ode
2494 5609 2653 5667 VIII.
2687 5610 2941 5683 Sepluplo
2970 5617 3236 5672 caminus.

2072 5702 2401 5759 Ἀθανασίαν
2464 5702 2659 5760 habuit
2714 5723 2810 5776 per
2845 5715 2897 5764 te
2931 5708 3295 5776 Athanasius,
3331 5707 3437 5765 hoc
3484 5722 3577 5763 no-

1991 5795 2137 5851 mine
2177 5794 2375 5849 merito
2432 5796 2787 5866 conspicuus.
2814 5798 2951 5855 Nam
2981 5802 3195 5873 tyranni
3225 5801 3388 5870 jussu
3432 5816 3596 5878 mor-_

1991 5887 2211 5947 tiferum
2238 5887 2339 5943 tibi
2364 5889 2767 5959 promiscuerat
2792 5910 3098 5963 venenum;
3130 5909 3368 5953 cernens
3388 5903 3575 5951 autem
