4130 6428
568 416 712 482 ’1399
2038 414 2174 473 ADI

2275 411 2420 471 lDA.
2682 478 2687 483 κ
3716 408 3853 468 Mill

569 542 624 583 ιι·
652 530 783 585 illud
835 528 1059 601 impune
1087 527 1390 603 bibentem,
1448 525 1734 596 obstupuit
1778 534 1831 579 et
1887 524 2149 577 virtutem

2275 519 2483 573 τωκότα
2515 515 2639 570 ἰδών
2670 534 2753 579 σε,
2789 514 3113 584 κατεπλάγη
3141 552 3155 576 ,
3194 514 3288 567 καὶ
3314 513 3375 566 τὶ
3406 513 3609 584 κράτος
3639 514 3855 579 ἐπέγνω

570 623 792 693 agnovit
820 620 1025 678 Christi
1057 623 1151 692 qui
1186 630 1418 676 mortem
1453 621 1702 675 sustulit.

645 734 860 789 Robore
889 734 1109 789 crelitus
1158 741 1212 789 et
1241 733 1453 789 invicta
1510 733 1562 787 vi
1597 735 1846 788 munitus
1883 742 2015 788 rotre
2042 739 2160 785 tor-

572 836 815 881 mentum
840 826 1113 897 pertulisti
1138 842 1152 891 ;
1187 825 1386 898 gladiis
1415 826 1735 895 confossus,
1762 825 1927 880 ﬁbras
1955 833 2011 880 et
2037 838 2162 895 ner-

570 931 669 978 vos
686 916 958 983 divulsus,
983 928 1147 989 rupta
1172 932 1428 973 ossorum
1458 919 1776 983 concordia,
1798 926 1855 974 et
1883 917 2161 989 spicarum

573 1010 749 1064 instar
783 1025 981 1067 sacros
1014 1012 1221 1082 digitos
1250 1026 1446 1076 omnes
1477 1010 1771 1082 collegisti.

640 1205 973 1263 Crudelibus
1030 1207 1213 1263 nervis
1273 1208 1438 1279 pedes
1499 1217 1555 1264 et
1581 1222 1777 1261 manus
1828 1203 2161 1275 discerptus,

573 1313 803 1354 nervum
834 1299 1112 1368 enervasti
1142 1299 1319 1356 hostis
1350 1299 1614 1365 ferreum,
1642 1298 1804 1367 cujus
1820 1296 2005 1352 cervix
2033 1312 2167 1351 con-

572 1389 746 1444 fracta
807 1388 914 1444 fuit
952 1390 1264 1463 manifeste,
1322 1391 1582 1447 Christus
1632 1389 1781 1444 enim
1828 1389 2084 1445 ﬁrmabat
2114 1398 2167 1443 te

574 1483 806 1539 militem
858 1498 1044 1548 suum,
1096 1483 1282 1544 nervis
1336 1490 1389 1538 te
1443 1482 1606 1557 azreis
1666 1480 2049 1546 circumdans,
2106 1490 2167 1536 ut

573 1576 751 1641 aiunt,
782 1583 949 1647 atque
978 1576 1087 1641 vim
1125 1575 1224 1630 tibi
1257 1575 1539 1646 inspirans
1566 1574 1621 1629 in
1665 1573 1778 1631 Deo
1798 1574 2049 1647 prodigia
2088 1573 2169 1639 fa-

574 1667 779 1734 ciendi,
816 1683 881 1723 ac
911 1669 1171 1726 virtutem
1213 1667 1465 1724 solvendi
1499 1654 1883 1745 tenebrarum._

645 1778 934 1846 Quomodo
966 1778 1110 1843 Deus
1134 1779 1389 1835 Christus
1408 1786 1462 1836 et
1483 1781 1666 1851 omnis
1687 1788 1959 1849 creatura:
1981 1778 2168 1835 Domie

578 1886 682 1926 nus
712 1879 767 1926 et
799 1871 1052 1926 humanae
1084 1880 1297 1926 natura:
1324 1880 1544 1937 auctor,
1582 1873 1668 1928 vel
1701 1873 1909 1928 invitos
1934 1871 2163 1944 coegisti

576 1966 854 2035 daemones
912 1963 1083 2041 Deum
1137 1965 1411 2034 conﬁteri,
1454 1968 1581 2022 licet
1630 1976 1835 2021 natura
1868 1965 2164 2022 mendaces

576 2057 708 2113 sint.
738 2055 871 2117 Nam
893 2064 1222 2126 potestatem
1249 2066 1399 2123 tuam
1418 2059 1477 2129 in
1504 2060 1656 2129 ipsos
1682 2058 1864 2135 veriti,
1889 2072 1989 2113 ceu
2017 2059 2161 2131 servi

575 2144 891 2218 ﬁagriones,
920 2148 1180 2203 mandata
1211 2158 1303 2204 tua
1338 2152 1693 2221 peragebant.

649 2370 919 2447 Deipqrw.
948 2402 1017 2413 —
1048 2370 1287 2429 Carnem
1320 2373 1630 2443 suscipiens
1661 2390 1728 2429 ex
1763 2374 2037 2444 sanguine
2071 2383 2167 2439 tuo

581 2464 971 2535 incorporeus,
1009 2447 1289 2520 hominem
1325 2463 1641 2518 carnalibus
1675 2463 1987 2533 subjectum
2014 2463 2166 2518 desi-

577 2555 768 2630 deriis,
798 2561 854 2610 et
883 2554 1115 2624 spiritus
1141 2564 1449 2625 expertem,
1511 2553 1755 2626 Spiritus
1789 2555 1969 2609 sancti
2021 2555 2168 2612 dono

578 2644 884 2715 roboravit,
920 2658 985 2699 ac
1013 2644 1125 2700 vim
1147 2645 1300 2701 dedit
1320 2660 1524 2716 corpus
1551 2645 1850 2715 superbum
1888 2648 2170 2720 sapienter

581 2736 1004 2817 comprimendi,
1036 2748 1090 2795 et
1128 2738 1188 2811 in,
1217 2738 1545 2794 servitutem
1572 2738 1875 2815 redigendi,
1910 2738 2102 2817 Virgo.

857 2940 970 2997 Ode
1005 2939 1112 2995 ιχ.
1142 2940 1428 3011 Infremuit
1451 2939 1622 2998 omnis
1657 2942 1897 3015 auditus.

653 3070 951 3149 Cressibus
985 3070 1157 3143 animi
1194 3072 1277 3126 tui
1332 3072 1387 3126 in
1434 3082 1588 3142 petra
1625 3072 1751 3128 ﬁdei
1781 3071 2051 3139 fundatis,
2084 3089 2171 3141 ere

584 3164 737 3241 roris”
784 3164 1081 3231 simulacra
1136 3164 1190 3218 in
1254 3165 1535 3233 pulverem
1594 3165 1886 3236 dejecisti;
1925 3166 2069 3221 collo
2103 3166 2168 3221 ad

584 3254 755 3311 Deum
782 3253 1066 3320 inclinato,
1096 3262 1151 3309 et
1178 3262 1431 3310 truncata
1458 3256 1641 3326 gladio
1670 3258 1909 3333 cervice,
1938 3257 2167 3324 athleta,
2198 3279 2241 3335 ε]

586 3345 657 3401 ad
686 3347 1135 3426 rerumomnium
1160 3355 1325 3421 caput
1356 3348 1630 3425 migrasti.

657 3553 776 3619 Ceu,
798 3553 972 3625 lilium
1008 3555 1135 3613 nive
1161 3553 1455 3615 candidius
1485 3556 1537 3610 in
1573 3556 1716 3615 valle
1743 3566 2047 3628 martyrum
2080 3555 2177 3612 ﬁo-

588 3647 788 3712 ruisti;
830 3646 1018 3715 divino
1071 3648 1322 3717 martyrii
1352 3647 1579 3702 lavacro
1610 3648 1955 3713 rubefactus,
1993 3664 2175 3704 rosam

587 3740 811 3795 edidisti
841 3739 1121 3815 rubidam,
1156 3740 1297 3795 bene
1345 3742 1611 3804 olentem,
1643 3740 1952 3807 odoratam,
1980 3756 2176 3813 omnes

589 3830 858 3902 singulari
888 3830 1211 3903 passionum
1236 3829 1444 3885 Christi
1480 3828 1651 3884 odore
1679 3830 1960 3904 recrea‘sti.

659 4029 828 4087 Ferro
864 4031 1081 4097 ﬁrmius
1120 4030 1406 4101 praebuisti
1432 4044 1636 4101 corpus
1676 4038 1833 4108 tuum
1887 4032 2175 4099 invictum,

588 4123 811 4195 Georgi,
844 4133 1250 4186 tormentorum
1280 4123 1495 4179 malleis
1531 4123 1905 4193 nequidquam
1952 4114 2178 4194 percusé

588 4230 743 4283 sum;
770 4217 920 4271 velut
946 4231 1089 4287 aqua
1110 4214 1308 4289 frigida
1329 4217 1597 4287 sanguine
1619 4225 1713 4271 tuo
1737 4216 1913 4272 calido
1943 4217 2176 4274 tinctum

587 4310 772 4366 acrius
806 4307 1062 4365 etl‘ectum
1091 4316 1205 4387 est,
1237 4309 1363 4381 igne
1384 4309 1675 4365 charitatis
1711 4311 1918 4366 Christi
1950 4312 2185 4387 indura-1

517 4455 521 4460 ,
587 4409 730 4453 tum.

657 4528 861 4584 Christi
892 4529 1068 4600 gratia
1100 4530 1193 4599 qui
1222 4529 1486 4591 mundum
1513 4531 1667 4597 vicit,
1699 4531 1857 4601 juxta
1880 4532 2177 4603 promissa,

2260 609 2501 684 Χριστοῦ
2530 609 2621 664 τοῦ
2654 608 2981 672 καθελόντος
3008 607 3102 661 τὸν
3135 605 3367 661 θάνατον
3398 606 3640 675 θανάτῳ.

2344 724 2520 796 Ἰσχῦν
2565 724 2662 779 καὶ
2709 723 2896 787 σθένος
2933 723 3150 792 ἄμαχον
3181 721 3484 793 οὐρανόθεν
3535 720 3857 790 ζωσάμενος

2261 820 2360 890 τὴν
2416 820 2507 873 ἐπὶ
2560 816 2755 889 τροχὸν
2807 817 3116 888 περιφορὰν
3160 814 3480 899 ύπέφερίες·
3518 815 3856 885 τεμνόμενος

2264 913 2466 982 ξίφεσι,
2499 908 2621 974 ἶνας
2655 911 2749 964 καὶ
2782 908 2949 982 νεῦρα
2974 908 3288 980 σπώμενος,
3317 908 3412 963 καὶ
3451 906 3858 979 περιθραυόμε-

2264 1020 2354 1067 νος
2380 1003 2556 1056 ὀστῶν
2598 1003 2888 1074 ἁρμονίας,
2921 1002 3017 1056 καὶ
3055 1002 3217 1072 δίκην
3247 999 3545 1070 ἀσταχύων
3567 998 3855 1068 θεριζόμε-

2264 1114 2355 1159 νος
2388 1095 2597 1159 πάντας
2627 1096 2751 1159 τοὺς
2786 1095 2969 1165 ἱεροὺς
2993 1092 3319 1156 δακτύλους.

2337 1207 2572 1281 Νεύροις
2601 1208 2773 1279 ὠμοῖς
2808 1206 3123 1277 ξαινόμενος
3157 1203 3268 1258 τῶν
3310 1203 3513 1274 χειρῶν
3548 1203 3647 1256 καὶ
3683 1202 3860 1255 ποδῶν

2269 1320 2387 1369 σου,
2434 1302 2530 1356 τὸν
2578 1300 2775 1371 ἐχθρὸν
2818 1298 3180 1370 ὲξηνεύρισας
3228 1296 3423 1368 νεῦρον
3474 1295 3755 1367 σιδηροῦν,
3802 1290 3861 1349 οὗ

2268 1393 2563 1467 προφανῶς
2591 1393 2619 1446 ὁ
2642 1391 2914 1464 τράχηλος
2933 1433 2946 1446 .
2980 1389 3219 1461 Χριστὸς
3245 1388 3355 1460 γὰρ
3380 1389 3609 1454 ὲνεύρου
3638 1405 3697 1441 σε
3722 1388 3861 1462 ὑπὲρ

2268 1484 2434 1540 αὐτοῦ
2474 1482 2814 1556 μαχόμενον,
2851 1481 3022 1555 νεῦρὰ
3051 1498 3136 1535 σοι
3170 1480 3355 1552 χαλκᾶ
3388 1479 3701 1552 περιτιθεὶς
3732 1479 3805 1541 ὡς
3834 1482 3861 1534 ὁ

2266 1578 2445 1646 λόγος,
2472 1576 2569 1631 καὶ
2598 1576 2827 1646 δύναμιν
2856 1574 3112 1646 ἐμπνέων
3132 1572 3226 1626 τοῦ
3256 1572 3488 1640 ποιῆσαι
3516 1571 3783 1641 δυνάμεις
3805 1572 3860 1623 ὲν

2268 1672 2345 1743 τῷ
2376 1670 2515 1743 Θεῷ,
2539 1670 2636 1726 καὶΙ
2669 1669 2831 1722 λῦσαι
2864 1669 2965 1741 τὴν
2994 1667 3228 1738 δύναμιν
3251 1664 3345 1718 τοῦ
3376 1666 3630 1741 σκότους.

2344 1786 2469 1839 Ὅτι
2513 1784 2648 1848 Θεὸς
2694 1783 2790 1837 καὶ
2838 1781 3044 1854 Κύριος
3078 1782 3107 1834 ὁ
3136 1782 3371 1855 Χριστὸς
3403 1781 3587 1849 πάσης
3633 1778 3861 1841 κτίσεως

2270 1880 2367 1932 καὶ
2400 1876 2746 1949 Δημιουργὸς
2773 1876 2873 1947 τῆς
2906 1872 3260 1946 ἀνθρωπίνης
3288 1873 3527 1943 φύσεως,
3561 1869 3659 1923 καὶ
3700 1870 3861 1937 ἀκονέ

2266 1989 2365 2035 τας
2397 1969 2614 2033 ἕπειθες
2668 1969 2956 2040 ὁμολογεῖν
2983 1968 3112 2031 τοὺς
3145 1967 3410 2036 δαίμονας
3431 2006 3446 2028 ,
3481 1962 3667 2017 καίτοι
3703 1979 3861 2032 φανεο

2270 2064 2379 2136 ρῶς
2427 2061 2769 2132 φιλοψευδεῖς
2799 2061 2958 2124 ὄντας
2990 2059 3184 2129 φύσει·
3217 2059 3319 2130 τὴν
3362 2058 3463 2126 σὴν
3494 2056 3604 2129 γὰρ
3633 2055 3862 2118 δεδιότες

2268 2156 2391 2210 κατ’
2413 2156 2592 2209 αὐτῶν
2622 2154 2897 2220 ἐξουσίαν,
2930 2153 3006 2233 ὡς
3034 2152 3213 2231 δοῦλοι
3249 2151 3572 2220 ααστυγίαι,
3601 2150 3667 2203 τὸ
3698 2166 3862 2219 προσ-

2267 2251 2465 2323 ταχθὲν
2500 2249 2697 2321 ἑνεπλή
2707 2264 2861 2326 ρουν.

2342 2369 2679 2427 Θεοτοκίον.
2709 2397 2781 2408 -
2815 2365 3005 2437 Σάρκα
3050 2363 3233 2418 λαϐὼν
3264 2364 3292 2416 ὁ
3323 2363 3571 2433 ἄσαρκος
3617 2363 3685 2415 ἐκ
3725 2377 3858 2414 παν-

2270 2466 2454 2533 ἀγνων
2504 2461 2757 2533 αἱμάτων
2809 2476 2928 2523 σου,
2965 2458 3057 2511 τὸν
3098 2455 3525 2527 καθυπαχθέντα
3579 2457 3859 2525 σαρκικοῖς

2271 2554 2398 2624 θελή
2408 2570 2564 2624 μασι,
2595 2552 2692 2605 καὶ
2718 2549 3035 2621 πνεύματος
3069 2549 3298 2620 ἄμοιρον
3324 2546 3731 2617 γεγεννημένον
3767 2547 3857 2599 ἀν-

2272 2645 2513 2717 θρωπον,
2543 2641 2866 2713 Πνεύματος
2912 2641 3073 2710 ἁγίου
3128 2642 3349 2711 παροχῇ
3392 2636 3745 2709 δυναμώσας,
3782 2653 3861 2703 eo:

2270 2735 2388 2804 φῶς
2436 2733 2760 2798 ὑποπιέξειν
2794 2732 2855 2785 τὸ
2899 2731 3219 2805 δυσάγωγον
3274 2728 3462 2801 σῶμα,
3496 2729 3866 2797 δουλαγωγεῖν

2269 2843 2329 2903 τε
2360 2823 2520 2879 τοῦτο
2546 2824 2831 2895 ὲνίσχυσε,
2863 2823 3133 2894 Παρθένε.
3749 2844 3752 2847 λ

2624 2937 2762 3010 ’ῼδὴ
2792 2937 3125 3008 ΘΧΕςῳιξε
3158 2934 3329 2992 πᾶσα
3352 2934 3528 3001 ἀκοή.

2357 3077 2600 3151 Ὶδρύσας
2632 3093 2726 3129 σου
2756 3076 2824 3130 τά
2862 3075 3030 3145 νοητά
3076 3074 3395 3145 διαδήματα
3444 3073 3503 3125 ὲν
3537 3071 3718 3143 πέτρᾳ
3766 3072 3867 3135 τῆς

2274 3169 2536 3234 πίστεως,
2566 3169 2634 3223 τά
2663 3167 3100 3240 ἀφιδρύματατά
3116 3168 3216 3239 τῆς
3244 3166 3465 3236 ἀπάτης
3495 3168 3574 3227 είς
3600 3165 3731 3235 χοῦν
3758 3164 3865 3217 ὲλὲ-

2275 3281 2517 3328 πτυνας·
2561 3262 2749 3336 κλίνας
2795 3262 3001 3333 αὐχένα
3034 3261 3091 3314 δὲ
3118 3260 3239 3329 Θεῷ
3264 3260 3364 3314 καὶ
3394 3258 3537 3328 ξίφει
3564 3259 3663 3330 τὴν
3691 3259 3871 3330 χάραν,

2277 3373 2372 3409 σου
2403 3355 2770 3427 ἀποτμηθεὶς,
2806 3353 3042 3427 ἀθλητά,
3076 3353 3213 3425 πρὸς
3243 3352 3345 3423 τὴν
3375 3352 3596 3406 πάντων
3624 3350 3867 3420 κεφαλὴν

2274 3448 2632 3520 ἀνελήλυθας.

2358 3561 2449 3626 Ὠς
2490 3560 2678 3633 κρίνον
2706 3560 3063 3632 χιονοφεγγὲς
3095 3560 3154 3613 ὲν
3183 3559 3401 3612 κοιλᾶσι
3431 3557 3544 3611 τῶν
3576 3555 3871 3628 μαρτύρων

2277 3652 2578 3724 ἐξήνθησας
2598 3668 2613 3683 ’
2645 3652 2725 3722 τῷ
2758 3651 2890 3723 θείῳ
2916 3651 3101 3724 λύθρῳ
3128 3653 3184 3706 δὲ
3215 3652 3296 3723 τῷ
3315 3654 3415 3723 τῆς
3438 3652 3725 3722 ἀθλήσεως
3747 3668 3862 3719 φοι-

2278 3744 2630 3816 νισσόμενος,
2671 3744 2822 3815 ῥόδον
2871 3744 3077 3815 ἐφάνης
3120 3742 3398 3815 ἐρυθρὸν,
3448 3743 3671 3807 εὐῶδες,
3716 3741 3865 3813 μυρί-

2278 3856 2468 3905 πνουν,
2499 3838 2596 3901 καὶ
2640 3839 2808 3893 πᾶσιν
2853 3836 3122 3902 ἔπνευσας
3148 3837 3525 3913 ύπερκόσμιον
3554 3835 3733 3906 ὀσμὴν
3763 3834 3873 3899 τῶν,

2281 3928 2472 3985 παθῶν
2512 3927 2609 3982 τοῦ
2644 3929 2908 3998 Χριστοῦ.

2349 4041 2530 4095 Μόνον
2580 4041 2801 4111 σιδήρου
2851 4042 3056 4105 παντὸς
3104 4043 3167 4095 τὸ
3219 4040 3525 4096 πολύαθλόν
3582 4057 3678 4095 σου
3715 4042 3873 4111 σῶμα

2282 4131 2639 4204 στερρότερον
2665 4130 2846 4202 ὤφθη,
2874 4130 3137 4202 Γεώργιε,
3165 4132 3418 4203 βασάνων
3448 4132 3685 4202 σφύραις
3714 4132 3875 4203 μένον

2280 4222 2600 4278 ἀτύπιυτονο
2630 4224 2707 4288 ῶς
2748 4224 2805 4277 δὲ
2841 4226 2902 4278 ὲν
2946 4224 3099 4279 ὓδατι
3132 4224 3323 4297 ψυχρῷ
3349 4225 3428 4295 τῷ
3456 4224 3536 4297 σῷ
3566 4225 3756 4296 θερμῷ
3782 4226 3865 4277 αἶ-

2284 4334 2417 4387 ματι
2449 4316 2620 4388 βαφὲν
2649 4318 2995 4389 ὲστὼμωται,
3027 4316 3106 4389 τῷ
3151 4320 3286 4391 πυρὶ
3333 4316 3745 4390 προχαλκευθὲν
3773 4317 3869 4387 τῆς

2282 4410 2505 4480 ἀγάπης
2542 4408 2806 4481 Χριστοῦ.

2352 4523 2605 4595 Νικήσας
2634 4522 2821 4594 χάριτι
2866 4523 3109 4596 Χριστοῦ
3157 4524 3250 4578 τοῦ
3301 4525 3628 4591 νικήσαντος
3657 4522 3751 4574 τδν
3784 4519 3868 4573 κό-

589 4627 923 4691 potestatem
956 4621 1228 4691 principis
1255 4622 1423 4692 hujus
1454 4623 1642 4677 mundi
1693 4626 1971 4695 superasti
2016 4626 2174 4681 inhu-

2286 4633 2445 4687 σμον,
2476 4615 2553 4681 ῶς
2584 4616 2756 4688 ἔφησε
2784 4615 2880 4671 τοῦ
2907 4617 3353 4688 κοσμοκράτορος
3378 4619 3477 4680 τάς
3508 4616 3759 4682 ἐξουσίας
3778 4613 3867 4667 καὶ

589 4727 925 4782 manumque
964 4712 1302 4783 imperium;
1335 4716 1518 4777 victor
1577 4715 1787 4770 athleta
1840 4732 1873 4773 e
1910 4725 2057 4774 terra
2109 4719 2176 4774 ad

588 4810 840 4866 cwlestia
868 4808 1126 4876 evolasti,
1150 4810 1361 4878 potenti
1397 4810 1588 4865 dextra
1627 4825 1948 4882 corona-tus.

659 5008 979 5065 Fluminum
1022 5009 1185 5065 undis
1214 5018 1507 5081 aequantur
1561 5010 1851 5068 innumera
1904 5013 2176 5085 prodigia,

594 5118 716 5175 qua
749 5103 912 5158 vivus
952 5110 1124 5173 atque
1177 5102 1348 5158 etiam
1396 5111 1525 5173 post
1565 5112 1797 5157 mortem
1849 5104 2177 5175 perfecisti;

595 5214 724 5254 vere
745 5198 891 5252 enim
915 5196 1106 5250 vivunt
1128 5196 1184 5250 in
1214 5196 1323 5251 Deo
1345 5197 1430 5252 vel
1455 5204 1580 5268 post
1613 5206 1841 5254 mortem
1859 5198 2021 5268 justi;
2050 5214 2177 5253 nam

601 5290 650 5343 in
683 5305 848 5346 manu
886 5288 981 5347 Dei
1015 5289 1212 5345 anima;
1239 5305 1457 5346 eorum.

666 5488 803 5543 Cum
838 5502 1149 5545 sermonem
1180 5488 1437 5546 idoneum
1471 5506 1581 5547 non
1638 5491 1894 5557 habeam,
1953 5505 2054 5546 nec
2083 5490 2183 5545 lin-

598 5597 760 5656 guam
796 5581 1087 5639 facundam
1112 5598 1235 5653 quae
1265 5583 1554 5639 innumera
1583 5592 1679 5639 tua
1718 5591 1869 5655 gesta
1902 5582 2183 5638 celebrare

596 5675 795 5735 valeat,
832 5672 996 5727 verba
1044 5672 1285 5744 suscipe,
1342 5682 1645 5745 martyrum
1712 5672 1912 5741 decor;
1970 5687 2070 5728 oro
2128 5681 2182 5728 et

598 5782 795 5840 precor
842 5764 1181 5821 Salvatorem
1237 5779 1420 5819 meum
1477 5765 1757 5821 Christum
1795 5773 1853 5819 ut
1907 5781 2031 5821 eum
2072 5767 2178 5824 mei

597 5862 877 5918 misereat.
914 5857 1069 5914 Deest
1098 5855 1390 5911 θεοτόκιον.

2287 4706 2715 4780 μισανθρώπους
2752 4708 2928 4778 ἀρχάς
2948 4724 2964 4738 ·
2995 4708 3401 4778 τροπαιοφόρος
3428 4706 3673 4775 ἀθλητὴς
3705 4704 3868 4773 γῆθεν

2280 4801 2646 4871 ἀνεφοίτησας
2677 4801 2815 4871 πρὸς
2857 4800 2927 4879 τά
2978 4799 3229 4880 οὐράνια,
3265 4799 3417 4871 δεξιᾷ
3456 4796 3723 4869 νικοποιῷ
3756 4814 3867 4850 στε-

2284 4888 2647 4967 φγθησόμενος.
2739 4891 2744 4896 ’
3066 4890 3069 4894 ’

2352 5004 2578 5075 Νάμασι
2605 5006 2719 5068 τοῖς
2744 5003 2854 5059 τῶν
2886 5006 3152 5077 ποταμῶν
3182 5002 3545 5075 παρισοῦνται
3572 5004 3643 5057 τά
3676 5004 3871 5073 harpe

2287 5096 2569 5168 θαύματα,
2603 5099 2748 5169 ἅπερ
2778 5098 3056 5166 ὲτὲλεσας,
3083 5098 3180 5151 καὶ
3226 5096 3337 5161 ζῶν
3383 5097 3481 5150 καὶ
3528 5096 3609 5149 ἔτι
3649 5096 3787 5168 μετά
3815 5096 3872 5148 τὸ

2288 5190 2440 5255 τέλος
2468 5190 2643 5254 τελεῖς
2663 5207 2676 5220 ·
2708 5190 2878 5254 ὅντως
2908 5192 3017 5262 γάρ
3053 5189 3219 5255 ζῶσιν
3255 5191 3314 5243 ἐν
3340 5189 3459 5261 Θεῷ
3493 5191 3589 5243 καὶ
3617 5188 3756 5261 μετά
3787 5188 3872 5241 τὸν

2291 5281 2520 5337 θάνατον
2554 5280 2772 5352 ἀληθῶς
2799 5282 2851 5345 oi
2877 5281 3076 5336 δίκαιοι
3104 5297 3118 5311 ·
3162 5282 3220 5335 ὲν
3263 5281 3407 5355 χειρὶ
3455 5281 3564 5354 γὰρ
3614 5280 3709 5337 τοῦ
3743 5279 3874 5347 Θεῷ

2290 5375 2346 5437 αἱ
2377 5373 2545 5446 ψυχαὶ
2576 5372 2776 5427 αὐτῶν.

2360 5487 2475 5541 Οὐκ
2523 5486 2662 5557 ἔχων
2706 5487 2869 5556 λόγου
2916 5488 3223 5561 προφορὰν,
3262 5487 3382 5543 οὐδὲ
3414 5487 3671 5555 γλῶσσαν
3712 5487 3876 5559 ὑμνο-

2287 5580 2498 5651 γράφον
2529 5581 2709 5635 πάντα
2736 5564 3107 5654 δεδυνημένηνί
3147 5580 3329 5646 καλῶς
3372 5581 3443 5637 τά
3485 5582 3555 5635 σὰ
3596 5583 3877 5653 γεραίρειν

2288 5672 2567 5744 ἀνάριθμα
2588 5676 2845 5745 ’ῥήματα
2873 5675 3006 5740 ἰδοὺ,
3028 5675 3326 5745 μαρτύρων
3353 5674 3610 5746 καλλονή,
3649 5674 3877 5747 προσδέ-

2289 5785 2383 5839 χου
2403 5784 2415 5798 ·
2449 5766 2727 5838 τρέπομαι
2760 5768 2857 5821 καὶ
2886 5766 3116 5822 ἱκετεύω
3142 5766 3235 5822 τὸν
3258 5769 3487 5842 Σωτῆρα
3518 5785 3623 5839 μου
3645 5766 3879 5841 Χριστὸν

2292 5859 2513 5915 ίλεῶσαί
2542 5877 2630 5930 με.
2663 5859 2816 5914 Deest
2847 5858 3153 5915 Θεοτοκίον.
