4130 6394
206 447 220 454 -
279 385 418 456 1401

484 595 726 670 ΚᾼΝΩΝ
763 597 872 650 ΕΙΣ
908 595 1046 664 TQN
1084 592 1287 648 ΑΠοΝ
1329 589 1647 656 ΒΛΔΣΙΟΝ,

309 681 383 746 οὗ
415 690 455 760 ἠ
487 687 877 760 ἀκροστέχζς·
916 686 1188 760 Βλαστους
1216 681 1476 760 ἀνυμνῶν
1510 680 1620 734 τῶν
1651 678 1829 732 πόνων

649 755 776 814 τοῦήί
793 757 1024 810 Βλασίου
1069 755 1182 825 ἐγὼ
1216 756 1492 824 Ἰωάννης.

491 850 632 923 ’ῼδὴ
662 847 937 933 Α’.Ἦχος
965 852 1070 919 πλ.
1101 842 1666 917 δ’.Ἀρματηλάτην.

347 941 520 1016 [Cod.
559 943 732 1000 {.172
759 943 861 1016 b.]
909 941 1151 1014 Ἀληθῶς
1193 937 1600 1004 καθυωτάξας,
1645 933 1867 998 Βλάσιε,

284 1035 432 1109 πάθη
463 1037 532 1092 τά
565 1036 737 1107 ἄλογα
772 1036 851 1109 τῷ
881 1036 1094 1109 ἀρχικῷ
1125 1035 1294 1106 λόγῳ,
1328 1030 1598 1104 βασιλέως
1628 1027 1871 1101 πρόστα-

1427 379 1745 462 HYMNUS
1790 377 1874 440 IN
1915 377 1978 438 ε.
2035 377 2397 438 BLASIUM.

704 503 1040 562 ΙΩΑΝΝΟΥ
1071 501 1436 558 ΜΟΝΑΧΟΥ
1887 498 1934 556 Α

3411 367 3548 435 1402

2379 489 2712 546 JOANNIS
2731 556 2738 564 _
2758 488 3116 546 nomen:
3235 455 3244 467 ’

2198 577 2494 634 llYMMUS
2533 579 2602 635 IN
2641 578 2968 636 SANCTUM
3010 576 3334 644 BLASIUM,

1966 672 2021 726 in
2044 688 2146 743 quo
2179 673 2366 740 primae
2401 688 2646 729 versuum
2672 673 2864 729 liuerw
2899 672 3207 743 signiﬁcant
3234 686 3253 724 :
3285 669 3548 726 Germina

2199 744 2448 798 laborum
2481 742 2648 798 Blasii
2673 745 2892 799 celebro
2927 741 3034 813 ego
3055 741 3318 798 Joannes.

2149 835 2261 892 Ode
2299 836 2351 892 Ι.
2395 835 2571 892 Sanus
2600 835 2678 906 pl.
2705 837 2760 898 4.
2799 836 3002 893 Curras
3037 837 3375 907 agitatorem.

2042 927 2263 994 Ratioui
2287 944 2416 984 vere
2453 928 2746 999 subjecisti
2776 929 3030 987 carnales
3073 928 3324 992 aiIectus,
3372 925 3554 993 Blasi;

1973 1024 2118 1095 regis
2176 1023 2495 1078 mandatum
2534 1031 2589 1078 et
2636 1036 2828 1080 vocem
2888 1021 3293 1092 contempsisti,
3353 1019 3557 1090 Regem

281 1145 401 1201 γμα
449 1132 546 1185 καὶ
592 1130 751 1200 λόγον
781 1131 1122 1203 ιὲφαύλισας,
1160 1127 1396 1183 Βασιλέα
1444 1123 1710 1198 κηρύξας,
1744 1117 1804 1176 οὗ
1837 1122 1872 1193 ἢ

2003 1117 2282 1173 ιτπόίυεοε
2313 1117 2402 1172 cui
2443 1124 2690 1188 potestas
2731 1116 2924 1172 innata
2975 1125 3030 1172 et
3075 1122 3342 1180 aeternum
3386 1114 3559 1186 impe-

281 1222 427 1292 ἀρχὴ
461 1222 745 1294 ἁδιάδοχος
775 1224 870 1280 καὶ
901 1222 1148 1295 βασιλεία
1179 1221 1422 1284 αἰώνιος.

355 1316 558 1385 Σοφίαν
581 1318 639 1370 ὲν
671 1317 875 1387 ἀνοίξει
909 1317 1178 1389 στόματος
1210 1317 1354 1372 δίδου
1388 1333 1501 1388 μοι,
1538 1313 1681 1396 Λόγε
1712 1313 1873 1378 Θεοῦ,

1977 1209 2140 1264 rium.

2048 1301 2124 1359 Os
2169 1300 2446 1373 aperienti
2501 1299 2826 1371 sapientiam
2885 1305 3113 1370 presta,
3150 1297 3391 1354 Verbum
3435 1296 3560 1364 Dei,

285 1406 378 1462 τὸν
404 1409 551 1481 ἱερὸν
572 1409 745 1476 ὅντως
764 1412 862 1464 ἀνυ
873 1411 1074 1484 μνῆσαι
1099 1409 1352 1464 Βλάσιον·
1379 1409 1544 1473 αὐτὸς
1565 1391 1676 1480 γαρ
1700 1406 1877 1478 τούτῳ

2003 1411 2088 1467 luo
2126 1402 2378 1456 sanctum
2411 1393 2656 1448 Blasium
2706 1391 2871 1464 digne
2905 1391 3220 1459 celebrem;
3273 1391 3379 1461 ipsi
3414 1392 3562 1448 enim

287 1499 495 1566 ἐδωκας
535 1503 749 1574 σοφίαν,
788 1499 823 1580 ᾖ
859 1504 1184 1576 ἀντιστῆναι
1231 1503 1331 1557 οὐκ
1365 1504 1598 1573 ἴσχυσαν
1645 1503 1695 1556 οἱ
1726 1498 1879 1570 αὐτῷ

2003 1488 2316 1560 ιερίεηιὶειη
2371 1486 2594 1552 dedisti,
2649 1487 2742 1540 cui
2788 1486 3052 1542 resistere
3107 1496 3216 1540 non
3269 1483 3566 1540 valuerunt

288 1591 683 1669 ἀντικείμενοι.

359 1683 664 1756 ῖΑμπέΜυ,
702 1687 906 1761 Πάτερ,
950 1687 1240 1761 ζωηφόρου
1277 1687 1507 1757 γέγονας
1546 1684 1736 1757 κλῆμα
1785 1701 1882 1738 πο-

288 1775 548 1849 λύφορον,
582 1779 682 1844 τὰς
711 1780 914 1852 ἀρετὰς
950 1781 1136 1853 φέρων
1169 1782 1244 1845 ὡς
1272 1780 1575 1851 πεπείρους
1606 1777 1842 1849 βότρυας
1861 1790 1877 1804 ⁹

1982 1581 2312 1637 adversarii.

2057 1670 2263 1738 Vineae,
2306 1670 2494 1734 Pater,
2543 1667 2876 1726 viviﬁcantis
2933 1666 3116 1722 factus
3159 1681 3222 1723 es
3248 1667 3461 1738 palmes
3497 1666 3570 1724 fe-

1985 1765 2224 1829 cundus,
2287 1765 2589 1819 virtutibus
2646 1762 2796 1818 velut
2848 1759 2973 1815 uvis
3023 1761 3258 1814 maturis
3305 1769 3570 1823 ornatus,

289 1869 717 1942 ἀποτυλώμενος
748 1871 892 1943 ξίφει
929 1873 987 1927 δὲ
1019 1875 1116 1927 καὶ
1153 1875 1313 1928 ποσὶν
1353 1874 1452 1944 οὐχ
1483 1871 1708 1944 ὡραίοις
1737 1870 1877 1925 ἀπο-

2003 1863 2184 1934 ;Iadiis
2238 1861 2495 1917 abscisus
2533 1868 2588 1914 et
2640 1858 2881 1929 pedibus
2916 1853 3280 1910 conculcatus
3311 1855 3577 1925 importu-

292 1958 498 2026 θλιϐεὶς
522 1963 680 2031 πᾶσι,
712 1963 931 2032 Βλάσιε,
965 1966 1143 2030 οἴνους
1164 1964 1513 2032 κατανύξεως
1545 1963 1806 2027 ἐϐλυσας.

366 2144 670 2218 Προφανῶς
699 2143 795 2198 ἐπὶ
826 2141 939 2197 τῶν
971 2140 1151 2215 ἔργων
1186 2139 1620 2218 δέδειξαι,ικατά
1661 2137 1752 2192 τὸν
1791 2137 1887 2210 μέ-

295 2257 402 2311 γαν
421 2216 569 2306 Ἰὼϐ,
610 2237 888 2310 ἀληθινὸς,
927 2238 1127 2308 πρᾶος,
1172 2216 1492 2306 συμπαθὴς,
1529 2233 1625 2288 καὶ
1654 2232 1883 2296 δίκαιος,

297 2331 536 2404 εὐσεϐὴς
557 2332 651 2386 καὶ
675 2331 991 2402 ἄμεμπτος,
1011 2329 1352 2400 ἀπεχόμενος
1375 2328 1543 2392 ὅντως
1561 2329 1625 2381 ἐκ
1646 2324 1886 2398 πονηροῦ

299 2427 652 2499 πράγματος,
687 2422 1111 2498 ἱερομαρτύρων
1145 2423 1450 2493 ἀγλάϊσμα.

374 2524 716 2578 Θεοτόκιον.
745 2551 817 2572 —.-
838 2521 936 2574 Ἐκ
964 2521 1063 2592 τῆς
1095 2521 1254 2592 ῥίζης
1280 2520 1482 2574 Ἰεσσαὶ
1505 2519 1890 2592 βλαστήσασαν

304 2615 502 2699 ράὁδον
543 2615 871 2687 ὑπέρτιμον,
917 2615 978 2668 τὸ
1018 2613 1110 2675 τὸν
1142 2614 1384 2685 Χριστὸν
1436 2612 1630 2676 ἄνθος,
1673 2611 1891 2683 ἀληθῶς

303 2710 645 2788 ἀμάραντον,
676 2709 781 2762 ὑπὸ
811 2707 907 2762 σοῦ
931 2708 1251 2778 ἀνθήσασαν
1275 2709 1376 2778 τὴν
1402 2707 1564 2775 ἁγίαν
1589 2704 1891 2775 Παρθένον,

303 2803 444 2862 Θεοῦ
474 2804 575 2875 τὴν
617 2802 775 2857 πόλιν
811 2800 912 2872 τὴν
965 2800 1210 2872 ἔμψυχον
1251 2799 1602 2872 ἱεροπρεπῶς
1653 2797 1894 2870 μακαρί-

309 2916 519 2971 σωμιν.

799 2991 940 3064 ’ῼδὴ
975 2993 1062 3046 Γ’.
1095 2986 1413 3058 οὐρανίας.

380 3073 752 3157 Βουληθέντες
789 3082 1080 3155 ζωγρῆσαι
1131 3089 1190 3134 σε
1247 3080 1385 3150 πρὸς
1431 3075 1652 3147 σφαγὴν
1682 3074 1893 3136 ἀδικον,

309 3175 464 3238 ὄντες
493 3173 598 3228 ὑπὸ
630 3172 726 3228 σοῦ
757 3171 1144 3243 ζωγρηθέντες
1177 3168 1316 3240 πρὸς
1347 3167 1576 3221 αἰωνίαν
1599 3164 1746 3236 ζωὴν
1777 3161 1898 3234 Θεῷ

1991 1956 2102 2021 nis,
2130 1953 2412 2018 omnibus,
2438 1951 2610 2017 Blasi,
2634 1950 2826 2007 vinum
2853 1948 3087 2015 largitus
3114 1961 3176 2004 es
3203 1947 3578 2018 compunctio.

1991 2048 2101 2105 nis.

2065 2138 2352 2197 Manifeste
2383 2138 2649 2212 operibus
2688 2135 2958 2208 probatus
3007 2150 3091 2199 es,
3120 2134 3282 2205 juxta
3313 2147 3574 2206 magnum

1993 2231 2098 2288 Job
2124 2248 2313 2298 verus,
2364 2237 2712 2297 mansuetus,
2759 2229 3106 2294 misericors,
3136 2237 3192 2283 et
3213 2228 3420 2297 justus.
3457 2227 3582 2298 pius

1995 2334 2051 2380 et
2111 2323 2640 2396 irreprebeusibilis,
2693 2321 2982 2379 abstinens
3012 2335 3146 2376 vere
3199 2320 3269 2376 ab
3322 2319 3471 2376 omni
3522 2334 3584 2375 re

2001 2418 2168 2480 mala,
2195 2424 2501 2489 martyrum
2531 2415 2726 2470 decus.

2071 2487 2686 2578 Deiparwr—Virgam
2729 2487 3029 2576 pretiosam
3068 2517 3134 2558 ex
3178 2499 3366 2556 radice
3412 2498 3588 2556 Iesse

2001 2601 2426 2672 germinantem,
2460 2600 2742 2656 Christum
2783 2597 2972 2654 ﬂorem
3024 2611 3152 2651 vere
3198 2593 3586 2648 amarantbum

2000 2695 2341 2757 eﬂ'erentcm,
2379 2693 2595 2748 beatam
2635 2690 2942 2763 Virginem,
2987 2688 3170 2745 vivam
3220 2685 3320 2744 Dei
3377 2685 3588 2752 sedem,

2002 2783 2400 2841 convenienter
2429 2782 2795 2839 celebremus.

2503 2965 2614 3021 Ode
2647 2963 2678 3019 Ι
2686 2964 2708 3018 ι
2718 2961 2770 3018 1.
2813 2963 3084 3021 (Ζωίεειεο.

2075 3060 2182 3127 Qui
2214 3069 2269 3116 te
2311 3058 2571 3114 volebant
2619 3058 2685 3113 ad
2737 3057 3000 3127 injustam
3053 3053 3445 3111 mactationem
3483 3068 3594 3110 ser-

2005 3167 2162 3221 vare,
2185 3167 2215 3207 a
2257 3158 2311 3207 te
2334 3151 2400 3207 ad
2441 3149 2614 3205 vitam
2664 3157 2930 3206 aeternam
2976 3149 3179 3205 servati
3209 3154 3360 3212 sunt,
3396 3155 3453 3201 et
3483 3146 3595 3202 Deo

312 3265 710 3341 προσήχθησαν
746 3239 976 3337 θήρ-αμα
1007 3263 1166 3328 ζώων
1219 3239 1435 3329 ἀλόγων
1469 3256 1650 3328 πολλῷ
1701 3273 1901 3327 τιμιωα

2005 3246 2174 3303 oblati
2200 3255 2329 3300 sunt
2352 3243 2590 3300 victimas
2609 3243 2809 3300 ovibus
2835 3243 3051 3298 ratione
3077 3240 3398 3297 carentibus
3419 3239 3594 3295 multo

310 3361 492 3416 τάτων
529 3359 606 3431 τῷ
630 3358 1070 3429 Παντοκράτορι.

396 3451 572 3524 Ὑπὲρ
625 3452 813 3523 ἄμμον
843 3449 1122 3520 θαλάσσης
1148 3447 1216 3502 τὰ
1265 3447 1353 3513 σὰ,
1395 3445 1548 3510 σοφὲ,
1601 3441 1901 3512 θαύματα·

213 3575 222 3583 ·
315 3549 517 3615 παύεις
565 3547 676 3622 γὰρ
725 3546 916 3618 ψυχῶν
973 3547 1070 3599 καὶ
1128 3542 1401 3614 σωμάτων
1464 3540 1612 3610 πάθη
1667 3539 1900 3593 ἀνίατα’

317 3641 532 3713 λαιμῶν
565 3640 869 3712 παθήματα
915 3637 1011 3691 καὶ
1045 3635 1359 3706 φλεγμονὰς
1411 3631 1673 3698 διαλύεις,
1706 3631 1799 3684 καλ⁵
1836 3628 1904 3683 τὰ

319 3734 464 3808 κατά
496 3733 598 3804 τὴν
626 3733 889 3803 φάρυγγα
919 3727 1198 3801 ξηραίνεις
1231 3725 1503 3797 ῥεύματα.

393 3825 726 3888 Σεϐαστείας
758 3825 850 3876 τὸν
885 3821 1150 3894 μέγαν....
1175 3819 1346 3884 ὡς....

391 3919 701 3991 Ἀγρυπνίᾳ
735 3915 974 3985 συντόνῳ
1013 3913 1110 3967 καὶ
1140 3911 1420 3982 προσευχῇ
1455 3908 1688 3978 γέγονας
1719 3907 1904 3970 τόπος,

320 4015 449 4087 δρος
484 4011 564 4083 τῷ
612 4010 805 4081 Κυρίῳ
852 4008 947 4062 καὶ
999 4003 1118 4076 Θεῷ
1158 4001 1390 4058 Ἰακώϐ⁶
1439 4001 1594 4070 ἀγιον
1640 4000 1909 4069 σκήνωμα

322 4107 434 4180 γὰρ
462 4105 559 4161 καί
588 4102 837 4178 Πνεῦμα,
872 4103 907 4172 ἡ
939 4097 1112 4174 Τριάς
1157 4098 1470 4167 ἐσκήνωσεν
1499 4097 1558 4148 ὲν
1608 4095 1676 4166 τῇ
1709 4091 1910 4163 καρδίᾳ

325 4219 446 4258 σου.
1923 4209 1929 4232 ί

400 4287 742 4346 Θεοτόκιον.
775 4314 847 4325 -
894 4281 1109 4354 Νοεράν
1160 4297 1221 4344 σε
1268 4277 1460 4332 λαὸίδα
1506 4275 1599 4330 τὸν
1653 4272 1912 4345 ἀληθινὸν

327 4384 580 4455 ἄνθρακα
621 4378 899 4450 φέρουσαν
951 4371 1188 4444 Χριστὸν
1221 4373 1280 4424 ὲν
1329 4367 1602 4438 ἀγκάλαις
1642 4364 1910 4455 ἔγνωμεν,

325 4453 622 4532 Δέσποινα·
647 4463 713 4525 ’ὲν
736 4463 782 4539 ᾧ
809 4465 1150 4535 κατάφλεξον
1179 4462 1248 4517 τά
1290 4457 1622 4534 φρυγανώδη
1664 4473 1766 4529 μου
1804 4453 1912 4507 πά·-

327 4570 422 4641 θη,
453 4566 550 4621 καὶ
577 4563 671 4619 τὸν
701 4561 827 4617 νοῦν
857 4558 1099 4630 κάθαρον
1124 4553 1572 4626 ὑλομανήσαντα.

680 4651 822 4726 ’ῼδὴ
851 4651 928 4726 Δ’.
962 4647 1333 4715 Εἱσακήκοα,
1364 4643 1563 4712 Κύριε.

410 4748 720 4824 Ὗπερέὸης
741 4745 841 4820 τὴν
865 4725 1122 4812 αἴσθησιν
1147 4741 1238 4794 καὶ
1267 4739 1359 4792 τὸν
1382 4737 1754 4808 ὑπέραισχρον
1778 4749 1914 4803 παρ-

328 4843 640 4917 εχὼρησας,
684 4838 915 4912 χρυσαῖς
956 4826 1216 4906 πτέρυξιν
1254 4829 1550 4901 ίπτάμενος
1594 4826 1697 4897 τῆς
1751 4826 1914 4897 ἱερω-

332 4939 499 5007 σύνης
537 4935 634 4990 καὶ
657 4932 964 5004 ἀθλήσεως.

403 5029 709 5103 Μυροθήκη
732 5025 1022 5094 γενόμενος
1040 5016 1360 5094 Πνεύματος
1398 5013 1554 5083 ἁγίου
1589 5011 1685 5066 καὶ
1711 5011 1916 5065 εὐωδία

332 5126 713 5202 Χριστοῦ,τὴν
743 5122 918 5194 ὀσμὴν
945 5119 1047 5190 τῆς
1069 5113 1236 5172 αὐτοῦ
1262 5113 1518 5183 γνώσεως
1546 5109 1644 5164 καὶ
1668 5107 1777 5162 τῶν
1811 5124 1919 5160 πα-

336 5222 600 5296 θημάτων
622 5218 872 5278 ἔπεισας.

406 5292 588 5370 Nocet:
597 5313 773 5384 μένων
798 5305 1083 5378 λυτήριον,
1105 5299 1361 5372 πονηρῶν
1386 5292 1716 5366 πνευμάτων
1732 5305 1920 5384 Δφυγα-

340 5382 625 5482 δευτήριον
669 5404 765 5459 καὶ
816 5399 1091 5471 δαιμόνων
1124 5394 1243 5459 δέος
1287 5392 1553 5448 ἄπεκτον
1576 5384 1673 5440 καὶ
1724 5382 1920 5455 βαρεῖα

343 5499 546 5577 μάστιξ
572 5499 634 5553 τὸ
665 5497 757 5552 σὺν
788 5496 982 5566 ὄνομα.

419 5595 512 5659 Ὦς
551 5590 758 5662 ποιμὴν
787 5589 890 5660 μὲν
938 5579 1263 5653 ὲποίμανας,
1313 5573 1520 5632 ἄνωθεν
1554 5571 1631 5636 ὡς
1667 5567 1923 5662 πρόσατα

343 5656 893 5761 ποιμαινόμενοςξτῷ
916 5676 1122 5731 τιθέντι
1146 5673 1203 5728 δὲ
1232 5671 1306 5735 ὡς
1339 5665 1634 5741 πρόϐατον,
1664 5659 1740 5725 ῶς
1767 5656 1922 5730 κριὸς

346 5767 750 5855 ⁸προσηνέχθης,
778 5769 1065 5845 ἱερώτατε.

417 5849 841 5934 θεοτόκιονμ-ν
864 5865 968 5920 Τὸν
1002 5864 1060 5918 ἐν
1090 5861 1260 5914 πᾶσιν
1299 5853 1584 5927 ἀχώρητον
1611 5849 1923 5920 ἀστενοχω-

2001 3339 2299 3411 gratiores.

2077 3431 2256 3486 Arena
2283 3429 2454 3484 maris
2514 3429 2672 3499 plura
2723 3434 2817 3482 tua
2849 3424 3127 3497 prodigia,
3163 3424 3404 3495 sapiens.
3455 3422 3594 3480 Nam

2006 3524 2316 3580 animarum
2348 3535 2756 3591 corporumque
2777 3517 3121 3576 insanabiles
3142 3516 3366 3572 morbos
3392 3529 3594 3584 curas;

2006 3617 2246 3689 gutturis
2277 3614 2498 3672 dolores
2527 3614 2698 3670 solvis
2717 3623 2774 3670 et
2800 3624 3066 3682 tumores,
3097 3619 3153 3668 et
3175 3608 3419 3682 laryngis
3443 3608 3597 3666 sistis
3629 3673 3634 3692 Ι

2008 3709 2213 3766 ﬂuxus.

2078 3893 2336 3950 Assiduis
2360 3893 2564 3963 vigiliis
2593 3899 2647 3948 et
2667 3891 2917 3947 oratione
2941 3890 3124 3946 factus
3145 3905 3208 3946 es
3237 3889 3412 3954 locus,
3439 3905 3600 3946 mons

2011 3987 2244 4042 Domino
2273 3995 2330 4041 et
2355 3985 2464 4042 Deo
2494 3983 2704 4048 Jacob;
2741 3998 2865 4037 nam
2903 3991 3158 4039 sanctum
3179 3981 3599 4036 tabernaculum

2009 4088 2066 4137 et
2112 4087 2341 4136 sanctus
2398 4077 2684 4147 Spiritus,
2732 4074 2980 4131 Trinitas
3019 4074 3294 4130 habitavit
3331 4074 3388 4129 in
3433 4075 3600 4131 corde

2011 4180 2128 4226 tuo.

2085 4264 2354 4334 Deiparre.
2400 4293 2470 4304 —
2501 4261 2812 4331 Supernum
2847 4266 2903 4314 te
2931 4273 3030 4314 vas
3066 4259 3444 4330 agnoscimus,
3477 4260 3601 4316 Do-

2014 4359 2184 4422 mina,
2213 4371 2336 4427 quae
2356 4370 2548 4411 verum
2573 4354 2867 4408 carbonem
2905 4352 3188 4408 Christum
3217 4352 3272 4407 in
3299 4352 3447 4409 ulnis
3478 4369 3604 4424 por-

2016 4452 2181 4518 taSti;
2210 4451 2304 4504 illo
2331 4447 2596 4504 combure
2626 4446 2951 4502 surculosas
2978 4461 3126 4502 meas
3158 4445 3447 4516 passiones
3475 4462 3601 4518 qua:

1944 4543 1989 4600 D
2018 4545 2216 4600 auiuue
2243 4541 2540 4598 candorem
2574 4539 2885 4610 inquinant.

2397 4632 2509 4689 Ode
2544 4631 2650 4688 IV.
2685 4631 2974 4697 Exaudwi,
3009 4629 3248 4686 Domine.

2095 4731 2323 4784 Omnem
2358 4741 2583 4782 sensum
2622 4724 2918 4795 superasti.
2942 4732 2998 4779 et
3037 4722 3422 4793 turpissimum
3446 4737 3608 4780 exce-

2021 4824 2177 4890 disti,
2213 4821 2398 4878 aureis
2437 4817 2733 4878 Sacerdmii
2759 4825 2814 4874 et
2849 4815 3101 4889 martyrii
3145 4815 3248 4870 alis
3276 4814 3478 4871 elatus.

2095 5004 2453 5073 Unguentum
2490 4999 2670 5056 factus
2707 4997 2952 5069 Spiritus
2987 4996 3169 5053 sancti
3213 5004 3264 5049 et
3306 4994 3616 5068 fragrantia,

2024 5094 2257 5159 Christi,
2285 5093 2490 5148 bonum
2513 5091 2737 5146 odorem
2768 5088 3021 5146 scientiae
3046 5095 3102 5144 et
3130 5086 3452 5157 passionum
3485 5085 3618 5159 ejus,

2027 5187 2321 5244 diﬂ'udisti.

2098 5280 2446 5335 lniirmorum
2482 5276 2653 5340 salus,
2693 5273 2968 5328 malorum
2999 5270 3294 5342 spirituum
3333 5269 3619 5339 refugium,

2028 5379 2082 5427 et
2107 5370 2416 5426 daemonum
2455 5373 2634 5422 terror
2660 5361 3027 5418 intolerabilis
3057 5367 3112 5416 et
3138 5373 3306 5432 grave
3335 5357 3619 5432 ﬂagelluur

2031 5469 2186 5516 ιυιιηι
2217 5473 2441 5514 nomen.

2103 5555 2218 5610 Ceu
2249 5560 2440 5622 pastor
2477 5562 2695 5619 gregem
2733 5543 2951 5607 rexisti,
2977 5542 3266 5598 desursum
3300 5541 3445 5595 velut
3481 5552 3620 5606 oves,

2033 5661 2290 5722 pascens,
2337 5641 2570 5697 Domino
2615 5648 2802 5695 autem
2848 5645 3114 5706 tanquam
3172 5635 3294 5690 ovis
3333 5642 3428 5688 aut
3465 5631 3619 5699 aries,

2034 5741 2255 5799 oblatus
2283 5753 2366 5802 es,
2394 5733 2770 5791 sanctissime.

2112 5840 2444 5911 Driparaz.—
2473 5829 2652 5887 Nullis
2679 5827 2951 5884 limitibus
2984 5823 3340 5896 terminatum
3377 5825 3430 5891 ct
3456 5812 3623 5890 caelis
