4130 6474
553 427 692 497 1403

1980 413 2356 473 ADDENDA.

3667 419 3809 488 “01

550 542 822 605 latiorem,
850 540 1037 613 Virgo,
1063 540 1202 602 mire
1234 535 1570 608 concepisti;
1600 542 1655 589 et
1679 542 1737 588 ut
1768 532 1944 587 bonus
1978 543 2113 599 ιιι-ω·
2146 533 2172 587 Α

2271 529 2438 597 ήτως,
2494 528 2667 600 Κόρη,
2723 529 3009 602 ὲχώίιησας
3057 532 3308 603 οὐρανῶν
3357 535 3807 611 εὐρυχωρότερον

553 639 742 703 ceptor
778 632 1047 687 innocuos
1100 629 1263 686 simul
1292 635 1347 685 et
1378 627 1717 697 negligentes
1745 635 1968 694 pueros.
1999 655 2015 672 .
2054 658 2069 671 .
2106 656 2119 669 .

1227 827 1339 883 Ode
1395 824 1455 881 V.

624 917 699 976 Ut
738 935 822 975 me
852 918 1060 973 divitiis
1092 958 1106 973 .
1143 957 1157 971 .
1192 954 1208 972 .
1239 917 1348 972 Deo
1377 914 1626 972 obtulisti
1662 914 1813 969 velut
1855 913 2126 967 innocen—

2226 620 2367 689 ὑπὲρ
2396 618 2521 673 νοῦν
2542 638 2555 657 η
2590 622 2687 674 καὶ
2716 622 2793 686 ὡς
2822 623 2986 688 καλὸς
3015 623 3377 697 παιδοτρίϐης
3407 628 3594 682 ἀγακα
3618 630 3810 685 παιδία

2227 711 2321 763 καὶ
2346 710 2522 782 βρέφη
2549 711 2824 782 ἀκηδῆ....

2892 825 3030 880 Ὠδὴ
3067 828 3147 880 E’.

2892 825 2990 879 Ὠδ
3067 828 3147 880 E’.

2304 916 2421 976 Ἵνα
2451 916 2503 973 τί
2533 934 2601 988 με
2632 824 3239 989 xpﬁpatt.....1®'ecfp
3277 919 3560 990 προσῆξας
3592 920 3815 991 καθαρὰ

556 1020 638 1067 tes
664 1024 840 1081 agnos
863 1021 916 1064 et
940 1023 1177 1074 amoma,
1196 1022 1293 1077 per
1314 1021 1519 1061 novum
1548 1006 1750 1077 ignem,
1770 1020 1865 1075 per
1885 1001 2127 1074 gladium

2271 1027 2307 1072 ις
2342 1010 2506 1081 ἀρνία
2532 1011 2628 1063 καὶ
2659 1011 2867 1081 ἄμωμα
2901 1012 3347 1071 ὁλοκαυτωθέντα
3370 1012 3460 1067 διὰ
3488 1014 3659 1084 πυρὸς
3689 1031 3816 1068 acat-

555 1104 799 1166 incensa,
824 1101 1045 1157 odorem
1086 1098 1405 1171 fragrantia:
1452 1097 1703 1153 Domino.

627 1192 893 1249 Somnum
953 1192 1299 1263 negligentia:
1353 1191 1423 1246 ab
1454 1189 1629 1244 oculis
1674 1188 1984 1254 excutiens,
2036 1186 2133 1241 diu

556 1293 836 1355 noctuque
882 1284 991 1340 Deo
1041 1283 1406 1349 inserviehas,
1458 1281 1720 1352 precibus
1746 1280 2010 1335 continuo
2049 1279 2134 1333 in-

559 1374 825 1445 dulgebas
872 1382 927 1429 et
974 1373 1197 1444 psalmis
1224 1381 1277 1429 et
1321 1371 1567 1442 hymnis,
1618 1370 1749 1425 tibia
1795 1367 2012 1424 Domini
2058 1368 2136 1422 fa-

560 1474 704 1522 ιιιιιε.

642 1557 873 1613 Omnem
903 1557 1143 1612 laborem
1170 1556 1412 1622 levabas,
1446 1570 1665 1611 omnem
1693 1553 2063 1610 inﬁrmitatem
2087 1557 2140 1606 et

2238 1098 2326 1152 νοῦ
2352 1098 2446 1151 τοῦ
2480 1099 2663 1168 ξίφη..
2694 1102 2873 1170 ὀσμὴν
2903 1103 3131 1166 εὐωδίας
3158 1102 3236 1172 τῷ
3271 1105 3535 1158 κτίσαντι
3563 1123 3579 1171 ;

2304 1190 2637 1260 Νυσταγμὸν
2660 1192 2936 1263 ῥᾳθυμίας
2967 1194 3437 1262 ἀποτιναξάμενος
3464 1195 3575 1249 ἀπὸ
3612 1194 3819 1264 βλεφά-

2240 1299 2347 1352 ρων
2376 1299 2491 1349 σου,
2525 1284 2869 1356 πανημέριός
2912 1302 2971 1337 τε
3020 1287 3114 1340 καὶ
3145 1286 3438 1358 παννύχιος
3476 1288 3599 1361 Θεῷ
3640 1308 3817 1363 προσ·

2237 1374 2502 1445 ήδρευες,
2552 1379 2887 1447 προσευχαῖς
2941 1377 3221 1449 σχολάζων
3254 1380 3634 1451 ὲπαγρύπνοις
3676 1383 3820 1451 eant.

2244 1470 2366 1537 μοῖς
2394 1467 2492 1520 καὶ
2526 1465 2740 1538 ὕμνοις,
2771 1468 2864 1522 καὶ
2898 1470 3057 1534 άῦλος
3099 1471 3250 1547 αὐτῷ
3288 1473 3709 1543 συγγενόμενος.

2314 1560 2496 1615 Πάντα
2521 1561 2681 1614 πόνον
2702 1562 3000 1630 κουφίζων,
3023 1566 3203 1618 πᾶσαν
3238 1567 3513 1637 μαλακίαν
3538 1568 3636 1619 καὶ
3658 1566 3826 1619 νόσον

564 1653 817 1708 morbum
853 1650 1130 1713 sanabas;
1191 1648 1286 1718 qui
1346 1663 1520 1717 usque
1560 1646 1627 1701 ad
1681 1654 1735 1702 te
1790 1656 2144 1701 accesserunt

2271 1652 2498 1724 ώμενος,
2533 1655 2661 1717 τοὺς
2687 1655 3131 1725 προστρέχοντάς
3160 1674 3244 1710 σοι
3270 1656 3339 1709 δι’
3363 1658 3530 1728 εὐχῆς
3560 1658 3652 1711 καὶ
3672 1660 3825 1728 ἁφῆς

565 1745 710 1801 votis
741 1750 796 1799 et
831 1757 995 1797 manu
1031 1739 1320 1796 rellciebas
1353 1756 1369 1794 :
1406 1754 1533 1794 nam
1563 1739 1735 1809 gratis
1772 1738 2055 1809 accepisti,
2090 1746 2144 1794 et

2277 1744 2605 1814 θεράπευες’
2637 1745 2847 1817 δωρεὰν
2880 1746 3061 1799 λαϐὼν
3092 1747 3224 1820 γὰρ,
3251 1749 3345 1801 καὶ⁵
3370 1748 3581 1819 δωρεὰν
3614 1750 3826 1815 ἐδίδους

569 1836 741 1909 gratis
763 1832 985 1899 dedisti,
1019 1832 1167 1886 velut
1190 1831 1464 1902 ingenuus
1494 1830 1704 1885 Christi
1740 1830 2071 1900 discipulus.

641 1927 914 1981 Laborum
936 1932 1154 1978 tuorum
1184 1921 1400 1977 fructus
1426 1920 1634 1991 spicam
1666 1921 1915 1991 martyrii
1955 1919 2142 1991 profu-

2249 1838 2404 1902 πᾶσι,
2432 1836 2507 1901 ώς
2538 1838 2781 1909 Χριστοῦ
2815 1838 3063 1911 μαθητής
3099 1839 3500 1910 γνησιώτατος.

2334 1928 2391 1981 Ὀ
2410 1928 2518 1982 τῶν
2545 1929 2727 1983 πόνων
2749 1947 2842 1983 σου
2867 1931 3081 2003 καρπὸς
3108 1931 3314 2001 στάχυν
3340 1932 3644 2004 μαρτυρίου
3672 1932 3837 1986 ἐσλὰ-

571 2020 672 2083 dit,
696 2016 860 2083 Blasi,
894 2015 1176 2085 plagarum
1205 2012 1344 2067 falce
1375 2010 1689 2080 decerptam
1713 2018 1768 2065 et
1799 2010 1853 2064 in
1877 2010 2142 2064 cmlorum

2271 2038 2437 2091 ιτησε,
2483 2022 2703 2089 Βλάσιε,
2738 2022 3016 2093 αἰκισμῶν
3064 2024 3315 2095 δρεπάνῃ
3348 2024 3701 2096 θεριζόμενον
3732 2022 3833 2077 καὶ

574 2112 771 2165 horreo
797 2107 1111 2171 collectam,
1138 2111 1195 2162 et
1216 2103 1448 2159 Domino
1473 2103 1530 2157 in
1556 2116 1753 2174 panem
1784 2101 2144 2173 purissimum

2271 2112 2618 2184 ςυναγόμενον
2670 2115 2749 2178 εἰς
2798 2115 3084 2186 ἀποθήκας
3132 2116 3244 2169 τῶν
3293 2118 3561 2190 οὐρανῶν,
3613 2120 3708 2170 καὶ
3750 2116 3831 2188 τῷ

576 2203 1026 2253 transmutatam.

649 2288 908 2356 θεῖναι-αξ.
943 2284 1193 2341 —-Nunc
1225 2292 1280 2341 te
1316 2284 1557 2349 beatam,
1593 2282 1975 2349 Sanctissima,
2005 2282 2150 2337 cele-

2253 2206 2502 2279 Δεσπότῃ
2525 2206 2915 2278 καθαρώτατον
2954 2206 3120 2278 ἄρτον
3148 2207 3457 2279 γινόμενον.

2327 2296 2750 2350 Θεοτόκιον.--
2780 2295 2896 2349 Νῦν
2945 2312 3041 2364 σε,
3089 2297 3371 2366 Πάναγνε,
3427 2298 3600 2351 πᾶσαι
3647 2295 3834 2365 γενεαὶ

576 2382 740 2436 hrent
787 2393 981 2435 omnes
1018 2378 1433 2450 generationum
1460 2377 1865 2449 generationes.
1886 2375 2025 2431 Nam
2056 2376 2150 2446 qui

2271 2388 2459 2457 γενεῶν
2507 2386 2898 2458 μακαρίζουσι,
2933 2389 3209 2461 μακαρίαν
3245 2384 3447 2442 οὖσαν·
3493 2389 3523 2441 ό
3564 2390 3833 2459 μακάριος

579 2474 730 2529 solus
779 2474 972 2527 beatus
1022 2470 1306 2536 Dominus,
1354 2485 1442 2526 me
1471 2486 1502 2524 a
1536 2470 1845 2525 daemonum
1884 2480 2151 2542 potestate

2271 2480 2422 2545 aevo;
2455 2476 2736 2548 Δεσπότης
2788 2476 2899 2548 γὰρ
2954 2477 3098 2531 κατὰ
3148 2478 3473 2541 δυναστείας
3512 2479 3837 2550 δαιμονικῑῆ

580 2567 834 2632 liberato,
861 2563 1289 2635 benignissimus
1319 2578 1415 2634 per
1438 2569 1493 2618 te
1521 2563 1797 2633 apparuit.

1241 2677 1354 2734 Odc
1393 2676 1484 2733 VI.

654 2794 726 2850 Ut
751 2796 883 2851 olim
914 2794 1086 2866 piscis
1103 2795 1318 2866 spinam
1355 2796 1511 2866 pueri
1546 2796 1750 2865 gutturi
1802 2793 2025 2847 inlixam
2048 2792 2159 2847 eri-

585 2888 772 2957 puisti,
796 2887 880 2943 sic
900 2895 953 2941 et
980 2902 1129 2942 nunc
1162 2901 1192 2941 a
1224 2886 1569 2957 voluptatum
1605 2887 1787 2957 spina,
1821 2886 1971 2941 velut
1995 2892 2156 2938 acuta

587 2980 786 3047 sagitta
816 2979 873 3034 in
900 2980 1144 3033 animum
1168 2978 1440 3047 immissa,
1484 2980 1661 3036 libera
1694 2994 1779 3034 me
1805 2992 1905 3049 per
1935 2990 2157 3031 manum

591 3078 738 3125 tuam
762 3070 1046 3126 intactam.

2263 2567 2525 2640 ρυόμενός
2558 2585 2647 2640 με,
2675 2568 2766 2622 διὰ
2800 2567 2899 2622 σοῦ
2930 2569 3319 2641 φιλάνθρωπος
3342 2569 3641 2640 ὲπέφανεν.

2922 2682 3059 2756 me:
3101 2686 3192 2752 ς’.

2345 2796 2432 2860 Ὠς
2471 2795 2642 2853 πάλαι
2687 2796 2785 2870 τὴν
2828 2797 2919 2852 τοῦ
2965 2796 3148 2871 ἰχθύος
3202 2794 3448 2851 ἄκανθαν
3489 2798 3841 2867 ὲμπαγεϊσαν

2264 2888 2341 2959 τῷ
2394 2889 2575 2961 λαιμῷ
2628 2889 2723 2943 τοῦ
2774 2889 3013 2956 παιδίου,
3045 2888 3188 2943 οὕτω
3246 2890 3340 2943 καὶ
3384 2889 3480 2943 νῦν
3532 2890 3609 2953 ὡς
3658 2890 3841 2956 ὀξεῖαν

2268 2980 2495 3051 β[ολίδα]
2548 2982 2608 3035 ὲν
2653 2981 2732 3051 τῷ
2784 2980 2963 3051 λαιμῷ
3014 2978 3337 3051 τῆς⁷ψυχῆς
3393 2979 3691 3048 ἱσταμένου
3741 2996 3841 3032 σου

2265 3071 2365 3141 τὴν
2406 3070 2647 3125 ἄκανθαν
2705 3072 2814 3125 τῶν
2858 3069 3083 3141 ἡδονῶν,
3128 3070 3323 3130 ἀναφεῖ
3363 3072 3552 3142 ἐπαφῇ
3602 3086 3696 3124 σου
3749 3070 3839 3136 ἐξ·

2270 3163 2483 3223 ἐλαυνε.

663 3247 1010 3303 Mortalitatis
1033 3258 1213 3303 vestes
1236 3245 1541 3310 coriaceas,
1572 3251 1626 3300 et
1650 3243 1909 3299 interitus
1935 3256 2162 3298 sensum

2334 3253 2674 3327 Νεκρώσεως
2722 3252 3087 3324 δερματίνους
3134 3251 3374 3323 χιτῶνας
3418 3250 3516 3309 καὶ
3560 3252 3622 3305 τὸ
3671 3251 3843 3314 πάθος

592 3340 830 3404 exuisti;
880 3340 1085 3393 amictu
1140 3336 1410 3407 deposito,
1444 3336 1677 3408 gloriam
1718 3336 1948 3406 adeptus
1981 3348 2166 3404 es.per

594 3432 935 3496 nuditatem;
974 3446 1099 3486 nam
1129 3431 1310 3484 nudus
1332 3430 1399 3485 ad
1425 3431 1665 3485 tabulam
1695 3429 1953 3498 alligatus
1985 3442 2166 3496 ungu-

597 3523 662 3576 lis
702 3522 1035 3577 dilaceratus
1065 3536 1123 3577 es
1152 3522 1343 3577 latera.

666 3698 844 3754 Mollis
869 3705 921 3753 et
951 3699 1165 3753 inﬁrma
1209 3699 1407 3753 mulier
1449 3713 1756 3769 pugnarum
1803 3708 2021 3752 tuarum
2054 3698 2169 3753 vir-

600 3798 714 3845 tute
766 3791 1027 3846 roborata
1067 3799 1175 3857 est,
1205 3791 1516 3847 etviriliter
1560 3790 1772 3846 hostem
1806 3790 2168 3861 repugnavit;

603 3884 808 3939 restitit
837 3883 983 3938 enim
1021 3884 1106 3938 vel
1132 3884 1376 3952 periculo
1404 3882 1530 3937 vita:
1557 3884 1701 3937 malo
1746 3890 1994 3952 peccato,
2030 3897 2172 3953 pra:-

602 3983 688 4031 ter
720 3984 971 4030 naturam
1013 3974 1330 4029 colluctata.

675 4160 781 4227 Qui
836 4157 953 4213 vult
994 4170 1186 4210 omnes
1226 4153 1411 4209 salvos
1447 4151 1565 4207 ﬁeri
1621 4159 1678 4207 et
1718 4150 1787 4206 ad
1840 4148 2175 4221 agnitionem

604 4250 856 4307 veritatis
878 4248 1087 4310 venire,
1120 4243 1469 4300 confortatas
1499 4258 1596 4299 ore
1626 4249 1721 4299 tuo
1742 4243 2019 4305 mulieres,
2040 4255 2177 4311 quas

602 4346 758 4416 juxta
790 4341 945 4395 Pauli
975 4338 1198 4395 effatum
1230 4340 1285 4392 in
1321 4336 1557 4393 vinculis
1597 4336 1834 4408 genuisti
1862 4374 1878 4400 ,
1909 4336 1984 4389 ita
2019 4334 2181 4390 robo-

608 4434 750 4489 ravit
778 4440 837 4487 ut
858 4429 1071 4503 gladios
1102 4439 1158 4486 et
1187 4428 1379 4500 plagas
1404 4436 1459 4484 et
1492 4427 1671 4499 ignem
1703 4428 1939 4483 adirent.

679 4628 942 4697 Βοῦραν-ω.
975 4654 1047 4666 —-
1067 4625 1238 4681 leis
1261 4625 1537 4680 excelsius
1562 4624 1977 4679 tabernaculum
2005 4630 2059 4678 te
2095 4622 2181 4677 in-
2213 4597 2261 4655 θ

610 4721 836 4776 veniens
872 4718 925 4773 in
969 4719 1131 4774 terris
1172 4718 1298 4774 caeli
1340 4717 1623 4779 Conditor,
1670 4716 1762 4769 Dei
1810 4714 2088 4779 Genitrix,
2124 4725 2186 4768 ut

610 4827 848 4885 sponsus
883 4812 1013 4867 exiit
1041 4827 1108 4867 ex
1132 4808 1419 4881 splendido
1448 4809 1693 4863 thalamo
1733 4808 1939 4862 ventris
1977 4807 2080 4872 tui,
2122 4820 2187 4859 ac

612 4920 833 4961 carnem
889 4902 1088 4958 exinde
1138 4903 1244 4958 sibi
1288 4900 1589 4971 assumpsit
1625 4898 1772 4954 Deus
1821 4899 2086 4954 ccelorum
2133 4906 2189 4953 et

611 4998 792 5055 omnis
821 4998 1029 5053 carnis.

1029 5105 1141 5163 Ode
1187 5103 1309 5161 VII.
1343 5103 1448 5171 Qui
1476 5118 1541 5158 ex
1567 5101 1786 5157 Juda'a.

687 5222 1099 5279 Validissimum
1155 5219 1307 5277 senis
1356 5218 1618 5273 baculum
1683 5215 1914 5287 portasti
1962 5229 2185 5270 crucem

615 5313 893 5380 divinam;
929 5312 1098 5383 virgis
1127 5325 1268 5367 caesa
1302 5316 1387 5365 est
1419 5309 1567 5378 virga
1593 5307 1815 5379 pietatis
1843 5322 1991 5363 nunc
2013 5315 2067 5363 et
2092 5307 2187 5364 ba-

616 5405 774 5461 culus
802 5413 950 5460 tuus.
988 5443 1003 5459 .
1030 5443 1046 5459 .
1081 5442 1096 5458 .
1126 5410 1182 5460 et
1215 5417 1300 5458 me
1328 5400 1635 5456 admonuit.

686 5580 822 5652 Lupi
855 5595 918 5637 os
950 5595 1119 5635 vorax
1149 5578 1310 5636 freno
1343 5616 1359 5633 .
1394 5620 1407 5634 .
1446 5618 1459 5633 .
1486 5576 1744 5649 prmsidio
1773 5575 1975 5632 divinae
1999 5574 2188 5646 gratiae

617 5684 674 5733 et
706 5673 1024 5728 morborum
1053 5672 1269 5727 turbam
1306 5671 1703 5728 miraculorum
1732 5669 1945 5742 fulgore
1972 5668 2187 5739 disper-

616 5770 722 5856 gis.

684 5859 1054 5939 Goqjicientes
1103 5860 1158 5917 in
1196 5859 1374 5917 lacum
1410 5895 1425 5914 .
1467 5899 1483 5917 .
1518 5898 1533 5915 .
1566 5859 1851 5924 mulieres,
1903 5854 2185 5914 ctrlicolas

2266 3344 2368 3415 τῆς
2410 3345 2616 3414 φθορᾶς
2644 3343 2883 3409 ὲξεδύσω
2918 3343 3260 3415 καταστολὴν
3302 3343 3483 3412 ἀφεὶς,
3539 3342 3634 3395 καὶ
3683 3341 3845 3412 δόξης

2268 3438 2678 3509 ἀμφιεσάμενος
2713 3438 2803 3491 διὰ
2846 3437 3215 3509 γυμνώσεως·
3270 3436 3478 3506 γυμνὸς
3529 3436 3638 3505 γὰρ
3683 3436 3843 3507 ίκρύ-

2269 3546 2423 3592 πτιος
2471 3529 2649 3593 δεθεὶς
2699 3528 2798 3593 τὰς
2852 3528 3094 3600 πλευρὰς
3135 3526 3491 3598 κατεσκάφης
3548 3530 3661 3590 τοῖς
3721 3527 3842 3579 6w-

2271 3619 2378 3687 ξιν.

2341 3711 2414 3764 Τὸ
2439 3710 2634 3782 χαῦνον
2668 3709 2763 3764 καλ⁸
2792 3710 3015 3774 ἀσθενὲς
3038 3710 3132 3764 τοῦ
3155 3710 3364 3781 θήλεως
3393 3708 3470 3779 τῷ
3501 3709 3713 3780 στερρῷ
3739 3708 3845 3761 τῶν

2275 3804 2383 3857 σῶν
2421 3802 2647 3872 ἀγώνων
2682 3802 2955 3876 ἐρρώσθη,
2989 3803 3084 3857 καὶ
3117 3801 3386 3874 ἀνδρικῶς
3414 3802 3489 3872 τῷ
3514 3802 3694 3874 ἐχθρῷ
3719 3819 3845 3855 συν-

2274 3895 2510 3965 επλάκη·
2556 3895 2921 3964 ἀντικατέστη
2954 3894 3049 3947 καὶ
3078 3895 3187 3966 γὰρ
3221 3894 3418 3966 μέχρις
3445 3894 3678 3965 αἵματος
3710 3893 3848 3963 πρὸς

2273 3988 2373 4056 τὴν
2416 3987 2692 4059 ἁμαρτίαν
2750 3987 3018 4059 πονηρὰν,
3056 3987 3198 4059 ὑπὲρ
3248 3985 3414 4056 φύσιν
3469 3987 3851 4055 ἀνταγωνισά-

2280 4097 2463 4153 μενον.

2359 4173 2418 4226 '0
2475 4170 2645 4225 θέλων
2693 4171 2903 4234 πάντας
2956 4169 3281 4241 ἀνθρώπους
3320 4169 3562 4241 σωθῆναι
3618 4171 3713 4223 καὶ
3760 4169 3852 4222 ἐπὶ

2279 4262 2479 4333 γνῶσιν
2504 4258 2766 4329 ἀληθείας
2791 4263 2912 4325 ταῖς
2942 4261 3061 4325 σαῖς
3087 4260 3274 4330 εὐχαῖς
3302 4259 3403 4324 τὰς
3428 4261 3695 4328 γυναῖκας
3736 4277 3841 4312 στο

2283 4353 2493 4423 μώσας,
2529 4349 2599 4414 ἃς
2640 4350 2697 4403 ὲν
2720 4350 2940 4422 δεσμοῖς
2958 4350 3100 4405 κατὰ
3120 4350 3329 4403 Παῦλον
3360 4350 3683 4419 ἐγέννησας,
3719 4349 3854 4419 πρὸς

2282 4448 2435 4517 ξίφος
2468 4447 2565 4501 καὶ
2608 4446 2881 4519 μάστιγας
2931 4447 3029 4501 καὶ
3074 4442 3187 4515 πῦρ
3220 4442 3619 4512 ἀντιτάξασθαι
3649 4432 3855 4502 ταύτας

2285 4541 2587 4610 ἐνίσχυσεν.
3834 4524 3835 4527 η

2359 4632 2694 4684 Θεοτόκιον.
2715 4657 2785 4672 -
2825 4628 2998 4699 ’Υπὲρ
3029 4627 3200 4697 ὕψους
3228 4624 3460 4697 ούρανοῦ
3499 4642 3561 4678 σε
3592 4625 3855 4693 σκήνωμα

2283 4718 2311 4771 ό
2338 4720 2604 4790 Δομήτωρ
2635 4717 2888 4790 ούρανοῦ,
2920 4718 3242 4789 Θεομήτωρ,
3297 4714 3475 4786 εὑρὼν
3526 4716 3586 4768 ὲν
3628 4716 3724 4785 γῇ,
3783 4712 3855 4775 ῶς

2286 4812 2523 4885 νυμφίος
2559 4811 2798 4883 προῆλθε
2845 4811 2910 4863 ὲκ
2940 4809 3263 4881 φωτοφόρου
3296 4806 3507 4862 παστοῦ
3538 4807 3639 4876 τῆς
3664 4804 3858 4873 νηδύος

2286 4917 2403 4966 σου,
2430 4899 2528 4970 τὴν
2564 4900 2746 4972 σάρκα
2775 4898 3095 4971 νυμφεύσας
3126 4897 3306 4970 ἐαυτῷ
3333 4898 3362 4949 ό
3392 4895 3527 4959 Θεὸς
3557 4894 3671 4948 τῶν
3697 4895 3858 4963 ούρα-

2286 4980 2391 5049 νῶν
2425 4994 2519 5045 κιαι)⁵
2541 4993 2722 5062 πάσης
2757 4991 2983 5064 σαρκός.

2619 5099 2742 5172 ῼδὴ
2778 5098 2856 5161 Ζ’.
2901 5101 2964 5152 Ol
2992 5098 3061 5151 ἐκ
3088 5095 3201 5166 τῆς
3230 5094 3547 5161 Ἰουδαίας.

2357 5211 2671 5282 Βακτηρίαν
2724 5208 2820 5263 τοῦ
2872 5209 3079 5279 γήραος
3119 5207 3196 5271 ώς
3241 5205 3493 5274 δυνατὴν,
3552 5203 3735 5275 φέρων
3766 5202 3861 5258 τὸν

2287 5303 2432 5363 θεῖον
2473 5300 2745 5375 σταυρόνο
2798 5298 3136 5369 τυπτόμενος
3175 5300 3297 5361 ταῖς
3336 5295 3556 5368 ῥάὃδοις
3586 5298 3616 5350 ό
3666 5295 3860 5366 ράδδος

2288 5394 2572 5458 εὐσεϐείας
2618 5392 2715 5449 νῦν
2755 5391 2853 5456 καὶ
2892 5392 2924 5468 ἡ
2975 5388 3250 5462 βακτηρία
3282 5405 3378 5443 σου
3406 5390 3527 5444 ὲ....
3574 5388 3671 5442 καὶ
3719 5405 3864 5458 παρα

2287 5485 2548 5540 εκάλεσέν
2584 5503 2674 5557 με.

2357 5578 2538 5634 Λύκου
2572 5576 2750 5647 στόμα
2779 5575 3103 5646 παμφάγον,
3143 5572 3440 5645 χαλινῷ....
3474 5572 3706 5642 χορηγεί
3739 5569 3863 5641 θείᾳ

2288 5670 2474 5740 χάριτι
2531 5669 2628 5727 καὶ
2693 5668 3025 5744 νοσημάτων
3088 5667 3259 5739 ἀχλὺν
3334 5662 3499 5737 αἴγλῃ
3563 5662 3862 5732 θαυμάτων

2287 5760 2457 5825 λύεις.

2359 5854 2821 5937 Συγκλεισάμεναι
2868 5852 3148 5935 Marp...
3186 5849 3476 5923 γυναῖκες,
3516 5850 3643 5912 τοὺς

3693 5846 3861 5931 obpa-
