4130 6390
164 1675 170 1679 .
257 1622 412 1691 ἥλιος
463 1627 640 1699 (ὅπερ
684 1629 795 1701 γὰρ
847 1633 906 1685 ὲν
951 1633 1231 1704 αἰσθητοῖς
1279 1635 1308 1688 6
1338 1635 1533 1705 ἥλιος,

276 411 413 477 1409

1300 421 1768 485 FRAGMENTA
1806 424 1889 485 ΙΝ
1930 425 1990 485 S.
2035 423 2511 485 ΜΑΤΤΗίΕυΜ.

3392 419 3530 486 1410

267 528 379 591 τοῖς
431 527 653 599 μέρεσιν
682 546 697 561 ο
744 529 886 585 οὕτω
944 531 1041 587 καὶ
1068 533 1355 605 όΧριστὸς
1402 536 1520 605 φῶς
1566 539 1632 591 ὲκ
1664 537 1842 607 φωτὸς

1956 536 2283 592 liﬂ‘unditur
2317 553 2330 590 :
2366 536 2441 589 ita
2475 534 2647 589 etiam
2682 530 2966 599 Christus,
2997 529 3183 585 lumen
3213 526 3281 583 de
3320 526 3530 583 lumine

266 620 502 690 ἄναρχον
528 618 613 687 ὃν,
646 622 741 675 καὶ
767 624 1091 695 ῥιπρόσιτον,
1123 626 1182 679 ὲν
1211 625 1290 698 τῷ
1320 628 1559 699 χρονικῷ
1591 631 1683 683 καὶ
1721 647 1843 683 κτι-

266 712 377 782 στῷ
399 713 693 785 γενόμενος
718 716 955 785 σώματι,
990 710 1075 780 εἷς
1106 716 1223 770 ἐστι
1248 718 1598 791 δικαιοσύνης
1629 721 1841 785 Ἤλιος,

264 797 346 868 εἷς
400 806 639 876 Χριστὸς
668 806 727 860 ὲν
750 807 873 861 δυσὶ
899 810 1020 872 ταῖς
1068 809 1298 877 φύσεσι·
1330 813 1425 867 καὶ
1445 812 1506 866 τὸ
1539 813 1637 895 μὲν
1684 813 1845 883 σῶμα

264 896 666 967 περίγραπτον,
696 899 731 969 ὴ
762 899 821 953 δὲ
857 898 1050 972 θεότης
1077 900 1362 973 ἀχώρητος
1387 904 1447 958 ἐν
1479 906 1647 959 πᾶσιν
1689 902 1843 973 οὖσα,

263 986 358 1041 καὶ
383 990 603 1043 πάντων
625 988 887 1044 ἐπέκεινα
916 1006 931 1021 ·
960 992 1056 1045 καὶ
1110 993 1301 1065 ὥσπερ
1346 993 1537 1065 ἕτερον
1565 996 1664 1066 μὲν
1693 997 1846 1068 ἥλιος

261 1079 440 1149 (πηγὴ
492 1080 600 1151 γάρ
659 1082 775 1136 ἐστι
839 1083 1039 1151 φωτὸς,
1074 1083 1418 1156 καθορᾶσθαι
1443 1086 1517 1158 μὴ
1548 1087 1845 1157 δυνάμενος

260 1170 521 1241 τρανῶς),
548 1172 747 1244 ,ἐτέρου
780 1173 838 1227 δὲ
870 1175 932 1228 τὸ
962 1175 1080 1245 φῶς
1106 1217 1122 1243 ,
1153 1176 1213 1231 τὸ
1244 1178 1303 1244 ἐξ
1333 1179 1498 1232 αὐτοῦ
1553 1180 1692 1252 πρὸς
1739 1180 1846 1249 γῆν

259 1262 657 1334 ἀφικνούμενον
708 1266 927 1337 (ὁρᾶται
980 1269 1089 1341 γὰρ
1117 1271 1214 1324 καὶ
1262 1271 1633 1341 προόλέπεται
1683 1275 1847 1343 σοφία

255 1352 352 1405 τοῦ
400 1354 535 1410 θεοῦ
584 1356 682 1410 καὶ
737 1358 1144 1432 φιλανθρωπία,
1187 1362 1270 1425 ὡς
1323 1362 1390 1417 ἂν
1439 1365 1514 1433 μὴ
1567 1365 1849 1429 παντελῶς

262 1444 525 1517 ἁμέτοχοι
578 1449 688 1502 τῶν
733 1450 917 1505 καλῶν
973 1454 1447 1526 κατασταίημεν)·
1486 1455 1629 1510 οὕτω
1661 1456 1723 1509 τὸ
1750 1457 1850 1528 μὲν

263 1535 554 1605 πρόσωπον
599 1539 695 1593 τοῦ
752 1542 1002 1613 Χριστοῦ
1057 1543 1268 1614 λάμπει
1324 1546 1657 1617 τρανότερον
1703 1546 1780 1610 ὡς
1822 1548 1851 1601 6

1589 1635 1747 1690 τοῦτο
1791 1638 1850 1691 ὲν

260 1716 473 1785 νοητοῖς
506 1718 535 1771 6
561 1716 726 1787 Θεὸς)
762 1721 864 1794 (ὅ),
903 1722 980 1788 ὡς
1029 1724 1086 1777 δὲ
1119 1723 1234 1793 φῶς
1258 1724 1603 1779 λευκαίνεται
1631 1724 1701 1779 τὰ
1734 1726 1852 1796 ίμά·

263 1824 375 1870 τια,
409 1809 477 1879 τῇ
504 1811 790 1879 μεταδόσει
837 1812 934 1870 τοῦ
995 1816 1141 1871 θείου
1208 1818 1387 1887 φωτὸς
1448 1818 1847 1890 ὰγλαῖζόμενα.

1943 631 2066 686 sine
2118 629 2424 700 principio,
2475 636 2531 682 et
2587 623 3006 689 inaccessibile,
3060 622 3119 678 in
3152 620 3446 691 temporali
3473 628 3531 676 et

1943 730 2133 777 creato
2178 720 2460 776 exsistens
2509 731 2767 786 corpore,
2814 729 2961 771 unus
3005 720 3094 769 est
3128 711 3213 767 sol
3258 710 3528 780 iustitiae.

1944 826 2093 868 unus
2120 810 2381 865 Christus
2415 809 2471 863 in
2503 806 2723 862 duabus
2751 805 2972 861 naturis
3002 821 3017 858 :
3068 818 3134 858 ac
3165 817 3370 872 corpus
3399 800 3529 871 qui-

1945 904 2070 961 dem
2102 902 2609 971 circumscriptum,
2631 897 2905 953 divinitas
2940 895 3064 952 sine
3104 895 3225 950 loco
3256 893 3312 947 in
3345 890 3553 981 omni--g

1946 996 2050 1052 bus
2080 995 2381 1058 exsistens,
2438 990 2807 1060 omnibusque
2858 987 3115 1057 superior
3171 1004 3186 1040 :
3259 998 3327 1039 ac
3385 981 3530 1043 sicut

1917 1078 2098 1141 'aliud
2148 1084 2374 1156 quidem
2425 1082 2510 1137 sol
2553 1087 2640 1137 est
2687 1080 2854 1149 (fons
2906 1076 3060 1131 enim
3106 1083 3190 1130 est
3234 1073 3396 1135 lucis.
3428 1086 3530 1127 nec

1948 1176 2124 1231 videri
2158 1184 2341 1245 potest
2381 1174 2626 1245 exacte),
2680 1172 2833 1226 aliud
2885 1184 3017 1225 vero
3067 1168 3187 1231 lux,
3223 1182 3346 1236 qua:
3370 1166 3437 1219 ab
3463 1180 3530 1219 eo

1948 1267 2005 1322 in
2038 1275 2247 1322 terram
2302 1264 2637 1320 diffunditur
2684 1264 2703 1334 (
2730 1264 2951 1317 videtur
2998 1260 3150 1315 enim
3176 1267 3232 1313 et
3262 1257 3532 1327 aSpicitur

1950 1358 2225 1430 sapientia
2271 1356 2391 1423 Dei,
2432 1366 2488 1414 et
2517 1356 2858 1423 benignitas,
2896 1365 2957 1408 ut
3016 1351 3224 1420 ubique
3257 1350 3532 1402 bonorum

1950 1453 2104 1507 illius
2149 1442 2433 1521 possimus
2469 1464 2594 1505 esse
2639 1447 2989 1518 participes)
3026 1462 3040 1497 :
3093 1443 3165 1498 ita
3207 1441 3378 1496 facies
3403 1438 3531 1507 qui-

1950 1545 2073 1601 dem
2104 1542 2322 1600 Christi
2355 1540 2615 1612 splendet
2650 1540 2839 1593 lucida
2865 1539 3013 1593 sicut
3054 1537 3135 1592 sol
3170 1536 3353 1605 (quod
3382 1533 3529 1586 enim

1950 1637 2010 1693 in
2034 1636 2400 1693 sensibilibus
2425 1634 2510 1690 sol
2540 1641 2646 1697 est,
2682 1633 2786 1688 hoc
2813 1632 2868 1686 in
2901 1629 3287 1702 spiritualibus
3325 1624 3529 1695 Deus);

1953 1730 2100 1785 sicut
2142 1731 2235 1784 lux
2260 1736 2443 1783 autem
2475 1727 2768 1781 albescunt
2793 1724 3126 1780 vestimenta
3148 1720 3532 1782 communica-

1954 1820 2105 1875 tione
2134 1819 2338 1875 divinaz
2360 1817 2501 1874 lucis
2533 1817 2827 1873 radiantia.
2848 1813 3039 1884 Neque
3067 1820 3214 1867 certe
3234 1820 3292 1866 ut
3314 1809 3397 1866 sol
3413 1818 3535 1864 tan-

260 1896 386 1953 Ὀτι
419 1900 605 1970 μέντοι
654 1904 753 1975 οὐχ
781 1905 857 1971 ὡς
884 1908 911 1961 6
938 1907 1092 1979 ἥλιος
1130 1909 1397 1981 ἔλαμψεν,
1429 1912 1566 1967 ἀλλὰ
1621 1913 1704 1966 ὅτι
1753 1910 1849 1965 καὶ

1956 1920 2068 1967 tum
2092 1910 2463 1981 resplenduit,
2496 1909 2595 1964 sed
2627 1909 2731 1963 hac
2755 1905 3119 1963 similitudine
3150 1904 3329 1958 lucem
3361 1902 3531 1958 etiam

260 1986 355 2041 τοῦ
387 1989 786 2064 ὑποδείγματας
844 1996 1029 2065 μεῖζον
1057 1992 1125 2067 ἦν
1155 1999 1217 2052 τὸ
1244 2000 1381 2068 φῶς,
1411 1999 1621 2067 ἔδειξαν
1650 2000 1699 2052 oi
1742 2015 1847 2069 μιι.⁸

260 2075 429 2147 θητα)⁵
478 2082 760 2147 πεσόντες.
806 2085 869 2138 Ei
910 2087 1018 2157 γὰρ
1076 2086 1152 2158 μὴ
1215 2086 1459 2159 ἄκρατον
1509 2083 1577 2158 ἦν
1614 2086 1676 2141 τὸ
1706 2087 1844 2157 φῶς,

258 2173 399 2229 ἀλλὰ
421 2178 515 2230 καὶ
541 2178 618 2250 τῷ
648 2179 785 2251 ἡλίῳ
808 2179 1148 2255 σύμμετρον,
1180 2182 1282 2237 οὐκ
1313 2183 1380 2238 ἂν
1411 2183 1629 2239 ἔπεσον.

338 2284 357 2318 ι
386 2260 761 2333 οὗτόςπκὲστιν
826 2271 953 2336 Υἱός
1000 2290 1102 2344 μου
1124 2275 1152 2327 6
1185 2274 1493 2345 ἀγαπητὸς,
1523 2276 1581 2328 ὲν
1614 2265 1659 2343 ᾧ
1685 2273 1846 2345 ηὐδό-

260 2373 434 2428 κησα,
465 2358 632 2415 αὐτοῦ
659 2360 911 2416 ἀκούετε.
943 2383 963 2419 ι

349 2447 724 2523 Ἐπισήμηναι
782 2455 867 2510 ὅτι
933 2455 1203 2529 πρότερον
1261 2456 1362 2528 μὲν
1404 2457 1463 2511 ὲν
1518 2457 1762 2530 Ἰορδάνῃ
1812 2458 1846 2529 ἡ

262 2539 439 2611 Τριάς
468 2543 825 2618 ἓμαρτυρήθη
873 2546 970 2601 τοῦ
1017 2547 1147 2601 Υίοῦ
1181 2547 1610 2619 βαπτιζομένου,
1638 2549 1850 2619 Πατρὸς

264 2630 477 2686 ἄνωθεν
496 2637 926 2709 μαρτυροῦντος.
945 2639 1037 2693 τοῦ
1061 2639 1380 2713 Πνεῦματος
1395 2639 1527 2693 ὡσεὶ
1551 2640 1854 2711 περιστερὰ

266 2726 699 2797 κατερχομένου.
731 2729 848 2785 Νῦν
869 2731 925 2784 δὲ
950 2732 1010 2784 ὲν
1032 2731 1232 2802 Θαδὼρ
1254 2733 1441 2803 ήαὺτὴ
1458 2731 1621 2785 πάλιν
1647 2749 1854 2802 μαρτυ-

269 2818 537 2888 ρείταιτῷ
551 2836 620 2890 κη
628 2820 897 2891 ρόττοντι.
917 2822 1008 2894 Τῷ
1031 2824 1440 2896 κηρυττομένῳ,
1461 2827 1529 2895 τῇ
1556 2824 1755 2897 νεφέλῃ
1775 2822 1854 2895 τῷ

271 2906 576 2978 Πνεύματι.
591 2910 777 2966 Ταῦτά
792 2930 877 2967 τοι
900 2914 996 2967 καὶ
1010 2914 1172 2967 Δαϐὶδ
1184 2913 1633 2985 προανεφιίμιησε.
1654 2914 1855 2982 Θαϐὼρ

270 2992 376 3046 καὶ
409 2994 634 3064 Ἐρμὼν
655 2998 725 3052 ἑν
743 2999 824 3066 τῷ
850 3001 1102 3071 ὀνόματι
1126 3019 1244 3057 σου
1268 3002 1855 3071 ἀγαλλιάσονται.Τὸ

274 3084 379 3153 μὶν
410 3086 520 3156 γὰρ
542 3087 759 3161 Ἐρμὼν
788 3092 1160 3162 ἠγαλλιάσατο
1189 3093 1586 3165 βαπτιζομένου
1604 3093 1699 3147 τοῦ
1723 3096 1857 3166 Χρι-

273 3178 429 3232 στοῦ.
448 3180 522 3234 Τὸ
535 3181 591 3235 δὲ
614 3182 813 3257 Θασὼρ
836 3202 1191 3257 μεταμορφου
1200 3186 1385 3255 μένου,
1404 3185 1589 3256 ἐπειδὴ
1611 3188 1668 3240 ὲν
1682 3187 1856 3257 ἀμφοε

1950 2004 2123 2060 fuisse
2150 2004 2442 2074 majorem,
2494 2000 2863 2057 ostenderunt
2909 1997 3174 2053 cadentes
3225 1994 3528 2067 discipuli:

1949 2096 2058 2153 nisi
2095 2096 2245 2152 enim
2281 2094 2589 2165 purissima
2619 2093 2713 2146 lux
2749 2091 2968 2157 fuisset,
2999 2088 3098 2147 sed
3123 2087 3228 2145 soli
3254 2101 3535 2143 commen-

1949 2195 2168 2245 surata.
2205 2185 2404 2254 utique
2430 2197 2542 2237 non
2574 2180 2935 2236 cecidissent.

2020 2278 2075 2333 5.
2114 2295 2133 2328 ι
2173 2275 2273 2330 llic
2303 2284 2389 2331 est
2419 2273 2601 2330 Filius
2644 2289 2802 2330 meus
2843 2273 3112 2339 dilectus,
3151 2269 3208 2325 in
3247 2283 3358 2340 quo
3398 2266 3535 2323 mihi

1952 2369 2093 2425 bene
2127 2368 2466 2439 complacui,
2505 2368 2691 2436 ipsum
2729 2365 2940 2421 audite.
2979 2382 2998 2416 ι

2023 2461 2326 2524 lndicatur,
2360 2459 2509 2531 quod
2541 2459 2697 2530 prius
2742 2458 2964 2529 quidem
2996 2457 3053 2512 in
3078 2454 3320 2511 Iordane
3358 2452 3536 2524 bapti-

1953 2560 2079 2609 zato
2128 2552 2271 2607 Filio
2300 2559 2514 2608 testata
2541 2558 2629 2607 est
2654 2549 2928 2612 Trinitas,
2976 2550 3146 2603 Patre
3183 2555 3421 2602 testante
3441 2542 3538 2599 de-

1953 2660 2141 2715 super,
2202 2643 2422 2715 Spiritu
2487 2652 2750 2712 tanquam
2821 2641 3082 2697 columba
3137 2637 3533 2693 descendente.

1953 2736 2113 2792 Nunc
2167 2751 2299 2793 vero
2346 2736 2404 2790 in
2458 2733 2682 2790 Thabor
2740 2734 2847 2804 ipsi
2901 2747 3102 2788 rursus
3152 2728 3536 2787 testimonium

1956 2828 2278 2899 perhibetur
2310 2843 2341 2881 a
2378 2825 2727 2898 praedicante
2759 2866 2775 2890 ,
2835 2824 2905 2879 ab
2945 2838 3013 2879 eo
3070 2821 3166 2893 qui
3203 2820 3539 2891 praedicatus

1955 2929 2062 2984 est,
2094 2928 2148 2974 et
2176 2919 2345 2981 nube,
2378 2933 2502 2987 qua:
2526 2916 2776 2987 Spiritus
2805 2924 2890 2970 est
2918 2930 2934 2967 :
2969 2914 3087 2969 haec
3114 2912 3285 2967 David
3308 2924 3531 2981 quoque

1954 3009 2251 3079 praedixit:
2293 3006 2511 3061 Thabor
2536 3015 2587 3061 et
2626 3004 2865 3061 Harmon
2893 3004 2949 3058 in
2993 3001 3207 3057 nomine
3242 3010 3330 3056 tuo
3358 2998 3541 3054 exsul-

1958 3098 2253 3152 taverunt‘
2304 3097 2585 3167 baptizata
2628 3094 2878 3150 Christo.
2932 3091 3072 3148 Illud
3106 3096 3239 3146 vero
3284 3088 3543 3144 Thabore

1957 3197 2192 3251 mutato.
2211 3188 2415 3258 quiain
2434 3187 2688 3257 utrisque
2703 3199 2807 3241 vox
2830 3184 2959 3239 data
2981 3189 3068 3239 est
3092 3179 3230 3236 :Hic
3257 3189 3333 3235 est
3363 3175 3541 3232 Filius

270 3271 456 3342 τέροις
482 3274 682 3346 ⁴ῑινέχθη
711 3277 863 3349 φωνὴ
886 3319 903 3345 ,
941 3274 1134 3344 Οὗτός
1153 3278 1327 3333 ἐστιν
1360 3281 1393 3333 ό
1437 3279 1570 3345 Υἱός
1607 3296 1730 3348 μου
1760 3276 1854 3330 λέ-

1959 3297 2127 3345 meus,
2150 3280 2363 3335 dicens.

271 3378 471 3429 γουσα.

358 3475 378 3508 ι
425 3457 536 3512 Καὶ
599 3458 785 3515 λαϐὼν
856 3462 919 3516 τὸ
978 3463 1239 3536 ποτήριον
1293 3460 1390 3515 καὶ
1460 3461 1863 3533 εὐχαριστήσας

273 3547 482 3602 ἔδωκεν
502 3550 684 3615 αὐτοῖς
718 3551 897 3621 λέγων
920 3571 937 3588 ο
973 3555 1133 3609 Πίετε
1162 3554 1221 3619 ἐξ
1247 3553 1413 3607 αὐτοῦ
1440 3554 1664 3617 πάντες.
1697 3572 1716 3605 ι

349 3641 463 3695 Οὐκ
484 3641 600 3696 ἔστι
620 3642 791 3710 τύπος
820 3646 850 3698 6
870 3646 1036 3719 ἄρτος
1065 3648 1163 3701 καὶ
1189 3643 1334 3711 οἶνος
1361 3646 1455 3700 τοῦ
1486 3645 1740 3715 σώματος
1770 3645 1865 3699 καὶ⁵

272 3730 512 3801 αἵματος
535 3731 632 3786 τοῦ
665 3735 903 3807 Χριστοῦ
924 3778 939 3801 ,
974 3738 1048 3808 μὴ
1081 3737 1312 3806 γένοιτο,
1337 3736 1455 3790 ἀλλ’
1483 3736 1614 3789 αὐτὸ
1625 3735 1685 3789 τὸ
1706 3735 1865 3806 σῶμα

270 3818 375 3870 καὶ
399 3818 534 3871 αὐτὸ
546 3819 607 3873 τὸ
619 3815 759 3892 αἷμα
776 3825 857 3887 είς
892 3824 1151 3878 σύστασιν
1176 3828 1281 3897 τῆς
1299 3826 1579 3897 ἡμετέρας
1609 3824 1789 3896 ψυχῆς
1804 3827 1865 3879 τε

272 3908 375 3961 καὶ
404 3907 658 3981 σώματος
680 3913 913 3984 χωροῦν,
940 3916 1001 3970 οὐ
1028 3915 1437 3986 δαπανώμενον,
1471 3917 1533 3970 οὐ
1567 3917 1864 3990 φθειρόμε-

274 4018 391 4061 νον.
409 4003 510 4056 οὐκ
541 4004 621 4066 είς
643 4004 931 4075 ἀφεδρῶνα
955 4007 1321 4078 χωροῦν,ιάλλ⁹
1348 4008 1430 4071 εἰς
1460 4007 1558 4079 τὴν
1587 4009 1747 4079 ἡμῶν
1782 4011 1866 4062 οὐ·

275 4086 400 4142 σίαν
424 4107 483 4144 τε
515 4091 612 4145 καὶ
641 4096 1142 4166 συντήρησιν.Είδὲ
1172 4098 1265 4150 καί
1293 4114 1437 4160 τινες
1463 4097 1733 4152 ἀντίτυπα
1760 4098 1862 4151 τοῦ

275 4179 533 4251 σώματος
569 4185 664 4239 καὶ
692 4185 787 4239 τοῦ
819 4188 1054 4258 αἵματος
1078 4188 1175 4242 τοῦ
1204 4189 1409 4259 Κυρίου
1444 4189 1537 4242 τὸν
1570 4189 1734 4261 ἄρτον
1770 4191 1866 4245 καὶ

272 4270 373 4325 τὸν
427 4270 571 4328 οἶνον
627 4278 916 4345 ἐκάλεσαν,
954 4281 1016 4332 οὐ
1059 4280 1199 4349 μετὰ
1231 4283 1293 4334 τὸ
1317 4281 1647 4352 ἀγιασθῆναι
1689 4278 1863 4347 εἷπον,

273 4363 419 4419 ἀλλὰ
472 4366 604 4436 πρὶν
644 4368 1015 4441 ἁγωσθῆναι,
1048 4371 1146 4442 τὴν
1183 4373 1500 4445 προσφορὰν
1529 4372 1672 4427 οὕτω
1706 4375 1867 4427 καλέ-

275 4469 494 4517 σαντες.
532 4455 831 4511 Ἀντίτυπα
862 4458 919 4511 δὲ
951 4458 1062 4513 τῶν
1097 4461 1401 4530 μελλόντων
1460 4463 1733 4531 λέγονται,
1764 4463 1865 4534 οὐχ

274 4542 358 4607 ὡς
397 4544 473 4616 μὴ
501 4544 631 4600 ὅντα
656 4547 874 4620 ἀληθῶς
911 4548 1072 4621 σῶμα
1117 4554 1214 4605 καὶ
1266 4547 1404 4621 αἷμα
1432 4555 1695 4623 Χριστοῦ,
1747 4553 1863 4607 ἀλλ’

274 4634 362 4689 ὅτι
389 4633 484 4689 νῦν
523 4637 623 4707 μὲν
653 4639 721 4693 δι’
752 4640 935 4694 αὐτῶν
968 4643 1272 4714 μετέχομεν
1298 4643 1400 4713 τῆς
1446 4645 1686 4714 Χριστοῦ
1739 4644 1865 4697 θεό-

275 4739 473 4794 τητος,
508 4726 629 4781 τότε
653 4728 711 4783 δὲ
735 4731 946 4801 νοητῶς
970 4731 1060 4785 διὰ
1097 4734 1266 4804 μόνης
1306 4734 1408 4805 τῆς
1440 4736 1589 4799 θέας.
1631 4735 1863 4805 Λέγεται

276 4813 336 4868 δὲ
373 4816 677 4888 μετάληψις
738 4821 858 4891 μὲν,
916 4823 999 4877 ὅτι
1036 4823 1104 4877 δι’
1138 4826 1309 4896 αὐτῆς
1375 4828 1865 4899 μεταλαμϐάνομεν

275 4905 380 4977 τῆς
422 4907 598 4977 Ἰησοῦ
650 4911 912 4985 θεότητος
931 4933 946 4948 ·
980 4919 1238 4973 κοινωνία
1265 4920 1345 4983 δὲ,
1372 4920 1460 4974 διὰ
1486 4921 1549 4974 τδ
1582 4926 1864 4977 κοινωνεῖν

277 4997 429 5069 ἡμᾶς
465 4998 533 5052 δι’
556 5001 728 5073 αὐτῆς
753 5004 833 5075 τῷ
856 5006 1097 5079 Χριστῷ,
1130 5009 1226 5063 καὶ
1279 5012 1532 5082 μετέχειν
1563 5012 1730 5066 αὐτοῦ
1755 5014 1860 5086 τῆς

280 5091 487 5161 σαρκός
519 5109 581 5146 τε
611 5096 706 5149 καὶ
741 5095 1014 5168 θεότητος.
1071 5101 1364 5157 Κοινωνείν
1390 5103 1447 5158 δὲ
1478 5105 1573 5158 καὶ
1596 5104 1858 5162 ἑνοῦσθαι

280 5184 377 5237 καὶ
410 5185 661 5257 ἀλλήλοις
684 5187 751 5242 δι’
773 5190 964 5260 αὐτῆς.
1014 5191 1233 5264 Ἐπειδὴ
1288 5196 1396 5267 γὰρ
1432 5196 1492 5262 ἐξ
1530 5197 1662 5270 ἑνὸς,
1692 5200 1858 5270 ἄρτου

282 5276 779 5350 μεταλαμϐάνομεν
841 5281 1065 5349 πάντες,
1088 5282 1149 5338 ἓν
1174 5284 1333 5356 σῶμα
1376 5288 1613 5358 Χριστοῦ
1657 5269 1765 5344 ’καὶ
1798 5290 1859 5345 ἓν

278 5361 446 5438 αἷμα,
481 5368 579 5422 καὶ
634 5371 881 5443 ἀλλήλων
917 5375 1058 5447 μέλη
1096 5378 1382 5448 γινόμεθα,
1413 5381 1697 5453 σύσςωμοι
1720 5384 1858 5455 Χρι-

282 5456 413 5510 στοῦ
452 5459 906 5528 χρηματίζοντες.

359 5634 379 5667 ί
408 5635 555 5692 Psal.
588 5650 853 5706 Lxxxvm,
898 5638 985 5695 15.

2034 3456 2224 3522 XXVI,
2254 3456 2345 3511 27.
2386 3474 2405 3509 ι
2437 3453 2504 3508 Et
2540 3456 2821 3527 accipiens
2847 3453 3077 3509 calicem
3105 3450 3312 3522 gratias
3337 3449 3469 3521 egit,
3489 3456 3547 3505 et

1963 3549 2117 3606 dedit
2151 3549 2231 3605 eis
2254 3548 2444 3604 dicens
2470 3565 2484 3601 :
2520 3546 2699 3602 Bibite
2728 3562 2795 3603 ex
2830 3546 2936 3601 hoc
2961 3559 3176 3600 omnes.
3208 3563 3227 3596 ι

2034 3642 2200 3697 Panis
2235 3649 2289 3694 et
2315 3641 2505 3694 vinum
2555 3654 2664 3695 non
2704 3647 2789 3695 est
2819 3638 2996 3710 ﬁgura
3040 3638 3299 3707 corporis
3327 3646 3382 3694 et
3407 3651 3543 3694 san-

1964 3734 2150 3804 guinis
2202 3732 2439 3796 Christi,
2482 3732 2665 3787 absit!
2710 3729 2808 3787 sed
2857 3731 3038 3801 ipsum
3081 3743 3312 3799 corpus,
3339 3737 3396 3788 et
3424 3727 3545 3798 ipse

1964 3822 2195 3893 sanguis
2239 3822 2307 3876 ad
2348 3821 2806 3877 constitutionem
2846 3820 3045 3874 animae
3097 3828 3303 3875 nostrae
3343 3833 3545 3888 corpo-

1964 3914 2158 3982 risque
2213 3911 2533 3978 conl'erens,
2581 3926 2692 3966 non
2739 3918 3156 3980 consumptum,
3209 3924 3389 3980 neque
3420 3923 3547 3964 cor-

1964 4014 2212 4074 ruptum,
2256 4019 2365 4059 non
2409 4004 2463 4059 in
2501 4017 2785 4060 secessum
2813 4001 3027 4064 abiens.
3063 4001 3161 4056 sed
3189 4002 3247 4057 in
3279 4001 3544 4057 substan-

1960 4099 2097 4152 tiam
2167 4106 2424 4153 nostram
2488 4110 2557 4151 ac
2623 4083 3130 4151 conservationem.
3194 4092 3294 4147 Sin
3361 4101 3544 4146 autem

1966 4188 2221 4243 nonnulli
2289 4188 2454 4241 etiam
2514 4186 2764 4256 antitypa
2830 4184 3086 4254 corporis
3134 4193 3191 4239 et
3251 4183 3544 4253 sanguinis

1967 4278 2186 4334 Domini
2250 4292 2448 4347 panem
2483 4285 2540 4331 et
2588 4278 2778 4331 vinum
2829 4283 3195 4341 vocaverunt,
3250 4291 3360 4330 non
3422 4281 3545 4344 post

1966 4369 2455 4429 consecrationem
2510 4368 2798 4436 dixerunt,
2854 4369 2950 4425 sed
2980 4370 3306 4439 priusquam
3339 4381 3545 4422 conse-

1966 4469 2244 4527 craretur,
2294 4460 2371 4515 ita
2428 4461 2765 4517 oblationem
2817 4461 3164 4533 appellantes
3215 4479 3231 4515 :
3295 4459 3544 4530 antitypa

1968 4558 2152 4606 autem
2208 4550 2522 4605 futurorqu
2578 4551 2862 4616 dicuntur,
2925 4566 3038 4606 non
3095 4559 3357 4621 tanquam
3416 4564 3545 4604 vere

1968 4654 2171 4709 corpus
2199 4647 2254 4695 et
2284 4640 2511 4709 sanguis
2542 4639 2749 4695 Christi
2780 4655 2891 4696 non
2921 4640 3074 4705 sint;
3112 4640 3207 4696 sed
3241 4641 3369 4711 quia
3398 4654 3545 4694 nunc

1966 4730 2191 4802 quidem
2219 4731 2292 4786 iis
2325 4728 2531 4784 Christi
2562 4731 2960 4802 participamus
3003 4731 3375 4796 divinitatem,
3411 4740 3545 4783 tunc

1966 4837 2099 4877 vero
2132 4822 2586 4878 intellectualiter
2636 4838 2734 4893 per
2773 4824 2951 4879 solam
2998 4823 3542 4892 contemplationem.

1967 4914 2181 4970 Dicitur
2216 4924 2398 4969 autem
2432 4917 2711 4986 susceptio
2742 4915 2988 4987 quidem.
3020 4932 3087 4972 eo
3114 4917 3262 4988 quod
3297 4931 3392 4988 per
3421 4930 3544 4970 eam

1965 5003 2098 5062 Jesu
2133 5005 2510 5075 suscipiamus
2563 5004 2909 5061 divinitatem
2938 5023 2954 5064 :
2984 5006 3305 5060 communio
3334 5014 3543 5067 autem,

1968 5112 2034 5153 eo
2061 5095 2210 5168 quod
2252 5111 2353 5151 nos
2382 5111 2507 5150 cum
2538 5095 2768 5151 Christo
2808 5096 3289 5151 communicemus
3311 5109 3377 5148 ac
3414 5110 3543 5165 par-

1968 5190 2168 5259 ticipes
2199 5189 2379 5243 simus
2434 5189 2623 5243 carnis
2679 5189 2830 5243 illius
2887 5203 2952 5243 ac
2995 5188 3266 5243 deitatis:
3328 5203 3393 5243 ac
3450 5203 3545 5257 per

1964 5296 2087 5335 eam
2128 5280 2260 5335 aliis
2305 5296 2528 5352 quoque
2600 5280 3098 5346 communicemur,
3151 5295 3216 5335 ac
3263 5281 3543 5335 uniamnr.

1965 5372 2103 5427 Cum
2163 5372 2312 5428 enim
2359 5388 2428 5426 ex
2478 5388 2588 5428 uno
2618 5388 2761 5443 pane
2827 5388 3115 5429 sumamus
3145 5387 3337 5427 omnes
3370 5388 3542 5428 unum

1963 5464 2174 5520 Christi
2206 5480 2434 5536 corpus,
2464 5482 2747 5537 unumque
2776 5466 3129 5537 sanguinem.
3157 5475 3346 5521 mutua
3376 5467 3544 5520 etiam

1969 5557 2213 5613 membra
2242 5559 2424 5624 ﬁmus,
2466 5561 2826 5630 concorporei
2872 5560 3076 5615 Christi
3112 5560 3410 5631 nuncupati
3440 5558 3543 5632 (4).

1803 5736 2039 5798 NOTAE.

360 5819 436 5894 (ὅ)
465 5820 551 5881 Cf.
582 5840 770 5897 supra,
813 5828 922 5885 col.
947 5825 1070 5896 799,
1096 5826 1224 5885 800.

2041 5835 2117 5905 (4)
2142 5834 2227 5894 cr.
2270 5835 2455 5927 xciv,
2480 5838 2641 5907 ιιι-ι,
2678 5840 2835 5897 ttat.
