4130 6408
624 421 752 489 1411

1404 427 1783 488 ADDENDA.
1814 455 1882 463 —
1912 430 2378 492 FRAGMENTA
2419 434 2500 493 IN
2543 436 2605 493 S.
2637 435 3106 500 MATTH/EUM.

3757 438 3895 505 1412

689 536 903 604 XXVII,
932 536 987 591 5.
1023 555 1041 587 ι
1076 536 1142 590 Et
1182 536 1447 607 projectis
1471 537 1747 609 argenteis
1779 538 1832 593 in
1868 538 2071 609 templo
2107 553 2196 594 re-

2376 559 2394 591 c
2442 542 2553 595 Kal
2596 542 2758 614 ῥίψας
2790 546 2855 598 τὰ
2888 547 3127 620 ἀργύρια
3157 549 3215 601 ὲν
3258 548 3333 619 τῷ
3378 549 3514 621 ναῷ,
3540 550 3891 623 ἀνεχώρησε

618 630 807 695 cessit,
849 636 901 684 et
940 628 1136 684 abiens
1167 631 1364 699 laqueo
1393 645 1453 685 se
1484 632 1797 702 suspendit.
1835 652 1854 685 ι

684 720 980 777 Derelictio
1006 721 1113 776 alia
1139 723 1362 792 quidem
1404 734 1488 778 est
1513 726 1584 779 ob
1611 726 1887 780 occultam
1924 726 2188 782 virtutem

615 819 675 863 ut
707 811 1118 879 manifestetur,
1153 816 1300 870 sicut
1338 816 1431 870 illa
1474 815 1639 885 Jobi;
1676 818 1785 872 alia
1821 834 1953 874 vero
1990 819 2061 873 ob
2098 834 2193 873 su-

614 903 818 971 perbiae
866 905 1238 972 aversionem,
1296 916 1360 961 ut
1404 909 1496 963 illa
1543 909 1739 977 Pauli;
1770 911 1875 965 alia
1915 920 2093 965 autem
2123 910 2193 966 ad

618 990 847 1049 alterius
880 998 1309 1063 correctionem,
1340 1005 1401 1053 ut
1434 997 1631 1053 Lazari
1661 1014 1726 1054 ac
1762 1001 1972 1055 divitis.
2015 1001 2193 1057 Natu-

615 1084 811 1140 raliter
847 1087 999 1142 enim
1029 1103 1155 1144 cum
1190 1090 1440 1146 videmus
1467 1092 1612 1149 alios
1644 1094 1783 1163 pati,
1811 1093 2187 1165 reprimimur.
2212 1081 2230 1097 ’

616 1175 741 1230 Alia
776 1194 910 1234 vero
942 1179 1009 1234 ad
1040 1181 1268 1238 alterius
1314 1184 1587 1253 gloriam;
1616 1193 1674 1238 ut
1704 1184 1878 1248 illius.
1908 1186 2000 1255 qui
2031 1202 2061 1240 a
2086 1201 2190 1241 na-

617 1267 833 1325 tivitate
867 1286 1048 1326 caecus
1083 1272 1206 1338 fuit,
1244 1275 1309 1329 ad
1333 1274 1541 1329 Christi
1575 1276 1827 1345 gloriam.
1856 1278 1979 1332 Alia
2006 1288 2187 1335 autem

612 1359 678 1413 ad
710 1363 946 1420 alterius
978 1366 1178 1429 zelum,
1219 1377 1277 1420 ut
1319 1368 1374 1420 in
1431 1369 1834 1425 testimonium.
1867 1373 1943 1426 Ac
1977 1374 2193 1443 simpli-

612 1453 753 1506 citer
820 1452 934 1513 duo
987 1464 1117 1509 sunt
1160 1455 1545 1511 derelictionis
1596 1474 1821 1528 genera.
1882 1462 1979 1516 Est
2038 1462 2188 1517 enim

610 1541 901 1601 derelictio
951 1563 1049 1618 per
1104 1549 1581 1619 dispensationem
1627 1563 1683 1609 et
1733 1556 2182 1625 instructionem,

613 1642 670 1691 et
700 1646 786 1692 est
843 1639 1131 1696 derelictio
1178 1659 1302 1714 quae
1346 1646 1417 1700 sit
1473 1645 1658 1703 ﬁnalis
1706 1650 2069 1719 reprobatio;
2098 1652 2191 1707 Di-

611 1732 928 1797 spensativa
976 1734 1199 1803 quidem
1254 1750 1317 1789 ac
1373 1737 1704 1793 instructiva
1752 1756 1875 1810 quae
1905 1741 1972 1795 ad
2004 1756 2188 1799 corre—

610 1822 849 1876 ctionem
885 1836 948 1877 ac
972 1825 1206 1880 salutem
1240 1837 1293 1882 et
1333 1827 1569 1899 gloriam
1602 1831 1752 1887 illius
1795 1834 1876 1895 ﬁt,
1913 1835 2007 1903 qui
2039 1835 2187 1904 pati-

609 1914 722 1974 tur,
757 1918 852 1963 aut
900 1910 965 1964 ad
1016 1912 1250 1968 aliorum
1306 1918 1484 1971 zelum
1538 1934 1603 1973 ac
1660 1921 2051 1987 imitationem,
2090 1933 2186 1979 aut

2306 630 2400 686 καὶ
2429 633 2679 687 ἀπελθὼν
2698 636 3003 707 ἀπήγξατο.
3052 659 3071 692 ι

2365 724 2487 777 Τῶν
2519 727 2979 798 ἐγκαταλείψεων,
3014 733 3048 803 ή
3087 733 3186 803 μὲν
3215 733 3330 788 εστι
3384 735 3474 788 διὰ
3504 735 3895 809 κεκρυμμένην

2292 817 2515 888 ἀρετὴν,
2572 820 2661 873 ἵνα
2713 824 3025 895 φανερωθῇ,
3084 826 3162 890 ὡς
3197 828 3231 897 ή
3282 828 3378 881 τοῦ
3447 828 3674 899 Ἰώόοή
3722 830 3778 883 δὲ
3819 830 3893 884 δι’

2293 908 2614 983 ἀποτροπὴν
2670 913 3082 985 ὑπερηφανίας,
3143 920 3221 983 ὡς
3265 918 3359 975 ἐπὶ
3416 917 3512 973 τοῦ
3565 919 3780 975 Παύλου
3811 916 3889 985 ’ἡ

2293 1000 2349 1054 δὲ
2377 1002 2515 1073 πρὸς
2534 1004 2823 1076 διόρθωσιν
2873 1007 3059 1073 ἄλλου,
3088 1010 3165 1074 ὼς
3198 1011 3293 1064 ἐπὶ
3342 1015 3440 1066 τοῦ
3488 1012 3745 1083 Λαζάρου
3795 1014 3892 1066 καὶ

2293 1093 2388 1146 τοῦ
2416 1095 2705 1152 πλουσίου.
2733 1100 2984 1164 Φυσικῶς
3018 1102 3128 1173 γὰρ
3158 1103 3398 1175 ὁρῶντές
3442 1122 3598 1169 τινας
3647 1107 3889 1176 πάσχον-

2292 1202 2411 1253 τας,
2439 1188 2865 1260 συστελλόμεθα.
2912 1193 2977 1246 Ἥ
3006 1193 3063 1247 δὲ
3092 1195 3174 1258 είς
3226 1196 3390 1249 ἄλλου
3446 1196 3632 1263 δόξαν,
3674 1198 3748 1261 ὠς
3770 1200 3798 1251 ό
3823 1200 3887 1252 ἐκ

2246 1350 2251 1353 ἠ
2292 1279 2525 1349 γενετῆς
2572 1281 2794 1349 τυφλὸς,
2824 1285 2905 1348 είς
2925 1285 3085 1353 δόξαν
3127 1288 3395 1359 Χριστοῦ.
3436 1290 3500 1343 Ἦ
3532 1290 3589 1343 δὲ
3618 1292 3697 1353 είς
3723 1290 3882 1343 ἄλλου

2293 1365 2473 1439 ζῆλον,
2510 1370 2585 1434 ὡς
2620 1373 2711 1424 ἐπὶ
2731 1373 2828 1445 τὴν
2861 1377 3193 1447 μαρτυρίαν.
3218 1379 3328 1432 Kal
3355 1379 3546 1443 ἁπλῶς
3571 1382 3673 1450 τῆς
3710 1381 3885 1447 ἐγκαο

2288 1459 2589 1527 ταλείψεως
2619 1463 2757 1517 είσὶν
2778 1464 2894 1533 εἴδη
2922 1464 3016 1518 δύο
3040 1483 3053 1497 ⁸
3091 1466 3339 1539 ἔστιγὰρ
3364 1470 3763 1539 ὲγκατάλειψις
3796 1473 3883 1523 οἰ-

2291 1552 2557 1624 κονομικὴ
2580 1554 2678 1606 καὶ
2706 1555 3054 1627 παιδευτικὴ,
3087 1559 3187 1612 καὶ
3208 1558 3358 1613 ἔστιν
3378 1562 3769 1631 ἐγκατάλειψις
3797 1578 3885 1614 τε·

2289 1642 2410 1696 λεία
2438 1646 2853 1717 άπογνωστική.
2926 1649 3259 1722 Οίκονομικὴ
3279 1653 3379 1722 μὲν
3401 1655 3497 1706 καὶ
3528 1650 3880 1724 παιδευτικὴ,

2287 1735 2321 1807 ἦ
2345 1736 2481 1806 πρὸς
2497 1737 2782 1808 διόρθωσιν
2804 1740 2895 1792 καὶ
2926 1741 3225 1812 σωτηρίαν,-
3242 1744 3336 1796 καὶ
3356 1744 3517 1811 δόξαν
3530 1738 3633 1798 τοῦ
3646 1746 3883 1813 πάσχον-

2285 1850 2377 1897 τος
2407 1834 2689 1905 γινομένη,
2720 1835 2871 1907 ἢκαὶ
2899 1837 3036 1907 πρὸς
3062 1837 3238 1892 ἄλλων
3275 1839 3439 1911 ζῆλον
3498 1842 3592 1895 καὶ
3625 1842 3879 1911 μίμησιν,

2288 1922 2321 1993 ἢ
2355 1924 2449 1977 καὶ
2470 1924 2606 1995 πρὸς
2630 1924 2790 1989 δόξαν
2841 1926 3001 1981 Θεοῦ.
3048 1928 3111 1981 Ἦ
3138 1928 3194 1981 δὲ
3219 1927 3401 1982 τελεία
3428 1926 3773 1998 κατάλειψις,
3794 1933 3880 1984 ὅτε

607 2000 774 2053 etiam
830 2002 896 2055 ad
936 2001 1029 2059 Dei
1066 2006 1323 2075 gloriam.
1375 2007 1589 2066 Finalis
1619 2021 1801 2067 autem
1869 2016 2182 2084 derelictio,

2292 2015 2386 2069 τοῦ
2430 2016 2574 2070 Θεοῦ
2628 2017 2808 2071 πάντα
2839 2019 2976 2090 πρὸς
3009 2020 3289 2091 σωτηρίαν
3316 2023 3703 2092 πεποιηκότος,
3728 2022 3881 2074 ἀνία-

606 2108 732 2146 cum
762 2094 873 2150 Deo
911 2099 1095 2152 omnia
1129 2099 1194 2153 ad
1239 2100 1475 2155 salutem
1507 2114 1825 2174 peragente,
1856 2109 2191 2166 incurabilis

604 2200 670 2238 ex
698 2190 926 2257 proprio
949 2190 1147 2245 allectu
1174 2193 1337 2249 homo
1359 2198 1627 2264 persistit.
1657 2197 1797 2253 Tum
1824 2201 1973 2255 enim
2000 2202 2187 2272 perdi-

607 2277 745 2332 tioni
776 2280 1017 2336 traditur
1043 2292 1103 2337 ut
1135 2285 1310 2343 Judas
1341 2288 1441 2359 (5).

679 2367 846 2424 Vens.
880 2372 969 2427 57.
1031 2393 1048 2425 ι
1104 2374 1168 2428 Et
1199 2376 1590 2446 imposuerunt
1645 2400 1811 2455 super
1860 2396 2028 2457 caput
2064 2389 2184 2457 ejus

604 2472 833 2513 causam
903 2463 1079 2531 ipsius
1136 2469 1400 2539 scriptam
1438 2488 1452 2524 :
1507 2473 1599 2528 hic
1648 2486 1732 2531 est
1764 2476 1926 2535 Jesus
1963 2495 2053 2535 rex
2085 2479 2184 2535 Ju-

606 2550 873 2609 dazorum.
906 2574 925 2606 ι

682 2639 848 2700 Tituli
890 2649 1117 2720 scriptio
1154 2667 1324 2724 quam
1373 2655 1583 2713 Pilatus
1619 2674 1787 2730 supra
1836 2661 2179 2720 Dominicum

611 2746 776 2805 caput
805 2737 1003 2806 aﬁixit,
1048 2743 1308 2813 implebat
1342 2746 1556 2803 Domini
1592 2767 1781 2807 vocem
1814 2770 1828 2806 :
1865 2752 1998 2810 Cum
2026 2759 2181 2811 exal-

605 2836 753 2883 tatus
784 2830 959 2899 fuero,
1002 2835 1263 2905 dicentis,
1293 2842 1476 2894 omnia
1500 2843 1713 2897 traham
1743 2845 1813 2899 ad
1842 2850 2103 2919 meipsum
2134 2854 2176 2913 ⁸,

604 2922 926 2977 declarabat
963 2927 1133 2997 igitur
1182 2929 1387 2985 ibidem
1438 2934 1554 2988 haec
1587 2938 1775 3000 lectio,
1813 2955 1920 2995 non
1953 2957 2053 3011 pro
2086 2943 2178 2998 ,Ια-

600 3013 716 3064 daea
754 3022 988 3080 tantum,
1021 3032 1214 3072 verum
1250 3021 1413 3074 etiam
1461 3023 1672 3082 Graecis
1706 3038 1761 3082 et.
1790 3028 2053 3087 Barbaris
2089 3050 2175 3090 sa-

599 3100 837 3157 lutarem
874 3100 993 3159 ﬁeri
1025 3108 1364 3176 passionem.

669 3194 761 3249 45.
803 3215 821 3248 σ
859 3198 901 3250 Α
936 3210 1089 3254 sexta
1144 3211 1324 3258 autem
1369 3205 1501 3261 liora
1565 3210 1801 3268 tenebrae
1842 3214 2000 3272 factae
2049 3230 2180 3275 sunt

596 3300 761 3356 super
784 3290 1094 3347 universam
1124 3301 1323 3350 terram
1380 3314 1556 3369 usque
1582 3303 1651 3358 ad
1682 3304 1870 3361 horam
1898 3322 2119 3366 nonam.
2153 3333 2171 3365 ι

668 3378 860 3435 Deﬁcit
884 3384 965 3437 sol
997 3384 1141 3440 luna;
1160 3402 1396 3458 corpore
1427 3401 1689 3463 tanquam
1725 3397 1913 3453 medio
1934 3402 2173 3475 quodam

595 3463 943 3537 interposito,
1006 3485 1073 3526 ac
1113 3474 1518 3543 obumbrante,
1589 3497 1766 3550 neque
1821 3463 2176 3555 permittente

595 3560 713 3612 clari
750 3561 910 3617 nobis
945 3565 1142 3621 lucem.
1179 3556 1636 3644 Quandocunque
1684 3578 1852 3648 igitur
1891 3580 2173 3638 inventum

596 3650 761 3706 fuerit
806 3654 953 3709 lunae
993 3672 1201 3729 corpus
1266 3664 1440 3719 solem
1500 3660 1876 3737 abscondere,
1930 3682 2044 3731 tum
2115 3679 2175 3731 Iit

592 3744 819 3812 eclipsis
868 3748 1025 3813 solis,
1068 3751 1298 3822 eclipsis
1330 3772 1461 3812 vero
1502 3759 1649 3815 lunae
1674 3776 1739 3816 ex
1775 3766 1968 3820 umbra
2013 3775 2175 3824 terrae

593 3835 794 3897 oritur,
826 3852 951 3891 cum
994 3842 1187 3910 quinta
1239 3855 1291 3899 et
1327 3848 1539 3903 decima
1582 3852 1710 3907 luna
1746 3854 1934 3918 fuerit.
1978 3859 2173 3915 inven-

592 3939 758 3995 taque
788 3945 855 3983 ex
888 3930 1125 3987 adverso
1156 3940 1522 3995 extremitatis
1572 3946 1791 4012 centri,
1834 3950 1915 4003 sol
1948 3952 2170 4020 quidem

591 4019 696 4073 sub
725 4028 893 4083 terra.
929 4023 1054 4076 luna
1082 4042 1211 4081 vero
1251 4045 1417 4099 supra
1460 4041 1686 4092 terram.
1722 4019 1988 4097 Umbram
2022 4045 2169 4100 enim

590 4108 726 4163 facit
759 4117 929 4178 terra,
969 4128 1150 4184 neque
1179 4117 1314 4171 sinit
1343 4120 1527 4177 solare
1559 4126 1743 4183 lumen
1775 4136 2070 4201 pervenire
2101 4138 2167 4192 ad

590 4201 799 4266 lunam,
838 4211 1005 4273 atque
1040 4214 1158 4261 tum
1196 4212 1465 4281 temporis
1500 4214 1707 4277 deﬁcit.
2066 4220 2067 4223 “

659 4373 900 4444 XXVIII,
924 4377 1044 4433 204
1069 4379 1135 4437 Et
1158 4395 1289 4438 ecce
1319 4400 1420 4456 ego
1451 4388 1733 4446 vobiscum
1753 4409 1872 4448 sum
1910 4398 2168 4455 omnibus

588 4468 807 4534 diebus,
830 4487 1006 4540 usque
1038 4472 1105 4526 ad
1142 4481 1676 4537 consummationem
1705 4488 1913 4543 saeculi.
1934 4489 2163 4546 Amen.»

660 4559 779 4614 Non
835 4577 962 4616 eum
1007 4564 1118 4620 illis
1153 4577 1362 4623 tantum
1395 4572 1535 4627 dixit
1558 4591 1616 4631 se
1643 4576 1919 4647 futurum,
1970 4599 2160 4640 verum

587 4653 751 4704 etiam
779 4668 906 4707 cum
939 4659 1197 4715 omnibus
1228 4662 1325 4731 qui
1359 4674 1486 4732 post
1524 4666 1648 4724 illos
1676 4684 1837 4727 erant
1866 4677 2161 4732 credituri.

584 4734 705 4793 Non
733 4740 880 4797 enim
913 4759 1087 4815 usque
1118 4745 1183 4799 ad
1214 4755 1753 4812 consummationem
1786 4763 1974 4816 saeculi
2003 4780 2161 4819 man-

587 4831 704 4885 suri
733 4844 890 4887 erant
954 4837 1224 4906 apostoli,
1274 4840 1371 4903 sed
1400 4850 1663 4914 tanquam
1726 4865 1893 4906 unum
1956 4870 2163 4926 corpus

587 4922 778 4979 ﬁdeles
796 4925 1119 4996 alloquitur.
1137 4928 1216 4986 Ne
1237 4934 1405 5002 enim,
1424 4935 1622 5007 inquit,
1653 4942 1785 4995 mihi
1813 4960 1995 5001 rerum
2024 4922 2163 5005 (ΙῖΠί-

584 5015 846 5071 cultatcm
904 5018 1219 5090 objiciatis;
1255 5038 1357 5094 ego
1389 5030 1533 5081 enim
1570 5031 1859 5089 vobiscum
1893 5053 2036 5106 sum,
2066 5042 2158 5110 qui

584 5105 770 5158 omnia
797 5107 963 5162 reddo
987 5108 1189 5167 Iacilia.
1219 5111 1332 5168 lloc
1368 5119 1653 5186 prophetis
1682 5128 1973 5194 quoquein
2005 5105 2153 5185 anti-

583 5212 691 5266 qua
709 5199 826 5272 lege
844 5201 1070 5260 assidue
1090 5206 1252 5273 dixit,
1274 5216 1386 5263 tum
1410 5209 1664 5271 Jeremize
1682 5221 1972 5288 pueritiam
1993 5240 2164 5282 excu-

585 5291 727 5344 santi
752 5332 766 5355 ,
807 5300 923 5347 tum
966 5293 1259 5363 Ezechieli,
1296 5309 1409 5355 tum
1442 5302 1640 5377 Moysi,
1680 5309 1895 5369 obrutis
1922 5310 2159 5373 diﬁicul-

583 5388 696 5438 tate
724 5401 739 5436 :
772 5384 884 5456 Ego
917 5392 1183 5445 vobiscum
1216 5410 1355 5449 sum.
1390 5396 1468 5450 Ita
1487 5401 1651 5455 etiam
1681 5404 1833 5462 hisce
1866 5408 1978 5465 hic.
2006 5411 2155 5468 Con-

2200 4715 2244 4768 D

2288 2124 2381 2171 τος
2406 2108 2463 2175 ἐξ
2501 2109 2716 2173 οἰκείας
2750 2110 3060 2180 προθέσεως
3087 2112 3319 2184 διαμένῃ
3351 2114 3379 2166 ὁ
3404 2114 3713 2184 ἄνθρωπος.
3743 2115 3878 2169 Τότε

2285 2198 2395 2272 γὰρ
2425 2202 2505 2265 εἰς
2530 2201 2808 2256 ἀπώλειαν
2843 2204 3200 2275 παραδίδοται
3233 2206 3311 2270 ὡς
3332 2208 3361 2261 ὀ
3396 2205 3619 2271 Ἰούδας.

2361 2398 2377 2429 ι
2406 2380 2514 2433 Kal
2542 2380 2822 2451 ἐπέθηκαν
2846 2382 3034 2437 ἐπάνω
3061 2383 3159 2453 τῆς
3186 2383 3432 2453 κεφαλῆς
3459 2384 3623 2438 αὐτοῦ
3662 2384 3761 2455 τὴν
3791 2386 3876 2439 αέ-

2282 2470 2403 2525 τίαν
2427 2472 2594 2526 αὐτοῦ
2621 2475 3032 2546 γεγραμμένην·
3054 2492 3070 2508 ⁶
3099 2462 3267 2541 Οὗτός
3299 2477 3452 2530 ἔστιν
3489 2477 3702 2547 Ἰησοῦς
3722 2481 3751 2531 ό
3782 2479 3879 2549 βα-

2285 2561 2464 2626 σιλεὺς
2489 2564 2600 2617 τῶν
2626 2563 2917 2621 Ἰουδαίων.
2954 2586 2971 2619 ι

2364 2654 2428 2706 Ἦ
2454 2653 2547 2707 τοῦ
2590 2655 2944 2726 λευκώματος
2986 2659 3174 2730 γραφὴ
3226 2660 3293 2731 ἢν
3322 2658 3556 2723 Πιλᾶτος
3608 2659 3719 2731 πρὸ
3773 2661 3874 2726 τῆς

2282 2746 2571 2817 Κυριακῆς
2607 2743 2775 2818 ἔπηξε
2831 2748 3096 2819 κεφαλῆς,
3127 2749 3225 2821 τὴν
3258 2748 3355 2803 τοῦ
3402 2750 3604 2821 Κυρίου
3624 2751 3873 2820 ἐπλήρου

2283 2838 2486 2909 φωνὴν,
2514 2838 2786 2893 Ἐπειδὰν
2803 2839 3046 2909 ὑψωθῶ,
3071 2840 3340 2911 λέγοντος,
3362 2842 3589 2908 πάντας
3620 2843 3875 2895 ἑλκύσω

2281 2929 2430 2997 πρὸς
2446 2931 2727 2999 ἐμαυτόν.·
2741 2933 2962 3005 Ἐδήλου
2977 2934 3157 2989 τοίνυν
3173 2936 3206 3006 ἡ
3226 2936 3437 2989 ἐκεῖθεν
3453 2937 3753 3005 ἀνάγνωσις
3770 2938 3875 3005 οὐχ

2282 3020 2423 3092 ὑπὲρ
2463 3022 2725 3090 Ἰουδαίας
2754 3025 2923 3097 μόνης
2942 3069 2956 3093 ,
2988 3025 3127 3080 ἀλλὰ
3158 3029 3255 3081 καὶ
3276 3028 3461 3097 πάσης
3498 3026 3873 3100 Ἐλληνίεκῖἦς

2282 3113 2374 3165 καὶ
2406 3112 2686 3187 βαρϐάρου
2707 3118 3045 3190 γεγενῆσθαι
3074 3119 3135 3172 τὸ
3173 3122 3443 3191 σωτήριον
3473 3119 3661 3183 πάθος.

2365 3223 2385 3257 σ
2428 3208 2560 3261 Ἀπὸ
2590 3208 2645 3262 δὲ
2671 3210 2839 3280 ἕκτης
2868 3210 3017 3282 ὥρας
3052 3211 3245 3276 σκότος
3274 3213 3490 3281 ἐγένετο
3535 3212 3627 3265 ἐπὶ
3683 3215 3870 3266 πᾶσαν

2281 3301 2378 3374 τὴν
2409 3300 2659 3371 γῆν,ἕως
2692 3299 2843 3372 ὥρας
2864 3302 3116 3373 ὲννάτης.
3142 3320 3161 3354 ι

2365 3392 2639 3447 Ἐκλείπει
2672 3394 2701 3447 δ
2728 3394 2880 3464 ἥλιος
2931 3393 3026 3447 τοῦ
3061 3393 3313 3465 σώματος
3346 3395 3448 3465 τῆς
3510 3395 3743 3467 σελήνης
3766 3391 3871 3447 ὦσ-

2284 3502 2391 3556 περ
2431 3502 2484 3537 τι
2538 3486 2855 3556 μεσότειχον
2908 3487 3205 3557 γενομένου
3256 3488 3351 3541 καὶ
3407 3484 3863 3551 άπὸσκιάζοντος,

2284 3578 2379 3631 καὶ
2403 3578 2476 3648 μὴ
2511 3577 2708 3639 ἐῶντος
2762 3577 3071 3647 διαδοθῆναι
3131 3581 3265 3649 ἡμῖν
3294 3580 3354 3632 τὸ
3388 3581 3524 3648 φῶς.
3557 3580 3725 3632 Ὅσον
3773 3578 3867 3632 οὖν

2281 3667 2479 3739 εὑρεθῇ
2502 3668 2602 3736 τῆς
2623 3667 2855 3740 σελήνης
2885 3670 3262 3741 ἀποκρύπτειν
3292 3672 3383 3723 τὸν
3408 3670 3581 3741 ἥλιον,
3608 3668 3866 3723 τοσοῦτον

2281 3759 2377 3814 καὶ
2407 3762 2440 3830 ή
2471 3758 2713 3829 ἔκλειψις
2737 3758 2969 3828 γίνεται.
3014 3754 3078 3814 Ἦ
3110 3760 3166 3815 δὲ
3192 3761 3293 3830 τῆς
3336 3760 3566 3830 σελήνης
3622 3759 3865 3828 ἔκλειψις

2282 3830 2347 3905 ὲκ
2375 3851 2468 3905 τοῦ
2494 3852 2945 3921 ἀπονσκιάσματος
2974 3853 3074 3920 τῆς
3124 3852 3230 3923 γῆς
3280 3852 3510 3922 γίνεται,
3544 3855 3671 3906 ὅταν
3696 3854 3867 3921 γένη-⁷

2281 3962 2371 3997 ται
2422 3942 2948 3996 πεντεκαιδεκαταία
3005 3943 3038 4013 ή
3090 3942 3323 4013 σελήνη,
3390 3944 3486 3995 καὶ
3548 3942 3750 4013 εὑρεθῇ
3804 3941 3862 4005 ἐξ

2281 4033 2528 4095 ἐναντίας
2578 4031 2719 4085 κατὰ
2748 4031 2807 4084 τὸ
2830 4032 2998 4101 ἄκρον
3052 4031 3299 4101 κέντρον,
3332 4031 3360 4083 ὁ
3397 4030 3500 4101 μὲν
3552 4029 3706 4100 ἥλιος
3758 4029 3862 4082 ὑπὸ

2280 4125 2406 4195 γῆν,
2439 4125 2473 4193 ἡ
2493 4124 2550 4177 δὲ
2577 4123 2777 4193 σελήνη
2803 4123 2942 4194 ὑπὲρ
2968 4123 3095 4191 γῆν.
3114 4122 3496 4191 Ἀποσκίασμα
3522 4121 3631 4190 γάρ
3662 4122 3859 4190 ποιεΗι

2277 4216 2370 4285 γῆ,
2411 4214 2502 4268 καὶ
2528 4215 2589 4268 οὐ
2607 4214 2799 4284 φθάνει
2826 4215 2886 4267 τὸ
2909 4214 3130 4284 ἡλιακὸν
3169 4214 3286 4283 φῶς
3314 4213 3551 4283 φωτίσαι
3572 4215 3672 4282 τὴν
3712 4212 3863 4282 σελῄέ

2275 4322 2394 4376 νην,
2428 4303 2683 4358 κακείθεν
2718 4304 2979 4358 ἐκλείπει.
3278 4304 3285 4311 ’

2355 4415 2373 4447 ι
2402 4396 2513 4449 Καὶ
2540 4395 2647 4449 ίδοὺ
2665 4394 2776 4464 ἐγὼ
2810 4396 2930 4466 μεθ’
2958 4394 3115 4465 ὑμῶν
3141 4395 3257 4465 είμι
3287 4395 3467 4457 πᾶσας
3489 4393 3590 4457 τὰς
3619 4393 3862 4464 ἡμέρας,

2274 4490 2379 4553 ἕως
2404 4490 2502 4560 τῆς
2527 4489 2836 4553 συντελείας
2867 4487 2958 4541 τοῦ
2983 4486 3201 4551 αἰῶνος.
3218 4488 3412 4559 Ἀμήν.
3444 4499 3464 4538 1

2334 4581 2409 4634 Οὐ
2435 4580 2553 4651 μετ’
2575 4580 2800 4634 ἐκείνων
2822 4580 2983 4650 μόνον
3001 4575 3154 4632 εἶπεν
3175 4577 3414 4642 ἔσεσθαι,
3438 4571 3575 4631 ἀλλὰ
3598 4578 3695 4632 καὶ
3720 4578 3855 4648 μετᾶ

2280 4675 2499 4727 πάντων
2531 4671 2640 4726 τῶν
2674 4672 2791 4742 μετ’
2827 4673 3070 4735 ἐκείνους
3127 4672 3515 4725 πιστευόντων.
3552 4672 3629 4723 Οὐ
3653 4674 3763 4741 γὰρ
3789 4672 3851 4741 δὴ

2273 4765 2378 4827 ἓως
2420 4763 2521 4833 τῆς
2580 4763 2889 4827 συντελείας
2939 4762 3031 4816 τοῦ
3057 4762 3251 4826 αίῶνος
3275 4764 3324 4815 oi
3348 4762 3639 4816 ἀπόστολοι
3674 4763 3852 4833 μένειν

2273 4859 2522 4927 ἐμελλοψ
2547 4858 2661 4913 ἀλλ’
2690 4857 2764 4920 ὡς
2791 4856 2874 4910 ἑνὶ
2900 4856 3113 4926 σώματι
3136 4854 3442 4923 διαλέγεται
3469 4857 3583 4917 τοῖς
3621 4856 3849 4916 πιστοῖς.

2274 4950 2365 5020 Μὴ
2386 4951 2495 5019 γάρ
2558 4965 2669 5019 μοι,
2694 4949 2847 5017 φησι,
2870 4947 2969 5018 τὴν
3000 4944 3286 4998 δυσκολίαν
3316 4943 3507 5015 εἴπητε
3538 4945 3649 4997 τ’ὦν
3715 4962 3854 5015 πρα-

2273 5043 2521 5113 γμάτων.
2576 5039 2720 5109 Ἐγὼ
2761 5041 2869 5110 γάρ
2924 5040 3040 5108 εἰμι
3076 5036 3195 5108 μεθ’
3250 5036 3403 5107 ὑμῶν
3458 5036 3640 5089 πάντα
3686 5036 3851 5088 ποιῶν

2271 5138 2491 5194 εὔκολα.
2524 5136 2695 5191 Τοῦτο
2724 5135 2819 5189 καὶ
2860 5137 2968 5195 τοῖς
2995 5135 3305 5203 προφήταις
3341 5132 3524 5198 ἔλεγεν
3556 5134 3613 5182 ἐν
3640 5134 3704 5201 τῇ
3742 5130 3849 5181 Ila-

2272 5230 2398 5299 λαιᾷ
2447 5225 2711 5296 συνεχῶς,
2748 5224 2846 5277 καὶ
2875 5222 2953 5291 τῷ
2994 5220 3240 5292 Ἱερεμίᾳ
3287 5217 3515 5287 νεότητα
3546 5215 3849 5285 προϐαλλοο

2272 5323 2438 5393 μένῳ,
2463 5319 2557 5373 καὶ
2580 5317 2658 5387 τῷ
2696 5316 2895 5384 Μωσῇ,
2933 5313 3029 5366 καὶ
3051 5307 3407 5380 τῷἹεζεκιὴλ
3440 5307 3847 5375 άναδυομένοις,

2279 5414 2419 5483 Ἐγώ
2444 5415 2561 5481 ειμι
2590 5408 2722 5479 μεθ’
2759 5406 2950 5476 ὑμῶν.
2983 5403 3140 5457 Οὕτω
3198 5400 3290 5455 καὶ
3318 5396 3578 5460 ἐνταῦθα,
3615 5396 3845 5457 τούτοις.

584 5472 770 5528 sidera
799 5492 929 5532 vero
958 5482 1090 5535 mihi
1122 5484 1291 5540 etiam
1324 5487 1415 5542 hic
1442 5489 1634 5547 borum
1660 5494 2046 5557 diﬁ‘erentiam.
2072 5504 2154 5561 Illi

2281 5472 2464 5559 Σκόπει
2494 5472 2605 5555 ’δέ’
2647 5517 2736 5571 μοι
2783 5472 3061 5552 κάνταῦθα
3119 5492 3217 5561 τὴν
3283 5489 3490 5542 τούτων
3564 5486 3848 5557 διαφοράν,

583 5566 853 5638 siquidem
884 5565 952 5623 ad
989 5589 1152 5630 unam
1200 5586 1418 5646 gentem
1452 5583 1605 5641 missi
1647 5602 2025 5660 saepenumero
2063 5612 2148 5651 re-

652 5680 675 5712 ⁸
706 5678 866 5770 Jo.an.
893 5698 986 5745 xu.
1019 5685 1105 5739 32.

2275 5601 2501 5653 Ἐκεῖνοι
2559 5595 2655 5655 μὲν
2717 5591 2827 5663 γὰρ
2852 5591 2929 5653 εἰς
2954 5587 3011 5643 ἓν
3043 5586 3197 5647 ἔθνος
3222 5580 3687 5650 ἀποστελλόμενοι
3717 5576 3850 5631 πολε

2144 5796 2147 5801 ”
2166 5789 2400 5855 NOTAE.

654 5869 729 5939 (ε)
760 5867 840 5925 cr.
874 5869 1057 5939 XCIV,
1094 5872 1198 5927 col.
1236 5872 1394 5939 uss,
1440 5875 1600 5931 toan.
