4130 6398
165 512 169 516 ν
260 421 400 487 tua

1125 414 1461 480 JOANNES
1499 409 1990 474 PATRIARCHA
2022 411 2130 471 (ΣΡ.
2165 435 2234 446 ·-
2274 411 2605 474 ΝΟΤΙΤΙΑ.

3390 413 3527 483 1414

260 536 422 600 λάκις
474 532 820 607 παρῃτοῦντο
851 548 868 566 ·
899 526 1047 595 οὗτοι
1073 530 1133 584 δὲ
1189 529 1340 583 οὐδὲν
1383 528 1626 584 τοιοῦτον
1654 524 1848 595 ἐφθέγ-

1953 533 2261 587 cusarunt,
2307 525 2363 578 hi
2392 539 2523 580 vero
2553 524 2688 580 nihil
2735 526 2843 584 tale
2905 527 3263 599 protulerunt
3301 541 3427 582 cum
3459 524 3530 581 ad

263 623 426 688 ξαντα
455 626 535 690 εἰς
583 626 682 694 τὴν
740 621 1070 694 οἰκουμένην
1120 618 1486 690 πεμπόμενοι.
1521 617 1596 670 Τὸ
1623 617 1680 671 δὲ
1713 614 1845 681 ἕως,

261 713 536 784 πολλαχοϋ
553 713 652 784 τῆς
668 713 917 785 Γραφῆς,
937 711 1038 782 τὴν
1063 710 1164 780 μὲν
1188 709 1282 764 τοῦ
1304 706 1614 781 ὡρισμένου
1647 706 1844 778 χρόνου

262 805 605 878 προθεσμίαν
661 805 922 877 σημαίνει
952 821 969 838 ο
1013 803 1114 857 οὐκ
1175 801 1490 872 ἀποφάσκει
1517 800 1576 854 δὲ
1612 799 1674 853 τὸ
1709 797 1848 870 μετά

261 895 700 968 ταῦτα.Εῐρηται
734 895 828 949 νῦν
856 897 985 967 περὶ
1011 895 1115 967 τῆς
1149 893 1544 965 Ἀειπαρθένου
1577 891 1844 946 Θεοτόκου

260 990 343 1042 ὅτι
366 990 467 1043 οὐκ
493 989 794 1058 ἐγίνωσκεν
824 987 996 1061 αὐτὴν
1032 989 1060 1042 6
1102 987 1327 1060 Ἰωσὴφ,
1354 986 1461 1050 ἓως
1486 979 1549 1042 οὗ
1575 984 1731 1039 ἔτεκε
1755 984 1846 1039 τὸν

260 1079 379 1132 υἱὸν
425 1079 600 1146 αὐτῆς
652 1075 744 1132 τὸν
784 1079 1134 1150 πρωτότοκον
1159 1093 1173 1107 ’
1207 1077 1304 1131 καὶ
1334 1075 1395 1130 οῦ
1423 1075 1478 1129 τί
1501 1092 1606 1129 που
1634 1075 1846 1145 οἰητέον

261 1173 347 1226 ὅτι
413 1171 554 1243 μετὰ
604 1169 778 1224 ταῦτα
856 1169 1052 1241 ἀνδρὸς
1119 1169 1420 1237 συνάφειαν
1491 1166 1842 1232 κατεδέξατο.

274 1263 679 1334 Ἐπηγγείλατο
718 1261 814 1316 οὖν
853 1261 1132 1316 κάνταῦθα
1168 1263 1198 1314 6
1227 1260 1432 1331 Κύριος
1461 1260 1566 1324 ἕως
1595 1259 1694 1329 τῆς
1724 1275 1848 1312 συν-

261 1358 477 1420 τελείας
506 1351 650 1410 εἷναι
684 1355 802 1426 μεθ’
822 1353 1004 1425 ἡμῶν,
1028 1353 1130 1423 οὐχ
1152 1352 1227 1415 ὼς
1253 1351 1393 1422 μετὰ
1411 1351 1509 1420 τὴν
1536 1348 1630 1403 τοῦ
1651 1349 1848 1411 αἰῶνος

264 1448 582 1503 συντέλειαν
612 1445 1112 1519 χωρισθησόμενος.
1142 1444 1282 1515 Φησὶ
1312 1441 1444 1511 γοῦν
1471 1441 1661 1509 ὁοθεῖος
1687 1440 1846 1494 Ἀπό-

265 1543 470 1608 στοὶος,
524 1543 605 1595 ὃτι
665 1540 807 1612 μετὰ
867 1540 968 1609 τὴν
1009 1536 1199 1609 κοινὴν
1251 1535 1555 1590 ἀνάστασιν
1627 1534 1846 1602 Ἀρπα-

261 1633 656 1705 γησόμεθαέν
673 1631 960 1703 νεφέλαις
988 1633 1076 1698 εἰς
1107 1630 1459 1700 ἀπάντησιν
1487 1628 1595 1684 τοῦ
1623 1627 1846 1696 Κυρίου

261 1733 351 1796 εις
383 1730 552 1798 ἀέρα,
583 1729 681 1782 καί
708 1728 898 1792 οὕτως
919 1724 1181 1779 πάντοτε
1207 1723 1332 1779 σὺν
1353 1724 1548 1791 Κυρίῳ
1567 1723 1846 1792 ἐσόμεθα.

275 1816 800 1890 ’Δναμιμνήσκειδὲ
822 1817 1020 1880 αὐτοὺς
1081 1816 1176 1869 καὶ
1230 1817 1333 1885 τῆς
1369 1813 1704 1878 συντελείας,
1760 1813 1844 1866 ἵνα

265 1912 469 1982 μᾶλλον
524 1913 722 1976 αὐτοὺς
779 1910 1180 1980 ἀφελκύσηται,
1235 1909 1335 1963 καὶ
1385 1908 1458 1979 μὴ
1490 1907 1558 1961 τὰ
1601 1905 1864 1978 παρόντα,

263 2005 398 2075 ὁρᾷν
426 2004 568 2075 ἀηδῆ
624 2003 810 2074 μόνον,
857 2003 995 2056 ἀλλὰ
1025 2003 1120 2056 καὶ
1149 2001 1218 2055 τὰ
1261 2000 1524 2072 μέλλοντα
1561 1999 1744 2067 ἀγαθὰ
1778 1998 1848 2052 τὰ
1896 2045 1900 2049 .

262 2095 592 2165 ἀπέραντα⁸
631 2094 698 2147 τὰ
723 2094 818 2163 μὲν
881 2091 994 2164 γὰρ
1044 2092 1270 2166 λυπηρά
1312 2107 1478 2162 φησιν
1527 2089 1674 2162 ἅπερ
1715 2091 1849 2142 ὐπο-

266 2187 534 2259 στήσεσθε
557 2187 616 2240 ὲν
645 2185 724 2257 τῷ
753 2185 983 2256 παρόντι
1019 2184 1140 2256 βίῳ,
1181 2182 1674 2252 συγκαταλύονται’
1711 2181 1847 2234 ὅπου

264 2297 328 2349 γε
352 2281 450 2334 καὶ
484 2280 647 2343 αὐτὸς
679 2282 707 2334 6
733 2278 870 2334 αἰὼν
926 2273 1083 2342 οὗτος
1113 2280 1192 2341 εἰς
1220 2275 1532 2330 συντέλειαν
1582 2273 1704 2344 ἥξει
1726 2290 1741 2305 ο
1781 2272 1850 2326 τὰ

265 2371 320 2424 δὲ
361 2371 578 2442 χρηστὰ
605 2364 682 2426 ὧν
712 2368 1093 2426 ἁπολαύσεσθε
1149 2362 1398 2424 ἀθάνατα
1453 2368 1626 2439 μένει.
1664 2356 1850 2430 Οὕτως

265 2462 497 2532 ἀλείψας
555 2464 650 2517 καὶ
711 2461 935 2533 ἐγείρας
980 2459 1163 2515 αὐτῶν
1196 2459 1267 2513 τὰ
1287 2463 1636 2530 φρονήματα,
1671 2458 1767 2512 καὶ
1782 2461 1850 2528 τῇ

271 2554 462 2625 μνήμῃ
525 2554 630 2620 τῆς
691 2553 908 2624 ἡμέρας
959 2551 1177 2620 ἐκείνης
1230 2550 1560 2620 ἐξέπεμψεν.
1623 2547 1691 2603 Ἦ
1743 2549 1855 2621 γὰρ

269 2646 452 2717 ἡμέρα
499 2645 685 2714 ἐκείνη
723 2645 838 2708 τοῖς
874 2646 933 2699 ὲν
966 2642 1363 2715 κατορθώμασι
1415 2641 1550 2706 ζῶσι
1607 2640 1850 2712 ποθεινὴ,

269 2736 458 2807 ὥσπερ
509 2731 604 2790 οὖν
630 2737 744 2799 τοῖς
778 2736 838 2788 ὲν
873 2734 1243 2805 ἁμαρτήμασι
1305 2731 1536 2805 φοϐερὰ,
1596 2730 1853 2802 καθάπερ

267 2832 382 2894 τοῖς
430 2827 747 2892 καταδίκοις
788 2844 802 2860 ⁸
845 2827 984 2881 ἀλλὰ
1031 2826 1106 2897 μὴ
1169 2824 1499 2896 φοϐηθῶμεν
1551 2825 1714 2896 μόνον
1761 2824 1858 2877 καὶ

271 2936 610 2994 φριττωμεν,
656 2920 796 2976 ἀλλὰ
829 2920 926 2974 καὶ
985 2916 1455 2989 μεταϐαλλώμεθα
1503 2917 1609 2982 ἕως
1663 2917 1856 2988 καιρός

272 3019 412 3080 ὲστι,
473 3014 576 3086 τὴν
630 3012 805 3084 καλὴν
859 3012 1146 3066 ἀλλοίωσιν
1206 3009 1601 3082 ἀλλοιούμενοι,
1635 3009 1722 3063 ἵνα
1759 3010 1857 3080 τῆς

273 3104 496 3159 αἰωνίου
555 3102 704 3174 ζωῆς
762 3101 1167 3173 ἀπολαύσωμεν
1196 3101 1255 3156 ἐν
1291 3100 1513 3172 Χριστῷ
1561 3099 1734 3171 Ἰησοῦ
1774 3099 1852 3170 τῷ

275 3198 468 3270 Κυρίῳ
527 3196 708 3268 ἡμῶν,
732 3190 776 3266 ᾧ
808 3197 844 3268 ὴ
878 3193 1009 3260 δόξα
1043 3197 1138 3250 καὶ
1160 3195 1220 3248 τὸ
1243 3194 1452 3266 κράτος
1511 3195 1608 3249 σὺν
1653 3192 1734 3266 τῷ
1765 3195 1860 3247 ἀνι

1953 614 2276 669 universum
2311 623 2592 671 terrarum
2627 617 2815 673 orbem
2849 621 3226 676 mitterentur.
3264 617 3399 672 Illud
3435 631 3534 671 au-

1951 714 2085 771 tem,
2118 721 2314 776 usque,
2345 706 2674 778 plerumque
2715 709 2770 763 in
2808 725 2969 766 sacra
2998 712 3285 782 Scriptura
3317 705 3530 764 detiniti

1951 801 2223 870 temporis
2259 799 2719 855 constitutionem
2761 803 2972 860 indicat
3000 845 3017 871 ,
3063 821 3177 859 non
3206 802 3398 857 deﬁnit
3431 815 3533 854 auo

1896 969 1901 973 _
1953 901 2060 945 tem
2093 890 2241 960 quod
2283 901 2472 962 postea
2502 893 2627 946 erit.
2665 891 2885 948 Dictum
2923 895 3038 965 jam
3071 904 3158 951 est
3191 896 3259 950 de
3312 894 3565 988 semper;

1954 981 2179 1054 Virgine
2207 982 2443 1054 Deipara
2465 1025 2480 1048 ,
2516 984 2664 1055 qttod
2696 1000 2810 1041 non
2845 989 3217 1058 cognoscebat
3252 987 3402 1043 illam
3435 981 3558 1066 εἰσ-ς

1953 1075 2088 1146 scph
2153 1075 2329 1130 donec
2377 1076 2599 1146 peperit
2649 1078 2824 1134 lilium
2865 1094 3028 1135 suum
3067 1079 3555 1150 primogenitum;~

1951 1188 2131 1243 neque
2157 1173 2340 1228 simile
2370 1171 2580 1244 aliquid
2611 1174 2918 1244 putandum
2952 1182 3060 1238 est,
3087 1173 3234 1245 quod
3261 1181 3386 1244 post
3414 1155 3558 1227 ιω

1950 1264 2058 1318 viri
2091 1265 2345 1336 copulam
2383 1267 2716 1336 susceperit,
2753 1266 3114 1322 annuntiavit
3164 1265 3337 1337 igitur
3365 1263 3532 1318 etiam

1950 1356 2042 1412 hic
2063 1356 2332 1414 Dominus
2387 1374 2402 1412 :
2428 1374 2606 1428 usque
2636 1359 2701 1413 ad
2734 1358 3268 1415 consummationem
3296 1371 3356 1411 se
3382 1355 3536 1409 futu-

1951 1463 2074 1504 rum
2107 1449 2423 1515 nobiscum,
2454 1465 2564 1505 non
2601 1458 2862 1520 tanquam
2893 1457 3020 1520 post
3049 1448 3234 1504 saeculi
3267 1461 3534 1502 consum-

1951 1541 2252 1596 mationem
2285 1540 2687 1613 segregandus.
2709 1540 2800 1596 Ait
2827 1540 3002 1612 igitur
3032 1542 3259 1596 divinus
3290 1541 3534 1610 Aposto-

1951 1637 2080 1691 lus:
2117 1633 2249 1689 Post
2270 1650 2625 1690 communem
2664 1634 3149 1690 resurrectionem
3179 1633 3448 1702 rapientur
3476 1631 3534 1685 in

1951 1727 2177 1782 nubibus
2210 1726 2417 1782 obviam
2451 1726 2679 1782 Domino
2707 1727 2761 1780 in
2791 1741 2942 1790 aera,
2970 1735 3018 1780 et
3054 1725 3132 1779 sic
3183 1739 3388 1792 semper
3417 1739 3536 1777 cum

1955 1819 2178 1873 Domino
2229 1820 2426 1874 erimus
2473 1818 2514 1872 ³.
2553 1818 2612 1873 In
2652 1820 2975 1873 memoriam
3056 1827 3239 1871 autem
3316 1823 3540 1869 revocat

1953 1910 2514 1973 consummationem,
2548 1916 2608 1963 ut
2636 1907 2814 1979 magis
2853 1923 2952 1964 eos
2997 1907 3307 1978 pertrabat,
3356 1921 3536 1977 neque

1952 2001 2244 2073 praesentia
2278 2010 2494 2056 tantum
2529 2000 2756 2055 videant
2788 2015 2915 2069 quae
2947 1999 3218 2054 terribilia
3255 2007 3408 2062 sunt,
3438 2013 3536 2053 ve~

1954 2110 2078 2149 rum
2109 2095 2277 2150 etiam
2313 2091 2506 2147 futura
2540 2091 2682 2146 bona
2716 2091 2930 2146 inﬁnita
2962 2109 2974 2144 :
3001 2091 3187 2146 tristia
3234 2091 3406 2152 enim,
3444 2090 3536 2144 in-

1954 2187 2094 2257 quit,
2125 2201 2246 2256 qua:
2277 2187 2331 2241 in
2354 2187 2616 2256 praesenti
2651 2170 2856 2241 saeculo
2889 2184 3202 2249 sustinetis,
3223 2183 3538 2239 dissolven-

1957 2287 2070 2344 tur;
2115 2278 2189 2332 ibi
2230 2261 2398 2334 etiam
2436 2279 2734 2350 ipsutnmet
2781 2276 3048 2331 saeculum
3083 2276 3149 2329 ad
3181 2288 3536 2329 consumma-

1958 2371 2163 2426 tionem
2196 2370 2400 2436 veniet,
2436 2371 2581 2426 bona
2611 2384 2742 2425 vero
2765 2370 2972 2439 quibus
3007 2366 3274 2422 l‘ruemiui
3306 2367 3535 2420 immor-

1957 2463 2090 2518 talia
2144 2473 2388 2517 manent.
2464 2461 2545 2516 lta
2602 2461 2844 2532 erigens.
2907 2459 3272 2528 excitansque
3344 2472 3536 2512 eorum

1956 2562 2194 2619 mentes,
2245 2554 2300 2608 in
2355 2553 2679 2608 memoriam
2731 2551 2842 2606 diei
2895 2551 3044 2605 illius
3107 2549 3355 2604 admisit.
3413 2548 3538 2602 Dies

1957 2646 2105 2704 enim
2139 2646 2234 2701 illa
2286 2645 2355 2702 iis
2385 2645 2480 2716 qui
2511 2659 2680 2716 opera
2734 2644 2877 2699 bona
2910 2642 3276 2714 praestiterint
3305 2643 3358 2695 in
3395 2640 3542 2696 desi-

1958 2737 2113 2794 derio
2137 2745 2241 2801 est,
2284 2735 2754 2806 quemadmodum
2813 2733 2868 2788 in
2922 2733 3163 2805 peccatis
3222 2731 3540 2785 viventibus

1971 2831 2261 2895 terribilis,
2294 2837 2486 2899 utpote
2518 2827 2904 2882 condemnatis
2931 2846 2945 2880 :
2969 2825 3068 2880 sed
3100 2839 3210 2880 non
3245 2825 3540 2879 timeamus

1963 2931 2177 2977 tantum
2219 2929 2274 2976 et
2313 2921 2802 2982 exliorrescamus,
2860 2934 3046 2973 rerum
3097 2917 3265 2987 etiam
3305 2919 3574 2971 ωηεν-⁸

1964 3025 2147 3071 tamur
2177 3014 2310 3069 dum
2335 3019 2555 3082 tempus
2583 3020 2689 3077 est,
2724 3011 2870 3065 bona
2901 3008 3204 3062 mutatione
3231 3006 3456 3072 mutati.
3481 3014 3542 3059 ut

1963 3108 2303 3178 sempiterna
2337 3105 2453 3159 vita
2483 3101 2736 3158 fruamur
2778 3100 2832 3154 in
2877 3098 3104 3154 Christo
3127 3097 3259 3154 Jesu
3307 3097 3540 3152 Domino

1965 3210 2195 3268 nostro;
2235 3197 2328 3252 cui
2383 3195 2562 3267 gloria
2607 3201 2660 3249 et
2699 3192 2990 3262 imperium
3045 3205 3172 3243 cum
3208 3187 3371 3242 Patre
3423 3186 3544 3242 sine

275 3291 430 3361 άρχῳ
495 3287 690 3358 Πατρὶ,
755 3293 850 3342 καὶ
878 3285 960 3357 τῷ
984 3285 1234 3358 ξωοποιῷ
1287 3286 1594 3357 Πνεύματι,
1643 3285 1741 3340 νῦν
1761 3287 1856 3340 καὶ

1967 3289 2259 3362 principio,
2281 3296 2337 3344 et
2360 3285 2579 3341 viviﬁco
2605 3284 2842 3354 Spiritu,
2860 3292 2916 3336 et
2940 3296 3110 3347 nunc,
3139 3289 3194 3336 et
3219 3294 3463 3350 semper,
3484 3286 3540 3332 et

277 3381 384 3441 ἀεὶ,
413 3381 508 3435 καὶ
531 3382 610 3444 εἰς
634 3381 762 3444 τοὺς
791 3378 998 3444 αἰῶνας
1021 3379 1132 3434 τῶν
1150 3377 1385 3435 αἰώνων.
1432 3380 1625 3452 Ἀμήν.

394 3536 634 3593 l'l‘hess.
669 3553 745 3606 tv,
779 3536 868 3592 l6.

1963 3381 2018 3435 in
2051 3378 2258 3437 saecula
2289 3377 2640 3433 saeculorum.
2676 3374 2866 3428 Amen.

281 3732 3545 3788 W

280 3769 410 3788 ψῗῖίῖ

1546 3913 1722 3962 ANNO
1771 3913 2002 3961 DOMINI
2050 3914 2277 3960 DCCIV.

1423 4071 2395 4278 JOANNES

676 4403 2242 4504 CONSTANTINOPOLITANUS

2363 4401 3159 4497 PATRIARCHA.

1477 4766 2324 4888 NOTITIA.

1293 4981 1458 5046 (Mica.
1497 4981 1704 5039 [momen
1729 4982 1900 5033 Oriens
1934 4977 2194 5031 Christian.
2216 4984 2252 5029 t.
2279 4977 2320 5039 Ι,
2348 4992 2396 5042 p.
2421 4979 2483 5027 25
2494 4976 2558 5044 ι.)

375 5297 537 5375 Cyro
584 5291 888 5375 suffectus
930 5294 1208 5375 Joannes
1255 5292 1372 5356 fuit
1418 5310 1496 5355 ex
1551 5293 1820 5375 diacono
1876 5297 1939 5375 et
1993 5289 2372 5375 chartulario
2404 5304 2436 5375 ;‘
2480 5286 2558 5348 de
2612 5300 2744 5364 quo
2798 5276 3230 5375 TheOphanes.
3289 5277 3368 5340 ad
3423 5295 3548 5375 an-

292 5357 449 5436 num
491 5391 513 5436 ι
550 5373 879 5454 Philippici
919 5373 1242 5454 Bai-denis
1275 5390 1287 5432 :
1325 5397 1353 5430 ι(
1389 5375 1585 5454 Porro
1623 5369 2308 5454 Philippicus,__inquit,
2363 5357 2660 5454 adversus
2694 5357 2993 5454 sanetam
3031 5367 3092 5421 et
3125 5357 3544 5454 universaletn

295 5453 616 5535 synodum
647 5437 884 5516 seiiam
911 5453 1130 5535 invehi
1174 5470 1304 5535 non
1335 5451 1608 5535 erubuit,
1641 5437 1986 5535 sacrique.-
2006 5437 2124 5535 _illa
2143 5437 2430 5509 sanxerat
2461 5445 2751 5535 dogmata
2794 5439 3054 5535 studens
3097 5445 3398 5500 evertere.
3432 5437 3548 5535 Qui

294 5519 364 5592 in
385 5530 548 5594 hanc
577 5530 755 5592 Suam
785 5534 1162 5594 sententiam
1182 5531 1369 5601 irent.
1412 5519 1722 5592 Joannem
1771 5519 1886 5590 CP:
1919 5528 2312 5608 epiSCOpum,
2344 5519 2577 5608 quem;
2600 5520 2924 5608 Cyro_eius
2955 5519 3288 5608 decessore
3308 5524 3544 5608 amoto.

299 5619 363 5672 et
384 5610 450 5670 in
475 5610 856 5672 monasterio
885 5610 1102 5672 Chorae
1138 5617 1335 5683 truso,
1358 5595 1709 5683 creaverat,
1743 5595 2120 5672 Germanum
2140 5595 2723 5686 'CyziciiAndream
2748 5595 2942 5660 Cretae
2975 5606 3036 5659 et
3066 5597 3221 5686 alios
3259 5595 3545 5686 offendit,

297 5689 408 5768 qui
432 5689 763 5751 anathema
790 5689 856 5751 in
888 5697 1166 5752 sanctam
1196 5675 1508 5768 synodum
1548 5675 1786 5750 sextam
1814 5675 2224 5749 intorserunt'.
2282 5707 2310 5740 »
2355 5675 2475 5768 T0_t_
2502 5681 2590 5741 illi
2617 5682 2832 5758 itaque
2871 5678 3082 5768 magni
3114 5675 3390 5768 nominis
3433 5675 3548 5762 viri

297 5754 512 5847 impiis
532 5768 783 5847 tyranni
817 5768 1002 5847 hujus
1035 5754 1461 5832 molirﬁinibus
1488 5785 1731 5830 morem
1772 5773 1924 5829 tunc
1971 5769 2314 5844 gesserunt,
2349 5761 2578 5842 quibus
2645 5754 2774 5847 non
2807 5764 2898 5820 sat
2929 5754 3150 5847 virium
3173 5754 3248 5817 ad
3282 5754 3359 5845 .ei
3391 5754 3548 5814 resi-

303 5835 600 5912 stendum
637 5865 774 5912 esse
795 5835 1130 5913 vid'eretur.
1161 5849 1391 5914 Verum
1431 5847 1787 5928 Philippica
1831 5835 2086 5914 detruso
2124 5850 2186 5909 et
2233 5835 2569 5918 excaecato,
2617 5839 2906 5922 ejusque
2931 5837 2998 5900 in
3031 5835 3240 5900 locum
3278 5835 3551 5911 inaugu-
