4130 6432
634 440 769 506 1419

1603 400 1618 412 ’
1720 443 2578 505 JOANNIS-PATRIARCHZE
2614 443 2724 507 cp.

3750 445 3896 512 1420

627 560 851 615 leutiam
876 600 890 625 ,
924 575 1031 615 non
1075 561 1221 631 quod
1249 558 1461 629 justum
1492 570 1579 616 est
1608 574 1671 615 ac
1704 560 2029 633 legi-timum,
2055 577 2199 632 prte-

2312 560 2402 632 οὐχ
2436 560 2596 631 ἡμῶν
2628 561 2744 614 ἐστι
2767 559 2879 615 τῶν
2910 560 3072 613 θείων
3100 561 3389 633 κριμάτων
3415 562 3507 618 τδν
3535 561 3701 635 βυθὸν
3733 563 3898 634 ἐρευ-

633 662 899 721 struens;
943 662 1067 709 ante
1095 654 1278 725 ipsum
1316 669 1479 709 suum
1515 654 1865 725 ingressum,
1906 670 2007 727 pro
2038 655 2203 726 regia:

625 746 911 803 vestibulis
956 746 1297 818 propositam
1339 761 1513 802 sacrae
1554 754 1724 802 sextae
1761 748 1957 819 synodi
2009 747 2204 818 imagi-

624 852 778 905 nem,
813 840 1065 894 sustulit.
1105 839 1243 895 Cum
1276 855 1444 910 porro
1466 839 1756 910 profanmu
1789 841 1867 912 (5)
1898 855 1997 896 nec
2022 840 2202 895 eccle-

627 930 835 985 siastici
894 932 1070 986 nostri
1128 932 1344 986 ordinis
1405 932 1720 999 hominem,
1769 933 1960 986 eadem
2013 946 2201 987 secum

629 1036 884 1091 perverse
924 1022 1254 1092 sapientem,
1292 1026 1349 1077 in
1396 1022 1699 1091 pontiﬁcali
1753 1022 1955 1076 throno
1994 1021 2205 1077 consti-

627 1123 782 1168 tuere
819 1114 1004 1181 vellet,
1029 1114 1361 1169 venerabilis
1387 1113 1521 1168 cleri
1554 1114 1727 1169 nostri
1757 1114 1963 1183 impetu
2003 1127 2067 1167 ac
2103 1128 2193 1169 re-

630 1205 867 1259 nitentia
929 1204 1257 1275 prohibente
1277 1246 1295 1272 ,
1325 1205 1459 1260 nihil
1508 1221 1611 1261 nos
1642 1206 1754 1260 tale
1784 1214 2191 1275 exspectantes,

627 1297 766 1351 nihil
791 1296 1059 1361 volentes,
1088 1311 1191 1352 nec
1221 1297 1342 1352 sine
1364 1297 1555 1351 dolore
1573 1306 1629 1352 et
1654 1297 1905 1353 molestia
1938 1296 2204 1368 luctuque

628 1387 801 1455 omni,
834 1403 950 1442 rem
986 1387 1256 1458 ejusmodi
1288 1388 1578 1458 patientes,
1610 1387 1678 1441 ad
1710 1387 2063 1457 pontiﬁcatus
2085 1388 2208 1460 dig-

628 1481 855 1533 nitatem
913 1479 1237 1550 apicemque
1271 1478 1536 1548 provexit.
1579 1476 1716 1544 Quis
1769 1480 1918 1534 enim
1972 1495 2205 1550 prorsus

629 1569 954 1639 inexpertus
1008 1568 1088 1624 rei
1124 1568 1360 1624 nautica}
1396 1584 1589 1623 navem
1625 1570 1998 1635 conscendat,
2036 1569 2207 1625 susti-

630 1671 899 1732 neatque,
936 1662 1021 1717 vel
1073 1660 1271 1717 fretum
1308 1661 1604 1731 trajicere;
1648 1671 1706 1717 ut
1758 1680 1825 1719 ne
1858 1663 2063 1719 dicam.
2107 1679 2206 1734 per

630 1755 773 1825 l0ngi
804 1755 971 1809 maris
1000 1762 1213 1809 tractus
1244 1754 1644 1825 profectionem
1675 1757 1948 1811 adornare
1976 1774 1991 1822 ;
2048 1756 2206 1811 solus

2303 654 2453 724 νᾷν),
2492 652 2750 724 θεμέλιον
2805 653 2900 706 καὶ
2960 653 3277 724 ύπόϐαθρον
3338 655 3435 708 τοῦ
3495 656 3776 728 κράτους,
3832 653 3897 706 τὸ

2306 744 2483 815 βίαιον
2530 748 2628 800 καὶ
2660 746 2762 799 οὐκ
2791 745 3018 815 ἔννομον
3044 746 3497 817 προϐαλλόμενος
3524 746 3751 801 καθεῖλε
3790 744 3896 816 μὲι

2304 836 2400 891 καὶ
2433 837 2543 908 πρὸ
2564 837 2666 908 τῆς
2689 837 2886 891 ἑαυτοῦ
2911 837 3122 892 εἰσόδου
3161 838 3263 909 τὴν
3292 839 3659 893 ἀνατεθεῖσαν
3691 840 3751 892 ἐν
3774 839 3896 902 τοῖς

2303 930 2623 1001 προαυλίοις
2645 930 2755 984 τῶν
2803 929 3102 1001 βασιλικῶν
3141 931 3325 984 εἰκόνα
3369 932 3474 1001 τῆς
3522 933 3687 1000 ἀγίας
3719 932 3896 1001 ἕκτης

2308 1021 2555 1075 συνόδου·
2581 1023 2989 1093 ἐγκαταστῆσαι
3028 1022 3085 1076 δὲ
3113 1022 3400 1094 βουληθεὶς
3439 1024 3526 1087 εἰς
3560 1023 3624 1077 τὸ
3650 1024 3753 1092 τῆς
3786 1024 3895 1093 ἀρ-

2305 1111 2645 1185 χιερωσύνης
2692 1112 2907 1184 θρόνον,
2958 1113 3130 1185 ἄνδρα
3178 1114 3282 1168 οὐκ
3329 1115 3397 1167 ἑκ
3443 1114 3542 1167 τοῦ
3593 1115 3897 1185 ἐκκλησιασ-

2307 1204 2493 1259 στικοῦ
2528 1203 2686 1275 ἡμῶν
2725 1204 2985 1273 συλλόγου
3033 1206 3412 1277 τυγχάνοντα,
3438 1206 3546 1277 τῆς
3576 1206 3634 1260 δὲ
3676 1206 3895 1268 οἰκείας

2307 1295 2695 1365 ὲνδιαστρόφου
2724 1295 2952 1367 γνώμης
3003 1297 3285 1369 ὁμόφρονα
3303 1340 3320 1364 ,
3360 1298 3512 1369 ὅμως
3542 1300 3612 1369 τῇ
3642 1298 3739 1351 τοῦ
3765 1296 3894 1349 καθ’

2306 1388 2457 1459 ἡμᾶς
2482 1388 2714 1457 εὒαγοῦς
2760 1390 2968 1460 κλήρου
3018 1390 3166 1462 ὁρμῇ
3210 1389 3306 1443 καὶ
3336 1390 3584 1444 ἑνστάσει
3619 1388 3893 1460 βιασθεὶς,

2308 1479 2627 1549 προήγαγεν
2657 1482 2807 1551 ἡμᾶς
2839 1481 2900 1533 οὑ
2938 1480 3384 1551 προσδοκῶντας,
3416 1481 3477 1534 οὐ
3504 1481 3893 1551 βουλομένους,

2306 1570 2409 1623 οὐκ
2442 1569 2669 1635 ἀπαθῶς
2696 1589 2754 1625 τε
2779 1573 2873 1625 καὶ
2900 1571 3125 1646 ἀϐαρῶς
3150 1574 3247 1625 καὶ
3269 1572 3393 1643 δίχα
3423 1574 3627 1636 παντὸς
3649 1572 3893 1643 ὀδυρμοῦ

2305 1662 2367 1713 τὸ
2403 1661 2645 1715 τοιοῦτον
2689 1662 3113 1735 ὑπομείναντας,
3151 1665 3290 1735 πρὸς
3337 1665 3440 1737 τὴν
3479 1666 3582 1737 τῆς
3614 1667 3893 1737 ἀρχιερωο

2310 1751 2478 1825 σύνης
2507 1754 2664 1819 ἀξίαν
2695 1756 2790 1808 καὶ
2811 1757 3084 1827 κορυφήν.
3117 1756 3216 1820 Τίς
3244 1757 3357 1830 γὰρ
3376 1757 3444 1811 ἂν
3468 1758 3721 1828 ἀπείρως
3750 1756 3894 1827 ἔχων

631 1845 747 1915 ipse
786 1844 1056 1901 creditum
1080 1846 1289 1902 habens
1323 1847 1481 1902 navis
1520 1848 1983 1917 gubernaculum,
2022 1847 2201 1903 idem-

2312 1846 2487 1919 πάντη
2516 1846 2611 1901 τοῦ
2652 1848 2838 1901 πλέειν
2859 1847 2956 1919 τὴν
2992 1848 3293 1913 Θάλασσαν,
3325 1849 3453 1920 νηὸς
3477 1850 3767 1920 ἐπιϐαίνῃ,
3796 1850 3895 1903 καὶ

630 1955 734 2010 que
768 1940 902 2005 ipse.
935 1952 1044 1992 una
1074 1954 1200 1993 cum
1231 1939 1549 1994 vectoribus
1583 1940 1704 1993 aliis
1738 1940 2196 2011 gubernationem

631 2029 941 2099 recipiens?
972 2029 1128 2096 Quod
1162 2040 1215 2085 et
1246 2031 1299 2085 in
1350 2031 1511 2085 nobis
1559 2031 1818 2101 quisquis
1852 2032 2151 2102 dispexerit
2185 2050 2199 2087 :

631 2138 813 2192 neque
868 2123 1014 2178 enim
1074 2122 1377 2191 aliquando
1419 2124 1487 2179 iis
1525 2123 1884 2179 adhibuimus
1923 2124 2201 2189 studium,

628 2230 752 2283 qua:
791 2214 1028 2268 maxime
1074 2213 1270 2269 decent
1318 2214 1642 2285 pontiﬁces,
1700 2231 1765 2271 ac
1812 2217 1894 2272 eis
1949 2230 2198 2285 congrua

629 2314 778 2371 sunt,
814 2320 914 2360 nec
941 2304 1156 2361 illustre
1185 2306 1393 2376 aliquid
1438 2308 1736 2365 habuimus
1762 2312 1818 2365 in
1841 2310 2203 2381 dignitatibus

628 2398 1046 2460 ecclesiasticis,
1092 2399 1482 2470 mysteriorum
1519 2402 1621 2456 soli
1676 2403 1991 2457 ministerio
2021 2403 2205 2459 inces-

630 2503 817 2547 santer
850 2498 1148 2556 vacantes;
1183 2490 1329 2545 haud
1361 2505 1512 2548 certe
1563 2494 1742 2548 nostri
1795 2493 1850 2548 in
1892 2494 1996 2550 hoc
2029 2495 2202 2549 animi

629 2579 1092 2646 involuntarium,
1146 2582 1426 2650 putaverit
1473 2597 1584 2639 non
1628 2583 1836 2639 habere
1867 2583 2065 2652 ﬁdem;
2096 2585 2202 2640 hoc

630 2673 791 2727 nobis
835 2680 1037 2725 nostrae
1085 2672 1441 2728 conscientiae
1490 2673 1902 2744 proferentibus
1952 2676 2202 2731 testimo-

630 2764 807 2825 nium,
842 2759 990 2831 quod
1041 2759 1206 2818 divus
1251 2763 1555 2833 Apostolus
1609 2764 1991 2834 gloriationem
2044 2780 2200 2821 suam

631 2854 876 2910 deﬁnivit
908 2853 955 2919 ⁸,
995 2855 1063 2909 ad
1102 2870 1294 2909 eorum
1325 2870 1449 2924 quae
1506 2870 1608 2910 nos
1647 2856 1749 2926 ipsi
1799 2865 2089 2925 testamur,
2118 2872 2205 2911 re-

632 2949 1072 3016 prtesemandam
1119 2948 1430 3002 veritatem.
1494 2945 1594 3000 Hic
1650 2946 1855 3017 itaque,
1903 2949 1999 3018 qui
2050 2950 2108 3003 in
2138 2964 2204 3004 eo

633 3054 795 3093 suum
822 3039 992 3095 decus
1022 3039 1385 3094 constitutum
1416 3039 1610 3105 vellet;
1652 3047 1712 3093 ut
1738 3038 2000 3096 Ecclesia:
2036 3040 2204 3097 dede-

635 3145 735 3186 cus
756 3145 820 3185 ac
843 3131 1317 3186 iuhonorationem
1341 3128 1584 3197 afferret,
1610 3131 1870 3201 parturiit
1896 3132 2115 3202 quidem
2140 3148 2204 3189 ac

634 3239 830 3293 parere
859 3225 1059 3280 enixus
1082 3233 1167 3280 est
1189 3224 1536 3289 basiliscum,
1559 3225 1805 3280 auctoris
1828 3226 1958 3280 mali
1976 3241 2206 3297 serpen-

635 3316 708 3371 tis
754 3317 1004 3399 prolem;
1036 3324 1098 3371 ut
1144 3317 1405 3371 nimirum
1450 3317 1668 3387 publice
1706 3317 1761 3372 in
1814 3319 2087 3383 ecclesiis,
2142 3335 2207 3375 ac

635 3409 738 3463 sub
790 3407 1141 3464 confessione
1210 3409 1651 3480 episcoporum,
1719 3410 1947 3480 praefata
2016 3420 2208 3467 sancta

635 3509 791 3556 sexta
843 3502 1094 3575 synodus
1134 3501 1477 3557 anathemati
1519 3501 1918 3571 subjiceretur,
1952 3517 2015 3556 ac
2044 3511 2210 3572 quot-

636 3603 770 3658 quot
798 3592 1113 3663 apostolica:
1156 3607 1223 3648 ac
1257 3591 1584 3647 venerandae
1610 3591 1763 3647 sedis
1795 3600 1992 3647 vestra
2022 3591 2211 3647 deces-

638 3699 817 3748 soi-es,
845 3684 1122 3739 sincerum
1143 3683 1391 3738 veritatis
1419 3686 1617 3753 dogma
1647 3677 1971 3738 dbcuissent
2001 3701 2014 3739 :
2042 3695 2213 3751 utque

642 3774 766 3827 ﬁdei
825 3774 1057 3828 formula
1107 3773 1387 3829 communi
1447 3772 1712 3842 suffragio
1764 3773 2214 3842 discrepantibus

640 3865 871 3919 vocibus
900 3865 1177 3928 ederetur,
1242 3863 1558 3933 nullamque
1593 3862 1910 3917 afﬁnitatem
1963 3865 2217 3919 habenti-

641 3956 770 4017 bus,
802 3968 927 4009 cum
953 3954 1208 4019 vocibus,
1235 3953 1439 4025 quibus
1480 3954 1726 4023 mysterii
1749 3953 1953 4009 Christi
2006 3956 2216 4011 intelli-

642 4048 826 4120 gentia
861 4046 1103 4119 perfecta
1132 4046 1498 4117 exprimitur;
1534 4046 1807 4111 divinum,
1840 4047 2090 4118 inquam,
2124 4064 2215 4104 as-

642 4150 919 4211 sumptaea
957 4137 1138 4194 Verbo
1180 4147 1393 4193 naturae
1448 4138 1701 4193 humanae
1757 4150 2160 4195 sacramentum
2200 4158 2213 4195 :

641 4233 715 4286 ita
756 4248 888 4288 sane
923 4239 983 4286 ut
1012 4231 1124 4301 jam
1153 4231 1464 4302 proximum
1503 4229 1820 4298 videretur;
1862 4232 1995 4301 quin
2029 4233 2215 4302 potius

639 4323 696 4378 id
723 4323 835 4394 jam
865 4323 1037 4393 aliqui
1067 4323 1231 4378 etiam
1262 4321 1523 4377 dentibus
1569 4337 1751 4393 operte
1806 4325 2043 4393 pretium
2078 4325 2215 4379 sub-

523 4464 527 4469 .
642 4417 943 4483 mutirent;
969 4424 1239 4472 utsancta
1260 4413 1729 4471 Chalcedonensis
1763 4415 2014 4486 sydonus
2046 4416 2218 4471 abro-

642 4515 890 4578 garetur,
949 4517 1208 4577 tanquam
1248 4504 1473 4575 prtefata
1515 4513 1709 4560 sancta
1750 4514 1927 4560 sexta
1971 4507 2216 4579 synodo,

2312 1939 2560 2012 πορθμὸν
2573 1939 3027 2009 διαπεραιοῦσθαι
3043 1940 3335 2011 ἀνάσχοιτο
3360 1942 3378 2010 (
3396 1940 3535 1995 πολὺ
3554 1940 3667 2012 γάρ
3689 1942 3891 2003 εἰπεῖν,

2307 2033 2408 2104 τὴν
2450 2030 2538 2084 διά
2573 2030 2789 2102 μακροῦ
2814 2031 3088 2101 πελάγους
3133 2032 3451 2086 στέλλεσθαι
3497 2032 3889 2102 ἀποδημίαν),

2308 2122 2470 2187 αὐτὸς
2508 2122 2721 2194 μέλλων
2755 2122 2916 2194 μόνος
2940 2123 3039 2193 τῆς
3059 2123 3285 2188 ὁλκάδος
3320 2122 3740 2195 ἐγχειρισθῆναι
3763 2124 3891 2185 τοὺς

2307 2214 2521 2281 οίακας,
2553 2212 2752 2267 ἑαυτοῦ
2797 2231 2857 2267 τε
2892 2216 2989 2267 καὶ
3026 2215 3135 2268 τῶν
3187 2204 3580 2286 συμπλεόντων
3625 2217 3891 2285 ἀναδεχο-

2312 2307 2493 2377 μένων
2542 2306 2643 2377 τὴν
2688 2305 3054 2378 κυϐέρνησιν;
3108 2309 3287 2377 Ὅπερ
3330 2308 3422 2362 καὶ
3458 2310 3545 2378 ἐφ’
3590 2310 3728 2379 ἡμῖν
3782 2309 3891 2371 πᾶς

2307 2416 2392 2462 τις
2424 2399 2675 2469 καθορῶν
2712 2398 2811 2470 (ού
2857 2397 2969 2469 γάρ
2997 2398 3106 2452 τῶν
3142 2399 3202 2452 ὲν
3258 2399 3546 2469 ίεράρχαις
3598 2399 3892 2468 πρεπωδε-

2310 2491 2520 2545 στάτων
2566 2491 2661 2543 καὶ¹
2702 2490 2978 2562 ἀρμοδίων
3008 2491 3067 2543 ὲν
3113 2490 3311 2562 μελέτῃ
3364 2485 3510 2561 ἦμέν
3540 2506 3709 2552 ποτε,
3738 2490 3776 2559 ἢ
3831 2491 3891 2541 τὸ

2308 2582 2607 2653 περιφανὲς
2628 2583 2688 2635 ὲν
2712 2584 2836 2645 ταῖς
2861 2581 3346 2651 ἐκκλησιαστικαῖς
3369 2582 3657 2653 κετημένοι
3681 2582 3887 2649 ἀξίαις,

2312 2675 2446 2747 μόνῃ
2501 2677 2569 2746 τῇ
2632 2673 2911 2746 ὑπηρεσίᾳ
2970 2673 3081 2728 τῶν
3148 2674 3469 2746 μυστηρίων
3524 2675 3891 2737 ἀδιαλείπτως

2310 2763 2710 2836 σχολάζοντες),
2738 2764 2839 2819 ούκ
2881 2766 3112 2821 ἄπιστον
3145 2766 3412 2836 ἡγήσεται
3440 2766 3500 2819 τὸ
3537 2768 3665 2838 περὶ
3689 2766 3887 2819 τούτου

2307 2859 2407 2930 τῆς
2437 2858 2717 2930 ἡμετέρας
2740 2856 2968 2929 γνώμης
2996 2856 3281 2929 ἀθέλητον,
3319 2857 3454 2912 αὐτὸ
3488 2859 3550 2912 τὸ
3579 2859 3892 2930 μαρτύριον

2308 2949 2411 3019 τῆς
2437 2948 2799 3019 συνειδήσεως
2817 2947 2995 3017 ἡμῶν,
3022 2947 3159 3018 ὅπερ
3180 2946 3444 3018 καύχημα
3466 2946 3658 3001 ἑαυτοῦ
3684 2950 3715 3000 ὁ
3740 2948 3891 3011 θεῖος

2322 3037 2645 3102 Ἀπόστολος
2668 3036 2980 3108 διωρίσατο,
3011 3035 3465 3109 προϐαλλομένων
3487 3036 3643 3108 ἡμῶν
3663 3038 3744 3099 είς
3777 3054 3890 3090 πα-

2313 3135 2578 3206 ράστασιν
2622 3129 2883 3201 ἀληθείας
2907 3130 3020 3184 τῶν
3056 3129 3116 3196 ἐξ
3151 3128 3311 3201 ἡμῶν
3351 3129 3683 3200 λεγομένοιν.
3714 3120 3890 3191 οὗτος

2309 3225 2490 3279 τοίνυν
2515 3225 2545 3277 ὁ
2566 3224 2771 3294 κόσμον
2801 3224 3004 3277 οἰκεῖον
3022 3222 3120 3294 τὴν
3140 3222 3413 3294 ἀκοσμίαν
3431 3222 3533 3293 τῆς
3560 3220 3892 3291 Ἐκκλησίας

2312 3315 2618 3387 τιθέμενος,
2648 3313 2805 3369 ῶδινε
2852 3314 2950 3386 μὲν
2999 3314 3095 3368 καὶ
3132 3312 3439 3379 ἐσπούδαζε
3485 3317 3587 3386 τῆς
3628 3310 3891 3373 ἀσεϐείας

2312 3409 2623 3482 ἀποκυῆσαι
2655 3409 2746 3462 τὸν
2778 3407 3093 3479 βασιλίσκον
3136 3408 3196 3461 τὸ
3228 3406 3323 3462 τοῦ
3370 3408 3681 3480 ἀρχεκάκου
3710 3406 3891 3475 ὄφεως

2312 3505 2593 3574 γέννημα·
2626 3501 2767 3556 ὥστε
2788 3500 3026 3572 δημοσία
3054 3500 3140 3553 ἐπ’
3173 3500 3494 3570 ἐκκλησίαις
3539 3499 3637 3552 καὶ
3683 3500 3742 3552 έν
3764 3499 3892 3560 ταῖς

2313 3596 2627 3669 ὁμολογίαις
2647 3593 2756 3648 τῶν
2784 3592 3123 3656 ἐπισκόπων,
3155 3592 3461 3662 ἀναθέματι
3491 3588 3893 3644 ύποϐἀλλεσθαι

2314 3686 2413 3756 τὴν
2457 3684 2758 3757 εἰρημένην
2793 3684 2954 3752 ἁγίαν
2986 3682 3156 3754 ἕκτην
3190 3681 3435 3745 σύνοδον,
3475 3681 3571 3735 καὶ
3618 3681 3748 3743 τοὺς
3794 3677 3889 3731 τοῦ

2316 3776 2441 3831 καθ’
2467 3776 2611 3846 ὑμᾶς
2652 3772 3017 3828 ἀποστολικοῦ
3053 3774 3149 3827 καὶ
3198 3772 3499 3842 σεϐασμίου
3536 3771 3728 3842 θρόνου
3758 3787 3891 3841 προ-

2316 3867 2582 3937 πατέρας,
2602 3867 2715 3920 ὅσοι
2740 3865 2802 3918 τὸ
2824 3864 3019 3934 εὐαγὲς
3044 3865 3144 3936 τῆς
3170 3864 3437 3934 ἀληθείας
3459 3863 3891 3933 διεπρέσϐευσαν

2316 3960 2523 4030 δόγμα·
2552 3960 2706 4030 κοινῇ
2746 3957 2804 4012 δὲ
2838 3956 3320 4027 συνομολογήσθαι
3349 3954 3563 4021 λέξεσιν
3612 3958 3892 4026 ἀπεμφαιο

2316 4053 2575 4119 νούσαις,
2610 4052 2706 4106 καὶ
2757 4050 3032 4122 μηδεμίαν
3083 4048 3338 4120 ἐχούσαις
3386 4048 3716 4118 συγγένειαν
3759 4044 3894 4116 πρὸς

2317 4147 2419 4209 τάς
2443 4143 2815 4216 γνωριστικάς
2852 4142 2953 4214 τῆς
2994 4139 3334 4212 τελειότητος
3361 4139 3457 4193 τοῦ
3486 4139 3632 4193 κατά
3660 4136 3893 4209 Χριστὸν

2321 4234 2646 4308 μυστηρίου,
2678 4231 2889 4297 ἑννοίας
2912 4250 2927 4264 ·
2960 4231 3091 4287 αὐτὸ
3117 4230 3183 4303 δὴ
3215 4231 3277 4286 τδ
3306 4230 3454 4285 θεῖον
3489 4229 3594 4299 τῆς
3624 4228 3893 4300 ένανθρωο

2319 4329 2543 4400 πήσεως
2567 4324 2663 4381 τοῦ
2689 4325 2865 4394 Λόγου
2904 4326 3201 4396 μυστήριον
3222 4339 3237 4354 ·
3261 4322 3339 4386 ὡς
3368 4322 3429 4375 οὐ
3472 4320 3668 4393 πόρῤω
3694 4319 3893 4387 τυγχάο

2320 4438 2455 4484 νειν,
2491 4418 2692 4490 μᾶλλον
2713 4417 2771 4472 δὲ
2799 4416 2901 4488 ἢδη
2932 4417 3084 4480 τινάς
3113 4414 3207 4471 καὶ
3240 4412 3335 4469 ὑπ’
3374 4413 3597 4475 ὀδόντας
3644 4410 3892 4482 γρύζειν,

2318 4512 2411 4568 τοῦ
2442 4511 2537 4566 καὶ
2565 4509 2737 4583 αὐτὴν
2762 4510 2863 4581 τὴν
2895 4507 3058 4577 ἀγίαν
3097 4508 3155 4561 ὲν
3189 4505 3502 4576 Χαλκηδόνι
3527 4502 3749 4557 σύνοδον
3772 4500 3893 4554 ἀθε-

642 4600 712 4653 ab
733 4614 818 4663 ea,
849 4614 950 4670 pro
980 4602 1301 4669 dogmatum
1331 4597 1623 4668 utriusque
1649 4600 2055 4662 convenientia,
2086 4616 2208 4670 pen-

2321 4602 2563 4669 τεῖσθαι,
2612 4600 2691 4665 ὡς
2739 4599 2921 4671 ἐκείνῃ
2964 4596 3389 4669 συνηρτημένης
3441 4594 3584 4649 κατά
3638 4592 3741 4665 τὴν
3787 4590 3893 4644 τῶν

644 4690 832 4767 (Lente,
864 4691 1125 4762 illamque
1155 4689 1306 4745 velut
1336 4691 1578 4746 radicem
1597 4705 1663 4746 ac
1694 4691 2097 4746 ﬁrmamentum
2120 4692 2217 4745 ha-

644 4784 826 4839 bente.
864 4783 1017 4838 Mitto
1048 4782 1323 4855 siquidem
1348 4784 1554 4849 dicere,
1584 4794 1717 4854 quot
1750 4783 1910 4838 nobis
1934 4784 2216 4840 molestias

648 4878 896 4932 intulerit
928 4878 1076 4932 velut
1127 4892 1227 4959 pro
1263 4876 1493 4932 veritate
1530 4876 1851 4933 sollicitans
1877 4916 1892 4943 ,
1951 4892 2062 4946 quo
2107 4891 2211 4933 no-

718 5021 739 5051 ’δ
770 5018 811 5072 ll
834 5016 961 5073 Cor.
1003 5031 1041 5078 ι,
1074 5015 1125 5068 8.

2323 4695 2611 4766 δογμάτων
2642 4691 2970 4762 οἰκειότητα,
3012 4690 3109 4744 καὶ
3138 4681 3251 4761 οἷον
3292 4690 3491 4751 εἰπεῖν,
3529 4684 3705 4757 αὐτὴν
3738 4681 3891 4753 ixmi-

2325 4802 2425 4856 σης
2475 4784 2632 4857 ῥίζαν
2672 4799 2733 4837 τε
2777 4782 2872 4836 καὶ
2926 4780 3218 4852 βεϐαίωσιν
3251 4778 3356 4850 τῆς
3384 4776 3687 4848 εἰρημένης
3739 4772 3892 4841 ἁγίας

2322 4877 2489 4948 ἕκτης
2521 4874 2767 4930 συνόδου.
2813 4872 2919 4927 Ἐῶ
2961 4873 3072 4945 γάρ
3103 4871 3287 4942 λέγειν
3321 4871 3453 4933 ὅσας
3480 4868 3618 4940 ἡμῖν
3647 4864 3890 4937 ὀχλήσεις

2122 5105 2348 5163 NOTAE.

685 5205 795 5275 '(3)
838 5201 972 5258 Cum
1002 5216 1161 5275 porro
1188 5199 1496 5275 profanum.
1536 5196 1733 5275 Magna
1777 5198 1997 5275 licentia
2034 5199 2204 5275 impe-

647 5268 885 5338 ratores,
919 5280 974 5325 et
1004 5268 1367 5341 'depouebant
1410 5268 1775 5339 patriarchas,
1798 5280 1874 5341 _et
1921 5268 2206 5340 depositis,

650 5360 790 5416 quos
827 5344 1030 5416 vellent
1062 5337 1453 5416 subrogabant,
1502 5347 1693 5416 contra
1738 5337 1910 5416 etiam
1954 5337 2211 5416 eipressa

653 5409 925 5469 canonum
952 5411 1097 5479 jura,
1127 5426 1191 5466 ae
1218 5409 1386 5466 laicos
1413 5409 1690 5479 homines.
1717 5410 1867 5464 nulla
1897 5409 1952 5462 in
1989 5411 2215 5464 minori-

656 5486 783 5544 bus,
816 5498 914 5551 pro
946 5478 1119 5553 more,
1149 5482 1492 5553 probatione.
1513 5550 1522 5553 _
1541 5478 1724 5535 Voluit
1754 5494 1887 5553 ergo
1909 5479 2214 5553 Bardanes.

654 5550 885 5623 expulso
914 5552 1091 5623 ζ(ῖγιο,
1126 5550 1271 5623 quod
1325 5550 1528 5623 recenti
1565 5552 1827 5605 memoria
1904 5550 2105 5623 factum
2138 5551 2217 5623 vi-

655 5620 814 5679 derat
841 5639 868 5676 a
907 5620 1216 5677 Jiistiniaiio
1242 5627 1294 5676 in
1338 5621 1527 5687 Paulo,
1557 5623 1795 5690 aliquem
1835 5635 1866 5674 e
1897 5620 2217 5676 domesticis

658 5697 753 5751 illa
805 5692 1068 5760 dignitate
1109 5708 1347 5763 augere;
1391 5693 1673 5763 nimirum,
1704 5690 1984 5763 ὁμόφρονα
2044 5690 2220 5763 homi-

662 5780 811 5829 nem,
841 5758 1141 5833 eoilemque
1165 5758 1328 5817 modo
1355 5763 1549 5833 haeresi
1580 5758 2224 5833 Monothelitarumaﬁ‘e—

661 5848 835 5898 etum,
863 5847 1026 5903 quam
1056 5831 1487 5903 'instaurandam
1508 5831 1909 5903 meditabatur,
1953 5831 2089 5886 nihil
2134 5845 2224 5903 ce-

663 5909 775 5963 lato
800 5899 1029 5961 consilio
1059 5923 1072 5961 :
1111 5917 1220 5975 qua
1268 5902 1577 5972 hypothesi,
1612 5915 1719 5956 non
1767 5899 1924 5956 video
1958 5909 2017 5955 ut
2052 5902 2218 5957 meri-

2310 5208 2369 5255 to
2411 5198 2680 5269 culpanda
2712 5197 2962 5269 videatur
2986 5192 3241 5269 _.|oannis
3280 5194 3454 5269 nostri
3498 5193 3897 5269 qualiscunque

2315 5264 2553 5325 intrusio
2576 5310 2591 5333 ,
2636 5277 2802 5337 utque
2836 5267 2928 5321 ille
2966 5264 3272 5337 detrectare
3309 5265 3651 5320 obstinatius
3699 5264 3897 5337 debue-

2317 5342 2390 5395 rit
2417 5356 2559 5394 onus
2586 5336 2917 5410 pontiﬁcale,
2955 5336 3342 5410 acquiescente
3365 5350 3431 5388 ac
3473 5343 3707 5410 urgente
3744 5343 3806 5410 Ill
3845 5336 3898 5387 in

2323 5427 2383 5467 se
2416 5402 2631 5465 tandem
2668 5409 2960 5478 reciperet,
2992 5402 3122 5478 cuin
3155 5407 3507 5478 imperatore,
3550 5406 3706 5458 clero
3747 5402 3894 5457 Con-

2325 5473 2837 5546 stantinpolitano,
2864 5475 2966 5530 sibi
2993 5490 3059 5529 ac
3084 5473 3341 5530 Ecclesiae
3369 5477 3469 5529 toti
3497 5484 3731 5546 cavente
3772 5490 3895 5546 gra-

2316 5552 2491 5612 viora,
2536 5544 2636 5604 viri
2663 5552 2716 5603 in
2747 5550 2868 5618 ipso
2899 5546 3135 5618 probati,
3174 5560 3485 5615 quanquam
3512 5560 3607 5618 per
3637 5544 3894 5618 iniuriam

2318 5622 2570 5697 alterius,
2600 5615 2783 5697 quam;
2814 5615 3246 5697 prohiberennou
3292 5624 3526 5697 possm,“
3549 5616 3604 5669 iu
3657 5615 3891 5697 patriar-

2320 5692 2480 5745 cham
2527 5684 2900 5757 provectioue‘.
2953 5684 3067 5740 Nec
3108 5684 3625 5757 Cyrusidepositus.
3662 5684 3737 5739 iis
3788 5685 3893 5738 cir-

2321 5755 2667 5815 cumstantiis
2719 5755 2892 5811 videri
2945 5755 3169 5826 poterat
3211 5756 3615 5826 rationabiliter
3674 5768 3777 5825 pro
3823 5767 3884 5806 ea

2323 5831 2565 5895 invitus;
2600 5828 2817 5884 tametsi
2847 5828 2921 5881 ita
2948 5824 3167 5880 invitus
3202 5840 3302 5897 pro
3332 5840 3433 5897 sua
3484 5825 3601 5895 ipse
3630 5824 3891 5880 eiaucto-

2329 5900 2565 5968 ratione,
2593 5914 2759 5971 quam
2795 5910 2991 5967 passus
3029 5904 3176 5953 esset
3207 5896 3514 5969 tyrannice.
