4130 6398
308 356 437 423 1421

1197 372 1559 435 EPISTOLA
1611 377 1711 437 AD
1737 377 2333 440 CONSTANTINUM
2365 379 2637 441 PAPAM-

3432 377 3567 443 1422

301 479 377 541 ὡς
408 479 501 533 ἐπὶ
527 480 627 552 τῆς
651 482 912 555 ἀληθείας
943 487 1260 561 προσήγαγε
1318 491 1456 562 πρὸς
1481 493 1543 547 τὸ
1566 493 1892 567 γράμμασιν

1995 505 2146 551 stras
2170 496 2236 551 ad
2263 495 2559 553 fraternam
2590 506 2828 554 vestram
2860 496 3281 567 beatitudinem
3317 512 3421 570 pro
3448 514 3568 556 suae

304 572 458 644 ἡμᾶς
507 576 819 647 χρήσασθαι
860 580 1003 634 κατὰ
1054 581 1148 636 τὸν
1190 583 1289 652 τῆς
1334 585 1547 639 ἐκείνου
1597 587 1923 659 παροινίας.

310 665 538 732 σκοπὸν,
565 668 702 739 πρὸς
723 669 825 741 τὴν
849 670 1124 744 ὑμετέραν
1148 673 1447 747 ἀδελφικὴν
1474 678 1886 748 μακαριότητα’

308 756 451 826 πρὸς
483 756 678 824 ταῦτα,
722 759 872 824 ὅπως
909 762 1073 833 ἡμεῖς
1101 762 1181 835 τῷ
1213 764 1336 819 κατ’
1368 768 1685 837 οἰκονομίαν
1726 770 1892 840 ἐχρη-

308 848 529 918 σάμεθα
569 850 735 923 λόγῳ,
782 852 924 907 ὥστε
963 854 1393 926 διακρούσασθαι
1432 860 1531 930 μὲν
1566 858 1668 931 τὴν
1694 878 1890 932 τυραν-

306 942 471 1012 νικὴν
498 942 592 996 καὶ
624 944 907 1000 ἀνένδοτον
942 945 1195 1002 ἔνστασιν
1216 966 1231 980 ·
1261 950 1398 1021 πρὸς
1428 950 1491 1004 τὸ
1525 949 1890 1023 μετριώτερον

305 1031 387 1097 δὲ,
414 1033 482 1087 τὰ
513 1035 615 1102 τῆς
648 1034 880 1100 ἀτοπίας
912 1038 1213 1105 συστεῖλαι,
1238 1041 1337 1112 τὴν
1369 1040 1444 1105 ὠς
1474 1041 1532 1093 ὲν
1556 1043 1749 1105 κακοῖς
1778 1041 1893 1095 δια-

310 1126 487 1196 φορὰν
523 1127 725 1192 εἰδότες
749 1130 810 1183 οὐ
857 1131 1037 1203 πάντη
1068 1132 1402 1204 ἀπόϐλητον,
1428 1135 1517 1188 ὅτε
1564 1135 1638 1207 μὴ
1673 1135 1805 1189 αὐτὸ
1830 1135 1892 1189 τὸ

310 1224 480 1276 καλὸν
512 1223 772 1295 καθαρῶς
812 1226 954 1281 κατά
990 1226 1216 1299 πρώτην
1249 1228 1427 1281 ἔνεστι
1462 1227 1615 1293 τάξιν
1646 1230 1890 1299 κρατεῖν,

310 1313 454 1386 αὕτη
484 1317 615 1385 ἡμῖν
647 1320 994 1389 μαρτυρήσει
1041 1321 1074 1391 ἡ
1104 1319 1212 1373 τῶν
1246 1322 1306 1373 ἐν
1339 1321 1539 1393 καρδίᾳ
1587 1320 1891 1392 βουλευμά-

313 1426 422 1463 των
458 1409 652 1482 ἔφορος
698 1410 964 1483 δύναμις·
1018 1413 1111 1467 καὶ
1163 1414 1219 1467 ὲν
1254 1412 1561 1485 ἀνθρώποις
1610 1415 1689 1479 δὲ,
1720 1417 1749 1469 ὁ
1794 1416 1893 1487 τῆς

312 1502 439 1555 καθ’
475 1504 626 1574 ἡμᾶς
683 1505 986 1577 ἱερωτάτης
1033 1506 1306 1581 καθέδρας
1359 1508 1613 1580 ἐνδημῶν
1657 1509 1893 1565 ἐνταῦθα

314 1592 573 1666 θεοφιλὴς
622 1596 1067 1669 ἀποκρισιάριος,
1108 1598 1168 1653 ὃν
1218 1601 1277 1653 ὲν
1320 1600 1460 1672 αὐτῇ
1494 1604 1562 1672 τῇ
1596 1602 1750 1673 ἀκμῇ
1796 1601 1891 1656 τοῦ

312 1686 536 1756 καιροῦ,
562 1687 856 1759 ὲνομώτως
890 1690 1035 1761 μετά
1074 1691 1174 1760 τῆς
1214 1690 1473 1764 ἀληθείας
1513 1692 1893 1766 ἐπληροφορή-

314 1792 509 1846 σαμεν,
542 1777 790 1850 καθαρὰν
822 1779 972 1851 αὑτῷ
1010 1779 1109 1851 τὴν
1143 1781 1564 1852 ἐνυπάρχουσαν
1598 1782 1731 1853 ἡμῖν
1763 1782 1893 1857 περὶ

308 1867 412 1939 τὴν
442 1868 723 1938 ὀρθόδοξον
751 1871 993 1926 διάθεσιν
1024 1872 1464 1945 φανερώσαντες.

384 1960 577 2014 Οἴδατε
637 1963 747 2035 γὰρ
785 1963 879 2017 καὶ
910 1964 1071 2035 ὑμεῖς
1118 1966 1186 2035 τῇ
1235 1965 1405 2037 πείρᾳ
1455 1964 1643 2034 σαφῶς
1702 1982 1885 2037 μεμα-

310 2048 565 2121 θηκότες,
620 2053 938 2123 ἁγιώτατοι,
967 2055 1041 2120 ὡς
1079 2057 1139 2110 οὗ
1187 2070 1213 2097 ι
1258 2056 1382 2111 λίαν
1436 2059 1749 2122 ἀντιτύπους
1779 2059 1890 2119 ,καὶ

1993 585 2222 642 insaniae
2253 602 2448 659 scopo,
2477 589 2691 647 litteras
2720 598 3078 661 extorqueret
3110 608 3125 647 :
3161 589 3231 645 ad
3262 589 3381 645 hac
3410 604 3567 655 vero,

1993 684 2054 732 ut
2092 679 2268 735 simus
2301 678 2386 735 usi
2432 680 2852 737 accommodato
2877 696 2941 736 ac
2977 680 3415 751 dispensationis
3445 694 3570 737 ser-

1992 786 2153 827 mone
2174 811 2189 835 ,
2226 779 2288 826 ut
2313 778 2368 827 et
2402 774 2747 843 tyrannicam
2788 788 3207 845 pugnacemque
3240 772 3566 829 instantiam

1992 863 2405 934 repelleremus,
2452 871 2619 934 atque
2658 863 2728 919 ad
2783 865 3021 920 medium
3053 865 3277 936 aliquod
3326 864 3568 920 absonas

1996 956 2312 1011 tnolitiones
2339 970 2687 1026 cogeremus,
2736 955 2884 1011 haud
2920 957 3235 1015 nescientes
3287 973 3397 1013 non
3445 971 3568 1012 om-

1994 1047 2126 1101 nino
2158 1046 2563 1118 reprobandam
2613 1047 2668 1102 in
2710 1048 2870 1103 malis
2898 1048 3288 1111 differentiam,
3320 1063 3446 1104 cum
3481 1046 3567 1117 ip-

1996 1153 2120 1193 sum
2145 1154 2280 1208 pure
2307 1138 2535 1203 bonum,
2563 1139 2741 1209 primo
2764 1138 2886 1210 ejus
2918 1139 3135 1205 ordine,
3166 1155 3275 1195 non
3309 1140 3441 1195 licet
3466 1140 3569 1197 ob-

1994 1229 2187 1294 tinere,
2230 1229 2349 1300 ipsa
2407 1229 2567 1286 nobis
2617 1231 2779 1286 testis
2829 1230 2937 1286 erit
2996 1230 3172 1285 virtus
3202 1232 3569 1286 consiliorum

1994 1323 2178 1378 cordis
2237 1321 2573 1392 inspectrix;
2628 1322 2773 1393 quod
2811 1329 2995 1378 autem
3042 1330 3255 1393 spectat
3292 1320 3361 1376 ad
3394 1322 3571 1376 homi-

1994 1429 2113 1476 nes,
2147 1413 2242 1484 qui
2282 1412 2449 1467 etiam
2479 1427 2544 1467 ex
2576 1420 2729 1481 parte
2759 1412 3159 1467 sacratissimae
3190 1422 3392 1468 vestra:
3417 1411 3569 1468 sedis

1996 1508 2085 1564 hic
2119 1514 2374 1562 versatur
2398 1506 2694 1576 religiosus
2729 1506 3149 1577 apocrisiarius,
3181 1505 3269 1560 cui
3299 1506 3404 1562 sub
3437 1505 3569 1560 illud

1995 1598 2173 1665 ipsutn
2208 1595 2475 1665 temporis
2511 1604 2883 1661 momentum,
2925 1606 3273 1652 sacramento
3323 1594 3573 1652 adhibito

1995 1690 2408 1747 satisfacientes
2430 1729 2446 1751 .
2505 1704 2699 1759 Puram
2732 1697 2983 1744 nostram
3005 1728 3021 1752 ,
3059 1690 3205 1759 quod
3254 1696 3470 1760 spectat
3503 1689 3570 1746 ad

1997 1783 2358 1837 orthodoxam
2384 1781 2768 1853 sinceramque
2805 1782 2991 1847 fidem,
3018 1780 3183 1836 animi
3226 1780 3569 1838 affectionem

1919 1871 1962 1927 Β
1991 1875 2361 1931 ostendimus.

2066 1966 2235 2021 Scitis
2269 1966 2469 2036 quippe
2522 1964 2691 2019 etiam
2747 1979 2878 2026 vos,
2912 1960 3255 2035 experientia
3308 1963 3568 2026 docente.

1996 2058 2355 2121 sanctissimi,
2391 2056 2615 2114 dimcilc
2647 2072 2794 2121 esse,
2830 2065 2889 2112 ut
2941 2073 3009 2113 ne
3068 2057 3122 2111 in
3182 2055 3452 2125 ejusmodi
3491 2056 3571 2124 (4)

1587 2209 1823 2268 VARIIE
1863 2209 2269 2267 LECTIONES.

382 2310 409 2338 ι
432 2297 522 2356 lo’.
549 2300 715 2355 λείπ.
745 2301 844 2373 μή.

1840 2389 2067 2447 ΝΟΤίΕ.

387 2504 463 2572 (4)
510 2500 576 2557 Ut
608 2518 669 2557 ne
700 2503 756 2556 in
801 2500 1083 2573 ejusmodi.
1117 2499 1377 2573 ﬁuppleo
1410 2501 1639 2556 alteram
1671 2501 1886 2573 negati-

317 2589 469 2635 vam.
522 2584 579 2627 ut
611 2571 1077 2629 sensus'constet.
1110 2571 1395 2641 Signiﬁcat
1436 2587 1534 2628 sua
1569 2586 1628 2627 se
1675 2571 1793 2627 arte
1824 2587 1889 2629 ac

319 2644 585 2700 callidiot-i
616 2644 871 2708 consilio,
923 2643 1136 2697 cavisse
1181 2643 1442 2713 majorem
1491 2642 1757 2699 Bardanis
1798 2641 1888 2697 of-

324 2713 671 2781 fensionem;
706 2714 851 2769 edita
900 2714 1110 2769 scilicet
1142 2712 1277 2768 fidei
1304 2712 1535 2769 formula
1582 2728 1747 2769 sensu
1788 2728 1883 2769 ca-

325 2785 553 2851 tholico,
589 2801 696 2854 qua
742 2794 921 2838 tamen
974 2784 1447 2854 supprimereutur
1490 2798 1664 2854 voces
1714 2798 1889 2853 nuper

325 2854 562 2909 definita:
595 2853 624 2907 a
659 2862 811 2910 sexta
837 2853 1068 2923 synodo,
1098 2854 1324 2921 gemine
1358 2855 1413 2907 in
1439 2853 1663 2909 Christo
1691 2867 1889 2922 opera-

326 2928 494 2982 tionis
530 2934 584 2980 et
628 2926 953 2993 voluntatis,
1000 2926 1226 2993 praefato
1276 2924 1508 2978 Bardani
1542 2924 1792 2978 duriores
1826 2937 1891 2977 ac

328 2996 631 3051 invidiosae.
664 2994 787 3050 Haec
811 2992 1041 3049 Joannis
1076 2994 1247 3048 nostri
1292 2994 1621 3058 meonomia,
1652 3010 1751 3061 pro
1782 3008 1892 3062 qua

325 3074 588 3132 excusat;
619 3081 717 3121 nec
744 3064 864 3132 ejus
922 3072 1156 3123 tantum.
1185 3063 1278 3119 sed
1333 3071 1387 3117 et
1412 3064 1589 3119 sancti
1636 3063 1892 3120 Germani

328 3145 460 3190 tunc
492 3135 730 3206 episcopi

323 3206 457 3288 C_P.,
479 3202 869 3288 Andrei-pret.
885 3219 1028 3288 quos
1036 3202 1262 3288 sanctus
1281 3202 1619 3286 Nicephorns
1640 3211 1694 3288 et
1710 3202 1893 3287 Theo-

327 3278 534 3345 phanes
578 3273 915 3337 nominant,’
947 3277 1096 3329 velut
1131 3273 1427 3343 printarios
1460 3275 1537 3345 in,
1567 3290 1631 3329 ea
1663 3273 1890 3345 Joannis

324 3343 734 3417 cooperatores,
768 3346 1113 3414 alioruntque
1155 3345 1267 3417 fere
1300 3359 1393 3413 per
1448 3343 1725 3417 Orientem
1748 3344 1893 3417 _epi-

327 3413 645 3486 scaporum,
697 3432 836 3485 quos
899 3413 1090 3469 omnes
1153 3413 1356 3486 durum
1420 3413 1892 3486 praevaricationis

325 3483 613 3549 damnare,
650 3483 728 3541 ac’
760 3487 815 3541 in
872 3485 1251 3555 Monothelitas
1317 3483 1539 3555 repente
1572 3483 1890 3555 conflatos,

327 3573 455 3612 cum
498 3556 733 3612 Baronio
788 3557 995 3612 dicere.
1041 3554 1215 3609 Media
1273 3554 1391 3623 ego
1424 3554 1512 3609 via
1570 3554 1890 3618 incederim,

328 3638 388 3683 ut
422 3628 602 3694 reipsa
634 3627 836 3683 multos
864 3626 1170 3694 episcopos,
1202 3638 1435 3695 quorum
1463 3623 1662 3695 animis
1687 3623 1893 3678 inclitae

330 3696 805 3751 Ilouothelitarum
867 3693 1092 3749 haeresis
1151 3693 1358 3749 semina
1417 3693 1739 3757 insiderent,
1798 3701 1894 3747 aut

328 3768 423 3837 qui
458 3767 638 3837 facile
693 3767 895 3836 alioqui
933 3765 1251 3837 adducendi
1271 3771 1447 3837 erant,
1502 3772 1560 3817 ut
1620 3778 1894 3837 expressa:

331 3833 569 3907 praefata:
597 3846 766 3893 sexta
785 3833 978 3907 synodi
1012 3835 1374 3907 damnationi,
1410 3836 1520 3888 imo
1562 3841 1618 3907 et
1660 3833 1893 3907 Chalcef

328 3904 613 3971 duuensis,
660 3904 1094 3971 subscribereut,
1144 3905 1389 3973 sociique
1433 3904 1757 3960 accederent
1789 3904 1890 3959 toti

328 3976 603 4033 Bardanis
628 3992 655 4030 a
685 3978 892 4033 Joanne
923 3978 1126 4039 relatae,
1174 3974 1464 4037 molitioni,
1497 3973 1642 4028 haud
1678 3988 1707 4027 a
1732 3975 1893 4043 culpa

333 4049 607 4103 immunes
656 4048 981 4117 putaverint,
1014 4046 1097 4101 vel
1150 4061 1260 4099 non
1308 4060 1429 4117 reos
1464 4044 1691 4117 proditas
1747 4044 1892 4117 fidei,

330 4134 455 4173 cum
489 4115 677 4173 eorum
722 4120 957 4187 partium
1013 4123 1160 4170 esset
1211 4130 1276 4169 ac
1319 4116 1674 4187 ecclesiastici
1728 4115 1896 4169 totius

329 4189 565 4251 ordinis,
599 4186 841 4242 unanimi
874 4188 1184 4241 constantia
1217 4200 1246 4238 a
1277 4186 1557 4255 proposito
1595 4193 1893 4255 tyrannum

331 4260 634 4321 deterrere,
683 4270 777 4311 aut
828 4266 978 4312 certe
1030 4254 1289 4325 gloriosa
1326 4254 1676 4310 confessione
1724 4269 1897 4323 nuper

331 4329 657 4394 explicatam
693 4329 851 4382 fidem
897 4324 1223 4391 defendere;
1267 4324 1355 4378 alii
1401 4336 1582 4380 autem
1611 4339 1675 4379 ex
1710 4326 1895 4378 animo

331 4399 640 4461 orthodoxi,
672 4413 735 4451 ac
758 4398 983 4451 omnino
1014 4405 1271 4451 caventes
1301 4411 1369 4449 ne
1404 4406 1509 4448 tam
1537 4409 1701 4463 grave
1738 4396 1893 4448 dam-

334 4485 481 4551 nutu.
509 4482 602 4537 per
634 4469 964 4551 collegarum
1016 4466 1099 4520 vel
1154 4465 1413 4551 malitiam
1465 4466 1547 4519 vel
1598 4464 1893 4551 ignaviain,
1929 4496 1973 4551 υ

336 4533 565 4609 publica:
596 4533 851 4593 nimirnm
896 4544 1063 4591 sextae
1091 4535 1285 4609 synodi
1317 4543 1741 4609 ac_Asa_nctorum
1792 4533 1898 4609 Pa-

333 4603 481 4663 trum
523 4603 1445 4670 anathematizationis,'Orieutalis
1473 4603 1717 4661 Ecclesia
1762 4608 1897 4660 sub-

336 4681 475 4743 iret,
533 4678 774 4733 mediutn
840 4680 942 4731 hoc
999 4676 1372 4737 invenientes,
1443 4690 1539 4729 seu
1614 4676 1896 4729 inventum

337 4750 407 4803 ab
432 4748 558 4804 aliis
587 4750 1008 4817 comproltantes
1046 4746 1244 4802 nedum
1309 4744 1673 4817 peccaverint,
1713 4745 1807 4800 sed
1845 4752 1903 4817 _et

338 4835 451 4873 rem
485 4814 892 4886 dignam—laude
936 4817 1181 4886 egerint;
1237 4814 1432 4883 majori
1482 4816 1713 4886 depulso
1752 4814 1900 4869 malo

337 4890 409 4943 ab
461 4888 741 4949 Ecclesia,
787 4904 852 4942 ac
906 4887 1102 4941 minori
1173 4887 1443 4956 permisso
1502 4886 1682 4955 potius
1735 4900 1901 4956 quam

336 4966 489 5012 acto.
554 4959 761 5013 Iudicat
813 4955 1185 5013 nihilominus
1220 4956 1431 5025 Agatho
1462 4955 1763 5022 diaconus,
1804 4970 1905 5009 tto-

338 5029 510 5083 luisse
542 5033 728 5097 plures
756 5029 883 5083 huic
906 5027 1227 5083 mconomim
1252 5027 1621 5097 acquiescere,
1667 5041 1731 5079 ac
1771 5041 1907 5079 con-

340 5094 567 5154 fessiuni
604 5099 893 5167 ejusmodi,
927 5113 1027 5153 ceu
1058 5097 1122 5151 ad
1170 5094 1491 5151 irritandam
1537 5104 1745 5149 sextam
1768 5111 1904 5167 Asan-

337 5178 485 5222 ctam
514 5164 785 5239 synndutn
818 5169 1001 5233 editae,
1033 5167 1417 5239 subscribere.
1448 5180 1589 5239 quos
1621 5166 1740 5239 ideo
1768 5164 1903 5219 Bar-

338 5239 513 5294 danes
544 5234 663 5294 dire
691 5240 996 5306 vexaverit;
1029 5240 1108 5295 sic
1137 5252 1244 5292 non
1272 5235 1446 5292 defuit
1472 5234 1532 5289 id
1570 5236 1735 5291 etiam
1771 5244 1907 5288 tem-

341 5314 492 5378 poris
523 5310 847 5380 generosius
887 5323 1073 5364 semen
1120 5309 1175 5364 in
1204 5306 1462 5380 Oriente,
1504 5306 1722 5380 tametsi
1768 5306 1905 5359 scri-

343 5372 561 5449 ptorum
590 5380 771 5450 inopia
804 5380 1098 5435 obscurum
1152 5378 1288 5433 adeo
1340 5376 1629 5450 manserit.
1679 5372 1793 5429 Hoc
1823 5389 1908 5429 eo-

343 5445 466 5503 rum
504 5450 623 5504 zelo
652 5445 705 5504 ei
740 5450 1050 5504 constantia
1074 5457 1278 5503 tantam
1308 5447 1413 5504 sibi
1445 5445 1684 5500 Joannes
1719 5451 1910 5500 noster

342 5533 446 5574 suo
475 5518 567 5573 illo
593 5521 772 5574 medio
797 5520 1054 5574 conflavit
1084 5518 1366 5583 invidiam,
1400 5524 1460 5571 ut
1490 5520 1690 5587 passim
1706 5514 1909 5587 Mono—

347 5589 537 5660 thelita
567 5590 775 5648 audiat.
809 5606 872 5644 ac
912 5590 1155 5660 ejusdem
1205 5582 1651 5660 sentetttiaa'_cum
1701 5582 1908 5660 Philip:

343 5659 517 5731 picti:
565 5660 782 5715 tametsi
830 5655 1079 5716 videntur
1122 5660 1365 5731 plerique
1410 5657 1711 5731 scriptores
1760 5655 1908 5724 loqui

344 5728 461 5783 sola
489 5731 799 5799 conjectura
828 5744 891 5783 ac
911 5728 1354 5801 praesumptione,
1379 5743 1484 5782 non
1508 5728 1635 5798 quia
1674 5742 1911 5801 sequan-

344 5807 437 5853 tur
464 5808 611 5855 certa
644 5799 991 5857 monumenta
1025 5817 1211 5858 eorum
1241 5809 1569 5872 temporum,
1612 5812 1718 5869 qua
1754 5799 1821 5854 de
1853 5813 1909 5854 re

819 3134 983 3217 yzici,
1032 3137 1376 3217 posttitOtluttt
1410 3149 1537 3217 vero
1566 3135 1891 3217 patriarcha:
1918 3156 1961 3217 α

1995 2502 2078 2559 sic
2110 2504 2246 2559 varii
2284 2517 2431 2561 sunt.
2472 2505 2633 2563 Joan.
2684 2506 2930 2562 Zonaras
2982 2505 3101 2561 vult
3156 2513 3570 2561 exauctoratum

1992 2583 2218 2644 propter
2275 2577 2565 2642 haeresim,
2612 2577 2886 2633 Germano
2940 2576 3118 2631 eidem
3178 2575 3412 2632 suﬂ’ecto
3466 2577 3572 2630 sub

1993 2645 2237 2701 Artemio
2268 2647 2533 2702 Bardanis
2574 2662 2936 2704 successore:
2971 2654 3027 2700 at
3073 2645 3167 2715 qui
3202 2645 3306 2701 hoc
3333 2653 3569 2715 constet,

1995 2731 2148 2781 cum,
2180 2726 2375 2789 sancto
2395 2717 2706 2789 Nicephoro
2726 2726 2780 2772 et
2802 2714 3133 2789 Theophane
3162 2716 3417 2780 testibus,
3435 2714 3573 2771 Ger-

1992 2800 2211 2851 manus,
2246 2787 2290 2841 si
2340 2802 2448 2857 qua
2492 2787 2595 2842 fuit
2635 2803 2698 2842 ea
2747 2787 2990 2851 Interesis,
3026 2787 3104 2857 illi
3142 2788 3331 2843 socius
3370 2793 3520 2857 esset
3552 2802 3569 2840 :

1993 2870 2182 2927 quare
2197 2856 2371 2911 etiam
2403 2868 2616 2913 mortuo
2643 2858 2931 2913 suffectum
2955 2856 3179 2927 habent,
3204 2856 3570 2927 τελευτήσαν-

1994 2942 2107 2988 τος.
2140 2925 2281 2980 ΝἰΙιὶΙ
2314 2928 2476 2980 etiam
2528 2927 2811 2984 Cedrenus
2848 2927 3100 2982 meminit
3146 2926 3309 2996 hujus
3351 2924 3571 2996 deposi-

1997 2996 2189 3060 tionis,
2221 2996 2317 3051 sed
2356 3005 2601 3052 creatum
2654 3007 2864 3052 tantum
2915 2997 3079 3051 habet
3107 2996 3212 3051 sub
3242 2996 3363 3063 ipso
3408 2996 3571 3048 Arte-

1999 3066 2192 3130 mium,
2237 3069 2332 3138 _qui
2388 3069 2710 3138 Anastasius
2761 3066 3091 3138 appellatus,
3129 3073 3273 3138 est_:
3310 3064 3415 3121 sub
3456 3079 3571 3134 quo

1996 3134 2346 3217 postmodum
2382 3134 2917 3217 referttranslatt'tm
2963 3135 3171 3217 Cyzico
3204 3134 3570 3217 ﬁermanum:

1995 3204 2068 3259 ita
2100 3216 2365 3275 concepto
2399 3210 2782 3263 translationis
2811 3204 3055 3267 decreto.
3105 3205 3171 3259 Ἥ
3203 3204 3325 3259 θεία
3347 3205 3506 3275 χάρις
3538 3204 3572 3274 ἡ

1993 3277 2223 3351 πάντοτε
2245 3278 2313 3351 cdt
2342 3277 2543 3351 ἀσθενῆ
2594 3278 3017 3351 θεραττειὸουσαζ
3054 3276 3151 3329 καὶ
3183 3278 3254 3351 τὰ
3298 3275 3575 3351 susino?-

1991 3362 2061 3399 τα
2123 3341 2939 3432 ιίιναπλὶηροῦσαζ.μέτα-τίθησι⁸
2980 3347 3260 3416 Γερμανδν
3274 3345 3373 3432 ίεδν
3412 3341 3573 3432 (Scitin

1992 3432 2155 3487 τατον
2205 3414 2466 3487 πρόεδρον
2522 3414 2625 3483 τῆς
2656 3414 2980 3485 Κυζικήνῶν
3034 3414 3453 3487 ,μήτροπόλεωςν
3485 3414 3566 3477 εἰς

1992 3483 2425 3557 ἀρχιεπίσκοπον
2482 3487 2686 3555 ταύτης
2726 3489 2826 3557 τῆς
2860 3483 3232 3557 θεοφυλάκῇορ
3278 3483 3566 3557 καὶᾳβαριο

1992 3502 2425 3607 αρχιεπισκοπον
2482 3505 2686 3555 ταυτης
2726 3505 2826 3557 της
2860 3502 3232 3555 υεοφυλακτου
3278 3502 3375 3540 και
3408 3502 3565 3553 μασιν

1992 3554 2134 3618 λδος
2200 3557 2425 3619 πόλεως.
2491 3557 2614 3609 Ἐπὶ
2653 3556 2941 3627 Ἀρτεμίου
3017 3553 3306 3627 βασιλέως,
3355 3552 3565 3627 _D_ivt'tt_a

1994 3627 2195 3695 gratia,
2242 3644 2359 3697 qua:
2408 3642 2612 3693 semper
2662 3623 2875 3695 inﬁrma
2931 3623 3107 3697 curat,
3162 3635 3211 3680 et
3270 3623 3572 3691 deﬁcientia

1994 3695 2591 3763 complet,'Germauum
2623 3698 3021 3751 sanctissimum
3060 3695 3337 3765 Cyzicena:
3369 3702 3571 3765 metro-

1994 3762 2132 3835 polis
2161 3768 2442 3834 prwsulem
2491 3768 2745 3834 transfert
2806 3770 2862 3821 in
2909 3762 3363 3835 archiepiscopum
3394 3781 3426 3817 a
3464 3762 3569 3818 Deo

1994 3834 2317 3891 conservatae
2347 3838 2596 3907 ἀστερίας
2640 3837 2799 3907 hujus
2843 3838 3014 3892 urbis.
3047 3834 3153 3891 Sub
3192 3836 3429 3890 Artemio
3469 3836 3571 3887 im-

2029 3916 2256 3979 erutore.
2287 3907 2357 3964 Ut
2398 3906 2653 3979 Joannis,
2690 3906 2791 3979 pro
2820 3923 2927 3979 qua
2959 3915 3208 3979 excusat.
3253 3907 3566 3979 meouomia

2037 3978 2183 4032 abita
2214 3988 2363 4033 esset
2394 3978 2655 4047 proditio,
2687 3975 2769 4033 vel
2813 3975 2850 4032 a'
2884 3976 3249 4047 Constantino
3278 3991 3435 4044 papa.
3480 3975 3567 4047 vel

1994 4047 2064 4102 ab
2095 4049 2356 4113 Artemio,
2389 4046 2534 4103 haud
2576 4059 2755 4104 tamen
2784 4063 2848 4103 ea
2882 4046 3149 4103 modestia
3180 4046 3568 4109 satisfacienti,

1995 4134 2162 4186 quam
2235 4118 2318 4174 Ιιιε
2379 4117 2501 4189 ejus
2571 4120 2764 4174 litterae
2812 4116 3139 4189 praeferunt,
3195 4116 3360 4189 idque
3415 4118 3568 4189 nulla

1998 4182 2148 4241 mora
2185 4204 2211 4240 a
2244 4182 2463 4243 sublato
2491 4196 2723 4257 tyranno
2772 4182 2931 4245 sedes
2976 4182 3294 4257 abrOganda
3311 4190 3457 4257 erat.
3486 4182 3570 4237 vel

1997 4257 2043 4311 si
2082 4258 2283 4338 nullos,
2322 4266 2416 4311 aut
2447 4255 2609 4338 quam
2641 4272 2845 4338 pa_ucos
2865 4256 3228 4338 lineasocios.
3260 4255 3563 4315 habuisset,

1998 4328 2198 4381 nedum
2229 4344 2351 4381 cum
2386 4324 2669 4383 universos
2701 4326 2815 4381 fere
2860 4324 3107 4394 Orientis
3142 4324 3462 4394 episcopos;
3498 4336 3564 4374 ac

2000 4397 2054 4451 in
2093 4397 2159 4451 iis
2190 4396 2543 4459 Germanum.
2596 4397 2756 4467 cujus
2806 4407 2955 4451 tanta
3009 4393 3211 4467 enituit
3257 4393 3456 4467 virtus,
3510 4398 3571 4445 ttt

2001 4468 2334 4536 posutabitis
2364 4468 2619 4522 omnibus
2655 4462 2802 4527 aliis,
2850 4465 3111 4536 meruerit
3136 4464 3211 4536 ab
3257 4462 3571 4536 orthodoxe

2041 4537 2269 4605 rincipe,
2304 4536 2471 4607 ψήφῳ
2516 4537 2611 4607 καὶ
2660 4534 2953 4607 δοκιμασίᾳ
2977 4530 3565 4607 τῶνηθεοφιλεστὰτων

2031 4601 2595 4660 πισκόπων’·”ἑιίισιιιο
2622 4622 2684 4659 ac
2706 4601 3013 4674 probatione
3035 4601 3562 4674 religiosissimum»

2000 4678 2390 4745 episcoporum,
2433 4677 2610 4743 inquit
2662 4673 2922 4745 praefatus
2970 4673 3275 4745 cedrenus,
3319 4686 3383 4745 ac
3420 4685 3573 4745 com-

2003 4738 2156 4819 muni
2179 4738 2384 4802 eorum
2421 4738 2704 4819 suffragio,
2753 4744 3311 4819 Constantinopolim,
3342 4738 3573 4819 Joannis

2003 4810 2621 4892 ejusdemsuccessor:
2644 4810 2762 4886 ipso
2811 4810 3206 4892 eodem_annu,
3250 4810 3564 4892 transferri.

2004 4886 2219 4952 Quanta
2257 4888 2370 4941 hac
2415 4884 2775 4957 personarum
2823 4884 3099 4957 acceptio,
3126 4898 3290 4957 causa
3340 4884 3564 4957 utrique

2004 4958 2323 5012 communi?
2356 4952 2531 5023 Quam
2598 4958 2782 5026 itaque
2832 4952 3196 5026 meoitomiam
3250 4952 3576 5026 ignorarunt

2004 5028 2306 5097 scriptores
2345 5020 2415 5083 ab
2468 5028 2557 5080 illa
2586 5020 2747 5097 aetate
2787 5042 2895 5080 non
2946 5024 3230 5097 minimum
3260 5020 3460 5083 dissiti,
3510 5033 3577 5074 ac

2004 5098 2059 5152 in
2093 5092 2216 5152 aliis
2246 5098 2517 5166 ejusmodi
2546 5113 2653 5150 non
2685 5095 2821 5166 adeo
2851 5101 3017 5150 certa:
3041 5092 3200 5166 ﬁdei,_
3219 5100 3409 5166 utnon
3446 5104 3575 5159 pos-

2005 5168 2114 5223 sint
2138 5182 2203 5222 ex
2239 5160 2610 5222 monumentis
2637 5165 2971 5220 certioribus
3003 5160 3203 5231 corrigi
3230 5175 3247 5214 :
3277 5160 3418 5231 hanc
3450 5174 3577 5226 pro-

2008 5237 2234 5292 ferimus
2264 5252 2330 5291 ex
2363 5235 2592 5291 Joannis
2640 5236 2760 5290 istis
2800 5234 3044 5297 Litteris.
3090 5229 3174 5287 de'
3197 5244 3305 5301 qua
3336 5229 3573 5285 liberum

2006 5308 2207 5376 cuique
2233 5315 2353 5361 esto
2377 5305 2669 5376 judicium.
2714 5304 2806 5359 ubi
2861 5318 2958 5372 pro
2990 5302 3311 5376 interpretis
3347 5314 3576 5376 munere

2007 5368 2249 5432 diximus
2284 5368 2411 5446 ipsi,
2440 5376 2589 5446 quod
2622 5368 2909 5445 theologia:
2941 5388 3006 5446 ac
3020 5368 3227 5446 rationi
3264 5370 3443 5446 visum
3471 5368 3575 5423 fuit

2009 5447 2182 5516 magis
2211 5438 2535 5516 congruum.
2570 5445 2729 5500 Libet
2768 5438 2858 5516 ht'c
2901 5441 3131 5499 reddere
3159 5438 3573 5510 Theophanem.

2009 5514 2157 5587 Inita
2177 5531 2306 5585 ergo
2325 5514 2641 5587 tetttporutn
2677 5514 2947 5587 rationes
2994 5520 3379 5587 sextaAsancta
3409 5522 3576 5587 syno-

2008 5589 2112 5649 do.
2149 5575 2653 5657 ilaupmsequitur.
2690 5583 2833 5657 ζᾼπδ
2865 5584 2923 5638 δὲ
2952 5583 3060 5657 τῷν
3100 5575 3462 5657 ἐκδεδομένων
3487 5575 3577 5657 τε.

2008 5672 2149 5719 πων,
2182 5649 2293 5720 ἕως
2313 5657 2408 5710 τοῦ
2438 5649 2482 5710 δ⁵
2501 5656 2653 5718 ἔτους
2678 5652 3027 5718 Φιλιππικοῦ,
3061 5649 3313 5722 γενέσθαι
3349 5649 3574 5722 ἐμμανῆ

2011 5715 2247 5791 σύνοδον,
2267 5715 2281 5720 ⁷
2313 5726 2454 5781 κατά
2486 5727 2585 5793 τῆς
2626 5715 2790 5793 ἀγίας
2843 5715 3224 5793 οἰκουμενικῆς
3258 5725 3312 5786 ς’
3348 5715 3571 5793 συνόδου

2012 5796 2103 5851 καὶ
2134 5786 2456 5862 ἐξώσθέντος
2514 5786 2698 5869 Κῦρου
2722 5786 2803 5866 τῷ
2832 5802 2885 5861 ς’
2920 5786 3027 5849 ἐτεί
3069 5793 3165 5864 τῆς
3180 5786 3567 5861 ’πατριαρχίαϐ
