4130 6394
275 450 417 517 1425

1213 453 1575 515 EPISTOLA
1598 455 1697 514 AD
1736 454 2332 518 CONSTANTINUM
2367 458 2641 519 PAPAM.

3413 448 3550 515 1426

273 564 519 617 ἐναντίον
550 565 982 636 περιτραπῆναι,
1012 563 1153 617 ὥστε
1200 564 1276 635 μὴ
1310 564 1572 636 ἀλλότρια
1611 566 1859 637 δόγματα

1980 580 2136 638 itque
2170 584 2289 625 eam
2325 568 2514 625 subtili
2548 570 2794 639 cegitatu
2837 566 2888 621 in
2915 563 3269 621 contrarium
3300 574 3548 625 vertere-

274 657 583 725 ἀναφανδδν
632 657 1032 728 ἐπεισαχθῆναι
1076 659 1143 727 τῇ
1183 656 1504 727 Ἐκκλησία,
1540 659 1636 711 καὶ
1672 659 1858 713 τέλεον

272 749 702 821 διασαλευθῆναι
733 750 802 803 τὰ
833 749 1015 812 καλῶς
1066 750 1354 821 πεπηγότα
1404 751 1502 804 καὶ
1545 751 1861 821 ἁκράδαντα

276 840 542 913 μείναντα
568 843 703 913 περί
752 840 850 895 τοῦ
878 842 1246 913 προκειμένου
1292 842 1393 910 τῆς
1442 843 1726 907 εὐσεϐείας
1767 843 1860 897 θε-

277 934 600 1006 σπίσματα⁶
649 934 744 989 καὶ
783 934 902 1005 ἅμα
936 935 1081 1005 μέγα
1133 934 1435 1006 τιθέμενοι,
1471 936 1533 989 τὸ
1570 937 1666 990 καλ⁵
1710 938 1864 1009 παρὰ

274 1027 387 1081 τῶν
439 1028 722 1097 πολεμίων
766 1028 866 1099 τῆς
900 1027 1352 1101 διονομασθείσης
1400 1029 1564 1098 ἁγίας
1615 1030 1861 1095 συνόδου,

274 1121 376 1194 τὴν
412 1121 534 1175 κατ’
580 1120 791 1176 ἔννοιαν
824 1121 1000 1192 αὐτῆς
1050 1121 1436 1193 ὁμολογεῖσθαι
1483 1123 1859 1179 διδασκαλίαν.

278 1212 446 1267 Ὅθεν
478 1213 555 1285 μὴ
589 1213 928 1286 ἀνατροπὴν,
965 1213 1101 1268 ἀλλὰ
1144 1214 1437 1285 βεϐαίωσιν
1469 1216 1671 1287 μᾶλλον
1716 1217 1864 1271 ὲκεί-

277 1322 379 1373 νης
416 1305 606 1375 σαφῶς
653 1305 1077 1360 ἀποδείκνυσθαι
1105 1307 1260 1379 παρά
1288 1325 1354 1377 γε
1387 1311 1501 1373 τοῖς
1523 1309 1667 1378 ὑγιεῖ
1685 1327 1747 1363 τε
1772 1312 1867 1364 καὶ

277 1396 640 1470 ἁπροσκλινεῖ
671 1398 769 1469 τῆς
808 1398 920 1452 τῶν
960 1399 1305 1471 πραγμάτων
1347 1401 1731 1472 κατανοήσεως
1770 1403 1867 1471 ὀφο

285 1491 483 1563 θαλμῷ
508 1490 579 1545 τὰ
608 1491 839 1546 τοιαῦτα
865 1490 1033 1546 εἰδόσι
1062 1494 1313 1559 σκοπεῖν,
1348 1492 1489 1546 αὐτὰ
1522 1492 1588 1564 δὴ
1627 1494 1697 1548 τὰ
1723 1493 1865 1548 κατὰ

279 1583 381 1653 τῆς
411 1582 632 1637 συνόδου
652 1581 730 1655 τῷ
760 1584 1008 1655 τυράννῳ
1039 1584 1477 1656 σ-καιωρηθέντα.

355 1764 431 1818 Τὸ
468 1763 579 1835 γὰρ
627 1764 915 1836 θελητικόν
943 1782 1006 1819 τε
1056 1768 1153 1821 καὶ
1195 1768 1550 1841 ἐνεργητικὸν
1591 1769 1714 1824 καθ’
1750 1770 1869 1824 έτέ-

286 1873 390 1926 ραν
416 1867 439 1895 ο
476 1854 640 1926 φύσιν
663 1856 845 1925 λέγειν
876 1858 971 1911 τὸν
1002 1859 1266 1929 Χριστὸν,
1298 1860 1452 1915 οὐδὲν
1482 1861 1672 1933 ἔτερόν
1698 1865 1869 1931 ἐστιν,

1963 675 2088 714 mus
2128 676 2140 711 :
2171 675 2239 713 ne
2269 658 2407 713 adeo
2429 658 2610 712 aliena
2640 658 2896 729 dogmata
2927 657 3105 727 palam
3139 656 3196 710 in
3239 653 3545 710 Ecclesiam

1963 750 2400 811 inducerentur,
2460 763 2526 803 ac
2581 748 2798 802 tandem
2854 746 3366 809 labefactarentur,
3426 759 3549 819 qua:

1971 841 2213 897 fuissent
2245 842 2384 896 bene
2415 842 2651 905 firmata,
2686 856 2751 893 ac
2805 840 3139 894 inconcussa
3187 837 3545 895 mansissent.

1971 938 2196 1008 pietatis
2228 936 2346 998 illa,
2376 936 2523 991 circa
2548 934 2856 1004 subjectam
2891 932 3179 988 materiam
3202 930 3401 1002 placita
3430 948 3443 984 :
3477 928 3548 983 ad

1969 1030 2085 1083 lucc
2121 1043 2255 1084 vero
2286 1028 2459 1098 pluris
2520 1028 2627 1081 hoc
2689 1026 2983 1089 facientes,
3027 1035 3087 1081 ut
3135 1027 3550 1095 pramominatte

1969 1129 2177 1175 sancta:
2206 1118 2399 1191 synodi
2430 1118 2763 1181 doctrinam,
2797 1116 2985 1171 hostes
3022 1114 3128 1187 ipsi
3176 1124 3447 1186 quantum
3478 1115 3548 1170 ad

1967 1210 2388 1281 intelligentiam
2418 1225 2483 1264 ac
2510 1226 2735 1266 sensum
2766 1208 3185 1262 conﬁterentur.
3250 1207 3328 1261 Ita
3363 1209 3547 1277 plane.

1971 1312 2027 1358 ut
2054 1304 2201 1375 apud
2224 1319 2344 1369 eos,
2376 1305 2469 1375 qui
2508 1318 2645 1358 sano
2675 1317 2742 1356 ac
2771 1300 3048 1357 in'deﬁexo
3083 1299 3551 1356 considerationis

1968 1414 2155 1455 rerum
2185 1399 2373 1463 oculo,
2401 1414 2491 1455 res
2545 1396 2823 1467 ejusmodi
2889 1402 3169 1451 noverunt
3201 1394 3547 1464 perspicere.

1969 1491 2146 1560 palam
2173 1490 2523 1553 conﬁciatur,
2563 1489 2682 1559 ipsa
2713 1487 2932 1559 tyranni
2978 1487 3252 1541 adversus
3277 1482 3551 1556 synodum

1971 1582 2255 1637 molimina
2286 1597 2353 1636 ac
2383 1588 2595 1638 struem
2620 1620 2637 1645 .
2682 1594 2789 1633 non
2827 1578 2880 1632 in
2914 1576 3257 1632 eversionem
3287 1615 3303 1643 ,
3366 1576 3459 1631 sed
3497 1574 3550 1630 itt

1971 1676 2095 1745 ejus
2132 1674 2316 1745 potius
2348 1672 2824 1727 conﬁrmationem
2866 1670 3129 1725 cessisse.

2044 1768 2262 1839 Quippe
2323 1766 2613 1822 Christum
2689 1763 2846 1820 fateri
2892 1760 3196 1820 secundum
3264 1768 3556 1828 utramque

1977 1869 2232 1915 naturam
2270 1856 2580 1913 volendiac
2614 1855 2881 1926 Operandi
2922 1853 3188 1909 facultate
3240 1852 3553 1922 praeditum,

284 1946 319 2018 ἢ
346 1947 442 2002 δύο
464 1949 673 2019 φυσικὰ
705 1948 1011 2020 θελήματα,
1038 1952 1138 2005 καὶ
1164 1949 1263 2006 δύο
1291 1952 1532 2022 φυσικὰς
1560 1955 1867 2026 ἐνεργείας,

1980 1951 2111 2007 nihil
2135 1959 2222 2007 est
2252 1950 2399 2005 aliud
2431 1964 2599 2020 quam
2634 1947 2923 2003 naturales
2942 1945 3084 2003 duas
3114 1945 3433 2007 voluntates
3463 1943 3553 1997 in-

284 2040 453 2092 νοεῖν.
495 2037 658 2094 Κατὰ
700 2040 907 2112 ταύτην
946 2041 1055 2113 γὰρ
1096 2042 1279 2113 ῥητῶς
1328 2043 1430 2114 τὴν
1475 2043 1718 2099 διάνοιαν
1769 2046 1870 2109 τὰς

286 2129 548 2194 τοιαύτας
580 2130 817 2186 νοεῖσθαι
867 2133 1076 2203 φωνὰς,
1107 2135 1167 2189 έν
1210 2135 1288 2205 τῷ
1316 2137 1693 2208 έκφωνηθέντι
1738 2139 1869 2211 παρ’

288 2223 461 2292 αὐτῆς
486 2224 597 2294 ὅρῳ
635 2224 1058 2296 προεθέσπισεν,
1099 2229 1132 2299 ὴ
1172 2229 1318 2300 ὲντῇ
1363 2228 1655 2301 καθ’ύμᾶς
1697 2248 1872 2302 μεγα-

286 2310 511 2363 λοπόλει
549 2310 735 2384 Ῥώμῃ
766 2315 1099 2386 συναχθεῖσα
1130 2316 1350 2382 σύνοδος
1379 2320 1504 2389 ἰερὰ
1534 2320 1629 2373 ἐπὶ
1656 2320 1752 2375 τοῦ
1775 2323 1873 2391 τῆς

293 2400 599 2472 σεϐασμίας
656 2406 880 2476 μνήμης
936 2406 1255 2476 Μαρτίνου,
1310 2408 1407 2463 τοῦ
1448 2412 1550 2481 τῆς
1599 2412 1917 2485 ὑμετέρας⁸

294 2492 1145 2568 προεδρεύσαντοςἘκκλησίαςο
1185 2500 1261 2566 ὡς
1314 2502 1499 2557 ἐκεῖνα
1547 2506 1733 2574 σαφῶς
1780 2507 1875 2559 καὶ

293 2586 388 2638 ἐπὶ
422 2584 582 2658 ἡμῶν
607 2587 717 2642 τῶν
751 2589 1095 2662 ἁμαρτωλῶν
1144 2595 1242 2648 καὶ
1286 2594 1611 2667 ἐλαχίστων,
1642 2597 1741 2670 τὴν
1778 2598 1874 2652 τοῦ

293 2676 434 2732 Θεοῦ
488 2678 683 2748 σοφίαν
737 2681 1137 2754 οἰκονομῆσαι,
1192 2686 1286 2740 τοῦ
1337 2689 1710 2762 δρασσομένου
1767 2692 1876 2747 τῶν

299 2768 481 2838 σοφῶν
528 2771 587 2824 ὲν
633 2774 701 2843 τῇ
758 2774 1070 2847 πανουργία
1106 2777 1315 2845 αὐτῶν,
1364 2780 1510 2853 ειπερ
1555 2783 1584 2836 ό
1612 2782 1877 2853 Θεολόγος

299 2860 605 2932 Γρηγόριος
652 2864 711 2917 ὲν
760 2864 840 2936 τῷ
878 2868 959 2930 εἰς
1004 2867 1099 2922 τὸν
1137 2869 1312 2941 μέγαν
1345 2873 1630 2931 Βασίλειον
1661 2876 1877 2949 τίθησιν

296 2954 575 3027 ἐπιταφίῳ
611 2956 777 3029 λόγῳ,
808 2957 939 3013 ἔνθα
967 2960 1179 3016 ἐκεῖνον
1217 2965 1436 3034 εἰσάγει
1468 2968 1761 3041 συμϐούλῳ
1798 2971 1878 3041 τῷ

298 3044 432 3117 θέω
461 3046 627 3101 Δαϐὶδ
662 3050 1006 3121 κεχρημένον
1048 3054 1143 3106 καὶ
1184 3055 1577 3129 οἰκονομοῦντα
1614 3063 1740 3126 τοὺς
1786 3061 1876 3116 M-

298 3153 432 3205 γους
457 3138 624 3193 αὐτοῦ
656 3142 714 3193 ὲν
746 3140 967 3213 κρίσει·
993 3147 1390 3217 παρησυχάσαι
1420 3150 1517 3221 μὲν
1553 3151 1653 3223 τὴν
1681 3153 1877 3225 κυρίαν

299 3232 394 3282 ἐπὶ
421 3230 521 3285 τοῦ
555 3232 713 3301 ἁγίου
746 3233 1069 3305 Πνεύματος
1099 3237 1305 3309 φωνὴν,
1340 3240 1555 3311 ἑτέραις
1581 3242 1638 3296 δὲ
1673 3246 1879 3313 φωναῖς

298 3323 499 3380 ταυτὸν
546 3324 879 3395 δυναμέναις
924 3327 988 3381 τὸ
1044 3328 1267 3393 εὐσεϐὲς
1326 3333 1615 3404 κρατύνειν
1652 3334 1753 3404 τῆς
1794 3336 1885 3387 πί-

304 3435 478 3481 στεως
509 3419 799 3489 κήρυγμασ
835 3418 1017 3473 καίτοι
1049 3421 1113 3474 τὸ
1146 3421 1406 3494 διάφορον
1448 3425 1574 3479 ὅσον
1615 3427 1884 3499 ἑκατέρας

302 3508 638 3575 ὑποθέσεως,
692 3510 795 3579 τῆς
820 3527 881 3564 τε
931 3512 1067 3583 περὶ⁵
1098 3514 1272 3585 αὐτήν
1300 3532 1447 3586 φημι
1486 3517 1586 3588 τὴν
1627 3518 1731 3589 τῆς
1765 3518 1883 3573 θεό-

302 3617 466 3667 τητος
517 3601 705 3654 πίστιν
735 3618 794 3654 τε
833 3603 931 3656 καὶ
978 3604 1295 3675 ὁμολογίαν,
1325 3608 1419 3660 καὶ
1458 3608 1567 3661 τῶν
1625 3611 1755 3683 περὶ
1786 3611 1886 3681 τῆς

306 3692 462 3754 θείας
502 3690 860 3763 σαρκώσεως,
913 3694 990 3759 ῶς
1042 3696 1071 3749 ὁ
1119 3696 1283 3760 αὐτὸς
1308 3699 1366 3752 ὲν
1401 3699 1580 3767 ἁγίοις
1622 3700 1886 3771 Θεολόγος

309 3784 633 3855 Γρηγόριος,
666 3786 1112 3858 φροντισμάτων,
1145 3791 1247 3844 ὃσα
1274 3792 1307 3862 ή
1339 3791 1687 3867 λεπτομερὴς
1722 3797 1888 3866 άναγ-

306 3876 483 3939 καίως
510 3874 763 3947 ἐπιζητεῖ
818 3876 1023 3949 θεωρία
1050 3879 1187 3950 πρὸς
1221 3881 1446 3947 ἔνδειξιν
1484 3884 1582 3955 τῆς
1610 3885 1734 3940 καθ’
1762 3888 1888 3940 έκα-

308 3970 474 4040 τέραν
509 3969 672 4040 φύσιν
711 3971 1075 4043 τελειότητος,
1107 3974 1303 4029 οὐδένα
1347 3977 1413 4030 ἂν
1451 3972 1608 4049 οἶμαι
1646 3981 1884 4049 ἀγνοεῖν.

306 4063 421 4133 οὐχ
451 4061 478 4102 d
524 4062 602 4127 ὡς
627 4064 736 4117 τῶν
780 4064 913 4138 περὶ
951 4064 1053 4134 τῆς
1102 4064 1253 4131 θείας
1286 4068 1526 4137 φύσεως,
1571 4071 1741 4141 ἤγουν
1788 4072 1888 4143 τῆς

307 4152 577 4216 ζωοποιοῦ
610 4154 841 4225 Τριάδος
886 4154 1060 4223 λόγων
1089 4173 1148 4209 τε
1199 4158 1297 4211 καὶ
1325 4158 1636 4229 δογμάτων,
1687 4162 1887 4231 μᾶλλον

306 4247 369 4299 τὸ
405 4245 831 4318 προηγούμενον
879 4248 1138 4318 ἑχόντων,
1197 4249 1643 4322 ύπερανεστηκός
1689 4269 1751 4306 τε
1792 4256 1888 4309 καὶ

309 4338 729 4411 προτιμότερον.

378 4427 536 4482 Οὕτω
586 4429 698 4501 γὰρ
726 4431 822 4484 καὶ
849 4431 919 4485 τὰ
946 4433 1069 4486 κατ’
1116 4431 1471 4510 Εὐνομιηανῶν
1531 4437 1664 4509 περὶ⁵
1707 4437 1889 4492 θεολο-

308 4522 438 4591 γίας
466 4522 609 4591 λόγῳ
635 4525 910 4596 εἰρημένα
936 4525 1017 4597 τῷ
1046 4525 1198 4598 αὐτῷ
1222 4528 1372 4599 σοφῷ
1396 4528 1645 4603 Θεολόγῳ
1667 4532 1887 4598 ἐκδεξά-

1973 2045 2261 2115 telligere,
2305 2041 2558 2114 duasque
2624 2039 2909 2095 naturales
2957 2036 3340 2108 operationes.
3379 2035 3554 2091 Sacra

1973 2136 2247 2207 siquidem
2278 2136 2525 2208 synodus
2562 2136 2618 2189 in
2653 2146 2852 2205 magna
2881 2130 3021 2187 urbe
3041 2129 3238 2195 Roma,
3261 2144 3384 2200 quae
3411 2129 3556 2197 apud

1974 2242 2073 2280 vos
2104 2233 2211 2289 est.
2241 2226 2347 2282 sub
2381 2225 2713 2280 venerabilis
2745 2221 3023 2279 memoria:
3055 2219 3294 2275 Martino
3314 2257 3330 2283 .
3355 2215 3557 2273 deces-

1977 2331 2106 2372 sore
2128 2323 2313 2372 vestro
2343 2313 2611 2370 Romanae
2648 2313 2911 2369 Ecclesiae
2939 2310 3199 2382 praesule,
3228 2318 3441 2373 coacta.
3469 2324 3556 2373 ea,

1976 2425 2145 2480 quam
2180 2409 2484 2479 publicavit
2506 2408 2867 2468 deﬁnitione.
2901 2403 3207 2477 secundum
3242 2402 3392 2458 hunc
3440 2417 3561 2458 sen-

1982 2516 2104 2556 sum
2148 2499 2539 2571 intelligendas
2592 2513 2755 2555 voces
2803 2496 3105 2567 ejusmodi,
3165 2495 3298 2549 olim
3350 2494 3562 2551 diserte

1978 2591 2200 2659 sanxit;
2229 2591 2365 2646 utin
2396 2592 2554 2646 nobis
2582 2605 2804 2661 quoque
2835 2587 3221 2660 peccatoribus
3254 2601 3318 2641 ac
3352 2586 3555 2641 humil-

1980 2686 2150 2751 limis,
2187 2687 2237 2743 id
2286 2695 2477 2757 aperte
2507 2684 2602 2741 Dei
2634 2683 2930 2754 sapientia.
2962 2682 3056 2754 qui
3092 2680 3379 2752 sapientes
3409 2693 3563 2733 com-

1980 2778 2274 2849 prehendit
2311 2780 2368 2834 in
2396 2778 2596 2834 astutia
2620 2792 2815 2831 eorum
2847 2776 2894 2837 ⁸,
2926 2773 3159 2845 provide
3188 2772 3385 2842 egerit.
3412 2770 3562 2841 quod

1982 2872 2141 2943 ponit
2206 2870 2512 2942 Gregorius
2560 2870 2873 2939 Theologus
2912 2866 3166 2921 oratione
3198 2866 3255 2919 in
3297 2878 3561 2934 magnum

1984 2964 2273 3026 Basiliam,
2305 2962 2397 3017 ubi
2425 2977 2575 3027 eum,
2616 2961 2791 3014 divini
2830 2959 3058 3015 Davidis
3107 2974 3268 3013 usum
3298 2955 3564 3019 consilio.

1980 3072 2115 3111 suos
2157 3056 2211 3110 in
2248 3055 2459 3126 judicio
2495 3054 2703 3109 inducit
2744 3047 3567 3123 dispensantemsermones';

1983 3164 2047 3203 ac
2086 3150 2364 3220 propriam
2389 3146 2612 3219 quidem
2647 3162 2839 3202 vocem
2861 3144 3057 3216 ,{qnud
3093 3150 3308 3214 spectat
3348 3142 3414 3196 ad
3443 3139 3571 3211 Spi-

1986 3243 2153 3296 ritum
2185 3248 2467 3304 sanctum.
2516 3239 2745 3294 silentio
2778 3238 3074 3307 pressisse,
3103 3236 3233 3292 aliis
3264 3249 3397 3290 vero
3421 3233 3569 3288 idem

1986 3331 2303 3385 valentibus
2327 3332 2477 3401 piam
2507 3330 2630 3384 ﬁdei
2656 3329 3107 3400 praedicationem
3134 3327 3354 3382 firmare
3384 3344 3401 3382 :
3428 3336 3569 3380 tam-

1986 3424 2091 3479 etsi
2132 3424 2406 3478 neminem
2446 3424 2664 3478 nescire
2706 3432 2857 3492 puto,
2886 3430 3163 3491 quantum
3184 3423 3329 3475 inter
3353 3427 3571 3473 utrum-

1987 3533 2094 3585 que
2145 3524 2539 3587 argumentum
2572 3515 2809 3583 referat;
2868 3517 3048 3579 inter.
3084 3517 3313 3585 inquam
3340 3556 3354 3578 .
3390 3515 3568 3583 ipsam

1988 3608 2215 3664 deitatis
2241 3608 2400 3663 ﬁdem
2426 3623 2491 3663 ac
2521 3608 2932 3664 confessionem
2952 3646 2968 3672 .
3000 3615 3451 3678 commentaque.
3505 3620 3572 3661 ac

1989 3700 2228 3757 subtiles
2254 3699 2625 3770 cogitationes
2651 3698 2719 3754 de
2734 3699 2923 3754 divina
2948 3697 3573 3765 incarnatione,quem-

1989 3795 2286 3852 admodum
2332 3795 2411 3849 ait
2455 3793 2601 3850 idem
2634 3790 2862 3850 sanctus
2903 3793 3207 3865 Gregorius
3232 3790 3570 3860 Theologus.

1990 3896 2268 3961 quotquot
2333 3886 3050 3958 subtiliscontemplatio.
3101 3884 3170 3940 ad
3221 3881 3569 3953 probandam

1990 3981 2284 4050 utriusque
2312 3989 2525 4035 naturae
2553 3978 2975 4048 perfectionem.
3009 3974 3345 4032 necessitate
3384 3974 3571 4042 requi-

1994 4077 2085 4129 rit.
2120 4072 2332 4143 Quippe
2378 4073 2555 4142 liquet
2606 4080 2668 4126 ut
2701 4085 2991 4127 sermones
3040 4084 3106 4123 ac
3145 4068 3403 4137 dogmata
3449 4080 3575 4137 spc-

1990 4168 2201 4221 ctantia
2240 4165 2309 4220 ad
2349 4165 2595 4221 divinam
2628 4173 2908 4225 naturam,
2944 4162 2997 4216 id
3033 4161 3206 4217 estad
3237 4158 3568 4214 Trinitatem

1989 4257 2309 4325 vivificam.
2358 4256 2754 4327 principaliora
2805 4265 2969 4317 sunt.
3018 4253 3401 4323 majoremque
3431 4250 3571 4307 emi-

1992 4352 2234 4407 nentiam
2266 4365 2330 4405 ac
2358 4349 2735 4421 prastantiam
2773 4348 2998 4403 habent.

2064 4442 2158 4499 Sic
2179 4443 2326 4498 enim
2348 4443 2513 4497 etiam
2542 4442 2819 4511 accepturi
2841 4454 3036 4495 sumus
3056 4439 3126 4493 ab
3144 4437 3337 4493 eodem
3362 4438 3574 4509 sapien-

1994 4537 2035 4593 ti
2066 4535 2350 4608 Theologo
2407 4535 2617 4605 prolata
2670 4534 2933 4589 adversus
2978 4530 3373 4597 Eunomianos,
3414 4531 3570 4586 Orat.

313 4610 476 4681 μεθα,
515 4614 573 4665 ὲν
612 4606 697 4676 οἷς
753 4614 935 4669 τοιάδε
1004 4616 1170 4688 φησί’
1218 4618 1550 4689 «Φιλοσόφει
1613 4639 1706 4693 μοι
1762 4625 1876 4695 περτ

1997 4630 2065 4684 de
2091 4606 2367 4698 theologia
2387 4628 2453 4694 ιο,
2477 4641 2599 4681 cum
2623 4627 2700 4680 ita
2730 4627 2845 4681 ait:
2875 4645 2892 4677 ι
2918 4625 3049 4682 ιιιιιι
3069 4625 3139 4681 de
3163 4626 3369 4680 mundo
3391 4626 3571 4695 philo-

310 4703 544 4774 κόσμου,
595 4707 727 4780 περί
784 4706 941 4778 ὕλης,
974 4712 1103 4781 περὶ
1134 4708 1336 4781 ψυχῆς,
1360 4713 1491 4782 περί
1522 4713 1761 4784 λογικῶν
1786 4717 1890 4787 φύ-

312 4810 451 4850 σεων
485 4796 775 4868 βελτιόνων
802 4816 864 4853 τε
895 4801 990 4854 καὶ
1040 4801 1324 4873 χειρόνων,
1358 4807 1487 4876 περί
1510 4806 1885 4878 ἀναστάσεως,

1997 4720 2254 4792 sephare,
2279 4720 2348 4776 de
2381 4719 2636 4780 materia,
2661 4720 2729 4773 de
2762 4718 2968 4777 anima.
3002 4718 3069 4773 de
3089 4716 3303 4773 naturis
3325 4717 3574 4771 rationa-

1995 4812 2143 4870 libus
2163 4820 2272 4867 tam
2319 4810 2484 4867 bonis
2508 4824 2672 4881 quam
2698 4809 2982 4881 mallem.
3017 4809 3085 4864 de
3141 4808 3573 4869 resurrectione.

380 4909 541 4970 'Job.
567 4930 623 4981 ν,
658 4914 760 4981 f3;
797 4912 817 4969 l
842 4915 972 4973 Cor.
1002 4933 1084 4984 tn.
1114 4918 1198 4973 f9.
1275 4919 1297 4952 ’
1328 4919 1473 4978 Psal.
1501 4938 1613 4993 cxt,
1638 4926 1693 4983 5.
1756 4929 1800 4960 ‘°
1828 4930 1979 4985 Orat.
2008 4929 2103 4986 35.

1626 5036 1861 5095 VARUE
1909 5039 2311 5099 LECTIONES.

387 5134 410 5161 ο
442 5123 539 5176 καὶ
570 5123 863 5197 ἑκατέραν.
936 5123 964 5163 ἀ
994 5140 1227 5195 περιττ.
1259 5127 1325 5180 τὸ
1358 5128 1479 5200 οὐχ.

1830 5200 2040 5258 NOTAE
2059 5246 2065 5253 .

314 5286 579 5366 yidetjcnt.
626 5289 841 5366 tyrauni
900 5288 991 5366 illa
1048 5292 1424 5366 persuasione.
1483 5289 1559 5366 Ut
1607 5293 1874 5366 charitate
1982 5295 2218 5366 probare
2248 5295 2360 5350 ullo
2393 5296 2555 5350 modo
2586 5296 2819 5366 professi
2864 5297 2996 5358 sint.
3029 5296 3179 5353 haud
3206 5296 3433 5354 omnino
3468 5314 3565 5356 ex-

298 5356 877 5441 ⁵ἱιιιιιιιειετίι,Βθεὶιῇιιξι
923 5356 1311 5441 §unpmianis,
1344 5362 1510 5441 etiam
1548 5363 1877 5441 indulserint
1983 5356 2213 5441 cusandj
2257 5368 2393 5441 sint.
2449 5356 2667 5441 tametsi
2746 5368 2895 5423 illata
2951 5356 3035 5425 vis
3086 5369 3293 5441 crimen
3346 5369 3571 5441 dignum

317 5426 532 5509 praefati
565 5429 832 5511 epiSCOpi.
858 5430 1253 5511 inﬁrmioribus
1291 5426 1656 5511 Orthodoxisj
1704 5434 1878 5489 nihilo
1983 5436 2143 5511 venia
2181 5437 2334 5511 facit.
2365 5426 2509 5507 quod
2536 5436 2773 5511 Joannes
2809 5448 3001 5495 uoster
3028 5440 3218 5495 multis
3242 5440 3297 5493 in
3325 5426 3569 5511 serj’nen-

318 5498 549 5570 ininoris
577 5499 872 5570 momenti.
893 5509 951 5552 ut
979 5514 1045 5553 ne
1076 5498 1317 5570 Spiritus
1355 5511 1580 5558 sanctus
1607 5503 1883 5559 diceretur

318 5568 465 5622 heus
513 5571 677 5641 etiam
734 5569 921 5624 Basilii
982 5568 1160 5635 aetate,
1211 5587 1375 5641 quam
1431 5582 1593 5628 utne
1629 5573 1883 5630 Christus

318 5642 552 5692 duarum
588 5640 933 5713 voluntatum
977 5656 1041 5694 ac
1097 5640 1497 5710 operationum,
1548 5653 1671 5713 post
1718 5646 1881 5699 etiam

324 5724 373 5762 νι
437 5710 759 5784 synodum:
815 5722 1108 5784 utrumque
1175 5714 1432 5784 nimirum
1492 5710 1767 5784 negative,
1823 5731 1885 5770 ac

321 5780 558 5845 quadam
624 5780 1033 5841 abstractione.
1084 5796 1192 5835 non
1249 5783 1398 5837 velut
1460 5780 1757 5841 contrarie.
1815 5785 1887 5841 Ut

321 5848 865 5927 :t_lmd_peccaverint
911 5852 1152 5927 episcopi
1184 5850 1490 5927 Orientales
1540 5857 1592 5909 in
1632 5872 1684 5909 VI
1718 5874 1885 5927 syno-

321 5918 453 5974 dum
486 5919 541 5975 in
582 5920 812 5992 gratiam
846 5918 1406 5992 haeretici'principis,
1449 5942 1677 5995 eamque
1704 5918 1764 5982 se
1799 5944 1883 5983 rc-

1989 5506 2093 5562 bus
2120 5508 2335 5563 erudite
2369 5506 2632 5563 Ostendit.

2063 5577 2141 5648 (7)
2186 5577 2320 5631 Tant
2368 5577 2540 5644 bonis,
2593 5596 2752 5650 quam
2792 5581 2967 5635 malis.
3020 5580 3443 5639 Manichmorttm
3481 5598 3571 5638 er-

1991 5661 2140 5711 rore.
2172 5662 2236 5720 ac
2265 5663 2454 5703 eorum
2490 5650 2583 5720 qui
2616 5651 2790 5707 malos
2843 5666 2872 5704 a
2919 5660 3117 5706 natura
3165 5652 3444 5709 daemones
3472 5653 3573 5707 do~

1994 5716 2268 5796 ce_n_t_.__$ic
2298 5720 2351 5773 in
2383 5716 2610 5796 reliquis
2644 5722 2945 5796 variisunt
2978 5738 3219 5790 errores,
3256 5740 3398 5796 quos
3417 5724 3571 5796 velut

1994 5788 2346 5866 pihilihabct
2387 5788 2708 5866 theologus.
2735 5788 2855 5866 ejus
2905 5788 3337 5864 comparatione.
3367 5794 3462 5866 qui
3503 5797 3559 5866 in

1996 5860 2112 5927 ipsa
2307 5871 2502 5917 natura
2555 5857 2617 5919 ac
2668 5857 2969 5932 'l'rittitatc,
3027 5857 3229 5923 temere
3281 5857 3562 5923 serutanti

1992 5937 2372 5985 committitur.
