4130 6398
646 472 781 539 1427

1746 464 2066 526 JOANNIS
2105 461 2608 521 PATRIARCHAE
2641 462 2748 523 CP.

3770 461 3902 524 1423

638 581 1480 658 ludicio,retributione,(lhristi
1503 578 1850 653 passiouibus
1873 576 2216 632 :inhisenim
2248 577 2294 634 Α
2324 573 2582 644 κρίσεως,
2650 574 3086 638 ἀνταποδόσεως,
3128 574 3367 645 Χριστοῦ
3433 573 3813 645 παθημάτων·
3848 579 3904 628 ὲν

642 679 951 734 ημρίτιιειιι
1009 688 1167 732 vacat
1207 688 1268 732 ut
1318 691 1505 732 verum
1548 672 1885 742 assequaris,
1913 684 2012 724 nec
2062 667 2222 722 habet

639 769 947 839 periculum
1002 777 1059 823 ut
1091 784 1334 823 exerres.
1372 787 1390 819 ι
1439 765 1562 820 lia-c
1585 765 1798 826 doctor,
1830 776 1939 816 non
1957 758 2224 828 simplici-

639 873 723 916 ter
747 863 929 931 posuit
951 876 1013 915 ac
1035 859 1307 922 absolute,
1329 859 1423 914 scd
1444 858 1676 927 quadam
1703 869 1821 908 com
1833 852 2136 922 paratione,
2156 849 2221 903 ad

638 969 701 1008 ea
731 969 854 1023 qua!
889 954 1148 1008 dicuntur
1192 967 1255 1007 ac
1287 960 1613 1006 astruuntur
1632 948 1700 1002 de
1725 945 1907 1000 divina
1932 943 2221 997 Trinitate.

643 1046 745 1100 l‘er
774 1046 923 1101 hunc
952 1047 1137 1116 itaque
1162 1042 1613 1115 dispensationis‘
1644 1046 1985 1106 eventusque
2009 1051 2076 1090 ex
2109 1050 2208 1089 ne-

639 1138 904 1194 cessitate
949 1139 1197 1195 modum.
1229 1145 1379 1206 gesta
1428 1151 1645 1205 quoque
1673 1132 1879 1201 reliqua
1918 1145 2041 1184 cum
2073 1136 2222 1182 certo

643 1227 917 1283 noveritis
969 1227 1289 1296 procedere,
1322 1223 1682 1284 sanctissimi,
1709 1237 1776 1276 ne
1810 1221 1866 1274 in
1894 1220 1984 1274 his
2009 1219 2218 1273 crimen

643 1329 753 1369 non
785 1316 1182 1386 ignoscendum
1224 1316 1386 1370 nobis
1421 1314 1601 1382 ailingi
1655 1310 1942 1382 patiamini
1971 1325 1983 1360 :
2015 1310 2124 1364 imo
2171 1308 2216 1363 si

641 1407 775 1478 quid
838 1410 1192 1464 commissum
1263 1408 1510 1460 videatur
1552 1412 1743 1459 contra
1775 1403 1922 1472 quod
1949 1400 2208 1475 exigebat

644 1509 905 1553 accurata
931 1500 1096 1562 ratio,
1128 1513 1319 1553 eorum
1342 1496 1654 1557 collatione,
1689 1510 1809 1564 qua:
1835 1510 1862 1546 a
1888 1495 2095 1548 sanctis
2121 1493 2220 1546 Pa—

645 1591 824 1646 tribns
855 1606 952 1661 per
1005 1591 1366 1644 meonomiam
1427 1595 1844 1657 processerunt,
1880 1587 2217 1657 inculpatum

642 1681 933 1746 habeatur,
959 1682 1096 1737 etab
1121 1682 1271 1736 omni
1304 1681 1768 1735 condemuatione
1796 1681 2046 1735 liberum.
2079 1677 2214 1732 Nam

638 1782 696 1832 et
737 1773 1180 1843 sapientissimus
1239 1772 1479 1843 Cyrillus
1537 1772 1846 1828 meonomia
1887 1780 2092 1834 monet,
2160 1779 2219 1824 ut

640 1881 708 1920 ne
778 1864 1094 1919 nominatim
1146 1867 1534 1932 proscribatur
1590 1863 1920 1919 Theodorus
1950 1862 2209 1930 510psue-

639 1965 852 2021 stcnus,
912 1956 985 2009 ita
1035 1955 1325 2027 indulgens
1365 1959 1431 2012 iis
1457 1956 1750 2027 quiadhuc
1803 1954 2135 2008 imbecillius
2163 1955 2214 2006 in

639 2048 742 2101 hoc
770 2045 1055 2108 haberent,
1092 2061 1218 2101 cum
1267 2056 1450 2102 tamen
1515 2046 1861 2103 Nestorianae
1891 2062 2010 2101 eum
2048 2046 2220 2101 haere-

637 2136 716 2190 sis
768 2141 1044 2189 auctorem
1094 2150 1159 2190 ac
1230 2146 1440 2206 patrem
1497 2137 1666 2208 probe
1700 2146 1905 2192 nosset.
1936 2136 2013 2190 Ac
2040 2137 2217 2205 palam

638 2227 829 2297 liquet,
871 2241 937 2280 ex
976 2226 1044 2283 iis
1069 2243 1190 2297 quae
1221 2228 1327 2283 hoc
1360 2239 1691 2300 argumento
1731 2229 1954 2298 scripsit
1984 2228 2049 2281 ad
2083 2244 2215 2282 san-

638 2327 785 2371 etum
811 2316 1088 2381 Proclum,
1110 2319 1475 2374 sanctissima:
1512 2329 1715 2373 nostra:
1746 2319 2217 2387 Constantinopo-

641 2408 830 2462 litans:
867 2405 1128 2463 Ecclesiae
1161 2411 1442 2478 quondam
1474 2410 1801 2465 antistitem.
1828 2410 2019 2475 Porro,
2054 2426 2213 2478 quem

639 2499 898 2569 superius
924 2499 1334 2556 declaravimus
1355 2501 1478 2555 ﬁdei
1507 2512 1826 2572 tyrannum,
1854 2504 2214 2555 cauteriatam

639 2591 850 2647 habens
899 2593 1320 2656 conscientiam,
1352 2594 1807 2664 quemadmodum
1851 2593 2096 2664 loquitur
2129 2609 2218 2648 sa-

640 2684 990 2740 cratissimus
1049 2683 1336 2751 Paulus“,
1397 2698 1718 2741 memoratae
1787 2697 1996 2743 sanctae
2028 2699 2208 2742 sextae

641 2776 839 2848 synodi
868 2784 1119 2831 actorum
1145 2785 1324 2832 tomos
1355 2777 1411 2831 in
1463 2779 1663 2847 palatio
1716 2779 2012 2850 repositos,
2046 2794 2216 2834 ausus

641 2876 726 2923 est
755 2867 1107 2934 comburere;
1145 2876 1301 2922 ratus
1327 2869 1466 2931 fore,
1499 2879 1767 2939 quantum
1809 2871 2029 2940 quidem
2066 2873 2214 2924 vide-

643 2959 829 3024 batur,
859 2963 916 3009 ut
937 2956 1131 3011 iisdem
1165 2960 1372 3025 pariter
1397 2956 1630 3012 llaunnis
1663 2973 1976 3013 sermonem
2005 2959 2214 3012 verita-

645 3050 716 3103 tis
754 3047 1022 3103 aboleret.

701 3249 973 3307 Cazterum
996 3251 1052 3306 in
1077 3252 1185 3307 hoc
1213 3252 1458 3308 sinentes
1489 3251 1640 3306 inani
1664 3265 1787 3306 eum
1813 3249 2216 3306 existimatione
2243 3281 2285 3338 α

638 3343 839 3414 decipi,
891 3357 956 3399 ac
989 3345 1136 3400 velut
1171 3359 1271 3415 pro
1331 3359 1532 3415 magno
1583 3343 1836 3398 facinore
1868 3358 1967 3396 suo
2033 3341 2212 3410 ipsius

638 3435 844 3504 probro
892 3434 1144 3506 gloriari,
1191 3435 1509 3506 diligentem
1561 3434 1916 3488 adhibuimus
1965 3447 2211 3503 operam,

636 3535 701 3583 ut
725 3527 888 3583 dictae
912 3537 1115 3582 sancite
1143 3535 1314 3583 sexta:
1336 3526 1528 3600 synodi
1562 3535 1808 3581 actorum
1849 3534 2030 3580 tomos
2067 3522 2214 3594 apud

637 3635 742 3675 nos
774 3621 1067 3691 repositos,
1101 3621 1320 3676 interim
1344 3635 1717 3684 servaremus,
1745 3620 1797 3673 in
1819 3620 2021 3688 quibus
2048 3619 2216 3672 etiam

638 3709 912 3766 habentur
943 3712 1350 3782 episcoporum,
1390 3719 1664 3782 quotquot
1693 3711 1760 3765 ad
1786 3718 2034 3765 sanctam
2067 3710 2220 3778 ejus-

640 3798 787 3854 modi
857 3799 1130 3870 synodum
1187 3808 1585 3862 convenerunt,
1623 3799 2062 3869 subscriptiones
2111 3813 2219 3851 una

639 3905 769 3944 cum
807 3889 1157 3960 imperatoris
1193 3891 1613 3961 consignatione
1685 3906 1749 3946 ac
1803 3891 2007 3960 sigillo,
2060 3888 2222 3944 editae

641 3980 711 4036 ab
737 3995 800 4034 ea
822 3980 1148 4036 deﬁnitione
1177 3983 1428 4051 adjectae.
1465 3982 1684 4052 Alioqui
1724 3997 1875 4047 vero,
1902 3982 2222 4051 diligentius

641 4073 849 4128 nostris
922 4075 1035 4143 jam
1104 4074 1456 4144 temporibus
1522 4087 1747 4130 cautum
1816 4085 1924 4139 est,
1973 4074 2221 4144 ejusdem

643 4163 844 4235 synodi
906 4173 1155 4220 actorum
1217 4165 1490 4220 inviolata:
1555 4165 1986 4229 conservationi,
2088 4179 2224 4234 qua-

641 4266 803 4313 tenus
859 4257 1024 4312 etiam
1079 4260 1320 4327 scriptus
1379 4259 1518 4314 liber
1568 4273 1737 4313 manu
1779 4259 2010 4328 propria
2061 4254 2221 4310 Pauli

639 4358 844 4404 sanctae
896 4349 1172 4403 memoria:
1227 4353 1511 4419 quondam
1573 4347 2222 4416 ConstantinOpolitanaa

639 4449 842 4492 nostra:
903 4438 1162 4493 Ecclesia;
1209 4439 1484 4509 praesulis,
1544 4436 1640 4493 Dei
1709 4439 1885 4509 gratia
1941 4437 2083 4506 apud
2124 4451 2224 4491 nos

639 4539 918 4592 set-Vatur,
961 4530 1053 4598 qui
1085 4545 1116 4582 a
1146 4531 1376 4586 secretis
1432 4530 1733 4586 exsistens.
1792 4529 2063 4599 ejusmodi
2094 4543 2224 4597 syn-

2321 664 2535 729 τούτοις
2589 667 2719 738 γὰρ,
2772 668 2960 720 καὶτὸ
2996 669 3387 736 ἐπιτυγχάνειν
3437 668 3540 720 ούκ
3610 667 3902 737 ἄχρηστον,

2322 758 2417 810 καὶ
2459 758 2520 810 τὸ
2560 758 2934 829 ἁμαρτάνειν,
2988 757 3297 812 ἀκίνδυνον.
3329 777 3345 808 ι
3378 759 3490 827 Οὐχ
3549 758 3738 821 ἁπλῶς
3796 761 3907 829 γὰρ

2319 847 2493 902 ταῦτα
2546 849 2643 903 καὶ
2698 849 2984 913 ἁπολύτως
3029 850 3280 903 τέθεικεν
3312 853 3340 903 6
3372 850 3718 912 διδάσκαλος,
3768 851 3906 904 ἀλλὰ

2319 938 2397 1009 τῷ
2428 939 2568 993 κατὰ
2624 941 3055 1011 ἁντιπαρὰθεσιν
3109 943 3276 1013 λόγῳ,
3340 944 3479 1014 πρὸς
3507 943 3576 995 τὰ
3621 945 3749 1014 περὶ
3808 947 3905 1012 τῆς

2322 1030 2472 1094 θείας
2499 1030 2731 1102 Τριάδος
2751 1032 3023 1103 λεγόμενὰ
3054 1052 3112 1087 τε
3134 1036 3231 1088 καὶ
3260 1035 3719 1104 δογματιζόμενα.
3746 1036 3906 1088 Κατὰ

2319 1122 2509 1177 τοῦτον
2537 1125 2603 1196 δὴ
2631 1125 2726 1179 τὸν
2754 1127 2855 1197 τῆς
2891 1129 3249 1200 οἰκονομικῆς
3280 1130 3374 1182 καὶ
3400 1129 3544 1182 κατὰ
3583 1131 3904 1200 περίστασιν

2321 1216 2656 1286 συμϐάσεως
2684 1219 2912 1289 τρόπον,
2943 1222 3039 1274 καὶ
3072 1221 3138 1274 τὰ
3163 1221 3330 1275 λοιπὰ
3371 1221 3478 1274 τῶν
3517 1221 3904 1290 γεγενημένων

2321 1309 2605 1378 προελθεῖν
2680 1311 3019 1383 πειθόμενοι,
3073 1315 3408 1382 ἁγιώτατοι,
3444 1314 3519 1384 μὴ
3553 1314 3903 1380 ἀσύγιιωστον

2320 1403 2534 1474 ἡμῖντὸ
2555 1403 2650 1457 ἐπὶ
2699 1404 2913 1470 τούτοις
2971 1406 3228 1477 ἔγκλημα
3268 1411 3645 1478 προσαγαγεῖν
3677 1409 3906 1461 καταδὲ-

2321 1493 2486 1566 ξησθε
2506 1511 2521 1524 ·
2554 1495 2689 1548 ἁλλὰ
2713 1497 2814 1550 κὰν
2837 1514 2889 1549 τι
2919 1497 3017 1566 τῆς
3061 1497 3353 1567 ἀκριϐείας
3381 1499 3517 1568 ἡμῖν
3550 1498 3902 1568 ἡμαρτῆσθαι

2321 1585 2633 1655 ύπονοῆται,
2665 1587 2731 1656 τῇ
2755 1586 3056 1657 παραθέσει
3085 1587 3193 1639 τῶν
3224 1589 3287 1641 ὲκ
3311 1587 3420 1640 τῶν
3457 1589 3632 1655 ἁγίων
3673 1588 3904 1657 Πατρῶν

2323 1675 2482 1744 ἡμῶν
2513 1677 2877 1746 οἰκονομικῶς
2930 1678 3302 1746 προελθόντων
3323 1719 3338 1742 ,
3373 1679 3695 1732 ἀπολυέσθω
3746 1680 3904 1732 ἁνεύο

2320 1766 2500 1832 θυνον,
2547 1767 2643 1820 καὶ
2707 1768 2891 1838 πάσης
2937 1769 3227 1840 ἐλεύθερον
3265 1771 3675 1840 κατακρίσεως.
3753 1771 3904 1822 Ἐπεὶ

2320 1861 2412 1912 καὶ
2438 1860 2707 1930 Κύριλλος
2736 1863 2766 1914 6
2798 1862 3136 1932 σοφώτατος,
3178 1863 3252 1933 μὴ
3285 1865 3466 1934 ῥητῶς
3519 1865 3902 1933 ἀποκηρύττε-

2323 1950 2448 2004 σθαι
2478 1952 2568 2005 τὸν
2589 1953 2969 2023 Μοψουεστίας
3003 1955 3281 2026 Θεόδωρον
3335 1957 3630 2026 παρεγγυᾷ
3657 1957 3722 2008 δι’
3756 1959 3902 2010 οίκο-

2319 2046 2553 2114 νομίαν,
2602 2046 2964 2117 χαριζόμενος
3020 2052 3132 2110 τοῖς
3186 2047 3266 2099 ἔτι
3325 2049 3715 2118 ἀσθενέστερον
3777 2053 3902 2119 περὶ

2317 2138 2474 2190 τοῦτο
2509 2138 2893 2210 διακειμένοις,
2925 2140 3109 2193 καίτοι
3140 2140 3387 2210 ἀρχηγὸν
3421 2141 3512 2193 καὶ
3539 2141 3754 2210 πατέρα
3810 2143 3902 2209 τῆς

2317 2230 2618 2301 Νεστορίου
2681 2231 3004 2298 κακοδοξίας
3028 2234 3238 2285 ἐκεῖνον
3266 2231 3444 2296 εἰδώς.
3483 2233 3594 2284 Καὶ
3619 2234 3777 2285 τοῦτο
3813 2234 3901 2301 δτι-

2317 2322 2419 2388 λοί,
2443 2323 2511 2376 τὰ
2539 2324 2668 2395 περὶ
2701 2324 2893 2377 τούτου
2939 2325 3217 2395 γραεέντα
3258 2326 3388 2394 παρ’
3423 2325 3611 2389 αὐτοῦ,
3644 2327 3782 2395 7:96;
3814 2328 3902 2377 τὸν

2262 2455 2278 2472 .
2317 2417 2376 2468 ὲν
2407 2416 2582 2484 ἁγίοις
2643 2415 2906 2486 Πρόκλον,
2964 2416 3056 2469 τὸν
3109 2417 3209 2485 τῆς
3245 2416 3366 2469 καθ’
3403 2417 3550 2485 ἡμᾶς
3594 2417 3901 2486 ἁγιωτάτης

2331 2508 2658 2578 Ἐκκλησίας
2715 2508 3182 2580 προεδρεύσαντα.
3248 2509 3360 2562 Καὶ
3410 2510 3438 2561 6
3488 2510 3590 2579 μὲν
3642 2511 3901 2579 ἀνωτέρω

2317 2601 2582 2672 δηλωθεὶς
2611 2601 2712 2671 τῆς
2741 2603 2980 2665 πίστεως
3024 2602 3312 2672 τύραννος,
3345 2602 3900 2671 κεκαυτηριασμένην

2317 2693 2574 2764 ἔχωντὴν
2610 2694 2750 2746 ίδίαν
2771 2695 3098 2765 συνείδησιν,
3129 2694 3312 2757 καθώς
3352 2711 3518 2763 φησιν
3554 2694 3581 2745 6
3611 2693 3900 2760 ἱερώτατος

2318 2781 2551 2845 Παῦλος,
2600 2783 2954 2836 κατακαῦσαι
3010 2785 3322 2852 τετόλμηκε
3373 2786 3498 2846 τοὺς
3553 2784 3752 2853 τόμους
3795 2783 3902 2834 τῶν

2317 2875 2726 2946 πεπραγμένων
2756 2875 2858 2946 τῆς
2899 2876 3348 2946 διονομασθείσης
3407 2876 3567 2945 ἁγίας
3589 2877 3753 2942 ’έκτης
3780 2893 3902 2927 συν-

2318 2966 2459 3033 όδου,
2492 2967 2617 3030 τοὺς
2641 2969 2700 3020 ὲν
2724 2966 2802 3037 τῷ
2835 2968 3083 3038 παλατίῳ
3141 2969 3542 3039 ἀποκειμένους
3563 3010 3576 3032 ,
3632 2970 3898 3037 οἰόμενος,

2321 3060 2464 3112 κατὰ
2505 3076 2568 3128 γε
2609 3060 2671 3113 τὸ
2720 3059 2886 3113 αὐτοῦ
2942 3059 3134 3114 δοκοῦν
3195 3061 3647 3132 συνεξαιρανίζειν
3693 3062 3903 3124 τούτοις

2317 3151 2418 3221 τῆς
2439 3150 2699 3215 ἀληθείας
2738 3151 2830 3204 τὸν
2860 3151 3042 3221 λόγον.

2405 3241 2601 3312 Ἡμεῖς
2637 3242 2694 3295 δὲ
2727 3242 2888 3297 τοῦτο
2922 3243 3183 3307 ἐάσαντες
3213 3248 3275 3315 τῇ
3303 3244 3496 3297 ἑαυτοῦ
3529 3244 3904 3300 ὲναπατςῑσθαι

2317 3332 2513 3396 οἰήσει,
2580 3333 2673 3386 καὶ
2702 3333 2777 3398 ὡς
2825 3335 2917 3387 ἐπὶ
2978 3335 3201 3405 μεγάλῳ
3249 3338 3358 3388 τινὶ
3414 3338 3807 3406 κατορθώματι
3841 3342 3902 3407 τῇ

2316 3422 2494 3492 οἰκείᾳ
2542 3423 2956 3493 συγκαυχᾶσθαι
3013 3425 3243 3497 αίσχύνῃ
3276 3466 3290 3489 ,
3339 3427 3608 3496 ἐπιμελῶς
3656 3445 3901 3497 παρεφυ·

2323 3511 2570 3583 λάξαμεν
2620 3516 2748 3578 τοὺς
2807 3515 2937 3587 παρ’
2996 3519 3128 3587 ἡμῖν
3182 3519 3583 3587 ἀποκειμένους
3632 3520 3744 3572 ’.ὧν
3811 3538 3905 3573 πε-

2322 3606 2657 3676 πραγμένων
2691 3609 2891 3679 τόμους
2917 3608 3018 3675 τῆς
3067 3610 3517 3682 διονομασθείσης
3580 3613 3744 3679 ἁγίας
3811 3615 3904 3665 ’ἐκ-

2318 3714 2418 3767 της
2489 3698 2709 3751 συνόδου
2741 3739 2756 3763 ,
2825 3702 2883 3753 ὲν
2942 3696 3025 3764 οἷς
3098 3703 3194 3756 καὶ
3250 3705 3308 3755 αί
3364 3703 3476 3756 τῶν
3541 3705 3903 3758 συνελθόντων

2319 3789 2578 3844 ἁπάντων
2639 3793 2961 3846 ἐπισκόπων
3005 3796 3062 3845 ὲν
3118 3796 3183 3864 τῇ
3235 3795 3464 3867 τοιαύτῃ
3515 3795 3643 3866 ἁγία
3699 3797 3903 3865 συνόδῳ

2323 3881 2644 3952 ὑπογραφαὶ
2714 3883 2857 3953 μετὰ
2909 3884 3006 3952 τῆς
3033 3885 3318 3955 βασιλικῆς
3351 3885 3825 3958 ύποσημειὼσεως
3849 3889 3903 3940 ὲν

2322 3969 2400 4041 τῷ
2423 3974 2555 4042 παρ’
2577 3974 2746 4043 αὐτῆς
2793 3974 3070 4027 ὲκτεθέντι
3105 3975 3217 4045 ὅρῳ
3251 3976 3604 4048 ὲμφέρονται.
3639 3979 3752 4031 Καὶ
3784 3981 3901 4033 ἑτέ-

2325 4080 2435 4133 ρως
2452 4065 2529 4128 δὲ,
2563 4067 2620 4118 ὲν
2652 4065 2729 4136 τῷ
2761 4066 2886 4119 καθ’
2913 4069 3058 4137 ἡμᾶς
3077 4068 3272 4138 χρόνῳ,
3297 4069 3358 4121 τὸ
3389 4070 3700 4123 ἀδιάπτωτα
3731 4071 3900 4139 φυλα-

2324 4153 2517 4224 χθῆναι
2553 4157 2620 4209 τὰ
2647 4159 3018 4228 πεπραγμένα
3073 4160 3172 4228 τῆς
3237 4160 3407 4230 αὐτῆς
3461 4162 3625 4228 ἁγίας
3675 4163 3900 4215 συνόδου

2326 4247 2760 4319 φιλοπονώτερον
2782 4249 3205 4322 διεσπουδάσθη,
3251 4253 3385 4306 καθὸ
3415 4255 3507 4305 καὶ
3538 4254 3743 4323 βιϐλίον
3774 4255 3897 4308 ίδιό-

2325 4355 2536 4409 γραφον
2595 4340 2808 4394 Παύλου
2859 4342 2953 4395 τοῦ
2998 4345 3098 4413 τῆς
3151 4346 3316 4411 ἁγίας
3370 4347 3590 4417 μνήμης
3633 4348 3897 4419 προέδρου

2326 4433 2608 4498 γεγονότος
2665 4433 2767 4503 τῆς
2811 4434 2936 4487 καθ’
2997 4437 3145 4505 ἡμᾶς
3201 4437 3514 4507 ἁγιωτάτης
3550 4437 3895 4508 Ἐκκλησίας,

2327 4521 2512 4592 χάριτι
2572 4523 2711 4576 Θεοῦ
2757 4523 2991 4588 σώζεται
3034 4524 3168 4595 παρ’
3197 4528 3353 4595 ἡμῖν,
3392 4527 3451 4589 ὃς
3473 4529 3778 4598 ἁσεκρῆτις
3802 4531 3891 4582 ὑπ’

639 4622 746 4676 odo
799 4621 1159 4677 ministravit.
1221 4621 1288 4676 Ut
1326 4624 1455 4678 hinc
1488 4623 1544 4677 in
1585 4631 1863 4692 posterum
1884 4637 2078 4676 secura
2108 4636 2219 4673 ma-

2327 4612 2534 4683 ἁρχων,
2571 4615 2628 4666 ὲν
2652 4617 2718 4684 τῇ
2749 4615 2977 4686 τοιαύτῃ
3053 4617 3254 4686 συνόδῳ
3287 4617 3763 4688 καθυπούργησεν.
3813 4621 3895 4684 Ὠς

641 4719 768 4768 neat
797 4711 892 4767 Dei
918 4711 1190 4777 Ecclesia,
1226 4714 1340 4770 fore
1384 4725 1442 4770 ut
1473 4731 1540 4770 ne
1570 4717 1695 4785 quis
1723 4729 1951 4785 prorsus
1981 4713 2221 4784 maligno

644 4804 756 4858 ullo
785 4804 1046 4869 consilio,
1075 4806 1258 4875 qualia
1298 4807 1465 4860 multa
1501 4808 1554 4860 in
1590 4807 1848 4860 immanis
1871 4815 2090 4875 tempus
2117 4821 2219 4859 no-

641 4910 772 4948 vare
816 4895 980 4960 solet,
1025 4896 1341 4950 adulterare
1401 4896 1620 4961 audeat,
1665 4896 1747 4950 sic
1783 4895 2048 4948 continue
2090 4911 2222 4948 con-

644 4986 870 5057 scripta,
927 4995 985 5040 ut
1017 4985 1232 5057 praefati
1295 5003 1506 5052 sumus,
1570 4995 1772 5041 sanctae
1825 4997 1993 5041 sextae
2021 4987 2217 5056 synodi

642 5087 788 5145 acta,
820 5091 923 5132 nec
966 5077 1022 5131 in
1058 5079 1196 5132 alios
1220 5087 1475 5134 auctores
1518 5078 1696 5148 possit
1726 5077 2056 5132 veteratoria
2097 5085 2215 5132 arte

646 5170 876 5227 referre.
904 5169 1118 5241 Quippe
1155 5170 1396 5225 futurum
1450 5179 1557 5233 est,
1597 5179 1654 5222 ut
1689 5171 1904 5223 sincera
1969 5169 2218 5238 nihilque

644 5262 952 5317 adulterata
1002 5263 1232 5325 veritas,
1292 5279 1357 5316 ex
1405 5261 1684 5328 ejusmodi
1719 5261 1858 5315 libro
1883 5261 2218 5316 luculcntius

647 5355 903 5411 omnibus
956 5355 1132 5426 palam
1171 5357 1283 5409 liat.
1327 5354 1545 5409 Etenim
1597 5370 1760 5408 verus
1801 5368 2005 5424 przeses
2033 5363 2221 5408 llOSlel'

648 5461 715 5500 ac
771 5443 1046 5509 S'alvator,
1110 5446 1376 5500 Dominus
1436 5444 1598 5501 Jcsus
1638 5443 1919 5507 Christus,
1950 5441 2098 5496 haud
2152 5443 2220 5497 ad

648 5539 868 5607 longum
913 5549 1164 5609 tempus,
1215 5539 1478 5609 patientia
1546 5538 1598 5591 in
1667 5536 1985 5604 hujusmodi
2018 5535 2222 5599 ferens,

646 5626 891 5681 dormire
949 5628 1211 5682 sustinuit
1237 5629 1300 5682 “.
1326 5628 1642 5697 Exsurgens
1665 5626 1954 5695 siquidem,
1999 5643 2100 5682 sua
2130 5627 2225 5680 bo-

654 5720 826 5776 nitate
857 5732 921 5773 ac
957 5719 1183 5784 virtute,
1211 5736 1363 5775 nunc
1383 5735 1609 5790 quoque
1638 5719 1836 5775 ﬂuctus
1873 5719 2178 5789 increpavit
2205 5737 2219 5782 ;

731 5896 776 5930 “
812 5899 831 5953 Ι
868 5895 1010 5952 Tim.
1045 5895 1194 5957 tr,2.
1273 5895 1313 5925 ¹¹
1339 5893 1527 5947 Matth.
1568 5909 1682 5957 \‘lll,
1711 5892 1804 5946 26.

2325 4705 2390 4757 ὲκ
2418 4705 2610 4759 τούτου
2643 4707 2705 4759 τὸ
2735 4707 2975 4777 ἀσφαλὲς
3015 4710 3107 4762 καὶ
3133 4711 3190 4760 ὲν
3210 4712 3322 4771 τοῖς
3351 4714 3488 4780 μετὰ
3510 4711 3680 4764 ταῦτα
3708 4717 3775 4783 τῇ
3806 4715 3894 4766 τοῦ

2324 4797 2458 4850 Θεοῦ
2488 4797 2788 4870 Ἐκκλησία
2812 4803 3117 4870 προσεῖναι,
3149 4800 3244 4853 τοῦ
3280 4803 3352 4871 μή
3386 4819 3508 4854 τινα
3545 4803 3655 4855 τῶν
3686 4808 3894 4857 πάντων

2325 4890 2584 4963 κακονοίᾳ
2604 4891 2733 4956 τινὶ,
2770 4886 2858 4945 οἷα
2893 4893 3064 4945 πολλὰ
3096 4897 3445 4964 καινοτομεῖν
3483 4896 3676 4948 εἴωθεν
3707 4899 3766 4948 ὲν
3790 4901 3896 4959 τοῖς

2324 4979 2632 5051 ἀνθρώποις
2661 4983 2689 5036 6
2722 4983 2934 5054 χρόνος,
2990 4984 3343 5038 ύπονοθεύειν
3388 4987 3705 5058 ἁποτολμᾷν
3731 4990 3800 5040 τὰ
3826 4991 3895 5051 ὡς

2328 5074 2687 5144 προλέλεκται
2749 5075 2994 5145 συνεχῶς
3019 5077 3390 5148 πεπραγμένα
3415 5079 3511 5147 τῆς
3547 5081 3708 5147 ἁγίας
3739 5083 3897 5151 ἕκτης

2327 5166 2585 5230 συνόδου,
2624 5166 3046 5239 ἢκακοτρόπως
3109 5170 3320 5239 ἑτέροις
3370 5171 3436 5223 τὰ
3494 5172 3722 5224 τοιαῦτα
3784 5176 3899 5225 ὲπι-

2327 5260 2588 5330 φημίζειν
2603 5259 2882 5315 δύνασθαι.
2912 5260 2984 5314 Τὸ
3006 5261 3112 5331 γὰρ
3129 5263 3564 5333 ἁπαρὰγραπτόν
3585 5282 3641 5316 τε
3665 5267 3756 5318 καὶ
3776 5268 3901 5334 γνή-

2330 5368 2444 5403 σιον
2473 5351 2570 5419 τῆς
2615 5351 2897 5422 ἀληθείας,
2927 5354 3020 5405 καὶ
3046 5357 3108 5406 ὲκ
3131 5354 3226 5407 τοῦ
3260 5355 3503 5407 τοιούτου
3533 5356 3743 5424 βιϐλίου
3777 5360 3902 5410 πᾶσι

2328 5442 2673 5513 δειχθήσεται
2728 5443 3129 5514 φανερώτερον.
3176 5445 3394 5516 Ἐπειδὴ
3430 5447 3458 5497 6
3495 5446 3705 5515 ἀληθὴς
3752 5448 3903 5515 ἡμῶν

2332 5535 2631 5604 ἐπιστάτης
2662 5535 2756 5586 καὶ
2786 5535 2975 5605 Σωτὴρ
3010 5536 3037 5586 6
3063 5534 3267 5606 Κύριος
3314 5536 3521 5606 Ἰησοῦς
3555 5537 3793 5607 Χριστὸς
3818 5540 3904 5589 ἐπὶ

2334 5625 2470 5678 πολὺ
2493 5627 2560 5696 τῇ
2611 5627 2667 5678 ὲν
2696 5625 2908 5689 τούτοις
2970 5628 3136 5697 ἀνοχῇ
3206 5626 3408 5680 ύπνοῦν
3459 5627 3558 5679 οὑκ
3607 5628 3901 5697 ἠνέσχετο,

2285 5781 2289 5783 _
2330 5717 2642 5781 διαναστὰς,
2672 5721 2735 5787 τῇ
2757 5718 2932 5788 obesi;
2965 5717 3264 5784 ἀγαθότητι
3297 5719 3389 5770 καὶ
3438 5719 3693 5788 δυνάμει,
3721 5721 3902 5771 ὲπετίο
