4130 6436
365 441 503 509 1429

1249 438 1610 501 EPISTULA
1634 438 1733 497 AD
1770 434 2366 501 CONSTANTINUM
2404 440 2679 501 PAPAM.

3479 443 3616 510 1430

365 577 509 633 μησε
556 560 653 615 καὶ
709 558 806 614 νῦν
839 558 917 631 τῷ
940 557 1195 620 κλυδώνι,
1218 556 1280 613 οὐ
1304 555 1398 611 τοῦ
1432 555 1646 619 ὓδατος,
1675 552 1812 609 ἀλλὰ
1840 549 1933 605 τοῦ

2038 570 2151 610 non
2180 570 2337 626 aquae
2365 557 2515 622 illos,
2556 556 2652 613 sed
2681 556 2855 628 iniqui
2909 565 3161 614 conatus.
3192 559 3272 615 Ac
3319 561 3615 629 procellam

358 652 607 724 ἀθέσμου
654 652 1096 723 ἐγχειρήματος·
1132 648 1226 703 καὶ
1271 648 1364 701 τὸν
1428 646 1525 718 μὲν
1566 644 1817 716 χειμῶνα
1837 643 1939 713 τῆς

358 744 471 798 τῶν
506 742 849 815 Ἐκκλησιῶν
894 742 1066 812 ζάλης
1126 738 1439 794 κατέπαυσε
1472 754 1486 767 ⁸
1522 736 1837 807 ἐδωρήσατο
1882 734 1941 788 δέ

359 838 495 908 ἡμῖν
524 836 627 907 τὴν
658 834 903 906 μεγάλην
927 834 1039 888 τῶν
1069 832 1414 906 πραγμάτων
1442 829 1708 901 γαλήνην,
1738 826 1941 897 εὐσεϐῆ

362 927 591 998 βασιλέα
636 927 911 982 καὶκατὰ
974 926 1154 981 πάντα
1216 926 1495 997 ἐνάρετον.
1552 922 1852 995 ἐφάμιλλόν
1879 938 1940 975 τε

360 1020 460 1074 καὶ
478 1020 633 1087 ἀξιον
660 1019 758 1075 τοῦ
795 1020 965 1090 ὕψους
997 1021 1098 1091 τῆς
1138 1019 1442 1091 βασιλείας,
1474 1016 1811 1087 κεκτημένον
1841 1016 1941 1087 τῆς

358 1113 677 1186 όρθοδοξίας
717 1114 810 1169 τὸν
838 1113 1020 1185 ζῆλον,
1066 1114 1163 1167 καὶ
1208 1111 1318 1165 τῶν
1361 1110 1582 1182 τρόπων
1601 1109 1664 1162 τὸ
1689 1107 1939 1177 κόσμιον,

362 1208 706 1281 φερωνύμως
731 1207 1120 1278 ἀναστήσαντα
1149 1206 1282 1276 ἡμῖν
1330 1203 1430 1275 τὴν
1478 1199 1942 1272 ἐκκλησιαστικὴν

359 1301 590 1373 είρήνην
616 1316 679 1354 τε
710 1298 802 1355 καὶ
834 1299 1110 1371 ὁμόνοιαν.
1163 1295 1516 1368 Πεποίθαμεν
1536 1294 1593 1347 δὲ
1623 1292 1701 1364 τῷ
1732 1292 1941 1362 ταύτην

359 1392 496 1463 ἡμίν
518 1390 898 1463 χαρισαμένῳ.
928 1391 1014 1446 ὅτι
1040 1389 1136 1444 καὶ
1165 1387 1273 1443 τῶν
1305 1386 1406 1456 τῆς
1449 1385 1725 1449 πολιτείας
1789 1401 1939 1455 πρα-

360 1483 592 1554 γμάτων
614 1483 713 1557 τὴν
733 1483 1023 1555 ἀνέγερσιν
1038 1484 1174 1554 ἡμῖν
1193 1478 1562 1551 ἐπωνυμικιῖκ
1584 1477 1938 1550 προοιμιάζε-

358 1591 473 1632 ται.

442 1760 637 1831 Ὑμεῖς
701 1754 815 1825 οῦν,
846 1753 892 1814 ὦ
924 1758 1049 1830 ίερά
1081 1759 1311 1832 κεφαλὴ,
1341 1760 1411 1830 τῇ
1445 1760 1504 1813 ἐν
1523 1759 1656 1830 ὑμῖν
1698 1757 1939 1829 διορατι-

362 1850 595 1920 κωτάτῳ
640 1849 872 1921 δυνάμει
901 1849 997 1903 τοῦ
1028 1847 1369 1919 Πνεύματος,
1397 1846 1497 1920 τὴν
1520 1848 1680 1918 χεῖρα
1713 1847 1815 1917 τῆς
1845 1846 1938 1899 εὐ-

2043 645 2264 716 quidem
2314 655 2485 703 aestus
2519 647 2888 705 Ecclesiarum
2941 648 3187 715 sedavit;
3220 649 3452 705 indulsit
3485 666 3619 706 vero

2045 753 2298 810 magnam
2326 754 2512 796 rerum
2542 741 3015 811 tranquillitatem,
3048 742 3199 813 pium
3249 742 3487 813 largiens
3514 743 3617 797 im-

2043 836 2379 899 peratorem,
2412 845 2477 885 ac
2502 831 2654 886 omni
2683 831 2885 888 virtute
2914 842 3171 888 ornatum
3204 833 3407 899 virum,
3456 833 3616 902 plane

2044 923 2272 993 dignum
2326 922 2542 991 imperii
2583 923 2809 987 vertice,
2842 923 3001 992 eique
3031 924 3453 995 respondentem
3514 922 3618 977 ba-

2044 1014 2266 1070 bentem
2303 1014 2481 1069 zelum
2516 1013 2836 1069 orthodoxae
2875 1013 3024 1080 ﬁdei,
3064 1029 3129 1070 ac
3173 1030 3389 1071 morum
3446 1015 3619 1070 bone-

2044 1114 2266 1173 statem,
2325 1105 2423 1177 qui
2474 1120 2573 1176 pro
2603 1104 2844 1159 nominis
2883 1106 3121 1170 ratione,
3176 1106 3613 1162 ecclesiasticam

2044 1196 2202 1252 nobis
2240 1211 2426 1268 pacem
2482 1204 2537 1251 et
2568 1197 2924 1251 concordiam
2971 1197 3124 1251 velut
3154 1205 3422 1252 mortuam
3462 1208 3617 1268 post-

2042 1288 2258 1343 liminio
2315 1288 2681 1345 suscitaverit.
2737 1287 2910 1343 Porro
2946 1286 3275 1344 conﬁdimus
3321 1299 3616 1359 praestante

2043 1394 2132 1445 eo,
2198 1379 2291 1451 qui
2324 1395 2443 1436 eam
2482 1381 2937 1451 tranquillitatem
2994 1380 3228 1452 largitus
3273 1388 3377 1446 est,
3412 1389 3470 1434 ut
3509 1383 3617 1436 rei-

2046 1472 2279 1543 publicae
2348 1472 2670 1528 afﬂictarum
2724 1488 2908 1529 rerum
2970 1474 3454 1540 resurrectionem,
3515 1490 3616 1545 pro

2045 1566 2130 1619 sui
2162 1566 2535 1636 appellatione
2580 1565 2844 1633 nominis,
2898 1565 3239 1621 instaurator
3294 1566 3516 1620 inchoet
3550 1580 3617 1621 ac

2043 1656 2385 1713 exordiatur.

2116 1748 2229 1807 Vos
2292 1751 2498 1821 itaque,
2531 1764 2564 1806 ο
2596 1764 2817 1805 sacrum
2878 1755 3067 1819 caput,
3098 1748 3405 1820 perspicaci
3431 1750 3522 1805 illa
3559 1751 3613 1806 in

2042 1842 2201 1898 vobis
2227 1842 2431 1897 virtute
2464 1842 2715 1912 spiritus,
2746 1840 2963 1896 blanda:
2998 1841 3051 1895 in
3080 1855 3183 1896 nos
3238 1841 3614 1898 inclinatiouis

363 1914 725 2013 μενοῦςὴμίν
753 1914 1090 2003 ἐκτείνοντες
1116 1914 1465 2011 ἐπικλήσεως
1520 1914 1725 2010 πραείᾳ
1750 1914 1934 2010 ἐπαφῇ

2040 1934 2404 1990 extendentes
2433 1948 2678 2000 manum,
2716 1933 2824 1987 leni
2873 1940 3133 1989 contactu
3160 1934 3459 2004 reciproca:
3514 1950 3615 2005 per

358 2032 670 2104 ἀμοιϐαίων
733 2032 1080 2103 γραμμάτων
1142 2031 1285 2086 κατὰ
1337 2030 1429 2085 τὸν
1482 2029 1936 2102 ἐκκλησιαστικὸν

361 2121 585 2193 θεσμὸν,
632 2121 798 2191 ἧγουν
827 2122 894 2192 τῇ
921 2121 1031 2174 τῶν
1080 2119 1502 2175 άντισυνοδικῶν
1549 2119 1847 2190 ἀποστολῇ.
1874 2117 1937 2172 τὸ

358 2214 460 2285 τῆς
512 2213 735 2284 ἀγάπης
788 2214 1160 2284 προσάγοντες
1221 2212 1517 2284 φάρμακον
1550 2211 1612 2264 τὸ
1639 2211 1847 2265 λυποῦν
1876 2212 1935 2266 ἐν

358 2306 493 2377 ἡμῖν
535 2306 631 2359 καί
690 2303 1028 2373 ὐποσφύζον,
1077 2302 1411 2374 θεραπεῦσαι
1459 2302 1821 2357 σπουδάσατε.
1859 2302 1934 2356 Οὐ

358 2399 471 2469 γάρ
531 2396 648 2451 ἐστί
700 2412 835 2449 ποτε
889 2394 1074 2459 ἄνεσις
1103 2398 1169 2466 τῇ
1198 2395 1367 2467 ψυχῇ,
1403 2394 1437 2466 ἢ
1472 2396 1584 2458 τοῖς
1634 2392 1936 2464 ὀφθαλμοῖς

357 2488 688 2561 ἐπιϐήσεται
718 2487 907 2552 ῦπνος,
939 2489 1036 2541 καὶ
1072 2486 1383 2551 ἀνάπαυσις
1411 2488 1524 2548 τοῖς
1544 2484 1866 2557 κροτάφοις,
1897 2483 1931 2554 ἢ

357 2583 475 2646 τοῖς
504 2580 798 2653 βλεφάροις
820 2581 978 2652 ήμῶν
1003 2579 1457 2650 νυσταγμὸς,ἒως
1484 2578 1550 2633 ἂν
1578 2578 1679 2650 τὴν
1702 2576 1934 2633 καθόλου

359 2673 685 2745 θεασώμεθα
704 2673 802 2728 τοῦ
841 2672 977 2727 Θεοῦ
1017 2673 1372 2743 Ἐκκλησίαν,
1397 2670 1513 2738 τὴν
1542 2671 1795 2738 ἑνότητα
1828 2671 1935 2726 τοῦ

358 2766 701 2835 πνεύματος
746 2766 841 2820 καὶ
891 2761 1050 2829 αὖθις
1068 2764 1141 2818 ἐν
1167 2763 1248 2829 τῷ
1275 2762 1602 2833 συνδέσμῳ
1628 2762 1741 2833 τῆς
1774 2762 1938 2834 εἰρή-

359 2874 473 2924 νης
496 2856 894 2922 διασώζουσαν.
926 2856 1037 2909 Καὶ
1093 2855 1202 2925 γάρ
1243 2855 1453 2909 ἐκείνου
1499 2854 1653 2917 δντες
1695 2852 1938 2925 μαθηταὶ

362 2948 460 3003 καὶ
480 2948 743 3019 διάδοχοι,
763 2948 861 3001 τοῦ
892 2949 1044 3020 παρά
1070 2947 1166 3001 τοῦ
1192 2948 1399 3019 Κυρίου
1429 2946 1764 3011 ἀκούσαντος
1791 2963 1805 2978 ·
1834 2948 1934 3001 Σί-

353 3055 506 3110 μων⁶
562 3039 790 3108 Σίμων,
839 3037 1028 3093 ίδοὺό
1059 3037 1333 3103 Σατανᾶς
1388 3037 1731 3108 ἐξῃτήσατο
1780 3036 1939 3109 ὑμᾶς

359 3127 634 3184 σινιάσαι
689 3128 772 3195 ὡς
817 3129 925 3183 τὸν
974 3128 1149 3184 σῖτον
1179 3145 1195 3160 ο
1236 3128 1352 3200 ἐγὼ
1392 3129 1460 3183 δὲ
1498 3130 1757 3198 ἐδεήθην
1803 3129 1939 3200 περὶ

2036 2028 2252 2084 litteras
2281 2029 2468 2099 gratiae
2494 2028 2650 2098 juxta
2680 2026 2936 2081 Ecclesia:
2964 2026 3159 2097 legem,
3188 2026 3242 2080 id
3287 2036 3392 2092 est,
3427 2028 3615 2083 missis

2035 2118 2287 2175 vicissim
2320 2119 2622 2190 synodicis,
2657 2119 2973 2174 dilectionis
3004 2119 3309 2173 remedium
3338 2117 3613 2173 adhiben-

2038 2223 2140 2277 tes,
2168 2211 2315 2284 quod
2339 2211 2394 2266 in
2422 2211 2583 2266 nobis
2613 2210 2860 2266 dolorem
2902 2208 3055 2275 facit,
3082 2224 3148 2264 ac
3181 2209 3377 2265 subtus
3405 2210 3612 2280 pulsat,

2037 2304 2296 2361 festinate
2350 2318 2568 2359 curare.
2618 2302 2777 2357 Nulla
2812 2301 3087 2373 siquidem
3126 2302 3326 2357 anima:
3359 2303 3615 2358 remissio

2034 2408 2143 2465 est,
2180 2412 2281 2453 nec
2311 2412 2542 2453 somnus
2573 2397 2754 2452 oculis
2780 2397 2847 2463 ",
2876 2404 2973 2450 aut
3006 2394 3224 2465 requies
3250 2395 3611 2465 temporibus,

2035 2492 2125 2548 vel
2174 2492 2456 2563 palpebris
2520 2490 2844 2546 dormitatlo
2882 2489 3070 2560 aliqua
3130 2487 3410 2554 insidebit,
3433 2489 3614 2543 donec

2037 2586 2239 2641 iterum
2290 2585 2599 2640 universam
2678 2581 2776 2637 Dei
2828 2580 3136 2637 Ecelesiam
3209 2582 3398 2637 videre
3452 2580 3616 2636 liceat

2038 2687 2350 2735 servantem
2410 2679 2669 2733 unitatem
2737 2677 2961 2746 spiritus
3019 2676 3077 2729 in
3136 2674 3343 2729 vinculo
3368 2673 3608 2742 pacis“.

2037 2773 2255 2830 Etenim
2288 2787 2414 2827 cum
2447 2771 2569 2841 ejus
2598 2771 2719 2827 sitis
2764 2769 3025 2840 discipuli
3048 2776 3104 2824 et
3129 2782 3487 2824 successores
3518 2768 3613 2837 qui

2038 2881 2068 2921 ε
2105 2864 2340 2920 Domino
2397 2862 2606 2918 audivit
2638 2878 2650 2915 :
2685 2860 2891 2926 Simon,
2942 2860 3128 2917 Simon
3164 2874 3184 2913 :
3231 2874 3348 2914 ecce
3378 2857 3614 2913 Satanas

2036 2955 2282 3023 expetivit
2313 2970 2403 3008 vos
2430 2964 2487 3007 ut
2515 2952 2771 3006 cribraret
2807 2952 2943 3005 sicut
2990 2949 3228 3004 triticum
3257 2965 3276 3013 ;
3304 2964 3399 3018 ego
3438 2956 3615 3001 autem

2039 3064 2135 3118 pro
2170 3056 2217 3101 te
2250 3046 2434 3117 rogaui
2485 3052 2545 3098 ut
2597 3060 2703 3097 non
2729 3042 2943 3111 deﬁciat
2978 3040 3111 3111 ﬁdes
3141 3048 3346 3105 tua;et
3397 3048 3454 3092 tu
3508 3038 3614 3092 ali-

2038 3137 2250 3211 quando
2302 3152 2604 3199 conversus,
2641 3134 2902 3204 conﬁrma
2935 3133 3133 3202 fratres
3189 3141 3305 3186 tuas
3352 3132 3424 3197 ",
3456 3131 3616 3200 plane

358 3223 498 3290 σοῦ,
529 3224 632 3278 ἵνα
655 3223 740 3294 μὴ
760 3223 1013 3293 ἐκλείπῃ
1049 3225 1087 3292 ή
1115 3224 1321 3292 πίστις
1357 3239 1474 3280 σου
1507 3242 1523 3257 ⁶
1549 3226 1647 3281 καί
1676 3227 1759 3281 σύ
1788 3241 1935 3281 ποτε

2039 3228 2255 3286 debetis
2327 3242 2358 3282 a
2410 3226 2524 3282 Deo
2562 3224 2842 3291 honorati,
2904 3237 3030 3279 cum
3087 3237 3153 3277 ea
3207 3222 3393 3278 studio
3456 3222 3617 3275 adhi-

357 3316 755 3386 ἐπιστρέψας,
783 3316 1077 3387 στήριξον
1092 3317 1235 3385 τοὺς
1266 3317 1572 3387 ἀδελφούς
1593 3331 1730 3373 σου.
1750 3319 1934 3387 ὐφει-

358 3407 513 3462 um
577 3409 723 3473 ἐστὲ,
775 3409 1111 3480 θεοτίμητοι,
1140 3408 1355 3480 τὰμὲν,
1415 3408 1509 3462 τοῦ
1546 3428 1588 3462 π
1627 3408 1683 3473 ὸς
1703 3409 1936 3480 ἐπανόρ-

360 3500 531 3554 θωσιν
584 3500 895 3555 στηριγμοῦ
936 3501 1169 3555 ἐπάγειν
1224 3501 1522 3555 ἐπιμελῶς.
1574 3426 1644 3555 τί
1687 3502 1780 3555 δέ.
1831 3502 1933 3555 τῆς

360 3500 531 3554 θωσιν
584 3500 895 3572 στηριγμοῦ
936 3501 1169 3570 ἐπάγειν
1224 3501 1522 3572 ἐπιμελῶς,
1574 3500 1644 3555 τὰ
1687 3502 1780 3563 δὲ,
1831 3502 1933 3573 τῆς

359 3594 683 3666 συμπαθοῦς
726 3593 952 3665 γνώμης
1015 3595 1433 3668 προχειρότερον
1487 3596 1688 3667 μᾶλλον
1714 3598 1935 3669 χαρίζε-

359 3686 507 3742 σθαι.
553 3688 709 3742 Ἐπεὶ
767 3688 863 3742 καὶ
924 3688 1016 3742 τὸν
1049 3692 1349 3759 κορυφαῖον
1381 3688 1567 3754 αὐτὸν,
1592 3691 1656 3744 ἐκ
1688 3690 1781 3744 τοῦ
1811 3690 1934 3744 καθ’

359 3778 553 3833 ἑαυτὸν
610 3779 908 3852 προτρέπει
950 3782 978 3834 ὁ
1020 3779 1249 3852 Κύριος,
1312 3780 1613 3835 συνειδέναι
1676 3783 1778 3853 μὲν
1833 3782 1935 3853 τῆς

359 3870 567 3940 σαρκὸς
594 3871 695 3942 τὴν
742 3871 1032 3927 ἀσθένειαν
1056 3889 1071 3904 ο
1106 3873 1233 3937 τοὺς
1260 3874 1316 3928 δὲ
1346 3876 1464 3929 κατ’
1498 3876 1769 3948 ἐπήρειαν
1824 3876 1934 3931 τῶν

357 3961 802 4026 ἐκτὸς,όλίσθου
876 3964 1086 4035 τροπὴν
1142 3965 1544 4036 ὑπομείναντας
1585 4008 1601 4035 ,
1665 3967 1801 4023 καθὸ
1867 3969 1932 4040 δὴ

359 4052 632 4107 πέπονθεν
686 4053 781 4107 καί⁸
833 4054 997 4118 αὐτὸς
1024 4056 1083 4108 ἐν
1120 4054 1199 4128 τῷ
1243 4056 1339 4111 τοῦ
1404 4058 1677 4132 σωτηρίου
1726 4059 1933 4125 πάθους

358 4141 559 4215 καιρῷ,
595 4143 672 4215 μὴ
708 4144 1115 4215 ἀποπελῆσθαι
1148 4158 1172 4186 ε
1205 4149 1306 4218 τῆς
1371 4148 1493 4203 κατ’
1556 4150 1933 4223 ἐπανόρθωσιν

359 4232 495 4307 πρὸς
521 4233 621 4305 τὴν
650 4234 925 4305 προτέραν
941 4234 1211 4307 ἀπάθειαν
1233 4236 1757 4303 ἀποκαταστάσεως.

428 4324 540 4380 Καὶ
600 4324 863 4391 τοῦτοδὲ,
886 4327 986 4397 τὴν
1047 4306 1199 4399 ίέράν
1241 4329 1398 4400 ὑμῶν
1463 4331 1683 4403 μνήμην
1715 4332 1791 4405 μὴ
1813 4332 1935 4389 διαο

270 4429 291 4443 ‘
357 4416 630 4487 φευγέτω,
665 4416 742 4482 ὥς
762 4434 909 4483 τινες
940 4418 1050 4472 τῶν
1075 4419 1413 4475 καθελόντων
1439 4421 1530 4475 τὸν
1553 4422 1727 4494 ἀσεϐῆ
1760 4424 1934 4479 Εὐτυ-

358 4510 459 4582 χέα
517 4510 612 4564 ἐπὶ
664 4509 760 4565 τοῦ
817 4511 921 4580 τῆς
971 4513 1134 4582 άγίας
1164 4514 1387 4586 μνήμης
1424 4515 1751 4583 Φλαϐιανοῦ,
1776 4519 1834 4573 ἐν
1864 4521 1933 4589 τῇ

2038 3322 2189 3386 bere,
2246 3334 2369 3392 quae
2414 3325 2544 3375 sunt
2570 3316 3019 3372 confirmationis
3051 3314 3121 3370 ad
3143 3313 3614 3378 emendationem,

2036 3421 2153 3468 tum
2175 3428 2299 3483 quae
2320 3408 2720 3481 compatientls
2751 3409 2919 3463 animi
2952 3405 3280 3477 propensive
3302 3406 3613 3461 ostendere.

2034 3503 2173 3559 Nam
2213 3512 2269 3559 et
2327 3502 2631 3573 principem
2680 3499 2859 3570 ipsum
2887 3513 2953 3554 ac
3002 3497 3377 3567 apostolorum
3427 3504 3614 3567 caput,

2036 3598 2297 3652 admonet
2355 3595 2623 3650 Dominus
2649 3608 2715 3647 ex
2744 3591 2813 3647 iis
2844 3606 2966 3661 quae
2988 3590 3045 3646 in
3070 3604 3140 3644 eo
3179 3588 3530 3653 acciderunt,
3556 3595 3617 3642 ut

2036 3689 2154 3760 ipse
2216 3686 2437 3759 quidem
2490 3685 2682 3741 carnis
2747 3683 3122 3739 infirmitatem
3178 3681 3478 3752 intelligat;
3520 3697 3616 3737 eos

2035 3790 2217 3837 autem
2242 3781 2334 3853 qui
2398 3789 2623 3835 externa
2652 3779 2893 3849 quadam
2930 3776 3190 3832 violentia
3215 3790 3278 3830 ac
3301 3776 3504 3830 insultu
3545 3775 3614 3829 ad

2035 3886 2224 3927 casum
2256 3871 2483 3942 impulsi
2544 3869 2788 3933 fuerunt,
2808 3866 3274 3938 quemadmodum
3296 3867 3414 3939 ipse
3445 3866 3612 3922 etiam

2035 3979 2235 4036 passus
2291 3971 2379 4019 est
2406 3962 2511 4018 sub
2563 3969 2783 4032 tempus
2818 3960 3080 4017 salutaris
3118 3958 3420 4029 passionis,
3465 3958 3613 4015 haud

2036 4060 2113 4113 ita
2144 4058 2369 4119 habere.
2402 4064 2460 4111 ut
2522 4071 2594 4112 ne
2628 4055 2831 4127 prioris
2888 4062 3068 4112 status
3111 4052 3179 4109 ab
3223 4051 3617 4113 aiiectionibus

2034 4151 2192 4206 vacui
2223 4148 2661 4213 absolutionem,
2690 4146 3075 4205 emendatione
3107 4144 3327 4202 valeant
3348 4144 3613 4214 recipere.

2105 4337 2217 4394 Nec
2250 4335 2383 4392 illud
2416 4350 2549 4392 vero
2576 4349 2733 4391 sacra
2758 4340 2944 4389 vestra
2983 4329 3259 4386 memoria,
3282 4328 3519 4394 excidat,
3550 4336 3624 4384 ut-

2036 4431 2298 4488 nimirum
2340 4428 2588 4485 nonnulli
2646 4441 2863 4493 eorum,
2895 4425 2988 4495 qui
3027 4423 3131 4479 sub
3167 4430 3375 4479 sanctae
3403 4436 3614 4478 memo-

2036 4525 2133 4581 ria;
2190 4521 2452 4578 Flaviano
2510 4521 2737 4592 impium
2781 4517 3082 4589 Eutychem
3111 4515 3491 4581 damnassent,
3554 4514 3613 4570 in

364 4601 508 4671 μετά
537 4600 710 4654 ταῦτα
757 4600 851 4654 ἐπὶ
876 4603 1174 4674 Διοσκόρου
1210 4605 1268 4659 ἐν
1305 4603 1516 4675 Ἐφέσῳ
1577 4605 1803 4678 συνόδῳ,
1843 4606 1936 4661 τὸν

2040 4615 2312 4688 Ephesina
2382 4612 2736 4684 postmodum
2788 4609 3002 4683 synodo
3041 4608 3109 4663 ab
3145 4607 3430 4674 Dioscoro,
3460 4621 3609 4672 eum,

358 4691 586 4755 ἐνδίκως
648 4692 1054 4766 κατακριθέντα
1078 4694 1493 4763 δικαιώσαντες,
1520 4696 1623 4766 τὴν
1664 4698 1934 4752 ἀδικωτά-

355 4800 459 4855 την
487 4785 805 4856 ἐπήρτησαν
855 4785 1143 4858 Φλαϐιανῷ
1171 4787 1249 4859 τῷ
1288 4789 1701 4861 μακαριωτάτῳ
1760 4792 1931 4846 κατά-

359 4893 540 4947 κρισιν
559 4891 574 4906 °
603 4876 701 4930 καὶ
754 4876 905 4948 ὅμως
930 4878 988 4931 ἐν
1025 4880 1092 4949 τῇ
1121 4878 1261 4933 κατά
1290 4878 1610 4953 Χαλκηδόνα
1646 4882 1777 4955 ἁγίᾳ
1803 4901 1930 4938 συν-

357 4964 464 5035 όδῳ
512 4964 717 5035 ἢρκεσε
759 4965 972 5029 τούτοις
1014 4968 1152 5037 πρὸς
1204 4968 1420 5023 τελείαν
1482 4971 1803 5046 ἀποτροπὴν
1830 4975 1927 5029 τοῦ

356 5055 707 5127 ἐγκλήματος
731 5056 764 5128 ἡ
791 5057 892 5127 τῆς
950 5058 1139 5126 ὑγιοῦς
1196 5062 1485 5133 ὁμολογίας
1527 5064 1803 5135 σύνθεσις,
1836 5070 1934 5123 καὶ

355 5147 419 5201 οὗ
438 5147 650 5201 πολλῶν
701 5150 832 5220 περὶ
873 5148 1067 5206 τούτου
1122 5152 1348 5223 ἐδέησαν
1388 5156 1569 5213 πόνων
1608 5157 1705 5210 καὶ
1731 5158 1930 5228 λόγων.

356 5232 483 5293 οἶδε
499 5238 609 5311 γὰρ
635 5240 900 5313 άδελφικὴ
923 5243 1146 5316 στοργὴ,
1169 5244 1243 5316 μὴ
1271 5246 1502 5301 ἐπιπολὺ
1526 5247 1934 5306 ἀναϐάλλεσθαι

356 5331 419 5386 τὸ
444 5332 583 5403 πρὸς
635 5333 733 5387 τοῦ
770 5334 941 5399 πέλας
988 5340 1257 5409 προσηνὲς
1283 5339 1377 5394 καὶ
1413 5340 1700 5412 μειλίχιον.
1746 5343 1933 5399 Ταῦτα

355 5421 469 5495 γάρ
529 5424 643 5488 τοῖς
668 5424 728 5477 ἐν
772 5426 912 5498 αὐτῇ
940 5429 1007 5499 τῇ
1035 5429 1092 5481 ἐν
1122 5429 1426 5502 Χαλκηδόνι
1490 5433 1928 5507 συνειλεγμένοις

2039 4706 2133 4778 qui
2154 4704 2302 4777 juste
2338 4702 2738 4758 condemnatus
2760 4699 2981 4763 fuisset,
3005 4698 3215 4768 justum
3250 4698 3613 4768 pronuntian-

2039 4804 2151 4864 tes,
2208 4793 2359 4851 omni
2391 4794 2607 4866 plenam
2665 4790 2941 4861 iniustitia
2967 4786 3454 4844 eondemnationis
3482 4802 3614 4842 sen-

2038 4888 2266 4945 tentiam
2297 4885 2351 4942 in
2402 4883 2779 4941 beatissimum
2819 4880 3143 4937 Flavianum
3186 4879 3426 4935 tulerint.
3460 4879 3495 4934 Ii
3526 4879 3612 4934 ni-

2038 4981 2343 5038 hilominus
2401 4977 2538 5034 satis
2586 4976 2902 5033 babuerunt
2952 4974 3006 5028 in
3056 4980 3247 5029 sancta
3307 4971 3614 5027 Chalcedo-

2038 5074 2196 5130 nensi
2249 5069 2483 5144 synodo,
2540 5067 2609 5122 ad
2645 5066 2887 5140 perfecte
2940 5064 3334 5137 depellendum
3375 5064 3610 5128 crimen,

2040 5174 2102 5221 ut
2155 5179 2307 5220 sanae
2378 5160 2718 5217 confessioni
2770 5172 3059 5216 assensum
3118 5156 3453 5228 praeberent,
3510 5172 3613 5211 nec

2040 5256 2228 5312 multis
2290 5254 2356 5309 ad
2402 5257 2505 5308 hoc
2537 5251 2821 5307 laboribus
2846 5249 3142 5320 verbisque
3187 5248 3269 5304 eis
3317 5262 3456 5315 opus
3484 5247 3610 5303 fuit.

2040 5346 2255 5416 Quippe
2303 5344 2457 5400 novit
2500 5342 2782 5399 fraternus
2830 5356 2988 5397 amor
3017 5355 3125 5397 non
3164 5339 3257 5397 diu
3288 5339 3508 5395 differre
3534 5341 3614 5395 le-

2044 5438 2271 5493 nitatem
2333 5438 2385 5490 in
2442 5434 2773 5507 proximum,
2831 5447 2895 5491 ac
2935 5432 3172 5490 blandos
3227 5447 3431 5491 mores.
3489 5431 3613 5491 llaec

432 5601 478 5634 ⁸³
508 5602 648 5660 Psai.
684 5618 866 5671 cxxxt,
892 5605 946 5661 4.
1027 5607 1070 5639 ¹³
1097 5605 1297 5679 Ephes.
1322 5622 1372 5663 tv
1425 5608 1480 5665 2.
1560 5612 1603 5644 ’⁸
1634 5610 1770 5667 Luc.
1796 5629 1930 5680 xxtl,
1964 5613 2055 5669 3f.

1624 5765 1856 5825 VARI/ﬁ
1897 5766 2315 5825 ιΕοΤιΟΝεε..

432 5883 458 5915 ο
491 5871 621 5948 ιρι.
653 5873 1108 5946 ἀποστερεῖσθαι.
