4130 6472
550 432 680 499 1431

1643 434 1965 497 JOANNIS
2011 431 2522 494 PATRIARCI‘UE
2563 435 2672 495 (ΖΡ.

3714 432 3849 495 153?.

544 550 692 605 enim
728 550 1119 609 sanctissimus
1148 549 1260 607 Leo
1312 551 1573 607 Patribus
1618 550 1967 605 Chalcedone
2006 564 2143 603 con-

2256 547 2499 620 Πατράσι
2532 549 2683 603 Λέων
2704 551 2732 603 6
2764 548 3072 619 ἀγιώτατος
3130 547 3494 613 διεστείλατο,
3525 549 3555 602 ὀ
3588 548 3695 617 τῆς
3724 547 3845 600 καθ’

544 642 793 711 gregalis
847 644 1101 711 mittens,
1149 654 1351 701 vestra:
1392 645 1485 700 ille
1516 646 1833 714 apostolica:
1858 643 2144 706 Ecclesiae,

544 737 679 807 quin
714 745 769 793 et
798 737 1045 794 universi
1081 740 1237 797 orbis
1258 740 1634 795 clarissimum
1670 740 1877 800 lumen,
1909 738 1966 792 in
1992 737 2143 790 hunc

546 830 773 886 inodum
829 833 1055 903 scripsit
1086 833 1168 887 “:
1202 852 1222 885 ι
1254 833 1360 888 Sed
1428 834 1559 904 quia
1612 833 1787 886 multa
1821 846 1988 902 saepe,
2022 844 2145 900 qua:

550 924 961 994 paenitudinem
1016 927 1239 995 possint
1304 942 1608 996 generare,
1674 926 2048 995 proveniunt,
2090 930 2145 978 et

548 1016 987 1088 superatculpas
1006 1018 1442 1089 delinquentium
1469 1016 1847 1072 misericordia
1880 1014 1997 1075 Dei.
2024 1016 2146 1069 ideo

549 1110 914 1179 suspenditur
973 1110 1135 1176 ultio,
1187 1121 1249 1165 ut
1306 1110 1485 1180 possit
1516 1109 1926 1165 locumhaliere
1956 1122 2147 1162 corre-

549 1202 682 1259 ctio.
718 1221 738 1255 »
799 1202 882 1257 Ad
912 1203 1030 1258 hate
1061 1218 1197 1259 vero
1233 1205 1396 1258 etiam
1450 1205 1537 1274 pie
1565 1202 1972 1258 recordationis
2003 1202 2146 1256 seri-

550 1296 688 1350 bens
710 1294 1018 1352 Pulcheria:
1035 1296 1316 1366 Augustae,
1343 1299 1395 1351 in
1416 1298 1650 1369 epistola
1682 1296 1843 1366 cujus
1877 1296 2092 1350 initium
2128 1311 2141 1347 :

558 1405 577 1439 ι
597 1388 930 1456 Rcligiosam
966 1389 1271 1444 clementi-.e
1295 1397 1490 1445 vestra:
1506 1388 1959 1453 sollicitudinem,
1980 1402 2146 1459 quam

551 1480 841 1537 catholicae
894 1481 1019 1537 fidei
1059 1482 1443 1538 indesinenter
1504 1482 1850 1554 impenditis,
1878 1502 1896 1533 ι
1926 1485 2145 1553 ejusce-

554 1569 705 1625 modi
793 1571 991 1627 scribit
1044 1573 1552 1642 principalissimus
1614 1573 1819 1630 Leonis
1872 1576 2141 1629 animus:

560 1679 581 1715 ι
612 1662 771 1719 Sicut
833 1666 981 1720 enim
1008 1680 1038 1720 a
1070 1666 1347 1737 principio
1382 1667 1544 1738 hujus
1590 1683 1777 1724 causa:
1814 1666 2147 1738 frequentis-

554 1755 695 1813 sime
748 1757 975 1829 scripsi,
1017 1758 1160 1815 hanc
1207 1759 1355 1815 inter
1386 1761 1675 1817 discordes
1703 1776 1905 1818 sensus
1938 1772 1991 1817 et
2023 1776 2145 1816 car-

558 1851 717 1907 nales
748 1851 1132 1909 aemulationes
1179 1854 1624 1910 moderationem
1654 1854 1801 1910 volui
1832 1856 2142 1921 custodire,

558 1952 619 1999 ut
650 1945 968 2016 integritati
1002 1946 1226 2016 quidem
1255 1948 1378 2003 fidei
1410 1948 1546 2003 nihil
1578 1949 1759 2015 evelli,
1794 1949 1932 2004 nihil
1960 1949 2152 2004 liceret

557 2036 783 2107 apponi,
843 2037 911 2092 ad
964 2038 1236 2096 unitatem
1306 2055 1438 2095 vero
1513 2055 1818 2111 pacemque
1872 2042 2155 2096 redeunti-

557 2129 682 2192 bus,
716 2130 1023 2186 remedium
1057 2134 1230 2188 veniae
1257 2142 1646 2203 prmstaretur.
1680 2135 1816 2202 Quia
1852 2144 1983 2190 tunc
2018 2150 2154 2205 ope-

557 2237 676 2276 rum
734 2222 937 2278 diaboli
998 2227 1254 2294 potentiae
1327 2227 1719 2292 destruuntur,
1764 2241 1892 2281 cum
1935 2226 2003 2281 ad
2063 2225 2154 2281 Dei

558 2316 910 2386 proximique
968 2316 1319 2374 dilectionem
1354 2318 1640 2373 hominum
1688 2317 1859 2374 corda
1885 2332 2156 2374 revocan-

560 2418 672 2465 tur.
714 2428 734 2462 ›
796 2410 912 2466 lioc
968 2411 1147 2483 ipsum
1207 2413 1370 2485 longe
1426 2414 1597 2468 etiam
1660 2415 1820 2485 prius
1873 2414 2157 2469 invenitur

560 2510 856 2571 praestasse
931 2503 987 2557 in
1041 2503 1246 2560 divinis
1328 2512 1625 2560 accuratus
1685 2506 1944 2577 Cyrillus,
2007 2507 2060 2560 in
2092 2520 2156 2560 ea

561 2608 725 2666 quam
780 2595 975 2649 habuit
1007 2610 1134 2650 cum
1200 2597 1477 2669 episcopis
1542 2598 1921 2654 Orientalibus
1974 2599 2153 2654 disce-

562 2687 809 2756 ptatione
865 2688 1295 2760 studiorumque
1342 2689 1622 2746 conflictu.
1678 2689 1889 2761 Quippe
1932 2690 1990 2754 ii,
2017 2704 2156 2759 prae-

560 2780 877 2837 damnatum
908 2779 1225 2837 Nestorium
1258 2784 1541 2839 absolvere
1586 2783 1858 2848 volentes,
1882 2783 2157 2852 latamque

561 2875 618 2929 in
646 2890 772 2930 eum
832 2875 1164 2930 sententiam
1198 2882 1515 2945 satagentes
1562 2874 1774 2929 irritam
1814 2873 2016 2939 facere,
2042 2889 2153 2928 rem

564 2975 1037 3039 prtesumpseruut
1088 2968 1319 3023 minime
1365 2967 1684 3033 ferendam;
1719 2968 1853 3037 quin
1914 2969 2156 3021 maxime

565 3076 626 3116 se
658 3060 868 3117 scelere
922 3060 1423 3128 constrinxerunt;
1460 3062 1669 3132 quippe
1700 3062 1794 3130 qui
1854 3060 2017 3115 beato
2052 3062 2157 3131 (Zy-

563 3155 711 3216 rillo.
748 3168 813 3209 ac
847 3155 971 3224 ejus
998 3152 1213 3226 synodo
1248 3155 1546 3209 anathema
1582 3154 1845 3209 dixerint.
1880 3152 2152 3208 Caeterum

2247 645 2395 715 ὑμᾶς
2448 644 2819 715 ἀποστολικῆς
2881 642 3178 715 καθέδρας,
3214 641 3423 713 μᾶλλον
3451 641 3508 694 δὲ
3534 640 3634 710 τῆς
3662 642 3851 693 οἰκου-

2251 737 2422 807 μένης
2483 738 2705 807 ἀπάσης
2751 736 3072 807 φανώτατος
3130 735 3396 806 λαμπτὴρ
3428 734 3611 787 τοιάδε
3639 750 3851 803 γεγρα-

2248 828 2367 900 φώς
2396 846 2409 859 ο
2445 848 2463 881 ι
2523 830 2665 883 Ἀλλ’
2702 831 2826 885 ἐπεὶ
2882 829 3054 883 πολλά
3103 828 3401 899 συμϐαίνει
3460 826 3732 890 πολλάκις
3784 830 3853 879 τὰ

2246 923 2531 994 δυνάμενα
2564 924 2859 995 μετάνοιαν
2921 925 3197 993 ἐμποιεῖν,
3224 923 3321 975 καὶ
3345 924 3374 976 6
3399 921 3552 985 ἔλεος
3580 920 3677 975 τοῦ
3711 919 3852 974 Θεοῦ

2247 1020 2376 1089 νικᾷ
2428 1018 2537 1072 τῶν
2586 1017 3023 1089 ἁμαρτανόντων
3085 1016 3156 1069 τά
3214 1014 3710 1085 πλημμελήματα,
3763 1013 3853 1065 διὰ

2247 1109 2427 1174 τοῦτο,
2486 1109 2557 1164 τὰ
2597 1112 2697 1181 τῆς
2746 1108 3023 1180 τιμωρίας
3063 1108 3125 1160 ὲν
3155 1107 3458 1179 ἀναρτήσει
3487 1104 3845 1166 καθίσταται,

2248 1202 2400 1266 ὅπως
2431 1202 2498 1257 ἂν
2522 1202 2710 1273 χώραν
2759 1202 2906 1273 ἔχειν
2933 1203 2966 1269 ἡ
3004 1200 3297 1272 διόρθωσις
3359 1198 3642 1268 δυνηθείη.
3673 1217 3694 1249 ι
3731 1198 3853 1250 Ἔτι

2254 1300 2359 1368 μὴν
2387 1297 2485 1350 καὶ
2520 1296 2828 1367 [Ιουλχερία
2849 1298 2916 1366 τῇ
2943 1295 3044 1367 τῆς
3083 1293 3345 1355 εὐσεϐοῦς
3378 1291 3589 1363 λήξεως
3621 1290 3856 1361 γράφων

2248 1395 2308 1447 ὲν
2339 1390 2621 1463 ἐπιστολῇ,
2650 1387 2772 1463 ἦςὴ
2798 1389 2974 1461 ἀρχὴ,
3021 1409 3039 1441 ι
3064 1388 3181 1459 Τὴν
3213 1387 3437 1456 θεοφιλῆ
3495 1386 3603 1454 τῆς
3662 1386 3858 1455 ὑμετέο

2252 1501 2352 1557 ρας
2398 1482 2815 1554 φιλανθρωπίας
2842 1481 3123 1551 φροντίδα,
3149 1481 3219 1551 ἣν
3250 1483 3317 1551 τῇ
3347 1479 3619 1549 καθολικῇ
3666 1479 3854 1531 πίστει

2248 1577 2601 1632 ἀδιάλειπτον
2631 1575 2962 1644 ἀπονέμετε,
2980 1594 2997 1625 ›
3023 1573 3203 1627 τοιάδε
3230 1590 3305 1644 φη
3316 1574 3400 1625 σὶν
3416 1576 3442 1625 6
3468 1571 3855 1643 ἀρχικώτατος

2249 1670 2342 1724 τοῦ
2377 1670 2609 1732 Λέοντος
2638 1668 2763 1731 νοῦς
2789 1684 2803 1697 ο
2840 1686 2857 1719 ι
2891 1666 3163 1737 Καθάπερ
3204 1668 3316 1735 γὰρ
3350 1665 3408 1732 ἐξ
3439 1665 3621 1735 ἀρχῆς
3645 1662 3856 1734 ταύτης

2247 1763 2351 1833 τῆς
2377 1761 2689 1818 ὑποθέσεως
2720 1761 3028 1831 συχνότατα
3051 1760 3339 1831 γέγραφα,
3378 1756 3589 1827 ταύτην
3638 1756 3848 1825 μεταξὺ

2249 1855 2359 1909 τῶν
2383 1872 2443 1908 τε
2459 1855 2700 1924 διχονοου
2711 1853 2818 1907 σῶν
2833 1850 3109 1916 διανοιῶν,
3133 1853 3227 1904 καὶ
3248 1851 3362 1904 τῶν
3384 1849 3674 1921 σαρκικῶν
3692 1849 3855 1919 ζηλο-

2259 1947 2470 2002 τυπιῶν
2490 1949 2590 2019 τὴν
2608 1947 2914 2001 ἐπιείκειαν
2941 1945 3206 2016 βούλομαι
3224 1941 3594 2015 φυλαχθῆναι*
3619 1942 3762 1995 ὥστε
3786 1946 3851 2011 τῇ

2263 2040 2362 2111 μὲν
2382 2039 2681 2109 τελειότητι
2701 2040 2801 2104 τῆς
2830 2037 3070 2100 πίστεως
3101 2034 3271 2106 μηδὲν
3302 2036 3508 2097 ἐξεῖναι
3537 2032 3853 2104 προστεθῆ-

2259 2149 2371 2195 ναι,
2424 2133 2561 2202 μήτε
2595 2130 2702 2201 μὴν
2746 2128 3118 2199 ἀφαιρεθῆναι
3152 2141 3166 2158 ⁶
3203 2127 3318 2189 τοῖς
3342 2124 3399 2177 δὲ
3433 2125 3573 2196 πρὸς
3606 2124 3706 2194 τὴν
3736 2125 3854 2177 ἐνὸ-

2258 2242 2397 2297 τητα
2427 2226 2521 2278 καὶ
2548 2224 2645 2293 τὴν
2680 2224 2909 2295 εἰρήνην
2960 2219 3270 2283 ὲπανιοῦσι,
3295 2220 3357 2273 τὸ
3386 2218 3490 2289 τῆς
3517 2217 3856 2289 συγγνώμης

2263 2316 2401 2387 ἴαμα
2460 2315 2903 2386 παρασχεθῆναι.
2966 2312 3190 2383 Ἐπειδὴ
3262 2311 3387 2364 τότε
3440 2310 3509 2362 τὰ
3568 2309 3707 2381 ἔργα
3760 2310 3853 2363 τοῦ

2259 2411 2510 2464 διαϐόλου
2558 2403 2930 2479 δυνατώτερον
2985 2405 3403 2477 καθαιροῦνται,
3433 2404 3565 2457 ὅταν
3588 2404 3728 2474 πρὸς
3755 2403 3856 2472 τὴν

2258 2505 2355 2558 τοῦ
2382 2503 2517 2558 Θεοῦ
2541 2503 2635 2557 καὶ
2660 2502 2756 2557 τοῦ
2784 2501 3018 2573 πλησίον
3042 2502 3289 2570 ἀγάπην,
3319 2501 3376 2552 αἱ
3400 2498 3514 2552 τῶν
3545 2496 3854 2568 ἀνθρώπων

2260 2598 2640 2653 ἀνακαλῶνται
2663 2597 2904 2669 καρδίαι.
2934 2616 2952 2648 ι
2976 2596 3118 2650 Αὐτὸ
3141 2595 3197 2648 δὲ
3222 2595 3386 2651 τοῦτο
3417 2594 3556 2647 πολὺ
3586 2593 3855 2662 πρότερον

2262 2692 2357 2746 καὶ
2399 2691 2670 2764 Κυριλλος
2697 2694 2726 2745 6
2756 2690 2995 2762 ἀκριόὴς
3056 2690 3190 2760 περὶ
3222 2690 3292 2742 τά
3323 2688 3442 2742 θεῖα
3488 2686 3853 2753 πεποιηκέναι

2260 2789 2576 2860 εὑρίσκεται
2636 2787 2730 2840 ἐπὶ
2784 2789 2850 2859 τῇ
2930 2785 3041 2839 τῶν
3106 2782 3470 2837 Ἀνατολικῶν
3533 2778 3855 2834 ἐπισκόπων

2261 2881 2400 2953 πρὸς
2463 2880 2629 2934 αὐτὸν
2687 2879 2913 2943 διενέξει
2938 2894 2999 2931 τε
3026 2878 3122 2931 καὶ
3179 2868 3517 2930 ἀντιστάσει.
3562 2872 3855 2928 Ἀπολύειν

2260 2972 2369 3043 γὰρ
2399 2971 2784 3043 κατακρίσεως
2808 2971 3009 3023 ἐκεῖνοι
3040 2960 3359 3039 βουλομένοι
3397 2965 3490 3019 τὸν
3526 2964 3850 3033 Νεστόριον,

2261 3068 2357 3120 καὶ
2410 3066 2509 3136 τὴν
2541 3066 2628 3118 ἐπ’
2654 3062 2802 3137 αὐτῷ
2853 3063 3035 3134 ψῆφον
3093 3059 3337 3133 ἀκυροῦν
3387 3057 3751 3122 σπεύδοντες,
3791 3056 3853 3108 οὐ

2263 3162 2479 3234 φορητά
2531 3160 2968 3231 τετολμήκασιν,
3016 3157 3155 3211 ἀλλά
3206 3156 3467 3227 μέγιστον
3519 3153 3853 3222 εἰργάσαντο

567 3249 618 3303 is
650 3263 871 3318 quoque
918 3256 1233 3318 promptum
1287 3247 1567 3312 adhibuit,
1634 3245 1889 3316 nihilque
1936 3245 2152 3301 diflicile

2263 3254 2665 3329 πλημμέλημα.
2720 3253 2892 3308 Αὐτὸν
2933 3252 3046 3323 γὰρ
3068 3251 3161 3305 τὸν
3224 3248 3500 3322 μακάριον
3558 3244 3849 3316 Κύριλλον,

568 3338 870 3395 remedium
909 3354 922 3390 :
955 3338 1061 3394 hoc
1120 3354 1291 3393 unum
1330 3338 1739 3395 satisfactionis
1768 3340 1892 3395 loco
1919 3338 2154 3409 exigens

567 3440 630 3486 ut
684 3430 950 3485 nimirum
1012 3430 1084 3486 iis
1151 3446 1274 3502 qua:
1323 3431 1558 3487 fuissent
1598 3430 1864 3503 synodiee
1909 3430 2154 3492 decreta,

578 3523 778 3594 pieque
804 3522 1054 3590 definita,
1080 3538 1370 3579 assensum
1399 3532 1747 3594 praestarent,
1772 3523 2157 3592 sancitamque

568 3618 623 3671 in
675 3616 902 3687 impium
955 3616 1355 3673 confirmarent
1376 3618 1830 3683 damnationem;
1864 3619 1917 3672 in
1952 3632 2047 3672 eas
2076 3617 2159 3669 in-

570 3706 733 3760 terim
763 3707 939 3763 totius
990 3707 1177 3777 gaudii
1223 3708 1417 3779 plenas
1451 3723 1619 3764 voces
1650 3715 2043 3778 prorumpente
2072 3721 2160 3761 co-

571 3799 698 3854 dem
733 3801 852 3871 ipso
880 3800 1092 3856 deifero
1125 3801 1311 3866 Patre,
1362 3817 1503 3872 quas
1534 3810 1693 3873 putet
1724 3802 1929 3871 aliquis
1957 3800 2155 3864 dictas,

570 3894 725 3948 velut
777 3894 896 3964 ipse
952 3893 1140 3963 potius
1193 3894 1414 3949 veniam
1457 3901 1609 3950 esset
1666 3902 2003 3949 consecutus
2060 3907 2158 3963 pro

573 3987 777 4058 quibus
832 3986 1174 4052 offendisset,
1228 4002 1397 4059 quam
1465 3989 1537 4043 iis
1574 3988 1924 4053 indulsisset,
1960 3987 2053 4057 qui
2084 3988 2158 4040 ita

572 4079 941 4136 offendissent
974 4098 989 4136 :
1030 4098 1049 4131 ι
1088 4079 1371 4136 Laetentur
1434 4082 1605 4145 enim,
1672 4082 1871 4152 inquit,
1926 4080 2073 4144 caeli,
2105 4088 2159 4135 et

571 4175 814 4230 exsultet
839 4182 986 4229 terra
1018 4191 1033 4230 :
1060 4174 1274 4230 medius
1299 4174 1486 4245 paries
1512 4173 1766 4231 maceriae
1801 4175 2022 4229 solutus
2051 4181 2157 4239 est,

574 4281 641 4321 ac
664 4266 916 4337 cujusvis
940 4267 1156 4337 generis
1180 4267 1399 4322 sublata
1433 4267 1741 4334 dissensio,
1762 4267 2154 4323 universorum

573 4358 860 4416 Salvatore
887 4359 1108 4417 Christo
1140 4360 1406 4418 Ecclesiis
1438 4362 1556 4418 suis
1592 4376 1779 4431 pacem
1807 4361 2102 4432 largiente.
2135 4380 2153 4412 ι

570 4452 749 4509 Porro
796 4454 964 4509 etiam
1022 4453 1243 4509 habetis
1296 4469 1395 4509 vos
1421 4470 1448 4508 a
1483 4453 1593 4510 Deo
1620 4454 1813 4517 amati,
1842 4454 2053 4508 firmam
2082 4454 2161 4509 le-

570 4547 952 4619 gitimamque,
983 4562 1049 4603 ac
1100 4548 1418 4604 nullatenus
1473 4549 1847 4618 repellendam
1875 4548 2159 4604 defensio-

569 4656 720 4707 nem,
769 4655 900 4712 qua,
969 4641 1200 4695 omnino
1263 4657 1360 4713 per
1419 4643 1628 4696 illatam
1686 4643 1796 4697 vim
1858 4642 2156 4697 commissa

568 4730 808 4788 offensio
844 4729 1116 4787 abolenda
1151 4732 1260 4796 sit;
1296 4747 1491 4801 puram
1542 4732 1802 4787 nimirum
1855 4747 1919 4787 ac
1950 4731 2154 4787 claram

568 4835 736 4880 recta:
776 4821 903 4879 fidei
955 4823 1396 4878 confessionem.
1439 4822 1519 4878 Ne
1546 4840 1704 4894 ergo,
1736 4838 1768 4878 0
1793 4824 1963 4890 beati,
2000 4823 2157 4877 tarde

568 4916 838 4987 pigreque
866 4915 933 4971 ad
957 4931 1055 4971 eos
1090 4916 1399 4971 habueritis
1445 4932 1591 4986 quos
1623 4917 1780 4971 vobis
1806 4917 2157 4973 consociatos

568 5025 636 5064 ac
689 5008 974 5065 individuo
1031 5008 1268 5081 spiritali
1299 5011 1719 5081 conspiratione
1763 5026 1829 5067 ac
1856 5012 2153 5066 concordia

565 5102 782 5158 habetis
848 5101 1212 5172 conjunctos;
1251 5118 1351 5158 nec
1407 5103 1475 5160 iis
1515 5104 1867 5161 attendentes
1899 5122 2019 5177 qua:
2057 5121 2153 5176 per

564 5196 676 5251 vim
706 5204 923 5267 patrata
992 5206 1149 5263 sunt,
1179 5212 1300 5251 eam
1338 5185 1552 5268 ‘passos
1583 5213 1612 5251 a
1642 5208 1829 5253 vestra
1858 5200 2154 5256 dilectione

562 5289 746 5347 velitis
791 5289 1081 5362 repellere,
1117 5299 1212 5345 aut
1245 5301 1506 5362 reputare
1531 5303 1590 5347 ut
1644 5293 1922 5355 inimicos.
1959 5311 2153 5364 quem-

565 5382 857 5437 admodum
909 5384 987 5438 ait
1031 5382 1257 5441 divinus
1306 5385 1609 5456 Apostolus
1636 5386 1701 5450 "',
1759 5387 1855 5443 sed
1898 5388 2154 5443 consola-

563 5471 703 5526 iniui
758 5480 819 5527 ut
880 5473 1103 5542 fratres,
1167 5478 1529 5533 ostendentes
1610 5478 1942 5544 imitatione,
2001 5482 2150 5551 quod

562 5564 815 5619 divinum
863 5575 983 5624 est.
1030 5566 1269 5624 Omnino
1316 5571 1620 5641 siquidem,
1673 5573 2047 5642 sanctissimi,
2082 5591 2150 5631 ex

562 5657 803 5713 Aaronis
858 5660 1037 5714 sancti
1074 5660 1290 5717 Domini
1338 5662 1575 5718 historia
1600 5664 1642 5696 ¹⁹
1672 5671 1956 5735 pensaturi
1991 5668 2148 5733 estis,

565 5759 625 5807 ut
645 5750 866 5807 divinus
896 5751 1016 5822 ipse
1038 5751 1304 5823 Spiritus,
1357 5755 1686 5826 consignata
1718 5758 1896 5815 sacris
1931 5760 2147 5831 paginis

2259 3352 2354 3405 καὶ
2407 3352 2506 3422 τὴν
2555 3348 2678 3403 κατ’
2732 3346 2895 3402 αὐτὸν
2947 3343 3357 3415 ἀνεθεμάτισαν
3396 3340 3636 3395 σύνοδον.
3691 3335 3851 3389 Ἀλλά

2259 3446 2513 3507 κάκεῖνος
2543 3444 2768 3512 ταχεῖαν
2815 3440 2911 3495 καὶ
2939 3440 3041 3492 οὐκ
3080 3437 3294 3509 ἐργώδη
3331 3435 3724 3504 προσηγάγετο
3752 3431 3851 3500 τὴν

2258 3534 2757 3608 ἀνάκτησινάὐτδ
2809 3534 2970 3603 μόνον
3007 3532 3070 3585 τδ
3112 3528 3408 3583 συνθέσθαι
3473 3527 3676 3586 αὐτοὺς
3737 3525 3851 3585 τοῖς

2261 3628 2552 3691 συνοδικῶς
2567 3626 2933 3698 δεδογμένοις,
2986 3625 3083 3679 καὶ
3109 3620 3350 3684 εὐσεϐῶς
3374 3618 3721 3690 διορισθεῖσι,
3754 3616 3849 3668 καὶ

2258 3720 2355 3773 τοῦ
2402 3719 2635 3781 ἀσεϐοῦς
2691 3719 2941 3790 κυρῶσαι
2990 3715 3090 3787 τὴν
3138 3713 3465 3784 καταδίκην,
3508 3711 3728 3772 ὲκείνας
3757 3710 3848 3761 ἐπὶ

2259 3814 2471 3877 τούτοις
2502 3813 2601 3877 τὰς
2644 3814 2827 3882 πάσης
2874 3809 3238 3882 περιχαρείας
3276 3806 3616 3875 έπιμέστους
3662 3801 3849 3872 φωνὰς

2261 3905 2629 3977 έκδοήσαντος
2682 3903 2776 3957 τοῦ
2827 3903 2994 3958 αὑτοῦ
3044 3899 3306 3970 θεοφόρου
3355 3896 3596 3967 Πατρὸς,
3629 3894 3693 3957 ἃς
3725 3894 3850 3945 ὑπο-

2261 3998 2474 4072 νοήσειέ
2528 4014 2612 4062 τις
2642 3996 2910 4071 έρρἧσθαι
2936 3996 3010 4058 ώς
3046 3993 3212 4049 αὐτοῦ
3272 3992 3472 4064 μᾶλλον
3505 3990 3847 4059 πταίσματος

2264 4091 2615 4164 συγχώρησιν
2666 4089 2985 4160 δοξαμένου,
3036 4089 3135 4141 καὶ
3161 4088 3220 4140 οὐ
3250 4089 3365 4149 τοῖς
3422 4084 3687 4138 πταίσασι
3724 4099 3849 4148 συγ·

2261 4187 2650 4257 χωρήσαντος·
2688 4202 2707 4235 ι
2731 4180 3230 4252 Εὑφραινέσθωσαν
3286 4179 3418 4249 γὰρ,
3460 4178 3653 4250 φησιν,
3688 4178 3735 4229 οί
3760 4175 3847 4227 οὖ-

2265 4277 2440 4349 ρανοὶ,
2470 4274 2565 4329 καὶ
2626 4270 2979 4342 ἀγαλλιάσθω
3009 4271 3042 4340 ἡ
3073 4271 3145 4340 γῆ
3172 4286 3185 4300 ·
3220 4266 3437 4339 λέλυται
3467 4268 3578 4336 γὰρ
3599 4266 3661 4318 τὸ
3692 4265 3849 4335 μεσό-

2260 4385 2439 4437 τοιχον
2468 4364 2563 4420 τοῦ
2591 4362 2870 4436 φραγμοῦ,
2903 4360 2998 4415 καὶ
3026 4359 3299 4430 διχονοίας
3322 4359 3546 4428 ἀπάσης
3571 4357 3848 4428 ἀνῄρηται

2261 4461 2483 4532 τρόπος,
2513 4457 2608 4512 τοῦ
2641 4458 2860 4511 πάντων
2908 4454 3067 4527 ἡμῶν
3124 4452 3385 4523 Σωτῆρος
3436 4449 3679 4521 Χριστοῦ
3729 4451 3849 4511 ταῖς

2262 4556 2455 4608 ἑαυτοῦ
2510 4551 2863 4621 Ἐκκλησίαις
2908 4549 3009 4621 τὴν
3069 4548 3296 4618 εἰρήνην
3358 4544 3787 4627 βραϐεύσαντος.
3826 4561 3844 4593 ι

2191 4627 2235 4683 D
2268 4649 2462 4720 Ἔχετε
2504 4646 2684 4701 τοίνυν
2712 4646 2806 4698 καὶ
2840 4643 3020 4715 ὑμεῖς,
3044 4634 3089 4694 ῶ
3119 4639 3433 4710 θεόληπτοι,
3461 4634 3559 4709 τὴν
3579 4637 3849 4707 ἀναιρετι-

2266 4739 2366 4811 κὴν
2394 4738 2487 4793 τοῦ
2534 4738 2655 4792 κατ’
2675 4738 2943 4811 ἐπήρειαν
2990 4732 3334 4801 σφάλματος,
3366 4728 3669 4797 ἀπολογίαν
3699 4730 3847 4798 ἰσχυ-

2268 4833 2368 4903 ράν
2392 4849 2450 4885 τε
2478 4831 2576 4885 καὶ
2625 4829 2872 4900 ἔννομον,
2906 4827 3003 4881 καὶ
3032 4823 3284 4893 οὐδαμῶς
3331 4821 3646 4891 δυναμένην
3668 4836 3847 4891 παρα-

2264 4925 2621 4996 κρουσθῆναι,
2672 4924 2771 4994 τήν
2830 4922 3081 4993 καθαρὰν
3128 4921 3224 4974 καὶ
3278 4914 3849 4989 πεπαρρησιασμένην

2260 5021 2362 5089 τῆς
2415 5017 2731 5091 ὁρθοδοξίας
2774 5016 3088 5088 ὁμολογίαν.
3139 5013 3231 5085 Μὴ
3258 5007 3352 5066 οὖν
3418 5009 3638 5081 βραδεῖς
3656 5024 3716 5059 τε
3757 5007 3850 5060 καὶ

2259 5112 2487 5184 ὀκνηροί
2515 5112 2650 5182 πρὸς
2664 5111 2725 5163 τὸ
2743 5107 3200 5180 συνηρμοσμένον
3227 5106 3358 5174 ὑμῖν
3388 5103 3485 5157 καὶ
3512 5100 3848 5171 ἀδιάτμητον

2261 5208 2320 5260 ὲν
2365 5206 2712 5276 πνευματικῇ
2768 5200 3053 5272 συμπνοία
3108 5199 3204 5252 καὶ
3241 5196 3473 5269 ὁμονοία
3523 5185 3849 5263 γένησθε,ῶ

2264 5297 2555 5372 μακάριοι,
2603 5296 2742 5367 μήτε
2793 5296 2907 5355 τοῖς
2939 5290 3082 5347 κατά
3112 5290 3234 5362 βίαν
3256 5288 3653 5358 γεγενημένοις
3683 5301 3851 5352 προσ-

2260 5389 2498 5461 έχοντες,
2528 5388 2655 5451 τοὺς
2684 5384 3008 5458 βιασθέντας
3033 5384 3204 5455 ἡμᾶς,
3230 5382 3331 5451 τῆς
3384 5378 3595 5433 ἑαυτῶν
3624 5379 3850 5447 ἀγάπης

2260 5485 2577 5539 ἀπώσασθε*
2654 5482 2789 5555 μηδὲ
2818 5481 2895 5546 ῶς
2924 5480 3158 5553 ἐχθροὺς
3211 5476 3456 5549 ἡγεῖσθε,
3489 5475 3567 5538 ὦς
3612 5490 3781 5543 φησιν
3818 5473 3848 5524 ὁ

2260 5576 2403 5641 θεῖος
2442 5575 2766 5639 Ἀπόστολος
2786 5614 2802 5639 ,
2855 5573 2994 5628 ἁλλά
3045 5570 3422 5643 παρακαλεῖτε
3451 5567 3528 5631 ώς
3556 5564 3847 5633 ἀδελφοὺς.

2256 5668 2319 5721 τὸ
2349 5667 2683 5739 θεομίμητον
2706 5665 2949 5719 ὲνδεικνύ
2960 5682 3133 5736 μενοι,
3161 5663 3393 5726 Πάντως
3405 5660 3516 5731 γὰρ
3540 5656 3843 5728 λογιεῖσθε,

2257 5758 2574 5828 ἁγιώτατοι,
2604 5760 2668 5812 ὲκ
2693 5758 2792 5828 τῆς
2856 5757 2999 5810 κατὰ
3034 5756 3126 5809 τὶν
3167 5752 3377 5824 ’Λαρὼν
3430 5751 3522 5805 τὸν
3548 5750 3703 5820 ᾶγιον
3734 5749 3849 5802 Κυ-

624 5933 683 6022 ."
704 5930 882 6003 Epist.
917 5932 1005 5986 47.
1088 5934 1129 5965 ⁸⁷
1161 5934 1337 6001 Epist.
1373 5932 1461 5997 5i,
1488 5948 1536 5988 c.
1581 5935 1634 5987 ‘2.
1720 5936 1759 5966 ’⁸
1785 5933 1827 5988 Il
1850 5934 2147 6000 Thcss.m,
2180 5935 2265 5991 ii.
2348 5936 2388 5970 "
2423 5934 2593 5990 Exod.
2622 5950 2795 6001 xxxii,
2836 5934 3036 6003 iseqq.
