4130 6398
314 419 450 484 1433

1338 413 1678 476 JOANNES
1716 412 2091 474 ΝΙΟΕΝΠΞ.
2117 433 2185 446 ο-
2222 410 2556 471 ΝΟΤΙΤΙΛ.

3440 398 3576 468 1434

312 537 454 608 ρίου,
477 534 554 598 ὡς
580 531 643 586 τὸ
667 530 812 585 θεῖον
832 530 1001 583 αὑτὸν
1024 526 1327 600 ἀνεκήρυξε
1361 527 1588 599 Πνεῦμα
1615 528 1898 595 Γραφικῆς

2009 524 2231 578 historia
2252 525 2350 593 (8),
2374 524 2752 578 suheximente
2774 535 2802 575 a
2825 518 3036 574 ratione
3056 516 3312 589 perfectae
3335 522 3579 590 negatio-

314 626 561 698 ἱστορίας
609 624 1083 695 ὑπεξαιρουμένης
1131 622 1227 676 τοῦ
1258 622 1359 693 τῆς
1385 620 1685 684 παντελοῦς
1724 621 1892 692 ἀρνή-

313 735 455 782 σεως
516 716 702 785 λόγου,
762 715 859 770 καὶ
918 717 1018 786 τῆς
1068 715 1205 785 πρὸς
1249 716 1349 784 τὴν
1371 714 1587 767 τελείαν
1622 713 1896 783 ἀθεότητα

314 810 648 880 ὑπαγωγῆς·
681 809 757 872 ὡς
788 811 901 870 τοῖς
960 808 1358 877 βεϐιασμένως,
1386 808 1479 858 καὶ
1505 806 1566 858 οὑ
1594 806 1735 861 κατὰ
1759 805 1897 874 γνώο

315 922 426 978 μης
494 904 796 959 ἐνδιάθετον
855 905 1122 975 πονηρίαν
1184 903 1527 973 γινομένοις,
1574 902 1766 956 ἕπεταί
1813 920 1895 966 τις

316 996 669 1067 συγχώρησις
700 995 929 1059 ἔνδικος.
957 998 1015 1049 Ὀ
1040 996 1149 1067 γὰρ
1176 995 1388 1066 Ἀαρὼν
1412 996 1639 1058 ἐκεῖνος,
1662 998 1728 1065 τῇ
1752 997 1895 1065 ὁρμῇ

312 1087 409 1163 τοῦ
466 1088 637 1142 πάλαι
677 1086 808 1140 λαοῦ
871 1087 1161 1157 καθυφεὶς,
1207 1088 1303 1140 καὶ
1329 1088 1683 1158 ὑπουργήσας
1718 1088 1897 1151 αὑτοῖς

316 1181 457 1253 πρὸς
486 1181 585 1250 τὴν
610 1181 709 1248 τῆς
728 1180 1104 1243 εἰδωλοποιίας
1133 1179 1435 1243 τελείωσιν,
1471 1178 1773 1232 ἐνεκαλεῖτο
1799 1178 1898 1249 μὲν

319 1272 429 1325 ὑπὸ
452 1269 547 1324 τοῦ
582 1269 841 1340 ἀδελφοῦ·
882 1271 979 1341 τὴν
1008 1271 1065 1323 δὲ
1092 1270 1505 1341 ἁναγκαστικὴν
1527 1270 1647 1340 βίαν
1678 1270 1735 1322 ὲν
1763 1270 1897 1323 ἁπο-

316 1363 377 1417 λο
392 1364 476 1434 ίίᾳ
499 1364 960 1435 προϐαλλόμενος,
992 1365 1113 1418 οὐδὲ
1137 1365 1266 1435 μίαν
1293 1364 1448 1435 παρὰ
1474 1362 1609 1416 Θεοῦ
1634 1363 1898 1431 ἐπιτίμη-

320 1474 407 1511 σιν
430 1456 666 1527 δέχεται,
703 1456 825 1510 οὐδὲ
862 1456 956 1509 τοῦ
984 1456 1086 1525 τῆς
1134 1455 1551 1528 ἀρχιερωσύνης
1580 1456 1899 1524 ἀπόκληρος

318 1549 543 1618 γέγονεν
606 1545 922 1619 ἀξιώματος
951 1564 967 1580 ο
998 1548 1218 1611 πάντως
1275 1547 1413 1619 πρὸς
1458 1546 1519 1601 τδ
1572 1548 1630 1600 ὲν
1663 1545 1899 1600 διαθέσει

317 1641 448 1711 περὶ
476 1638 537 1691 τὸ
571 1638 714 1692 θεῖον
739 1638 904 1702 σέϐας
931 1639 1155 1707 γνήσιον
1183 1635 1597 1705 ἀποϐλέψαντος
1626 1633 1721 1687 τοῦ
1743 1631 1899 1686 πλά-

317 1749 546 1800 σαντος
585 1732 924 1801 καταμόνας
967 1730 1075 1795 τὰς
1124 1728 1375 1797 καρδίας
1410 1727 1601 1796 ἡμῶν,
1637 1727 1712 1791 ὣς
1736 1742 1902 1797 φησιν

318 1829 347 1880 ὁ
367 1826 541 1898 μέγας
572 1824 758 1888 Δαϐὶδ,
790 1825 886 1877 καὶ
902 1822 965 1876 οὑ
1002 1822 1139 1894 πρὸς
1166 1823 1266 1893 τὴν
1298 1821 1499 1888 ἔξωθεν
1523 1822 1900 1891 περιπέτειαν.

2004 620 2109 684 nis,
2137 627 2193 674 et
2224 627 2284 671 ut
2318 634 2384 674 ne
2416 618 2671 673 absoluta
2709 618 2833 686 ejus
2865 615 3131 672 abductio
3160 615 3215 669 in
3244 614 3578 683 impietatem

2002 720 2330 775 censeatur,
2366 711 2543 780 palam
2606 709 2865 774 edixerit,
2900 710 2969 764 iis
3002 722 3125 778 qua!
3152 706 3439 771 violentia,
3469 719 3578 760 non

2003 820 2073 859 ex
2122 804 2291 858 insita
2327 802 2498 856 animi
2543 803 2909 871 perversitate
2952 807 3271 871 peccantur,
3317 798 3579 854 comitem

1999 899 2123 967 jure
2154 896 2356 951 merito
2414 895 2567 964 sequi
2596 894 2955 964 indulgentia:
2986 896 3229 963 aliquam
3282 894 3579 947 rationem.

2006 986 2100 1042 Ille
2125 988 2398 1055 siquidem
2434 996 2618 1041 tantus
2649 986 2735 1041 vir
2756 987 2961 1053 Aaron,
2998 987 3197 1042 veteris
3219 986 3368 1039 illius
3400 984 3582 1055 populi

2004 1081 2275 1134 violentia
2319 1080 2549 1141 cedens,
2599 1087 2763 1149 atque
2822 1087 2881 1133 ut
2938 1079 3141 1132 idolum
3202 1076 3581 1131 fabricaretur

2006 1185 2070 1225 ac
2128 1171 2400 1233 initiaret,
2456 1171 2633 1226 eidem
2684 1186 2889 1224 morem
2914 1184 3134 1240 gerens,
3198 1168 3581 1241 reprehensus

2006 1267 2223 1335 quidem
2284 1267 2385 1323 fuit
2441 1284 2469 1321 a
2524 1267 2691 1324 fratre
2742 1286 2756 1324 :
2808 1276 3067 1322 caeterum
3108 1266 3202 1320 ubi
3268 1264 3583 1320 violentiam

2007 1377 2114 1431 qua
2164 1362 2435 1415 adductus
2479 1363 2658 1417 fuerat
2716 1376 2815 1431 pro
2874 1358 3195 1414 defensione
3247 1356 3583 1425 objecisset,

2007 1452 2145 1507 nihil
2181 1469 2209 1507 a
2241 1453 2351 1509 Deo
2394 1455 2717 1524 increpatus
2771 1460 2879 1517 est,
2905 1466 3006 1506 nec
3036 1449 3220 1505 amisit
3248 1448 3587 1520 pontificiam

2007 1548 2367 1619 dignitatem;
2408 1549 2554 1619 quod
2600 1547 2848 1611 omnino,
2886 1548 2980 1618 qui
3036 1554 3289 1601 nostrum
3335 1544 3584 1599 omnium

2008 1644 2171 1694 corda
2203 1641 2483 1710 sigillatim
2544 1641 2742 1709 ﬁnxit,
2785 1638 2957 1702 Deus,
3001 1634 3468 1708 quemadmodum
3515 1636 3591 1693 ait

2008 1748 2240 1803 magnus
2276 1732 2445 1787 David
2497 1736 2543 1766 ὀ
2568 1774 2583 1799 ,
2612 1733 2684 1788 ad
2713 1747 2896 1788 veram
2938 1730 3033 1786 Dei
3064 1731 3243 1800 ipsius
3280 1731 3592 1786 veneratio-

2009 1839 2134 1879 nem
2167 1839 2233 1879 ae
2283 1826 2607 1896 religionem
2644 1826 2699 1880 in
2748 1824 2945 1879 ali‘eetu
2986 1822 3156 1877 animi
3214 1824 3448 1893 positam
3499 1840 3589 1878 re-

319 1918 692 1988 Δεικνυμένης
745 1915 924 1969 τοίνυν
958 1916 1057 1985 τῆς
1092 1916 1221 1986 περὶ
1259 1916 1352 1969 τὸν
1402 1914 1564 1986 ὀρθὸν
1620 1914 1778 1981 λόγον
1809 1911 1903 1966 τοῦ

2009 1916 2305 1985 spexisset,
2369 1933 2479 1972 non
2538 1933 2669 1973 vero
2724 1916 2791 1971 ad
2843 1928 3128 1973 externam
3190 1917 3585 1971 temeritatem.

320 2009 591 2081 ἡμετέρου
649 2009 998 2079 φρονήματος
1035 2007 1229 2071 ὑγείας
1277 2024 1339 2060 τε
1377 2008 1473 2059 κα)⁸
1508 2007 1806 2076 συμφυΐας,
1842 2006 1904 2059 τὸ

320 2102 676 2174 ἀνυπερθέτῳ
710 2102 1021 2171 ἐτοιμότητι
1052 2099 1148 2152 τοῦ
1186 2100 1516 2169 κατακρϊναι
1553 2098 1650 2168 μὲν
1674 2100 1741 2150 τὰ
1776 2098 1902 2151 ἀτό-

322 2213 442 2259 πως
498 2194 874 2263 γεγενημένα·
917 2193 1183 2262 συστῆσαι
1228 2190 1285 2243 δὲ
1341 2193 1406 2261 τῇ
1469 2189 1758 2260 βεϐαιώσει
1808 2190 1904 2259 τῆς

323 2286 625 2360 εἰρημένης
669 2284 829 2355 ἁγίας
881 2283 1047 2351 ἕκτης
1100 2282 1322 2337 συνόδου
1376 2282 1474 2352 τῆς
1534 2281 1906 2344 εὐσεϐείαςτὰ

321 2382 589 2452 δόγματα,
639 2376 1051 2449 περιπτύξασθε
1104 2378 1278 2445 ἡμᾶς,
1314 2374 1531 2443 ἀδελφοὶ
1558 2371 1901 2443 τιμιώτατοι.

335 2471 657 2541 Ἀλλήλων
690 2469 801 2541 γὰρ
851 2468 925 2522 τὰ
948 2466 1111 2533 ,βάρη
1150 2464 1504 2530 βαστάζετε,
1558 2465 1657 2518 καὶ
1720 2463 1906 2528 οὕτως

322 2565 792 2631 ἁναπληρώσετε
821 2559 929 2613 τὸν
958 2558 1147 2627 νόμον
1186 2556 1294 2611 τοῦ
1339 2554 1620 2625 Χριστοῦ,
1676 2555 1908 2626 μεγαλο-

326 2656 613 2726 φωνότατα
665 2656 797 2727 ἡμῖν
845 2652 1237 2723 ὲκϐοᾷὸθείος
1282 2650 1645 2714 Ἀπόστολος·
1704 2650 1781 2713 ὡς
1836 2648 1905 2701 ἂν

323 2749 669 2821 ὁμοθυμαδὸν
688 2751 745 2802 ὲν
778 2748 859 2809 ἑνὶ
890 2744 1166 2816 πνεύματι
1200 2743 1514 2814 δοξάζωμεν
1541 2744 1632 2797 τὸν
1655 2741 1788 2795 Θεδν
1812 2740 1907 2794 καὶ

325 2841 548 2913 Πατέρα
582 2840 675 2894 τοῦ
700 2838 907 2911 Κυρίου
934 2839 1092 2909 ήμῶν
1145 2835 1322 2907 Ἰησοῦ
1352 2834 1613 2911 Χριστοῦ.

950 3014 1310 3085 Ὑπογραφήο

411 3110 753 3183 Ἐρῤωμένος
786 3110 843 3162 ὲν
870 3106 1080 3178 Κυρίῳ,
1112 3105 1420 3178 ὑπερεύχου
1440 3104 1619 3177 ἡμῶν,
1639 3106 1908 3175 ἁγιώτατε

328 3200 426 3256 καὶ
448 3199 838 3272 μακαριώτατε
873 3197 1093 3266 ἀδελφέ.

436 3312 485 3344 ’⁸
510 3310 657 3368 Psal.
684 3326 862 3375 χχιιι,
892 3309 978 3363 15.
1056 3307 1099 3340 ²¹
1128 3306 1307 3363 Galat.
1338 3322 1413 3370 τι,
1447 3304 1504 3360 ‘2.

2004 2007 2143 2061 Cum
2186 2009 2373 2077 itaque
2424 2022 2626 2063 sensus
2672 2010 2849 2064 nostri
2907 2025 3045 2065 sana
3094 2024 3158 2064 ac
3212 2018 3590 2065 consentanea

2007 2098 2173 2165 ratio,
2208 2101 2355 2171 quod
2392 2108 2606 2170 spectat
2633 2102 2700 2155 ad
2733 2111 2945 2157 rectum
2983 2116 3297 2158 sermonem
3334 2116 3399 2157 ac
3428 2100 3589 2156 Iidem

2006 2201 2229 2246 ostensa
2259 2192 2352 2254 sit,
2392 2192 2623 2246 indilata
2649 2193 2744 2247 illa
2782 2193 3243 2265 promptitudine,
3290 2209 3399 2265 qua
3436 2195 3592 2249 dam-

2006 2284 2153 2339 natis
2208 2285 2275 2339 iis
2328 2299 2449 2354 quae
2513 2284 2740 2339 fuerunt
2790 2285 3032 2340 absurde
3079 2293 3329 2356 patrata,
3385 2296 3593 2341 sancte

2006 2385 2176 2431 sextae
2245 2376 2440 2447 synodi
2506 2376 2936 2432 confirmatione
2994 2376 3297 2433 statuimus
3367 2375 3592 2447 pietatis

2006 2470 2301 2541 dogmata;
2345 2468 2735 2539 amplexamini
2793 2484 2917 2535 nos,
2968 2469 3171 2524 fratres
3218 2468 3593 2524 honoratissi-

2009 2562 2105 2616 mi.
2164 2561 2313 2615 Alter
2351 2561 2491 2615 enim
2524 2560 2747 2615 alterius
2780 2577 2942 2615 onera
2975 2569 3203 2630 portate,
3230 2569 3280 2614 et
3309 2561 3387 2614 sic
3411 2561 3590 2614 adim-

2007 2654 2218 2723 plebilis
2251 2654 2414 2723 legem
2449 2652 2651 2708 Christi
2696 2654 2781 2718 ",
2832 2654 3105 2709 exclamat
3160 2653 3595 2722 magniﬁcentis-

2009 2748 2147 2801 sima
2183 2762 2314 2800 voce
2339 2744 2563 2799 divinus
2608 2744 2943 2814 Apostolus;
2977 2759 3087 2815 quo
3122 2744 3345 2799 tandem
3391 2744 3594 2798 unani-

2010 2852 2127 2891 mes
2156 2834 2533 2905 glorilicemus
2567 2834 2736 2891 Deum
2778 2846 2832 2891 et
2883 2834 3101 2890 Patrem
3139 2834 3355 2889 Domini
3410 2834 3593 2890 nostri

2007 2927 2137 2984 Jesu
2169 2928 2395 2983 Christi.

2616 3015 2975 3083 Subscriptio.

2082 3106 2218 3164 Vale
2241 3107 2295 3163 in
2317 3106 2548 3161 Domino
2579 3127 2592 3162 :
2625 3108 3091 3177 supertlcprccare
3124 3121 3222 3176 pro
3252 3106 3439 3175 nobis,
3465 3106 3598 3161 san-

2014 3202 2265 3258 ctissime
2299 3216 2363 3256 ac
2397 3200 2718 3256 beatissime
2754 3199 2945 3253 frater.

1852 3393 2086 3451 NOTA'J.

405 3498 481 3572 (8)
524 3497 851 3572 consignata
873 3497 1040 3572 sueris
1070 3494 1281 3572 paginis
1332 3489 1907 3572 historia.._'l_'ranspo-
1935 3499 1978 3556 ε
2014 3492 2107 3572 ubi
2151 3493 2383 3572 aequalia
2446 3491 2654 3572 fuerint
2711 3493 3035 3548 meritorum
3096 3504 3399 3572 momenta.
3458 3491 3598 3572 Sunt

332 3561 551 3627 suimus
581 3561 817 3622 litteram
858 3569 1009 3620 nullo
1046 3561 1160 3619 alio
1204 3573 1435 3625 mutato,
1471 3568 1529 3616 ut
1564 3561 1670 3615 sibi
1714 3576 1911 3630 paren-

334 3641 508 3696 thesis
534 3639 854 3694 cohaereret.
884 3636 958 3689 Τὸ
993 3637 1139 3691 enim
1193 3634 1691 3704 ὑπεξαιρουμένης,
1733 3631 1911 3700 palam

335 3712 505 3781 refert
534 3707 850 3781 praecedens
887 3704 1166 3781 γραφικῆς
1202 3703 1687 3781 ἱστορίας.-Ροιϊο
1715 3716 1916 3771 pecca-

336 3774 595 3853 tumhoc
636 3781 850 3853 Aaron,
877 3774 1146 3853 quidquid
1181 3777 1392 3853 minuat
1439 3774 1587 3853 illata
1640 3774 1740 3835 vis,
1785 3786 1916 3853 graf

336 3849 624 3906 vissimum
656 3849 776 3912 fuit,
808 3846 1160 3902 sic'molliter
1187 3846 1414 3900 cedente
1441 3859 1499 3899 re
1528 3852 1637 3896 tam
1660 3846 1835 3912 gravi,
1866 3849 1921 3896 et

334 3936 445 3990 qua
474 3922 557 3975 sic
590 3918 787 3974 honori
847 3919 1035 3972 divino
1073 3916 1455 3990 derogare_t_ur,
1509 3912 1920 3990 ipsohprincipe

335 3982 524 4061 populi
583 4003 907 4061 acsummo
961 3982 1404 4061 sacerdote._U-t_
1449 3982 1584 4061 vero
1631 3982 1914 4061 De_tts_non

334 4054 583 4116 severius
616 4060 768 4115 ultus
815 4061 907 4120 sit,
968 4058 1090 4126 ejus
1122 4065 1252 4110 sunt
1287 4055 1519 4125 judicia,
1547 4054 1914 4126 gravioribus

338 4132 484 4185 haud
523 4144 649 4185 raro
688 4122 1082 4197 temporalihus
1128 4122 1309 4196 poenis
1339 4122 1831 4197 animadverteutis
1858 4122 1913 4176 in

337 4202 555 4255 minora
606 4195 879 4267 crimina;
922 4213 1079 4268 aequa
1113 4195 1167 4251 in
1203 4198 1450 4251 futurum
1503 4197 1682 4248 futura
1731 4195 1909 4257 lance,

2015 3563 2220 3634 quippe
2254 3565 2416 3617 illatae
2446 3563 2551 3616 hoc
2602 3578 2719 3618 aevo
2764 3578 2961 3632 patum,
3017 3565 3342 3617 meonomiaa
3412 3566 3598 3633 potius

2016 3650 2182 3704 quam
2213 3644 2363 3704 Justa
2410 3634 2720 3703 supplicia;
2764 3642 2823 3687 ut
2868 3650 2935 3688 ex
2966 3634 3075 3688 illis
3105 3635 3195 3687 vix
3226 3649 3465 3703 unquam
3497 3637 3597 3688 ali-

2019 3706 2145 3774 quis
2176 3720 2311 3759 sane
2336 3704 2571 3773 judieet,
2608 3720 2675 3775 ac
2710 3720 2814 3775 non
2847 3720 2909 3758 ea
2938 3706 3247 3759 temeritate
3273 3718 3382 3772 qua
3425 3704 3598 3775 liquet

2016 3772 2303 3846 iudicasse
2337 3777 2552 3830 amicos
2594 3772 2747 3836 Jobi,
2808 3790 3041 3843 quorum
3094 3775 3424 3846 praajudicio
3467 3772 3600 3829 eau-

2020 3844 2191 3902 tiores
2219 3861 2344 3900 esse
2364 3854 2652 3915 oporteret
2709 3846 2961 3915 homines
2997 3846 3187 3898 saltem
3222 3844 3597 3901 Christianos.

2020 3914 2131 3970 Nec
2167 3918 2314 3969 enim
2351 3914 2581 3981 frustra,
2625 3923 2739 3969 tota
2790 3915 2879 3969 illa
2934 3914 3260 3984 disputatio,
3313 3923 3394 3969 tot
3425 3916 3601 3970 versi-

2021 3989 2125 4041 bus
2162 3985 2374 4055 Spiritu
2412 3996 2606 4040 sancto
2630 3987 2895 4048 dictante,
2923 3986 3237 4055 conscripta
3266 3994 3373 4047 est,
3408 3994 3466 4039 ut
3498 4001 3601 4041 nec

2021 4056 2170 4111 aliud
2209 4056 2535 4128 quidquam,
2571 4057 2618 4113 si
2662 4057 2795 4126 quid
2840 4058 3019 4111 sacris
3052 4057 3269 4127 paginis
3301 4057 3597 4126 consigna-

2023 4135 2137 4182 tum
2167 4138 2274 4183 est.

341 4350 3585 4402 Μ

1943 4375 2364 4392 ﬁ

1715 4530 1885 4576 ANNO
1927 4530 2195 4575 INCERTO

1258 4694 2514 4880 'JOANNES

1302 5012 1735 5077 NICIENUS
1794 5010 2631 5076 ARCHIEPISCOPUSo

1916 5173 1989 5183 -ς

1722 5338 2238 5432 NOTITIA

1263 5538 1439 5605 (Mich.
1484 5541 1733 5599 nomen,
1778 5538 1953 5590 Oriens
2009 5536 2271 5588 Christian.
2318 5541 2356 5587 t.
2412 5536 2450 5597 l,
2492 5551 2543 5598 p.
2583 5535 2718 5598 6l8.)

1922 5666 1992 5677 α,-

425 5783 672 5848 Stsculo
704 5801 878 5849 nono
908 5791 1206 5860 exeunte,
1236 5785 1333 5848 vel
1364 5784 1612 5848 decimo
1642 5780 1974 5861 inchoato,
2021 5777 2283 5861 sedebat
2307 5775 2601 5861 joaynes
2632 5770 3030 5861 metropolita
3069 5756 3385 5861 t\O'icaénus,
3418 5772 3599 5861 cujus

344 5864 427 5929 ad
459 5864 820 5929 Zachariam
852 5865 1167 5928 Armeniae
1191 5850 1687 5946 metropolitani,
1712 5879 1823 5925 seu
1853 5858 2261 5929 Catholicum,
2295 5856 2383 5916 De
2420 5852 2673 5919 Domini
2700 5850 3029 5915 natiritate
3072 5850 3301 5914 librum
3332 5850 3597 5917 Combe-
