4130 6462
526 466 662 530 H39

1815 462 2135 524 JOANNIS
2173 461 2452 521 NlC/ENI

3654 460 3788 524 1440

522 590 581 632 ut
617 576 889 633 Nativitas
919 591 984 632 ac
1015 575 1299 647 Baptisma
1352 572 1703 630 celebrentur
1730 573 1765 629 6
1807 572 2057 629 Januarii
2094 593 2097 624 ;

2212 573 2333 643 ρίου
2360 581 2412 638 ς’
2449 574 2705 645 περιέχον
2728 576 2824 628 τοῦ
2854 575 3027 628 τελεῖν
3048 574 3148 645 τὴν
3176 575 3440 643 Γέννησιν
3464 574 3560 627 καὶ
3592 575 3654 627 τὸ
3685 575 3788 628 Βάο

520 687 624 727 nos
661 680 866 736 tamen,
904 669 1149 725 mundus
1186 669 1306 739 ipse
1340 675 1512 731 totus,
1544 667 1774 722 invicem
1808 666 2096 736 conspira-

517 764 787 826 verimus,
819 770 881 815 ut
908 769 963 817 et
985 760 1177 830 populi
1202 775 1396 815 omnes
1425 758 1783 813 Nativitatem
1812 760 2095 814 celebrent

521 856 593 910 25
622 855 911 919 Decemb.,
942 853 1224 924 Baptisma
1266 866 1420 918 vero,
1444 851 1477 907 6
1511 850 1782 907 Januarii.

592 1038 861 1109 Equidem
899 1036 1167 1101 Verbum,
1211 1036 1356 1106 quod
1390 1035 1605 1090 aPatre
1643 1035 1955 1098 descendit,
1981 1042 2093 1089 tres

498 1129 758 1201 initiavit
800 1127 1114 1181 nativitates
1150 1143 1164 1179 :
1196 1126 1464 1190 alteram,
1513 1137 1625 1193 qua
1684 1122 1922 1192 sumpsit
1968 1137 2095 1175 car-

518 1238 645 1278 nem
680 1236 746 1276 ex
792 1228 989 1276 sancta
1014 1217 1277 1290 Virgine;
1325 1233 1488 1289 quam
1540 1226 1595 1272 et
1628 1216 1931 1281 houorans,
1977 1216 2095 1270 die-

519 1331 643 1369 rum
676 1314 860 1369 l‘actus
890 1312 1285 1384 quadraginta,
1314 1311 1467 1365 venit
1497 1310 1551 1363 in
1589 1309 1873 1378 templum.
1906 1308 2093 1365 Altera

519 1405 783 1461 nativitas
814 1415 900 1459 est
920 1444 936 1468 ,
974 1404 1119 1473 quod
1152 1403 1207 1456 in
1236 1400 1479 1456 Jordane
1511 1400 1760 1469 suscepit
1790 1398 2090 1468 baptisma,

517 1497 742 1566 quando
773 1510 801 1548 a
828 1494 1053 1548 diabolo
1080 1501 1347 1557 tentatus,
1378 1490 1558 1560 ipsum
1589 1489 1748 1544 vicit.
1785 1488 1970 1544 Tertia
2000 1490 2094 1546 de-

520 1591 691 1658 nique
726 1585 1018 1651 terribilis,
1074 1582 1412 1638 resurrectio
1445 1596 1512 1637 ex
1558 1583 1817 1637 mortuis.
1852 1581 2093 1637 Mirabili

520 1690 703 1733 autem
738 1680 955 1732 ratione
991 1684 1358 1730 conversatus
1388 1674 1442 1727 iu
1473 1674 1658 1729 medio
1687 1674 2090 1744 discipulorum

519 1786 747 1827 suorum
805 1784 902 1837 per
958 1767 1080 1822 dies
1129 1766 1519 1835 quadraginta,
1561 1781 1591 1818 a
1623 1775 1810 1819 monte
1850 1764 2082 1830 Oliveti,

521 1870 840 1933 assumptus
874 1868 957 1916 est
990 1860 1056 1914 ad
1099 1859 1337 1913 Patrem.
1378 1858 1529 1912 Beati
1564 1872 1696 1926 ergo
1730 1859 1965 1929 apostoli
2025 1875 2090 1913 ac

2203 681 2452 736 πτισμα·
2482 667 2644 736 ἡμεῖς
2686 666 2766 731 δέ,
2817 670 2845 720 ὁ
2875 668 3081 736 κόσμος
3120 667 3261 729 ὅλος,
3321 668 3788 736 συνεφωνήσαμεν

2200 759 2320 826 μετ’
2376 757 2627 830 ἀλλήλων
2686 759 3026 821 ἀκολουθεῖν,
3075 759 3165 813 ἵνα.
3208 760 3305 813 καὶ
3339 761 3542 821 πάντες
3575 761 3625 811 οί
3665 759 3787 811 λαοὶ

2195 850 2395 905 τελῶσι
2422 852 2522 921 τὴν
2552 851 2811 921 Γέννησιν
2836 851 3159 923 Δεκεμϐρίῳ
3184 858 3284 914 κε’,
3322 854 3418 905 καὶ
3465 852 3527 905 τὸ
3578 851 3785 904 litim:-

2198 957 2333 1012 σμα,
2378 943 2697 1014 Ἰανουαρίῳ
2728 950 2802 1007 ς’.

2266 1038 2468 1090 Μέντοι
2496 1053 2560 1105 γε
2593 1039 2745 1107 τρεῖς
2772 1038 3060 1108 γεννήσεις
3114 1035 3363 1089 ἐτέλεσεν
3395 1037 3424 1088 ὁ
3454 1036 3631 1102 Λόγος
3658 1036 3687 1087 ό
3720 1037 3785 1087 ἐκ

2193 1127 2291 1179 τοῦ
2326 1128 2538 1198 Πατρλς
2566 1127 2846 1192 καταϐάςο
2901 1128 3003 1197 τὴν
3056 1127 3175 1197 μὲν,
3230 1125 3543 1196 σαρκωθεὶς
3587 1127 3651 1178 ἐκ
3684 1124 3785 1193 τῆς

2196 1220 2360 1288 ἀγίας
2396 1220 2699 1291 Παρθένου,
2727 1220 2794 1291 ήν
2823 1220 2918 1273 καὶ
2948 1220 3212 1290 τιμήσας,
3238 1218 3460 1289 ἔρχεται
3482 1219 3542 1269 ἐν
3564 1202 3643 1286 ei;
3672 1218 3783 1286 ναῴ

2194 1310 2610 1383 τεσσαράκοντα
2632 1310 2876 1383 ἡμερῶν.
2910 1310 3153 1378 Δευτέρα
3172 1309 3446 1380 γέννησις,
3472 1309 3532 1361 τὸ
3561 1311 3620 1361 ἐν
3644 1310 3783 1379 Ἰορ-

2192 1404 2325 1475 δάνῃ
2362 1403 2669 1474 βάπτισμα,
2705 1403 2796 1457 ὅτε
2826 1400 3223 1474 πειραζόμενος
3249 1401 3357 1455 ὑπὸ
3384 1400 3481 1453 τοῦ
3506 1400 3778 1467 διαὸόλου,

2192 1495 2446 1564 ἐνίκησεν
2498 1493 2683 1548 αὐτόν.
2736 1493 2801 1548 Ἡ
2845 1493 2903 1547 δὲ
2936 1493 3098 1564 τρίτη
3146 1493 3377 1566 φοϐερά,
3410 1495 3445 1565 ή
3478 1495 3543 1546 ἐκ
3574 1493 3780 1563 νεκρῶν

2191 1584 2514 1649 ἀνάστασις.
2553 1585 2900 1656 Θαυμαστῶς
2949 1584 3009 1638 δὲ
3072 1587 3490 1656 συνανεστράφη
3530 1589 3591 1640 ἐν
3634 1587 3779 1656 μέσῳ

2192 1679 2303 1732 τῶν
2334 1678 2594 1750 μαθητῶν
2626 1677 2817 1745 αὑτοῦ,
2848 1679 2916 1733 δι’
2965 1678 3189 1750 ήμερῶν
3236 1680 3689 1752 τεσσαράκοντα*
3717 1682 3779 1732 ἐκ

2191 1770 2248 1824 δὲ
2274 1772 2368 1825 τοῦ
2389 1771 2546 1843 ὅρους
2566 1772 2675 1825 τῶν
2706 1772 2933 1826 Ἐλαιῶν
2965 1772 3244 1844 ἀνελήφθη
3273 1774 3409 1843 πρὸς
3428 1774 3521 1826 τὸν
3544 1773 3775 1844 Πατέρα.

2193 1861 2258 1913 Ol.
2287 1859 2381 1914 οῦν
2429 1861 2694 1932 μακάριοι
2726 1861 3017 1916 ἀπόστολοι
3055 1862 3105 1915 οί
3146 1862 3392 1933 μαθηταὶ⁸
3441 1862 3537 1916 τοῦ
3574 1864 3778 1936 Κυρίου

520 1957 780 2027 discipuli
812 1954 1029 2009 Domini
1064 1953 1238 2007 nostri
1268 1949 1402 2007 Jesn
1429 1950 1660 2016 Christi,
1694 1967 1791 2021 per
1824 1968 2088 2006 manuum

2199 1954 2226 2023 ἡ
2237 1951 2351 2022 μῶν
2376 1951 2553 2022 ἰησοῦ
2580 1953 2843 2025 Χριστοῦ,
2877 1953 2966 2008 διὰ
2985 1954 3087 2025 τῆς
3114 1954 3418 2019 ἐπιθέσεως
3440 1956 3553 2008 τῶν
3583 1952 3777 2026 χειρῶν

522 2049 735 2104 Domini
773 2044 1186 2117 impositiouem
1230 2045 1285 2099 in
1323 2053 1510 2101 monte
1537 2045 1823 2102 Olivarum
1855 2048 2090 2117 gratiam

518 2146 872 2211 acceperunt,
925 2147 985 2190 ut
1044 2134 1112 2189 ad
1183 2135 1599 2206 Scripturarum
1662 2137 2092 2208 intelligentiam

518 2248 707 2288 corum
745 2246 903 2285 meus
931 2230 1273 2299 aperiretur;
1301 2228 1470 2299 inque
1502 2228 1750 2299 Spiritus
1776 2231 1960 2287 sancti
1990 2231 2093 2286 ad-

520 2334 710 2389 ventu,
757 2323 952 2394 repleti
989 2331 1120 2378 sunt
1179 2325 1328 2378 omni
1388 2326 1660 2393 scientia;
1703 2325 2095 2398 Evangeliique

521 2416 1000 2487 praedicationem,
1044 2419 1192 2488 quod
1247 2428 1368 2474 erat
1421 2421 1749 2477 tradendum
1810 2422 2091 2493 gentibus,

519 2522 585 2561 ac
616 2509 871 2564 universa
908 2507 1094 2564 futura
1144 2510 1484 2569 didicerunt.
1520 2514 1756 2584 Pr0pter
1792 2521 1976 2569 tamen
2008 2529 2096 2569 se-

523 2609 668 2670 ptem
727 2601 947 2655 illarum
1002 2604 1285 2659 haereseon
1342 2621 1410 2660 ex
1439 2605 1645 2662 Iudaeis
1700 2616 2092 2677 prognatarum
2132 2659 2144 2671 _

520 2695 949 2762 grassatiouem,
983 2694 1246 2752 Ecclesiae
1274 2699 1446 2753 totius
1472 2699 1647 2753 ollicia
1685 2699 1975 2769 speciatim
2007 2708 2094 2752 at-

521 2800 629 2854 que
682 2784 912 2851 ordine,
965 2783 1392 2860 haudquaquam
1437 2807 1719 2863 exponere
1777 2806 1842 2846 ac
1877 2792 2097 2846 sancire

523 2878 697 2932 licuit.
735 2878 793 2933 ltl
834 2895 962 2935 vero
1006 2898 1175 2936 unum
1234 2883 1474 2939 sollicite
1528 2884 1784 2955 agebant,
1848 2893 1911 2937 ut
1940 2883 2099 2939 Chri-

519 2970 876 3036 stum,ﬁeum
909 2989 971 3027 ex
1011 2974 1141 3039 Deo,
1175 2978 1267 3045 qui
1307 2976 1514 3031 mundo
1548 2977 1926 3047 apparuisset,
1959 2991 2099 3044 prae-

522 3060 796 3115 dicarent.
847 3061 1065 3133 Septem
1120 3077 1301 3120 autem
1362 3066 1645 3121 hmrcseou
1698 3067 1924 3121 nomina
1981 3067 2096 3120 haec

525 3161 698 3207 sunt:
747 3158 800 3207 ‘l.
831 3153 1155 3223 Scribaeﬂ.
1202 3157 1496 3225 Pharisaai;
1549 3158 1603 3213 '5.
1649 3158 1979 3223 Saddneazi;
2039 3159 2094 3212 4.

2194 2044 2292 2097 τοῦ
2319 2044 2525 2116 Κυρίου
2561 2047 2619 2099 ἐν
2644 2045 2722 2117 τῷ
2752 2046 2869 2117 δρει
2911 2046 3022 2100 τῶν
3082 2046 3333 2112 Ἐλαιῶν,
3389 2047 3583 2103 ἔλαϐον
3622 2049 3776 2120 χάριν

2195 2136 2258 2189 τὸ
2303 2136 2673 2209 διανοιχθῆναι
2719 2137 2902 2193 αὐτῶν
2947 2139 3042 2192 τὸν
3098 2140 3225 2194 νοῦν
3263 2140 3361 2194 τοῦ
3399 2140 3647 2195 συνιέναι
3683 2142 3775 2205 τάς

2197 2226 2421 2298 Γραφάς
2446 2242 2461 2257 ⁸
2490 2230 2584 2281 καὶ
2613 2230 2672 2281 ἐν
2703 2232 2770 2301 τῇ
2801 2229 3087 2283 ἐπελεύσει
3126 2229 3221 2284 τοῦ
3248 2231 3409 2298 ἁγίου
3437 2230 3771 2301 Πνεὺματος,

2197 2321 2548 2393 ἐπλήσθησαν
2579 2322 2759 2392 πάσης
2804 2322 3075 2387 συνέσεως
3095 2337 3109 2352 ·
3161 2322 3342 2376 καὶτὸ
3368 2324 3636 2394 κήρυγμα
3685 2322 3772 2376 τοῦ

2200 2414 2557 2484 Εὑαγγελίου,
2585 2415 2681 2470 τοῦ
2707 2416 3007 2487 μέλλοντος
3027 2413 3420 2486 παραδίδοσθαι
3441 2417 3557 2479 τοῖς
3580 2413 3777 2481 ἔθνεσι,

2199 2509 2295 2562 καὶ
2326 2508 2505 2562 πάντα
2536 2508 2605 2562 τὰ
2638 2508 2901 2580 μέλλοντα
2955 2508 3330 2580 μεμαθήκασι.
3367 2507 3517 2578 Πλὴν
3561 2506 3654 2562 διὰ
3683 2508 3778 2569 τὰς

2201 2600 2514 2670 προσϐολὰς
2563 2600 2673 2653 τῶν
2726 2599 2997 2672 αἱρέσεων
3050 2600 3160 2655 τῶν
3210 2599 3353 2653 ἑπτὰ
3406 2600 3634 2654 ἐκείνων
3674 2600 3778 2652 τῶν

2203 2695 2441 2764 φυεισῶν
2470 2695 2534 2747 ἐκ
2557 2693 2666 2747 τῶν
2700 2692 2992 2755 Ἰουδαίων,
3016 2693 3115 2746 οὐκ
3145 2692 3497 2764 ἠδυνήθησαν
3526 2692 3625 2764 τὴν
3648 2693 3776 2747 ἀκο-

2200 2787 2417 2841 λουθίαν
2456 2786 2636 2857 πάσης
2663 2786 2763 2856 τῆς
2806 2785 3137 2854 Ἐκκλησίας
3175 2785 3421 2857 μερικῶς
3451 2786 3598 2839 κατά
3625 2784 3777 2850 τάξιν

2199 2879 2458 2934 ἐκθέσθαι
2490 2881 2587 2933 καὶ
2618 2878 2891 2933 θεσπίσαι.
2942 2878 3105 2931 Ἀλλὰ
3134 2877 3292 2931 τοῦτο
3328 2877 3493 2947 μόνον
3512 2878 3777 2930 ἐσπούδα-

2202 2990 2324 3038 σαν,
2344 2973 2435 3026 τὸν
2455 2970 2690 3042 Χριστὸν
2706 2970 2838 3025 Θεὸν
2859 2972 2923 3024 ἐκ
2950 2970 3084 3024 Θεοῦ
3104 2970 3439 3039 ἐπιφανέντα
3463 2969 3544 3040 τῷ
3564 2970 3774 3039 κόσμῳ,

2201 3064 2460 3137 κηρύξαι.
2512 3064 2635 3117 Τῶν
2679 3063 2736 3117 δὲ
2791 3063 2932 3117 έπτά
2979 3064 3242 3133 αἱρέσεων
3270 3062 3535 3132 ὀνόματα,
3569 3061 3773 3115 ταῦτα·

2198 3152 2441 3229 πρῶτον,
2476 3157 2835 3229 Γραμματεῖς
2858 3172 2871 3187 ο
2907 3156 3186 3229 δεύτερον,
3217 3158 3504 3225 Φαρισαῖοι
3528 3172 3546 3188 ο
3574 3157 3776 3225 τρίτον,

528 3244 1037 3317 llemerobaptisti;
1082 3249 1135 3303 5.
1179 3250 1409 3317 Asiani;
1447 3250 1502 3305 6.
1558 3250 1859 3317 Nazareni;
1899 3250 1953 3303 7.
1991 3250 2097 3306 lle-

2204 3250 2593 3304 Σαδδουκαῖοι·
2617 3250 2897 3321 τέταρτον,
2931 3248 3429 3320 Ἥμεροϐάπτιστοι
3449 3264 3461 3278 ⁸
3509 3248 3775 3317 πέμπτον,

526 3337 764 3396 rodiani.
797 3339 861 3394 Hi
887 3355 1080 3397 omnes
1115 3341 1559 3397 adversabantur
1583 3345 1760 3398 beatis
1787 3344 2093 3414 apostolis;

527 3446 592 3485 ac
625 3447 749 3486 cum
789 3432 920 3496 illis,
976 3431 1313 3502 Simoniani,
1337 3433 1705 3503 Cerintliiani,
1745 3436 1958 3501 Ariani,
1993 3435 2096 3489 Sa-

523 3522 745 3577 belliaui
780 3538 844 3577 ac
898 3523 1231 3580 Eunomiani
1257 3566 1272 3591 ,
1310 3528 1402 3592 qui
1438 3529 1602 3598 plane
1637 3527 1909 3583 contrarii
1939 3536 2098 3582 erant

526 3620 733 3666 sanctae
762 3613 1046 3669 Ecclesiae.
1097 3615 1241 3682 Quin
1273 3624 1328 3672 et
1380 3616 1591 3673 Pascha
1633 3620 1764 3674 luna
1804 3619 1873 3672 14
1906 3620 2097 3676 multis

526 3704 689 3757 anuis
721 3704 1021 3760 celebravit
1052 3706 1325 3765 Ecclesia.
1373 3708 1497 3764 Non
1554 3712 1701 3766 enim
1730 3726 1927 3767 omnes
1966 3721 2099 3766 tunc

527 3801 741 3863 poterat
779 3810 1056 3862 coercere,
1082 3814 1146 3853 ac
1165 3816 1341 3873 usque
1367 3802 1436 3856 ad
1461 3810 1675 3872 tempus
1704 3803 1924 3873 pacifici
1949 3803 2098 3859 illius

518 3885 1025 3959 ConstantiuiLqui
1048 3891 1331 3947 celebrata
1354 3892 1577 3948 Nicazna
1600 3894 1835 3966 synodo,
1854 3911 1917 3950 os
1936 3890 2101 3951 omne

529 3978 917 4036 haereticorum
958 3985 1263 4051 obstruxit,
1297 4001 1363 4041 ac
1425 3987 1691 4043 Ecclesiae
1744 4004 1919 4043 cornu
1949 3988 2100 4045 exal-

529 4070 688 4127 tavit.

596 4265 678 4320 Ab
714 4280 781 4321 eo
810 4265 996 4335 itaque
1027 4264 1287 4335 deinceps
1335 4272 1587 4335 tempore
1610 4307 1626 4332 ,
1674 4269 1853 4323 sancti
1908 4266 2102 4323 Patres

525 4373 591 4410 ac
618 4357 764 4411 beati
790 4358 1060 4428 episcopi,
1093 4369 1415 4412 sanctortun
1448 4359 1830 4428 apostolorum
1868 4359 2101 4429 vestigia

452 4438 456 4443 ’
526 4448 880 4519 indagantes,
919 4459 1173 4505 sanctum
1210 4447 1425 4502 Pascha
1454 4465 1483 4502 a
1535 4449 1771 4504 Judaico
1819 4450 2103 4506 discreve-

528 4550 681 4607 runt,
708 4542 837 4611 jnre
872 4544 1074 4599 merito
1111 4544 1452 4596 honorantes
1512 4553 1759 4597 sanctam
1798 4543 2101 4599 Ecclesiam

2213 3341 2452 3396 ’Acmtvot
2479 3360 2491 3372 ο
2525 3340 2706 3407 ἕκτον,
2740 3340 3051 3412 Ναζαραῖοι
3075 3354 3089 3369 ⁸
3138 3341 3387 3411 ἕϐδομον,
3436 3341 3774 3414 Ἡρωδιανοᾷ

2200 3430 2360 3489 Οὗτοι
2395 3433 2598 3497 πάντες
2627 3433 2939 3487 ἀντέκειντο
2958 3434 3073 3496 τοῖς
3105 3433 3402 3505 μακαρίοις
3435 3434 3775 3500 ἀποστόλοις,

2198 3528 2295 3580 καὶ
2351 3527 2467 3599 μετ’
2517 3526 2744 3580 ἐκείνων
2783 3528 2833 3580 οί
2876 3527 3228 3597 Σιμωνιανοὶ,
3272 3529 3363 3580 καὶ
3393 3538 3420 3566 ι
3453 3528 3775 3597 Κηρυναῖοι,

2213 3620 2513 3689 Ἀρειανοὶ,
2560 3617 2951 3684 Σαϐελλιανοὶ,
3003 3618 3100 3672 καὶ
3160 3617 3521 3688 Εὑνομιανοὶ,
3584 3620 3780 3681 οἵτινες

2199 3712 2434 3764 ἐναντίοι
2464 3709 2878 3779 κατεστάθησαν
2934 3711 3002 3780 τῇ
3040 3708 3174 3779 άγία
3217 3709 3540 3779 Ἐκκλησία.
3575 3711 3686 3763 Καὶ
3719 3711 3778 3762 τὸ

2201 3803 2393 3873 Πάσχα
2424 3803 2482 3854 ἐν
2512 3801 2732 3863 πολλοῖς
2759 3801 2977 3873 χρόνοις
3023 3801 3282 3873 ἐὸρταξεν
3307 3804 3339 3872 ή
3386 3802 3686 3872 Ἐκκλησία
3711 3806 3777 3873 τῇ

2205 3891 2286 3945 ιδ’.
2312 3892 2426 3945 Οὐκ
2458 3890 2691 3962 ἠδύνατο
2715 3891 2822 3962 γάρ
2850 3891 2972 3944 τότε
3007 3893 3086 3955 είς
3120 3893 3331 3955 πάντας
3374 3895 3408 3964 ή
3458 3891 3777 3965 Ἐκκλησία,

2200 3985 2305 4049 ἕως
2337 3984 2428 4037 τοῦ
2464 3984 2656 4055 χρόνου
2679 3982 2771 4037 τοῦ
2796 3983 3169 4054 φιλειρηνικοῦ
3218 3986 3653 4050 Κωνσταντίνου,
3687 3986 3779 4040 τοῦ

2200 4076 2289 4129 διὰ
2324 4075 2424 4144 τῆς
2457 4076 2515 4127 ἐν
2552 4074 2756 4144 Νικαίᾳ
2787 4073 3006 4126 συνόδου
3057 4074 3441 4147 ἐμφράξαντος
3470 4078 3580 4129 πᾶν
3607 4078 3777 4148 στόμα

2201 4166 2515 4239 αἱρετικῶν,
2547 4166 2642 4219 καὶ
2671 4164 2983 4235 ὑψώσαντος
3014 4167 3076 4220 τὸ
3106 4169 3275 4239 κέρας
3297 4169 3394 4238 τῆς
3418 4167 3773 4239 Ἐκκλησίας.

2274 4260 2476 4315 Λοιπὸν
2509 4259 2616 4313 ἀπὸ
2646 4260 2791 4325 τότε,
2823 4262 2872 4313 οἱ
2907 4261 3052 4330 ἅγιοι
3081 4262 3348 4334 Πατέρες,
3378 4262 3475 4316 καὶ⁵
3516 4265 3567 4317 οί
3598 4266 3777 4334 μακά-

2207 4370 2314 4425 ριοι
2340 4353 2650 4416 ἐπίσκοποι,
2698 4354 2749 4405 oi
2788 4353 3070 4424 ίχνηλάται
3101 4355 3211 4407 τῶν
3237 4355 3410 4423 ἁγίων
3444 4356 3775 4419 ἀποστόλων,

2204 4444 2531 4518 διεχώρισαν
2570 4446 2633 4499 τὸ
2663 4445 2820 4514 ἅγιον
2850 4446 3043 4517 Πάσχα
3078 4447 3144 4500 ἐκ
3172 4445 3267 4500 τοῦ
3292 4446 3609 4512 Ἰουδαϊκοῦ,
3641 4449 3776 4501 κατὰ

2204 4538 2362 4607 λόγον
2406 4538 2736 4608 τιμήσαντες
2760 4537 2858 4609 τήν
2905 4538 3067 4605 ἁγίαν
3094 4537 3389 4609 καθολικὴν
3435 4539 3773 4609 Ἐκκλησίαν,

529 4636 883 4700 catholicam,
945 4650 1011 4689 ac
1068 4635 1316 4705 psalmis,
1362 4643 1417 4688 et
1464 4633 1706 4705 hymnis,
1764 4635 2097 4705 canticisque

2211 4633 2306 4685 καὶ
2365 4630 2754 4700 φαιδρύναντες
2812 4632 3048 4702 ψαλμοῖς
3109 4632 3207 4686 καὶ
3230 4631 3395 4702 ᾠδαῖς
3424 4633 3520 4685 καὶ
3567 4633 3773 4704 ᾅσμασι

524 4723 879 4793 spiritalibus
904 4725 1304 4789 exhilarantes,
1327 4723 1623 4794 variasque
1641 4724 1969 4781 festivitates
1992 4727 2103 4781 siu-

525 4816 694 4889 gulas
728 4817 936 4872 diebus
964 4817 1210 4888 propriis
1257 4815 1505 4872 ordinari
1541 4826 1871 4874 sanxerunt.
1930 4816 2103 4874 Porro

521 4907 559 4960 ii
593 4907 827 4976 apostoli
867 4908 967 4977 qui
1013 4917 1273 4962 erantex
1319 4907 1497 4962 sancti
1559 4906 1786 4965 Joannis
1844 4909 2104 4979 Baptistae

518 4997 838 5066 discipulis,
872 4998 1062 5053 audito
1110 4998 1259 5069 quod
1290 4995 1534 5054 Joannes
1568 5000 1943 5054 testimonium
1973 5015 2099 5070 per-

519 5089 804 5146 hibuit'de
864 5090 1134 5158 Domino,
1189 5092 1514 5157 credentes,
1568 5092 1860 5148 Dominum
1917 5096 2093 5150 secuti

516 5190 684 5248 sunt;
723 5196 962 5251 cumque
993 5180 1286 5236 Dominum
1337 5181 1392 5235 in
1436 5180 1681 5238 .lordane
1714 5182 1986 5253 baptizari
2015 5185 2095 5237 vi-

2202 4722 2620 4791 πνευματικοῖς,
2648 4722 2857 4785 καὶτὰς
2888 4721 3081 4793 ἑορτάς
3114 4721 3213 4784 τὰς
3243 4721 3495 4786 ποικίλας
3525 4724 3776 4792 ἐνομοθέ-

2200 4832 2399 4885 τησαν,
2425 4814 2732 4881 κατατάξαι
2763 4816 3003 4887 ἑκάστην
3035 4819 3115 4880 εἰς
3152 4816 3251 4886 τὴν
3282 4815 3417 4869 ἰδίαν
3446 4816 3682 4887 ήμέραν.
3716 4817 3777 4869 Οἱ

2198 4907 2258 4960 δὲ
2282 4904 2569 4960 ἀπόστολοι
2617 4907 2669 4959 οί
2713 4906 2865 4971 ὄντες
2888 4908 2954 4960 ἐκ
3006 4906 3112 4962 τῶν
3166 4906 3429 4979 μαθητῶν
3476 4906 3572 4961 τοῦ
3620 4908 3774 4975 άγίον

2213 5000 2464 5053 Ἰωάννου
2492 4999 2586 5053 τοῦ
2609 4999 2936 5063 Βαπτιστοῦ,
2971 5000 3059 5052 ὅτε
3075 5000 3311 5071 ήκουσαν
3343 5001 3442 5071 τὴν
3477 5000 3776 5071 μαρτυρίαν

2215 5092 2462 5145 Ἰωάννου
2493 5092 2621 5160 περὶ
2652 5091 2747 5143 τοῦ
2786 5092 3019 5161 Κυρίου,
3051 5092 3448 5155 πιστεύσαντες
3478 5091 3776 5161 ἠκολούθη-

2202 5202 2302 5238 σαν
2327 5185 2403 5253 τῷ
2420 5185 2609 5255 Κυρίῳ
2633 5201 2647 5215 ·
2682 5186 2775 5236 καὶ
2794 5185 2883 5238 ὅτε
2913 5180 3051 5236 είδον
3071 5184 3162 5237 τὸν
3180 5181 3385 5251 Κύριον
3416 5181 3777 5251 βαπτισθῆναι

517 5270 756 5338 disseut,
788 5288 852 5327 ea
883 5273 974 5327 die
1005 5272 1273 5344 Baptismi
1306 5288 1531 5345 quoque
1566 5273 1927 5330 festivitatem
1987 5286 2097 5331 sta-

2199 5278 2257 5329 tv
2292 5277 2552 5348 Ἰορδάνῃ,
2581 5278 2661 5341 είς
2696 5276 2915 5348 ἐκείνην
2941 5277 3041 5347 τὴν
3071 5275 3285 5347 ἡμέραν
3330 5273 3427 5328 καὶ
3453 5273 3554 5344 τὴν
3584 5272 3777 5345 ἑορτήν

1783 5365 1826 5420 γ
1843 5367 2035 5423 ΑιιΙΑΞ
2065 5367 2477 5426 LECTIONES.

621 5466 648 5495 Il
689 5455 776 5510 ῖσ.
807 5454 1149 5527 Κεριντίανοι
1180 5454 1266 5509 vel
1301 5456 1625 5526 Κυρηναῖοι.

1996 5571 2232 5630 NOTAE.

519 5662 740 5733 verint;
794 5670 1061 5733 tanquam
1096 5677 1162 5717 ea
1217 5669 1374 5732 parte
1403 5667 1746 5721 excesserint
1792 5669 2008 5724 tradita;
2053 5686 2085 5724 a

517 5732 738 5787 Christo
768 5734 1056 5805 potestatis
1081 5772 1096 5796 ,
1141 5747 1203 5805 ac
1233 5738 1353 5801 puri
1392 5733 1672 5805 Evangelii
1716 5739 1939 5796 limites.
1974 5739 2081 5794 lm-

516 5813 710 5872 purnm
741 5812 889 5858 certe
924 5802 1311 5881 Evangelintn,
1357 5814 1416 5857 nt
1469 5802 1577 5860 non
1614 5812 1829 5877 possint
1876 5813 2079 5881 przelati

514 5882 779 5944 statuere,
811 5872 956 5944 quod
978 5890 1007 5929 c
1031 5872 1095 5929 re
1113 5872 1446 5940 Christiana,
1484 5892 1584 5947 pro
1614 5872 1811 5935 rerum
1847 5872 1910 5937 ac
1937 5891 2081 5938 tem-

2191 5686 2387 5742 porum
2419 5673 2661 5742 Aratione
2714 5670 3110 5727 indicaverint.
3172 5668 3310 5742 Nam
3356 5677 3412 5742 et
3470 5668 3524 5723 in
3572 5671 3771 5733 veteri,

2195 5740 2388 5811 praeter
2417 5740 2666 5811 Moysen,
2708 5744 2874 5798 etiam
2904 5744 3193 5812 pontitices
3222 5741 3315 5795 alii
3338 5780 3353 5804 ,
3387 5741 3559 5795 festos
3601 5757 3771 5812 novos

2191 5815 2330 5880 dics,
2365 5823 2557 5869 sancte
2599 5829 2664 5870 ac
2701 5830 2828 5869 cum
2864 5811 3025 5871 laude
3060 5821 3370 5870 noscuntur
3409 5811 3732 5867 sancivisse.
