4130 6408
323 359 456 425 ιιιι

1353 367 1452 430 DE
1487 371 1721 434 FESTO
1755 372 1886 434 DIE
1918 375 2198 438 NATALI
2246 377 2549 440 DOMINI.

3452 337 3588 449 Ilia

318 477 414 530 τοῦ
444 477 827 549 Βαπτίσματος
857 479 1185 547 κατέταξαν.
1226 480 1284 535 Ὀ
1307 481 1364 536 δὲ
1398 485 1657 550 ’ΐάκωσος
1688 487 1718 540 ό
1742 487 1897 541 ἀδελ-

2015 500 2254 546 luerunt:
2285 490 2533 547 Jacobus
2566 499 2749 548 autem
2801 491 3020 548 Domini
3060 491 3254 560 frater,
3288 494 3382 562 qui
3425 512 3590 549 vene-

321 572 538 640 φόθεος,
565 574 623 626 ὲν
653 572 902 644 Βηθλεὲμ
949 574 1396 647 παραγενόμενος
1447 577 1506 628 ὲν
1552 581 1619 649 τῇ
1648 581 1903 650 γεννήσει

318 665 415 719 τοῦ
444 665 674 736 Κυρίου,
706 666 748 742 ,ὁ
774 669 869 721 καὶ
900 667 959 720 ὲν
1003 667 1365 738 Ἰερουσαλὴμ
1402 669 1445 722 λ’
1481 671 1575 741 ἐτη
1600 674 1904 743 ἐπισκοπή-

321 774 446 822 σας,
502 758 604 811 οὐκ
638 756 881 812 ἐκώλυσε
937 761 1064 822 τοὺς
1107 759 1404 824 τελοῦντας
1455 763 1554 834 τὴν
1601 753 1900 836 Γέννησινο

324 849 527 918 μᾶλλον
555 849 613 904 δὲ
667 851 908 904 ἐπαινῶν
942 849 1152 920 έλεγεν,
1188 853 1272 906 ὅτι
1305 856 1385 919 είς
1413 855 1586 928 ἀλλην
1619 859 1776 913 πόλιν
1804 862 1906 932 τὴν

321 941 583 1014 ι’έννησιν
607 942 876 998 τελοῦσιν.
904 943 1018 1015 Οὐχ
1037 945 1119 997 ὅτι
1139 945 1284 1000 κατὰ
1309 948 1621 1018 ἀντιλογίαν
1643 950 1900 1022 ἔγραψενο

320 1034 404 1088 ὅτι
432 1034 521 1088 ὅτι
561 1036 642 1098 είς
673 1034 842 1104 ἀλλην
869 1035 1026 1090 πόλιν
1056 1038 1273 1092 τελοῦσι
1315 1040 1343 1080 δ
1375 1043 1904 1113 πεπλανημένοι.....

325 1125 404 1197 ρῷ
432 1125 544 1180 τόν.
588 1127 696 1180 Καὶ
745 1125 805 1191 ἐξ
856 1127 1034 1198 ἀρχῆς
1062 1168 1076 1191 .
1117 1129 1314 1195 ἄλλους
1365 1133 1600 1198 κανόνας
1644 1133 1831 1188 έθεντο
1857 1136 1905 1187 οἱ

323 1217 624 1273 ἀπόστολοι
658 1220 775 1282 τοῖς
827 1218 889 1286 ὲξ
939 1220 1112 1274 ὲθνῶν
1171 1227 1589 1290 πεπιστευκόσι,
1631 1225 1903 1295 λέγοντες,

322 1309 706 1380 ἀπέσχοσθαι
738 1310 858 1365 ἀπὸ
891 1313 1166 1379 πνικτοῦ,
1194 1315 1293 1370 καί
1332 1319 1638 1386 πορνείας,
1687 1319 1786 1372 καί
1814 1320 1907 1374 αἵ-

319 1420 534 1473 ματος.
571 1406 635 1459 υί
683 1405 742 1460 δὲ
787 1408 908 1460 νυνὶ
958 1406 1187 1470 κανόνες
1217 1410 1456 1464 ποικίλοι
1493 1412 1782 1483 δογμάτων
1811 1413 1909 1466 καὶ

323 1497 674 1569 διδαγμάτων
702 1510 725 1540 ο
761 1500 1133 1572 περιέχουσιν.
1176 1503 1252 1556 Οὐ
1306 1504 1417 1576 γὰρ
1445 1506 1504 1558 ὲν
1539 1508 1704 1561 παντὶ
1729 1510 1909 1580 καιρῷ

325 1591 422 1644 καὶ
470 1590 647 1662 χρόνῳ
699 1590 802 1664 τὴν
863 1593 1035 1662 αὐτὴν
1089 1595 1414 1665 νομοθεσίαν
1453 1599 1845 1670 ἐνομοθέτησεν
1879 1605 1908 1656 ὁ

328 1683 628 1754 ’Υψιστοςο
663 1683 783 1740 ἀλλ’
824 1685 1044 1757 έκάστῳ
1092 1686 1270 1760 χρόνῳ
1319 1689 1567 1756 διάταξιν
1611 1693 1709 1744 καὶ
1742 1694 1908 1764 νόμον

325 1791 517 1845 ωρισε.

400 1866 546 1938 Πλὴν
595 1867 687 1922 διὰ
735 1867 837 1940 τὴν
890 1869 1152 1941 Γέννησιν
1203 1869 1299 1923 τοῦ
1326 1871 1601 1943 Σωτῆρος,
1660 1874 1743 1927 ὅτι
1789 1874 1908 1939 πῶς

327 1959 641 2027 διετάξαντο
677 1961 955 2033 Δεκεμδρ.
994 1961 1076 2016 κε’
1114 1963 1410 2026 τελεῖσθαι,
1443 1965 1618 2031 οὕτως
1650 1967 1906 2040 εὕρομεν.

333 2051 584 2122 Ἐγραψέ
613 2069 740 2106 ποτε
779 2051 1068 2125 Κύριλλος,
1101 2051 1130 2093 ἀ
1157 2053 1185 2107 ὀ
1215 2055 1434 2124 γράψας
1485 2057 1583 2126 τὴν
1619 2059 1912 2130 ἐπιστολὴν

328 2144 754 2214 Κωνσταντίνῳ,
793 2145 910 2200 ἀλλ’
939 2145 970 2198 ό
1016 2148 1133 2215 μετ’
1166 2149 1377 2200 ἐκεῖνον
1407 2149 1794 2220 διαδεξάμενος
1821 2150 1913 2204 τὸν

329 2235 520 2306 θρόνον
544 2235 732 2302 αὑτοῦ,
769 2237 908 2308 πρὸς
947 2238 1169 2292 Ἰούλιον
1199 2239 1294 2293 τὸν
1339 2240 1562 2312 Ῥώμης
1586 2243 1911 2309 ἐπίσκοπον,

329 2327 538 2400 ἔγραψε
566 2329 760 2399 λέγων,
796 2331 877 2384 ὅτι
917 2349 936 2382 ι
971 2332 1162 2400 Μέγας
1201 2331 1370 2395 κόπος
1400 2333 1496 2386 καὶ
1545 2332 1804 2403 στέρησις
1830 2334 1916 2402 γί-

329 2439 484 2476 νεται
516 2423 597 2486 είς
645 2424 746 2486 τὰς
781 2424 1027 2494 μεγάλας
1054 2425 1151 2477 καὶ
1175 2423 1437 2494 λαμπρὰς
1467 2426 1682 2496 ἑορτὰς,
1708 2427 1788 2480 ὅτι
1827 2444 1916 2480 τε·

328 2512 553 2568 λοῦνται
576 2517 634 2567 ὲν
667 2515 769 2586 μιᾷ
799 2515 985 2586 ἡμέρᾳ
1005 2532 1020 2548 ο
1062 2515 1158 2570 καὶ
1199 2516 1268 2570 τά
1292 2515 1718 2586 ἀναγνώσματα,
1758 2519 1853 2572 καὶ
1883 2521 1914 2590 ἡ

330 2607 627 2660 ἀκολουθία
649 2607 1020 2678 ἀπομένουσιν
1051 2609 1283 2680 ἡμιτελῆ
1315 2609 1425 2662 τῶν
1458 2608 1552 2663 δύο
1581 2611 1806 2683 ἑορτῶν,
1830 2611 1918 2666 διὰ

330 2697 396 2752 τδ
427 2698 501 2770 μὴ
535 2697 796 2753 δύνασθαι
823 2699 922 2770 τὴν
949 2699 1208 2771 Γέννησιν
1239 2701 1334 2755 καὶ
1358 2703 1418 2756 τὸ
1445 2702 1740 2773 Βάπτισμα
1766 2705 1920 2758 ἐκτε-

331 2790 488 2846 λέσαι
518 2791 614 2845 τοῦ
647 2791 876 2864 Κυρίου.
911 2793 998 2858 Ὠς
1034 2793 1097 2863 δὴ
1121 2795 1182 2847 οὐ
1213 2795 1490 2864 δυνάμεθα
1516 2797 1576 2849 ὲν
1605 2797 1705 2868 μιᾷ
1735 2798 1919 2869 ἡμέρᾳ

332 2885 650 2955 ἀπαντῆσαι
679 2886 761 2948 εἰς
794 2885 960 2938 τόπον
1006 2884 1102 2938 τοῦ
1135 2883 1511 2956 βαπτίσματος
1535 2903 1551 2919 ο
1586 2889 1712 2942 ἐπεὶ
1741 2891 1772 2959 ἡ
1814 2888 1919 2958 Βη-

332 2976 518 3047 θλεὲμ,
549 2975 678 3048 τρία
717 2977 870 3048 μίλια
894 2975 1092 3046 ἀπέχει
1132 2977 1241 3031 ἀπὸ
1279 2976 1639 3050 Ἰερουσαλὴμ
1668 2982 1812 3035 κατά
1834 2980 1920 3034 νό-

331 3085 456 3136 τον,
487 3067 582 3121 καὶ
603 3070 631 3122 ό
660 3068 929 3140 Ἰορδάνης
958 3070 1021 3124 ιε’
1060 3070 1209 3142 μίλια
1233 3070 1429 3141 ἀπέχει
1466 3070 1608 3125 κατά
1629 3072 1914 3136 ἀνατολάςο

2007 590 2093 636 rat
2133 582 2429 648 Bethleem,
2474 599 2599 638 cum
2623 585 2675 638 iu
2698 598 2760 638 ea
2783 585 3046 641 Dominus
3073 593 3238 640 natus
3255 596 3359 652 est,
3383 589 3588 657 quique

2007 673 2171 729 anuis
2204 673 2274 727 '50
2317 671 2716 745 Hierosolymis
2773 674 3160 746 episcopatum
3217 677 3410 746 gessit,
3443 677 3582 730 nihil

2005 779 2104 821 eos
2133 766 2309 820 vetuit
2357 765 2451 836 qui
2491 764 2680 820 Natale
2723 766 3070 821 celebrarent
3114 784 3128 821 :
3163 768 3297 836 quin
3351 767 3584 822 laudans

2009 859 2193 929 potius
2220 857 2444 912 dicebat
2499 857 2767 910 celebrari
2805 857 3021 911 Domini
3071 856 3330 912 Natalitia
3368 860 3421 912 in
3477 859 3583 912 alia

2007 952 2254 1006 civitate.
2283 948 2401 1004 Non
2441 961 2701 1018 tanquam
2753 952 3036 1004 contraria
3089 951 3416 1020 scripserit;
3456 967 3580 1004 nam

2009 1059 2133 1098 cum
2163 1043 2446 1098 celebrant
2478 1042 2530 1096 iu
2572 1041 2677 1094 alia
2703 1042 2924 1095 civitate
2956 1042 3055 1112 (ὦ),
3099 1043 3368 1112 temporis
3400 1043 3582 1096 hallu-

2008 1135 2290 1190 cinatioue
2325 1136 2628 1190 celebrant.
2663 1132 2769 1188 Sed
2799 1143 2854 1189 et
2878 1149 2906 1187 a
2940 1135 3216 1204 principio
3247 1137 3380 1190 alias
3420 1151 3585 1205 regu-

2013 1227 2095 1282 las
2126 1233 2437 1296 posuerunt
2471 1227 2706 1297 apostoli
2751 1227 2818 1279 iis
2846 1226 2938 1295 qui
2973 1226 3324 1281 crediderant
3353 1243 3418 1282 ex
3455 1244 3585 1294 geu-

2011 1321 2176 1383 tihus,
2213 1320 2485 1387 dicentes,
2517 1330 2575 1373 ut
2609 1319 2928 1373 abstinerent
2954 1336 2986 1372 a
3015 1319 3298 1389 suﬂ'ocato.
3327 1329 3376 1374 et
3409 1319 3585 1387 fami.

2011 1415 2242 1476 ratione,
2291 1423 2337 1468 et
2388 1413 2709 1482 sauguine'.
2743 1410 2902 1466 Nunc
2950 1420 3136 1466 autem
3179 1412 3348 1466 variae
3404 1412 3585 1466 cccle-

2012 1506 2255 1562 siasticae
2282 1505 2487 1576 regulze
2522 1518 2585 1558 ac
2625 1518 2894 1567 canones,
2926 1517 3047 1573 qua:
3078 1510 3334 1574 spectant
3363 1504 3430 1556 ad
3483 1503 3582 1556 do-

2011 1607 2192 1670 gmata
2220 1611 2282 1652 ac
2346 1595 2655 1651 doctrinam
2711 1593 3176 1664 complectuntur.
3244 1592 3364 1647 Non
3440 1594 3585 1646 enim

1990 1691 2260 1747 eamdem
2315 1690 2637 1745 Altissimus
2690 1689 2840 1743 omni
2875 1696 3119 1757 tempore
3173 1688 3340 1756 legem
3379 1684 3586 1748 sanxit,

2012 1783 2108 1838 sed
2140 1782 2344 1851 cuique
2397 1780 2630 1850 tempori
2674 1793 2980 1850 congruam
3029 1775 3488 1832 constitutionem
3523 1788 3588 1828 ac

2017 1878 2189 1946 legem
2221 1873 2495 1930 delluivit.

2085 1969 2356 2026 Caeterum
2384 1965 2532 2037 quod
2567 1969 2783 2034 spectat
2812 1961 2877 2015 ad
2921 1959 3224 2016 Salvatoris
3279 1957 3492 2021 Natale,
3529 1963 3590 2012 ut

2015 2061 2408 2120 celebrandum
2457 2057 2854 2112 constituerint
2899 2054 2972 2109 25
3010 2051 3297 2106 Decembr.
3354 2052 3408 2104 in
3442 2051 3591 2104 hunc

2018 2155 2238 2210 modum
2298 2153 2632 2207 invenimus.
2672 2148 2905 2218 Scripsit
2966 2145 3263 2215 aliquando
3324 2143 3588 2214 Cyrillus.

2016 2267 2126 2305 non
2160 2249 2253 2317 qui
2289 2245 2512 2314 scripsit
2545 2241 2840 2312 Epistulam
2861 2240 2937 2310 (5)
2962 2240 3027 2292 ad
3054 2237 3467 2297 Constantium,
3495 2235 3590 2289 sed

2017 2343 2112 2409 qui
2150 2347 2271 2406 post
2305 2353 2428 2390 eum
2466 2337 2728 2388 thronum
2763 2331 2884 2400 ejus
2919 2344 3214 2384 successor
3249 2330 3484 2396 accepit,
3514 2323 3591 2379 ad

2017 2433 2224 2488 Julium
2256 2429 2561 2483 Bouianum
2588 2424 2930 2495 pontilicem,
2959 2424 3015 2476 in
3048 2422 3160 2475 haec
3189 2421 3356 2473 verba
3387 2437 3399 2472 :
3433 2437 3449 2469 ι
3483 2416 3592 2471 Ma-

2018 2541 2160 2594 gnus
2186 2532 2270 2577 est
2295 2523 2471 2584 labor,
2501 2533 2565 2571 ac
2603 2515 2887 2571 hominum
2924 2513 3175 2582 paucitas
3202 2511 3257 2564 in
3292 2509 3505 2579 magnis
3529 2521 3594 2560 ac

2023 2615 2303 2688 pra-claris
2362 2608 2814 2667 ευιμιιιιιίιίιῑὶϋιιε
2837 2647 2851 2670 ,
2879 2621 2944 2660 eo
2968 2605 3112 2674 quod
3145 2602 3334 2658 eadem
3379 2601 3468 2655 die
3494 2615 3588 2654 ce-

2023 2709 2308 2764 lebrentur
2339 2727 2353 2761 :
2390 2704 2768 2770 lectionesque
2805 2713 2870 2754 ac
2917 2697 3094 2751 oliicia
3125 2695 3410 2749 ambarum
3446 2692 3594 2746 cele-

2019 2804 2281 2859 britatmu
2317 2799 2408 2852 vix
2463 2797 2646 2849 media
2680 2801 2836 2863 parte
2869 2791 3253 2853 absolvuntur,
3289 2785 3440 2854 quod
3480 2800 3597 2839 σηε-

2022 2909 2291 2964 queamus
2316 2902 2368 2945 ct
2403 2889 2597 2943 Natale
2634 2887 2848 2940 Domini
2878 2885 3182 2943 celebrare,
3209 2889 3262 2936 et
3294 2879 3595 2948 Baptisma.

2020 2988 2289 3044 Nimirum
2317 2983 2434 3037 ﬁeri
2461 2996 2566 3035 nou
2594 2985 2776 3049 potest
2818 2984 2876 3031 ut
2901 2973 3091 3032 eadem
3116 2972 3206 3027 die
3231 2982 3598 3026 occurramus

2022 3078 2088 3129 ad
2150 3076 2328 3127 locum
2365 3069 2752 3140 baptismatis;
2787 3081 2911 3120 natu
2945 3063 3226 3118 Bethleem
3261 3060 3438 3116 tribus
3471 3059 3597 3112 mil-

332 3160 698 3229 προπαξάτω
717 3157 810 3215 οὖν
835 3163 1160 3232 ὴάγιωσύνη
1196 3150 1289 3216 σου
1317 3165 1608 3235 ἐρευνῆσαι
1650 3166 1829 3219 πάντα
1850 3165 1912 3219 τά

2029 3168 2258 3220 Iiarihus
2299 3164 2466 3220 distat
2501 3162 2601 3216 abs
2631 3159 2939 3214 Jerusalem
2974 3155 3041 3210 ad
3078 3165 3329 3210 austrum
3361 3150 3597 3206 :Jorda-

337 3253 753 3324 συγγράμματα
810 3253 922 3308 τῶν
982 3255 1277 3320 Ἰουδαίων,
1331 3256 1492 3310 ἀτινα
1538 3258 1843 3322 σκυλεύσας
1896 3262 1912 3314 ί

2025 3260 2110 3314 nis
2145 3274 2276 3310 vero
2338 3257 2508 3309 distat
2560 3251 2875 3323 quindecim
2935 3249 3005 3303 ad
3053 3247 3350 3302 orientem.
3401 3242 3600 3297 Jubeat

337 3347 556 3416 Καίσαρ
588 3347 768 3412 Τίτος,
797 3347 1091 3419 ἀπήγαγεν
1125 3349 1236 3404 ἀπὸ
1284 3350 1642 3424 Ἰερουσαλὴμ
1670 3354 1752 3418 είς
1791 3352 1926 3407 Ῥώ-

339 3454 448 3506 μην
470 3451 484 3466 ⁶
527 3437 660 3500 ίσως
713 3436 898 3509 εὕροις
948 3439 1186 3508 βεϐαίως
1216 3439 1318 3511 τὴν
1346 3442 1562 3514 ἡμέραν
1595 3444 1694 3514 τῆς
1724 3445 1925 3514 γεννή-

338 3543 479 3591 σεως
508 3526 605 3581 τοῦ
634 3529 874 3600 Χριστοῦ
899 3529 996 3582 xci.
1026 3524 1166 3584 Θεοῦ
1193 3530 1375 3603 ἡμῶν.
1418 3551 1437 3584 ι

409 3711 543 3764 Τότε
565 3708 784 3775 Ἰούλιος
805 3712 835 3766 ό
871 3711 1094 3786 Ῥώμης
1124 3714 1402 3786 ἐπιμελῶς
1439 3714 1624 3787 ἐζήτει
1655 3718 1785 3791 περὶ
1816 3718 1917 3791 τῆς

337 3803 610 3872 αἰτήσεως
651 3801 888 3873 ταῦτης·
924 3806 1020 3859 καὶ
1071 3809 1394 3877 συναγαγὼν
1435 3809 1612 3863 πάντα
1640 3810 1709 3866 τά
1734 3812 1920 3884 γράμ-

343 3911 491 3964 ματα
519 3893 629 3948 τῶν
656 3893 928 3950 Ἰουδαίων
950 3897 1019 3952 τά
1040 3899 1554 3970 αίχμαλωτισθέντα
1572 3902 1668 3958 καὶ⁵
1685 3903 1920 3974 ἀχθέντα

339 3987 421 4052 είς
455 3984 694 4058 Ῥώμην,
725 3981 852 4058 εὗρε
883 3987 1226 4062 σύγγραμμά
1245 4010 1298 4046 τι
1322 3993 1631 4062 Ἰωσηππου
1659 3993 1754 4048 τοῦ
1781 3996 1924 4066 Χροσ

453 4104 474 4134 '
506 4103 628 4158 Act.
661 4118 748 4164 xv.
778 4099 872 4160 29.

2021 3367 2156 3421 ergo
2185 3350 2304 3404 Tua
2351 3347 2629 3402 Sanctitas
2657 3341 2900 3414 perquiri
2933 3341 3140 3410 scripta
3165 3338 3350 3394 omnia
3380 3334 3600 3390 Judaeo-

2021 3458 2166 3500 rum.
2221 3456 2344 3514 qua}
2393 3439 2556 3492 Titus
2612 3437 2796 3490 Caesar
2828 3435 2930 3488 abs
2981 3431 3283 3488 Jerusalem
3320 3428 3601 3500 praedatus

2020 3533 2256 3590 Romam
2285 3531 2516 3587 abduxit
2551 3548 2565 3584 :
2598 3528 2741 3584 forte
2768 3525 3050 3580 inveneris
3075 3530 3284 3580 certam
3315 3521 3461 3577 diem
3490 3517 3600 3574 Na-

2021 3626 2257 3682 tivitatis
2284 3625 2488 3681 Christi
2519 3639 2582 3677 ac
2611 3621 2702 3676 Dei
2737 3619 2934 3675 nostri.
2976 3637 2994 3669 ι

2095 3723 2336 3788 Accepta
2370 3715 2554 3771 Julius
2585 3713 2842 3785 epistola.
2877 3711 3073 3765 scdulo
3131 3724 3194 3763 ea
3228 3707 3296 3763 de.
3323 3723 3382 3762 rc
3404 3705 3620 3776 quaesi»

2025 3811 2125 3865 tit.
2163 3810 2522 3880 Cougregaus
2573 3807 2762 3876 itaque
2790 3802 3104 3857 Judaiorutn
3164 3800 3367 3869 scripta
3413 3795 3598 3851 omnia

2025 3904 2330 3972 spoliorum
2375 3901 2496 3954 loco
2528 3899 2732 3963 ablata,
2770 3913 2835 3952 ac
2871 3896 3099 3950 Romam
3135 3893 3326 3955 ducta,
3387 3888 3602 3944 invenit

2027 3995 2252 4065 Josepbi
2281 3991 2691 4062 cbronographi
2730 3991 3067 4060 scripturam
3102 3984 3395 4056 quamdam
3434 3982 3504 4036 ab
3531 3995 3601 4036 co

1582 4193 1811 4250 VARUE
1849 4193 2269 4250 LECTIONES.

453 4289 481 4329 δ
506 4290 712 4345 Littera
738 4291 960 4347 vitiosa.
1071 4302 1093 4330 ε
1129 4291 1214 4345 τσ.
1236 4290 1306 4343 τά
1331 4291 1460 4364 περὶ
1485 4291 1650 4363 δογμ.

1759 4290 1786 4332 δ
1810 4293 1972 4347 λείπ.
1993 4292 2113 4363 οὐχ.

1851 4401 2084 4459 ΝΟΤΛΕ.

1851 4403 1990 4458 ΝΟΤ
2067 4443 2084 4459 .

419 4497 496 4565 (4)
540 4495 682 4570 Nam
717 4511 836 4550 cum
869 4495 1228 4570 celebrantur
1275 4496 1660 4570 aliaﬂcivitate.
1722 4495 1913 4553 Jacobi
1947 4403 2246 4570 Dfuando
2283 4511 2384 4570 nec
2421 4497 2623 4552 festum
2655 4494 2930 4570 Occursus
2968 4494 3236 4566 agebatur
3266 4508 3367 4549 suo
3403 4493 3497 4549 illo
3537 4507 3602 4550 ac

345 4567 647 4629 sententia,
671 4576 938 4637 quantum
969 4583 1033 4622 ex
1064 4567 1262 4621 vitioso
1288 4569 1499 4632 codice,
1535 4583 1824 4637 assequar.
1853 4583 1918 4624 ea

345 4646 453 4701 est,
489 4647 551 4708 ut
581 4646 636 4691 et
674 4635 1117 4708 Hierosolymitae
1159 4654 1401 4708 congrue
1423 4635 1771 4693 celebrarent
1809 4637 1920 4693 Na-

349 4708 461 4764 tale
492 4706 883 4763 Dominicum6
910 4706 1184 4775 Januarii,
1219 4706 1442 4775 quando
1463 4710 1628 4763 etiam
1670 4717 1918 4763 tuncuro

348 4778 447 4834 bes
477 4779 599 4832 alize~
620 4778 986 4844 celebrarent,
1009 4780 1225 4834 tametsi
1254 4778 1478 4834 Christo
1504 4787 1636 4833 nato
1670 4780 1781 4833 alio
1810 4780 1920 4835 die.

353 4847 421 4906 Ut
453 4848 645 4903 Natale
686 4848 927 4915 Christi,
961 4849 1057 4903 alii
1092 4857 1299 4918 partem
1343 4849 1466 4905 festi
1518 4849 1668 4904 illius
1721 4851 1912 4919 praeci-

349 4934 516 4990 puam
547 4919 836 4985 ducerent,
857 4921 950 4974 alii
980 4920 1251 4973 haberent
1304 4920 1358 4974 in
1414 4919 1699 4976 secundis.
1738 4921 1829 4975 Sic
1867 4929 1923 4976 et

351 4991 623 5045 hactenus
661 4990 714 5043 in
767 5004 834 5045 eo
877 4991 1066 5044 videas
1138 4990 1328 5044 minus
1392 4993 1551 5045 nobis
1613 4991 1921 5046 concordes

351 5059 595 5126 Graecos,
623 5073 752 5114 cum
795 5076 864 5116 ne
893 5061 1148 5115 recolunt
1167 5060 1392 5129 quidem
1425 5075 1488 5115 ea
1523 5059 1613 5115 die
1642 5061 1924 5116 adoratio-

354 5146 479 5184 nem
522 5145 805 5199 magorum
856 5131 1014 5186 stella
1041 5133 1202 5191 duce,
1240 5131 1320 5183 uti
1355 5130 1690 5199 deprehendi
1725 5147 1793 5186 ex
1827 5147 1924 5186 an-

353 5203 510 5271 tiquo
539 5201 726 5254 rituali
750 5202 942 5256 codice
972 5199 1492 5271 'l‘iliameiBibliioth.
1527 5199 1823 5271 Videasque
1856 5217 1922 5256 ex

355 5270 648 5339 Gregorio,
671 5281 814 5326 orat.
846 5271 936 5332 59,
963 5286 1029 5326 ac
1057 5273 1181 5325 aliis
1213 5270 1317 5327 PP.
1346 5270 1664 5326 Graecorum
1699 5270 1754 5326 in
1785 5271 1923 5327 festa

353 5341 616 5395 Natalitia
667 5343 976 5404 cncomiis,
1012 5358 1137 5394 cum
1193 5352 1374 5396 tamen
1418 5343 1546 5407 illa,
1603 5342 1725 5407 ejus
1765 5343 1924 5398 nobis

354 5413 481 5468 testi
516 5411 814 5480 praecipua,
850 5426 916 5466 ac
953 5413 1067 5466 fere
1124 5427 1232 5466 una
1271 5413 1410 5466 ratio
1439 5414 1532 5467 sit.
1575 5411 1654 5467 Illi
1703 5421 1922 5466 tantum

354 5483 614 5554 recolunt
647 5482 792 5537 inter
831 5483 948 5552 ipsa
993 5482 1131 5536 festa
1186 5482 1467 5546 Natalitia,
1507 5484 1768 5554 tr0pariis
1817 5483 1923 5536 ali-

356 5561 492 5623 quot
521 5552 577 5606 in
608 5568 732 5605 eum
768 5555 931 5607 (luem
969 5554 1318 5621 compositis.
1351 5555 1572 5622 quando
1598 5552 1780 5622 neque
1820 5567 1924 5607 nos

290 5639 296 5645 ·
356 5623 587 5676 omnino
607 5623 764 5691 fugit,
790 5623 910 5688 ejus
937 5625 1241 5692 relegentes
1263 5624 1553 5678 historiam
1577 5625 1724 5678 inter
1750 5623 1926 5692 majo-

357 5694 436 5764 ris
471 5692 653 5764 Missae
677 5693 1028 5764 diciiNatalis
1063 5695 1352 5748 solemnia.
1377 5693 1483 5749 Sed
1529 5703 1583 5749 et
1613 5694 1923 5764 spectantia

359 5763 428 5817 ad
457 5762 601 5817 diem
628 5762 700 5816 40
730 5778 759 5816 a
791 5762 1088 5818 Nativitate
1117 5779 1488 5820 memoramus
1520 5762 1805 5820 Dom‘inica
1838 5764 1926 5818 in-

363 5835 445 5888 tra
462 5833 583 5903 ejus
599 5848 646 5889 ο.
665 5842 842 5902 tavas,
864 5849 965 5890 ceu
995 5837 1236 5903 quodam
1255 5836 1484 5906 vestigio
1515 5835 1656 5892 ritus
1687 5836 1923 5903 antiqui,

2023 4569 2286 4642 peculiari
2329 4569 2581 4642 die,un
2612 4583 2766 4642 nunc
2784 4569 3021 4642 agimus.

2099 4641 2176 4712 (5)
2213 4639 2335 4712 Non
2365 4641 2454 4708 qui
2475 4634 2688 4712 scripsit
2724 4634 3040 4712 Epistulam.
3071 4635 3378 4712 Utcons‘tet
3403 4634 3602 4690 adver-

2024 4707 2224 4774 sativa,
2257 4711 2481 4780 planum
2507 4717 2594 4764 est
2627 4710 2700 4762 ita
2738 4707 3029 4780 legendum
3067 4716 3126 4760 ut
3159 4707 3380 4762 ascribo
3417 4721 3598 4780 marg.

2023 4797 2090 4834 ac
2145 4775 2302 4852 Icgo';
2361 4779 2504 4833 haud
2531 4789 2712 4833 tamen
2743 4779 2947 4852 patitur
2979 4787 3286 4852 temporum
3331 4775 3472 4852 ratio
3542 4775 3603 4830 ut

2022 4847 2222 4922 Cyrilli
2262 4851 2410 4922 illius
2447 4847 2761 4922 successor,
2798 4849 2893 4922 qui
2940 4849 3169 4922 scripsit
3206 4847 3274 4922 ad
3329 4847 3602 4922 Constan-

2026 4918 2183 4980 tium.
2219 4921 2482 4975 nimirum
2513 4920 2784 4976 celebrem
2821 4918 2987 4972 illaut
3017 4920 3310 4988 epistolam
3341 4918 3407 4970 de
3432 4931 3600 4971 cruce

2025 4994 2141 5046 visa
2173 4991 2571 5060 Hierosolymis
2611 4991 2664 5043 in
2692 4985 3136 5060 Pentecostepad
3167 4985 3372 5041 Julium
3405 5002 3599 5056 papam

2026 5063 2336 5132 scripserit.
2363 5059 2527 5132 quem
2547 5069 2763 5132 constet
2787 5061 2944 5132 prius
2958 5059 3100 5114 vivis
3117 5065 3431 5128 exemptum
3437 5071 3600 5132 _rs_se,

2024 5124 2186 5202 quam
2219 5124 2490 5201 apparitio
2521 5131 2611 5184 illa
2641 5124 2918 5202 ﬁeret-.Yel
2949 5144 3080 5198 ergo
3099 5124 3408 5202 auctorpro
3429 5124 3599 5202 Julio,

2025 5197 2305 5258 Liberium
2327 5204 2518 5266 voluit,
2535 5202 2617 5254 vel
2638 5201 2697 5272 in
2719 5199 2926 5272 Cyrillo
2946 5197 3399 5272 erravit._Multos
3421 5197 3600 5272 Cyri|-_

2026 5275 2109 5328 los
2134 5291 2160 5325 a
2195 5273 2431 5340 Maximo
2460 5273 2616 5339 ponit
2653 5268 3025 5341 Hieronymus
3058 5271 3109 5323 in
3141 5268 3598 5341 Chronico.un

2028 5343 2230 5398 merito
2257 5337 2530 5397 Barouius
2553 5337 2908 5410 depravatum
2937 5342 3278 5411 suspicatur.
3303 5337 3600 5411 Nicephori

2025 5415 2338 5468 Chronicon
2397 5421 2510 5468 tres
2555 5409 2837 5481 interserit
2871 5426 2900 5463 a
2937 5409 3116 5481 primo
3151 5409 3344 5481 Cyrilli
3383 5411 3600 5481 cpisco-

2027 5495 2177 5554 patu,
2207 5483 2301 5540 sed
2331 5500 2438 5538 non
2477 5490 2634 5536 vocat
2664 5480 3298 5554 Cyrillos.’Epiphanius
3343 5480 3602 5554 agnoscit

2026 5549 2220 5609 saltem
2255 5556 2394 5609 duos
2425 5568 2492 5609 eo
2531 5549 2774 5607 nomine.
2814 5551 2983 5606 [idem
3005 5549 3017 5552 ἡ
3051 5549 3182 5607 sunt
3232 5549 3603 5620 quos'Hiero-

2026 5641 2224 5696 nymns
2261 5626 2530 5696 nominat,
2563 5631 2618 5679 et
2649 5638 2792 5696 quos
2816 5621 3162 5696 Nicephorus
3197 5637 3482 5696 :“cumque
3511 5637 3602 5696 eo-

2027 5689 2152 5750 rum
2181 5695 2343 5750 sedes
2399 5696 2611 5749 incerta
2645 5689 2741 5757 sit,
2777 5693 2922 5748 haud
2955 5689 3186 5748 omnino
3220 5689 3416 5763 liquet,
3447 5689 3600 5763 quis,

2026 5781 2092 5820 ac
2127 5766 2368 5835 quando,
2400 5765 2562 5822 cuive
2602 5764 2855 5820 Romano
2885 5763 3158 5836 pontifici,
3188 5761 3355 5834 super
3379 5761 3602 5833 negotio

2029 5838 2137 5893 isto
2174 5837 2481 5907 seipse-rit.
