4130 6400
552 352 692 422 Σιίίῖὶ

1879 362 2200 423 JOANNIS
2235 361 2516 422 NICENI

3705 355 3834 419 HM

554 472 820 540 scriptam
864 487 877 524 :
913 481 970 524 ut
1002 469 1264 524 nimirum
1301 470 1356 525 in
1391 486 1581 526 mense
1604 471 1656 538 7,
1689 472 1744 526 in
1776 472 2132 528 solemnitate
2163 523 2164 529 η

2267 471 2515 543 ογράφου
2549 467 2868 540 συγγραφὲν
2899 467 3035 539 παρ’
3065 465 3270 520 αὑτοῦ·
3310 466 3396 520 ὅτι
3427 467 3487 519 ὲν
3516 466 3653 538 μηνὶ
3680 466 3759 532 τῷ
3792 468 3835 530 ζ’

555 563 1059 618 Tabernaculorum
1093 562 1192 634 (6).
1228 578 1291 617 ac
1334 563 1422 618 die
1453 563 1822 633 Expiationis,
1860 579 2135 636 apparue-

557 652 632 705 rit
669 651 760 705 Dei
815 653 1070 717 angelus,
1115 652 1491 722 sacerdosque
1543 661 1731 708 mutus
1780 654 2134 717 remanserit,

557 759 739 814 usque
772 743 901 798 dum
934 743 1213 798 Elisabeth
1249 743 1373 814 ejus
1407 758 1545 798 uxor
1591 744 1644 798 in
1676 752 1966 799 senectute
1998 759 2138 798 con-

557 838 726 907 cepit.

627 927 746 981 Jam
810 943 942 997 ergo
987 927 1146 997 juxta
1205 944 1428 982 menses
1481 929 1878 992 Hebraeorum,
1922 929 2139 1000 primus

562 1018 833 1072 mensium
867 1018 1065 1072 Nesan.
1103 1017 1200 1071 llic
1230 1027 1577 1083 numeratur,
1623 1030 1785 1090 atque
1811 1021 1882 1074 ab
1912 1035 1977 1074 eo
2015 1019 2082 1072 ad
2107 1022 2137 1073 7

563 1126 805 1166 mensem
831 1111 1170 1182 proceditur,
1207 1112 1308 1164 hoc
1331 1113 1492 1165 modo
1525 1131 1537 1166 :
1572 1112 1772 1176 Nesan,
1806 1114 1911 1177 lar,
1944 1112 2140 1179 Siban,

565 1201 829 1265 Tamous,
875 1202 1015 1273 Aph,
1065 1202 1244 1268 Eloul,
1286 1202 1529 1258 Tesiriu.
1567 1206 1668 1259 Hic
1701 1217 1789 1259 est
1847 1207 2052 1260 mensis
2085 1207 2140 1269 7,

567 1296 620 1348 in
656 1311 764 1364 quo
795 1294 938 1348 facta
967 1303 1052 1349 est
1095 1296 1444 1349 annuntiatio
1480 1295 1799 1360 Zachariae;
1846 1311 1908 1350 ac
1941 1312 2141 1351 nume-

569 1397 728 1441 ratur
767 1388 1044 1456 usquead
1105 1386 1600 1443 Annuntiationem
1661 1388 1756 1443 Dei
1818 1388 2140 1452 Genitricis,

571 1480 780 1535 mensis
804 1479 893 1534 hic
923 1492 1114 1535 sextus
1142 1479 1344 1541 Nesan,
1380 1481 1432 1534 id
1463 1489 1569 1543 est,
1611 1480 1882 1547 Martius;
1914 1482 1967 1535 in
1998 1483 2146 1537 hunc

572 1571 819 1635 modum,
867 1569 1105 1634 Mersan,
1147 1571 1379 1636 Cltasili,
1414 1571 1605 1640 Tapet,
1647 1570 1822 1642 Sipal,
1861 1573 2014 1638 Atar,
2042 1571 2147 1628 Ne-

574 1679 696 1727 san,
731 1664 822 1733 qui
854 1671 938 1719 est
969 1672 1160 1719 sextus
1191 1665 1400 1719 mensis
1431 1680 1462 1719 a
1497 1663 1710 1719 Mersan
1744 1681 1918 1737 usque
1950 1664 2016 1719 ad
2045 1664 2149 1720 Ne-

575 1771 698 1819 san,
734 1757 877 1810 sicut
907 1757 1174 1825 scriptum
1210 1766 1296 1812 est
1334 1775 1346 1810 :
1383 1757 1442 1811 In
1468 1774 1643 1812 mense
1669 1768 1817 1812 sexto
1841 1761 2032 1812 missus
2070 1770 2149 1812 est

577 1845 792 1901 Gabriel
825 1848 1172 1918 archangelus
1216 1849 1284 1902 ad
1315 1849 1546 1903 Mariam
1575 1850 1632 1916 ³;
1674 1858 1841 1918 atque
1882 1868 1912 1904 ιι
1958 1867 2149 1906 tnensc

575 1937 795 2005 Nesan,
846 1956 957 2008 quo
1006 1939 1150 1994 facta
1206 1950 1291 1994 est
1349 1941 1734 2005 Annuntiatio,
1787 1954 2149 1998 numerantur

577 2046 797 2086 menses
833 2048 1049 2097 novem,
1075 2049 1248 2102 usque
1274 2034 1338 2087 ad
1377 2033 1590 2088 Domini
1626 2033 2006 2098 Nativitatem,
2043 2037 2149 2090 hoc

578 2125 916 2187 modo:lar,
961 2125 1150 2190 Siban,
1198 2125 1422 2189 Tantus,
1473 2127 1616 2196 Aph,
1668 2128 1855 2192 Eloul,
1907 2128 2149 2193 Mcrsan,

687 2304 707 2335 ³
735 2303 871 2358 Luc.
900 2320 936 2369 l,
961 2302 1031 2357 26

2239 564 2298 617 ἐν
2327 566 2394 635 τῇ
2428 564 2590 634 ἑορτῇ
2623 563 2724 631 τῆς
2765 561 3174 632 Σκηνοπηγίας.
3206 561 3287 624 εἰς
3327 559 3429 630 τὴν
3475 559 3700 631 ἡμέραν
3744 561 3836 613 τοῦ

2249 652 2527 725 Ὶλασμοῢ,
2555 653 2712 725 ὤφθη
2741 654 2770 706 ὀ
2799 653 3033 723 ἄγγελος
3056 653 3152 706 τοῦ
3175 652 3337 715 Θεοῦ,
3366 651 3465 706 καὶ
3491 651 3788 720 κωφωθεὶς
3810 653 3838 704 ὁ

2242 747 2446 817 ἱερεὺς,
2485 746 2758 818 διέμεινεν
2802 747 3022 814 ἄλαλος,
3053 745 3161 810 ἕως
3187 737 3250 798 οὗ
3281 744 3472 798 ἔτεκεν
3499 747 3534 817 ἡ
3569 743 3711 814 γυνὴ
3740 744 3838 797 αὐ-

2239 838 2333 890 τοῦ
2364 837 2646 892 Ἐλισάϐετ
2672 841 2730 892 ὲν
2761 841 2928 911 γήρα.

2312 928 2429 982 Νῦν
2459 925 2552 984 οὖν
2584 932 2728 986 κατὰ
2749 933 2880 994 τοὺς
2928 932 3108 1002 μῆνας
3137 930 3247 984 τῶν
3289 929 3585 1002 Ἐϐραίων,
3619 929 3834 997 πρῶτης

2247 1020 2431 1091 μηνῶν
2464 1022 2646 1074 Νεσάν
2669 1024 2836 1078 ἐστιν.
2872 1017 3044 1086 Οὗτος
3075 1023 3415 1093 ἀριθμεῖται,
3447 1023 3545 1075 καὶ
3581 1021 3694 1074 ἀπὸ
3719 1021 3837 1073 τού-

2242 1129 2334 1164 του
2354 1111 2494 1183 [καὶ]
2515 1112 2716 1181 ὑπάγει
2742 1115 2822 1176 εἰς
2841 1113 2932 1166 τὸν
2959 1113 3213 1183 ἕϐδομον,
3239 1115 3442 1176 Νεσὰν,
3469 1114 3613 1183 Ίὰρ,
3646 1113 3835 1174 Σιϐὰν,

2245 1206 2492 1276 Ταμοὺς,
2526 1207 2656 1267 "Art,
2691 1206 2904 1269 Ἐλοὺλ,
2939 1207 3193 1278 Τησιρίν.
3229 1202 3400 1270 Οὗτός
3447 1209 3598 1260 ἐστιν
3621 1208 3651 1258 ὁ
3685 1205 3837 1257 ἐσδο-

2249 1316 2346 1369 μος
2376 1299 2504 1370 μὴν.
2538 1302 2617 1363 εἰς
2646 1299 2704 1352 ὃν
2733 1301 2956 1369 ἐγένετο
2982 1303 3008 1353 ὁ
3033 1300 3437 1370 εὐαγγελισμδς
3464 1298 3544 1369 τῷ
3569 1297 3835 1368 Ζαχαρία·

2247 1391 2342 1443 καὶ
2369 1389 2686 1460 ἀριθμεῖται
2711 1390 2817 1453 ἕως
2847 1391 2941 1444 τοῦ
2999 1389 3412 1459 εὐαγγελισμοῦ
3446 1391 3545 1460 τῆς
3567 1389 3836 1444 Geor-{xw

2247 1481 2404 1542 ἕκτος
2456 1482 2562 1552 μὴν
2614 1475 2768 1544 οὗτος
2799 1482 3002 1547 Νεσὰν,
3051 1484 3218 1554 ἡγουν
3268 1482 3835 1553 ΜάρτιοςοΜηρσὰν,

2248 1574 2467 1639 Χασιλὶ,
2497 1573 2703 1638 Ταπὲτ,
2729 1575 2922 1636 Σιπὰτ,
2962 1575 3150 1643 Ἀτὰρ,
3194 1574 3398 1639 Νεσὰν,
3431 1575 3460 1627 ὃ
3499 1575 3652 1627 ἐστιν
3681 1575 3838 1637 ἕκτος

2253 1668 2358 1737 μὴν
2379 1667 2486 1720 ἀπὸ
2519 1667 2612 1721 τοῦ
2639 1667 2874 1740 Μηρσαν
2921 1667 3027 1731 ἓως
3059 1666 3151 1722 τοῦ
3185 1669 3390 1732 Νεσὰν,
3420 1667 3608 1731 καθὼς
3638 1668 3840 1737 γέγρα-

2253 1773 2420 1813 πται·
2467 1759 2550 1824 Τῷ
2586 1761 2733 1828 μηνὶ
2785 1759 2866 1824 τῷ
2922 1759 3095 1828 ἕκτῳ,
3149 1761 3464 1827 ἀπεστάλη
3499 1763 3550 1814 Γ
3551 1760 3771 1828 αϐριὴυι
3807 1761 3839 1811 ὀ

2183 1835 2224 1889 Β
2253 1851 2626 1921 ἀρχάγγελος
2651 1851 2800 1920 πρὸς
2827 1851 3063 1921 Μαριάμ
3083 1867 3099 1883 ·
3141 1853 3235 1906 καὶ
3285 1852 3394 1906 ἀπὸ
3419 1851 3512 1906 τοῦ
3545 1851 3718 1922 μηνὸς
3745 1850 3835 1902 τοῦ

2257 1945 2460 2008 Νεσὰν,
2474 1946 2531 1996 ὲν
2547 1938 2590 2012 ᾧ
2607 1944 2832 2013 γέγονεν
2849 1947 2876 1998 ὁ
2897 1944 3322 2014 εὐαγγελισμὺς,
3346 1943 3525 2007 οὕτως
3543 1942 3840 2014 ἀριθμοῦν-

2255 2055 2345 2090 ται
2370 2036 2526 2089 ἐννέα
2551 2037 2720 2106 μῆνες
2747 2037 2852 2100 ἕως
2875 2036 2974 2106 τῆς
2998 2036 3309 2107 Γεννήσεως
3330 2037 3426 2091 τοῦ
3450 2037 3686 2107 Κυρίου,
3705 2036 3836 2104 Ἰαρ,

2259 2127 2444 2184 Σιϐὰν.
2476 2128 2719 2196 Ταμοὺς,
2750 2127 2880 2191 “Art,
2911 2126 3122 2192 Ἐλοὺλ,
3149 2128 3406 2198 Μηρσὰν,
3439 2129 3699 2200 Τησιρὶν,
3731 2128 3841 2181 Xa-

2124 2398 2355 2452 NOTAﬂ.

652 2516 727 2582 (6)
756 2515 817 2569 In
850 2516 1183 2570 solem-litate
1207 2515 1717 2574 Tabernaeulorum.
1741 2531 1804 2569 ac
1830 2515 1914 2569 die
1947 2513 2149 2584 Expiuo

584 2590 760 2641 tionis.
797 2587 1264 2657 Cltrysostomus,
1308 2585 1509 2640 Humil.
1561 2588 1618 2641 in
1687 2586 1889 2657 festum
1945 2585 2151 2657 Natalis

586 2659 821 2720 Domini,
850 2656 972 2711 cum
1009 2659 1171 2725 paulo
1207 2667 1331 2712 ante
1364 2658 1624 2725 cmpisset
1662 2659 1716 2711 in
1747 2656 1968 2710 Oriente
2007 2656 2152 2711 cele-

586 2729 755 2789 brari,
793 2727 1054 2780 traditum
1089 2729 1155 2780 ab
1186 2727 1430 2782 Ecclesia
1466 2727 1732 2789 Romana,
1755 2743 1860 2780 non
1901 2727 1966 2779 ad
1997 2728 2156 2781 istam

586 2799 824 2854 recurrit
854 2797 1075 2866 Joscplti
1104 2801 1464 2867 scripturam,
1492 2798 1587 2852 sed
1611 2800 1675 2853 ad
1703 2799 1920 2852 tabulas
1939 2812 2162 2867 census,

585 2887 650 2925 ex
697 2869 1196 2938 quibusexistiniat
1218 2866 1482 2923 habuisse
1533 2872 1808 2922 Romanos
1829 2877 2039 2922 certum
2065 2866 2169 2919 Do-

588 2941 772 2994 minici
791 2939 992 2992 Natalis
1010 2939 1175 3000 diem,
1191 2940 1402 2994 tametsi
1422 2939 1562 2991 nuda
1581 2941 1897 3004 conjectura
1915 2939 2164 3006 loquens.

589 3009 664 3064 Ut
705 3012 817 3063 hare
845 3026 909 3062 ex
943 3007 1185 3076 Josepho
1235 3017 1582 3070 constarent,
1620 3010 1885 3062 haberent
1918 3023 2170 3077 cuman-

591 3092 710 3135 ctor
731 3090 844 3133 tum
861 3079 1311 3148 Chrysostomus,
1333 3079 1502 3134 fuisse
1533 3089 1856 3139 conceptum
1871 3077 2163 3148 Joannem,

592 3166 700 3205 non
755 3151 875 3216 ipso
924 3146 1010 3202 die
1046 3149 1385 3216 Expiationis
1411 3190 1424 3210 ,
1465 3165 1527 3203 ac
1562 3165 1669 3217 qua
1701 3149 1999 3202 Zacharias
2033 3146 2161 3202 olfe-

593 3202 717 3275 ctus
747 3202 848 3274 fuit
885 3228 1091 3290 minus,
1119 3202 1212 3290 sed
1246 3202 1475 3289 aliquot,
1493 3202 1553 3274 ac
1581 3202 1776 3290 paucis
1803 3219 2155 3290 postdicbus.
2187 3202 2229 3258 (ἶ

593 3291 703 3345 Nec
734 3292 879 3345 enim
927 3288 1226 3343 Zacharias
1261 3288 1379 3359 ipsa
1426 3291 1514 3345 die
1554 3288 1782 3344 domum
1827 3289 2010 3353 rediit,
2064 3289 2158 3341 sed

595 3373 717 3429 post
747 3362 1022 3430 expletum
1075 3376 1276 3416 munus
1329 3377 1512 3423 suum,
1547 3371 1606 3414 ut
1636 3375 1792 3415 sacer
1827 3360 1942 3429 ipse
1983 3367 2162 3413 textus

597 3433 788 3486 tradit.
833 3430 1174 3484 Sententiam
1211 3431 1355 3503 illam
1385 3431 1768 3503 Chrysostonti
1795 3472 1809 3493 ,
1860 3446 1923 3484 ac
1967 3431 2164 3503 multo-

599 3519 718 3557 rum
745 3513 1012 3560 veterum,
1037 3509 1094 3552 ut
1116 3501 1411 3555 Zacharias
1434 3501 1581 3556 esset
1610 3517 1859 3555 summus
1881 3502 2160 3561 sacerdos.

598 3591 700 3628 nec
735 3573 840 3626 nisi
886 3573 1024 3624 intra
1065 3570 1268 3624 Sancta
1314 3582 1655 3635 sanctorum,
1684 3587 1749 3624 ac
1792 3581 2043 3624 sanetum
2084 3573 2166 3623 in-

600 3644 774 3697 terius
800 3642 998 3695 viderit
1031 3644 1309 3708 angelum,
1345 3643 1434 3695 ubi
1483 3645 1632 3698 solus
1673 3656 1770 3709 pro
1805 3657 2033 3694 munere
2084 3641 2167 3694 di-

601 3716 784 3768 vinam
841 3728 952 3764 rem
994 3720 1296 3781 perageret,
1329 3714 1589 3767 omnibus
1637 3713 1984 3781 reprobatur,
2019 3711 2164 3779 quod

603 3798 874 3850 nusquam
909 3783 1116 3849 legatur
1140 3780 1436 3837 Zacharias
1461 3786 1513 3836 in
1545 3780 1804 3849 Catalogo
1829 3797 2167 3834 sunnnorum

607 3852 977 3914 sacerdotum,
1011 3867 1074 3903 ac
1107 3859 1236 3904 tunc
1266 3851 1531 3906 Joazarus
1571 3854 1652 3906 vel
1683 3851 1934 3904 Matthias
1986 3851 2164 3905 Theo-

647 3924 742 3977 bili
786 3923 948 3984 ﬁlius,
983 3920 1332 3974 Hebraeorum
1362 3925 1606 3990 pontifex
1637 3931 1820 3975 esset:
1849 3923 2108 3992 quodque
2139 3937 2168 3974 a

635 4009 756 4047 .uca
789 4001 1024 4061 ponatur
1054 3993 1319 4062 sacerdos
1355 3996 1422 4047 de
1479 3993 1571 4046 tali
1609 3992 1748 4052 vice.
1805 4003 1860 4046 et
1895 3992 1987 4062 qui
2028 3994 2172 4044 obti-

611 4060 1017 4130 gisset'ponere
1052 4060 1339 4126 incensum
1373 4081 1385 4116 :
1424 4062 1623 4133 Ἐλαχε
1661 4060 1944 4131 θυμιᾶσαι.
2007 4062 2167 4131 Vulg.

612 4133 764 4190 Sorte
798 4133 924 4185 exiit
951 4141 1004 4184 ut
1038 4142 1248 4198 poneret
1279 4133 1566 4188 incensum.
1599 4133 1731 4199 Quae
1765 4134 1980 4187 sortitio
2013 4135 2171 4200 longe

611 4214 730 4259 erat
783 4219 810 4254 a
877 4219 1090 4274 summo
1151 4203 1427 4271 pontifice.
1488 4205 1696 4260 Deinde
1759 4203 2174 4274 ingrediebatur

612 4289 862 4346 summus
901 4271 1229 4346 pontifexut
1259 4271 1873 4346 praecipitesanguiuent
1911 4275 1965 4329 in
1984 4284 2173 4329 sancta

614 4345 861 4405 inferret,
909 4357 1081 4412 eoque
1117 4344 1206 4397 illa
1242 4344 1511 4413 expiaret,
1547 4345 1693 4414 quod
1731 4345 1906 4399 Lucas
1947 4346 2175 4398 omnino

614 4423 800 4469 tacet:
854 4429 952 4467 nec
1001 4414 1102 4467 nisi
1154 4415 1362 4470 incensi
1408 4417 1691 4479 meminit,
1746 4415 1891 4485 quod
1931 4415 2177 4485 quotidie

615 4486 904 4556 adolebaut
937 4485 1181 4556 minores
1203 4486 1540 4556 sacerdotes,
1579 4495 1739 4556 prout
1761 4486 1960 4554 cuique
1991 4486 2176 4556 obtin-

2259 2515 2348 2568 illa
2377 2514 2588 2569 incensi
2627 2515 2682 2567 in
2719 2517 2948 2584 templo,
2974 2530 3038 2569 ac
3062 2515 3416 2570 sacerdotum
3445 2516 3610 2577 atrio,
3644 2517 3843 2585 populo

2259 2585 2396 2639 foris
2430 2593 2736 2654 spectante,
2777 2601 2842 2639 ac
2894 2586 2946 2639 in
3007 2587 3152 2639 atrio
3192 2587 3477 2656 exteriori,
3541 2601 3609 2641 ac
3648 2601 3838 2656 magna

2259 2655 2476 2725 quidem
2508 2655 2878 2718 multitudine,
2915 2664 2974 2709 ut
3005 2656 3223 2711 videtur
3252 2657 3310 2710 Β.
3351 2655 3533 2711 Lucas
3569 2657 3798 2712 innuere
3825 2673 3839 2708 :

2268 2725 2648 2783 sacerdotibus
2699 2737 2879 2779 autem
2936 2727 3108 2792 aliis,
3165 2727 3453 2796 occupatis
3513 2727 3568 2781 in
3622 2727 3691 2781 iis
3721 2742 3843 2795 qua

2266 2805 2427 2853 erant
2474 2797 2618 2867 ritus
2648 2796 2770 2866 ejus
2798 2796 2928 2859 diei,
2970 2812 3033 2850 ac
3060 2799 3206 2852 circa
3253 2798 3593 2867 pontificem.
3629 2797 3737 2851 Sed
3789 2808 3844 2852 et

2268 2866 2664 2922 advertendum
2694 2867 2850 2933 illud,
2893 2867 3160 2935 scriptum
3207 2866 3335 2923 esse
3370 2883 3400 2921 a
3429 2867 3695 2936 Josepho,
3731 2884 3842 2922 non

2267 2936 2604 3009 pontificem,
2667 2936 2758 3009 sed
2810 2939 3181 3009 sacerdotem,
3220 2938 3406 3008 ἱερέα,
3465 2939 3618 2993 velut
3671 2953 3844 2992 unum

2265 3007 2502 3078 aliquem
2535 3023 2565 3061 e
2595 3008 2780 3061 multis
2799 3007 2968 3068 dicat,
3009 3023 3128 3078 non,
3161 3007 3339 3077 ipsum
3380 3009 3626 3062 omnium
3655 3019 3842 3078 caput,

2265 3094 2330 3134 ac
2355 3077 2628 3133 Summum
2670 3078 3034 3132 sacerdotem.
3087 3077 3212 3132 Haec
3253 3089 3435 3132 autem
3465 3079 3615 3132 dicta
3657 3077 3842 3140 velim,

2264 3165 2375 3204 non
2431 3156 2488 3200 ut
2523 3157 2726 3200 certam
2771 3148 2996 3201 omnino
3047 3148 3205 3201 fidem
3259 3159 3501 3204 astruam
3558 3150 3846 3202 narratis:

2263 3219 2496 3281 Joanne,
2557 3217 2650 3272 sed
2682 3225 2740 3270 ιιι
2779 3217 3089 3288 ostendam,
3111 3219 3319 3288 aliqua,
3360 3233 3536 3288 eaque
3581 3233 3691 3272 non
3746 3219 3850 3270 mi-

2266 3292 2413 3344 nima
2457 3289 2555 3341 niti
2604 3288 3009 3353 probabilitate.
3065 3287 3215 3343 Rem
3243 3304 3377 3344 sane
3410 3287 3542 3342 facit
3570 3287 3846 3342 diﬂicilem

2267 3369 2416 3414 tanta
2447 3367 2691 3413 veterum
2719 3359 2786 3412 de
2829 3357 3010 3411 Natali
3041 3359 3130 3414 die
3155 3358 3372 3413 Domini
3407 3359 3734 3428 opinionum
3767 3358 3851 3411 di-

2265 3431 2524 3500 versitas,
2559 3437 2730 3498 utque
2783 3428 3320 3500 nullusmeminerit
3341 3445 3534 3484 eorum
3564 3444 3710 3500 quas,
3745 3443 3850 3500 no-

2265 3510 2378 3556 ster
2405 3497 2650 3554 Joannes
2682 3499 2761 3554 sic
2782 3497 3024 3554 dilucide
3047 3510 3253 3554 narrat.
3277 3498 3348 3554 Ut
3379 3512 3557 3555 tamen
3584 3497 3712 3554 novi
3747 3499 3852 3552 ali-

2267 3573 2397 3641 quid
2435 3585 2498 3624 ac
2530 3571 2687 3632 certi,
2738 3585 2837 3623 ceu
2873 3585 2943 3641 ex
2995 3570 3409 3637 antiquioribus
3466 3567 3850 3641 monumentis

2267 3639 2416 3696 circa
2473 3656 2544 3710 ea,
2582 3648 2824 3708 tempora
2872 3639 3056 3710 Roma:
3097 3641 3378 3694 detectum
3434 3640 3530 3702 sit,
3561 3655 3672 3710 quo
3700 3639 3849 3710 diem

2271 3712 2488 3765 Domini
2507 3709 2752 3763 Natalem
2773 3724 2834 3762 ea
2851 3709 2938 3764 die
2955 3710 3352 3764 celebrandum
3375 3712 3472 3766 toti
3504 3709 3619 3765 fere
3636 3709 3853 3766 Orienti

2271 3783 2514 3836 Ecclesia
2545 3779 2790 3833 Romana
2844 3781 2924 3852 sic
2947 3780 3124 3852 facile
3159 3784 3518 3852 persuaserit,
3576 3780 3725 3852 haud
3750 3780 3855 3832 ob-

2271 3868 2434 3910 seura
2468 3853 2787 3920 conjecmra
2822 3851 2915 3920 sit.
2946 3849 3332 3905 Nedum'enim
3374 3851 3852 3918 Constantinopo-

2271 3925 2358 3985 lis,
2385 3919 2759 3978 verumetiam
2800 3919 3071 3991 IEgyptus
3117 3936 3182 3975 ac
3215 3920 3573 3991 Alexandria,
3632 3921 3686 3973 in
3723 3935 3854 3974 eum

2272 3995 2438 4048 ritum
2470 3993 2746 4046 concessit
2781 4010 2794 4046 :
2827 4007 2890 4044 ac
2912 3990 3116 4060 probat
3147 3992 3236 4046 illa
3263 3991 3419 4044 Pauli
3452 3990 3702 4046 Emeseni
3726 4003 3857 4042 ora-

2274 4066 2352 4118 tio
2383 4065 2450 4117 de
2480 4061 2583 4117 lide
2616 4059 2956 4116 Alexandriae
2976 4062 3162 4116 habita
3187 4062 3276 4116 die
3291 4061 3362 4115 29
3385 4064 3593 4117 mensis
3617 4059 3854 4123 Chiach,

2273 4144 2335 4188 ut
2368 4141 2452 4189 est
2484 4135 2537 4186 in
2568 4132 2748 4195 titulo,
2787 4148 2908 4202 quae
2938 4132 3131 4186 incidit
3152 4134 3206 4186 in
3248 4132 3320 4186 25
3345 4131 3692 4193 Decembris,
3726 4145 3854 4184 cum

2274 4206 2365 4261 ille
2401 4219 2430 4256 a
2457 4203 2657 4274 Cyrillo
2681 4214 2934 4274 receptus
2968 4218 3051 4274 ac,
3083 4203 3438 4274 intromissus
3487 4203 3683 4274 fuisset
3712 4217 3763 4274 :_
3798 4207 3858 4274 ut

2273 4276 2418 4330 enim
2446 4270 2581 4328 bene
2629 4270 2827 4328 Baron.
2865 4287 2995 4326 anu.
3027 4273 3152 4337 432,
3180 4288 3336 4326 num.
3373 4272 3459 4335 75,
3486 4275 3607 4340 ipso
3642 4270 3858 4324 Nativi-

2278 4346 2405 4399 tatis
2439 4345 2643 4398 Christi
2685 4341 2773 4395 die
2807 4345 3075 4404 habitam.
3112 4344 3230 4413 ipso
3261 4342 3382 4412 ejus
3415 4340 3860 4413 exordioqdecla—

2277 4425 2453 4480 ratur,
2487 4414 2575 4466 ubi
2601 4414 2804 4468 dicitur
2847 4431 2860 4467 :
2895 4431 2913 4464 ι
2974 4410 3302 4482 Opportune
3333 4413 3495 4469 nobis
3530 4411 3694 4466 hodie
3727 4410 3861 4464 reli-

2279 4488 2492 4556 gionem
2537 4494 2771 4556 vestram
2809 4483 3092 4556 adhortari
3133 4483 3320 4538 datum
3369 4493 3486 4546 est,
3525 4494 3584 4536 ut
3633 4495 3861 4556 sacrum

615 4559 798 4627 gebat.
827 4552 901 4627 lit
937 4555 1083 4606 circa
1129 4554 1285 4627 illud,
1330 4569 1400 4627 ac
1439 4549 1942 4611 Tabernaculorum
1988 4555 2174 4624 proxi-
2209 4549 2254 4604 D
2280 4549 2570 4627 [luemdam
2617 4555 2856 4627 chorum
2909 4554 3356 4627 co_n_sti_tuamus,
3391 4562 3458 4627 et
3489 4567 3614 4627 cum
3649 4552 3860 4627 sanctis

615 4622 763 4681 fnum
823 4622 1043 4696 festum,
1096 4637 1160 4677 ea
1220 4623 1499 4681 Zacharia:
1547 4627 1917 4696 contigerint.
1976 4622 2169 4694 sicque

615 4701 883 4763 concepto
915 4691 1126 4747 Joanne
1149 4711 1373 4766 _mense
1401 4691 1731 4766 Septembri,
1765 4712 1828 4750 ac
1862 4705 2021 4750 sexto
2046 4691 2171 4766 post

616 4762 804 4820 mense
836 4773 1099 4831 concepto
1145 4762 1399 4831 Domino,
1460 4762 1621 4821 natus
1654 4767 1726 4820 sit
1771 4762 2170 4822 Dominus'no-

616 4849 738 4889 vem
791 4834 1011 4887 circiter
1039 4834 1310 4888 mensium
1367 4838 1434 4890 ad
1489 4836 1649 4890 tinem
1708 4837 2041 4901 Decembris,
2108 4851 2172 4890 ac

617 4905 738 4974 ejus
768 4903 857 4958 die
871 4902 1133 4976 25,,pium
1150 4905 1357 4958 creditu
1386 4914 1488 4970 est,
1513 4921 1612 4960 nec
1632 4907 1928 4976 quidquam
1956 4907 2171 4961 [irinum

619 4973 757 5046 satis
776 4973 1224 5046 opponitur._vel
1254 4977 1322 5029 al)
1357 4973 1664 5046 Scaligero,
1700 4973 1797 5030 vel,
1824 4978 1893 5029 ab
1923 4979 2046 5031 aliis
2080 4976 2175 5046 qui

620 5045 732 5100 nati
769 5043 1072 5099 Salvatoris
1097 5044 1242 5098 diem
1269 5045 1433 5100 alium
1463 5043 1829 5110 co'ntendnnt;
1854 5062 1917 5101 ac
1950 5064 2050 5102 nec
2085 5043 2177 5100 Jo-

622 5117 776 5184 sephi
808 5115 900 5170 illa
953 5115 1217 5184 scriptio,
1253 5131 1418 5185 quam
1453 5127 1645 5171 auctor
1673 5115 1901 5186 profert,
1933 5118 2053 5172 falsi
2094 5117 2176 5171 fa-

622 5187 726 5240 cile
752 5191 1046 5260 arguatur,
1076 5194 1134 5260 u_t
1166 5194 1376 5260 tantum
1413 5187 1688 5256 significet
1727 5188 2030 5260 contigisse
2064 5203 2176 5242 rem

625 5273 681 5310 tn
708 5257 1055 5326 solemnitate
1084 5255 1590 5314 Tabernaculorum
1611 5300 1625 5322 ,
1656 5257 1802 5326 quod
1841 5255 1979 5313 forte
2008 5272 2178 5312 unum

627 5327 862 5397 habebat
903 5324 1140 5397 _Jt)$t'pltl
1212 5332 1453 5397 notatio,
1506 5337 1564 5382 ut
1618 5324 1782 5382 verba
1806 5327 1950 5390 alia,
2002 5332 2058 5382 ὲν
2113 5329 2179 5397 τῇ

622 5395 808 5468 ἡμέρα
833 5394 928 5468 τοῦ
993 5394 1246 5466 Ἱλασμοῦ
1269 5414 1281 5427 ·
1321 5397 1384 5452 In
1410 5399 1493 5452 die
1519 5397 1847 5467 Expiationis
1871 5436 1888 5460 ,
1925 5394 2182 5468 adjuncta

628 5464 740 5539 sint
770 5481 798 5534 ιι
825 5464 1036 5539 Joanne
1058 5509 1071 5527 .
1111 5464 1173 5520 ex
1214 5464 1637 5539 praesumptione
1685 5464 2008 5524 obtinentis'
2039 5470 2186 5523 illius

627 5534 825 5605 Joanu.
856 5534 1233 5605 Chrysostomi
1256 5555 1320 5592 ac
1345 5534 1574 5593 aliorum
1602 5541 1921 5594 sententiae:
1950 5541 2029 5594 vel
2053 5541 2100 5595 si
2129 5541 2185 5593 in

629 5605 718 5680 die
757 5604 1126 5674 Expiatiouis,
1172 5624 1279 5680 non
1319 5619 1496 5664 tamen
1531 5611 1581 5662 in
1611 5611 1838 5664 solemni
1879 5626 1974 5677 per
2005 5611 2187 5680 ponti-

632 5677 785 5730 licem
808 5691 871 5728 ac
894 5691 1074 5729 annua
1093 5679 1422 5745 expiatione,
1447 5681 1541 5733 sed
1571 5682 1620 5732 in
1643 5681 1920 5732 communi
1939 5677 2186 5741 incenso,

629 5760 861 5819 quonec
882 5745 1000 5819 dies
1034 5747 1122 5819 illa
1159 5749 1375 5819 videtur
1408 5766 1652 5804 vacasse.
1681 5749 1926 5819 Forsqne
1946 5766 2006 5804 ea
2048 5752 2189 5803 ratio

633 5815 796 5870 fuerit
822 5823 878 5869 ut
910 5817 1060 5872 solus
1079 5815 1395 5883 Zacharias,
1420 5835 1480 5874 ac
1510 5837 1668 5874 uctuo
1693 5815 2024 5876 alius'fuerit
2058 5823 2187 5875 liora

2270 4621 2480 4696 angelis
2509 4624 2928 4696 exclamemus;
2955 4623 3143 4696 Gloria
3175 4627 3229 4677 in
3252 4623 3490 4696 excelsis
3520 4622 3664 4696 Deo,
3696 4631 3763 4696 et
3791 4621 3858 4696 _i_n

2273 4691 2420 4752 ter'ra
2449 4709 2573 4768 pax,
2605 4694 2658 4747 in
2687 4693 3184 4768 hominibushom
3207 4694 3484 4768 volunt_as.
3520 4691 3659 4747 Nam
3696 4691 3862 4768 hodie

2312 4767 2534 4820 arvulus
2575 4773 2736 4818 natus
2783 4771 2868 4818 est
2913 4765 3094 4827 nobis,
3142 4783 3160 4816 ι
3228 4775 3340 4819 etc.
3391 4763 3588 4818 Exstat
3631 4762 3857 4815 concilii

2322 4835 2528 4907 phesini
2549 4849 2719 4907 p.ut_,
2736 4849 2787 4888 c.
2805 4835 2891 4890 51.
2915 4835 3184 4907 Baronius
3203 4835 3256 4888 in
3281 4835 3426 4907 hunc
3443 4833 3665 4907 modum
3679 4832 3859 4907 addu-

2275 4849 2528 4907 Ephesmt
2595 4850 2674 4888 ,ιιι
2704 4875 2719 4896 .
2736 4849 2787 4888 c.
2806 4849 2891 4890 ot.
2915 4849 3184 4889 uaronttts
3204 4850 3256 4888 tn
3282 4849 3426 4888 nunc
3443 4849 3665 4887 modum
3679 4849 3859 4884 auau-

2275 4909 2410 4964 bitat
2441 4924 2453 4959 :
2487 4923 2505 4956 ‹
2537 4849 2692 4971 (good
2716 4920 2841 4959 cum
2861 4907 2934 4959 ita
2959 4905 3049 4970 sit,
3077 4905 3311 4960 alterum
3328 4905 3395 4959 de
3424 4904 3640 4957 duobus
3666 4902 3861 4954 dicen-

2276 4977 2405 5032 dum
2439 4985 2543 5038 est,
2578 4976 2658 5029 vel
2679 4975 2904 5029 titulum
2931 4975 2998 5030 de
3030 4984 3183 5030 certa
3212 4977 3420 5030 mensis
3442 4975 3529 5027 die
3549 4988 3673 5028 esse
3701 4987 3861 5024 men-

2277 5047 2496 5110 dosum,
2523 5046 2609 5100 vel
2657 5044 2874 5116 Egypti
2925 5044 3229 5116 Ecclesiam
3269 5059 3430 5099 usum
3463 5044 3630 5116 illum
3664 5041 3862 5116 pristi-

2281 5131 2410 5172 num
2469 5112 2941 5185 reliquisse-{quo
2973 5115 3120 5170 diem
3156 5113 3406 5169 Natalem
3453 5112 3680 5185 Domini
3719 5115 3867 5165 cele-

2283 5192 2442 5243 brare
2473 5183 2762 5240 consuevit
2795 5183 3143 5240 6'Januarii.
3184 5203 3202 5238 ι
3251 5185 3364 5244 Ego
3413 5184 3573 5252 plane
3614 5190 3870 5236 mutasse

2282 5259 2562 5319 existimo,
2593 5256 2832 5324 reliquas
2863 5270 2957 5324 per
2977 5256 3259 5324 Orientem
3283 5253 3561 5308 Ecclesias
3586 5264 3870 5324 secuta-ti,

2283 5343 2408 5382 cum
2435 5335 2586 5380 tanto
2630 5322 2824 5396 plausu
2866 5322 3070 5380 festum
3109 5323 3242 5379 illud
3293 5324 3628 5392 reciperent,
3659 5331 3718 5396 ut
3758 5322 3870 5374 huc

2286 5398 2463 5467 ipsum
2510 5392 2946 5467 Cltrysostomus
2996 5398 3138 5449 inter
3183 5403 3526 5467 argumenta
3568 5392 3871 5467 conferat,

2285 5462 2425 5522 verae
2454 5462 2737 5522 illiusdiei
2769 5466 2950 5519 Roma:
2976 5476 3210 5520 servata:
3247 5462 3587 5523 traditionis.
3636 5477 3702 5516 ar.
3741 5462 3878 5516 inde

2287 5538 2341 5591 in
2376 5538 2564 5591 orbem
2588 5537 2854 5605 reliquum
2889 5538 3184 5591 manantis.
3215 5535 3286 5591 Ut
3312 5549 3442 5604 ergo
3473 5533 3722 5590 Orientis
3767 5531 3877 5584 Ec-

2289 5608 2471 5661 clesiaa
2529 5607 2730 5660 festum
2785 5605 2930 5660 istud
2985 5616 3138 5659 tanta
3192 5605 3466 5674 religione
3489 5606 3877 5672 susciperent,

2290 5679 2603 5731 necessaria
2632 5675 2736 5729 fuit
2757 5677 2826 5729 ali
2873 5691 2936 5727 ua
2960 5677 3249 5745 persuasio
3274 5685 3466 5742 praeter
3490 5677 3876 5743 Augustorum

2291 5749 2343 5799 in
2387 5749 2518 5799 illud
2543 5746 2806 5799 favorem.
2833 5693 2954 5799 ῗιδο
2983 5762 3131 5799 vero.
3165 5760 3229 5799 ac
3259 5760 3422 5799 uuam
3454 5760 3519 5799 ex
3547 5743 3768 5799 Joanne
3799 5756 3876 5796 re-

2291 5749 2343 5802 in
2387 5749 2518 5801 illud
2543 5746 2806 5801 favorem.
2842 5743 3131 5804 Hac'vero.
3165 5760 3229 5799 ac
3259 5760 3422 5813 quam
3454 5760 3519 5799 ex
3547 5743 3768 5799 Joanne
3799 5756 3881 5796 re-

2294 5819 2688 5886 praesento,vix
2719 5817 3144 5871 commodiorem
3192 5814 3462 5870 invenias.
