4130 6400
323 382 461 451 1445

1382 397 1477 457 DE
1514 397 1750 460 ΙτΕὸΤο
1791 400 1922 469 DIE
1960 404 2245 467 NATALI
2286 408 2589 471 DOMINI.

3463 400 3600 466 1446

318 496 447 561 σιλὶ,
468 496 677 553 Ταπέτ.
703 497 898 553 Τοίνυν
922 501 954 569 ἡ
990 500 1303 575 ἀρχομηνία
1325 504 1423 559 τοῦ
1444 506 1677 578 Τησιρὶν
1705 507 1896 578 μηνὸς,

2021 514 2244 582 l‘esirin,
2271 518 2505 583 Chasili,
2544 518 2740 590 Tapet.
2779 519 2963 574 Prima
2998 518 3173 590 igitur
3203 516 3335 572 luna
3377 517 3594 572 mensis

316 593 562 663 καταντᾷ
609 593 691 656 είς
740 592 837 647 τὸν
871 595 1251 669 Σεπτέμϐριον
1303 598 1454 670 μῆνα
1478 615 1494 632 ·
1525 601 1622 654 καὶ
1652 600 1763 654 ἀπὸ
1802 599 1905 671 τῆς

319 683 637 755 συλλήψεως
663 686 915 741 Ἰωάννου
945 688 1052 753 ἕως
1076 690 1169 743 τοῦ
1199 690 1605 762 εὐαγγελισμοῦ
1641 694 1742 763 τῆς
1769 692 1905 746 Θεο-

315 776 479 832 τόκου
530 778 851 850 ἀριθμεῖται
907 779 1115 846 οὕτως⁹
1159 782 1514 855 Ὀκτώϐριος,
1572 783 1902 857 Νοίμϐριος,

318 867 695 950 Δεκέμϐριος,
768 872 1136 946 Ἰανουάριος,
1184 874 1576 946 Φεϐρουάριος,
1636 877 1902 949 Μάρτιος.

331 960 500 1030 ὐμοῦ
519 962 764 1031 γίνονται
793 965 856 1031 ἓξ
892 966 1080 1038 μῆνες.
1116 966 1251 1021 Ἀπὸ
1272 967 1331 1021 δὲ
1358 967 1454 1022 τοῦ
1488 970 1905 1043 Εὕαγγελισμοῦ

319 1047 429 1113 ἕως
449 1051 547 1122 τῆς
574 1053 909 1125 Γεννήσεως,
945 1053 1316 1127 ἀριθμοῦνται
1338 1056 1535 1123 οὕτως,
1566 1058 1903 1131 Ἀπρίλλιος,

320 1141 518 1205 Μάῐος,
553 1145 797 1212 Ἰούνιος,
830 1147 1074 1213 Ἰούλιος,
1125 1148 1461 1217 Αὔγουστος,
1510 1151 1904 1224 Σεπτέμϐριος,

333 1232 687 1308 Ὀκτώϐριος,
712 1238 1045 1311 Νοέμϐριος,
1070 1240 1431 1313 Δεκέμϐριος.
1465 1245 1557 1297 Ἐν
1577 1244 1635 1298 δὲ
1666 1243 1746 1316 τῷ
1773 1244 1907 1315 μηνὶ⁵

319 1323 400 1396 τῷ
430 1324 473 1392 ζ’
497 1331 565 1400 τῇ
598 1334 630 1382 ι’
652 1346 749 1384 του
785 1332 979 1405 μηνὸς,
1004 1329 1128 1406 ἡνὴ
1157 1334 1344 1408 ἡμέρα
1370 1335 1466 1389 τοῦ
1501 1335 1778 1409 ⁹1λασμοῦ,
1808 1338 1905 1390 καὶ

319 1423 387 1491 τῇ
416 1423 531 1494 ιε’ἡ
564 1424 726 1494 ἐορτὴ
752 1427 853 1497 τῆς
882 1428 1287 1499 Σκηνοπηγίας.
1344 1430 1434 1485 Ἐν
1478 1429 1630 1502 αὐτῷ
1656 1431 1737 1502 τῷ
1774 1432 1908 1503 μηνὶ

322 1512 623 1568 συνέλαϐεν
660 1516 694 1587 ἡ
750 1517 1054 1585 Ἑλισάϐετ,
1075 1522 1143 1592 τῇ
1192 1520 1401 1594 δεκάτῃ
1432 1520 1530 1575 τοῦ
1562 1523 1813 1595 Τησιρὶν,
1849 1524 1908 1577 ὲν

274 1652 283 1659 .
320 1604 512 1679 ἡμέρᾳ
542 1606 638 1662 τοῦ
702 1608 980 1679 Ἰλασμοῦ,
1035 1612 1132 1666 καὶ
1181 1615 1249 1685 τῇ
1280 1621 1365 1684 κγ’
1395 1613 1490 1668 τοῦ
1525 1615 1907 1687 Σεπτεμϐρίου

325 1698 519 1769 μηνὸς,
560 1699 597 1773 ἡ
652 1699 917 1773 σύλληψις
945 1703 1200 1759 Ἰωάννου
1225 1721 1239 1736 ·
1262 1707 1358 1760 καὶ
1393 1709 1460 1779 τῇ
1491 1706 1534 1760 δ’
1576 1707 1669 1760 τοῦ
1700 1707 1907 1772 Νεσάν,

322 1788 575 1859 Μαρτίου
601 1795 702 1857 κε’,
730 1791 760 1846 6
783 1793 1186 1867 εὐαγγελισμὺς
1206 1798 1307 1867 τῆς
1328 1796 1595 1852 Θεοτόκου
1619 1799 1718 1869 τῆς
1744 1798 1909 1867 ἁγίας

326 1881 545 1951 Μαρίας
563 1898 578 1914 ⁸
613 1883 711 1939 καὶ
738 1887 805 1959 τῇ
830 1885 872 1939 ε’
898 1885 993 1941 τοῦ
1020 1888 1221 1959 Ταμνὶ,
1248 1888 1474 1943 Ἰουνίου
1508 1887 1608 1956 κδ’,
1648 1891 1681 1960 ἡ
1713 1888 1905 1961 γέννη-

324 1990 410 2037 σις
438 1973 534 2027 τοῦ
565 1976 882 2050 ΙΙροδρὸμου
903 1996 918 2012 ·
940 1979 1036 2035 καὶ
1049 1984 1116 2054 τῇ
1152 1981 1195 2036 θ’
1220 1981 1315 2036 τοῦ
1339 1982 1547 2045 Σαπὲτ,
1572 1982 1911 2053 Δεκεμϐρίου

324 2068 424 2126 κε’,
440 2064 473 2131 ἡ
499 2064 753 2135 γέννησις
770 2066 865 2126 τοῦ
888 2069 1151 2140 Χριστοῦ.
1183 2070 1279 2125 τοῦ
1307 2071 1545 2142 μεγάλου
1567 2071 1704 2126 Θεοῦ
1729 2072 1910 2144 ἡμῶν,

323 2150 418 2204 τοῦ
452 2156 830 2225 σαρκωθὲντος
863 2158 1063 2227 Λόγου.
1096 2162 1205 2215 Καὶ
1228 2159 1402 2225 οὕτως
1433 2160 1696 2216 κατέθετο
1726 2164 1754 2215 6
1787 2161 1916 2215 Ἰού-

324 2242 438 2309 λιος
455 2247 483 2299 6
511 2246 733 2320 Ῥώμης
755 2250 1122 2324 πατριάρχης,
1140 2252 1269 2317 τοὺς
1300 2253 1479 2324 μῆνας
1504 2253 1616 2309 τῶν
1644 2255 1916 2327 Ἐϐραίων

326 2337 421 2390 καὶ
448 2337 556 2392 τῶν
587 2337 910 2411 Ῥωμαίων·
934 2340 996 2410 ἐξ
1023 2343 1236 2399 ἐκείνου
1266 2344 1325 2399 δὲ
1358 2344 1555 2400 ἐλαϐεν
1584 2346 1761 2418 ἀρχὴν
1792 2347 1918 2419 ἑορ-

324 2428 513 2494 τάξειν
550 2434 608 2486 ὲν
633 2433 957 2504 ἀγαλλιάσει
984 2437 1097 2492 τῶν
1141 2438 1430 2509 Ῥωμαίων
1461 2439 1787 2511 Ἐκκλησία,
1814 2441 1915 2516 τὴν

326 2523 542 2595 ἡμέραν
569 2526 663 2581 τοῦ
691 2527 974 2584 Γενεθλίου
999 2529 1093 2585 τοῦ
1127 2531 1402 2603 Σωτῆρος,
1432 2532 1777 2606 Δεκεμϐρίου
1812 2539 1915 2600 κε’,

326 2617 422 2670 καὶ
449 2618 736 2689 παρέδωκε
761 2621 968 2688 πάσαις
994 2625 1117 2688 ταῖς
1147 2623 1522 2696 Ἰείκκλησίαις.
1566 2625 1624 2680 Ὀ
1666 2627 1724 2681 δὲ
1763 2628 1918 2695 ἅγιος

327 2709 612 2777 Βασίλειος
640 2712 883 2786 ἔγραψεν
932 2717 992 2771 ὲν
1024 2715 1330 2788 τῷιβιϐλίῳ
1362 2718 1472 2772 τῶν
1506 2718 1780 2781 Ἠθικῶν.
1816 2721 1919 2791 τὴν

328 2803 547 2876 ἡμέραν
594 2806 697 2878 τῆς
746 2808 1062 2879 Γεννήσεως
1111 2808 1206 2863 τοῦ
1242 2809 1520 2883 Σωτῆρος,
1559 2809 1917 2883 Δεκεμϐρίου

327 2906 439 2954 its"
477 2903 738 2971 συνέταξε
767 2903 827 2959 δὲ
848 2904 1138 2977 Γρηγορίῳ
1155 2904 1235 2976 τῷ
1257 2905 1508 2977 Θεολόγῳ
1530 2907 1589 2960 ὲν
1616 2908 1682 2978 τῇ
1713 2906 1917 2979 συνόδῳ

326 2996 396 3064 τῇ
423 2993 481 3047 ιν
526 2994 1125 3063 Κωνσταντινουπόλει,
1184 2995 1444 3051 ἐκθέσθαι
1494 2997 1594 3052 καὶ
1643 2997 1917 3052 τελεῖσθαι

327 3086 430 3156 τὴν
448 3085 516 3139 Γὲ
529 3102 707 3157 θνησιν
733 3087 971 3159 Δεκεμϐ.
992 3094 1092 3154 κε’,
1111 3087 1208 3144 καί
1228 3105 1375 3153 τινες
1402 3088 1465 3143 οὐ
1492 3088 1914 3160 συγκατέθεντο.

2006 608 2252 676 Tcsirin,
2274 613 2523 665 occurrit
2555 615 2608 667 in
2634 629 2879 669 mensem
2905 612 3287 683 Septembrem
3330 629 3344 665 :
3370 610 3539 681 atque
3562 625 3590 664 a

2004 698 2237 757 Joannis
2266 704 2653 773 conceptione.
2689 721 2867 775 usque
2899 706 2969 758 ad
3000 705 3248 774 Deiparte
3281 702 3597 756 Annuntia.

2007 794 2213 849 tionem
2249 796 2332 851 sic
2367 812 2730 853 numeramus
2769 815 2782 851 :
2823 798 3087 860 October.
3120 795 3460 858 November,
3493 796 3597 849 De-

2007 887 2250 954 cember,
2280 885 2602 953 Januarius,
2631 887 2997 951 Februarius,
3030 888 3289 943 Martinus.
3329 887 3496 942 Fiunt
3520 886 3598 942 si-

2009 977 2122 1031 mul
2161 993 2256 1033 sex
2291 994 2531 1035 menses.
2570 982 2650 1034 Ab
2688 981 3132 1035 Annuntiatione
3184 989 3372 1035 autem
3421 994 3597 1047 usque

2008 1068 2075 1143 ad
2134 1067 2489 1124 Nativitatem
2538 1070 2619 1125 sic
2661 1079 3030 1125 numerantur
3070 1090 3083 1125 :
3122 1071 3352 1143 Aprilis,
3394 1069 3596 1135 Maius,

2006 1157 2239 1222 Junius,
2275 1159 2490 1227 Julius,
2528 1163 2814 1233 Augustus
2837 1202 2853 1227 ,
2903 1163 3263 1234 September,
3313 1162 3557 1219 October
3581 1203 3596 1226 ,

2009 1249 2344 1315 November,
2377 1252 2702 1309 December.
2739 1253 2935 1318 Porro,
2967 1270 3161 1309 mense
3202 1255 3256 1318 7,
3306 1252 3399 1308 die
3450 1269 3600 1306 men-

2010 1343 2089 1399 sis
2126 1342 2216 1406 10,
2259 1353 2380 1399 erat
2413 1345 2765 1415 Expiationis
2793 1347 2953 1411 dies;
3005 1348 3075 1403 15
3108 1358 3292 1403 autem
3336 1354 3457 1403 erat
3510 1362 3603 1402 so-

2010 1434 2266 1492 lemnitas
2306 1434 2684 1508 Scenopegiae.
2734 1438 2865 1507 lpso
2901 1454 3091 1495 mense
3118 1438 3376 1508 concepit
3419 1439 3598 1494 Elisao

2011 1525 2162 1591 beth,
2194 1528 2259 1582 10
2294 1528 2383 1581 die
2431 1531 2643 1584 mensis
2677 1528 2945 1592 'l‘esirim,
3004 1529 3061 1583 in
3099 1530 3186 1584 die
3220 1530 3600 1600 Expiationis,

2012 1616 2227 1690 fuitque
2275 1619 2347 1675 25
2377 1618 2719 1691 Septembris
2774 1624 3067 1693 conceptio
3094 1620 3328 1680 Joannis
3350 1664 3366 1690 ,
3404 1634 3603 1692 quarta

2012 1722 2192 1767 autem
2223 1713 2433 1768 mensis
2463 1713 2669 1777 Nesan,
2726 1713 2910 1769 Martii
2964 1714 3035 1768 25
3072 1715 3176 1768 fuit
3233 1716 3604 1769 Annuntiatio

2014 1800 2106 1856 Dei
2138 1800 2441 1857 Genitricis
2487 1813 2697 1857 sancta;
2733 1802 2955 1867 Mariae;
2989 1804 3190 1874 quinta
3230 1821 3363 1858 vero
3393 1805 3603 1858 mensis

2014 1892 2361 1955 Tamnis,25
2393 1893 2568 1958 Junii,
2618 1895 2721 1949 fuit
2770 1894 3145 1951 Praecursoris
3186 1896 3486 1961 nativitas;
3538 1911 3604 1949 ac

2015 1987 2233 2042 tandem
2267 1987 2301 2041 9
2336 1988 2544 2043 mensis
2582 1985 2771 2056 Sapet,
2814 1987 3135 2042 Decembris
3185 1986 3280 2048 25,
3327 1985 3604 2041 Nativitas

2013 2080 2219 2138 Christi
2256 2083 2442 2152 magni
2482 2080 2578 2135 Dei
2623 2082 2838 2144 nostri,
2873 2097 2938 2137 ac
2990 2079 3157 2136 Verbi
3188 2081 3487 2135 incarnati.
3516 2078 3606 2134 in-

2015 2186 2125 2242 que
2152 2174 2300 2227 hunc
2322 2174 2542 2227 modum
2567 2171 2749 2228 Julius
2772 2172 3056 2227 Romanus
3080 2171 3397 2243 patriarcha
3454 2186 3606 2225 men-

2016 2280 2104 2322 ses
2141 2265 2500 2321 Hebraeorum
2531 2275 2703 2336 atque
2742 2266 3121 2320 Romanorum
3175 2261 3490 2333 composuit
3524 2277 3538 2315 :
3574 2277 3605 2315 a

2015 2375 2130 2431 quo
2155 2369 2421 2430 tempore,
2458 2360 2626 2430 cmpit
2655 2358 2906 2413 Romana
2941 2356 3191 2413 Ecclesia
3252 2356 3389 2411 lactis
3418 2354 3605 2426 gaudii

2018 2454 2303 2508 celebrare
2339 2449 2592 2507 Natalem
2625 2450 2936 2506 Salvatoris
2966 2449 3115 2504 diem
3151 2448 3223 2503 25
3258 2446 3605 2507 Decembris,

2016 2545 2357 2614 tradiditque
2373 2543 2761 2599 celebrandum
2781 2543 2870 2597 uni
2881 2543 3065 2609 versis.
3079 2540 3356 2596 Ecclesiis.
3370 2538 3608 2595 Sanctus

2018 2650 2199 2694 autem
2219 2636 2456 2693 Basilius
2468 2636 2691 2705 scripsit
2707 2636 2783 2707 (Ἰ)
2801 2635 2853 2690 in
2868 2637 3009 2691 libro
3027 2632 3340 2695 Horatium,
3360 2632 3607 2687 Natalem

2019 2732 2321 2789 Salvatoris
2373 2729 2519 2786 diem
2578 2729 2651 2785 25
2678 2728 3021 2793 Decembris,
3048 2727 3441 2798 mandavitque
3468 2723 3607 2781 Gre—

2017 2823 2469 2899 gorin'l‘heologo
2490 2824 2545 2878 in
2571 2822 2791 2895 synodo
2814 2821 3444 2892 Constantinopolitana
3476 2834 3609 2889 pro-

2018 2917 2282 2986 mulgari,
2318 2930 2383 2971 ac
2430 2916 2704 2971 celebrari
2738 2915 2813 2970 25
2848 2914 3207 2980 Decembris;
3244 2912 3470 2983 quidam
3523 2919 3612 2963 ta-

2019 3025 2150 3065 men
2193 3025 2303 3063 non
2347 3024 2663 3063 assensere.
2723 3006 3100 3075 Quamobrem
3150 3006 3229 3059 ait
3266 3002 3614 3076 Gregorius‘

2020 3100 2089 3154 ad
2129 3099 2490 3154 adversarios
2522 3114 2540 3154 :
2579 3116 2599 3150 ι
2635 3097 2877 3152 Bursum
2898 3096 3064 3152 Iesus
3088 3111 3246 3152 mens
3271 3096 3373 3167 (8),
3406 3102 3461 3151 et
3491 3110 3615 3147 rure

326 3178 495 3247 ,λέγει
526 3175 620 3235 οὖν
652 3180 956 3252 Γρηγόριος
980 3180 1119 3255 πρὸς
1145 3182 1273 3246 τοὺς
1298 3182 1627 3246 ἀντιπάλους
1646 3197 1660 3211 ο
1696 3202 1714 3235 ι
1748 3183 1919 3236 Πάλιν

2024 3207 2148 3248 sum
2185 3192 2534 3264 mysterium.
2579 3191 2901 3263 Mysterium
2938 3204 3048 3244 non
3085 3187 3275 3253 fallax,
3311 3203 3414 3242 nec
3449 3187 3610 3241 inde-

327 3269 538 3340 Ἰησοῦς
570 3273 598 3325 6
622 3272 776 3343 ἐμὸς,
805 3274 903 3325 καὶ¹
927 3271 1091 3328 πάλιν
1122 3273 1427 3344 μυστήριον
1450 3290 1465 3303 ·
1497 3277 1799 3347 μυστήριον
1819 3276 1923 3330 οὐκ

331 3362 635 3434 ἀπατηλὸν,
660 3363 786 3418 οὐδὲ
815 3362 1083 3435 ἄκοσμον,
1112 3365 1234 3419 οὐδὲ
1251 3367 1352 3436 τῆς
1374 3364 1695 3437 Ἑλληνικῆς
1712 3368 1923 3438 πλάνης

331 3453 488 3527 [Leg.
512 3456 609 3509 xui.
636 3454 830 3527 μέθης,
866 3463 927 3510 ιιι
950 3465 1035 3511 est
1076 3455 1292 3530 editis].
1339 3456 1535 3527 Ἡμεῖς
1586 3457 1643 3510 δὲ
1686 3458 1924 3528 Χριστὸν

332 3544 686 3617 ἑορτάζομεν,
708 3545 944 3618 Χριστὸν
957 3545 1369 3618 δοξολογοῦμεν,
1389 3547 1499 3601 εἴτε
1522 3550 1795 3620 γεννήσει,
1811 3548 1925 3602 εἴτε

334 3637 693 3709 βαπτίσματι.
719 3640 854 3711 Οὐχὶ
869 3640 926 3693 δὲ
936 3639 1031 3694 τοῦ
1062 3639 1389 3705 Ποσειδῶνος
1408 3639 1440 3711 ἢ
1468 3640 1564 3694 τοῦ
1584 3640 1929 3704 Ἀπόλλωνος

330 3728 433 3800 τὴν
477 3729 732 3802 γέννητιν
764 3731 1133 3803 ἑορτάζομεν,
1169 3732 1308 3787 ἀλλά
1335 3732 1430 3787 τοῦ
1469 3731 1600 3786 Υἱοῦ
1635 3732 1729 3786 τοῦ
1761 3732 1925 3799 Θεοῦ,

340 3824 446 3877 Ὃν
478 3823 657 3893 ἔθηκε
701 3827 1082 3896 κληρονόμον
1123 3825 1387 3893 πάντων,
1441 3825 1601 3880 δι’οὗ
1645 3826 1745 3880 καί
1784 3825 1928 3893 τοὺς

337 3914 560 3984 αἰῶνας
588 3916 929 3985 ἐποίησεν.»
958 3920 1084 3974 Ὀτι
1111 3918 1168 3973 δὲ
1196 3921 1254 3973 ὲν
1275 3918 1353 3990 τῷ
1385 3919 1666 3991 Βυζαντίῳ
1693 3922 1722 3973 6
1756 3922 1928 3990 μέγας

339 4008 624 4073 Θεοδόσιος
672 4010 995 4064 ἐϐασίλευσε
1022 4011 1115 4065 τὸν
1143 4010 1435 4084 ’Δρκάδιον
1455 4050 1471 4075 ,
1502 4012 1599 4066 καὶ
1626 4011 1718 4066 τὸν
1760 4011 1932 4067 Ὀνῶ-

342 4118 461 4173 ριον
490 4102 549 4156 ὲν
582 4100 793 4176 Ῥώμῃ,
818 4102 991 4157 ἐλθὼν
1030 4094 1288 4176 Ὀνώριος
1327 4105 1387 4157 ὲν
1424 4102 1502 4176 τῷ
1528 4103 1812 4176 Βυζαντίῳ
1848 4104 1931 4170 είς

342 4194 506 4268 ἔργον
535 4212 610 4261 τι,
657 4194 961 4267 διηγήσατο
1011 4199 1078 4268 τῇ
1114 4197 1286 4268 μητρὶ
1333 4195 1430 4252 καὶ
1477 4194 1555 4268 τῷ
1583 4194 1820 4268 ἀδελφῷ,
1845 4196 1932 4251 ὅτι

345 4286 466 4351 πῶς
494 4288 547 4341 οί
585 4287 855 4359 Ῥωμαῖοι
895 4288 1218 4362 ἑορτάζουσι
1272 4288 1376 4360 τὴν
1420 4288 1681 4359 Γέννησιν
1716 4291 1797 4354 είς
1825 4290 1928 4362 τὴν

344 4378 566 4449 ἡμέραν
614 4380 808 4450 αὐτῆς,
838 4380 981 4451 μετά
1012 4379 1462 4449 ἀναγνωσμάτων
1515 4378 1763 4446 τελείων,
1824 4380 1926 4435 καὶ
1968 4428 1971 4431 ,

345 4469 562 4524 πολλῶν
583 4472 904 4543 τροπαρίων
929 4473 1023 4527 καὶ
1044 4472 1372 4544 στοιχαρίων
1389 4486 1405 4503 ⁸
1437 4470 1704 4536 ὡσαύτως
1732 4470 1828 4526 καὶ
1858 4469 1931 4527 τὰ

2024 3293 2240 3343 corum,
2306 3295 2486 3348 neque
2539 3279 2803 3349 gentilitii
2862 3278 3076 3332 erroris
3133 3292 3200 3331 ac
3249 3277 3610 3331 temulentize.

2025 3370 2308 3425 Christum
2332 3371 2707 3433 celebramus,
2735 3368 3025 3423 Christum
3050 3368 3457 3437 glorificamus,
3495 3367 3614 3421 sive

2025 3462 2403 3528 Nativitatcm,
2460 3462 2580 3517 sive
2625 3460 2908 3530 Baptisma
2956 3461 3280 3515 recolimus.
3315 3456 3425 3515 Nec
3484 3474 3614 3514 vero

2025 3551 2264 3621 Neptuni
2297 3561 2393 3605 aut
2426 3549 2701 3620 Apollinis
2746 3548 3096 3604 celebramus
3143 3546 3354 3611 natale,
3391 3548 3488 3602 sed
3521 3544 3616 3601 Fi-

2025 3644 2086 3699 lii
2114 3644 2244 3709 Dei,
2288 3660 2437 3713 quem
2469 3643 2748 3697 constituit
2781 3640 3041 3695 heredem
3070 3642 3468 3703 universorum,
3521 3654 3616 3707 per

2027 3754 2178 3809 quem
2200 3737 2323 3807 fecit
2339 3746 2389 3791 et
2417 3736 2616 3790 uacula
2642 3736 2685 3790 ‘.
2717 3753 2737 3787 ι
2775 3733 3335 3806 ριιίδμοτοηηοεηυε
3357 3731 3617 3813 Theodo-

2029 3833 2147 3887 sius
2172 3831 2542 3886 constituerat
2578 3828 2882 3885 Arcadium
2911 3827 3161 3898 Byzantii
3194 3828 3616 3896 imperatorem,

2028 3940 2094 3978 ac
2137 3921 2439 3978 Honorium
2466 3921 2672 3987 Romaa,
2703 3922 2932 3977 veniens
2964 3919 3246 3977 Honorius
3293 3919 3616 3992 Byzantium

2028 4015 2236 4089 negotii
2285 4015 2499 4085 aliquid
2555 4012 2954 4077 conlecturus,
3017 4013 3272 4067 narravit
3324 4011 3490 4066 matri
3554 4026 3620 4065 ac

2029 4108 2213 4171 fratri,
2267 4113 2327 4161 ut
2362 4102 2598 4159 Romani
2650 4118 2750 4159 sua
2813 4103 2901 4157 die
2953 4101 3149 4159 Natale
3209 4102 3427 4157 Domini
3472 4102 3621 4157 cele-

2028 4200 2275 4263 brarent,
2307 4211 2432 4252 cum
2470 4196 2805 4251 lectionibus
2830 4194 3111 4264 perfectis,
3150 4193 3457 4264 multisque
3490 4201 3619 4249 tro-

2031 4292 2205 4367 pariis
2236 4305 2302 4345 ac
2358 4288 2600 4343 modulis
2636 4305 2650 4344 :
2685 4298 2856 4359 utque
2905 4289 3116 4359 pariter
3166 4288 3371 4344 festum
3425 4286 3611 4355 Bapti-

2032 4380 2226 4439 amatis
2273 4378 2364 4434 die
2384 4377 2627 4448 propria,
2686 4376 2921 4449 integre,
2962 4378 3224 4448 perfecte,
3263 4376 3415 4431 nulla
3450 4376 3622 4429 dimi-

2032 4473 2259 4529 nutione
2283 4470 2437 4525 vario
2459 4469 2723 4526 festorum
2746 4478 2948 4526 ornatu
2975 4477 3324 4542 peragerent,
3352 4467 3612 4538 nihilque

349 4563 705 4635 βαπτίσματα
733 4567 791 4619 ὲν
818 4568 887 4639 τῇ
922 4566 1031 4639 ίδίᾳ
1062 4566 1267 4639 ἡμέρᾳ,
1309 4563 1629 4636 ὁλοκλήρως
1679 4565 1778 4619 καὶ
1831 4583 1920 4619 τε·

2034 4565 2205 4618 altera
2250 4577 2317 4616 ex
2368 4561 2542 4615 altera
2593 4559 2868 4616 festivitas
2924 4560 3245 4631 splendoris
3305 4558 3615 4615 amitteret.

348 4654 530 4723 λείως,
558 4656 682 4730 δίχα
710 4660 914 4725 παντὸς
935 4660 1344 4734 ὑστερήματος,
1377 4655 1791 4730 κατακοσμοῦσι
1813 4675 1937 4714 ποι.

458 4837 482 4870 ⁸
511 4838 569 4897 S.
599 4836 768 4912 Greg.
801 4850 950 4900 orat.
970 4843 1063 4909 39,
1086 4845 1211 4901 init.
1285 4845 1307 4878 ⁸
1335 4843 1502 4902 llebr.
1529 4860 1569 4909 ι,
1588 4846 1646 4901 2.

2038 4654 2215 4711 Porro
2256 4654 2371 4709 visa
2394 4659 2528 4708 sunt
2582 4650 2814 4709 Honorii
2858 4653 3025 4710 verba
3061 4653 3179 4709 hare
3213 4665 3405 4708 coram
3441 4655 3619 4705 matre

1891 4957 2125 5015 NOTAE.

425 5070 503 5142 (7)
533 5066 763 5146 senatus
796 5080 988 5146 autem,
1014 5072 1254 5129 Basilius
1269 5075 1515 5146 scripsit,
1540 5085 1649 5131 etc.
1685 5074 1808 5131 Non
1847 5076 1931 5130 vi-

354 5141 561 5215 dentur
579 5142 694 5215 haec
722 5152 948 5215 exstare
978 5144 1035 5198 in
1066 5146 1237 5201 editis
1266 5141 1473 5201 Basilii.
1506 5146 1808 5215 Agnovisse
1848 5154 1933 5200 ta-

355 5226 498 5287 men
518 5210 769 5287 Natalem
791 5214 1004 5269 Domini
1032 5215 1176 5271 diem
1196 5225 1394 5287 praeter
1410 5210 1566 5272 diem'
1588 5215 1928 5287 Epiphaniae,

355 5297 425 5355 ac
446 5282 592 5355 diem
616 5281 931 5355 Luminum,
957 5295 1144 5355 aperte
1174 5281 1381 5341 indicat
1403 5281 1822 5355 hom.ejus'25;
1849 5289 1930 5351 είς

353 5351 459 5424 τὴν
483 5353 649 5422 ἀγίαν
682 5352 787 5427 τοῦΔ
808 5351 1049 5427 Χριστοῦ
1078 5356 1346 5427 Γέννησιν
1370 5374 1384 5388 ·
1421 5358 1515 5412 ubi
1549 5351 1696 5413 totus
1727 5351 1816 5413 est
1870 5358 1927 5411 in

357 5434 714 5480 sacramento
738 5424 1052 5482 diei'illius
1096 5424 1434 5491 enarrando,
1488 5441 1554 5481 ac
1598 5444 1666 5483 ne
1698 5429 1930 5483 verbum

358 5493 581 5564 quidem
614 5496 975 5579 haberqnod
1014 5504 1252 5620 .srectet
1282 5498 1350 5551 ad
1391 5499 1535 5553 diem
1593 5497 1938 5569 Epiphaniae,

358 5571 526 5620 nrout
553 5562 731 5620 Graeci
754 5565 899 5620 diem
931 5566 1069 5620 Emo
1091 5582 1255 5620 tanta:
1289 5568 1491 5620 festum
1526 5567 1753 5620 habent.
1792 5584 1938 5620 reco-

358 5562 526 5636 prout
553 5562 731 5648 Graeci
754 5562 899 5621 dieiu
931 5562 1255 5650 Epiphania:
1289 5568 1491 5624 festqu
1526 5562 1753 5650 habent,
1792 5584 1944 5623 reco-

362 5633 793 5717 lendo‘.scd|cet
834 5636 1435 5717 Dom’inrbapttsmum,
1473 5654 1538 5693 ac
1569 5646 1747 5717 nostri
1780 5640 1943 5717 velut

363 5704 751 5770 initiationem,
773 5706 1133 5762 sanctiﬁcatis
1154 5704 1416 5763 contactu
1433 5708 1617 5764 carnis
1643 5708 1942 5763 Dominicae

366 5776 434 5828 ad
463 5776 769 5850 spiritalem
796 5780 1230 5850 generationem,
1262 5780 1445 5849 aquis.
1478 5778 1639 5850 Unde
1671 5778 1820 5850 quod
1851 5780 1937 5834 in-

368 5853 538 5917 terpr.
571 5847 648 5904 ita
706 5847 990 5929 inscripsit
1023 5868 1038 5907 :
1078 5847 1153 5905 De
1185 5847 1418 5906 humana
1466 5848 1669 5906 Christi
1690 5847 1937 5921 'genera-

2036 5083 2193 5136 tiam,
2235 5074 2287 5129 in
2316 5075 2401 5129 die
2441 5073 2655 5137 Natali,
2693 5083 2786 5127 aut
2817 5068 3154 5139 Epiphaniae,
3203 5065 3426 5139 inscitia
3481 5065 3619 5133 fuit;

2033 5144 2256 5217 forsque
2291 5146 2474 5215 posuit
2503 5146 2599 5217 ita,
2632 5136 2781 5217 quod
2812 5136 3042 5217 verbum
3066 5136 3296 5217 aliquod
3327 5139 3402 5217 ile
3429 5150 3621 5217 mago:

2032 5206 2517 5289 rum'adoratione
2547 5206 2771 5289 legerit;
2796 5214 2891 5289 sed
2912 5227 3035 5289 eam
3062 5206 3616 5289 Graecireferuntnad

2032 5287 2152 5355 ipsa
2183 5284 2321 5340 festa
2353 5276 2642 5349 natalitia",
2696 5276 2798 5339 nec
2834 5284 2901 5355 in
2944 5282 3036 5355 die
3105 5277 3425 5349 Epiphaniae
3474 5276 3627 5332 aliud

2031 5353 2494 5428 quam_baptisma
2525 5356 2798 5419 recolunt,
2827 5353 2918 5428 uti
2934 5353 3048 5423 jam
3092 5365 3284 5428 supra.

2105 5427 2181 5497 (8)
2200 5418 2440 5498 [inicum
2458 5424 2619 5480 Iesus
2640 5443 2817 5498 meus._
2835 5418 3017 5498 Prima
3041 5418 3213 5498 verba
3241 5418 3460 5498 initium
3474 5428 3624 5498 sunt

2040 5489 2186 5555 orat.
2216 5494 2463 5565 Gregorii
2493 5498 2545 5550 in
2573 5506 2763 5551 sancta
2796 5493 3070 5565 Lumina;
3105 5490 3205 5565 sed
3238 5489 3525 5565 sequentia
3556 5489 3628 5541 ab

2040 5569 2151 5623 illis
2216 5559 2419 5627 verbis.
2488 5567 2680 5636 Ἡμεῖς
2709 5567 2766 5621 δὲ
2801 5563 3050 5636 ,Χριστὸν
3100 5559 3477 5636 ἑορτάζομεν,
3513 5573 3625 5612 non

2042 5637 2263 5693 invenio
2296 5640 2350 5692 in
2378 5630 2672 5703 Gregorio,
2707 5635 2812 5692 nisi
2858 5630 3001 5689 forte
3031 5643 3227 5703 auctor
3272 5630 3338 5683 ad
3397 5643 3626 5703 sensum

2040 5708 2304 5782 respexit,
2334 5696 2615 5782 voluitque
2654 5696 2854 5782 dicere
2871 5720 2979 5782 una
3013 5700 3265 5782 periodo,
3293 5696 3626 5782 quodJCre-

2038 5768 2227 5849 gorius
2244 5777 2413 5850 longo
2431 5768 2688 5835 discursu
2708 5775 2993 5842 edisserit,
3014 5768 3325 5830 traducens
3343 5768 3625 5842 gentilium

2039 5864 2224 5905 sacra.
