4130 6402
569 387 704 452 1447

1891 393 2207 455 JOANNIS
2240 396 2288 456 N
2301 396 2526 457 [cum

3708 401 3840 466 1548

565 523 631 563 ac
669 506 907 562 Arcadio
931 505 1124 572 fratre,
1155 505 1387 575 optima.
1415 504 1513 558 Rei
1548 504 1656 559 vim
1690 518 1887 561 sancto
1910 510 2133 578 patriar-

2246 513 2545 573 κίλλοντες,
2576 514 2670 564 καὶ
2704 512 2765 563 οὐ
2796 510 3016 582 δέχεται
3060 513 3353 585 ἐλάττωμα
3392 517 3637 587 ἑκατέρα
3680 518 3840 589 ἑορτὴ

563 602 680 656 chaa
711 599 909 655 Joanni
945 599 1346 671 Chrysostomo
1382 598 1656 654 indicant.
1714 598 1783 651 At
1836 600 1930 653 ille
1972 604 2140 657 nnilta

563 693 789 748 solertia
848 707 913 745 ac
962 691 1254 747 alacritate
1311 704 1621 743 sermonem
1663 690 2015 760 suscipiens.
2048 694 2142 761 qui

562 786 694 839 olim
730 785 810 839 sic
866 794 1096 853 cuperet
1165 783 1366 837 festum
1430 780 1728 845 celebrari,
1772 783 1997 850 gavisus
2030 793 2139 840 est.

564 878 871 932 Accersunt
903 894 969 932 ex
1019 877 1199 948 Cypro
1234 876 1450 931 beatum
1485 874 1877 944 Epiphanium,
1934 877 2029 945 qui
2076 892 2140 930 ex

566 968 919 1024 Hebraeorum
981 969 1229 1038 scriptis.
1260 984 1323 1022 ac
1347 967 1567 1038 Josephi
1611 967 2018 1038 chronographi
2052 968 2145 1022 lli-

566 1061 737 1116 8toria
772 1077 1085 1116 sermonem
1131 1061 1494 1122 conﬁrmans,
1533 1058 1749 1115 Domini
1787 1058 1980 1115 Natale
2005 1059 2144 1115 deﬁ-

564 1156 703 1208 nivit
726 1155 798 1211 25
856 1154 1195 1210 Decembris.
1233 1155 1281 1209 ls
1322 1156 1531 1224 quippe
1567 1153 1877 1223 majoribus
1933 1152 2143 1208 Judzeis

564 1259 726 1302 ortus
755 1257 899 1302 erat.
928 1247 1033 1301 Alii
1071 1262 1294 1318 quoque
1323 1246 1640 1317 congregati
1668 1246 1915 1316 episcopi
1945 1262 2144 1301 sanxe-

566 1349 698 1394 runt
753 1341 1143 1396 celebrandum
1186 1341 1243 1395 in
1295 1341 1442 1409 regia
1500 1340 1637 1393 urbe
1673 1340 1744 1393 9.5
1796 1340 2141 1402 Decembris,

564 1448 675 1503 qua
710 1434 800 1487 die
837 1450 1032 1504 magna
1062 1432 1233 1487 Roma
1264 1433 1481 1487 celebre
1505 1432 1751 1488 haberet.
1783 1431 2145 1502 Scripserunt

566 1535 749 1580 autem
777 1527 844 1581 ad
873 1527 1235 1597 Theophilum
1266 1525 1642 1596 patriarcbam
1682 1526 2140 1589 Alexandrinum,

565 1614 632 1668 ad
672 1613 943 1670 Joannem
993 1615 1366 1683 patriarcham
1429 1613 2020 1687 Hierosolymitamnu.
2079 1633 2143 1671 ac

565 1706 890 1762 Flavianum
916 1708 1293 1778 patriarcham
1319 1707 1758 1773 Antinchenum;
1784 1711 2143 1779 acquiesccn-

568 1809 761 1870 tesque
781 1802 1018 1855 universi
1050 1810 1289 1870 quatuor
1323 1803 1671 1870 patriarclue,
1700 1801 2003 1856 Romanam
2036 1802 2139 1856 Ec-

2245 605 2310 657 ὲκ
2324 604 2423 673 τῆς
2444 603 2651 667 οίκείας
2669 603 3082 676 λαμπρότητος.
3103 605 3418 677 Ἔφάνησαν
3440 608 3495 661 δὲ
3518 609 3591 662 τὰ
3615 611 3842 681 ῥήματα

2245 696 2412 748 αὐτοῦ
2445 694 2538 750 τοῦ
2572 695 2854 765 Ὀνωρίου,
2890 696 3123 750 ἐνώπιον
3148 700 3252 769 τῆς
3286 699 3497 769 μητρὸς
3523 701 3717 765 αὑτοῦ,
3750 706 3841 757 καὶ

2245 788 2537 858 ’Δρκαδίου
2591 788 2684 842 τοῦ
2732 789 2964 859 ἀδελφοῦ
3017 790 3210 853 αὐτοῦ,
3242 792 3475 861 ἀρεστά.
3517 794 3840 847 Δεικνύουσι

2244 880 2344 950 τὴν
2371 879 2605 950 δύναμιν
2633 880 2726 934 τοῦ
2763 880 2924 952 ἔργου
2954 881 3179 954 Ἰωάννῃ
3220 882 3298 955 τῷ
3328 886 3736 957 Χρυσοστόμῳ,
3763 888 3841 955 τῷ

2246 972 2386 1041 ἁγίῳ
2426 973 2763 1044 πατριάρχῃ.
2802 973 2977 1037 Αὐτὸς
3022 974 3102 1039 δὲ,
3151 976 3210 1027 ὲν
3246 976 3416 1048 πολλῇ
3448 978 3711 1049 ἀγχινοίᾳ
3745 980 3838 1031 καὶ

2247 1064 2528 1136 προθυμίᾳ
2580 1064 2879 1136 δεξάμενος
2916 1065 3007 1119 τὸν
3065 1065 3225 1136 λόγον
3278 1070 3366 1138 (ἐκ
3400 1069 3605 1123 πολλοῦ
3641 1072 3836 1141 χρόνου

2245 1155 2431 1208 ἐπόθει
2463 1155 2557 1208 τοῦ
2592 1157 2807 1210 τελέσαι
2833 1158 2975 1210 οὕτω
3002 1158 3101 1228 τὴν
3131 1158 3372 1230 ἑορτὴν),
3399 1162 3600 1234 ἐχάρη.
3634 1164 3838 1231 Ἀγουο

2248 1268 2333 1302 σιν
2362 1252 2428 1303 ἐκ
2456 1251 2556 1321 τῆς
2587 1253 2814 1323 Κύπρου
2842 1251 2934 1305 τὸν
2967 1254 3240 1324 μακάριον
3276 1254 3626 1325 Ἐπιφᾶνιον,
3678 1256 3739 1320 ὃς
3774 1258 3838 1309 ἐκ

2245 1343 2342 1412 τῆς
2374 1342 2483 1395 τῶν
2526 1343 2799 1413 Ἐϐραίων
2828 1344 3072 1415 γραφῆς,
3104 1347 3197 1398 καὶ
3222 1346 3536 1419 Ὶωσήππου
3569 1348 3667 1402 τοῦ
3700 1351 3838 1419 Χρο-

2245 1433 2519 1504 νογράφου
2553 1435 2649 1498 τῆς
2698 1435 2962 1505 ιστορίας,
2994 1434 3308 1504 βεϐαιώσας
3335 1438 3425 1491 τὸν
3458 1438 3640 1507 λόγον,
3667 1439 3836 1510 ὥρισε

2244 1526 2345 1597 τὴν
2377 1526 2637 1598 γέννησιν
2673 1527 2769 1580 τοῦ
2800 1528 3054 1599 Σωτῆρος
3088 1530 3327 1598 Δεκεμϐ.
3380 1538 3481 1585 κε’.
3518 1528 3631 1586 Ἦν
3674 1534 3784 1604 γὰρ
3809 1535 3837 1586 ό

2245 1618 2385 1691 ἀνὴρ
2418 1620 2479 1671 τὸ
2511 1619 2641 1690 πρὶν
2666 1619 2942 1683 Ἰουδαῖος.
2980 1622 3089 1673 Καὶ
3135 1621 3285 1675 ἄλλοι
3343 1624 3638 1678 ἐπίσκοποι
3698 1641 3836 1677 συν-

2244 1707 2524 1777 αχθέντες,
2559 1708 2860 1772 συνέταξαν
2889 1708 3165 1763 τελεῖσθαι
3187 1713 3268 1775 εἰς
3298 1712 3397 1782 τὴν
3434 1712 3836 1782 βασιλιδίπολιν

2245 1800 2482 1869 Δεκεμϐ.
2516 1806 2613 1861 κε’,
2643 1798 2828 1864 καθὼς
2863 1801 3014 1871 καὶὴ
3043 1802 3253 1872 μεγάλη
3288 1802 3499 1872 Ῥώμη.
3545 1804 3833 1857 Ἀπέστει-

564 1892 789 1947 clesiam
824 1893 996 1947 secuti
1034 1900 1187 1946 sunt.
1224 1892 1291 1946 lis
1325 1908 1492 1961 porro
1526 1893 1869 1961 temporibus
1900 1897 2133 1948 Anasta-

2244 1893 2340 1945 λαν
2365 1892 2422 1945 δὲ
2459 1892 2778 1963 γράψαντες
2812 1891 2951 1962 πρὸς
3000 1892 3262 1961 Θεόφιλον
3295 1895 3651 1964 πατριάρχην
3677 1896 3833 1948 Ἀλε-

565 1985 683 2037 sius
723 1983 904 2037 Rmntn
954 1984 1275 2051 patriarcha
1328 1994 1471 2038 erat.
1527 1983 1771 2039 Necdum
1819 2000 1949 2054 ergo
2004 1994 2139 2039 tunc

562 2085 684 2131 erat
734 2077 1004 2131 scelestus
1049 2075 1380 2139 Nestorins,
1438 2094 1540 2132 nec
1592 2068 1798 2146 im'pins
1843 2078 2136 2147 Eutycbes.

562 2169 695 2223 Post
721 2170 834 2222 hinc
853 2170 1095 2233 demum,
1126 2170 1482 2225 dtemoniacaz
1507 2169 1767 2224 Ecclesiae
1788 2170 2017 2231 alumni,
2044 2186 2140 2240 per

562 2260 662 2315 bos
698 2261 843 2315 sacri
898 2260 1116 2316 Natalis
1168 2264 1577 2317 solemnitatem
1612 2262 1817 2325 edocti,
1853 2263 2135 2317 comumni

558 2368 753 2409 omnes
782 2370 1054 2408 consensu
1080 2362 1133 2408 et
1158 2355 1259 2423 ipsi
1295 2363 1614 2423 sequentes,
1642 2356 1922 2409 celebrare
1948 2369 2136 2423 coepe-

561 2456 712 2509 runt,
740 2448 1104 2518 Aposchistm,
1138 2446 1473 2509 Nestortani,
1502 2445 1787 2513 Jacobitae,
1826 2447 2134 2509 Julianitae,

558 2536 815 2602 Mariani,
863 2537 1131 2592 Gaianitae
1194 2552 1258 2590 ac
1300 2536 1613 2602 Seven-iani,
1654 2537 1879 2591 tametsi
1912 2538 1967 2591 in
2007 2537 2135 2591 aliis

557 2632 921 2686 consectariis
947 2639 1200 2686 errantes
1224 2630 1337 2686 sint
1364 2629 1546 2684 divisi.
1574 2630 1930 2699 Scripscrunt
1949 2639 2133 2684 autem

557 2723 720 2776 etiam
767 2722 1059 2792 epistolam
1085 2721 1152 2774 ad
1186 2736 1445 2790 magnum
1477 2721 1629 2775 Isaac
1661 2719 1890 2789 majoris
1942 2720 2136 2772 Arme-

559 2816 664 2869 niae
693 2816 1005 2883 praesulem,
1030 2814 1121 2884 qui
1158 2814 1209 2866 id
1261 2815 1529 2883 temporis
1564 2813 1767 2867 absens
1813 2820 1932 2866 erat
1974 2827 2003 2865 a
2035 2826 2134 2865 sua

558 2905 710 2961 sede.
742 2906 951 2974 Agebat
982 2906 1127 2959 enim
1168 2905 1221 2958 in
1257 2905 1542 2973 provincia
1576 2903 1832 2967 Artasch,
1888 2919 1954 2957 eo
2004 2917 2134 2971 pro-

560 2997 738 3051 fectus
770 3011 895 3051 cum
926 3011 1055 3065 rege
1084 2996 1151 3049 ad
1186 2996 1473 3050 Persarum
1500 3010 1701 3065 regem.
1730 2995 1856 3047 Eam
1883 2993 2134 3048 retinens

560 3090 788 3159 iniquus
821 3088 1112 3153 Sormach,
1143 3089 1355 3143 invenit
1390 3104 1499 3157 quo
1525 3103 1637 3142 suae
1662 3088 1949 3142 calumniae
1984 3087 2132 3141 vires

559 3182 831 3237 adderet:
869 3181 1056 3251 aitque
1097 3181 1162 3235 ad
1216 3181 1467 3250 iniquum
1523 3195 1702 3249 regem
1771 3181 2132 3249 conspirasse

558 3289 741 3344 regem
760 3276 1004 3339 Artaser,
1029 3289 1092 3327 ac
1116 3275 1473 3335 catholicum,
1506 3287 1630 3326 cum
1660 3271 1899 3343 Caesare.
1927 3272 2029 3327 Cui
2068 3272 2131 3326 ti-

556 3367 683 3420 dem
719 3367 989 3422 adhibens
1019 3365 1311 3421 Persarum
1357 3381 1471 3428 rex,
1508 3374 1762 3419 sanctum
1796 3363 1952 3419 Isaac
1984 3365 2136 3420 etsio

557 3456 632 3511 lio
666 3459 944 3513 multavit.
996 3456 1371 3524 Quamobrem
1408 3456 1547 3511 nihil
1597 3456 1664 3510 ad
1714 3457 2135 3526 imperatorem,

555 3558 652 3601 aut
680 3547 745 3601 ad
779 3558 1036 3603 sanctum
1085 3546 1354 3602 Joannem
1382 3546 1840 3619 Chrysostumum
1867 3548 1936 3603 ab
1959 3564 2026 3605 eo
2052 3564 2138 3605 re-

554 3637 823 3707 scriptum
850 3647 955 3693 est.

2244 1984 2553 2055 ξανδρείας,
2592 1986 2685 2038 καὶ
2709 1986 2847 2056 πρὸς
2870 1984 3125 2057 Ἰωάννην
3154 1986 3244 2039 τὸν
3279 1987 3625 2057 πατριάρχην
3665 1988 3832 2059 Ἱερο-

2243 2076 2513 2146 σολύμων,
2546 2076 2640 2129 καὶ
2676 2076 2814 2145 πρὸς
2861 2077 3163 2130 Φλαϐιανδν
3219 2080 3571 2149 πατριάρχην
3616 2082 3832 2133 Ἀντιοο

2240 2168 2394 2237 χείας
2414 2184 2427 2197 ·
2449 2168 2542 2220 καὶ
2571 2159 2719 2220 οὗτοι
2747 2168 2795 2219 οἱ
2823 2167 3089 2237 τέσσαρες
3108 2170 3448 2239 πατριάρχαι
3491 2172 3828 2233 πεισθέντες,

2238 2259 2610 2331 ἠκολούθησαν
2650 2262 2715 2330 τῇ
2764 2259 3066 2329 Ἐκκλησία
3113 2263 3213 2331 τῆς
3260 2261 3500 2331 Ῥώμης.
3537 2260 3647 2315 Ἦν
3686 2263 3744 2316 δὲ
3771 2267 3829 2316 ἐν

2236 2353 2352 2414 τοῖς
2374 2353 2592 2423 καιροῖς
2613 2350 2845 2413 ἐκείνοις
2871 2351 2929 2403 ὲν
2959 2354 3027 2421 τῇ
3073 2350 3259 2422 Ῥώμῃ
3290 2354 3644 2424 πατριάρχης
3668 2354 3828 2406 Ἀνα-

2240 2445 2476 2507 στάσιος.
2524 2444 2582 2497 '0
2607 2437 2699 2496 οὖν
2738 2443 2937 2514 μιαρὸς
2964 2443 3265 2514 Νεστόριος
3293 2445 3417 2497 τότε
3447 2449 3548 2498 οὐκ
3583 2441 3675 2516 ἦν,
3704 2448 3826 2500 οὐδὲ

2235 2538 2263 2589 ὁ
2294 2536 2501 2605 ἀσεϐὴς
2534 2536 2800 2606 Εὐτυχής.
2832 2535 3034 2589 Λοιπὸν
3067 2536 3208 2604 μετὰ
3237 2536 3398 2588 τοῦτο
3434 2536 3706 2606 μαθόντες
3736 2542 3827 2591 καὶ

2236 2626 2642 2693 παιδευθέντες,
2676 2629 2725 2681 oi
2756 2628 2819 2680 ἐκ
2866 2627 2965 2697 τῆς
2990 2625 3315 2696 δαιμονικῆς
3358 2626 3695 2695 Ἑκκλησίας
3736 2628 3827 2681 διὰ

2233 2717 2440 2771 τούτων
2460 2718 2560 2788 τὴν
2588 2718 2781 2788 ἑορτὴν
2802 2718 2901 2789 τῆς
2928 2717 3092 2785 ἁγίας
3131 2719 3469 2789 Γεννὴσεως,
3511 2718 3827 2781 ἀκολούθως

2240 2810 2438 2874 κοινῶς
2463 2810 2787 2880 ἑορτάζουσι
2807 2811 3096 2874 πάντες,οἱ
3124 2811 3502 2881 Ἀποσχῐσται,
3527 2813 3827 2883 Νεστορια-

2234 2904 2333 2965 νο“·.,
2389 2902 2742 2967 Ἰακωϐῖται,
2799 2902 3170 2965 Ἰουλιανῖται,
3220 2902 3318 2956 καὶ
3372 2905 3675 2974 Μαριανοὶ,
3729 2905 3824 2957 καὶ

2232 2994 2538 3059 Γαῖανῖται,
2593 2996 2690 3049 καὶ
2724 2995 3071 3066 Σεϐηριανοὶ,
3130 2998 3177 3049 εί
3236 2997 3329 3049 καὶ
3364 2997 3421 3051 ὲν
3455 2999 3581 3058 ταῖς
3607 2996 3824 3059 λοιπαῖς

2233 3087 2580 3151 ἀκολουθίαις
2612 3087 2934 3159 διῃρημένοι
2988 3088 3096 3141 εἰσὶ
3126 3087 3495 3159 πλανώμενοι.
3529 3088 3821 3159 Ἔγραψαν

2237 3179 2529 3250 ἐπιστολὴν
2559 3182 2656 3234 καὶ
2690 3180 2827 3248 πρὸς
2854 3180 2949 3235 τὸν
2977 3181 3152 3251 μέγαν
3171 3181 3379 3240 Ἰσαὰκ,
3398 3180 3491 3234 τὸν
3516 3182 3617 3250 τῆς
3645 3181 3823 3251 μεγά-

2235 3272 2333 3344 λης
2367 3272 2657 3343 Ἀρμενίας
2683 3312 2698 3337 ,
2729 3272 2789 3335 ὃς
2822 3272 2922 3326 οὒκ
2950 3268 3018 3344 ἦν
3057 3273 3181 3325 τότε
3208 3275 3289 3334 εἰς
3327 3273 3420 3325 τὸν
3469 3273 3662 3343 θρόνον
3722 3275 3824 3344 τῆς

2233 3365 2545 3435 ἐπισκοπῆς
2601 3362 2795 3419 αὑτοῦ.
2836 3359 2947 3417 Ἦν
3004 3364 3113 3436 γὰρ
3167 3365 3226 3417 έν
3258 3366 3326 3435 τῇ
3361 3363 3523 3436 χώρᾳ
3557 3366 3819 3437 ’Δρτὰσχ,

2232 3456 2612 3527 ἀπερχόμενος
2643 3458 2741 3509 σὺν
2768 3455 2848 3527 τῷ
2876 3455 3091 3526 βασιλεί
3116 3456 3256 3526 πρὸς
3286 3457 3379 3509 τὸν
3410 3455 3637 3527 Περσῶν
3663 3456 3822 3525 βασι-

2232 3548 2351 3605 λέα.
2382 3550 2493 3621 Τὴν
2516 3549 2807 3620 ἐπιστολὴν
2840 3550 3120 3621 κρατήσας
3157 3549 3188 3601 ὁ
3222 3548 3545 3620 παράνομος
3571 3549 3821 3620 Σορμὼι,

2233 3643 2335 3712 τῆς
2362 3643 2619 3714 διαϐολῆς
2645 3642 2813 3696 αὐτοῦ
2847 3642 3080 3712 δύναμιν
3116 3634 3243 3713 εὗρε
3264 3658 3279 3672 ·
3308 3644 3402 3695 καὶ
3433 3642 3571 3712 πρὸς
3597 3642 3689 3695 τὸν
3712 3660 3824 3695 πα·-

558 3734 793 3805 ράνομον
825 3733 1047 3803 βασιλέα
1080 3726 1254 3799 εἶπεν,
1291 3735 1374 3787 ὅτι
1402 3734 1781 3804 συνεφώνησεν
1810 3737 1839 3788 ό
1871 3735 2128 3805 βασιλεὺς
2166 3738 2465 3809 ’Λρτασὴρ,
2494 3737 2634 3790 καὶὸ
2667 3735 2976 3801 καθολικὸς,
3050 3738 3190 3807 μετὰ
3242 3735 3338 3789 τοῦ
3411 3737 3710 3809 Καίσαρος.
3756 3739 3823 3789 Ὃ

557 3827 653 3880 καὶ
688 3825 985 3890 πιστεύσας
1008 3828 1161 3881 ὁτῶν
1193 3827 1420 3898 Περσῶν
1473 3827 1748 3899 βασιλεὺς,
1782 3829 2008 3900 ἐξώρισε
2038 3832 2130 3885 τὸν
2169 3831 2325 3900 ἆγιον
2388 3832 2575 3886 Ἰσαάκ
2598 3847 2611 3861 ·
2642 3831 2723 3886 διὸ
2753 3831 2907 3885 οὐδὲν
2936 3832 3300 3903 ἀντίγραμμα
3346 3832 3604 3903 ἐπέμφθη
3679 3834 3823 3905 πρὶς

555 3920 648 3974 τὸν
671 3918 944 3988 Καίσαρα,
978 3920 1010 3989 ἦ
1047 3920 1185 3990 πρὸς
1211 3921 1302 3974 τὸν
1335 3923 1494 3990 ἂγιον
1524 3922 1784 3992 Ἰωάννην
1812 3925 2202 3995 Χρυσόστομον
2225 3964 2242 3991 ,
2276 3926 2427 3997 παρὰ
2455 3924 2550 3979 τοῦ
2587 3925 2742 3992 ἁγίου
2774 3924 2986 3979 Ἰσαάκ.

629 4012 833 4067 Sancta
866 4027 995 4082 ergo
1024 4014 1296 4067 catholica
1328 4013 1599 4079 Ecclesia,
1636 4018 1725 4071 ubi
1760 4018 1980 4073 advenit
2018 4035 2121 4074 tui-

554 4104 765 4159 decima
802 4103 1084 4160 Decembr.
1121 4120 1184 4159 ac
1218 4108 1467 4175 sequenti
1500 4106 1813 4175 Dominica,
1850 4112 2122 4167 celebrem

556 4196 666 4267 agit
715 4186 1031 4251 memoriam
1065 4196 1164 4251 SS.
1193 4196 1416 4253 Patrum
1455 4201 1550 4271 qui
1611 4201 1784 4272 legem
1824 4220 2129 4270 praecesse-

555 4296 705 4352 runt,
757 4287 851 4357 qui
907 4303 1004 4357 per
1066 4287 1225 4342 tidem
1279 4290 1504 4346 fuerunt
1541 4293 1852 4361 justiticati,
1914 4312 2128 4352 necnon

555 4394 720 4448 quam
746 4378 924 4434 Lucas
955 4380 1115 4434 habet
1133 4383 1510 4453 genealogiam
1537 4383 1796 4455 legalium
1820 4389 2125 4443 secundum

551 4484 774 4525 carnem
805 4481 1246 4542 nuncupatorum
1272 4482 1563 4543 parentum
1592 4477 1738 4547 ejus,
1762 4480 1855 4549 qui
1883 4489 2127 4538 aeternus

2311 4021 2375 4074 'H
2404 4016 2497 4076 οὗν
2520 4020 2651 4090 ἁγία
2682 4019 2946 4089 καθολικὴ
2982 4018 3305 4091 Ἐκκλησία,
3342 4020 3430 4073 ὅτε
3478 4018 3658 4091 φθάσῃ
3686 4021 3721 4090 ἡ
3752 4007 3820 4074 ια’

2230 4113 2325 4168 τοῦ
2359 4114 2691 4186 Δεκεμϐρίου
2714 4113 2903 4185 μηνὸς,
2927 4113 3022 4166 καὶ
3039 4114 3177 4184 μετὰ
3193 4113 3291 4186 τὴν
3320 4113 3576 4183 γένεσθαι
3607 4115 3819 4186 κυρία.

2228 4208 2333 4279 κὴν
2379 4207 2572 4278 ἑορτὴν
2600 4206 2850 4279 ἑορτάζει
2911 4207 3012 4279 τὴν
3050 4206 3274 4278 μνήμην
3298 4206 3405 4261 τῶν
3438 4208 3611 4275 ἁγίων
3640 4209 3818 4261 Πατέ-

2230 4317 2361 4372 ρων,
2386 4299 2495 4353 τῶν
2532 4298 2637 4371 πρὸ
2662 4299 2757 4353 τοῦ
2789 4299 2981 4371 νόμου,
3007 4299 3056 4353 οἳ
3092 4299 3181 4353 διὰ
3208 4300 3449 4364 πίστεως
3488 4299 3817 4370 ἐδικαιώθη-

2232 4408 2354 4457 σαν,
2386 4391 2484 4445 καὶ⁵
2536 4392 2636 4461 τὴν
2691 4391 2834 4445 κατὰ
2871 4393 3089 4445 Λουκᾶν
3140 4390 3499 4459 γενεαλογίαν
3536 4392 3681 4445 κατὰ
3720 4393 3816 4444 τὸν

2227 4484 2391 4553 νόμον
2420 4483 2674 4555 πατέρων
2705 4483 3123 4555 ὀνομασθέντων
3152 4484 3291 4537 κατὰ
3317 4484 3521 4553 σάρκα,
3551 4485 3646 4537 τοῦ
3674 4485 3814 4555 ἁληο

556 4562 649 4616 Dei
689 4561 859 4616 Filius
899 4566 1130 4618 veritate
1164 4563 1339 4620 fartus
1374 4575 1459 4621 est
1495 4568 1658 4623 homo
1695 4589 1711 4626 ι
1747 4574 1995 4641 sequenti
2022 4589 2125 4627 au-

2235 4573 2337 4638 θῶς
2360 4575 2877 4648 ὲνανθρωπήσαντος
2902 4576 2994 4629 τοῦ
3016 4576 3249 4646 ἀχρόνου
3278 4575 3407 4629 Tim)
3433 4576 3525 4629 τοῦ
3544 4575 3699 4630 Θεοῦ,
3732 4579 3810 4648 Τῇ

553 4664 663 4711 tem
701 4654 1004 4719 Dominica,
1045 4655 1096 4709 id
1127 4665 1233 4719 est,
1260 4673 1382 4726 qme
1412 4661 1671 4728 praecedit
1700 4660 1946 4717 Natalem
1976 4663 2131 4717 Chri-

554 4747 647 4812 sti,
680 4748 1003 4802 memoriam
1046 4758 1488 4817 llllttt'ttpalortlm
1545 4754 1848 4808 secundum
1900 4771 2123 4810 carnem

554 4836 717 4893 Verbi
758 4839 1025 4892 incarnati
1070 4850 1358 4908 parentum
1392 4844 1656 4907 celebrat,
1707 4861 1851 4914 quos
1896 4848 2127 4914 praecla-

553 4945 650 4984 rus
678 4930 972 4986 Matthaeus
1001 4946 1029 4984 a
1058 4932 1445 5001 superioribus
1476 4934 1541 4987 ad
1568 4937 1851 5003 proximos
1880 4939 2118 4993 texenda

553 5022 768 5077 Domini
802 5025 1123 5095 genealogia
1162 5034 1431 5081 recenset.

622 5115 733 5172 llas
766 5131 898 5185 ergo
926 5118 1217 5185 praeclaras
1248 5132 1312 5172 ac
1354 5134 1585 5189 magnas
1610 5118 1979 5183 celebritates,
2014 5120 2124 5175 Na-

553 5207 801 5271 tivitatis,
836 5207 1098 5277 Baptismi
1149 5224 1213 5263 ac
1280 5209 1744 5275 Resurrectionis,
1786 5228 1853 5267 ne
1901 5214 2123 5267 delicia-

553 5312 677 5352 mus
713 5297 868 5354 festis
907 5298 1122 5369 gaudiis
1155 5316 1434 5369 peragere.
1462 5302 1554 5357 llre
1576 5303 1779 5373 quippe
1811 5313 1941 5359 sunt
2003 5323 2125 5378 qua:

554 5389 888 5446 ianovarunt
920 5402 1221 5448 vcteratam
1276 5404 1531 5449 naturam
1564 5396 1870 5452 hominum.
1907 5399 2123 5455 Idcirco

551 5495 771 5549 semper.
794 5496 860 5536 ac
886 5497 985 5552 per
1015 5485 1200 5555 omnia
1241 5484 1415 5541 festos
1447 5486 1501 5540 in
1538 5488 1620 5544 eis
1649 5499 1981 5553 conventus,
2012 5507 2121 5546 non

554 5573 741 5625 szccnli
794 5589 965 5638 more,
1014 5576 1109 5629 sed
1153 5592 1367 5631 summa
1403 5580 1638 5648 quadam
1693 5581 2009 5649 honestate,
2068 5585 2120 5637 in

550 5663 921 5717 exsultatione
945 5666 1234 5735 agitemus.
1265 5666 1409 5731 Quin
1446 5678 1499 5724 et
1536 5670 1719 5733 modo,
1760 5681 1818 5725 ut
1856 5671 1909 5725 in
1957 5672 2122 5727 domo

550 5754 810 5823 alicujus,
840 5754 1033 5810 eadem
1074 5755 1162 5811 die
1193 5759 1522 5824 celebretur,
1554 5776 1679 5814 cum
1719 5759 1927 5817 Natalis
1981 5764 2118 5827 dies,

558 5850 674 5898 tum
711 5846 1152 5916 inaugurationis
1184 5847 1237 5901 in
1265 5864 1465 5918 regem,
1510 5851 1655 5905 haud
1687 5868 1990 5922 congruum
2024 5855 2119 5909 de-

2228 4667 2285 4719 δὲ
2317 4666 2545 4738 δευτέρᾳ
2569 4669 2844 4739 κυριακῇ,
2871 4668 3039 4737 ἦγουν
3060 4667 3167 4738 πρὸ
3188 4670 3287 4739 τῆς
3317 4667 3558 4738 Χριστοῦ
3606 4668 3811 4739 Γεννή-

2229 4776 2385 4823 νεως,
2417 4760 2529 4813 τῶν
2581 4760 2833 4831 πατέρων
2886 4759 2987 4831 τὴν
3028 4764 3251 4831 μνήμην
3300 4761 3468 4824 τελεῖ,
3519 4761 3632 4813 τῶν
3668 4762 3813 4813 κατὰ

2230 4850 2407 4920 σάρκα
2432 4849 2843 4922 ὀνομασθέντων
2869 4851 2962 4905 τοῦ
2993 4852 3371 4921 σαρκωθέντος
3414 4852 3612 4919 Λόγου,
3650 4852 3746 4915 οὓς
3783 4856 3813 4905 ό

2226 4942 2469 5013 ἀοίδιμος
2501 4942 2781 5007 Ματθαίος
2813 4943 3128 5014 γενεαλογεῖ
3163 4943 3369 4995 ἄνωθεν
3405 4943 3578 4996 κάτω.
3678 5003 3682 5006 ς

2279 5104 2515 5186 ’Ταύτας
2544 5124 2725 5177 τοίνυν
2754 5124 2851 5187 τὰς
2879 5123 3071 5193 ἑορτὰς
3098 5123 3364 5192 λαμπρὰς
3398 5124 3494 5176 καὶ
3541 5121 3809 5192 μεγάλας,

2223 5220 2322 5288 τῆς
2353 5217 2680 5287 Γεννήσεως,
2712 5216 2801 5269 τοῦ
2834 5218 3240 5287 Βαπτίσματος.
3282 5216 3376 5269 καὶ
3415 5217 3518 5287 τῆς
3553 5216 3812 5269 Αναστά.

2228 5325 2363 5371 σεως
2416 5308 2490 5377 μὴ
2550 5309 2952 5378 έκκακήσωμεν
3016 5308 3322 5378 ἑορτάζειν.
3371 5304 3543 5363 Αὗται
3606 5310 3715 5377 γὰρ
3751 5308 3811 5361 αἱ

2225 5401 2692 5470 καινουργῆσασαι
2721 5401 2819 5467 τρὴν
2856 5401 3265 5455 παλαιωθεῖσαν
3302 5402 3468 5470 φύσιν
3494 5403 3674 5472 ἡμῶν.
3705 5404 3812 5456 Διά

2224 5492 2381 5546 τοῦτο
2412 5491 2501 5544 ἀεὶ
2552 5492 2648 5544 καὶ
2675 5492 2763 5545 διὰ
2798 5492 3019 5555 παντὸς,
3053 5494 3111 5545 ὲν
3146 5493 3465 5561 ἀγαλλιάσει
3493 5494 3808 5563 πανηγυρίο

2225 5581 2408 5650 ζωμεν
2445 5583 2501 5631 ἐν
2535 5580 2745 5642 αὐταῖς,
2774 5581 2835 5634 οὺ
2883 5581 3186 5651 κοσμικώς,
3243 5580 3358 5633 ἀλλ’
3392 5581 3803 5653 ὑπερκοσμὶως.

2223 5674 2331 5727 Καὶ
2358 5671 2476 5739 νῦν,
2503 5673 2631 5725 ὅταν
2660 5674 2742 5731 εἰς
2780 5672 2927 5725 οἶκόν
2961 5691 3129 5736 τινος,
3173 5672 3271 5743 τὴν
3308 5672 3523 5743 ἡμέραν
3577 5673 3673 5725 τοῦ
3713 5673 3811 5725 Γε-

2220 5765 2453 5831 νεθλίου,
2487 5766 2583 5819 καὶ
2618 5766 2717 5833 τὴν
2748 5766 2964 5835 ἡμέραν
2995 5766 3089 5818 τοῦ
3122 5764 3479 5834 ὲγοκαινισμοῦ
3511 5764 3611 5832 τῆς
3644 5763 3806 5834 βασι-

2222 5855 2392 5919 λείας,
2431 5856 2488 5908 ὲν
2515 5856 2612 5926 μιᾷ
2648 5856 2832 5926 ἡμέρᾳ
2856 5856 3198 5909 τενλὲσιυςιψ
3252 5856 3351 5925 οὐχ
3384 5856 3638 5925 ἁρμόσει,
3678 5856 3803 5908 οὐδὲ
