4130 6404
251 401 389 484 ιιιο

1275 422 1373 487 DE
1413 426 1647 488 FESTO
1686 420 1817 489 DIE
1855 425 2132 494 NA’I‘ALI
2173 431 2468 501 DOMINL
2525 505 2528 508 ,

3376 419 3511 494 1450

248 535 564 608 διαπρέψει.
611 537 735 591 Ἐάν
763 538 944 611 πατὴρ
991 538 1052 592 τὸ
1082 539 1368 611 βάπτισμα
1394 543 1491 596 καὶ
1522 542 1614 596 τὸν
1645 543 1824 614 γάμον

1945 561 2172 620 :ensque
2203 551 2494 620 videatur;
2539 560 2598 607 ut
2631 558 2815 608 autem
2853 556 3031 622 pater,
3067 546 3233 602 unius
3265 543 3376 600 diei
3400 544 3512 598 ciri-

248 627 344 683 τοῦ
375 628 708 699 προσφιλοῦς
744 629 864 682 υίοῦ
901 631 1139 704 ἐορτάσῃ
1162 667 1177 697 ,
1237 631 1333 685 ἐὰν
1377 632 1435 685 ἐν
1495 635 1591 704 μιᾷ
1618 635 1825 707 ἡμέρᾳ,

249 720 353 774 οὐκ
379 720 527 774 ἐστιν
555 721 779 786 ἄτοπον,
809 721 934 775 οὐδὲ
963 723 1216 792 ἀπρεπές
1241 740 1256 756 ο
1307 725 1360 777 εί
1393 723 1488 778 καὶ
1507 724 1595 777 διά
1638 724 1828 779 πενίαν

251 811 414 867 τοῦτο
451 813 693 884 ποιήσει,
721 812 946 883 ἄριστόν
975 814 1144 876 ἐστιν,
1167 814 1234 868 ἂν
1261 814 1421 868 τοῦτο
1445 817 1502 868 ἐν
1527 817 1626 887 μιᾷ
1646 816 1831 888 ἡμέρᾳ

252 905 476 978 ποιήσῃ,
500 903 534 974 ἢ
559 903 674 959 δύο.
722 905 787 957 Ἢ
812 901 908 958 οῦν
942 905 1076 974 ἁγία
1106 904 1432 977 Ἐκκλησία,
1471 907 1519 960 εί
1566 907 1664 960 καὶ
1708 908 1830 961 τότε

253 997 484 1051 ἐπὶτῶν
509 996 826 1053 ἀποστόλων
867 1000 926 1052 ἐν
957 998 1202 1070 πτωχείᾳ
1235 999 1474 1070 ὑπῆρχε,
1499 999 1589 1053 διά
1619 1000 1718 1067 τάς
1749 1002 1832 1053 αἱ·

257 1088 439 1160 ρέσεις
467 1087 580 1142 τῶν
613 1089 954 1156 φιλονείκων,
992 1090 1090 1144 καὶ
1119 1091 1522 1155 ἐπαναστάσεις
1567 1091 1710 1144 κατά
1734 1091 1834 1162 τῆς

255 1181 429 1252 ὀρθῆς
463 1181 722 1249 πίστεως,
764 1181 860 1238 καὶ
892 1182 985 1237 διά
1010 1184 1138 1247 τοὺς
1171 1173 1423 1247 ἐθνικοῦς
1454 1185 1551 1238 καὶ
1571 1184 1834 1247 ἀπίστους

258 1272 523 1344 βασιλεῖς,
555 1274 652 1328 καὶ
681 1272 773 1327 διὰ
793 1273 919 1338 τοὺς
939 1274 1234 1345 διωγμοὺς,
1267 1275 1361 1328 καὶ
1387 1274 1478 1328 διὰ
1513 1273 1612 1346 τὴν
1633 1273 1837 1346 θρασύ-

257 1383 400 1439 τητα
433 1366 542 1421 τῶν
569 1366 856 1433 Ἰουδαίων,
879 1367 929 1420 οἲ
955 1366 1144 1438 ὥσπερ
1175 1366 1398 1438 κύματα
1427 1366 1706 1438 θαλάσσης
1735 1385 1835 1421 πε-

263 1459 638 1530 ριεκύκλωσαν
657 1458 754 1514 νῦν
795 1459 855 1512 δέ
885 1459 1120 1513 πλουσία
1139 1459 1309 1524 ἐστὶν,
1339 1459 1529 1528 ἐπειδὴ
1555 1461 1635 1523 εις
1659 1459 1836 1515 πάντα

259 1552 355 1607 τὸν
379 1551 588 1621 κόσμον
612 1549 902 1622 ἐξηπλὼοη
918 1551 980 1604 τὸ
1005 1549 1363 1618 Εύαγγέλιον,
1388 1552 1484 1604 καὶ
1518 1551 1682 1622 μέχρι
1707 1568 1836 1621 τερ-

265 1644 453 1715 μάτων
473 1643 572 1713 τῆς
597 1643 701 1714 γῆς
733 1641 968 1712 ἔφθασεν
987 1641 1016 1695 ὁ
1040 1630 1197 1711 λόγος
1222 1640 1321 1714 τῆς
1350 1641 1633 1712 ἀληθείας.
1681 1639 1838 1696 Ἐπεὶ

261 1733 322 1789 δὲ
351 1733 492 1805 μετά
523 1733 812 1806 τριακόσια
845 1733 942 1804 ἐτη
975 1731 1248 1804 ἐχώρισαν
1287 1733 1351 1786 τδ
1404 1734 1598 1804 Πάσχα
1645 1734 1712 1788 ἐκ
1741 1733 1838 1788 τοῦ

275 1823 577 1883 Ἰουδαϊκοῦ
597 1833 612 1859 ³
647 1825 911 1890 ὡσαύτως
933 1826 1027 1880 καὶ
1053 1825 1148 1881 νῦν
1169 1825 1268 1898 τὴν
1286 1819 1503 1898 ἡμέραν
1541 1825 1650 1880 τῶν
1678 1826 1839 1880 Γενε-

263 1920 431 1974 θλίων
487 1919 585 1974 καὶ
625 1919 722 1974 τοῦ
751 1919 1130 1990 βαπτίσματος
1184 1894 1540 1991 ἑορτάζομεν,
1599 1918 1840 1990 ἑκάστην
1873 1894 1916 1949 Β

262 2011 599 2085 τελουμένην
626 2015 686 2067 ἐν
718 2015 784 2084 τῇ
813 1998 919 2084 ἱδίᾲ
939 2011 1147 2084 ἡμέρᾳ,
1169 2011 1264 2066 καὶ
1287 2011 1428 2082 μετά
1460 2011 1683 2066 τελείων
1711 2013 1841 2066 ἀνα.

262 2105 633 2175 γνωσμάτων,
665 2105 980 2176 τροπαρίων
1012 2103 1109 2157 καὶ⁵
1161 2102 1436 2168 κανόνων,
1465 2103 1560 2156 τοῦ
1594 2093 1714 2168 ἐνὸς
1747 2103 1842 2157 καὶ

264 2196 364 2250 τοῦ
397 2193 563 2249 αὐτοῦ
589 2195 796 2265 Κυρίου
825 2193 983 2264 ἡμῶν
1021 2187 1195 2262 Ἰησοῦ
1216 2191 1457 2264 Χριστοῦ
1483 2209 1498 2223 ο
1523 2192 1620 2247 καὶ
1647 2193 1746 2264 οὐχ
1767 2193 1842 2257 ὡς

278 2287 537 2355 Ἰωάννης
561 2285 589 2338 ὁ
615 2284 1044 2355 Μαυροκομίτης
1077 2284 1380 2356 ἀπατηθεὶς
1407 2287 1708 2356 κατηγορεῖ
1743 2285 1842 2355 τῆς

277 2378 632 2450 Ἐκκλησίας,
686 2377 782 2430 καὶ
819 2376 1075 2448 φλυαρῶν
1111 2375 1382 2446 ἔφασκεν
1441 2377 1525 2430 ὅτι
1570 2377 1639 2430 δι’
1669 2379 1844 2432 ἐκεῖνο

265 2471 644 2541 κατεμέρισαν
672 2471 754 2534 είς
775 2469 903 2540 τρία
925 2468 1024 2541 τὴν
1067 2468 1197 2540 μίαν
1228 2467 1448 2540 ἑορτὴν,
1479 2469 1564 2523 ὃτι
1611 2470 1705 2523 καὶ
1752 2469 1844 2524 τὸν

264 2553 506 2631 Χριστὸν
527 2557 670 2614 κατά
701 2559 1000 2630 Νεστόριον
1049 2558 1244 2613 διεῖλον
1297 2560 1380 2622 είς
1424 2557 1518 2612 δύο
1549 2558 1840 2628 πρόσωπα.

276 2637 476 2723 ’Ἡμεῖς
501 2651 558 2707 δὲ
592 2651 1067 2723 άναθεματίζομεν
1095 2651 1410 2723 Νεστόριον,
1441 2652 1518 2716 ὡς
1559 2651 1842 2723 ἅνθρωποι

265 2744 586 2816 παραδότην
618 2755 667 2810 ο,
703 2743 798 2800 καὶ
828 2743 920 2798 τὸν
947 2743 1162 2815 Εὐτυχῆ
1184 2743 1279 2798 καὶ
1303 2743 1615 2808 ’ἰουλιανδν,
1641 2743 1846 2797 καὶτὸν
1891 2751 1903 2772 ‘

265 2837 702 2909 Μαυροκομίτην
734 2825 991 2910 Ἰωάννην
1026 2837 1121 2891 τὸν
1155 2836 1461 2907 σύμϐουλον
1493 2836 1680 2891 αύτοῦι

345 3115 457 3170 Καὶ
499 3115 517 3154 ί
549 3115 709 3186 ἡμεῖς
747 3113 839 3168 τὸν
873 3113 1078 3187 Κύριον
1108 3114 1363 3184 ἀληθινὸν
1399 3113 1536 3170 Θεὸν
1566 3115 1724 3187 ἡμῶν
1752 3119 1847 3172 καὶ

1931 641 2077 707 culo,
2128 641 2321 698 dilecti
2355 644 2452 699 lilii
2500 644 2774 716 baptisma
2825 641 3036 714 pariter
3065 648 3230 708 atque
3287 632 3512 705 nuptias

1929 735 2201 803 celebret,
2253 737 2392 792 nihil
2435 737 2705 793 absonum
2758 737 2854 802 sit,
2910 745 3004 790 aut
3034 733 3225 788 minus
3257 730 3511 786 decens:

1931 835 2094 898 alque
2127 837 2188 884 ut
2230 836 2456 900 propter
2521 836 2896 900 paupertatem
2938 825 3103 882 faciat
3128 865 3145 890 ,
3175 823 3340 894 plane
3371 826 3516 891 prae-'-

1930 920 2103 975 stabit
2159 927 2218 974 ut
2252 921 2362 975 unci
2389 917 2575 992 potius
2616 921 2781 990 quam
2813 919 3028 974 duobus
3062 916 3258 972 diebus
3301 927 3415 968 rem
3434 910 3516 965 las

1936 1012 2069 1065 ciat.
2102 1010 2306 1066 Sancta
2335 1026 2467 1082 ergo
2494 1010 2774 1073 Ecclesia,
2796 1021 3115 1079 quanquam
3154 1004 3258 1060 sub
3292 1009 3515 1071 aposto-

1935 1103 2005 1158 lis
2032 1117 2244 1174 pauper
2273 1105 2510 1165 exstitit.
2544 1109 2774 1174 propter
2798 1098 3138 1156 contentioni
3175 1092 3512 1153 studentiu'm

1935 1195 2194 1260 haereses,
2218 1209 2283 1249 ac
2305 1209 2402 1250 eos
2438 1195 2532 1266 qui
2565 1192 2733 1249 rectzé
2756 1183 2879 1246 ﬁdei
2903 1183 3354 1252 adversarentur,
3386 1196 3516 1239 nec-

1935 1301 2045 1340 non
2069 1290 2295 1357 propter
2315 1301 2475 1359 reges
2500 1285 2759 1341 ethnicos
2780 1299 2845 1339 ac
2873 1282 3149 1344 inﬁdeles,
3179 1279 3514 1351 propterque

1937 1375 2120 1434 illatas
2145 1377 2589 1448 perseeutiones,
2620 1391 2685 1430 ac
2724 1384 2948 1447 propter
2992 1371 3310 1428 Judzeorum
3342 1369 3514 1424 auda-

1937 1465 2102 1534 ciam,
2140 1469 2348 1540 quibus
2395 1483 2496 1525 ceu
2551 1467 2815 1529 ﬂuctibus
2868 1465 3042 1521 maris
3081 1463 3518 1532 circumquaque

1937 1559 2162 1630 obsepta
2200 1567 2321 1615 erat
2362 1573 2378 1612 :
2431 1572 2582 1614 nunc
2631 1566 2814 1614 tamen
2864 1556 3024 1612 dires
3075 1562 3181 1621 est,
3239 1553 3515 1624 siquidem

1941 1649 2295 1721 Evangelium
2318 1651 2654 1721 explicatum
2678 1660 2766 1706 est
2787 1649 2841 1703 in
2871 1646 3138 1702 mundum
3165 1645 3514 1710 universum,

1941 1757 2236 1812 sermoque
2271 1743 2526 1798 veritatis
2565 1741 2811 1812 pervasit
2857 1754 3036 1810 usque
3068 1735 3136 1792 ad
3172 1737 3309 1792 lines
3336 1738 3514 1790 terrae.

1942 1833 2081 1900 Quia
2122 1840 2252 1904 ergo
2307 1837 2431 1903 post
2481 1839 2658 1889 annos
2694 1832 2974 1888 trecentos
3001 1827 3380 1885 Christianum
3412 1823 3518 1882 Pa-

1943 1923 2073 1980 scha
2103 1940 2132 1978 a
2159 1923 2390 1980 Judaico
2416 1923 2775 1996 separarent,
2801 1923 2993 1980 eadem
3022 1936 3173 1977 nunc
3187 1921 3410 1991 quoque
3430 1933 3520 1974 ra-

1944 2020 2118 2081 tione,
2150 2017 2532 2074 Natalitlorum
2559 2017 2704 2073 diem
2728 2031 2792 2071 ac
2817 2014 3188 2086 baptismatis.
3206 2029 3310 2071 suo
3330 2027 3520 2084 quem»

1945 2125 2053 2178 que
2087 2124 2150 2165 ac
2179 2110 2402 2179 proprio
2449 2108 2561 2173 die,
2622 2123 2685 2163 ac
2751 2123 2876 2163 cum
2939 2105 3202 2178 perlectis
3265 2105 3520 2161 lectionis

1947 2200 2073 2263 bus,
2107 2199 2479 2271 modulisque,
2511 2214 2575 2255 ac
2609 2198 2942 2258 canunibus,
2978 2196 3144 2252 unius
3177 2210 3244 2251 ac
3275 2194 3518 2265 ejusdem

1946 2289 2161 2347 Domini
2199 2291 2375 2347 nostri
2403 2288 2534 2347 Jesu
2589 2289 2826 2354 Christi,
2859 2288 3054 2344 le'SIiVe
3103 2287 3342 2344 colimus
3374 2303 3389 2340 :
3421 2297 3522 2339 nec

1946 2398 2098 2447 vero,
2133 2383 2211 2438 uti
2239 2389 2432 2439 erro‘re
2464 2382 2733 2453 deceptus
2760 2379 3004 2437 Joannes
3037 2379 3132 2436 ille
3157 2377 3525 2434 Mauroeomi.

1948 2482 2032 2530 tes
2054 2473 2364 2536 Ecclesiam
2398 2473 2772 2545 reprehendit,
2805 2485 2869 2527 ac
2907 2483 3124 2541 nugaris
3157 2469 3241 2524 ait
3267 2486 3283 2526 :
3310 2467 3523 2522 Idcirco

1947 2566 2350 2623 solemnitatem
2383 2578 2550 2620 unam
2589 2563 2646 2618 in
2686 2571 2798 2618 tres
2832 2562 3024 2634 partiti
3076 2571 3230 2626 sunt,
3287 2559 3415 2630 quia
3469 2562 3524 2612 et

1945 2658 2224 2716 Christum
2263 2655 2600 2712 Nestoriano
2633 2656 2827 2711 errore
2861 2653 2918 2709 in
2948 2651 3088 2709 duas
3133 2653 3405 2723 periphas
3431 2648 3522 2703 dis

1947 2752 2219 2807 riserunt;
2245 2749 2360 2806 Nos
2390 2747 2667 2820 siquidem
2690 2747 2983 2802 anathema
3002 2744 3258 2802 Nestorio
3285 2737 3525 2798 dicimus

1948 2852 2213 2914 tanquam
2243 2841 2490 2897 hominis
2527 2839 2835 2903 adoratori,
2878 2837 3158 2906 simulque
3209 2829 3522 2905 Eutyclieti,

1945 2942 2002 2990 et
2044 2933 2306 2998 Iuliano,
2379 2932 2612 3004 ejusque
2680 2929 3047 2984 conciliorum
3103 2926 3261 2981 socio
3326 2921 3524 2980 Joannl

1949 3027 2377 3082 Mauroeomitae.

2017 3112 2366 3174 Conlltemur
2394 3124 2578 3173 autem
2618 3114 2911 3170 Dominum
2960 3112 3153 3167 verum
3219 3105 3391 3165 Deum
3424 3109 3527 3162 Ilio.

207 3245 210 3247 λ
268 3199 562 3280 ἃνθρωπον
586 3194 816 3270 τέλειον,
846 3207 980 3264 Θεὸν
1009 3210 1074 3262 ἐκ
1097 3207 1256 3272 Θεοῦ,
1275 3208 1392 3277 φῶς
1415 3209 1572 3279 ἅγιον
1599 3210 1660 3275 ἐξ
1687 3210 1847 3282 ἀχρό.

1957 3219 2160 3274 strum,
2208 3219 2376 3280 atque
2403 3207 2682 3265 hominem
2714 3204 3047 3277 perlectum,
3081 3201 3253 3256 Deum
3290 3199 3360 3255 de
3391 3198 3526 3262 lien,

272 3305 369 3353 νου
396 3299 592 3368 φωτὸς,
628 3301 690 3352 ἐκ
722 3298 817 3368 τοῦ
844 3299 1059 3369 Πατρὸς
1090 3298 1424 3368 γεννηθέντα
1454 3298 1566 3371 πρὸ
1587 3299 1697 3353 τῶν
1722 3301 1854 3354 αίώιέ

272 3405 406 3452 νων,
436 3389 529 3442 καὶ
562 3389 627 3441 ἐκ
655 3388 754 3458 τῆς
778 3386 941 3456 ἁγίας
965 3388 1248 3460 Παρθένου
1284 3387 1390 3442 ὑπὸ
1413 3389 1605 3459 χρόνον
1626 3389 1855 3460 γενόμεο

275 3494 370 3534 νον
399 3479 614 3550 ἀληθῶς
641 3479 946 3550 ἄνθρωπον.
993 3481 1106 3551 Ούχ
1137 3467 1257 3550 ὂῆν
1295 3479 1619 3554 μεταϐαλὼν
1670 3481 1855 3552 (ἄτρε-

278 3585 414 3632 πτος
436 3571 547 3640 γὰρ
577 3571 610 3640 ἡ
644 3567 863 3637 θεότης,
893 3569 1163 3632 συναῖδιος
1181 3569 1258 3640 τῷ
1287 3571 1486 3642 Πατρὶ,
1504 3571 1599 3624 καὶ
1631 3570 1858 3643 σύνθροι

279 3659 469 3732 νοςτῷ
507 3660 646 3732 ἁγίῳ
672 3655 995 3732 Πνεύματι),
1021 3660 1137 3714 ἀλλ’
1168 3660 1198 3714 ὃ
1246 3663 1348 3716 οὐκ
1382 3656 1452 3734 ἦν
1497 3662 1855 3735 προσέλαϐεν.

295 3752 355 3806 Ὁ
390 3751 672 3824 άχὼρητος
706 3752 960 3824 ἐχωρήθη
987 3767 1001 3782 ·
1034 3753 1279 3818 καταϐάς
1302 3753 1361 3821 ἐξ
1403 3752 1638 3826 οὐρανοῦ
1687 3755 1857 3826 ἐσαρ-

283 3843 438 3915 κώθη
475 3840 538 3897 ἐκ
567 3841 668 3914 τῆς
719 3833 877 3911 ἁγίας
910 3836 1217 3913 Παρθένου,
1254 3846 1349 3899 καὶ
1377 3845 1650 3917 ἐγεννήθη
1676 3848 1756 3910 είς
1798 3847 1866 3900 τὸη

285 3933 441 4003 ἅγιον
475 3933 735 4004 σπήλαιον
755 3950 768 3964 °
793 3923 1095 4004 ἐϐαπτίσθη
1126 3934 1185 3986 ἐν
1219 3934 1480 4006 Ἰορδάνῃ,
1509 3936 1858 4008 ἐσταυρώθη,

284 4026 462 4096 ἐτάφη
483 4044 496 4058 ·
525 4026 764 4090 ἀναστὰς
795 4025 1074 4098 ἀνελήφθη
1099 4027 1180 4090 είς
1200 4026 1292 4080 τὸν
1317 4027 1571 4098 οὐρανὸν,
1603 4032 1700 4083 καὶ
1730 4029 1862 4082 ἐκά-

285 4113 437 4170 θισεν
455 4118 533 4200 ἐκ
547 4117 737 4182 δεξιῶν
770 4107 864 4171 τοῦ
889 4115 1102 4190 Πατρός
1121 4137 1133 4152 ·
1167 4119 1448 4175 ἐλεύσεται
1474 4121 1532 4174 δέ
1561 4123 1746 4191 κρῖναι
1769 4121 1862 4176 τὸν

286 4213 494 4284 κόσμον
523 4214 580 4268 έν
612 4211 928 4288 δικαιοσύνῃ
949 4231 961 4245 ·
996 4217 1146 4288 αύτῷ
1187 4219 1222 4290 ὴ
1243 4217 1392 4284 δόξα,
1427 4220 1523 4272 σὺν
1553 4219 1630 4289 τῷ
1662 4219 1858 4288 ﬂat-pl,

288 4307 385 4358 καὶ
415 4301 490 4375 τῷ
518 4305 659 4378 ἁγίῳ
681 4307 980 4378 Πνεύματι,
1009 4310 1090 4373 είς
1111 4310 1238 4373 τοὺς
1265 4311 1491 4373 αἰῶνας.
1517 4311 1713 4380 Ἀμήν.

1957 3310 2214 3360 sanctum
2241 3302 2426 3357 lumen
2463 3301 2529 3357 de
2548 3303 2759 3356 aeterno
2786 3297 3016 3362 lumine,
3047 3309 3111 3350 ex
3146 3293 3309 3348 Patre
3338 3298 3530 3346 natum

1955 3403 2082 3451 ante
2105 3394 2329 3458 saecula,
2351 3391 2678 3462 laetumque
2699 3394 2804 3447 sub
2831 3396 3082 3459 tempore
3097 3393 3226 3441 vere
3248 3385 3529 3440 hominem

1954 3503 2020 3543 ex
2047 3494 2240 3542 sancta
2261 3484 2507 3554 Virgine.
2538 3481 2657 3538 Non
2689 3481 2883 3536 amisit
2909 3477 3056 3550 quod
3087 3483 3230 3532 erat.
3256 3474 3393 3530 Nam
3415 3473 3530 3530 deis

1956 3587 2043 3634 tas
2077 3577 2438 3632 imitationem
2468 3590 2579 3629 non
2614 3573 2848 3643 recipit:
2881 3576 3195 3626 coaeternus
3227 3566 3432 3629 Patris,
3465 3579 3532 3620 ac

1955 3667 2141 3726 eadem
2172 3667 2432 3724 sublimis
2470 3666 2601 3723 sede
2635 3681 2762 3722 eum
2789 3670 2986 3721 sancto
3018 3661 3228 3733 Spiritu
3258 3677 3272 3714 :
3309 3659 3407 3714 sed
3438 3672 3532 3713 as-

1955 3759 2191 3830 sumpsit
2226 3759 2373 3827 quod
2412 3773 2520 3812 non
2552 3767 2695 3812 erait
2739 3755 2842 3823 Qui
2877 3755 3002 3826 capi
3036 3767 3145 3808 non
3173 3757 3417 3822 poterat,
3449 3749 3533 3805 fea-

1954 3851 2032 3905 cit
2071 3859 2132 3905 ut
2190 3859 2504 3920 caperetur.
2555 3846 2914 3902 Descendens
2964 3845 3032 3899 de
3075 3844 3251 3908 coelo,
3307 3854 3534 3896 carnem

1956 3940 2194 4012 sumpsit
2221 3955 2289 3996 ex
2323 3949 2514 3996 sancta
2554 3936 2804 4009 Virgine,
2834 3950 2901 3992 ae
2936 3936 2994 3990 in
3025 3945 3186 3991 saera
3228 3946 3400 4004 specu
3435 3945 3534 3986 na.

1957 4040 2048 4090 tus
2074 4039 2181 4088 est.
2215 4031 2536 4103 Baptizatus
2566 4040 2652 4088 est
2678 4031 2733 4084 in
2774 4028 3040 4094 Iordane,
3083 4025 3411 4085 cruciﬁxus.
3442 4035 3534 4078 se;

1961 4123 2168 4194 pultus.
2186 4122 2324 4178 Cum
2342 4122 2761 4184 resurrexisset,
2784 4128 3106 4189 assumptus
3126 4125 3212 4175 est
3233 4119 3289 4171 in
3311 4115 3532 4179 cutlu‘m,

1960 4217 2210 4288 seditque
2240 4217 2308 4273 ad
2336 4217 2622 4272 dexteram
2645 4201 2829 4270 Patris
2855 4231 2870 4270 ι
2894 4220 3164 4269 venturus
3184 4207 3538 4278 estjudicare

1959 4311 2226 4365 mundum
2278 4310 2334 4364 in
2383 4309 2619 4380 iustitia.
2677 4307 2786 4378 lpsi
2836 4305 3017 4377 gloria
3051 4318 3181 4360 cum
3235 4301 3400 4358 Patre
3465 4310 3529 4352 ac

1959 4411 2150 4458 sancto
2181 4401 2386 4472 Spiritu
2423 4401 2478 4456 in
2510 4400 2732 4456 saecula.
2756 4399 2953 4454 Amen.

1555 4571 1791 4634 VARIXE
1822 4573 2232 4634 LECTIONES.

404 4673 532 4729 σῖσ.
553 4674 1037 4749 ἀνθρωπολάτρην,
1118 4672 1138 4713 ί
1163 4674 1326 4730 131x.
1358 4671 1771 4744 προσκυνοῦμεν
1791 4713 1805 4730 .
1841 4671 1994 4740 ἢτοι,
2030 4668 2253 4742 ὁμολογ.

634 5884 903 5945 iurant.
933 5879 1052 5941 Gs.
1094 5878 1292 5941 XCVI.

3155 5866 3231 5932 ιθ
