  <div class='ocr_page' id='page_1' title='image "/cluster/home/n/w/nwhite01/storage/ocr_20150623/96/hvd.32044019208065/731.png"; bbox 0 0 4130 6468; ppageno 0'>
   <div class='ocr_carea' id='block_1_1' title="bbox 571 488 3866 535">
    <p class='ocr_par' dir='ltr' id='par_1_1' title="bbox 572 488 3865 535">
     <span class='ocr_line' id='line_1_1' title="bbox 572 488 3865 535; baseline -0.001 -1"><span class='ocrx_word' id='word_1_1' title='bbox 572 488 3865 535; x_wconf 62' lang='grc'><strong>----</strong></span> 
     </span>
    </p>
   </div>
   <div class='ocr_carea' id='block_1_2' title="bbox 2156 672 2247 729">
    <p class='ocr_par' dir='ltr' id='par_1_2' title="bbox 2156 672 2247 729">
     <span class='ocr_line' id='line_1_2' title="bbox 2156 672 2247 729; baseline 0.011 -1"><span class='ocrx_word' id='word_1_2' title='bbox 2156 672 2247 729; x_wconf 85' lang='lat' dir='ltr'><strong>DE</strong></span> 
     </span>
    </p>
   </div>
   <div class='ocr_carea' id='block_1_3' title="bbox 1366 870 3035 1004">
    <p class='ocr_par' dir='ltr' id='par_1_3' title="bbox 1366 870 3035 1004">
     <span class='ocr_line' id='line_1_3' title="bbox 1366 870 3035 1004; baseline 0.001 -4"><span class='ocrx_word' id='word_1_3' title='bbox 1366 876 1439 1000; x_wconf 89' lang='lat' dir='ltr'><strong>J</strong></span> <span class='ocrx_word' id='word_1_4' title='bbox 1451 871 1657 1002; x_wconf 90' lang='grc' dir='ltr'><strong>ΟΑ</strong></span> <span class='ocrx_word' id='word_1_5' title='bbox 1677 875 1776 999; x_wconf 87' lang='grc' dir='ltr'><strong>Ν</strong></span> <span class='ocrx_word' id='word_1_6' title='bbox 1784 870 2037 1000; x_wconf 82' lang='lat' dir='ltr'><strong>NIS</strong></span> <span class='ocrx_word' id='word_1_7' title='bbox 2121 871 3035 1004; x_wconf 70' lang='lat' dir='ltr'><strong>EUBtEENSIS</strong></span> 
     </span>
    </p>
   </div>
   <div class='ocr_carea' id='block_1_4' title="bbox 942 1166 3512 1288">
    <p class='ocr_par' dir='ltr' id='par_1_4' title="bbox 942 1166 3512 1288">
     <span class='ocr_line' id='line_1_4' title="bbox 942 1166 3512 1288; baseline -0.001 -26"><span class='ocrx_word' id='word_1_8' title='bbox 942 1166 1568 1288; x_wconf 79' lang='lat' dir='ltr'><strong>OBATIONE</strong></span> <span class='ocrx_word' id='word_1_9' title='bbox 1660 1171 1785 1261; x_wconf 86' lang='lat' dir='ltr'><strong>IN</strong></span> <span class='ocrx_word' id='word_1_10' title='bbox 1898 1166 2845 1263; x_wconf 87' lang='lat' dir='ltr'><strong>CONCEPTIONEM</strong></span> <span class='ocrx_word' id='word_1_11' title='bbox 2949 1166 3512 1260; x_wconf 66' lang='lat' dir='ltr'><strong>DEIPARIE</strong></span> 
     </span>
    </p>
   </div>
   <div class='ocr_carea' id='block_1_5' title="bbox 1753 1410 2682 1530">
    <p class='ocr_par' dir='ltr' id='par_1_5' title="bbox 1753 1410 2682 1530">
     <span class='ocr_line' id='line_1_5' title="bbox 1753 1410 2682 1530; baseline -0.004 -3"><span class='ocrx_word' id='word_1_12' title='bbox 1753 1410 2682 1530; x_wconf 74' lang='lat' dir='ltr'><strong>MONITUM.</strong></span> 
     </span>
    </p>
   </div>
   <div class='ocr_carea' id='block_1_6' title="bbox 1414 1623 3034 1692">
    <p class='ocr_par' dir='ltr' id='par_1_6' title="bbox 1414 1623 3034 1692">
     <span class='ocr_line' id='line_1_6' title="bbox 1414 1623 3034 1692; baseline -0.001 -16"><span class='ocrx_word' id='word_1_13' title='bbox 1414 1626 1538 1688; x_wconf 82' lang='lat' dir='ltr'><strong>(Ant</strong></span> <span class='ocrx_word' id='word_1_14' title='bbox 1557 1627 1857 1687; x_wconf 63' lang='lat' dir='ltr'><strong>.Bauzanu,</strong></span> <span class='ocrx_word' id='word_1_15' title='bbox 1884 1625 2088 1692; x_wconf 79' lang='lat' dir='ltr'><strong>Sytloge</strong></span> <span class='ocrx_word' id='word_1_16' title='bbox 2112 1630 2550 1687; x_wconf 81' lang='lat' dir='ltr'><strong>monumentorum,</strong></span> <span class='ocrx_word' id='word_1_17' title='bbox 2585 1633 2710 1687; x_wconf 89' lang='lat' dir='ltr'><strong>etc.,</strong></span> <span class='ocrx_word' id='word_1_18' title='bbox 2734 1631 2772 1676; x_wconf 87' lang='lat' dir='ltr'><strong>t.</strong></span> <span class='ocrx_word' id='word_1_19' title='bbox 2797 1627 2903 1689; x_wconf 90' lang='lat' dir='ltr'><strong>l.p.</strong></span> <span class='ocrx_word' id='word_1_20' title='bbox 2928 1623 3034 1689; x_wconf 79' lang='lat'><strong>56.)</strong></span> 
     </span>
    </p>
   </div>
   <div class='ocr_carea' id='block_1_7' title="bbox 575 1796 2218 1862">
    <p class='ocr_par' dir='ltr' id='par_1_7' title="bbox 575 1796 2218 1862">
     <span class='ocr_line' id='line_1_7' title="bbox 575 1796 2218 1862; baseline -0.001 -16"><span class='ocrx_word' id='word_1_21' title='bbox 575 1796 755 1862; x_wconf 81' lang='lat' dir='ltr'><strong>§l-IV.</strong></span> <span class='ocrx_word' id='word_1_22' title='bbox 779 1825 837 1862; x_wconf 51' lang='grc' dir='ltr'><strong>-ῖ</strong></span> <span class='ocrx_word' id='word_1_23' title='bbox 861 1796 937 1847; x_wconf 91' lang='lat' dir='ltr'><strong>De</strong></span> <span class='ocrx_word' id='word_1_24' title='bbox 958 1796 1210 1862; x_wconf 71' lang='lat' dir='ltr'><strong>codicibus</strong></span> <span class='ocrx_word' id='word_1_25' title='bbox 1246 1797 1372 1862; x_wconf 75' lang='lat' dir='ltr'><strong>hanc</strong></span> <span class='ocrx_word' id='word_1_26' title='bbox 1413 1798 1691 1862; x_wconf 79' lang='lat' dir='ltr'><strong>orationem</strong></span> <span class='ocrx_word' id='word_1_27' title='bbox 1733 1796 2142 1862; x_wconf 76' lang='lat' dir='ltr'><strong>continentibus.</strong></span> <span class='ocrx_word' id='word_1_28' title='bbox 2158 1825 2218 1862; x_wconf 63' lang='grc' dir='ltr'><strong>-ςς</strong></span> 
     </span>
    </p>
   </div>
   <div class='ocr_carea' id='block_1_8' title="bbox 2240 1796 3868 1861">
    <p class='ocr_par' dir='ltr' id='par_1_8' title="bbox 2240 1796 3868 1861">
     <span class='ocr_line' id='line_1_8' title="bbox 2240 1796 3868 1861; baseline 0.006 -19"><span class='ocrx_word' id='word_1_29' title='bbox 2240 1796 2349 1860; x_wconf 84' lang='lat' dir='ltr'><strong>§V.</strong></span> <span class='ocrx_word' id='word_1_30' title='bbox 2378 1797 2452 1847; x_wconf 91' lang='lat' dir='ltr'><strong>De</strong></span> <span class='ocrx_word' id='word_1_31' title='bbox 2482 1798 2697 1846; x_wconf 83' lang='lat' dir='ltr'><strong>auctoris</strong></span> <span class='ocrx_word' id='word_1_32' title='bbox 2734 1801 2881 1847; x_wconf 79' lang='lat' dir='ltr'><strong>aetate</strong></span> <span class='ocrx_word' id='word_1_33' title='bbox 2914 1802 2969 1847; x_wconf 88' lang='lat' dir='ltr'><strong>et</strong></span> <span class='ocrx_word' id='word_1_34' title='bbox 3016 1797 3520 1861; x_wconf 18' lang='lat' dir='ltr'><strong>praestantia.4Allatii</strong></span> <span class='ocrx_word' id='word_1_35' title='bbox 3555 1801 3868 1861; x_wconf 73' lang='lat' dir='ltr'><strong>conjectum</strong></span> 
     </span>
    </p>
   </div>
   <div class='ocr_carea' id='block_1_9' title="bbox 639 1856 3869 1925">
    <p class='ocr_par' dir='ltr' id='par_1_9' title="bbox 639 1856 3869 1925">
     <span class='ocr_line' id='line_1_9' title="bbox 639 1856 3869 1925; baseline 0.002 -19"><span class='ocrx_word' id='word_1_36' title='bbox 639 1860 1030 1925; x_wconf 63' lang='lat' dir='ltr'><strong>expenditurge</strong></span> <span class='ocrx_word' id='word_1_37' title='bbox 1055 1856 1345 1925; x_wconf 66' lang='lat' dir='ltr'><strong>Qamascerti</strong></span> <span class='ocrx_word' id='word_1_38' title='bbox 1366 1858 2006 1925; x_wconf 6' lang='lat' dir='ltr'><strong>nomiuepauctori&#39;trihuto.</strong></span> <span class='ocrx_word' id='word_1_39' title='bbox 2042 1861 2153 1925; x_wconf 79' lang='lat'><strong>-_—§</strong></span> <span class='ocrx_word' id='word_1_40' title='bbox 2179 1856 2263 1908; x_wconf 79' lang='lat' dir='ltr'><strong>v1:</strong></span> <span class='ocrx_word' id='word_1_41' title='bbox 2285 1861 2373 1925; x_wconf 81' lang='lat' dir='ltr'><strong>De</strong></span> <span class='ocrx_word' id='word_1_42' title='bbox 2395 1861 2983 1925; x_wconf 46' lang='lat' dir='ltr'><strong>veterumubomiliarum</strong></span> <span class='ocrx_word' id='word_1_43' title='bbox 3018 1856 3072 1925; x_wconf 78' lang='lat' dir='ltr'><strong>in</strong></span> <span class='ocrx_word' id='word_1_44' title='bbox 3105 1859 3489 1925; x_wconf 73' lang='lat' dir='ltr'><strong>(‘ouceptionem</strong></span> <span class='ocrx_word' id='word_1_45' title='bbox 3519 1856 3756 1925; x_wconf 69' lang='lat' dir='ltr'><strong>Deipire</strong></span> <span class='ocrx_word' id='word_1_46' title='bbox 3781 1869 3869 1913; x_wconf 83' lang='lat' dir='ltr'><strong>in-</strong></span> 
     </span>
    </p>
   </div>
   <div class='ocr_carea' id='block_1_10' title="bbox 635 1919 3870 1986">
    <p class='ocr_par' dir='ltr' id='par_1_10' title="bbox 635 1919 3870 1986">
     <span class='ocr_line' id='line_1_10' title="bbox 635 1919 3870 1986; baseline 0.002 -17"><span class='ocrx_word' id='word_1_47' title='bbox 635 1919 771 1986; x_wconf 80' lang='lat' dir='ltr'><strong>dole.</strong></span> <span class='ocrx_word' id='word_1_48' title='bbox 799 1920 1133 1986; x_wconf 74' lang='lat' dir='ltr'><strong>—-§Vll._l)e</strong></span> <span class='ocrx_word' id='word_1_49' title='bbox 1174 1922 1393 1986; x_wconf 83' lang='lat' dir='ltr'><strong>historia</strong></span> <span class='ocrx_word' id='word_1_50' title='bbox 1424 1919 1705 1970; x_wconf 86' lang='lat' dir='ltr'><strong>Nativitatis</strong></span> <span class='ocrx_word' id='word_1_51' title='bbox 1752 1921 1805 1970; x_wconf 91' lang='lat' dir='ltr'><strong>B.</strong></span> <span class='ocrx_word' id='word_1_52' title='bbox 1852 1919 2149 1986; x_wconf 61' lang='lat' dir='ltr'><strong>Y._Jacobo&#39;</strong></span> <span class='ocrx_word' id='word_1_53' title='bbox 2171 1924 2398 1983; x_wconf 85' lang='lat' dir='ltr'><strong>ascripta.</strong></span> <span class='ocrx_word' id='word_1_54' title='bbox 2445 1920 2553 1984; x_wconf 64' lang='grc' dir='ltr'><strong>-ἓ</strong></span> <span class='ocrx_word' id='word_1_55' title='bbox 2600 1921 2730 1972; x_wconf 81' lang='lat' dir='ltr'><strong>Vlll.</strong></span> <span class='ocrx_word' id='word_1_56' title='bbox 2755 1924 2832 1972; x_wconf 82' lang='lat' dir='ltr'><strong>An</strong></span> <span class='ocrx_word' id='word_1_57' title='bbox 2871 1924 3122 1986; x_wconf 86' lang='lat' dir='ltr'><strong>quidpiam</strong></span> <span class='ocrx_word' id='word_1_58' title='bbox 3162 1919 3445 1973; x_wconf 71' lang='lat' dir='ltr'><strong>auctoritati</strong></span> <span class='ocrx_word' id='word_1_59' title='bbox 3484 1919 3690 1976; x_wconf 75' lang='lat' dir='ltr'><strong>Patrum</strong></span> <span class='ocrx_word' id='word_1_60' title='bbox 3741 1928 3870 1977; x_wconf 73' lang='lat' dir='ltr'><strong>inde</strong></span> 
     </span>
    </p>
   </div>
   <div class='ocr_carea' id='block_1_11' title="bbox 632 1982 2120 2047">
    <p class='ocr_par' dir='ltr' id='par_1_11' title="bbox 632 1982 2120 2047">
     <span class='ocr_line' id='line_1_11' title="bbox 632 1982 2120 2047; baseline 0.002 -16"><span class='ocrx_word' id='word_1_61' title='bbox 632 1982 897 2045; x_wconf 73' lang='lat' dir='ltr'><strong>depereat,</strong></span> <span class='ocrx_word' id='word_1_62' title='bbox 915 1983 1046 2047; x_wconf 83' lang='lat' dir='ltr'><strong>quod</strong></span> <span class='ocrx_word' id='word_1_63' title='bbox 1066 1983 1191 2032; x_wconf 89' lang='lat' dir='ltr'><strong>hanc</strong></span> <span class='ocrx_word' id='word_1_64' title='bbox 1222 1984 1477 2033; x_wconf 75' lang='lat' dir='ltr'><strong>historiam</strong></span> <span class='ocrx_word' id='word_1_65' title='bbox 1502 1994 1595 2032; x_wconf 90' lang='lat' dir='ltr'><strong>ceu</strong></span> <span class='ocrx_word' id='word_1_66' title='bbox 1618 1994 1781 2033; x_wconf 86' lang='lat' dir='ltr'><strong>veram</strong></span> <span class='ocrx_word' id='word_1_67' title='bbox 1813 1982 2120 2034; x_wconf 74' lang='lat' dir='ltr'><strong>admiserint.</strong></span> 
     </span>
    </p>
   </div>
   <div class='ocr_carea' id='block_1_12' title="bbox 650 2321 3868 2397">
    <p class='ocr_par' dir='ltr' id='par_1_12' title="bbox 650 2321 3868 2397">
     <span class='ocr_line' id='line_1_12' title="bbox 650 2321 3868 2397; baseline 0.001 -22"><span class='ocrx_word' id='word_1_68' title='bbox 650 2321 691 2376; x_wconf 92' lang='grc' dir='ltr'><strong>Ι.</strong></span> <span class='ocrx_word' id='word_1_69' title='bbox 724 2321 956 2380; x_wconf 81' lang='lat' dir='ltr'><strong>Joannis</strong></span> <span class='ocrx_word' id='word_1_70' title='bbox 984 2322 1314 2380; x_wconf 68' lang='lat' dir='ltr'><strong>Euboeensis</strong></span> <span class='ocrx_word' id='word_1_71' title='bbox 1360 2324 1672 2381; x_wconf 86' lang='lat' dir='ltr'><strong>orationem</strong></span> <span class='ocrx_word' id='word_1_72' title='bbox 1701 2328 1759 2379; x_wconf 84' lang='lat' dir='ltr'><strong>in</strong></span> <span class='ocrx_word' id='word_1_73' title='bbox 1809 2324 2162 2395; x_wconf 84' lang='lat' dir='ltr'><strong>Conceptione</strong></span> <span class='ocrx_word' id='word_1_74' title='bbox 2191 2330 2237 2387; x_wconf 84' lang='lat' dir='ltr'><strong>A</strong></span> <span class='ocrx_word' id='word_1_75' title='bbox 2266 2325 2737 2397; x_wconf 80' lang='lat' dir='ltr'><strong>conscripserant.</strong></span> <span class='ocrx_word' id='word_1_76' title='bbox 2794 2324 2901 2381; x_wconf 85' lang='lat' dir='ltr'><strong>Sed</strong></span> <span class='ocrx_word' id='word_1_77' title='bbox 2958 2324 3177 2383; x_wconf 88' lang='lat' dir='ltr'><strong>ardenti</strong></span> <span class='ocrx_word' id='word_1_78' title='bbox 3223 2324 3526 2396; x_wconf 62' lang='lat' dir='ltr'><strong>praesertim</strong></span> <span class='ocrx_word' id='word_1_79' title='bbox 3571 2324 3868 2381; x_wconf 88' lang='lat' dir='ltr'><strong>desiderio</strong></span> 
     </span>
    </p>
   </div>
   <div class='ocr_carea' id='block_1_13' title="bbox 582 2412 2161 2486">
    <p class='ocr_par' dir='ltr' id='par_1_13' title="bbox 582 2412 2161 2486">
     <span class='ocr_line' id='line_1_13' title="bbox 582 2412 2161 2486; baseline 0.004 -19"><span class='ocrx_word' id='word_1_80' title='bbox 582 2412 829 2481; x_wconf 69' lang='lat' dir='ltr'><strong>Deiparw</strong></span> <span class='ocrx_word' id='word_1_81' title='bbox 890 2415 1044 2485; x_wconf 83' lang='lat' dir='ltr'><strong>prelo</strong></span> <span class='ocrx_word' id='word_1_82' title='bbox 1070 2414 1182 2486; x_wconf 86' lang='lat' dir='ltr'><strong>jam</strong></span> <span class='ocrx_word' id='word_1_83' title='bbox 1226 2426 1525 2486; x_wconf 85' lang='lat' dir='ltr'><strong>paraverat</strong></span> <span class='ocrx_word' id='word_1_84' title='bbox 1576 2416 1688 2472; x_wconf 87' lang='lat' dir='ltr'><strong>Leo</strong></span> <span class='ocrx_word' id='word_1_85' title='bbox 1746 2416 2007 2481; x_wconf 87' lang='lat' dir='ltr'><strong>Allatius,</strong></span> <span class='ocrx_word' id='word_1_86' title='bbox 2053 2434 2161 2473; x_wconf 90' lang='lat' dir='ltr'><strong>una</strong></span> 
     </span>
    </p>
   </div>
   <div class='ocr_carea' id='block_1_14' title="bbox 582 2507 2168 2580">
    <p class='ocr_par' dir='ltr' id='par_1_14' title="bbox 582 2507 2168 2580">
     <span class='ocr_line' id='line_1_14' title="bbox 582 2507 2168 2580; baseline 0.003 -19"><span class='ocrx_word' id='word_1_87' title='bbox 582 2523 709 2562; x_wconf 87' lang='lat' dir='ltr'><strong>cum</strong></span> <span class='ocrx_word' id='word_1_88' title='bbox 766 2507 1053 2564; x_wconf 85' lang='lat' dir='ltr'><strong>nonnullis</strong></span> <span class='ocrx_word' id='word_1_89' title='bbox 1092 2510 1220 2565; x_wconf 90' lang='lat' dir='ltr'><strong>aliis</strong></span> <span class='ocrx_word' id='word_1_90' title='bbox 1279 2511 1569 2580; x_wconf 85' lang='lat' dir='ltr'><strong>opusculis</strong></span> <span class='ocrx_word' id='word_1_91' title='bbox 1619 2511 1813 2567; x_wconf 73' lang='lat' dir='ltr'><strong>Grmce</strong></span> <span class='ocrx_word' id='word_1_92' title='bbox 1845 2526 1909 2566; x_wconf 92' lang='lat' dir='ltr'><strong>ac</strong></span> <span class='ocrx_word' id='word_1_93' title='bbox 1972 2512 2168 2566; x_wconf 89' lang='lat' dir='ltr'><strong>Latine</strong></span> 
     </span>
    </p>
   </div>
   <div class='ocr_carea' id='block_1_15' title="bbox 582 2599 2168 2675">
    <p class='ocr_par' dir='ltr' id='par_1_15' title="bbox 582 2599 2168 2675">
     <span class='ocr_line' id='line_1_15' title="bbox 582 2599 2168 2675; baseline 0.002 -18"><span class='ocrx_word' id='word_1_94' title='bbox 582 2599 836 2668; x_wconf 83' lang='lat' dir='ltr'><strong>edendis,</strong></span> <span class='ocrx_word' id='word_1_95' title='bbox 883 2616 1125 2673; x_wconf 88' lang='lat' dir='ltr'><strong>quorum</strong></span> <span class='ocrx_word' id='word_1_96' title='bbox 1178 2602 1465 2657; x_wconf 89' lang='lat' dir='ltr'><strong>elenchum</strong></span> <span class='ocrx_word' id='word_1_97' title='bbox 1513 2603 1657 2675; x_wconf 87' lang='lat' dir='ltr'><strong>apud</strong></span> <span class='ocrx_word' id='word_1_98' title='bbox 1713 2604 2032 2660; x_wconf 82' lang='lat' dir='ltr'><strong>Michaelem</strong></span> <span class='ocrx_word' id='word_1_99' title='bbox 2094 2605 2168 2660; x_wconf 92' lang='lat' dir='ltr'><strong>Le</strong></span> 
     </span>
    </p>
   </div>
   <div class='ocr_carea' id='block_1_16' title="bbox 584 2691 2169 2769">
    <p class='ocr_par' dir='ltr' id='par_1_16' title="bbox 584 2691 2169 2769">
     <span class='ocr_line' id='line_1_16' title="bbox 584 2691 2169 2769; baseline 0.004 -23"><span class='ocrx_word' id='word_1_100' title='bbox 584 2691 767 2757; x_wconf 82' lang='lat' dir='ltr'><strong>Quien</strong></span> <span class='ocrx_word' id='word_1_101' title='bbox 798 2693 991 2749; x_wconf 82' lang='lat' dir='ltr'><strong>videre</strong></span> <span class='ocrx_word' id='word_1_102' title='bbox 1036 2693 1165 2749; x_wconf 91' lang='lat' dir='ltr'><strong>licet</strong></span> <span class='ocrx_word' id='word_1_103' title='bbox 1200 2694 1300 2765; x_wconf 82' lang='lat' dir='ltr'><strong>(l).</strong></span> <span class='ocrx_word' id='word_1_104' title='bbox 1337 2694 1563 2762; x_wconf 83' lang='lat' dir='ltr'><strong>Verum,</strong></span> <span class='ocrx_word' id='word_1_105' title='bbox 1592 2697 1741 2769; x_wconf 92' lang='lat' dir='ltr'><strong>quod</strong></span> <span class='ocrx_word' id='word_1_106' title='bbox 1771 2700 1840 2753; x_wconf 88' lang='lat' dir='ltr'><strong>ab</strong></span> <span class='ocrx_word' id='word_1_107' title='bbox 1862 2699 2053 2754; x_wconf 90' lang='lat' dir='ltr'><strong>eodem</strong></span> <span class='ocrx_word' id='word_1_108' title='bbox 2085 2700 2169 2753; x_wconf 87' lang='lat' dir='ltr'><strong>di-</strong></span> 
     </span>
    </p>
   </div>
   <div class='ocr_carea' id='block_1_17' title="bbox 585 2780 2169 2862">
    <p class='ocr_par' dir='ltr' id='par_1_17' title="bbox 585 2780 2169 2862">
     <span class='ocr_line' id='line_1_17' title="bbox 585 2780 2169 2862; baseline 0.004 -23"><span class='ocrx_word' id='word_1_109' title='bbox 585 2785 797 2842; x_wconf 87' lang='lat' dir='ltr'><strong>scimus</strong></span> <span class='ocrx_word' id='word_1_110' title='bbox 819 2784 895 2842; x_wconf 90' lang='lat' dir='ltr'><strong>Le</strong></span> <span class='ocrx_word' id='word_1_111' title='bbox 942 2786 1142 2854; x_wconf 84' lang='lat' dir='ltr'><strong>Quien,</strong></span> <span class='ocrx_word' id='word_1_112' title='bbox 1168 2787 1387 2845; x_wconf 83' lang='lat' dir='ltr'><strong>labores</strong></span> <span class='ocrx_word' id='word_1_113' title='bbox 1416 2790 1503 2845; x_wconf 87' lang='lat' dir='ltr'><strong>isti</strong></span> <span class='ocrx_word' id='word_1_114' title='bbox 1527 2790 1789 2845; x_wconf 89' lang='lat' dir='ltr'><strong>Allatiani</strong></span> <span class='ocrx_word' id='word_1_115' title='bbox 1817 2780 2169 2862; x_wconf 86' lang='lat' dir='ltr'><strong>iniquissimo</strong></span> 
     </span>
    </p>
   </div>
   <div class='ocr_carea' id='block_1_18' title="bbox 586 2878 2171 2955">
    <p class='ocr_par' dir='ltr' id='par_1_18' title="bbox 586 2878 2171 2955">
     <span class='ocr_line' id='line_1_18' title="bbox 586 2878 2171 2955; baseline 0.003 -22"><span class='ocrx_word' id='word_1_116' title='bbox 586 2878 705 2934; x_wconf 81' lang='lat' dir='ltr'><strong>fato</strong></span> <span class='ocrx_word' id='word_1_117' title='bbox 735 2880 1155 2937; x_wconf 74' lang='lat' dir='ltr'><strong>interciderunt.</strong></span> <span class='ocrx_word' id='word_1_118' title='bbox 1217 2882 1418 2937; x_wconf 88' lang='lat' dir='ltr'><strong>Narrat</strong></span> <span class='ocrx_word' id='word_1_119' title='bbox 1480 2885 1570 2940; x_wconf 91' lang='lat' dir='ltr'><strong>hic</strong></span> <span class='ocrx_word' id='word_1_120' title='bbox 1620 2885 1835 2940; x_wconf 78' lang='lat' dir='ltr'><strong>scilicet</strong></span> <span class='ocrx_word' id='word_1_121' title='bbox 1890 2886 1969 2955; x_wconf 73' lang='lat'><strong>(2)</strong></span> <span class='ocrx_word' id='word_1_122' title='bbox 2019 2886 2171 2939; x_wconf 78' lang='lat' dir='ltr'><strong>Alla-</strong></span> 
     </span>
    </p>
   </div>
   <div class='ocr_carea' id='block_1_19' title="bbox 587 2973 2169 3049">
    <p class='ocr_par' dir='ltr' id='par_1_19' title="bbox 587 2973 2169 3049">
     <span class='ocr_line' id='line_1_19' title="bbox 587 2973 2169 3049; baseline 0.004 -23"><span class='ocrx_word' id='word_1_123' title='bbox 587 2973 727 3027; x_wconf 81' lang='lat' dir='ltr'><strong>tium</strong></span> <span class='ocrx_word' id='word_1_124' title='bbox 784 2975 1178 3043; x_wconf 81' lang='lat' dir='ltr'><strong>epuseulorum</strong></span> <span class='ocrx_word' id='word_1_125' title='bbox 1237 2992 1430 3031; x_wconf 90' lang='lat' dir='ltr'><strong>eorum</strong></span> <span class='ocrx_word' id='word_1_126' title='bbox 1484 2979 1734 3049; x_wconf 81' lang='lat' dir='ltr'><strong>syllogen</strong></span> <span class='ocrx_word' id='word_1_127' title='bbox 1793 2979 2038 3033; x_wconf 81' lang='lat' dir='ltr'><strong>Auberto</strong></span> <span class='ocrx_word' id='word_1_128' title='bbox 2084 2979 2169 3032; x_wconf 90' lang='lat' dir='ltr'><strong>illi</strong></span> 
     </span>
    </p>
   </div>
   <div class='ocr_carea' id='block_1_20' title="bbox 587 3063 2169 3138">
    <p class='ocr_par' dir='ltr' id='par_1_20' title="bbox 587 3063 2169 3138">
     <span class='ocr_line' id='line_1_20' title="bbox 587 3063 2169 3138; baseline 0.004 -22"><span class='ocrx_word' id='word_1_129' title='bbox 587 3063 898 3118; x_wconf 88' lang='lat' dir='ltr'><strong>liberaliter</strong></span> <span class='ocrx_word' id='word_1_130' title='bbox 966 3066 1366 3132; x_wconf 86' lang='lat' dir='ltr'><strong>transmisisse,</strong></span> <span class='ocrx_word' id='word_1_131' title='bbox 1418 3069 1513 3138; x_wconf 92' lang='lat' dir='ltr'><strong>qui</strong></span> <span class='ocrx_word' id='word_1_132' title='bbox 1540 3069 1927 3124; x_wconf 89' lang='lat' dir='ltr'><strong>demandatam</strong></span> <span class='ocrx_word' id='word_1_133' title='bbox 1969 3083 1998 3122; x_wconf 90' lang='lat' dir='ltr'><strong>a</strong></span> <span class='ocrx_word' id='word_1_134' title='bbox 2036 3069 2169 3124; x_wconf 85' lang='lat' dir='ltr'><strong>cieri</strong></span> 
     </span>
    </p>
   </div>
   <div class='ocr_carea' id='block_1_21' title="bbox 589 3152 2171 3229">
    <p class='ocr_par' dir='ltr' id='par_1_21' title="bbox 589 3152 2171 3229">
     <span class='ocr_line' id='line_1_21' title="bbox 589 3152 2171 3229; baseline 0.004 -20"><span class='ocrx_word' id='word_1_135' title='bbox 589 3152 865 3209; x_wconf 88' lang='lat' dir='ltr'><strong>Gallicani</strong></span> <span class='ocrx_word' id='word_1_136' title='bbox 925 3157 1167 3214; x_wconf 86' lang='lat' dir='ltr'><strong>comitiis</strong></span> <span class='ocrx_word' id='word_1_137' title='bbox 1199 3173 1347 3213; x_wconf 89' lang='lat' dir='ltr'><strong>anno</strong></span> <span class='ocrx_word' id='word_1_138' title='bbox 1376 3159 1516 3214; x_wconf 79' lang='lat' dir='ltr'><strong>l656</strong></span> <span class='ocrx_word' id='word_1_139' title='bbox 1547 3163 1891 3229; x_wconf 86' lang='lat' dir='ltr'><strong>provinciam</strong></span> <span class='ocrx_word' id='word_1_140' title='bbox 1922 3161 2171 3217; x_wconf 88' lang='lat' dir='ltr'><strong>edendo-</strong></span> 
     </span>
    </p>
   </div>
   <div class='ocr_carea' id='block_1_22' title="bbox 589 3250 2169 3325">
    <p class='ocr_par' dir='ltr' id='par_1_22' title="bbox 589 3250 2169 3325">
     <span class='ocr_line' id='line_1_22' title="bbox 589 3250 2169 3325; baseline 0.004 -24"><span class='ocrx_word' id='word_1_141' title='bbox 589 3263 712 3301; x_wconf 88' lang='lat' dir='ltr'><strong>rum</strong></span> <span class='ocrx_word' id='word_1_142' title='bbox 772 3252 1008 3318; x_wconf 87' lang='lat' dir='ltr'><strong>Operum</strong></span> <span class='ocrx_word' id='word_1_143' title='bbox 1054 3250 1117 3305; x_wconf 87' lang='lat' dir='ltr'><strong>S.</strong></span> <span class='ocrx_word' id='word_1_144' title='bbox 1149 3250 1238 3306; x_wconf 58' lang='grc' dir='ltr'><strong>κιο.</strong></span> <span class='ocrx_word' id='word_1_145' title='bbox 1273 3251 1598 3307; x_wconf 86' lang='lat' dir='ltr'><strong>Damasceui</strong></span> <span class='ocrx_word' id='word_1_146' title='bbox 1633 3253 1687 3307; x_wconf 92' lang='lat' dir='ltr'><strong>in</strong></span> <span class='ocrx_word' id='word_1_147' title='bbox 1728 3269 1788 3309; x_wconf 92' lang='lat' dir='ltr'><strong>se</strong></span> <span class='ocrx_word' id='word_1_148' title='bbox 1827 3268 2169 3325; x_wconf 76' lang='lat' dir='ltr'><strong>susceperat,</strong></span> 
     </span>
    </p>
   </div>
   <div class='ocr_carea' id='block_1_23' title="bbox 589 3340 2173 3417">
    <p class='ocr_par' dir='ltr' id='par_1_23' title="bbox 589 3340 2173 3417">
     <span class='ocr_line' id='line_1_23' title="bbox 589 3340 2173 3417; baseline 0.004 -24"><span class='ocrx_word' id='word_1_149' title='bbox 589 3349 651 3394; x_wconf 91' lang='lat' dir='ltr'><strong>ut</strong></span> <span class='ocrx_word' id='word_1_150' title='bbox 713 3340 889 3396; x_wconf 89' lang='lat' dir='ltr'><strong>instar</strong></span> <span class='ocrx_word' id='word_1_151' title='bbox 938 3344 1274 3414; x_wconf 84' lang='lat' dir='ltr'><strong>Appendicis</strong></span> <span class='ocrx_word' id='word_1_152' title='bbox 1329 3344 1396 3399; x_wconf 87' lang='lat' dir='ltr'><strong>ad</strong></span> <span class='ocrx_word' id='word_1_153' title='bbox 1452 3345 1509 3399; x_wconf 91' lang='lat' dir='ltr'><strong>S.</strong></span> <span class='ocrx_word' id='word_1_154' title='bbox 1547 3346 1799 3401; x_wconf 89' lang='lat' dir='ltr'><strong>Doctoris</strong></span> <span class='ocrx_word' id='word_1_155' title='bbox 1830 3347 2039 3417; x_wconf 90' lang='lat' dir='ltr'><strong>scripta</strong></span> <span class='ocrx_word' id='word_1_156' title='bbox 2074 3363 2173 3417; x_wconf 88' lang='lat' dir='ltr'><strong>pu-</strong></span> 
     </span>
    </p>
   </div>
   <div class='ocr_carea' id='block_1_24' title="bbox 589 3432 2170 3503">
    <p class='ocr_par' dir='ltr' id='par_1_24' title="bbox 589 3432 2170 3503">
     <span class='ocr_line' id='line_1_24' title="bbox 589 3432 2170 3503; baseline 0.004 -16"><span class='ocrx_word' id='word_1_157' title='bbox 589 3432 735 3487; x_wconf 82' lang='lat' dir='ltr'><strong>bliea</strong></span> <span class='ocrx_word' id='word_1_158' title='bbox 797 3434 920 3490; x_wconf 90' lang='lat' dir='ltr'><strong>luce</strong></span> <span class='ocrx_word' id='word_1_159' title='bbox 977 3436 1335 3493; x_wconf 87' lang='lat' dir='ltr'><strong>donarentur.</strong></span> <span class='ocrx_word' id='word_1_160' title='bbox 1393 3438 1465 3493; x_wconf 82' lang='lat' dir='ltr'><strong>At</strong></span> <span class='ocrx_word' id='word_1_161' title='bbox 1509 3454 1640 3493; x_wconf 86' lang='lat' dir='ltr'><strong>vero</strong></span> <span class='ocrx_word' id='word_1_162' title='bbox 1681 3439 1811 3493; x_wconf 89' lang='lat' dir='ltr'><strong>dum</strong></span> <span class='ocrx_word' id='word_1_163' title='bbox 1869 3439 2170 3503; x_wconf 81' lang='lat' dir='ltr'><strong>Aubertus,</strong></span> 
     </span>
    </p>
   </div>
   <div class='ocr_carea' id='block_1_25' title="bbox 591 3525 2173 3600">
    <p class='ocr_par' dir='ltr' id='par_1_25' title="bbox 591 3525 2173 3600">
     <span class='ocr_line' id='line_1_25' title="bbox 591 3525 2173 3600; baseline 0.004 -21"><span class='ocrx_word' id='word_1_164' title='bbox 591 3525 720 3580; x_wconf 90' lang='lat' dir='ltr'><strong>aliis</strong></span> <span class='ocrx_word' id='word_1_165' title='bbox 758 3526 912 3583; x_wconf 90' lang='lat' dir='ltr'><strong>curis</strong></span> <span class='ocrx_word' id='word_1_166' title='bbox 946 3527 1243 3595; x_wconf 89' lang='lat' dir='ltr'><strong>distentus,</strong></span> <span class='ocrx_word' id='word_1_167' title='bbox 1289 3545 1467 3600; x_wconf 85' lang='lat' dir='ltr'><strong>neque</strong></span> <span class='ocrx_word' id='word_1_168' title='bbox 1503 3528 1837 3586; x_wconf 79' lang='lat' dir='ltr'><strong>Frauscisco</strong></span> <span class='ocrx_word' id='word_1_169' title='bbox 1900 3531 2173 3586; x_wconf 76' lang='lat' dir='ltr'><strong>(Iombeii-</strong></span> 
     </span>
    </p>
   </div>
   <div class='ocr_carea' id='block_1_26' title="bbox 590 3617 2174 3693">
    <p class='ocr_par' dir='ltr' id='par_1_26' title="bbox 590 3617 2174 3693">
     <span class='ocr_line' id='line_1_26' title="bbox 590 3617 2174 3693; baseline 0.003 -21"><span class='ocrx_word' id='word_1_170' title='bbox 590 3617 698 3682; x_wconf 86' lang='lat' dir='ltr'><strong>sio,</strong></span> <span class='ocrx_word' id='word_1_171' title='bbox 728 3619 848 3689; x_wconf 81' lang='lat' dir='ltr'><strong>qui,</strong></span> <span class='ocrx_word' id='word_1_172' title='bbox 878 3620 1001 3690; x_wconf 91' lang='lat' dir='ltr'><strong>ipso</strong></span> <span class='ocrx_word' id='word_1_173' title='bbox 1041 3631 1345 3686; x_wconf 90' lang='lat' dir='ltr'><strong>annuente,</strong></span> <span class='ocrx_word' id='word_1_174' title='bbox 1398 3622 1527 3677; x_wconf 86' lang='lat' dir='ltr'><strong>huic</strong></span> <span class='ocrx_word' id='word_1_175' title='bbox 1577 3632 1782 3693; x_wconf 74' lang='lat' dir='ltr'><strong>spartae</strong></span> <span class='ocrx_word' id='word_1_176' title='bbox 1840 3621 2174 3678; x_wconf 66' lang='lat' dir='ltr'><strong>adornanda:</strong></span> 
     </span>
    </p>
   </div>
   <div class='ocr_carea' id='block_1_27' title="bbox 593 3714 2175 3781">
    <p class='ocr_par' dir='ltr' id='par_1_27' title="bbox 593 3714 2175 3781">
     <span class='ocr_line' id='line_1_27' title="bbox 593 3714 2175 3781; baseline 0.004 -17"><span class='ocrx_word' id='word_1_177' title='bbox 593 3725 823 3765; x_wconf 88' lang='lat' dir='ltr'><strong>manum</strong></span> <span class='ocrx_word' id='word_1_178' title='bbox 898 3714 1243 3781; x_wconf 74' lang='lat' dir='ltr'><strong>admoverat,</strong></span> <span class='ocrx_word' id='word_1_179' title='bbox 1330 3716 1665 3772; x_wconf 84' lang='lat' dir='ltr'><strong>transmissa</strong></span> <span class='ocrx_word' id='word_1_180' title='bbox 1723 3716 1829 3770; x_wconf 88' lang='lat' dir='ltr'><strong>sibi</strong></span> <span class='ocrx_word' id='word_1_181' title='bbox 1854 3717 1923 3771; x_wconf 79' lang='lat' dir='ltr'><strong>ab</strong></span> <span class='ocrx_word' id='word_1_182' title='bbox 1971 3717 2175 3770; x_wconf 82' lang='lat' dir='ltr'><strong>Allatio</strong></span> 
     </span>
    </p>
   </div>
   <div class='ocr_carea' id='block_1_28' title="bbox 593 3802 2174 3875">
    <p class='ocr_par' dir='ltr' id='par_1_28' title="bbox 593 3802 2174 3875">
     <span class='ocr_line' id='line_1_28' title="bbox 593 3802 2174 3875; baseline 0.006 -20"><span class='ocrx_word' id='word_1_183' title='bbox 593 3802 859 3872; x_wconf 87' lang='lat' dir='ltr'><strong>opuscula</strong></span> <span class='ocrx_word' id='word_1_184' title='bbox 892 3810 1309 3861; x_wconf 86' lang='lat' dir='ltr'><strong>communicare</strong></span> <span class='ocrx_word' id='word_1_185' title='bbox 1343 3808 1396 3861; x_wconf 92' lang='lat' dir='ltr'><strong>in</strong></span> <span class='ocrx_word' id='word_1_186' title='bbox 1422 3809 1665 3862; x_wconf 88' lang='lat' dir='ltr'><strong>animum</strong></span> <span class='ocrx_word' id='word_1_187' title='bbox 1696 3808 1935 3875; x_wconf 87' lang='lat' dir='ltr'><strong>inducit,</strong></span> <span class='ocrx_word' id='word_1_188' title='bbox 1978 3826 2045 3865; x_wconf 87' lang='lat' dir='ltr'><strong>eo</strong></span> <span class='ocrx_word' id='word_1_189' title='bbox 2082 3826 2174 3865; x_wconf 85' lang='lat' dir='ltr'><strong>res</strong></span> 
     </span>
    </p>
   </div>
   <div class='ocr_carea' id='block_1_29' title="bbox 593 3894 2173 3968">
    <p class='ocr_par' dir='ltr' id='par_1_29' title="bbox 593 3894 2173 3968">
     <span class='ocr_line' id='line_1_29' title="bbox 593 3894 2173 3968; baseline 0.008 -23"><span class='ocrx_word' id='word_1_190' title='bbox 593 3894 836 3958; x_wconf 79' lang='lat' dir='ltr'><strong>devenit,</strong></span> <span class='ocrx_word' id='word_1_191' title='bbox 872 3907 932 3949; x_wconf 90' lang='lat' dir='ltr'><strong>ut</strong></span> <span class='ocrx_word' id='word_1_192' title='bbox 964 3897 1057 3952; x_wconf 93' lang='lat' dir='ltr'><strong>illo</strong></span> <span class='ocrx_word' id='word_1_193' title='bbox 1085 3913 1409 3968; x_wconf 84' lang='lat' dir='ltr'><strong>supremum</strong></span> <span class='ocrx_word' id='word_1_194' title='bbox 1461 3900 1684 3955; x_wconf 86' lang='lat' dir='ltr'><strong>interim</strong></span> <span class='ocrx_word' id='word_1_195' title='bbox 1740 3901 1887 3956; x_wconf 90' lang='lat' dir='ltr'><strong>diem</strong></span> <span class='ocrx_word' id='word_1_196' title='bbox 1912 3902 2173 3966; x_wconf 87' lang='lat' dir='ltr'><strong>obeunte,</strong></span> 
     </span>
    </p>
   </div>
   <div class='ocr_carea' id='block_1_30' title="bbox 595 3988 2175 4066">
    <p class='ocr_par' dir='ltr' id='par_1_30' title="bbox 595 3988 2175 4066">
     <span class='ocr_line' id='line_1_30' title="bbox 595 3988 2175 4066; baseline 0.006 -26"><span class='ocrx_word' id='word_1_197' title='bbox 595 4001 721 4040; x_wconf 81' lang='lat' dir='ltr'><strong>cum</strong></span> <span class='ocrx_word' id='word_1_198' title='bbox 754 3988 981 4058; x_wconf 84' lang='lat' dir='ltr'><strong>reliquis</strong></span> <span class='ocrx_word' id='word_1_199' title='bbox 1008 3988 1128 4060; x_wconf 86' lang='lat' dir='ltr'><strong>ejus</strong></span> <span class='ocrx_word' id='word_1_200' title='bbox 1156 3991 1370 4046; x_wconf 90' lang='lat' dir='ltr'><strong>chartis</strong></span> <span class='ocrx_word' id='word_1_201' title='bbox 1393 3991 1671 4048; x_wconf 80' lang='lat' dir='ltr'><strong>Allatiana</strong></span> <span class='ocrx_word' id='word_1_202' title='bbox 1718 4009 1941 4065; x_wconf 87' lang='lat' dir='ltr'><strong>quoque</strong></span> <span class='ocrx_word' id='word_1_203' title='bbox 1968 3996 2175 4066; x_wconf 88' lang='lat' dir='ltr'><strong>scripta</strong></span> 
     </span>
    </p>
   </div>
   <div class='ocr_carea' id='block_1_31' title="bbox 597 4076 937 4135">
    <p class='ocr_par' dir='ltr' id='par_1_31' title="bbox 597 4076 937 4135">
     <span class='ocr_line' id='line_1_31' title="bbox 597 4076 937 4135; baseline 0.012 -4"><span class='ocrx_word' id='word_1_204' title='bbox 597 4076 937 4135; x_wconf 84' lang='lat' dir='ltr'><strong>interierint.</strong></span> 
     </span>
    </p>
   </div>
   <div class='ocr_carea' id='block_1_32' title="bbox 666 4170 2181 4248">
    <p class='ocr_par' dir='ltr' id='par_1_32' title="bbox 666 4170 2181 4248">
     <span class='ocr_line' id='line_1_32' title="bbox 666 4170 2181 4248; baseline 0.007 -23"><span class='ocrx_word' id='word_1_205' title='bbox 666 4170 731 4226; x_wconf 88' lang='lat' dir='ltr'><strong>ll.</strong></span> <span class='ocrx_word' id='word_1_206' title='bbox 767 4173 899 4229; x_wconf 86' lang='lat' dir='ltr'><strong>Bina</strong></span> <span class='ocrx_word' id='word_1_207' title='bbox 932 4180 1113 4231; x_wconf 87' lang='lat' dir='ltr'><strong>tamen</strong></span> <span class='ocrx_word' id='word_1_208' title='bbox 1139 4190 1319 4247; x_wconf 86' lang='lat' dir='ltr'><strong>eaque</strong></span> <span class='ocrx_word' id='word_1_209' title='bbox 1345 4185 1430 4233; x_wconf 89' lang='lat' dir='ltr'><strong>sat</strong></span> <span class='ocrx_word' id='word_1_210' title='bbox 1464 4177 1677 4248; x_wconf 86' lang='lat' dir='ltr'><strong>prolixa</strong></span> <span class='ocrx_word' id='word_1_211' title='bbox 1708 4179 1955 4236; x_wconf 66' lang='lat' dir='ltr'><strong>homiliaa</strong></span> <span class='ocrx_word' id='word_1_212' title='bbox 2013 4179 2181 4235; x_wconf 79' lang='lat' dir='ltr'><strong>Joan-</strong></span> 
     </span>
    </p>
   </div>
   <div class='ocr_carea' id='block_1_33' title="bbox 597 4264 2181 4343">
    <p class='ocr_par' dir='ltr' id='par_1_33' title="bbox 597 4264 2181 4343">
     <span class='ocr_line' id='line_1_33' title="bbox 597 4264 2181 4343; baseline 0.006 -23"><span class='ocrx_word' id='word_1_213' title='bbox 597 4266 685 4321; x_wconf 89' lang='lat' dir='ltr'><strong>nis</strong></span> <span class='ocrx_word' id='word_1_214' title='bbox 747 4264 1078 4324; x_wconf 70' lang='lat' dir='ltr'><strong>Eubmensis</strong></span> <span class='ocrx_word' id='word_1_215' title='bbox 1123 4279 1451 4340; x_wconf 84' lang='lat' dir='ltr'><strong>supererant</strong></span> <span class='ocrx_word' id='word_1_216' title='bbox 1502 4272 1665 4328; x_wconf 88' lang='lat' dir='ltr'><strong>nobis</strong></span> <span class='ocrx_word' id='word_1_217' title='bbox 1702 4272 2181 4343; x_wconf 78' lang='lat' dir='ltr'><strong>fragmenta,qu</strong></span> 
     </span>
    </p>
   </div>
   <div class='ocr_carea' id='block_1_34' title="bbox 596 4360 2179 4435">
    <p class='ocr_par' dir='ltr' id='par_1_34' title="bbox 596 4360 2179 4435">
     <span class='ocr_line' id='line_1_34' title="bbox 596 4360 2179 4435; baseline 0.004 -22"><span class='ocrx_word' id='word_1_218' title='bbox 596 4360 739 4414; x_wconf 90' lang='lat' dir='ltr'><strong>idem</strong></span> <span class='ocrx_word' id='word_1_219' title='bbox 775 4360 1007 4416; x_wconf 81' lang='lat' dir='ltr'><strong>Allatius</strong></span> <span class='ocrx_word' id='word_1_220' title='bbox 1038 4363 1444 4434; x_wconf 77' lang='lat' dir='ltr'><strong>prolegomenis</strong></span> <span class='ocrx_word' id='word_1_221' title='bbox 1474 4364 1540 4417; x_wconf 83' lang='lat' dir='ltr'><strong>ad</strong></span> <span class='ocrx_word' id='word_1_222' title='bbox 1574 4364 1902 4419; x_wconf 84' lang='lat' dir='ltr'><strong>Damasceni</strong></span> <span class='ocrx_word' id='word_1_223' title='bbox 1932 4364 2112 4435; x_wconf 84' lang='lat' dir='ltr'><strong>Opera</strong></span> <span class='ocrx_word' id='word_1_224' title='bbox 2150 4382 2179 4420; x_wconf 91' lang='lat' dir='ltr'><strong>a</strong></span> 
     </span>
    </p>
   </div>
   <div class='ocr_carea' id='block_1_35' title="bbox 596 4453 2180 4523">
    <p class='ocr_par' dir='ltr' id='par_1_35' title="bbox 596 4453 2180 4523">
     <span class='ocr_line' id='line_1_35' title="bbox 596 4453 2180 4523; baseline 0.002 -15"><span class='ocrx_word' id='word_1_225' title='bbox 596 4467 657 4508; x_wconf 87' lang='lat' dir='ltr'><strong>se</strong></span> <span class='ocrx_word' id='word_1_226' title='bbox 685 4453 914 4523; x_wconf 90' lang='lat' dir='ltr'><strong>paratis,</strong></span> <span class='ocrx_word' id='word_1_227' title='bbox 955 4465 1009 4509; x_wconf 89' lang='lat' dir='ltr'><strong>et</strong></span> <span class='ocrx_word' id='word_1_228' title='bbox 1040 4468 1068 4509; x_wconf 88' lang='lat' dir='ltr'><strong>a</strong></span> <span class='ocrx_word' id='word_1_229' title='bbox 1107 4453 1181 4509; x_wconf 90' lang='lat' dir='ltr'><strong>Le</strong></span> <span class='ocrx_word' id='word_1_230' title='bbox 1208 4453 1387 4521; x_wconf 87' lang='lat' dir='ltr'><strong>Quien</strong></span> <span class='ocrx_word' id='word_1_231' title='bbox 1409 4454 1613 4511; x_wconf 91' lang='lat' dir='ltr'><strong>deinde</strong></span> <span class='ocrx_word' id='word_1_232' title='bbox 1674 4454 1867 4521; x_wconf 88' lang='lat' dir='ltr'><strong>editis,</strong></span> <span class='ocrx_word' id='word_1_233' title='bbox 1925 4457 2180 4512; x_wconf 85' lang='lat' dir='ltr'><strong>inserue-</strong></span> 
     </span>
    </p>
   </div>
   <div class='ocr_carea' id='block_1_36' title="bbox 597 4544 2179 4620">
    <p class='ocr_par' dir='ltr' id='par_1_36' title="bbox 597 4544 2179 4620">
     <span class='ocr_line' id='line_1_36' title="bbox 597 4544 2179 4620; baseline 0.004 -25"><span class='ocrx_word' id='word_1_234' title='bbox 597 4553 686 4598; x_wconf 84' lang='lat' dir='ltr'><strong>rat</strong></span> <span class='ocrx_word' id='word_1_235' title='bbox 733 4546 828 4616; x_wconf 86' lang='grc'><strong>(5).</strong></span> <span class='ocrx_word' id='word_1_236' title='bbox 865 4544 922 4601; x_wconf 91' lang='lat' dir='ltr'><strong>In</strong></span> <span class='ocrx_word' id='word_1_237' title='bbox 972 4563 1096 4617; x_wconf 73' lang='lat' dir='ltr'><strong>quae</strong></span> <span class='ocrx_word' id='word_1_238' title='bbox 1125 4563 1249 4602; x_wconf 90' lang='lat' dir='ltr'><strong>cum</strong></span> <span class='ocrx_word' id='word_1_239' title='bbox 1278 4548 1628 4607; x_wconf 89' lang='lat' dir='ltr'><strong>incidissem.</strong></span> <span class='ocrx_word' id='word_1_240' title='bbox 1659 4549 1925 4604; x_wconf 86' lang='lat' dir='ltr'><strong>demirari</strong></span> <span class='ocrx_word' id='word_1_241' title='bbox 1955 4549 2179 4620; x_wconf 86' lang='lat' dir='ltr'><strong>quidem</strong></span> 
     </span>
    </p>
   </div>
   <div class='ocr_carea' id='block_1_37' title="bbox 600 4637 2179 4712">
    <p class='ocr_par' dir='ltr' id='par_1_37' title="bbox 600 4637 2179 4712">
     <span class='ocr_line' id='line_1_37' title="bbox 600 4637 2179 4712; baseline 0.003 -21"><span class='ocrx_word' id='word_1_242' title='bbox 600 4637 838 4707; x_wconf 86' lang='lat' dir='ltr'><strong>primum</strong></span> <span class='ocrx_word' id='word_1_243' title='bbox 894 4640 1034 4709; x_wconf 70' lang='lat' dir='ltr'><strong>coepi</strong></span> <span class='ocrx_word' id='word_1_244' title='bbox 1088 4639 1608 4705; x_wconf 86' lang='lat' dir='ltr'><strong>luculentissimam,</strong></span> <span class='ocrx_word' id='word_1_245' title='bbox 1650 4656 1817 4711; x_wconf 86' lang='lat' dir='ltr'><strong>quam</strong></span> <span class='ocrx_word' id='word_1_246' title='bbox 1852 4641 2179 4712; x_wconf 68' lang='lat' dir='ltr'><strong>prmierunt,</strong></span> 
     </span>
    </p>
   </div>
   <div class='ocr_carea' id='block_1_38' title="bbox 599 4731 2179 4804">
    <p class='ocr_par' dir='ltr' id='par_1_38' title="bbox 599 4731 2179 4804">
     <span class='ocr_line' id='line_1_38' title="bbox 599 4731 2179 4804; baseline 0.003 -19"><span class='ocrx_word' id='word_1_247' title='bbox 599 4731 669 4787; x_wconf 89' lang='lat' dir='ltr'><strong>de</strong></span> <span class='ocrx_word' id='word_1_248' title='bbox 700 4739 894 4788; x_wconf 87' lang='lat' dir='ltr'><strong>sancta</strong></span> <span class='ocrx_word' id='word_1_249' title='bbox 949 4732 1194 4803; x_wconf 67' lang='lat' dir='ltr'><strong>Deiparaa</strong></span> <span class='ocrx_word' id='word_1_250' title='bbox 1241 4732 1620 4804; x_wconf 86' lang='lat' dir='ltr'><strong>Conceptionc</strong></span> <span class='ocrx_word' id='word_1_251' title='bbox 1656 4734 2025 4800; x_wconf 87' lang='lat' dir='ltr'><strong>sententiam;</strong></span> <span class='ocrx_word' id='word_1_252' title='bbox 2065 4743 2179 4790; x_wconf 90' lang='lat' dir='ltr'><strong>tum</strong></span> 
     </span>
    </p>
   </div>
   <div class='ocr_carea' id='block_1_39' title="bbox 2267 2417 3864 2488">
    <p class='ocr_par' dir='ltr' id='par_1_39' title="bbox 2267 2417 3864 2488">
     <span class='ocr_line' id='line_1_39' title="bbox 2267 2417 3864 2488; baseline 0.002 -18"><span class='ocrx_word' id='word_1_253' title='bbox 2267 2417 2528 2473; x_wconf 89' lang='lat' dir='ltr'><strong>incensus</strong></span> <span class='ocrx_word' id='word_1_254' title='bbox 2572 2433 2734 2485; x_wconf 87' lang='lat' dir='ltr'><strong>sum,</strong></span> <span class='ocrx_word' id='word_1_255' title='bbox 2787 2418 3101 2488; x_wconf 84' lang='lat' dir='ltr'><strong>integram,</strong></span> <span class='ocrx_word' id='word_1_256' title='bbox 3155 2417 3201 2473; x_wconf 91' lang='lat' dir='ltr'><strong>si</strong></span> <span class='ocrx_word' id='word_1_257' title='bbox 3264 2432 3374 2487; x_wconf 90' lang='lat' dir='ltr'><strong>quo</strong></span> <span class='ocrx_word' id='word_1_258' title='bbox 3426 2418 3587 2474; x_wconf 91' lang='lat' dir='ltr'><strong>modo</strong></span> <span class='ocrx_word' id='word_1_259' title='bbox 3639 2417 3767 2473; x_wconf 86' lang='lat' dir='ltr'><strong>ﬁeri</strong></span> <span class='ocrx_word' id='word_1_260' title='bbox 3807 2418 3864 2473; x_wconf 90' lang='lat' dir='ltr'><strong>id</strong></span> 
     </span>
    </p>
   </div>
   <div class='ocr_carea' id='block_1_40' title="bbox 2266 2511 3868 2584">
    <p class='ocr_par' dir='ltr' id='par_1_40' title="bbox 2266 2511 3868 2584">
     <span class='ocr_line' id='line_1_40' title="bbox 2266 2511 3868 2584; baseline 0.002 -21"><span class='ocrx_word' id='word_1_261' title='bbox 2266 2520 2477 2581; x_wconf 84' lang='lat' dir='ltr'><strong>posset,</strong></span> <span class='ocrx_word' id='word_1_262' title='bbox 2536 2513 2847 2567; x_wconf 90' lang='lat' dir='ltr'><strong>orationem</strong></span> <span class='ocrx_word' id='word_1_263' title='bbox 2905 2511 3266 2567; x_wconf 90' lang='lat' dir='ltr'><strong>nanciscendi</strong></span> <span class='ocrx_word' id='word_1_264' title='bbox 3295 2530 3309 2578; x_wconf 89' lang='lat'>;</span> <span class='ocrx_word' id='word_1_265' title='bbox 3346 2511 3490 2582; x_wconf 86' lang='lat' dir='ltr'><strong>quod</strong></span> <span class='ocrx_word' id='word_1_266' title='bbox 3519 2512 3782 2584; x_wconf 83' lang='lat' dir='ltr'><strong>denique</strong></span> <span class='ocrx_word' id='word_1_267' title='bbox 3807 2522 3868 2567; x_wconf 87' lang='lat' dir='ltr'><strong>et</strong></span> 
     </span>
    </p>
   </div>
   <div class='ocr_carea' id='block_1_41' title="bbox 2269 2598 3863 2660">
    <p class='ocr_par' dir='ltr' id='par_1_41' title="bbox 2269 2598 3863 2660">
     <span class='ocr_line' id='line_1_41' title="bbox 2269 2598 3863 2660; baseline 0 -3"><span class='ocrx_word' id='word_1_268' title='bbox 2269 2611 2563 2659; x_wconf 87' lang='lat' dir='ltr'><strong>assecutus</strong></span> <span class='ocrx_word' id='word_1_269' title='bbox 2601 2619 2745 2658; x_wconf 90' lang='lat' dir='ltr'><strong>sum.</strong></span> <span class='ocrx_word' id='word_1_270' title='bbox 2801 2602 2937 2660; x_wconf 85' lang='lat' dir='ltr'><strong>Post</strong></span> <span class='ocrx_word' id='word_1_271' title='bbox 2978 2603 3335 2659; x_wconf 81' lang='lat' dir='ltr'><strong>Lambecium</strong></span> <span class='ocrx_word' id='word_1_272' title='bbox 3386 2605 3531 2659; x_wconf 89' lang='lat' dir='ltr'><strong>enim</strong></span> <span class='ocrx_word' id='word_1_273' title='bbox 3585 2614 3707 2659; x_wconf 87' lang='lat' dir='ltr'><strong>tum</strong></span> <span class='ocrx_word' id='word_1_274' title='bbox 3773 2598 3863 2658; x_wconf 67' lang='lat' dir='ltr'><strong>In.</strong></span> 
     </span>
    </p>
   </div>
   <div class='ocr_carea' id='block_1_42' title="bbox 2268 2693 3863 2766">
    <p class='ocr_par' dir='ltr' id='par_1_42' title="bbox 2268 2693 3863 2766">
     <span class='ocr_line' id='line_1_42' title="bbox 2268 2693 3863 2766; baseline 0.001 -18"><span class='ocrx_word' id='word_1_275' title='bbox 2268 2695 2525 2749; x_wconf 81' lang='lat' dir='ltr'><strong>Albertus</strong></span> <span class='ocrx_word' id='word_1_276' title='bbox 2557 2693 2869 2760; x_wconf 88' lang='lat' dir='ltr'><strong>Fabricius,</strong></span> <span class='ocrx_word' id='word_1_277' title='bbox 2899 2704 3015 2750; x_wconf 90' lang='lat' dir='ltr'><strong>tum</strong></span> <span class='ocrx_word' id='word_1_278' title='bbox 3051 2694 3380 2752; x_wconf 86' lang='lat' dir='ltr'><strong>Guillelmus</strong></span> <span class='ocrx_word' id='word_1_279' title='bbox 3405 2697 3549 2752; x_wconf 83' lang='lat' dir='ltr'><strong>Cave</strong></span> <span class='ocrx_word' id='word_1_280' title='bbox 3574 2695 3863 2766; x_wconf 82' lang='lat' dir='ltr'><strong>duplicem</strong></span> 
     </span>
    </p>
   </div>
   <div class='ocr_carea' id='block_1_43' title="bbox 2270 2779 3865 2859">
    <p class='ocr_par' dir='ltr' id='par_1_43' title="bbox 2270 2779 3865 2859">
     <span class='ocr_line' id='line_1_43' title="bbox 2270 2779 3865 2859; baseline -0.001 -18"><span class='ocrx_word' id='word_1_281' title='bbox 2270 2801 2374 2842; x_wconf 88' lang='lat' dir='ltr'><strong>ms.</strong></span> <span class='ocrx_word' id='word_1_282' title='bbox 2407 2785 2659 2842; x_wconf 62' lang='lat' dir='ltr'><strong>Graecum</strong></span> <span class='ocrx_word' id='word_1_283' title='bbox 2695 2779 2941 2842; x_wconf 79' lang='lat' dir='ltr'><strong>Codicem</strong></span> <span class='ocrx_word' id='word_1_284' title='bbox 2973 2787 3319 2854; x_wconf 88' lang='lat' dir='ltr'><strong>indicabant,</strong></span> <span class='ocrx_word' id='word_1_285' title='bbox 3346 2788 3400 2843; x_wconf 91' lang='lat' dir='ltr'><strong>in</strong></span> <span class='ocrx_word' id='word_1_286' title='bbox 3460 2802 3567 2859; x_wconf 88' lang='lat' dir='ltr'><strong>quo</strong></span> <span class='ocrx_word' id='word_1_287' title='bbox 3621 2787 3865 2841; x_wconf 83' lang='lat' dir='ltr'><strong>homilia</strong></span> 
     </span>
    </p>
   </div>
   <div class='ocr_carea' id='block_1_44' title="bbox 2270 2875 3865 2949">
    <p class='ocr_par' dir='ltr' id='par_1_44' title="bbox 2270 2875 3865 2949">
     <span class='ocr_line' id='line_1_44' title="bbox 2270 2875 3865 2949; baseline -0.003 -17"><span class='ocrx_word' id='word_1_288' title='bbox 2270 2878 2361 2932; x_wconf 90' lang='lat' dir='ltr'><strong>illa</strong></span> <span class='ocrx_word' id='word_1_289' title='bbox 2399 2878 2700 2949; x_wconf 76' lang='lat' dir='ltr'><strong>legebatur.</strong></span> <span class='ocrx_word' id='word_1_290' title='bbox 2736 2885 3035 2947; x_wconf 88' lang='lat' dir='ltr'><strong>utrumque</strong></span> <span class='ocrx_word' id='word_1_291' title='bbox 3094 2890 3279 2933; x_wconf 86' lang='lat' dir='ltr'><strong>autem</strong></span> <span class='ocrx_word' id='word_1_292' title='bbox 3336 2879 3389 2932; x_wconf 89' lang='lat' dir='ltr'><strong>iu</strong></span> <span class='ocrx_word' id='word_1_293' title='bbox 3432 2875 3865 2933; x_wconf 84' lang='lat' dir='ltr'><strong>Vindobonensi</strong></span> 
     </span>
    </p>
   </div>
   <div class='ocr_carea' id='block_1_45' title="bbox 2270 2968 3867 3032">
    <p class='ocr_par' dir='ltr' id='par_1_45' title="bbox 2270 2968 3867 3032">
     <span class='ocr_line' id='line_1_45' title="bbox 2270 2968 3867 3032; baseline -0.003 -7"><span class='ocrx_word' id='word_1_294' title='bbox 2270 2970 2520 3026; x_wconf 72' lang='lat' dir='ltr'><strong>Caesarea</strong></span> <span class='ocrx_word' id='word_1_295' title='bbox 2572 2970 2909 3026; x_wconf 85' lang='lat' dir='ltr'><strong>bibliotheca</strong></span> <span class='ocrx_word' id='word_1_296' title='bbox 2960 2978 3300 3026; x_wconf 82' lang='lat' dir='ltr'><strong>exstantem.</strong></span> <span class='ocrx_word' id='word_1_297' title='bbox 3362 2968 3545 3026; x_wconf 84' lang='lat' dir='ltr'><strong>Facile</strong></span> <span class='ocrx_word' id='word_1_298' title='bbox 3600 2983 3765 3032; x_wconf 84' lang='lat' dir='ltr'><strong>vero,</strong></span> <span class='ocrx_word' id='word_1_299' title='bbox 3805 2976 3867 3021; x_wconf 91' lang='lat' dir='ltr'><strong>ut</strong></span> 
     </span>
    </p>
   </div>
   <div class='ocr_carea' id='block_1_46' title="bbox 2271 3063 3868 3134">
    <p class='ocr_par' dir='ltr' id='par_1_46' title="bbox 2271 3063 3868 3134">
     <span class='ocr_line' id='line_1_46' title="bbox 2271 3063 3868 3134; baseline -0.002 -16"><span class='ocrx_word' id='word_1_300' title='bbox 2271 3063 2551 3133; x_wconf 83' lang='lat' dir='ltr'><strong>exemplar</strong></span> <span class='ocrx_word' id='word_1_301' title='bbox 2574 3063 2704 3119; x_wconf 91' lang='lat' dir='ltr'><strong>inde</strong></span> <span class='ocrx_word' id='word_1_302' title='bbox 2729 3063 3071 3134; x_wconf 88' lang='lat' dir='ltr'><strong>exscriptum</strong></span> <span class='ocrx_word' id='word_1_303' title='bbox 3101 3063 3335 3119; x_wconf 81' lang='lat' dir='ltr'><strong>Romam</strong></span> <span class='ocrx_word' id='word_1_304' title='bbox 3356 3064 3868 3124; x_wconf 85' lang='lat' dir='ltr'><strong>transmitteretur.</strong></span> 
     </span>
    </p>
   </div>
   <div class='ocr_carea' id='block_1_47' title="bbox 2273 3155 3865 3226">
    <p class='ocr_par' dir='ltr' id='par_1_47' title="bbox 2273 3155 3865 3226">
     <span class='ocr_line' id='line_1_47' title="bbox 2273 3155 3865 3226; baseline 0.001 -16"><span class='ocrx_word' id='word_1_305' title='bbox 2273 3157 2341 3211; x_wconf 90' lang='lat' dir='ltr'><strong>ab</strong></span> <span class='ocrx_word' id='word_1_306' title='bbox 2397 3156 2598 3226; x_wconf 77' lang='lat' dir='ltr'><strong>insigni</strong></span> <span class='ocrx_word' id='word_1_307' title='bbox 2673 3155 3019 3212; x_wconf 87' lang='lat' dir='ltr'><strong>humanitate</strong></span> <span class='ocrx_word' id='word_1_308' title='bbox 3077 3157 3298 3212; x_wconf 85' lang='lat' dir='ltr'><strong>obtinui</strong></span> <span class='ocrx_word' id='word_1_309' title='bbox 3365 3156 3485 3211; x_wconf 86' lang='lat' dir='ltr'><strong>Em.</strong></span> <span class='ocrx_word' id='word_1_310' title='bbox 3532 3155 3637 3210; x_wconf 84' lang='lat' dir='ltr'><strong>viri</strong></span> <span class='ocrx_word' id='word_1_311' title='bbox 3699 3155 3865 3213; x_wconf 79' lang='lat' dir='ltr'><strong>card.</strong></span> 
     </span>
    </p>
   </div>
   <div class='ocr_carea' id='block_1_48' title="bbox 2272 3247 3871 3320">
    <p class='ocr_par' dir='ltr' id='par_1_48' title="bbox 2272 3247 3871 3320">
     <span class='ocr_line' id='line_1_48' title="bbox 2272 3247 3871 3320; baseline -0.001 -17"><span class='ocrx_word' id='word_1_312' title='bbox 2272 3248 2533 3313; x_wconf 83' lang='lat' dir='ltr'><strong>Fornari,</strong></span> <span class='ocrx_word' id='word_1_313' title='bbox 2568 3250 2660 3304; x_wconf 84' lang='lat' dir='ltr'><strong>cui</strong></span> <span class='ocrx_word' id='word_1_314' title='bbox 2696 3256 2887 3320; x_wconf 87' lang='lat' dir='ltr'><strong>utpote</strong></span> <span class='ocrx_word' id='word_1_315' title='bbox 2912 3249 3174 3320; x_wconf 66' lang='lat' dir='ltr'><strong>praefecto</strong></span> <span class='ocrx_word' id='word_1_316' title='bbox 3207 3250 3357 3306; x_wconf 88' lang='lat' dir='ltr'><strong>sacri</strong></span> <span class='ocrx_word' id='word_1_317' title='bbox 3391 3249 3615 3304; x_wconf 89' lang='lat' dir='ltr'><strong>concilii</strong></span> <span class='ocrx_word' id='word_1_318' title='bbox 3642 3248 3719 3303; x_wconf 90' lang='lat' dir='ltr'><strong>de</strong></span> <span class='ocrx_word' id='word_1_319' title='bbox 3764 3247 3871 3302; x_wconf 90' lang='lat' dir='ltr'><strong>de-</strong></span> 
     </span>
    </p>
   </div>
   <div class='ocr_carea' id='block_1_49' title="bbox 2276 3340 3870 3413">
    <p class='ocr_par' dir='ltr' id='par_1_49' title="bbox 2276 3340 3870 3413">
     <span class='ocr_line' id='line_1_49' title="bbox 2276 3340 3870 3413; baseline -0.001 -16"><span class='ocrx_word' id='word_1_320' title='bbox 2276 3342 2509 3397; x_wconf 82' lang='lat' dir='ltr'><strong>ﬁnienda</strong></span> <span class='ocrx_word' id='word_1_321' title='bbox 2550 3340 2783 3413; x_wconf 87' lang='lat' dir='ltr'><strong>Deipara</strong></span> <span class='ocrx_word' id='word_1_322' title='bbox 2820 3341 2944 3397; x_wconf 89' lang='lat' dir='ltr'><strong>sine</strong></span> <span class='ocrx_word' id='word_1_323' title='bbox 2998 3342 3123 3398; x_wconf 91' lang='lat' dir='ltr'><strong>labe</strong></span> <span class='ocrx_word' id='word_1_324' title='bbox 3182 3349 3487 3413; x_wconf 90' lang='lat' dir='ltr'><strong>concepta,</strong></span> <span class='ocrx_word' id='word_1_325' title='bbox 3526 3340 3631 3396; x_wconf 91' lang='lat' dir='ltr'><strong>hoc</strong></span> <span class='ocrx_word' id='word_1_326' title='bbox 3690 3356 3870 3413; x_wconf 78' lang='lat' dir='ltr'><strong>nego-</strong></span> 
     </span>
    </p>
   </div>
   <div class='ocr_carea' id='block_1_50' title="bbox 2275 3434 3117 3506">
    <p class='ocr_par' dir='ltr' id='par_1_50' title="bbox 2275 3434 3117 3506">
     <span class='ocr_line' id='line_1_50' title="bbox 2275 3434 3117 3506; baseline 0.002 -18"><span class='ocrx_word' id='word_1_327' title='bbox 2275 3434 2410 3489; x_wconf 90' lang='lat' dir='ltr'><strong>tium</strong></span> <span class='ocrx_word' id='word_1_328' title='bbox 2442 3434 2680 3490; x_wconf 81' lang='lat' dir='ltr'><strong>maxime</strong></span> <span class='ocrx_word' id='word_1_329' title='bbox 2705 3448 2852 3490; x_wconf 82' lang='lat' dir='ltr'><strong>curae</strong></span> <span class='ocrx_word' id='word_1_330' title='bbox 2876 3444 2993 3490; x_wconf 87' lang='lat' dir='ltr'><strong>erat</strong></span> <span class='ocrx_word' id='word_1_331' title='bbox 3018 3434 3117 3506; x_wconf 68' lang='grc'><strong>(4).</strong></span> 
     </span>
    </p>
   </div>
   <div class='ocr_carea' id='block_1_51' title="bbox 2345 3524 3869 3599">
    <p class='ocr_par' dir='ltr' id='par_1_51' title="bbox 2345 3524 3869 3599">
     <span class='ocr_line' id='line_1_51' title="bbox 2345 3524 3869 3599; baseline 0.005 -22"><span class='ocrx_word' id='word_1_332' title='bbox 2345 3524 2434 3580; x_wconf 91' lang='lat' dir='ltr'><strong>Ill.</strong></span> <span class='ocrx_word' id='word_1_333' title='bbox 2467 3525 2670 3581; x_wconf 87' lang='lat' dir='ltr'><strong>Verum</strong></span> <span class='ocrx_word' id='word_1_334' title='bbox 2697 3525 2747 3581; x_wconf 89' lang='lat' dir='ltr'><strong>si</strong></span> <span class='ocrx_word' id='word_1_335' title='bbox 2781 3526 3081 3581; x_wconf 64' lang='lat' dir='ltr'><strong>laetandum</strong></span> <span class='ocrx_word' id='word_1_336' title='bbox 3108 3526 3242 3582; x_wconf 91' lang='lat' dir='ltr'><strong>mihi</strong></span> <span class='ocrx_word' id='word_1_337' title='bbox 3290 3526 3399 3583; x_wconf 82' lang='lat' dir='ltr'><strong>fuit</strong></span> <span class='ocrx_word' id='word_1_338' title='bbox 3447 3529 3595 3599; x_wconf 89' lang='lat' dir='ltr'><strong>quod</strong></span> <span class='ocrx_word' id='word_1_339' title='bbox 3626 3527 3869 3585; x_wconf 82' lang='lat' dir='ltr'><strong>Romam</strong></span> 
     </span>
    </p>
   </div>
   <div class='ocr_carea' id='block_1_52' title="bbox 2275 3618 3871 3689">
    <p class='ocr_par' dir='ltr' id='par_1_52' title="bbox 2275 3618 3871 3689">
     <span class='ocr_line' id='line_1_52' title="bbox 2275 3618 3871 3689; baseline 0.002 -16"><span class='ocrx_word' id='word_1_340' title='bbox 2275 3618 2516 3689; x_wconf 84' lang='lat' dir='ltr'><strong>denique</strong></span> <span class='ocrx_word' id='word_1_341' title='bbox 2556 3618 2903 3688; x_wconf 79' lang='lat' dir='ltr'><strong>pervenisset</strong></span> <span class='ocrx_word' id='word_1_342' title='bbox 2928 3619 3219 3688; x_wconf 89' lang='lat' dir='ltr'><strong>exemplar</strong></span> <span class='ocrx_word' id='word_1_343' title='bbox 3244 3635 3275 3674; x_wconf 92' lang='lat' dir='ltr'><strong>e</strong></span> <span class='ocrx_word' id='word_1_344' title='bbox 3323 3618 3461 3676; x_wconf 77' lang='lat' dir='ltr'><strong>Caes.</strong></span> <span class='ocrx_word' id='word_1_345' title='bbox 3492 3622 3686 3677; x_wconf 87' lang='lat' dir='ltr'><strong>codice</strong></span> <span class='ocrx_word' id='word_1_346' title='bbox 3718 3623 3871 3677; x_wconf 83' lang='lat' dir='ltr'><strong>inter</strong></span> 
     </span>
    </p>
   </div>
   <div class='ocr_carea' id='block_1_53' title="bbox 2278 3710 3869 3785">
    <p class='ocr_par' dir='ltr' id='par_1_53' title="bbox 2278 3710 3869 3785">
     <span class='ocr_line' id='line_1_53' title="bbox 2278 3710 3869 3785; baseline 0.001 -18"><span class='ocrx_word' id='word_1_347' title='bbox 2278 3712 2469 3768; x_wconf 93' lang='lat' dir='ltr'><strong>Theol.</strong></span> <span class='ocrx_word' id='word_1_348' title='bbox 2500 3728 2554 3766; x_wconf 84' lang='grc' dir='ltr'>ιι.</span> <span class='ocrx_word' id='word_1_349' title='bbox 2630 3710 2736 3766; x_wconf 69' lang='grc'><strong>247</strong></span> <span class='ocrx_word' id='word_1_350' title='bbox 2791 3712 3157 3782; x_wconf 87' lang='lat' dir='ltr'><strong>exscriptum,</strong></span> <span class='ocrx_word' id='word_1_351' title='bbox 3207 3713 3417 3769; x_wconf 88' lang='lat' dir='ltr'><strong>additis</strong></span> <span class='ocrx_word' id='word_1_352' title='bbox 3475 3724 3744 3785; x_wconf 69' lang='lat' dir='ltr'><strong>praeterea</strong></span> <span class='ocrx_word' id='word_1_353' title='bbox 3794 3713 3869 3768; x_wconf 83' lang='lat' dir='ltr'><strong>ad</strong></span> 
     </span>
    </p>
   </div>
   <div class='ocr_carea' id='block_1_54' title="bbox 2279 3803 3870 3877">
    <p class='ocr_par' dir='ltr' id='par_1_54' title="bbox 2279 3803 3870 3877">
     <span class='ocr_line' id='line_1_54' title="bbox 2279 3803 3870 3877; baseline -0.001 -17"><span class='ocrx_word' id='word_1_354' title='bbox 2279 3805 2585 3877; x_wconf 74' lang='lat' dir='ltr'><strong>marginem</strong></span> <span class='ocrx_word' id='word_1_355' title='bbox 2624 3804 2957 3860; x_wconf 87' lang='lat' dir='ltr'><strong>lectionibus</strong></span> <span class='ocrx_word' id='word_1_356' title='bbox 2994 3803 3351 3861; x_wconf 87' lang='lat' dir='ltr'><strong>variantibus</strong></span> <span class='ocrx_word' id='word_1_357' title='bbox 3390 3819 3457 3859; x_wconf 82' lang='lat' dir='ltr'><strong>ex</strong></span> <span class='ocrx_word' id='word_1_358' title='bbox 3492 3804 3688 3860; x_wconf 88' lang='lat' dir='ltr'><strong>codice</strong></span> <span class='ocrx_word' id='word_1_359' title='bbox 3715 3805 3870 3859; x_wconf 78' lang='lat' dir='ltr'><strong>inter</strong></span> 
     </span>
    </p>
   </div>
   <div class='ocr_carea' id='block_1_55' title="bbox 2279 3894 3868 3963">
    <p class='ocr_par' dir='ltr' id='par_1_55' title="bbox 2279 3894 3868 3963">
     <span class='ocr_line' id='line_1_55' title="bbox 2279 3894 3868 3963; baseline -0.001 -10"><span class='ocrx_word' id='word_1_360' title='bbox 2279 3897 2420 3953; x_wconf 81' lang='lat' dir='ltr'><strong>Hist.</strong></span> <span class='ocrx_word' id='word_1_361' title='bbox 2447 3898 2646 3953; x_wconf 91' lang='lat' dir='ltr'><strong>eccles.</strong></span> <span class='ocrx_word' id='word_1_362' title='bbox 2674 3913 2733 3952; x_wconf 82' lang='grc' dir='ltr'>ιι.</span> <span class='ocrx_word' id='word_1_363' title='bbox 2766 3897 2897 3963; x_wconf 74' lang='lat' dir='ltr'><strong>1M;</strong></span> <span class='ocrx_word' id='word_1_364' title='bbox 2926 3904 2981 3951; x_wconf 87' lang='lat' dir='ltr'><strong>et</strong></span> <span class='ocrx_word' id='word_1_365' title='bbox 3016 3896 3319 3951; x_wconf 90' lang='lat' dir='ltr'><strong>dolendum</strong></span> <span class='ocrx_word' id='word_1_366' title='bbox 3362 3894 3467 3952; x_wconf 83' lang='lat' dir='ltr'><strong>fuit</strong></span> <span class='ocrx_word' id='word_1_367' title='bbox 3493 3896 3868 3962; x_wconf 89' lang='lat' dir='ltr'><strong>tantumdem,</strong></span> 
     </span>
    </p>
   </div>
   <div class='ocr_carea' id='block_1_56' title="bbox 2280 3989 3871 4061">
    <p class='ocr_par' dir='ltr' id='par_1_56' title="bbox 2280 3989 3871 4061">
     <span class='ocr_line' id='line_1_56' title="bbox 2280 3989 3871 4061; baseline -0.001 -15"><span class='ocrx_word' id='word_1_368' title='bbox 2280 4005 2405 4046; x_wconf 87' lang='lat' dir='ltr'><strong>cum</strong></span> <span class='ocrx_word' id='word_1_369' title='bbox 2463 3990 2803 4061; x_wconf 85' lang='lat' dir='ltr'><strong>experientia</strong></span> <span class='ocrx_word' id='word_1_370' title='bbox 2865 3998 3214 4060; x_wconf 90' lang='lat' dir='ltr'><strong>compertum</strong></span> <span class='ocrx_word' id='word_1_371' title='bbox 3246 3998 3354 4054; x_wconf 89' lang='lat' dir='ltr'><strong>est,</strong></span> <span class='ocrx_word' id='word_1_372' title='bbox 3413 3989 3655 4055; x_wconf 89' lang='lat' dir='ltr'><strong>codices,</strong></span> <span class='ocrx_word' id='word_1_373' title='bbox 3720 3992 3871 4045; x_wconf 78' lang='lat' dir='ltr'><strong>unde</strong></span> 
     </span>
    </p>
   </div>
   <div class='ocr_carea' id='block_1_57' title="bbox 2230 4082 3869 4157">
    <p class='ocr_par' dir='ltr' id='par_1_57' title="bbox 2230 4082 3869 4157">
     <span class='ocr_line' id='line_1_57' title="bbox 2230 4082 3869 4157; baseline -0.001 -19"><span class='ocrx_word' id='word_1_374' title='bbox 2230 4085 2654 4157; x_wconf 47' lang='lat' dir='ltr'><strong>.apographum</strong></span> <span class='ocrx_word' id='word_1_375' title='bbox 2715 4083 2847 4138; x_wconf 90' lang='lat' dir='ltr'><strong>illud</strong></span> <span class='ocrx_word' id='word_1_376' title='bbox 2905 4083 3203 4139; x_wconf 86' lang='lat' dir='ltr'><strong>deductum</strong></span> <span class='ocrx_word' id='word_1_377' title='bbox 3260 4082 3465 4150; x_wconf 80' lang='lat' dir='ltr'><strong>fuerat,</strong></span> <span class='ocrx_word' id='word_1_378' title='bbox 3522 4091 3674 4139; x_wconf 88' lang='lat' dir='ltr'><strong>tanta</strong></span> <span class='ocrx_word' id='word_1_379' title='bbox 3708 4098 3869 4138; x_wconf 85' lang='lat' dir='ltr'><strong>meu-</strong></span> 
     </span>
    </p>
   </div>
   <div class='ocr_carea' id='block_1_58' title="bbox 2281 4170 3871 4244">
    <p class='ocr_par' dir='ltr' id='par_1_58' title="bbox 2281 4170 3871 4244">
     <span class='ocr_line' id='line_1_58' title="bbox 2281 4170 3871 4244; baseline -0.004 -14"><span class='ocrx_word' id='word_1_380' title='bbox 2281 4176 2476 4230; x_wconf 87' lang='lat' dir='ltr'><strong>dormn</strong></span> <span class='ocrx_word' id='word_1_381' title='bbox 2553 4175 2709 4244; x_wconf 90' lang='lat' dir='ltr'><strong>copia</strong></span> <span class='ocrx_word' id='word_1_382' title='bbox 2784 4172 3091 4239; x_wconf 88' lang='lat' dir='ltr'><strong>exundare,</strong></span> <span class='ocrx_word' id='word_1_383' title='bbox 3149 4181 3210 4227; x_wconf 89' lang='lat' dir='ltr'><strong>ut</strong></span> <span class='ocrx_word' id='word_1_384' title='bbox 3272 4172 3469 4227; x_wconf 89' lang='lat' dir='ltr'><strong>merito</strong></span> <span class='ocrx_word' id='word_1_385' title='bbox 3522 4170 3708 4241; x_wconf 79' lang='lat' dir='ltr'><strong>Augia:</strong></span> <span class='ocrx_word' id='word_1_386' title='bbox 3748 4178 3871 4225; x_wconf 85' lang='lat' dir='ltr'><strong>sta-</strong></span> 
     </span>
    </p>
   </div>
   <div class='ocr_carea' id='block_1_59' title="bbox 2282 4263 3869 4337">
    <p class='ocr_par' dir='ltr' id='par_1_59' title="bbox 2282 4263 3869 4337">
     <span class='ocr_line' id='line_1_59' title="bbox 2282 4263 3869 4337; baseline -0.004 -14"><span class='ocrx_word' id='word_1_387' title='bbox 2282 4269 2412 4323; x_wconf 92' lang='lat' dir='ltr'><strong>bulo</strong></span> <span class='ocrx_word' id='word_1_388' title='bbox 2473 4282 2797 4337; x_wconf 86' lang='lat' dir='ltr'><strong>comparare</strong></span> <span class='ocrx_word' id='word_1_389' title='bbox 2852 4281 2948 4322; x_wconf 84' lang='lat' dir='ltr'><strong>eos</strong></span> <span class='ocrx_word' id='word_1_390' title='bbox 2996 4265 3201 4336; x_wconf 90' lang='lat' dir='ltr'><strong>possis.</strong></span> <span class='ocrx_word' id='word_1_391' title='bbox 3244 4263 3387 4321; x_wconf 84' lang='lat' dir='ltr'><strong>Hinc</strong></span> <span class='ocrx_word' id='word_1_392' title='bbox 3439 4279 3566 4320; x_wconf 89' lang='lat' dir='ltr'><strong>eum</strong></span> <span class='ocrx_word' id='word_1_393' title='bbox 3602 4263 3869 4320; x_wconf 80' lang='lat' dir='ltr'><strong>adhibitis</strong></span> 
     </span>
    </p>
   </div>
   <div class='ocr_carea' id='block_1_60' title="bbox 2283 4358 3869 4430">
    <p class='ocr_par' dir='ltr' id='par_1_60' title="bbox 2283 4358 3869 4430">
     <span class='ocr_line' id='line_1_60' title="bbox 2283 4358 3869 4430; baseline -0.002 -14"><span class='ocrx_word' id='word_1_394' title='bbox 2283 4362 2447 4416; x_wconf 89' lang='lat' dir='ltr'><strong>etiam</strong></span> <span class='ocrx_word' id='word_1_395' title='bbox 2478 4362 2714 4417; x_wconf 89' lang='lat' dir='ltr'><strong>aliorum</strong></span> <span class='ocrx_word' id='word_1_396' title='bbox 2744 4360 2917 4424; x_wconf 89' lang='lat' dir='ltr'><strong>curis,</strong></span> <span class='ocrx_word' id='word_1_397' title='bbox 2948 4359 3045 4430; x_wconf 89' lang='lat' dir='ltr'><strong>qui</strong></span> <span class='ocrx_word' id='word_1_398' title='bbox 3076 4373 3222 4430; x_wconf 68' lang='lat' dir='ltr'><strong>saepe</strong></span> <span class='ocrx_word' id='word_1_399' title='bbox 3252 4360 3458 4429; x_wconf 65' lang='lat' dir='ltr'><strong>saepius</strong></span> <span class='ocrx_word' id='word_1_400' title='bbox 3502 4358 3869 4429; x_wconf 77' lang='lat' dir='ltr'><strong>conjeCtando</strong></span> 
     </span>
    </p>
   </div>
   <div class='ocr_carea' id='block_1_61' title="bbox 2284 4453 3869 4529">
    <p class='ocr_par' dir='ltr' id='par_1_61' title="bbox 2284 4453 3869 4529">
     <span class='ocr_line' id='line_1_61' title="bbox 2284 4453 3869 4529; baseline -0.004 -16"><span class='ocrx_word' id='word_1_401' title='bbox 2284 4459 2470 4529; x_wconf 90' lang='lat' dir='ltr'><strong>potius</strong></span> <span class='ocrx_word' id='word_1_402' title='bbox 2526 4472 2692 4528; x_wconf 89' lang='lat' dir='ltr'><strong>quam</strong></span> <span class='ocrx_word' id='word_1_403' title='bbox 2773 4454 3194 4527; x_wconf 88' lang='lat' dir='ltr'><strong>interpretando</strong></span> <span class='ocrx_word' id='word_1_404' title='bbox 3240 4462 3526 4525; x_wconf 85' lang='lat' dir='ltr'><strong>utcunque</strong></span> <span class='ocrx_word' id='word_1_405' title='bbox 3576 4460 3661 4507; x_wconf 87' lang='lat' dir='ltr'><strong>tot</strong></span> <span class='ocrx_word' id='word_1_406' title='bbox 3717 4453 3869 4507; x_wconf 83' lang='lat' dir='ltr'><strong>labes</strong></span> 
     </span>
    </p>
   </div>
   <div class='ocr_carea' id='block_1_62' title="bbox 2286 4533 3868 4621">
    <p class='ocr_par' dir='ltr' id='par_1_62' title="bbox 2286 4533 3868 4621">
     <span class='ocr_line' id='line_1_62' title="bbox 2286 4533 3868 4621; baseline -0.004 -15"><span class='ocrx_word' id='word_1_407' title='bbox 2286 4560 2499 4621; x_wconf 78' lang='lat' dir='ltr'><strong>tergere</strong></span> <span class='ocrx_word' id='word_1_408' title='bbox 2534 4548 2895 4614; x_wconf 87' lang='lat' dir='ltr'><strong>studuerunt,</strong></span> <span class='ocrx_word' id='word_1_409' title='bbox 2938 4548 3119 4603; x_wconf 90' lang='lat' dir='ltr'><strong>oratio</strong></span> <span class='ocrx_word' id='word_1_410' title='bbox 3177 4533 3366 4602; x_wconf 86' lang='lat' dir='ltr'><strong>multis</strong></span> <span class='ocrx_word' id='word_1_411' title='bbox 3418 4545 3598 4601; x_wconf 88' lang='lat' dir='ltr'><strong>adhuc</strong></span> <span class='ocrx_word' id='word_1_412' title='bbox 3656 4545 3868 4600; x_wconf 88' lang='lat' dir='ltr'><strong>lacunis</strong></span> 
     </span>
    </p>
   </div>
   <div class='ocr_carea' id='block_1_63' title="bbox 2285 4641 3863 4711">
    <p class='ocr_par' dir='ltr' id='par_1_63' title="bbox 2285 4641 3863 4711">
     <span class='ocr_line' id='line_1_63' title="bbox 2285 4641 3863 4711; baseline -0.003 -13"><span class='ocrx_word' id='word_1_413' title='bbox 2285 4644 2547 4705; x_wconf 75' lang='lat' dir='ltr'><strong>hisceret,</strong></span> <span class='ocrx_word' id='word_1_414' title='bbox 2579 4641 2668 4695; x_wconf 88' lang='lat' dir='ltr'><strong>ubi</strong></span> <span class='ocrx_word' id='word_1_415' title='bbox 2699 4656 2897 4711; x_wconf 89' lang='lat' dir='ltr'><strong>nempe</strong></span> <span class='ocrx_word' id='word_1_416' title='bbox 2947 4641 3085 4697; x_wconf 88' lang='lat' dir='ltr'><strong>adeo</strong></span> <span class='ocrx_word' id='word_1_417' title='bbox 3137 4652 3437 4709; x_wconf 89' lang='lat' dir='ltr'><strong>corruptus</strong></span> <span class='ocrx_word' id='word_1_418' title='bbox 3478 4650 3603 4694; x_wconf 87' lang='lat' dir='ltr'><strong>erat</strong></span> <span class='ocrx_word' id='word_1_419' title='bbox 3657 4647 3863 4705; x_wconf 88' lang='lat' dir='ltr'><strong>textus,</strong></span> 
     </span>
    </p>
   </div>
   <div class='ocr_carea' id='block_1_64' title="bbox 2288 4730 3866 4806">
    <p class='ocr_par' dir='ltr' id='par_1_64' title="bbox 2288 4730 3866 4806">
     <span class='ocr_line' id='line_1_64' title="bbox 2288 4730 3866 4806; baseline -0.003 -15"><span class='ocrx_word' id='word_1_420' title='bbox 2288 4746 2347 4791; x_wconf 91' lang='lat' dir='ltr'><strong>ut</strong></span> <span class='ocrx_word' id='word_1_421' title='bbox 2380 4734 2715 4806; x_wconf 89' lang='lat' dir='ltr'><strong>probabilem</strong></span> <span class='ocrx_word' id='word_1_422' title='bbox 2747 4734 2986 4804; x_wconf 90' lang='lat' dir='ltr'><strong>aliquem</strong></span> <span class='ocrx_word' id='word_1_423' title='bbox 3026 4748 3254 4789; x_wconf 90' lang='lat' dir='ltr'><strong>sensum</strong></span> <span class='ocrx_word' id='word_1_424' title='bbox 3288 4747 3355 4786; x_wconf 90' lang='lat' dir='ltr'><strong>ne</strong></span> <span class='ocrx_word' id='word_1_425' title='bbox 3391 4730 3694 4786; x_wconf 89' lang='lat' dir='ltr'><strong>divinando</strong></span> <span class='ocrx_word' id='word_1_426' title='bbox 3740 4732 3866 4802; x_wconf 82' lang='lat' dir='ltr'><strong>qui-</strong></span> 
     </span>
    </p>
   </div>
   <div class='ocr_carea' id='block_1_65' title="bbox 598 4822 3871 4898">
    <p class='ocr_par' dir='ltr' id='par_1_65' title="bbox 598 4822 3871 4898">
     <span class='ocr_line' id='line_1_65' title="bbox 598 4822 3871 4898; baseline 0.001 -24"><span class='ocrx_word' id='word_1_427' title='bbox 598 4840 732 4880; x_wconf 83' lang='lat' dir='ltr'><strong>vero</strong></span> <span class='ocrx_word' id='word_1_428' title='bbox 795 4837 1015 4896; x_wconf 88' lang='lat' dir='ltr'><strong>stupere</strong></span> <span class='ocrx_word' id='word_1_429' title='bbox 1059 4825 1440 4891; x_wconf 88' lang='lat' dir='ltr'><strong>vehementer,</strong></span> <span class='ocrx_word' id='word_1_430' title='bbox 1498 4827 1593 4897; x_wconf 90' lang='lat' dir='ltr'><strong>qui</strong></span> <span class='ocrx_word' id='word_1_431' title='bbox 1656 4828 1771 4882; x_wconf 82' lang='lat' dir='ltr'><strong>fieri</strong></span> <span class='ocrx_word' id='word_1_432' title='bbox 1826 4827 2070 4898; x_wconf 91' lang='lat' dir='ltr'><strong>potuerit</strong></span> <span class='ocrx_word' id='word_1_433' title='bbox 2124 4839 2186 4883; x_wconf 90' lang='lat' dir='ltr'><strong>ut</strong></span> <span class='ocrx_word' id='word_1_434' title='bbox 2289 4831 2412 4884; x_wconf 78' lang='lat' dir='ltr'><strong>dem</strong></span> <span class='ocrx_word' id='word_1_435' title='bbox 2450 4826 2669 4895; x_wconf 86' lang='lat' dir='ltr'><strong>assequi</strong></span> <span class='ocrx_word' id='word_1_436' title='bbox 2697 4826 2927 4889; x_wconf 91' lang='lat' dir='ltr'><strong>liceret,</strong></span> <span class='ocrx_word' id='word_1_437' title='bbox 2961 4826 3073 4896; x_wconf 86' lang='lat' dir='ltr'><strong>jam</strong></span> <span class='ocrx_word' id='word_1_438' title='bbox 3126 4824 3453 4885; x_wconf 85' lang='lat' dir='ltr'><strong>consilium.</strong></span> <span class='ocrx_word' id='word_1_439' title='bbox 3485 4822 3635 4892; x_wconf 88' lang='lat' dir='ltr'><strong>quod</strong></span> <span class='ocrx_word' id='word_1_440' title='bbox 3668 4824 3723 4878; x_wconf 90' lang='lat' dir='ltr'><strong>in</strong></span> <span class='ocrx_word' id='word_1_441' title='bbox 3775 4838 3871 4878; x_wconf 82' lang='lat' dir='ltr'><strong>an-</strong></span> 
     </span>
    </p>
   </div>
   <div class='ocr_carea' id='block_1_66' title="bbox 600 4917 2181 4992">
    <p class='ocr_par' dir='ltr' id='par_1_66' title="bbox 600 4917 2181 4992">
     <span class='ocr_line' id='line_1_66' title="bbox 600 4917 2181 4992; baseline 0.004 -23"><span class='ocrx_word' id='word_1_442' title='bbox 600 4925 711 4970; x_wconf 89' lang='lat' dir='ltr'><strong>tam</strong></span> <span class='ocrx_word' id='word_1_443' title='bbox 766 4917 981 4989; x_wconf 83' lang='lat' dir='ltr'><strong>insigne</strong></span> <span class='ocrx_word' id='word_1_444' title='bbox 1041 4918 1444 4983; x_wconf 89' lang='lat' dir='ltr'><strong>testimonium,</strong></span> <span class='ocrx_word' id='word_1_445' title='bbox 1493 4935 1604 4990; x_wconf 90' lang='lat' dir='ltr'><strong>quo</strong></span> <span class='ocrx_word' id='word_1_446' title='bbox 1658 4930 1711 4974; x_wconf 91' lang='lat' dir='ltr'><strong>et</strong></span> <span class='ocrx_word' id='word_1_447' title='bbox 1745 4934 1879 4975; x_wconf 88' lang='lat' dir='ltr'><strong>sane</strong></span> <span class='ocrx_word' id='word_1_448' title='bbox 1918 4923 2181 4992; x_wconf 88' lang='lat' dir='ltr'><strong>antiquus</strong></span> 
     </span>
    </p>
   </div>
   <div class='ocr_carea' id='block_1_67' title="bbox 2292 4916 3864 4988">
    <p class='ocr_par' dir='ltr' id='par_1_67' title="bbox 2292 4916 3864 4988">
     <span class='ocr_line' id='line_1_67' title="bbox 2292 4916 3864 4988; baseline -0.003 -15"><span class='ocrx_word' id='word_1_449' title='bbox 2292 4926 2569 4973; x_wconf 89' lang='lat' dir='ltr'><strong>tccessum</strong></span> <span class='ocrx_word' id='word_1_450' title='bbox 2602 4917 2867 4983; x_wconf 82' lang='lat' dir='ltr'><strong>foveram,</strong></span> <span class='ocrx_word' id='word_1_451' title='bbox 2902 4917 3172 4988; x_wconf 78' lang='lat' dir='ltr'><strong>integram</strong></span> <span class='ocrx_word' id='word_1_452' title='bbox 3202 4916 3500 4986; x_wconf 80' lang='lat' dir='ltr'><strong>evulgaudi</strong></span> <span class='ocrx_word' id='word_1_453' title='bbox 3535 4916 3864 4980; x_wconf 87' lang='lat' dir='ltr'><strong>orationem,</strong></span> 
     </span>
    </p>
   </div>
   <div class='ocr_carea' id='block_1_68' title="bbox 603 5006 3864 5083">
    <p class='ocr_par' dir='ltr' id='par_1_68' title="bbox 603 5006 3864 5083">
     <span class='ocr_line' id='line_1_68' title="bbox 603 5006 3864 5083; baseline -0.001 -18"><span class='ocrx_word' id='word_1_454' title='bbox 603 5010 850 5080; x_wconf 63' lang='lat' dir='ltr'><strong>Deiparm</strong></span> <span class='ocrx_word' id='word_1_455' title='bbox 890 5020 1172 5081; x_wconf 65' lang='lat' dir='ltr'><strong>conceptae</strong></span> <span class='ocrx_word' id='word_1_456' title='bbox 1215 5012 1403 5068; x_wconf 91' lang='lat' dir='ltr'><strong>cultus</strong></span> <span class='ocrx_word' id='word_1_457' title='bbox 1463 5013 1888 5077; x_wconf 88' lang='lat' dir='ltr'><strong>ostendebatur,</strong></span> <span class='ocrx_word' id='word_1_458' title='bbox 1934 5021 1991 5069; x_wconf 87' lang='lat' dir='ltr'><strong>et</strong></span> <span class='ocrx_word' id='word_1_459' title='bbox 2037 5015 2185 5083; x_wconf 88' lang='lat' dir='ltr'><strong>ejus-</strong></span> <span class='ocrx_word' id='word_1_460' title='bbox 2214 5020 2255 5077; x_wconf 69' lang='grc' dir='ltr'><strong>(ζ</strong></span> <span class='ocrx_word' id='word_1_461' title='bbox 2293 5024 2519 5081; x_wconf 83' lang='lat' dir='ltr'><strong>prorsus</strong></span> <span class='ocrx_word' id='word_1_462' title='bbox 2566 5009 2941 5078; x_wconf 83' lang='lat' dir='ltr'><strong>abjicieudum</strong></span> <span class='ocrx_word' id='word_1_463' title='bbox 2971 5007 3254 5071; x_wconf 86' lang='lat' dir='ltr'><strong>videbam,</strong></span> <span class='ocrx_word' id='word_1_464' title='bbox 3309 5015 3405 5061; x_wconf 91' lang='lat' dir='ltr'><strong>aut</strong></span> <span class='ocrx_word' id='word_1_465' title='bbox 3435 5016 3588 5063; x_wconf 88' lang='lat' dir='ltr'><strong>certe</strong></span> <span class='ocrx_word' id='word_1_466' title='bbox 3613 5006 3864 5078; x_wconf 67' lang='lat' dir='ltr'><strong>quaedam</strong></span> 
     </span>
    </p>
   </div>
   <div class='ocr_carea' id='block_1_69' title="bbox 600 5104 2181 5178">
    <p class='ocr_par' dir='ltr' id='par_1_69' title="bbox 600 5104 2181 5178">
     <span class='ocr_line' id='line_1_69' title="bbox 600 5104 2181 5178; baseline 0.004 -22"><span class='ocrx_word' id='word_1_467' title='bbox 600 5105 724 5160; x_wconf 69' lang='lat' dir='ltr'><strong>ciem</strong></span> <span class='ocrx_word' id='word_1_468' title='bbox 757 5105 945 5161; x_wconf 92' lang='lat' dir='ltr'><strong>cultus</strong></span> <span class='ocrx_word' id='word_1_469' title='bbox 983 5104 1125 5161; x_wconf 88' lang='lat' dir='ltr'><strong>ratio</strong></span> <span class='ocrx_word' id='word_1_470' title='bbox 1156 5114 1264 5160; x_wconf 91' lang='lat' dir='ltr'><strong>tam</strong></span> <span class='ocrx_word' id='word_1_471' title='bbox 1297 5106 1590 5178; x_wconf 90' lang='lat' dir='ltr'><strong>splendide</strong></span> <span class='ocrx_word' id='word_1_472' title='bbox 1632 5107 1972 5172; x_wconf 88' lang='lat' dir='ltr'><strong>tradebatur,</strong></span> <span class='ocrx_word' id='word_1_473' title='bbox 2026 5108 2181 5162; x_wconf 85' lang='lat' dir='ltr'><strong>taciti</strong></span> 
     </span>
    </p>
   </div>
   <div class='ocr_carea' id='block_1_70' title="bbox 603 5197 2181 5269">
    <p class='ocr_par' dir='ltr' id='par_1_70' title="bbox 603 5197 2181 5269">
     <span class='ocr_line' id='line_1_70' title="bbox 603 5197 2181 5269; baseline 0.001 -17"><span class='ocrx_word' id='word_1_474' title='bbox 603 5197 1001 5268; x_wconf 72' lang='lat' dir='ltr'><strong>przeteriissent</strong></span> <span class='ocrx_word' id='word_1_475' title='bbox 1056 5198 1307 5269; x_wconf 90' lang='lat' dir='ltr'><strong>plerique</strong></span> <span class='ocrx_word' id='word_1_476' title='bbox 1360 5214 1554 5254; x_wconf 91' lang='lat' dir='ltr'><strong>omnes</strong></span> <span class='ocrx_word' id='word_1_477' title='bbox 1605 5199 1698 5269; x_wconf 91' lang='lat' dir='ltr'><strong>qui</strong></span> <span class='ocrx_word' id='word_1_478' title='bbox 1761 5199 1828 5253; x_wconf 86' lang='lat' dir='ltr'><strong>de</strong></span> <span class='ocrx_word' id='word_1_479' title='bbox 1858 5200 1963 5253; x_wconf 92' lang='lat' dir='ltr'><strong>hoc</strong></span> <span class='ocrx_word' id='word_1_480' title='bbox 2013 5215 2181 5269; x_wconf 78' lang='lat' dir='ltr'><strong>argu-</strong></span> 
     </span>
    </p>
   </div>
   <div class='ocr_carea' id='block_1_71' title="bbox 604 5289 2187 5363">
    <p class='ocr_par' dir='ltr' id='par_1_71' title="bbox 604 5289 2187 5363">
     <span class='ocr_line' id='line_1_71' title="bbox 604 5289 2187 5363; baseline 0.002 -20"><span class='ocrx_word' id='word_1_481' title='bbox 604 5298 790 5345; x_wconf 86' lang='lat' dir='ltr'><strong>mento</strong></span> <span class='ocrx_word' id='word_1_482' title='bbox 818 5300 944 5360; x_wconf 90' lang='lat' dir='ltr'><strong>post</strong></span> <span class='ocrx_word' id='word_1_483' title='bbox 973 5289 1120 5347; x_wconf 90' lang='lat' dir='ltr'><strong>edita</strong></span> <span class='ocrx_word' id='word_1_484' title='bbox 1142 5291 1255 5361; x_wconf 86' lang='lat' dir='ltr'><strong>jam</strong></span> <span class='ocrx_word' id='word_1_485' title='bbox 1281 5307 1310 5345; x_wconf 91' lang='lat' dir='ltr'><strong>a</strong></span> <span class='ocrx_word' id='word_1_486' title='bbox 1341 5290 1417 5347; x_wconf 89' lang='lat' dir='ltr'><strong>Le</strong></span> <span class='ocrx_word' id='word_1_487' title='bbox 1448 5290 1627 5357; x_wconf 85' lang='lat' dir='ltr'><strong>Quien</strong></span> <span class='ocrx_word' id='word_1_488' title='bbox 1661 5290 1985 5347; x_wconf 86' lang='lat' dir='ltr'><strong>Damasceni</strong></span> <span class='ocrx_word' id='word_1_489' title='bbox 2010 5292 2187 5363; x_wconf 88' lang='lat' dir='ltr'><strong>Opera</strong></span> 
     </span>
    </p>
   </div>
   <div class='ocr_carea' id='block_1_72' title="bbox 2284 5098 3760 5170">
    <p class='ocr_par' dir='ltr' id='par_1_72' title="bbox 2284 5098 3760 5170">
     <span class='ocr_line' id='line_1_72' title="bbox 2284 5098 3760 5170; baseline -0.001 -14"><span class='ocrx_word' id='word_1_490' title='bbox 2284 5099 2665 5156; x_wconf 89' lang='lat' dir='ltr'><strong>tantummodo</strong></span> <span class='ocrx_word' id='word_1_491' title='bbox 2694 5100 2777 5155; x_wconf 86' lang='lat' dir='ltr'><strong>edi</strong></span> <span class='ocrx_word' id='word_1_492' title='bbox 2809 5115 2969 5170; x_wconf 76' lang='lat' dir='ltr'><strong>posse</strong></span> <span class='ocrx_word' id='word_1_493' title='bbox 2998 5098 3309 5169; x_wconf 81' lang='lat' dir='ltr'><strong>fragmenta</strong></span> <span class='ocrx_word' id='word_1_494' title='bbox 3339 5100 3760 5155; x_wconf 72' lang='lat' dir='ltr'><strong>existimabam.</strong></span> 
     </span>
    </p>
   </div>
   <div class='ocr_carea' id='block_1_73' title="bbox 2362 5194 3871 5263">
    <p class='ocr_par' dir='ltr' id='par_1_73' title="bbox 2362 5194 3871 5263">
     <span class='ocr_line' id='line_1_73' title="bbox 2362 5194 3871 5263; baseline 0 -14"><span class='ocrx_word' id='word_1_495' title='bbox 2362 5194 2451 5251; x_wconf 84' lang='lat' dir='ltr'><strong>IV.</strong></span> <span class='ocrx_word' id='word_1_496' title='bbox 2481 5195 2548 5248; x_wconf 85' lang='lat' dir='ltr'><strong>At</strong></span> <span class='ocrx_word' id='word_1_497' title='bbox 2578 5194 2798 5249; x_wconf 87' lang='lat' dir='ltr'><strong>demum</strong></span> <span class='ocrx_word' id='word_1_498' title='bbox 2841 5201 3125 5261; x_wconf 73' lang='lat' dir='ltr'><strong>eantatas</strong></span> <span class='ocrx_word' id='word_1_499' title='bbox 3169 5194 3458 5263; x_wconf 88' lang='lat' dir='ltr'><strong>suppetias</strong></span> <span class='ocrx_word' id='word_1_500' title='bbox 3511 5195 3639 5248; x_wconf 88' lang='lat' dir='ltr'><strong>tulit</strong></span> <span class='ocrx_word' id='word_1_501' title='bbox 3671 5195 3871 5249; x_wconf 80' lang='lat' dir='ltr'><strong>Roma-</strong></span> 
     </span>
    </p>
   </div>
   <div class='ocr_carea' id='block_1_74' title="bbox 2292 5284 3867 5357">
    <p class='ocr_par' dir='ltr' id='par_1_74' title="bbox 2292 5284 3867 5357">
     <span class='ocr_line' id='line_1_74' title="bbox 2292 5284 3867 5357; baseline -0.001 -14"><span class='ocrx_word' id='word_1_502' title='bbox 2292 5305 2399 5345; x_wconf 89' lang='lat' dir='ltr'><strong>nus</strong></span> <span class='ocrx_word' id='word_1_503' title='bbox 2426 5288 2624 5353; x_wconf 81' lang='lat' dir='ltr'><strong>codex,</strong></span> <span class='ocrx_word' id='word_1_504' title='bbox 2654 5286 2749 5357; x_wconf 90' lang='lat' dir='ltr'><strong>qui</strong></span> <span class='ocrx_word' id='word_1_505' title='bbox 2782 5286 2838 5340; x_wconf 86' lang='lat' dir='ltr'><strong>in</strong></span> <span class='ocrx_word' id='word_1_506' title='bbox 2864 5285 3066 5357; x_wconf 80' lang='lat' dir='ltr'><strong>insigni</strong></span> <span class='ocrx_word' id='word_1_507' title='bbox 3102 5284 3501 5341; x_wconf 85' lang='lat' dir='ltr'><strong>Barbcriniana</strong></span> <span class='ocrx_word' id='word_1_508' title='bbox 3528 5286 3867 5341; x_wconf 83' lang='lat' dir='ltr'><strong>bibliotheca</strong></span> 
     </span>
    </p>
   </div>
   <div class='ocr_carea' id='block_1_75' title="bbox 2140 5452 2373 5510">
    <p class='ocr_par' dir='ltr' id='par_1_75' title="bbox 2140 5452 2373 5510">
     <span class='ocr_line' id='line_1_75' title="bbox 2140 5452 2373 5510; baseline 0.004 -3"><span class='ocrx_word' id='word_1_509' title='bbox 2140 5452 2373 5510; x_wconf 65' lang='lat' dir='ltr'><strong>NOTAE.</strong></span> 
     </span>
    </p>
   </div>
   <div class='ocr_carea' id='block_1_76' title="bbox 612 5546 1784 5687">
    <p class='ocr_par' dir='ltr' id='par_1_76' title="bbox 612 5546 1784 5687">
     <span class='ocr_line' id='line_1_76' title="bbox 680 5546 1739 5617; baseline 0.003 -16"><span class='ocrx_word' id='word_1_510' title='bbox 680 5548 802 5617; x_wconf 80' lang='grc' dir='ltr'><strong>(Ι)</strong></span> <span class='ocrx_word' id='word_1_511' title='bbox 858 5546 994 5616; x_wconf 85' lang='lat' dir='ltr'><strong>Opp.</strong></span> <span class='ocrx_word' id='word_1_512' title='bbox 1052 5546 1111 5599; x_wconf 90' lang='lat' dir='ltr'><strong>S.</strong></span> <span class='ocrx_word' id='word_1_513' title='bbox 1176 5546 1335 5600; x_wconf 80' lang='lat' dir='ltr'><strong>Joan.</strong></span> <span class='ocrx_word' id='word_1_514' title='bbox 1390 5546 1739 5604; x_wconf 86' lang='lat' dir='ltr'><strong>Damasceni.</strong></span> 
     </span>
     <span class='ocr_line' id='line_1_77' title="bbox 612 5615 1784 5687; baseline -0.005 -12"><span class='ocrx_word' id='word_1_515' title='bbox 612 5634 782 5675; x_wconf 78' lang='lat' dir='ltr'><strong>xxvii.</strong></span> <span class='ocrx_word' id='word_1_516' title='bbox 808 5648 875 5659; x_wconf 89' lang='lat'><strong><em>—</em></strong></span> <span class='ocrx_word' id='word_1_517' title='bbox 914 5615 1239 5687; x_wconf 68' lang='lat' dir='ltr'><strong>Patrologia:</strong></span> <span class='ocrx_word' id='word_1_518' title='bbox 1271 5625 1312 5670; x_wconf 90' lang='lat' dir='ltr'><strong>t.</strong></span> <span class='ocrx_word' id='word_1_519' title='bbox 1345 5615 1526 5683; x_wconf 73' lang='lat' dir='ltr'><strong>XCIV,</strong></span> <span class='ocrx_word' id='word_1_520' title='bbox 1565 5634 1620 5687; x_wconf 92' lang='lat' dir='ltr'><strong>p.</strong></span> <span class='ocrx_word' id='word_1_521' title='bbox 1660 5618 1784 5672; x_wconf 77' lang='grc'><strong>155.</strong></span> 
     </span>
    </p>
   </div>
   <div class='ocr_carea' id='block_1_77' title="bbox 686 5686 1343 5759">
    <p class='ocr_par' dir='ltr' id='par_1_77' title="bbox 686 5686 1343 5759">
     <span class='ocr_line' id='line_1_78' title="bbox 686 5686 1343 5759; baseline -0.005 -16"><span class='ocrx_word' id='word_1_522' title='bbox 686 5689 760 5759; x_wconf 71' lang='grc'>(2</span> <span class='ocrx_word' id='word_1_523' title='bbox 794 5686 991 5759; x_wconf 28' lang='lat' dir='ltr'><strong>)lAbitl.</strong></span> <span class='ocrx_word' id='word_1_524' title='bbox 1016 5701 1141 5756; x_wconf 73' lang='lat' dir='ltr'><strong>pag.</strong></span> <span class='ocrx_word' id='word_1_525' title='bbox 1179 5704 1343 5759; x_wconf 68' lang='lat' dir='ltr'><strong>III-iv.</strong></span> 
     </span>
    </p>
   </div>
   <div class='ocr_carea' id='block_1_78' title="bbox 1052 5543 2192 5618">
    <p class='ocr_par' dir='ltr' id='par_1_78' title="bbox 1052 5543 2192 5618">
     <span class='ocr_line' id='line_1_79' title="bbox 1052 5543 2192 5618; baseline 0.003 -19"><span class='ocrx_word' id='word_1_526' title='bbox 1052 5545 1111 5618; x_wconf 87' lang='lat' dir='ltr'><strong>S_.</strong></span> <span class='ocrx_word' id='word_1_527' title='bbox 1176 5543 1739 5618; x_wconf 73' lang='lat' dir='ltr'><strong>Joan.__D_amasceni.</strong></span> <span class='ocrx_word' id='word_1_528' title='bbox 1797 5548 2005 5613; x_wconf 28' lang='lat' dir='ltr'><strong>templ,</strong></span> <span class='ocrx_word' id='word_1_529' title='bbox 2062 5561 2192 5618; x_wconf 84' lang='lat' dir='ltr'><strong>pag.</strong></span> 
     </span>
    </p>
   </div>
   <div class='ocr_carea' id='block_1_79' title="bbox 2296 5541 3875 5613">
    <p class='ocr_par' dir='ltr' id='par_1_79' title="bbox 2296 5541 3875 5613">
     <span class='ocr_line' id='line_1_80' title="bbox 2296 5541 3875 5613; baseline -0.003 -14"><span class='ocrx_word' id='word_1_530' title='bbox 2296 5544 2679 5607; x_wconf 87' lang='lat' dir='ltr'><strong>nentissimus,</strong></span> <span class='ocrx_word' id='word_1_531' title='bbox 2727 5557 2852 5597; x_wconf 89' lang='lat' dir='ltr'><strong>cum</strong></span> <span class='ocrx_word' id='word_1_532' title='bbox 2888 5541 3027 5599; x_wconf 88' lang='lat' dir='ltr'><strong>duas</strong></span> <span class='ocrx_word' id='word_1_533' title='bbox 3057 5543 3195 5598; x_wconf 91' lang='lat' dir='ltr'><strong>alias</strong></span> <span class='ocrx_word' id='word_1_534' title='bbox 3224 5542 3523 5613; x_wconf 67' lang='lat' dir='ltr'><strong>homilias,</strong></span> <span class='ocrx_word' id='word_1_535' title='bbox 3554 5556 3699 5613; x_wconf 64' lang='lat' dir='ltr'><strong>quas</strong></span> <span class='ocrx_word' id='word_1_536' title='bbox 3735 5558 3875 5596; x_wconf 86' lang='lat' dir='ltr'><strong>non-</strong></span> 
     </span>
    </p>
   </div>
   <div class='ocr_carea' id='block_1_80' title="bbox 2294 5611 3874 5682">
    <p class='ocr_par' dir='ltr' id='par_1_80' title="bbox 2294 5611 3874 5682">
     <span class='ocr_line' id='line_1_81' title="bbox 2294 5611 3874 5682; baseline 0.002 -15"><span class='ocrx_word' id='word_1_537' title='bbox 2294 5618 2425 5668; x_wconf 82' lang='lat' dir='ltr'><strong>dum</strong></span> <span class='ocrx_word' id='word_1_538' title='bbox 2481 5615 2659 5670; x_wconf 88' lang='lat' dir='ltr'><strong>editas</strong></span> <span class='ocrx_word' id='word_1_539' title='bbox 2724 5627 3126 5682; x_wconf 86' lang='lat' dir='ltr'><strong>compereram,</strong></span> <span class='ocrx_word' id='word_1_540' title='bbox 3186 5615 3422 5669; x_wconf 88' lang='lat' dir='ltr'><strong>alteram</strong></span> <span class='ocrx_word' id='word_1_541' title='bbox 3502 5611 3588 5667; x_wconf 53' lang='lat' dir='ltr'><strong>SC</strong></span> <span class='ocrx_word' id='word_1_542' title='bbox 3632 5611 3874 5670; x_wconf 84' lang='lat' dir='ltr'><strong>Tarasii.</strong></span> 
     </span>
    </p>
   </div>
   <div class='ocr_carea' id='block_1_81' title="bbox 2295 5683 3877 5754">
    <p class='ocr_par' dir='ltr' id='par_1_81' title="bbox 2295 5683 3877 5754">
     <span class='ocr_line' id='line_1_82' title="bbox 2295 5683 3877 5754; baseline -0.003 -13"><span class='ocrx_word' id='word_1_543' title='bbox 2295 5685 2527 5741; x_wconf 84' lang='lat' dir='ltr'><strong>Joannis</strong></span> <span class='ocrx_word' id='word_1_544' title='bbox 2581 5683 3096 5741; x_wconf 87' lang='lat' dir='ltr'><strong>Thessalonicensis</strong></span> <span class='ocrx_word' id='word_1_545' title='bbox 3145 5684 3371 5739; x_wconf 90' lang='lat' dir='ltr'><strong>alteram</strong></span> <span class='ocrx_word' id='word_1_546' title='bbox 3402 5724 3417 5749; x_wconf 93' lang='lat'><strong>,</strong></span> <span class='ocrx_word' id='word_1_547' title='bbox 3453 5698 3620 5754; x_wconf 87' lang='lat' dir='ltr'><strong>quam</strong></span> <span class='ocrx_word' id='word_1_548' title='bbox 3688 5692 3877 5754; x_wconf 83' lang='lat' dir='ltr'><strong>utpote</strong></span> 
     </span>
    </p>
   </div>
   <div class='ocr_carea' id='block_1_82' title="bbox 690 5753 3878 5830">
    <p class='ocr_par' dir='ltr' id='par_1_82' title="bbox 690 5753 3878 5830">
     <span class='ocr_line' id='line_1_83' title="bbox 690 5753 3878 5830; baseline -0.003 -16"><span class='ocrx_word' id='word_1_549' title='bbox 690 5753 809 5830; x_wconf 69' lang='lat'><strong>(&#39;5)</strong></span> <span class='ocrx_word' id='word_1_550' title='bbox 848 5756 876 5829; x_wconf 62' lang='grc' dir='ltr'>ᾗ</span> <span class='ocrx_word' id='word_1_551' title='bbox 932 5753 1041 5830; x_wconf 56' lang='grc' dir='ltr'><strong>68(Δ</strong></span> <span class='ocrx_word' id='word_1_552' title='bbox 1075 5758 1211 5827; x_wconf 82' lang='lat' dir='ltr'><strong>Opp.</strong></span> <span class='ocrx_word' id='word_1_553' title='bbox 1266 5757 1324 5813; x_wconf 91' lang='lat' dir='ltr'><strong>S.</strong></span> <span class='ocrx_word' id='word_1_554' title='bbox 1383 5756 1543 5813; x_wconf 83' lang='lat' dir='ltr'><strong>Joan.</strong></span> <span class='ocrx_word' id='word_1_555' title='bbox 1610 5758 1862 5814; x_wconf 87' lang='lat' dir='ltr'><strong>Damasc.</strong></span> <span class='ocrx_word' id='word_1_556' title='bbox 1893 5775 1989 5830; x_wconf 90' lang='lat' dir='ltr'><strong>per</strong></span> <span class='ocrx_word' id='word_1_557' title='bbox 2018 5757 2088 5813; x_wconf 79' lang='grc' dir='ltr'><strong>Μ.</strong></span> <span class='ocrx_word' id='word_1_558' title='bbox 2126 5757 2200 5815; x_wconf 84' lang='lat' dir='ltr'><strong>Le</strong></span> <span class='ocrx_word' id='word_1_559' title='bbox 2300 5753 2831 5830; x_wconf 68' lang='lat' dir='ltr'><strong>merehistoricam</strong></span> <span class='ocrx_word' id='word_1_560' title='bbox 2872 5755 2959 5830; x_wconf 78' lang='lat' dir='ltr'><strong>hic</strong></span> <span class='ocrx_word' id='word_1_561' title='bbox 2988 5758 3149 5811; x_wconf 88' lang='lat' dir='ltr'><strong>cdere</strong></span> <span class='ocrx_word' id='word_1_562' title='bbox 3180 5756 3321 5830; x_wconf 66' lang='lat' dir='ltr'><strong>nihil</strong></span> <span class='ocrx_word' id='word_1_563' title='bbox 3344 5753 3564 5819; x_wconf 84' lang='lat' dir='ltr'><strong>attinet,</strong></span> <span class='ocrx_word' id='word_1_564' title='bbox 3594 5770 3662 5830; x_wconf 73' lang='lat' dir='ltr'><strong>ex</strong></span> <span class='ocrx_word' id='word_1_565' title='bbox 3697 5753 3878 5830; x_wconf 70' lang='lat' dir='ltr'><strong>Regia:</strong></span> 
     </span>
    </p>
   </div>
   <div class='ocr_carea' id='block_1_83' title="bbox 616 5826 1511 5902">
    <p class='ocr_par' dir='ltr' id='par_1_83' title="bbox 616 5826 1511 5902">
     <span class='ocr_line' id='line_1_84' title="bbox 616 5826 1511 5902; baseline -0.003 -15"><span class='ocrx_word' id='word_1_566' title='bbox 616 5826 816 5902; x_wconf 73' lang='lat' dir='ltr'><strong>Quieti,</strong></span> <span class='ocrx_word' id='word_1_567' title='bbox 854 5826 992 5902; x_wconf 57' lang='lat' dir='ltr'><strong>tom.</strong></span> <span class='ocrx_word' id='word_1_568' title='bbox 1028 5826 1068 5893; x_wconf 94' lang='lat' dir='ltr'><strong>l,</strong></span> <span class='ocrx_word' id='word_1_569' title='bbox 1101 5826 1225 5902; x_wconf 65' lang='lat' dir='ltr'><strong>pag.</strong></span> <span class='ocrx_word' id='word_1_570' title='bbox 1250 5844 1354 5902; x_wconf 81' lang='lat' dir='ltr'><strong>_t.t_t,</strong></span> <span class='ocrx_word' id='word_1_571' title='bbox 1394 5845 1511 5902; x_wconf 76' lang='lat' dir='ltr'><strong>Lll_l.</strong></span> 
     </span>
    </p>
   </div>
   <div class='ocr_carea' id='block_1_84' title="bbox 724 5897 2199 5974">
    <p class='ocr_par' dir='ltr' id='par_1_84' title="bbox 724 5897 2199 5974">
     <span class='ocr_line' id='line_1_85' title="bbox 724 5897 2199 5974; baseline -0.001 -17"><span class='ocrx_word' id='word_1_572' title='bbox 724 5900 822 5974; x_wconf 74' lang='grc'><strong>(4)</strong></span> <span class='ocrx_word' id='word_1_573' title='bbox 862 5898 1015 5955; x_wconf 81' lang='lat' dir='ltr'><strong>Novo</strong></span> <span class='ocrx_word' id='word_1_574' title='bbox 1044 5913 1128 5954; x_wconf 87' lang='lat' dir='ltr'><strong>me</strong></span> <span class='ocrx_word' id='word_1_575' title='bbox 1159 5897 1263 5954; x_wconf 88' lang='lat' dir='ltr'><strong>sibi</strong></span> <span class='ocrx_word' id='word_1_576' title='bbox 1301 5898 1574 5956; x_wconf 82' lang='lat' dir='ltr'><strong>beneﬁcio</strong></span> <span class='ocrx_word' id='word_1_577' title='bbox 1601 5899 1904 5957; x_wconf 82' lang='lat' dir='ltr'><strong>obstrinxit</strong></span> <span class='ocrx_word' id='word_1_578' title='bbox 1931 5901 2016 5958; x_wconf 91' lang='lat' dir='ltr'><strong>vir</strong></span> <span class='ocrx_word' id='word_1_579' title='bbox 2059 5900 2199 5958; x_wconf 91' lang='lat' dir='ltr'><strong>emi-</strong></span> 
     </span>
    </p>
   </div>
   <div class='ocr_carea' id='block_1_85' title="bbox 2301 5824 3878 5905">
    <p class='ocr_par' dir='ltr' id='par_1_85' title="bbox 2301 5824 3878 5905">
     <span class='ocr_line' id='line_1_86' title="bbox 2301 5824 3878 5905; baseline -0.001 -24"><span class='ocrx_word' id='word_1_580' title='bbox 2301 5826 2633 5883; x_wconf 84' lang='lat' dir='ltr'><strong>Parisiensis</strong></span> <span class='ocrx_word' id='word_1_581' title='bbox 2697 5824 3046 5905; x_wconf 67' lang='lat' dir='ltr'><strong>bibliothecae</strong></span> <span class='ocrx_word' id='word_1_582' title='bbox 3113 5826 3401 5883; x_wconf 87' lang='lat' dir='ltr'><strong>codicibus</strong></span> <span class='ocrx_word' id='word_1_583' title='bbox 3429 5826 3653 5884; x_wconf 89' lang='lat' dir='ltr'><strong>exscrib</strong></span> <span class='ocrx_word' id='word_1_584' title='bbox 3707 5826 3878 5882; x_wconf 81' lang='lat' dir='ltr'><strong>endas</strong></span> 
     </span>
    </p>
   </div>
   <div class='ocr_carea' id='block_1_86' title="bbox 2301 5904 2919 5968">
    <p class='ocr_par' dir='ltr' id='par_1_86' title="bbox 2301 5904 2919 5968">
     <span class='ocr_line' id='line_1_87' title="bbox 2301 5904 2919 5968; baseline -0.006 -13"><span class='ocrx_word' id='word_1_585' title='bbox 2301 5906 2655 5968; x_wconf 86' lang='lat' dir='ltr'><strong>peramanter</strong></span> <span class='ocrx_word' id='word_1_586' title='bbox 2680 5904 2919 5951; x_wconf 83' lang='lat' dir='ltr'><strong>curavit.</strong></span> 
     </span>
    </p>
   </div>
  </div>
