  <div class='ocr_page' id='page_1' title='image "/cluster/home/n/w/nwhite01/storage/ocr_20150623/96/hvd.32044019208065/732.png"; bbox 0 0 4130 6404; ppageno 0'>
   <div class='ocr_carea' id='block_1_1' title="bbox 245 423 382 488">
    <p class='ocr_par' dir='ltr' id='par_1_1' title="bbox 245 423 382 488">
     <span class='ocr_line' id='line_1_1' title="bbox 245 423 382 488; baseline -0.007 -1"><span class='ocrx_word' id='word_1_1' title='bbox 245 423 382 488; x_wconf 69' lang='grc'><strong>1153</strong></span> 
     </span>
    </p>
   </div>
   <div class='ocr_carea' id='block_1_2' title="bbox 1203 418 2566 486">
    <p class='ocr_par' dir='ltr' id='par_1_2' title="bbox 1203 418 2566 486">
     <span class='ocr_line' id='line_1_2' title="bbox 1203 418 2566 486; baseline -0.001 -1"><span class='ocrx_word' id='word_1_2' title='bbox 1203 422 1539 486; x_wconf 80' lang='lat' dir='ltr'><strong>JOANNES</strong></span> <span class='ocrx_word' id='word_1_3' title='bbox 1573 418 2053 485; x_wconf 67' lang='lat' dir='ltr'><strong>EUIKEENSIS.</strong></span> <span class='ocrx_word' id='word_1_4' title='bbox 2085 447 2154 456; x_wconf 85' lang='lat'><strong>—-</strong></span> <span class='ocrx_word' id='word_1_5' title='bbox 2180 419 2566 483; x_wconf 83' lang='lat' dir='ltr'><strong>MONITUM.</strong></span> 
     </span>
    </p>
   </div>
   <div class='ocr_carea' id='block_1_3' title="bbox 3372 409 3507 478">
    <p class='ocr_par' dir='ltr' id='par_1_3' title="bbox 3372 409 3507 478">
     <span class='ocr_line' id='line_1_3' title="bbox 3372 409 3507 478; baseline 0.007 -1"><span class='ocrx_word' id='word_1_6' title='bbox 3372 409 3507 478; x_wconf 75' lang='grc'><strong>1454</strong></span> 
     </span>
    </p>
   </div>
   <div class='ocr_carea' id='block_1_4' title="bbox 242 529 3507 606">
    <p class='ocr_par' dir='ltr' id='par_1_4' title="bbox 242 529 3507 606">
     <span class='ocr_line' id='line_1_4' title="bbox 242 529 3507 606; baseline -0.003 -14"><span class='ocrx_word' id='word_1_7' title='bbox 242 535 623 592; x_wconf 74' lang='lat' dir='ltr'><strong>delitescebat.</strong></span> <span class='ocrx_word' id='word_1_8' title='bbox 691 535 755 590; x_wconf 85' lang='lat' dir='ltr'><strong>Et</strong></span> <span class='ocrx_word' id='word_1_9' title='bbox 783 553 842 592; x_wconf 92' lang='lat' dir='ltr'><strong>re</strong></span> <span class='ocrx_word' id='word_1_10' title='bbox 889 551 1025 593; x_wconf 90' lang='lat' dir='ltr'><strong>sane</strong></span> <span class='ocrx_word' id='word_1_11' title='bbox 1074 551 1202 592; x_wconf 88' lang='lat' dir='ltr'><strong>vera</strong></span> <span class='ocrx_word' id='word_1_12' title='bbox 1263 540 1577 606; x_wconf 79' lang='lat' dir='ltr'><strong>quempiam</strong></span> <span class='ocrx_word' id='word_1_13' title='bbox 1642 535 1810 589; x_wconf 89' lang='lat' dir='ltr'><strong>alium</strong></span> <span class='ocrx_word' id='word_1_14' title='bbox 1844 535 2146 599; x_wconf 75' lang='lat' dir='ltr'><strong>Avetusti,</strong></span> <span class='ocrx_word' id='word_1_15' title='bbox 2204 534 2472 604; x_wconf 74' lang='lat' dir='ltr'><strong>ejusmodi</strong></span> <span class='ocrx_word' id='word_1_16' title='bbox 2525 532 2942 604; x_wconf 83' lang='lat' dir='ltr'><strong>inscriptionem</strong></span> <span class='ocrx_word' id='word_1_17' title='bbox 2999 545 3108 602; x_wconf 78' lang='lat' dir='ltr'><strong>pr:c</strong></span> <span class='ocrx_word' id='word_1_18' title='bbox 3163 546 3223 585; x_wconf 92' lang='lat' dir='ltr'><strong>se</strong></span> <span class='ocrx_word' id='word_1_19' title='bbox 3280 529 3507 597; x_wconf 86' lang='lat' dir='ltr'><strong>ferunt;</strong></span> 
     </span>
    </p>
   </div>
   <div class='ocr_carea' id='block_1_5' title="bbox 241 624 1815 693">
    <p class='ocr_par' dir='ltr' id='par_1_5' title="bbox 241 624 1815 693">
     <span class='ocr_line' id='line_1_5' title="bbox 241 624 1815 693; baseline -0.004 -12"><span class='ocrx_word' id='word_1_20' title='bbox 241 635 465 681; x_wconf 85' lang='lat' dir='ltr'><strong>exstare</strong></span> <span class='ocrx_word' id='word_1_21' title='bbox 507 626 777 693; x_wconf 87' lang='lat' dir='ltr'><strong>codicem,</strong></span> <span class='ocrx_word' id='word_1_22' title='bbox 835 626 980 681; x_wconf 91' lang='lat' dir='ltr'><strong>unde</strong></span> <span class='ocrx_word' id='word_1_23' title='bbox 1041 624 1270 679; x_wconf 78' lang='lat' dir='ltr'><strong>Joannis</strong></span> <span class='ocrx_word' id='word_1_24' title='bbox 1335 625 1479 679; x_wconf 86' lang='lat' dir='ltr'><strong>hanc</strong></span> <span class='ocrx_word' id='word_1_25' title='bbox 1532 624 1815 677; x_wconf 86' lang='lat' dir='ltr'><strong>humilium</strong></span> 
     </span>
    </p>
   </div>
   <div class='ocr_carea' id='block_1_6' title="bbox 242 714 1819 789">
    <p class='ocr_par' dir='ltr' id='par_1_6' title="bbox 242 714 1819 789">
     <span class='ocr_line' id='line_1_6' title="bbox 242 714 1819 789; baseline -0.003 -15"><span class='ocrx_word' id='word_1_26' title='bbox 242 718 629 789; x_wconf 82' lang='lat' dir='ltr'><strong>exscripsisset</strong></span> <span class='ocrx_word' id='word_1_27' title='bbox 655 718 913 784; x_wconf 82' lang='lat' dir='ltr'><strong>Allatius,</strong></span> <span class='ocrx_word' id='word_1_28' title='bbox 942 718 1055 773; x_wconf 89' lang='lat' dir='ltr'><strong>duo</strong></span> <span class='ocrx_word' id='word_1_29' title='bbox 1082 726 1238 772; x_wconf 90' lang='lat' dir='ltr'><strong>erant</strong></span> <span class='ocrx_word' id='word_1_30' title='bbox 1282 731 1404 786; x_wconf 70' lang='lat' dir='ltr'><strong>quae</strong></span> <span class='ocrx_word' id='word_1_31' title='bbox 1431 718 1594 785; x_wconf 87' lang='lat' dir='ltr'><strong>plane</strong></span> <span class='ocrx_word' id='word_1_32' title='bbox 1617 714 1819 770; x_wconf 48' lang='lat' dir='ltr'><strong>suade‘</strong></span> 
     </span>
    </p>
   </div>
   <div class='ocr_carea' id='block_1_7' title="bbox 247 808 1818 881">
    <p class='ocr_par' dir='ltr' id='par_1_7' title="bbox 247 808 1818 881">
     <span class='ocr_line' id='line_1_7' title="bbox 247 808 1818 881; baseline -0.004 -15"><span class='ocrx_word' id='word_1_33' title='bbox 247 810 401 866; x_wconf 89' lang='lat' dir='ltr'><strong>bant.</strong></span> <span class='ocrx_word' id='word_1_34' title='bbox 436 810 686 865; x_wconf 83' lang='lat' dir='ltr'><strong>Primum</strong></span> <span class='ocrx_word' id='word_1_35' title='bbox 723 813 873 881; x_wconf 90' lang='lat' dir='ltr'><strong>quod</strong></span> <span class='ocrx_word' id='word_1_36' title='bbox 912 809 1155 865; x_wconf 86' lang='lat' dir='ltr'><strong>Allatius</strong></span> <span class='ocrx_word' id='word_1_37' title='bbox 1180 809 1248 863; x_wconf 91' lang='lat' dir='ltr'><strong>de</strong></span> <span class='ocrx_word' id='word_1_38' title='bbox 1285 808 1387 862; x_wconf 88' lang='lat' dir='ltr'><strong>hac</strong></span> <span class='ocrx_word' id='word_1_39' title='bbox 1409 808 1663 862; x_wconf 90' lang='lat' dir='ltr'><strong>oratione</strong></span> <span class='ocrx_word' id='word_1_40' title='bbox 1698 822 1818 861; x_wconf 86' lang='lat' dir='ltr'><strong>ser-</strong></span> 
     </span>
    </p>
   </div>
   <div class='ocr_carea' id='block_1_8' title="bbox 245 899 1823 974">
    <p class='ocr_par' dir='ltr' id='par_1_8' title="bbox 245 899 1823 974">
     <span class='ocr_line' id='line_1_8' title="bbox 245 899 1823 974; baseline -0.004 -18"><span class='ocrx_word' id='word_1_41' title='bbox 245 917 468 956; x_wconf 87' lang='lat' dir='ltr'><strong>monem</strong></span> <span class='ocrx_word' id='word_1_42' title='bbox 512 902 816 959; x_wconf 87' lang='lat' dir='ltr'><strong>instituens</strong></span> <span class='ocrx_word' id='word_1_43' title='bbox 871 902 973 974; x_wconf 82' lang='lat'><strong>(5),</strong></span> <span class='ocrx_word' id='word_1_44' title='bbox 1009 901 1146 956; x_wconf 85' lang='lat' dir='ltr'><strong>nihil</strong></span> <span class='ocrx_word' id='word_1_45' title='bbox 1203 914 1436 971; x_wconf 81' lang='lat' dir='ltr'><strong>prorsus</strong></span> <span class='ocrx_word' id='word_1_46' title='bbox 1494 899 1823 953; x_wconf 87' lang='lat' dir='ltr'><strong>mendorum</strong></span> 
     </span>
    </p>
   </div>
   <div class='ocr_carea' id='block_1_9' title="bbox 248 991 1830 1062">
    <p class='ocr_par' dir='ltr' id='par_1_9' title="bbox 248 991 1830 1062">
     <span class='ocr_line' id='line_1_9' title="bbox 248 991 1830 1062; baseline -0.003 -15"><span class='ocrx_word' id='word_1_47' title='bbox 248 995 464 1062; x_wconf 90' lang='lat' dir='ltr'><strong>copiam</strong></span> <span class='ocrx_word' id='word_1_48' title='bbox 522 994 954 1061; x_wconf 74' lang='lat' dir='ltr'><strong>lamentaretur;</strong></span> <span class='ocrx_word' id='word_1_49' title='bbox 989 994 1223 1049; x_wconf 90' lang='lat' dir='ltr'><strong>alterum</strong></span> <span class='ocrx_word' id='word_1_50' title='bbox 1264 992 1410 1062; x_wconf 89' lang='lat' dir='ltr'><strong>quod</strong></span> <span class='ocrx_word' id='word_1_51' title='bbox 1445 991 1638 1046; x_wconf 89' lang='lat' dir='ltr'><strong>titulus</strong></span> <span class='ocrx_word' id='word_1_52' title='bbox 1701 1006 1830 1045; x_wconf 81' lang='lat' dir='ltr'><strong>ora-</strong></span> 
     </span>
    </p>
   </div>
   <div class='ocr_carea' id='block_1_10' title="bbox 248 1083 1830 1157">
    <p class='ocr_par' dir='ltr' id='par_1_10' title="bbox 248 1083 1830 1157">
     <span class='ocr_line' id='line_1_10' title="bbox 248 1083 1830 1157; baseline -0.002 -18"><span class='ocrx_word' id='word_1_53' title='bbox 248 1086 389 1140; x_wconf 90' lang='lat' dir='ltr'><strong>tioni</strong></span> <span class='ocrx_word' id='word_1_54' title='bbox 444 1086 500 1140; x_wconf 90' lang='lat' dir='ltr'><strong>in</strong></span> <span class='ocrx_word' id='word_1_55' title='bbox 550 1087 853 1157; x_wconf 83' lang='lat' dir='ltr'><strong>exemplari</strong></span> <span class='ocrx_word' id='word_1_56' title='bbox 898 1087 1180 1141; x_wconf 83' lang='lat' dir='ltr'><strong>Allatiano</strong></span> <span class='ocrx_word' id='word_1_57' title='bbox 1232 1085 1510 1155; x_wconf 65' lang='lat' dir='ltr'><strong>praefixus,</strong></span> <span class='ocrx_word' id='word_1_58' title='bbox 1546 1085 1711 1153; x_wconf 88' lang='lat' dir='ltr'><strong>plane</strong></span> <span class='ocrx_word' id='word_1_59' title='bbox 1746 1083 1830 1137; x_wconf 86' lang='lat' dir='ltr'><strong>di-</strong></span> 
     </span>
    </p>
   </div>
   <div class='ocr_carea' id='block_1_11' title="bbox 220 1176 1831 1251">
    <p class='ocr_par' dir='ltr' id='par_1_11' title="bbox 220 1176 1831 1251">
     <span class='ocr_line' id='line_1_11' title="bbox 220 1176 1831 1251; baseline -0.001 -20"><span class='ocrx_word' id='word_1_60' title='bbox 220 1194 449 1241; x_wconf 28' lang='lat' dir='ltr'><strong>,versus</strong></span> <span class='ocrx_word' id='word_1_61' title='bbox 497 1180 568 1235; x_wconf 91' lang='lat' dir='ltr'><strong>ab</strong></span> <span class='ocrx_word' id='word_1_62' title='bbox 615 1194 682 1237; x_wconf 93' lang='lat' dir='ltr'><strong>eo</strong></span> <span class='ocrx_word' id='word_1_63' title='bbox 726 1188 880 1237; x_wconf 84' lang='lat' dir='ltr'><strong>esset</strong></span> <span class='ocrx_word' id='word_1_64' title='bbox 926 1194 1092 1251; x_wconf 84' lang='lat' dir='ltr'><strong>quem</strong></span> <span class='ocrx_word' id='word_1_65' title='bbox 1157 1177 1384 1250; x_wconf 79' lang='lat' dir='ltr'><strong>praefert</strong></span> <span class='ocrx_word' id='word_1_66' title='bbox 1468 1178 1645 1231; x_wconf 81' lang='lat' dir='ltr'><strong>codex</strong></span> <span class='ocrx_word' id='word_1_67' title='bbox 1714 1176 1831 1231; x_wconf 72' lang='lat' dir='ltr'><strong>Ca:-</strong></span> 
     </span>
    </p>
   </div>
   <div class='ocr_carea' id='block_1_12' title="bbox 251 1286 474 1328">
    <p class='ocr_par' dir='ltr' id='par_1_12' title="bbox 251 1286 474 1328">
     <span class='ocr_line' id='line_1_12' title="bbox 251 1286 474 1328; baseline 0 -3"><span class='ocrx_word' id='word_1_68' title='bbox 251 1286 474 1328; x_wconf 84' lang='lat' dir='ltr'><strong>sareus.</strong></span> 
     </span>
    </p>
   </div>
   <div class='ocr_carea' id='block_1_13' title="bbox 322 1380 1821 1453">
    <p class='ocr_par' dir='ltr' id='par_1_13' title="bbox 322 1380 1821 1453">
     <span class='ocr_line' id='line_1_13' title="bbox 322 1380 1821 1453; baseline 0.001 -18"><span class='ocrx_word' id='word_1_69' title='bbox 322 1380 501 1453; x_wconf 83' lang='lat' dir='ltr'><strong>Hujus</strong></span> <span class='ocrx_word' id='word_1_70' title='bbox 529 1381 712 1453; x_wconf 86' lang='lat' dir='ltr'><strong>itaque</strong></span> <span class='ocrx_word' id='word_1_71' title='bbox 743 1383 974 1447; x_wconf 78' lang='lat' dir='ltr'><strong>codicis,</strong></span> <span class='ocrx_word' id='word_1_72' title='bbox 1012 1397 1123 1453; x_wconf 91' lang='lat' dir='ltr'><strong>quo</strong></span> <span class='ocrx_word' id='word_1_73' title='bbox 1152 1384 1284 1439; x_wconf 91' lang='lat' dir='ltr'><strong>olim</strong></span> <span class='ocrx_word' id='word_1_74' title='bbox 1322 1392 1379 1439; x_wconf 91' lang='lat' dir='ltr'><strong>ct</strong></span> <span class='ocrx_word' id='word_1_75' title='bbox 1410 1381 1652 1438; x_wconf 83' lang='lat' dir='ltr'><strong>Allatius</strong></span> <span class='ocrx_word' id='word_1_76' title='bbox 1687 1397 1821 1437; x_wconf 86' lang='lat' dir='ltr'><strong>usus</strong></span> 
     </span>
    </p>
   </div>
   <div class='ocr_carea' id='block_1_14' title="bbox 251 1474 1831 1549">
    <p class='ocr_par' dir='ltr' id='par_1_14' title="bbox 251 1474 1831 1549">
     <span class='ocr_line' id='line_1_14' title="bbox 251 1474 1831 1549; baseline -0.002 -18"><span class='ocrx_word' id='word_1_77' title='bbox 251 1482 360 1540; x_wconf 90' lang='lat' dir='ltr'><strong>est,</strong></span> <span class='ocrx_word' id='word_1_78' title='bbox 385 1490 659 1546; x_wconf 87' lang='lat' dir='ltr'><strong>quemque</strong></span> <span class='ocrx_word' id='word_1_79' title='bbox 681 1476 1032 1532; x_wconf 86' lang='lat' dir='ltr'><strong>exscribendi</strong></span> <span class='ocrx_word' id='word_1_80' title='bbox 1058 1477 1406 1549; x_wconf 73' lang='lat' dir='ltr'><strong>ac&#39;vulgandi</strong></span> <span class='ocrx_word' id='word_1_81' title='bbox 1430 1474 1831 1547; x_wconf 89' lang='lat' dir='ltr'><strong>amplissimam</strong></span> 
     </span>
    </p>
   </div>
   <div class='ocr_carea' id='block_1_15' title="bbox 252 1566 1838 1638">
    <p class='ocr_par' dir='ltr' id='par_1_15' title="bbox 252 1566 1838 1638">
     <span class='ocr_line' id='line_1_15' title="bbox 252 1566 1838 1638; baseline 0 -17"><span class='ocrx_word' id='word_1_82' title='bbox 252 1567 390 1622; x_wconf 88' lang='lat' dir='ltr'><strong>mihi</strong></span> <span class='ocrx_word' id='word_1_83' title='bbox 448 1567 665 1623; x_wconf 79' lang='lat' dir='ltr'><strong>veniam</strong></span> <span class='ocrx_word' id='word_1_84' title='bbox 727 1582 942 1623; x_wconf 90' lang='lat' dir='ltr'><strong>summa</strong></span> <span class='ocrx_word' id='word_1_85' title='bbox 1018 1569 1471 1625; x_wconf 80' lang='lat' dir='ltr'><strong>excellentissimi</strong></span> <span class='ocrx_word' id='word_1_86' title='bbox 1564 1566 1838 1638; x_wconf 88' lang='lat' dir='ltr'><strong>principis</strong></span> 
     </span>
    </p>
   </div>
   <div class='ocr_carea' id='block_1_16' title="bbox 252 1661 1835 1735">
    <p class='ocr_par' dir='ltr' id='par_1_16' title="bbox 252 1661 1835 1735">
     <span class='ocr_line' id='line_1_16' title="bbox 252 1661 1835 1735; baseline 0.001 -20"><span class='ocrx_word' id='word_1_87' title='bbox 252 1661 545 1717; x_wconf 83' lang='lat' dir='ltr'><strong>Barberini</strong></span> <span class='ocrx_word' id='word_1_88' title='bbox 583 1662 713 1718; x_wconf 90' lang='lat' dir='ltr'><strong>fecit</strong></span> <span class='ocrx_word' id='word_1_89' title='bbox 744 1662 1083 1728; x_wconf 87' lang='lat' dir='ltr'><strong>humanitas,</strong></span> <span class='ocrx_word' id='word_1_90' title='bbox 1116 1665 1392 1735; x_wconf 86' lang='lat' dir='ltr'><strong>integrum</strong></span> <span class='ocrx_word' id='word_1_91' title='bbox 1425 1670 1638 1718; x_wconf 79' lang='lat' dir='ltr'><strong>textum</strong></span> <span class='ocrx_word' id='word_1_92' title='bbox 1663 1662 1835 1717; x_wconf 83' lang='lat' dir='ltr'><strong>dabo.</strong></span> 
     </span>
    </p>
   </div>
   <div class='ocr_carea' id='block_1_17' title="bbox 254 1752 1840 1825">
    <p class='ocr_par' dir='ltr' id='par_1_17' title="bbox 254 1752 1840 1825">
     <span class='ocr_line' id='line_1_17' title="bbox 254 1752 1840 1825; baseline 0 -18"><span class='ocrx_word' id='word_1_93' title='bbox 254 1752 374 1808; x_wconf 67' lang='lat' dir='ltr'><strong>Non</strong></span> <span class='ocrx_word' id='word_1_94' title='bbox 410 1762 561 1809; x_wconf 90' lang='lat' dir='ltr'><strong>caret</strong></span> <span class='ocrx_word' id='word_1_95' title='bbox 595 1753 815 1825; x_wconf 84' lang='lat' dir='ltr'><strong>quidem</strong></span> <span class='ocrx_word' id='word_1_96' title='bbox 871 1762 926 1809; x_wconf 89' lang='lat' dir='ltr'><strong>et</strong></span> <span class='ocrx_word' id='word_1_97' title='bbox 962 1755 1051 1810; x_wconf 93' lang='lat' dir='ltr'><strong>hic</strong></span> <span class='ocrx_word' id='word_1_98' title='bbox 1103 1756 1277 1812; x_wconf 84' lang='lat' dir='ltr'><strong>codex</strong></span> <span class='ocrx_word' id='word_1_99' title='bbox 1318 1755 1435 1811; x_wconf 84' lang='lat' dir='ltr'><strong>suis</strong></span> <span class='ocrx_word' id='word_1_100' title='bbox 1473 1753 1703 1809; x_wconf 85' lang='lat' dir='ltr'><strong>&#39;tnendis</strong></span> <span class='ocrx_word' id='word_1_101' title='bbox 1740 1770 1755 1807; x_wconf 87' lang='lat'><strong>:</strong></span> <span class='ocrx_word' id='word_1_102' title='bbox 1785 1760 1840 1807; x_wconf 93' lang='lat' dir='ltr'><strong>at</strong></span> 
     </span>
    </p>
   </div>
   <div class='ocr_carea' id='block_1_18' title="bbox 255 1845 1829 1917">
    <p class='ocr_par' dir='ltr' id='par_1_18' title="bbox 255 1845 1829 1917">
     <span class='ocr_line' id='line_1_18' title="bbox 255 1845 1829 1917; baseline 0 -18"><span class='ocrx_word' id='word_1_103' title='bbox 255 1845 465 1901; x_wconf 82' lang='lat' dir='ltr'><strong>leviora</strong></span> <span class='ocrx_word' id='word_1_104' title='bbox 497 1846 588 1900; x_wconf 91' lang='lat' dir='ltr'><strong>illa</strong></span> <span class='ocrx_word' id='word_1_105' title='bbox 618 1853 770 1911; x_wconf 90' lang='lat' dir='ltr'><strong>sunt,</strong></span> <span class='ocrx_word' id='word_1_106' title='bbox 807 1861 987 1915; x_wconf 90' lang='lat' dir='ltr'><strong>neque</strong></span> <span class='ocrx_word' id='word_1_107' title='bbox 1015 1846 1290 1917; x_wconf 88' lang='lat' dir='ltr'><strong>ejusmodi</strong></span> <span class='ocrx_word' id='word_1_108' title='bbox 1327 1847 1616 1902; x_wconf 89' lang='lat' dir='ltr'><strong>obducunt</strong></span> <span class='ocrx_word' id='word_1_109' title='bbox 1671 1853 1829 1901; x_wconf 88' lang='lat' dir='ltr'><strong>tene-</strong></span> 
     </span>
    </p>
   </div>
   <div class='ocr_carea' id='block_1_19' title="bbox 255 1935 1833 2008">
    <p class='ocr_par' dir='ltr' id='par_1_19' title="bbox 255 1935 1833 2008">
     <span class='ocr_line' id='line_1_19' title="bbox 255 1935 1833 2008; baseline -0.002 -16"><span class='ocrx_word' id='word_1_110' title='bbox 255 1936 418 2001; x_wconf 83' lang='lat' dir='ltr'><strong>bras,</strong></span> <span class='ocrx_word' id='word_1_111' title='bbox 445 1945 507 1991; x_wconf 92' lang='lat' dir='ltr'><strong>ut</strong></span> <span class='ocrx_word' id='word_1_112' title='bbox 533 1935 807 1993; x_wconf 88' lang='lat' dir='ltr'><strong>orationis</strong></span> <span class='ocrx_word' id='word_1_113' title='bbox 836 1952 1035 1993; x_wconf 88' lang='lat' dir='ltr'><strong>sensus</strong></span> <span class='ocrx_word' id='word_1_114' title='bbox 1070 1939 1298 1993; x_wconf 88' lang='lat' dir='ltr'><strong>omnino</strong></span> <span class='ocrx_word' id='word_1_115' title='bbox 1354 1937 1547 2008; x_wconf 88' lang='lat' dir='ltr'><strong>fugiat.</strong></span> <span class='ocrx_word' id='word_1_116' title='bbox 1600 1937 1833 2005; x_wconf 84' lang='lat' dir='ltr'><strong>Insuper</strong></span> 
     </span>
    </p>
   </div>
   <div class='ocr_carea' id='block_1_20' title="bbox 255 2028 1834 2101">
    <p class='ocr_par' dir='ltr' id='par_1_20' title="bbox 255 2028 1834 2101">
     <span class='ocr_line' id='line_1_20' title="bbox 255 2028 1834 2101; baseline 0 -17"><span class='ocrx_word' id='word_1_117' title='bbox 255 2028 346 2084; x_wconf 86' lang='lat' dir='ltr'><strong>his</strong></span> <span class='ocrx_word' id='word_1_118' title='bbox 399 2044 619 2101; x_wconf 88' lang='lat' dir='ltr'><strong>quoque</strong></span> <span class='ocrx_word' id='word_1_119' title='bbox 677 2028 1025 2101; x_wconf 88' lang='lat' dir='ltr'><strong>corrigendis</strong></span> <span class='ocrx_word' id='word_1_120' title='bbox 1088 2045 1250 2086; x_wconf 93' lang='lat' dir='ltr'><strong>suum</strong></span> <span class='ocrx_word' id='word_1_121' title='bbox 1292 2030 1518 2101; x_wconf 87' lang='lat' dir='ltr'><strong>aliquod</strong></span> <span class='ocrx_word' id='word_1_122' title='bbox 1594 2028 1834 2084; x_wconf 70' lang='lat' dir='ltr'><strong>Caesarei</strong></span> 
     </span>
    </p>
   </div>
   <div class='ocr_carea' id='block_1_21' title="bbox 246 2117 1835 2206">
    <p class='ocr_par' dir='ltr' id='par_1_21' title="bbox 246 2117 1835 2206">
     <span class='ocr_line' id='line_1_21' title="bbox 246 2117 1835 2206; baseline -0.001 -31"><span class='ocrx_word' id='word_1_123' title='bbox 246 2117 498 2206; x_wconf 76' lang='lat' dir='ltr'><strong>&#39;codices,</strong></span> <span class='ocrx_word' id='word_1_124' title='bbox 549 2126 675 2173; x_wconf 91' lang='lat' dir='ltr'><strong>utut</strong></span> <span class='ocrx_word' id='word_1_125' title='bbox 726 2119 1159 2189; x_wconf 87' lang='lat' dir='ltr'><strong>corruptissimi,</strong></span> <span class='ocrx_word' id='word_1_126' title='bbox 1212 2119 1532 2190; x_wconf 83' lang='lat' dir='ltr'><strong>praesidium</strong></span> <span class='ocrx_word' id='word_1_127' title='bbox 1568 2118 1835 2173; x_wconf 89' lang='lat' dir='ltr'><strong>conferre</strong></span> 
     </span>
    </p>
   </div>
   <div class='ocr_carea' id='block_1_22' title="bbox 254 2209 1840 2280">
    <p class='ocr_par' dir='ltr' id='par_1_22' title="bbox 254 2209 1840 2280">
     <span class='ocr_line' id='line_1_22' title="bbox 254 2209 1840 2280; baseline 0.001 -18"><span class='ocrx_word' id='word_1_128' title='bbox 254 2216 585 2279; x_wconf 83' lang='lat' dir='ltr'><strong>potuerunt;</strong></span> <span class='ocrx_word' id='word_1_129' title='bbox 615 2209 760 2280; x_wconf 91' lang='lat' dir='ltr'><strong>quod</strong></span> <span class='ocrx_word' id='word_1_130' title='bbox 797 2210 975 2265; x_wconf 89' lang='lat' dir='ltr'><strong>sicubi</strong></span> <span class='ocrx_word' id='word_1_131' title='bbox 1006 2210 1120 2276; x_wconf 85' lang='lat' dir='ltr'><strong>flat,</strong></span> <span class='ocrx_word' id='word_1_132' title='bbox 1151 2211 1219 2266; x_wconf 82' lang='lat' dir='ltr'><strong>ad</strong></span> <span class='ocrx_word' id='word_1_133' title='bbox 1239 2212 1449 2266; x_wconf 83' lang='lat' dir='ltr'><strong>calcem</strong></span> <span class='ocrx_word' id='word_1_134' title='bbox 1479 2210 1840 2266; x_wconf 90' lang='lat' dir='ltr'><strong>subnotatum</strong></span> 
     </span>
    </p>
   </div>
   <div class='ocr_carea' id='block_1_23' title="bbox 255 2300 1843 2361">
    <p class='ocr_par' dir='ltr' id='par_1_23' title="bbox 255 2300 1843 2361">
     <span class='ocr_line' id='line_1_23' title="bbox 255 2300 1843 2361; baseline 0.001 -5"><span class='ocrx_word' id='word_1_135' title='bbox 255 2300 434 2357; x_wconf 88' lang='lat' dir='ltr'><strong>lector</strong></span> <span class='ocrx_word' id='word_1_136' title='bbox 461 2302 727 2358; x_wconf 82' lang='lat' dir='ltr'><strong>inveniet.</strong></span> <span class='ocrx_word' id='word_1_137' title='bbox 772 2301 815 2356; x_wconf 88' lang='lat' dir='ltr'><strong>E</strong></span> <span class='ocrx_word' id='word_1_138' title='bbox 852 2301 1128 2359; x_wconf 80' lang='lat' dir='ltr'><strong>Caesareis</strong></span> <span class='ocrx_word' id='word_1_139' title='bbox 1166 2312 1350 2359; x_wconf 91' lang='lat' dir='ltr'><strong>autem</strong></span> <span class='ocrx_word' id='word_1_140' title='bbox 1398 2303 1688 2361; x_wconf 88' lang='lat' dir='ltr'><strong>codicibus</strong></span> <span class='ocrx_word' id='word_1_141' title='bbox 1731 2319 1843 2358; x_wconf 91' lang='lat' dir='ltr'><strong>non</strong></span> 
     </span>
    </p>
   </div>
   <div class='ocr_carea' id='block_1_24' title="bbox 254 2393 1849 2466">
    <p class='ocr_par' dir='ltr' id='par_1_24' title="bbox 254 2393 1849 2466">
     <span class='ocr_line' id='line_1_24' title="bbox 254 2393 1849 2466; baseline 0.002 -19"><span class='ocrx_word' id='word_1_142' title='bbox 254 2393 564 2449; x_wconf 88' lang='lat' dir='ltr'><strong>recensebo</strong></span> <span class='ocrx_word' id='word_1_143' title='bbox 599 2393 846 2464; x_wconf 89' lang='lat' dir='ltr'><strong>quidem,</strong></span> <span class='ocrx_word' id='word_1_144' title='bbox 881 2402 1144 2466; x_wconf 90' lang='lat' dir='ltr'><strong>tanquam</strong></span> <span class='ocrx_word' id='word_1_145' title='bbox 1195 2396 1380 2451; x_wconf 88' lang='lat' dir='ltr'><strong>varias</strong></span> <span class='ocrx_word' id='word_1_146' title='bbox 1433 2395 1729 2458; x_wconf 86' lang='lat' dir='ltr'><strong>lectiones.</strong></span> <span class='ocrx_word' id='word_1_147' title='bbox 1755 2410 1849 2452; x_wconf 85' lang='lat' dir='ltr'><strong>eo-</strong></span> 
     </span>
    </p>
   </div>
   <div class='ocr_carea' id='block_1_25' title="bbox 255 2484 1849 2557">
    <p class='ocr_par' dir='ltr' id='par_1_25' title="bbox 255 2484 1849 2557">
     <span class='ocr_line' id='line_1_25' title="bbox 255 2484 1849 2557; baseline 0.002 -18"><span class='ocrx_word' id='word_1_148' title='bbox 255 2499 384 2539; x_wconf 85' lang='lat' dir='ltr'><strong>rum</strong></span> <span class='ocrx_word' id='word_1_149' title='bbox 452 2484 650 2541; x_wconf 90' lang='lat' dir='ltr'><strong>menda</strong></span> <span class='ocrx_word' id='word_1_150' title='bbox 710 2501 882 2557; x_wconf 88' lang='lat' dir='ltr'><strong>prope</strong></span> <span class='ocrx_word' id='word_1_151' title='bbox 947 2487 1272 2549; x_wconf 87' lang='lat' dir='ltr'><strong>innumera;</strong></span> <span class='ocrx_word' id='word_1_152' title='bbox 1331 2487 1608 2543; x_wconf 88' lang='lat' dir='ltr'><strong>adnotabo</strong></span> <span class='ocrx_word' id='word_1_153' title='bbox 1666 2496 1849 2543; x_wconf 90' lang='lat' dir='ltr'><strong>tamen</strong></span> 
     </span>
    </p>
   </div>
   <div class='ocr_carea' id='block_1_26' title="bbox 257 2575 1853 2647">
    <p class='ocr_par' dir='ltr' id='par_1_26' title="bbox 257 2575 1853 2647">
     <span class='ocr_line' id='line_1_26' title="bbox 257 2575 1853 2647; baseline 0.004 -20"><span class='ocrx_word' id='word_1_154' title='bbox 257 2575 320 2627; x_wconf 74' lang='grc' dir='ltr'><strong>1ο</strong></span> <span class='ocrx_word' id='word_1_155' title='bbox 356 2577 575 2647; x_wconf 89' lang='lat' dir='ltr'><strong>quando</strong></span> <span class='ocrx_word' id='word_1_156' title='bbox 626 2577 693 2633; x_wconf 92' lang='lat' dir='ltr'><strong>ad</strong></span> <span class='ocrx_word' id='word_1_157' title='bbox 740 2577 936 2633; x_wconf 90' lang='lat' dir='ltr'><strong>menda</strong></span> <span class='ocrx_word' id='word_1_158' title='bbox 981 2576 1364 2634; x_wconf 86' lang='lat' dir='ltr'><strong>Barbcriniani</strong></span> <span class='ocrx_word' id='word_1_159' title='bbox 1397 2578 1608 2635; x_wconf 88' lang='lat' dir='ltr'><strong>codicis</strong></span> <span class='ocrx_word' id='word_1_160' title='bbox 1637 2579 1853 2636; x_wconf 89' lang='lat' dir='ltr'><strong>abster-</strong></span> 
     </span>
    </p>
   </div>
   <div class='ocr_carea' id='block_1_27' title="bbox 259 2668 1855 2741">
    <p class='ocr_par' dir='ltr' id='par_1_27' title="bbox 259 2668 1855 2741">
     <span class='ocr_line' id='line_1_27' title="bbox 259 2668 1855 2741; baseline 0.003 -18"><span class='ocrx_word' id='word_1_161' title='bbox 259 2669 441 2739; x_wconf 78' lang='lat' dir='ltr'><strong>genda</strong></span> <span class='ocrx_word' id='word_1_162' title='bbox 470 2668 680 2739; x_wconf 86' lang='lat' dir='ltr'><strong>aliquid</strong></span> <span class='ocrx_word' id='word_1_163' title='bbox 708 2670 1083 2739; x_wconf 88' lang='lat' dir='ltr'><strong>contulerint;</strong></span> <span class='ocrx_word' id='word_1_164' title='bbox 1109 2671 1167 2724; x_wconf 77' lang='lat'><strong>2°</strong></span> <span class='ocrx_word' id='word_1_165' title='bbox 1190 2672 1237 2727; x_wconf 90' lang='lat' dir='ltr'><strong>si</strong></span> <span class='ocrx_word' id='word_1_166' title='bbox 1255 2672 1479 2741; x_wconf 91' lang='lat' dir='ltr'><strong>quando</strong></span> <span class='ocrx_word' id='word_1_167' title='bbox 1495 2673 1629 2728; x_wconf 90' lang='lat' dir='ltr'><strong>citra</strong></span> <span class='ocrx_word' id='word_1_168' title='bbox 1657 2672 1855 2729; x_wconf 88' lang='lat' dir='ltr'><strong>menda</strong></span> 
     </span>
    </p>
   </div>
   <div class='ocr_carea' id='block_1_28' title="bbox 260 2761 1859 2835">
    <p class='ocr_par' dir='ltr' id='par_1_28' title="bbox 260 2761 1859 2835">
     <span class='ocr_line' id='line_1_28' title="bbox 260 2761 1859 2835; baseline 0.004 -21"><span class='ocrx_word' id='word_1_169' title='bbox 260 2761 471 2815; x_wconf 89' lang='lat' dir='ltr'><strong>variam</strong></span> <span class='ocrx_word' id='word_1_170' title='bbox 503 2762 745 2832; x_wconf 88' lang='lat' dir='ltr'><strong>aliquam</strong></span> <span class='ocrx_word' id='word_1_171' title='bbox 770 2761 1059 2819; x_wconf 85' lang='lat' dir='ltr'><strong>lectionem</strong></span> <span class='ocrx_word' id='word_1_172' title='bbox 1088 2771 1183 2819; x_wconf 92' lang='lat' dir='ltr'><strong>aut</strong></span> <span class='ocrx_word' id='word_1_173' title='bbox 1202 2764 1532 2820; x_wconf 87' lang='lat' dir='ltr'><strong>sententiam</strong></span> <span class='ocrx_word' id='word_1_174' title='bbox 1558 2779 1668 2835; x_wconf 70' lang='lat' dir='ltr'><strong>pra:</strong></span> <span class='ocrx_word' id='word_1_175' title='bbox 1688 2780 1748 2821; x_wconf 89' lang='lat' dir='ltr'><strong>se</strong></span> <span class='ocrx_word' id='word_1_176' title='bbox 1777 2765 1859 2821; x_wconf 78' lang='lat' dir='ltr'><strong>fe-</strong></span> 
     </span>
    </p>
   </div>
   <div class='ocr_carea' id='block_1_29' title="bbox 263 2851 523 2924">
    <p class='ocr_par' dir='ltr' id='par_1_29' title="bbox 263 2851 523 2924">
     <span class='ocr_line' id='line_1_29' title="bbox 263 2851 523 2924; baseline 0.008 -19"><span class='ocrx_word' id='word_1_177' title='bbox 263 2861 396 2907; x_wconf 84' lang='lat' dir='ltr'><strong>rant</strong></span> <span class='ocrx_word' id='word_1_178' title='bbox 420 2851 523 2924; x_wconf 87' lang='lat'><strong>(6).</strong></span> 
     </span>
    </p>
   </div>
   <div class='ocr_carea' id='block_1_30' title="bbox 336 2960 1863 3035">
    <p class='ocr_par' dir='ltr' id='par_1_30' title="bbox 336 2960 1863 3035">
     <span class='ocr_line' id='line_1_30' title="bbox 336 2960 1863 3035; baseline -0.002 -15"><span class='ocrx_word' id='word_1_179' title='bbox 336 2964 405 3022; x_wconf 70' lang='grc' dir='ltr'><strong>Υ.</strong></span> <span class='ocrx_word' id='word_1_180' title='bbox 439 2966 516 3023; x_wconf 91' lang='lat' dir='ltr'><strong>De</strong></span> <span class='ocrx_word' id='word_1_181' title='bbox 554 2966 823 3023; x_wconf 82' lang='lat' dir='ltr'><strong>orationis</strong></span> <span class='ocrx_word' id='word_1_182' title='bbox 882 2971 1109 3022; x_wconf 90' lang='lat' dir='ltr'><strong>auctore</strong></span> <span class='ocrx_word' id='word_1_183' title='bbox 1135 2960 1347 3021; x_wconf 81' lang='lat' dir='ltr'><strong>Joanne</strong></span> <span class='ocrx_word' id='word_1_184' title='bbox 1373 2963 1669 3021; x_wconf 75' lang='lat' dir='ltr'><strong>Eubmensi</strong></span> <span class='ocrx_word' id='word_1_185' title='bbox 1726 2979 1863 3035; x_wconf 87' lang='lat' dir='ltr'><strong>pau-</strong></span> 
     </span>
    </p>
   </div>
   <div class='ocr_carea' id='block_1_31' title="bbox 262 3060 1870 3133">
    <p class='ocr_par' dir='ltr' id='par_1_31' title="bbox 262 3060 1870 3133">
     <span class='ocr_line' id='line_1_31' title="bbox 262 3060 1870 3133; baseline -0.001 -19"><span class='ocrx_word' id='word_1_186' title='bbox 262 3075 332 3114; x_wconf 89' lang='lat' dir='ltr'><strong>ca</strong></span> <span class='ocrx_word' id='word_1_187' title='bbox 363 3061 596 3115; x_wconf 92' lang='lat' dir='ltr'><strong>omnino</strong></span> <span class='ocrx_word' id='word_1_188' title='bbox 625 3068 778 3126; x_wconf 86' lang='lat' dir='ltr'><strong>sunt,</strong></span> <span class='ocrx_word' id='word_1_189' title='bbox 804 3076 926 3130; x_wconf 69' lang='lat' dir='ltr'><strong>quas</strong></span> <span class='ocrx_word' id='word_1_190' title='bbox 971 3061 1080 3117; x_wconf 90' lang='lat' dir='ltr'><strong>dici</strong></span> <span class='ocrx_word' id='word_1_191' title='bbox 1118 3062 1352 3133; x_wconf 88' lang='lat' dir='ltr'><strong>possint.</strong></span> <span class='ocrx_word' id='word_1_192' title='bbox 1386 3061 1461 3117; x_wconf 90' lang='lat' dir='ltr'><strong>De</strong></span> <span class='ocrx_word' id='word_1_193' title='bbox 1489 3060 1613 3133; x_wconf 88' lang='lat' dir='ltr'><strong>ipso</strong></span> <span class='ocrx_word' id='word_1_194' title='bbox 1645 3061 1870 3117; x_wconf 86' lang='lat' dir='ltr'><strong>Guillel.</strong></span> 
     </span>
    </p>
   </div>
   <div class='ocr_carea' id='block_1_32' title="bbox 266 3152 1864 3225">
    <p class='ocr_par' dir='ltr' id='par_1_32' title="bbox 266 3152 1864 3225">
     <span class='ocr_line' id='line_1_32' title="bbox 266 3152 1864 3225; baseline -0.001 -17"><span class='ocrx_word' id='word_1_195' title='bbox 266 3167 395 3208; x_wconf 81' lang='lat' dir='ltr'><strong>mils</strong></span> <span class='ocrx_word' id='word_1_196' title='bbox 417 3152 561 3208; x_wconf 84' lang='lat' dir='ltr'><strong>Cave</strong></span> <span class='ocrx_word' id='word_1_197' title='bbox 588 3153 821 3225; x_wconf 82' lang='lat' dir='ltr'><strong>(llistor.</strong></span> <span class='ocrx_word' id='word_1_198' title='bbox 858 3153 1115 3216; x_wconf 64' lang='lat' dir='ltr'><strong>litteram</strong></span> <span class='ocrx_word' id='word_1_199' title='bbox 1139 3153 1208 3209; x_wconf 89' lang='lat' dir='ltr'><strong>ad</strong></span> <span class='ocrx_word' id='word_1_200' title='bbox 1239 3170 1371 3209; x_wconf 89' lang='lat' dir='ltr'><strong>ann.</strong></span> <span class='ocrx_word' id='word_1_201' title='bbox 1405 3154 1529 3224; x_wconf 69' lang='grc'><strong>744)</strong></span> <span class='ocrx_word' id='word_1_202' title='bbox 1560 3172 1576 3209; x_wconf 88' lang='lat'><strong>:</strong></span> <span class='ocrx_word' id='word_1_203' title='bbox 1631 3153 1864 3209; x_wconf 79' lang='lat' dir='ltr'><strong>Joannes</strong></span> 
     </span>
    </p>
   </div>
   <div class='ocr_carea' id='block_1_33' title="bbox 270 3337 1857 3406">
    <p class='ocr_par' dir='ltr' id='par_1_33' title="bbox 270 3337 1857 3406">
     <span class='ocr_line' id='line_1_33' title="bbox 270 3337 1857 3406; baseline 0.003 -17"><span class='ocrx_word' id='word_1_204' title='bbox 270 3338 401 3391; x_wconf 66' lang='lat' dir='ltr'><strong>bace</strong></span> <span class='ocrx_word' id='word_1_205' title='bbox 435 3338 733 3406; x_wconf 85' lang='lat' dir='ltr'><strong>episcopus,</strong></span> <span class='ocrx_word' id='word_1_206' title='bbox 770 3337 971 3392; x_wconf 81' lang='lat' dir='ltr'><strong>claruit</strong></span> <span class='ocrx_word' id='word_1_207' title='bbox 1001 3337 1145 3391; x_wconf 87' lang='lat' dir='ltr'><strong>circa</strong></span> <span class='ocrx_word' id='word_1_208' title='bbox 1175 3354 1374 3392; x_wconf 87' lang='lat' dir='ltr'><strong>annum</strong></span> <span class='ocrx_word' id='word_1_209' title='bbox 1404 3338 1527 3393; x_wconf 71' lang='grc'><strong>744.</strong></span> <span class='ocrx_word' id='word_1_210' title='bbox 1559 3338 1659 3393; x_wconf 90' lang='lat' dir='ltr'><strong>Cui</strong></span> <span class='ocrx_word' id='word_1_211' title='bbox 1716 3352 1857 3393; x_wconf 90' lang='lat' dir='ltr'><strong>con-</strong></span> 
     </span>
    </p>
   </div>
   <div class='ocr_carea' id='block_1_34' title="bbox 271 3429 1860 3501">
    <p class='ocr_par' dir='ltr' id='par_1_34' title="bbox 271 3429 1860 3501">
     <span class='ocr_line' id='line_1_34' title="bbox 271 3429 1860 3501; baseline -0.001 -16"><span class='ocrx_word' id='word_1_212' title='bbox 271 3429 609 3485; x_wconf 87' lang='lat' dir='ltr'><strong>sentientem</strong></span> <span class='ocrx_word' id='word_1_213' title='bbox 646 3444 743 3485; x_wconf 91' lang='lat' dir='ltr'><strong>seu</strong></span> <span class='ocrx_word' id='word_1_214' title='bbox 780 3429 969 3499; x_wconf 86' lang='lat' dir='ltr'><strong>potius</strong></span> <span class='ocrx_word' id='word_1_215' title='bbox 1022 3440 1358 3501; x_wconf 64' lang='lat' dir='ltr'><strong>praeuntem</strong></span> <span class='ocrx_word' id='word_1_216' title='bbox 1406 3430 1674 3485; x_wconf 89' lang='lat' dir='ltr'><strong>habemus</strong></span> <span class='ocrx_word' id='word_1_217' title='bbox 1723 3430 1860 3484; x_wconf 81' lang='lat' dir='ltr'><strong>Leo-</strong></span> 
     </span>
    </p>
   </div>
   <div class='ocr_carea' id='block_1_35' title="bbox 273 3520 1860 3592">
    <p class='ocr_par' dir='ltr' id='par_1_35' title="bbox 273 3520 1860 3592">
     <span class='ocr_line' id='line_1_35' title="bbox 273 3520 1860 3592; baseline 0 -17"><span class='ocrx_word' id='word_1_218' title='bbox 273 3536 403 3575; x_wconf 90' lang='lat' dir='ltr'><strong>nem</strong></span> <span class='ocrx_word' id='word_1_219' title='bbox 434 3521 722 3585; x_wconf 85' lang='lat' dir='ltr'><strong>Allatium,</strong></span> <span class='ocrx_word' id='word_1_220' title='bbox 771 3520 865 3592; x_wconf 91' lang='lat' dir='ltr'><strong>qui</strong></span> <span class='ocrx_word' id='word_1_221' title='bbox 897 3521 955 3576; x_wconf 91' lang='lat' dir='ltr'><strong>in</strong></span> <span class='ocrx_word' id='word_1_222' title='bbox 981 3522 1221 3577; x_wconf 86' lang='lat' dir='ltr'><strong>laudatis</strong></span> <span class='ocrx_word' id='word_1_223' title='bbox 1278 3523 1537 3592; x_wconf 85' lang='lat' dir='ltr'><strong>superius</strong></span> <span class='ocrx_word' id='word_1_224' title='bbox 1604 3521 1860 3591; x_wconf 82' lang='lat' dir='ltr'><strong>prolego-</strong></span> 
     </span>
    </p>
   </div>
   <div class='ocr_carea' id='block_1_36' title="bbox 271 3610 1859 3682">
    <p class='ocr_par' dir='ltr' id='par_1_36' title="bbox 271 3610 1859 3682">
     <span class='ocr_line' id='line_1_36' title="bbox 271 3610 1859 3682; baseline -0.001 -17"><span class='ocrx_word' id='word_1_225' title='bbox 271 3611 455 3666; x_wconf 88' lang='lat' dir='ltr'><strong>menis</strong></span> <span class='ocrx_word' id='word_1_226' title='bbox 522 3610 699 3682; x_wconf 78' lang='lat'><strong>(§68</strong></span> <span class='ocrx_word' id='word_1_227' title='bbox 728 3614 769 3681; x_wconf 91' lang='lat'><strong>),</strong></span> <span class='ocrx_word' id='word_1_228' title='bbox 829 3610 1034 3666; x_wconf 88' lang='lat' dir='ltr'><strong>fatetur</strong></span> <span class='ocrx_word' id='word_1_229' title='bbox 1079 3625 1205 3667; x_wconf 91' lang='lat' dir='ltr'><strong>eum</strong></span> <span class='ocrx_word' id='word_1_230' title='bbox 1261 3627 1401 3665; x_wconf 88' lang='lat' dir='ltr'><strong>nunc</strong></span> <span class='ocrx_word' id='word_1_231' title='bbox 1459 3611 1859 3682; x_wconf 79' lang='lat' dir='ltr'><strong>presbyterum,</strong></span> 
     </span>
    </p>
   </div>
   <div class='ocr_carea' id='block_1_37' title="bbox 272 3701 1864 3771">
    <p class='ocr_par' dir='ltr' id='par_1_37' title="bbox 272 3701 1864 3771">
     <span class='ocr_line' id='line_1_37' title="bbox 272 3701 1864 3771; baseline 0 -16"><span class='ocrx_word' id='word_1_232' title='bbox 272 3718 416 3756; x_wconf 86' lang='lat' dir='ltr'><strong>nunc</strong></span> <span class='ocrx_word' id='word_1_233' title='bbox 446 3701 661 3757; x_wconf 77' lang='lat' dir='ltr'><strong>Euboea:</strong></span> <span class='ocrx_word' id='word_1_234' title='bbox 687 3702 1008 3771; x_wconf 79' lang='lat' dir='ltr'><strong>episcopum,</strong></span> <span class='ocrx_word' id='word_1_235' title='bbox 1041 3702 1373 3756; x_wconf 75' lang='lat' dir='ltr'><strong>orationibus</strong></span> <span class='ocrx_word' id='word_1_236' title='bbox 1408 3704 1473 3755; x_wconf 87' lang='lat' dir='ltr'><strong>ab</strong></span> <span class='ocrx_word' id='word_1_237' title='bbox 1503 3719 1564 3757; x_wconf 88' lang='lat' dir='ltr'><strong>eo</strong></span> <span class='ocrx_word' id='word_1_238' title='bbox 1600 3702 1864 3771; x_wconf 86' lang='lat' dir='ltr'><strong>composi-</strong></span> 
     </span>
    </p>
   </div>
   <div class='ocr_carea' id='block_1_38' title="bbox 280 3794 1863 3866">
    <p class='ocr_par' dir='ltr' id='par_1_38' title="bbox 280 3794 1863 3866">
     <span class='ocr_line' id='line_1_38' title="bbox 280 3794 1863 3866; baseline -0.001 -17"><span class='ocrx_word' id='word_1_239' title='bbox 280 3796 348 3849; x_wconf 89' lang='lat' dir='ltr'><strong>tis</strong></span> <span class='ocrx_word' id='word_1_240' title='bbox 380 3797 609 3866; x_wconf 77' lang='lat' dir='ltr'><strong>prwﬁgi.</strong></span> <span class='ocrx_word' id='word_1_241' title='bbox 645 3794 846 3853; x_wconf 90' lang='lat' dir='ltr'><strong>Subdit</strong></span> <span class='ocrx_word' id='word_1_242' title='bbox 869 3813 1002 3854; x_wconf 90' lang='lat' dir='ltr'><strong>vero</strong></span> <span class='ocrx_word' id='word_1_243' title='bbox 1035 3811 1051 3851; x_wconf 89' lang='lat'><strong>:</strong></span> <span class='ocrx_word' id='word_1_244' title='bbox 1086 3796 1318 3864; x_wconf 79' lang='lat' dir='ltr'><strong>Quanta:</strong></span> <span class='ocrx_word' id='word_1_245' title='bbox 1365 3798 1475 3865; x_wconf 88' lang='lat' dir='ltr'><strong>ipse</strong></span> <span class='ocrx_word' id='word_1_246' title='bbox 1530 3796 1583 3849; x_wconf 90' lang='lat' dir='ltr'><strong>in</strong></span> <span class='ocrx_word' id='word_1_247' title='bbox 1612 3794 1863 3850; x_wconf 80' lang='lat' dir='ltr'><strong>Ecclesia</strong></span> 
     </span>
    </p>
   </div>
   <div class='ocr_carea' id='block_1_39' title="bbox 273 3874 1845 3954">
    <p class='ocr_par' dir='ltr' id='par_1_39' title="bbox 273 3874 1845 3954">
     <span class='ocr_line' id='line_1_39' title="bbox 273 3874 1845 3954; baseline 0.001 -15"><span class='ocrx_word' id='word_1_248' title='bbox 273 3886 436 3954; x_wconf 76' lang='lat' dir='ltr'><strong>fuerit</strong></span> <span class='ocrx_word' id='word_1_249' title='bbox 468 3889 808 3943; x_wconf 80' lang='lat' dir='ltr'><strong>auctoritatis</strong></span> <span class='ocrx_word' id='word_1_250' title='bbox 834 3889 912 3944; x_wconf 88' lang='lat' dir='ltr'><strong>vel</strong></span> <span class='ocrx_word' id='word_1_251' title='bbox 942 3888 1081 3942; x_wconf 86' lang='lat' dir='ltr'><strong>illud</strong></span> <span class='ocrx_word' id='word_1_252' title='bbox 1108 3890 1326 3947; x_wconf 83' lang='lat' dir='ltr'><strong>evincet,</strong></span> <span class='ocrx_word' id='word_1_253' title='bbox 1375 3887 1645 3942; x_wconf 86' lang='lat' dir='ltr'><strong>orationes</strong></span> <span class='ocrx_word' id='word_1_254' title='bbox 1694 3874 1845 3941; x_wconf 66' lang='lat' dir='ltr'><strong>illius</strong></span> 
     </span>
    </p>
   </div>
   <div class='ocr_carea' id='block_1_40' title="bbox 273 3975 1862 4048">
    <p class='ocr_par' dir='ltr' id='par_1_40' title="bbox 273 3975 1862 4048">
     <span class='ocr_line' id='line_1_40' title="bbox 273 3975 1862 4048; baseline -0.001 -18"><span class='ocrx_word' id='word_1_255' title='bbox 273 3978 336 4031; x_wconf 83' lang='lat' dir='ltr'><strong>in</strong></span> <span class='ocrx_word' id='word_1_256' title='bbox 361 3978 709 4032; x_wconf 69' lang='lat' dir='ltr'><strong>wstimatione</strong></span> <span class='ocrx_word' id='word_1_257' title='bbox 740 3978 911 4048; x_wconf 84' lang='lat' dir='ltr'><strong>fuisse</strong></span> <span class='ocrx_word' id='word_1_258' title='bbox 932 3978 1065 4033; x_wconf 82' lang='lat' dir='ltr'><strong>adeo</strong></span> <span class='ocrx_word' id='word_1_259' title='bbox 1120 3986 1177 4031; x_wconf 88' lang='lat' dir='ltr'><strong>ut</strong></span> <span class='ocrx_word' id='word_1_260' title='bbox 1232 3995 1267 4031; x_wconf 80' lang='grc' dir='ltr'><em>α</em></span> <span class='ocrx_word' id='word_1_261' title='bbox 1299 3977 1482 4031; x_wconf 85' lang='lat' dir='ltr'><strong>multis</strong></span> <span class='ocrx_word' id='word_1_262' title='bbox 1513 3977 1610 4030; x_wconf 81' lang='lat' dir='ltr'><strong>sub</strong></span> <span class='ocrx_word' id='word_1_263' title='bbox 1661 3975 1862 4030; x_wconf 56' lang='lat' dir='ltr'><strong>Damae</strong></span> 
     </span>
    </p>
   </div>
   <div class='ocr_carea' id='block_1_41' title="bbox 274 4071 1068 4142">
    <p class='ocr_par' dir='ltr' id='par_1_41' title="bbox 274 4071 1068 4142">
     <span class='ocr_line' id='line_1_41' title="bbox 274 4071 1068 4142; baseline 0.003 -19"><span class='ocrx_word' id='word_1_264' title='bbox 274 4072 419 4125; x_wconf 88' lang='lat' dir='ltr'><strong>sceni</strong></span> <span class='ocrx_word' id='word_1_265' title='bbox 454 4072 665 4125; x_wconf 81' lang='lat' dir='ltr'><strong>nomine</strong></span> <span class='ocrx_word' id='word_1_266' title='bbox 698 4071 1068 4142; x_wconf 83' lang='lat' dir='ltr'><strong>vulgarentur.</strong></span> 
     </span>
    </p>
   </div>
   <div class='ocr_carea' id='block_1_42' title="bbox 350 4158 1847 4234">
    <p class='ocr_par' dir='ltr' id='par_1_42' title="bbox 350 4158 1847 4234">
     <span class='ocr_line' id='line_1_42' title="bbox 350 4158 1847 4234; baseline -0.002 -18"><span class='ocrx_word' id='word_1_267' title='bbox 350 4161 553 4217; x_wconf 80' lang='lat' dir='ltr'><strong>Verum</strong></span> <span class='ocrx_word' id='word_1_268' title='bbox 604 4165 858 4234; x_wconf 84' lang='lat' dir='ltr'><strong>quamvis</strong></span> <span class='ocrx_word' id='word_1_269' title='bbox 903 4162 1042 4218; x_wconf 83' lang='lat' dir='ltr'><strong>nihil</strong></span> <span class='ocrx_word' id='word_1_270' title='bbox 1102 4160 1332 4218; x_wconf 84' lang='lat' dir='ltr'><strong>Joannis</strong></span> <span class='ocrx_word' id='word_1_271' title='bbox 1388 4158 1708 4217; x_wconf 89' lang='lat' dir='ltr'><strong>auctoritati</strong></span> <span class='ocrx_word' id='word_1_272' title='bbox 1749 4158 1847 4214; x_wconf 87' lang='lat' dir='ltr'><strong>dc-</strong></span> 
     </span>
    </p>
   </div>
   <div class='ocr_carea' id='block_1_43' title="bbox 278 4254 1869 4321">
    <p class='ocr_par' dir='ltr' id='par_1_43' title="bbox 278 4254 1869 4321">
     <span class='ocr_line' id='line_1_43' title="bbox 278 4254 1869 4321; baseline -0.002 -11"><span class='ocrx_word' id='word_1_273' title='bbox 278 4263 521 4311; x_wconf 89' lang='lat' dir='ltr'><strong>tractum</strong></span> <span class='ocrx_word' id='word_1_274' title='bbox 547 4254 731 4321; x_wconf 87' lang='lat' dir='ltr'><strong>velim,</strong></span> <span class='ocrx_word' id='word_1_275' title='bbox 776 4268 888 4309; x_wconf 93' lang='lat' dir='ltr'><strong>non</strong></span> <span class='ocrx_word' id='word_1_276' title='bbox 918 4254 1377 4310; x_wconf 90' lang='lat' dir='ltr'><strong>dissimulandum</strong></span> <span class='ocrx_word' id='word_1_277' title='bbox 1418 4264 1603 4308; x_wconf 87' lang='lat' dir='ltr'><strong>tamen</strong></span> <span class='ocrx_word' id='word_1_278' title='bbox 1664 4266 1869 4307; x_wconf 91' lang='lat' dir='ltr'><strong>censeo</strong></span> 
     </span>
    </p>
   </div>
   <div class='ocr_carea' id='block_1_44' title="bbox 279 4344 1868 4420">
    <p class='ocr_par' dir='ltr' id='par_1_44' title="bbox 279 4344 1868 4420">
     <span class='ocr_line' id='line_1_44' title="bbox 279 4344 1868 4420; baseline -0.004 -16"><span class='ocrx_word' id='word_1_279' title='bbox 279 4348 418 4420; x_wconf 89' lang='lat' dir='ltr'><strong>quid</strong></span> <span class='ocrx_word' id='word_1_280' title='bbox 472 4351 539 4403; x_wconf 89' lang='lat' dir='ltr'><strong>de</strong></span> <span class='ocrx_word' id='word_1_281' title='bbox 577 4349 687 4403; x_wconf 90' lang='lat' dir='ltr'><strong>isto</strong></span> <span class='ocrx_word' id='word_1_282' title='bbox 734 4348 923 4402; x_wconf 81' lang='lat' dir='ltr'><strong>Allatii</strong></span> <span class='ocrx_word' id='word_1_283' title='bbox 965 4346 1184 4418; x_wconf 92' lang='lat' dir='ltr'><strong>judicio</strong></span> <span class='ocrx_word' id='word_1_284' title='bbox 1222 4346 1549 4402; x_wconf 84' lang='lat' dir='ltr'><strong>existimare</strong></span> <span class='ocrx_word' id='word_1_285' title='bbox 1591 4344 1868 4414; x_wconf 89' lang='lat' dir='ltr'><strong>quispiam</strong></span> 
     </span>
    </p>
   </div>
   <div class='ocr_carea' id='block_1_45' title="bbox 282 4435 1869 4513">
    <p class='ocr_par' dir='ltr' id='par_1_45' title="bbox 282 4435 1869 4513">
     <span class='ocr_line' id='line_1_45' title="bbox 282 4435 1869 4513; baseline -0.006 -16"><span class='ocrx_word' id='word_1_286' title='bbox 282 4449 475 4513; x_wconf 91' lang='lat' dir='ltr'><strong>posset</strong></span> <span class='ocrx_word' id='word_1_287' title='bbox 521 4449 647 4511; x_wconf 88' lang='lat' dir='ltr'><strong>post</strong></span> <span class='ocrx_word' id='word_1_288' title='bbox 684 4455 747 4495; x_wconf 90' lang='lat' dir='ltr'><strong>ea</strong></span> <span class='ocrx_word' id='word_1_289' title='bbox 804 4455 928 4511; x_wconf 78' lang='lat' dir='ltr'><strong>quae</strong></span> <span class='ocrx_word' id='word_1_290' title='bbox 978 4440 1046 4495; x_wconf 91' lang='lat' dir='ltr'><strong>de</strong></span> <span class='ocrx_word' id='word_1_291' title='bbox 1088 4438 1279 4494; x_wconf 89' lang='lat' dir='ltr'><strong>eodem</strong></span> <span class='ocrx_word' id='word_1_292' title='bbox 1317 4436 1532 4492; x_wconf 84' lang='lat' dir='ltr'><strong>Joanne</strong></span> <span class='ocrx_word' id='word_1_293' title='bbox 1572 4435 1869 4491; x_wconf 75' lang='lat' dir='ltr'><strong>Eubteensi</strong></span> 
     </span>
    </p>
   </div>
   <div class='ocr_carea' id='block_1_46' title="bbox 283 4526 1866 4597">
    <p class='ocr_par' dir='ltr' id='par_1_46' title="bbox 283 4526 1866 4597">
     <span class='ocr_line' id='line_1_46' title="bbox 283 4526 1866 4597; baseline -0.006 -8"><span class='ocrx_word' id='word_1_294' title='bbox 283 4532 480 4589; x_wconf 88' lang='lat' dir='ltr'><strong>scribit</strong></span> <span class='ocrx_word' id='word_1_295' title='bbox 509 4531 741 4587; x_wconf 84' lang='lat' dir='ltr'><strong>Michael</strong></span> <span class='ocrx_word' id='word_1_296' title='bbox 772 4529 847 4586; x_wconf 91' lang='lat' dir='ltr'><strong>Le</strong></span> <span class='ocrx_word' id='word_1_297' title='bbox 878 4530 1053 4597; x_wconf 90' lang='lat' dir='ltr'><strong>Quien</strong></span> <span class='ocrx_word' id='word_1_298' title='bbox 1080 4529 1301 4594; x_wconf 82' lang='lat' dir='ltr'><strong>(Oriens</strong></span> <span class='ocrx_word' id='word_1_299' title='bbox 1355 4528 1557 4583; x_wconf 81' lang='lat' dir='ltr'><strong>Christ.</strong></span> <span class='ocrx_word' id='word_1_300' title='bbox 1579 4567 1595 4589; x_wconf 86' lang='lat'><strong>,</strong></span> <span class='ocrx_word' id='word_1_301' title='bbox 1634 4536 1767 4582; x_wconf 93' lang='lat' dir='ltr'><strong>tom.</strong></span> <span class='ocrx_word' id='word_1_302' title='bbox 1802 4526 1866 4592; x_wconf 92' lang='lat' dir='ltr'><strong>ll,</strong></span> 
     </span>
    </p>
   </div>
   <div class='ocr_carea' id='block_1_47' title="bbox 282 4621 1874 4693">
    <p class='ocr_par' dir='ltr' id='par_1_47' title="bbox 282 4621 1874 4693">
     <span class='ocr_line' id='line_1_47' title="bbox 282 4621 1874 4693; baseline -0.005 -12"><span class='ocrx_word' id='word_1_303' title='bbox 282 4626 392 4681; x_wconf 90' lang='lat' dir='ltr'><strong>col.</strong></span> <span class='ocrx_word' id='word_1_304' title='bbox 439 4624 592 4693; x_wconf 69' lang='grc' dir='ltr'><strong>ΞΗ).</strong></span> <span class='ocrx_word' id='word_1_305' title='bbox 639 4624 707 4679; x_wconf 84' lang='lat' dir='ltr'><strong>In</strong></span> <span class='ocrx_word' id='word_1_306' title='bbox 735 4624 1003 4680; x_wconf 82' lang='lat' dir='ltr'><strong>codicibus</strong></span> <span class='ocrx_word' id='word_1_307' title='bbox 1054 4623 1283 4686; x_wconf 73' lang='lat' dir='ltr'><strong>ercis,</strong></span> <span class='ocrx_word' id='word_1_308' title='bbox 1327 4622 1417 4676; x_wconf 91' lang='lat' dir='ltr'><strong>hic</strong></span> <span class='ocrx_word' id='word_1_309' title='bbox 1455 4621 1661 4692; x_wconf 91' lang='lat' dir='ltr'><strong>inquit,</strong></span> <span class='ocrx_word' id='word_1_310' title='bbox 1710 4636 1874 4674; x_wconf 87' lang='lat' dir='ltr'><strong>manu</strong></span> 
     </span>
    </p>
   </div>
   <div class='ocr_carea' id='block_1_48' title="bbox 282 4697 1875 4782">
    <p class='ocr_par' dir='ltr' id='par_1_48' title="bbox 282 4697 1875 4782">
     <span class='ocr_line' id='line_1_48' title="bbox 282 4697 1875 4782; baseline -0.005 -9"><span class='ocrx_word' id='word_1_311' title='bbox 282 4718 522 4773; x_wconf 74' lang='lat' dir='ltr'><strong>exaratis</strong></span> <span class='ocrx_word' id='word_1_312' title='bbox 556 4718 719 4772; x_wconf 87' lang='lat' dir='ltr'><strong>etiam</strong></span> <span class='ocrx_word' id='word_1_313' title='bbox 752 4697 996 4779; x_wconf 73' lang='lat' dir='ltr'><strong>vetustis,</strong></span> <span class='ocrx_word' id='word_1_314' title='bbox 1028 4715 1149 4769; x_wconf 82' lang='lat' dir='ltr'><strong>hinc</strong></span> <span class='ocrx_word' id='word_1_315' title='bbox 1182 4714 1303 4769; x_wconf 87' lang='lat' dir='ltr'><strong>inde</strong></span> <span class='ocrx_word' id='word_1_316' title='bbox 1338 4715 1543 4782; x_wconf 80' lang='lat' dir='ltr'><strong>aliquot</strong></span> <span class='ocrx_word' id='word_1_317' title='bbox 1585 4720 1875 4767; x_wconf 86' lang='lat' dir='ltr'><strong>occurrunt</strong></span> 
     </span>
    </p>
   </div>
   <div class='ocr_carea' id='block_1_49' title="bbox 285 4796 1876 4877">
    <p class='ocr_par' dir='ltr' id='par_1_49' title="bbox 285 4796 1876 4877">
     <span class='ocr_line' id='line_1_49' title="bbox 285 4796 1876 4877; baseline -0.005 -12"><span class='ocrx_word' id='word_1_318' title='bbox 285 4811 558 4865; x_wconf 88' lang='lat' dir='ltr'><strong>orationes</strong></span> <span class='ocrx_word' id='word_1_319' title='bbox 589 4809 654 4864; x_wconf 84' lang='lat' dir='ltr'><strong>de</strong></span> <span class='ocrx_word' id='word_1_320' title='bbox 697 4808 1019 4865; x_wconf 68' lang='lat' dir='ltr'><strong>Christianae</strong></span> <span class='ocrx_word' id='word_1_321' title='bbox 1071 4796 1346 4877; x_wconf 68' lang='lat' dir='ltr'><strong>religiJnis</strong></span> <span class='ocrx_word' id='word_1_322' title='bbox 1387 4806 1676 4876; x_wconf 83' lang='lat' dir='ltr'><strong>mysteriis,</strong></span> <span class='ocrx_word' id='word_1_323' title='bbox 1736 4813 1785 4859; x_wconf 87' lang='lat' dir='ltr'><strong>et</strong></span> <span class='ocrx_word' id='word_1_324' title='bbox 1821 4804 1876 4858; x_wconf 88' lang='lat' dir='ltr'><strong>in</strong></span> 
     </span>
    </p>
   </div>
   <div class='ocr_carea' id='block_1_50' title="bbox 285 4895 1877 4966">
    <p class='ocr_par' dir='ltr' id='par_1_50' title="bbox 285 4895 1877 4966">
     <span class='ocr_line' id='line_1_50' title="bbox 285 4895 1877 4966; baseline -0.006 -8"><span class='ocrx_word' id='word_1_325' title='bbox 285 4903 652 4958; x_wconf 84' lang='lat' dir='ltr'><strong>solemnitates</strong></span> <span class='ocrx_word' id='word_1_326' title='bbox 687 4911 992 4955; x_wconf 82' lang='lat' dir='ltr'><strong>sanctorum</strong></span> <span class='ocrx_word' id='word_1_327' title='bbox 1019 4897 1284 4963; x_wconf 88' lang='lat' dir='ltr'><strong>,Joauuis</strong></span> <span class='ocrx_word' id='word_1_328' title='bbox 1319 4896 1641 4952; x_wconf 89' lang='lat' dir='ltr'><strong>Damasceni</strong></span> <span class='ocrx_word' id='word_1_329' title='bbox 1670 4904 1726 4951; x_wconf 76' lang='lat' dir='ltr'><strong>et</strong></span> <span class='ocrx_word' id='word_1_330' title='bbox 1758 4895 1877 4966; x_wconf 90' lang='lat' dir='ltr'><strong>epi-</strong></span> 
     </span>
    </p>
   </div>
   <div class='ocr_carea' id='block_1_51' title="bbox 286 4989 1876 5064">
    <p class='ocr_par' dir='ltr' id='par_1_51' title="bbox 286 4989 1876 5064">
     <span class='ocr_line' id='line_1_51' title="bbox 286 4989 1876 5064; baseline -0.004 -15"><span class='ocrx_word' id='word_1_331' title='bbox 286 4994 442 5064; x_wconf 91' lang='lat' dir='ltr'><strong>scopi</strong></span> <span class='ocrx_word' id='word_1_332' title='bbox 477 4991 658 5049; x_wconf 68' lang='lat' dir='ltr'><strong>Evmze</strong></span> <span class='ocrx_word' id='word_1_333' title='bbox 680 4993 786 5047; x_wconf 84' lang='lat' dir='ltr'><strong>sive</strong></span> <span class='ocrx_word' id='word_1_334' title='bbox 812 4991 1033 5047; x_wconf 69' lang='lat' dir='ltr'><strong>Eubma:</strong></span> <span class='ocrx_word' id='word_1_335' title='bbox 1062 4991 1271 5044; x_wconf 86' lang='lat' dir='ltr'><strong>nomine</strong></span> <span class='ocrx_word' id='word_1_336' title='bbox 1298 4990 1594 5057; x_wconf 75' lang='lat' dir='ltr'><strong>inscriptw.</strong></span> <span class='ocrx_word' id='word_1_337' title='bbox 1626 4989 1876 5043; x_wconf 74' lang='grc' dir='ltr'><strong>Ἰωάννου</strong></span> 
     </span>
    </p>
   </div>
   <div class='ocr_carea' id='block_1_52' title="bbox 286 5079 1517 5155">
    <p class='ocr_par' dir='ltr' id='par_1_52' title="bbox 286 5079 1517 5155">
     <span class='ocr_line' id='line_1_52' title="bbox 286 5079 1517 5155; baseline -0.005 -15"><span class='ocrx_word' id='word_1_338' title='bbox 286 5085 381 5140; x_wconf 79' lang='grc' dir='ltr'><strong>τοῦ</strong></span> <span class='ocrx_word' id='word_1_339' title='bbox 412 5083 775 5155; x_wconf 83' lang='grc' dir='ltr'><strong>Δαμασκηνοῦ</strong></span> <span class='ocrx_word' id='word_1_340' title='bbox 803 5084 896 5138; x_wconf 81' lang='grc' dir='ltr'><strong>καὶ</strong></span> <span class='ocrx_word' id='word_1_341' title='bbox 925 5082 1227 5137; x_wconf 78' lang='grc' dir='ltr'><strong>ἐπισκόπου</strong></span> <span class='ocrx_word' id='word_1_342' title='bbox 1262 5079 1517 5144; x_wconf 78' lang='grc' dir='ltr'><strong>Εὐϐοίας.</strong></span> 
     </span>
    </p>
   </div>
   <div class='ocr_carea' id='block_1_53' title="bbox 361 5173 1883 5246">
    <p class='ocr_par' dir='ltr' id='par_1_53' title="bbox 361 5173 1883 5246">
     <span class='ocr_line' id='line_1_53' title="bbox 361 5173 1883 5246; baseline -0.001 -16"><span class='ocrx_word' id='word_1_343' title='bbox 361 5177 489 5234; x_wconf 72' lang='lat' dir='ltr'><strong>Haec</strong></span> <span class='ocrx_word' id='word_1_344' title='bbox 520 5176 595 5233; x_wconf 90' lang='lat' dir='ltr'><strong>Le</strong></span> <span class='ocrx_word' id='word_1_345' title='bbox 636 5177 833 5245; x_wconf 88' lang='lat' dir='ltr'><strong>Quien,</strong></span> <span class='ocrx_word' id='word_1_346' title='bbox 867 5178 935 5233; x_wconf 90' lang='lat' dir='ltr'><strong>de</strong></span> <span class='ocrx_word' id='word_1_347' title='bbox 980 5176 1141 5246; x_wconf 89' lang='lat' dir='ltr'><strong>cujus</strong></span> <span class='ocrx_word' id='word_1_348' title='bbox 1169 5175 1275 5230; x_wconf 89' lang='lat' dir='ltr'><strong>fide</strong></span> <span class='ocrx_word' id='word_1_349' title='bbox 1305 5182 1496 5244; x_wconf 88' lang='lat' dir='ltr'><strong>utpote</strong></span> <span class='ocrx_word' id='word_1_350' title='bbox 1534 5174 1639 5227; x_wconf 89' lang='lat' dir='ltr'><strong>viri</strong></span> <span class='ocrx_word' id='word_1_351' title='bbox 1669 5173 1724 5228; x_wconf 92' lang='lat' dir='ltr'><strong>in</strong></span> <span class='ocrx_word' id='word_1_352' title='bbox 1758 5190 1883 5229; x_wconf 84' lang='lat' dir='ltr'><strong>ver-</strong></span> 
     </span>
    </p>
   </div>
   <div class='ocr_carea' id='block_1_54' title="bbox 291 5263 1880 5331">
    <p class='ocr_par' dir='ltr' id='par_1_54' title="bbox 291 5263 1880 5331">
     <span class='ocr_line' id='line_1_54' title="bbox 291 5263 1880 5331; baseline -0.001 -8"><span class='ocrx_word' id='word_1_353' title='bbox 291 5270 481 5326; x_wconf 90' lang='lat' dir='ltr'><strong>sandis</strong></span> <span class='ocrx_word' id='word_1_354' title='bbox 512 5271 747 5326; x_wconf 90' lang='lat' dir='ltr'><strong>vetustis</strong></span> <span class='ocrx_word' id='word_1_355' title='bbox 775 5285 914 5325; x_wconf 91' lang='lat' dir='ltr'><strong>mss.</strong></span> <span class='ocrx_word' id='word_1_356' title='bbox 940 5268 1175 5331; x_wconf 85' lang='lat' dir='ltr'><strong>assidui,</strong></span> <span class='ocrx_word' id='word_1_357' title='bbox 1196 5266 1341 5321; x_wconf 89' lang='lat' dir='ltr'><strong>haud</strong></span> <span class='ocrx_word' id='word_1_358' title='bbox 1381 5266 1540 5320; x_wconf 91' lang='lat' dir='ltr'><strong>locus</strong></span> <span class='ocrx_word' id='word_1_359' title='bbox 1572 5263 1737 5319; x_wconf 66' lang='lat' dir='ltr'><strong>debet</strong></span> <span class='ocrx_word' id='word_1_360' title='bbox 1757 5281 1880 5322; x_wconf 88' lang='lat' dir='ltr'><strong>esse</strong></span> 
     </span>
    </p>
   </div>
   <div class='ocr_carea' id='block_1_55' title="bbox 291 5357 1876 5433">
    <p class='ocr_par' dir='ltr' id='par_1_55' title="bbox 291 5357 1876 5433">
     <span class='ocr_line' id='line_1_55' title="bbox 291 5357 1876 5433; baseline -0.001 -17"><span class='ocrx_word' id='word_1_361' title='bbox 291 5361 601 5419; x_wconf 85' lang='lat' dir='ltr'><strong>dubitandi.</strong></span> <span class='ocrx_word' id='word_1_362' title='bbox 626 5362 801 5419; x_wconf 89' lang='lat' dir='ltr'><strong>Porro</strong></span> <span class='ocrx_word' id='word_1_363' title='bbox 831 5364 877 5419; x_wconf 90' lang='lat' dir='ltr'><strong>si</strong></span> <span class='ocrx_word' id='word_1_364' title='bbox 909 5363 1098 5433; x_wconf 88' lang='lat' dir='ltr'><strong>plures</strong></span> <span class='ocrx_word' id='word_1_365' title='bbox 1119 5359 1303 5431; x_wconf 88' lang='lat' dir='ltr'><strong>reipsa</strong></span> <span class='ocrx_word' id='word_1_366' title='bbox 1327 5357 1569 5421; x_wconf 90' lang='lat' dir='ltr'><strong>codices,</strong></span> <span class='ocrx_word' id='word_1_367' title='bbox 1599 5358 1876 5429; x_wconf 85' lang='lat' dir='ltr'><strong>iidemque</strong></span> 
     </span>
    </p>
   </div>
   <div class='ocr_carea' id='block_1_56' title="bbox 1924 618 3507 695">
    <p class='ocr_par' dir='ltr' id='par_1_56' title="bbox 1924 618 3507 695">
     <span class='ocr_line' id='line_1_56' title="bbox 1924 618 3507 695; baseline -0.006 -16"><span class='ocrx_word' id='word_1_368' title='bbox 1924 625 2109 680; x_wconf 85' lang='lat' dir='ltr'><strong>nescio</strong></span> <span class='ocrx_word' id='word_1_369' title='bbox 2157 641 2226 679; x_wconf 91' lang='lat' dir='ltr'><strong>an</strong></span> <span class='ocrx_word' id='word_1_370' title='bbox 2276 626 2548 695; x_wconf 88' lang='lat' dir='ltr'><strong>quispiam</strong></span> <span class='ocrx_word' id='word_1_371' title='bbox 2592 624 2793 676; x_wconf 74' lang='lat' dir='ltr'><strong>Allatio</strong></span> <span class='ocrx_word' id='word_1_372' title='bbox 2828 621 2987 677; x_wconf 82' lang='lat' dir='ltr'><strong>facile</strong></span> <span class='ocrx_word' id='word_1_373' title='bbox 3015 622 3384 691; x_wconf 88' lang='lat' dir='ltr'><strong>permissurus</strong></span> <span class='ocrx_word' id='word_1_374' title='bbox 3415 618 3507 678; x_wconf 85' lang='lat' dir='ltr'><strong>sit,</strong></span> 
     </span>
    </p>
   </div>
   <div class='ocr_carea' id='block_1_57' title="bbox 1922 707 3512 772">
    <p class='ocr_par' dir='ltr' id='par_1_57' title="bbox 1922 707 3512 772">
     <span class='ocr_line' id='line_1_57' title="bbox 1922 707 3512 772; baseline -0.006 -1"><span class='ocrx_word' id='word_1_375' title='bbox 1922 715 2152 772; x_wconf 89' lang='lat' dir='ltr'><strong>Joannis</strong></span> <span class='ocrx_word' id='word_1_376' title='bbox 2168 715 2497 771; x_wconf 72' lang='lat' dir='ltr'><strong>Eubmensis</strong></span> <span class='ocrx_word' id='word_1_377' title='bbox 2511 715 2790 769; x_wconf 86' lang='lat' dir='ltr'><strong>orationes</strong></span> <span class='ocrx_word' id='word_1_378' title='bbox 2807 714 2933 769; x_wconf 86' lang='lat' dir='ltr'><strong>ideo</strong></span> <span class='ocrx_word' id='word_1_379' title='bbox 2953 712 3289 766; x_wconf 89' lang='lat' dir='ltr'><strong>Damasceno</strong></span> <span class='ocrx_word' id='word_1_380' title='bbox 3308 707 3512 765; x_wconf 87' lang='lat' dir='ltr'><strong>Joanni</strong></span> 
     </span>
    </p>
   </div>
   <div class='ocr_carea' id='block_1_58' title="bbox 1926 802 3513 879">
    <p class='ocr_par' dir='ltr' id='par_1_58' title="bbox 1926 802 3513 879">
     <span class='ocr_line' id='line_1_58' title="bbox 1926 802 3513 879; baseline -0.005 -18"><span class='ocrx_word' id='word_1_381' title='bbox 1926 809 2068 864; x_wconf 90' lang='lat' dir='ltr'><strong>ascri</strong></span> <span class='ocrx_word' id='word_1_382' title='bbox 2078 817 2198 879; x_wconf 89' lang='lat' dir='ltr'><strong>ptas</strong></span> <span class='ocrx_word' id='word_1_383' title='bbox 2219 808 2408 874; x_wconf 90' lang='lat' dir='ltr'><strong>fuisse,</strong></span> <span class='ocrx_word' id='word_1_384' title='bbox 2432 806 2577 877; x_wconf 88' lang='lat' dir='ltr'><strong>quod</strong></span> <span class='ocrx_word' id='word_1_385' title='bbox 2597 805 2963 861; x_wconf 88' lang='lat' dir='ltr'><strong>celeberrimo</strong></span> <span class='ocrx_word' id='word_1_386' title='bbox 2975 804 3105 858; x_wconf 89' lang='lat' dir='ltr'><strong>huic</strong></span> <span class='ocrx_word' id='word_1_387' title='bbox 3122 802 3242 857; x_wconf 88' lang='lat' dir='ltr'><strong>viro</strong></span> <span class='ocrx_word' id='word_1_388' title='bbox 3260 802 3513 871; x_wconf 88' lang='lat' dir='ltr'><strong>inspecta</strong></span> 
     </span>
    </p>
   </div>
   <div class='ocr_carea' id='block_1_59' title="bbox 1928 890 3517 953">
    <p class='ocr_par' dir='ltr' id='par_1_59' title="bbox 1928 890 3517 953">
     <span class='ocr_line' id='line_1_59' title="bbox 1928 890 3517 953; baseline -0.006 0"><span class='ocrx_word' id='word_1_389' title='bbox 1928 913 2121 953; x_wconf 87' lang='lat' dir='ltr'><strong>earum</strong></span> <span class='ocrx_word' id='word_1_390' title='bbox 2158 897 2376 953; x_wconf 89' lang='lat' dir='ltr'><strong>indoles</strong></span> <span class='ocrx_word' id='word_1_391' title='bbox 2416 895 2740 950; x_wconf 89' lang='lat' dir='ltr'><strong>tribuendas</strong></span> <span class='ocrx_word' id='word_1_392' title='bbox 2771 894 2993 949; x_wconf 87' lang='lat' dir='ltr'><strong>easdem</strong></span> <span class='ocrx_word' id='word_1_393' title='bbox 3044 893 3320 947; x_wconf 85' lang='lat' dir='ltr'><strong>suaderet.</strong></span> <span class='ocrx_word' id='word_1_394' title='bbox 3370 890 3517 944; x_wconf 88' lang='lat' dir='ltr'><strong>Sane</strong></span> 
     </span>
    </p>
   </div>
   <div class='ocr_carea' id='block_1_60' title="bbox 1931 983 3512 1055">
    <p class='ocr_par' dir='ltr' id='par_1_60' title="bbox 1931 983 3512 1055">
     <span class='ocr_line' id='line_1_60' title="bbox 1931 983 3512 1055; baseline -0.006 -11"><span class='ocrx_word' id='word_1_395' title='bbox 1931 1000 1993 1044; x_wconf 91' lang='lat' dir='ltr'><strong>ut</strong></span> <span class='ocrx_word' id='word_1_396' title='bbox 2031 988 2214 1044; x_wconf 82' lang='lat' dir='ltr'><strong>Allatii</strong></span> <span class='ocrx_word' id='word_1_397' title='bbox 2250 995 2358 1044; x_wconf 87' lang='lat' dir='ltr'><strong>stet</strong></span> <span class='ocrx_word' id='word_1_398' title='bbox 2391 986 2737 1055; x_wconf 89' lang='lat' dir='ltr'><strong>conjectura,</strong></span> <span class='ocrx_word' id='word_1_399' title='bbox 2772 992 2992 1054; x_wconf 87' lang='lat' dir='ltr'><strong>oportet</strong></span> <span class='ocrx_word' id='word_1_400' title='bbox 3027 983 3139 1053; x_wconf 83' lang='lat' dir='ltr'><strong>jam</strong></span> <span class='ocrx_word' id='word_1_401' title='bbox 3178 991 3512 1044; x_wconf 85' lang='lat' dir='ltr'><strong>statuamus,</strong></span> 
     </span>
    </p>
   </div>
   <div class='ocr_carea' id='block_1_61' title="bbox 1936 1072 3520 1154">
    <p class='ocr_par' dir='ltr' id='par_1_61' title="bbox 1936 1072 3520 1154">
     <span class='ocr_line' id='line_1_61' title="bbox 1936 1072 3520 1154; baseline -0.008 -17"><span class='ocrx_word' id='word_1_402' title='bbox 1936 1082 2318 1154; x_wconf 84' lang='lat' dir='ltr'><strong>inscriptionis</strong></span> <span class='ocrx_word' id='word_1_403' title='bbox 2350 1097 2379 1135; x_wconf 89' lang='lat' dir='ltr'><strong>a</strong></span> <span class='ocrx_word' id='word_1_404' title='bbox 2411 1080 2485 1135; x_wconf 92' lang='lat' dir='ltr'><strong>Le</strong></span> <span class='ocrx_word' id='word_1_405' title='bbox 2516 1078 2693 1145; x_wconf 86' lang='lat' dir='ltr'><strong>Quien</strong></span> <span class='ocrx_word' id='word_1_406' title='bbox 2726 1086 3044 1132; x_wconf 74' lang='lat' dir='ltr'><strong>memoratae</strong></span> <span class='ocrx_word' id='word_1_407' title='bbox 3083 1084 3337 1130; x_wconf 89' lang='lat' dir='ltr'><strong>auctores</strong></span> <span class='ocrx_word' id='word_1_408' title='bbox 3370 1072 3520 1144; x_wconf 89' lang='lat' dir='ltr'><strong>(qui-</strong></span> 
     </span>
    </p>
   </div>
   <div class='ocr_carea' id='block_1_62' title="bbox 1935 1154 3519 1246">
    <p class='ocr_par' dir='ltr' id='par_1_62' title="bbox 1935 1154 3519 1246">
     <span class='ocr_line' id='line_1_62' title="bbox 1935 1154 3519 1246; baseline -0.01 -15"><span class='ocrx_word' id='word_1_409' title='bbox 1935 1190 2151 1246; x_wconf 88' lang='lat' dir='ltr'><strong>cunque</strong></span> <span class='ocrx_word' id='word_1_410' title='bbox 2197 1176 2234 1229; x_wconf 90' lang='lat' dir='ltr'><strong>ii</strong></span> <span class='ocrx_word' id='word_1_411' title='bbox 2284 1175 2502 1229; x_wconf 89' lang='lat' dir='ltr'><strong>demum</strong></span> <span class='ocrx_word' id='word_1_412' title='bbox 2542 1169 2770 1238; x_wconf 88' lang='lat' dir='ltr'><strong>fuerint)</strong></span> <span class='ocrx_word' id='word_1_413' title='bbox 2807 1169 2971 1239; x_wconf 91' lang='lat' dir='ltr'><strong>plane</strong></span> <span class='ocrx_word' id='word_1_414' title='bbox 3024 1167 3129 1221; x_wconf 90' lang='lat' dir='ltr'><strong>sibi</strong></span> <span class='ocrx_word' id='word_1_415' title='bbox 3166 1154 3519 1237; x_wconf 78' lang='lat' dir='ltr'><strong>persuasisse</strong></span> 
     </span>
    </p>
   </div>
   <div class='ocr_carea' id='block_1_63' title="bbox 1934 1256 3519 1338">
    <p class='ocr_par' dir='ltr' id='par_1_63' title="bbox 1934 1256 3519 1338">
     <span class='ocr_line' id='line_1_63' title="bbox 1934 1256 3519 1338; baseline -0.009 -14"><span class='ocrx_word' id='word_1_416' title='bbox 1934 1267 2307 1338; x_wconf 86' lang='lat' dir='ltr'><strong>percelebrem</strong></span> <span class='ocrx_word' id='word_1_417' title='bbox 2377 1265 2529 1319; x_wconf 91' lang='lat' dir='ltr'><strong>illum</strong></span> <span class='ocrx_word' id='word_1_418' title='bbox 2587 1263 2916 1322; x_wconf 89' lang='lat' dir='ltr'><strong>doctorem,</strong></span> <span class='ocrx_word' id='word_1_419' title='bbox 2979 1259 3211 1328; x_wconf 88' lang='lat' dir='ltr'><strong>fideique</strong></span> <span class='ocrx_word' id='word_1_420' title='bbox 3277 1256 3519 1327; x_wconf 79' lang='lat' dir='ltr'><strong>pugilem</strong></span> 
     </span>
    </p>
   </div>
   <div class='ocr_carea' id='block_1_64' title="bbox 1935 1346 3516 1413">
    <p class='ocr_par' dir='ltr' id='par_1_64' title="bbox 1935 1346 3516 1413">
     <span class='ocr_line' id='line_1_64' title="bbox 1935 1346 3516 1413; baseline -0.011 0"><span class='ocrx_word' id='word_1_421' title='bbox 1935 1357 2199 1413; x_wconf 88' lang='lat' dir='ltr'><strong>Joannem</strong></span> <span class='ocrx_word' id='word_1_422' title='bbox 2233 1356 2631 1409; x_wconf 80' lang='lat' dir='ltr'><strong>Damascenum</strong></span> <span class='ocrx_word' id='word_1_423' title='bbox 2672 1350 2901 1413; x_wconf 65' lang='lat' dir='ltr'><strong>Euba’w,</strong></span> <span class='ocrx_word' id='word_1_424' title='bbox 2938 1363 3035 1404; x_wconf 88' lang='lat' dir='ltr'><strong>seu</strong></span> <span class='ocrx_word' id='word_1_425' title='bbox 3072 1346 3372 1411; x_wconf 85' lang='lat' dir='ltr'><strong>Chalcidis,</strong></span> <span class='ocrx_word' id='word_1_426' title='bbox 3419 1359 3516 1399; x_wconf 91' lang='lat' dir='ltr'><strong>seu</strong></span> 
     </span>
    </p>
   </div>
   <div class='ocr_carea' id='block_1_65' title="bbox 1940 1436 3524 1519">
    <p class='ocr_par' dir='ltr' id='par_1_65' title="bbox 1940 1436 3524 1519">
     <span class='ocr_line' id='line_1_65' title="bbox 1940 1436 3524 1519; baseline -0.009 -15"><span class='ocrx_word' id='word_1_427' title='bbox 1940 1449 2131 1519; x_wconf 87' lang='lat' dir='ltr'><strong>Euripi</strong></span> <span class='ocrx_word' id='word_1_428' title='bbox 2158 1449 2306 1517; x_wconf 91' lang='lat' dir='ltr'><strong>(nam</strong></span> <span class='ocrx_word' id='word_1_429' title='bbox 2330 1447 2508 1500; x_wconf 91' lang='lat' dir='ltr'><strong>tribus</strong></span> <span class='ocrx_word' id='word_1_430' title='bbox 2534 1445 2689 1499; x_wconf 89' lang='lat' dir='ltr'><strong>hisce</strong></span> <span class='ocrx_word' id='word_1_431' title='bbox 2709 1440 3178 1513; x_wconf 88' lang='lat' dir='ltr'><strong>appellationibus</strong></span> <span class='ocrx_word' id='word_1_432' title='bbox 3205 1436 3524 1509; x_wconf 89' lang='lat' dir='ltr'><strong>promiscue</strong></span> 
     </span>
    </p>
   </div>
   <div class='ocr_carea' id='block_1_66' title="bbox 1941 1532 3525 1608">
    <p class='ocr_par' dir='ltr' id='par_1_66' title="bbox 1941 1532 3525 1608">
     <span class='ocr_line' id='line_1_66' title="bbox 1941 1532 3525 1608; baseline -0.008 -12"><span class='ocrx_word' id='word_1_433' title='bbox 1941 1543 2089 1597; x_wconf 88' lang='lat' dir='ltr'><strong>illam</strong></span> <span class='ocrx_word' id='word_1_434' title='bbox 2121 1540 2304 1597; x_wconf 87' lang='lat' dir='ltr'><strong>sedem</strong></span> <span class='ocrx_word' id='word_1_435' title='bbox 2358 1538 2708 1608; x_wconf 82' lang='lat' dir='ltr'><strong>indigitatam</strong></span> <span class='ocrx_word' id='word_1_436' title='bbox 2742 1535 3018 1605; x_wconf 86' lang='lat' dir='ltr'><strong>novimus)</strong></span> <span class='ocrx_word' id='word_1_437' title='bbox 3064 1532 3391 1602; x_wconf 80' lang='lat' dir='ltr'><strong>episcOpum</strong></span> <span class='ocrx_word' id='word_1_438' title='bbox 3424 1543 3525 1584; x_wconf 87' lang='lat' dir='ltr'><strong>ex-</strong></span> 
     </span>
    </p>
   </div>
   <div class='ocr_carea' id='block_1_67' title="bbox 1941 1624 3527 1701">
    <p class='ocr_par' dir='ltr' id='par_1_67' title="bbox 1941 1624 3527 1701">
     <span class='ocr_line' id='line_1_67' title="bbox 1941 1624 3527 1701; baseline -0.009 -12"><span class='ocrx_word' id='word_1_439' title='bbox 1941 1634 2174 1690; x_wconf 86' lang='lat' dir='ltr'><strong>stitisse.</strong></span> <span class='ocrx_word' id='word_1_440' title='bbox 2217 1636 2398 1701; x_wconf 80' lang='lat' dir='ltr'><strong>Atque</strong></span> <span class='ocrx_word' id='word_1_441' title='bbox 2436 1628 2543 1683; x_wconf 90' lang='lat' dir='ltr'><strong>hoc</strong></span> <span class='ocrx_word' id='word_1_442' title='bbox 2589 1625 2812 1698; x_wconf 88' lang='lat' dir='ltr'><strong>quidem</strong></span> <span class='ocrx_word' id='word_1_443' title='bbox 2867 1624 3377 1695; x_wconf 87' lang='lat' dir='ltr'><strong>compertissimum</strong></span> <span class='ocrx_word' id='word_1_444' title='bbox 3407 1629 3527 1683; x_wconf 91' lang='lat' dir='ltr'><strong>est;</strong></span> 
     </span>
    </p>
   </div>
   <div class='ocr_carea' id='block_1_68' title="bbox 1941 1712 3531 1797">
    <p class='ocr_par' dir='ltr' id='par_1_68' title="bbox 1941 1712 3531 1797">
     <span class='ocr_line' id='line_1_68' title="bbox 1941 1712 3531 1797; baseline -0.01 -17"><span class='ocrx_word' id='word_1_445' title='bbox 1941 1727 2036 1797; x_wconf 93' lang='lat' dir='ltr'><strong>qui</strong></span> <span class='ocrx_word' id='word_1_446' title='bbox 2094 1725 2239 1781; x_wconf 93' lang='lat' dir='ltr'><strong>enim</strong></span> <span class='ocrx_word' id='word_1_447' title='bbox 2300 1721 2387 1777; x_wconf 90' lang='lat' dir='ltr'><strong>Jo.</strong></span> <span class='ocrx_word' id='word_1_448' title='bbox 2437 1720 2839 1775; x_wconf 89' lang='lat' dir='ltr'><strong>Damascenum</strong></span> <span class='ocrx_word' id='word_1_449' title='bbox 2897 1716 3270 1787; x_wconf 89' lang='lat' dir='ltr'><strong>appellassent</strong></span> <span class='ocrx_word' id='word_1_450' title='bbox 3319 1712 3531 1766; x_wconf 69' lang='lat' dir='ltr'><strong>Euboan:</strong></span> 
     </span>
    </p>
   </div>
   <div class='ocr_carea' id='block_1_69' title="bbox 1942 1806 3530 1889">
    <p class='ocr_par' dir='ltr' id='par_1_69' title="bbox 1942 1806 3530 1889">
     <span class='ocr_line' id='line_1_69' title="bbox 1942 1806 3530 1889; baseline -0.012 -15"><span class='ocrx_word' id='word_1_451' title='bbox 1942 1821 2270 1889; x_wconf 85' lang='lat' dir='ltr'><strong>episcopum,</strong></span> <span class='ocrx_word' id='word_1_452' title='bbox 2318 1815 2363 1869; x_wconf 93' lang='lat' dir='ltr'><strong>si</strong></span> <span class='ocrx_word' id='word_1_453' title='bbox 2411 1829 2474 1869; x_wconf 91' lang='lat' dir='ltr'><strong>ea</strong></span> <span class='ocrx_word' id='word_1_454' title='bbox 2507 1812 2777 1883; x_wconf 83' lang='lat' dir='ltr'><strong>dignitate</strong></span> <span class='ocrx_word' id='word_1_455' title='bbox 2830 1810 3181 1881; x_wconf 78' lang='lat' dir='ltr'><strong>insignitum,</strong></span> <span class='ocrx_word' id='word_1_456' title='bbox 3237 1815 3401 1876; x_wconf 90' lang='lat' dir='ltr'><strong>atque</strong></span> <span class='ocrx_word' id='word_1_457' title='bbox 3439 1806 3530 1858; x_wconf 85' lang='lat' dir='ltr'><strong>illa</strong></span> 
     </span>
    </p>
   </div>
   <div class='ocr_carea' id='block_1_70' title="bbox 1946 1898 3534 1981">
    <p class='ocr_par' dir='ltr' id='par_1_70' title="bbox 1946 1898 3534 1981">
     <span class='ocr_line' id='line_1_70' title="bbox 1946 1898 3534 1981; baseline -0.011 -14"><span class='ocrx_word' id='word_1_458' title='bbox 1946 1914 2078 1969; x_wconf 89' lang='lat' dir='ltr'><strong>sede</strong></span> <span class='ocrx_word' id='word_1_459' title='bbox 2120 1911 2353 1981; x_wconf 87' lang='lat' dir='ltr'><strong>potitum</strong></span> <span class='ocrx_word' id='word_1_460' title='bbox 2396 1924 2519 1964; x_wconf 91' lang='lat' dir='ltr'><strong>eum</strong></span> <span class='ocrx_word' id='word_1_461' title='bbox 2558 1906 2734 1962; x_wconf 87' lang='lat' dir='ltr'><strong>fuisse</strong></span> <span class='ocrx_word' id='word_1_462' title='bbox 2764 1919 2874 1960; x_wconf 92' lang='lat' dir='ltr'><strong>non</strong></span> <span class='ocrx_word' id='word_1_463' title='bbox 2930 1898 3324 1958; x_wconf 80' lang='lat' dir='ltr'><strong>censuissent?</strong></span> <span class='ocrx_word' id='word_1_464' title='bbox 3368 1899 3534 1967; x_wconf 84' lang='lat' dir='ltr'><strong>Atqui</strong></span> 
     </span>
    </p>
   </div>
   <div class='ocr_carea' id='block_1_71' title="bbox 1937 1994 3531 2071">
    <p class='ocr_par' dir='ltr' id='par_1_71' title="bbox 1937 1994 3531 2071">
     <span class='ocr_line' id='line_1_71' title="bbox 1937 1994 3531 2071; baseline -0.012 -10"><span class='ocrx_word' id='word_1_465' title='bbox 1937 2005 2179 2067; x_wconf 63' lang='lat' dir='ltr'><strong>Graecos,</strong></span> <span class='ocrx_word' id='word_1_466' title='bbox 2217 2010 2270 2056; x_wconf 88' lang='lat' dir='ltr'><strong>et</strong></span> <span class='ocrx_word' id='word_1_467' title='bbox 2300 1998 2526 2071; x_wconf 88' lang='lat' dir='ltr'><strong>quidem</strong></span> <span class='ocrx_word' id='word_1_468' title='bbox 2586 2004 2803 2053; x_wconf 88' lang='lat' dir='ltr'><strong>veteres</strong></span> <span class='ocrx_word' id='word_1_469' title='bbox 2858 1994 3119 2056; x_wconf 80' lang='lat' dir='ltr'><strong>Graecos,</strong></span> <span class='ocrx_word' id='word_1_470' title='bbox 3178 1998 3341 2059; x_wconf 87' lang='lat' dir='ltr'><strong>prout</strong></span> <span class='ocrx_word' id='word_1_471' title='bbox 3395 2004 3531 2044; x_wconf 89' lang='lat' dir='ltr'><strong>mss.</strong></span> 
     </span>
    </p>
   </div>
   <div class='ocr_carea' id='block_1_72' title="bbox 1940 2078 3536 2161">
    <p class='ocr_par' dir='ltr' id='par_1_72' title="bbox 1940 2078 3536 2161">
     <span class='ocr_line' id='line_1_72' title="bbox 1940 2078 3536 2161; baseline -0.009 -12"><span class='ocrx_word' id='word_1_472' title='bbox 1940 2093 2195 2149; x_wconf 89' lang='lat' dir='ltr'><strong>codicum</strong></span> <span class='ocrx_word' id='word_1_473' title='bbox 2225 2098 2360 2147; x_wconf 80' lang='lat' dir='ltr'><strong>actas</strong></span> <span class='ocrx_word' id='word_1_474' title='bbox 2394 2090 2656 2161; x_wconf 87' lang='lat' dir='ltr'><strong>postulat,</strong></span> <span class='ocrx_word' id='word_1_475' title='bbox 2688 2087 3016 2144; x_wconf 82' lang='lat' dir='ltr'><strong>existimare</strong></span> <span class='ocrx_word' id='word_1_476' title='bbox 3054 2082 3329 2155; x_wconf 88' lang='lat' dir='ltr'><strong>potuisse,</strong></span> <span class='ocrx_word' id='word_1_477' title='bbox 3366 2078 3536 2134; x_wconf 88' lang='lat' dir='ltr'><strong>Joan-</strong></span> 
     </span>
    </p>
   </div>
   <div class='ocr_carea' id='block_1_73' title="bbox 1945 2172 3537 2250">
    <p class='ocr_par' dir='ltr' id='par_1_73' title="bbox 1945 2172 3537 2250">
     <span class='ocr_line' id='line_1_73' title="bbox 1945 2172 3537 2250; baseline -0.013 -6"><span class='ocrx_word' id='word_1_478' title='bbox 1945 2203 2067 2244; x_wconf 87' lang='lat' dir='ltr'><strong>nem</strong></span> <span class='ocrx_word' id='word_1_479' title='bbox 2094 2186 2245 2239; x_wconf 90' lang='lat' dir='ltr'><strong>ilhnn</strong></span> <span class='ocrx_word' id='word_1_480' title='bbox 2275 2184 2699 2246; x_wconf 89' lang='lat' dir='ltr'><strong>Damascenum,</strong></span> <span class='ocrx_word' id='word_1_481' title='bbox 2735 2179 2831 2250; x_wconf 92' lang='lat' dir='ltr'><strong>qui</strong></span> <span class='ocrx_word' id='word_1_482' title='bbox 2865 2187 3094 2250; x_wconf 90' lang='lat' dir='ltr'><strong>pr0pter</strong></span> <span class='ocrx_word' id='word_1_483' title='bbox 3137 2174 3451 2231; x_wconf 76' lang='lat' dir='ltr'><strong>exantlatos</strong></span> <span class='ocrx_word' id='word_1_484' title='bbox 3479 2172 3537 2225; x_wconf 90' lang='lat' dir='ltr'><strong>in</strong></span> 
     </span>
    </p>
   </div>
   <div class='ocr_carea' id='block_1_74' title="bbox 1949 2264 3538 2334">
    <p class='ocr_par' dir='ltr' id='par_1_74' title="bbox 1949 2264 3538 2334">
     <span class='ocr_line' id='line_1_74' title="bbox 1949 2264 3538 2334; baseline -0.01 0"><span class='ocrx_word' id='word_1_485' title='bbox 1949 2278 2052 2334; x_wconf 85' lang='lat' dir='ltr'><strong>fide</strong></span> <span class='ocrx_word' id='word_1_486' title='bbox 2088 2276 2363 2331; x_wconf 89' lang='lat' dir='ltr'><strong>catholica</strong></span> <span class='ocrx_word' id='word_1_487' title='bbox 2411 2272 2758 2330; x_wconf 88' lang='lat' dir='ltr'><strong>defendenda</strong></span> <span class='ocrx_word' id='word_1_488' title='bbox 2803 2278 2886 2325; x_wconf 94' lang='lat' dir='ltr'><strong>tot</strong></span> <span class='ocrx_word' id='word_1_489' title='bbox 2939 2267 3159 2323; x_wconf 84' lang='lat' dir='ltr'><strong>labores</strong></span> <span class='ocrx_word' id='word_1_490' title='bbox 3210 2264 3538 2321; x_wconf 90' lang='lat' dir='ltr'><strong>notissimus</strong></span> 
     </span>
    </p>
   </div>
   <div class='ocr_carea' id='block_1_75' title="bbox 1948 2357 3537 2432">
    <p class='ocr_par' dir='ltr' id='par_1_75' title="bbox 1948 2357 3537 2432">
     <span class='ocr_line' id='line_1_75' title="bbox 1948 2357 3537 2432; baseline -0.01 -8"><span class='ocrx_word' id='word_1_491' title='bbox 1948 2374 2224 2432; x_wconf 87' lang='lat' dir='ltr'><strong>evaserat,</strong></span> <span class='ocrx_word' id='word_1_492' title='bbox 2272 2365 2526 2421; x_wconf 86' lang='lat' dir='ltr'><strong>eumdem</strong></span> <span class='ocrx_word' id='word_1_493' title='bbox 2582 2363 2637 2417; x_wconf 90' lang='lat' dir='ltr'><strong>in</strong></span> <span class='ocrx_word' id='word_1_494' title='bbox 2700 2360 2906 2416; x_wconf 83' lang='lat' dir='ltr'><strong>Eubcea</strong></span> <span class='ocrx_word' id='word_1_495' title='bbox 2970 2358 3152 2413; x_wconf 87' lang='lat' dir='ltr'><strong>insula</strong></span> <span class='ocrx_word' id='word_1_496' title='bbox 3209 2357 3537 2427; x_wconf 88' lang='lat' dir='ltr'><strong>episcopum</strong></span> 
     </span>
    </p>
   </div>
   <div class='ocr_carea' id='block_1_76' title="bbox 1954 2448 3542 2525">
    <p class='ocr_par' dir='ltr' id='par_1_76' title="bbox 1954 2448 3542 2525">
     <span class='ocr_line' id='line_1_76' title="bbox 1954 2448 3542 2525; baseline -0.01 -9"><span class='ocrx_word' id='word_1_497' title='bbox 1954 2461 2148 2525; x_wconf 87' lang='lat' dir='ltr'><strong>fuisse,</strong></span> <span class='ocrx_word' id='word_1_498' title='bbox 2192 2460 2297 2514; x_wconf 92' lang='lat' dir='ltr'><strong>hoc</strong></span> <span class='ocrx_word' id='word_1_499' title='bbox 2323 2459 2609 2513; x_wconf 87' lang='lat' dir='ltr'><strong>enimvero</strong></span> <span class='ocrx_word' id='word_1_500' title='bbox 2639 2456 2694 2510; x_wconf 92' lang='lat' dir='ltr'><strong>in</strong></span> <span class='ocrx_word' id='word_1_501' title='bbox 2729 2454 2974 2508; x_wconf 92' lang='lat' dir='ltr'><strong>animum</strong></span> <span class='ocrx_word' id='word_1_502' title='bbox 3000 2449 3268 2505; x_wconf 91' lang='lat' dir='ltr'><strong>inducere</strong></span> <span class='ocrx_word' id='word_1_503' title='bbox 3297 2448 3542 2502; x_wconf 79' lang='lat' dir='ltr'><strong>maxime</strong></span> 
     </span>
    </p>
   </div>
   <div class='ocr_carea' id='block_1_77' title="bbox 1954 2537 3543 2615">
    <p class='ocr_par' dir='ltr' id='par_1_77' title="bbox 1954 2537 3543 2615">
     <span class='ocr_line' id='line_1_77' title="bbox 1954 2537 3543 2615; baseline -0.01 -6"><span class='ocrx_word' id='word_1_504' title='bbox 1954 2556 2187 2609; x_wconf 89' lang='lat' dir='ltr'><strong>arduum</strong></span> <span class='ocrx_word' id='word_1_505' title='bbox 2221 2552 2418 2607; x_wconf 89' lang='lat' dir='ltr'><strong>merito</strong></span> <span class='ocrx_word' id='word_1_506' title='bbox 2451 2549 2699 2614; x_wconf 79' lang='lat' dir='ltr'><strong>dixeris;</strong></span> <span class='ocrx_word' id='word_1_507' title='bbox 2733 2553 2850 2600; x_wconf 90' lang='lat' dir='ltr'><strong>tum</strong></span> <span class='ocrx_word' id='word_1_508' title='bbox 2882 2544 3011 2615; x_wconf 89' lang='lat' dir='ltr'><strong>quia</strong></span> <span class='ocrx_word' id='word_1_509' title='bbox 3044 2542 3187 2596; x_wconf 88' lang='lat' dir='ltr'><strong>hanc</strong></span> <span class='ocrx_word' id='word_1_510' title='bbox 3217 2540 3286 2595; x_wconf 92' lang='lat' dir='ltr'><strong>de</strong></span> <span class='ocrx_word' id='word_1_511' title='bbox 3329 2537 3543 2593; x_wconf 88' lang='lat' dir='ltr'><strong>Joanne</strong></span> 
     </span>
    </p>
   </div>
   <div class='ocr_carea' id='block_1_78' title="bbox 1956 2631 3545 2712">
    <p class='ocr_par' dir='ltr' id='par_1_78' title="bbox 1956 2631 3545 2712">
     <span class='ocr_line' id='line_1_78' title="bbox 1956 2631 3545 2712; baseline -0.01 -12"><span class='ocrx_word' id='word_1_512' title='bbox 1956 2646 2296 2700; x_wconf 90' lang='lat' dir='ltr'><strong>Damasceno</strong></span> <span class='ocrx_word' id='word_1_513' title='bbox 2338 2642 2652 2712; x_wconf 80' lang='lat' dir='ltr'><strong>Opinionem</strong></span> <span class='ocrx_word' id='word_1_514' title='bbox 2704 2638 2971 2709; x_wconf 89' lang='lat' dir='ltr'><strong>perlatam</strong></span> <span class='ocrx_word' id='word_1_515' title='bbox 3033 2649 3157 2690; x_wconf 87' lang='lat' dir='ltr'><strong>esse</strong></span> <span class='ocrx_word' id='word_1_516' title='bbox 3204 2631 3545 2703; x_wconf 81' lang='lat' dir='ltr'><strong>aliquando,</strong></span> 
     </span>
    </p>
   </div>
   <div class='ocr_carea' id='block_1_79' title="bbox 1959 2724 3544 2797">
    <p class='ocr_par' dir='ltr' id='par_1_79' title="bbox 1959 2724 3544 2797">
     <span class='ocr_line' id='line_1_79' title="bbox 1959 2724 3544 2797; baseline -0.009 -5"><span class='ocrx_word' id='word_1_517' title='bbox 1959 2739 2170 2793; x_wconf 88' lang='lat' dir='ltr'><strong>nullum</strong></span> <span class='ocrx_word' id='word_1_518' title='bbox 2205 2742 2386 2791; x_wconf 83' lang='lat' dir='ltr'><strong>exstat</strong></span> <span class='ocrx_word' id='word_1_519' title='bbox 2422 2732 2716 2796; x_wconf 87' lang='lat' dir='ltr'><strong>indicium,</strong></span> <span class='ocrx_word' id='word_1_520' title='bbox 2755 2744 2920 2784; x_wconf 89' lang='lat' dir='ltr'><strong>nemo</strong></span> <span class='ocrx_word' id='word_1_521' title='bbox 2959 2728 3238 2782; x_wconf 71' lang='lat' dir='ltr'><strong>memoriae</strong></span> <span class='ocrx_word' id='word_1_522' title='bbox 3268 2724 3544 2797; x_wconf 87' lang='lat' dir='ltr'><strong>prodidit;</strong></span> 
     </span>
    </p>
   </div>
   <div class='ocr_carea' id='block_1_80' title="bbox 1962 2818 3546 2899">
    <p class='ocr_par' dir='ltr' id='par_1_80' title="bbox 1962 2818 3546 2899">
     <span class='ocr_line' id='line_1_80' title="bbox 1962 2818 3546 2899; baseline -0.009 -15"><span class='ocrx_word' id='word_1_523' title='bbox 1962 2839 2080 2885; x_wconf 92' lang='lat' dir='ltr'><strong>tum</strong></span> <span class='ocrx_word' id='word_1_524' title='bbox 2102 2829 2229 2899; x_wconf 88' lang='lat' dir='ltr'><strong>quia</strong></span> <span class='ocrx_word' id='word_1_525' title='bbox 2254 2825 2617 2882; x_wconf 87' lang='lat' dir='ltr'><strong>celeberrima</strong></span> <span class='ocrx_word' id='word_1_526' title='bbox 2658 2824 2803 2876; x_wconf 88' lang='lat' dir='ltr'><strong>inter</strong></span> <span class='ocrx_word' id='word_1_527' title='bbox 2832 2820 3060 2876; x_wconf 62' lang='lat' dir='ltr'><strong>Graecos</strong></span> <span class='ocrx_word' id='word_1_528' title='bbox 3090 2818 3232 2874; x_wconf 86' lang='lat' dir='ltr'><strong>fama</strong></span> <span class='ocrx_word' id='word_1_529' title='bbox 3264 2825 3546 2890; x_wconf 80' lang='lat' dir='ltr'><strong>gestorum</strong></span> 
     </span>
    </p>
   </div>
   <div class='ocr_carea' id='block_1_81' title="bbox 1962 2909 3550 2982">
    <p class='ocr_par' dir='ltr' id='par_1_81' title="bbox 1962 2909 3550 2982">
     <span class='ocr_line' id='line_1_81' title="bbox 1962 2909 3550 2982; baseline -0.009 -6"><span class='ocrx_word' id='word_1_530' title='bbox 1962 2920 2048 2979; x_wconf 90' lang='lat' dir='ltr'><strong>Jo.</strong></span> <span class='ocrx_word' id='word_1_531' title='bbox 2083 2918 2417 2976; x_wconf 89' lang='lat' dir='ltr'><strong>Damasceni</strong></span> <span class='ocrx_word' id='word_1_532' title='bbox 2468 2916 2678 2970; x_wconf 90' lang='lat' dir='ltr'><strong>nullum</strong></span> <span class='ocrx_word' id='word_1_533' title='bbox 2729 2914 2859 2967; x_wconf 89' lang='lat' dir='ltr'><strong>huic</strong></span> <span class='ocrx_word' id='word_1_534' title='bbox 2893 2913 3141 2982; x_wconf 87' lang='lat' dir='ltr'><strong>opinioni</strong></span> <span class='ocrx_word' id='word_1_535' title='bbox 3185 2911 3370 2965; x_wconf 90' lang='lat' dir='ltr'><strong>locum</strong></span> <span class='ocrx_word' id='word_1_536' title='bbox 3410 2909 3550 2964; x_wconf 89' lang='lat' dir='ltr'><strong>reli-</strong></span> 
     </span>
    </p>
   </div>
   <div class='ocr_carea' id='block_1_82' title="bbox 1965 3000 3553 3087">
    <p class='ocr_par' dir='ltr' id='par_1_82' title="bbox 1965 3000 3553 3087">
     <span class='ocr_line' id='line_1_82' title="bbox 1965 3000 3553 3087; baseline -0.009 -17"><span class='ocrx_word' id='word_1_537' title='bbox 1965 3030 2135 3087; x_wconf 89' lang='lat' dir='ltr'><strong>quum</strong></span> <span class='ocrx_word' id='word_1_538' title='bbox 2182 3010 2456 3075; x_wconf 90' lang='lat' dir='ltr'><strong>faciebat;</strong></span> <span class='ocrx_word' id='word_1_539' title='bbox 2508 3016 2623 3061; x_wconf 90' lang='lat' dir='ltr'><strong>tum</strong></span> <span class='ocrx_word' id='word_1_540' title='bbox 2659 3007 2877 3061; x_wconf 88' lang='lat' dir='ltr'><strong>demum</strong></span> <span class='ocrx_word' id='word_1_541' title='bbox 2933 3004 3064 3075; x_wconf 88' lang='lat' dir='ltr'><strong>quia</strong></span> <span class='ocrx_word' id='word_1_542' title='bbox 3118 3000 3369 3056; x_wconf 61' lang='lat' dir='ltr'><strong>historiae</strong></span> <span class='ocrx_word' id='word_1_543' title='bbox 3427 3015 3553 3070; x_wconf 76' lang='lat' dir='ltr'><strong>qua:</strong></span> 
     </span>
    </p>
   </div>
   <div class='ocr_carea' id='block_1_83' title="bbox 1968 3093 3555 3164">
    <p class='ocr_par' dir='ltr' id='par_1_83' title="bbox 1968 3093 3555 3164">
     <span class='ocr_line' id='line_1_83' title="bbox 1968 3093 3555 3164; baseline -0.008 -4"><span class='ocrx_word' id='word_1_544' title='bbox 1968 3105 2217 3161; x_wconf 90' lang='lat' dir='ltr'><strong>omnium</strong></span> <span class='ocrx_word' id='word_1_545' title='bbox 2251 3101 2509 3156; x_wconf 90' lang='lat' dir='ltr'><strong>manibus</strong></span> <span class='ocrx_word' id='word_1_546' title='bbox 2542 3098 2886 3159; x_wconf 89' lang='lat' dir='ltr'><strong>terebantur,</strong></span> <span class='ocrx_word' id='word_1_547' title='bbox 2918 3093 3233 3164; x_wconf 87' lang='lat' dir='ltr'><strong>cujusmodi</strong></span> <span class='ocrx_word' id='word_1_548' title='bbox 3275 3098 3405 3148; x_wconf 91' lang='lat' dir='ltr'><strong>sunt</strong></span> <span class='ocrx_word' id='word_1_549' title='bbox 3437 3106 3555 3147; x_wconf 90' lang='lat' dir='ltr'><strong>me-</strong></span> 
     </span>
    </p>
   </div>
   <div class='ocr_carea' id='block_1_84' title="bbox 264 3182 3559 3315">
    <p class='ocr_par' dir='ltr' id='par_1_84' title="bbox 264 3182 3559 3315">
     <span class='ocr_line' id='line_1_84' title="bbox 266 3182 3497 3241; baseline -0.004 -33"><span class='ocrx_word' id='word_1_550' title='bbox 266 3182 395 3208; x_wconf 69' lang='grc' dir='ltr'><strong>ΙΙΙ-δ</strong></span> <span class='ocrx_word' id='word_1_551' title='bbox 417 3182 561 3208; x_wconf 66' lang='grc' dir='ltr'><strong>υᾶνῦ</strong></span> <span class='ocrx_word' id='word_1_552' title='bbox 588 3182 821 3225; x_wconf 69' lang='grc' dir='ltr'><strong>μειδιυῐ.</strong></span> <span class='ocrx_word' id='word_1_553' title='bbox 858 3182 1115 3216; x_wconf 65' lang='grc' dir='ltr'><strong>ιιιιειαι..</strong></span> <span class='ocrx_word' id='word_1_554' title='bbox 1139 3182 1208 3209; x_wconf 78' lang='lat' dir='ltr'><strong>au</strong></span> <span class='ocrx_word' id='word_1_555' title='bbox 1239 3182 1371 3209; x_wconf 72' lang='lat' dir='ltr'><strong>illi&quot;.</strong></span> <span class='ocrx_word' id='word_1_556' title='bbox 1414 3182 1529 3224; x_wconf 58' lang='lat'><strong>&#39;9‘!)</strong></span> <span class='ocrx_word' id='word_1_557' title='bbox 1562 3182 1575 3209; x_wconf 71' lang='grc' dir='ltr'>ζ</span> <span class='ocrx_word' id='word_1_558' title='bbox 1631 3182 1863 3209; x_wconf 68' lang='grc' dir='ltr'><strong>συιυιηεδ</strong></span> <span class='ocrx_word' id='word_1_559' title='bbox 2147 3193 2158 3205; x_wconf 81' lang='grc' dir='ltr'><strong>ο</strong></span> <span class='ocrx_word' id='word_1_560' title='bbox 2653 3186 2704 3241; x_wconf 58' lang='grc' dir='ltr'><strong>,ὁ</strong></span> <span class='ocrx_word' id='word_1_561' title='bbox 2917 3186 2928 3197; x_wconf 78' lang='grc' dir='ltr'><strong><em>ο</em></strong></span> <span class='ocrx_word' id='word_1_562' title='bbox 2981 3186 2992 3197; x_wconf 72' lang='grc' dir='ltr'><strong>ν</strong></span> <span class='ocrx_word' id='word_1_563' title='bbox 3078 3184 3089 3196; x_wconf 75' lang='grc' dir='ltr'><strong><em>ο</em></strong></span> <span class='ocrx_word' id='word_1_564' title='bbox 3273 3182 3319 3236; x_wconf 70' lang='lat' dir='ltr'><strong>.f</strong></span> <span class='ocrx_word' id='word_1_565' title='bbox 3351 3189 3401 3236; x_wconf 55' lang='lat' dir='ltr'><strong>qt</strong></span> <span class='ocrx_word' id='word_1_566' title='bbox 3485 3196 3497 3209; x_wconf 42' lang='grc' dir='ltr'>ι</span> 
     </span>
     <span class='ocr_line' id='line_1_85' title="bbox 264 3194 3559 3315; baseline -0.004 -67"><span class='ocrx_word' id='word_1_567' title='bbox 264 3244 558 3299; x_wconf 53' lang='lat' dir='ltr'><strong>monachus</strong></span> <span class='ocrx_word' id='word_1_568' title='bbox 619 3253 672 3299; x_wconf 54' lang='grc' dir='ltr'><strong><em>α</em></strong></span> <span class='ocrx_word' id='word_1_569' title='bbox 726 3246 1020 3315; x_wconf 52' lang='lat' dir='ltr'><strong>presbyter,</strong></span> <span class='ocrx_word' id='word_1_570' title='bbox 1071 3256 1274 3313; x_wconf 46' lang='lat' dir='ltr'><strong>poma,</strong></span> <span class='ocrx_word' id='word_1_571' title='bbox 1328 3256 1387 3300; x_wconf 48' lang='lat' dir='ltr'><strong><em>ut</em></strong></span> <span class='ocrx_word' id='word_1_572' title='bbox 1452 3247 1658 3301; x_wconf 49' lang='lat' dir='ltr'><strong>videtur</strong></span> <span class='ocrx_word' id='word_1_573' title='bbox 1736 3246 1855 3300; x_wconf 41' lang='lat' dir='ltr'><strong>Eu‘</strong></span> <span class='ocrx_word' id='word_1_574' title='bbox 1971 3194 2194 3264; x_wconf 83' lang='lat' dir='ltr'><strong>nologta</strong></span> <span class='ocrx_word' id='word_1_575' title='bbox 2241 3207 2306 3246; x_wconf 90' lang='lat' dir='ltr'><strong>ac</strong></span> <span class='ocrx_word' id='word_1_576' title='bbox 2356 3202 2586 3250; x_wconf 70' lang='lat' dir='ltr'><strong>mentea,</strong></span> <span class='ocrx_word' id='word_1_577' title='bbox 2616 3201 2665 3241; x_wconf 84' lang='lat' dir='ltr'><strong>et</strong></span> <span class='ocrx_word' id='word_1_578' title='bbox 2711 3202 2797 3241; x_wconf 92' lang='lat' dir='ltr'><strong>em</strong></span> <span class='ocrx_word' id='word_1_579' title='bbox 2841 3200 3093 3256; x_wconf 78' lang='lat' dir='ltr'><strong>opinioni</strong></span> <span class='ocrx_word' id='word_1_580' title='bbox 3140 3198 3285 3237; x_wconf 82' lang='lat' dir='ltr'><strong>mani</strong></span> <span class='ocrx_word' id='word_1_581' title='bbox 3317 3199 3365 3238; x_wconf 92' lang='lat' dir='ltr'><strong>e.</strong></span> <span class='ocrx_word' id='word_1_582' title='bbox 3405 3197 3436 3237; x_wconf 90' lang='lat' dir='ltr'><strong>e</strong></span> <span class='ocrx_word' id='word_1_583' title='bbox 3471 3196 3559 3236; x_wconf 87' lang='lat' dir='ltr'><strong>te-</strong></span> 
     </span>
     <span class='ocr_line' id='line_1_86' title="bbox 1666 3284 2279 3315; baseline 0 0"><span class='ocrx_word' id='word_1_584' title='bbox 1666 3287 1682 3311; x_wconf 71' lang='grc' dir='ltr'><strong>ν</strong></span> <span class='ocrx_word' id='word_1_585' title='bbox 1962 3284 2279 3315; x_wconf 65' lang='grc' dir='ltr'><strong>η..ηηη1ιηιιο</strong></span> 
     </span>
    </p>
   </div>
   <div class='ocr_carea' id='block_1_85' title="bbox 1262 3287 1933 3311">
    <p class='ocr_par' dir='ltr' id='par_1_85' title="bbox 1262 3287 1933 3311">
     <span class='ocr_line' id='line_1_87' title="bbox 1262 3287 1933 3311; baseline 0.001 -12"><span class='ocrx_word' id='word_1_586' title='bbox 1262 3289 1274 3308; x_wconf 54' lang='grc' dir='ltr'><strong>ν</strong></span> <span class='ocrx_word' id='word_1_587' title='bbox 1331 3287 1387 3300; x_wconf 62' lang='grc' dir='ltr'><strong>ων</strong></span> <span class='ocrx_word' id='word_1_588' title='bbox 1455 3287 1644 3301; x_wconf 60' lang='grc' dir='ltr'><strong>υνκνοων.</strong></span> <span class='ocrx_word' id='word_1_589' title='bbox 1666 3287 1682 3311; x_wconf 71' lang='grc'><strong>⁹</strong></span> <span class='ocrx_word' id='word_1_590' title='bbox 1736 3287 1852 3300; x_wconf 67' lang='grc' dir='ltr'><strong>μιυ“</strong></span> <span class='ocrx_word' id='word_1_591' title='bbox 1926 3289 1933 3294; x_wconf 81' lang='lat'><em>‘</em></span> 
     </span>
    </p>
   </div>
   <div class='ocr_carea' id='block_1_86' title="bbox 1962 3284 2305 3358">
    <p class='ocr_par' dir='ltr' id='par_1_86' title="bbox 1962 3284 2305 3358">
     <span class='ocr_line' id='line_1_88' title="bbox 1962 3284 2305 3358; baseline -0.006 -19"><span class='ocrx_word' id='word_1_592' title='bbox 1962 3284 2305 3358; x_wconf 75' lang='lat' dir='ltr'><strong>pugnabauL</strong></span> 
     </span>
    </p>
   </div>
   <div class='ocr_carea' id='block_1_87' title="bbox 2032 3394 3560 3477">
    <p class='ocr_par' dir='ltr' id='par_1_87' title="bbox 2032 3394 3560 3477">
     <span class='ocr_line' id='line_1_89' title="bbox 2032 3394 3560 3477; baseline -0.009 -14"><span class='ocrx_word' id='word_1_593' title='bbox 2032 3406 2145 3463; x_wconf 88' lang='lat' dir='ltr'><strong>Cur</strong></span> <span class='ocrx_word' id='word_1_594' title='bbox 2189 3420 2345 3477; x_wconf 87' lang='lat' dir='ltr'><strong>ergo,</strong></span> <span class='ocrx_word' id='word_1_595' title='bbox 2386 3404 2559 3470; x_wconf 89' lang='lat' dir='ltr'><strong>dices,</strong></span> <span class='ocrx_word' id='word_1_596' title='bbox 2607 3400 2931 3457; x_wconf 76' lang='lat' dir='ltr'><strong>Damasceni</strong></span> <span class='ocrx_word' id='word_1_597' title='bbox 2974 3413 3170 3453; x_wconf 92' lang='lat' dir='ltr'><strong>nomen</strong></span> <span class='ocrx_word' id='word_1_598' title='bbox 3206 3396 3406 3452; x_wconf 88' lang='lat' dir='ltr'><strong>Joanni</strong></span> <span class='ocrx_word' id='word_1_599' title='bbox 3449 3394 3560 3450; x_wconf 80' lang='lat' dir='ltr'><strong>Eu-</strong></span> 
     </span>
    </p>
   </div>
   <div class='ocr_carea' id='block_1_88' title="bbox 1962 3490 3562 3560">
    <p class='ocr_par' dir='ltr' id='par_1_88' title="bbox 1962 3490 3562 3560">
     <span class='ocr_line' id='line_1_90' title="bbox 1962 3490 3562 3560; baseline -0.009 -5"><span class='ocrx_word' id='word_1_600' title='bbox 1962 3498 2172 3556; x_wconf 86' lang='lat' dir='ltr'><strong>boeensi</strong></span> <span class='ocrx_word' id='word_1_601' title='bbox 2210 3496 2482 3552; x_wconf 63' lang='lat' dir='ltr'><strong>adhaesit?</strong></span> <span class='ocrx_word' id='word_1_602' title='bbox 2522 3494 2695 3550; x_wconf 82' lang='lat' dir='ltr'><strong>Valde</strong></span> <span class='ocrx_word' id='word_1_603' title='bbox 2739 3492 2992 3556; x_wconf 88' lang='lat' dir='ltr'><strong>obvium,</strong></span> <span class='ocrx_word' id='word_1_604' title='bbox 3025 3490 3279 3560; x_wconf 90' lang='lat' dir='ltr'><strong>inquam,</strong></span> <span class='ocrx_word' id='word_1_605' title='bbox 3327 3501 3562 3557; x_wconf 72' lang='lat' dir='ltr'><strong>respon-</strong></span> 
     </span>
    </p>
   </div>
   <div class='ocr_carea' id='block_1_89' title="bbox 1963 3578 3561 3661">
    <p class='ocr_par' dir='ltr' id='par_1_89' title="bbox 1963 3578 3561 3661">
     <span class='ocr_line' id='line_1_91' title="bbox 1963 3578 3561 3661; baseline -0.009 -14"><span class='ocrx_word' id='word_1_606' title='bbox 1963 3606 2085 3647; x_wconf 92' lang='lat' dir='ltr'><strong>sum</strong></span> <span class='ocrx_word' id='word_1_607' title='bbox 2118 3595 2333 3661; x_wconf 91' lang='lat' dir='ltr'><strong>prostat</strong></span> <span class='ocrx_word' id='word_1_608' title='bbox 2372 3607 2385 3644; x_wconf 88' lang='lat'><strong>:</strong></span> <span class='ocrx_word' id='word_1_609' title='bbox 2425 3587 2512 3643; x_wconf 92' lang='lat' dir='ltr'><strong>fac</strong></span> <span class='ocrx_word' id='word_1_610' title='bbox 2557 3589 2663 3642; x_wconf 87' lang='lat' dir='ltr'><strong>iste</strong></span> <span class='ocrx_word' id='word_1_611' title='bbox 2691 3598 2913 3656; x_wconf 91' lang='lat' dir='ltr'><strong>quoque</strong></span> <span class='ocrx_word' id='word_1_612' title='bbox 2958 3581 3207 3638; x_wconf 91' lang='lat' dir='ltr'><strong>Joannes</strong></span> <span class='ocrx_word' id='word_1_613' title='bbox 3244 3579 3421 3651; x_wconf 90' lang='lat' dir='ltr'><strong>patria</strong></span> <span class='ocrx_word' id='word_1_614' title='bbox 3458 3578 3561 3633; x_wconf 91' lang='lat' dir='ltr'><strong>Da-</strong></span> 
     </span>
    </p>
   </div>
   <div class='ocr_carea' id='block_1_90' title="bbox 1965 3672 3562 3747">
    <p class='ocr_par' dir='ltr' id='par_1_90' title="bbox 1965 3672 3562 3747">
     <span class='ocr_line' id='line_1_92' title="bbox 1965 3672 3562 3747; baseline -0.008 -9"><span class='ocrx_word' id='word_1_615' title='bbox 1965 3697 2258 3739; x_wconf 87' lang='lat' dir='ltr'><strong>mascenus</strong></span> <span class='ocrx_word' id='word_1_616' title='bbox 2297 3679 2614 3747; x_wconf 82' lang='lat' dir='ltr'><strong>exstiterit;</strong></span> <span class='ocrx_word' id='word_1_617' title='bbox 2645 3694 2713 3734; x_wconf 92' lang='lat' dir='ltr'><strong>en</strong></span> <span class='ocrx_word' id='word_1_618' title='bbox 2748 3677 3019 3732; x_wconf 89' lang='lat' dir='ltr'><strong>rationem</strong></span> <span class='ocrx_word' id='word_1_619' title='bbox 3057 3675 3205 3729; x_wconf 93' lang='lat' dir='ltr'><strong>illius</strong></span> <span class='ocrx_word' id='word_1_620' title='bbox 3234 3672 3562 3744; x_wconf 90' lang='lat' dir='ltr'><strong>appellatio-</strong></span> 
     </span>
    </p>
   </div>
   <div class='ocr_carea' id='block_1_91' title="bbox 1966 3763 3564 3842">
    <p class='ocr_par' dir='ltr' id='par_1_91' title="bbox 1966 3763 3564 3842">
     <span class='ocr_line' id='line_1_93' title="bbox 1966 3763 3564 3842; baseline -0.006 -13"><span class='ocrx_word' id='word_1_621' title='bbox 1966 3775 2053 3831; x_wconf 82' lang='lat' dir='ltr'><strong>nis</strong></span> <span class='ocrx_word' id='word_1_622' title='bbox 2087 3775 2144 3829; x_wconf 90' lang='lat' dir='ltr'><strong>in</strong></span> <span class='ocrx_word' id='word_1_623' title='bbox 2190 3780 2444 3842; x_wconf 88' lang='lat' dir='ltr'><strong>promptu</strong></span> <span class='ocrx_word' id='word_1_624' title='bbox 2491 3771 2687 3836; x_wconf 75' lang='lat' dir='ltr'><strong>habes.</strong></span> <span class='ocrx_word' id='word_1_625' title='bbox 2724 3767 2919 3839; x_wconf 87' lang='lat' dir='ltr'><strong>Neque</strong></span> <span class='ocrx_word' id='word_1_626' title='bbox 2956 3782 3090 3822; x_wconf 90' lang='lat' dir='ltr'><strong>vero</strong></span> <span class='ocrx_word' id='word_1_627' title='bbox 3145 3774 3374 3837; x_wconf 86' lang='lat' dir='ltr'><strong>pugnat,</strong></span> <span class='ocrx_word' id='word_1_628' title='bbox 3423 3763 3564 3819; x_wconf 88' lang='lat' dir='ltr'><strong>duos</strong></span> 
     </span>
    </p>
   </div>
   <div class='ocr_carea' id='block_1_92' title="bbox 1964 3855 3563 3924">
    <p class='ocr_par' dir='ltr' id='par_1_92' title="bbox 1964 3855 3563 3924">
     <span class='ocr_line' id='line_1_94' title="bbox 1964 3855 3563 3924; baseline -0.009 0"><span class='ocrx_word' id='word_1_629' title='bbox 1964 3867 2249 3924; x_wconf 77' lang='lat' dir='ltr'><strong>exstitisse</strong></span> <span class='ocrx_word' id='word_1_630' title='bbox 2306 3864 2549 3920; x_wconf 88' lang='lat' dir='ltr'><strong>Joannes</strong></span> <span class='ocrx_word' id='word_1_631' title='bbox 2591 3879 2623 3917; x_wconf 91' lang='lat' dir='ltr'><strong>e</strong></span> <span class='ocrx_word' id='word_1_632' title='bbox 2671 3861 3014 3918; x_wconf 89' lang='lat' dir='ltr'><strong>Damascena</strong></span> <span class='ocrx_word' id='word_1_633' title='bbox 3067 3858 3206 3914; x_wconf 88' lang='lat' dir='ltr'><strong>urbe</strong></span> <span class='ocrx_word' id='word_1_634' title='bbox 3253 3855 3563 3918; x_wconf 88' lang='lat' dir='ltr'><strong>oriundos,</strong></span> 
     </span>
    </p>
   </div>
   <div class='ocr_carea' id='block_1_93' title="bbox 1966 3947 3566 4030">
    <p class='ocr_par' dir='ltr' id='par_1_93' title="bbox 1966 3947 3566 4030">
     <span class='ocr_line' id='line_1_95' title="bbox 1966 3947 3566 4030; baseline -0.006 -17"><span class='ocrx_word' id='word_1_635' title='bbox 1966 3973 2203 4030; x_wconf 91' lang='lat' dir='ltr'><strong>quorum</strong></span> <span class='ocrx_word' id='word_1_636' title='bbox 2229 3957 2371 4012; x_wconf 87' lang='lat' dir='ltr'><strong>alter</strong></span> <span class='ocrx_word' id='word_1_637' title='bbox 2402 3954 2712 4009; x_wconf 89' lang='lat' dir='ltr'><strong>monachus</strong></span> <span class='ocrx_word' id='word_1_638' title='bbox 2746 3952 2803 4007; x_wconf 94' lang='lat' dir='ltr'><strong>in</strong></span> <span class='ocrx_word' id='word_1_639' title='bbox 2829 3950 3131 4006; x_wconf 63' lang='lat' dir='ltr'><strong>Palaestina</strong></span> <span class='ocrx_word' id='word_1_640' title='bbox 3166 3949 3390 4013; x_wconf 81' lang='lat' dir='ltr'><strong>vixerit,</strong></span> <span class='ocrx_word' id='word_1_641' title='bbox 3426 3947 3566 4003; x_wconf 86' lang='lat' dir='ltr'><strong>alter</strong></span> 
     </span>
    </p>
   </div>
   <div class='ocr_carea' id='block_1_94' title="bbox 1966 4038 3565 4121">
    <p class='ocr_par' dir='ltr' id='par_1_94' title="bbox 1966 4038 3565 4121">
     <span class='ocr_line' id='line_1_96' title="bbox 1966 4038 3565 4121; baseline -0.009 -14"><span class='ocrx_word' id='word_1_642' title='bbox 1966 4052 2265 4121; x_wconf 85' lang='lat' dir='ltr'><strong>episcopus</strong></span> <span class='ocrx_word' id='word_1_643' title='bbox 2293 4049 2350 4103; x_wconf 93' lang='lat' dir='ltr'><strong>in</strong></span> <span class='ocrx_word' id='word_1_644' title='bbox 2382 4046 2594 4103; x_wconf 78' lang='lat' dir='ltr'><strong>Eubcea</strong></span> <span class='ocrx_word' id='word_1_645' title='bbox 2646 4044 2833 4100; x_wconf 88' lang='lat' dir='ltr'><strong>insula</strong></span> <span class='ocrx_word' id='word_1_646' title='bbox 2871 4043 3134 4100; x_wconf 85' lang='lat' dir='ltr'><strong>evaserit.</strong></span> <span class='ocrx_word' id='word_1_647' title='bbox 3161 4038 3356 4111; x_wconf 83' lang='lat' dir='ltr'><strong>Neque</strong></span> <span class='ocrx_word' id='word_1_648' title='bbox 3380 4039 3565 4095; x_wconf 87' lang='lat' dir='ltr'><strong>itidem</strong></span> 
     </span>
    </p>
   </div>
   <div class='ocr_carea' id='block_1_95' title="bbox 1968 4130 3570 4209">
    <p class='ocr_par' dir='ltr' id='par_1_95' title="bbox 1968 4130 3570 4209">
     <span class='ocr_line' id='line_1_97' title="bbox 1968 4130 3570 4209; baseline -0.008 -10"><span class='ocrx_word' id='word_1_649' title='bbox 1968 4156 2173 4199; x_wconf 89' lang='lat' dir='ltr'><strong>novum</strong></span> <span class='ocrx_word' id='word_1_650' title='bbox 2204 4141 2433 4203; x_wconf 87' lang='lat' dir='ltr'><strong>accidit,</strong></span> <span class='ocrx_word' id='word_1_651' title='bbox 2463 4137 2743 4209; x_wconf 90' lang='lat' dir='ltr'><strong>episcopis</strong></span> <span class='ocrx_word' id='word_1_652' title='bbox 2770 4143 2970 4207; x_wconf 63' lang='lat' dir='ltr'><strong>praeter</strong></span> <span class='ocrx_word' id='word_1_653' title='bbox 2995 4149 3199 4189; x_wconf 90' lang='lat' dir='ltr'><strong>nomen</strong></span> <span class='ocrx_word' id='word_1_654' title='bbox 3226 4131 3403 4198; x_wconf 90' lang='lat' dir='ltr'><strong>sedis,</strong></span> <span class='ocrx_word' id='word_1_655' title='bbox 3433 4130 3570 4186; x_wconf 87' lang='lat' dir='ltr'><strong>alte-</strong></span> 
     </span>
    </p>
   </div>
   <div class='ocr_carea' id='block_1_96' title="bbox 1968 4220 3570 4306">
    <p class='ocr_par' dir='ltr' id='par_1_96' title="bbox 1968 4220 3570 4306">
     <span class='ocr_line' id='line_1_98' title="bbox 1968 4220 3570 4306; baseline -0.011 -13"><span class='ocrx_word' id='word_1_656' title='bbox 1968 4237 2089 4293; x_wconf 91' lang='lat' dir='ltr'><strong>rius</strong></span> <span class='ocrx_word' id='word_1_657' title='bbox 2126 4249 2345 4306; x_wconf 91' lang='lat' dir='ltr'><strong>quoque</strong></span> <span class='ocrx_word' id='word_1_658' title='bbox 2373 4233 2480 4287; x_wconf 92' lang='lat' dir='ltr'><strong>loci</strong></span> <span class='ocrx_word' id='word_1_659' title='bbox 2518 4231 2623 4285; x_wconf 90' lang='lat' dir='ltr'><strong>alia</strong></span> <span class='ocrx_word' id='word_1_660' title='bbox 2648 4229 2718 4283; x_wconf 91' lang='lat' dir='ltr'><strong>de</strong></span> <span class='ocrx_word' id='word_1_661' title='bbox 2749 4241 2921 4283; x_wconf 89' lang='lat' dir='ltr'><strong>causa</strong></span> <span class='ocrx_word' id='word_1_662' title='bbox 2955 4240 3156 4280; x_wconf 93' lang='lat' dir='ltr'><strong>nomen</strong></span> <span class='ocrx_word' id='word_1_663' title='bbox 3186 4221 3438 4293; x_wconf 88' lang='lat' dir='ltr'><strong>adjungi.</strong></span> <span class='ocrx_word' id='word_1_664' title='bbox 3474 4220 3570 4277; x_wconf 87' lang='lat' dir='ltr'><strong>Sic</strong></span> 
     </span>
    </p>
   </div>
   <div class='ocr_carea' id='block_1_97' title="bbox 1970 4319 3569 4388">
    <p class='ocr_par' dir='ltr' id='par_1_97' title="bbox 1970 4319 3569 4388">
     <span class='ocr_line' id='line_1_99' title="bbox 1970 4319 3569 4388; baseline -0.009 -5"><span class='ocrx_word' id='word_1_665' title='bbox 1970 4329 2111 4385; x_wconf 89' lang='lat' dir='ltr'><strong>duos</strong></span> <span class='ocrx_word' id='word_1_666' title='bbox 2138 4327 2307 4382; x_wconf 89' lang='lat' dir='ltr'><strong>habes</strong></span> <span class='ocrx_word' id='word_1_667' title='bbox 2323 4324 2652 4380; x_wconf 78' lang='lat' dir='ltr'><strong>Anastasios</strong></span> <span class='ocrx_word' id='word_1_668' title='bbox 2675 4319 3058 4375; x_wconf 79' lang='lat' dir='ltr'><strong>Antiochenos</strong></span> <span class='ocrx_word' id='word_1_669' title='bbox 3086 4319 3401 4388; x_wconf 82' lang='lat' dir='ltr'><strong>episcOpos,</strong></span> <span class='ocrx_word' id='word_1_670' title='bbox 3425 4329 3569 4386; x_wconf 89' lang='lat' dir='ltr'><strong>quo-</strong></span> 
     </span>
    </p>
   </div>
   <div class='ocr_carea' id='block_1_98' title="bbox 1973 4408 3568 4489">
    <p class='ocr_par' dir='ltr' id='par_1_98' title="bbox 1973 4408 3568 4489">
     <span class='ocr_line' id='line_1_100' title="bbox 1973 4408 3568 4489; baseline -0.009 -13"><span class='ocrx_word' id='word_1_671' title='bbox 1973 4434 2094 4476; x_wconf 92' lang='lat' dir='ltr'><strong>rum</strong></span> <span class='ocrx_word' id='word_1_672' title='bbox 2115 4418 2338 4489; x_wconf 90' lang='lat' dir='ltr'><strong>utrique</strong></span> <span class='ocrx_word' id='word_1_673' title='bbox 2359 4417 2586 4472; x_wconf 83' lang='lat' dir='ltr'><strong>Sinaitae</strong></span> <span class='ocrx_word' id='word_1_674' title='bbox 2618 4429 2819 4469; x_wconf 90' lang='lat' dir='ltr'><strong>nomen</strong></span> <span class='ocrx_word' id='word_1_675' title='bbox 2846 4410 3102 4474; x_wconf 84' lang='lat' dir='ltr'><strong>adhaesit,</strong></span> <span class='ocrx_word' id='word_1_676' title='bbox 3128 4409 3259 4480; x_wconf 91' lang='lat' dir='ltr'><strong>quia</strong></span> <span class='ocrx_word' id='word_1_677' title='bbox 3297 4408 3568 4463; x_wconf 84' lang='lat' dir='ltr'><strong>monasti-</strong></span> 
     </span>
    </p>
   </div>
   <div class='ocr_carea' id='block_1_99' title="bbox 1903 4497 3574 4606">
    <p class='ocr_par' dir='ltr' id='par_1_99' title="bbox 1903 4497 3574 4606">
     <span class='ocr_line' id='line_1_101' title="bbox 1903 4497 3574 4606; baseline -0.008 -40"><span class='ocrx_word' id='word_1_678' title='bbox 1903 4551 1945 4606; x_wconf 65' lang='grc' dir='ltr'><strong>Β</strong></span> <span class='ocrx_word' id='word_1_679' title='bbox 1975 4525 2096 4566; x_wconf 88' lang='lat' dir='ltr'><strong>cam</strong></span> <span class='ocrx_word' id='word_1_680' title='bbox 2121 4507 2189 4563; x_wconf 90' lang='lat' dir='ltr'><strong>ad</strong></span> <span class='ocrx_word' id='word_1_681' title='bbox 2220 4514 2461 4562; x_wconf 88' lang='lat' dir='ltr'><strong>montem</strong></span> <span class='ocrx_word' id='word_1_682' title='bbox 2496 4504 2654 4560; x_wconf 84' lang='lat' dir='ltr'><strong>Sinai</strong></span> <span class='ocrx_word' id='word_1_683' title='bbox 2698 4504 2864 4558; x_wconf 91' lang='lat' dir='ltr'><strong>vitam</strong></span> <span class='ocrx_word' id='word_1_684' title='bbox 2923 4512 3157 4572; x_wconf 89' lang='lat' dir='ltr'><strong>uterque</strong></span> <span class='ocrx_word' id='word_1_685' title='bbox 3201 4509 3414 4572; x_wconf 86' lang='lat' dir='ltr'><strong>egerat.</strong></span> <span class='ocrx_word' id='word_1_686' title='bbox 3469 4497 3574 4553; x_wconf 90' lang='lat' dir='ltr'><strong>Sic</strong></span> 
     </span>
    </p>
   </div>
   <div class='ocr_carea' id='block_1_100' title="bbox 1972 4590 3575 4669">
    <p class='ocr_par' dir='ltr' id='par_1_100' title="bbox 1972 4590 3575 4669">
     <span class='ocr_line' id='line_1_102' title="bbox 1972 4590 3575 4669; baseline -0.008 -12"><span class='ocrx_word' id='word_1_687' title='bbox 1972 4602 2222 4658; x_wconf 84' lang='lat' dir='ltr'><strong>Andreas</strong></span> <span class='ocrx_word' id='word_1_688' title='bbox 2248 4599 2515 4656; x_wconf 81' lang='lat' dir='ltr'><strong>Cretensis</strong></span> <span class='ocrx_word' id='word_1_689' title='bbox 2560 4599 2861 4669; x_wconf 87' lang='lat' dir='ltr'><strong>episcopus</strong></span> <span class='ocrx_word' id='word_1_690' title='bbox 2892 4595 3206 4665; x_wconf 87' lang='lat' dir='ltr'><strong>appellatur</strong></span> <span class='ocrx_word' id='word_1_691' title='bbox 3242 4593 3411 4649; x_wconf 89' lang='lat' dir='ltr'><strong>etiam</strong></span> <span class='ocrx_word' id='word_1_692' title='bbox 3444 4590 3575 4645; x_wconf 81' lang='lat' dir='ltr'><strong>Hie-</strong></span> 
     </span>
    </p>
   </div>
   <div class='ocr_carea' id='block_1_101' title="bbox 1942 4682 3575 4769">
    <p class='ocr_par' dir='ltr' id='par_1_101' title="bbox 1942 4682 3575 4769">
     <span class='ocr_line' id='line_1_103' title="bbox 1942 4682 3575 4769; baseline -0.009 -22"><span class='ocrx_word' id='word_1_693' title='bbox 1942 4693 2408 4769; x_wconf 44' lang='lat' dir='ltr'><strong>.rosolymttanus,</strong></span> <span class='ocrx_word' id='word_1_694' title='bbox 2435 4691 2565 4761; x_wconf 90' lang='lat' dir='ltr'><strong>quia</strong></span> <span class='ocrx_word' id='word_1_695' title='bbox 2589 4689 2740 4745; x_wconf 89' lang='lat' dir='ltr'><strong>clero</strong></span> <span class='ocrx_word' id='word_1_696' title='bbox 2781 4687 2951 4757; x_wconf 90' lang='lat' dir='ltr'><strong>hujus</strong></span> <span class='ocrx_word' id='word_1_697' title='bbox 3003 4683 3269 4740; x_wconf 82' lang='lat' dir='ltr'><strong>Ecclesiae</strong></span> <span class='ocrx_word' id='word_1_698' title='bbox 3292 4682 3575 4752; x_wconf 86' lang='lat' dir='ltr'><strong>ascriptus</strong></span> 
     </span>
    </p>
   </div>
   <div class='ocr_carea' id='block_1_102' title="bbox 1972 4776 3119 4854">
    <p class='ocr_par' dir='ltr' id='par_1_102' title="bbox 1972 4776 3119 4854">
     <span class='ocr_line' id='line_1_104' title="bbox 1972 4776 3119 4854; baseline -0.007 -16"><span class='ocrx_word' id='word_1_699' title='bbox 1972 4795 2102 4840; x_wconf 92' lang='lat' dir='ltr'><strong>ante</strong></span> <span class='ocrx_word' id='word_1_700' title='bbox 2127 4784 2522 4854; x_wconf 88' lang='lat' dir='ltr'><strong>episcopatum</strong></span> <span class='ocrx_word' id='word_1_701' title='bbox 2553 4780 2878 4835; x_wconf 84' lang='lat' dir='ltr'><strong>Cretensem</strong></span> <span class='ocrx_word' id='word_1_702' title='bbox 2915 4776 3119 4830; x_wconf 86' lang='lat' dir='ltr'><strong>fuerat.</strong></span> 
     </span>
    </p>
   </div>
   <div class='ocr_carea' id='block_1_103' title="bbox 2044 4883 3578 4950">
    <p class='ocr_par' dir='ltr' id='par_1_103' title="bbox 2044 4883 3578 4950">
     <span class='ocr_line' id='line_1_105' title="bbox 2044 4883 3578 4950; baseline -0.008 -1"><span class='ocrx_word' id='word_1_703' title='bbox 2044 4894 2134 4950; x_wconf 81' lang='lat' dir='ltr'><strong>Vl.</strong></span> <span class='ocrx_word' id='word_1_704' title='bbox 2176 4895 2358 4949; x_wconf 88' lang='lat' dir='ltr'><strong>Pauca</strong></span> <span class='ocrx_word' id='word_1_705' title='bbox 2407 4907 2555 4947; x_wconf 87' lang='lat' dir='ltr'><strong>nunc</strong></span> <span class='ocrx_word' id='word_1_706' title='bbox 2598 4891 2667 4946; x_wconf 87' lang='lat' dir='ltr'><strong>de</strong></span> <span class='ocrx_word' id='word_1_707' title='bbox 2706 4889 2894 4945; x_wconf 85' lang='lat' dir='ltr'><strong>indole</strong></span> <span class='ocrx_word' id='word_1_708' title='bbox 2932 4886 3173 4942; x_wconf 61' lang='lat' dir='ltr'><strong>ltomilia‘.</strong></span> <span class='ocrx_word' id='word_1_709' title='bbox 3208 4899 3410 4941; x_wconf 87' lang='lat' dir='ltr'><strong>censeo</strong></span> <span class='ocrx_word' id='word_1_710' title='bbox 3442 4883 3578 4938; x_wconf 89' lang='lat' dir='ltr'><strong>sub-</strong></span> 
     </span>
    </p>
   </div>
   <div class='ocr_carea' id='block_1_104' title="bbox 1979 4980 3579 5062">
    <p class='ocr_par' dir='ltr' id='par_1_104' title="bbox 1979 4980 3579 5062">
     <span class='ocr_line' id='line_1_106' title="bbox 1979 4980 3579 5062; baseline -0.009 -17"><span class='ocrx_word' id='word_1_711' title='bbox 1979 4990 2282 5062; x_wconf 83' lang='lat' dir='ltr'><strong>juugenda.</strong></span> <span class='ocrx_word' id='word_1_712' title='bbox 2322 4994 2550 5058; x_wconf 87' lang='lat' dir='ltr'><strong>propter</strong></span> <span class='ocrx_word' id='word_1_713' title='bbox 2582 5001 2681 5041; x_wconf 89' lang='lat' dir='ltr'><strong>eos</strong></span> <span class='ocrx_word' id='word_1_714' title='bbox 2742 4983 2987 5038; x_wconf 82' lang='lat' dir='ltr'><strong>maxime</strong></span> <span class='ocrx_word' id='word_1_715' title='bbox 3034 4980 3131 5051; x_wconf 91' lang='lat' dir='ltr'><strong>qui</strong></span> <span class='ocrx_word' id='word_1_716' title='bbox 3173 4988 3421 5035; x_wconf 88' lang='lat' dir='ltr'><strong>veterum</strong></span> <span class='ocrx_word' id='word_1_717' title='bbox 3458 4992 3579 5033; x_wconf 87' lang='lat' dir='ltr'><strong>ser-</strong></span> 
     </span>
    </p>
   </div>
   <div class='ocr_carea' id='block_1_105' title="bbox 1987 5068 3578 5148">
    <p class='ocr_par' dir='ltr' id='par_1_105' title="bbox 1987 5068 3578 5148">
     <span class='ocr_line' id='line_1_107' title="bbox 1987 5068 3578 5148; baseline -0.011 -12"><span class='ocrx_word' id='word_1_718' title='bbox 1987 5096 2177 5137; x_wconf 86' lang='lat' dir='ltr'><strong>mones</strong></span> <span class='ocrx_word' id='word_1_719' title='bbox 2211 5082 2266 5135; x_wconf 88' lang='lat' dir='ltr'><strong>iu</strong></span> <span class='ocrx_word' id='word_1_720' title='bbox 2300 5079 2549 5148; x_wconf 69' lang='lat' dir='ltr'><strong>Deiparaa</strong></span> <span class='ocrx_word' id='word_1_721' title='bbox 2578 5074 3014 5144; x_wconf 73' lang='lat' dir='ltr'><strong>Conceptionem</strong></span> <span class='ocrx_word' id='word_1_722' title='bbox 3055 5084 3341 5140; x_wconf 90' lang='lat' dir='ltr'><strong>nunquam</strong></span> <span class='ocrx_word' id='word_1_723' title='bbox 3398 5068 3578 5147; x_wconf 87' lang='lat' dir='ltr'><strong>adhuc</strong></span> 
     </span>
    </p>
   </div>
   <div class='ocr_carea' id='block_1_106' title="bbox 1983 5161 3576 5245">
    <p class='ocr_par' dir='ltr' id='par_1_106' title="bbox 1983 5161 3576 5245">
     <span class='ocr_line' id='line_1_108' title="bbox 1983 5161 3576 5245; baseline -0.012 -15"><span class='ocrx_word' id='word_1_724' title='bbox 1983 5173 2238 5245; x_wconf 86' lang='lat' dir='ltr'><strong>legerint.</strong></span> <span class='ocrx_word' id='word_1_725' title='bbox 2269 5170 2349 5225; x_wconf 70' lang='lat' dir='ltr'><strong>Et</strong></span> <span class='ocrx_word' id='word_1_726' title='bbox 2379 5170 2447 5225; x_wconf 92' lang='lat' dir='ltr'><strong>iis</strong></span> <span class='ocrx_word' id='word_1_727' title='bbox 2488 5168 2697 5223; x_wconf 89' lang='lat' dir='ltr'><strong>etenim</strong></span> <span class='ocrx_word' id='word_1_728' title='bbox 2728 5166 2837 5220; x_wconf 91' lang='lat' dir='ltr'><strong>erit</strong></span> <span class='ocrx_word' id='word_1_729' title='bbox 2884 5162 3124 5217; x_wconf 88' lang='lat' dir='ltr'><strong>fortasse</strong></span> <span class='ocrx_word' id='word_1_730' title='bbox 3159 5161 3280 5230; x_wconf 92' lang='lat' dir='ltr'><strong>qui,</strong></span> <span class='ocrx_word' id='word_1_731' title='bbox 3326 5173 3576 5229; x_wconf 81' lang='lat' dir='ltr'><strong>praecon-</strong></span> 
     </span>
    </p>
   </div>
   <div class='ocr_carea' id='block_1_107' title="bbox 1981 5253 3578 5337">
    <p class='ocr_par' dir='ltr' id='par_1_107' title="bbox 1981 5253 3578 5337">
     <span class='ocr_line' id='line_1_109' title="bbox 1981 5253 3578 5337; baseline -0.012 -15"><span class='ocrx_word' id='word_1_732' title='bbox 1981 5276 2139 5337; x_wconf 88' lang='lat' dir='ltr'><strong>cepta</strong></span> <span class='ocrx_word' id='word_1_733' title='bbox 2172 5264 2377 5320; x_wconf 89' lang='lat' dir='ltr'><strong>ductus</strong></span> <span class='ocrx_word' id='word_1_734' title='bbox 2412 5260 2697 5331; x_wconf 88' lang='lat' dir='ltr'><strong>opinione,</strong></span> <span class='ocrx_word' id='word_1_735' title='bbox 2741 5255 2985 5312; x_wconf 90' lang='lat' dir='ltr'><strong>sollicite</strong></span> <span class='ocrx_word' id='word_1_736' title='bbox 3029 5253 3305 5323; x_wconf 89' lang='lat' dir='ltr'><strong>avideque</strong></span> <span class='ocrx_word' id='word_1_737' title='bbox 3363 5265 3578 5307; x_wconf 85' lang='lat' dir='ltr'><strong>sermo-</strong></span> 
     </span>
    </p>
   </div>
   <div class='ocr_carea' id='block_1_108' title="bbox 1982 5340 3580 5428">
    <p class='ocr_par' dir='ltr' id='par_1_108' title="bbox 1982 5340 3580 5428">
     <span class='ocr_line' id='line_1_110' title="bbox 1982 5340 3580 5428; baseline -0.011 -15"><span class='ocrx_word' id='word_1_738' title='bbox 1982 5374 2106 5414; x_wconf 90' lang='lat' dir='ltr'><strong>nem</strong></span> <span class='ocrx_word' id='word_1_739' title='bbox 2138 5355 2446 5428; x_wconf 88' lang='lat' dir='ltr'><strong>pervolvat,</strong></span> <span class='ocrx_word' id='word_1_740' title='bbox 2474 5366 2543 5405; x_wconf 91' lang='lat' dir='ltr'><strong>an</strong></span> <span class='ocrx_word' id='word_1_741' title='bbox 2576 5348 2771 5405; x_wconf 82' lang='lat' dir='ltr'><strong>Patres</strong></span> <span class='ocrx_word' id='word_1_742' title='bbox 2803 5345 3153 5417; x_wconf 83' lang='lat' dir='ltr'><strong>privilegium</strong></span> <span class='ocrx_word' id='word_1_743' title='bbox 3180 5343 3312 5398; x_wconf 90' lang='lat' dir='ltr'><strong>illud</strong></span> <span class='ocrx_word' id='word_1_744' title='bbox 3335 5340 3580 5415; x_wconf 83' lang='lat' dir='ltr'><strong>Virginis</strong></span> 
     </span>
    </p>
   </div>
   <div class='ocr_carea' id='block_1_109' title="bbox 1806 5538 2036 5596">
    <p class='ocr_par' dir='ltr' id='par_1_109' title="bbox 1806 5538 2036 5596">
     <span class='ocr_line' id='line_1_111' title="bbox 1806 5538 2036 5596; baseline -0.009 -1"><span class='ocrx_word' id='word_1_745' title='bbox 1806 5538 2036 5596; x_wconf 73' lang='grc' dir='ltr'><strong>ΝΟΤᾹΞ.</strong></span> 
     </span>
    </p>
   </div>
   <div class='ocr_carea' id='block_1_110' title="bbox 331 5633 1874 5720">
    <p class='ocr_par' dir='ltr' id='par_1_110' title="bbox 331 5633 1874 5720">
     <span class='ocr_line' id='line_1_112' title="bbox 331 5633 1874 5720; baseline -0.006 -25"><span class='ocrx_word' id='word_1_746' title='bbox 331 5638 442 5720; x_wconf 26' lang='grc'><strong>..(5)</strong></span> <span class='ocrx_word' id='word_1_747' title='bbox 501 5638 558 5691; x_wconf 92' lang='lat' dir='ltr'><strong>In</strong></span> <span class='ocrx_word' id='word_1_748' title='bbox 617 5635 921 5707; x_wconf 81' lang='lat' dir='ltr'><strong>Prolegom.</strong></span> <span class='ocrx_word' id='word_1_749' title='bbox 975 5637 1044 5691; x_wconf 90' lang='lat' dir='ltr'><strong>ad</strong></span> <span class='ocrx_word' id='word_1_750' title='bbox 1099 5635 1348 5691; x_wconf 88' lang='lat' dir='ltr'><strong>Damasc.</strong></span> <span class='ocrx_word' id='word_1_751' title='bbox 1400 5633 1565 5702; x_wconf 89' lang='lat' dir='ltr'><strong>Oper.</strong></span> <span class='ocrx_word' id='word_1_752' title='bbox 1598 5633 1719 5688; x_wconf 91' lang='lat' dir='ltr'><strong>loco</strong></span> <span class='ocrx_word' id='word_1_753' title='bbox 1750 5649 1874 5703; x_wconf 89' lang='lat' dir='ltr'><strong>sup.</strong></span> 
     </span>
    </p>
   </div>
   <div class='ocr_carea' id='block_1_111' title="bbox 295 5716 1883 5846">
    <p class='ocr_par' dir='ltr' id='par_1_111' title="bbox 295 5716 1883 5846">
     <span class='ocr_line' id='line_1_113' title="bbox 295 5716 1883 5846; baseline -0.001 -17"><span class='ocrx_word' id='word_1_754' title='bbox 295 5716 489 5846; x_wconf 34' lang='lat' dir='ltr'><strong>malst?</strong></span> <span class='ocrx_word' id='word_1_755' title='bbox 535 5776 766 5833; x_wconf 79' lang='lat' dir='ltr'><strong>Codices</strong></span> <span class='ocrx_word' id='word_1_756' title='bbox 814 5774 1130 5843; x_wconf 77' lang='lat' dir='ltr'><strong>huiusmodi</strong></span> <span class='ocrx_word' id='word_1_757' title='bbox 1177 5776 1323 5831; x_wconf 91' lang='lat' dir='ltr'><strong>notis</strong></span> <span class='ocrx_word' id='word_1_758' title='bbox 1352 5773 1741 5846; x_wconf 76' lang='lat' dir='ltr'><strong>iudicabuntur</strong></span> <span class='ocrx_word' id='word_1_759' title='bbox 1774 5792 1784 5826; x_wconf 75' lang='grc' dir='ltr'>ε</span> <span class='ocrx_word' id='word_1_760' title='bbox 1820 5771 1883 5827; x_wconf 84' lang='lat' dir='ltr'><strong>c.</strong></span> 
     </span>
    </p>
   </div>
   <div class='ocr_carea' id='block_1_112' title="bbox 298 5843 1882 5904">
    <p class='ocr_par' dir='ltr' id='par_1_112' title="bbox 298 5843 1882 5904">
     <span class='ocr_line' id='line_1_114' title="bbox 298 5843 1882 5904; baseline -0.004 -2"><span class='ocrx_word' id='word_1_761' title='bbox 298 5843 465 5903; x_wconf 52' lang='lat' dir='ltr'><strong>Ba&#39;rb.</strong></span> <span class='ocrx_word' id='word_1_762' title='bbox 518 5848 693 5904; x_wconf 89' lang='lat' dir='ltr'><strong>codex</strong></span> <span class='ocrx_word' id='word_1_763' title='bbox 736 5848 1117 5902; x_wconf 82' lang='lat' dir='ltr'><strong>Barberinus:</strong></span> <span class='ocrx_word' id='word_1_764' title='bbox 1170 5846 1308 5901; x_wconf 65' lang='lat' dir='ltr'><strong>Cres.</strong></span> <span class='ocrx_word' id='word_1_765' title='bbox 1362 5846 1431 5899; x_wconf 87' lang='lat' dir='ltr'><strong>A.</strong></span> <span class='ocrx_word' id='word_1_766' title='bbox 1487 5843 1658 5899; x_wconf 80' lang='lat' dir='ltr'><strong>codex</strong></span> <span class='ocrx_word' id='word_1_767' title='bbox 1703 5843 1882 5897; x_wconf 68' lang='lat' dir='ltr'><strong>Caesa-</strong></span> 
     </span>
    </p>
   </div>
   <div class='ocr_carea' id='block_1_113' title="bbox 1988 5611 3570 5697">
    <p class='ocr_par' dir='ltr' id='par_1_113' title="bbox 1988 5611 3570 5697">
     <span class='ocr_line' id='line_1_115' title="bbox 1988 5611 3570 5697; baseline -0.015 -10"><span class='ocrx_word' id='word_1_768' title='bbox 1988 5648 2118 5688; x_wconf 89' lang='lat' dir='ltr'><strong>reus</strong></span> <span class='ocrx_word' id='word_1_769' title='bbox 2151 5630 2597 5688; x_wconf 80' lang='lat' dir='ltr'><strong>Vindobonensis</strong></span> <span class='ocrx_word' id='word_1_770' title='bbox 2637 5628 2778 5682; x_wconf 91' lang='lat' dir='ltr'><strong>inter</strong></span> <span class='ocrx_word' id='word_1_771' title='bbox 2819 5622 3087 5697; x_wconf 77' lang='lat' dir='ltr'><strong>Theolog.</strong></span> <span class='ocrx_word' id='word_1_772' title='bbox 3127 5635 3184 5672; x_wconf 89' lang='lat' dir='ltr'><strong>u.</strong></span> <span class='ocrx_word' id='word_1_773' title='bbox 3433 5611 3570 5697; x_wconf 54' lang='grc' dir='ltr'><strong>δαῖε.</strong></span> 
     </span>
    </p>
   </div>
   <div class='ocr_carea' id='block_1_114' title="bbox 1994 5683 3571 5829">
    <p class='ocr_par' dir='ltr' id='par_1_114' title="bbox 1994 5683 3571 5829">
     <span class='ocr_line' id='line_1_116' title="bbox 1994 5683 3571 5829; baseline -0.015 -72"><span class='ocrx_word' id='word_1_774' title='bbox 1994 5683 2737 5829; x_wconf 31' lang='lat' dir='ltr'><strong>lli—prin:&#39;Vindobonensis</strong></span> <span class='ocrx_word' id='word_1_775' title='bbox 2774 5692 3003 5752; x_wconf 81' lang='lat' dir='ltr'><strong>mutilt&#39;ts</strong></span> <span class='ocrx_word' id='word_1_776' title='bbox 3035 5683 3179 5747; x_wconf 77' lang='lat' dir='ltr'><strong>inter</strong></span> <span class='ocrx_word' id='word_1_777' title='bbox 3224 5688 3369 5743; x_wconf 87' lang='lat' dir='ltr'><strong>llist.</strong></span> <span class='ocrx_word' id='word_1_778' title='bbox 3406 5683 3571 5747; x_wconf 89' lang='lat' dir='ltr'><strong>eccl.,</strong></span> 
     </span>
     <span class='ocr_line' id='line_1_117' title="bbox 1998 5790 2211 5828; baseline 0 -1"><span class='ocrx_word' id='word_1_779' title='bbox 1998 5790 2055 5828; x_wconf 93' lang='lat' dir='ltr'><strong>n.</strong></span> <span class='ocrx_word' id='word_1_780' title='bbox 2199 5812 2211 5827; x_wconf 92' lang='lat'><strong>.</strong></span> 
     </span>
    </p>
   </div>
  </div>
