4130 6406
607 357 747 424 1455

1813 376 1943 440 JOA
1956 381 2153 443 NNES
2203 383 2672 451 EUBtEENSIS.

3755 406 3888 474 N56

606 484 885 541 tueantur,
932 493 1000 534 an
1036 480 1230 536 validis
1274 483 1493 541 firment
1549 461 1878 560 rationibus,
1927 509 1996 548 an
2035 494 2188 550 multi
2219 504 2263 560 Α
2295 501 2597 569 praeferens
2649 501 2914 562 Jacobum
2962 511 3292 580 quemdam,
3345 513 3442 584 qui
3496 515 3553 568 in
3606 524 3888 577 nonnullis

605 570 716 625 sint
769 571 822 625 in
875 587 939 626 eo
990 574 1319 631 celebrando
1371 588 1424 633 et
1473 581 1828 652 inculcando,
1893 587 2188 658 diligenter

605 670 973 717 scrutaturus.

677 752 980 809 lilonendus
1016 755 1223 826 itaque,
1267 760 1310 813 si
1346 762 1474 830 quis
1516 762 1657 818 forte
1693 767 1765 820 ita
1803 780 1984 823 mente
2035 784 2189 848 com-

605 853 832 912 paratus
884 846 1002 913 sit,
1069 857 1316 919 tempora
1383 869 1412 908 a
1481 860 1828 928 temporibus
1896 846 2190 932 diligenter

603 937 864 1008 distingui
928 950 1202 1010 Oportcre.
1263 945 1399 999 Nam
1447 948 1609 1003 aliam
1666 950 1963 1020 cujuslibet
2018 969 2182 1024 argu-

603 1028 768 1081 menti
815 1035 1193 1100 pertractandi
1226 1037 1497 1093 rationem
1539 1051 1668 1096 ante
1701 1051 1924 1098 exortas
1957 1053 2182 1099 contro-

601 1116 815 1173 versias
863 1132 1183 1192 usurpatam
1232 1123 1434 1196 fuisse,
1495 1130 1656 1184 aliam
1718 1146 1846 1186 vero
1895 1141 2185 1204 postquam

602 1213 995 1265 controversia:
1027 1213 1427 1284 efferbuerunt,
1457 1230 1570 1274 tum
1604 1222 1725 1292 ipsa
1752 1224 1833 1277 rei
1867 1235 2065 1280 natura
2093 1243 2189 1298 per

603 1314 662 1353 se
689 1302 905 1367 suadet,
937 1316 1048 1360 tum
1078 1309 1369 1366 innumera
1399 1314 1651 1384 exempla
1682 1315 2037 1372 confirmant.
2071 1319 2186 1374 Uti-

601 1408 708 1459 que
742 1404 863 1461 post
894 1408 1070 1453 motas
1100 1403 1434 1470 quaestiones
1463 1421 1566 1459 usu
1598 1408 1788 1462 venire
1818 1409 2069 1466 videmus
2129 1421 2190 1467 ut

602 1483 659 1536 in
720 1486 854 1554 ipsis
913 1504 1134 1559 quoque
1184 1493 1249 1546 ad
1300 1494 1566 1564 populum
1630 1500 1983 1556 sermonibus
2037 1505 2186 1558 vires

605 1589 798 1632 omnes
821 1579 886 1630 ad
923 1581 1235 1638 doctrinam
1277 1589 1595 1658 quampiam
1633 1591 1922 1656 tuendam,
1963 1596 2188 1665 opposi-

604 1679 825 1739 tanuue
859 1671 1216 1730 refellendam
1246 1679 1637 1750 conferantur;
1682 1684 1794 1740 imo
1830 1689 2075 1744 eamdem
2117 1690 2187 1744 ob

603 1775 828 1817 causam
863 1780 1006 1835 saepe
1034 1765 1234 1822 factum
1283 1775 1652 1844 comperimus
1718 1785 1778 1832 ut
1803 1780 1985 1834 oratio
2019 1781 2182 1835 etiam

2290 592 2579 650 codicibus
2618 598 2785 653 etiam
2839 601 3116 670 apostolus
3159 604 3366 660 dicitur
3420 614 3520 662 aut
3567 608 3740 677 frater
3773 612 3886 666 Do-

2291 685 2460 750 mini;
2502 703 2821 760 quanquam
2851 692 2956 748 hoc
2981 693 3129 749 inter
3153 696 3534 753 additamenta
3564 705 3888 770 posterioris

2288 777 2468 830 mtatis
2518 783 2926 838 accensendum
2977 802 3130 852 esse,
3163 789 3308 845 bene
3340 797 3497 846 notat
3531 791 3619 847 Jo.
3654 792 3889 852 Carolus

2287 866 2444 921 Thilo
2485 868 2682 938 (Codex
2717 874 3006 944 apocryph.
3055 875 3129 932 Ν.
3179 877 3264 943 Τ.,
3319 889 3452 936 ιυιιι.
3483 881 3529 948 l,
3574 883 3882 954 prolegom.

2289 956 2428 1028 ξι).
2482 960 2939 1032 Antiquissimam
2972 981 3094 1020 eam
3133 968 3427 1025 historiam
3471 987 3599 1029 esse
3635 974 3879 1031 dubitari

2289 1050 2426 1105 adeo
2456 1067 2564 1107 non
2596 1062 2797 1124 potest,
2828 1064 2888 1110 ιιι
2923 1057 3067 1113 idem
3113 1060 3278 1116 Thilo
3309 1062 3435 1132 (loc.
3472 1065 3598 1130 cit.)
3632 1082 3886 1138 pronun-

2288 1138 2426 1194 tiare
2457 1156 2566 1196 non
2619 1143 2855 1210 dubitet,
2900 1145 3046 1202 haud
3096 1148 3520 1220 improbandam
3562 1170 3690 1212 esse
3721 1157 3886 1212 Corn-

2287 1229 2463 1287 befisii
2510 1238 2865 1304 sententiam,
2890 1240 2986 1310 qui
3036 1241 3284 1312 (Auctor.
3320 1253 3459 1300 tom.
3497 1247 3540 1311 Ι,
3576 1249 3693 1303 col.
3725 1251 3883 1318 122.4)

2288 1338 2405 1378 eam
2442 1325 2509 1380 ad
2547 1343 2722 1385 aevum
2756 1334 3121 1402 apostolicum
3160 1335 3507 1394 referendam
3553 1350 3772 1397 censet.
3816 1342 3884 1396 Et

2287 1424 2437 1470 certe
2471 1433 2601 1473 usos
2633 1420 2749 1490 ipsa
2797 1439 2920 1480 esse
2963 1424 3277 1496 Origenem,
3333 1429 3638 1501 Nyssenum
3672 1432 3885 1512 Grego-

2287 1508 2452 1574 rium,
2485 1509 2836 1569 Eustatbium
2877 1516 3314 1584 Antiochenam,
3345 1521 3739 1592 Epiphanium,
3767 1508 3882 1578 Ᾰηο

2286 1598 2472 1656 dream
2513 1603 2864 1672 Cretensem,
2913 1609 3344 1678 Dantascenum,
3384 1614 3635 1669 Pbotium
3675 1625 3729 1670 ct
3762 1619 3882 1686 ple-

2285 1708 2490 1764 rosque
2529 1697 2728 1753 deinde
2760 1716 2953 1756 omnes
2978 1743 2993 1765 ,
3053 1703 3317 1758 evincunt
3371 1705 3568 1760 horum
3621 1709 3880 1777 scripta;

2287 1787 2538 1856 quinimo
2563 1805 2681 1844 eam
2713 1791 2982 1862 allegasse
3031 1802 3146 1849 tum
3183 1795 3516 1852 Clementem
3541 1798 3881 1854 Alexandri-

605 1867 702 1922 per
724 1854 832 1908 vim
886 1870 951 1909 eo
993 1859 1425 1928 pertraheretur,
1475 1865 1522 1918 si
1551 1867 1774 1935 quando
1812 1871 2177 1938 praestitutum
2211 1861 2254 1916 Β
2290 1854 2444 1940 rium,
2482 1890 2596 1935 tum
2645 1881 2930 1947 Irenaeum,
2957 1901 3023 1940 ac
3054 1885 3195 1943 forte
3243 1888 3426 1958 ipsum
3475 1906 3697 1961 quoque
3739 1908 3881 1947 san-

603 1955 985 2013 argumentum
1036 1949 1182 2005 ultro
1227 1952 1468 2023 cuipiam
1512 1959 1806 2026 quatstioni
1856 1950 2037 2016 lecum
2073 1979 2184 2018 non

603 2035 890 2103 praeberet.
927 2039 998 2094 At
1031 2057 1161 2096 vero
1193 2054 1318 2099 ante
1348 2045 1511 2102 hasce
1534 2049 1660 2107 lites
1687 2063 1882 2110 enatas
1912 2055 2185 2111 immerito

602 2127 657 2180 in
720 2127 942 2185 Patrum
999 2133 1241 2193 homiliis
1295 2141 1702 2211 apologeticutn
1754 2146 1861 2200 hoc
1903 2163 1966 2201 ac
2016 2164 2186 2219 prope

601 2236 822 2290 pugnax
877 2228 1395 2302 contentiosumque
1441 2235 1662 2292 dicendi
1721 2255 1896 2309 genus
1956 2244 2186 2312 requiri-

602 2329 743 2367 mus.
781 2312 973 2386 Neque
1018 2319 1162 2388 enijn
1207 2337 1375 2380 causa
1407 2338 1524 2382 erat
1555 2333 1856 2400 pugnandi,
1893 2335 1984 2389 ubi
2017 2351 2181 2391 nemo

601 2408 943 2477 repugnabat
1015 2426 1197 2482 neque
1259 2431 1454 2474 rursus
1525 2437 1693 2477 causa
1766 2426 2030 2494 suberat,
2083 2444 2184 2483 cur

597 2499 846 2570 mysterii
905 2509 1036 2556 tunc
1089 2510 1386 2565 cnarrandi
1449 2513 1670 2577 cuidam
1721 2517 1987 2574 duntaxat
2013 2523 2181 2578 veluti

599 2592 884 2661 particulae
922 2599 1168 2665 pressius
1208 2616 1272 2656 ae
1306 2602 1418 2658 fere
1448 2606 1547 2660 toti
1598 2606 1793 2667 Patres
1837 2613 2177 2671 insisterent.

599 2682 802 2738 Eorum
856 2688 1084 2756 proinde
1141 2693 1322 2757 oratio
1376 2694 1607 2754 liberius
1661 2714 1726 2755 ac
1775 2702 1940 2759 latius
1991 2708 2180 2776 vagari

597 2775 759 2829 solet.
791 2777 854 2830 Et
880 2779 1341 2846 quemadmodum
1374 2785 1430 2840 in
1460 2792 1833 2856 sermonibus,
1866 2797 1961 2865 qui
1998 2775 2182 2867 plures

596 2877 934 2934 supersunt,
997 2871 1070 2925 De
1123 2872 1422 2932 Natiritate
1487 2879 1850 2942 Prwcursoris
1925 2888 2175 2958 Domini,

584 2956 803 3010 'frustra
843 2971 1154 3030 exspectes,
1198 2965 1344 3022 vires
1391 2983 1458 3023 eo
1512 2973 1751 3028 maxime
1799 2979 2075 3043 contrahi,
2119 2991 2179 3035 ut

593 3047 843 3113 ejusdem
871 3053 1174 3109 nativitatis
1202 3057 1495 3114 evincatur
1526 3066 1825 3133 sanctitas;
1861 3069 1958 3124 sed
1987 3069 2176 3128 Patres

593 3138 758 3194 modo
807 3141 859 3195 in
915 3153 1206 3212 parentum
1240 3148 1362 3218 ejus
1401 3151 1592 3209 laudes
1637 3155 1867 3228 effundi,
1901 3161 2064 3216 modo
2119 3163 2175 3217 in

2288 1980 2437 2026 ctum
2490 1973 2771 2029 Justinum
2817 1986 3118 2050 martyrem
3151 1984 3563 2044 ,communiter
3627 1999 3875 2039 consen-

2285 2061 2432 2118 tiunt
2458 2067 2661 2121 eruditi
2698 2067 2796 2138 (7).
2841 2067 2920 2123 Ex
2957 2087 3066 2140 quo
3105 2071 3241 2126 illud
3264 2073 3431 2128 etiam
3467 2075 3877 2145 licetarguerc,

2287 2154 2428 2210 hanc
2466 2155 2748 2212 historiam
2793 2175 2970 2229 neque
3007 2162 3208 2232 exiguo
3239 2164 3292 2216 in
3328 2166 3507 2235 pretio
3548 2166 3702 2237 apud
3733 2176 3880 2220 vete-

2284 2261 2394 2311 res,
2430 2263 2606 2315 neque
2638 2258 2896 2321 tanquam
2932 2253 3319 2310 hzereticorum
3362 2255 3680 2325 figmentum
3715 2258 3878 2311 babi-

2286 2343 2396 2388 tam
2455 2335 2664 2405 fuisse;
2719 2355 2844 2394 cum
2894 2350 3090 2395 contra
3140 2344 3416 2398 interdum
3457 2345 3781 2400 incidamus
3820 2349 3877 2402 in

2283 2427 2474 2484 Patres
2523 2429 2616 2501 qui
2647 2431 2713 2485 de
2747 2431 2932 2502 aliqua
2971 2436 3330 2505 corruptione
3368 2437 3422 2490 in
3472 2453 3589 2491 eam
3624 2454 3728 2508 per
3763 2439 3877 2492 ba:-

2283 2519 2484 2577 reticos
2513 2521 2737 2578 inducta
2771 2526 2975 2581 acriter
3005 2535 3446 2597 conquerantur.

2352 2657 2510 2724 Quod
2550 2667 2734 2714 autem
2767 2660 2820 2714 in
2853 2677 3098 2732 praesens
3142 2665 3365 2729 attinet,
3399 2665 3681 2722 ferebatur
3717 2669 3774 2722 in
3806 2685 3872 2722 ea

2279 2750 2650 2816 Joachimum,
2679 2768 2803 2807 cum
2838 2769 2940 2825 pro
2970 2757 3148 2825 gentis
3185 2759 3587 2815 consuetudine
3629 2775 3867 2814 munera

2281 2843 2395 2899 Deo
2449 2843 2735 2900 oblaturus
2784 2846 2850 2900 ad
2905 2848 3173 2918 templum
3220 2849 3592 2913 ascendisset,
3637 2852 3868 2920 probris

2278 2947 2568 3008 exceptum
2588 2952 2652 2993 ac
2684 2940 2964 3009 repulsum
2993 2940 3167 2997 fuisse
3193 2943 3504 3013 aquopiam
3535 2959 3627 2999 seu
3664 2941 3869 2997 Ruben

2279 3045 2379 3085 seu
2421 3029 2724 3088 Rubenita.
2769 3039 3061 3102 propterea
3091 3034 3221 3103 quia
3257 3035 3430 3105 (quod
3469 3036 3608 3091 inter
3635 3033 3869 3088 Judaeos

2280 3121 2632 3176 maledictum
2679 3123 3027 3196 habebatur)
3094 3128 3249 3197 prole
3301 3136 3517 3184 careret
3567 3146 3580 3182 :
3625 3129 3868 3199 proinde

591 3230 771 3300 angeli
807 3235 999 3288 nuntio
1031 3215 1398 3308 explanando,
1434 3245 1596 3300 modo
1629 3247 1684 3302 in
1725 3215 2005 3308 Zachariae
2038 3215 2171 3309 can-—
2198 3227 2238 3284 α
2272 3215 2436 3270 Simul
2471 3231 2599 3309 inim
2636 3231 2808 3271 "mre
2843 3219 3002 3272 Anna
3033 3221 3294 3288 precmus
3327 3235 3391 3276 ac
3418 3221 3643 3290 jejunus
3676 3221 3870 3275 imm-

589 3321 701 3374 tieo
753 3322 1102 3394 illustrando,
1154 3332 1318 3387 modo
1353 3334 1407 3388 in
1446 3336 1555 3392 vita
1603 3347 1658 3394 et
1715 3343 1883 3411 gestis
1923 3344 2168 3418 ejusdem

589 3410 962 3472 Prmcursoris
1019 3425 1387 3494 cnarrandis,
1443 3430 1607 3485 modo
1658 3431 1712 3487 in
1776 3435 2170 3506 redemptionis

590 3505 843 3562 humana:
897 3515 1182 3581 mysterio,
1229 3517 1390 3584 cujus
1423 3521 1676 3590 quredam
1731 3524 2012 3581 inchoatio
2052 3537 2170 3584 erat

587 3597 911 3654 admiranda
969 3602 1059 3656 illa
1107 3607 1397 3672 nativitas,
1457 3615 1896 3672 commendando
1955 3621 2167 3674 versari

585 3688 864 3757 reperias;
891 3692 1124 3762 idipsum
1155 3705 1207 3752 et
1243 3699 1298 3753 in
1341 3704 1685 3760 sermonibus
1709 3707 1777 3761 de
1795 3707 2170 3780 Conceptione

586 3775 854 3849 Virginis,
889 3786 1136 3854 quinimo
1160 3790 1302 3847 etde
1325 3793 1575 3862 ejusdem
1634 3795 1932 3856 Nativitate
1963 3775 2166 3857 factum

586 3873 793 3940 cogita.

657 3960 772 4016 Vll.
816 3962 1177 4022 Occasionem
1212 3985 1388 4040 porro
1438 3973 1608 4032 latius
1641 3979 1874 4048 vagandi
1912 3975 2169 4040 Patribns

582 4053 818 4120 praebuit
850 4073 960 4111 non
997 4061 1160 4114 modo
1191 4067 1565 4132 reparationis
1598 4067 1853 4126 humana:
1883 4075 2170 4144 gaudium,

582 4145 743 4215 cujus
767 4147 1092 4204 administra
1122 4162 1285 4223 atque
1314 4154 1739 4214 instrumentum
1760 4161 1927 4217 Maria
1949 4167 2167 4220 exorie-

581 4237 775 4304 batur;
811 4255 924 4295 non
957 4243 1120 4298 modo
1150 4245 1362 4302 inﬁnita
1391 4249 1611 4304 laudum
1649 4269 1828 4324 seges,
1860 4270 2023 4325 quam
2053 4257 2163 4310 Ma.

581 4329 677 4384 riae
693 4331 935 4402 dignitas
959 4350 1239 4406 nunquam
1275 4355 1383 4394 non
1413 4345 1761 4412 suppeditat;
1796 4347 1889 4401 sed
1916 4350 2166 4418 qumdam

578 4431 849 4490 praeterea
873 4426 1260 4496 adjunctorum
1299 4433 1474 4488 series
1493 4433 1925 4507 Conceptioncm
1958 4441 2079 4510 ejus
2104 4457 2166 4496 ac

579 4513 929 4572 Nativitatem
962 4521 1047 4574 vel
1083 4523 1512 4591 prazcedentium
1548 4529 1632 4582 vel
1667 4531 2162 4600 subsequentium;

581 4603 726 4659 unde
790 4606 994 4663 factum
1046 4619 1132 4666 est
1189 4621 1248 4667 ut
1297 4615 1464 4669 etiam
1535 4619 1602 4671 ad
1644 4630 1930 4688 parentum
1968 4622 2164 4692 ipsius,

576 4694 826 4753 Joachim
864 4710 916 4756 et
956 4703 1149 4770 Amne,
1210 4706 1403 4764 laudes
1452 4711 1650 4768 uberes
1680 4717 2060 4782 prosiluerint.
2099 4718 2166 4772 Et

576 4790 798 4858 quidem
860 4803 1141 4862 postremo
1197 4811 1528 4867 argumento
1565 4804 1739 4861 fusius
1784 4811 2166 4879 prosequendo

574 4883 811 4951 amplam
865 4888 1147 4942 materiem
1179 4888 1332 4946 dedit
1385 4894 1620 4950 historia
1658 4900 1930 4968 quaedam,
1960 4903 2028 4956 de
2053 4921 2161 4974 qua

574 4974 833 5028 lectorem
887 4993 1112 5036 monere
1169 4996 1351 5052 Opera:
1412 4989 1647 5056 pretium
1709 4993 1992 5060 existimo,
2049 5012 2160 5064 quo

573 5067 793 5124 facilius
821 5084 1014 5124 eorum
1041 5089 1162 5142 qua!
1185 5076 1239 5130 in
1289 5077 1562 5147 ejusmodi
1597 5083 1946 5139 sermonibus
1967 5099 2156 5140 occur«

570 5167 722 5224 runt,
751 5161 861 5215 vim
895 5167 1180 5234 percipere
1205 5179 1398 5238 queat.

641 5250 943 5309 Notissima
977 5259 1192 5313 scilicet
1225 5277 1288 5314 ac
1318 5264 1476 5318 valde
1503 5265 1742 5320 celebris
1778 5268 2014 5323 maxime
2061 5285 2159 5340 per

569 5343 848 5400 Orientem
878 5348 1161 5405 ferebatur
1193 5357 1440 5410 narratio
1471 5357 1740 5428 inscripta
1778 5361 1938 5414 titulo
1969 5361 2156 5416 "isto-

569 5431 664 5485 riae
699 5431 1021 5492 Naliritatis
1074 5439 1174 5496 SS.
1216 5442 1460 5512 Deipara:
1500 5446 1714 5516 Μανίας,
1767 5458 1820 5504 ct
1872 5461 2155 5508 auctorem

2273 3315 2412 3370 tum,
2452 3307 2697 3362 dolorem
2730 3323 2894 3364 suum
2926 3325 3112 3365 coram
3154 3312 3261 3367 Deo
3307 3311 3571 3368 eﬂ‘udisse
3618 3321 3870 3381 votoque

2273 3401 2664 3456 sanctissimos
2709 3401 2980 3472 coniuges
3027 3417 3088 3458 se
3122 3404 3520 3468 obstrinxisse,
3569 3404 3868 3459 oblaturos

2272 3505 2333 3542 se
2371 3489 2500 3552 Deo.
2535 3493 2580 3546 si
2624 3508 2791 3561 quam
2843 3495 3057 3564 prolem
3086 3495 3390 3551 concedere
3422 3496 3560 3564 ipsis
3601 3495 3864 3565 dignare-

2273 3589 2404 3636 tur:
2445 3584 2688 3639 monitos
2735 3586 2862 3640 dein
2900 3601 2998 3655 per
3033 3587 3290 3657 angelum
3345 3586 3518 3641 fuisse
3545 3585 3613 3640 de
3655 3586 3860 3639 sobole

2273 3688 2399 3728 mox
2446 3677 2822 3745 suscipienda,
2873 3693 3040 3746 quam
3077 3679 3461 3747 praedicatum
3503 3687 3688 3732 essent
3722 3679 3859 3731 uni-

2269 3781 2444 3822 versae
2474 3769 2648 3823 tribus
2677 3779 2867 3835 terrae;
2906 3771 3058 3841 quod
3094 3771 3299 3826 factum
3331 3785 3458 3825 cum
3485 3769 3702 3835 fuisset,
3742 3769 3860 3823 bla-

2271 3858 2408 3912 riam
2444 3860 2709 3914 triennem
2739 3861 2848 3916 Deo
2877 3862 2930 3916 in
2968 3863 3172 3932 templo
3199 3863 3492 3928 obtulisse,
3530 3870 3638 3917 etc.

2342 3971 2484 4027 Hinc
2535 3973 2722 4044 itaque
2758 3973 2958 4030 factum
3022 3983 3132 4040 est,
3177 3985 3237 4030 ut
3283 3977 3499 4036 Patres.
3541 3974 3669 4030 dum
3723 3975 3858 4029 huic

2271 4063 2516 4118 Ιιίεῑοτίιε
2564 4081 2752 4133 presse
2807 4067 3097 4134 inhaerent,
3145 4081 3382 4138 eamque
3410 4069 3572 4123 modo
3605 4069 3854 4138 parcius,

2271 4150 2433 4205 modo
2465 4152 2696 4208 uberius
2735 4155 3056 4224 explanant,
3086 4157 3263 4228 gestis
3295 4155 3570 4212 Joachimi
3597 4167 3653 4213 et
3679 4159 3857 4211 Annae

2269 4242 2630 4309 cnarrandis,
2689 4246 3102 4316 virtutibusque
3154 4263 3348 4302 eorum
3405 4248 3754 4303 celebrandis
3790 4257 3854 4302 ut

2269 4331 2568 4401 plurimum
2613 4333 2976 4388 immorentur
3013 4351 3026 4386 :
3060 4336 3194 4392 hinc
3235 4339 3596 4393 excursiones
3637 4339 3746 4392 illa:
3777 4339 3848 4391 ad

2267 4424 2652 4480 disserendum
2686 4425 2754 4480 de
2800 4426 3058 4483 tribubus
3088 4425 3245 4482 Iudae
3287 4436 3344 4484 et
3374 4427 3591 4493 Ruben,
3621 4429 3850 4484 alterius

2269 4517 2488 4586 quidem
2523 4518 2807 4588 privilegia
2855 4535 2922 4574 ac
2951 4521 3354 4589 praestantiam,
3402 4521 3631 4577 alterius
3661 4530 3844 4575 autem

2272 4610 2468 4678 probra
2502 4612 2920 4680 prosequendo;
2953 4613 3116 4680 cujus
3148 4616 3225 4668 rei
3264 4616 3546 4684 specimen
3565 4615 3848 4686 singulare

2262 4701 2431 4756 habes
2461 4703 2514 4755 in
2540 4705 2792 4772 praesenti
2819 4703 3056 4760 Joannis
3083 4708 3260 4760 nostri
3298 4709 3575 4760 oratione.

2334 4814 2469 4869 Vill.
2517 4815 2707 4886 Atqui,
2761 4817 3001 4888 inquies,
3047 4818 3093 4874 si
3143 4819 3219 4873 ita
3253 4835 3342 4875 res
3390 4820 3578 4882 habet,
3616 4829 3672 4875 et
3702 4822 3745 4876 si
3774 4838 3844 4877 ex

2255 4906 2531 4975 ejusmodi
2563 4911 2917 4967 sermonibus
2947 4913 3016 4966 de
3049 4912 3268 4967 ratione
3296 4926 3360 4968 ac
3385 4927 3557 4984 sc0po
3579 4915 3844 4969 solemni-

2255 4999 2389 5054 tatis
2406 4999 2715 5069 dijudicare
2745 5002 2902 5064 licet,
2927 5003 3041 5072 jam
3062 5004 3172 5058 duo
3204 5007 3365 5075 plane
3386 5013 3841 5076 consequuntur:
3882 5003 3896 5020 ³

2255 5092 2436 5160 primo
2469 5092 2687 5161 quidem
2721 5094 2920 5148 festum
2953 5095 3348 5166 Conceptionis
3388 5108 3552 5168 prout
3576 5115 3608 5152 ξι
3637 5100 3845 5156 Graecis

2257 5182 2661 5249 celebrabatur,
2703 5184 2843 5239 nihil
2895 5187 3098 5243 habere
3131 5197 3429 5246 commune
3459 5208 3585 5246 cum
3637 5202 3844 5265 myste-

2256 5277 2340 5330 rio
2359 5277 2506 5346 quod
2535 5277 2729 5332 Latina
2750 5279 2999 5334 Ecclesia
3014 5281 3303 5337 colendum
3326 5287 3620 5355 proponit;
3650 5288 3848 5341 deinde

2257 5381 2384 5419 vero
2412 5367 2678 5437 quidquid
2711 5369 2932 5424 demum
2955 5370 3128 5427 Graaci
3159 5372 3354 5430 Patres
3378 5375 3446 5430 de
3477 5379 3844 5447 conceptione

2258 5457 2507 5530 Virginis
2557 5462 2863 5532 proferant,
2899 5464 2950 5518 id
2982 5475 3155 5520 totum
3212 5467 3334 5523 fidei
3383 5470 3537 5524 illius
3572 5471 3840 5535 historiae,

2077 5631 2313 5691 NOTIE.

639 5719 916 5820 (ἔλθοις.
971 5727 1132 5820 Thjlo
1179 5733 1229 5820 l'.‘
1258 5749 1348 5820 (3.,
1375 5745 1428 5816 et
1463 5733 1779 5820 'l‘enzejium
1830 5741 1885 5795 in
1923 5748 2038 5801 not.
2071 5743 2138 5799 ad
2181 5745 2240 5801 Β.
2286 5745 2601 5820 Hieronymi
2642 5748 2846 5804 librum
2883 5749 2957 5805 De
3042 5751 3182 5808 Viris
3223 5753 3548 5820 illustribus,

571 5794 625 5847 in
657 5793 914 5851 lliblioth.
953 5800 1154 5855 cccles.
1193 5793 1447 5869 Fabricii,
1481 5821 1604 5879 pag.
1631 5808 1723 5862 27.

3618 5771 3739 5826 cap.
3776 5755 3838 5817 '2,
