4130 6414
287 455 422 522 1457

1752 457 2118 521 MONITUM

3410 449 3548 516 1158

281 565 615 639 apocrypha:
663 565 904 636 scilicet,
942 581 1006 622 ac
1023 576 1317 639 propterea
1370 567 1582 626 nullius
1627 569 1868 625 auctori-
1897 578 1942 633 Α
1972 570 2126 625 hisce
2152 568 2284 624 nihil
2313 576 2398 626 est
2426 583 2586 640 Opus.
2607 568 2796 640 Neque
2819 567 2965 625 enim
2993 566 3048 622 in
3071 580 3134 622 ca
3156 561 3547 621 ,10001111ιὶ010-

285 659 442 722 tatis,
482 658 671 713 inniti.

357 748 448 802 IX.
486 748 703 816 Quibus
740 758 799 805 ut
827 750 1071 808 breviter
1101 763 1454 819 occurratur,
1478 751 1871 812 advertendum

285 842 340 896 in
379 841 576 912 primis
613 849 699 898 est
737 857 848 897 non
888 858 1103 913 semper
1131 861 1197 900 ex
1252 846 1602 904 sermonibus
1627 847 1743 902 sive
1778 847 1874 901 ho-

283 934 453 990 miliis
481 934 552 990 de
588 934 716 990 festi
741 935 958 993 ratione
992 938 1262 1007 judicium
1299 937 1431 997 ferri
1459 954 1645 1010 posse.
1676 939 1874 995 Nonne

283 1028 500 1100 etapud
527 1043 627 1084 nos
656 1029 710 1082 in
745 1030 1038 1099 proverbio
1053 1039 1165 1096 est,
1195 1046 1482 1088 sermones
1509 1033 1874 1104 panegyricos

284 1135 430 1190 saepe
473 1121 723 1188 recitari,
768 1123 864 1192 qui
912 1125 1178 1194 mysteria
1221 1126 1527 1195 singularia
1572 1135 1871 1196 praetervo-

285 1215 427 1279 lant,
481 1222 538 1268 et
589 1215 838 1271 dictitari
893 1217 1076 1273 solent
1121 1234 1388 1273 sermones
1441 1217 1506 1274 de
1562 1221 1875 1275 communi?

287 1303 466 1374 llujus
513 1315 697 1361 autem
729 1307 902 1363 moris
945 1312 1197 1380 exempla
1237 1318 1292 1365 et
1332 1311 1476 1381 apud
1507 1320 1725 1367 veteres
1761 1327 1873 1366 non

284 1397 502 1462 deesse,
541 1399 680 1456 satis
711 1399 805 1456 ille
854 1402 1008 1455 novit
1025 1400 1120 1471 qui
1158 1403 1244 1458 vel
1293 1404 1482 1471 unius,
1525 1419 1580 1458 v.
1610 1419 1720 1476 gr.,
1764 1409 1871 1458 Au-

284 1490 494 1562 gustini
536 1505 825 1550 sermones
863 1495 1214 1563 pervolverit.

357 1580 567 1638 Deinde
603 1597 734 1637 vero
769 1583 920 1639 aliud
973 1595 1061 1642 est
1103 1585 1416 1642 orationem
1457 1587 1624 1644 latius
1660 1587 1869 1658 vagari,

286 1673 440 1728 aliud
473 1681 560 1730 est
601 1674 740 1732 nihil
773 1691 894 1732 eam
961 1693 1071 1748 pra:
1109 1694 1170 1734 se
1211 1678 1353 1735 ferre
1400 1679 1547 1750 quod
1575 1680 1712 1739 satis
1745 1679 1872 1735 festi

288 1766 562 1823 rationem
583 1765 849 1826 declaret.
869 1769 1137 1841 Equidem
1161 1773 1207 1828 si
1225 1789 1330 1842 qua
1349 1774 1478 1841 alia,
1501 1774 1616 1829 11010
1634 1774 1873 1831 maxime

284 1856 523 1915 Joannis
564 1857 797 1914 homilia
829 1860 942 1917 huc
978 1861 1110 1917 illnc
1151 1879 1449 1921 excurrere
1491 1865 1725 1920 dicenda
1763 1872 1868 1924 est.

1975 665 2059 719 ria
2111 662 2395 733 quidpiam
2445 662 2688 732 reperies
2729 677 2841 733 quo
2870 660 3220 732 praeformata
3267 657 3336 712 de
3366 655 3547 710 Maria:

1974 755 2324 810 innnunitate
2345 768 2376 808 a
2396 763 2623 824 peccato
2649 754 2884 826 originis
2910 753 3182 809 sententia
3204 751 3314 806 dici
3347 750 3543 820 possit.

1973 847 2052 902 Ac
2080 845 2312 917 proinde
2347 844 2618 916 quidquid
2666 845 2887 901 demum
2943 845 3012 900 de
3041 845 3271 900 historia
3304 843 3420 914 ipsa
3451 843 3544 906 sit,

1975 955 2138 995 nemo
2164 939 2433 994 doctrinae
2469 939 2537 994 de
2588 939 2942 994 immaculato
2975 937 3221 1009 Virginis
3277 946 3548 1009 conceptu

1974 1033 2300 1088 calumniari
2351 1041 2638 1104 propterea
2671 1041 2873 1102 potest,
2913 1035 3062 1104 quod
3111 1036 3179 1089 ab
3235 1033 3550 1104 apocrypho

1974 1124 2116 1179 libro
2148 1124 2390 1194 profecta
2425 1123 2602 1180 videri
2641 1131 2831 1194 queat.

2042 1215 2139 1272 XI.
2178 1217 2374 1284 Quoad
2415 1232 2480 1273 ea
2517 1231 2650 1273 vero
2683 1231 2808 1287 qua:
2850 1215 2920 1272 de
2955 1216 3226 1271 Joaehimi
3271 1227 3326 1271 et
3379 1217 3550 1272 Anna:

1972 1310 2146 1383 gestis
2174 1310 2244 1365 ab
2280 1310 2372 1364 illa
2418 1309 2651 1365 historia
2685 1309 2920 1363 deducta
2955 1307 3232 1371 videntur,
3265 1309 3551 1378 disputare

1971 1403 2028 1457 in
2059 1417 2304 1471 praesens
2347 1401 2484 1456 nihil
2521 1401 2777 1456 interest.
2827 1401 2962 1454 Illud
3015 1411 3192 1454 tamen
3239 1415 3345 1454 non
3383 1401 3549 1454 omit-

1975 1503 2110 1559 tam,
2151 1509 2260 1548 non
2293 1493 2476 1548 omnia
2510 1493 2724 1548 scilicet
2754 1493 2824 1546 ab
2861 1493 3122 1546 omnibus
3149 1492 3271 1547 sine
3308 1491 3547 1561 quodam

1972 1586 2186 1640 delectu
2213 1595 2430 1654 recepta
2462 1584 2635 1640 fuisse
2667 1583 2766 1655 (8):
2789 1597 2913 1654 quae
2943 1598 3074 1638 vero
3095 1582 3463 1637 communiter
3483 1580 3551 1637 de

1973 1677 2218 1750 Virginis
2247 1676 2608 1748 conceptione
2658 1686 2879 1746 recepta
2911 1682 3062 1739 sunt,
3097 1673 3144 1729 si
3177 1673 3258 1730 rei
3287 1674 3550 1729 substan-

1973 1771 2107 1826 tiam
2140 1767 2482 1834 consideres,
2513 1770 2652 1824 nihil
2688 1769 2961 1824 absonum
3004 1775 3102 1822 aut
3141 1782 3172 1822 a
3201 1768 3314 1823 veri
3367 1767 3551 1838 specie

1973 1864 2281 1920 abhorrens
2310 1863 2616 1920 continere.

283 1950 452 2023 Atqui
489 1960 673 2010 tamen
703 1954 967 2024 praeclare
1003 1955 1141 2011 adeo
1179 1955 1302 2012 festi
1349 1957 1740 2030 Conceptionis
1767 1973 1863 2012 ra-
1903 1956 1948 2014 Β
2051 1955 2308 2011 Profecto
2351 1955 2396 2011 si
2438 1969 2566 2009 cum
2615 1953 2684 2010 de
2728 1955 2996 2009 Samsone
3032 1959 3285 2024 ageretur
3346 1950 3549 2022 (ludio.

283 2043 496 2098 tionem
568 2047 838 2116 proponi,
899 2056 960 2102 ut
1019 2049 1156 2103 nihil
1219 2049 1555 2106 luculentius
1617 2051 1869 2122 exoptari

288 2135 491 2206 possit.
533 2134 592 2192 Si
621 2137 1012 2195 dedicationem
1051 2142 1386 2212 templorum,
1435 2143 1620 2214 inquit
1655 2147 1773 2214 ipse
1801 2148 1870 2199 ad

290 2228 456 2284 ﬁnem
488 2231 784 2298 sermonis,
810 2233 1032 2288 solemni
1055 2236 1158 2287 ritu
1191 2235 1514 2292 celebramus
1540 2251 1559 2300 ,°
1589 2247 1790 2308 quanto
1817 2237 1870 2291 id

284 2336 410 2374 vero
442 2322 613 2392 magis
653 2324 1023 2393 prwslandum
1067 2336 1166 2391 est,
1196 2328 1408 2397 quando
1447 2345 1552 2382 non
1584 2345 1651 2384 ea:
1679 2329 1871 2397 lapidi-

287 2410 386 2464 bus
413 2427 571 2466 sacra
607 2415 746 2468 mdes
776 2417 1168 2484 exwdi/icutur,
1211 2419 1301 2473 sed
1342 2419 1664 2486 beneplacito
1700 2420 1793 2476 Dei
1821 2431 1872 2477 et

286 2507 659 2574 cooperatione
683 2509 1012 2563 sanctissimi
1041 2520 1090 2564 et
1111 2511 1426 2581 viuiﬁcantis
1449 2511 1682 2580 Spiritus
1701 2515 1871 2568 virum

287 2591 390 2652 Dei
420 2593 574 2649 Verbi
604 2600 852 2664 templum
884 2599 939 2652 in
969 2610 1144 2654 ventre
1171 2602 1340 2656 Anna:
1361 2604 1729 2658 construitur?
1754 2604 1872 2672 Qua

289 2705 426 2746 sane
455 2691 610 2748 brevi
641 2697 916 2750 sententia
955 2705 1009 2751 et
1039 2697 1353 2754 clarissime
1382 2699 1718 2771 proponitur
1746 2700 1870 2757 festi

290 2780 458 2847 ratio,
496 2781 614 2852 ipsa
647 2800 843 2856 nempe
872 2786 1058 2843 Maria:
1097 2787 1403 2860 Conceptio
1449 2808 1464 2844 :
1517 2801 1573 2846 et.
1623 2793 1872 2862 ejusdem

287 2872 687 2944 Conceptionis
718 2879 986 2934 sanctitas
1008 2893 1070 2934 ac
1086 2881 1300 2950 puritas
1314 2883 1454 2936 mira
1479 2885 1875 2954 perspicuitate

289 2966 646 3035 exprimitur.
709 2970 1186 3037 Quemadmodum
1241 2975 1388 3029 enim
1444 2974 1761 3034 Bernartius
1818 2981 1872 3035 in

289 3055 497 3113 celebri
523 3059 588 3114 de
618 3059 724 3115 hoc
759 3071 1086 3133 argumento
1117 3065 1357 3134 epistola
1393 3066 1578 3138 (epist.
1631 3069 1755 3133 174,
1805 3077 1874 3126 ad

293 3151 866 3228 Canonic.Lugduu.),
895 3173 960 3214 ex
993 3161 1202 3230 peccati
1229 3163 1518 3230 praesentia
1532 3166 1716 3236 arguit
1746 3166 1872 3238 Spi-

1975 2062 2096 2112 xui,
2121 2046 2198 2117 5),
2223 2054 2318 2101 aut
2338 2043 2407 2101 de
2429 2043 2645 2099 Domini
2667 2058 3013 2114 praecursore
3031 2042 3183 2114 (Luc.
3217 2057 3257 2108 l,
3280 2042 3339 2097 11
3362 2044 3548 2112 seqq.),

1975 2140 2214 2207 coalitus,
2258 2139 2340 2194 uti
2393 2152 2570 2194 sacrae
2593 2144 2876 2194 testantur
2912 2136 3152 2202 Litterae,
3186 2136 3253 2190 ad
3294 2144 3555 2206 parentes

1977 2233 2182 2289 missus
2223 2242 2310 2291 est
2352 2233 2617 2304 angelus,
2677 2232 2769 2303 qui
2831 2231 3143 2288 sterilitatis
3196 2230 3550 2294 solutionem,

1975 2327 2302 2398 prolemque
2342 2326 2740 2396 polliceretur;
2789 2323 3042 2396 nunquid
3095 2323 3336 2380 absurde
3364 2323 3554 2380 existi-

1975 2417 2220 2472 mabitur
2263 2415 2525 2487 idipsum,
2560 2433 2685 2472 cum
2718 2417 2787 2472 de
2827 2417 3108 2472 Genitrice
3141 2415 3234 2472 Dei
3273 2424 3552 2486 ageretur,

1977 2511 2180 2566 factum
2204 2512 2418 2568 fuisse?
2453 2512 2507 2566 Si
2544 2511 2770 2582 antiqua
2798 2511 2888 2564 illa
2926 2510 3085 2564 Anna
3108 2509 3248 2566 fusis
3281 2509 3349 2564 ad
3382 2509 3552 2565 Deum

1977 2604 2232 2674 precibus
2259 2602 2313 2676 (1
2347 2604 2478 2674 Reg.
2514 2617 2553 2667 t,
2589 2603 2655 2658 14
2682 2603 2848 2673 seqq.)
2876 2609 3120 2672 Optatam
3159 2600 3554 2656 fecunditatem

1975 2702 2273 2754 consecuta
2307 2703 2427 2760 est;
2460 2710 2562 2750 cur
2596 2694 2651 2750 id
2679 2693 2984 2750 absurdum
3019 2692 3088 2751 de
3119 2693 3276 2748 Anna
3311 2692 3556 2764 Deipara:

1977 2799 2150 2845 matre
2186 2789 2580 2861 reputabitur?
2618 2787 2888 2858 Denique,
2923 2790 2967 2844 si
2999 2803 3066 2843 ex
3110 2796 3227 2843 tota
3271 2801 3554 2843 sacrarum

1976 2881 2314 2938 Litterarum
2352 2883 2498 2938 serie
2529 2882 2888 2950 manifestum
2926 2890 3029 2946 est,
3060 2896 3169 2936 non
3204 2879 3368 2935 modo
3395 2879 3556 2935 steri-

1977 2973 2185 3029 litatem
2216 2973 2546 3044 conjugibus
2581 2974 2755 3030 fuisse
2800 2973 3126 3044 opprobrio,
3159 2986 3347 3027 verum
3387 2971 3554 3026 etiam

1980 3073 2240 3136 tanquam
2272 3081 2303 3120 a
2328 3065 2440 3120 Deo
2468 3065 2686 3122 vindice
2718 3067 3030 3135 perculsos,
3081 3079 3146 3118 ac
3179 3061 3347 3117 veluti
3384 3061 3558 3116 male-

1977 3157 2178 3221 dictos,
2203 3157 2298 3228 qui
2340 3164 2596 3214 carerent
2634 3157 2847 3221 liberis,
2899 3157 3115 3212 habitos
3156 3155 3362 3222 fuisse;
3398 3153 3554 3225 quid,

288 3242 437 3299 ritus
471 3245 647 3302 sancti
682 3245 1016 3304 vivificantis
1046 3248 1354 3305 absentiam
1380 3291 1398 3317 ,
1432 3267 1591 3323 aequo
1625 3254 1875 3324 profecto
1901 3284 1946 3346 ο
1977 3263 2186 3320 quasso,
2209 3265 2236 3302 a
2259 3250 2374 3305 veri
2401 3252 2588 3321 specie
2613 3249 2851 3317 abludit,
2883 3247 3170 3303 Joachimo
3195 3255 3355 3318 atque
3386 3247 3558 3300 Anna:

281 3334 413 3405 jure
440 3335 574 3391 dum
625 3339 804 3393 sancti
835 3354 902 3395 ac
931 3340 1260 3398 viviﬁcantis
1306 3343 1549 3414 Spiritus
1580 3350 1870 3416 praesentia

287 3429 346 3486 in
380 3429 495 3498 ipsa
529 3430 910 3502 Conceptione
948 3433 1304 3504 praedicatur,
1343 3439 1664 3494 necessario
1697 3437 1869 3496 infer-

286 3527 381 3572 tur
405 3520 706 3591 cujuslibet
740 3522 990 3578 absentia
1033 3524 1267 3592 peccati.

360 3610 431 3666 X.
485 3613 642 3681 Quod
675 3615 742 3669 ad
776 3615 1012 3671 alterum
1039 3633 1171 3680 vero
1204 3628 1436 3688 spectat,
1477 3620 1564 3676 fac
1593 3622 1783 3686 etiam,
1823 3623 1870 3678 si

285 3704 365 3763 ita
395 3705 505 3771 vis,
536 3705 678 3761 nihil
707 3707 776 3762 de
813 3708 916 3762 hac
960 3723 1021 3764 re
1065 3707 1261 3766 Patres
1290 3713 1523 3782 dixisse,
1571 3717 1721 3784 quod
1756 3731 1869 3771 non

287 3795 588 3852 deductum
641 3798 712 3854 ab
760 3799 854 3853 illa
909 3798 1106 3855 Jacobi
1163 3802 1397 3858 historia
1449 3807 1624 3861 videri
1670 3809 1867 3878 possit.

287 3890 433 3955 Quid
483 3891 610 3946 inde
657 3891 878 3947 demum
941 3894 1278 3953 concludes?
1330 3895 1588 3956 Profecto
1647 3900 1742 3954 ubi
1803 3901 1872 3957 de

287 3980 544 4039 doctrina
580 3983 893 4038 Christiana
935 3998 1134 4055 agatur
1183 3987 1354 4057 (certe
1378 4000 1561 4044 autem
1599 3993 1781 4061 agitur
1801 3994 1870 4050 de

288 4075 620 4147 gravissimo
653 4076 919 4132 doctrinae
949 4077 1284 4134 Christiana:
1326 4083 1527 4152 capite,
1560 4097 1686 4137 cum
1716 4101 1870 4154 quaa-

289 4167 436 4225 ritur
461 4181 528 4220 an
569 4182 762 4222 omnes
808 4169 876 4222 ad
915 4185 1085 4224 unum
1125 4171 1224 4225 lilii
1253 4170 1408 4238 Adae,
1436 4174 1609 4243 patris
1644 4186 1870 4245 peccato

289 4259 563 4330 inquinati
595 4261 858 4333 fuerint),
896 4263 1055 4318 valde
1087 4263 1302 4336 abjecte
1331 4265 1399 4321 de
1441 4266 1700 4324 Patribus
1731 4284 1870 4340 Opus

287 4361 378 4409 est
418 4353 508 4408 ille
533 4353 757 4420 sentiat,
787 4354 882 4426 qui
923 4356 1200 4414 existimet
1229 4373 1325 4415 eos
1360 4373 1469 4414 non
1495 4360 1657 4417 modo
1682 4362 1873 4420 faciles

292 4443 349 4503 in
384 4443 719 4514 recipiendis
754 4443 1026 4512 historiis,
1067 4446 1160 4501 sed
1190 4461 1368 4502 caecos
1394 4448 1448 4502 in
1474 4447 1544 4506 iis
1603 4466 1724 4520 qua:
1748 4451 1871 4508 fidei

291 4537 607 4608 depositum
642 4537 942 4609 attingunt,
972 4539 1327 4596 admittendis
1365 4555 1488 4597 sese
1525 4542 1870 4602 exhibuisse.

1979 3345 2366 3400 contumeliam
2403 3359 2467 3400 ea
2517 3345 2585 3399 de
2627 3359 2791 3399 causa
2827 3344 3123 3410 irrogatam
3174 3341 3365 3404 fuisse,
3413 3339 3558 3394 unde

1980 3436 2185 3494 factum
2219 3439 2291 3494 sit
2347 3449 2401 3492 ut
2440 3439 2504 3492 ad
2561 3437 2731 3493 Deum
2788 3437 2958 3491 totius
3012 3433 3413 3490 consolationis
3449 3431 3558 3486 fer-

1978 3533 2196 3589 ventius
2225 3531 2608 3602 confugerent,
2641 3537 3036 3600 compotesque
3066 3527 3289 3582 demum
3321 3525 3428 3580 voti
3457 3525 3549 3580 lie-

1978 3625 2140 3680 rent?

2048 3717 2186 3771 Cum
2215 3720 2400 3786 itaque
2430 3715 2572 3769 facta
2609 3715 2662 3768 in
2699 3729 2758 3769 se
2801 3719 3044 3782 Spectata
3099 3710 3234 3764 nihil
3283 3708 3553 3771 indecori,

1976 3804 2116 3860 nihil
2141 3819 2171 3859 a
2199 3803 2480 3860 verisimili
2513 3804 2757 3858 alienum
2791 3803 3112 3858 contineant
3141 3819 3156 3868 ;
3213 3800 3352 3854 illud
3383 3815 3555 3854 unum

1977 3897 2218 3967 denique
2247 3895 2577 3966 reprehendi
2616 3894 2758 3950 forte
2792 3893 3014 3965 poterit,
3040 3894 3184 3964 quod
3218 3893 3390 3946 nimia
3419 3906 3559 3962 qna-

1977 3988 2103 4043 dam
2145 3987 2433 4054 facilitate,
2477 3999 2531 4044 et
2558 3996 2852 4058 antequam
2892 3987 2958 4042 de
2995 3994 3144 4042 certa
3183 3986 3430 4056 ipsorum
3466 4000 3557 4039 ve-

1975 4077 2140 4132 ritate
2173 4093 2239 4133 ex
2269 4077 2487 4133 idoneis
2512 4077 2844 4133 testimonlis
2885 4083 3192 4140 constaret,
3221 4075 3462 4130 admissa
3492 4089 3556 4128 ea

1976 4170 2222 4238 fuerint;
2269 4171 2527 4243 quodque
2575 4171 2759 4224 habita
2796 4185 2894 4225 ceu
2927 4185 3052 4224 vera
3091 4167 3321 4223 historia
3369 4167 3553 4230 interit,

1977 4279 2100 4335 qum
2124 4266 2305 4335 reipsa
2335 4265 2523 4335 potius
2549 4263 2753 4328 fabula,
2780 4261 3176 4318 verisimilibus
3199 4261 3387 4332 utique
3404 4261 3554 4316 colo-

1977 4359 2139 4416 ribus
2166 4358 2423 4419 conlicta,
2455 4357 2637 4413 fabula
2669 4365 2850 4412 tamen
2887 4363 3057 4412 esset.

2052 4448 2258 4508 Verum
2295 4465 2364 4505 ne
2398 4448 2663 4520 praecipiti
2703 4447 2921 4517 judicio
2949 4447 3034 4502 vel
3063 4447 3179 4503 haec
3217 4445 3336 4518 ipsa
3368 4446 3557 4502 crimi-

1980 4545 2132 4600 natio
2153 4553 2271 4597 rata
2303 4542 2594 4606 habeatur,
2622 4539 3019 4596 advertendum
3042 4548 3146 4602 est,
3170 4539 3360 4610 utique
3379 4538 3555 4594 histo-

292 4626 602 4684 Tantumne
625 4643 736 4698 pra:
759 4627 872 4684 illis
900 4631 1287 4699 praesumimus
1307 4631 1374 4686 de
1391 4631 1572 4697 nobis,
1591 4643 1880 4693 tantumne
1909 4647 1953 4702 n
1983 4635 2120 4689 riam
2154 4634 2304 4689 illam
2353 4633 2499 4688 inter
2529 4631 2840 4702 apocrypha
2879 4645 2908 4684 a
2943 4627 3193 4700 Nysscno
3226 4629 3554 4684 recensitam

297 4719 420 4776 lidei
456 4735 726 4786 amorem,
758 4719 1188 4792 divinarumque
1221 4738 1404 4778 rerum
1439 4726 1694 4782 notitiam
1724 4729 1886 4788 nobis
1982 4725 2179 4782 fuisse.
2219 4726 2423 4782 Verum
2453 4723 2768 4794 apocrypha
2801 4720 2948 4776 dicta
2983 4726 3088 4785 est,
3121 4735 3227 4773 non
3255 4718 3416 4790 quasi
3437 4718 3557 4788 ejus

293 4827 408 4883 pra:
442 4811 554 4868 illis
601 4811 921 4879 tribuimus,
966 4819 1029 4866 ut
1075 4828 1199 4883 qua:
1241 4815 1420 4883 primo
1459 4815 1626 4872 veluti
1677 4816 1884 4875 intuitu

294 4913 391 4961 aut
441 4903 858 4962 ﬂoccifacienda
901 4911 998 4960 aut
1028 4907 1196 4959 etiam
1239 4921 1469 4975 prorsus
1537 4911 1883 4979 reprobanda

291 4997 630 5069 jndicamus,
660 4996 981 5052 inconsulto
1009 4995 1135 5051 illos
1161 4997 1452 5067 amplexos
1483 5013 1604 5054 esse
1634 5001 1882 5070 suspice-

293 5092 463 5148 mur?
507 5091 741 5150 Etiamsi
792 5091 982 5160 itaque
1009 5088 1283 5145 doctrina:
1318 5090 1492 5157 illius,
1524 5105 1648 5160 quae
1683 5091 1879 5163 Deipa-

294 5208 414 5247 ram
454 5208 484 5248 a
516 5193 797 5248 communi
831 5188 1071 5244 filiorum
1092 5186 1222 5244 Adae
1249 5187 1373 5243 labe
1402 5187 1617 5252 eximit,
1646 5189 1878 5259 vestigia

1981 4818 2284 4874 auctoritas
2305 4817 2526 4887 penitus
2548 4815 2697 4870 nulla
2725 4821 2890 4880 esset,
2915 4814 3009 4869 sed
3040 4814 3169 4885 quia
3199 4812 3343 4867 inter
3363 4824 3556 4867 sacros

1980 4912 2204 4968 codices
2237 4927 2346 4965 non
2407 4911 2764 4965 censebatur.
2797 4907 2866 4962 At
2904 4906 3256 4963 manifestqu
3287 4913 3394 4971 est,
3443 4920 3555 4959 non

1980 5005 2105 5059 ideo
2139 5005 2288 5059 inter
2327 5002 2543 5059 fabulas
2573 5001 2854 5074 quidpiam
2897 4999 3375 5055 adnumerandum
3412 5011 3553 5059 esse,

1977 5097 2122 5168 quod
2154 5096 2334 5150 locum
2359 5111 2470 5150 non
2500 5094 2704 5149 haheat
2729 5094 2870 5147 inter
2896 5091 3064 5146 libros
3085 5091 3351 5146 divinitus
3385 5089 3558 5157 inspi-

1976 5197 2149 5243 ratos.
2185 5187 2360 5242 Secus
2386 5186 2532 5242 enim
2570 5193 2766 5256 preter
2814 5198 3001 5240 sacras
3041 5182 3302 5248 Litteras,
3345 5180 3553 5236 nullam

295 5286 350 5338 in
378 5299 444 5340 ea
499 5283 733 5340 historia
778 5279 1349 5352 deprehenderentur,
1400 5294 1690 5350 perperam
1749 5279 1878 5336 inde
1974 5278 2308 5334 haberemus
2334 5276 2646 5340 historiam,
2678 5274 2773 5330 sed
2809 5287 2989 5328 meras
3028 5272 3258 5328 fabulas.

290 5391 415 5432 eam
442 5371 833 5432 contemnendi
861 5385 1054 5429 ansam
1073 5369 1348 5444 quiSpiam
1381 5380 1648 5427 sumeret.
1667 5369 1870 5428 Verum

2045 5371 2154 5427 Res
2195 5371 2382 5441 itaque
2422 5383 2488 5424 eo
2531 5366 2833 5424 adducetur
2898 5373 2960 5420 ut
3001 5365 3123 5420 ideo
3155 5364 3300 5420 inter
3337 5361 3554 5421 fabulas

1851 5485 2076 5542 ΝΟΤᾹΞ.

366 5589 444 5660 (8)
483 5588 540 5644 In
558 5588 782 5645 exordio
799 5585 1094 5660 Orationis
1117 5583 1394 5660 historica:
1421 5581 1652 5660 i_n_editae_
1675 5580 1747 5660 de
1762 5580 1885 5637 Dei-

293 5652 912 5733 partcdormitionehzec
935 5657 1099 5733 habet
1146 5655 1396 5733 Joannes.
1423 5652 1884 5733 Thessalonicey-

295 5721 375 5788 sis
403 5749 417 5786 :
449 5731 604 5794 Τινὲς
641 5730 696 5782 δὲ
724 5729 833 5783 τῶν
855 5730 934 5789 εἰς
967 5725 1192 5797 ὕστερον
1233 5723 1556 5797 κᾳξ-ούργων
1579 5721 1885 5797 Ααῐρετικῶν

293 5803 362 5856 τὰ
406 5791 616 5855 ἑαυτῶἧρ
635 5799 888 5870 βαλόντε-ἒς
910 5791 1124 5870 mem
1139 5791 1514 5870 ἐστρέᾷλώσσξν
1536 5791 1604 5870 ea
1639 5809 1777 5870 σιέγγ
1787 5809 1882 5862 ρα-

296 5835 362 5856 'au
406 5835 886 5870 ιανιωνμωηυνυς,
910 5835 1508 5874 ...μηκηηηνηυητ-
1546 5835 1604 5845 η.
1640 5835 1852 5876 "Ur-

296 5873 535 5952 φᾷντα-ι..
587 5871 700 5952 K_a‘t
735 5869 810 5952 ph
845 5867 1167 5952 θαυμάσητο
1219 5865 1349 5952 περὶ
1398 5880 1492 5916 του
1517 5862 1883 5952 ’διαᾳλθεξξειν

296 5931 396 6008 is;
453 5942 677 6013 Γραφὰς
732 5931 1021 6002 insuavis;
1080 5931 1207 6000 eos;
1256 5931 1585 6011 αἰρετικούς.
1647 5931 1880 6000 Quidam

1981 5600 2100 5640 cera
2122 5582 2502 5651 improborum,
2530 5581 2620 5650 qui
2642 5580 2762 5633 dein
2792 5584 3156 5638 surrexerunt,
3190 5576 3553 5651 haereticorum

1982 5673 2078 5709 sua
2109 5647 2344 5722 ipsorum
2375 5647 2589 5705 zizania
2617 5659 2864 5710 serentes,
2901 5651 3049 5717 prius
3092 5647 3394 5722 conscripta
3433 5661 3554 5722 cor-

1981 5717 2304 5792 ruperunt...
2339 5722 2522 5791 Neque
2561 5722 2846 5792 miremini,
2879 5723 3006 5792 dum
3048 5718 3248 5792 auditis
3277 5717 3550 5792 Itwreticos

1981 5787 2180 5864 scripta
2203 5787 2604 5864 corrumpere...
2629 5791 2796 5847 Addit
2829 5791 3026 5848 deinde
3058 5787 3324 5856 Joannes,
3348 5787 3555 5856 depra'

1983 5863 2105 5922 vata
2134 5881 2193 5922 se
2219 5863 2667 5922 emendaturum.
