4130 6406
604 432 735 497 i459

1851 437 2171 498 IOANNIS
2209 438 2657 500 EUBG'IENSIS

3748 437 3879 505 “60

601 545 716 599 tunc
755 541 987 599 historia
1040 550 1422 614 computetur,
1474 548 1603 616 quia
1651 546 1969 615 cujusmodi
2025 547 2192 603 fuerit
2221 560 2265 613 Α
2296 552 2497 607 mentis
2538 550 2811 619 judicium
2870 550 3045 621 gratis
3093 518 3367 622 denegare
3422 550 3727 617 debemus;
3771 553 3881 621 jam

596 635 844 692 Jacobus
873 635 1116 691 historia:
1149 644 1369 701 auctor,
1407 637 1711 709 ignoratur.

670 728 837 798 Atqui
873 728 1012 783 artis
1058 729 1269 786 critica:
1305 742 1580 801 prtecepta
1617 731 1840 797 docent,
1874 732 1930 785 in
1975 730 2062 787 his
2090 731 2188 786 ad-

596 821 809 890 junct‘s
876 836 982 875 non
1040 821 1107 875 ad
1164 822 1384 877 fabulas
1448 824 1597 879 illico
1657 824 2008 880 narrationes
2067 839 2227 879 esse

599 912 1014 979 amaudandas,
1070 913 1164 968 sed
1221 913 1445 969 interim
1492 929 1521 967 a
1583 914 1865 969 deﬁnitiva
1920 914 2189 970 sententia

601 1004 781 1075 petitis
823 1005 1261 1075 temperandum.

670 1098 939 1154 Praeterea
971 1101 1015 1156 si
1051 1102 1236 1166 nobis,
1272 1102 1368 1172 qui
1400 1109 1453 1157 et
1480 1115 1508 1154 a
1543 1099 1699 1158 faelis
1734 1101 2009 1157 enarratis
2040 1111 2094 1158 et
2123 1102 2191 1156 ab

604 1202 836 1247 auctore
859 1193 1198 1249 narrationis
1227 1203 1381 1247 tanto
1408 1191 1681 1246 distamus
1710 1191 2021 1256 intervallo,
2056 1189 2192 1245 artis

600 1284 807 1341 critica:
845 1286 996 1355 leges
1047 1301 1157 1340 non
1210 1284 1593 1348 consentiunt,
1633 1289 1695 1337 ut
1728 1282 1867 1337 citra
1909 1283 2014 1336 alia
2057 1297 2196 1351 prae-

600 1375 739 1429 sidia
776 1384 989 1431 certum
1034 1376 1104 1432 de
1137 1392 1196 1432 re
1225 1376 1496 1445 judicium
1545 1374 1827 1439 feramus;
1882 1382 1937 1427 at
1989 1373 2191 1428 exedcm

601 1466 748 1536 leges
790 1464 956 1519 simul
982 1464 1255 1530 iudicant,
1292 1464 1567 1518 undenam
1609 1462 1925 1532 praesidium
1967 1462 2190 1533 aliquod

600 1560 669 1615 ad
703 1559 758 1614 id
792 1561 903 1630 peti
960 1560 1172 1629 possit;
1207 1568 1263 1614 et
1312 1574 1419 1613 non
1473 1558 1835 1615 consentiunt
1872 1558 2058 1623 modo,
2096 1560 2194 1613 sed

601 1651 766 1722 plane
813 1652 1063 1721 exigunt.
1116 1659 1175 1703 ut
1206 1650 1403 1705 saltem
1436 1664 1532 1704 eos
1566 1650 1660 1719 qui
1691 1650 1878 1707 minus
1910 1668 1939 1703 a
1975 1666 2036 1705 re
2076 1652 2193 1720 ipsa

600 1740 908 1808 distabant,
960 1740 1412 1809 interrogemus,
1470 1738 1673 1809 quidve
1724 1739 1829 1810 ipsi
1893 1741 2194 1804 senserint,

601 1833 988 1904 dispiciamus.
1052 1833 1226 1889 Porro
1268 1834 1322 1887 1°
1350 1848 1476 1888 cum
1529 1831 2009 1904 deprehendamus
2053 1835 2196 1890 facta

2288 658 2421 697 vero
2466 643 2573 713 ipsi
2604 642 2741 697 artis
2786 644 2995 698 critica:
3025 659 3272 700 canones
3312 644 3562 708 edicunt,
3607 661 3718 699 non
3752 661 3881 714 pru-

2288 734 2471 790 dentis
2514 750 2639 791 esse
2681 736 2984 805 aequitatis,
3036 737 3135 791 sed
3186 737 3501 807 iniquitatis
3553 737 3881 801 temerariae,

2292 827 2655 898 peremptoria
2686 828 2922 898 quadam
2960 830 3237 883 sententia
3280 827 3603 899 hujusmodi
3643 827 3785 882 facta
3816 829 3882 882 ad

2292 918 2508 975 fabulas
2538 919 2771 989 rejicere
2800 938 2813 975 :
2851 920 3086 976 maxime
3119 936 3244 976 eum
3274 923 3328 976 iu
3373 920 3677 992 seligendis
3722 920 3882 977 tactis

2292 1010 2442 1064 aliud
2471 1011 2882 1081 antiquioribus
2912 1011 3019 1067 illis
3049 1021 3252 1082 praesto
3271 1028 3393 1068 esse
3430 1012 3678 1083 potuerit
3712 1012 3883 1065 admi-

2293 1102 2563 1164 niculum,
2616 1104 2848 1158 traditio
2899 1103 3141 1169 scilicet,
3193 1106 3259 1159 ad
3316 1120 3479 1175 quam
3534 1104 3882 1159 narrationes

2293 1193 2599 1262 exigerent.
2630 1191 2816 1263 Neque
2865 1192 3012 1248 enitn
3052 1194 3481 1249 existimandum
3517 1202 3627 1258 est,
3661 1197 3883 1263 prime-

2294 1296 2393 1336 vos
2422 1282 2548 1338 illos
2579 1282 2772 1339 ﬁdeles
2802 1282 2987 1354 aliqua
3021 1285 3170 1339 circa
3201 1285 3408 1339 Christi
3450 1284 3684 1339 Matrem
3717 1285 3884 1338 tradi-

2295 1373 2443 1428 tione
2473 1374 2690 1443 penitus
2730 1374 3031 1432 destitutos
3064 1376 3259 1443 fuisse,
3290 1392 3417 1431 cum
3459 1377 3587 1432 illos
3620 1392 3801 1446 neque
3830 1377 3879 1429 in

2298 1466 2622 1535 inquirendo
2678 1466 2926 1534 desides,
2983 1484 3164 1540 neque
3217 1470 3273 1524 in
3331 1469 3622 1526 servandis
3681 1470 3885 1525 auditis

2298 1568 2524 1625 prorsus
2552 1557 2898 1629 negligentes
2928 1574 3054 1615 esse
3085 1561 3266 1631 reipsa
3300 1559 3670 1629 permitteret.

2368 1650 2495 1705 Haec
2550 1664 2715 1721 porro
2762 1651 2943 1707 obiter
2977 1651 3127 1707 dicta
3185 1653 3371 1719 velim,
3432 1667 3544 1706 non
3593 1650 3757 1723 quasi
3818 1649 3885 1703 ad

2299 1758 2543 1813 przescns
2595 1746 2908 1801 institutum
2943 1745 3256 1800 necessaria
3284 1744 3415 1809 sint,
3466 1744 3551 1797 vel
3602 1742 3764 1814 quasi
3817 1741 3886 1795 ad

2299 1835 2707 1891 controversias
2763 1836 3033 1906 ejusmodi
3090 1834 3387 1891 solvendas
3418 1833 3699 1891 suﬂiciant
3732 1852 3747 1889 :
3784 1832 3887 1887 sed

601 1928 850 1997 quedam
878 1927 1248 1984 communiter
1282 1934 1503 1996 recepta
1542 1926 1611 1982 ab
1659 1927 1726 1983 iis
1768 1942 1909 1997 quos
1945 1927 2052 1994 illi;
2076 1942 2194 1983 aaro
2230 1909 2269 1964 Β
2300 1933 2360 1979 ιιι
2391 1932 2574 1996 pateat
2631 1924 2780 1980 haud
2810 1924 2999 1979 faciles
3029 1938 3194 1979 aures
3249 1924 3318 1979 iis
3362 1922 3728 1995 porrigendas
3786 1922 3885 1992 qui

601 2019 904 2075 viciniores
924 2022 1215 2087 novimus;
1242 2020 1299 2075 2°
1328 2035 1454 2074 cum
1486 2019 1773 2077 videamus
1805 2037 1901 2079 eos
1935 2037 2044 2077 non
2070 2023 2191 2079 sine

600 2109 838 2179 quodam
892 2110 1106 2168 delectu
1176 2111 1323 2167 facta
1374 2109 1492 2179 ipsa
1548 2109 1881 2178 admisisse;
1952 2112 2009 2166 5°
2060 2126 2186 2167 cum

601 2209 823 2260 Constet
853 2203 1112 2261 cordatos
1166 2204 1318 2259 viros
1370 2216 1469 2256 eos
1524 2204 1830 2269 exstitisse,
1865 2204 2071 2275 quibus
2107 2202 2188 2258 id-

601 2294 755 2352 circo
785 2312 886 2353 nec
911 2298 1160 2356 veritatis
1184 2293 1513 2368 indagandae
1533 2296 1991 2364 sollicitudinem,
2010 2313 2191 2369 neque

604 2517 980 2542 m—

2299 2018 2563 2074 semel-ac
2607 2018 2663 2073 in
2700 2019 2817 2074 haec
2864 2017 3144 2082 incidunt,
3193 2025 3399 2072 temere
3432 2026 3616 2087 atque,
3664 2024 3725 2069 ut
3771 2016 3885 2069 dici

2297 2108 2458 2172 solet,
2491 2117 2705 2165 stantes
2726 2108 2865 2180 pede
2899 2109 2957 2163 in
2982 2124 3094 2168 uno
3127 2108 3343 2165 fabulas
3367 2109 3642 2182 judicant,
3676 2119 3887 2166 temere

2296 2203 2638 2273 proclamant
2666 2202 2899 2261 fabulas.

984 2506 3867 2541 """*""‘-—'—-————-—-—---—-—-ﬁ--—--———-q———————____._._________________._‘,

825 2671 1334 2765 IQANNOY
1427 2669 1991 2760 ΜΟΝΑΧΟΥ
2081 2669 2279 2754 ΚΑΙ
2354 2664 3146 2754 ΠΡΕΣΒΥΤΕΡΟΥ
3199 2666 3660 2760 ΕΥΒΟΙΑΣ

1345 2857 1568 2932 ΛΟΓΟΣ
1598 2857 1707 2915 ΕΙΣ
1747 2853 1893 2910 ΤΗΝ
1926 2853 2295 2911 ΣΥΛΛΗΨΙΝ
2330 2853 2468 2910 ΤΗΣ
2501 2852 2701 2909 ΑΓΙΛΣ
2737 2852 3131 2913 ΘΕΟΤΟΚΟΥ.

2189 3036 2267 3069 *ε

735 3182 1249 3308 J_OANNIS
1350 3182 1900 3279 MONACHI
2007 3184 2161 3277 ET
2259 3188 3011 3281 passuvrem
3125 3190 3585 3282 susum
3666 3169 3752 3247 (ί)

1292 3392 1555 3462 SERMO
1624 3393 1709 3455 IN
1755 3388 2373 3459 ICONCEPTIONEM
2395 3385 2423 3456 ΙΔ
2451 3392 2755 3454 SANCT/E
2827 3393 3201 3459 DEIPARIE.

1779 3542 1917 3605 (Ant.
1947 3543 2227 3606 Βλιιειιιιιι,
2260 3540 2366 3594 loco
2393 3541 2497 3604 cit.,
2521 3556 2568 3605 p.
2595 3543 2699 3608 47.)

1154 3843 1409 3911 Benedic,
1446 3845 1630 3905 Pater.

678 3937 720 3993 1.
767 3933 993 3999 Paulus,
1051 3950 1286 4003 magnus
1324 3936 1416 3992 ille
1465 3939 1793 4006 Apostolus,
1853 3955 2181 4010 magnorum

606 4026 701 4086 ille
752 4041 1091 4082 arcanorum
1146 4027 1466 4085 divinorqu
1533 4030 1830 4101 interpres,
1883 4033 2181 4088 sollicitant

605 4119 805 4177 salutis
844 4127 1047 4174 nostra:
1076 4135 1269 4179 curam
1310 4136 1533 4192 gerens,
1566 4138 1667 4180 nos
1699 4132 1753 4179 et
1792 4124 2100 4191 edocendo,
2127 4134 2184 4181 et

604 4213 918 4282 arguendo,
960 4222 1015 4268 et
1063 4213 1434 4284 increpando,
1474 4226 1529 4271 et
1574 4215 1922 4273 obsecrando
1974 4218 2183 4273 excitat

604 4311 664 4357 ut
685 4315 711 4343 ι
752 4303 806 4357 in
847 4304 1110 4359 omnibus
1134 4306 1347 4375 gratias
1378 4322 1630 4377 agamus,
1662 4317 1717 4362 et
1749 4308 1868 4363 sine
1899 4310 2186 4364 intermis-

601 4394 760 4452 sione
784 4394 1028 4451 orationi
1057 4396 1354 4456 instemus.
1381 4396 1447 4453 Et
1470 4397 1573 4454 hoc
1604 4398 1825 4471 quidem
1851 4399 1905 4458 in
1926 4403 2176 4460 omnium

672 4585 699 4615 α
723 4570 745 4625 I
773 4570 971 4629 Thess.
1000 4588 1031 4627 v
1056 4610 1070 4637 ,
1110 4572 1198 4633 l7,
1235 4572 1323 4628 l8.

2747 3845 3129 3914 Εὺλότησον,
3176 3842 3387 3910 Πάτερ.

2360 3939 2441 3992 A'.
2495 3937 2555 3990 ὐ
2602 3936 2780 4007 μέγας
2818 3934 3119 3997 ἀπόστολος
3160 3932 3372 3995 Παῦλος
3414 3931 3443 3982 ὁ
3473 3929 3581 3982 τῶν
3615 3928 3879 4000 peril-.1

2294 4029 2614 4101 μυστηρίων
2669 4028 2965 4101 ἐξηγητὴς,
3029 4026 3099 4081 τὰ
3148 4025 3246 4095 τῆς
3301 4023 3577 4095 σωτηρίας
3635 4023 3651 4054 ⁸
3710 4020 3879 4092 ἡμῶν

2290 4122 2829 4195 πραγματευόμενος
2886 4118 3221 4179 ἐκδιδάσκει,
3250 4116 3462 4184 ἐλέγχει
3513 4116 3557 4179 ’,
3612 4115 3873 4184 ἐπιτιμᾷ,

2289 4215 2605 4287 παρακαλεῖ
2632 4216 2691 4267 ὲν
2724 4210 2890 4266 παντὶ
2908 4210 3278 4281 εὐχαριστεῖν,
3308 4208 3668 4269 ἀδιαλείπτως
3698 4221 3870 4275 προσ-

2282 4306 2567 4378 εύχεσθαι.
2600 4305 2712 4358 Καὶ
2740 4302 2900 4356 τοῦτο
2939 4302 3109 4355 πᾶσιν
3143 4297 3458 4369 ἀνθρώποις
3494 4298 3725 4364 ἔξεστιν.
3760 4297 3869 4348 0'3—

2289 4399 2402 4463 δεὶς
2435 4399 2494 4457 δὲ
2540 4397 2711 4463 ἄξιος,
2766 4395 2843 4469 μὴ
2887 4392 3315 4468 κεκαθᾳριιένην
3346 4389 3482 4464 ἔχων
3522 4392 3620 4461 τὴν
3657 4389 3869 4448 ἔννοιαι.

1866 4657 1951 4714 VA
1964 4657 2103 4713 Rl/E
2138 4656 2431 4714 LECTION
2441 4655 2546 4713 ES.

673 4756 690 4789 ²
715 4755 778 4813 C.
808 4754 972 4811 Barb.
1003 4755 1184 4808 tuend.
1223 4754 1379 4826 ἡμῖν,
1411 4752 1551 4808 Caes.
1590 4751 1835 4824 Α.ἡμῶν
1908 4755 1926 4783 ¹
1968 4753 2029 4807 (ἶ.
2074 4753 2234 4806 Barb.
2289 4751 2556 4825 ἐλλέγχει,
2597 4749 2736 4813 Caes.
2773 4748 2839 4813 Δ,
2882 4748 3116 4823 ἐλέγχει.

2119 4865 2353 4925 NOTIE.

668 4965 749 5035 (ii
787 4961 1205 5035 Caasar._codex
1235 4962 1301 5015 Λ.
1327 4961 1414 5035 sic
1446 4960 1627 5035 alium_
1657 4958 1883 5035 praafert
1916 4960 2141 5035 titulum
2170 4979 2182 5015 :

594 5029 771 5105 Λόὲίος
822 5035 911 5105 εἰς
957 5032 1048 5085 τὸν
1083 5031 1521 5105 Δεεὺςιιγγελισμὸγ
1562 5029 1672 5105 “tth
1696 5030 1928 5105 _&yitov_
1963 5030 2189 5105 δικαίῳν

678 5100 973 5174 Ἶωακκεὶμ
1011 5102 1343 5174 καὶίἋννης
1364 5118 1378 5133 ·
1422 5100 1516 5155 icui
1541 5102 1631 5174 sig
1662 5101 1722 5153 τὸ
1752 5100 2031 5174 γενέθλιον
2088 5101 2191 5174 τῇς

664 5172 972 5246 ὑπεραγίάς
1050 5173 1263 5237 ἐνδόξου
1347 5172 1731 5243 ’Λειπαρθὲνου
1796 5172 2017 5243 Μαρίας
2093 5172 2192 5241 τῆς

664 5245 948 5300 Θεοτόκου.

1051 5312 1385 5383 Εὐλόγησον,
1419 5311 1664 5367 Δέσποτα
1677 5347 1691 5367 ο

595 5402 781 5459 Sermo
845 5404 903 5456 in
966 5404 1147 5457 iratum
1216 5404 1463 5456 nuntium
1529 5410 1836 5456 sanctorum
1901 5403 2176 5471 justorum

662 5472 911 5543 Joavchim
940 5484 990 5526 et
1020 5475 1209 5537 Auuw,
1247 5483 1297 5527 et
1331 5476 1383 5526 in
1414 5475 1751 5543 natiuitatem
1792 5487 2173 5538 sacrosanctw,

663 5543 913 5613 gloriosa:
944 5552 992 5596 et
1020 5560 1222 5611 semper
1248 5545 1468 5614 virginis
1510 5542 1705 5598 Maria:
1744 5543 1843 5599 Dei
1877 5544 2170 5614 genitricis.

1124 5635 1367 5700 Benedic,
1404 5634 1644 5691 Domine.

664 5725 814 5781 Nihil
841 5740 1060 5780 movere
1099 5726 1213 5779 haec
1247 5726 1547 5782 diversitas
1583 5728 1765 5782 debet.
1792 5726 2165 5783 Consuevisse

597 5799 744 5853 enim
776 5797 992 5862 titulos,
1022 5796 1331 5867 praesertim
1362 5798 1408 5850 si
1454 5799 1522 5851 de
1553 5798 1909 5853 sermonibus
1943 5808 2162 5867 agatur,

600 5869 668 5928 ab
700 5868 769 5925 iis
800 5882 899 5942 pro
934 5866 1033 5923 sua
1088 5866 1335 5938 ipsorum
1376 5869 1655 5923 sententia
1701 5866 1903 5939 apponi
1936 5866 2020 5922 vel
2054 5870 2157 5923 itu-

2288 4962 2513 5025 mutari,
2534 4961 2686 5030 plura
2716 4962 2915 5015 docent
2960 4959 3234 5028 exempla.
3275 4958 3389 5013 lmo
3422 4957 3554 5030 quid
3586 4957 3658 5011 ab
3701 4972 3860 5011 ama-

2288 5032 2583 5086 nuensium
2613 5046 2837 5101 quoque
2870 5030 3102 5083 arbitrio
3125 5030 3689 5101 exspectanduntsit,
3718 5030 3858 5081 ins:-

2290 5116 2395 5171 gne
2437 5102 2599 5155 nobis
2632 5099 3034 5169 argumentum
3076 5102 3159 5152 vel
3200 5100 3289 5153 hic
3333 5099 3610 5171 orationis
3656 5100 3855 5171 titulus

2292 5168 2429 5225 satis
2458 5172 2692 5226 iudicat.
2710 5168 2847 5225 Cum
2870 5172 3018 5224 enim
3044 5171 3231 5238 nescio
3257 5170 3655 5238 eujusincuria
3687 5168 3855 5235 hujus

2292 5240 2533 5295 homilia:
2591 5239 3005 5310 primo,rquod
3073 5237 3405 5296 Viudoboua
3458 5239 3855 5293 transmissum

2297 5310 2498 5371 fuerat,
2533 5309 2832 5379 exemplari
2879 5309 3121 5375 amisso,
3161 5312 3395 5364 alterum
3442 5317 3854 5379 expeterefne-

2286 5395 2444 5435 cosse
2476 5380 2661 5445 fuerit,
2694 5378 2806 5450 jam
2841 5381 2946 5433 hoc
2984 5380 3285 5433 secundum
3318 5379 3458 5450 legit»
3481 5380 3560 5440 εἰς
3587 5378 3658 5450 τμά
3675 5378 3858 5450 Em-

2278 5450 2454 5519 γέλια,
2487 5451 2574 5505 ubi
2610 5447 2851 5518 primum
2904 5450 3117 5517 legebat
3148 5453 3229 5512 εἰς
3272 5450 3364 5502 τὸν
3396 5447 3811 5519 Euanthon
3835 5466 3853 5480 ο

2274 5517 2329 5573 et
2364 5537 2490 5575 cum
2524 5517 2679 5589 prius
2710 5519 2938 5583 haberet
2977 5522 3076 5589 τῆς
3116 5520 3420 5590 ὑπεραγὶας
3444 5517 3764 5590 ᾄνδόξρυηρι
3796 5519 3853 5573 in

2274 5592 2405 5661 line,
2434 5586 2765 5661 Εὐὶζὸγησφν,
2794 5586 3060 5661 Astarten,
3083 5586 3359 5661 posterius
3375 5588 3537 5641 habet
3562 5586 3851 5661 τῇςύπερ-

2272 5633 2528 5725 ἔεὲὲῖδὲξυῗ
2550 5633 2765 5714 ’ὲί⁴’ἶιί’
2790 5633 3286 5728 ἧιῖὁέὀῐᾶςῆἷςᾙξὶί
3298 5633 3705 5728 ἲῖιὶἷᾷιιιειὲὶῐ
3750 5633 3853 5709 v3-

2273 5732 2537 5784 riautium
2569 5730 2872 5784 lectionum
2898 5729 3072 5784 series
3112 5731 3260 5784 inter
3290 5743 3461 5782 unum
3508 5735 3566 5781 et
3607 5728 3849 5784 alterum

2271 5801 2555 5881 exemplar
2590 5800 2648 5856 in
2686 5802 2924 5859 decursu
2958 5798 3485 5871 quoquezorationis
3518 5805 3850 5863 constanter

2270 5880 2533 5931 oecurru.
