4130 6412
289 447 427 514 1461
1202 447 1459 508 SERMO
1499 446 1580 508 IN
1618 444 1910 508 CONCEP‘

2011 444 2204 508 )NEM
2245 439 2618 508 DEIPAR/E.
3417 446 3554 512 1462

288 567 385 626 τοῦ
420 567 530 620 ἔσω
576 537 904 638 ἀνθρώπουί
929 563 1173 628 τοιοῦτος
1204 561 1301 630 ὢν,
1342 565 1419 628 ὡς
1457 565 1486 616 6
1529 563 1700 626 τάλας
1742 561 1876 632 ἐγὼ,
1909 617 1910 621 η

2011 579 2218 618 ποι-8ης
2243 570 2327 619 est
2370 572 2663 635 potestate.
2700 566 2769 620 At
2821 579 2953 622 vero
2989 565 3250 637 mysteria
3287 565 3378 619 illa
3418 565 3558 621 adeo

291 662 506 730 σειραῖς
575 659 597 690 ³
654 656 764 711 τῶν
828 655 983 727 ἐμῶν
1039 654 1406 726 πλημμελιῶν
1478 655 1876 724 σφιγγόμενος,

2013 666 2146 720 upra
2174 652 2396 706 modum
2427 653 2685 709 sublimia
2720 654 2794 726 (Ξ)
2829 669 2992 710 nemo
3030 657 3108 709 vel
3137 668 3168 708 a
3202 653 3363 723 longe
3393 655 3561 707 attin-

289 750 552 806 τοιούτων
590 748 734 820 ὑπὲρ
766 747 890 800 λίαν
922 750 1268 817 πραγμάτων
1292 742 1718 816 προσάψασθαιο
1761 742 1879 796 ἀλλ’

2011 757 2111 798 'ere
2135 742 2339 814 dignus
2371 746 2588 801 censeri
2630 755 2831 816 potest.
2870 746 2964 817 qui
2993 745 3280 800 interioris
3315 743 3561 798 hominis

291 846 328 916 ἦ
379 843 546 915 μόνον
593 841 718 896 καθ’
762 839 1004 912 ἑκάστην
1045 839 1261 910 ἡμέραν
1311 835 1428 905 τὴν
1471 836 1730 905 ἀνομίαν
1763 853 1880 905 μου

2011 835 2244 890 ntuitum
2277 837 2628 906 purillcatum
2667 855 2777 894 non
2827 840 3051 905 habeat,
3093 840 3189 896 sed
3235 837 3563 907 hujusmodi

291 933 628 1007 ἀναγγελῶ,
691 934 792 988 καί
840 929 1192 1004 μεριμνήσω
1243 929 1398 998 ὑπὲρ
1440 927 1553 997 τῆς
1592 927 1884 997 ἁμαρτίας

2011 929 2240 995 ιιεὶειειι,
2273 929 2453 1001 qualis
2483 940 2540 986 et
2569 946 2670 1003 ego
2699 934 2868 988 miser
2894 932 3330 1004 (deprehendor)
3362 946 3565 1002 pecca-

293 1047 432 1098 μου.
476 1027 617 1081 Ἀλλ’
638 1025 830 1098 ἐπειδὴ
875 1027 904 1080 6
935 1024 1104 1088 πόθος
1127 1023 1279 1076 ἕλκει
1315 1038 1404 1092 με,
1438 1023 1467 1074 6
1501 1020 1664 1090 φόϐος
1693 1018 1885 1072 avos»

2015 1033 2174 1072 orum
2205 1034 2454 1075 meorum
2485 1019 2714 1076 funibus
2745 1023 3085 1078 constrictus
3112 1041 3126 1077 :
3153 1023 3240 1078 cui
3275 1030 3568 1093 propterea

287 1136 386 1175 ’κει
415 1137 503 1192 με,
529 1120 624 1173 καὶ
652 1121 687 1191 ή
733 1115 1022 1188 ἁναξιὸτης
1055 1116 1216 1186 σιγᾷν
1260 1114 1490 1184 ἐπιτιμᾷ
1534 1129 1657 1182 μοι·
1697 1111 1792 1166 καὶ
1830 1113 1886 1166 at

2014 1111 2130 1166 llud
2165 1127 2336 1167 unum
2378 1113 2656 1186 reliquum
2688 1115 2783 1182 sit,
2818 1122 2873 1168 ut
2925 1115 3175 1185 quotidie
3232 1116 3570 1187 iniquitate»:

298 1213 570 1284 ἁμαρτίαι
627 1228 729 1282 μου
774 1208 920 1264 ὡσεὶ
969 1208 1218 1278 φορτίον
1259 1206 1422 1274 ,βαρὺ
1469 1204 1890 1273 ἐϐαρύνθησαν

2011 1221 2164 1260 neam
2198 1207 2537 1273 annuntiem,
2568 1217 2616 1262 et
2651 1207 2715 1262 de
2742 1218 2954 1277 peccato
2988 1224 3100 1263 meo
3130 1209 3349 1279 cogitem
3375 1209 3425 1264 δ.
3466 1207 3572 1265 Ve-

297 1307 393 1360 ἐπ’
421 1305 548 1375 ἐμὲ,
577 1305 675 1358 καὶ
698 1304 750 1357 τί
777 1304 992 1374 ποιήσω
1015 1302 1115 1356 οὐκ
1137 1295 1277 1356 οῖδα.
1304 1295 1453 1373 Ἀρα
1477 1299 1735 1370 τολμήσω
1761 1297 1891 1352 ἀνά-

1993 1312 2113 1351 rum
2145 1313 2272 1352 cum
2303 1314 2392 1353 me
2424 1299 2555 1354 hinc
2586 1301 2810 1370 quidem
2845 1298 3191 1356 desiderium
3242 1309 3297 1356 et
3338 1299 3571 1356 allectus

301 1397 415 1464 ξιος
449 1397 527 1452 ὢν
547 1397 642 1452 τοῦ
671 1397 1081 1468 ἐγχειρήματος
1105 1412 1120 1463 ;
1150 1395 1216 1448 Τί
1242 1395 1547 1466 ἐρήσομαις
1575 1391 1892 1462 ἐπιτιμήσω

2017 1390 2262 1462 inpellat,
2298 1391 2427 1448 inde
2461 1408 2596 1449 vero
2637 1393 2884 1448 retrahat
2936 1395 3124 1462 timor,
3175 1402 3346 1465 atque
3375 1394 3462 1461 {ad
3498 1394 3575 1450 si-

299 1491 583 1562 ἐμαυτδνς
648 1490 928 1546 ταλανίσω
994 1489 1095 1561 τὴν
1161 1489 1402 1561 ἐμαυτοῦ
1471 1486 1888 1557 ταλαιπωρίαν;

300 1585 518 1656 ἑπίσχω
543 1583 652 1637 τῶν
689 1581 1060 1638 ἀναϐαινὰτων
1100 1584 1157 1636 ἐν
1183 1583 1248 1653 τῇ
1281 1580 1483 1652 καρδίᾳ
1517 1596 1618 1649 μου
1656 1593 1894 1647 μακαρι-

299 1675 460 1748 σμῶν
483 1676 616 1746 περὶ
640 1675 740 1746 τῆς
767 1677 1126 1746 πανυμνήτου
1175 1673 1437 1744 Θεοδόχου
1475 1689 1534 1725 τε
1567 1669 1664 1724 καὶ
1701 1667 1896 1722 Θεοτό-

303 1786 408 1824 κου
437 1769 534 1823 καὶ
558 1768 721 1838 ἁγίας
751 1767 1032 1839 Παρθένου
1063 1766 1283 1838 Μαρίας
1312 1783 1327 1832 ;

1993 1485 2225 1540 lentium
2262 1500 2384 1542 mea
2419 1500 2506 1540 me
2547 1484 2855 1558 indignitas
2890 1488 3207 1557 compellat,
3251 1502 3316 1542 ac
3346 1496 3576 1558 peccata

1995 1588 2115 1631 mea
2167 1576 2307 1630 sicut
2364 1593 2498 1632 onus
2547 1594 2706 1649 grave
2754 1587 2976 1650 gravata
3022 1581 3131 1636 sint
3183 1596 3341 1650 super
3388 1588 3514 1634 mec
3557 1598 3572 1634 :

1987 1669 2102 1738 jam
2135 1678 2188 1724 et
2215 1669 2378 1740 plane
2408 1671 2599 1728 nescio
2651 1672 2782 1742 quid
2813 1673 3033 1729 faciam.
3063 1673 3274 1730 Remne
3295 1672 3580 1742 suscipere

1999 1758 2055 1813 in
2077 1758 2321 1814 animum
2360 1759 2648 1829 inducam,
2679 1761 2941 1836 indignus
2980 1779 3106 1820 eum
3137 1765 3285 1821 sim?
3321 1763 3466 1832 Quid
3496 1762 3580 1817 di-

303 1863 473 1921 cam‘!
497 1862 884 1929 memetipsum
911 1859 1264 1931 redarguam,
1286 1857 1590 1930 deplorabo
1611 1853 1893 1911 miseriam
1937 1864 2148 1915 meam,
2182 1858 2349 1922 atque
2371 1853 2522 1909 omni
2555 1853 2715 1910 laude
2743 1855 3106 1926 dignissimae,
3179 1867 3386 1914 sanetae
3453 1855 3580 1918 Vir-

301 1955 451 2030 ginis
479 1953 687 2019 Mariae,
721 1969 846 2023 quae
877 1951 1046 2007 Deum
1073 1953 1314 2023 excepit,
1342 1953 1626 2022 Deumque
1658 1945 1891 2022 peperit,
1933 1942 2124 1999 laudes
2161 1959 2192 1999 e
2219 1946 2387 2001 corde
2409 1957 2762 2018 erumpentes
2792 1949 3105 2005 cohibebo?

379 2045 456 2101 B'.
500 2031 644 2098 Ἀλλ’
685 2043 848 2114 αὑτὴ,
880 2043 1138 2109 Θεοτόκε,
1173 2043 1518 2116 συνέργησόν
1557 2059 1670 2113 μοι,
1721 2040 1807 2093 ἵνα
1841 2036 1902 2090 τὸ

2074 2032 2139 2088 ll.
2184 2033 2390 2090 Verum
2426 2045 2484 2092 tu
2524 2038 2644 2108 ipsa
2678 2039 2810 2092 mihi
2847 2040 3144 2110 opitulare,
3180 2056 3213 2093 ο
3252 2039 3347 2096 Dei
3387 2040 3580 2108 Mater,

303 2137 526 2209 θέλημα
549 2134 644 2189 τοῦ
683 2136 748 2190 ἐκ
783 2135 898 2188 σοῦ’
923 2133 1284 2205 γεννηθέντος
1330 2133 1570 2206 Χριστοῦ
1615 2131 1710 2186 τοῦ
1761 2129 1899 2182 Θεοῦ

303 2226 468 2299 ἡμῶν
499 2225 760 2297 γένηται’
805 2225 893 2279 ἶνα
940 2225 1016 2296 μὴ
1051 2223 1127 2288 ὡς
1158 2224 1385 2291 ἀναξίου
1431 2220 1694 2292 σκοτισθῇ
1731 2219 1902 2292 ήδιά-

307 2320 433 2374 νοιά
469 2335 571 2391 μου
597 2334 611 2348 °
653 2317 771 2371 ἀλλ’
802 2317 944 2371 αὺτὰ
985 2319 1132 2389 ἅπερ
1173 2317 1252 2389 μὴ
1283 2316 1552 2387 γράφοντί
1586 2333 1675 2386 μοι
1707 2316 1766 2368 ἐν
1790 2314 1904 2374 τοῖς

305 2411 680 2482 διαλογισμοῖς
729 2409 1018 2464 ἀναϐαίνει
1070 2410 1200 2480 περὶ
1247 2409 1357 2464 τῶν
1415 2409 1524 2463 σῶν
1586 2407 1901 2478 ἐγκωμίων,

211 2578 214 2584 Ι
309 2501 487 2556 ταῦτα
515 2502 611 2554 καὶ
652 2499 926 2572 γράφοντι
961 2516 1052 2571 μοι
1091 2499 1451 2572 συνέργησον.
1486 2499 1757 2563 Πολλάκις
1796 2497 1904 2570 γὰρ

211 2614 218 2626 ι
311 2592 722 2665 ἐνθυμούμενος
771 2593 868 2647 καὶ
909 2593 1248 2664 περίδακρυς
1278 2593 1480 2662 γέγονα
1519 2593 1606 2647 διὰ
1635 2593 1734 2664 τὴν
1763 2593 1905 2663 ἐμὴν

314 2686 644 2758 ἀναξιότητα
672 2689 730 2740 ἐν
764 2686 841 2758 νῷ
885 2685 1182 2756 λαμϐάνων
1220 2686 1330 2740 τῶν
1378 2686 1472 2740 τοῦ
1526 2684 1904 2757 πυριγλώττου

316 2784 410 2834 καὶ
436 2779 832 2850 μεγαλοφώνου
873 2778 1099 2832 Ἡσαΐου
1143 2781 1426 2852 ῥημάτων.
1463 2779 1529 2832 Et
1558 2779 1668 2848 γὰρ
1697 2779 1906 2840 ἐκεῖνος

312 2873 344 2926 6
371 2871 516 2936 θεῖος
549 2871 689 2942 ἀνὴρ
725 2871 997 2935 ὀπτασίας
1035 2871 1308 2941 τοσαύτης
1358 2871 1612 2936 ἀξιωθεὶς
1650 2869 1906 2924 τοσοῦτον

313 2964 510 3019 ἑαυτὸν
561 2962 902 3029 ἐταλάνισεν,
939 2963 991 3017 τί
1036 2962 1148 3031 ἐγὼ
1194 2965 1426 3034 ποιήσω,
1461 2965 1489 3017 6
1527 2963 1622 3017 καὶ
1669 2963 1763 3016 τοῦ
1809 2962 1908 3034 ζῇν

316 3057 565 3124 ἀνάξιοςς
599 3057 770 3127 Φησὶν
807 3056 946 3127 γάρ·
994 3055 1260 3126 Ἐγένετο
1283 3057 1389 3110 τοῦ
1413 3056 1586 3122 ἔτους
1621 3056 1642 3087 ³
1698 3050 1770 3110 οὗ
1803 3055 1909 3110 ἀπ-

319 3147 540 3206 έθανεν
583 3149 761 3216 Ὀζίας
803 3152 835 3203 ό
855 3149 1180 3215 βασιλεὺς,
1212 3149 1346 3214 ἴδον
1381 3148 1485 3203 τὸν
1515 3149 1736 3218 Κύριον
1766 3149 1907 3202 καθ-

317 3242 546 3314 ήμενον
589 3242 689 3296 ἐπὶ
740 3243 959 3310 θρόνου
999 3241 1245 3310 ὑψηλοῦ
1292 3241 1780 3311 καὶέπηρμένουο
1809 3240 1911 3295 καὶ

319 3333 558 3402 πλήρης
581 3335 614 3388 ό
636 3333 800 3398 obeat;
839 3331 950 3401 τῆς
994 3332 1180 3400 δόξης
1213 3333 1402 3388 αὐτοῦ
1423 3350 1438 3364 ’
1480 3333 1579 3388 καὶ
1617 3333 1911 3403 Σεραερεὶμ

319 3399 715 3491 εισιίήκεισαν
744 3399 947 3490 κύκλῲ
975 3399 1183 3480 αὐτοῧ.
1232 3427 1344 3480 Καὶ
1372 3426 1575 3494 ἤκουσε
1745 3399 1912 3498 Ῠρισέ
1938 3399 1982 3460 C'

320 3515 480 3583 αγίου
510 3516 531 3546 ⁸
565 3515 776 3586 φωνῆς,
828 3517 890 3569 τὺ
936 3517 1158 3587 Ἄγιος,
1202 3518 1425 3586 Ἀτιος,
1467 3518 1662 3587 Ἄγιος
1698 3518 1914 3586 Κύριος

321 3607 582 3668 Σαϐαὼθ.
626 3609 735 3662 Καὶ
796 3605 950 3662 εἶπεν
1000 3610 1260 3674 Ἡσαΐας·
1305 3613 1373 3666 Ὢ
1419 3609 1607 3677 τάλας
1660 3609 1774 3681 ἐγὼ
1825 3611 1916 3666 ὅτι

322 3698 790 3772 κατανένυγμαι,
842 3701 934 3755 ὅτι
986 3701 1300 3770 ἅνθρωπος
1338 3701 1424 3756 ὢν
1463 3702 1566 3756 καί
1609 3702 1916 3773 ἀκάθαρτα

323 3795 502 3864 χείλη
529 3796 712 3865 ἔχων,
734 3797 806 3850 ἐν
827 3797 1000 3866 μέσῳ
1028 3798 1183 3852 λαοῦ
1211 3797 1518 3866 ἀκάθαρτα
1539 3797 1712 3867 χείλη
1741 3798 1915 3868 ἕχον-

322 3905 430 3954 τος
451 3886 568 3958 ἐγὼ
589 3888 760 3942 οικῶο
794 3890 894 3944 καὶ
921 3891 1028 3945 τὸν
1043 3891 1313 3956 βασιλέα
1335 3891 1576 3945 Σαϐαὼθ
1598 3893 1618 3923 ⁵
1643 3891 1775 3945 ἴδον
1791 3892 1916 3958 τοῖς

326 3981 661 4052 ὀφθαλμοῖς
687 4001 830 4053 μου.
863 3984 975 4038 Kal
1006 3983 1325 4052 ἀπεστάλη
1356 3985 1377 4015 ⁸
1411 3986 1562 4053 πρός
1590 4003 1668 4054 με
1700 3985 1770 4038 ἓν
1798 3985 1918 4039 τῶν

327 4073 645 4144 Σεραφεὶμ,
682 4075 780 4129 καὶ
805 4071 972 4146 εἶχεν
1003 4077 1074 4131 ἐν
1100 4075 1176 4144 τῇ
1207 4076 1360 4146 χειρί
1408 4077 1595 4131 αὐτοῦ
1625 4078 1913 4148 ἄνθρακα,

327 4165 404 4222 ὃν
437 4167 512 4237 τῇ
537 4167 737 4222 λαϐίδι
758 4169 779 4200 ⁷
809 4169 1028 4224 ἔλασεν
1056 4168 1175 4224 ἀπὸ
1192 4168 1299 4224 τοῦ
1317 4162 1752 4236 θυσιαστηρίου
1778 4186 1792 4200 ·
1818 4170 1915 4224 καί

328 4259 532 4329 ἥψατο
554 4261 661 4316 τοῦ
684 4261 986 4330 στόματός
1003 4278 1148 4330 μου,
1180 4260 1278 4314 καί
1305 4255 1476 4317 εἶπεν
1495 4277 1510 4292 ο
1560 4259 1714 4318 Ἰδοὺ
1743 4260 1920 4315 τοῦτο

330 4349 534 4419 ἥψατο
569 4350 688 4405 τῶν
712 4351 965 4420 χειλέων
994 4368 1134 4416 σου,
1165 4351 1264 4405 καὶ
1282 4350 1502 4420 ἀφελεῖ
1533 4351 1642 4417 τὰς
1667 4352 1920 4420 ἀνομίας

329 4459 471 4507 σου,
495 4442 595 4496 καὶ
634 4441 740 4510 τὰς
778 4445 1070 4514 ἁμαρτίας
1089 4458 1206 4498 σου
1228 4443 1652 4514 περικαθαριεῖ.

2007 2135 2063 2182 ut
2098 2127 2308 2185 Christi
2353 2129 2444 2186 Dei
2485 2134 2659 2188 nostri
2695 2133 2794 2186 abs
2822 2141 2874 2188 te
2911 2134 3085 2205 geniti
3118 2134 3358 2204 benigna
3388 2135 3586 2191 volun-

2006 2230 2090 2278 tas
2123 2222 2249 2291 (iat;
2284 2232 2344 2278 ut
2395 2241 2464 2281 ne
2497 2241 2652 2284 mens
2690 2243 2832 2295 mea,
2871 2235 3135 2299 tanquam
3164 2227 3403 2284 hominis
3440 2227 3586 2283 indi-

2006 2315 2121 2386 gni,
2164 2317 2284 2374 suis
2343 2325 2564 2374 maneat
2626 2319 2874 2375 involuta
2917 2320 3196 2388 tenebris;
3254 2321 3350 2376 sed
3402 2321 3587 2393 potius

2006 2408 2136 2463 dum
2176 2410 2476 2466 scribendo
2504 2426 2728 2467 manum
2764 2414 3052 2478 admoveo,
3089 2413 3222 2470 mihi
3255 2413 3467 2481 adesto,
3495 2431 3590 2475 ea-

2006 2499 2129 2555 dem
2163 2501 2257 2556 illa
2288 2517 2592 2574 suggerens
2623 2518 2809 2566 sensa,
2848 2520 2973 2576 quae
3008 2505 3140 2561 dum
3166 2505 3461 2563 scribendo
3507 2508 3590 2561 in-

2010 2599 2195 2647 tentus
2220 2609 2330 2647 non
2365 2609 2512 2656 sum,
2535 2593 2678 2650 inter
2697 2596 3051 2667 cogitandum
3072 2595 3138 2653 de
3160 2594 3428 2655 encamiis
3453 2600 3587 2664 tuis,

2011 2684 2178 2739 menti
2210 2700 2342 2740 mea:
2371 2700 2496 2742 sese
2518 2685 2779 2743 ollerunt.
2806 2687 3090 2744 Multoties
3113 2690 3258 2745 enim
3292 2689 3424 2744 dum
3452 2690 3593 2762 igni-

2007 2773 2158 2846 quui
2188 2777 2336 2832 illius
2359 2793 2426 2833 ac
2469 2780 2940 2851 magniloquentis
2981 2779 3140 2837 Isaiae
3173 2782 3338 2837 verba
3379 2783 3587 2849 recolo,

2009 2874 2238 2935 propter
2268 2868 2653 2938 indignitatem
2688 2887 2864 2926 meam
2900 2886 2986 2928 me
3013 2878 3192 2927 totum
3223 2872 3414 2928 animo
3443 2889 3592 2929 com-

2010 2959 2216 3014 moveri
2247 2960 2315 3014 ad
2361 2961 2630 3034 lacrymas
2671 2979 2842 3034 usque
2887 2965 3086 3020 sentio.
3130 2963 3186 3020 Si
3211 2966 3357 3020 enim
3392 2965 3474 3021 vir
3500 2965 3628 3021 ille‘

2011 3051 2233 3110 divinus
2252 3053 2574 3124 hujusmodi
2599 3057 2816 3113 visione
2835 3058 3112 3130 dignatus,
3134 3076 3310 3132 usque
3340 3061 3479 3117 adeo
3503 3077 3592 3118 se-

2013 3149 2311 3220 metipsum
2367 3149 2710 3218 hnmiliavit,
2763 3151 2893 3222 quid
2949 3152 3170 3209 tandem
3225 3169 3327 3225 ego
3362 3153 3589 3218 faciam,

2014 3240 2107 3309 qui
2165 3241 2328 3295 etiam
2367 3242 2477 3295 vita
2511 3241 2633 3312 ipsa
2677 3258 2798 3297 sum
2855 3244 3018 3314 plane
3069 3246 3373 3316 indignus?
3410 3245 3592 3315 lnquit

2013 3331 2162 3386 enim
2197 3349 2211 3385 :
2251 3332 2476 3386 Factum
2517 3342 2595 3388 est
2633 3335 2686 3388 in
2715 3352 2856 3390 anno
2910 3352 3012 3406 quo
3046 3346 3285 3391 mortuus
3315 3346 3393 3392 est
3429 3337 3593 3394 Ozias

2015 3440 2130 3488 rex,
2167 3426 2278 3479 vidi
2307 3425 2595 3481 Dominum
2625 3427 2890 3482 sedentem
2925 3445 3086 3498 super
3105 3430 3300 3484 solium
3329 3432 3590 3490 excelsum

2015 3526 2064 3570 et
2105 3516 2365 3572 elevatum
2384 3534 2403 3582 ;
2429 3528 2479 3572 et
2506 3519 2660 3587 plena
2694 3529 2810 3573 erat
2839 3519 3030 3575 domus
3052 3521 3228 3591 gloria
3263 3521 3377 3592 ejus
3397 3521 3450 3576 ἀ.
3502 3524 3598 3578 Se-

2017 3609 2222 3677 raphim
2249 3609 2460 3663 stabant
2494 3611 2551 3664 in
2572 3611 2798 3664 circuitu
2825 3612 2941 3678 eius
2967 3622 3014 3667 θ.
3053 3611 3119 3667 Ει
3159 3612 3374 3668 audivit
3403 3629 3595 3669 vocem

2016 3711 2102 3758 ter
2135 3701 2269 3757 illud
2296 3702 2694 3757 acclamantem
2729 3720 2742 3757 ε
2779 3701 3036 3770 Sanctus,
3061 3702 3315 3769 Sanctus,
3342 3703 3594 3768 Sanctus,

2016 3795 2278 3851 Dominus
2307 3795 2656 3851 exercituum.
2712 3794 2776 3850 Et
2838 3797 2979 3853 dixit
3033 3795 3259 3854 Isaiasr
3309 3802 3476 3854 :Heu
3517 3816 3599 3855 me

2017 3888 2271 3941 miserum
2303 3888 2349 3951 8,
2385 3897 2756 3942 consternatus
2799 3889 2939 3944 enim
2987 3906 3129 3953 sum.
3157 3892 3412 3961 quoniam
3444 3891 3600 3947 homo

2017 3995 2137 4032 cum
2173 3979 2297 4043 sim,
2329 3987 2380 4034 et
2427 3977 2573 4032 labia
2619 3995 2738 4032 cum
2771 3979 2998 4035 habeam
3051 3981 3280 4050 polluta,
3313 3982 3368 4036 in
3427 3984 3602 4047 medio

2015 4071 2200 4141 populi
2231 4070 2440 4139 polluta
2508 4070 2654 4124 labia
2691 4069 2933 4126 habentis
2972 4089 3064 4142 ego
3102 4073 3322 4140 habito;
3354 4083 3404 4128 et
3432 4090 3604 4146 regem

2017 4165 2345 4220 exercituum
2382 4163 2488 4218 vidi
2540 4164 2707 4219 oculis
2747 4165 2896 4220 meis.
2933 4163 3004 4219 Et
3058 4166 3251 4222 missus
3281 4176 3361 4222 est
3415 4169 3489 4223 ad.
3523 4186 3605 4226 ms

2020 4273 2157 4310 unus
2187 4256 2252 4310 de
2275 4255 2577 4325 Seraphim,
2600 4265 2649 4310 et
2672 4256 2901 4311 habebat
2923 4257 2981 4311 in
3009 4273 3172 4312 manu
3194 4275 3294 4314 sua
3322 4261 3604 4316 carbonem

2020 4363 2324 4412 accensum,
2359 4363 2512 4417 quem
2535 4346 2739 4415 forcipe
2769 4356 3068 4415 sumpserat
3089 4362 3154 4402 ex
3185 4347 3446 4411 altari,et
3479 4349 3605 4405 teti-

2020 4439 2092 4510 git
2131 4456 2188 4492 os
2229 4455 2402 4492 meum
2431 4447 2482 4492 et
2527 4437 2667 4492 dixit
2689 4454 2708 4493 :
2735 4438 2872 4494 Ecce
2896 4438 2994 4494 hoc
3023 4441 3194 4512 tetigit
3219 4441 3361 4495 labia
3395 4451 3506 4504 tua,
3554 4451 3606 4501 et

2022 4533 2226 4601 auferet
2260 4531 2564 4602 iniquitates
2601 4542 2741 4598 tuas,
2783 4542 2831 4586 et
2850 4543 3068 4602 peccata
3101 4544 3192 4588 tua
3231 4536 3442 4602 penitus
3477 4551 3607 4604 pur-

2021 4623 2186 4692 gabit.

407 4720 471 4772 El
487 4719 544 4772 δὲ
566 4710 722 4782 οὗτος
739 4719 766 4771 6
789 4716 935 4788 μέγα
948 4715 1073 4780 ςτοῦ
1085 4716 1221 4770 Θεοῦ
1249 4716 1537 4788 προφήτης
1557 4715 1733 4779 οὕτως
1761 4715 1910 4768 ταλα-

2099 4712 2218 4768 Jam
2255 4728 2386 4768 vero
2412 4712 2456 4767 si
2490 4727 2722 4782 magnus
2752 4712 2841 4766 hic
2875 4711 2965 4767 Dei
2998 4710 3263 4785 propheta
3295 4713 3442 4768 dolet
3469 4714 3610 4768 adeo

335 4813 474 4878 νίζει
504 4811 716 4873 ἐαυτὸν,
748 4809 857 4879 ἐγὼ
891 4809 943 4862 τί
977 4809 1208 4880 ποιήσω,
1240 4811 1268 4862 6
1301 4809 1475 4879 στόμα
1512 4808 1606 4862 καὶ
1629 4809 1806 4880 χείλη,
1832 4808 1910 4861 κα“

2037 4804 2321 4861 miseriam
2358 4817 2553 4868 suam;
2591 4801 2725 4872 quid
2759 4801 2893 4856 mihi
2931 4800 3241 4857 faciendum
3273 4811 3480 4874 putem,
3515 4804 3610 4874 qui

336 4906 583 4978 καρδίαν,
598 4907 691 4959 καὶ
706 4904 886 4958 πάντα
904 4901 973 4956 τὰ
987 4903 1317 4973 αἰσθητήρια
1333 4902 1528 4968 ἀνάξια
1543 4919 1711 4973 κεκτη
1720 4901 1876 4972 μένος
1889 4902 1934 4966 ³,

411 5023 835 5087 δΡεοΙ.ιχκνιι,
867 5020 954 5076 l9.
1032 5019 1227 5075 °Psal.
1271 5035 1480 5084 xum,
1541 5019 1595 5073 ὃ.

2042 4917 2106 4957 os
2136 4907 2188 4954 et
2228 4895 2373 4951 labia
2401 4901 2454 4948 et
2484 4909 2582 4948 cor
2611 4901 2668 4950 et
2699 4908 2893 4950 onmes
2920 4909 3120 4950 sensus
3161 4893 3338 4950 habeo
3371 4896 3612 4950 immun-

1673 5019 1697 5059 ἀ
1725 4993 1827 5074 lsa.
1878 5037 1952 5076 vt.
1985 5020 2008 5073 l
2057 5012 2527 5087 seqq.__Vulgata_
2560 5010 2651 5065 hic
2690 5011 2852 5087 habet
2885 5029 2898 5065 :
2936 5010 3002 5064 Et
3055 5029 3116 5087 ea
3141 5051 3155 5072 ,
3179 5027 3311 5087 ante
3344 5010 3453 5087 _sub
3499 5011 3613 5087 ipso

338 5104 514 5154 erant,
551 5080 1127 5163 replebant:_templum_.
1210 5101 1232 5128 ε
1279 5089 1419 5163 Ibid.
1540 5087 1779 5163 Rursum
1818 5091 1973 5162 Vulg.
2005 5080 2150 5163 legit'
2176 5080 2190 5140 Ξ
2221 5085 2286 5140 Et
2319 5080 2584 5149 seraphin;
2619 5080 2832 5138 stabant
2874 5098 3030 5150 super
3053 5081 3210 5136 illud.
3293 5080 3311 5118 ί
3342 5080 3448 5136 lsa.
3480 5096 3553 5146 vn,
3581 5081 3616 5136 5

338 5181 456 5222 sec.
493 5162 662 5224 LXX.
765 5171 790 5212 ι
816 5161 978 5233 Vulg.
1019 5179 1032 5216 :
1075 5161 1163 5216 Va:
1186 5161 1314 5216 mihi
1338 5161 1585 5230 quoniam
1615 5162 1782 5215 tacui.

1617 5272 1856 5329 ῪΑΒΙτΕ
1889 5266 2306 5328 LECTIONES.

413 5421 438 5455 ³
470 5419 632 5474 Barb.

345 5490 626 5547 ‘Codices
677 5482 790 5544 tuin
842 5489 1002 5542 Barh.
1063 5497 1176 5541 tum
1208 5482 1346 5540 tiaran}
1410 5485 1476 5537 A.
1513 5483 1717 5538 habent
1743 5482 2054 5554 τρισαγίας.

687 5420 914 5490 σηραξς.
945 5417 1086 5471 (ἷξες.
1131 5417 1196 5470 Α.
1218 5416 1458 5490 σειραῖς.
1513 5411 1715 5490 _”_Ubi
1747 5410 1916 5467 codex
1940 5408 2103 5490 βοὶ-1).
2133 5405 2316 5490 habet
2345 5403 2439 5490 τοιξ
2492 5402 2677 5490 ἕξουςὶνγ
3121 5397 3613 5490 habitabile???

2131 5480 2152 5510 ⁸
2176 5476 2381 5532 Caesar.
2409 5474 2473 5528 A.
2505 5471 2595 5525 τὸν
2629 5471 2853 5542 βασιλέα
2882 5468 3085 5542 Κύριον
3115 5466 3356 5542 σαὸαῴθ.
3421 5469 3452 5542 f
3477 5469 3612 5526 Cass.

346 5537 790 5624 ATEE'eEE'm‘éI,‘
822 5537 1189 5613 lia—rientem
1221 5537 1538 5620 summa,
1575 5537 1790 5609 scilicet'
1816 5537 2219 5624 ργοᾷπὲστάλη
2253 5561 2268 5576 ο
2293 5537 2822 5624 ΙιΔΟιξ-εείιξιψιιὶμθηξιιι
2847 5537 3040 5624 est._'in
3065 5539 3316 5624 antiquis
3333 5537 3619 5624 cgdicibus

349 5633 464 5686 haec
486 5631 777 5694 elementa,
825 5646 866 5695 t,

923 5646 979 5698 η,
1009 5627 1315 5698 egeamus
1373 5625 1607 5698 invicem
1663 5621 1985 5698 permutari.

2086 5622 2107 5652 -ι
2143 5607 2278 5674 (χέε,
2305 5615 2370 5671 Α,
2390 5614 2449 5667 ὃν
2477 5613 2544 5682 τῆ
2575 5612 2714 5682 λάόη
2745 5612 2870 5683 (pro
2913 5612 2978 5682 τῇ
3015 5607 3461 5683 ξασῇὶλδιέλαβον
3511 5611 3614 5681 (sc.

345 5678 1421 5772 ἔὲἱαξὲᾲῖῖἰὶῖιίυζ’δάϊ’θὶιῖπάὸῖιδῖρτυ
1446 5694 1642 5749 λασίδι.
1663 5678 1678 5695 ’
1715 5693 1736 5724 ⁸
1764 5691 2020 5747 Mendose
2049 5699 2164 5745 tum
2209 5687 2391 5752 Barb.,
2431 5678 2819 5754 καικτημένοξ,
2857 5678 2977 5736 tum
3003 5678 3159 5751 Caes."
3188 5680 3256 5734 Α.
3288 5678 3615 5752 καίκτημεν.

1869 5807 2097 5863 NOTAE.

425 5909 503 5984 (2)
541 5909 735 5967 Divina
785 5910 1010 5969 scilicet
1057 5909 1342 5981 mysteria,
1387 5921 1624 5980 quorum
1657 5905 2017 5975 interpretem
2054 5901 2375 5957 laudaverat
2402 5896 2632 5954 Paulum
2666 5896 3014 5968 Apostolum.
