4130 6412
258 465 398 530 1489

1172 471 1431 531 SERMO
1481 471 1565 530 IN
1605 468 2195 532 CONCEI'TIONEM
2241 467 2613 529 DEIPARE.

3392 462 3534 529 1490

255 582 448 653 τρόμῳ
477 583 570 636 καὶ
600 581 750 654 φόϐῳ
775 584 878 655 τὴν
913 559 1260 657 λειτουργίαν
1280 583 1706 650 ἐπιτελοῦντας;
1744 583 1845 636 οὐκ

1959 581 2232 636 :xercitns
2283 581 2499 637 duces?
2549 595 2660 635 non
2703 579 2874 635 habet
2925 577 3218 638 satellites,
3264 573 3358 646 qui
3403 590 3534 629 cum

257 674 399 726 εἰσὶν
449 672 598 743 αὐτῷ
641 672 941 744 βασιλικοίς
1001 679 1113 740 ναὶ,
1177 678 1330 748 φησὶ,
1388 678 1612 747 πᾶσαή
1672 674 1847 736 κτίσις

257 763 432 818 αὐτού
469 766 618 817 ἐστιν
641 783 652 796 ο
686 766 886 818 Χίλιαι
917 767 1189 834 χιλιάδες
1233 768 1304 820 ἐν
1327 767 1609 836 οὐρανοῖς
1637 767 1655 799 ⁷
1687 763 1849 831 αὐτῷ

257 863 688 923 παρίστανται,
719 854 822 910 καί
852 857 1062 926 μύριαι
1103 857 1394 928 μυριάδες
1420 860 1441 891 ⁸
1471 857 1850 928 λειτουργοῦ-

255 960 366 999 σιν
390 944 569 1010 αὐτῷ.

332 1039 444 1092 ιη’.
481 1036 671 1092 Ταῦτα
704 1036 880 1104 οὕτως
926 1038 1044 1111 ἔχει
1081 1039 1178 1094 τὸν
1203 1043 1409 1114 τρόπον
1447 1041 1550 1112 τῆς
1600 1042 1849 1096 θεοτόκου
1928 1072 1934 1080 ο

255 1128 484 1200 Μαρίας
540 1129 1030 1204 ἀναστρεφομένης
1063 1133 1143 1196 εἰς
1190 1132 1260 1186 τὰ
1294 1131 1463 1202 Ἅγια
1494 1133 1606 1186 τῶν
1643 1134 1848 1202 ἁγίων·

256 1221 431 1290 αὐτὴν
462 1220 520 1274 δέ
550 1222 731 1294 πάσης
763 1222 1118 1295 δικαιοσύνης
1157 1225 1438 1295 ἁνωτέραν
1459 1224 1762 1296 δειχθῆναι.

337 1397 403 1448 Ὢ
467 1394 570 1465 τῆς
615 1397 893 1452 Ἰουδαίων
951 1399 1265 1471 πωρώσεως
1293 1402 1346 1456 '!
1388 1402 1433 1454 ὣ
1473 1401 1576 1472 τῆς
1631 1401 1854 1458 ἐκείνων

258 1488 480 1552 ἀνοίαςί
516 1491 580 1546 Ὢ
607 1488 708 1559 τῆς
740 1491 1036 1561 αἰρετικῶν
1077 1493 1452 1564 βλασφημίας,
1483 1494 1528 1547 ὦ
1565 1497 1664 1566 τῆς
1694 1496 1854 1549 ἐσκο-

259 1582 526 1654 τισμένης
573 1581 758 1636 αὐτῶν
809 1585 1062 1656 καρδίας.
1120 1585 1292 1639 Οὐδὲν
1321 1588 1428 1658 γὰρ
1469 1589 1516 1641 oi
1567 1588 1706 1659 ἔριδι
1760 1588 1854 1642 καὶ

261 1673 412 1744 ζήλῳ
448 1675 906 1746 προσκρούοντες.
953 1677 1032 1741 ὡς
1065 1677 1243 1750 χύτρα
1290 1679 1512 1749 λέϐητι,
1557 1681 1707 1753 ἥττω
1757 1679 1854 1734 τοῦ

261 1764 616 1833 φρονήματος
654 1765 762 1820 τῶν
805 1767 1079 1822 Ἰουδαίων
1113 1770 1273 1824 εἰσίν.
1335 1771 1501 1825 Αὐτοὶ
1534 1772 1643 1844 γὰρ
1687 1790 1857 1845 προσ-

261 1857 551 1926 κρούονται
575 1897 589 1923 ,
626 1861 722 1913 καὶ
767 1860 924 1914 αὐτοὶ
976 1861 1374 1934 συντρίϐονται.
1406 1865 1476 1918 Ἦ
1509 1866 1609 1919 οὐκ
1640 1861 1780 1937 ἦσαν
1813 1865 1855 1898 ¹⁰

260 1953 311 2002 οἱ
341 1951 618 2020 προφῆται
647 1951 707 2018 ἐξ
735 1951 946 2022 utimini;
975 1954 1091 2008 Νῦν
1126 1955 1184 2010 δέ
1226 1957 1351 2020 τοὺς
1381 1957 1686 2027 ὁμοφύλους
1713 1975 1852 2028 προ-
1881 1948 1926 2004 Β

263 2044 441 2112 φήτας
478 2044 854 2114 ὁμολογοῦσιν,
881 2049 992 2111 τοῖς
1017 2045 1075 2101 δὲ
1106 2047 1288 2117 λόγοις
1317 2050 1500 2104 αὐτῶν
1530 2051 1590 2104 ού
1636 2051 1851 2106 πείθον-

261 2150 376 2189 ται.
404 2134 511 2187 Ποῦ
544 2136 639 2189 οὖν
669 2133 809 2192 εἰδον
845 2141 926 2203 εἰς
956 2142 1136 2205 πάσας
1159 2143 1356 2210 γενεὰς
1392 2144 1562 2215 κόρην
1594 2145 1634 2175 ⁸⁸
1661 2145 1742 2209 εἰς
1780 2144 1850 2199 τὰ

264 2226 436 2295 Ἅγια
468 2228 575 2282 τῶν
609 2230 779 2298 ἁγίων
815 2233 1260 2304 ἀνατραφεῖσαν,
1296 2235 1327 2304 ἢ
1367 2237 1533 2291 πάλιν
1583 2237 1852 2308 παρθένον

269 2321 410 2390 μετὰ
459 2321 655 2387 τόκον;
712 2324 850 2394 Οὐχὶ
902 2325 1079 2389 αὐτοὶ,
1129 2326 1219 2380 ὅτε
1262 2329 1550 2398 ἀρχιερεὺς
1586 2332 1614 2383 6
1647 2330 1852 2400 Κύριος

267 2411 506 2478 ἐγένετο,
569 2415 725 2479 ἰδίαις
784 2417 972 2490 χερσὶν
1020 2417 1080 2484 ἐξ
1133 2419 1316 2474 αὐτῶν
1356 2438 1501 2488 τινες
1548 2423 1854 2495 γράφοντες

265 2503 630 2576 ὡμολόγησαν
658 2507 699 2538 ¹²
736 2509 1012 2579 Παρθένον
1045 2511 1146 2580 τὴν
1183 2513 1344 2579 ἁγίαν
1374 2513 1628 2584 Μαρίανς
1664 2516 1847 2585 Ψηφι-

270 2599 483 2668 σάντιυν
505 2597 615 2668 γάρ
637 2615 797 2652 τινων
825 2599 915 2654 τὸν
938 2601 1142 2672 Κύριον
1176 2603 1235 2668 ἐξ
1259 2605 1441 2659 αὐτῶν
1467 2607 1546 2669 εἰς
1569 2608 1851 2677 ἀρχιερέα,

272 2689 360 2742 ῐνα
384 2689 644 2763 πληρωθῇ
679 2693 707 2745 6
736 2691 892 2760 λόγος
922 2696 950 2747 6
983 2698 1376 2768 γεγραμμένος
1397 2716 1411 2730 ·
1439 2699 1523 2753 Σὺ
1551 2701 1745 2769 ἱερεὺς
1767 2705 1853 2770 εἰς

270 2783 381 2836 τὸν
418 2782 606 2838 αἰῶνα
654 2786 806 2844 κατὰ
845 2787 961 2854 τὴν
1010 2788 1186 2852 τάξιν
1231 2792 1643 2861 Μελχισεδέκο
1713 2795 1856 2848 ὄτιό

269 2876 460 2945 σοφίᾳ
497 2876 656 2946 παρὰ
693 2878 839 2934 Θεοῦ
875 2880 972 2934 καὶ
1013 2882 1343 2952 ἀνθρώπων
1383 2881 1462 2956 ἦν
1502 2886 1817 2955 προκόψας
1837 2905 1851 2919 ·

272 2966 368 3019 καὶ
399 2967 442 2998 ⁸³
484 2969 548 3020 ἐκ
602 2969 773 3040 φυλῆς
819 2969 1136 3042 βασιλικῆς,
1196 2976 1291 3029 καὶ
1339 2976 1730 3048 ἀρχιερατικῆς
1787 2974 1856 3051 ἦν

269 3057 458 3128 Μαρία
490 3058 522 3128 ἡ
566 3059 698 3126 ἁγία
747 3060 1010 3126 Θεοτόκος
1032 3078 1046 3094 ⁸
1085 3065 1228 3119 κατά
1258 3065 1320 3120 τὸ
1355 3067 1661 3138 εἰθισμένον
1685 3070 1728 3101 ’⁵
1760 3065 1857 3124 οὖν

271 3148 457 3210 αὐτοῖς
497 3150 782 3220 ἐποίησαν.
850 3153 973 3206 Τῶν
1031 3153 1140 3224 γὰρ
1203 3157 1610 3228 προϐαινόντων
1663 3161 1857 3233 ἰερέων

271 3238 563 3310 ἐξεζήτουν
586 3242 679 3294 τὸν
709 3243 946 3313 πατέρα,
981 3248 1076 3299 καὶ
1104 3248 1204 3318 τὴν
1231 3250 1464 3321 μητέρα,
1497 3253 1594 3304 καὶ
1618 3252 1856 3323 ἔγραφον

272 3331 344 3384 τὰ
374 3331 615 3402 ὀνόματα
649 3334 828 3388 αὐτῶν
853 3336 932 3399 εἰς
961 3337 1061 3408 τὴν
1095 3340 1136 3371 ¹⁶
1171 3340 1355 3410 ψῆφον
1384 3343 1484 3411 τῆς
1520 3342 1822 3414 ἱερωσύνης
1841 3361 1856 3376 ·

273 3423 372 3477 καὶ
404 3424 769 3496 ἐπηρώτησαν
794 3427 838 3458 ¹⁶
865 3427 964 3500 τὴν
993 3430 1157 3498 ἁγίαν
1187 3431 1228 3462 ¹⁷
1254 3431 1536 3504 Παρθένον
1571 3434 1823 3503 λέγοντες
1841 3453 1857 3470 ⁸

273 3514 406 3580 Υἱός
441 3535 535 3570 σου
562 3519 711 3572 ἐστιν
748 3521 777 3572 6
816 3519 1142 3592 Ἰησοῦς;Ἡ
1173 3523 1230 3576 δέ
1255 3523 1488 3595 ἔφησενο
1525 3527 1654 3580 Ναί.
1699 3529 1762 3581 Οἰ
1803 3527 1860 3582 δὲ

274 3605 434 3662 εἷπον
458 3625 471 3639 ο
511 3610 625 3662 Καὶ
665 3609 750 3676 τίς
785 3614 933 3665 ἐστιν
960 3614 988 3666 6
1021 3615 1204 3690 πατὴρ
1238 3616 1440 3683 αὐτοῦς
1509 3619 1573 3672 Ἦ
1612 3618 1669 3672 δὲ
1726 3637 1861 3673 παν-

276 3700 511 3770 ἀμωμος
557 3701 836 3775 ἀπεκρίθη
860 3719 874 3732 θ
922 3705 1139 3777 Πατέρα
1182 3707 1282 3777 μὲν
1319 3710 1413 3762 ἐπὶ
1445 3710 1549 3780 γῆς
1577 3711 1678 3766 οὐκ
1707 3710 1820 3782 ἔχει
1845 3729 1858 3744 ·

277 3789 392 3861 ἐγὼ
420 3789 477 3843 δέ
517 3791 786 3862 ἐγέννησα
816 3793 979 3847 αὐτὸν
1003 3795 1078 3859 ὡς
1121 3790 1262 3852 οἶδεν
1293 3798 1476 3864 αὑτός.
1519 3800 1710 3872 Πατὴρ
1755 3802 1863 3874 γὰρ

277 3879 445 3936 αὐτοῦ
465 3883 493 3936 6
523 3880 656 3944 Θεός
683 3885 852 3939 ἐστιν.
881 3886 942 3938 Οί
962 3885 1020 3938 δέ
1044 3882 1197 3940 εἷπον
1217 3903 1232 3918 ο
1267 3890 1358 3942 καὶ
1381 3890 1682 3962 γράφωμεν
1702 3892 1866 3947 αὐτὸν

277 3975 362 4040 εἰς
390 3973 488 4046 τὴν
521 3976 739 4048 γραφὴν
781 3975 877 4030 τοῦ
909 3977 1076 4048 τόμου
1126 3979 1242 4033 υἱὸν
1267 3981 1310 4011 ⁸⁸
1340 3980 1434 4034 τοῦ
1480 3983 1616 4037 Θεοῦ
1644 4000 1659 4049 ;
1709 3985 1772 4038 Ἡ
1808 3984 1864 4038 δὲ

280 4062 437 4121 εἶπεν
457 4083 471 4098 ο
504 4067 777 4139 Γράψατε.
807 4069 918 4122 Καὶ
945 4064 1194 4141 ἔγραψαν
1223 4073 1307 4136 εἰς
1340 4073 1431 4126 τὸν
1463 4075 1629 4145 τόμον
1653 4075 1827 4140 οὕτως
1846 4091 1865 4110 ο

294 4157 506 4230 Ἰησοῦς
537 4162 566 4214 ό
597 4159 711 4225 υίὸς
734 4159 829 4215 τοῦ
857 4161 1016 4225 Θεοῦ,
1051 4164 1146 4216 καὶ
1175 4164 1290 4228 υίὸς
1319 4166 1543 4236 Μαρίας
1568 4170 1632 4239 τῇ
1661 4169 1868 4225 ἄνωθεν

279 4253 450 4324 ψήφῳ
489 4255 568 4316 εἰς
591 4252 684 4306 τὸν
704 4251 880 4306 αἰῶνα
911 4255 1221 4324 ἰερεύσεται
1248 4257 1292 4288 ¹⁹
1316 4274 1329 4288 ·
1371 4258 1464 4310 καὶ
1490 4259 1782 4333 ἐπληρώθη
1809 4262 1870 4316 τὸ

281 4345 676 4416 γεγραμμένον
704 4345 780 4410 ὡς
802 4345 1063 4418 ἀνωτέρω
1094 4347 1390 4418 δεδήλωται
1409 4367 1422 4380 ·
1455 4351 1536 4404 Σὺ
1563 4355 1756 4420 ἱερεὺς
1783 4357 1870 4421 εἰς

281 4439 395 4492 τὸν
420 4435 611 4493 αἰῶνα
634 4438 787 4492 κατὰ
815 4438 930 4508 τὴν
951 4439 1129 4504 τάξιν
1148 4442 1546 4511 Μελχισεδέκ.
1580 4447 1736 4500 Μετὰ
1761 4448 1870 4519 γὰρ

1949 669 2150 725 timore
2175 677 2232 725 et
2279 677 2522 724 tremore
2559 677 2809 739 astpntes
2851 667 3093 725 cilicium
3123 665 3392 737 explent?
3425 678 3535 718 non

1949 761 2115 817 habet
2143 761 2332 833 regios
2363 758 2697 832 praefectos?
2729 761 2895 818 habet
2919 776 3078 826 sane,
3112 759 3294 815 clunis
3329 756 3541 828 quippe

1949 862 2214 909 creatura
2247 853 2423 924 ipsius
2476 862 2564 910 est
2608 871 2626 920 :_
2680 853 2857 923 milia
2907 855 3143 908 millium
3174 858 3358 905 astant
3393 849 3440 902 ei
3481 848 3537 902 in

1951 946 2120 1010 caelis,
2149 956 2201 1000 et
2246 945 2417 1001 decies
2461 955 2683 1002 centena
2711 947 2882 1000 millia
2912 947 3018 1016 ipsi
3051 945 3362 998 ministrant
3392 954 3442 994 ι.

2020 1036 2210 1095 XVIII.
2263 1037 2390 1094 llaec
2438 1037 2514 1093 ita
2562 1053 2623 1094 se
2680 1037 2891 1093 habent
2935 1036 3119 1108 quoad
3154 1034 3378 1091 modum
3425 1045 3538 1102 quo

1953 1132 2047 1188 Dei
2085 1132 2327 1204 genitrix
2364 1129 2536 1187 Maria
2580 1132 2636 1186 in
2674 1128 2903 1186 Sanctis
2946 1138 3265 1184 sanctorum
3301 1139 3536 1182 conver-

1953 1226 2207 1292 sabatur,
2241 1232 2295 1280 et
2324 1239 2437 1295 quo
2469 1223 2618 1278 omni
2655 1221 2882 1293 iustitia
2917 1221 3288 1293 (eaeterarum
3320 1227 3540 1275 creatu-

1951 1334 2140 1374 rarum
2168 1319 2186 1389 )
2219 1316 2518 1374 sublimior
2553 1324 2780 1372 ostensa
2808 1323 2915 1372 est.

2023 1411 2069 1468 0
2095 1409 2411 1468 Judaeorum
2447 1409 2744 1466 duritiem!
2781 1407 2824 1463 0
2854 1408 3178 1464 earumdem
3211 1409 3537 1465 amentiam!

1955 1503 2062 1560 Sed
2089 1519 2122 1559 ο
2155 1503 2543 1558 haereticorum
2577 1516 2797 1572 quoque
2831 1499 3274 1570 blasphemiam!
3313 1501 3356 1557 Ο
3390 1501 3542 1572 ipso-

1955 1612 2077 1652 rum
2119 1610 2340 1667 quoque
2387 1595 2555 1650 corda
2585 1594 2888 1649 obcaecatal
2926 1591 3141 1664 Quippe
3174 1592 3268 1663 qui
3305 1600 3542 1649 conten-

1953 1689 2108 1745 tione
2143 1699 2198 1743 et
2248 1689 2603 1743 aemulatione
2657 1686 3055 1758 impingentes,
3101 1696 3364 1757 tanquam
3397 1692 3542 1740 testa

1956 1782 2011 1835 in
2046 1781 2306 1847 lebetem,
2356 1781 2491 1834 nihil
2539 1780 2750 1834 distant
2781 1794 2812 1834 a
2841 1777 3160 1834 Judaaorum
3191 1777 3539 1850 pervicacia.

1955 1871 2066 1941 ipsi
2093 1871 2241 1925 enim
2273 1870 2644 1934 colliduntur,
2676 1877 2731 1923 et
2758 1870 2864 1940 ipsi
2896 1877 3288 1926 conteruntur.
3317 1870 3404 1925 An
3431 1885 3539 1925 non

1954 1971 2114 2020 erant
2171 1979 2240 2018 ex
2291 1962 2402 2018 illis
2434 1963 2762 2034 prophetae?
2812 1961 2991 2017 Etiam
3022 1978 3176 2017 nunc
3205 1961 3544 2018 conﬁtentur

1954 2055 2233 2128 (Judaei),
2285 2057 2582 2126 prophetas
2625 2071 2693 2112 ex
2733 2055 2986 2126 ipsorum
3046 2063 3200 2118 ortos
3237 2055 3544 2127 propagine

1955 2149 2169 2214 fuisse;
2212 2157 2270 2203 at
2307 2147 2561 2205 oraculis
2595 2139 2791 2204 eorum
2833 2147 3034 2204 cedere
3067 2147 3327 2204 abnuunt
3358 2147 3545 2202 incre-

1954 2242 2094 2296 duli.
2137 2239 2507 2308 Quandonam
2559 2241 2731 2311 igitur
2781 2255 2882 2310 per
2924 2239 3175 2294 omnium
3211 2237 3545 2310 generatio-

1957 2352 2088 2390 nnm
2130 2335 2432 2390 decursum
2461 2334 2717 2389 viderunt
2747 2332 3048 2404 puellulam
3083 2334 3135 2387 in
3166 2331 3385 2388 Sanctis
3409 2347 3544 2387 san-

1955 2436 2171 2482 ctorum
2214 2427 2586 2482 innutritam?
2621 2426 2708 2481 vel
2746 2441 2976 2491 rursus,
3018 2425 3244 2482 ubinam
3282 2423 3545 2480 viderunt

1956 2519 2228 2588 virginem
2262 2525 2388 2588 post
2420 2516 2689 2586 partum?
2724 2513 2942 2580 Nonne,
2977 2531 3105 2571 eum
3141 2515 3411 2572 Dominus
3445 2515 3544 2570 de-

1956 2611 2204 2666 claratus
2252 2620 2338 2665 est
2391 2624 2646 2666 summus
2704 2609 3008 2672 sacerdos.
3058 2608 3304 2678 propriis
3365 2606 3545 2661 mani-

1959 2704 2063 2760 bus
2115 2720 2182 2759 ex
2254 2702 2391 2774 ipsis
2446 2701 2672 2774 quidam
2737 2702 3046 2758 scribentes
3101 2699 3342 2757 confessi
3411 2707 3546 2756 sunt

1959 2805 2212 2854 sanctam
2251 2794 2482 2849 Mariam
2515 2792 2694 2850 tuisse
2720 2792 3040 2863 virginem?
3070 2792 3209 2847 Cum
3244 2792 3392 2846 enim
3425 2791 3547 2861 qui-

1959 2885 2088 2942 dam
2140 2898 2227 2940 εχ·
2281 2884 2419 2956 ipsis
2486 2883 2781 2940 Dominum
2845 2883 3211 2940 decernerent
3265 2898 3545 2940 sunmqu

1960 2979 2304 3035 sacerdotem
2361 2978 2462 3046 (ut
2509 2977 2841 3047 impleretur
2891 2991 3078 3032 sermo
3146 2976 3241 3044 qui
3299 2977 3547 3045 scriptus

1959 3080 2090 3130 est:
2135 3071 2216 3126 Ta
2247 3087 2301 3126 es
2349 3075 2604 3124 sacerdos
2645 3070 2700 3124 in
2735 3078 2994 3123 internum
3049 3067 3342 3123 secundum
3400 3051 3551 3122 ordi-

1961 3181 2078 3220 nem
2108 3163 2498 3220 Melchisedech
2530 3162 2644 3232 (48)
2679 3161 2722 3232 ),
2753 3172 3051 3232 propterea
3093 3161 3241 3230 quod
3278 3161 3396 3230 ipse
3419 3175 3547 3229 pro-

1964 3257 2176 3326 ﬁciebat
2229 3255 2496 3325 sapientia
2557 3270 2739 3308 coram
2793 3252 2900 3307 Deo
2953 3262 3004 3306 et
3061 3250 3360 3306 hominibus
3410 3251 3454 3314 ³,
3493 3259 3548 3305 et

1963 3348 2135 3410 Maria
2192 3354 2384 3403 sancta
2443 3346 2540 3412 Dei
2587 3344 2763 3400 Mater
2809 3351 2932 3400 erat
2983 3358 3051 3398 ex
3099 3343 3274 3411 stirpe
3311 3341 3464 3411 regia
3490 3348 3546 3396 et

1962 3439 2324 3504 sacerdotali,
2376 3437 2614 3507 proinde
2666 3435 2976 3492 secundum
3035 3449 3245 3488 morem
3295 3433 3434 3502 ipsis
3463 3431 3548 3486 fa-

1965 3532 2211 3587 ciebant.
2262 3529 2502 3586 Proinde
2543 3529 2860 3585 astantibus
2893 3527 3280 3583 sacerdotibus
3312 3525 3549 3580 interro-

1963 3629 2236 3695 gaverunt
2300 3629 2517 3692 patrem
2569 3629 2624 3676 et
2670 3631 2942 3685 matrem,
2983 3627 3038 3673 et
3078 3619 3428 3688 scripserunt
3454 3631 3550 3671 eo-

1965 3729 2088 3768 rnm
2141 3714 2370 3768 nomina
2417 3713 2471 3768 in
2523 3727 2695 3768 censu
2746 3700 3079 3775 sacerdotii;
3130 3722 3187 3764 et
3237 3710 3549 3778 interroga-

1967 3818 2099 3863 runt
2130 3817 2379 3863 sanctam
2429 3804 2526 3861 Dei
2579 3804 2814 3860 Matrem
2867 3803 3158 3858 dicentes:
3195 3801 3368 3857 Estne
3403 3801 3552 3859 Illius

1968 3910 2098 3956 tuus
2130 3897 2335 3954 Jesus?
2385 3896 2560 3952 Maria
2622 3910 2755 3952 vero
2816 3894 3144 3966 respondit:
3183 3891 3408 3963 Utique.
3442 3892 3553 3961 Ipsi

1967 4001 2146 4047 autem
2213 3988 2584 4046 addiderunt:
2645 3987 2985 4057 Ecquisnam
3043 3992 3128 4040 est
3186 3993 3344 4055 pater
3392 3982 3557 4052 ejus?

1966 4082 2283 4152 Respondit
2331 4081 2635 4151 purissima
2660 4097 2672 4132 :
2702 4078 2760 4132 In
2797 4087 2945 4133 terra
2983 4075 3210 4146 quidem
3250 4079 3360 4128 non‘
3388 4074 3557 4129 habet

1970 4182 2218 4246 patrem;
2277 4189 2380 4243 ego
2425 4171 2606 4242 ipsum
2662 4169 2828 4240 genui
2902 4178 2962 4222 ut
2989 4168 3144 4221 novit
3205 4166 3346 4236 ipse.
3410 4165 3555 4222 Deus

1970 4265 2115 4320 enim
2147 4274 2232 4318 est
2285 4271 2438 4331 pater
2491 4261 2632 4330 ejus.
2674 4259 2756 4314 Illi
2791 4273 2922 4314 vero
2971 4257 3289 4312 dixerunt:
3325 4255 3554 4312 Scribe-

1970 4371 2168 4414 musne
2236 4355 2288 4410 in
2349 4353 2580 4409 elencho
2627 4350 2860 4416 codicis,
2922 4348 3070 4420 quod
3124 4350 3242 4420 ipse
3277 4348 3351 4404 sit
3404 4348 3556 4403 ﬁlius

1971 4449 2110 4504 Dei?
2143 4451 2324 4518 Atque
2378 4448 2498 4516 ipsa
2563 4445 2852 4516 reposuit:
2908 4442 3048 4514 (Sic)
3105 4431 3354 4498 scribite.
3383 4439 3450 4494 Et
3472 4440 3555 4496 sic

282 4531 380 4584 τοῦ
430 4531 766 4602 ὑποστρέψαι
804 4531 896 4586 τὸν
933 4533 1138 4601 Κύριον
1179 4535 1242 4586 ἐκ
1287 4533 1386 4604 τῆς
1418 4536 1650 4606 ἐρήμου,
1682 4533 1860 4607 ἦλθεν

1974 4543 2288 4596 retulerunt
2341 4540 2395 4594 in
2453 4538 2700 4594 codicem
2735 4556 2747 4591 :
2799 4535 2963 4592 Jesus
2997 4535 3146 4590 ﬁlius
3196 4533 3288 4589 Dei
3319 4542 3374 4588 et
3407 4533 3554 4588 ﬁlius

283 4628 373 4692 εἰς
394 4621 674 4693 Ναζαρὲτ,
696 4619 769 4680 οὗ
787 4621 866 4695 ἦν
883 4625 1403 4696 ἀνατεθραμμένος
1425 4645 1438 4659 ·
1462 4629 1558 4682 καί
1583 4632 1860 4701 εἰσῆλθεν

1973 4634 2183 4697 Mariae,
2211 4632 2472 4704 suffragio
2503 4648 2535 4688 e
2572 4631 2733 4686 curiis
2781 4630 2916 4694 lato,
2949 4627 3266 4683 sacerdotio
3294 4625 3556 4697 iungetur

287 4715 442 4771 κατὰ
477 4716 545 4770 τὸ
571 4717 778 4784 εἰωθὸς
799 4715 874 4786 τῇ
913 4717 1104 4786 ἡμέρῃ
1125 4719 1232 4773 τοῦ
1271 4720 1578 4775 Σαϐϐάτου
1623 4725 1713 4789 είς
1754 4723 1860 4791 τὴν

1975 4728 2030 4782 in
2073 4735 2366 4782 aeternum.
2418 4723 2488 4778 Et
2550 4723 2698 4780 sicut
2758 4720 3014 4791 superius
3055 4718 3556 4780 declaratnm'est,

285 4807 674 4880 συναγωγὴν,
697 4809 798 4863 καί
835 4808 1062 4876 ἀνέστη
1108 4809 1449 4880 ἀναγνῶναι
1480 4813 1576 4867 καὶ
1607 4814 1860 4886 ἐπεδόθη

1977 4820 2399 4890 implementum
2427 4816 2646 4886 accepit
2679 4813 2976 4883 Scriptura
3000 4811 3264 4880 inquiens
3297 4827 3310 4862 :
3350 4808 3429 4862 Tu
3459 4806 3556 4876 (es)

285 4901 451 4968 αὐτῷ
464 4902 714 4967 βιϐλίον
749 4902 991 4957 Ἡσαΐου
1005 4900 1112 4954 τοῦ
1134 4901 1471 4973 προφήτου,
1497 4906 1594 4960 καί
1617 4907 1860 4977 ἀνοίξας

1976 4913 2224 4970 sacerdos
2255 4913 2311 4968 in
2340 4921 2601 4968 internum
2645 4905 2936 4964 secundum
2986 4903 3227 4960 ordinem
3277 4899 3558 4956 Melchise-

361 5050 386 5079 '
418 5040 556 5098 Dan.
598 5056 692 5108 vn,
725 5039 814 5097 IO.
896 5041 914 5077 ί
953 5037 1087 5093 Luc.
1123 5053 1182 5103 Il,
1219 5037 1307 5091 5‘2.

1605 5129 1840 5187 VARUE
1882 5134 2289 5192 LECTIONES.

1376 5225 1397 5299 ἒ
1420 5223 1576 5299 _(Iaas.
1611 5222 1674 5277 A.
1707 5223 1858 5299 addit
1883 5228 1991 5281 τῶν
2018 5226 2419 5299 ἀρχαγγέλωνη
2477 5223 2693 5299 ’,ἰξθνὶλ
2742 5221 3096 5299 πορἐἒεωςο
3124 5221 3261 5299 Caes:
3290 5219 3356 5299 At
3407 5221 3563 5299 mé'

364 5244 387 5273 ⁷
425 5244 566 5287 U333.
607 5244 672 5286 Α.
705 5244 853 5284 aaan
888 5245 1000 5280 των
1029 5244 1300 5295 αγγελων.
1376 5244 1397 5254 "
1437 5244 1576 5277 Lais.
1611 5244 1674 5277 ﬂ.
1707 5244 1858 5279 auutt
1883 5245 1991 5281 των
2018 5244 2201 5299 αρχαγ
2243 5244 2401 5280 εΛων.
2479 5244 2498 5257 ν
2525 5244 2693 5278 nam.
2742 5244 3096 5295 ποροωσεως,
3124 5244 3261 5277 ws.
3290 5244 3355 5272 η.
3407 5244 3562 5290 πωρ-

295 5302 538 5375 ῥὼσεως.
563 5371 574 5375 _
617 5300 660 5332 ⁸⁸
698 5299 950 5375 8³1⁵1).ᾂῂ
966 5298 1066 5351 ούκ
1096 5295 1281 5375 εἷσανζ
1349 5295 1387 5326 ¹¹
1420 5293 1583 5348 Barb.
1609 5295 1830 5375 “menti.
1857 5299 2038 5375 κόριν.
2120 5300 2163 5329 ¹¹
2203 5244 2361 5375 garb.
2397 5294 2783 5375 6_tto).6ynsav._
2845 5279 2889 5324 ί³
2919 5289 3086 5375 TitnL
3124 5287 3395 5375 particula
3443 5289 3562 5375 ναὶ,

296 5359 413 5427 Itum
453 5359 614 5440 paulo
646 5378 774 5440 post
805 5373 900 5430 καί
927 5366 1359 5440 ἀρχιερατικῆςὲ
1389 5381 1513 5440 Quae
1553 5379 1580 5416 a
1609 5359 2045 5440 Barb.__a_bsunt,
2078 5383 2142 5421 ex
2210 5368 2348 5440 Caes.
2535 5359 2881 5440 supplentur.
2907 5434 2920 5440 _
2962 5362 3004 5393 ³⁵
3045 5359 3181 5440 Tum
3229 5359 3395 5440 Bari).
3448 5369 3564 5440 tutu

295 5429 890 5508 Czes.'A.—i,6iopévov.
968 5429 1198 5494 ill"Barb.
1232 5429 1287 5492 et
1320 5429 1459 5508 Caais.
1487 5436 1552 5488 A.
1577 5434 1716 5508 16y._
1768 5437 1812 5467 ¹⁶
1845 5437 2106 5508 Mendose
2137 5436 2376 5496 codices.
2427 5429 2842 5508 Baro—quidem
2874 5429 3283 5508 Δέπερῴτησαγ.
3315 5429 3457 5508 βαι-ξ.

296 5497 430 5568 ναι-ο
492 5497 846 5582 ἐπιρώτὶσαν.
948 5510 990 5540 "
1022 5508 1160 5564 (Ζευς.
1206 5506 1504 5582 Απαναγίαν.
1610 5505 1653 5537 ’⁸
1679 5505 1978 5582 Cumﬂ‘aes.
2004 5509 2068 5562 A.
2108 5508 2245 5582 υἱόν,
2270 5520 2402 5582 tiam
2426 5505 2601 5582 Barb.‘
2625 5497 2806 5558 Iheud.
2835 5497 3021 5582 υιίῶνξ
3046 5501 3112 5582 ι¹⁹
3143 5497 3363 5582 podicis
3388 5498 3562 5582 _Barb.

297 5582 522 5638 lectioni
577 5569 803 5640 adhaesi,
848 5594 1163 5650 quanquam
1203 5569 1478 5650 incertum
1512 5590 1640 5630 num
1690 5577 2020 5648 ἰερεύσεται,
2054 5593 2122 5632 an
2166 5569 2450 5645 ἱερὼσεται
2483 5574 2554 5628 ibi
2591 5577 2821 5642 legatur.
2855 5573 2993 5629 Caes.
3032 5572 3098 5628 A.
3145 5571 3350 5630 habet:
3388 5569 3566 5642 ἱερεὺς

297 5657 379 5718 εἰς
407 5653 498 5708 τὸν
524 5651 694 5705 αἰῶνα
719 5648 892 5714 ἐσται,
914 5648 1162 5706 sacerdos
1194 5649 1295 5702 erit
1325 5649 1380 5701 in
1411 5658 1685 5702 azternum.

364 5239 387 5273 ν
425 5229 566 5287 Caes.
607 5229 672 5286 A.
705 5227 853 5284 addit
888 5228 1000 5280 τῶν
1029 5227 1300 5295 ἀγγέλων.

1853 5760 2086 5818 ΝΟΤλΕ.

1853 5764 1896 5818 Ν
1951 5764 2086 5817 ΤλΕ.

375 5864 490 5935 (48)
531 5863 677 5920 Psal.
716 5878 828 5928 crx,
855 5865 929 5930 AI;
986 5878 1016 5918 a
1072 5861 1264 5918 Graeco
1315 5867 1472 5917 textu
1531 5859 1689 5916 abest
1725 5764 2200 5916 verb.(tiubstant.
2226 5850 2530 5912 secundum
2548 5850 2710 5909 LXX.
