4130 6398
524 774 527 775 ⁷
601 756 888 812 secundum
933 753 1367 811 consuetudinem
1419 768 1573 805 suam
1606 750 1689 803 die
1725 747 1949 803 Sabbati
1983 746 2039 797 in
2073 757 2193 813 syn-

604 452 735 519 1431
1824 442 2147 503 JOANNIS
2181 439 2633 499 EUBlEENSIS
3744 440 3872 503 ηιξ

599 571 729 627 dech
756 582 804 624 υ.
853 568 916 623 Et
956 583 1091 623 sane
1129 583 1253 622 eum
1288 566 1551 621 Dominus
1584 561 1842 619 rediisset
1881 576 1911 617 e
1947 561 2190 620 deserto,

2303 556 2363 609 τὸ
2383 556 2633 621 βιϐλίον
2660 552 2841 625 εὗρεν
2870 557 2979 611 τὸν
3015 560 3206 613 τόπον
3229 554 3303 615 οὗ
3334 555 3411 629 ἦι-
3445 560 3879 628 γεγραμμένον

601 667 739 720 venit
772 666 827 717 in
866 660 1161 722 Nazareth,
1207 659 1297 713 ubi
1352 658 1528 728 fuerat
1582 657 1842 719 nutritus,
1877 662 1925 706 et
1968 651 2187 705 intravit

2303 645 2542 715 Πνεῦμα
2563 647 2782 714 Κυρίου
2813 646 2909 699 ἐπ’
2930 646 3054 716 ἐμὲ,
3076 642 3149 703 οὗ
3172 649 3407 702 εἵνεκεν
3435 648 3690 716 ἔχρισέν
3712 649 3758 677 ’⁸
3791 665 3880 715 με.

2300 740 2411 794 Καὶ
2433 739 2502 793 τά
2529 741 2675 810 ἑξῆς.

604 865 868 918 agogam,
941 857 988 900 et
1060 845 1296 901 surrexit
1354 843 1545 914 legere.
1612 840 1678 895 Et
1733 840 1964 893 traditus
2016 844 2093 889 est
2134 832 2217 886 illi
2254 831 2387 885 liber
2412 832 2571 887 Isaia:
2612 833 2897 903 prophetw,
2960 842 3008 888 et
3062 843 3119 886 ut
3151 834 3367 888 revolvit
3403 834 3626 899 t'ibrum,
3694 836 3886 887 invenit

605 943 778 1003 locum
837 942 925 994 ubi
982 941 1243 1008 scriptum
1289 948 1454 993 erat:
1512 937 1751 1007 Spiritus
1812 933 2022 987 Domini
2062 944 2222 997 super
2248 943 2351 991 me,
2384 938 2603 997 propter
2626 928 2768 998 quod
2822 926 2978 980 unxit
3028 941 3111 980 me
3133 934 3181 981 '.
3216 924 3283 979 Et
3317 933 3543 981 caetera.

674 1036 775 1090 Hic
804 1036 991 1105 itaque
1020 1036 1161 1089 liher
1194 1033 1341 1105 apud
1374 1033 1528 1104 ipsos
1557 1038 1878 1088 asservatur
1916 1040 2097 1095 usque
2126 1023 2193 1076 ad

604 1128 930 1183 hodiernam
989 1126 1175 1192 diem;
1232 1134 1289 1181 et
1346 1125 1399 1179 in
1449 1123 1699 1179 secundo
1752 1121 1878 1191 ejus
1911 1118 2191 1181 adventu,

605 1218 753 1277 idem
814 1218 951 1273 liber
1008 1217 1227 1288 legetur
1290 1215 1357 1269 ad
1400 1214 1717 1270 Judaaorum
1780 1210 2191 1266 confusionem.

605 1311 825 1367 Etenim
885 1325 1066 1379 neque
1106 1310 1413 1379 prephetis
1452 1308 1553 1375 ipsi
1590 1303 1976 1366 crediderunt,
2014 1314 2195 1370 neque

606 1403 787 1475 ipsum
824 1400 1119 1455 Dominum
1158 1400 1491 1463 audierunt;
1531 1411 1729 1449 verum
1756 1410 1822 1450 ex
1853 1393 1993 1464 ipsis
2037 1390 2192 1446 Scri-

605 1495 792 1566 pturis
821 1494 1179 1549 sacerdotum
1215 1506 1442 1547 suorum
1476 1504 1643 1543 manu
1690 1486 1940 1543 exaratis
1966 1484 2198 1540 conviuv

609 1598 830 1646 centur.
885 1586 992 1657 Ipsi
1045 1586 1192 1640 enim
1239 1594 1504 1654 perpetuo
1552 1591 1608 1636 et
1640 1581 1975 1650 decipientes
2017 1587 2072 1633 et
2097 1577 2196 1632 de—

608 1681 777 1750 cepti,
804 1679 1094 1734 veritatem
1129 1674 1353 1746 quidem
1384 1675 1731 1745 proclamant
1770 1686 1897 1727 esse
1927 1685 2195 1737 errorem;

2379 1023 2436 1076 Ὀ
2471 1023 2636 1094 τόμος
2666 1016 2761 1075 οὖν
2785 1013 2942 1083 οὗτος
2969 1021 3086 1073 ἐστὶ
3114 1020 3536 1092 πεφυλαγμένος
3558 1020 3691 1090 παρ’
3711 1020 3888 1080 αὐτοῖς

2297 1113 2463 1186 μέχρι
2494 1116 2593 1184 τῆς
2626 1116 2867 1185 σήμερον
2889 1129 2904 1144 ·
2938 1113 3034 1166 καὶ
3064 1112 3227 1176 αὐτὸς
3267 1114 3326 1167 ὲν
3354 1114 3419 1181 τῇ
3447 1111 3684 1182 δευτέρᾳ
3726 1109 3887 1162 αὑτοῦ

2294 1204 2574 1277 παρουσίᾳ
2601 1206 2631 1257 6
2676 1205 2843 1274 τόμος
2886 1202 3373 1273 ἀναγνωσθήσεται
3414 1202 3494 1264 εἰς
3530 1200 3757 1269 ἔλεγχον
3787 1199 3890 1251 τῶν

2306 1298 2597 1353 Ἰουδαίων.
2620 1298 2905 1371 Προφῆται
2925 1296 3035 1366 γὰρ
3051 1296 3248 1359 αὐτοὺς
3261 1296 3362 1348 ούκ
3378 1294 3629 1357 ἔπεισαν,
3648 1294 3770 1346 οὐδὲ
3796 1294 3891 1346 σύν

2295 1393 2389 1447 τοῦ
2405 1392 2500 1446 τοῦ
2520 1392 2728 1464 Κυρίου
2753 1391 3072 1459 ὑπήκουσαν
3089 1406 3105 1422 ·
3124 1387 3313 1455 ἀλλ’ὲξ
3331 1387 3512 1441 αὐτῶν
3530 1387 3641 1440 τῶν
3661 1386 3893 1458 Γραφῶν

2294 1486 2405 1540 τῶν
2451 1485 2773 1557 γραφέντων
2804 1483 2908 1536 ὑπὸ
2952 1481 3063 1536 τῶν
3104 1480 3304 1553 χειρῶν
3335 1480 3447 1535 τῶν
3488 1480 3688 1553 ἱερέων
3717 1480 3894 1533 αὐτῶν

2297 1576 2744 1647 ἐλεγχθήσονται.
2768 1573 2932 1627 Αὐτοὶ
2958 1570 3068 1644 γὰρ
3087 1572 3174 1624 ἀεὶ
3206 1571 3526 1633 πλανῶντες
3551 1573 3649 1623 καὶ
3674 1568 3895 1622 πλανώ-

2303 1686 2453 1741 μενοι
2477 1669 2575 1740 τὴν
2611 1667 2711 1738 μὲν
2735 1664 2994 1738 ἀλήθειαν
3026 1664 3226 1717 πλάνον
3250 1662 3483 1735 ἔκραζον
3514 1658 3679 1727 εἶναι,
3710 1662 3804 1714 τὸν
3839 1661 3895 1715 δὲ

608 1748 856 1830 errorem
896 1778 1082 1824 autem
1134 1769 1331 1839 (quasi
1376 1768 1702 1838 veritatem)
1756 1767 2192 1838 amplectuntur,

2303 1762 2500 1815 πλάνον
2514 1758 2932 1832 ἀπεκδὲχονται,
2954 1755 3074 1828 μεθ’
3090 1748 3150 1809 οὗ
3169 1755 3264 1808 καὶ
3284 1754 3688 1809 ἀπελεύσονται
3711 1756 3792 1815 εἰς
3810 1753 3896 1805 κό-

609 1878 736 1919 cum
786 1876 898 1932 quo
954 1860 1127 1917 etiam
1170 1862 1224 1915 in
1264 1860 1605 1932 supplicium
1662 1860 2069 1929 sempiternum
2101 1855 2195 1908 ab-

2303 1855 2456 1908 λασιν
2509 1854 2748 1907 αἰώνιον.
2783 1848 2951 1905 Εἶπεν
2999 1849 3109 1923 γὰρ
3160 1847 3300 1919 πρὸς
3342 1846 3543 1909 αὐτοὺς
3588 1848 3615 1899 6
3651 1844 3894 1915 Κύριος·

608 1955 787 2015 ibunt.
830 1952 914 2007 Ad
965 1968 1063 2008 eos
1112 1968 1355 2022 namque
1387 1950 1527 2006 dixit
1574 1951 1884 2005 Dominus:
1937 1947 2049 2019 Ego
2082 1948 2195 2001 veni

2310 1944 2458 2017 Ἐγὼ
2492 1945 2767 2014 ἐλήλυθα
2785 1944 2829 1975 ⁸³
2856 1944 2926 1997 ἐν
2949 1940 3031 2007 τῷ
3056 1942 3302 2012 ὀνόματι
3343 1938 3450 1993 τοῦ
3486 1939 3729 2006 Πατρός
3752 1954 3892 2006 μου.

607 2046 665 2109 in
699 2045 910 2100 nomine
955 2044 1134 2099 Patris
1186 2046 1311 2109 mei,
1342 2054 1391 2098 et
1442 2060 1545 2097 non
1582 2044 1827 2120 recipitis
1854 2057 1967 2105 me;
2002 2042 2049 2096 si
2080 2057 2195 2094 vero

2303 2039 2398 2094 καὶ
2434 2040 2507 2093 οὐ
2532 2036 2873 2108 λαμϐάνετέ
2899 2052 2997 2107 με,
3039 2035 3149 2088 ἐὰν
3186 2032 3256 2088 δὲ
3285 2035 3435 2100 ἔλθῃ
3479 2032 3676 2098 ἄλλος
3717 2032 3791 2085 ἐν
3820 2029 3895 2097 τῷ

608 2138 747 2196 alius
786 2137 984 2192 venerit
1017 2137 1072 2191 in
1106 2136 1317 2191 nomine
1355 2151 1475 2203 suo,
1507 2136 1666 2189 illum
1701 2134 1968 2203 recipietis
2004 2141 2054 2186 ι.

2303 2131 2546 2199 ὀνόματι
2576 2127 2659 2195 τῷ
2691 2128 2840 2195 ἰδίῳ,
2871 2125 3112 2181 ἐκεῖνον
3135 2125 3497 2194 λήψεσθε¹¹.

679 2228 827 2285 XIX.
866 2229 975 2285 Sed
1012 2245 1246 2300 repones
1298 2229 1470 2293 mihi,
1524 2244 1558 2283 ο
1607 2226 1795 2282 .lndzee
1837 2243 1851 2279 :
1909 2222 2195 2291 Quomodo

2369 2221 2471 2275 ιε’.
2502 2219 2646 2274 Ἀλλ’
2670 2220 2817 2291 ἐρεῖς
2846 2236 2960 2289 μοι,
3001 2210 3047 2270 ὧ
3074 2216 3319 2282 Ἰουδαῖε,
3354 2214 3473 2277 πῶς
3492 2214 3611 2275 υἱὸς
3632 2212 3731 2266 τοῦ
3760 2212 3894 2264 Θεοῦ

609 2320 777 2377 homo
798 2328 884 2376 est
915 2320 1059 2375 [ilius
1093 2320 1206 2381 Dei.
1237 2328 1292 2375 et
1314 2319 1502 2374 Deus?
1529 2318 1695 2373 Audi.
1726 2316 2195 2386 Quandoquidem

2303 2316 2392 2369 καὶ
2419 2314 2553 2378 Θεὸς
2576 2312 2865 2386 ἄνθρωπός
2889 2312 3074 2376 ὲστινς
3114 2311 3407 2363 Ἄκουσον.
3447 2307 3745 2375 Ἐπειδήπε
3757 2306 3897 2377 ρ,τῦν

610 2410 759 2469 Deus
804 2412 1086 2467 hominem
1144 2412 1355 2467 creavit
1390 2411 1457 2467 ad
1510 2412 1812 2481 imaginem
1844 2418 1899 2466 et
1929 2410 2195 2465 similitu-

2303 2407 2589 2479 ἄνθρωπον
2640 2406 2669 2459 6
2721 2405 2855 2468 Θεὸς
2898 2402 3134 2457 ἔπλασεν
3186 2402 3307 2457 κατ’
3354 2400 3542 2455 εἰκόνα
3584 2398 3755 2454 αὑτοῦ
3804 2400 3896 2452 καὶ

610 2501 799 2556 dinem
857 2516 1039 2570 suam,
1097 2501 1247 2555 hunc
1305 2501 1563 2557 diabolus
1617 2502 1812 2557 fraude
1867 2501 2195 2556 subvertens

2303 2501 2585 2571 ὁμοίωσιν,
2622 2497 2816 2552 τοῦτον
2858 2497 2999 2567 δόλῳ
3045 2495 3481 2566 τροπωσάμενος
3504 2493 3549 2524 ³³
3578 2495 3606 2546 6
3649 2492 3896 2555 διάϐολος

609 2591 778 2650 morti
815 2592 1085 2661 subjecit.
1144 2590 1451 2662 Propterea
1492 2594 1675 2663 primo
1713 2592 1937 2665 quidem
1978 2589 2195 2661 (Deus)

2303 2595 2517 2664 θανάτῳ
2552 2592 2819 2663 ὑπέθηκε.
2852 2591 3060 2645 Τούτου
3086 2590 3277 2642 ἕνεκεν
3307 2586 3526 2660 πρῶτον
3560 2586 3664 2657 μὲν
3693 2588 3895 2655 προεξή-

610 2684 767 2743 misit
805 2684 1107 2754 prophetas
1130 2723 1145 2749 ,
1200 2684 1296 2755 qui
1340 2683 1637 2739 adventum
1668 2699 1830 2741 suum
1860 2684 2195 2756 praenuntia-

2303 2705 2398 2750 τας
2441 2684 2764 2740 ἀπέστειλεν
2799 2682 3287 2754 προκηρύττοντας
3317 2679 3418 2750 τὴν
3462 2678 3633 2732 αὑτοῦ
3686 2694 3892 2747 παρου-

610 2787 755 2834 )‘ent.
792 2776 895 2832 Ubi
929 2787 1119 2832 autem
1163 2778 1317 2831 venit
1352 2778 1642 2846 plenitudo
1675 2786 2009 2847 temporum,
2046 2776 2195 2830 misit

2304 2781 2446 2833 σὶαν.
2505 2780 2615 2834 Καὶ
2674 2779 2763 2832 ὅτε
2818 2773 2983 2849 ἦλθεν
3038 2775 3100 2828 τὸ
3159 2774 3435 2846 πλήρωμα
3490 2772 3601 2825 τῶν
3657 2772 3890 2842 καιρῶν,

609 2868 960 2939 unigenitum
989 2885 1055 2924 ac
1074 2868 1341 2924 dilectum
1375 2868 1573 2924 Filium
1608 2885 1768 2924 suum
1794 2909 1810 2934 ,
1843 2869 1940 2940 qui
1974 2884 2195 2924 carnem

2303 2874 2591 2932 ἀπέστειλε
2622 2873 2717 2927 τὸν
2756 2872 2871 2926 υἱὸν
2913 2868 3081 2925 αὑτοῦ
3129 2869 3224 2924 τὸν
3273 2867 3560 2937 Μονογενῆ
3614 2867 3713 2919 καὶ
3760 2868 3891 2933 ἀγα.

608 2960 805 3025 λααωῑ
840 2961 1054 3027 induit,
1089 2969 1150 3015 ut
1189 2977 1315 3017 eum
1357 2961 1452 3032 qui
1510 2977 1609 3033 per
1638 2962 1982 3016 voluntatem
2011 2961 2195 3015 carnis

2304 2966 2505 3037 πητόνο
2539 2968 2636 3020 καὶ
2682 2962 3042 3037 περιεϐάλετο
3082 2962 3183 3032 τὴν
3221 2961 3404 3031 σάρκα
3432 2958 3532 3031 τὴν
3567 2958 3665 3012 τοῦ
3702 2958 3890 3027 ’Δδάμ,

609 3052 667 3111 in
736 3054 1091 3125 tyrannidem
1160 3068 1317 3108 suam
1395 3040 1683 3124 redegerat
1742 3062 2046 3116 naturam,
2103 3069 2195 3123 per

2305 3059 2391 3113 ἵνα
2428 3060 2517 3113 διὰ
2554 3060 2652 3129 τῆς
2685 3058 2888 3128 σαρκὸς
2928 3055 3284 3127 τροπὼσηται
3306 3053 3351 3084 ⁸⁸
3377 3053 3472 3106 τὸν
3502 3051 3603 3123 τὴν
3631 3050 3798 3118 φύσιν
3829 3053 3892 3119 τῇ

612 3161 839 3201 carnem
872 3153 1172 3211 everteret,
1197 3154 1252 3201 et
1274 3144 1555 3200 diabolum
1589 3145 1835 3200 hominis
1870 3145 2195 3202 interfecto-

2306 3152 2525 3223 θελήσει
2544 3121 2646 3221 τῆς
2672 3121 2876 3221 σαρκὸς
2899 3121 3339 3220 τυραννήσαντα,
3383 3144 3481 3199 καλ⁸
3520 3121 3779 3215 νεκρώσῃ
3808 3144 3895 3196 τὸν

612 3253 728 3303 rem
768 3237 1131 3293 interficeret.

684 3329 1159 3397 Quemadmodum
1188 3332 1335 3385 enim
1372 3345 1465 3386 rex
1502 3338 1795 3401 postquam
1829 3331 1884 3385 in
1913 3332 2194 3402 regionem

613 3423 930 3496 quampiam
986 3423 1072 3478 vel
1125 3424 1316 3477 urbem
1367 3423 2083 3493 expeditionemjusserit,
2119 3426 2198 3478 si-

612 3517 837 3589 quidem
871 3517 949 3570 illi
995 3517 1089 3586 qui
1131 3517 1289 3573 missi
1323 3526 1453 3572 sunt
1475 3556 1489 3581 ,
1520 3517 1740 3572 hostem
1775 3517 2053 3572 debellare
2087 3532 2196 3571 non

614 3610 919 3682 potuerint,
979 3618 1113 3665 tunc
1164 3610 1304 3679 'ipse
1364 3610 1561 3664 habitu
1616 3610 1980 3665 incolentium
2046 3610 2197 3664 illam

612 3701 897 3772 regionem
933 3710 1243 3770 assumpto,
1270 3699 1338 3754 ad
1379 3700 1592 3755 hostem
1637 3699 1935 3755 delendum
1973 3701 2199 3769 prolici-

615 3794 810 3855 scitnr,
838 3791 1014 3846 hostis
1053 3808 1183 3847 vero
1205 3793 1333 3846 dum
1372 3793 1501 3847 huic
1533 3807 1756 3862 quoque
1790 3807 1850 3848 se
1884 3794 2197 3863 praevalituo

613 3898 737 3938 rum
775 3882 1049 3954 praefidit,
1105 3884 1161 3938 in
1210 3884 1501 3939 fortiorem
1556 3884 1892 3951 incurrens,
1948 3886 2068 3955 ipse
2099 3902 2196 3939 ca-

614 3976 768 4047 pitur
797 3975 951 4047 (l9):
1003 3975 1087 4031 sic
1127 3991 1362 4049 prorsus
1408 3976 1461 4032 ei
1503 3976 1744 4039 accidit,
1777 3977 1873 4046 qui
1917 3978 2196 4032 cervicem

612 4078 891 4135 erexerat,
948 4084 1118 4139 seque
1169 4069 1224 4123 in
1259 4070 1439 4124 medio
1494 4069 1635 4124 coelo
1670 4068 1873 4125 solium
1918 4084 2081 4123 suum
2122 4070 2200 4122 lo-

614 4176 764 4227 care,
798 4172 968 4232 atque
1001 4178 1173 4234 super
1212 4163 1584 4228 mundanam,
1620 4169 1680 4216 ut
1711 4163 1965 4232 putabat,
1998 4163 2198 4217 condi.

613 4255 821 4315 tionem
848 4255 1138 4310 sublimari
1171 4255 1537 4325 gloriabatur.
1565 4252 1660 4307 Sic
1685 4253 1836 4307 enim
1869 4252 1958 4317 hic
1997 4268 2028 4306 e
2058 4254 2199 4307 ca-lo

613 4347 786 4419 (dein)
844 4348 1033 4419 lapsus
1089 4355 1150 4402 ut
1184 4347 1390 4418 fulgur,
1418 4355 1445 4395 γ
1515 4345 1808 4414 impudens
1852 4345 2037 4415 (tunc)
2082 4346 2198 4400 aie-

611 4440 748 4494 bat:
814 4439 871 4495 Si
928 4441 1037 4495 hoc
1101 4441 1422 4502 obtinuero,
1474 4436 1671 4493 similis
1706 4453 1796 4491 ero
1829 4437 2111 4499 Altissimo
2148 4447 2194 4492 ι.

611 4529 827 4599 Quippe
888 4538 1153 4600 tanquam
1211 4539 1429 4600 potens,
1502 4538 1562 4582 nt
1621 4528 1727 4583 sibi
1788 4528 2107 4592 videbatur,
2139 4543 2198 4585 se

609 4621 810 4675 extulit
858 4622 1260 4691 iactabundus.
1323 4622 1586 4680 Salvator
1648 4621 1836 4691 itaque
1887 4629 1948 4675 ut
2015 4637 2198 4677 entor-

608 4720 738 4784 tuas
793 4713 1047 4768 redderet
1084 4712 1337 4769 exitiales
1391 4714 1515 4781 ejus
1566 4712 1825 4777 fraudes,
1890 4715 2190 4786 ipsumque

2306 3244 2405 3299 ἀνθ
2416 3243 2756 3315 ρωποκτόνον
2780 3241 3054 3296 διάϐολον.

2391 3337 2480 3400 Ὠς
2503 3338 2550 3369 ’⁸
2576 3336 2687 3406 γάρ
2721 3334 2979 3409 βασιλεὺς
3010 3330 3341 3397 ἀποστείλας
3394 3330 3473 3391 εἰς
3507 3327 3719 3399 χώραν,
3754 3326 3787 3395 ἢ
3822 3328 3895 3389 εἰς

2306 3429 2486 3493 πόλιν,
2518 3430 2616 3481 καὶ
2647 3427 2724 3499 μὴ
2757 3425 3097 3496 δυνηθέντων
3134 3424 3243 3477 τῶν
3283 3420 3777 3489 ἀποστελλομένων
3808 3419 3896 3470 τὶν

2306 3522 2502 3595 ἐχθρὸν
2535 3519 2936 3593 χειρώσασθαι,
2994 3518 3157 3580 αὐτὸς
3195 3517 3257 3570 τὸ
3292 3516 3481 3587 σχῆμα
3503 3514 3566 3569 τὸ
3588 3513 3688 3581 τῆς
3715 3511 3896 3582 χώρας

2307 3614 2523 3683 ἐκείνης
2550 3612 2859 3678 ἀναλαϐὼν,
2902 3609 3196 3681 πορεύεται
3236 3610 3451 3663 ἀνελεῖν
3483 3609 3577 3660 τὸν
3607 3606 3834 3677 éyﬁpéw
3866 3607 3894 3657 δ

2306 3706 2365 3761 δὲ
2391 3706 2585 3777 ὲχθρὸς
2611 3704 2929 3778 προσδοκῶν
2958 3704 3042 3758 δτι
3069 3704 3162 3758 καὶ
3186 3701 3379 3761 τούτου
3401 3700 3749 3770 κατισχύσει.
3776 3700 3895 3749 ἐπι-

2306 3798 2533 3871 δραμὼν
2567 3800 2661 3852 ἐπὶ
2684 3799 2774 3852 τὸν
2801 3798 3155 3871 ἰσχυρότερον
3185 3797 3530 3866 ἀλωθήσεται
3552 3810 3567 3825 ·
3598 3794 3776 3856 οὕτως
3804 3791 3897 3849 οὖν

2306 3893 2335 3945 6
2370 3890 2535 3946 πάλαι
2561 3890 2959 3962 τραχηλιάσας,
2998 3890 3095 3943 καὶ
3134 3889 3553 3959 καυχησάμενος
3593 3885 3767 3938 τιθεῖν
3806 3884 3896 3936 τὶν

2308 3983 2495 4054 θρόνον
2517 3983 2620 4036 ἀνά
2651 3983 2817 4054 μέσον
2839 3980 2932 4036 τοῦ
2957 3981 3213 4057 ούρανοῦ,
3246 3979 3687 4049 καταλιμπάνειν
3718 3994 3779 4029 τε
3805 3976 3895 4028 τὸν

2310 4078 2535 4146 κόσμον,
2573 4079 2650 4140 ὡς
2682 4075 2839 4147 ᾣετο.
2884 4076 3074 4140 Οὕτως
3104 4077 3216 4148 γὰρ
3242 4070 3395 4129 εἶπεν
3426 4076 3454 4127 6
3481 4071 3705 4141 ἀναιδὴς
3753 4073 3782 4123 6
3832 4071 3895 4123 ἐκ

2305 4169 2399 4221 τοῦ
2430 4168 2660 4241 ούρανοῦ
2699 4166 2881 4221 πεσὼν
2905 4167 2980 4230 ὼς
3013 4168 3298 4238 ἀστραπὴ,
3339 4168 3422 4223 ὅτι
3461 4164 3624 4217 τοῦτο
3659 4164 3895 4231 ποιήσας

2307 4262 2501 4331 ἔσομαι
2536 4259 2739 4329 ὅμοιος
2785 4256 2867 4323 τῷ
2905 4258 3198 4327 ’Υψίστμ
3259 4258 3625 4327 Ἐνεκαυχᾶτο
3653 4256 3786 4324 γὰρ,
3819 4256 3895 4319 ὡς

2305 4350 2464 4421 ᾤετο,
2490 4349 2564 4411 ὡς
2586 4348 2832 4412 δυνατός.
2862 4349 2982 4403 Ἵνα
3009 4344 3101 4402 οὖν
3130 4348 3302 4419 νεκρά
3329 4348 3480 4424 δείξῃ
3505 4348 3551 4379 ¹⁶
3581 4347 3647 4401 τά
3674 4346 3897 4417 ὀλέθρια

2306 4441 2473 4495 αὑτοῦ
2502 4441 2858 4511 τεχνάσματα
2885 4442 2913 4493 6
2936 4440 3151 4511 Σωτὴρ,
3173 4441 3270 4494 καὶ
3292 4441 3378 4492 ἵνα
3404 4439 3633 4509 δελεάσῃ
3661 4438 3708 4469 ⁸⁷
3732 4438 3896 4489 αὐτὸν

2305 4533 2495 4604 ὥσπερ
2520 4532 2795 4603 δράκοντα
2827 4532 3146 4602 αἱμοϐόρον,
3182 4531 3259 4601 τῷ
3285 4530 3419 4600 εϊκῷ
3442 4530 3753 4598 ἀγκίστρῳ,
3791 4547 3892 4580 κα-

2304 4626 2564 4680 ταϐάλλει
2587 4626 2634 4657 “
2662 4625 2731 4678 τὰ
2753 4624 2863 4696 γὰρ
2893 4624 3062 4677 αὐτοῦ
3093 4625 3468 4694 μηχανήματα
3489 4622 3535 4653 ¹⁹
3566 4622 3600 4691 ὴ
3630 4620 3729 4673 τοῦ
3756 4620 3892 4673 Θεοῦ

2300 4715 2464 4787 βουλὴ
2493 4714 2683 4786 ὥσπερ
2726 4714 2875 4769 ἱστὸν
2911 4715 3158 4785 ἀράχνης
3194 4714 3508 4773 διέσπασεν.

607 4803 760 4855 velut
786 4818 913 4858 esca
950 4803 1220 4867 alliceret,
1264 4810 1529 4872 tanquam
1608 4802 1905 4859 draconem
1975 4808 2267 4875 sanguinis
2306 4815 2656 4878 appetentem
2712 4805 2906 4863 divino
2954 4794 3120 4869 hamo
3189 4812 3417 4885 captum
3472 4804 3694 4875 perimit
3752 4803 3890 4874 (50).

608 4894 689 4950 Ita
726 4894 817 4952 Dei
879 4896 1175 4951 consilium
1233 4897 1682 4950 machinamenta
1737 4898 1889 4953 illius
1916 4908 2183 4970 tanquam
2227 4904 2391 4958 telam
2426 4915 2645 4954 araneae
2687 4897 2999 4967 dissipavit.
3866 4892 3869 4895 6

678 5048 706 5087 ιι
741 5034 891 5095 Psal.
922 5051 1032 5102 cu,
1058 5037 1112 5103 4.
1190 5044 1213 5074 ν
1244 5034 1602 5101 Luc.tv,16,
1636 5036 1723 5099 Π,

677 5222 1019 5310 as‘plenq‘oge
1050 5221 1360 5310 {qr‘nnlialrb
1399 5231 1511 5277 tum
1539 5223 1683 5310 (It-es.
1747 5226 1813 5279 A.
1876 5224 2134 5310 ἔχρησεν.

605 5296 670 5366 Α.
721 5294 1011 5365 λήψεσθαι.
1090 5294 1138 5366 ’ξ
1159 5293 1393 5348 Codices
1448 5295 1633 5348 mentl.
1681 5293 2121 5366 τροποσάμενος.

606 5365 757 5451 ilices
783 5366 1013 5451 ,ἐκδίκως
1065 5365 1196 5451 πίἑ.
1245 5372 1437 5451 ,σχειν
1479 5366 1554 5419 rei
1583 5376 1818 5451 natura,
1850 5378 1925 5451 “et.

608 5452 683 5497 ως
693 5474 706 5487 .

783 5435 827 5506 '_‘
856 5434 1113 5490 Mendose
1136 5433 1512 5506 Barb._6:i€ez,
1555 5438 1692 5506 (Vires.
1728 5437 1793 5490 A.
1846 5433 2016 5506 δείξη.

2238 5225 2280 5257 ¹¹
2325 5224 2488 5280 Barb.
2524 5223 2784 5279 ὲλύλυθσ.

2221 5298 2268 5327 ’⁸
2316 5295 2482 5351 Barb.
2536 5296 2903 5365 τροπόσηται.

1978 5368 2126 5435 quod
2174 5366 2229 5419 in
2274 5374 2541 5421 contextu
2607 5363 2976 5433 consequitur
3020 5363 3197 5426 οὓτως

2095 5437 2139 5466 ⁸⁷
2166 5436 2403 5491 Codices
2452 5436 2637 5491 ntend.
2669 5436 2955 5501 δελεάσας.

1818 5045 1843 5074 ³
1880 5035 2040 5096 Joau.
2065 5056 2117 5105 v,
2150 5039 2242 5093 45.
2306 5048 2335 5087 δ’
2369 5038 2501 5094 Luc.
2531 5055 2584 5105 ι,
2619 5039 2706 5095 18.
2789 5048 2809 5078 ι
2848 5038 2956 5094 lsa.
2986 5053 3094 5102 Juv,
3125 5036 3213 5093 Η.

1860 5130 2089 5186 νΑιιιιΕ
2127 5130 2537 5188 LECTIUNES.

2900 5227 2944 5256 "
2973 5222 3154 5279 Mend.
3198 5232 3311 5276 tum
3369 5220 3534 5283 θυι),
3584 5228 3698 5273 tum
3752 5220 3894 5275 Caes.

3008 5296 3054 5326 ³⁸
3090 5293 3253 5348 Barb.
3293 5291 3515 5361 quidem
3544 5299 3596 5344 et
3622 5290 3762 5344 Caes.
3793 5308 3895 5343 cn-

3239 5364 3525 5433 postnlant
3546 5371 3618 5433 ut
3633 5363 3898 5433 legamus

3032 5436 3077 5467 ’³⁸
3119 5430 3316 5492 Melius
3381 5430 3715 5495 καταϐάλλει
3766 5448 3896 5486 cum

608 5506 751 5569 Caes.
776 5504 867 5569 A.,
890 5522 1055 5577 quam
1092 5503 1393 5560 καταϐαλεῖ
1415 5520 1538 5559 enm
1568 5505 1734 5561 Barb.
1816 5510 1860 5540 "
1891 5503 2053 5563 Barb.
2097 5508 2478 5578 μηχανίματα,

2140 5598 2374 5655 NOTAE.

680 5692 792 5763 (69)
827 5692 964 5749 Caes.
1000 5691 1065 5744 A.
1096 5690 1246 5746 addit
1272 5708 1287 5763 _:
1315 5689 1462 5743 τοῦτ’
1489 5690 1635 5743 ἔστιν
1666 5688 2093 5761 άγρευθήσεται,
2131 5691 2185 5753 id

609 5774 713 5827 est,
743 5761 895 5832 quasi
932 5772 1123 5817 venatu
1164 5761 1426 5828 capietur.

616 5898 619 5901 _
681 5830 792 5905 (50)
830 5834 1011 5889 Placet
1059 5833 1149 5885 hic
1199 5832 1459 5905 nonnulla
1506 5830 1803 5905 decerpere
1848 5847 1920 5905 _ex
1974 5831 2031 5886 S.
2085 5833 2188 5885 So-

610 5898 828 5974 pbi'onii
866 5919 1142 5969 sermone,
1180 5914 1275 5971 per
1301 5898 1359 5953 Ε.
1396 5898 1806 5970 AngelumMai
1838 5900 2024 5958 Graece
2058 5919 2181 5958 cum

2297 5691 2527 5759 antiqua
2575 5689 2839 5745 Bonifacii
2881 5690 3134 5745 versione
3185 5690 3357 5755 edito,
3416 5692 3472 5745 in
3530 5690 3752 5745 laudem
3792 5690 3895 5744 SS.

2298 5761 2421 5832 Cyri
2455 5770 2508 5814 et
2553 5760 2783 5825 Joannis
2822 5779 2832 5812 :
2866 5764 3069 5831 quippe
3096 5777 3218 5830 qua:
3258 5762 3400 5816 hanc
3425 5764 3720 5831 imaginem
3748 5760 3899 5832 lira—

2300 5828 2457 5886 cunis
2480 5834 2642 5884 hattto
2670 5833 2853 5885 allecti
2881 5828 3210 5901 perpulcltre
3240 5832 3521 5887 illustrant
3542 5828 3716 5901 (δρία.
3738 5828 3896 5883 Rom.

2294 5909 2425 5959 tom.
2462 5901 2548 5968 ΙΙΙ,
2585 5919 2705 5973 pag.
2737 5901 2826 5971 59)
2868 5900 3052 5975 ίῚΙδη
3083 5900 3359 5973 σωτηρίαν
3383 5904 3441 5955 ὲν
3475 5904 3628 5975 μέσῳ
3653 5902 3756 5973 τῆς
3791 5901 3897 5969 γῆς
