4130 6426
624 443 764 511 1503

1852 445 2180 512 ΙΟΑΝΝΙΞ
2219 448 2674 516 ΕΗΒίΕΕΝΞΙΒ

3775 446 3906 512 15M

619 559 909 630 τεχθέντος
943 558 1218 623 Βασιλέως
1250 561 1284 630 ἡ
1319 559 1569 631 βασιλεία
1601 560 1755 628 τέλος
1810 563 1912 614 οὐκ
1961 564 2098 633 ἔχει.
2147 556 2217 614 Ὦ
2255 563 2356 633 τῆς
2389 564 2619 627 divom!
2650 562 2695 620 ῶ
2735 561 3040 636 παραδίκου
3067 561 3336 633 βασιλέως
3403 561 3651 633 ἀνήλεως
3691 560 3903 633 κρίσιςι

620 651 667 712 ὦ
706 654 1024 726 παρανομία
1067 653 1372 726 βασιλέωςί
1413 658 1545 726 παρ’
1586 651 1647 710 οὗ
1687 655 1914 727 ἔμελλον
1982 655 2331 728 ἀδικούμενοι
2395 659 2583 725 κρίσιν
2642 659 2860 712 δικαίαν
2916 656 3242 728 λαμϐάνειν,
3309 655 3750 726 τυραννούμενοι
3806 651 3906 707 πού

619 749 1009 807 ἀπελεύσονται
1032 768 1048 821 ;

693 885 738 942 0
772 886 1046 942 Bethleem
1083 895 1298 956 sancta,
1331 904 1440 943 non
1494 905 1592 960 per
1641 888 1806 962 Regis
1857 888 2197 948 nativitatem

2377 880 2452 953 β’.
2487 877 2559 934 Ὦ
2608 878 2858 950 Βηθλεὲμ
2895 878 3050 948 ἁγία,
3105 877 3190 931 ὅτι
3233 876 3294 930 ού
3329 875 3492 947 μόνον
3517 874 3628 928 ὑπὸ
3657 874 3755 928 τοῦ
3784 892 3908 946 τεχ-

621 989 836 1034 tantum
875 995 937 1034 es
989 978 1357 1043 sanctiﬁcata,
1398 981 1496 1035 sed
1530 982 1694 1036 etiam
1747 996 1844 1050 per
1877 979 2206 1049 sanguinem

625 1088 926 1144 puerorum
957 1072 1166 1140 iniuste
1195 1073 1658 1144 interemptorum
1696 1074 1972 1143 duplicem
2010 1086 2208 1140 repor-

619 1165 753 1219 tasti
806 1164 1329 1220 sanctificationem.
1393 1165 1671 1236 Recogito
1721 1165 1867 1220 enim
1912 1162 2206 1228 Herodem,

617 1259 810 1328 copias
849 1257 1180 1328 mittentem,
1209 1261 1451 1321 militum
1484 1259 1650 1313 duces
1683 1263 1943 1316 caventes
1968 1272 2036 1313 ne
2057 1255 2206 1319 ullus

621 1352 807 1406 infans
839 1352 992 1421 ipsos
1021 1354 1252 1415 celetur,
1281 1359 1483 1405 matres
1514 1358 1909 1418 exspectantes
1926 1347 2056 1402 dum
2083 1362 2206 1402 eer-

620 1450 816 1496 nerent
864 1442 1162 1506 infantium
1227 1441 1672 1498 crudelissimam
1725 1454 1958 1512 necem,
2017 1445 2206 1510 portas

620 1535 843 1590 urbium
874 1537 1149 1600 occlusas,
1192 1536 1345 1588 vicos
1381 1549 1410 1586 a
1451 1532 1723 1586 militibus
1753 1533 2203 1596 circumventos,

617 1625 914 1696 exitusque
970 1628 1272 1696 platearum
1333 1633 1670 1694 occupatos,
1738 1622 1942 1675 milites
2006 1615 2203 1691 gladiis

619 1719 907 1785 districtis,
928 1727 986 1772 nt
1007 1734 1196 1781 canes,
1229 1719 1377 1773 rabie
1401 1719 1639 1787 percitos
1671 1716 2200 1776 circumcurrentes,

624 1813 872 1883 privatos
899 1812 1048 1866 cives
1078 1810 1356 1872 inclusos,
1381 1816 1434 1862 et
1461 1820 1908 1877 unumquemque
1962 1805 2202 1858 interro-

618 1911 801 1973 gatum
838 1915 1078 1971 quonam
1115 1901 1234 1955 loco
1265 1907 1470 1965 essent,
1505 1900 1592 1953 cui
1623 1915 1833 1961 eorum,
1861 1905 1915 1952 et
1948 1896 2038 1951 ubi
2072 1907 2200 1950 tunc

617 1994 880 2064 temporis
929 2008 1064 2064 puer
1105 2002 1268 2048 natus
1325 1999 1472 2046 esset
1506 2010 1520 2059 ;
1553 1999 1806 2061 parentes
1859 1990 2154 2058 inscriptos
2178 2029 2194 2053 ,

615 2098 685 2139 ne
710 2097 829 2138 mas
864 2097 893 2137 e
926 2095 1227 2153 conspectu
1267 2082 1686 2151 subriperetur;
1735 2083 2020 2135 irruerunt
2053 2079 2197 2134 enim

613 2184 676 2228 ut
706 2175 891 2244 aquila
929 2175 981 2228 in
1018 2173 1254 2245 praedam
1289 2175 1598 2238 cadaveris,
1655 2190 1722 2228 ne
1754 2189 1870 2228 mas
1912 2175 1980 2226 ab
2021 2172 2198 2227 oculis

613 2267 903 2321 tolleretur
937 2285 952 2321 :
988 2277 1285 2338 patresque
1312 2277 1518 2321 metum
1566 2267 1708 2336 regis
1741 2264 2192 2329 reformidantes,

613 2357 772 2425 quasi
798 2372 863 2411 ex
895 2356 1024 2410 vino
1075 2356 1361 2410 temulenti
1393 2355 1664 2427 ebriique,
1712 2356 2034 2410 nesciebant
2063 2353 2195 2424 quid

612 2457 873 2518 agerent;
924 2458 1132 2503 matres
1189 2459 1370 2503 autem
1424 2464 1583 2505 suum
1639 2461 1873 2518 quaeque
1929 2445 2193 2501 infantem

613 2541 1004 2610 suscipientes,
1041 2539 1179 2594 iram
1216 2540 1393 2610 iniqui
1429 2541 1576 2610 regis
1611 2539 1801 2612 fugere
1832 2539 2192 2604 festinabant,

613 2632 910 2700 multaeque
935 2630 1080 2685 inter
1105 2645 1220 2695 eas,
1257 2631 1425 2686 veluti
1457 2632 1838 2700 passerculum
1876 2646 2035 2686 suum
2070 2629 2195 2684 uni-

611 2741 734 2779 cum
762 2738 993 2794 puerum
1025 2723 1169 2779 inter
1194 2726 1351 2780 ulnas
1389 2733 1658 2791 tenentes,
1685 2725 1806 2779 alia:
1849 2735 1982 2778 vero
2029 2723 2193 2786 duos,

613 2825 674 2872 ut
737 2819 983 2888 aguellos
1033 2827 1318 2888 gementes
1385 2819 1814 2888 vagientesqne,
1883 2817 2196 2888 bajulantes

615 2909 947 2980 fugitabant,
969 2925 1132 2964 enses
1151 2909 1482 2979 aspicientes
1498 2924 1788 2972 coruscos,
1816 2909 1982 2965 istum
2017 2909 2200 2979 fugie-

614 3002 771 3066 bant,
817 3001 1022 3070 aliique
1052 3001 1438 3056 occurrebant.
1483 3001 1799 3072 Aliquando
1827 3016 1956 3056 vero
1981 3008 2198 3056 tentant

613 3092 814 3145 offerre
845 3091 1118 3147 militibus
1150 3091 1472 3161 pecuniam;
1518 3092 1884 3147 lamentantes
1917 3091 2000 3146 sic
2045 3091 2196 3146 dice-

613 3183 748 3238 bant
782 3202 795 3236 :
828 3184 1040 3252 Adjuro
1080 3192 1131 3238 te
1167 3198 1264 3254 per
1306 3182 1479 3253 legem
1511 3181 1702 3248 Mosis,
1750 3184 2196 3239 commiseratio-

615 3291 739 3331 nem
770 3277 1023 3339 induere,
1074 3276 1200 3347 quia
1228 3276 1395 3332 etiam
1432 3283 1487 3330 te
1520 3284 1696 3330 mater
1729 3277 1938 3346 genuit,
1979 3275 2196 3332 forsan-

611 3383 723 3441 que
751 3382 975 3422 uxorem
1005 3377 1060 3422 et
1090 3367 1292 3422 liberos
1327 3366 1520 3422 babes.
1574 3367 1731 3421 Nulla
1786 3369 1888 3422 alia
1932 3370 2068 3424 mihi
2111 3378 2196 3425 est

613 3479 740 3533 spes
799 3464 883 3518 vel
939 3478 1075 3527 res,
1132 3463 1222 3526 hic
1285 3471 1370 3516 est
1425 3463 1578 3518 solus
1629 3463 1759 3516 mihi
1816 3463 2034 3530 infans,
2103 3480 2198 3518 ac-

613 3555 783 3624 cipito
819 3569 1046 3608 aureum
1079 3563 1463 3607 ornamentum
1497 3555 1818 3622 parcituque
1848 3570 1968 3609 meo
1999 3571 2190 3624 puero.

2310 975 2498 1037 θέντος
2527 972 2806 1034 Βασιλέως
2832 970 3126 1042 ήγιόισθης,
3159 969 3300 1023 ἀλλὰ
3341 971 3432 1022 καὶ
3471 967 3582 1022 ἀπὸ
3611 967 3713 1020 τοῦ
3746 968 3909 1038 αἷμα-

2303 1084 2400 1128 τος
2453 1064 2566 1118 τῶν
2616 1064 2825 1127 ἀδίκως
2878 1063 3228 1116 ὲκκοπέντων
3282 1060 3516 1121 παίδων,
3554 1057 3790 1112 διπλοῦν
3816 1061 3908 1112 τόν

2307 1157 2585 1228 άγιασμδν
2621 1155 2866 1227 ὲκομίσω
2895 1172 2908 1185 ·
2943 1155 3194 1208 κατανοῶ
3217 1154 3328 1226 γὰρ
3363 1154 3456 1206 τὸν
3514 1150 3797 1222 Ἡρώδην,
3843 1151 3908 1203 τὰ

2311 1250 2707 1324 στρατεύματα
2745 1247 3174 1311 ἀποστέλλοντα,
3213 1247 3343 1310 τοὺς
3384 1243 3907 1316 στρατοπαιδάρχας

2310 1342 2740 1414 μηχανωμένους
2757 1341 2830 1412 μή
2850 1358 2965 1404 πως
2983 1340 3206 1394 πώποτε
3227 1335 3664 1407 παίςάποκρυδῇ
3685 1337 3907 1399 αὐτοὺς,

2301 1437 2404 1502 τὰς
2429 1434 2680 1507 μητέρας
2708 1433 3078 1510 ἐκδεχομένας
3110 1431 3393 1502 θεωρῆσαι
3417 1429 3537 1482 τῶν
3565 1427 3790 1496 νηπίων
3817 1427 3910 1479 τὸν

2306 1528 2557 1600 ἔχθιστον
2589 1529 2842 1591 θάνατον,
2871 1527 3046 1590 πύλας
3070 1524 3179 1578 τῶν
3205 1523 3416 1576 πόλεων
3439 1522 3907 1590 ἀποκλειομένας,

2303 1622 2405 1684 τὰς
2460 1620 2656 1690 κώμας
2701 1619 2808 1672 ὑπὸ
2849 1618 2960 1673 τῶν
3002 1617 3439 1688 στρατευμάτων
3499 1615 3905 1682 κυκλουμένας,

2302 1713 2402 1777 τὰς
2426 1713 2484 1767 δὲ
2517 1703 2733 1779 ἐξόδους
2777 1711 2888 1765 τῶν
2947 1709 3223 1765 πλατειῶν
3284 1708 3729 1779 φρουρουμένας,
3782 1708 3908 1768 τοὺς

2306 1804 2648 1876 στρατιώτας
2697 1803 2949 1874 ξιφήρεις
2996 1801 3190 1872 ὥσπερ
3241 1800 3411 1861 κύνας
3450 1798 3772 1859 λυττῶντας
3815 1799 3907 1849 καὶ

2305 1894 2756 1967 περιτρέχοντας,
2800 1894 3020 1956 ἰδιώτας
3051 1890 3518 1952 ὲναποκλείστους
3545 1881 3904 1958 γενομένους,

2302 1989 2397 2042 καὶ
2427 1989 2692 2051 ἑκάστους
2727 1985 2908 2042 αὐτῶν
2939 1984 3408 2056 ἔπερωτωμένους
3436 1983 3566 2052 περὶ
3591 1982 3704 2034 τῶν
3727 1981 3907 2034 τόπων

2303 2079 2435 2132 ὅπου
2485 2075 2648 2150 ἦσαν,
2707 2077 2796 2142 τίς
2838 2078 2936 2130 καὶ
2984 2076 3090 2130 ποῦ
3139 2077 3199 2129 ἔν
3237 2077 3356 2138 ταῖς
3382 2074 3626 2144 ἡμέραις
3661 2072 3905 2132 ἐκείναις

2306 2171 2471 2225 παῖδα
2516 2171 2802 2241 ἐγέννησε,
2847 2171 2976 2233 τοὺς
3021 2170 3203 2236 γονεῖς
3249 2165 3784 2236 ἀπογραφομένους,
3831 2164 3901 2234 μή

2301 2281 2420 2328 πως
2450 2263 2620 2335 ἇρῤεν
2653 2263 2949 2334 ἁποκρυόῇ
2981 2261 3042 2326 ἐξ
3061 2260 3363 2330 ὀφθαλμῶν
3394 2259 3598 2312 αὐτῶν.
3641 2255 3902 2325 Ἐξῆλθαν

2300 2354 2409 2424 γὰρ
2437 2351 2630 2423 ὥσπερ
2658 2352 2816 2414 ἀετδς
2845 2353 2938 2404 ἐπὶ
2962 2353 3130 2423 βορὰν
3151 2349 3466 2420 πτώματος,
3507 2350 3660 2410 ὅπως
3714 2364 3782 2400 τε
3829 2345 3901 2415 μὴ

2299 2443 2592 2516 ἀποκρυὸῇ
2624 2443 2683 2508 ἐξ
2712 2441 3012 2513 ὀφθαλμῶν
3039 2442 3231 2514 ἄρρεν.
3261 2441 3373 2494 Καὶ
3409 2442 3465 2492 οἱ
3514 2441 3614 2509 μὲν
3659 2440 3900 2508 πατέρες

2297 2536 2392 2589 τόν
2422 2535 2589 2606 φόϐον
2625 2534 2724 2588 τοῦ
2763 2535 3030 2605 βασιλέως
3053 2533 3314 2596 δεδιότες,
3341 2530 3536 2600 ὥσπερ
3563 2530 3629 2595 ἐξ
3664 2531 3816 2584 οἴνου
3836 2533 3898 2583 ὲκ

2299 2629 2502 2692 παντὸς
2537 2627 2746 2699 τρόμου
2796 2626 3230 2699 με-μεθυσμένοι,
3280 2626 3382 2679 οὐκ
3431 2625 3667 2696 ᾔδεισαν
3723 2624 3790 2677 τδ
3844 2623 3897 2676 τί

2298 2721 2731 2793 διαπράξονται·
2767 2723 2824 2776 at
2857 2722 2913 2779 δὲ
2941 2721 3184 2792 μητέρες
3242 2720 3509 2774 λαϐοῦσαι
3565 2721 3783 2787 ἑκάστη
3835 2722 3897 2772 τὺ

2303 2814 2433 2870 τδιον
2463 2817 2682 2887 νήπιον,
2724 2817 2819 2868 τὸν
2875 2815 3049 2886 θυμὸν
3094 2813 3192 2868 τοῦ
3239 2815 3562 2886 παρανόμου
3623 2813 3894 2880 βασιλέως

2299 2909 2605 2978 ἀποδράσαι
2655 2907 2916 2961 ἔσπευδον
2945 2923 2958 2936 ·
2999 2907 3098 2961 καὶ
3153 2905 3349 2961 πολλα).
3407 2907 3506 2977 μὲν
3568 2905 3632 2975 ἐξ
3687 2907 3892 2972 αὐτῶν,

2299 2999 2488 3072 ῶσπερ
2510 3000 2797 3071 στρουθίον
2826 2999 2940 3054 ἀπὸ
2967 2999 3312 3064 ἔνδςπαιδὸς
3357 3001 3418 3054 ἐν
3459 3003 3584 3062 ταῖς
3609 2999 3893 3069 ἀγκάλαις

2297 3095 2656 3164 κατέχουσαι,
2696 3091 2857 3146 ἄλλαι
2888 3093 2945 3146 δὲ
3003 3093 3100 3148 καὶ
3149 3093 3259 3146 ἀπὸ
3306 3093 3423 3157 δύο,
3485 3093 3686 3165 ῶσπερ
3728 3094 3894 3164 ἀρνία

2299 3187 2700 3256 ἀποδυρώμενα
2780 3186 2875 3238 καὶ⁹
2931 3185 3446 3257 κλαυθμυρίζοντα,
3517 3186 3891 3257 βαστάζουσαι

2298 3276 2626 3346 ἀποτρέχειν
2675 3273 2938 3328 ἔσπευδον
2975 3293 2991 3308 ο
3061 3277 3158 3332 καὶ
3211 3276 3421 3347 ὁρῶσαι
3468 3279 3541 3336 τὰ
3595 3278 3729 3348 ξίφη
3779 3281 3889 3332 άπ-

2299 3372 2704 3440 αστράπτοντα,
2734 3369 3259 3439 τοῦτονδιέφευγον,
3291 3373 3385 3426 καὶ
3419 3374 3498 3433 εἰς
3542 3372 3707 3427 ἄλλον
3735 3389 3892 3442 περο-

2299 3463 2550 3516 έπιπτον.
2595 3460 2749 3513 Ἔσθ’
2779 3461 2870 3515 ὅτε
2901 3461 2959 3514 δὲ
2992 3465 3088 3520 καὶ
3116 3464 3378 3534 χρήματα
3418 3463 3723 3534 πειρῶνται
3753 3464 3895 3517 διδό-

2303 3571 2411 3607 ναι
2443 3553 2585 3624 πρὸς
2633 3540 2763 3616 τοὺς
2805 3551 3184 3621 στρατιώταις’
3244 3555 3672 3626 ἀποδυρὼμεναι
3720 3555 3896 3609 ταῦτα

615 3648 800 3716 ελεγον
827 3665 840 3678 ·
894 3647 1132 3717 Ὀρκίζω
1193 3663 1252 3698 σε
1306 3646 1452 3698 κατὰ
1508 3645 1601 3697 τοῦ
1666 3647 1832 3716 νόμου
1891 3649 2192 3712 Μωῦσέως,
2233 3647 2436 3717 κτῆσαι
2505 3644 2792 3715 σπλάγχνα
2835 3647 3265 3718 οἰκτιρμῶν,ὅτι
3301 3649 3398 3701 καὶ
3429 3649 3489 3701 σε
3523 3652 3712 3721 μήτηρ
3739 3651 3896 3716 ἐγέν-

614 3758 778 3811 νησεν
812 3757 826 3772 ·
850 3739 960 3792 ἔσθ’
991 3741 1077 3792 ὅτε
1110 3740 1164 3791 δὲ
1198 3741 1293 3791 καὶ
1342 3741 1578 3806 γυναῖκα
1611 3741 1705 3793 καὶ
1756 3741 1954 3806 παῖδας
2005 3740 2149 3812 ἔχεις
2179 3758 2192 3772 ο
2230 3743 2332 3796 οὐκ
2379 3740 2528 3797 ἐστιν
2578 3756 2670 3810 μοι
2719 3738 2855 3811 ἄλλη
2900 3741 3056 3806 ἐλπὶς
3088 3743 3122 3813 ἢ
3163 3743 3484 3806 ὑπόστασις,
3541 3745 3576 3816 ἢ
3607 3746 3771 3814 μόνον
3836 3747 3898 3798 τὸ

615 3834 809 3904 νήπιον
842 3828 1002 3886 τοῦτο
1037 3843 1052 3858 ’
1089 3828 1220 3884 λάϐε
1249 3828 1414 3899 ὁλκὴν
1441 3829 1668 3899 χρυσίου
1712 3832 1804 3884 καὶ
1855 3833 2038 3900 φεῖσαί
2093 3851 2194 3904 μου
2223 3832 2316 3888 τοῦ
2352 3831 2565 3895 παιδός.

686 3959 902 4034 Quibus
925 3973 1031 4014 non
1082 3975 1144 4014 ra
1194 3958 1522 4022 ferentibus,
1555 3962 1648 4016 sed
1705 3963 1877 4020 instar
1913 3965 2194 4033 accipitris

2369 3977 2440 4038 γ’.
2480 3968 2603 4023 Τῶν
2635 3969 2692 4022 δὲ
2723 3969 2800 4041 μὴ
2829 3971 3199 4042 ἀνεχομένων,
3258 3975 3375 4030 ἀλλ’
3413 3975 3608 4048 ὥσπερ
3658 3979 3897 4049 ἱεράκων

617 4051 1130 4108 immisericm'diter
1187 4051 1625 4124 irrumpentibus
1683 4055 1737 4109 in
1807 4063 2052 4111 turtures
2109 4058 2194 4118 vel

615 4155 834 4204 teneras
862 4143 1170 4204 columbas.
1195 4152 1291 4202 aut
1323 4145 1493 4202 veluti
1541 4146 1686 4217 lupis
1711 4163 1886 4218 agnos
1929 4149 2194 4219 diripien-

616 4238 786 4302 tibus,
817 4237 1054 4292 velutive
1083 4237 1332 4296 leonibus
1358 4251 1577 4294 teneros
1613 4240 1815 4296 vitulos
1840 4256 1904 4295 ex
1934 4241 2195 4296 uberibus

611 4329 972 4400 juvenearum
992 4329 1336 4398 rapientibus
1355 4339 1411 4386 et
1440 4346 1550 4386 non
1566 4333 1942 4400 parcentibus,
1966 4346 2196 4389 necesse

613 4430 697 4474 est
728 4430 932 4475 matres
955 4419 1338 4490 circumplecti
1376 4423 1636 4478 manibus
1665 4433 1720 4478 et
1762 4424 1908 4479 ulnis
1947 4423 2195 4480 cervices

614 4523 936 4578 puerorum,
969 4509 1216 4579 istosque
1256 4525 1432 4566 saevos
1466 4513 1736 4568 satellites
1766 4512 2055 4582 adjurare:
2087 4515 2194 4566 Atl-

609 4601 740 4677 juro
765 4608 836 4666 te,
862 4600 964 4665 vir,
999 4615 1096 4671 per
1126 4616 1248 4656 eum
1287 4605 1379 4672 qui
1415 4619 1482 4658 ex
1519 4603 1860 4660 incunabilis
1910 4603 2101 4659 eduxit
2143 4612 2197 4660 te

615 4693 1061 4758 adolescentem;
1100 4693 1316 4752 trucida
1347 4710 1432 4748 me
1454 4695 1715 4764 primum,
1746 4695 1873 4749 dein
1907 4695 2056 4750 hunc
2110 4696 2197 4750 in-

614 4785 821 4849 fantem
849 4784 904 4838 in
931 4785 1076 4840 ulnis
1110 4786 1272 4840 meis.
1306 4785 1398 4842 Ille
1423 4802 1554 4842 vero
1579 4788 1804 4858 iniquus
1839 4786 2048 4844 invidia
2080 4804 2198 4845 me-

616 4885 786 4946 tuque
829 4876 1102 4946 impotens
1149 4875 1405 4946 princeps
1453 4879 1832 4947 speculatores
1871 4895 2013 4952 pone
2063 4882 2196 4938 mit-

617 4976 758 5032 tens,
781 4965 1264 5038 jubebatquterere
1289 4978 1497 5029 utrum,
1521 4969 1747 5036 pecunia
1765 4980 2008 5040 accepta,
2029 4971 2193 5025 alicui

612 5059 1020 5132 pepercissent;
1051 5073 1117 5111 ne
1145 5065 1402 5128 parentes
1433 5059 1545 5112 nati
1583 5059 1728 5130 regis
1747 5058 1908 5116 donis
1942 5061 2195 5116 allicien-

615 5161 698 5212 tes
727 5150 928 5206 milites
955 5149 1239 5218 impellant
1263 5150 1328 5204 ad
1364 5149 1854 5207 insurreetionem.
1881 5153 1918 5206 li
1965 5169 2094 5208 vero
2127 5170 2193 5209 ex

613 5240 891 5300 mandatis
929 5231 1248 5298 exeitabaut
1311 5240 1444 5295 illos
1488 5239 1875 5295 interfectores
1932 5243 2052 5312 qui,
2109 5243 2194 5298 bis

614 5331 840 5397 auditis,
893 5333 1067 5401 magis
1103 5347 1168 5386 ac
1201 5333 1374 5402 magis
1419 5332 1603 5387 studio
1651 5333 2008 5390 ebulliebaut.
2041 5333 2196 5391 Licet

615 5428 799 5478 autem
832 5424 936 5478 isto
977 5424 1297 5494 spectaculo
1331 5439 1439 5478 non
1473 5422 1766 5491 adfuerim,
1805 5425 2010 5479 abbinc
2046 5426 2193 5480 enim

615 5515 952 5590 septingenti
1008 5517 1374 5588 quadraginta
1425 5524 1479 5571 et
1534 5527 1775 5586 quatuor
1827 5517 1957 5572 anni
2024 5519 2196 5589 elapsi

612 5617 770 5676 sunt,
805 5624 869 5664 ex
911 5619 1036 5663 ortu
1077 5609 1281 5665 Christi
1316 5611 1653 5680 septingenti
1681 5611 1814 5664 anni
1845 5619 1898 5664 et
1923 5619 2194 5680 quatuor;

611 5703 684 5759 ab
727 5700 1022 5757 infantium
1048 5711 1229 5756 autem
1269 5703 1416 5757 caede
1464 5700 1798 5774 septingenti
1833 5701 2197 5774 quadraginta

611 5794 723 5850 duo
760 5793 924 5858 anni;
975 5793 1133 5864 quasi
1165 5808 1294 5846 vero
1355 5794 1462 5848 huc
1514 5793 1819 5858 assistens,
1867 5793 1950 5846 sic
2000 5793 2104 5848 ista
2138 5793 2193 5848 in

611 5893 853 5949 mentem
890 5886 1150 5953 subeunt,
1182 5894 1235 5942 et
1257 5883 1444 5947 videre
1472 5886 1608 5939 mihi
1635 5883 1829 5939 videor
1861 5884 2027 5941 istum
2061 5901 2194 5941 cru-

2299 4063 2543 4132 ἀνήλεως
2575 4064 2891 4134 ἱπταμένων
2913 4066 3056 4118 κατὰ
3079 4067 3312 4124 νεοττῶν
3338 4071 3686 4140 περιστερῶν
3711 4072 3893 4142 ῆτρυο

2298 4157 2493 4225 γόνων,
2527 4156 2560 4226 ἢ
2593 4156 2782 4227 ῶσπερ
2813 4156 2996 4211 λύκων
3019 4158 3195 4229 ἄρνας
3244 4159 3658 4232 διαρπαζόντων
3678 4207 3695 4230 ,
3727 4166 3759 4235 ἢ
3789 4165 3893 4218 ῶσ-

2299 4265 2404 4318 περ
2435 4247 2668 4313 λεόντων
2708 4248 2896 4302 ἁπαλὰ
2929 4250 3207 4324 μοσχάρια
3245 4250 3311 4312 ἔκ
3349 4253 3576 4324 μασθῶν
3634 4258 3895 4328 μητέρων

2298 4338 2713 4409 διαρπαζόντων
2743 4341 2840 4394 καὶ
2887 4342 2962 4416 μὴ
3013 4343 3375 4416 φειδομένων,
3407 4347 3623 4419 ἀνάγκη
3651 4351 3755 4411 τὰς
3787 4368 3892 4421 μη-

2289 4429 2467 4501 ,τέρας
2521 4431 2911 4502 περιπλέκειν,
2946 4433 3067 4505 ἅμα
3099 4437 3304 4506 χειρῶν
3346 4438 3444 4503 τὰς
3473 4438 3683 4502 ὠλένας
3711 4441 3893 4494 αὐτῶν

2297 4523 2413 4586 τοῖς
2441 4521 2632 4592 αὐχέσι
2650 4523 2760 4576 τῶν
2793 4526 3030 4595 νηπίων,
3068 4527 3161 4581 καὶ
3194 4531 3551 4600 κατορκίζειν
3599 4533 3727 4595 τοὺς
3764 4535 3892 4588 ἀνό-

2301 4630 2437 4681 μους
2469 4614 2715 4680 ἐκείνους
2745 4617 3085 4688 στρατιώτας
3121 4635 3134 4650 ·
3208 4621 3446 4694 Ὁρκίζω
3481 4640 3562 4688 σε,
3609 4625 3886 4698 ἄνθρωπε,

2300 4706 2380 4767 είς
2403 4703 2496 4758 τὸν
2525 4705 2842 4778 αὐξήσαντα
2866 4725 2924 4762 σε
2946 4713 3010 4764 ὲκ
3034 4710 3267 4783 βρέφους
3292 4714 3464 4787 ἄνδρα
3483 4716 3692 4770 τέλειον
3711 4731 3726 4744 ⁶
3751 4720 3889 4772 ἀπό-

2299 4809 2511 4847 κτεινον
2541 4795 2606 4866 δὴ
2642 4795 2744 4866 ἐμὲ
2774 4797 2990 4869 πρῶτον
3011 4841 3027 4868 ,
3071 4801 3167 4854 καὶ
3193 4801 3317 4854 τότε
3350 4803 3411 4856 τὸ
3452 4806 3650 4877 νήπιον
3685 4809 3746 4861 ὲν
3771 4812 3890 4873 ταῖς
3921 4829 3942 4850 ε

2297 4883 2570 4950 ἀγκάλαις
2611 4903 2738 4955 μου.
2797 4887 3025 4961 Ἐχθρὸς
3047 4890 3148 4959 τῆς
3183 4891 3542 4964 δικαιοσύνης
3568 4897 3781 4961 ἐκεῖνος
3811 4900 3890 4970 τῷ

2300 4973 2446 5046 ζήλῳ
2468 4974 2564 5027 καλ⁵
2589 4974 2766 5048 δειλίᾳ
2808 4979 3222 5052 ὑπερ-μεθύσας,
3278 4987 3588 5052 σκοπευτὰς
3644 4991 3891 5046 κατώπια

2301 5064 2427 5118 σθεν
2470 5065 2840 5132 ἀποστέλλων,
2876 5071 3258 5145 παρήγγελλεν
3293 5071 3403 5146 ἆρα
3434 5079 3511 5150 μή
3545 5096 3600 5131 τι
3631 5081 3890 5151 χρήματα

2298 5153 2563 5250 λαϐόντες
2583 5155 2694 5250 τινὶ
2716 5157 3007 5250 ἔφείνντο
3035 5179 3046 5192 ·
3085 5164 3158 5232 μὴ
3186 5165 3235 5215 οἱ
3268 5169 3451 5233 γονεῖς
3479 5167 3576 5221 τοῦ
3599 5171 3889 5244 γεννηθέν·

2299 5264 2389 5337 τος
2413 5247 2688 5314 Βασιλέως
2713 5247 2909 5322 δώροις
2936 5254 3349 5324 ὲκμειλίξαντες
3375 5263 3504 5323 τοὺς
3531 5262 3699 5334 ἐμοὺς
3724 5281 3891 5337 στρα-

2297 5336 2522 5406 τιώτας,
2573 5341 2670 5393 καὶ
2721 5342 2862 5414 πρὸς
2891 5346 3194 5417 ἀνταρσίαν
3230 5350 3354 5418 ἐμοὶ
3383 5336 3890 5426 αἱρεθήσουσινέοῑ

2295 5429 2353 5484 δὲ
2393 5431 2856 5506 ἀποστελλόμενοι
2891 5436 2959 5491 τὰ
2994 5439 3134 5493 αὐτὰ
3165 5443 3535 5516 παρενόχλουν
3556 5450 3672 5511 τοῖς
3695 5466 3892 5517 φονευ-

2293 5525 2415 5586 ταῖς
2435 5523 2672 5590 ἐκείνοις
2709 5543 2724 5557 ·
2757 5529 3006 5590 κάκεῖνοι
3051 5532 3227 5592 ταῦτα
3261 5536 3554 5602 ἀκούοντες
3595 5540 3740 5612 ὑπὲρ
3785 5559 3888 5594 πε-

2299 5614 2487 5684 ρισσοῦ
2544 5615 2624 5688 τῷ
2671 5619 2822 5692 ζήλῳ
2868 5624 3276 5694 κατεμέθυσαν.
3319 5630 3429 5682 Καὶ
3457 5632 3552 5683 νῦν
3581 5634 3632 5684 εί
3663 5638 3757 5688 καὶ
3785 5635 3888 5687 οὐκ

2292 5699 2446 5776 ἢμην
2479 5707 2713 5779 περιὼν,
2744 5711 2895 5766 ἐστὶν
2929 5715 3036 5788 γὰρ
3061 5717 3170 5770 ἀπὸ
3200 5719 3323 5772 τότε
3367 5722 3460 5793 ἔτη
3503 5723 3602 5795 ἤδη
3642 5726 3888 5795 τέσσαρα

2302 5796 2398 5849 καὶ
2450 5801 2863 5872 τεσσαράκοντα
2910 5808 3006 5862 καὶ
3067 5808 3393 5880 ἑπτακόσια,
3458 5814 3568 5867 ἀπὸ
3624 5817 3724 5884 μὲν
3782 5820 3888 5887 τῆς

2301 5888 2608 5960 παρουσίας
2662 5893 2932 5966 Χριστοῦ.
2973 5899 3067 5972 ἔτη
3127 5901 3429 5960 ἑπτακόσια
3474 5909 3888 5978 τεσσαράκοντα
