4130 6390
230 399 361 467 1505

1233 397 1494 458 SERMO
1526 397 1609 458 IN
1649 397 1981 460 SANCTOS
2018 400 2520 462 INNOCEN'I‘ES.

3363 403 3385 467 1
3398 407 3501 470 506

224 515 458 581 τέσσαρα
487 509 588 580 (Ι),
616 508 728 562 ἀπὸ
759 508 816 563 δὲ
840 507 944 576 τῆς
971 507 1346 573 παιδοκτονίας
1373 511 1469 580 ἔτη
1491 512 1798 566 ἑπτακόσια

1915 513 2079 570 lclem
2102 529 2285 584 regem
2306 513 2572 571 Herodem
2596 515 2970 571 stimulantem
2991 516 3077 571 sui
3103 516 3277 588 ipsius
3307 534 3502 589 proce-

224 602 629 672 τεσσαράκοντα
659 600 755 654 δύο
779 617 792 632 ο
817 601 934 655 ἀλλ’
953 601 1031 666 ὡς
1060 601 1254 674 παρὼν
1275 604 1416 667 ἐκεῖ,
1433 602 1610 667 οὕτως
1632 603 1806 658 ταῦτά

228 714 315 769 μοι
345 695 481 750 κατὰ
506 691 634 746 νοῦν
665 676 942 764 πάρεισιν,
971 693 1074 747 καὶ.
1095 692 1171 758 ὡς
1204 692 1432 762 θεωρῶν
1452 695 1569 765 είμι
1603 693 1692 747 τὸν
1713 692 1804 764 ἔχ-

225 790 400 844 θιστον
441 784 668 856 βασιλέα
720 784 970 855 Ἡρώδην
1009 784 1089 855 τῷ
1118 783 1279 856 θυμῷ
1305 784 1514 849 ζέοντα,
1547 786 1676 848 τοὺς
1711 803 1807 856 μευ

224 883 478 952 γιστᾶνας
513 878 683 934 αὑτοῦ
724 878 1266 950 παραμυθουμένους
1308 881 1495 946 αὐτὸν,
1527 880 1652 943 τοὺς
1713 897 1810 948 φοι-

225 977 330 1038 νεῐς
358 973 426 1026 τά
448 972 659 1044 δάκρυα
677 971 788 1026 τῶν
818 973 1074 1044 πατέρων
1109 973 1184 1045 μὴ
1211 973 1519 1037 ἐλεοῦντας,
1538 974 1609 1026 τὰ
1639 975 1808 1042 νήπια

227 1067 300 1138 μή
333 1063 725 1136 υίκτείροντας,
768 1065 906 1120 ἀλλά
936 1063 1048 1120 τῶν
1101 1065 1198 1136 μὲν
1232 1066 1334 1129 τὰς
1364 1065 1609 1135 κεφαλὰς
1665 1067 1807 1119 ἀπο-

223 1160 543 1231 τέμνοντας,
571 1157 683 1212 τῶν
715 1158 772 1212 δὲ
825 1161 947 1221 ταῖς
999 1159 1273 1229 μητράσιν
1303 1158 1675 1230 κατεχουσῶν,
1715 1158 1810 1212 καὶ

228 1251 302 1322 μὴ
335 1249 671 1321 βουλομένων
699 1250 920 1320 ἀφιέναι
949 1253 1006 1304 ἐν
1038 1254 1164 1315 ταῖς
1186 1251 1458 1320 ἀγκάλαις
1482 1251 1665 1305 αὐτῶν
1685 1253 1808 1316 ταῖς

230 1342 525 1416 μαχαίραις
553 1343 954 1407 ἀναλίσκοντας
985 1343 1170 1396 αὐτῶν
1193 1344 1262 1397 τὰ
1297 1345 1493 1416 νήπια.
1537 1343 1725 1398 Ἀλλοι
1753 1344 1809 1398 δὲ

228 1433 586 1506 κατεμέριζον
635 1435 778 1490 αὐτά
830 1435 1145 1508 ἔμπροσθεν
1182 1438 1298 1500 τοῖς
1330 1438 1682 1507 γεννήσασιν,
1715 1436 1812 1490 καὶ

225 1527 398 1599 ἕτεροι
425 1527 759 1600 κρατοῦντες
780 1531 894 1593 τοῖς
917 1530 1046 1582 ποσὶ
1071 1531 1130 1582 ἐν
1148 1532 1270 1593 ταῖς
1297 1529 1530 1599 πέτραις
1560 1528 1812 1596 ἐξεδάφι-

226 1618 334 1682 ζον,
365 1617 461 1670 καὶ
485 1617 660 1682 οὕτως
692 1620 802 1672 τῶν
831 1620 1126 1692 κροτάφων
1158 1621 1340 1674 αὐτῶν
1370 1623 1438 1690 τῇ
1473 1623 1544 1692 γῇ
1580 1636 1810 1690 σκορπι-

225 1707 487 1777 ζομένων,
518 1711 642 1773 ταῖς.
678 1709 950 1774 ἐλεειναῖς
981 1712 1256 1784 μητράσιν
1282 1713 1385 1766 οὐκ
1414 1707 1484 1782 ἦν
1519 1711 1809 1782 παράκλη-

1915 621 2004 662 res
2038 607 2408 670 consiliarios,
2447 607 2825 664 interfectores
2847 608 3121 680 lacrymas
3149 621 3363 679 patrum
3388 627 3498 668 non

1912 699 2258 766 miserantes,
2279 714 2380 753 nec
2417 701 2602 769 pueris
2627 709 2914 770 parcentes
2937 743 2954 769 ,
2979 703 3073 758 sed
3100 703 3334 757 aliorum
3361 703 3498 758 colla

1909 790 2205 853 caedentes,
2250 791 2486 844 aliorum
2522 793 2790 848 matribus
2813 795 3220 862 resistentibus,
3247 797 3500 866 neganti-

1909 882 2123 952 busque
2143 884 2464 946 abire,.cum
2496 884 2744 939 viderent
2784 885 3025 944 infantes
3055 887 3110 941 in
3143 887 3290 942 ulnis
3323 903 3498 944 czcsos

1909 975 2128 1046 gladiis.
2158 976 2263 1028 Alii
2298 975 2498 1030 milites
2526 977 2914 1046 discerpebant
2936 994 3033 1034 eos
3065 979 3171 1033 sub
3201 980 3377 1033 oculis
3408 995 3499 1048 pa-

1909 1080 2126 1122 rentum
2155 1083 2168 1133 ;
2209 1069 2321 1134 alii,
2353 1070 2490 1140 pede
2511 1085 2606 1124 eos
2629 1071 3018 1141 corripientes,
3057 1074 3109 1126 iu
3155 1080 3338 1143 petras
3375 1073 3499 1126 alli-

1911 1161 2134 1226 debant,
2167 1161 2360 1232 sicque
2403 1162 2742 1233 temporibus
2778 1176 2971 1219 eorum
3007 1166 3161 1220 humi
3203 1166 3494 1235 dispersis,

1911 1253 2061 1308 nulla
2100 1261 2224 1309 erat
2253 1251 2520 1310 matribus
2557 1256 2787 1325 solatio;
2835 1259 3114 1326 quodnam
3163 1261 3310 1314 enim
3351 1261 3498 1314 sola-

1911 1347 2048 1400 tium
2077 1346 2262 1402 afferri
2320 1350 2590 1418 potuisset
2623 1350 2735 1404 illis
2768 1367 2957 1406 necem
2998 1351 3314 1407 continuam
3367 1368 3496 1407 cer-

1912 1437 2566 1496 nentibus?Vestimenta
2589 1455 2786 1498 cruore
2818 1445 2870 1498 in
2895 1443 3216 1514 pectoribus
3241 1459 3494 1514 aSpersa;

1912 1539 2251 1602 pectoraque
2291 1535 2623 1590 contusione
2664 1549 3024 1589 mammarum
3070 1536 3234 1602 kesa;
3293 1544 3498 1590 matres

1914 1625 2056 1678 la‘cte
2075 1624 2402 1678 vestimenta
2435 1639 2732 1694 puerorum
2766 1625 3078 1696 tingentes;
3119 1641 3354 1696 quarum
3378 1625 3498 1683 alia:

1915 1727 2118 1784 pueros
2143 1715 2374 1769 biennes
2406 1716 2686 1786 lugebant,
2729 1716 2854 1771 alia:
2901 1731 3031 1772 vero
3065 1717 3375 1781 anniculos,
3402 1724 3499 1770 aut

226 1813 344 1863 σις’
409 1802 571 1857 ποῖαν
627 1802 737 1874 γὰρ
792 1805 890 1856 καὶ
939 1803 1300 1876 παραμυθίαν
1352 1799 1500 1874 εἶχον
1548 1804 1694 1874 ἔχειν
1751 1806 1812 1858 ἐν

1916 1801 2130 1860 dimidii
2168 1808 2462 1877 temporis,
2488 1807 2724 1878 denique
2759 1809 2940 1864 adhuc
2971 1809 3237 1874 minoris;
3277 1807 3500 1863 biennio

224 1893 442 1954 ἑαυταῖς
507 1894 714 1966 ὁρῶσαι
773 1897 832 1948 ἐν
886 1896 1192 1968 ὀφθαλμοῖς
1243 1897 1423 1950 αὐτῶν
1481 1897 1574 1949 τὸν
1631 1897 1810 1967 ἄωρον

1915 1900 2058 1951 enim
2092 1898 2548 1966 proficiscebatur
2584 1901 2866 1956 decretum
2913 1900 3019 1954 diri
3074 1909 3128 1954 et
3165 1900 3338 1970 iniqui
3397 1897 3502 1954 He-

224 1982 494 2052 θάνατονς
549 1988 617 2040 τὰ
658 1989 853 2058 ίμάτια
891 1989 1084 2052 αὑταῖς
1127 1991 1239 2052 τοῖς
1278 1988 1510 2059 αῖμασιν
1567 1987 1809 2042 καταϐα-

1916 1990 2094 2050 rodis,
2133 1999 2187 2042 et
2222 1990 2294 2043 ab
2321 1991 2441 2045 iatis
2491 1993 2585 2060 qui
2632 2007 2802 2045 unum
2839 2000 2966 2045 ante
3008 1990 3152 2046 diem
3187 1999 3350 2046 erant
3385 1988 3501 2044 nati

220 2076 386 2144 φέντα
427 2079 612 2150 στήθει
641 2080 900 2145 διανοίας,
935 2080 1005 2134 τά
1036 2081 1237 2152 στέρνα
1265 2080 1345 2151 τῷ
1375 2080 1525 2152 πόνῳ
1550 2080 1660 2134 τῶν
1697 2095 1792 2147 γαο

1915 2087 2026 2132 mte
2063 2077 2404 2132 horrendum
2449 2079 2616 2134 istum
2644 2081 2948 2134 decretum.

207 2162 549 2238 -λακτοροίων
609 2171 971 2242 τρυχώμενα,
1039 2173 1162 2235 ταῖς
1229 2171 1420 2242 θηλαῖς
1467 2172 1538 2225 τὰ
1609 2171 1802 2240 ἱμάτια
1839 2168 2026 2231 αὐτοῖς
2058 2168 2541 2239 καταϐ-ρέχουσαι·
2575 2171 2669 2224 καὶ
2704 2172 2758 2224 αἱ
2799 2171 2900 2241 μὲν
2940 2162 2998 2238 ἐξ
3065 2166 3248 2224 αὐτῶν
3305 2167 3500 2231 διετεῖς

221 2259 416 2322 παῖδας
447 2262 732 2334 ἐθρήνουν,
770 2266 864 2320 καὶ
897 2265 1060 2320 ἄλλαι
1103 2266 1495 2330 ἐνιαυσιαίους,
1541 2264 1637 2318 καὶ
1671 2263 1834 2319 ἄλλαι
1877 2260 2083 2330 καιροῦ
2135 2263 2238 2316 καὶΔ
2278 2263 2549 2333 ἡμίσεως,
2625 2265 2720 2317 καὶ
2767 2258 2954 2316 λοιπὸν
3009 2265 3349 2334 κατωτέρω·
3389 2264 3500 2317 ἀπὸ

217 2348 421 2415 διετοῦς
471 2353 584 2424 γάρ
610 2349 678 2424 ἦν
713 2354 776 2407 τὸ
802 2355 1135 2426 πρόσταγμα
1166 2355 1264 2410 τοῦ
1294 2354 1530 2408 δειλαίου
1559 2354 1656 2407 καὶ
1723 2351 2049 2423 παρανόμου
2113 2350 2378 2421 Ἡρώδου,
2426 2354 2521 2407 καὶ
2565 2354 2680 2407 ὅσοι
2756 2351 3130 2425 ἐγεννήθησαν
3193 2355 3300 2424 πρὸ
3370 2357 3503 2426 μιᾶς

217 2446 427 2519 ἡμέρας
449 2445 542 2498 τοῦ
573 2445 800 2513 ἐναγοῦς
829 2446 1041 2500 ἐκείνου
1073 2447 1523 2518 προστάγματος.

287 2536 349 2592 δ’.
397 2538 462 2590 ’Ὠ
517 2537 727 2600 ἐννοίας
782 2536 1039 2607 δακρύων
1071 2537 1553 2609 πεπληρωμένηςῖ
1593 2536 1658 2588 Ὢ
1705 2552 1808 2605 μα-

221 2631 430 2702 καρίων
467 2630 673 2683 παίδων
703 2629 871 2702 μηδὲν
891 2631 1257 2702 ἠδικηκότων,
1293 2632 1390 2685 καὶ
1418 2631 1496 2694 ὡς
1525 2629 1811 2699 πολεμίοιν

226 2720 524 2792 βαρὸἀρων
557 2719 1104 2792 κατασφαζομένωνί
1133 2723 1179 2776 ὣ
1207 2723 1456 2793 αἱμάτων
1489 2721 1693 2781 ἀδίκως
1719 2719 1813 2772 ἐπὶ

223 2813 320 2883 τῆς
354 2811 462 2880 γῆς
509 2811 874 2881 ἐκχεομένων,
917 2811 1014 2865 κα)⁸
1049 2811 1243 2884 ὥσπερ
1297 2811 1522 2882 ὄμϐρων
1571 2812 1628 2864 ἐν
1673 2810 1812 2880 αὐτῇ

225 2905 599 2960 πιανθέντωνε
635 2904 680 2958 ὣ
705 2904 988 2977 δρεπάνης
1027 2903 1282 2976 ὀλεθρίου
1328 2904 1436 2976 πρὸ
1484 2903 1680 2974 καιροῦ
1717 2901 1812 2955 τοῦ

226 2997 415 3068 θέρους
441 2999 502 3050 ἐν
520 2997 672 3068 ἀκμῇ
700 2997 796 3050 τοῦ
827 2995 991 3068 χοροῦ
1028 2995 1129 3060 τὰς
1174 2995 1420 3067 ἀρούρας
1456 2995 1815 3066 αἰχμαλωτη-

227 3090 428 3162 σάσηςῑ
463 3082 510 3143 ὧ
545 3090 800 3161 μητέρων
835 3089 1033 3160 θρῆνος
1065 3092 1162 3144 καὶ
1195 3088 1504 3160 στεναγμὸς
1527 3089 1621 3143 καὶ
1649 3088 1814 3160 ὀδυρσ

1977 2529 2023 2584 Ο
2053 2527 2328 2584 sententia
2390 2527 2650 2599 lacrymis
2692 2529 2886 2599 plena!
2938 2544 2972 2584 ο
3004 2529 3243 2585 infantes
3270 2539 3503 2599 prorsus

1909 2623 2260 2686 innocentes,
2287 2630 2460 2692 utque
2488 2622 2712 2676 barbari
2764 2622 2952 2677 hostes
2983 2621 3274 2677 trucidati!
3312 2638 3345 2678 o
3374 2635 3503 2679 san-

1910 2716 2032 2786 guis
2065 2729 2236 2784 super
2289 2725 2436 2769 terra
2476 2714 2763 2784 profusus,
2806 2726 2860 2770 et
2910 2715 3056 2770 sicut
3115 2715 3302 2784 pluvia
3351 2717 3405 2768 iu
3438 2730 3502 2770 ea

1912 2807 2336 2879 piuguefactus!
2373 2823 2407 2862 o
2443 2807 2725 2863 funestam
2755 2808 2953 2862 falcem
2982 2823 3104 2877 qua:
3131 2814 3264 2862 ante
3287 2817 3503 2877 tempus

1916 2900 2114 2955 messis
2147 2899 2344 2955 mediis
2396 2899 2584 2955 choris
2636 2914 2768 2952 arva
2808 2898 3128 2968 occupasti!
3174 2913 3207 2953 o
3258 2906 3500 2954 matrum

1915 2992 2100 3048 luctus
2134 3001 2189 3047 et
2223 2991 2465 3062 suspiria
2526 2992 2843 3059 multusque
2886 2991 3139 3060 plangor,
3185 2990 3238 3044 in
3296 2990 3504 3059 quibus

1917 3084 2132 3139 nullum
2156 3092 2278 3139 erat
2327 3082 2621 3138 solatium!
2672 3080 2878 3136 Harum
2914 3083 3060 3137 enim
3111 3081 3355 3136 omnium
3387 3095 3505 3134 ma-

229 3182 325 3252 μδς
358 3181 552 3248 πολὺς,
575 3185 632 3236 ἐν
663 3175 706 3250 ᾧ
726 3183 830 3235 οὐκ
853 3177 921 3252 ἦν
938 3182 1289 3253 παράκλησις
1307 3181 1560 3252 οὐδεμία.
1589 3179 1813 3234 Τούτων

1918 3184 2102 3241 trum,
2158 3177 2215 3230 in
2273 3175 2439 3232 unius
2493 3177 2890 3232 lamentatione
2945 3175 3214 3246 propheta
3267 3174 3504 3230 obscure

225 3240 328 3347 γὰρ
347 3240 551 3330 πασῶν,
570 3240 691 3330 τῶν·
710 3240 984 3348 μητέρων,
1008 3240 1089 3338 είς
1115 3240 1243 3346 μιέὶς
1524 3290 1562 3324 π
1572 3274 1815 3344 ροφήτης

1917 3269 2206 3340 praedixit;
2240 3267 2374 3324 dicit
2395 3270 2542 3324 enim
2575 3287 2588 3323 :
2618 3267 2876 3322 Pfaratus
2905 3240 2960 3322 et
2988 3240 3230 3322 ululatus
3257 3267 3458 3322 multus
3480 3283 3502 3322 .‘

224 3371 623 3441 αίνιγματοδώς
679 3370 1110 3441 προεφήτευσεν.
1170 3365 1399 3438 Θρῆνος
1442 3366 1812 3437 γὰρνφηοὶν,

224 3461 322 3516 καὶ
387 3460 718 3530 κλαυθμὸς,
773 3459 870 3513 καί
944 3458 1202 3526 ὀδυρμὸς
1280 3457 1479 3522 πολύς
1505 3473 1522 3490 ο
1585 3454 1813 3525 Ῥαχὴλ

225 3551 532 3606 κλαίουσα
558 3550 629 3603 τὰ
652 3549 832 3602 τέκνα
861 3546 1071 3615 αὐτῆς,
1125 3550 1221 3601 καί
1277 3549 1388 3601 οὐκ
1439 3545 1658 3615 ἤθελεν
1701 3561 1815 3598 πα-

219 3641 625 3710 ρακληθῆναι,
657 3640 744 3693 ὅτι
774 3643 885 3693 οὐκ
923 3641 1083 3694 εἰσίν
1110 3656 1122 3668 ο
1157 3639 1253 3691 καὶ
1291 3638 1364 3708 μὴ
1393 3639 1524 3708 μιᾶς
1553 3638 1714 3708 μόνον
1737 3636 1816 3708 τῷ

224 3733 455 3802 ὀνόματι
489 3731 666 3802 τούτῳ
699 3730 766 3784 τὰ
796 3731 962 3784 τέκνα
987 3731 1442 3799 κατεσφάγησαν,
1478 3730 1602 3799 οὐχί
1633 3747 1648 3761 ο
1680 3729 1818 3782 ἀλλά

225 3824 420 3879 πολλαὶ
468 3823 669 3894 Ῥαχὴλ
704 3821 999 3876 ἐκαλοῦντο
1026 3839 1038 3853 ο
1082 3822 1200 3875 ἀλλ’
1237 3823 1425 3893 ἐπειδὴ
1470 3824 1656 3894 μήτηρ
1706 3823 1816 3876 τῶν

229 3916 489 3987 μητέρων
505 3910 575 3984 ἦν
602 3915 635 3981 ή
669 3912 764 3966 τοῦ
817 3911 1011 3966 Ἰακὼὸ
1061 3903 1402 3982 Ῥαχὴλίδιὰ
1436 3913 1596 3965 τοῦτο
1621 3917 1648 3967 ὁ
1678 3929 1814 3982 προ-

226 4007 406 4079 φήτης
430 4007 494 4060 τδ
526 4007 698 4077 ὄνομα
757 4005 856 4076 τῆς
905 4004 1072 4058 πάλαι
1139 4004 1338 4075 Ῥαχὴλ
1376 4005 1464 4058 διὰ
1518 4005 1579 4058 τὸ
1624 4005 1816 4075 μέλλον

225 4099 389 4170 θέρος
428 4098 538 4153 τῶν
569 4097 804 4168 νηπίων,
852 4100 946 4150 καὶ
989 4098 1090 4169 τὴν
1157 4097 1286 4168 περὶ
1341 4095 1550 4150 τούτων
1606 4097 1812 4167 θλίψιν,

224 4192 514 4265 πόρρωθεν
563 4191 911 4261 ἀνήγγειλεν.
957 4190 1222 4244 Κοπετῶν
1253 4189 1437 4243 τοίνυν
1459 4190 1555 4243 καὶ
1590 4207 1818 4259 στεναγ-

229 4286 345 4355 μῶν
374 4284 595 4356 πλήρης
629 4288 660 4355 ὴ
689 4285 868 4337 ἔννοια
895 4301 909 4314 ·
945 4284 1028 4345 τίς
1061 4284 1170 4354 γὰρ
1212 4281 1288 4352 μὴ
1322 4283 1648 4354 θρηνήσειεν
1677 4283 1817 4355 μετὰ

223 4377 331 4432 τῶν
381 4377 639 4448 μητέρων
689 4376 951 4440 ἐκείνων;
978 4375 1012 4446 ἢ
1044 4375 1129 4438 τίς
1163 4375 1450 4446 σπλάγχνα
1481 4376 1817 4448 οἱκτειρμῶν

225 4471 326 4523 οὐκ
373 4470 655 4540 ἐκτήσατο
703 4469 797 4522 ἐπὶ
833 4471 902 4539 τῇ
960 4468 1183 4540 τοιαύτῃ
1211 4467 1380 4537 ἀδίκῳ
1413 4467 1596 4539 πληγῇ
1622 4484 1636 4533 ;
1664 4468 1698 4539 ἢ
1730 4469 1817 4534 τίς

225 4562 320 4614 τοῦ
350 4561 658 4633 ψελλισμοῦ
686 4561 795 4614 τῶν
830 4561 1117 4631 μακαρίων
1151 4560 1377 4612 ἐκείνων
1409 4558 1814 4631 ἐνθυμούμενος
1846 4591 1892 4650 D

225 4655 288 4705 οὐ
313 4653 744 4723 πληρωθήσεται
771 4651 1058 4722 δακρύων;
1081 4651 1298 4722 ὁρῶντα
1317 4650 1426 4721 γὰρ
1449 4651 1517 4703 τά
1539 4650 1668 4722 ξίφη
1690 4652 1810 4704 κατ’

227 4746 414 4798 αὐτῶν
459 4745 880 4813 ἀκοντιζόμενοι,
945 4745 1040 4798 καὶ
1070 4743 1146 4807 ὡς
1191 4743 1300 4796 ὑπὸ
1335 4742 1542 4814 θηρίων
1600 4742 1812 4812 ἀγρίων

227 4838 292 4890 ἐκ
332 4837 446 4890 τῶν
489 4837 708 4888 κόλπων
759 4834 868 4887 τῶν
925 4834 1183 4905 μητέρων
1237 4833 1618 4904 ἀποσπώμενα
1679 4834 1820 4906 πρὸς

227 4930 436 4994 αὐτοὺς
464 4927 876 4998 ἀπεφθέγγοντο
930 4927 1026 4981 καὶ
1079 4926 1301 4994 ἔλεγον·
1364 4926 1536 4992 Ἀφες
1587 4942 1679 4995 με,
1722 4924 1820 4978 ἀν-

229 5023 445 5094 θρωπε,
490 5022 591 5075 ποῦ
629 5039 696 5093 με
735 5020 1009 5089 ἀπάγεις;
1044 5018 1108 5070 οὑ
1142 5015 1398 5088 γνωρίζω
1435 5034 1495 5070 σε
1520 5033 1538 5050 ο
1571 5018 1673 5070 οὐκ
1701 5013 1820 5070 οἶδα

227 5115 314 5178 τίς
349 5111 401 5168 εί
430 5131 444 5144 ⁸
496 5114 599 5168 οὐκ
651 5110 701 5167 εί
740 5113 806 5166 σὺ
842 5110 968 5164 οὔτε
1009 5110 1199 5181 πατήρ
1237 5125 1363 5179 μου,
1407 5107 1532 5162 οὔτε
1566 5108 1818 5177 ἀδελφὸς,

228 5205 357 5262 οὔτε
388 5207 795 5279 μητράδελφος,
815 5205 878 5259 οὐ
902 5202 1303 5274 πατράδελφος,
1333 5201 1430 5255 καὶ
1457 5202 1557 5255 οὑκ
1577 5201 1822 5270 ἔγνωσαν

228 5301 403 5364 ὅπως.
431 5299 555 5353 οὐδὲ
585 5299 676 5352 διὰ
701 5298 753 5350 τί
801 5299 866 5350 ἐκ
902 5299 1003 5367 τῆς
1035 5295 1141 5364 γῆς
1183 5294 1477 5366 ἐπαίρεται
1509 5297 1544 5363 ἡ
1581 5292 1695 5365 ζωὴ
1726 5294 1825 5347 αὐ-

1918 3359 2118 3414 ΒαεΙιεί
2149 3359 2367 3428 plorans
2409 3359 2552 3428 ﬁlios
2588 3376 2713 3413 suos
2759 3370 2805 3412 et
2862 3359 3031 3412 noluit
3063 3358 3332 3412 consolari
3373 3359 3502 3428 quia

1915 3469 2020 3504 mm
2055 3461 2211 3514 sunt;
2240 3460 2315 3518 et,
2354 3467 2425 3506 ne
2467 3452 2633 3506 unius
2667 3461 2880 3504 tantum
2928 3450 3151 3505 nomine
3201 3451 3306 3506 hoc
3343 3451 3502 3520 pueri

1916 3543 2327 3607 occiderentur,
2363 3543 2625 3608 minime;
2659 3543 2770 3598 imo
2797 3543 2982 3597 multa:
3029 3543 3253 3597 fuerunt
3294 3551 3502 3598 matres

1919 3633 2124 3690 Rachel
2173 3635 2502 3701 nominatae;
2546 3635 2639 3689 scd
2678 3635 3135 3706 quandoquidem
3173 3646 3351 3690 mater
3385 3651 3505 3690 ma-

1918 3737 2062 3782 trum
2116 3736 2239 3783 erat
2284 3727 2456 3783 Jacob
2511 3729 2740 3794 Rachel,
2800 3729 2922 3784 ideo
2984 3729 3254 3800 propheta
3300 3745 3542 3790 nomen.

1917 3821 2120 3874 veteris
2187 3820 2391 3875 Rachel
2450 3821 2523 3876 ob
2585 3837 2885 3892 puerorum
2957 3821 3200 3876 futuram
3265 3837 3504 3878 messem

1917 3914 2098 3983 ubque
2142 3913 2210 3968 de
2263 3914 2374 3969 illis
2418 3915 2866 3979 lamentationes,
2903 3923 3064 3970 antea
3119 3914 3501 3985 proclamavit.

1917 4004 2238 4061 Planctibus
2285 4005 2452 4076 igitur
2511 4007 2880 4076 suspiriisque
2932 4007 3094 4076 plena
3143 4012 3266 4060 erat
3321 4021 3500 4060 mens.

1917 4097 2052 4164 Quis
2099 4100 2244 4153 enim
2306 4114 2416 4152 non
2472 4098 2598 4153 fleat
2669 4112 2775 4152 una
2841 4113 2967 4152 cum
3026 4097 3138 4153 illis
3190 4095 3507 4152 matribus!

1917 4189 2134 4258 quodve
2159 4204 2256 4244 cor
2288 4205 2394 4242 nun
2417 4189 2468 4242 in
2497 4189 2738 4257 cjulatus
2763 4196 3015 4258 erumpat
3043 4204 3141 4257 pro
3161 4189 3368 4244 talibus
3398 4187 3507 4242 ini-

1918 4281 2042 4351 quis
2065 4281 2302 4337 ictibus?
2331 4283 2416 4336 vel
2438 4284 2564 4352 quis
2593 4281 2659 4336 de
2691 4282 2934 4337 balbutie
2965 4281 3188 4336 illorum
3215 4282 3501 4336 beatorum

1918 4373 2212 4429 infantium
2275 4374 2528 4444 cogitans
2578 4390 2691 4429 non
2747 4374 3186 4446 lacrymabitur?
3238 4373 3504 4430 Vidertes

1919 4469 2064 4523 enim
2113 4482 2279 4523 enses
2315 4476 2510 4522 contra
2555 4467 2711 4538 ipsos
2741 4467 3008 4531 vibratos,
3044 4475 3212 4538 utque
3245 4481 3277 4520 a
3311 4468 3442 4521 feris
3473 4481 3506 4520 e

1920 4560 2045 4614 sinu
2082 4567 2320 4614 matrum
2352 4559 2558 4629 arrepti
2589 4559 2664 4614 ad.
2703 4553 2840 4614 istos
2875 4558 3194 4613 clamabant
3217 4557 3504 4612 dicebant-

1917 4661 2026 4720 que
2054 4641 2077 4703 ε’
2104 4649 2330 4706 Dimitte
2373 4665 2481 4715 me,
2514 4650 2638 4715 vir;
2691 4665 2801 4721 quo
2846 4665 2934 4706 me
2986 4650 3255 4705 abducis?
3305 4664 3416 4703 non
3452 4657 3506 4703 te

1916 4756 2235 4813 cognosco;
2267 4742 2460 4812 ignoro
2515 4742 2641 4812 quis
2671 4743 2782 4808 sis;
2812 4758 2920 4797 non
2977 4751 3035 4796 tu
3089 4741 3219 4795 mihi
3267 4756 3328 4796 es
3403 4755 3505 4810 pa-

1917 4841 2022 4900 ter,
2044 4843 2140 4889 aut
2166 4834 2358 4900 frater,
2391 4843 2485 4889 aut
2511 4835 2840 4898 avunculus,
2882 4842 2979 4888 aut
3032 4842 3267 4903 patruus
3297 4849 3312 4900 ;
3357 4847 3503 4886 non-

1917 4926 2048 4982 dum
2089 4934 2468 4998 cognoverunt
2493 4941 2594 4980 cur
2622 4934 2830 4980 eterra
2882 4935 3078 4994 surgat
3122 4939 3314 4980 eorum
3367 4924 3500 4978 vita.

1918 5017 1964 5074 Ο
1989 5019 2169 5074 scelus
2191 5017 2449 5088 aquatilis
2474 5018 2771 5087 serpentis,
2797 5018 3172 5073 innocentium
3200 5031 3500 5086 puerorum

1919 5126 2142 5166 carnem
2173 5109 2515 5172 devorantis,
2547 5123 2612 5163 ac
2638 5123 2748 5163 non
2790 5110 2972 5164 satiati
2998 5111 3011 5163 !
3041 5109 3177 5164 Cum
3209 5109 3356 5163 enim
3392 5123 3503 5162 ca:-

1919 5203 2017 5258 des
2039 5200 2333 5256 infantium
2357 5208 2577 5270 peracta
2616 5198 2811 5256 fuisset
2841 5201 2961 5256 sine
2993 5201 3499 5265 commiseratione,

1924 5301 2069 5348 metu
2099 5301 2264 5362 atque
2283 5292 2498 5348 insania
2525 5293 2808 5362 qmcrebat
2831 5293 3010 5348 adhuc
3029 5293 3272 5363 genitum
3295 5294 3499 5362 regem,

231 5393 364 5450 τῶν.
403 5388 476 5445 Ὦ
508 5389 824 5464 παρανομία
881 5389 976 5443 τοῦ
1007 5387 1195 5459 βυθίου
1220 5386 1538 5455 δράκοντος,
1571 5387 1670 5450 τὰς
1701 5388 1815 5459 σάρ-

1923 5401 1988 5440 ac
2038 5383 2416 5440 indesinenter
2461 5385 2782 5456 suspirabat
2829 5399 2894 5440 ac
2938 5384 3328 5451 tremescebat,
3368 5384 3500 5439 dum

232 5505 340 5552 κας
378 5487 489 5541 τῶν
523 5485 782 5540 ἀναιτίων
819 5483 1031 5537 παίδων
1074 5481 1436 5554 βεϐρωκότος,
1473 5483 1566 5534 καὶ
1604 5481 1678 5553 μὴ
1713 5484 1815 5552 sp-

1926 5480 2107 5534 anima
2133 5477 2255 5549 ejus
2284 5478 2352 5533 ab
2392 5478 2511 5549 ipso
2537 5479 2717 5534 ablata
2747 5487 2914 5535 esset.

236 5581 602 5654 πλησθέντος.
635 5579 758 5635 Ἐτι
787 5579 895 5651 γὰρ
918 5577 1132 5649 καὶτῆς
1163 5577 1544 5640 παιδοκτονίας
1565 5577 1811 5649 ἀνηλεῶς
1853 5577 2178 5646 γενομένης,
2238 5573 2414 5645 δειλία
2463 5576 2557 5628 καὶ
2611 5575 2842 5648 ἀπονοίᾳ
2897 5576 2976 5630 ἔτι
3026 5574 3212 5648 ζητῶν
3274 5568 3343 5647 ἦν
3405 5573 3501 5626 τὸν

235 5676 500 5746 τεχθέντα
541 5674 772 5746 βασιλέα
805 5689 818 5704 ⁸
857 5673 950 5726 καὶ
986 5673 1086 5724 οὐκ
1139 5669 1419 5725 ἐπαύσατο
1466 5673 1668 5725 στένων
1728 5674 1823 5726 καὶ
1860 5672 2105 5741 τρέμων,
2134 5670 2240 5734 ἕως
2279 5662 2341 5723 οῦ
2378 5669 2410 5741 ή
2445 5668 2590 5741 ψυχὴ
2625 5669 2791 5725 αὑτοῦ
2823 5671 3092 5744 ἀφαιρέθη
3157 5671 3253 5726 ἀπ’
3315 5668 3503 5725 αὑτοῦ.

1758 5762 1991 5820 NOTIE.

315 5865 393 5934 (ί)
420 5865 523 5922 Hic
560 5863 723 5921 docet
753 5872 945 5920 auctor
985 5879 1044 5921 se
1081 5864 1286 5922 vixisse
1325 5864 1508 5922 medio
1549 5865 1979 5922 smcul'oChristi
2003 5874 2213 5921 octavo.
