4130 6450
601 416 737 481 15θ7

1873 416 2116 485 INDEX
2153 423 2625 485 ANALYTICUS

3763 414 3899 482 1508

671 527 769 586 Hic
800 529 969 601 igitur
992 530 1262 587 Dominus
1295 534 1350 587 in
1399 533 1707 606 Evangeliis
1741 548 1937 593 notans
1966 535 2185 592 Judaeo-
2221 543 2239 599 Δ

2365 544 2428 592 ε’.
2491 538 2642 590 Ἐκεῖ
2676 535 2776 607 μὲν
2821 529 2916 590 οὖν
2945 536 2974 589 ό
3008 532 3214 606 Κύριος
3242 535 3302 586 ἐν
3334 529 3697 601 Εὗαγγελίοις
3725 534 3903 603 mito

601 637 722 676 rum
748 624 1041 687 insaniam,
1059 623 1361 683 Jerusalem
1386 629 1523 683 dixit
1546 647 1559 685 :
1583 628 1943 685 01erusatem
1963 648 2077 704 qua
2099 649 2191 685 oc-

603 714 736 769 cidis
767 718 1086 784 prophetas;
1110 734 1211 789 ego
1244 735 1372 775 vero
1400 722 1524 776 dico
1539 732 1746 778 sanctae
1762 724 2061 789 Bethleem,
2082 740 2191 778 non

607 807 1006 876 incrituinans,
1048 812 1145 868 sed
1175 813 1491 883 glorificans
1539 834 1554 871 :
1599 815 2191 886 Bethleem,Bethleem

607 903 700 958 ubi
736 904 954 973 genitus
983 913 1069 960 est
1104 904 1363 962 Christus
1397 923 1493 963 rex
1523 925 1781 980 magnus,
1815 919 1872 965 tu
1908 926 2031 980 qua:
2053 910 2194 965 ultra

611 1009 912 1065 purpuram
947 995 1156 1065 regiam
1199 1005 1257 1051 et
1294 997 1545 1068 byssum,
1599 1001 1856 1071 recepisti
1908 1001 2193 1055 beatorum

610 1102 908 1155 puerorum
953 1089 1305 1158 sanguinem,
1374 1092 1610 1161 primum
1658 1092 2004 1148 sanctiﬁcata
2041 1094 2197 1148 fuisti

609 1178 834 1233 Christo
858 1179 911 1234 in
938 1180 1140 1236 ﬁnibus
1162 1183 1241 1237 tui
1266 1192 1416 1247 nato,
1440 1184 1550 1238 imo
1573 1186 1628 1239 in
1653 1184 1760 1238 tuis
1785 1185 2008 1249 ﬁnibus,
2025 1186 2117 1240 sed
2140 1186 2196 1241 in

611 1270 784 1340 teipso
801 1271 1109 1327 venientem
1134 1282 1193 1326 ut
1220 1274 1489 1329 mundum
1508 1250 1738 1338 salvet,e
1759 1275 2003 1347 Virginis
2028 1276 2196 1334 ilibus

609 1374 902 1418 exeuntem
962 1365 1140 1434 prima
1181 1366 1439 1436 recepisti
1485 1367 1921 1438 Primogenitum
1953 1372 2197 1425 omnium

610 1462 1012 1520 creaturarum,
1040 1463 1095 1510 et
1118 1460 1363 1511 omnium
1387 1455 1774 1527 Conditorem;
1803 1462 2201 1530 posteriorem-

610 1559 715 1613 que
739 1544 1235 1600 sanctiﬁcationem
1278 1548 1534 1618 recepisti
1578 1552 1904 1621 sanguinem
1935 1553 2201 1609 innocen-

612 1637 749 1691 tium
786 1652 848 1692 ac
874 1638 1165 1694 beatorum
1212 1657 1532 1711 puerorum.
1567 1642 1646 1698 Illi
1695 1645 1844 1699 enim
1896 1655 2024 1701 sunt
2073 1663 2202 1703 vere

614 1728 940 1786 innocentes
962 1772 976 1796 ,
1009 1746 1270 1801 quorum,
1310 1742 1368 1787 ut
1409 1749 1679 1806 agnorum
1703 1737 2039 1807 simplicium
2070 1755 2200 1794 san-

614 1822 737 1891 guis
784 1837 885 1891 pro
927 1830 1119 1878 nostro
1175 1826 1439 1881 Creatore
1499 1838 1584 1883 est
1636 1826 1866 1885 etiusus.
1917 1827 1962 1885 0
2011 1830 2202 1887 beatos

618 1913 947 1968 innocentes
979 1914 1114 1984 legis
1147 1913 1447 1972 Dominicaa
1482 1917 1628 1972 haud
1663 1919 1896 1984 inscios,
1926 1920 2057 1975 etin
2088 1922 2208 1991 lege
2234 1888 2276 1947 Ο

618 2004 765 2059 illius
799 2006 866 2058 ad
916 2022 1042 2061 eum
1082 2010 1405 2079 pergentes!
1460 2024 1493 2064 o
1538 2011 1721 2080 pullos
1751 2012 2053 2068 rationales
2080 2030 2212 2084 prn-

617 2095 861 2151 dentittm
894 2106 1173 2154 turturum
1204 2116 1269 2155 ac
1295 2100 1631 2172 simplicium
1660 2103 2070 2170 columbarum,
2103 2123 2211 2161 non

619 2188 923 2243 secundum
962 2190 1135 2260 legem
1173 2190 1287 2246 Deo
1318 2193 1575 2250 oblatos!
1625 2192 1733 2250 Sed
1767 2198 1944 2265 gratia
1976 2196 2209 2265 Christi,

622 2294 720 2348 pro
751 2294 817 2334 eo
845 2280 1127 2335 innocenti
1175 2282 1403 2337 illorum
1439 2285 1669 2355 sanguis
1713 2283 1924 2343 eﬂusus
1970 2297 2111 2345 erat.
2163 2288 2209 2345 Ο

619 2371 825 2427 vitulos
858 2373 1165 2427 secundum
1216 2376 1541 2446 prophetas,
1568 2392 1599 2432 e
1634 2378 1874 2437 vinculis
1907 2382 2123 2438 solutos
2151 2384 2206 2438 in

619 2465 823 2534 quibus
878 2474 1039 2519 erant
1086 2465 1307 2533 victuri,
1346 2477 1402 2523 et
1445 2483 1557 2539 prie
1607 2471 1798 2526 laatitia
1840 2476 2207 2541 exsultantes,

620 2557 956 2625 quibuscum
988 2559 1247 2615 Christus
1278 2571 1471 2617 noster
1511 2560 1657 2620 Deus
1698 2574 1912 2635 partem
1944 2576 1999 2623 et
2034 2568 2210 2625 luere-

621 2649 848 2705 ditatetn
879 2652 1037 2708 nobis
1063 2653 1348 2720 concedet,
1372 2655 1501 2725 quia
1521 2656 1589 2711 ad
1610 2675 1735 2712 eum
1760 2660 2000 2730 pertinet
2018 2662 2210 2731 decus,

624 2742 815 2811 gloria,
862 2753 915 2798 et
962 2745 1213 2800 adoratio
1244 2754 1300 2802 et
1333 2750 1506 2804 honor
1537 2767 1686 2806 nunc
1709 2794 1725 2818 ,
1759 2768 1979 2825 semper
2012 2763 2066 2811 et
2116 2772 2213 2826 per

624 2833 805 2885 omnia
834 2833 1034 2888 secula
1066 2837 1417 2893 szeculorunt.
1449 2839 1646 2894 Atneu.

2294 630 2469 685 τεύων
2505 629 2748 702 τὴντῶν
2802 627 3074 681 Ἰουδαίων
3122 626 3333 690 ἄνοιαν,
3396 626 3463 695 τῇ
3522 624 3895 694 Ἰερουσαλὴμ

2295 722 2421 794 ἔφη·
2437 720 2835 790 Ἰερουσαλὴμ
2865 721 2903 788 ἠ
2928 720 3379 775 ἀποκτείνουσα
3398 714 3542 780 τσὺς
3558 714 3897 783 προφήτας

2295 813 2407 883 ἐγὼ
2433 814 2489 867 δέ
2514 831 2657 883 φημι
2679 815 2746 884 τῇ
2778 813 2912 880 ἁγία
2932 810 3203 881 Βηθλεὲμ,
3228 808 3352 878 οὐχὶ
3376 807 3736 878 στηλιτεύων,
3762 809 3901 861 ἀλλά

2294 907 2563 973 δοξάζων·
2605 907 2874 977 Βηθλεὲμ.
2915 904 3187 977 Βηθλεὲμ,
3234 896 3354 975 ὲνῇ
3392 900 3664 971 ἐγεννήθη
3701 904 3731 954 ό
3761 903 3901 972 Χρι-

2300 1000 2424 1064 στὸς
2449 1003 2477 1054 ό
2502 1000 2676 1071 μέγας
2717 999 3004 1061 Βασιλεὺς,
3042 1001 3075 1069 ἡ
3119 998 3260 1068 ὑπὲρ
3288 995 3580 1066 πορφύραν
3609 994 3901 1064 βασιλικὴν

2298 1093 2394 1147 καὶ
2456 1091 2677 1162 βύσσον,
2744 1090 3014 1161 δεξαμένη
3065 1090 3133 1142 τὰ
3181 1089 3291 1142 τῶν
3345 1088 3641 1159 μακαρίων
3687 1088 3903 1157 νηπίων
3978 1150 3983 1153 ν

2299 1184 2530 1254 αἵματα,
2570 1184 2788 1255 πρῶτον
2828 1184 2928 1252 μὲν
2987 1181 3261 1252 ὴγιάσθης
3307 1182 3366 1233 έν
3419 1183 3534 1243 τοῖς
3572 1179 3754 1251 ὁρίοις
3810 1196 3902 1231 σου

2299 1277 2609 1349 τεχθέντος,
2641 1275 2737 1329 καὶ
2764 1275 2863 1328 οὐκ
2887 1276 2946 1327 ὲν
2968 1276 3083 1337 τοῖς
3106 1274 3276 1344 ὁρίοις
3300 1290 3419 1337 σου,
3446 1271 3565 1328 ἀλλ’
3599 1274 3661 1325 ὲν
3686 1272 3777 1324 eo".
3814 1273 3907 1323 αὖα

2302 1372 2399 1439 τῇ,
2424 1369 2518 1420 τὸν
2537 1367 2763 1420 ἐλθόντα
2797 1366 2883 1419 ἵνα
2908 1364 3063 1438 σώσῃ
3090 1366 3180 1418 τὸν
3206 1366 3432 1436 κόσμον,
3459 1366 3527 1418 ἐκ
3551 1364 3906 1436 παρθενικῶν

2302 1461 2545 1527 λαγόνων
2562 1456 2896 1528 προελθόντα
2912 1454 3109 1527 πρώτη
3132 1455 3405 1527 δεξαμένη
3426 1456 3521 1509 τὸν
3552 1456 3907 1527 πρωτότοκον

2302 1553 2486 1623 πάσης
2515 1552 2617 1621 τῆς
2650 1551 2905 1613 κτίσεως,
2939 1548 3038 1603 καὶ
3079 1552 3426 1621 Δημιουργὸν
3459 1550 3571 1604 τῶν
3603 1552 3866 1604 ἁπάντων
3892 1568 3905 1580 υ

2304 1646 2402 1699 καὶ
2422 1645 2675 1716 δεύτερον
2700 1645 2975 1715 ἀγιασμὸν
3000 1645 3168 1711 ἐδέξω
3189 1643 3260 1696 τά
3280 1643 3495 1712 αἵματα
3515 1642 3633 1695 τῶν
3655 1642 3909 1713 ἀμώμω)

2306 1738 2401 1792 καὶ
2427 1737 2715 1808 μακαρίων
2745 1737 2950 1789 παίδων
2974 1752 2987 1766 ·
3023 1736 3177 1789 αὐτοὶ
3204 1736 3314 1807 γάρ
3338 1737 3477 1789 εἰσιν
3500 1734 3731 1804 ἀληθῶς
3754 1736 3909 1803 ἄμω-

2313 1846 2404 1900 μοι
2437 1846 2452 1859 '
2483 1824 2559 1884 ὧν
2588 1846 2754 1882 τινων
2783 1828 2860 1891 ὡς
2887 1828 3097 1898 ἀρνίων
3119 1827 3343 1881 ἀκάκων
3374 1826 3436 1878 τὸ
3465 1821 3607 1896 αἷμα
3641 1827 3792 1894 ὑπὲρ
3818 1825 3909 1876 τοῦ

2310 1922 2639 1993 ποιήσαντος
2660 1923 2810 1992 ἡμᾶς
2836 1920 3089 1991 ἐξεχύθη.
3111 1914 3182 1971 Ὦ
3210 1919 3498 1989 μακαρίων
3520 1917 3783 1988 ἀμώμων
3807 1918 3912 1969 τῶν

2309 2012 2398 2066 τὸν
2431 2013 2597 2083 νόμον
2626 2013 2833 2082 Κυρίου
2861 2014 2935 2081 μὴ
2958 2011 3411 2080 ἀναγνωσὰντων,
3436 2012 3533 2063 καὶ
3556 2012 3617 2062 ὲν
3646 2010 3731 2080 τῷ
3761 2011 3912 2079 νόμω

2309 2104 2476 2160 αὐτοῦ
2500 2106 2638 2175 πρὸς
2667 2104 2831 2157 αὑτὸν
2860 2102 3271 2173 πορευθέντωνε
3306 2096 3376 2153 Ὦ
3407 2100 3650 2154 νεοσσῶν
3676 2100 3913 2167 λογικιῖχ

2311 2198 2491 2268 σοφῶν
2514 2198 2793 2268 τρυγόνων
2816 2197 2912 2249 καὶ
2936 2194 3217 2265 ἀκεραίων
3246 2192 3615 2264 περιστερῶν,
3648 2192 3764 2244 τῶν
3794 2192 3913 2261 oili

2309 2289 2551 2361 νομικῶς
2589 2288 3072 2360 προσενεχθέντων
3104 2287 3182 2357 τῷ
3216 2286 3355 2356 Θεῷ,
3388 2286 3527 2340 ἀλλά
3556 2286 3753 2357 χάριτι.
3783 2286 3912 2353 Χρι-

2307 2383 2458 2445 στοῦ,
2488 2383 2631 2453 ὑπὲρ
2661 2381 2829 2436 αὐτοῦ
2855 2381 2952 2435 τοῦ
2983 2381 3291 2451 ἀμωμήτου
3325 2378 3419 2432 τοῦ
3453 2379 3692 2449 αἵματος
3726 2376 3912 2429 αὐτῶν

2307 2471 2657 2541 ἐκχυθέντοςί
2692 2467 2764 2526 Ὦ
2793 2471 3111 2542 μοσχαρίων
3155 2469 3516 2541 προφητικῶς
3554 2469 3622 2521 ὲκ
3662 2468 3777 2521 τῶν
3832 2468 3913 2519 δε-

2310 2563 2464 2633 σμῶν
2489 2556 2566 2617 ὧν
2593 2564 2822 2634 ἔμελλον
2860 2565 3131 2635 πράττειν
3164 2560 3489 2626 ἀνεθέντων,
3523 2559 3621 2612 καὶ
3658 2560 3717 2610 ὲν
3745 2559 3912 2625 ἀγαλ-

2309 2655 2490 2710 λιάσει
2528 2657 2930 2729 σκιρτούντωνο
2960 2656 3080 2726 μεθ’
3116 2650 3190 2707 ὧν
3219 2654 3452 2725 Χριστὸς
3490 2652 3521 2704 ό
3550 2651 3691 2713 Θεὸς
3749 2650 3908 2719 ἡμῶν

2323 2750 2518 2822 μερίδα
2556 2752 2647 2804 καὶ
2696 2750 2898 2822 κλῆρον
2947 2750 3107 2803 δώσει
3158 2750 3291 2819 ἡμῖν
3321 2763 3336 2779 ·
3377 2748 3459 2799 ὅτι
3510 2745 3667 2814 αὐτῷ
3715 2745 3911 2814 πρέπει

2322 2840 2471 2907 δόξα,
2505 2842 2667 2914 τιμὴ,
2697 2841 3074 2913 προσκύνησις
3097 2842 3193 2895 καὶ
3214 2840 3692 2911 μεγαλοπρέπεια,
3711 2835 3805 2889 νῦν
3828 2838 3912 2887 καὶ

2321 2935 2527 3003 ἁεὶ,καὶ
2539 2938 2617 2999 είς
2632 2937 2757 3000 τοὺς
2772 2935 3092 3007 σύμπαντας
3116 2934 3319 2997 αἰῶνας
3334 2932 3442 2985 τῶν
3464 2930 3707 2985 αἰώνων.
3724 2929 3910 2997 Ἀμήν.

638 3128 3882 3176 W

1422 3322 1583 3448 IN
1590 3320 2043 3451 DICES
2138 3318 3061 3453 ANALYTICI.

1811 3734 2207 3825 INDEX
2299 3735 2713 3826 RERUM

645 3922 811 3990 QUAS
842 3922 910 3977 IN
935 3893 1603 3983 DISSERTATIONIBUS
1635 3925 2153 3984 DAMASCENICIS
2180 3925 2269 3982 ET
2303 3926 2463 3982 VITA
2491 3926 2550 3983 S.
2582 3925 2874 3984 JOANNIS
2924 3925 3325 3984 DAMASCENI
3374 3926 3902 3987 CONTINENTUB.

1218 4082 1513 4139 Revocatur
1537 4083 1728 4139 Lector
1760 4085 1829 4139 ad
1859 4085 2070 4140 litteras
2095 4085 2395 4141 numerate:
2428 4086 2565 4139 inter
2590 4102 2757 4140 uncos
2797 4085 3006 4156 positas
3048 4087 3105 4140 in
3177 4094 3350 4140 textu.

1391 4239 1511 4299 Quae
1533 4237 1753 4292 ustericis
1774 4246 2021 4311 notantur,
2046 4238 2113 4290 ad
2142 4236 2303 4291 Vitam
2322 4240 2380 4292 S.
2401 4238 2610 4292 Joannis
2637 4238 2929 4293 Damasceni
2955 4247 3200 4305 spectant.

1425 4546 1474 4608 Α

720 4626 1126 4681 ειυυθιιιιθιὶοιιυε
1155 4624 1413 4685 Chalipha,
1440 4638 1526 4683 vn.
1546 4639 1661 4677 ann.

718 4693 990 4752 Actemeue
1031 4689 1258 4752 monachi
1300 4686 1530 4738 Nestorio
1552 4688 1753 4752 addicti,
1782 4701 1915 4739 Lvut.
1941 4688 2238 4752 Supposito-

659 4765 767 4800 rum
817 4750 965 4802 variis
1006 4750 1291 4801 auctoribus
1335 4763 1545 4812 operum
1591 4750 1877 4801 conditores
1909 4750 2149 4814 suspecti,
2174 4767 2238 4812 LI,

661 4827 824 4863 ιχιΊιι.

724 4875 943 4983 Egyptii
965 4874 1228 4924 orthodoxi
1274 4886 1467 4935 azymos
1505 4887 1659 4937 panes
1702 4873 1945 4925 obtulisse
1993 4875 2240 4935 feruntur,

724 4952 782 4983 ιχ
826 4951 858 4983 Ι.

660 4951 858 4986 ιχχχιιι.

728 4997 1013 5069 Alexander
1051 5002 1226 5048 auctor
1266 4997 1506 5048 orationis
1550 4997 1616 5047 de
1644 4996 1699 5045 S.
1724 4996 1966 5057 Barnaba,
2015 5010 2113 5061 quo
2139 5012 2245 5048 aevo

662 5068 940 5113 scripserit.
972 5074 1066 5110 ιιι.

726 5075 1445 5185 Ἇῗέξέιιξδὲιῑιίῐίετεροὶἱιοιι-ιις
1463 5119 1683 5171 Nestorii
1705 5121 1883 5185 fautor,
1908 5135 1954 5185 ιτ.

726 5182 925 5233 Alcuini
949 5190 1096 5233 aetate
1119 5182 1335 5234 Romana
1356 5182 1575 5232 Ecclesia
1596 5197 1757 5244 azyma
1771 5182 2241 5243 oii'erebat,t.xxxvt.

696 5308 706 5317 0
730 5247 1108 5307 Amphilochius
1134 5248 1359 5296 Sidensis
1379 5245 1769 5296 Chalcedonensi
1794 5247 1985 5306 synodo
2008 5244 2246 5295 refracta-

666 5323 789 5363 I‘IIIS,
823 5321 931 5356 χιν.

732 5372 1020 5419 Ammonius
1066 5369 1414 5420 Alexandrina!
1451 5369 1633 5418 schola;
1676 5371 1936 5428 magister,
1963 5381 2127 5416 XLVIII.
2156 5370 2246 5417 Ju-

672 5435 853 5481 lianum
901 5432 1390 5492 Halicarnassensem
1443 5438 1694 5492 assumpta
1747 5430 1899 5492 Pauli
1933 5430 2245 5492 Satnosateni

671 5506 882 5556 persona
908 5503 1102 5556 enecat,
1136 5491 1252 5543 ibid.
1287 5494 1400 5556 Ejus
1426 5498 1543 5556 mtas
1561 5490 1858 5551 ostenditur,
1883 5490 2002 5556 ibid.

736 5552 1021 5605 Anastasius
1061 5552 1104 5606 Il
1149 5555 1486 5605 Antiochenus
1522 5555 1832 5603 homiliarum
1875 5556 1924 5604 in
1967 5554 2250 5604 Hexaeme-

674 5629 762 5665 ron
786 5622 974 5673 auctor,
996 5632 1137 5667 vau.
1455 5659 1458 5664 .

740 5676 1049 5739 ‘Anastasius
1078 5676 1210 5727 Petri
1236 5677 1524 5729 Damasceni
1548 5689 1826 5739 successor,
1854 5692 1989 5739 χχιιι,
2014 5692 2130 5728 ann.

734 5738 1410 5803 AnathematismiGregorio
1429 5740 1799 5802 Thaumaturgo
1821 5742 2083 5803 suppositi,
2096 5739 2250 5802 Apol-

676 5802 914 5853 linaristis
946 5801 1183 5851 reddendi
1209 5801 1343 5861 sunt,
1381 5816 1569 5853 xxxm.

737 5864 956 5913 Anselmi
982 5863 1352 5914 Cantuariensis
1377 5865 1440 5914 de
1473 5865 1691 5928 Spiritus
1724 5863 1881 5915 sancti
1927 5865 2250 5928 processione

676 5930 929 5987 tractatus,
954 5940 1001 5988 ν,
1051 5938 1148 5973 χιχ.

2404 4550 2667 4600 Anselmus
2684 4546 3107 4609 Havelbergensis
3129 4563 3239 4600 cum
3272 4549 3456 4600 Graecis
3497 4550 3729 4599 solemne
3775 4548 3923 4598 collo-

2340 4615 2513 4675 quium
2532 4612 2719 4672 habuit,
2746 4626 2833 4665 χχ.
2856 4626 3034 4661 ιχχχν.

2405 4671 2932 4736 Apollinariioperum
2984 4672 3218 4736 indexab
3242 4675 3351 4736 ejus
3397 4671 3646 4735 discipulo
3668 4672 3925 4723 Timotheo

2343 4735 2667 4797 conScriptus,
2714 4735 2879 4792 χχχιιι,
2943 4749 3082 4797 seqq.
3134 4735 3253 4791 Eius
3309 4735 3575 4784 familiares
3638 4736 3924 4797 locutiones,

2316 4854 2317 4857 η
2344 4810 2496 4854 xxxv,
2522 4793 2576 4846 et
2595 4793 2737 4859 seqq.
2787 4793 3031 4857 Ejusdem'
3050 4793 3265 4858 epistola
3290 4797 3351 4845 ad
3394 4798 3689 4857 Dionysium
3715 4793 3922 4847 Corinthi

2344 4861 2651 4968 episcopum,
2675 4871 2840 4907 χχχιν.

2406 4923 2513 4968 Ano
2540 4922 2745 4968 linaritts
2768 4927 2939 4968 auctor
2960 4919 3096 4968 illitis
3118 4918 3167 4967 di

2406 4918 2745 4983 Apollinaritts
2768 4927 2939 4969 auctor
2960 4919 3096 4968 illitis
3118 4918 3259 4977 dicti,
3288 4921 3451 4983 Unam
3488 4918 3573 4972 Dei
3612 4918 3774 4983 Verbi
3792 4924 3926 4983 natu-

2347 4980 3083 5052 νᾳηίὶηῳνιιαεαηιηχχχιιιιιβι
3107 4993 3249 5043 seqq.
3284 4982 3334 5030 Id
3357 4982 3573 5042 Cyrinus
3614 4981 3677 5028 ab
3719 4981 3928 5029 Athana-

2346 5043 2421 5093 sio
2454 5043 2724 5107 proiectutn
2747 5045 2954 5106 putavit,
2976 5042 3096 5092 ibid.

2409 5122 2622 5173 Articuli
2651 5124 2709 5172 ad
2732 5124 3035 5172 sarciendam
3058 5124 3293 5181 unionem
3320 5122 3585 5181 utriusque
3610 5119 3855 5169 Ecclesia:
3876 5116 3929 5167 ab

2348 5185 2643 5234 Innocentio
2672 5183 2729 5234 IV
2752 5191 2803 5233 et
2830 5185 3113 5233 Alexandro
3136 5179 3199 5231 ιν
3228 5183 3441 5245 probati,
3470 5179 3571 5231 χχι.

2411 5248 2665 5296 Athanasii
2695 5259 2792 5294 non
2838 5251 2916 5293 est
2949 5246 3198 5306 expositio
3231 5241 3356 5293 'tidei
3396 5245 3461 5293 de
3506 5247 3852 5292 incarnatione
3874 5241 3926 5288 ad

2349 5310 2630 5364 Jovianum,
2656 5321 2811 5356 xxxtt.
2839 5306 2930 5371 Est
2954 5307 3455 5371 Aptiuiﬂariitiilill.
3641 5364 3651 5371 _
3714 5364 3759 5371 __
3810 5361 3821 5371 .

2412 5371 2682 5419 Athanasio
2732 5364 3040 5431 suppositum
3083 5368 3391 5431 opus,__Qnod
3438 5379 3563 5416 unus
3605 5364 3672 5415 sit
3700 5364 3929 5431 Christus.

2351 5446 2480 5481 XLIII.
2508 5426 2895 5493 Apollinaristagi
2924 5430 3056 5493 fetus
3096 5426 3194 5482 est.
3218 5427 3336 5493 ibid.
3370 5430 3493 5493 Item
3531 5441 3658 5493 opus
3714 5427 3847 5475 aliud
3875 5426 3931 5473 de

2350 5489 2680 5543 incarnatione
2722 5491 2811 5542 Dei
2856 5489 3025 5545 Verbi.
3081 5497 3249 5540 contra
3296 5491 3507 5539 Pautum
3548 5491 3931 5541 Samosatemuu.

2352 5554 2471 5666 ﬁnd.
2494 5557 2589 5607 Cur
2616 5555 2870 5617 praefixum
2896 5549 2974 5603 his
2998 5551 3140 5601 libris
3162 5551 3418 5602 Athanasii
3445 5563 3648 5612 nomen,
3675 5552 3925 5613 conjecta-

2391 5628 2585 5666 0.xuv.

2391 5631 2439 5676 ο,
2455 5628 2585 5665 χιιν.

2416 5672 2623 5729 ‘Auctor
2644 5678 2881 5728 orationis
2928 5672 3106 5739 Deliis
3136 5673 3221 5739 qui
3261 5673 3311 5724 in

2354 5738 2658 5791 existimavit

2360 5810 2483 5861 σιω,
2504 5802 2656 5852 fuisse

3364 5671 3460 5737 ﬁde
3492 5670 3823 5737 dormierunt.
3843 5683 3929 5737 non

2724 5740 2909 5788 entiles
2938 5731 3231 5787 idololatria
3258 5742 3311 5784 et
3352 5731 3464 5785 aliis
3498 5733 3783 5785 sceleribus
3806 5732 3931 5780 addi-

2724 5799 2944 5850 iberatos
2982 5815 3009 5849 a
3056 5800 3270 5849 Domino
3309 5799 3423 5846 dum
3448 5797 3710 5846 descendit
3734 5794 3930 5845 adiute-

2364 5855 2479 5922 νος(
2501 5877 2609 5913 xcv.
2631 5864 2820 5913 Auctor
2860 5863 3103 5911 sermonis
3143 5862 3213 5911 De
3244 5855 3569 5910 Pltitocosmis
3590 5866 3824 5909 actmrate
3844 5866 3932 5905 non

2363 5924 2562 5989 scripsit
2582 5925 2647 5977 de
2672 5925 2863 5977 Joanne
2891 5922 3218 5984 Damasceno,
3252 5933 3304 5981 ιι,
3325 5932 3442 5971 ann.
