4012 6338
517 344 623 406 643

1680 330 1742 388 S.
1781 326 2098 387 JOANNIS
2137 323 2563 383 DAMx-ISCENI

3679 330 3788 392 0H

517 473 636 513 rum
662 457 852 528 jugum
884 450 1304 515 excusserimus,
1339 458 1691 518 tyrannorum
1735 439 1897 496 etiam
1926 439 2099 494 servi-

2208 437 2425 507 μεν,κα“ι
2437 435 2550 487 τῶν
2565 434 2842 506 τυράννων
2856 436 2952 505 τὴν
2969 436 3202 506 ζεύγλην
3219 437 3626 509 ἅποσεισόμεθα
3645 441 3781 513 (3|),

520 559 689 604 tatem
725 562 845 618 quae
873 559 973 598 nos
1001 543 1234 611 premit,
1261 531 1592 607 depcllemus
1619 553 1633 589 :
1673 547 1736 588 ac
1767 531 1912 587 sicut
1944 531 2098 586 nobis

517 657 548 694 e
589 638 890 708 potioribus
930 634 1106 690 tristia
1133 637 1540 703 provenerunt,
1572 628 1652 684 sic
1692 641 1726 681 e
1767 625 2020 679 tristibus
2046 629 2098 677 et

520 730 760 794 molestis
782 728 1102 794 jucundiora
1146 726 1436 790 redibunt,
1467 721 1856 792 pristinamque
1881 716 2098 770 liberta—

526 832 636 873 tem
684 818 884 888 adepti,
911 831 1044 885 pure
1075 825 1330 885 casteque
1371 813 1600 868 Domino
1639 811 1750 864 Deo
1775 804 2100 878 egressionis

521 910 720 964 festum
753 908 1148 963 celebrabimus
1196 925 1210 961 :
1251 919 1314 960 ac
1373 913 1482 958 tum
1519 901 1672 956 nobis
1723 915 1752 953 a
1789 897 2099 966 blasphema

521 1014 652 1055 voce
684 999 974 1055 extollente
1023 1013 1082 1053 se
1135 998 1394 1052 adversus
1451 992 1789 1050 conditorem
1834 987 2100 1056 liberatis,

522 1090 846 1160 tranquillus
875 1091 979 1144 erit
995 1087 1250 1144 Ecclesia
1274 1097 1470 1141 status.
1506 1084 1664 1138 Laatis
1685 1082 1889 1136 facibus
1912 1079 2104 1134 victori

525 1181 718 1235 mortis
745 1179 1040 1234 immortali
1079 1179 1292 1248 Sponso
1326 1176 1536 1231 obviam
1559 1173 1929 1244 procedentes,
1965 1170 2102 1223 inte-

528 1271 856 1327 meratoillo
889 1270 1126 1325 thalamo
1155 1268 1516 1337 excipiemur,
1565 1280 1629 1318 ac
1687 1263 1918 1319 revelata
1965 1260 2102 1316 facie

523 1362 736 1417 Domini
769 1362 1073 1417 claritatem
1105 1357 1616 1428 contemplabimur,
1648 1353 1797 1422 cujus
1821 1351 2104 1422 iucundis-

523 1457 660 1509 sima
690 1454 1092 1524 pulchritudine
1121 1453 1460 1522 perfruemur
1493 1469 1507 1504 :
1575 1463 1806 1518 quocum
1847 1445 1995 1500 Patri
2040 1458 2105 1500 ac

525 1543 750 1613 Spiritui
779 1551 968 1598 sancto
997 1583 1012 1607 ,
1051 1543 1252 1605 honor,
1292 1538 1571 1606 adoratio,
1601 1545 1656 1592 et
1683 1533 2101 1607 magniﬁcentia,

526 1651 669 1689 nune
703 1645 758 1690 et
803 1649 1038 1704 semper,
1071 1643 1128 1688 et
1181 1632 1234 1688 in
1285 1631 1479 1689 saecula
1528 1629 1870 1687 saeculorum.
1906 1625 2099 1682 Amen.

2202 531 2296 582 καὶ
2345 528 2535 600 ὥσπερ
2577 530 2641 581 ἐκ
2695 529 2805 582 τῶν
2846 529 3180 599 κρειττόνων
3223 526 3354 601 ἦλθε
3408 532 3476 584 τὰ
3535 533 3780 604 λυπηρὰ,

2201 621 2344 673 οὕτω
2376 622 2472 674 καὶ
2523 623 2588 674 ὲκ
2633 621 2742 672 τῶν
2782 620 3045 692 λυπηρῶν
3081 623 3510 678 ἐπανελεύσεται
3549 625 3620 678 τὰ
3648 645 3783 697 χρη-

2204 713 2453 782 στότερα,
2488 712 2582 766 καὶ
2602 713 2702 783 τὴν
2733 712 2968 782 ἀρχαίαν
2993 715 3312 784 παρρησίαν
3342 716 3778 787 ἀπολειψὸμεῡα,

2204 803 2299 856 καὶ
2355 802 2609 874 καθαρῶς
2644 803 2979 872 ὲορτάσομεν
3042 805 3236 875 Κυρίῳ
3275 806 3352 877 τῷ
3414 807 3536 878 Θεῷ
3589 809 3786 880 ἑορτὴν

2201 894 2426 959 ἐξόδιον,
2457 896 2550 948 καὶ
2580 895 2677 964 τῆς
2713 894 3038 965 βλασφήμου
3073 898 3256 966 φωνῆς
3278 898 3380 968 τῆς
3417 901 3788 970 ὲπαιρομένης

2205 985 2348 1038 κατὰ
2373 984 2468 1037 τοῦ
2508 985 2794 1046 κτίσαντος
2825 985 3352 1057 ἀπαλλαγησόμεθα,
3386 990 3482 1042 καὶ
3509 993 3566 1043 ἐν
3591 992 3788 1065 εἰρήνῃ

2204 1075 2358 1128 ἔσται
2397 1074 2459 1127 τὸ
2487 1075 2587 1144 τῆς
2625 1074 2956 1142 Ἐκκλησίας
2990 1075 3294 1148 πολίτευμα
3317 1093 3331 1106 ·
3363 1077 3555 1132 ἔπειτα
3574 1080 3630 1134 δὲ
3663 1099 3790 1147 φαι-

2203 1167 2358 1237 δραίς
2388 1168 2508 1229 ταῖς
2531 1166 2782 1236 λαμπάσι
2815 1166 2896 1236 τῷ
2923 1171 3119 1238 νικητῇ
3147 1169 3242 1222 τοῦ
3271 1169 3527 1237 Θανάτου,
3551 1171 3628 1240 τῷ
3649 1171 3788 1224 ὰοα-

2205 1258 2352 1328 νάτῳ
2387 1257 2608 1328 νυμφίῳ
2637 1257 2908 1328 λαμπρῶς
2929 1259 3333 1330 ὑπαντήσομεν,
3371 1262 3465 1313 καὶ
3492 1263 3520 1314 ὁ
3551 1261 3786 1332 νυμφὼν

2205 1349 2354 1419 ἡμᾶς
2387 1350 2415 1401 ὁ
2459 1348 2728 1418 ἄχραντος
2776 1349 3116 1416 ὑποδέξεται,
3149 1350 3244 1404 καὶ
3276 1351 3786 1423 ἀνακεκαλυμμένῳ

2206 1439 2484 1511 προσώπῳ
2516 1441 2614 1511 τὴν
2642 1440 2800 1506 δόξαν
2831 1441 3041 1512 Κυρίου
3074 1444 3532 1513 κατοπτισόμεθα,
3563 1445 3656 1497 καὶ
3682 1445 3787 1515 τῆς

2205 1531 2374 1585 αὐτοῦ
2434 1533 2929 1602 κατατρυφήσομεν
2985 1533 3323 1604 ὠραιὸτητος
3352 1572 3365 1598 ,
3421 1534 3540 1604 μεθ’
3591 1528 3654 1587 οὗ
3707 1536 3788 1605 τῷ

2211 1626 2387 1696 Πατρὶ
2422 1626 2518 1679 σὺν
2545 1625 2685 1694 ἁγίῳ
2715 1624 2998 1695 Πνεύματι
3019 1625 3167 1693 δόξα,
3197 1627 3357 1696 τιμὴ,
3403 1627 3789 1698 προσκύνησις

2205 1717 2302 1770 καὶ
2331 1716 2779 1787 μεγαλοπρέπεια
2803 1757 2818 1782 ,
2867 1715 2961 1770 νῦν
3004 1735 3063 1770 τε
3121 1718 3218 1771 καὶ
3259 1717 3367 1784 ἀεὶ,
3423 1718 3519 1771 καὶ
3551 1718 3630 1782 εἰς
3658 1719 3788 1780 τοὺς

2142 1801 2185 1857 Β
2210 1806 2412 1868 αἰῶνας
2451 1805 2558 1859 τῶν
2586 1804 2818 1860 αἰώνων.
2862 1806 3052 1876 Ἀμήν.

1320 2137 1740 2222 ΜΟΝΙΤΠΜ
1776 2137 1875 2200 ΙΝ
1913 2137 2462 2215 SEQUENTEM
2495 2139 2959 2202 HOMILIAM.

605 2305 942 2369 [Iam-ilium
979 2306 1195 2377 istam,
1229 2321 1362 2382 qua:
1396 2321 1560 2362 nunc
1587 2321 1880 2381 primum,
1924 2322 1994 2362 ac
2031 2303 2250 2364 Latine
2281 2305 2536 2382 prodit,
2586 2307 2652 2365 in.
2683 2307 2754 2366 B.
2794 2306 3072 2383 Virginis
3111 2308 3226 2369 Dei
3273 2309 3614 2370 Gcnitricis
3661 2312 3793 2372 An-

524 2387 1014 2457 nuntiationem,
1072 2400 1375 2462 nusquam
1412 2383 1631 2462 (ἱνῳοθῄ
1670 2383 1968 2462 scriptam
2018 2385 2266 2462 reperi,
2323 2384 2430 2444 sed
2469 2384 2734 2444 Arabiae
2775 2393 3018 2444 tantum
3057 2386 3122 2445 in
3157 2387 3365 2447 codice
3401 2387 3786 2460 Colbertino,

527 2466 725 2542 qualis
758 2466 942 2524 etiam
982 2470 1182 2542 exstat
1205 2459 1455 2542 Baconii
1495 2461 1562 2520 in
1591 2459 1822 2542 Anglia
1857 2462 2023 2542 inter
2059 2459 2297 2542 codices
2333 2481 2521 2521 manu
2565 2473 2857 2523 exaratos
2908 2462 3157 2542 collegii
3184 2465 3567 2527 Baliocensis
3601 2487 3666 2527 η.
3709 2459 3784 2528 B.

533 2488 725 2525 ruaus
758 2488 942 2524 suam
982 2488 1181 2521 exuat
1218 2488 1448 2522 υιευηιι
1495 2488 1562 2520 "tu
1591 2488 1822 2538 augt-tu
1857 2488 2022 2520 "NCT
2059 2488 2297 2520 t‘uutce’s
2333 2488 2521 2521 manu
2565 2488 2857 2523 exaratos
2908 2488 3152 2542 couegtt
3184 2488 3567 2527 nattocensw
3601 2488 3666 2527 η.
3709 2488 3784 2528 ὕ.

533 2488 623 2603 (Ο.
659 2561 795 2602 cum
829 2542 1092 2620 prwﬁxo
1129 2540 1396 2628 Joannis
1429 2539 2074 2628 Dam-ascertiponeinc
2102 2559 2118 2603 :
2151 2541 2326 2628 cujus
2365 2559 2496 2599 eam
2525 2561 2663 2628 esse
2680 2543 2887 2628 fetum
2932 2543 3141 2628 nullus
3191 2545 3430 2605 dubito.
3485 2548 3790 2628 Caterum

525 2639 753 2699 magna
791 2616 976 2698 parte
1023 2637 1244 2701 manca
1288 2617 1534 2701 videtur
1580 2636 1651 2701 ac
1690 2616 1984 2701 mutilata
2015 2665 2030 2690 ,
2061 2634 2174 2676 nec
2213 2616 2452 2696 integre
2507 2616 2758 2701 reddita
2808 2630 2894 2701 est
2951 2620 3028 2681 ab
3095 2624 3434 2701 interprete
3489 2624 3786 2686 Arabico.

527 2696 692 2760 Hinc
732 2696 845 2771 est,
897 2697 1062 2780 quod
1110 2697 1388 2756 auctoris
1431 2697 1636 2780 nostri
1679 2696 1994 2772 ingenium
2031 2714 2367 2780 venamque
2407 2716 2533 2757 non
2574 2700 2729 2780 satis
2773 2699 3000 2778 ubique
3042 2696 3331 2780 referat:
3368 2721 3552 2780 quam
3581 2712 3792 2762 tamen

522 2780 730 2856 prima
769 2773 1074 2856 orationis
1100 2793 1252 2856 pars
1281 2792 1406 2856 non
1446 2773 1603 2833 male
1648 2782 2076 2856 repraesentat.
2118 2773 2404 2856 Lati-nam
2432 2773 2914 2838 tra'nsiationem'
2941 2773 3396 2856 quod-spectat,
3441 2781 3598 2841 hanc
3632 2783 3792 2842 mihi

527 2852 878 2934 adornavit
901 2855 1000 2913 vir
1031 2855 1254 2914 eximie
1291 2852 1528 2934 doctus,
1581 2872 1654 2912 ac
1701 2852 1929 2934 lingua?
1969 2853 2155 2934 etiam
2184 2853 2467 2934 Arabiae
2493 2852 3434 2934 peritissimus,illustrissimus
3481 2862 3556 2919 D.
3593 2859 3793 2920 abbas

529 2936 612 2995 du
645 2936 810 3016 Four
841 2932 917 3016 d_e_
949 2935 1330 3016 Languerue,
1383 2933 1558 3012 cujus
1588 2931 2145 3010 propensissimam
2176 2939 2232 2992 et
2265 2931 2703 2995 inexhaustum
2734 2953 2880 3014 erga
2917 2953 3009 2995 me
3039 2954 3290 3016 meaque
3321 2938 3530 2999 studia
3573 2937 3794 2998 volun-

529 3023 716 3074 tatem
749 3014 814 3073 in
851 3012 981 3072 dies
1012 3012 1327 3090 experior.

599 3289 656 3344 In
688 3288 907 3342 nomine
938 3285 1133 3350 Patris,
1177 3295 1230 3338 et
1259 3283 1404 3350 Filii,
1435 3293 1490 3338 et
1520 3283 1755 3352 Spiritus
1793 3283 1990 3335 sancti.

532 3397 872 3450 SANCTISSHII
903 3409 1095 3446 PATRIS
1121 3407 1310 3445 NOSTRI
1340 3407 1552 3445 .IDANNIS
1593 3405 1884 3443 DAMASCENI
1911 3405 2082 3444 SEIHIO

605 3482 656 3520 IN
688 3479 874 3518 ANGELI
931 3476 1404 3516 ANNUNTIATIUNEH
1455 3475 1862 3513 INCARNATIU'NIS
1895 3474 2106 3513 CHRISTI

601 3552 670 3589 AD
717 3548 1004 3587 ILLIBATAII
1032 3546 1266 3586 DOIIINALI
1309 3546 1551 3585 NOSTIIAH
1583 3543 1811 3582 MARIAII.

600 3643 720 3699 Jam
756 3653 965 3711 tempus
1003 3650 1084 3694 est
1105 3679 1119 3702 ,
1148 3639 1346 3694 fratres
1377 3637 1712 3693 dilectissimi
1741 3679 1756 3703 ,
1791 3647 1847 3690 ut
1879 3638 1978 3691 hac
2007 3636 2110 3690 Da-

532 3735 706 3789 vidica
745 3746 876 3787 voce
916 3731 1326 3786 exclatnemus:
1379 3731 1552 3796 Quam
1605 3728 1947 3799 magniﬁcam
1985 3737 2110 3782 sunt

531 3839 687 3891 opera
728 3833 816 3875 tua
843 3860 859 3885 ,
908 3819 1170 3884 Domine;
1219 3821 1395 3873 omnia
1441 3821 1496 3872 in
1545 3821 1805 3889 sapientia
1845 3818 2013 3887 fecisti
2041 3818 2105 3873 ’°.

533 3917 742 3971 Etenim
768 3928 1004 3984 praesens
1045 3911 1360 3968 solemnitas
1404 3911 1754 3967 l'cstivitatum
1800 3919 2107 3966 nostrarum

532 4008 744 4060 initium
821 4014 940 4068 est,
993 4013 1048 4059 et
1091 4014 1400 4058 nostrarum
1453 4004 1856 4058 solcmnitatum
1903 4011 2106 4072 caput:

532 4101 677 4154 unde
705 4108 823 4154 orta
858 4105 944 4154 est
979 4097 1126 4153 Salus
1162 4104 1347 4152 nostra
1369 4134 1385 4160 ,
1415 4110 1478 4148 ac
1535 4094 1616 4148 lex
1672 4103 1855 4149 nostra
1896 4093 2105 4147 initium

531 4188 739 4243 habuit.
771 4186 876 4240 Nos
913 4187 1056 4240 enim
1084 4199 1300 4238 eramus
1330 4185 1477 4249 prius
1501 4183 1658 4235 avita:
1685 4197 1750 4236 ac
1776 4181 2110 4251 primigenia:

534 4280 840 4336 rebellionis
875 4279 974 4341 rei,
1003 4286 1058 4331 et
1086 4276 1296 4341 adjecto
1323 4276 1394 4328 illi
1419 4275 1636 4342 insuper
1666 4275 2105 4342 gravissimorum

533 4383 872 4438 peccatorum
919 4376 1066 4419 reatu
1095 4405 1110 4428 ,
1141 4364 1267 4417 facti
1287 4379 1504 4418 eranms
1533 4364 1878 4418 tenebrarum
1917 4364 2108 4418 incola:

533 4475 596 4512 ac
623 4459 900 4528 regionum
950 4455 1170 4518 mortis,
1207 4469 1304 4509 nec
1331 4455 1471 4507 ullus
1516 4469 1580 4506 ex
1614 4454 1890 4522 prophetis
1920 4470 1948 4507 a
2000 4455 2108 4508 Deo

535 4547 752 4610 missis,
804 4555 858 4598 ct
903 4543 1109 4599 sanctis
1151 4544 1351 4613 justis,
1407 4543 1608 4598 lumine
1656 4559 1754 4597 nos
1807 4544 2108 4600 illuminare

2127 3294 2168 3348 ο
2202 3292 2438 3336 strarum
2481 3292 2564 3336 est
2603 3281 2777 3352 origo,
2811 3292 2865 3337 et
2891 3283 3080 3337 salutis
3121 3293 3320 3338 nostra:
3353 3281 3587 3337 initium.
3623 3283 3798 3338 lloilie

2211 3373 2381 3426 Filius
2412 3373 2528 3438 Dei,
2565 3375 2656 3443 qui
2692 3375 3025 3444 temporibus
3055 3375 3298 3428 anterior
3322 3387 3402 3430 est
3428 3414 3444 3440 ,
3484 3391 3626 3430 nunc
3653 3385 3796 3428 tem-

2211 3464 2356 3530 poris
2393 3464 2627 3519 hominis
2659 3463 2827 3518 Filius
2858 3465 2933 3518 iit.
2982 3463 3156 3519 Hodie
3188 3465 3399 3519 initimn
3449 3477 3532 3521 est
3561 3481 3797 3521 renova-

2213 3554 2371 3607 tinnis
2421 3555 2670 3610 humana}
2736 3569 2961 3611 natura}.
3024 3557 3196 3612 IIodie
3241 3556 3381 3612 facta
3437 3568 3516 3612 est
3569 3557 3796 3612 abolitio

2211 3643 2416 3708 peccati
2450 3645 2776 3716 primigenii.
2811 3645 2980 3700 lIodie
3018 3648 3350 3702 sanctificata
3374 3657 3665 3702 estnostra
3695 3665 3794 3701 na-

2217 3744 2371 3800 tura,
2401 3733 2675 3792 Creatoris
2724 3739 2779 3792 in
2817 3740 2930 3808 ipsa
2957 3739 3364 3795 iuhabitatione.
3413 3737 3578 3793 llodie
3627 3740 3795 3808 digna

2209 3826 2380 3879 evasit
2409 3836 2466 3881 ut
2514 3829 2850 3900 archangelis
2894 3811 3286 3886 domﬂarctur.
3335 3829 3506 3885 Hodie
3541 3833 3797 3900 comple-

2213 3923 2324 3970 tum
2355 3926 2438 3971 est
2471 3927 2679 3988 tempus
2721 3921 2789 3975 de
2826 3936 2932 3989 quo
2978 3923 3360 3992 prophetarum
3408 3922 3626 3976 oracula
3660 3937 3794 3990 per-

2209 4020 2524 4064 sonuerunt.
2591 4011 2759 4066 Hodie
2829 4015 3410 4084 tempuscompletum
3465 4022 3589 4081 est,
3644 4017 3792 4084 quod

2209 4113 2518 4156 sanctorum
2541 4111 2596 4158 et
2617 4103 2908 4158 electorum
2943 4115 3146 4159 mentes
3179 4105 3573 4161 desiderabant.
3618 4103 3792 4162 Hodie

2209 4191 2381 4244 Adam
2409 4191 2652 4247 Creatori
2683 4209 2783 4247 suo
2804 4196 2868 4248 de
2911 4195 3168 4265 progenie
3199 4211 3294 4251 sua
3326 4197 3578 4266 templum
3613 4199 3791 4251 :Bdiﬁ-

2209 4281 2371 4347 cavit,
2412 4283 2464 4336 in
2500 4298 2605 4351 quo
2637 4295 2808 4340 tectus
2847 4286 3114 4342 habitaret
3145 4327 3160 4352 ,
3196 4291 3416 4358 etquod
3451 4289 3742 4343 redimeret
3771 4308 3786 4344 :

2210 4368 2434 4425 Mariam
2465 4372 2725 4442 virginem
2781 4378 3095 4443 pretiosam,
3123 4379 3456 4432 hcncdictam
3478 4418 3494 4444 ,
3519 4391 3790 4444 sanctam,

2209 4462 2482 4530 puriorem
2516 4473 2722 4519 natura:
2753 4466 3025 4522 Adamica:
3053 4478 3280 4534 partem,
3314 4478 3368 4522 et
3394 4469 3636 4522 humana:
3665 4470 3792 4522 stir-

2210 4556 2290 4623 pis
2342 4557 2578 4627 reginam
2612 4577 2624 4612 :
2664 4574 2849 4627 puram
2880 4599 2894 4623 ,
2950 4574 3052 4629 qua
3113 4561 3256 4613 nulla
3294 4575 3518 4628 usquam
3556 4574 3793 4627 corpore

535 4649 766 4706 poterat,
808 4637 1116 4691 redimendo
1163 4652 1191 4690 tl
1227 4637 1459 4704 peccatis
1493 4647 1546 4691 et
1585 4637 1818 4705 nequitia
1855 4637 2105 4705 prmvari-
2137 4643 2180 4696 D
2212 4646 2396 4714 purior
2437 4647 2738 4702 invenietur
2791 4652 2842 4703 in
2885 4653 3028 4704 omni
3076 4665 3271 4720 genere
3323 4653 3600 4708 humano;
3649 4669 3790 4708 sun-

535 4731 798 4783 cationum
835 4737 1164 4782 nostrarum.
1221 4727 1582 4794 Quamobrem
1617 4738 1830 4782 creator
1871 4727 1986 4796 ipse
2016 4742 2103 4781 re-

535 4824 781 4889 demptor
805 4819 1006 4881 evasit,
1041 4833 1243 4887 nosque
1275 4821 1355 4872 sui
1408 4823 1474 4873 ad
1516 4837 1613 4876 nos
1656 4820 1823 4891 834
1855 4835 2103 4874 accessus

537 4911 738 4964 lumine
791 4908 1122 4970 illustravit,
1173 4909 1624 4975 quemadmodum
1678 4912 1940 4979 prephcta
1988 4911 2104 4962 ait:

536 5002 768 5071 Populus
785 5000 871 5068 qui
895 4998 1099 5051 sedebat
1118 4999 1167 5050 in
1191 4999 1411 5050 tenebris
1433 5001 1554 5052 vidit
1580 5002 1742 5052 iucem
1767 5017 2009 5069 magnam
2030 5000 2106 5052 “z

539 5097 796 5164 nobisque
814 5092 1106 5158 commissa
1139 5101 1264 5145 sunt
1298 5102 1508 5147 secreta
1533 5095 1794 5149 adventus
1823 5097 1959 5162 ejus,
1983 5111 2105 5151 cum

540 5189 651 5255 ipse
669 5184 968 5238 Gabrielem
1001 5181 1247 5252 angelum
1274 5185 1420 5238 misit
1440 5184 1814 5238 annuntiatnm
1850 5186 2106 5240 miracula

540 5275 926 5331 incarnationis
961 5289 1090 5330 Sine.
1126 5273 1396 5330 Hodierna
1429 5277 1543 5332 dies
1573 5274 1975 5331 solemnitatum
2005 5291 2101 5332 no-

609 5429 653 5459 "
682 5428 820 5486 Psal.
851 5448 969 5498 cm,
997 5433 1086 5487 24.
1163 5431 1203 5461 “
1229 5428 1333 5484 Isa.
1365 5446 1439 5495 IS,
1473 5432 1524 5483 l.

603 5578 714 5701 ξεί)
764 5584 874 5636 Καὶ
913 5584 1022 5638 τῶν
1070 5585 1346 5656 τυράννων
1385 5585 1482 5656 τὴν
1522 5583 1752 5656 ζεύγλην
1809 5586 2100 5641 ἀποσεισό-

603 5667 609 5699 :
647 5665 702 5701 α.
741 5651 976 5701 fanaunt
1006 5655 1168 5701 etiam
1195 5656 1306 5701 hmc
1329 5657 1506 5701 omnia
1534 5655 2098 5701 Mnhammeilannrum

541 5651 702 5718 μεοα.
741 5651 768 5720 Γ
776 5663 976 5720 angunt
1006 5651 1168 5708 etiam
1195 5656 1306 5709 hinc
1329 5651 1506 5709 omnia
1533 5651 2099 5712 Mohafnmedanorum

543 5719 900 5790 tyrannidem,
930 5723 1032 5776 sub
1067 5738 1172 5791 qua
1203 5723 1438 5782 Joannes
1481 5725 1647 5782 vitam
1687 5741 1912 5802 omnem
1969 5728 2096 5797 egit,

2210 4744 2350 4789 ctam
2382 4775 2395 4800 ,
2453 4751 2556 4806 qua
2598 4739 2739 4792 nulla
2785 4742 2924 4794 inter
2976 4753 3250 4799 creaturas
3286 4745 3464 4798 futura
3497 4755 3579 4797 est
3615 4745 3792 4798 intel-

2211 4824 2467 4880 lectuales
2499 4830 2676 4894 quoad
2710 4832 2943 4883 animant
2973 4835 3214 4886 sanctior
3249 4853 3262 4886 :
3305 4834 3528 4901 gloriam
3553 4834 3792 4886 Israeli—

2206 4918 2324 4971 ticae
2357 4919 2566 4987 gentis,
2620 4934 2684 4972 ac
2733 4922 2918 4988 stirpis
2973 4921 3240 4977 Davidicre
3298 4924 3471 4977 lumen
3509 4942 3522 4977 :
3569 4927 3635 4978 de
3679 4941 3790 4994 qua

2208 5022 2340 5062 avus
2372 5010 2539 5076 ipsius
2578 5010 2741 5063 David
2802 5011 3108 5078 exclamat,
3174 5015 3538 5084 propheticam
3596 5031 3790 5070 vocem

2209 5099 2529 5155 attollenda:
2554 5103 2590 5156 Α
2603 5104 2714 5166 udi,
2740 5103 2875 5169 ﬁlia,
2897 5114 2943 5156 et
2973 5105 3101 5169 vide,
3122 5117 3168 5158 et
3192 5107 3387 5159 inclina
3418 5122 3594 5159 aurem
3616 5115 3789 5173 tuam,

2213 5200 2259 5242 et
2295 5192 2602 5246 obliviscere
2637 5195 2888 5261 pepnlum
2931 5207 3161 5260 tnum,et
3203 5201 3412 5250 (tantum
3451 5200 3617 5264 patris
3659 5201 3739 5250 tui
3773 5215 3792 5252 :

2210 5289 2257 5332 et
2296 5284 2624 5351 concupiscet
2672 5281 2781 5337 Rea-
2813 5285 3034 5352 speciem
3075 5296 3219 5339 tuam
3252 5287 3317 5341 ¹¹.
3372 5285 3495 5340 Ilmc
3539 5289 3625 5340 illa
3681 5298 3793 5354 est,

1603 5429 1645 5460 ¹¹
1666 5428 1806 5484 I‘sal.
1835 5446 1979 5498 thv,
2005 5432 2092 5498 ll,
2121 5431 2207 5486 12.

2210 5603 2306 5666 nec
2331 5588 2729 5666 Ico_noclastas_,_
2745 5590 2948 5666 aliosve
2971 5592 3262 5666 haereticos
3289 5594 3584 5666 quidquam
3609 5596 3754 5666 respi

2207 5661 2375 5716 ciunt.
2415 5659 2489 5716 Ita
2518 5673 2664 5718 recte
2691 5661 3071 5719 Combeﬁsins.
3306 5659 3323 5664 ”
3435 5659 3456 5666 “
3699 5659 3720 5667 ’
