4012 6338
511 362 615 424 647

1672 355 1731 412 S.
1773 353 2092 416 JOANNIS
2131 353 2559 418 DAMASCENI

3664 362 3777 425 648

509 467 747 535 ipsorum
783 476 1021 533 agamus.
1059 460 1103 518 Ο
1134 470 1187 515 ιιι
1213 456 1377 515 Mari’a
1406 504 1420 526 ,
1471 464 1624 533 cujus
1660 480 1763 518 non
1805 465 2079 535 repellitur
2107 474 2153 531 Α
2183 468 2559 537 perveniamus
2582 508 2597 530 ,
2658 471 2725 522 ad
2768 468 3096 537 voluptatem
3158 448 3323 537 regni
3356 465 3615 523 caelorum
3641 502 3660 532 ,ι
3709 476 3770 523 et

510 554 856 619 intercessio,
892 569 991 608 nec
1020 564 1305 608 recusatur
1342 554 1537 620 oratio,
1579 569 1700 623 qua:
1739 555 1969 623 simplici
2002 557 2085 611 di-

508 644 719 697 vinitali
779 641 1021 709 proxima
1077 655 1156 708 es,
1205 641 1427 711 propius
1475 643 1543 697 ad
1578 642 1900 698 Trinitatem
1954 656 2083 697 san-

507 745 650 789 ctam
686 733 985 799 accedens,
1034 748 1152 803 quae
1194 734 1481 790 altitudine
1528 735 1838 791 clierubicis
1888 735 2083 791 turmis

506 823 786 881 sublimior
824 836 884 879 es
911 864 925 890 ,
981 832 1035 879 et
1073 825 1370 895 serapbicis
1433 826 1739 896 agminibus
1776 826 2080 883 excelsior:

506 932 602 989 per
629 925 680 973 te
708 916 944 986 quandiu
974 916 1029 970 in
1060 917 1162 972 hoc
1195 926 1454 987 pereunte
1490 919 1690 973 mundo
1722 919 2080 984 manebimus,

507 1007 766 1063 auxilium
797 1007 865 1060 ad
901 1007 1041 1062 bona
1069 1022 1232 1077 opera
1277 1006 1520 1064 facienda
1556 1023 1971 1079 consequamur,
2009 1009 2080 1065 li-

508 1101 866 1169 beremurqne
891 1099 960 1153 ab
988 1098 1198 1155 actibus
1230 1098 1531 1163 sceleratis,
1581 1108 1636 1155 et
1664 1109 1785 1168 post
1835 1109 2078 1156 nostrum

2186 557 2669 612 commorationem
2704 554 2964 627 regionis
3022 561 3303 620 vivorum,
3355 572 3649 626 perennem
3680 559 3762 612 vi-

2189 654 2297 700 tam
2328 654 2570 716 agentes,
2599 662 2759 717 quam
2790 656 3034 718 purgata:
3056 658 3270 703 mentes
3299 647 3633 712 desiderant,
3670 662 3770 716 per

2186 735 2370 792 Jesum
2410 737 2686 793 Christum
2716 779 2731 805 ,
2765 739 2857 809 qui
2901 752 3064 793 causa
3111 747 3198 794 est
3225 738 3513 809 opulentia:
3540 748 3766 800 nostrae.

2185 841 2349 896 quam
2374 828 2488 897 ipse
2514 828 2670 884 nobis
2707 828 3069 894 atinuntiavil,
3104 843 3229 885 cum
3263 843 3363 884 nos
3395 828 3573 885 salvos
3601 828 3765 883 fecit:

2190 917 2295 985 ipsi
2324 918 2649 987 gloriﬁcatio
2687 929 2743 975 et
2782 920 3044 975 sanctitas
3068 961 3084 987 ,
3115 935 3239 975 cum
3283 918 3445 974 Patre
3475 928 3531 973 et
3556 918 3768 989 Spiritu

2184 1016 2375 1063 sancto
2401 1047 2417 1076 ,
2464 1024 2609 1065 nunc
2647 1018 2704 1067 et
2745 1024 2981 1082 semper,
3015 1020 3070 1068 et
3108 1012 3160 1067 in
3194 1010 3393 1069 saecula
3420 1009 3768 1068 steculorum.

2183 1101 2372 1157 Amen.

508 1191 631 1247 inde
657 1190 966 1254 transitum,
994 1188 1059 1244 ad
1086 1189 1251 1245 Deum
1280 1189 1552 1247 excelsum
1583 1190 2079 1259 sempiternumque

2109 1383 2182 1407 ad

1936 1563 2365 1627 MONITUM.

585 1733 947 1795 Orationem
988 1730 1173 1790 istam
1229 1728 1491 1789 alteram
1533 1729 1601 1788 in
1642 1728 2198 1790 Annuntiationem
2250 1729 2321 1789 B.
2357 1725 2630 1805 Virginis
2660 1725 2871 1789 Merita
2905 1773 2920 1801 ,
3004 1726 3181 1805 cujus
3240 1725 3589 1788 doctissimi
3637 1730 3767 1790 viri

504 1812 835 1888 Philippus
872 1807 1097 1888 Labbe,
1139 1808 1207 1888 in
1239 1810 1592 1888 Conspectu
1628 1823 1893 1888 operum
1936 1808 1999 1888 ξ.
2031 1807 2290 1888 Joannis
2314 1806 2716 1888 Damasceni,
2769 1817 2827 1865 et
2856 1807 2973 1865 Leo
2997 1806 3283 1888 ΔΑιιιιιίιέε
3332 1807 3401 1866 in
3458 1806 3766 1885 Catalago

504 1884 940 1968 opusculorum
995 1885 1265 1968 ejusdem
1302 1884 1602 1968 auctoris,
1641 1884 1772 1963 qua:
1810 1884 1904 1968 Ci.
1937 1886 2174 1968 Joanni
2198 1885 2475 1968 duberto
2510 1886 2789 1957 miserat,
2813 1885 3182 1968 mentionem
3210 1884 3523 1968 fecerunt,
3537 1884 3770 1968 reperi

509 1960 758 2028 tandem
798 1967 864 2024 in
895 1960 1293 2041 Segiterianw
1341 1960 1719 2043 bibliotheca:
1759 1964 1965 2024 codice
2001 1962 2107 2038 32,
2140 1964 2248 2024 sed
2275 1963 2436 2023 bona
2462 1971 2645 2041 parte
2675 1962 2982 2043 mutilam.
3025 1960 3416 2043 Salutatoria
3459 1960 3767 2043 allogutt'o

503 2056 589 2107 cst
624 2044 706 2103 ad
733 2039 1187 2103 sanctissimam
1221 2043 1338 2102 Dei
1365 2042 1569 2121 nostri
1619 2051 1911 2115 matrem,
1936 2042 2021 2121 in
2047 2061 2170 2121 qua
2215 2043 2343 2101 tria
2387 2039 2720 2121 occurrunt
2764 2039 3190 2121 observatione
3217 2039 3409 2121 digna
3444 2062 3458 2100 :
3494 2039 3766 2121 quorum

497 2126 767 2202 primum
796 2130 906 2202 est.
938 2128 1251 2202 auctorem
1296 2120 1540 2202 gratias
1572 2137 1755 2202 agere
1784 2120 1949 2202 quod
1962 2117 2078 2199 per
2107 2121 2305 2197 ipsam
2334 2120 2638 2202 imagines
2665 2137 2877 2202 sacras
2904 2117 3111 2195 ﬁdeles
3134 2117 3400 2178 habeant
3432 2139 3451 2177 :
3489 2117 3763 2202 alterum

500 2196 613 2271 est,
651 2200 815 2279 quod
842 2201 1186 2279 Romanum
1216 2196 1542 2275 imperium
1564 2196 1892 2279 profunda
1918 2196 2066 2279 pace
2098 2196 2212 2279 per
2241 2216 2375 2279 eam
2401 2198 2539 2279 [τζμὶ
2583 2196 2882 2279 subjiciat
2906 2218 2924 2263 .-
2972 2206 3446 2279 acpostremum
3483 2197 3758 2279 tandem,

497 2275 851 2340 lsmaelitas
901 2295 1009 2337 seu
1050 2276 1396 2336 Saracenos
1438 2275 1592 2353 stepe
1637 2275 1977 2355 proﬂigari
2007 2285 2065 2336 et
2101 2275 2377 2355 interﬁci
2418 2275 2703 2355 Virginis
2741 2293 2952 2353 opera.
2997 2275 3144 2334 Hcec
3183 2275 3469 2355 profecto
3507 2293 3633 2335 non
3674 2277 3763 2337 ad

500 2378 572 2417 ea
621 2367 899 2434 tempora
944 2361 1412 2434 spectant,qu
1455 2351 1921 2434 post‘Emissum
1967 2374 2005 2413 a
2036 2356 2233 2415 Leone
2275 2351 2499 2434 Isauro
2528 2351 2839 2434 adversus
2869 2351 3759 2434 imagines—edictumsucces-

499 2430 759 2508 serunt,
801 2452 937 2493 cum
974 2430 1141 2492 'tunc
1198 2430 1483 2509 ﬁdelibus
1548 2432 1932 2494 Christianis
1979 2451 2098 2511 per
2152 2450 2327 2492 omne
2358 2433 2690 2511 imperium
2727 2432 3351 2511 Greece-Romanum
3405 2430 3578 2491 nulla
3622 2448 3758 2508 pax

498 2512 819 2601 essettscd
848 2512 1167 2572 dirissima
1206 2511 1551 2600 persecutio
1582 2511 1694 2601 sub
1744 2511 1954 2601 eodem
1984 2510 2207 2601 ;Leone
2257 2518 2311 2601 et
2349 2510 2479 2600 ﬁlio
2537 2513 2667 2601 ejus
2698 2511 3157 2601 Constantino;
3208 2510 3368 2600 quin
3393 2512 3576 2570 etiam
3603 2511 3761 2601 isto-

493 2609 635 2651 rum
676 2593 1130 2668 imperatorum
1180 2586 1487 2668 exercitus
1526 2609 1564 2648 a
1598 2591 1930 2651 Saracenis
1975 2586 2930 2668 frequentissime_vincerentur.
2964 2588 3155 2668 _Unde
3202 2586 3547 2647 orationem
3595 2586 3758 2668 hanc

493 2664 969 2747 pronuntiatam
1030 2665 1311 2747 arbitror
1358 2666 1469 2727 sub
1504 2669 1730 2747 primis
1764 2669 1947 2727 annis
1976 2664 2222 2739 Leo—nis,
2250 2674 2409 2747 ipost
2446 2665 2681 2729 obitum
2714 2668 2888 2747 Alzidi
2920 2664 3243 2746 chaliphte,
3277 2674 3575 2747 regnante
3623 2666 3757 2747 ejus

492 2745 624 2825 ﬁlio
656 2748 980 2819 Hescamo,
1031 2746 1138 2824 qui
1167 2747 1449 2825 parentis
1481 2746 1749 2807 edictum
1780 2747 1846 2806 in
1882 2748 2135 2808 Oriente
2181 2745 2497 2825 aduersus,
2530 2745 2833 2824 imagines
2862 2745 3057 2805 latum
3106 2746 3319 2825 statim
3357 2745 3540 2805 initio
3566 2746 3753 2821 prin-

493 2822 737 2903 cipatus
773 2826 874 2884 sui
915 2822 1330 2903 revocandum
1367 2826 1634 2903 curavit.
1684 2826 1983 2887 Creterum
2035 2826 2147 2884 hac
2192 2826 2261 2885 in
2308 2824 2566 2885 homilia
2599 2822 3117 2903 spectatissimum
3157 2822 3449 2883 habemus
3482 2825 3754 2883 sanctis-

493 2902 637 2983 simi
664 2903 931 2963 Joannis
960 2902 1327 2983 Damasceni
1363 2902 1836 2983 ferventissimw
1888 2922 2035 2983 erga
2084 2903 2199 2965 Dei
2244 2903 2623 2966 Genitricem
2651 2903 3000 2965 devotionis
3034 2910 3505 2981 argumentum,
3567 2918 3757 2980 quam

492 2982 682 3043 nullis
726 3000 854 3043 non
906 2981 1107 3043 modis
1156 2982 1213 3043 ei
1258 2982 1616 3059 signiﬁcare
1664 2981 2086 3044 contenderet.

1248 3236 1313 3296 V.
2104 3256 2145 3308 Β
2929 3240 3006 3296 E'.

490 3347 713 3403 Joannis
740 3352 982 3403 monachi
1006 3361 1056 3405 et
1084 3353 1390 3422 presbyteri.
1416 3370 1583 3408 sermo
1608 3356 1664 3408 in
1692 3358 2065 3411 Annuntiatio-

552 3434 665 3472 nem
698 3421 1045 3474 sanctissimae
1079 3422 1319 3476 Domina’
1352 3434 1546 3477 nostra:
1579 3423 1670 3477 Dei
1702 3424 2010 3477 Genitricis.

2186 3356 2455 3409 Ἰωάννου
2505 3355 2780 3424 μοναχοῦ
2853 3357 2950 3408 καὶ
3008 3356 3417 3477 πέεσϐυτέρου
3468 3342 3576 3407 τοῦ
3635 3358 3747 3431 Δᾳ-

2241 3425 2581 3477 ιιασκηνοῦ.
2647 3428 2832 3477 λόγου
2873 3428 2961 3477 sic
3006 3442 3036 3475 τ
3078 3442 3113 3476 ν
3153 3424 3612 3477 Εὐανγελισαὲν
3640 3439 3747 3477 tuc

552 3434 665 3472 nem
698 3422 1045 3474 sanctissimae
1079 3422 1319 3476 Domina’
1352 3434 1546 3477 nostra:
1579 3423 1670 3477 Dei
1702 3424 2010 3481 Genitricis.

2236 3422 2581 3492 μασκηνόῦ,
2647 3422 2832 3494 λόγος
2873 3428 2961 3490 εις
3006 3422 3113 3494 τὸν
3153 3424 3612 3492 Εὐαγγελισμὲν
3640 3422 3750 3491 τῆς

2240 3496 2567 3564 ὺπεραγίας
2591 3493 2927 3562 Δεσποίνης
2952 3493 3120 3563 ἡμῶν
3158 3496 3473 3547 Θεοτόκου.

561 3590 714 3646 Nunc
749 3590 967 3662 Regina:
1002 3593 1180 3662 regale
1212 3603 1266 3649 et
1299 3596 1498 3651 eximie
1532 3613 1731 3653 novum
1770 3599 1968 3656 festum
2003 3616 2065 3658 ac

2240 3603 2354 3657 Νῦν
2384 3605 2417 3674 ἠ
2449 3604 2549 3673 τῆς
2575 3604 2846 3674 βασιλίδος
2870 3604 3120 3675 βασιλικὴ
3137 3603 3233 3657 καὶ
3259 3603 3552 3674 ὕπέρξενος
3583 3605 3751 3674 ἑορτή

492 3684 779 3738 celebritas
818 3697 979 3754 supra
1020 3698 1216 3739 aureos
1260 3685 1391 3740 solis
1438 3688 1617 3744 radios
1660 3688 1880 3748 eﬂ‘ulsit.
1914 3691 2065 3749 Nunc

2170 3714 2225 3748 τε
2262 3697 2355 3749 καὶ
2387 3697 2695 3766 πανήγυρις
2742 3696 2882 3766 ὑπὲρ
2922 3697 3021 3758 τὰς
3045 3696 3377 3765 χρυσαυγεῖς
3400 3696 3626 3756 ἀκτῖνας
3650 3693 3748 3746 τοῦ

490 3774 757 3830 catholica
798 3783 852 3829 et
890 3774 1187 3844 apostolica
1231 3775 1472 3833 Ecclesia
1512 3780 1709 3835 mirum
1749 3782 1803 3836 in
1845 3782 2063 3838 modum

2170 3786 2318 3857 ήλίου
2374 3786 2669 3857 ἐξέλαμψε.
2725 3786 2840 3840 Νῦν
2882 3788 2917 3858 ή
2965 3786 3231 3857 καθολικὴ
3262 3785 3357 3839 καὶ
3407 3785 3749 3855 ἀποστολικὴ

488 3865 726 3935 gestiens
761 3864 1013 3920 decorem
1046 3875 1286 3921 ostentat
1316 3882 1495 3924 suum.
1532 3867 1687 3926 Nunc
1721 3872 1811 3941 qui
1849 3883 2063 3943 specta-

2170 3876 2466 3946 Ἐκκλησία
2495 3874 2794 3947 ὡραϊζεται
2821 3877 2942 3931 λίαν
2972 3877 3337 3947 ἀγαλλομένη.
3361 3875 3477 3930 Νῦν
3511 3877 3559 3929 οἱ
3589 3876 3749 3946 φιλοη

487 3954 625 4008 culis
657 3952 921 4024 gaudent,
957 3970 1021 4010 ac
1054 3954 1171 4011 dies
1206 3957 1376 4013 festos
1408 3958 1626 4024 colunt,
1662 3960 2061 4018 solemnitatem

2170 3968 2427 4039 ῠεάμονες
2449 3969 2543 4022 καὶ⁵
2572 3969 2975 4041 πανηγυρισταὶ
3003 3970 3196 4040 ἑορτὴν
3219 3968 3424 4039 ἑορτῶν
3454 3968 3746 4039 ἑορτάζον-

486 4045 887 4100 solemnitatum
925 4056 1177 4115 agentes,
1213 4047 1655 4118 frequentissimo
1694 4050 1890 4121 populo
1924 4066 2060 4107 con-

2170 4077 2273 4126 τες,
2310 4061 2584 4132 πανδημεῖ
2619 4060 3057 4132 ὲπαθροίζονται.
3101 4060 3215 4113 Νῦν
3255 4060 3747 4129 εὐφραινέσθωσαν

489 4138 730 4191 veniunt.
772 4135 925 4191 Nunc
965 4138 1231 4203 cmlestia,
1280 4140 1592 4207 terrestria,
1634 4150 1691 4194 et
1730 4141 1965 4208 inferna,
2008 4150 2064 4197 et

2170 4150 2229 4205 τὰ
2259 4152 2484 4223 οὐράνια
2508 4195 2523 4220 ,
2560 4151 2628 4206 τὰ
2656 4152 2897 4220 ἐπίγεια,
2927 4153 2996 4207 τὰ
3037 4152 3389 4223 καταχθόνια,
3428 4155 3526 4205 καὶ
3559 4153 3743 4207 πάντα

486 4242 821 4297 quascunque
853 4230 907 4282 in
939 4229 1019 4283 eis
1050 4229 1268 4283 condita
1300 4241 1457 4296 sunt,
1489 4231 1760 4286 laetentur.
1790 4232 1943 4289 Nunc
1972 4233 2059 4291 illa

485 4319 828 4386 praedicetur,
862 4332 982 4386 quae
1017 4320 1166 4372 omni
1203 4318 1412 4373 ratione
1443 4330 1528 4374 est
1563 4321 1924 4390 praedicanda,
1960 4338 2060 4380 ceu

484 4417 605 4473 qua:
629 4404 791 4458 nullis
815 4418 922 4457 non
954 4403 1145 4459 faustis
1171 4404 1653 4463 acclamationibus
1673 4408 1937 4466 celebrari
1962 4412 2059 4467 de-

486 4496 629 4548 beat.
656 4494 809 4550 Nunc
832 4494 996 4566 Virgo
1024 4496 1340 4567 extollatur,
1366 4513 1486 4569 quae
1502 4499 1736 4556 exaltata
1764 4518 1793 4555 a
1820 4502 1929 4558 Deo
1951 4512 2055 4570 est,

2161 4242 2229 4295 τὰ
2256 4243 2314 4297 ὲν
2339 4245 2523 4306 αὐτοῖς
2551 4244 2853 4313 ποιήματα.
2890 4243 3004 4296 Νῦν
3056 4244 3416 4315 εὑςρημείσθω
3458 4244 3492 4314 ή
3530 4243 3745 4298 πανεύ-

2163 4348 2365 4401 φημος.
2415 4331 2490 4395 ὼς
2534 4330 2783 4402 εὔφημος
2830 4334 3209 4404 πανευφήμοις
3253 4332 3577 4404 εὐφημίαις.
3620 4334 3740 4389 Νῦν

2166 4426 2558 4497 μεγαλυνέσθω
2604 4427 3121 4500 ήθεομεγάλυντος,
3170 4430 3264 4483 καὶ
3308 4430 3734 4500 θεοπρὸτακτος,

2161 4519 2258 4572 καὶ
2308 4518 2776 4591 θεοχρημάτιστος
2830 4519 3125 4592 Παρθένος.
3173 4520 3291 4574 Νῦν
3339 4520 3672 4576 ἐπαινείσθω
3707 4524 3743 4593 ή

485 4586 805 4655 ceterisque
829 4587 1073 4658 praelata,
1098 4604 1161 4645 ac
1186 4588 1368 4647 divino
1392 4592 1613 4648 oraculo
1640 4593 1880 4663 dignata.
1908 4593 2059 4651 Nunc

2170 4586 2529 4678 πολυώνῦ
2546 4609 2715 4675 ὅντως
2735 4610 2829 4664 καὶ
2845 4586 3249 4680 πολυόμματος,
3294 4610 3390 4663 καὶ
3412 4612 3590 4680 πάσης
3604 4586 3745 4680 ὁμοῦ

483 4691 546 4732 ea
569 4675 837 4747 laudetur,
864 4694 985 4749 quae
1010 4681 1294 4752 multiplici
1322 4692 1432 4738 tum
1456 4685 1696 4752 nomine,
1723 4696 1833 4741 tum
1858 4685 2061 4743 lumine

484 4768 709 4838 insignis
744 4777 857 4834 est,
893 4784 955 4825 ac
990 4786 1153 4842 super
1184 4788 1375 4829 omnes
1410 4789 1497 4831 res
1530 4787 1747 4832 creatas
1782 4776 2059 4833 sublimis-

481 4859 640 4915 sitna.
671 4858 821 4914 Nunc
856 4860 1016 4914 beata
1046 4861 1259 4917 dicatur
1288 4863 1381 4919 Dei
1410 4880 1559 4933 arca,
1589 4882 1710 4936 quae
1740 4868 1908 4923 Deum
1936 4883 2059 4923 ver-

479 4959 689 5006 santem
728 4965 935 5018 secum,
968 4959 1023 5006 et
1059 4952 1112 5005 in
1148 4965 1209 5006 se
1244 4966 1551 5011 manentem
1592 4959 1795 5025 habuit,
1832 4959 2063 5029 orbique

482 5045 578 5097 toti
619 5042 947 5098 venerabilis
988 5051 1092 5098 est.
1135 5040 1305 5099 Hodie
1346 5045 1392 5099 si
1440 5046 1658 5115 quidem
1705 5049 1755 5103 in
1802 5051 2056 5108 universo

479 5134 610 5189 orbe
651 5135 848 5204 gaudio
888 5144 944 5190 et
978 5134 1330 5191 exsultationi
1365 5150 1491 5191 vere
1534 5135 1860 5209 indulgetur.
1898 5141 2051 5198 Nunc

477 5238 664 5280 eorum
687 5226 779 5297 qui
809 5226 925 5283 dies
950 5226 1116 5283 festos
1139 5234 1342 5293 amant,
1366 5237 1664 5283 conventus
1686 5244 1845 5286 voces
1866 5232 2048 5290 edant.

475 5313 627 5372 Nunc
665 5316 847 5386 populi
889 5332 1083 5374 omnes
1116 5333 1237 5373 cum
1275 5318 1478 5376 Davide
1516 5322 1713 5391 reginae
1746 5338 1812 5377 ex
1851 5324 2052 5381 Davide

476 5416 751 5474 prognata:
769 5408 1081 5476 ginclament
1113 5429 1127 5465 :
1161 5409 1410 5467 Gloriosa
1442 5414 1583 5469 dicta
1616 5424 1739 5470 sunt
1772 5416 1836 5470 de
1868 5426 1937 5485 te,
1970 5420 2050 5474 ci-

476 5493 608 5549 vitas
634 5494 764 5562 Dei,
792 5497 943 5568 Regis
970 5502 1149 5572 magni
1167 5504 1232 5557 ιδ.
1280 5501 1451 5561 Hodie
1479 5508 1862 5578 prepbetarum
1892 5510 2049 5579 liber,

476 5581 568 5663 qui
606 5595 859 5643 exaratus
890 5605 921 5644 a
953 5589 1063 5648 Deo
1094 5603 1208 5665 est,
1244 5597 1538 5667 aperiatur,
1578 5598 1750 5671 deque
1791 5613 2051 5674 perpetua

545 5738 591 5775 ⁸³
622 5738 770 5798 Psal.
795 5758 1014 5805 Lxxxvt.
1040 5750 1093 5804 5.

2160 4702 2261 4772 τῆς
2292 4703 2524 4767 κτίσεως
2564 4705 2865 4777 ὑπερτάτη.
2917 4706 3031 4760 Νῦν
3073 4706 3517 4778 μακαριζέσθωή
3553 4707 3738 4778 θεόμι·

2160 4792 2273 4857 λος,
2323 4792 2417 4845 καὶ
2444 4792 2803 4865 θεοχώρητος,
2856 4795 2949 4849 καὶ
2998 4796 3437 4866 κοσμοσὲϐαστος
3476 4796 3572 4850 τοῦ
3600 4796 3743 4851 Θεοῦ

2160 4883 2413 4946 κιϐωτός.
2463 4885 2712 4956 Σήμερον
2767 4885 2876 4957 γὰρ
2904 4886 2980 4949 ὡς
3032 4886 3250 4958 ἀληθῶς
3303 4886 3580 4957 πανταχοῦ
3635 4887 3744 4958 τῆς

2161 4972 2491 5043 οἰκουμένης
2547 4974 2696 5045 χαρὰ
2734 4976 2829 5028 καὶ
2873 4974 3196 5043 ἀγαλλίασις
3223 4976 3455 5046 γίνεται.
3486 4977 3742 5048 Σήμερον

2169 5060 2449 5131 βοάτωσαν
2488 5062 2786 5133 φιλεόρτων
2816 5064 2870 5116 αἱ
2901 5063 3225 5133 σύγκλητοι.
3257 5065 3504 5137 Σήμερον
3531 5063 3745 5134 βοάτω-

2166 5166 2266 5204 σαν
2284 5151 2483 5216 πάντες
2511 5151 2633 5205 λαοὶ
2660 5155 2725 5224 τῇ
2746 5153 2812 5206 ὲκ
2836 5153 3000 5206 Δαῦὶδ
3026 5152 3274 5223 βασιλίδι,
3296 5154 3741 5224 Δεδοεασμένα,

2159 5241 2409 5309 λέγοντες
2457 5243 2594 5314 μετὰ
2633 5243 2818 5308 Δαϐίδ,
2864 5244 3136 5312 ἐλαλήθη
3167 5244 3298 5312 περὶ
3324 5245 3463 5311 σοῦ,
3486 5246 3526 5314 ἡ
3560 5247 3744 5314 πόλις

2164 5333 2271 5386 τοῦ
2303 5334 2472 5398 Θεοῦ,
2521 5335 2630 5389 τοῦ
2671 5333 2981 5400 Βασιλέως
3021 5335 3128 5390 τοῦ
3154 5336 3445 5405 μεγάλου.
3488 5338 3745 5409 Σήμερον

2161 5424 2608 5497 ὑπανοιγέσθωή
2662 5425 2773 5480 τῶν
2820 5426 3119 5498 προφητῶν
3171 5425 3476 5497 Θεόγραφος
3527 5427 3738 5497 βίϐλος,

2168 5515 2266 5569 καὶ
2333 5515 2578 5585 λεγέσθω
2674 5517 2805 5588 περὶ
2886 5508 2990 5589 τῆς
3043 5516 3328 5581 ἀείπαιδος
3375 5518 3572 5588 αὐτῆς,
3643 5519 3741 5572 καὶ

2177 5606 2563 5679 Ἀειπαρθένου
2631 5608 2871 5681 Μαρίας.
2951 5609 3198 5683 Σήμερον
3278 5608 3739 5679 ἀγαλλιάσοωσαν
