4018 6342
440 344 545 403 f5]

1613 342 1672 400 S.
1708 288 2029 399 JOANS'IS
2068 337 2495 397 DAMASCENI

3598 341 3724 404 652

447 448 903 516 dum.Ave,quud
925 451 1178 506 infantem
1200 454 1449 521 genueris
1472 453 1752 508 infantium
1774 454 2021 508 formato-

2138 454 2215 505 ui
2273 453 2608 523 πρὸσφατον,
2667 452 2730 503 ὲκ
2796 451 2986 521 πηγῶν
3040 453 3257 524 Ἰσραὴλ
3295 452 3712 523 καταγόμενον.

452 553 590 601 rem,
617 540 817 607 quique
849 543 1096 591 nniwrsa
1130 543 1388 595 continet.
1423 543 1553 605 Ave,
1583 543 1726 612 quod
1762 545 2022 597 infantem

438 634 722 697 «νημαι-ῖς,
747 634 956 685 virtutis
980 644 1029 686 et
1058 633 1242 702 gloria:
1268 636 1443 690 Patris
1470 648 1774 691 constirtem
1795 637 1861 689 “.
1889 637 2024 698 Ave,

451 723 591 791 quod
637 724 893 777 infantem
937 728 1217 793 genueris,
1263 729 1676 797 quadragesimo
1720 731 1925 799 primo,
1970 741 2027 783 ut

453 815 787 870 admirabilis
816 817 991 872 Lucas
1021 820 1269 885 refert”,
1302 824 1510 888 imperii
1538 822 1763 891 Augusti
1793 825 2027 879 Ctesaris

452 920 615 960 anno.
663 908 795 971 Ave,
842 910 984 971 quod
1030 913 1284 979 genueris
1330 911 1615 978 infantem,
1662 915 1816 983 cujus
1862 930 2025 969 causa

452 998 627 1065 angeli
674 1000 1055 1069 quamplurimi
1106 1004 1172 1055 ad
1222 1012 1422 1056 terram
1476 1005 1827 1059 devenerunt.
1872 1005 2024 1071 Ave,

454 1093 594 1159 quod
625 1092 882 1147 infantem
914 1097 1186 1163 genueris.
1220 1096 1375 1165 cujus
1404 1112 1566 1150 causa
1600 1109 1865 1166 pastores,
1903 1100 2025 1150 tlnnt

456 1192 612 1236 nocte
647 1200 863 1253 gregem
905 1186 955 1238 iu
997 1186 1141 1252 agris
1177 1187 1510 1242 excubantes
1549 1190 1904 1250 custodirent,
1940 1194 2028 1242 ad.

456 1274 743 1329 miratione
782 1276 1010 1342 perculsi
1051 1281 1291 1334 sunt"'.
1319 1281 1439 1341 \ve,
1485 1273 1622 1347 quot
1664 1280 1917 1349 genueris
1958 1282 2030 1331 in.

455 1365 691 1432 fantem,
724 1366 880 1434 cujus
916 1384 1079 1423 causa
1115 1369 1469 1423 concinebant
1503 1370 1675 1439 angeli
1713 1388 1724 1423 :
1757 1366 1937 1422 (.‘IorTa
1977 1372 2027 1422 in

454 1459 671 1514 excelsis
707 1460 831 1524 σεο,
858 1471 904 1513 et
936 1462 989 1514 in
1022 1473 1159 1513 terra
1189 1477 1313 1529 pax,
1344 1461 1639 1514 hominibus
1672 1462 1818 1514 bona:
1847 1461 2026 1514 volun-

458 1551 579 1603 tatis
606 1551 673 1607 ³⁸.
713 1552 846 1617 Ave,
881 1553 1026 1621 quod
1067 1553 1317 1622 gmmeris
1359 1552 1637 1617 infantem,
1679 1551 1831 1620 cujus
1867 1569 2028 1607 causa

456 1641 666 1696 sonitus
687 1651 739 1694 et
764 1642 927 1712 837
954 1645 1214 1712 strepitus
1240 1644 1473 1696 auditur.
1500 1642 1634 1705 Ave,
1660 1645 1799 1712 quod
1828 1659 2029 1712 genue-

458 1731 535 1783 t‘is
577 1732 836 1785 infantem
878 1733 1034 1800 cujus
1079 1749 1238 1787 causa
1286 1734 1530 1788 Herodes
1578 1736 1758 1789 animo
1797 1745 2031 1789 aestuans

458 1822 806 1886 perturbatur
828 1822 891 1876 ³⁸.
929 1824 1058 1886 Ave,
1095 1824 1235 1891 quod
1275 1825 1532 1879 infantem
1568 1825 1843 1893 genueris.
1879 1826 2033 1896 cujus

459 1928 620 1963 cautam
650 1922 876 1980 cognata
908 1922 996 1967 tua
1030 1913 1300 1968 Elisabetb
1329 1915 1487 1969 domo
1513 1931 1607 1969 sua
1637 1916 1869 1970 exsudat.
1899 1919 2029 1983 Ave,

458 2004 598 2068 quod
628 2005 879 2073 genueris
908 2005 1188 2070 infantem,
1220 2006 1377 2074 cujus
1408 2022 1566 2061 causa
1596 2008 1889 2063 Zacharias
1919 2010 2034 2063 exi-

458 2096 595 2149 mius
628 2097 883 2151 sacerdos
916 2096 967 2149 in
1004 2098 1181 2151 medio
1214 2097 1409 2167 templo
1438 2112 1681 2156 necatur.
1711 2101 1854 2162 Ave,
1890 2101 2030 2169 quod

457 2186 709 2251 genuerit;
750 2185 1039 2263 infantem,
1080 2188 1232 2255 cujus
1276 2204 1435 2244 causa
1480 2190 1754 2246 Bethleem
1803 2194 2030 2247 militum

458 2293 648 2331 manus
670 2279 1115 2345 perscrutatur".
1142 2281 1273 2341 Ave.
1299 2282 1443 2350 quod
1471 2285 1722 2352 genueris
1747 2285 2030 2350 infantem,

458 2376 676 2434 prapter
709 2382 867 2436 quem
914 2372 1107 2423 armati
1152 2372 1347 2441 gladiis
1389 2374 1679 2428 carniﬁces
1723 2376 2028 2433 mittuntur.

456 2464 588 2525 Ave,
614 2460 755 2528 quod
782 2463 1032 2530 genueris
1059 2463 1340 2528 infantem,
1369 2465 1522 2532 cujus
1550 2484 1707 2521 causa
1739 2469 1905 2539 geniti
1936 2486 2034 2523 nu-

456 2564 574 2618 per,
618 2551 815 2619 vixque
857 2568 1039 2606 vocem
1093 2555 1367 2610 imitantes
1415 2557 1645 2613 infantes
1693 2560 2032 2613 membratim

448 2642 843 2701 coniiciuntur.
887 2645 1022 2708 Ave,
1069 2648 1211 2714 quod
1260 2648 1516 2703 infantem
1561 2653 1834 2720 genueris,
1882 2653 2035 2721 cujus

458 2751 621 2790 causa
651 2734 851 2790 Rachel
886 2736 1249 2807 lacrytnarum
1280 2739 1470 2796 tluvios
1502 2741 1746 2807 fundens,
1785 2745 2031 2799 tristissi.

460 2840 604 2879 mum
637 2840 856 2880 carmen
883 2826 1079 2883 edit“.
1113 2828 1255 2892 Ave,
1287 2831 1427 2897 quod
1458 2830 1718 2884 infantem
1747 2834 2032 2902 genueris,

459 2916 552 2984 qui
577 2926 772 2971 octava
804 2917 889 2971 die
915 2919 979 2972 de
1008 2918 1140 2989 legis
1170 2918 1414 2975 Mosaicae
1446 2924 1763 2991 prtescripto
1794 2926 2032 2980 circum-

446 3005 603 3061 cisus
633 3004 726 3058 fuit
749 3006 814 3058 “.
844 3008 976 3070 Ave,
1001 3008 1141 3075 quod
1175 3008 1432 3063 infantem
1463 3013 1739 3089 getnteris,
1768 3014 1877 3079 qui,
1910 3030 2033 3069 cum

2130 545 2324 614 Χαῖρε,
2383 545 2463 597 ὅτι
2517 542 2855 613 γεγέννηκας
2902 544 3120 614 βρέφος,
3180 545 3274 597 τὸν
3331 544 3440 598 τῶν
3491 545 3720 615 βρεφῶν

2127 636 2475 705 τεχνουργὸν,
2519 638 2611 687 καὶ
2656 635 2890 703 συνοχέα
2916 635 3023 686 τῶν
3071 636 3231 689 ὅλων.
3265 638 3461 706 Χαῖρε,
3502 638 3587 689 ὃτι
3611 654 3717 705 γε-

2126 725 2395 793 γέννηκας
2434 726 2655 795 βρέφος,
2710 725 2799 777 τὸν
2824 724 2918 778 τοῦ
2973 724 3188 795 Πατρδς
3234 726 3583 796 δμοδύναμον
3617 729 3721 781 καὶ

2127 816 2400 885 ὁμόδοξον.
2444 818 2635 886 Χαῖρε,
2671 818 2751 870 ὄτι
2782 817 3115 889 γεγέννηκας
3162 818 3381 887 βρέφος,
3436 820 3581 873 καθᾶ
3624 821 3711 873 δι·-

2128 909 2383 978 αγορεύει
2419 910 2633 973 Λουκᾶς
2663 912 2692 964 ὁ
2725 910 3047 980 θαυμάσιος,
3081 913 3138 963 ὲν
3169 912 3247 979 τῷ
3271 913 3710 983 τεσσαρακοστῷ

2132 999 2334 1069 πρώτῳ
2389 1000 2498 1052 έτει
2556 1003 2655 1071 τῆς
2715 1001 2996 1071 βασιλείας
3045 1002 3359 1069 Αὐγούστου
3402 1002 3713 1073 Καίσαρος.

2130 1092 2322 1160 Χαῖρε,
2354 1091 2437 1143 ὅτι
2462 1090 2798 1162 γεγέννηκας
2820 1090 3038 1160 βρέφος,
3068 1087 3274 1155 οὗτινος
3296 1092 3460 1145 ἕνεκα
3482 1092 3714 1160 ἄγγελοι

2131 1183 2479 1252 παμπληθεῖς
2509 1183 2575 1236 τὰ
2616 1184 2836 1251 ἐπίγεια
2886 1184 3209 1237 κατέλαϐον.
3260 1185 3432 1254 Χαῖρε
3454 1222 3470 1247 ,
3504 1186 3587 1237 ὅτι
3618 1202 3720 1253 γε·

2130 1275 2401 1343 γέννηκας
2427 1274 2644 1345 βρέφος,
2692 1268 2903 1338 οὗτινος
2954 1275 3117 1328 ἕνεκα
3151 1275 3409 1346 ποιμένες
3439 1277 3719 1344 νυκτοφύ-

2129 1365 2291 1426 λακες
2317 1364 2717 1433 ἀγραυλοῦντες
2766 1365 3102 1434 ἐθαύμαζον.
3154 1366 3349 1436 Χαῖρε,
3393 1367 3476 1418 ὃτι
3511 1368 3714 1434 γεγέν-

2131 1472 2300 1524 νηκας
2345 1456 2562 1526 βρέφος,
2615 1452 2824 1521 οὗτινος
2874 1457 3059 1511 ἕνεκεν
3110 1457 3432 1527 ύπέμελπον
3483 1458 3713 1526 ἄγγελοι

2129 1545 2381 1615 λέγοντες
2403 1566 2410 1574 ·
2432 1547 2586 1611 Δόξα
2608 1547 2678 1600 ἐν
2697 1548 2984 1615 ὑψίστοις
3004 1546 3144 1612 Θεῷ,
3173 1546 3270 1600 καὶ
3292 1547 3388 1599 ἐπὶ
3420 1546 3530 1617 γῆς
3549 1548 3716 1615 ειρὴ-

2130 1656 2229 1704 νη,
2262 1639 2331 1692 ὲν
2364 1637 2697 1706 ἀνθρώποις
2731 1638 2992 1693 εὐδοκία.
3026 1639 3219 1707 Χαῖρε,
3256 1640 3339 1692 ὅτι
3369 1639 3714 1709 γεγέννηκας

2136 1729 2355 1800 βρέφος,
2403 1721 2465 1782 οὗ
2522 1730 2685 1784 ἓνεκα
2743 1729 3057 1801 θορυϐεῖται
3110 1729 3203 1783 καὶ
3248 1733 3709 1799 φωνοκτυπεῖται.

2134 1823 2327 1893 Χαῖρε,
2364 1822 2445 1874 ὅτι
2492 1820 2829 1890 γεγέννηκας
2877 1820 3095 1892 βρέφος.
3147 1815 3207 1875 οὗ
3235 1821 3399 1875 ένεκα
3461 1821 3713 1894 Ἡρώδης

2135 1913 2471 1983 Θυμομαχῶν
2495 1913 2842 1983 ταράττεται.
2876 1915 3070 1983 Χαῖρε,
3100 1913 3183 1965 δτι
3209 1914 3547 1983 γεγέννηκας
3575 1914 3714 1984 βρέ-

2136 2022 2254 2075 φος,
2278 1997 2338 2057 οὗ
2364 2005 2527 2057 ἕνεκα
2567 2006 2601 2075 ἠ
2636 2005 2905 2075 συγγενής
2941 2021 3036 2057 σου
3088 2003 3369 2058 Ἐλισάὸετ
3410 2005 3711 2076 ὑπερόριος

2134 2096 2362 2165 γίνεται.
2411 2097 2605 2165 Χαῖρε,
2668 2097 2750 2150 ὃτι
2822 2096 3162 2167 γεγέννηκας
3214 2095 3433 2167 βρέφος,
3494 2088 3714 2159 οὗτινος

2134 2187 2297 2240 ἕνεκα
2326 2186 2601 2257 Ζαχαρίας
2643 2186 2672 2238 6
2703 2187 3086 2256 παμμέγιστος
3141 2180 3323 2257 ίερεῦς
3359 2188 3566 2258 μεταξὺ
3609 2186 3713 2241 τοῦ

2134 2278 2257 2332 ναοῦ
2295 2278 2585 2332 κτείνεται.
2634 2280 2825 2349 Χαῖρε,
2875 2278 2957 2331 ὅτι
3003 2279 3343 2347 γεγέννηκας
3377 2277 3596 2348 βρέφος.
3645 2274 3714 2330 οὗ

2134 2369 2372 2439 ἓνεκαή
2421 2367 2670 2439 Βηθλεὲμ.
2708 2365 3119 2438 στρατιωτικῶς
3165 2368 3475 2436 ἐρευνᾶται.
3511 2369 3712 2437 Χαῖρε.

2134 2462 2215 2515 ὅτι
2239 2461 2574 2532 γεγέννηκας
2604 2459 2824 2532 βρέφος,
2860 2453 2921 2513 οὗ
2950 2459 3112 2513 ’ἑνεκα
3148 2458 3437 2533 ξιφηφόροι
3467 2458 3716 2511 στέλλον-

2134 2570 2224 2606 ται
2266 2553 2471 2622 δήμιοι.
2513 2554 2708 2623 Χαῖρε,
2754 2552 2837 2605 δτι
2874 2553 3211 2623 γεγέννηκας
3246 2551 3468 2621 βρέφος,
3497 2541 3714 2612 οὗτινος

2135 2644 2300 2699 ἕνεκα
2356 2643 2583 2713 νεογενῆ
2654 2645 2750 2697 καὶ
2812 2642 3172 2714 μιμηλόφωνα
3204 2643 3424 2714 βρέφη,
3483 2640 3717 2712 μεληδὸν

2136 2733 2540 2787 ἀναλίσκονται.
2597 2732 2793 2804 Χαῖρε,
2843 2733 2927 2786 ὅτι
2976 2732 3315 2803 γεγέννηκας
3377 2731 3598 2802 βρέφος,
3645 2725 3713 2786 οῖ’)

2136 2828 2301 2881 ἕνεκα
2366 2824 2571 2896 Ῥαχὴλ
2625 2825 2936 2894 ποταμηδδν
2991 2824 3323 2895 δακρύουσα,
3365 2823 3718 2895 βαρύγχητον

2137 2918 2415 2987 ἐκπέμπει
2446 2918 2627 2987 μέλος.
2669 2919 2867 2988 Χαῖρε,
2907 2918 2989 2972 δτι
3018 2917 3354 2989 γεγέννηκας
3385 2916 3605 2988 βρέφος,
3645 2915 3716 2971 τὸ

2137 3010 2480 3079 ὀκταήμερον
2511 3009 2977 3083 περιτεμνόμενον
3021 3008 3164 3063 κατὰ
3193 3008 3285 3063 τὸν
3319 3006 3598 3072 Μωῡσέως
3620 3009 3714 3062 v6-

463 3096 631 3165 lcgem
655 3096 711 3149 in
740 3097 933 3151 talmlis
960 3097 1184 3167 lapideis
1211 3098 1604 3169 insculpsisset,
1629 3102 1804 3158 factus
1828 3115 1909 3158 est
1934 3105 2032 3158 sub

2144 3118 2263 3169 μον.
2295 3102 2487 3172 Χαῖρε,
2515 3101 2597 3155 ὅτι
2628 3101 2967 3170 γεγέννηκας
2996 3101 3222 3173 βρέφος,
3252 3101 3313 3155 τὸ
3336 3100 3426 3154 τὸν
3456 3100 3620 3169 νόμον
3654 3100 3717 3153 ὲν

463 3188 597 3257 lege,
625 3203 686 3242 ac
716 3187 881 3257 legem
912 3188 1114 3257 implet.
1142 3188 1275 3255 Ave,
1303 3191 1445 3258 quod
1475 3190 1733 3246 infantem
1762 3195 2032 3261 genueris,

460 3294 621 3347 quem
659 3280 1016 3347 quadraginta
1062 3280 1253 3334 diebus
1299 3281 1586 3350 completis
1632 3283 1682 3335 iu
1730 3284 2039 3341 Salomonis

465 3369 663 3436 templo
706 3369 947 3422 obtulisti
972 3369 1040 3423 ³³.
1084 3372 1216 3435 Ave,
1259 3373 1402 3439 quod
1451 3372 1712 3427 infantem
1759 3378 2035 3445 genueris,

463 3474 621 3527 quem
670 3475 858 3514 recens
904 3461 1107 3515 ediunn
1161 3462 1361 3516 canitie
1413 3465 1727 3531 spectabilis
1778 3469 2038 3524 sacerdos

466 3552 683 3606 Simeou
707 3554 1068 3623 conspiciens,
1097 3555 1221 3609 hinc
1243 3555 1439 3609 dimitti
1466 3558 1734 3612 studebat.
1760 3559 1893 3624 Ave,
1918 3577 2037 3630 qua:

464 3645 711 3715 genueris
742 3647 1023 3708 infantem,
1049 3648 1137 3715 qui
1170 3665 1197 3699 a
1228 3648 1566 3717 propbetis<a
1595 3666 1658 3704 ac
1686 3651 1848 3705 vidua
1878 3653 2033 3708 Anna

465 3754 647 3791 coram
674 3739 827 3792 ounti
860 3739 1058 3809 populo
1088 3738 1351 3794 Dominus
1380 3742 1749 3810 proclamatus
1779 3755 1879 3804 est.

536 3919 666 3980 Are,
698 3919 867 3985 gratia
903 3918 1091 3987 plena;
1123 3933 1241 3981 ave,
1277 3933 1370 3987 per
1399 3934 1561 3989 quam
1596 3922 1748 3977 nobis
1780 3923 2033 3989 innotuit,

465 4009 556 4079 qui
600 4016 725 4063 ante
764 4024 952 4063 omnes
992 4010 1155 4065 colles
1198 4011 1409 4081 genitus
1448 4024 1549 4077 est,
1590 4013 1754 4079 Deus,
1794 4016 2033 4086 inquam,

466 4098 839 4154 universorum
870 4111 1187 4170 potestatem
1219 4103 1441 4157 habens.
1469 4106 1601 4170 Ave,
1630 4123 1727 4174 per
1752 4124 1911 4178 quam
1941 4125 2038 4163 no-

467 4188 549 4243 bis
578 4189 666 4257 qni
700 4192 897 4244 mundo
928 4191 1213 4245 sublimior
1234 4202 1339 4257 est,
1371 4194 1621 4260 innotuit,
1650 4198 1850 4267 quique
1884 4214 2038 4253 mun-

465 4282 589 4334 dum
619 4293 815 4337 ornatu
842 4298 1065 4335 vacuum
1100 4284 1335 4351 ornavit,
1364 4294 1417 4338 et
1448 4297 1752 4340 creaturam
1789 4289 2035 4342 incondi-

470 4382 575 4423 tam
602 4373 825 4424 creavit.
851 4374 983 4434 Ave,
1013 4388 1107 4441 per
1129 4389 1290 4442 quam
1322 4375 1577 4440 innotuit,
1604 4377 1692 4444 qni
1724 4380 2034 4447 priusquam

2140 3195 2303 3259 πλαξὶ
2326 3195 2615 3261 λαξεῠσαν,
2644 3196 2740 3248 καὶ
2764 3195 2871 3250 ὑπὸ
2896 3196 3063 3266 νόμον
3092 3196 3405 3266 γενόμενον,
3429 3194 3525 3249 καὶ
3550 3194 3718 3266 νόμον

2139 3285 2465 3357 ἐκπληροῦν.
2505 3288 2697 3357 Χαῖρε,
2732 3286 2816 3339 ἔτι
2852 3286 3192 3356 γεγέννηκας
3232 3284 3451 3357 βρέφος,
3487 3285 3624 3355 ὅπερ
3645 3285 3710 3336 έν

2138 3381 2206 3450 τῇ
2247 3376 2642 3448 συμπληρώσει
2689 3376 2800 3430 τῶν
2848 3376 3260 3450 τεσσαράκοντα
3294 3375 3518 3447 ἡμερῶν
3545 3376 3603 3429 ἒν
3634 3375 3719 3447 τῷ

2140 3468 2523 3539 Σολομωντείῳ
2558 3470 2943 3540 προσήνεγκας
2983 3469 3119 3541 ναῷ.
3164 3470 3360 3540 Χαῖρε,
3399 3469 3481 3522 δτι
3523 3468 3717 3537 γεγέν-

2138 3574 2309 3628 νηκας
2332 3557 2549 3628 βρέφος,
2575 3558 2925 3627 νηπιοφανὲς,
2951 3560 3087 3629 ὅπερ
3120 3561 3147 3613 6
3175 3558 3502 3629 πολιοφανὴς
3535 3560 3717 3629 ἱερεὺς

2139 3647 2362 3718 Συμεὼν
2389 3647 2534 3712 ίδὼν,
2554 3648 2886 3702 ἀπολύεσθαι
2919 3648 3167 3702 ἔσπευδε.
3189 3650 3379 3719 Χαῖρε,
3413 3651 3494 3702 δτι
3524 3648 3721 3716 γεγένο

2138 3758 2312 3804 νηκας
2353 3739 2571 3810 βρέφος,
2607 3740 2668 3793 τὸ
2715 3740 2822 3793 ὑπὸ
2876 3740 2975 3809 τῆς
3024 3740 3356 3811 προφήτιδος
3403 3741 3498 3793 καὶ
3539 3741 3720 3811 χήρας

2142 3832 2359 3901 Ἀννης,
2393 3831 2634 3885 ἐναντίον
2660 3832 2859 3895 παντὸς
2880 3830 3009 3885 λαοῦ
3050 3832 3465 3903 κυριολογηθέν.
3680 3882 3683 3883 ,

2210 3924 2402 3994 Χαῖρε,
2434 3924 2871 3993 κεχαριτωμένη,
2894 3926 3050 3993 χαῖρε
3082 3922 3148 3975 δι’
3172 3919 3236 3994 ἦς
3269 3925 3399 3992 ἡμῖν
3422 3922 3720 3991 ὲπέφαινεν

2137 4017 2165 4068 6
2193 4014 2298 4083 πρὸ
2322 4013 2536 4066 πάντων
2562 4011 2763 4082 βουνῶν
2790 4012 3092 4081 γεννηθεὶς,
3123 4011 3270 4073 Θεὸς,
3294 4011 3457 4080 φημὶ,
3491 4011 3519 4062 6
3549 4027 3721 4062 παντ-

2137 4104 2397 4171 εξούσιος.
2447 4105 2638 4174 Χαῖρε,
2666 4103 2732 4155 δι’
2750 4097 2816 4173 ἦς
2840 4104 2969 4173 ἡμῖν
2991 4106 3017 4156 6
3034 4101 3396 4173 ύπερκόσμιος
3421 4101 3717 4169 ἐπέφανεν,

2138 4199 2167 4251 6
2200 4198 2404 4266 κόσμον
2449 4196 2689 4265 ἄκοσμον
2729 4196 3047 4266 κοσμήσας,
3095 4195 3189 4248 καὶ
3237 4194 3414 4247 κτίσιν
3456 4195 3717 4248 ἄκτιστον

2141 4288 2351 4351 κτίσας.
2385 4288 2577 4357 Χαῖρε,
2612 4286 2677 4340 δι’
2702 4282 2771 4359 ἦς
2798 4288 2928 4355 ἡμῖν
2960 4286 3248 4354 ὲπέφανεν,
3283 4287 3311 4339 6
3349 4286 3455 4357 πρὸ
3486 4286 3580 4339 τοῦ
3611 4286 3718 4357 ὅρη

2142 4379 2460 4451 γενηθῆναι,
2495 4379 2590 4432 καὶ
2621 4378 2925 4450 πλασθῆναι
2956 4378 3053 4450 τὴν
3085 4380 3188 4448 γῆν
3216 4380 3310 4432 καὶ
3338 4378 3437 4448 τὴν
3461 4379 3721 4447 οἰκουμέ-

472 4474 679 4531 umntcs
712 4465 922 4525 tierent,
953 4474 1003 4517 et
1040 4464 1362 4520 [armaretur
1395 4476 1535 4521 terra
1571 4477 1624 4523 et
1652 4469 1823 4536 orbis,
1852 4485 1915 4525 ex
1951 4473 2032 4526 iu-

2144 4488 2260 4541 νην,
2303 4472 2367 4523 ὲκ
2401 4469 2611 4539 Πατρὸς
2643 4471 2939 4539 ἁγεννήτου
2971 4470 3274 4539 γεννηθείς.
3318 4470 3510 4539 Χαῖρε,
3546 4467 3614 4521 δι’
3650 4465 3719 4539 ἧς

468 4556 651 4615 genito
685 4553 841 4607 Patre
868 4554 1081 4624 genitus
1108 4558 1275 4613 est“.
1308 4559 1419 4613 Ave
1448 4575 1543 4630 per
1569 4576 1733 4630 quam
1767 4564 2038 4632 apparuit,

468 4643 557 4712 qui
607 4647 802 4699 emtum
849 4648 923 4701 uti
973 4650 1165 4718 pellent
1214 4655 1476 4718 extendit,
1520 4663 1570 4709 et
1624 4656 1830 4711 aridam
1878 4672 2041 4727 super

467 4755 635 4808 aquas
664 4738 843 4809 abyssi
876 4741 1160 4799 stabilivit.
1194 4744 1339 4809 Ave,
1374 4762 1470 4815 per
1496 4763 1657 4817 quam
1690 4749 1847 4805 nobis
1879 4750 2036 4804 inno-

470 4833 599 4895 tuit,
628 4832 719 4901 qui
756 4832 1076 4887 altissimum
1111 4851 1365 4905 prorsus,
1395 4840 1537 4907 quod
1569 4842 1828 4896 mundum
1862 4842 2037 4897 conti-

469 4932 592 4988 net,
642 4925 1124 4995 admirandumque
1174 4930 1544 4995 spectaculum
1607 4933 1841 5002 praebet,
1892 4949 2043 4990 mare

468 5033 630 5072 arens
663 5019 858 5075 frenat.
886 5017 1020 5081 Ave,
1048 5033 1143 5087 per
1167 5033 1326 5087 quam
1360 5021 1515 5075 nobis
1545 5022 1801 5089 innotuit,
1829 5024 1920 5092 qui
1955 5024 2037 5077 iu-

470 5110 771 5171 tatninatis,
815 5125 913 5164 nec
958 5125 1116 5163 tnantt
1161 5109 1320 5166 factis
1359 5110 1608 5167 manibus
1641 5113 1813 5166 Adam
1861 5114 2034 5168 Inomi-

470 5217 593 5252 num
624 5204 861 5271 primum
887 5201 1162 5257 formavit.
1196 5202 1334 5267 Ave,
1368 5218 1463 5272 per
1491 5219 1651 5273 quam
1687 5205 1840 5258 nobis
1868 5220 2036 5273 appa-

469 5293 581 5345 ruit
618 5293 705 5362 qui
742 5294 1051 5353 Abrabamo
1086 5296 1163 5349 ait
1198 5314 1211 5350 :
1247 5295 1369 5350 Nisi
1401 5295 1705 5351 benedicens
1738 5295 2035 5350 benedicam

470 5394 538 5446 tr,
568 5393 615 5436 et
649 5384 998 5453 multiplicans
1031 5388 1390 5457 multiplicabo
1420 5399 1469 5443 te
1491 5390 1555 5444 ³⁷.
1585 5390 1717 5450 Ave.
1752 5402 1847 5458 per
1874 5404 2035 5457 quam

470 5475 626 5529 nobis
658 5476 890 5531 innotuit
918 5478 1008 5548 qui
1038 5481 1289 5550 populum
1322 5478 1488 5536 Israel
1516 5497 1580 5537 ex
1612 5479 1832 5551 Egypti
1862 5481 2038 5536 servi-

541 5612 592 5690 *_°_
622 5611 776 5690 Joan.
809 5628 846 5677 ι,
876 5612 964 5690 μ.
1016 5617 1402 5690 μίίθὶιειιιοτίω
1453 5620 1634 5690 lapsus
1688 5639 1701 5676 :

471 5682 511 5714 ³·
550 5680 736 5735 διειιιΙι.
799 5682 936 5745 n,‘5.
1014 5685 1057 5716 ³²
1082 5689 1210 5747 ibid.
1276 5680 1357 5747 t6.

469 5752 512 5785 ³⁷
553 5752 690 5808 αεοιι.
726 5766 748 5803 s
763 5766 787 5802 γ
802 5767 854 5819 't,
876 5751 963 5810 l7.

1755 5620 1885 5676 nibil
1935 5618 2229 5689 ejusmodi
2251 5616 2423 5689 Lucas
2474 5610 2659 5689 δίψει.

1464 5689 1746 5748 "alerent.
1800 5706 1951 5759 xxxi,
2011 5689 2099 5745 l5.

2143 4562 2272 4630 ημῖν
2310 4559 2598 4627 ἐπέφανεν,
2629 4560 2655 4610 6
2684 4560 2774 4611 τὸν
2813 4560 3042 4631 οὐρανὸν
3071 4559 3204 4611 ὡσεὶ
3233 4558 3417 4630 δέρῤιν
3449 4558 3718 4621 ἐκτείνας,

2142 4653 2234 4705 καὶ
2279 4651 2377 4721 τὴν
2427 4650 2598 4720 ξηρὰν
2624 4651 2717 4703 ἐπὶ
2756 4651 2863 4704 τῶν
2896 4652 3169 4705 ἀϐυσσίων
3211 4650 3441 4721 ἔδρασας
3487 4649 3717 4703 ὑδάτων.

2142 4744 2346 4813 Χαῖρε,
2381 4742 2449 4794 δι’
2490 4736 2555 4812 ἦς
2590 4743 2722 4810 ἡμῖν
2761 4743 3031 4811 ὲπέφανεν
3054 4782 3067 4804 ,
3114 4744 3142 4795 ὁ
3174 4742 3384 4812 ψάμμῳ
3414 4741 3720 4813 χαλινώσας

2140 4834 2237 4904 τὴν
2272 4831 2711 4903 μεγαλομέγεοον
2754 4850 2813 4885 τε
2850 4834 2943 4885 καὶ
2973 4832 3397 4903 κοσμοχώρητον
3451 4833 3544 4885 καὶ
3582 4832 3721 4884 Θαυμ-

2142 4924 2511 4997 μαστοοέατον
2539 4924 2838 4978 θάλασσαν.
2870 4927 3062 4996 Χαῖρε,
3089 4925 3159 4978 δι’
3191 4922 3259 4997 ἦς
3289 4927 3423 4996 ἡμῖν
3450 4924 3723 4992 έπέφανεν

2139 5020 2167 5072 6
2195 5017 2382 5089 χερσὶν
2411 5017 2699 5087 ἀκράντοις
2728 5016 2823 5069 καὶ
2847 5017 3295 5088 ἀχειροπλὰστοις
3320 5017 3724 5088 χειροπλαστή-

2143 5127 2240 5171 σας
2255 5110 2346 5162 τὸν
2372 5109 2585 5180 πρῶτον
2603 5110 2659 5160 ἐν
2678 5107 2984 5178 ἀνθρώποις
3005 5108 3287 5179 ἄνθρωπον
3303 5110 3490 5179 ’Δδάμ.
3523 5110 3720 5179 Χαῖρε,

2141 5202 2205 5255 δι’
2226 5198 2293 5273 ἧς
2320 5203 2451 5271 ἡμῖν
2479 5201 2745 5269 ἑπέφανεν
2773 5201 2801 5253 6
2824 5200 2998 5268 λέγων
3030 5201 3167 5271 πρὸς
3207 5197 3561 5271 Ἀδραὲμ,Ἧ
3593 5199 3727 5269 μὴν

2142 5293 2413 5363 εὐλογῶν
2437 5290 2757 5360 εὐλογήσω
2791 5309 2884 5356 σε,
2935 5292 3030 5345 καὶ
3078 5294 3407 5359 πληθύνων
3432 5289 3725 5359 πληθυνῶ

2143 5400 2238 5439 σε.
2267 5384 2460 5453 Χαῖρε,
2488 5381 2556 5435 δι’
2582 5376 2651 5452 ἧς
2679 5383 2809 5451 ἡμῖν
2830 5382 3101 5451 ὲπέφανεν
3124 5384 3152 5436 6
3179 5382 3342 5436 πάλαι
3365 5381 3453 5436 διὰ
3478 5382 3725 5445 Μωσέως

2144 5473 2525 5546 Αἰγυπτιακῆς
2561 5473 2807 5536 δουλείας
2843 5474 3151 5546 ῥυσάμενος
3186 5476 3313 5529 λαὸν
3352 5473 3722 5546 ’ῖσραηλιτην,

2765 5616 2833 5648 ²⁹”
2860 5613 2988 5669 Luc.
3021 5630 3092 5677 tt,
3124 5614 3277 5671 8-15.
3394 5612 3440 5643 ³⁰
3470 5610 3600 5665 ibid.
3632 5609 3724 5665 Η.

2197 5688 2241 5721 ⁸⁸
2288 5687 2420 5743 Luc.
2455 5701 2517 5753 II,
2573 5680 2663 5737 21.
2766 5687 2813 5720 ³⁸
2852 5686 2981 5741 ibid.
3011 5684 3101 5739 2‘2.
3201 5685 3247 5717 ³⁸
3285 5683 3441 5739 Prov.
3478 5696 3596 5747 vttt,
3625 5678 3723 5737 "£5.
3766 5708 3769 5711 -

2439 5836 2459 5868 I
