4012 6338
318 346 427 412 653

1183 349 1511 409 IIOMlLlA
1552 352 1629 409 ΙΝ
1676 354 2142 412 ANNUNTIA’I‘.
2182 355 2248 413 Β.
2292 355 2352 416 ν.
2391 357 2677 420 ΜΑΒΙᾹΕ.

3482 360 3585 421 654

322 462 416 517 καὶ
451 460 806 531 Φαραωνίτην
852 458 1366 532 θαλασσοκτονήσας
1416 462 1650 516 ἄνακτα.
1690 463 1896 532 Χαῖρε,

2008 472 2117 519 tute
2154 466 2279 519 olim
2320 466 2594 534 liberavit,
2625 481 2683 525 et
2713 469 3052 529 Pharaonem
3094 490 3272 544 regem
3312 475 3582 531 interfecit

320 554 384 607 δι’
413 548 480 626 ἧς
504 556 637 625 ἡμῖν
670 555 961 623 ὲπέιρανεν,
985 556 1014 607 6
1045 556 1185 607 κατὰ
1217 556 1412 624 γενεάν
1443 557 1811 626 ὀπτανόμενος
1846 556 1903 610 ἓν

319 664 379 700 τε
405 648 647 719 Πατράσι
676 648 771 699 καὶ
802 649 1135 718 προφήταις,
1167 649 1260 701 καὶ
1291 651 1426 701 πᾶσι
1458 652 1569 710 τοῖς
1597 649 1739 703 κατὰ
1762 649 1902 719 ,πρό-

322 738 474 790 θεσιν
518 740 737 808 κλητοῖς
780 737 921 795 οὖσι.
954 741 1153 810 Χαῖρε,
1185 741 1251 795 δι’
1279 736 1346 812 ἧς
1388 743 1519 812 ἡμῖν
1551 714 1843 811 ὲπέφαξεν,
1874 743 1902 794 ὁ

318 829 407 882 διὰ
457 829 742 899 σπλάγχνα
786 831 967 895 ἐλέους
1018 832 1104 885 διά
1150 832 1240 885 τὸν
1284 833 1571 904 ἄνθρωπον
1614 833 1902 903 ἄνθρωπος

318 920 629 990 γενόμενος.
662 923 854 991 Χαῖρε,
886 921 954 975 δι’
992 917 1061 992 ἧς
1098 922 1229 992 ἡμῖν
1264 924 1554 991 ὲπὲφανεν,
1590 925 1615 975 6
1653 925 1813 992 μόνος
1844 925 1902 975 ὲν

319 1011 495 1079 ἁγίοις
552 1012 734 1080 ἅγιος,
787 1013 881 1064 καὶ
919 1011 1082 1079 μόνος
1120 1014 1175 1065 ἐν
1210 1012 1620 1081 δεδοξασμένοις
1654 1010 1897 1075 ἔνδοξος,

320 1102 414 1155 καὶ
446 1102 607 1173 μόνος
639 1102 865 1172 ὕψιστος
896 1104 988 1156 ἐπὶ
1021 1104 1200 1156 πᾶσαν
1226 1102 1324 1173 τήν
1361 1105 1479 1173 γῆν.
1511 1105 1707 1173 Χαῖρε,
1738 1103 1806 1155 δι’
1833 1099 1901 1175 ἧς

318 1197 450 1264 ἡμῖν
476 1195 768 1265 ὲττέςρανεν,
792 1198 820 1249 6
843 1197 1006 1267 μόνος
1026 1195 1265 1266 ἀπαθὴς,
1288 1197 1381 1248 καὶ
1405 1196 1560 1266 μόνος
1585 1214 1645 1248 συ
1656 1196 1897 1275 ρίπαθής,

2006 555 2056 607 in
2091 558 2244 611 mari.
2275 560 2408 624 Ave,
2441 576 2537 628 per
2563 576 2724 630 quam
2757 564 2912 619 nobis
2947 565 3200 629 innotuit,
3228 567 3319 635 qui
3353 582 3448 635 per
3471 568 3586 620 siu-

2002 647 2154 715 gulas
2192 657 2378 702 attates
2414 654 2764 721 conspicuqu
2806 670 2928 709 sese
2968 655 3195 724 prmliuit
3237 656 3487 711 Patribus
3522 665 3576 709 ct

2003 741 2306 809 prophetis,
2344 752 2398 795 et
2434 745 2685 800 omnibus
2723 745 2827 801 illis
2862 748 2952 817 qui
2991 751 3290 803 secundum
3328 750 3582 818 proposi-

2006 843 2115 885 tutn
2150 838 2321 887 vocati
2356 845 2482 889 sunt
2514 838 2711 893 sancti.
2740 841 2874 902 Ave,
2910 856 3004 908 per
3033 858 3192 910 quant
3228 843 3383 897 nobis
3419 844 3577 897 iuno-

2006 929 2141 990 tnit,
2182 927 2273 995 qui
2323 944 2417 997 per
2460 930 2663 984 viscera
2713 933 3098 989 tttisericordite
3145 936 3376 991 hominis
3419 952 3581 990 causa

2002 1017 2177 1072 laetus
2204 1029 2289 1073 est
2320 1020 2500 1074 homo.
2525 1020 2659 1084 Ave,
2689 1038 2783 1092 per
2810 1040 2969 1093 quam
3003 1026 3158 1080 nobis
3188 1026 3449 1086 innotuit,
3486 1027 3579 1096 qui

2001 1108 2148 1163 solus
2181 1109 2322 1164 inter
2351 1121 2566 1166 sanctos
2601 1125 2821 1168 sanctus
2855 1124 2971 1180 est,
3004 1116 3257 1185 solusque
3290 1117 3430 1169 inter
3463 1117 3578 1185 glo-

2004 1200 2175 1253 riosos
2210 1201 2510 1270 gloriosus,
2547 1219 2611 1256 ae
2644 1205 2789 1259 solus
2823 1206 3122 1261 altissimus
3157 1220 3322 1275 super
3353 1222 3569 1260 utnnem

318 1287 411 1339 καὶ
452 1288 610 1357 μόνος
656 1288 913 1358 ἀψευδὴς,
959 1288 1053 1341 καὶ
1100 1288 1259 1359 μόνος
1299 1289 1362 1341 ὲκ
1400 1288 1561 1358 μόνου
1606 1270 1896 1357 μονογενὴς

2003 1301 2221 1347 terram.
2259 1296 2390 1358 Ave,
2431 1310 2523 1362 per
2557 1311 2719 1364 quam
2759 1298 2915 1352 nobis
2960 1297 3193 1352 innotuit
3229 1299 3320 1367 qui
3359 1297 3510 1351 solus
3547 1314 3576 1349 ιι

318 1374 453 1426 Θεοῦ
492 1376 617 1440 Υἱός
650 1378 741 1429 καὶ
780 1377 932 1440 Θεός.
968 1378 1217 1449 Χαίροις,
1249 1371 1293 1430 ὦ
1326 1377 1506 1447 Κυρία
1544 1376 1795 1441 Θεοτόκε,
1830 1376 1898 1429 δι’

316 1463 384 1538 ἧς
416 1471 549 1538 ἡμῖν
577 1472 834 1536 γεννᾶται
870 1472 896 1522 6
928 1470 1357 1537 αὐτογενέθλιος,
1392 1471 1485 1522 καὶ
1516 1468 1709 1539 φύεται
1741 1471 1767 1522 ὁ
1800 1469 1900 1522 αὑ·

317 1561 544 1631 τοφυὴς,
602 1563 693 1615 καὶ
740 1562 1013 1626 αὖξεταιό
1052 1564 1274 1625 τέλειος.
1320 1563 1570 1634 Χαίροις.
1626 1555 1671 1614 ὦ
1721 1561 1900 1633 KV?!“

316 1653 571 1715 Θεοτόκε,
606 1654 675 1706 δι’
710 1651 777 1727 ἦς
819 1657 951 1724 ἡμῖν
998 1654 1346 1724 σωματοῦται
1376 1655 1404 1707 6
1445 1652 1773 1723 ἀσώματος,
1808 1654 1901 1707 καὶ

315 1742 543 1815 ἄρχεται
579 1745 606 1796 6
638 1745 909 1814 ἄναρχος,
940 1745 1034 1796 καὶ
1069 1746 1327 1814 χωρεῖ-ται
1362 1746 1389 1797 6
1419 1742 1725 1815 ἀχὼρητος.
1764 1743 1900 1796 Χαί-

2002 1386 2437 1452 perpcssionihus
2488 1387 2743 1440 immunis
2792 1399 2902 1455 est,
2946 1390 3202 1459 solusque
3252 1391 3570 1459 patientium

2000 1476 2202 1537 sm-ius,
2231 1474 2378 1529 solus
2406 1477 2628 1530 minime
2657 1480 2910 1544 mendax,
2936 1481 3083 1535 solus
3107 1482 3341 1549 denique
3367 1495 3430 1534 ex
3460 1479 3575 1533 solo

2001 1563 2311 1630 uuigenitus
2346 1562 2435 1618 Dei
2471 1562 2641 1619 Filius
2673 1581 2738 1621 ac
2777 1567 2934 1622 Deus.
2974 1568 3239 1629 Salvesis,
3276 1584 3308 1621 ο
3349 1568 3575 1622 Domina

2003 1654 2096 1710 Dei
2129 1654 2400 1720 Genitrix,
2440 1671 2535 1724 per
2571 1672 2732 1725 quam
2777 1660 2929 1712 nobis
2974 1659 3062 1713 ille
3102 1670 3390 1727 generatur
3425 1659 3577 1728 cujus

2003 1747 2218 1816 propria
2248 1748 2529 1817 generatio
2557 1758 2659 1813 est,
2695 1750 2956 1815 nascitur,
2992 1748 3145 1818 cujus
3177 1750 3391 1817 propria
3427 1748 3571 1801 nati-

316 1851 456 1903 ροις,
493 1833 538 1887 ὧ
570 1835 750 1907 Κυρία
784 1836 1034 1900 Θεοτόκε,
1078 1835 1145 1887 δι’
1191 1832 1259 1905 ἧς
1297 1834 1527 1900 ζωοῦται
1556 1837 1583 1887 6
1611 1833 1896 1898 αὑτόζωος,

2009 1838 2145 1891 vitas
2176 1849 2287 1902 est,
2321 1847 2374 1891 et
2408 1838 2677 1908 perfectus
2712 1840 3256 1909 augetur.,Salvcsis,
3291 1855 3323 1892 o
3351 1839 3578 1892 Domina

316 1923 409 1980 καὶ
446 1928 708 1981 ποσοῦται
740 1932 767 1982 6
810 1931 1033 1993 ἄποσος,
1085 1931 1177 1983 καὶ
1218 1930 1519 2001 σαρκοῦται
1565 1933 1593 1983 ὁ
1634 1932 1895 2001 ἄταρκος.

315 2021 569 2092 Χαίροις,
586 2014 630 2074 ὦ
662 2023 842 2092 Κυρία
869 2022 1119 2087 Θεοτόκε,
1135 2018 1286 2095 δι’ἦς
1308 2025 1334 2075 6
1355 2024 1607 2085 άκτιστος
1628 2024 1897 2087 κτίζεται,

313 2113 408 2165 καὶ
450 2111 726 2182 πτωχεύει
773 2113 802 2163 6
845 2111 1123 2173 πλούσιος,
1163 2112 1256 2164 καὶ
1285 2111 1541 2182 νηπιάζει
1582 2114 1609 2163 6
1651 2110 1895 2179 ὕψιστος.

316 2203 564 2273 Χαίροις,
597 2196 643 2255 ὦ
673 2201 853 2273 κυρία
879 2202 1130 2267 Θεοτόκε,
1163 2200 1229 2254 δι’
1250 2194 1317 2272 ἧς
1343 2199 1656 2271 ψηλαφᾶται
1695 2202 1722 2252 6
1759 2201 1900 2269 ἅψη-

312 2295 575 2365 λάφητος,
611 2295 706 2349 καὶ
732 2296 1014 2366 κρατεῖται
1044 2295 1072 2346 6
1101 2292 1401 2361 άνέπαφος,
1438 2292 1533 2345 καὶ
1570 2290 1897 2361 βαστάζεται

312 2389 340 2438 6
372 2385 660 2455 βαστάζων
680 2388 750 2439 τά
776 2386 972 2439 πάντα.
1001 2385 1246 2454 Χαίροις,
1277 2378 1322 2437 ὧ
1344 2383 1524 2454 Κυρία
1546 2383 1800 2448 Θεοτόκε,
1831 2382 1899 2435 δι’

312 2475 380 2550 ἧς
436 2480 966 2549 γαλακτοτροφεῖται
1018 2479 1047 2531 6
1091 2477 1185 2531 τοῦ
1237 2477 1437 2539 παντὸς
1476 2473 1763 2546 κηδεμὼν,
1804 2476 1899 2530 καὶ

314 2570 575 2641 τροφεὺς,
605 2572 700 2624 καὶ
725 2569 991 2642 πρύτανις
1025 2569 1177 2634 Θεός.
1207 2568 1453 2641 Χαίροις,
1484 2562 1528 2622 ὦ
1558 2569 1737 2641 Κυρία
1764 2570 1890 2622 θεο-

222 2696 233 2701 ~
312 2664 459 2728 τόκε,
500 2664 568 2717 δι’
606 2658 675 2735 ἧς
719 2666 747 2718 6
778 2664 906 2728 Υἱὸς
955 2663 1051 2716 τοῦ
1098 2662 1233 2716 Θεοῦ
1266 2664 1360 2716 καὶ
1397 2663 1605 2732 Λόγος,
1639 2662 1767 2724 Υἱὸς
1802 2663 1897 2715 ἁν-

311 2755 537 2825 θρὼπου
575 2755 905 2825 σωματικῶς
929 2755 1053 2809 κατ’
1080 2755 1331 2809 εὐδοκίαν
1362 2755 1642 2825 ἄρραστον
1665 2754 1893 2823 πέφηνε.

312 2848 560 2919 Χαίρρις,
586 2841 632 2900 ὦ
656 2848 833 2917 κυρία
864 2847 1117 2910 Θεοτόκε,
1143 2847 1208 2900 δι’
1253 2842 1321 2918 ἧς
1348 2848 1376 2900 6
1399 2846 1633 2917 ἀμήτωρ
1667 2845 1897 2915 ἀπάτωρ

309 2939 543 3007 γίνεται,
590 2939 685 2995 καὶ
720 2941 749 2993 6
784 2938 902 3003 νέος
931 2940 1320 3007 ἑπισυνάγεται
1353 2937 1709 3006 Μελχισεδέκ.
1760 2935 1895 2988 Χαι-

310 3048 448 3101 ροις,
480 3025 527 3084 ὦ
559 3030 738 3103 Κυρία
763 3030 1020 3095 Θεοτόκε,
1047 3032 1116 3085 δι’
1136 3027 1203 3104 ἧς
1238 3029 1453 3101 διῆλθεν
1477 3029 1506 3081 6
1535 3027 1739 3100 ὡραῖος
1764 3027 1894 3081 κάλ-

308 3118 389 3171 λει
413 3118 565 3189 παρὰ
590 3118 717 3181 τοὺς
747 3118 895 3183 υἱοὺς
917 3119 1025 3173 τῶν
1050 3119 1373 3191 ἀνθρώπων.

2005 1927 2096 1981 Dei
2130 1927 2402 1992 Genitrix,
2436 1945 2531 1998 per
2564 1946 2723 1998 quam
2761 1930 3119 2001 incorporalis
3148 1941 3489 2000 corporatur,
3524 1940 3580 1983 et

2003 2019 2214 2073 initium
2248 2020 2406 2074 habet
2435 2024 2524 2088 qui
2559 2021 2679 2075 sine
2709 2023 2864 2076 initio
2895 2031 3009 2087 est,
3042 2032 3094 2077 et
3126 2022 3457 2081 continetur.
3485 2021 3576 2089 qui

2001 2112 2265 2166 contineri
2299 2114 2503 2181 nequit.
2538 2111 2810 2177 Salvesis,
2841 2130 2873 2166 ο
2910 2113 3133 2166 Domina
3172 2113 3260 2165 Dei
3295 2111 3574 2170 Genitrix.

2000 2220 2096 2276 per
2122 2194 2280 2274 quam
2308 2206 2417 2259 vita
2450 2205 2702 2271 donatur,
2732 2205 2822 2275 qui
2855 2206 2969 2275 ipsa
2998 2206 3103 2258 vita
3131 2215 3243 2272 est;
3270 2205 3577 2274 quantitate

1999 2297 2224 2360 crescit,
2255 2296 2346 2365 qui
2376 2296 2683 2365 quantitate
2712 2307 2893 2363 caret;
2922 2297 3091 2367 838
3117 2295 3454 2358 iucaruatur,
3483 2296 3573 2365 qui

1999 2389 2120 2442 sine
2159 2402 2323 2442 carne
2363 2398 2466 2442 est.
2509 2386 2769 2453 Salvesis,
2805 2404 2838 2443 ο
2885 2388 3113 2443 Domina
3164 2388 3255 2441 Dei
3302 2387 3574 2448 Genitrix,

1999 2494 2096 2549 per
2122 2494 2282 2548 quam
2315 2490 2553 2545 creatur,
2586 2480 2677 2549 qui
2710 2491 2928 2535 creatus
2960 2495 3063 2533 non
3097 2489 3176 2533 est
3203 2519 3217 2540 ,
3251 2492 3451 2548 egenus
3482 2477 3573 2540 tit,

1998 2572 2086 2641 qui
2106 2570 2343 2639 locuples
2374 2580 2477 2637 est,
2508 2582 2562 2625 et
2592 2572 2889 2627 altissimus
2923 2588 3057 2641 puer
3084 2572 3161 2625 lit.
3195 2569 3454 2632 Salvesis,
3475 2569 3578 2622 Do-

2000 2662 2141 2716 ntiua
2174 2660 2265 2716 Dei
2297 2661 2542 2717 Genitrix
2563 2702 2578 2726 ,
2614 2677 2711 2731 per
2736 2678 2897 2731 quam
2930 2670 3197 2716 tractatur
3227 2660 3318 2730 qui
3351 2660 3571 2713 tractari

1999 2753 2212 2823 nequit;
2243 2754 2625 2821 prehenditur.
2652 2756 2743 2823 qui
2777 2755 2923 2823 tangi
2958 2769 3063 2808 non
3097 2761 3305 2823 potest;
3335 2760 3577 2820 gestatur

1997 2844 2086 2914 qui
2117 2855 2308 2898 cuncta
2338 2856 2532 2915 gestat.
2565 2845 2820 2909 Saivesis,
2848 2859 2880 2898 ο
2912 2843 3140 2898 Domina
3173 2844 3265 2898 Dei
3298 2843 3572 2904 Geuitrix,

1997 2946 2092 3001 per
2113 2948 2274 3002 quam
2301 2934 2440 2988 lacte
2466 2936 2728 3000 nutritur,
2754 2935 2841 3003 qui
2872 2934 3124 2988 universa
3151 2941 3429 3004 procurat,
3455 2930 3573 2993 alit,

1995 3032 2049 3079 et
2083 3023 2428 3079 administrat
2464 3027 2622 3080 Deus.
2656 3027 2909 3092 Salvesis,
2940 3042 2972 3082 ο
3008 3027 3234 3081 Domina
3278 3025 3369 3079 1)ιεί
3407 3023 3574 3078 Ceni-

1999 3117 2100 3169 trix
2122 3156 2137 3180 ,
2166 3131 2263 3185 per
2287 3132 2448 3186 quam
2484 3118 2574 3171 Dei
2603 3118 2770 3173 Filius
2795 3128 2848 3172 et
2874 3115 3137 3183 Verbum,
3171 3116 3312 3172 filius
3341 3115 3574 3170 hominis

310 3209 675 3278 inexplicabili
711 3213 863 3267 bona:
891 3211 1182 3266 voluntatis
1212 3211 1574 3281 propensione
1608 3210 1873 3281 apparuit.
1916 3207 2175 3273 Salvesis,
2205 3225 2239 3263 ο
2308 3208 2529 3263 Domina
2566 3209 2659 3264 Dei
2726 3209 2994 3274 Geuitrix,
3024 3226 3119 3280 per
3143 3225 3306 3280 qttattt
3336 3208 3427 3277 qui
3460 3208 3573 3263 sine

309 3316 487 3361 matre
526 3317 632 3372 est,
665 3306 784 3362 sine
826 3317 979 3376 patre
1021 3306 1260 3369 exsistit,
1303 3316 1355 3360 et
1402 3321 1573 3361 novus
1618 3305 1883 3360 conﬂatur
1921 3304 2315 3359 Melchisedech
2342 3303 2406 3358 ³⁸.
2447 3303 2716 3371 Salvesis,
2751 3321 2784 3362 0
2859 3305 3083 3359 Domina
3157 3304 3251 3358 Dei
3286 3303 3574 3366 Geuitrix,

305 3413 406 3468 per
449 3414 610 3467 quam
664 3399 880 3453 transiit
923 3401 1205 3468 speciosus
1256 3399 1424 3454 forma
1472 3413 1582 3467 pra:
1626 3399 1749 3453 liliis
1796 3398 2072 3453 hominum
2098 3398 2164 3450 ³³.

379 3488 627 3559 Χαίροις.
670 3490 804 3561 μόνη
840 3490 1041 3561 Μήτηρ
1070 3489 1230 3555 Θεοῦ,
1258 3490 1292 3559 ἡ
1336 3491 1431 3543 ἀπ’
1463 3490 1647 3561 ἄκρων
1674 3490 1769 3542 τοῦ
1806 3489 1893 3542 οὐο

2068 3487 2325 3552 Salvesis,
2357 3488 2469 3543 sola
2501 3489 2672 3544 Mater
2702 3489 2820 3555 Dei,
2848 3507 2967 3561 qum
2996 3508 3025 3545 a
3060 3507 3277 3548 summo
3308 3491 3449 3548 ctelo
3480 3508 3572 3546 uso

309 3580 476 3652 ρανοῦ
504 3581 610 3644 ἓως
633 3582 819 3653 ἄκρων
850 3581 1037 3646 αὑτοῦ,
1071 3582 1353 3653 μητρικῶς
1373 3598 1433 3635 τε
1464 3582 1559 3636 καὶ
1586 3580 1891 3644 Δαυῖτικῶς

307 3672 371 3725 τὸ
396 3674 723 3742 κατάντημα
752 3673 849 3743 τῆς
874 3674 1207 3744 προστασίας
1229 3673 1445 3743 ἔχουσα.
1476 3674 1721 3746 Χαίροις,
1754 3675 1890 3743 μόνη

308 3764 509 3835 Μήτηρ
550 3763 711 3828 Θεοῦ,
748 3766 781 3834 ή
820 3764 929 3817 τῶν
961 3765 1301 3836 ἐπουρανίων
1341 3765 1436 3818 καὶ
1489 3765 1747 3833 ἐπιγείων
1800 3764 1893 3816 καὶ

306 3858 684 3927 καταχθονίων
719 3858 1145 3929 μεγαλοπρεπής
1172 3875 1231 3911 τε
1272 3858 1365 3911 καὶ
1394 3857 1776 3928 μεγαλόσωτος
1806 3855 1887 3909 εὖ·

305 3949 491 4002 κλεια.
522 3947 770 4018 Χαίροις,
806 3948 942 4017 μόνη
976 3948 1178 4018 Μήτηρ
1207 3946 1362 4012 Θεοῦ,
1391 3947 1423 4017 ἡ
1468 3947 1648 4016 πάσης
1677 3947 1893 4009 ἀκτῖνος

305 4040 709 4111 φωτεινοτὲρα,
747 4039 841 4091 καὶ
880 4038 1061 4109 πάσης
1100 4037 1475 4108 καθαρότητος
1507 4035 1890 4106 καθαρωτέρα.

307 4132 578 4201 Χαίροις,
616 4129 754 4202 μόνη
796 4132 999 4201 Μήτηρ
1039 4128 1196 4194 Θεοῦ,
1246 4131 1279 4200 ὴ
1311 4128 1514 4191 παντὸς
1552 4126 1895 4198 σεϐάσματος

309 4223 756 4295 σεδασμιωτέρα,
788 4224 883 4276 καὶ
908 4223 1107 4287 παντὸς
1128 4222 1475 4293 ἀκούσματος
1498 4220 1895 4292 ὑπερκείμενον

306 4314 590 4385 ἄκουσμα.
632 4316 897 4388 Χαίροις,
952 4314 1089 4385 μόνη
1152 4316 1333 4385 μήτηρ
1382 4313 1557 4379 Θεοῦ,
1610 4313 1643 4384 ἡ
1697 4312 1896 4376 παντὸς

309 4405 701 4476 γλυκάσματος
741 4405 1085 4475 γλυκυτέρα,
1136 4405 1231 4457 καὶ
1267 4404 1466 4467 παντὸς
1509 4404 1765 4473 εὐγενοῦς
1804 4403 1893 4456 εὑ-

305 4498 634 4569 γενεστέρα,
659 4498 750 4549 καὶ
773 4496 974 4561 παντὸς
997 4495 1229 4549 πλούτου
1252 4496 1466 4566 ῥέοντος
1493 4492 1893 4562 πλουσιωτέρα.

306 4588 563 4659 Χαίροις,
598 4589 734 4659 μόνη
766 4589 965 4659 Μήτηρ
995 4586 1154 4652 Θεοῦ,
1185 4587 1245 4640 τὸ
1282 4587 1441 4657 μόνον
1468 4587 1638 4649 ὅντως
1680 4585 1896 4656 άληθῶς

307 4679 715 4752 Χριστιανικῆς
747 4679 976 4742 κτίσεως
1003 4677 1369 4747 παγκάλλινον
1401 4678 1495 4731 καὶ
1526 4676 1897 4745 πασιπόθητον

305 4772 514 4841 ὄνομα.
558 4770 802 4841 Χαίροις,
854 4770 989 4840 μόνη
1021 4771 1221 4841 Μήτηρ
1249 4768 1418 4832 Θεοῦ,
1468 4770 1500 4840 ἡ
1548 4765 1896 4838 προσκυνητὴ

304 4866 394 4927 εἰς
422 4864 551 4925 τοὺς
582 4861 810 4926 αἰῶνας,
844 4862 938 4915 καὶ
971 4861 1197 4931 δοξαστὴ
1241 4864 1320 4925 εἰς
1358 4863 1481 4925 τοὺς
1529 4860 1762 4923 αἰῶναςν
1800 4858 1895 4911 καὶ

302 4955 575 5025 ἐπαινετὴ
613 4955 692 5015 είς
724 4954 1062 5023 ἀπεράντους
1089 4951 1309 5015 αἰῶνας.
1343 4952 1589 5022 Χαίροις,
1620 4950 1757 5021 μόνη
1779 4950 1899 5019 Μή-

301 5060 419 5114 τηρ
441 5042 604 5107 Θεοῦ,
650 5043 786 5113 ήεξς
814 5044 991 5105 πάσας
1026 5042 1217 5110 γενεάς
1249 5040 1452 5109 γενεῶν
1504 5040 1607 5092 ὑπ’)
1652 5040 1899 5108 ἀγγέλων

304 5152 370 5187 τε
407 5134 505 5187 καὶ
532 5133 836 5204 ἀνθρώπων
864 5132 1160 5203 ὁμοφώνως
1190 5134 1248 5184 ὲν
1276 5132 1426 5203 φόϐῳ
1462 5131 1895 5202 μεγαλυνομὲνη.

385 5224 638 5295 Χαίροις,
675 5224 809 5296 μόνη
847 5224 905 5276 ἐν
945 5219 1285 5294 βασιλίσσαις
1328 5222 1641 5293 βασίλισσα,
1677 5225 1710 5293 ὴ
1745 5222 1897 5292 βασι-

305 5314 453 5370 λέων
484 5314 585 5385 μὲν
609 5313 880 5385 θυγάτηρ,
908 5312 1298 5384 παμϐασιλέως
1321 5313 1376 5365 δὲ
1408 5313 1641 5385 Χριστοῦ
1672 5316 1892 5386 Μήτηρ,

308 5405 623 5475 φιλοσεόῶν
656 5406 714 5458 δὲ
761 5403 1024 5475 βασιλέων
1074 5404 1294 5475 κράτος.
1348 5405 1609 5475 Χαίροις,
1649 5406 1788 5475 μόνη
1840 5406 1898 5457 ὲν

308 5497 666 5569 βασιλίσσαις
700 5496 1009 5569 βασίλισσα,
1037 5497 1094 5549 ὲν
1124 5497 1403 5569 ἱματισμῷ
1435 5498 1713 5569 διαχρύσῳ
1744 5515 1898 5567 περι-

308 5590 655 5665 ϐεϐλημένη,
685 5588 1102 5660 πεποικιλμένη,
1135 5588 1314 5654 καθὼς
1343 5589 1371 5641 6
1401 5590 1575 5660 μέγας
1608 5589 1899 5662 ψαλμῳδδς

392 5748 441 5782 ⁸⁸
477 5748 641 5807 llebr.
678 5765 773 5817 vn,
801 5751 857 5807 5.
932 5750 976 5786 ³⁸
1015 5748 1155 5806 Psal.
1187 5763 1333 5816 xuv,
1364 5747 1418 5803 5.

1994 3594 2097 3649 que
2134 3582 2199 3634 ad
2224 3597 2491 3635 suuunum
2534 3581 2736 3649 ejus“,
2775 3590 3033 3654 tanquam
3069 3583 3334 3650 Genitrix,
3383 3600 3565 3652 quem-

1993 3671 2282 3725 admodum
2318 3681 2373 3726 ct
2419 3673 2585 3726 David
2616 3673 2879 3744 loquitur,
2904 3690 3190 3730 occursum
3225 3676 3574 3745 protectionis

1993 3770 2045 3815 et
2068 3762 2252 3815 auxilii
2279 3763 2466 3816 habes.
2493 3762 2731 3817 Salvesis
2755 3764 2868 3818 sola
2897 3766 2986 3818 Dei
3013 3764 3209 3827 Mater,
3236 3764 3538 3817 cmlrstiutu
3558 3804 3573 3826 ,

1994 3861 2046 3905 ct
2076 3852 2447 3917 terrestrium,
2481 3861 2534 3904 ct
2567 3852 2899 3905 inferuerunt
2934 3854 3275 3921 magniticuut
3312 3863 3472 3920 atque
3508 3853 3567 3905 il-

1995 3941 2373 3996 lustrissimum)
2410 3942 2597 3996 decus.
2637 3941 2907 4007 Salvesis,
2947 3942 3057 3997 sola
3096 3942 3188 3996 Dei
3230 3942 3421 4007 Mater,
3456 3960 3573 4011 qua!)

1996 4037 2148 4091 radio
2173 4036 2319 4089 omni
2350 4026 2581 4090 lucidior
2602 4049 2683 4100 es,
2708 4042 2763 4088 et
2788 4033 2932 4087 omni
2962 4034 3193 4104 puritate
3218 4033 3425 4101 purior.
3452 4033 3569 4087 Sal-

1997 4129 2164 4193 vesis,
2196 4128 2311 4182 sola
2346 4127 2438 4182 Dei
2472 4126 2663 4193 Mater,
2693 4141 2813 4196 qua:
2840 4126 2988 4180 omni
3024 4142 3081 4180 re
3107 4126 3471 4179 venerabilior
3494 4142 3573 4190 es,

1996 4224 2250 4292 omnique
2299 4221 2577 4276 auditione
2626 4219 2974 4289 prtestantior
3020 4217 3248 4271 auditio.
3301 4214 3571 4281 Salvesis,

1996 4314 2109 4369 sola
2134 4313 2307 4369 Mater
2330 4312 2444 4375 Dei,
2469 4327 2587 4382 qua:
2612 4313 2883 4366 suavitate
2909 4309 3056 4363 omni
3084 4308 3301 4361 suavior
3326 4322 3405 4363 es.
3430 4324 3572 4360 omni

2001 4422 2056 4461 re
2086 4407 2250 4462 nobili
2279 4405 2530 4468 nobilior,
2558 4412 2612 4458 et
2640 4404 2893 4458 omnibus
2919 4400 3125 4455 divitiis
3151 4399 3400 4453 afﬂuente
3430 4399 3571 4452 Iocu-

2000 4502 2213 4568 pletior.
2245 4497 2510 4561 Salvesis,
2536 4495 2648 4550 sola
2676 4494 2845 4549 Mater
2874 4494 2991 4559 Dei,
3018 4494 3190 4547 solum
3222 4492 3349 4545 illud
3380 4506 3574 4545 nomen

2000 4591 2323 4645 Christiana:
2347 4598 2613 4644 creatura:
2641 4603 2766 4641 vere
2794 4602 3018 4655 prorsus
3046 4585 3418 4655 peregregiam
3447 4599 3574 4636 (ωι-

2001 4681 2209 4750 ctisque
2259 4668 2679 4735 amatiSsiutum.
2730 4676 2993 4743 Salv‘esis,
3026 4678 3115 4730 Dei
3149 4675 3343 4740 Mater,
3376 4692 3493 4745 qua:
3525 4677 3575 4727 iu

2002 4773 2197 4828 szecula
2231 4772 2504 4827 adoranda
2535 4786 2613 4835 es,
2650 4787 2769 4840 qua:
2801 4771 2853 4824 in
2888 4770 3081 4825 saecula
3115 4786 3174 4826 es
3208 4770 3572 4840 prardieandt,

1930 4832 1971 4886 θ
2000 4863 2372 4933 laudandaque
2402 4877 2494 4932 per
2520 4862 2865 4918 interminata
2897 4863 3113 4919 Stccula.
3145 4861 3415 4924 Salvesis,
3445 4862 3561 4914 sola

2001 4952 2092 5008 Dei
2136 4952 2329 5020 Mater,
2370 4969 2490 5023 quae
2532 4955 2583 5009 in
2625 4970 2815 5009 omnes
2856 4954 3231 5025 generationes
3269 4952 3572 5022 generatio-

1997 5062 2125 5100 num
2163 5045 2230 5101 ab
2267 5045 2473 5116 angelis
2511 5054 2565 5099 et
2608 5046 2917 5102 hominibus
2960 5061 3063 5098 una
3102 5059 3229 5096 voce
3268 5057 3389 5096 cum
3429 5056 3574 5096 [ενοι

1998 5139 2167 5193 rentia
2203 5139 2589 5210 tuagnil‘tcaris.

2068 5232 2329 5299 Salve-“is,
2371 5232 2480 5285 sola
2531 5232 2672 5283 inter
2715 5231 2929 5300 reginas
2975 5227 3180 5296 regina,
3225 5241 3345 5296 qua}
3391 5239 3575 5296 regum

2002 5323 2216 5391 quidem
2253 5304 2358 5377 lilia
2389 5338 2469 5387 es,
2499 5324 2867 5373 universorum
2898 5330 3075 5371 autem
3110 5316 3271 5386 Regis
3294 5316 3483 5382 Mater,
3512 5334 3575 5373 ac

2007 5412 2379 5483 religiosorum
2410 5428 2589 5483 regum
2616 5423 2669 5467 et
2695 5414 3076 5483 imperatorum
3108 5410 3290 5487 robur.
3317 5410 3576 5478 Salvesis,

2006 5502 2115 5557 sola
2149 5504 2291 5558 inter
2320 5505 2532 5574 reginas
2564 5506 2746 5574 regina
2767 5543 2781 5567 ,
2813 5502 3011 5557 vestitu
3045 5502 3308 5558 deaurato
3338 5503 3573 5558 circum-

2006 5591 2156 5655 data,
2202 5608 2260 5647 ac
2296 5594 2581 5661 varietate,
2620 5594 2782 5649 veluti
2819 5594 3146 5665 psalmorum
3183 5605 3374 5652 cantor
3409 5592 3584 5650 David

1495 5748 1539 5779 ‘°
1579 5746 1721 5804 Ps.d.
1756 5762 1911 5816 xvnt,
1944 5747 1993 5802 7.
