4012 6338
300 402 412 470 657

1186 405 1510 464 HOMILIA
1548 406 1630 466 IN
1667 407 2131 473 ANNUNTIAT.
2177 416 2238 474 Β.
2282 417 2346 476 ν.
2393 416 2676 476 MARLE.

3455 416 3579 480 658'.

307 511 640 583 μετέχομεν.
669 511 861 584 Χαῖρε,
895 511 964 567 δι’
991 507 1059 584 ἧς
1087 515 1246 581 ἡμεῖς
1273 515 1528 584 ἁληθινοῦ
1559 518 1651 569 καὶ
1680 517 1879 572 ἀθανά-

1991 538 2148 590 qtlani
2183 541 2282 580 nos
2316 541 2499 580 verum
2532 536 2585 581 et
2645 525 3007 579 immortalem
3041 540 3233 594 panem
3265 532 3558 594 gustamus.

304 620 404 656 του
430 601 598 672 ἄρτου
628 602 923 672 γενόμεθα,
955 603 1143 673 Χαῖρε,
1174 602 1238 654 δι’
1265 597 1331 673 ἧς
1358 607 1520 674 ἡμεῖς
1558 607 1622 658 ἐκ
1654 607 1764 660 τῶν
1792 607 1884 660 τοῦ

305 694 437 763 ᾅδου
471 693 659 746 πυλῶν
688 695 766 756 εἰς
795 694 1058 764 οὐρανοὺς
1093 693 1552 764 ἀνεϐιϐάσθημεν.
1589 697 1782 765 Χαῖρε,
1817 699 1885 751 δι’

304 779 375 855 ἧς
409 786 570 853 ἡμεῖς
614 783 1000 853 ἐλυτρώθημεν
1034 784 1195 850 ἀρᾶς,
1228 784 1589 854 ἀνεκλαλήτου
1628 787 1685 839 δὲ
1713 790 1886 858 χαρᾶς

307 875 649 946 ἠξιώθημεν.
695 877 890 943 Χαῖρε,
933 875 998 927 δι’
1038 871 1104 946 ἦς
1146 878 1309 946 ἡμεῖς
1332 877 1431 938 τὰς
1454 879 1887 948 χριστομόρςρους

311 968 409 1020 καὶ
460 967 1043 1036 σεπτοπροσκυνήτους
1093 967 1506 1037 προσκυνοῦμεν
1568 970 1886 1038 εἰκονογρα-

307 1059 464 1128 φίας.
491 1059 684 1129 Χαῖρε,
724 1058 792 1110 δι’
823 1055 893 1130 ἧς
924 1060 1084 1129 ἡμεῖς
1122 1059 1189 1111 τὰ
1222 1059 1330 1110 τῶν
1371 1047 1641 1128 Ἑλλήνωῦ
1690 1059 1888 1130 χρυσόο

303 1151 517 1202 τευκτὰ
556 1166 618 1202 τε
649 1149 746 1200 καὶ
785 1149 1217 1220 δαιμονιόμορςςα
1257 1149 1654 1220 συμπατοῡμεν
1697 1151 1882 1217 ξόανα.

302 1244 502 1311 Χαῖρε,
536 1240 607 1294 δι’
631 1235 700 1313 ἧς
729 1243 891 1312 ἡμεῖς
931 1241 1024 1294 τδν
1066 1242 1290 1314 ἀρχαῖόν
1321 1260 1378 1295 τε
1418 1243 1510 1295 καὶ
1543 1242 1883 1312 μεγάλαυχον

302 1333 587 1403 ἀντᾰρτην
616 1332 1117 1404 ἁντιπραττόμεοα.

377 1513 572 1584 Χαῖρε,
597 1512 667 1566 δι’
694 1505 763 1585 ἧς
807 1513 1226 1585 εἰρηνοποιεῖται
1255 1515 1288 1584 ἡ
1321 1513 1430 1566 τῶν
1466 1513 1753 1584 Ῥωμαίων
1780 1514 1879 1584 βα-

304 1602 502 1656 σιλεία.
540 1604 733 1674 Χαῖρε,
761 1603 830 1658 δι’
853 1595 918 1672 ἧς
944 1604 1224 1674 βασιλεῦσι
1244 1605 1305 1658 τὸ
1329 1604 1630 1676 βασιλεύειν
1661 1605 1880 1669 δίδοται,

303 1692 401 1745 καὶ
432 1695 762 1764 στρατηγοῖς
802 1693 863 1746 τὸ
911 1695 1236 1764 στρατηγεῖν
1267 1693 1654 1764 ἐγχειρίζεται.
1689 1695 1882 1764 Χαῖρε,

303 1783 378 1835 δι’
424 1779 492 1855 ἦς
539 1783 804 1848 πολλάκις
853 1783 1098 1837 ἐπινίκια
1147 1784 1205 1836 ἐν
1241 1784 1542 1853 παρατάξει
1581 1782 1884 1850 ἀλλογενῶν

305 1874 401 1927 καὶ
438 1874 831 1943 ἀλλογλώσσων
879 1873 1047 1927 ἐθνῶν
1102 1874 1425 1928 διανύονται.
1475 1876 1674 1945 Χαῖρε,
1708 1873 1774 1926 δι’
1817 1868 1882 1938 ἧς
1917 1849 1959 1909 Β

303 1965 626 2037 ἑτερόφυλοι
691 1964 879 2036 ὥσπερ
929 1963 1104 2035 φύλλα
1135 1966 1412 2030 πίπτουσι,
1446 1967 1539 2019 καὶ
1575 1967 1766 2037 ἄνομοι
1808 1965 1884 2025 ὼς

302 2057 497 2127 ἄνεμοι
536 2057 764 2127 μηδενὸς
809 2056 1096 2120 διώκοντος
1140 2057 1448 2112 διώκονται,
1483 2060 1671 2128 Χαῖρε,
1721 2057 1788 2108 δι’
1816 2050 1883 2128 ἧς

301 2151 354 2202 οἱ
392 2148 696 2218 ὀπλομάκοι
726 2149 818 2200 καὶ
864 2147 1188 2218 θυρεοφόροι
1217 2147 1529 2218 θρεύονται,
1559 2147 1882 2216 πλήττονται

299 2241 360 2295 δέ
394 2240 501 2310 πρὸ
546 2240 864 2309 συμπλοκῆς
897 2239 1265 2310 σιδηροφόροι.
1318 2241 1512 2308 Χαῖρε,
1543 2237 1608 2290 δι’
1641 2233 1708 2308 ἧς
1737 2239 1884 2291 ἀντι·

301 2331 616 2396 τοξεύονται
663 2328 1103 2399 ἀμφοτεροδέξιοι
1177 2328 1408 2393 τοξόται,
1463 2330 1562 2381 καὶ
1603 2327 1884 2398 νμωλωπί-

302 2423 490 2487 ξονται
521 2421 648 2492 ἔθνη
679 2421 745 2474 τὰ
785 2422 1052 2491 πολέμους
1082 2418 1323 2472 θέλοντα.
1359 2420 1550 2489 Χαῖρε,
1595 2417 1665 2470 δι’
1703 2413 1768 2488 ἧς
1800 2417 1880 2483 ξι-

303 2511 652 2578 φοκτονεῖται
693 2511 722 2560 ὁ
760 2507 1169 2578 βαρϐαρογενής
1223 2523 1283 2557 τε
1345 2507 1436 2557 καὶ
1487 2503 1882 2574 φιλομὰκε).λος

306 2600 454 2654 κύων
493 2598 737 2670 Ἰσμαήλ.
766 2599 954 2669 Χαῖρε,
983 2597 1051 2650 δι’
1081 2591 1146 2667 ἧς
1167 2594 1587 2667 δραπετεύουσιν
1619 2596 1683 2647 ἐκ
1715 2595 1882 2663 μέσου

304 2691 412 2745 τῶν
455 2689 771 2762 ὁπλοφόρων
805 2690 984 2742 πιστοὶ
1015 2687 1124 2740 τῶν
1157 2689 1214 2740 ἐν
1245 2685 1590 2757 χειροπέδαις
1636 2685 1882 2753 σιδηραῖς

305 2783 558 2844 ἐλεεινῶς
587 2781 971 2850 κατεχομένων
998 2776 1382 2849 αἰχμαλώτων.
1419 2779 1612 2850 Χαῖρε,
1648 2777 1716 2828 δι’
1753 2771 1820 2846 ἧς
1851 2775 1881 2827 ὁ

305 2869 532 2940 σύμπας
557 2867 761 2938 κόσμος
791 2868 1077 2932 σκέπεται,
1107 2867 1200 2920 καὶ
1229 2867 1308 2930 εἰς
1331 2866 1417 2919 ἀεὶ
1438 2866 1877 2934 διαφυλάττεται.

304 2965 503 3032 Χαῖρε,
529 2961 598 3016 δι’
621 2955 689 3033 ἧς
719 2963 853 3032 ἡμῖν
890 2962 1035 3014 ἅπαν
1057 2959 1355 3031 ὼμηρεύθη
1388 2959 1613 3028 ἀγαθὸν,
1637 2960 1692 3013 ἑν
1719 2977 1778 3012 τε
1805 2960 1881 3030 τῷ

301 3053 524 3124 ρύρανῷ
549 3054 642 3106 καὶ
666 3057 724 3106 ἐν
751 3054 818 3124 τῇ
845 3055 933 3123 γῇ.
963 3053 1155 3122 Χαῖρε.
1180 3053 1246 3105 δι’
1275 3047 1342 3124 ἧς
1377 3053 1511 3122 ἡμῖν
1532 3051 1746 3120 εὐλογία
1770 3054 1882 3115 τοῖς

305 3147 522 3206 πιστοῖς
547 3143 842 3212 ἐπήγασεν,
874 3141 1172 3213 ἐπειδήπερ
1203 3142 1330 3206 λαός
1369 3159 1464 3194 σου
1495 3145 1677 3212 ἡμεῖς,
1707 3145 1755 3194 εἰ
1785 3141 1880 3195 καὶ

304 3240 516 3308 σειραῖς
567 3237 980 3307 ἁμαρτημάτων
1032 3237 1526 3306 συμπεπλέγμεθα.
1577 3239 1769 3308 Χαῖρε,
1811 3235 1879 3289 δι’

299 3325 371 3402 ἧς
415 3330 720 3398 εὐλογεῖται
770 3329 880 3382 τῶν
941 3331 1184 3383 ἀσθενῶν
1227 3330 1361 3398 ὁμοῦ
1411 3331 1655 3402 ἀρρένων
1684 3333 1717 3401 ἡ
1756 3347 1881 3402 χορ-

300 3421 482 3492 τώδης
507 3421 689 3484 οὐσία,
724 3422 860 3477 ἀλλὰ
893 3422 987 3476 καὶ
1012 3424 1045 3493 ἡ
1078 3422 1184 3475 τῶν
1205 3423 1574 3490 ἀσθενογενῶν
1602 3422 1879 3491 γυναικῶν

305 3512 633 3582 παμπλανός
678 3529 738 3566 τε
785 3513 880 3564 καὶ
929 3513 1297 3577 πανσάλευτος
1354 3513 1535 3580 φύσις.
1581 3516 1771 3586 Χαῖρε,
1810 3515 1878 3568 δι’

299 3595 370 3673 ἧς
395 3603 443 3654 οἱ
472 3600 691 3664 ἀσεϐεῖς
720 3601 962 3664 εὐσεϐεῖς
990 3601 1270 3671 γενόμενοι
1301 3602 1543 3666 εὐσεϐῶς
1568 3589 1872 3668 εὐσεϐοῦσι,

301 3694 398 3746 καὶ
421 3691 792 3763 προσκυνοῦσι
815 3692 906 3745 τὸν
929 3691 1338 3763 πανσεσὰσμιον
1361 3695 1520 3748 τόκον
1543 3712 1657 3749 σου.
1683 3697 1874 3766 Χαῖρε,

296 3785 368 3838 δι’
396 3778 465 3856 ἦς
495 3785 546 3837 οἱ
577 3783 892 3854 φιλόχρυσοι
927 3784 1260 3856 φιλόχριστοι
1289 3785 1552 3852 γίνονται,
1586 3786 1677 3838 καὶ
1705 3787 1754 3839 οἱ
1784 3803 1873 3854 φι-

297 3877 566 3949 λάργυροι
605 3875 996 3947 φιλάνθρωποι,
1043 3879 1137 3930 καὶ
1173 3877 1480 3947 φιλόπτοχοι
1509 3880 1558 3932 οῖ
1591 3878 1874 3946 φιλόπλου-

295 3978 404 4016 τοι.
449 3962 621 4032 Χαῖρε
666 3955 783 4021 οὖν.
841 3963 1022 4031 χαῖρε,
1067 3962 1510 4032 κεχαριτωμένη,
1563 3961 1646 4013 δτι
1695 3960 1876 4013 πολλοὶ

299 4051 518 4105 πολλῶν
565 4050 860 4122 χρημάτων
913 4051 1000 4105 διὰ
1045 4051 1104 4104 σὲ
1153 4051 1591 4122 κατεφρόνησαν.
1627 4051 1776 4112 ὅπως
1816 4068 1873 4103 σε

296 4145 400 4215 τὴν
453 4144 623 4214 μόνην
675 4143 888 4214 ἀγαθὴν
940 4142 1266 4212 κερδήσωσι.
1319 4143 1512 4212 Χαῖρε,
1568 4142 1649 4194 ὅτι
1695 4139 1878 4195 πολλοὶ

297 4233 564 4298 πολλάκις
607 4232 714 4285 τῶν
767 4230 1006 4284 εὐσεϐῶν
1055 4230 1321 4300 βασιλέων
1378 4230 1550 4300 πηλὸν
1575 4231 1876 4301 ·’ἡγήσαντο

293 4325 389 4378 διὰ
433 4325 494 4377 σέ
540 4326 632 4377 τὸν
661 4322 881 4395 χρυσὸν,
914 4323 1007 4376 καὶ
1046 4321 1238 4375 σποδὸν
1266 4322 1361 4375 τὸν
1392 4323 1654 4395 ἄργυρον.
1679 4324 1876 4393 Χαῖρε,

293 4417 379 4468 ὅτι
413 4412 598 4490 πολλοῖ
643 4412 752 4466 τῶν
802 4405 1160 4482 φιλοχρίστων
1207 4409 1493 4480 βασιλίδων
1525 4409 1877 4481 λιθολαμπεῖς

1989 615 2120 680 Ave,
2158 631 2435 685 perquam
2467 633 2564 671 nos
2600 633 2628 672 e
2659 615 2842 688 januis
2873 615 3070 670 inl'crni
3101 617 3166 669 ad
3200 615 3367 670 cmlos
3389 615 3561 668 evecti

1937 725 1946 732 ·
1989 718 2195 760 sumus.
2221 705 2355 767 Ave,
2382 721 2478 773 per
2505 721 2662 774 quam
2697 719 2795 759 nos
2828 720 2856 758 a
2889 705 3268 761 maledictione
3298 703 3560 772 redempti

1989 809 2178 848 sumus
2211 805 2265 849 et
2300 796 2671 865 inexplicabili
2727 797 2912 850 lmtitia
2943 796 3148 867 dignati
3183 811 3386 851 sumus.
3426 797 3558 856 Ave.

1990 898 2083 951 per
2111 899 2271 952 quam
2309 901 2407 940 nos
2477 886 2774 954 imaginum
2831 887 3075 955 picturas
3107 901 3227 954 qua:
3276 885 3554 940 Christum

1992 984 2400 1040 reprrescntant,
2433 976 2780 1046 colendaeque
2807 977 2943 1030 adeo
2973 990 3037 1030 ae
3071 975 3393 1028 veneranda:
3411 985 3560 1038 sum,

1990 1065 2300 1120 adoramus.
2341 1068 2472 1135 Ave,
2533 1082 2629 1136 per
2686 1083 2846 1136 quam
2890 1082 2988 1122 nos
3024 1066 3302 1135 gentilium
3339 1082 3403 1120 ex
3431 1080 3561 1120 auro

1989 1157 2272 1220 fabricata,
2315 1161 2726 1228 darmonumqne
2773 1158 2964 1214 formis
3014 1161 3236 1229 praedita
3271 1159 3558 1214 simulacra

1989 1248 2390 1302 conculcanins.
2420 1249 2554 1312 Ave,
2585 1263 2679 1317 per
2707 1265 2868 1317 quam
2907 1264 3004 1304 nos
3040 1249 3218 1320 prisco
3251 1247 3557 1318 illi,snper-

1989 1339 2164 1410 boque
2193 1339 2508 1394 adversario
2555 1341 2883 1395 resistimus.

2059 1511 2192 1573 Ave,
2217 1526 2312 1580 per
2339 1526 2499 1581 quam
2560 1512 2858 1568 Romanum
2915 1513 3197 1582 imperium
3237 1512 3548 1582 tranquillio

1991 1609 2099 1654 tate
2146 1600 2370 1669 potitur.
2428 1600 2561 1664 Ave,
2618 1617 2711 1669 per
2744 1618 2905 1671 quam
2969 1605 3183 1672 regibus
3222 1613 3279 1656 ut
3332 1611 3556 1674 regnent

1989 1690 2170 1744 datum
2203 1699 2308 1754 est,
2340 1701 2393 1744 et
2421 1692 2755 1744 Cthl'Ciilltllll
2803 1697 2966 1747 duces
3001 1694 3248 1747 ducatum
3280 1695 3543 1748 obtinent.

1987 1778 2124 1845 Ave,
2155 1795 2248 1849 per
2287 1797 2447 1850 ιιιιιιιιι
2493 1783 2720 1836 victoria
2758 1783 2808 1836 iu
2861 1785 2974 1838 acie
3007 1785 3270 1839 adversus
3301 1785 3558 1854 alienige-

1989 1888 2107 1938 nas,
2157 1881 2536 1941 extranechne
2579 1873 2772 1941 lingua:
2827 1875 3074 1930 nationes
3133 1875 3386 1931 refertur.
3423 1875 3557 1936 Ave.

1987 1981 2084 2033 per
2117 1982 2280 2033 quam
2321 1975 2523 2020 extera:
2583 1979 2772 2034 gentes
2827 1969 2990 2022 veluti
3052 1969 3176 2022 folia
3239 1971 3462 2034 eadunt,
3509 1981 3560 2021 et

1989 2057 2136 2124 impii
2168 2064 2423 2124 tanquam
2460 2057 2603 2110 venti
2637 2059 2851 2111 nemine
2893 2070 3248 2127 persequente
3277 2060 3559 2128 exagitati--

1988 2157 2098 2203 tur.
2140 2146 2273 2209 Ave,
2305 2162 2399 2214 per
2427 2162 2586 2216 quam
2629 2149 2718 2214 qui
2755 2148 2922 2202 armis
2958 2159 3200 2216 pugnant
3237 2150 3559 2219 t-lypeosqne

1985 2243 2222 2306 gestant,
2260 2234 2602 2304 franguntur,
2639 2239 2839 2305 quique
2868 2237 3009 2290 lcrro
3043 2247 3398 2306 proteguntur
3433 2247 3558 2291 ante

1985 2324 2231 2392 pra-lium
2264 2334 2704 2380 consternantur.
2748 2329 2878 2394 Ave,
2915 2343 3009 2396 per
3039 2344 3199 2396 quam
3230 2330 3554 2384 ambitio-xm

1985 2414 2249 2484 Sagittarii
2283 2418 2738 2486 repercutinntnr,
2785 2426 2839 2472 et
2876 2421 3192 2474 sanciantur
3214 2430 3402 2490 gentes
3435 2438 3553 2489 qua:

1987 2504 2122 2558 bella
2153 2505 2356 2560 volunt.
2393 2506 2526 2570 Ave,
2563 2523 2656 2576 per
2709 2524 2869 2578 quam
2924 2509 3188 2562 barbarus
3222 2521 3273 2563 ct
3303 2512 3554 2564 macella-

1985 2597 2099 2650 rius
2133 2595 2496 2653 canislsmael
2541 2599 2718 2668 gladio
2755 2600 3039 2654 occiditur.
3080 2602 3212 2666 Ave,
3265 2614 3357 2669 per
3391 2616 3554 2668 quam

1987 2687 2195 2753 fideles,
2225 2691 2316 2759 qui
2349 2691 2400 2744 in
2431 2693 2662 2747 manicis
2715 2692 2906 2750 ferreis
2963 2696 3158 2748 misere
3199 2699 3394 2766 captivi
3425 2700 3557 2748 deti-

1984 2789 2203 2844 nentur,
2235 2794 2265 2834 e
2319 2779 2491 2833 media
2531 2790 2863 2836 armatorum
2907 2798 3065 2836 manu
3109 2783 3366 2839 evadunt.
3421 2787 3555 2846 Avo,

1981 2883 2077 2938 per
2105 2883 2264 2938 quam
2303 2871 2536 2925 mundus
2580 2874 2758 2926 omnis
2806 2876 3127 2942 protegitur,
3179 2875 3314 2928 etin
3367 2891 3558 2946 perpe-

1983 2969 2131 3014 tuum
2157 2958 2325 3030 840
2367 2972 2743 3018 conservatur.
2790 2966 2924 3026 Ave,
2975 2980 3070 3033 per
3129 2981 3288 3033 quem
3344 2966 3542 3019 bonum

1981 3066 2140 3108 omne
2169 3053 2225 3107 in
2251 3053 2388 3108 coelo
2415 3063 2468 3108 et
2495 3055 2548 3108 in
2583 3064 2728 3108 terra
2775 3056 3186 3124 oppigneratnm
3238 3059 3394 3112 nobis
3429 3059 3551 3114 fuit.

1982 3143 2115 3206 Ave,
2150 3157 2248 3212 per
2273 3158 2434 3212 quam
2486 3145 2794 3201 benedictio
2841 3147 2998 3201 nobis
3051 3147 3297 3202 ﬁdelibus
3320 3158 3547 3203 εεειιιιτιο

1984 3231 2078 3295 vit,
2106 3231 2545 3301 quandoquidem
2578 3250 2676 3289 nos
2709 3236 2935 3301 populus
2965 3246 3086 3290 tuus
3121 3252 3328 3301 simius,
3361 3253 3538 3307 qnam-

1981 3322 2116 3377 lihet
2169 3332 2516 3392 peccatorum
2551 3325 2760 3380 catenis
2801 3335 2855 3380 et
2899 3326 3126 3382 nexibus
3177 3327 3540 3396 implicentur.

1980 3414 2113 3478 Ave,
2147 3429 2242 3483 per
2277 3430 2437 3484 quam
2468 3415 2807 3472 benedicitur
2863 3416 3239 3482 inﬁrmorum,
3279 3427 3388 3470 tum
3436 3434 3551 3471 ma-

1979 3505 2250 3560 sculorum
2285 3505 2464 3561 fuenea
2493 3507 2798 3562 substantia
2825 3549 2842 3574 ,
2894 3517 3005 3563 tum
3053 3508 3340 3563 imbecillis
3391 3523 3553 3563 sexus

1980 3599 2264 3653 mulierum
2298 3599 2530 3653 erratica
2557 3609 2722 3670 atque
2753 3601 3026 3656 instabilis
3053 3609 3269 3655 natura.
3299 3601 3432 3662 Ave,
3458 3617 3554 3668 per

1983 3704 2140 3758 quam
2196 3689 2344 3758 impii
2387 3690 2644 3760 pietatem
2695 3693 2954 3760 amplexi,
3001 3691 3087 3760 pie
3135 3692 3321 3746 equnt
3366 3700 3420 3746 et
3459 3689 3550 3742 ad-

1981 3785 2140 3831 orant
2159 3778 2686 3834 venerabilissilnnm
2704 3791 2914 3848 partum
2937 3789 3108 3833 tuum.
3126 3780 3259 3842 Ave,
3275 3793 3369 3846 per
3390 3794 3548 3847 quam

1980 3870 2098 3922 auri
2155 3879 2398 3922 amantes
2443 3869 2647 3923 Christi
2704 3879 2979 3924 amatores
3029 3870 3184 3932 liunt,
3240 3878 3294 3922 et.
3344 3883 3549 3934 argent:

1978 3969 2230 4011 amantes
2264 3969 2536 4013 amatores
2563 3959 2868 4024 hominum,
2897 3969 3059 4027 atque
3088 3973 3382 4028 pauperum
3407 3973 3553 4009 ama-

1978 4057 2125 4104 tores
2170 4047 2478 4102 divitiarum
2532 4047 2782 4101 Studiosi.
2831 4048 2943 4101 Ave
2975 4063 3128 4118 ergo,
3174 4048 3344 4117 gratia
3368 4047 3547 4117 plena,

1979 4141 2103 4208 quia
2154 4138 2305 4192 multi
2363 4137 2563 4193 multas
2611 4138 2869 4208 pecunias
2909 4136 3352 4201 ﬂoccifecerunt,
3387 4147 3445 4189 nt
3495 4141 3546 4183 tu

1977 4230 2146 4284 solam
2192 4229 2555 4284 lucrarentur.
2589 4231 2738 4292 Ave,
2779 4229 3033 4298 quoniam
3094 4229 3243 4283 inulti
3278 4228 3547 4283 multuties

1981 4320 2356 4390 religiosorum
2408 4319 2799 4389 imperatorum
2851 4335 3048 4372 aurum
3096 4327 3317 4389 propter
3375 4328 3425 4371 te
3471 4315 3543 4370 uti

1981 4413 2147 4466 lutum
2203 4413 2531 4475 habuerunt,
2561 4421 2616 4464 et
2661 4421 2944 4480 argentum
2979 4412 3052 4466 uti
3106 4412 3370 4466 cinerem.
3412 4410 3548 4468 Ave,

295 4505 386 4559 διὰ
440 4504 504 4556 σέ
557 4502 888 4571 στεφάνους,
943 4502 1038 4554 καὶ
1093 4501 1471 4572 χρυσονὴμους
1527 4500 1872 4573 ἁλουργίδας,

1980 4507 2233 4572 quoniam
2276 4505 2583 4574 complures
2637 4503 2838 4558 Christi
2901 4505 3194 4557 amantium
3240 4503 3542 4572 reginarum

285 4595 548 4669 ·ἆράχνης
573 4593 925 4663 εὐτελέστερα
956 4592 1292 4659 ἐλογίσαντο.
1325 4593 1519 4664 Χαῖρε,
1565 4593 1647 4646 δτι
1690 4591 1875 4646 πολλοὶ⁵

294 4685 409 4740 τῶν
459 4682 698 4753 εὐγενῶν
748 4683 1000 4745 Ἰνδικοὺς
1028 4681 1117 4734 διὰ
1148 4681 1208 4734 σὲ
1242 4681 1336 4733 καὶ
1385 4679 1875 4752 κρυσταλλίζοντας

294 4777 482 4840 λίθους
510 4775 970 4845 περιεφρόνησαν.
1004 4775 1197 4843 Χαῖρε,
1234 4773 1316 4826 ὅτι
1345 4772 1557 4838 πολλαὶ,
1586 4774 1674 4826 ἵνα
1705 4775 1864 4836 εῑπω,

295 4867 391 4921 καὶ
421 4865 532 4919 τῶν
561 4866 852 4930 εὐγενίξων
881 4864 1158 4933 γυναικῶν
1185 4865 1265 4926 είς
1291 4863 1442 4916 οὐδὲν
1481 4865 1759 4933 ἡγήσαντο
1787 4864 1873 4916 διὰ

294 4959 360 5012 ei
385 4957 696 5026 ἀξιάγαστα
726 4958 794 5010 τὰ
826 4956 1050 5026 βύσσινα
1099 4972 1157 5008 τε
1191 4955 1286 5007 καὶ
1318 4955 1568 5012 κόκκινα,
1601 4957 1694 5008 καὶ
1719 4971 1873 5023 περι-

296 5050 578 5122 πόρφυρα,
617 5049 711 5102 καὶ
743 5048 1055 5118 όλοσήρικα.
1093 5048 1284 5117 Χαῖρε,
1316 5047 1398 5100 ὃτι
1423 5045 1616 5099 πολλαὶ
1646 5044 1872 5100 καὶτῶν

298 5139 628 5212 μοιχαλίδων
654 5139 932 5210 γυναικῶν
960 5137 1314 5210 λιθοκόλλητα
1338 5136 1554 5201 ἐνώτια,
1584 5137 1680 5191 καὶ
1710 5153 1870 5209 περι-

291 5229 443 5295 δέξια
463 5227 660 5298 ψέλλια
687 5229 900 5298 φύλλων
917 5228 1285 5299 ἀδρανεστερα
1309 5227 1639 5296 ἐλογίσαντο.
1673 5229 1868 5300 Χαῖρε,

293 5322 377 5374 ὅτι
407 5320 594 5374 πολλοὶ
641 5321 959 5384 πλειστάκις
983 5318 1091 5372 τῶν
1133 5319 1356 5384 ἐνδόξων
1384 5337 1443 5372 τε
1490 5322 1585 5374 καὶ
1631 5317 1868 5392 περιφα-

293 5407 424 5471 νῶν,
463 5409 524 5462 οὐ
557 5409 664 5479 μὴν
684 5409 741 5462 δέ
773 5408 869 5462 καὶ
893 5407 1183 5467 πλουσίων,
1211 5406 1452 5462 σκύϐαλα
1479 5409 1757 5480 ἡγήσαντο
1780 5410 1869 5463 διὰ

295 5501 358 5553 σὲ
409 5499 505 5562 τὰς
545 5499 750 5569 χρυσοῖο
793 5501 888 5554 καὶ
934 5498 1175 5569 ἀργύρου
1235 5498 1490 5567 χιλιάδας.
1551 5501 1746 5572 Χαῖρε,
1788 5503 1870 5554 ὅτι

295 5589 487 5642 πολλαὶ
533 5590 630 5642 καὶ
661 5588 770 5642 τῶν
811 5588 1078 5658 νεογενῶν
1110 5589 1363 5642 νεανίδων
1401 5589 1725 5655 λευκοειδεῖς
1773 5592 1869 5644 καὶ

291 5679 703 5751 χρυσολαμπεῖς
736 5681 928 5745 στολὰς
974 5679 1283 5734 ἀπώσαντο.
1329 5681 1520 5750 Χαῖρε,
1551 5683 1633 5735 ὅτι
1674 5682 1868 5736 πολλαὶ

291 5771 382 5826 διὰ
404 5772 488 5838 σὲ,
517 5773 588 5826 ῖν*
615 5773 775 5840 εῖπω,
803 5773 908 5828 τῶν
951 5772 1404 5846 χρυσοφορουσῶν
1433 5761 1728 5842 γυναικῶν,
1761 5791 1861 5846 με·

1979 4594 2251 4666 fnlgentes
2280 4595 2512 4664 geminis
2554 4608 2807 4656 coronas,
2859 4609 3099 4663 auroque
3141 4594 3374 4650 intextas
3415 4607 3547 4662 pur-

1979 4701 2142 4755 puras
2178 4695 2398 4753 propter
2427 4695 2477 4737 tc
2499 4699 2710 4738 araneae
2744 4683 2848 4737 teI-a
2873 4683 3092 4738 viliores
3116 4685 3523 4738 aestimaverunt

1977 4777 2110 4841 Ave,
2143 4775 2400 4846 quoniam
2434 4775 2585 4828 multi
2616 4776 2826 4830 nobiles
2869 4775 3080 4829 Indicus
3138 4776 3541 4845 pellucidosque

1975 4868 2049 4923 uti
2101 4867 2421 4938 crystallum
2470 4865 2678 4936 lapides
2736 4867 2810 4922 tui
2850 4868 3020 4939 gratia
3065 4868 3340 4938 aspernati
3396 4875 3540 4921 sunt.

1971 4961 2107 5028 Ave,
2139 4961 2281 5031 quod
2324 4961 2531 5028 multa),
2588 4971 2644 5018 ut
2703 4964 2784 5019 sic
2819 4965 2992 5018 dicam
3021 5003 3037 5029 ,
3087 4979 3151 5017 ex
3205 4964 3335 5030 ipsis
3378 4960 3540 5014 etiam

1974 5053 2280 5108 illustribus
2312 5053 2632 5109 mulieribus
2657 5093 2673 5118 ,
2725 5055 2801 5109 lui
2850 5069 3013 5108 causa
3063 5051 3218 5106 nihili
3250 5052 3539 5110 duxerunt,

1973 5159 2313 5215 quaecunque
2362 5160 2425 5200 ex
2487 5146 2671 5216 bysso,
2709 5146 2955 5208 coccino,
3007 5156 3241 5210 purpura
3273 5149 3327 5194 et
3365 5141 3539 5196 scricc

1971 5243 2249 5298 contexta,
2277 5234 2638 5289 admiratione
2668 5233 2827 5303 digna
2863 5231 3206 5285 videbantur.
3240 5232 3374 5292 Ave,
3402 5244 3538 5298 quo-

1973 5325 2115 5378 niam
2149 5321 2330 5378 multae
2371 5335 2587 5390 quoque
2643 5321 2927 5374 mulierum
2979 5318 3354 5372 adulterarum
3381 5334 3536 5389 gem-

1971 5417 2074 5470 mis
2113 5425 2338 5470 ornatas
2378 5415 2634 5476 inaures,
2675 5411 3022 5480 armillasqnc
3081 5411 3228 5468 foliis
3285 5412 3537 5468 exiliores

1971 5517 2187 5577 propter
2207 5515 2258 5561 te
2275 5514 2627 5561 censuerunt.
2655 5505 2786 5569 Ave,
2815 5503 2961 5574 quod
2987 5504 3138 5558 inulti
3162 5501 3536 5576 saepenumero

1971 5596 2242 5652 clarorum
2285 5597 2688 5666 illustriumque
2737 5596 3001 5664 virorum,
3037 5596 3165 5664 quin
3194 5597 3359 5651 etiam
3389 5595 3534 5649 divt-

1972 5692 2102 5745 tum.
2138 5686 2305 5742 millia
2333 5687 2450 5740 auri
2483 5696 2539 5740 ct
2581 5683 2789 5756 argenti
2820 5695 3076 5754 tanquam
3127 5683 3454 5756 quisquilias
3476 5693 3531 5738 et

1969 5786 2211 5831 stercora
2244 5775 2571 5830 habuerunt.
2624 5777 2756 5840 Ave,
2806 5779 3059 5846 quoniam
3096 5788 3320 5850 preptcr
3365 5787 3416 5831 te
3443 5775 3525 5844 1n-
