4018 6342
402 451 509 513 659

1559 442 1619 502 S.
1659 440 1977 501 JOANNIS
2017 437 2444 500 DAMASCENI

3549 431 3657 495 660

406 556 616 611 nierum
646 553 809 609 etiam
832 548 1142 618 complures
1174 548 1611 618 juveucularttm,
1655 550 1976 609 albicantes.

2089 547 2403 616 λανοφορεῖν
2457 542 2552 596 καὶ
2598 547 2997 616 τριχινοφορεῖν
3063 545 3153 600 διὰ
3210 544 3412 609 παντὸς
3471 545 3658 618 ῄρετί-

408 660 646 712 astroque
675 642 937 709 fulgentes
970 640 1138 695 stolas
1166 639 1502 709 abiecerunt.
1545 641 1678 706 Ave,
1714 640 1970 708 quoniam

2081 656 2265 694 σαντο.

408 735 585 791 multa:
612 735 826 788 tandem
873 733 1180 800 mulierum,
1214 749 1331 803 qua:
1372 749 1505 787 auro
1573 737 1947 799 ornabantur,
2004 734 2185 805 nigras
2267 733 2558 802 laneasque
2615 742 2796 788 vestes
2842 739 3054 803 gestare
3084 741 3171 786 tua
3224 747 3383 786 causa
3414 734 3656 788 destina-

410 839 622 885 Verlllll.

478 921 614 985 Ave,
647 918 817 989 gratia
881 918 1072 988 plena,
1109 917 1361 986 quoniam
1419 917 1681 987 refugium
1731 919 1865 972 facta
1917 933 1976 973 es

409 1012 586 1074 nobis,
612 1021 666 1065 et
701 1027 799 1079 pro
836 1011 1011 1071 nobis.
1035 1011 1125 1078 qui
1183 1024 1369 1063 smnus
1402 1025 1464 1063 ex
1518 1009 1629 1063 luto
1678 1010 1972 1079 procreati,

410 1105 890 1175 interpellatricem
920 1104 1034 1175 agis
1070 1103 1207 1171 apud
1240 1101 1455 1163 Filium,
1498 1100 1776 1171 Deumque
1798 1110 1971 1167 tuum,

410 1212 471 1252 ac
498 1194 665 1249 Deum
705 1203 976 1248 nostrum.
1003 1192 1137 1258 Ave,
1166 1193 1335 1256 gratia
1371 1192 1547 1260 plrua,
1591 1205 1709 1254 ave,
1734 1189 1973 1244 omnium

411 1285 573 1338 simul
613 1283 799 1336 ﬁniunt
852 1290 1012 1335 terra:
1052 1281 1356 1334 communis
1407 1279 1580 1339 salus,
1623 1279 1975 1347 omniumque

411 1374 841 1428 (lin-istianorum
876 1369 1243 1424 Christianum
1280 1369 1609 1438 praesidium.
1632 1368 1765 1433 Ave,
1797 1368 1972 1439 gratia

414 1466 591 1535 plena,
626 1480 746 1524 ave,
779 1476 897 1531 qua:
928 1461 1042 1515 sola
1092 1460 1199 1513 illis
1232 1459 1434 1513 auxilio
1464 1462 1615 1521 ades,
1658 1460 1747 1529 qui
1779 1459 1978 1515 auxilio

414 1564 624 1616 earent,
657 1554 882 1622 solaque
921 1550 1155 1604 maxima
1189 1551 1359 1603 virtus
1403 1564 1464 1603 es
1514 1549 1644 1612 illis,
1679 1550 1772 1620 qui
1818 1550 1979 1605 nullis

416 1650 617 1701 viribus
639 1647 840 1700 valent.
879 1643 1185 1713 Ave.gratia
1217 1641 1525 1709 plena,ave,
1556 1642 1666 1697 sola
1697 1641 1979 1696 humilium

415 1737 704 1801 celsitudo,
734 1745 789 1790 et
820 1736 1034 1803 inopum
1078 1733 1190 1786 sola
1234 1734 1597 1801 recuperatio,
1643 1734 1867 1804 solaque
1892 1749 1983 1789 or-

415 1829 712 1894 pltattorum
763 1833 955 1889 mater,
983 1838 1386 1893 paupernmque
1412 1839 1475 1877 ac
1510 1824 1813 1877 viduarum.
1847 1822 1978 1889 Ave,
2012 1865 2053 1920 Β

416 1918 585 1986 gratia
640 1917 819 1986 plena,
870 1931 991 1979 ave,
1051 1915 1162 1968 sola
1208 1913 1572 1968 fatisccntium
1626 1914 1976 1981 rcfocillatio,

417 2009 697 2076 sultttnqttc
753 2007 983 2077 tegmine
1017 2004 1317 2058 carentium
1369 2014 1601 2072 tegmen.
1640 2007 1774 2071 Ave,
1808 2006 1980 2076 gratia

418 2101 595 2168 plena,
633 2114 754 2163 ave,
808 2099 921 2153 Sola
974 2098 1310 2165 captivorum
1375 2094 1709 2165 redemptio,
1764 2097 1984 2165 solaque

417 2192 778 2246 cxsnlantium
827 2190 1213 2258 pttlsortttnqtte
1271 2188 1565 2241 revoeatio.
1617 2190 1752 2251 Ave,
1807 2189 1981 2257 gratia

418 2286 595 2353 plena,
629 2299 749 2346 ave,
786 2282 898 2335 sola
931 2281 1311 2347 :rgrotantium
1349 2278 1609 2347 visitatio,
1650 2281 1873 2351 solaque
1902 2283 1983 2336 in-

418 2378 699 2430 tirmorum
726 2374 959 2436 curatio,
994 2385 1046 2427 et
1093 2387 1279 2426 eorum
1334 2372 1424 2441 qui
1459 2387 1487 2425 a
1516 2372 1757 2426 dzemoue
1781 2387 1977 2427 vexan-

418 2480 524 2531 tur,
547 2466 711 2522 salus.
745 2463 878 2527 Ave,
918 2464 1089 2534 gratia
1124 2463 1305 2533 plena,
1336 2478 1455 2528 ave,
1488 2464 1599 2518 sola
1618 2464 1981 2533 navigantium

420 2556 762 2625 gubernatio,
798 2559 1022 2621 solaque
1057 2569 1244 2607 eorum
1289 2554 1380 2624 qui
1444 2564 1606 2608 noctu
1642 2554 1745 2608 iter
1793 2563 1980 2624 agunt,

420 2649 515 2700 via:
545 2661 749 2710 comes,
782 2654 833 2698 et
875 2643 1095 2698 sodalis.
1131 2643 1264 2707 Ave,
1296 2643 1465 2712 gratia
1501 2643 1679 2713 plena,
1710 2658 1826 2709 ave,
1859 2644 1981 2712 quia

420 2748 665 2793 nostrum
721 2737 963 2790 omnium
1014 2736 1155 2790 oculi
1202 2736 1253 2789 in
1294 2745 1345 2789 te
1398 2750 1517 2803 quae
1573 2734 1685 2789 sola
1742 2751 1872 2805 pura
1902 2749 1981 2800 es,

419 2845 564 2898 spem
601 2827 886 2889 collocant,
913 2837 966 2881 et
997 2835 1047 2881 te
1075 2841 1290 2895 semper
1311 2834 1658 2881 contuentur.
1690 2827 1825 2891 Ave,
1862 2841 1985 2896 gra-

418 2925 489 2979 tia
523 2921 704 2991 plena,
727 2935 848 2985 ave,
878 2935 998 2988 qua:
1031 2919 1187 2974 nobis
1234 2932 1449 2987 semper
1476 2917 1768 2972 humilibus
1800 2917 1986 2988 praesi-

418 3012 504 3066 tlio
532 3026 614 3076 es,
644 3025 847 3079 nosque
876 3008 944 3063 ab
986 3008 1131 3063 omni
1178 3008 1256 3061 ira
1287 3010 1433 3074 justa
1468 3015 1524 3061 et
1565 3007 1986 3061 comminatione

421 3100 639 3158 eximis.
667 3100 802 3165 Ave,
829 3098 999 3167 gratia
1027 3098 1204 3166 plena,
1231 3113 1350 3162 ave,
1372 3113 1490 3168 quze
1510 3112 1724 3166 semper
1748 3098 1986 3152 custodis

2153 917 2355 987 Χαῖρε,
2418 915 2852 986 κεχαριτωμένη,
2903 916 2985 969 ὅτι
3039 916 3329 988 καταφυγὴ
3388 916 3657 989 ἑγενὴθης

2077 1009 2230 1078 ἡμῖν,
2278 1008 2373 1060 καλ⁹
2406 1008 2770 1077 μεσιτολογεῖς
2811 1008 2951 1079 ὑπὲρ
2996 1007 3152 1076 ἡμῶν
3179 1008 3287 1063 τῶν
3338 1008 3656 1079 πηλογενῶν

2075 1102 2212 1171 πρὸς
2257 1101 2349 1154 τὸν
2388 1101 2515 1153 Υἰὸν
2554 1117 2665 1164 σου,
2712 1102 2803 1153 καὶ
2828 1101 2959 1154 Θεόν
3005 1119 3120 1165 σου,
3164 1102 3260 1155 καὶ
3303 1101 3435 1154 Θεὸν
3465 1104 3650 1172 ἡμῶν.

2075 1191 2267 1260 Χαῖρε,
2296 1190 2733 1261 κεχαριτωμένη,
2789 1194 2965 1261 χαῖρε,
3019 1193 3051 1262 ἡ
3102 1190 3319 1244 πάντων
3365 1192 3499 1263 ὁμοῦ
3543 1193 3654 1246 τῶν

2076 1279 2331 1349 περάτων
2381 1280 2478 1348 τῆς
2523 1279 2626 1349 γῆς
2672 1280 2823 1351 κοινὴ
2854 1281 3116 1352 σωτηρία,
3178 1281 3273 1334 καὶ
3306 1283 3520 1335 πάντων
3542 1284 3654 1337 τῶν

2082 1365 2421 1437 Χριστιανῶν
2455 1367 2812 1438 Χριστιανικὴ
2850 1368 3175 1438 προστασία.
3210 1370 3403 1439 Χαῖρε,
3442 1372 3473 1439 ή
3513 1372 3652 1440 μόνη

2075 1458 2183 1512 τῶν
2230 1457 2549 1529 ἁδοηθὴτων
2604 1459 2987 1530 παραστατικὴ
3038 1460 3282 1531 βοήθεια,
3340 1462 3433 1515 καὶ
3510 1465 3653 1533 μόνη

2077 1549 2185 1602 τῶν
2214 1550 2490 1604 ἀδυνάτων
2524 1550 2966 1621 μεγαλοδύναμος
2998 1551 3245 1621 δύναμις.
3273 1553 3461 1625 Χαῖρε,
3487 1571 3649 1623 κεχαο

2083 1642 2379 1712 ριτωμένη,
2432 1643 2611 1711 χαῖρε,
2651 1643 2683 1712 ἡ
2723 1642 2856 1712 μόνη
2903 1640 3011 1693 τῶν
3038 1644 3307 1695 ταπεινῶν
3352 1643 3652 1712 ἁνύιῖιωσις,

2079 1733 2174 1787 καὶ
2205 1734 2336 1805 μόνη
2378 1734 2488 1785 τῶν
2533 1734 2779 1802 πενήτων
2822 1732 3124 1804 ἀντίληψις,
3165 1733 3258 1785 καὶ
3292 1733 3428 1804 μόνη
3468 1735 3657 1805 μήτηρ

2081 1824 2189 1879 τῶν
2216 1824 2488 1895 ὀρφανῶν,
2533 1825 2627 1877 καὶ
2675 1824 2926 1895 πτωχῶν,
2959 1824 3051 1877 καὶ
3092 1824 3296 1894 χηρῶν.
3339 1826 3530 1893 Χαῖρε,
3566 1841 3658 1878 κε-

2081 1916 2449 1988 χαριτωμένη,
2474 1919 2652 1986 χαῖρε,
2676 1917 2708 1985 ή
2738 1916 2871 1985 μόνη
2903 1914 3010 1968 τῶν
3036 1915 3525 1983 καταπονουμένων
3548 1932 3657 1967 παο

2084 2006 2345 2079 ραμυθία,
2374 2006 2466 2058 καὶ
2497 2007 2632 2077 μόνη
2663 2006 2771 2059 τῶν
2805 2006 3062 2059 ἀσκεπῶν
3094 2005 3291 2076 σκέπη.
3325 2007 3522 2077 Χαῖρε,
3557 2024 3655 2060 κεο

2082 2093 2455 2165 χαριτωμένη,
2488 2096 2667 2165 χαῖρε,
2696 2096 2728 2163 ἡ
2755 2094 2889 2165 μόνη
2917 2094 3023 2147 τῶν
3052 2094 3409 2164 αἰχμαλώτων
3426 2093 3643 2167 λύτρω-

2083 2202 2187 2248 σις,
2223 2186 2313 2237 καὶ
2361 2184 2496 2253 μόνη
2528 2185 2633 2237 τῶν
2672 2182 2960 2256 ὲξορίστων
2994 2186 3086 2238 καὶ
3115 2185 3479 2257 ὲξορισμένων
3521 2187 3657 2240 ἀνά-

2081 2273 2293 2345 κλησις.
2338 2276 2526 2345 Χαῖρε,
2566 2275 3002 2345 κεχαριτωμένη,
3055 2277 3232 2344 χαῖρε,
3281 2278 3314 2345 ἡ
3371 2277 3506 2347 μόνη
3541 2278 3654 2329 τῶν

2084 2365 2382 2420 νοσούντων
2427 2365 2741 2435 ἐπίσκεψις.
2783 2367 2876 2419 καὶ
2933 2367 3070 2436 μόνη
3121 2367 3230 2418 τῶν
3284 2368 3656 2424 ἀσθενούντων

2086 2457 2249 2523 ἴασις,
2288 2460 2381 2511 καὶ
2416 2458 2549 2529 μόνη
2604 2457 2714 2511 τῶν
2750 2456 3127 2528 δαιμονώντων
3169 2459 3415 2524 ὑγίωσις.
3458 2462 3654 2531 Χαῖρε,

2084 2550 2515 2622 κεχαριτωμένη,
2549 2551 2724 2620 χαῖρε,
2757 2550 2789 2620 ἡ
2824 2549 2959 2620 μόνη
2997 2550 3105 2602 τῶν
3155 2551 3424 2604 πλεόντων
3457 2552 3656 2623 κυϐέρι-

2083 2657 2257 2711 νησις,
2303 2640 2396 2692 καὶ
2439 2639 2575 2710 μόνη
2605 2639 2713 2692 τῶν
2754 2639 3232 2709 νυκτοπορούντων
3276 2642 3659 2712 συνώοιπὸρος

2084 2732 2180 2785 καὶ
2212 2731 2596 2799 ωνδιαγωγὸς.
2630 2731 2821 2802 Χαῖρε,
2851 2732 2929 2784 ὅτι
2957 2732 3170 2786 πάντων
3197 2732 3353 2803 ἡμῶν
3374 2735 3424 2785 oi
3457 2734 3659 2803 ὀφθαλ-

2088 2824 2177 2894 μοὶ
2223 2825 2301 2887 εἰς
2339 2823 2399 2876 σὲ
2434 2823 2531 2893 τὴν
2560 2822 2730 2893 μόνην
2768 2822 3016 2893 καθαρὰν
3044 2823 3345 2888 ἐλπίζουσι,
3386 2825 3483 2878 καὶ
3518 2826 3658 2896 πρὸς

2087 2916 2145 2969 σὲ
2189 2916 2275 2969 διὰ
2333 2916 2532 2979 παντὸς
2596 2914 2922 2979 ἀτενίζουσι.
2981 2917 3177 2984 Χαῖρε,
3216 2918 3656 2987 κεχαριτωμένη,

2086 3008 2264 3077 χαῖρε,
2292 3007 2325 3075 ή
2358 3006 2444 3058 ἀεὶ
2480 3005 2854 3076 προῖσταμένη
2897 3004 3054 3075 ήμῶν
3083 3004 3193 3057 τῶν
3230 3005 3521 3069 ταπεινῶν,
3562 3006 3659 3059 καὶ

2085 3097 2424 3169 λυτρουμένη
2474 3098 2620 3168 ἡμᾶς
2668 3098 2734 3150 ὲκ
2782 3096 2964 3166 πάσης
3013 3097 3224 3160 δικαίας
3257 3098 3427 3169 ὀργῆς
3460 3115 3521 3152 τε
3565 3098 3660 3151 καὶ

422 3201 474 3247 rt
510 3192 793 3246 lustranda
825 3190 973 3245 foves
1001 3205 1228 3259 egenum
1256 3204 1425 3256 genus
1456 3199 1701 3241 nostrum
1732 3206 1760 3241 a
1795 3200 1975 3243 tenta-

2089 3189 2333 3259 ἀπειλῆς.
2380 3190 2572 3260 Χαῖρε,
2603 3187 3042 3258 κεχαριτωμένη,
3073 3190 3248 3257 χαῖρε,
3277 3189 3309 3258 ἡ
3347 3189 3436 3241 ἀεὶ
3467 3186 3661 3257 διαφυ-

419 3283 675 3347 tionihus,
708 3281 988 3352 periculis,
1053 3280 1328 3349 variisque
1366 3278 1527 3350 841
1562 3278 1983 3335 calamitatibus.

421 3379 549 3443 Ave,
569 3376 739 3445 gratia
777 3373 953 3442 plena,
985 3372 1372 3440 avq,qnouiam
1402 3370 1587 3424 nullus
1606 3380 1799 3439 praeter
1824 3371 1986 3424 Deum

421 3465 526 3521 tale
550 3474 867 3534 tantumque
887 3478 1078 3518 nomen
1105 3461 1333 3517 sortitus
1360 3470 1463 3526 est,
1484 3448 1577 3514 aut
1610 3462 1731 3514 talis
1750 3476 1985 3529 unquam

421 3557 606 3627 gloriae
631 3570 853 3626 compos
911 3554 1031 3609 fuit.
1090 3554 1222 3618 Ave,
1260 3568 1379 3621 qua:
1417 3568 1542 3608 vere
1584 3568 1748 3622 super
1800 3568 1991 3607 omnes

422 3649 703 3703 benedicta
727 3662 806 3711 es,
840 3659 960 3709 ave,
989 3656 1209 3714 propter
1236 3660 1396 3714 quam
1432 3645 1611 3706 hodie,
1639 3658 1801 3712 Supra
1826 3659 1987 3713 quam

424 3742 564 3795 t‘erat
620 3739 873 3802 mundus,
915 3736 1357 3793 excellentiorem
1413 3738 1613 3789 mumlo
1660 3735 1804 3789 diem
1844 3735 1982 3789 cele-

423 3832 661 3885 bramus.
701 3828 813 3882 Ave
836 3870 848 3891 ,
879 3842 998 3897 qua:
1028 3841 1155 3897 vere
1183 3839 1242 3881 es
1271 3838 1433 3894 super
1466 3837 1655 3877 omnes
1683 3821 1987 3888 benedicta;

422 3938 540 3989 ave,
576 3930 798 3992 promer
824 3934 985 3991 quam
1023 3918 1185 3973 hodie
1238 3916 1633 3973 solemnitatem
1660 3913 1990 3969 Sulemnita-

424 4024 573 4077 tum,
626 4022 681 4066 et
728 4011 1105 4066 celebritatem
1178 4007 1555 4063 celebritatum
1607 4005 1802 4076 populo
1843 4004 1989 4059 omni

425 4111 617 4159 coacto
649 4102 879 4172 agimus.
908 4102 1043 4165 Ave,
1076 4115 1196 4169 quae
1221 4114 1346 4154 vere
1390 4112 1449 4152 es
1477 4112 1639 4166 super
1685 4110 1871 4151 omnes
1895 4095 1989 4149 be-

426 4194 637 4251 nedicta
681 4210 697 4259 ;
752 4209 872 4257 ave,
923 4203 1143 4261 propter
1192 4206 1353 4260 quam
1384 4205 1481 4244 nos
1515 4188 1568 4242 iu
1609 4186 1991 4242 sacratissimis

426 4286 532 4339 tuis
560 4285 798 4340 basilicis
826 4296 1243 4352 cuugregamur,
1271 4290 1330 4334 ut
1367 4291 1420 4334 te
1462 4278 1569 4332 alta
1608 4293 1737 4332 voce
1781 4276 1987 4332 collau-

426 4379 636 4429 thlllllS.
669 4375 802 4435 Ave.
845 4388 962 4442 (μιςιι
993 4386 1118 4425 vere
1149 4386 1207 4425 es
1234 4385 1396 4439 Super
1425 4383 1613 4424 onmes
1659 4366 1940 4423 benedicta
1972 4383 1988 4432 ;

426 4480 550 4530 ave,
578 4473 798 4534 propter
830 4479 992 4533 quam
1022 4463 1179 4517 hodie
1204 4477 1363 4531 apum
1400 4475 1548 4516 more
1572 4474 1676 4514 una
1707 4459 1852 4513 intus
1872 4458 1986 4513 col-

2089 3282 2353 3335 λάττουσα
2399 3280 2494 3333 καὶ
2537 3280 2947 3350 περισκέπουαα
2987 3279 3048 3332 τὸ
3109 3281 3448 3349 πτωχογενὲς
3497 3281 3661 3351 ἡμῶν

2090 3372 2253 3444 φῦλον
2283 3374 2341 3425 ὲν
2374 3375 2721 3443 πειρασμοῖς,
2752 3373 2809 3424 ἐν
2844 3371 3126 3434 κινδύνοις,
3163 3372 3256 3424 καὶ¹
3294 3373 3351 3424 ὲν
3379 3371 3662 3443 διαφόροις

2091 3463 2418 3537 συμφόραις.
2462 3465 2657 3533 Χαῖρε,
2707 3462 3139 3534 κεχαριτωμένη,
3168 3465 3347 3534 χαῖρε,
3376 3463 3456 3515 ὅτι
3487 3462 3661 3529 οὐδείς

2088 3556 2162 3620 ὡς
2186 3558 2249 3609 σὺ
2281 3555 2419 3626 πλὴν
2451 3554 2587 3608 Θεοῦ
2616 3553 2933 3624 τηλικοῦτον
2959 3553 3442 3625 κεκληρονόμηκεν
3464 3552 3662 3622 ὄνομα,

2090 3642 2409 3716 ῆτοιαύτης
2458 3642 2679 3697 πώποτε
2713 3645 2906 3714 τέτυχε
2955 3643 3134 3714 δόξης.
3186 3644 3377 3713 Χαῖρε,
3430 3644 3463 3712 ή
3493 3643 3663 3706 ὅντως

2089 3734 2592 3806 ὑπερευλογημένη,
2632 3736 2812 3806 χαῖρε,
2844 3734 2912 3786 δι’
2947 3735 3012 3805 ἡν
3042 3735 3201 3804 ἡμεῖς
3228 3734 3467 3804 σήμερον
3493 3737 3666 3804 ὑπερ-

2096 3824 2340 3896 κοσμίως
2386 3825 2485 3896 τὴν
2536 3825 2907 3896 ὑπερκόσμιον
2962 3824 3165 3895 ταύτην
3218 3825 3666 3895 πανηγυρίζομεν

2091 3917 2325 3987 ἡμέραν.
2347 3920 2538 3989 Χαῖρε,
2561 3921 2594 3990 ἡ
2616 3918 3297 3990 δντωςὺπερευλογημένη,
3317 3923 3495 3990 χαῖρε,
3515 3918 3580 3973 δι’
3597 3920 3665 3991 ἣν

2092 4008 2251 4077 ἡμεῖς
2270 4010 2335 4079 σή
2345 4026 2411 4079 με
2420 4026 2531 4079 ρον,
2550 4010 2739 4080 ἑορτὴν
2758 4009 2978 4080 ἑορτῶν,
2995 4010 3088 4062 καλ⁵
3101 4012 3407 4079 πανήγυρεν
3423 4009 3667 4079 πανηγύ-

2096 4116 2233 4169 ρεων
2258 4100 2531 4171 πανδημεὶ
2565 4099 2917 4171 ἑορτάζομεν.
2950 4102 3141 4172 Χαῖρε,
3169 4101 3335 4163 ὅντως
3365 4102 3666 4173 ὑπερευλο-

2091 4192 2328 4262 γημένη,
2370 4194 2549 4264 χαῖρε,
2577 4193 2643 4246 δι’
2676 4193 2742 4263 ἡν
2784 4194 2945 4264 ἡμεῖς
2981 4194 3217 4264 σήμερον
3260 4191 3521 4265 ἀγεληδὸν
3568 4195 3665 4247 ἐπ-

2090 4280 2457 4351 αθροιζόμεοα
2479 4283 2537 4334 ὲν
2554 4285 2663 4346 τοῖς
2688 4284 2801 4346 σοῖς
2821 4283 3135 4351 ἁγιοϐἀτοις
3164 4286 3332 4347 ναοῖς,
3360 4286 3453 4337 καὶ⁵
3491 4302 3664 4352 μεγα-

2091 4370 2347 4439 λοφὼνως
2378 4390 2437 4425 σε
2472 4374 2824 4447 γεραίρομεν.
2877 4376 3068 4446 Χαῖρε,
3100 4376 3268 4438 ὅντως
3298 4376 3667 4449 ὑπερευλογη-

2097 4461 2253 4531 μένη,
2297 4466 2477 4534 χαῖρε,
2531 4464 2597 4517 δι’
2629 4465 2695 4535 ἡν
2745 4465 2904 4535 ἡμεῖς
2933 4467 3171 4535 σήμερον
3200 4465 3357 4536 δίκην
3393 4465 3667 4533 μελισσῶν

432 4553 556 4607 lecti
595 4554 920 4623 hymnorum
965 4563 1183 4607 cantum
1221 4550 1677 4621 multiplicamus,
1720 4550 1796 4603 nti
1836 4548 1987 4604 nobis

2095 4552 2546 4624 ὲπισυναγόμενοι
2588 4554 2930 4624 πληθύνομεν
2960 4554 3057 4624 τὴν
3104 4556 3449 4625 ὑμνολογίαν,
3494 4557 3570 4619 ὡς
3601 4560 3665 4609 συ

428 4658 483 4698 ιιι
541 4644 930 4700 defensionem.
959 4645 1071 4699 Ave
1100 4684 1115 4708 ,
1138 4644 1311 4715 gratia
1357 4642 1510 4711 plena
1535 4682 1550 4707 ,
1599 4657 1719 4706 ave,
1769 4651 1992 4710 prepter

426 4751 587 4805 quam
620 4748 718 4789 nos
743 4733 941 4789 lumina
977 4743 1270 4805 gestantes,
1296 4742 1347 4787 te
1373 4732 1649 4802 Splemlitle
1674 4732 1725 4784 in
1748 4730 1989 4785 Ecclesia

426 4828 760 4884 extollimus.
803 4827 938 4891 Ave,
990 4842 1110 4891 qua:
1160 4841 1291 4881 vere
1330 4840 1389 4880 es
1422 4838 1586 4893 super
1612 4837 1801 4877 omnes
1830 4822 1989 4876 bene-

428 4921 611 4985 dicta;
642 4932 766 4985 ave,
810 4928 1031 4987 propter
1061 4931 1222 4984 quam
1269 4930 1368 4968 nos
1418 4913 1579 4969 hodie
1606 4912 1825 4967 Davidis
1872 4928 1992 4966 cum

430 5009 656 5074 Davide.
686 5020 739 5066 et
766 5009 940 5079 angeli
973 5024 1094 5063 cum
1132 5005 1320 5076 angelo
1371 5002 1607 5057 oraculis
1636 5002 1994 5073 praelusimus.

429 5106 565 5169 Ave,
589 5117 709 5168 ave,
739 5116 860 5172 qua:
891 5114 1018 5155 vere
1040 5114 1099 5154 es
1126 5110 1288 5167 super
1309 5108 1500 5149 omnes
1532 5093 1840 5156 benedicta,
1874 5107 1994 5157 ave,

430 5201 655 5265 propter
683 5207 844 5263 quam
882 5206 983 5245 nos
1007 5188 1168 5244 hodie
1198 5185 1397 5256 captivi
1426 5184 1732 5238 laudatores
1761 5183 1997 5253 quadru—

434 5285 626 5354 plicem
663 5286 804 5340 hanc
826 5281 1269 5339 salutatoriarum
1298 5275 1769 5347 eompellationmn
1801 5285 1992 5344 penta-

437 5375 723 5430 contadem
754 5373 1155 5430 contexuimus.
1187 5372 1479 5433 Caeterum,
1504 5368 1705 5437 optima
1745 5365 1997 5429 Domina,

437 5465 870 5521 misericordiam
899 5464 1163 5519 extendas
1208 5471 1353 5515 tuam
1393 5461 1444 5514 in
1496 5473 1590 5514 eos
1640 5458 1731 5528 qui
1757 5465 1809 5510 te
1840 5470 2002 5511 nove-

442 5565 608 5609 runt:
638 5570 702 5611 ac
737 5556 946 5625 respice
974 5554 1025 5606 in
1060 5566 1247 5608 servos
1280 5561 1420 5617 tuos,
1446 5560 1502 5607 et
1535 5551 1590 5606 in
1616 5565 1777 5620 Opera
1816 5558 1927 5615 tua,
1948 5556 2003 5601 et

441 5654 671 5702 cunctos
716 5646 890 5719 dirige
950 5646 1001 5699 in
1056 5646 1194 5699 viam
1225 5645 1421 5714 pacis:
1474 5644 1727 5713 quoniam
1762 5642 2001 5696 omnium

442 5738 585 5794 oculi
618 5739 671 5793 in
708 5747 760 5793 te
794 5745 1036 5806 sperant,
1071 5745 1232 5807 teque
1266 5747 1571 5807 sequestra,
1608 5733 2004 5791 reconciliatio-

446 5847 566 5887 nem
604 5847 724 5887 cum
753 5830 889 5885 Filio
922 5829 1131 5894 Dcoquc
1163 5838 1249 5884 tuo
1279 5846 1339 5884 ac
1392 5831 1497 5885 Deo
1530 5838 1710 5882 nostro
1741 5824 1881 5881 nacti
1910 5838 2000 5879 su-

2091 4644 2191 4716 τὴν
2222 4645 2575 4716 προστασίαν.
2607 4647 2802 4717 Χαῖρε,
2836 4647 3272 4717 κεχαριτωμένη.
3304 4651 3481 4719 χαῖρε,
3505 4649 3572 4702 δι’
3600 4648 3669 4718 ῆν

2091 4735 2255 4804 ἡμεῖς
2284 4736 2523 4807 σήμερον
2551 4735 2991 4807 φωτοςροροῦντες
3018 4736 3289 4806 λαμπρῶς
3322 4739 3382 4791 ὲν
3433 4738 3666 4806 Ἐκκλη-

2100 4824 2192 4895 σίᾳ
2247 4842 2305 4878 σε
2371 4826 2766 4897 μεγαλύνομεν.
2824 4829 3020 4899 Χαῖρε,
3073 4829 3241 4890 ὅντως
3297 4829 3669 4901 ὑπερευλογη-

2101 4913 2256 4984 μένη,
2288 4917 2469 4985 χαῖρε,
2504 4917 2572 4970 δι’
2603 4918 2669 4988 ἣν
2691 4920 2853 4989 ἡμεῖς
2885 4919 3125 4989 σήμερον
3153 4920 3223 4971 τὰ
3251 4918 3343 4973 τοῦ
3376 4920 3541 4974 Δαϐὶδ
3572 4921 3669 4974 σὺν

2094 5005 2174 5075 τῷ
2203 5007 2387 5073 Δαϐὶδ,
2435 5010 2529 5062 καὶ
2570 5010 2638 5064 τὰ
2683 5010 2778 5063 τοῦ
2814 5011 3046 5079 ἀγγέλου
3090 5011 3187 5065 σὺν
3212 5011 3290 5082 τῷ
3319 5012 3537 5084 ἀγγέλῳ
3574 5012 3671 5065 ἁν-

2098 5097 2432 5166 εκινὴσαμεν
2485 5098 2659 5167 λόγια.
2713 5102 2912 5171 Χαῖρε,
2964 5100 3132 5166 ὅντως
3166 5101 3671 5173 ὑπερευλογημένη,

2100 5188 2278 5256 χαῖρε,
2314 5187 2382 5239 δι’
2404 5188 2469 5259 ἡν
2496 5191 2655 5259 ἡμεῖς
2684 5192 2924 5263 σήμερον
2946 5193 2998 5245 οἱ
3023 5193 3359 5263 αἰχμάλωτοι
3387 5193 3672 5247 ἐπαινέται

2100 5277 2300 5344 ταύτην
2345 5279 2688 5351 ἐξυείάναμεν
2730 5283 2831 5353 τὴν
2879 5285 3192 5356 τετραπλῆν
3225 5285 3331 5339 τῶν
3364 5286 3672 5356 χαροποιῶν

2104 5369 2459 5439 προρρήσεων
2530 5374 2968 5429 πεντακοντάδαο
3032 5376 3169 5429 ἀλλὰ
3228 5378 3557 5447 παράτεινον
3614 5377 3674 5429 τὸ

2104 5457 2249 5522 ἔλεός
2282 5477 2395 5524 σου,
2432 5462 2713 5531 πανάγαϐε
2744 5465 3034 5532 Δέσποινα,
3078 5470 3191 5530 τοῖς
3220 5466 3551 5534 γινώσκουσί
3586 5484 3670 5528 σε.

2105 5549 2199 5601 καὶ
2229 5549 2301 5601 ῖδε
2336 5550 2429 5603 ἐπὶ
2451 5554 2575 5616 τοὺς
2597 5553 2815 5617 δούλους
2847 5572 2939 5608 σου
2962 5557 3057 5610 καὶ
3086 5558 3179 5610 ἐπὶ
3196 5556 3263 5608 τὰ
3280 5555 3417 5626 ἔργα
3436 5573 3550 5620 σου,
3580 5558 3672 5611 καὶ

2106 5639 2433 5694 κατεύθυνον
2471 5643 2681 5708 πάντας
2722 5647 2800 5710 εἰς
2828 5646 2945 5700 ὁδὸν
2983 5649 3229 5718 εἰρήνης,
3265 5650 3345 5701 ὅτι
3378 5649 3596 5703 πάντων
3624 5650 3674 5702 οῖ

2106 5731 2371 5801 ὀφθαλμοὶ
2397 5734 2476 5795 εἰς
2513 5736 2570 5788 σὲ
2614 5737 2913 5804 ἐλπίζουσι,
2946 5739 3039 5791 καὶ
3075 5739 3168 5792 σου
3198 5743 3264 5810 τῇ
3296 5740 3548 5811 μεσιτείᾳ
3576 5739 3675 5809 τὴν

2109 5822 2450 5894 καταλλαγὴν
2503 5826 2598 5892 τὴν
2634 5827 2767 5891 πρὸς
2814 5828 2903 5880 τὸν
2935 5830 3062 5882 ἴ⁹Ξν3ν
3111 5848 3198 5883 σου
3250 5830 3342 5886 καὶ
3374 5831 3526 5894 Θεὸν,
3583 5831 3673 5881 καὶ

3710 683 3735 725 .‘

3718 734 3735 777 ἶ
