4012 6338
304 406 420 471 665

1344 404 1423 464 IN
1464 402 1982 464 NATIVITATEM
2024 404 2071 463 B
2126 404 2192 463 V.
2232 402 2515 467 MARHS.

3376 382 3381 385 ’
3458 402 3580 463 eos

306 496 411 551 atat
450 493 745 565 ἀσώματον
774 492 839 546 ἐκ
868 490 1074 563 ταύτης
1105 490 1457 562 σωματοῦται
1483 529 1498 554 ,
1527 492 1622 544 καὶ
1646 492 1724 555 ὡς
1758 508 1823 544 νυ
1833 509 1897 562 μ-

2011 492 2210 559 lumen,
2244 494 2490 563 inquam,
2542 492 2673 547 illud
2711 494 2938 547 materia
2987 507 3192 550 vacans
3220 502 3274 549 et
3324 494 3576 565 incorpo-

308 588 433 656 φιος
463 588 529 641 ὲκ
566 568 779 639 παστού
816 584 1174 656 πρόερχεται,
1205 583 1337 647 Θεὸς
1380 582 1487 647 ὣν,
1530 584 1623 636 καὶ
1654 584 1894 655 γηγενής

308 678 605 749 γενόμενος
638 677 889 749 ὕστερον.
928 677 1015 740 Ὠς
1058 676 1220 745 γίγας
1246 676 1345 747 τὴν
1387 675 1505 729 ὁδὸν
1539 675 1770 746 δραμεῖν
1796 675 1893 745 τῆς

305 770 586 841 ἡμετέρας
613 768 1007 837 ἀγαλλιάσεται
1036 767 1273 837 φύσεως,
1306 768 1400 820 καὶ
1423 768 1512 821 διὰ
1533 766 1722 820 παθῶν
1745 766 1885 819 ὁδεῦο

309 878 404 916 σαι
434 860 571 932 πρὸς
606 859 860 920 θάνατον,
898 859 994 910 καὶ
1026 858 1301 928 δήσαιτὺν
1338 856 1581 928 ἰσχυρὸν,
1619 858 1717 910 καὶ
1739 856 1894 927 διαρ-

308 946 488 1000 πάσαι
538 942 706 997 αὑτοῦ
743 944 813 996 τὰ
846 941 1050 1013 σκεύη,
1104 942 1205 1013 τήν
1243 942 1520 1012 ἡμετέραν
1557 941 1718 1010 φύσιν
1740 980 1756 1005 ,
1792 943 1894 995 καὶ

306 1036 452 1107 πρὸς
505 1036 607 1106 τὴν
645 1036 895 1108 οὐράνιον
940 1036 1044 1105 γῆν
1093 1036 1393 1102 ἀναγαγεῖν
1431 1034 1493 1088 τὸ
1540 1034 1893 1105 πλανώμενον

306 1128 609 1200 πρόϐατον.
632 1129 884 1199 Σήμερον
904 1129 933 1181 6
960 1126 1056 1179 τοῦ
1109 1128 1357 1189 τέκτονος
1392 1126 1504 1196 (40)
1528 1126 1678 1191 Υἱὸς,
1708 1129 1735 1181 6
1764 1144 1896 1180 παν-

306 1219 601 1290 τεχνήμων
623 1220 794 1287 Λόγος
823 1217 919 1271 τοῦ
952 1218 1019 1272 δι’
1048 1218 1215 1271 αὑτοῦ
1250 1217 1316 1271 τὰ
1344 1219 1523 1271 πάντα
1547 1220 1893 1272 κατασκευά-

311 1328 532 1377 σαντος,
570 1312 599 1364 6
629 1310 869 1382 βραχίων
891 1311 919 1364 6
953 1309 1173 1381 ἰσχυρὸς
1204 1307 1299 1362 τοῦ
1336 1308 1473 1363 Θεοῦ
1504 1309 1598 1363 τοῦ
1628 1310 1853 1381 ὑψίστου
1878 1349 1893 1374 ,

306 1402 389 1466 ὡς
422 1402 620 1456 ἑαυτοῦ
651 1394 902 1472 δακτύλῳ
927 1400 1005 1471 τῷ
1029 1401 1329 1472 Πιθεύματι,
1359 1400 1665 1469 ἀμϐλυνθὲν
1688 1400 1746 1454 τὸ
1775 1399 1896 1453 σκέ-

313 1509 526 1563 παρνον
553 1493 834 1564 ἀκονήσας
866 1493 968 1562 τῆς
998 1491 1236 1560 φύσεως,
1275 1490 1679 1545 κατεσκεύασεν
1717 1490 1896 1562 ἐαυτῷ

310 1584 562 1654 ἔμψυχον
597 1583 872 1653 κλίμακα,
911 1578 981 1655 ἧς
1010 1583 1043 1654 ή
1093 1581 1248 1653 βάσις
1285 1578 1379 1633 ἐπὶ
1413 1580 1514 1650 γῆς
1549 1580 1893 1650 ἐστήρικται,

311 1677 347 1746 ή
392 1675 451 1728 δὲ
492 1672 706 1743 κεφαλὴ
743 1672 879 1743 πρὸς
927 1672 1091 1727 αὑτὸν
1132 1670 1222 1724 τόν
1263 1671 1513 1741 οὐρανὸν,
1550 1670 1637 1737 ἐφ’
1668 1665 1735 1742 ἧς
1766 1669 1897 1732 Θεὸς

310 1766 683 1832 ἀναπαύεται,
721 1762 789 1837 ἧς
820 1766 912 1818 τὸν
942 1765 1113 1818 τύπον
1150 1762 1346 1817 Ἰακὼὸ
1368 1762 1652 1826 ἐθεάσατο,
1685 1764 1753 1816 δι’
1778 1758 1845 1834 ἦς
1869 1762 1896 1814 6

2002 597 2266 653 reutn,_ex
2302 584 2417 654 ipsa
2450 594 2795 652 corporatur,
2836 596 2891 639 et
2932 596 3188 654 tanquam
3228 601 3462 656 sponsus
3510 587 3576 642 de

2002 677 2242 731 thalatno
2295 676 2545 746 procedit
2576 678 2644 743 ⁵ο,
2676 677 2766 746 qui
2812 693 2936 732 cum
2989 677 3129 733 Deus
3190 678 3281 743 sil,
3339 678 3571 733 submde

2001 768 2177 823 factus
2207 769 2506 839 terrigena,
2558 768 2860 823 exsultabit
2924 777 2982 822 ut
3039 768 3190 837 gigas
3240 768 3307 821 ad
3363 776 3572 822 natura:

2003 866 2205 914 nostra:
2245 860 2571 913 currendam
2598 861 2744 913 viam
2774 859 2847 924 ⁸¹,
2892 874 2987 929 per
3022 859 3297 914 cruciatus
3321 859 3388 912 ad
3432 874 3577 913 utor-

2004 959 2111 1005 tem
2143 951 2482 1007 contendens
2513 969 2528 1007 :
2558 960 2617 1006 ut
2646 951 2841 1006 fortem
2873 950 3078 1019 alliget,
3114 950 3390 1019 ipsiusque
3421 965 3573 1015 vasa,
3630 996 3637 1005 .

2002 1041 2303 1097 humanum
2337 1041 2526 1111 utique
2550 1057 2725 1112 genus
2760 1041 2983 1110 diripiat
3007 1042 3078 1107 ⁸³,
3105 1050 3159 1094 et
3204 1052 3359 1094 OVem
3385 1055 3576 1094 erran-

2004 1143 2111 1186 tem
2153 1132 2219 1185 ad
2270 1132 2546 1189 cmlestetn
2607 1141 2805 1187 terram
2863 1131 3088 1186 reducat
3137 1130 3204 1184 ⁸³.
3255 1130 3430 1186 Hodie
3489 1130 3579 1184 ille

2002 1221 2140 1278 fabri
2166 1222 2360 1288 Filius,
2405 1237 2587 1278 rerum
2627 1222 2870 1277 omnium
2906 1222 3102 1277 artifex
3133 1221 3369 1278 Verbum
3407 1221 3572 1285 illius,

1999 1311 2091 1381 qui
2123 1327 2221 1381 per
2247 1311 2422 1380 ipsum
2451 1312 2633 1368 omnia
2662 1312 2925 1376 condidit,
2968 1310 3110 1367 forte
3144 1311 3275 1366 illud
3306 1312 3402 1366 Dei
3430 1312 3576 1367 altis-

2002 1402 2124 1458 sitni
2161 1403 2469 1467 brachium,
2519 1403 2768 1457 obtusaut
2830 1411 3036 1457 naturae
3114 1405 3319 1458 asciam
3365 1403 3571 1472 Spiritu

2004 1502 2196 1547 sancto
2228 1508 2326 1548 ceu
2355 1494 2527 1564 digito
2551 1509 2650 1547 suo
2679 1508 2977 1559 exacuens,
3004 1496 3300 1549 animatum
3334 1495 3437 1549 sibi
3464 1496 3579 1562 ipse

2003 1586 2209 1640 scalam
2238 1584 2551 1651 fabricavit,
2580 1586 2738 1655 cujus
2769 1586 2875 1639 ima
2921 1601 3046 1655 pars
3100 1587 3151 1639 in
3191 1596 3334 1641 terra
3367 1587 3577 1640 [innata

2005 1688 2089 1732 est
2119 1716 2134 1741 ,
2169 1692 2377 1730 summa
2403 1686 2583 1731 autem
2622 1676 2689 1730 ad
2735 1677 2932 1731 ctrlum
2981 1692 3153 1744 uSque
3185 1672 3479 1746 porrigitur
3508 1676 3577 1744 “,

2010 1771 2096 1825 cui
2119 1770 2261 1825 Deus
2299 1770 2567 1824 innitatur
2597 1789 2610 1824 :
2642 1770 2799 1840 cujus
2826 1768 2993 1825 Jacob
3026 1771 3252 1839 figuram
3277 1771 3410 1824 vidit
3438 1787 3453 1836 ;
3486 1787 3581 1841 per

313 1858 449 1921 Θεὸς
485 1856 735 1921 καταϐὰς
768 1856 1152 1926 ἁμεταϐάτως,
1186 1855 1390 1923 μᾶλλον
1418 1854 1473 1906 δὲ
1519 1854 1893 1923 συγκαταϐὰς,

2011 1878 2161 1933 quam
2194 1862 2339 1917 Deus
2382 1862 2515 1917 nihil
2555 1872 2792 1917 mutatus
2859 1862 3213 1930 descendens,
3270 1877 3364 1919 seu
3406 1865 3581 1932 potius

313 1946 411 1999 ἐπὶ
467 1944 571 2013 τῆς
611 1946 715 2013 γῆς
779 1944 960 2014 mea,
1013 1944 1107 1996 καὶ
1157 1945 1269 2007 τοῖς
1328 1940 1641 2014 ἀνθρώποις
1706 1960 1898 1996 συναν⁹

313 2038 589 2108 εστρὰφη.
628 2038 811 2090 Ταῦτα
845 2037 951 2106 γὰρ
974 2037 1007 2107 ἡ
1028 2035 1350 2099 κατάϐασις,
1384 2036 1416 2105 ή
1450 2034 1899 2106 συγκαταὸατικὴ

310 2129 671 2192 ταπείνωσις,
712 2129 745 2196 ή
778 2129 871 2197 ἐπὶ
893 2127 998 2196 γῆς
1031 2126 1304 2190 πολιτεία,
1348 2127 1380 2194 ή
1408 2127 1522 2187 τοῖς
1558 2125 1651 2178 ἐπὶ
1681 2126 1782 2195 γῆς
1811 2125 1897 2178 δο-

313 2218 472 2271 θεῖσα
501 2218 667 2271 αὐτοῦ
706 2200 1023 2285 ἐπίγνωσις.
1054 2216 1180 2269 Ἐπὶ
1214 2214 1315 2286 γῆς
1355 2214 1575 2286 ήνοητὴ
1603 2215 1826 2285 κλίμαξ,
1860 2216 1893 2286 ή

314 2317 589 2389 παρθένος
626 2317 944 2389 ἐστήρικται
970 2335 983 2347 ο
1021 2319 1085 2371 ἐκ
1130 2317 1235 2387 γῆς
1271 2316 1381 2387 γὰρ
1418 2316 1533 2387 ἔχει
1565 2317 1665 2388 τὴν
1702 2316 1899 2388 γέννη-

318 2423 405 2461 σιν
427 2424 443 2438 ·
482 2408 517 2479 ἡ
548 2407 608 2461 δὲ
639 2407 850 2478 κεφαλὴ
874 2407 1011 2479 πρὸς
1033 2407 1129 2461 τὸν
1157 2408 1408 2478 οὐρανόν.
1434 2408 1621 2478 ιΙάσης
1650 2409 1758 2479 γὰρ
1796 2424 1891 2476 γυ-

316 2490 507 2562 ναὶκδς
541 2498 757 2570 κεφαλὴ
805 2501 834 2553 6
881 2499 1061 2569 ἁνήρ·
1100 2497 1216 2552 ἀλλ’
1269 2500 1445 2570 αὕτη,
1495 2499 1681 2569 ἐπειδὴ
1728 2499 1898 2570 ἄνδρα

314 2589 416 2645 οὑκ
444 2588 558 2659 (At)
592 2588 753 2654 ἔγνω,
779 2587 992 2659 κεφαλή
1015 2588 1189 2658 αὐτῆς
1205 2590 1233 2641 6
1254 2588 1384 2651 Θεδς
1408 2588 1501 2642 καὶ
1523 2589 1713 2658 Πατὴρ
1736 2591 1899 2658 ἐχρη-

317 2678 573 2748 μάτισεν,
618 2680 899 2746 Πνεῦματι
929 2677 1071 2748 ἁγίῳ
1122 2676 1463 2747 συναλλαγὰς
1506 2677 1899 2748 ποιησάμενος,

314 2768 413 2823 καὶ
428 2768 595 2821 οἱονεὶ
623 2767 763 2821 θεῖον
792 2768 993 2839 σπόρον
1020 2768 1414 2838 πνευματικὸν,
1443 2769 1535 2821 τὸν
1558 2767 1757 2823 ἑαυτοῦ
1772 2768 1899 2821 Υἱὸν

314 2860 417 2914 καὶ
443 2860 618 2927 Λόγον
642 2857 740 2929 τὴν
772 2857 1181 2928 παντοδύναμον
1225 2857 1454 2929 δύναμιν
1484 2858 1896 2923 ἐξαποστείλας.

315 2951 555 3022 Εύδοκίᾳ
592 2951 701 3020 γὰρ
722 2948 812 3002 τοῦ
838 2949 1068 3019 Πατρός,
1090 2948 1189 3002 ούκ
1217 2930 1281 3001 ἐκ
1312 2948 1609 3018 συναφείας
1642 2949 1900 3018 φυσικῆς.

319 3041 441 3099 ἀλλ’
467 3046 532 3096 ἐκ
555 3040 873 3111 Πνεύματος
903 3040 1058 3108 ἁγίου
1091 3040 1187 3093 καὶ
1211 3038 1426 3109 Μαρίας
1458 3040 1556 3109 τῆς
1594 3038 1900 3108 Παρθένου,

2004 1972 2066 2010 se
2091 1954 2437 2021 indulgenter
2472 1953 2764 2013 inclinans,
2802 1954 2855 2006 in
2883 1963 3027 2007 terra
3067 1956 3211 2009 visus
3242 1964 3347 2021 est,
3381 1964 3431 2009 et
3459 1969 3578 2009 cum

2003 2044 2321 2099 hominibus
2352 2054 2708 2100 conversatus
2733 2055 2818 2099 est
2844 2046 2911 2099 ".
2941 2044 3067 2100 Haec
3096 2047 3242 2100 enim
3291 2049 3582 2101 descensus

2005 2138 2093 2192 ille
2151 2136 2447 2208 signiﬁcat,
2479 2136 2847 2189 inclinationis
2895 2138 3300 2201 demissionem,
3337 2138 3390 2191 in
3423 2140 3585 2192 terris

2004 2228 2498 2293 conversationem,
2550 2240 2868 2280 concessam
2906 2227 2972 2280 iis
3000 2228 3091 2296 qui
3136 2228 3189 2280 in
3220 2237 3362 2281 terra
3396 2239 3581 2298 agunt,

2007 2323 2175 2392 ipsius
2202 2321 2595 2390 cognitionem.
2628 2317 2942 2387 Spiritualis
2978 2318 3144 2383 scala,
3166 2318 3269 2372 hoc
3298 2329 3379 2373 est
3403 2320 3580 2388 virgo,

2004 2412 2057 2466 in
2090 2422 2234 2467 terra
2265 2410 2478 2464 ﬁrmata
2505 2416 2626 2474 est;
2659 2420 2717 2460 ut
2740 2421 2860 2476 qua:
2885 2421 2951 2461 ex
2990 2415 3134 2461 terra
3162 2415 3340 2461 ortum
3365 2408 3580 2470 habeat;

2005 2514 2166 2574 caput
2195 2517 2325 2558 vero
2358 2504 2424 2556 ad
2456 2502 2654 2557 cmlum
2685 2512 2855 2569 usque
2889 2499 3177 2568 pertineat.
3212 2497 3403 2555 Omnis
3434 2515 3585 2553 nam-

2005 2611 2111 2665 que
2143 2595 2386 2649 mulieris
2420 2604 2582 2662 caput
2637 2600 2724 2648 est
2770 2591 2855 2645 vir
2885 2592 2934 2624 "
2972 2606 2987 2645 :
3035 2591 3196 2658 hujus
3226 2601 3431 2656 autem,
3462 2604 3585 2644 eum

2007 2689 2187 2744 virum
2217 2702 2323 2742 non
2355 2686 2576 2750 habeat,
2630 2683 2777 2739 Deus
2829 2692 2887 2739 et
2917 2681 3079 2738 Pater
3117 2691 3282 2751 caput
3335 2680 3460 2744 fuit,
3493 2682 3585 2751 qui
3632 2718 3656 2731 κ

2011 2780 2250 2851 Spiritus
2302 2778 2476 2832 sancti
2504 2790 2667 2846 opera
2718 2774 2956 2844 conjugii
3004 2772 3167 2826 veluti
3222 2772 3399 2827 foedus
3432 2772 3586 2837 paci-

2007 2883 2192 2934 sceus,
2232 2877 2490 2936 tanquam
2538 2865 2782 2920 divinum
2833 2865 3103 2933 quoddam
3140 2878 3350 2927 semen,
3388 2863 3583 2918 Filium

2019 2975 2173 3016 suum
2201 2974 2267 3013 ac
2321 2958 2580 3024 Verbum,
2634 2957 3059 3025 omnipotentem
3119 2955 3266 3009 illam
3329 2954 3585 3009 virtutem

2009 3051 2211 3105 emisit.
2267 3048 2502 3118 Bentigna
2547 3046 2743 3116 quippe
2798 3047 3077 3102 voluntate
3118 3045 3321 3111 Patris,
3379 3061 3482 3100 nou
3521 3059 3590 3100 ex

320 3136 625 3208 ὑπερφυῶς
682 3134 711 3187 6
766 3134 939 3201 Λόγος
989 3132 1127 3203 σὰρξ
1177 3132 1462 3203 ἀτρέπτως
1513 3132 1767 3201 ἐγένετο,
1807 3132 1902 3185 καὶ

2013 3144 2248 3201 naturali
2271 3157 2589 3211 congressu,
2622 3142 2715 3197 sed
2746 3155 2809 3195 ex
2851 3139 3056 3208 Spiritu
3081 3149 3271 3194 sancto
3295 3150 3349 3193 et
3370 3155 3436 3194 ex
3476 3137 3592 3193 Ila-

318 3230 637 3299 ἐσκήνωσεν
675 3227 733 3278 ὲν
789 3227 941 3297 ἡμῖν.
994 3226 1269 3292 Συνάφεια
1301 3223 1410 3294 γὰρ
1441 3222 1582 3275 Θεοῦ
1626 3223 1763 3293 πρὸς
1806 3224 1902 3276 ἀν-

2016 3237 2094 3290 ria
2122 3233 2343 3305 Virgine
2373 3248 2538 3303 supra
2600 3240 2807 3287 natura:
2861 3229 3029 3301 leges,
3090 3230 3233 3284 nulla
3292 3229 3591 3283 mutatione

320 3319 577 3391 θρώπους
616 3320 705 3373 διὰ
742 3317 1061 3388 Πνεύματος
1110 3316 1267 3384 ἁγίου
1315 3316 1545 3385 γίνεται.
1592 3316 1652 3369 '0
1698 3316 1902 3385 χωρῶν

2011 3326 2247 3381 Verbum
2295 3339 2426 3379 caro
2462 3322 2663 3378 factum
2682 3331 2795 3382 est.
2843 3330 2899 3375 et
2932 3320 3197 3375 habitavit
3247 3320 3297 3374 in
3336 3319 3494 3375 nobis
3519 3320 3588 3374 ⁸⁷.

320 3413 602 3482 χωρείτω.
649 3411 713 3464 '0
758 3411 916 3481 ἔχων
950 3405 1071 3465 ὦτα
1108 3410 1391 3473 ἀκούειν,
1431 3408 1717 3465 ἀκουέτω.
1762 3407 1902 3475 "Eam

2012 3418 2105 3474 Dei
2143 3416 2412 3486 siquidem
2451 3431 2574 3467 cum
2620 3412 2934 3469 hominibus
2965 3412 3276 3480 cunjunctio
3305 3427 3402 3481 per
3428 3411 3593 3482 spiri-

322 3506 435 3559 τῶν
460 3503 792 3575 σωματικῶν
818 3502 1127 3574 γενώμεθα.
1170 3498 1411 3565 Ἀπαθὲς
1439 3501 1502 3554 τὸ
1528 3501 1695 3567 θεῖον,
1733 3503 1781 3555 οἱ
1810 3502 1900 3557 ἄν-

2011 3520 2123 3566 tum
2147 3508 2397 3563 silit-itur.
2421 3504 2526 3571 Qui
2546 3516 2715 3575 potest
2736 3522 2741 3527 ί
2762 3519 2966 3572 rapere,
2997 3503 3174 3573 capiat
3209 3502 3272 3558 ⁵⁸.
3307 3502 3411 3567 Qui
3438 3502 3591 3557 habet

324 3599 535 3669 θρωποι
556 3611 573 3627 ⁸
605 3599 634 3651 6
669 3595 899 3660 ἀπαθῶς
935 3596 1201 3667 γεννήσας
1234 3596 1297 3650 τὸ
1324 3594 1595 3667 πρότερον
1636 3594 1902 3664 φυσικῶς,

2012 3616 2167 3654 aures
2192 3597 2469 3661 audiendi,
2501 3594 2768 3650 audiat”.
2799 3593 2843 3648 A
2871 3594 3032 3649 rebus
3058 3592 3434 3662 corporalibus
3465 3592 3590 3648 al-s-

325 3689 559 3754 ἀπαθῶς
591 3689 686 3743 τὸν
720 3687 882 3743 αὐτὸν
914 3688 1047 3742 Υἰὸν
1068 3688 1235 3760 γεννᾷ
1271 3689 1366 3741 καὶ
1394 3688 1454 3741 τὸ
1483 3686 1735 3757 δεύτερον
1762 3687 1910 3740 οἰκο-

324 3782 589 3853 νομικῶς.
612 3783 726 3837 Kal.
751 3782 959 3855 μάρτυς
982 3782 1168 3848 Δαὸὶδ,
1196 3783 1225 3835 6
1242 3780 1540 3851 Θεοπάτωρ
1558 3781 1691 3850 (42),
1709 3779 1906 3848 λέγων’

326 3874 544 3942 Κύριος
572 3869 704 3928 εἷπε
734 3876 885 3944 πρός
908 3891 981 3945 με
1004 3892 1019 3906 ο
1059 3875 1192 3940 Υἱός
1216 3891 1337 3944 μου
1368 3869 1429 3927 εἷ
1447 3872 1552 3938 σὺ,
1584 3871 1699 3942 ἐγὼ
1718 3871 1907 3940 σήμε-

317 3981 441 4033 por
470 3963 806 4036 γεγέννηκά
838 3981 933 4022 σε.
968 3965 1042 4018 T6
1082 3964 1161 4030 δὲ,
1196 3964 1483 4033 σήμερον,
1524 3963 1622 4015 ἐπὶ
1649 3962 1751 4032 τῆς
1775 3979 1910 4032 προσ

330 4057 550 4112 αιωνίου
592 4058 902 4130 γεννήσεως
964 4056 1147 4129 χώραν
1214 4055 1318 4110 οὐκ
1362 4053 1513 4124 ἔχει·
1561 4052 1746 4124 ἐκείνη
1799 4052 1910 4123 γὰρ

328 4146 583 4219 ἄχρονος.

2016 3692 2295 3746 cedamus.
2367 3687 2645 3745 Passionis
2700 3700 2890 3742 exsors
2940 3686 3178 3742 divinum
3256 3700 3492 3749 numen,
3557 3701 3592 3737 ο

2019 3781 2306 3845 homines;
2332 3780 2423 3849 qui
2454 3780 2599 3833 nulla
2628 3778 2980 3848 perpessione
3002 3784 3194 3844 suapte
3227 3785 3420 3828 natura
3445 3776 3593 3841 prius

2012 3872 2226 3944 genuit,
2281 3871 2425 3925 nulla
2476 3884 2698 3939 quoque
2748 3868 3101 3936 perpessione
3145 3865 3392 3920 eumdem
3418 3865 3590 3932 ipsum

2017 3971 2206 4033 postea
2240 3960 2437 4015 Filium
2467 3958 2678 4029 genuit,
2710 3965 2862 4010 certa
2894 3954 3316 4024 dispensationis
3360 3955 3590 4009 ratione.

2015 4051 2183 4122 Cujus
2212 4051 2367 4108 testis
2392 4061 2475 4106 est
2504 4050 2598 4104 Dei
2639 4060 2840 4120 parens
2868 4047 3058 4110 David,
3079 4046 3171 4100 ubi
3199 4046 3275 4099 ait
3301 4065 3316 4101 :
3340 4045 3593 4100 Dominus

2016 4146 2153 4200 dixit
2182 4145 2251 4200 ad
2280 4159 2400 4201 me:
2454 4142 2627 4198 Filius
2672 4158 2818 4196 meus
2868 4156 2921 4195 es
2960 4149 3013 4194 tu
3038 4155 3059 4194 .°
3091 4155 3185 4207 ego
3225 4139 3380 4191 hodie
3440 4142 3594 4206 genui

332 4246 383 4294 te
413 4239 485 4292 “.
523 4238 657 4294 Illud
705 4252 970 4309 namque,
1003 4239 1182 4307 hodie,
1224 4237 1277 4294 in
1320 4250 1383 4294 ea
1431 4235 1712 4292 nativitate
1750 4248 1871 4305 qua:
1910 4237 2125 4294 saeculis
2151 4245 2235 4294 est
2275 4235 2541 4300 anterior,
2582 4233 2759 4290 locum
2802 4247 2908 4287 non
2998 4228 3157 4286 habet
3198 4244 3213 4281 :
3257 4228 3453 4298 quippe
3478 4242 3598 4298 qua:

330 4330 454 4386 uiue
483 4339 730 4402 tempore
753 4340 858 4387 est.

398 4424 465 4477 δ’.
514 4424 765 4494 Σήμερον
801 4424 836 4496 ή
885 4422 1027 4478 κατὰ
1066 4422 1329 4487 ἀνατολὰς
1359 4422 1704 4493 ᾠκοδόμηται
1745 4422 1902 4494 πύλη,

2094 4421 2149 4477 4.
2187 4420 2355 4477 Hodie
2389 4428 2542 4490 porta
2581 4418 2670 4473 illa
2693 4417 2760 4471 ad
2789 4403 3053 4471 orientem
3081 4414 3276 4484 posita,
3318 4421 3594 4468 exstructa

326 4516 399 4571 δι’
448 4511 519 4587 ἧς
558 4515 795 4588 Χριστὸς
842 4516 1211 4571 εἰσελεύσεται
1260 4517 1355 4571 καὶ
1401 4515 1775 4583 ἐξελεύσεται,
1822 4516 1902 4570 κα¹

2022 4523 2127 4579 est,
2162 4529 2258 4584 per
2278 4529 2438 4582 quam
2461 4511 2711 4567 Christus
2741 4509 3074 4579 ingredietur
3088 4516 3142 4561 et
3161 4507 3476 4576 egredietur
3502 4506 3545 4537 ⁶¹
3582 4525 3599 4561 :

328 4608 486 4662 lout
542 4607 902 4680 κεκλεισμένη
944 4608 978 4680 ἡ
1027 4607 1207 4679 πύλη,
1263 4610 1321 4661 ὲν
1364 4600 1398 4678 ᾖ
1450 4606 1683 4679 Χριστὸς
1712 4608 1745 4678 ή
1779 4605 1922 4676 θύρα

332 4700 442 4753 τῶν
475 4699 786 4771 προϐάτων,
814 4698 1069 4770 ’Δνατολὴ
1087 4700 1258 4770 ὄνομα
1282 4698 1453 4768 αὐτῷ,
1476 4698 1544 4752 δι’
1565 4698 1625 4751 ὃν
1654 4698 1790 4769 πρὸς
1817 4698 1920 4768 ἁρ-

332 4792 597 4862 χίφαντον
646 4790 867 4860 Πατέρα
902 4789 1265 4861 προσαγωγὴν
1303 4789 1638 4858 ἐσχήκαμεν.
1674 4790 1920 4861 Σήμερον

334 4885 608 4937 ἔπνευσαν
637 4879 802 4955 αὖραι
835 4884 1010 4953 χαρᾶς
1047 4881 1390 4951 παγκοσμίου
1425 4881 1775 4950 προάγγελοι.
1811 4882 1915 4935 Εὐ-

337 4979 651 5051 φραινέσθω
686 4981 716 5033 6
748 4979 973 5050 οὐρανὸς
1010 4976 1236 5041 ἄνωθεν,
1277 4976 1372 5029 καὶ
1403 4976 1811 5048 ἁγαλλιὰσθωή
1847 4977 1918 5047 γῆ

340 5071 623 5136 κάτωθεν,
666 5070 979 5142 σαλευθήτω
1024 5072 1057 5143 ή
1107 5068 1201 5123 τοῦ
1256 5068 1462 5139 κόσμου
1502 5067 1765 5123 Θάλασσα.
1832 5069 1921 5121 Ἐν

338 5163 481 5232 αὐτῇ
514 5164 624 5232 γὰρ
658 5161 849 5233 κόχλος
878 5162 1173 5231 γεννᾶται,
1215 5160 1250 5231 ἧ
1287 5177 1370 5223 τις
1402 5159 1697 5231 οὐρανόθεν
1723 5161 1789 5214 ὲκ
1820 5160 1922 5231 τῆς

338 5253 631 5324 ἀστραπῆς
666 5253 764 5325 τῆς
794 5252 1041 5323 Θεότητος
1073 5252 1131 5307 ὲν
1164 5251 1363 5321 γαστρὶ
1400 5252 1534 5320 ἔξει,
1569 5252 1665 5305 καὶ
1710 5252 1922 5318 τέξεται

408 5427 458 5459 ⁸⁸
500 5427 645 5481 Psal.
680 5442 831 5492 xvnt,
862 5426 916 5484 6.
990 5428 1034 5460 “
1078 5426 1206 5480 ibid.
1282 5426 1328 5458 ⁸³
1367 5424 1554 5481 Matth.
1587 5441 1686 5489 XII,
1717 5428 1809 5483 29.
1884 5425 1931 5459 "
1971 5427 2101 5483 Luc.
2136 5443 2224 5491 xv,
2254 5426 2289 5481 4
2316 5440 2433 5493 seq.

2027 4615 2079 4661 ct
2104 4607 2210 4661 erit
2233 4606 2417 4659 clausa
2443 4612 2619 4673 porta,
2642 4603 2697 4656 in
2721 4616 2828 4670 qua
2846 4599 3097 4655 Christus
3118 4599 3317 4653 ostium
3333 4600 3513 4654 ovium
3533 4599 3599 4666 ",

2028 4698 2182 4768 cujus
2235 4711 2430 4752 nomen
2485 4694 2684 4749 Oriens
2713 4693 2760 4723 ⁸³
2793 4710 2807 4746 :
2838 4707 2934 4761 per
2986 4705 3149 4759 quem
3200 4704 3478 4745 aCtBSSIIIII
3534 4690 3601 4741 ad

2027 4788 2242 4845 Patrem
2289 4788 2512 4843 luminis
2541 4784 2869 4857 principium
2915 4783 3225 4838 habuimus.
3278 4781 3450 4837 llodie
3479 4796 3595 4849 pcr-

2027 4879 2225 4935 ﬂarunt
2249 4893 2396 4935 aura:
2434 4878 2599 4934 totius
2614 4876 2765 4933 orbis
2793 4874 2973 4945 gaudii
3024 4873 3361 4945 praenuntiae.
3386 4871 3600 4924 Laetetu-

2029 4984 2121 5028 tur
2174 4972 2297 5028 coeli
2355 4973 2611 5042 desuper,
2642 4982 2895 5040 terraque
2932 4969 3073 5024 infra
3120 4965 3380 5027 exsultet,
3410 4961 3596 5015 mundi

2030 5081 2182 5123 mare
2205 5075 2635 5123 commoveatur.
2666 5064 2727 5121 la
2773 5065 2875 5119 hoc
2902 5062 3045 5117 enim
3079 5058 3287 5114 concha
3335 5052 3598 5123 gignitur,

2028 5174 2150 5231 quae
2200 5160 2419 5218 caelitus
2460 5175 2528 5215 ex
2575 5158 2761 5214 divino
2802 5155 3034 5223 fulgetra
3065 5151 3118 5203 in
3149 5157 3306 5201 utero
3352 5145 3600 5207 habebit,

2031 5254 2312 5324 parietque
2368 5248 2818 5322 pretiosissimam
2870 5240 3219 5308 margaritam
3274 5234 3596 5289 Christum:

2508 5422 2555 5455 “
2593 5421 2731 5477 Gen.
2766 5432 2957 5483 xxvut,
2990 5416 3074 5470 12.
3154 5412 3201 5446 ⁸³
3242 5410 3476 5467 Baruch.
3508 5426 3599 5474 ιιι,

339 5496 431 5551 ss.
507 5497 555 5529 ιο
598 5498 793 5566 Εριιεδ.
819 5483 879 5561 'v,
904 5496 997 5552 25.
1072 5497 1116 5528 ιτ
1154 5494 1313 5566 {nam
1348 5495 1628 5566 ι,14.η⁸⁸
1668 5483 1856 5553 itauh.
1891 5514 1902 5552 ι

2011 5497 2051 5551 3.
2126 5498 2171 5531 ⁸⁹
2212 5483 2344 5552 Luc.
2373 5483 2493 5555 v'tu.
2524 5492 2577 5549 8.
2655 5490 2700 5522 ⁸⁸
2745 5487 2886 5543 Psal.
2919 5503 2979 5555 tt,
3008 5487 3060 5542 7.
3139 5484 3180 5517 ⁸⁸
3225 5483 3429 5555 Ezech.
3456 5498 3601 5546 κων,

367 5570 486 5624 2-4.
563 5568 610 5598 ⁸³
649 5565 806 5623 Joau.
848 5581 902 5635 ι,
935 5568 990 5623 9.
1068 5566 1112 5597 "
1152 5564 1379 5622 Zacltar.
1409 5580 1481 5632 v1,
1516 5565 1601 5620 12.

415 5743 527 5815 (60)
562 5743 705 5815 Etlit.
738 5742 983 5798 τοκετοῦ.

418 5807 531 5888 ‘61)
580 5814 714 5885 Reg.
758 5815 804 5871 Ι.
839 5815 993 5871 alter.
1037 5821 1090 5869 et
1117 5810 1397 5868 Pautiu.ut
1426 5810 1482 5867 in
1511 5817 1680 5867 textu.
1716 5807 1919 5866 Desunt

2024 5737 2139 5793 haec
2179 5733 2231 5787 in
2266 5734 2398 5793 edit.

2096 5804 2209 5878 (-12)
2237 5804 2381 5862 Edit.
2416 5804 2444 5858 6
2482 5800 2758 5868 Θειότατος
