4012 6338
268 396 381 459 669

1316 393 1399 455 IN
1438 394 1953 456 NATIVITATEM
1994 396 2058 455 B.
2099 397 2162 459 ν.
2206 399 2488 460 ΜΑΒΙιΕ.

3433 413 3542 475 670

271 510 540 580 νάματος,
574 505 671 578 τὴν
704 504 940 575 κιθάραν
971 503 1132 558 πάλιν
1166 505 1439 575 κραδαίνω
1479 506 1572 561 τοῦ
1614 506 1852 577 Πνιύμα-

1970 508 2093 562 inde
2121 510 2377 577 tripmlio,
2405 504 2797 577 gloriabundus
2827 514 3045 583 ell'eror,
3093 516 3366 590 voluptate
3389 528 3535 580 exsi-

269 618 391 666 τος,
423 600 519 654 καὶ
546 597 689 671 θεῖον
719 598 889 670 ὐμνον
917 596 1028 669 ᾅδω
1056 596 1322 650 Γενέσιον.

354 890 428 949 ς’.
467 881 542 936 Ὃ
583 881 781 951 ζεῦγος
830 882 1063 952 λογικῶν
1112 883 1387 953 τρυγόνων
1450 884 1707 954 Ἰωακεὶμ
1762 884 1856 937 καὶ

277 977 455 1029 Ἅννα
503 976 567 1029 τὸ
600 974 1076 1043 σωφρονέστατονι
1137 974 1326 1043 Ὑμεῖς
1369 972 1460 1026 τὸν
1504 974 1600 1042 τῆς
1642 973 1855 1041 φύσεως

275 1070 467 1139 νόμον,
497 1068 594 1138 τὴν
628 1065 983 1146 σωφροσύνηγ
1009 1068 1372 1137 τηρήσαντες,
1398 1067 1506 1120 τῶν
1529 1067 1667 1138 ὑπὲρ
1696 1066 1856 1136 φύσιν

274 1160 686 1232 κατηξιώθητε’
735 1160 991 1212 τετόκατε
1038 1160 1147 1229 γὰρ
1192 1158 1303 1229 (50)
1356 1159 1437 1229 τῷ
1484 1160 1674 1231 κόσμῳ
1718 1160 1852 1213 Θεοῦ

275 1254 496 1324 μητέρα
531 1251 912 1321 ἀπείρανδρον.
966 1250 1158 1319 Ὑμεῖς
1189 1249 1425 1313 εὐσεϐῶς
1468 1250 1560 1303 καὶ
1598 1251 1759 1313 ὁσῖως
1795 1251 1852 1303 ἐν

270 1344 597 1415 ἀνθρωπίνῃ
641 1342 803 1411 φύσει
852 1341 1338 1411 πολιτευσάμενοι,
1371 1342 1470 1411 τὴν
1504 1342 1644 1412 ὑπὲρ
1691 1341 1849 1409 ἀγγέ-

270 1436 424 1501 λους,
457 1438 551 1489 καὶ
594 1434 704 1488 τῶν
734 1434 979 1502 ἀγγέλων
1028 1432 1394 1497 δεσπόζουσαν
1444 1432 1537 1486 νῦν
1581 1432 1855 1501 θυγατέρα

269 1529 559 1580 τετόκατε.
582 1524 653 1578 Ὦ
688 1526 975 1594 θυγάτριον
1000 1524 1331 1593 ὡραιότατον
1364 1523 1455 1575 καὶ
1482 1521 1850 1590 γλυκύτατονῐ

271 1615 322 1673 ὣ
360 1620 545 1691 κρίνον
575 1616 850 1687 ἀναμέσον
881 1616 990 1667 τῶν
1020 1614 1272 1668 ἀκανθῶν
1303 1613 1501 1683 ὲκφυὲν
1541 1611 1601 1677 ἐξ
1646 1614 1854 1680 εὐγενε-

275 1713 482 1780 στάτης
512 1711 603 1763 καὶ
633 1708 1061 1779 βασιλικωτάτης
1097 1706 1251 1777 ῥίζης
1282 1705 1603 1774 Δαϐιτικῆςῑ
1631 1704 1727 1756 Διά
1758 1702 1851 1756 σοῦ

270 1802 377 1871 τὴν
402 1800 701 1870 ἱερωσύνην
735 1798 767 1868 ἡ
800 1796 1046 1867 βασιλεία
1074 1793 1470 1864 πεπλούτηκεν.
1505 1795 1603 1847 Διά
1641 1794 1733 1847 σοῦ
1766 1794 1853 1845 νό-

276 1908 386 1961 μου
428 1890 718 1959 μετάθεσις
762 1888 990 1956 γέγονε,
1027 1888 1117 1939 καὶ
1157 1885 1505 1956 ἀνεκαλύφθη
1550 1885 1611 1938 τὸ
1641 1884 1746 1937 ὐπὸ
1777 1885 1854 1955 τῷ

272 1981 572 2051 γράμματι
595 1977 813 2048 πνεῦμα
836 1976 1237 2048 κρυπτόμενον,
1260 1975 1645 2045 μετατεθέντος
1669 1976 1733 2028 ὲκ
1754 1975 1855 2045 τῆς

273 2070 572 2140 Δευῖτικῆς
611 2068 785 2139 φυλῆς
830 2068 923 2120 ἐπὶ
963 2068 1064 2139 τὴν
1114 2067 1409 2137 Δαϐιτικὴν
1446 2067 1541 2120 τοῦ
1577 2066 1852 2137 ἱερατικοῦ

273 2161 612 2232 ἀξιώματος.
642 2156 714 2213 Ὦ
742 2161 891 2231 ῥόδον
933 2157 993 2223 ἐξ
1021 2158 1275 2212 ἀκανθῶν
1303 2158 1410 2211 τῶν
1460 2158 1729 2211 Ἰουδαίων
1761 2160 1854 2211 ὲκ-

273 2255 437 2323 φυὶν,
481 2255 575 2307 καὶ
622 2252 847 2315 εὐωδίας
882 2251 1030 2311 θείας
1067 2251 1362 2321 πληρῶσαν
1408 2250 1478 2303 τὰ
1525 2251 1849 2320 σύμπανταῐ

272 2342 351 2400 Ὅ
376 2346 623 2415 θυγάτηρ
656 2344 824 2414 Ἀδὰμ
840 2344 933 2396 καὶ
956 2344 1142 2413 μήτηρ
1164 2341 1296 2394 Θεοῦ
1320 2343 1331 2394 l
1363 2341 1610 2411 μακαρία
1629 2342 1662 2411 ἡ
1684 2342 1853 2411 ὀσφὺς

248 2438 377 2491 »καὶ
417 2438 451 2506 ἡ
483 2434 726 2506 γαστὴρ,
776 2434 834 2500 ἐξ
867 2429 941 2487 ὧν
991 2433 1419 2504 ἀνεϐλάστησας.
1461 2433 1744 2502 Μακαρίαι
1796 2432 1853 2487 αι

273 2528 541 2597 ἀγκάλαι,
568 2528 624 2581 αἶ
658 2526 988 2591 ὲϐἀστασαν,
1019 2528 1113 2579 καὶ
1142 2526 1292 2597 χείλη
1320 2525 1387 2578 τὰ
1418 2524 1524 2577 τῶν
1554 2524 1731 2593 ἁγνῶν
1762 2542 1851 2593 φι-

274 2621 542 2693 λημάτων
572 2635 665 2673 σου
695 2617 1079 2671 ἀπολαύσαντα
1110 2658 1124 2683 ,
1163 2617 1300 2688 μόνα
1328 2616 1398 2669 τὰ
1426 2616 1643 2685 γονικά,
1679 2615 1758 2668 ἵν’
1783 2611 1854 2689 ᾖς

275 2716 340 2765 ὲν
357 2710 472 2781 (51)
498 2712 664 2765 πᾶσιν
691 2710 778 2764 ἀεὶ
795 2709 1225 2780 παρθενεύουσα.
1257 2710 1502 2781 Σήμερον
1517 2709 1659 2778 ἀρχὴ
1680 2724 1856 2778 σωτη-

280 2802 405 2873 ρίας
434 2801 513 2872 τῷ
540 2801 751 2872 κόσμῳ.
787 2800 1113 2864 ’Λλαλὰξατε
1145 2800 1220 2870 τῷ
1250 2800 1459 2871 Κυρίῳ,
1492 2801 1644 2854 πᾶσα
1674 2801 1707 2869 ἡ
1745 2799 1816 2868 γῆ
1836 2839 1851 2865 ,

275 2896 451 2967 ᾀσατε
480 2895 573 2949 καὶ
605 2893 959 2963 ἀγαλλιᾶσθε,
995 2893 1090 2947 καὶ
1125 2892 1377 2962 ψάλλετε.
1430 2892 1715 2962 ’Υψώσατε
1757 2891 1854 2961 τὴν

274 2987 466 3056 φωνὴν
494 2986 669 3058 ὑμῶν,
700 2985 971 3056 ὐψὼσατε,
1008 2985 1083 3056 μὴ
1113 2984 1366 3053 φοϐεῖσθε
1390 2984 1472 3036 ὅτι
1498 2982 1690 3052 ἐτέχθη
1724 2984 1854 3054 ἡμῖν

274 3080 466 3150 μήτηρ
494 3078 632 3134 Θεοῦ
660 3081 719 3133 ἐν
755 3078 887 3148 ἁγίᾳ
916 3077 1247 3147 Προϐατικῇ,
1279 3074 1339 3139 ἐξ
1368 3070 1435 3146 ἧς
1464 3075 1720 3144 τεχθῆναι
1759 3074 1852 3127 εὐ-

268 3169 506 3240 δόκησεν
529 3166 768 3239 όἌμνδς
794 3167 886 3220 τοῦ
914 3166 1070 3229 Θεοῦ,
1098 3168 1126 3219 ό
1144 3166 1316 3235 αἴρων
1343 3164 1440 3235 τὴν
1461 3164 1736 3235 ἁμαρτίαν
1760 3163 1853 3217 τοῦ

271 3259 507 3330 κόσμου.
539 3259 895 3331 Σκιρτήσατε,
944 3258 1013 3311 τὰ
1056 3257 1181 3329 ὅρη,
1230 3256 1445 3325 λογικαὶ
1493 3255 1708 3325 φύσεις,
1757 3256 1853 3309 καὶ

270 3349 417 3420 πρὸς
449 3348 583 3422 ὕψος
612 3351 710 3421 τῆς
747 3351 1120 3421 πνευματικῆς
1156 3348 1389 3420 θεωρίας
1418 3348 1850 3419 ἀνατεινόμεναι.

270 3441 357 3496 Th
383 3440 491 3512 γὰρ
520 3440 647 3513 ὅρος
679 3441 885 3513 Κυρίου
932 3443 993 3495 τὸ
1032 3442 1440 3513 ἐμφανέστατόν
1486 3440 1761 3506 τίκτεται,
1793 3438 1855 3493 τὸ

272 3530 658 3604 ὑπερϐεϐηκὸς
703 3532 801 3585 καὶ
840 3531 1235 3602 ὑπερκείμενον
1283 3531 1459 3584 πάντα
1494 3529 1680 3601 βουνὸν
1704 3568 1719 3593 ,
1760 3530 1853 3583 καὶ

271 3623 390 3676 πᾶν
416 3621 563 3694 ὅρος,
581 3621 828 3693 ἀγγέλων
849 3624 943 3677 καὶ
971 3621 1275 3694 ἀνθρώπων
1302 3623 1401 3693 τὴν
1429 3622 1763 3692 ὑψηλότητα,
1793 3620 1853 3687 ἐξ

269 3707 343 3768 οὗ
384 3713 565 3785 χειρὸς
617 3715 746 3769 ἄνευ
786 3715 1113 3783 σωματικῶς
1160 3714 1440 3784 τμηθῆναι
1483 3714 1783 3785 ηὐδόκησεν
1823 3712 1853 3765 ό

270 3803 673 3873 ἀκρογωνιαῖος
696 3803 840 3869 λίθος
869 3805 1126 3875 Χριστὸς,
1158 3805 1191 3876 ἠ
1227 3804 1325 3875 μία
1366 3803 1687 3867 ὑπόστασις,
1716 3802 1751 3872 ἡ
1784 3802 1855 3856 τὰ

268 3892 545 3946 διεστῶτα
578 3894 688 3963 (52)
730 3897 1099 3959 συνάπτουσα,
1136 3894 1370 3965 θεότητά
1413 3910 1474 3945 τε
1518 3894 1612 3947 καὶ
1645 3891 1853 3962 ἀνθρω-

269 3983 522 4049 ⁸ετότηητα,
558 3982 844 4051 ἀγγέλους,
874 3982 967 4035 καὶ⁵
1008 3983 1353 4054 ἀνθρώπους,
1386 3982 1513 4043 τούς
1552 3979 1613 4043 ἐξ
1660 3978 1851 4043 ὲθνῶν,

271 4071 377 4125 καὶ
425 4071 516 4125 τὸν
573 4074 835 4145 σαρκικὸν
905 4073 1155 4145 Ἰσραὴλ,
1206 4074 1285 4135 είς
1333 4072 1431 4124 ἕνα
1484 4069 1853 4141 πνευματικόν

284 4164 532 4233 Ἰσραήλ.
567 4165 732 4236 Ὄρος
772 4165 865 4219 τοῦ
889 4165 1046 4232 Θεοῦ,
1075 4166 1200 4236 ὅρος
1223 4168 1364 4230 πῖον,
1390 4164 1514 4236 ὅρος
1541 4161 1852 4234 τετυρωμέ-

270 4269 393 4307 νον’
425 4254 548 4323 ὅρος
578 4259 717 4321 πῖον,
747 4256 808 4309 τὸ
833 4257 960 4327 όρος
982 4259 1039 4310 ὲν
1063 4252 1107 4325 ᾧ
1134 4256 1435 4328 ηὐδόκησεν
1459 4257 1487 4308 ό
1512 4253 1645 4318 Θεὸς
1668 4269 1852 4307 κατοι-

270 4346 400 4399 κεῖν
436 4348 493 4400 ὲν
530 4348 700 4417 αὐτῷ.
736 4348 809 4401 Τὸ
838 4348 985 4402 θεῖον
1023 4348 1175 4419 ἅρμα
1205 4347 1265 4401 τὸ
1297 4344 1711 4417 μυριοπλάσιον,
1744 4344 1853 4397 τῶν

266 4440 348 4511 τῇ
396 4439 517 4511 θείᾳ
555 4440 924 4512 εὐθηνούντων
978 4442 1091 4512 (55)
1136 4440 1340 4511 χάριτιο
1383 4437 1662 4509 Χερουϐὶμ
1711 4435 1853 4504 λέγω

1966 600 2056 665 lio,
2088 602 2154 655 ad
2206 603 2573 671 prodigiorum
2619 606 2819 661 fontem
2880 620 3144 673 revertor,
3194 613 3523 683 llucntisqne

1964 686 2145 753 gaudii
2173 687 2555 757 ingurgitatus,
2586 694 2851 749 citharam
2887 697 3125 765 Spiritus
3172 701 3367 756 iterum
3404 706 3524 772 pul-

1914 788 1932 794 ‘
1963 791 2046 842 so,
2076 779 2427 851 divinumque
2458 782 2840 841 Natalitiorum
2872 790 3127 858 hymnum
3154 807 3312 847 cano.

2051 887 2104 943 6.
2151 888 2195 943 0
2247 891 2616 946 castissimum
2693 897 3037 951 rationalimn
3099 910 3375 957 turturum
3432 924 3533 976 par

1962 977 2203 1032 Joacbim
2266 992 2321 1035 et
2367 982 2553 1038 Annal
2593 983 2696 1041 Vos
2740 989 3075 1056 castitatem,
3111 1008 3273 1060 quam
3314 1007 3531 1054 natura:

1964 1069 2047 1123 lex
2134 1074 2455 1137 praescribit,
2504 1092 2914 1146 conservantes,
2972 1096 3036 1136 ea
3088 1100 3208 1154 qum
3280 1096 3529 1144 naturam

1962 1175 2239 1232 superant,
2267 1166 2527 1223 divinitus
2568 1172 2701 1224 estis
2729 1174 3004 1227 consecuti
3032 1192 3046 1228 :
3078 1178 3276 1231 mundo
3329 1183 3528 1250 quippe

1965 1255 2056 1309 Dei
2114 1268 2341 1313 matrem
2402 1262 2499 1313 viri
2546 1264 2783 1317 nesciam
2844 1268 3150 1334 peperistis.
3187 1267 3297 1326 Vos
3352 1275 3439 1341 pie
3472 1284 3531 1329 et

1959 1348 2121 1420 845
2148 1362 2333 1406 sancte
2396 1353 2446 1405 in
2505 1355 2738 1409 humana
2771 1368 2961 1410 natura
3004 1359 3167 1413 vitam
3194 1372 3438 1431 agentes,
3468 1365 3529 1419 ll-

1962 1440 2087 1494 liam
2140 1444 2342 1512 angelis
2390 1448 2749 1513 superiorem,
2786 1466 3035 1518 num-que
3071 1456 3381 1523 angelorum
3427 1457 3529 1512 Do-

1962 1531 2479 1596 minam,cdidistis.
2530 1537 2573 1591 0
2631 1540 3033 1607 speciosissima
3102 1545 3524 1619 dulcissimaqne

1960 1622 2166 1690 puella!
2200 1639 2232 1677 ο
2258 1626 2425 1680 lilium
2461 1628 2601 1683 inter
2654 1630 2861 1697 spinas,
2903 1651 2968 1688 ex
3021 1639 3436 1705 generosissima
3470 1653 3527 1695 et

1960 1714 2192 1769 maxime
2236 1717 2379 1786 regia
2406 1720 2588 1774 radice
2617 1721 2865 1778 Davidica
2921 1728 3294 1795 progenitum!
3331 1731 3435 1784 Per
3470 1742 3525 1787 te

1959 1818 2183 1873 regnum
2233 1809 2539 1864 sacerdotio
2603 1813 2987 1882 locupletatum
3047 1829 3145 1873 est.
3180 1818 3282 1873 Per
3310 1830 3361 1873 te
3387 1823 3524 1892 legis

1956 1894 2096 1949 facta
2125 1897 2406 1953 translatio
2435 1910 2541 1964 est,
2573 1902 2984 1974 patefactusque
3021 1909 3265 1977 spiritus,
3297 1912 3388 1980 Qui
3423 1913 3524 1968 sub

1956 1986 2069 2056 lege
2125 1988 2515 2056 delitescebat,
2547 1996 2806 2049 translata
2860 1999 3114 2053 nimirum
3166 2016 3229 2055 ex
3281 2001 3523 2061 Levitica

1957 2079 2098 2133 tribu
2153 2081 2218 2133 ad
2254 2081 2563 2136 Davidicam
2606 2088 2925 2142 sacerdotali
2974 2091 3256 2160 dignitate.
3283 2095 3326 2150 0
3370 2113 3513 2165 rosa,

1954 2184 2074 2238 qua:
2127 2186 2193 2225 ex
2252 2172 2444 2239 spinis,
2476 2170 2675 2228 Judzeis
2711 2176 2943 2240 scilicet,
2991 2189 3107 2233 orta
3140 2195 3197 2235 es
3221 2184 3516 2257 divinoqne

1955 2264 2119 2317 odore
2144 2274 2336 2318 cuncta
2363 2264 2680 2333 perfudisti!
2712 2267 2884 2323 Orlllia
2908 2271 3096 2325 Adami
3117 2282 3170 2327 et
3193 2274 3283 2327 Dei
3300 2289 3477 2332 mater
3500 2277 3516 2332 l

1954 2353 2102 2408 Beati
2151 2355 2317 2410 lumbi
2352 2366 2407 2411 et
2435 2367 2646 2421 venter,
2680 2374 2746 2413 ex
2800 2362 2995 2428 quibus
3045 2366 3316 2431 prodiisti.
3347 2366 3523 2425 Beata:

1955 2446 2116 2512 ulnas,
2140 2462 2260 2517 quae
2316 2456 2368 2503 te
2422 2459 2775 2517 gestaverunt
2803 2470 2815 2506 :
2854 2453 2993 2508 labia
3020 2455 3172 2520 item,
3204 2460 3401 2530 quibus
3432 2478 3523 2515 ca-

1953 2537 2053 2591 stis
2077 2537 2278 2593 osculis
2309 2538 2410 2592 l'rui
2440 2553 2697 2595 concessa
2723 2550 2828 2605 est,
2855 2555 3136 2612 parentum
3160 2544 3359 2617 nempe
3379 2550 3523 2604 duu-

1954 2637 2102 2683 taxat
2136 2639 2370 2694 tuorum,
2396 2639 2454 2685 ut
2481 2630 2533 2686 in
2578 2633 2831 2690 omnibus
2884 2651 3104 2707 semper
3151 2640 3519 2709 virginitatem

1953 2719 2378 2775 coleres.llodie
2423 2722 2608 2776 mundi
2660 2723 2806 2778 Salus
2865 2726 3114 2782 inchoata
3145 2740 3251 2784 est.
3282 2728 3521 2788 Juldlate

1952 2810 2085 2875 Deo,
2103 2812 2279 2866 omnis
2299 2822 2464 2880 terra,
2485 2822 2722 2881 cantate,
2742 2816 3010 2873 exsultate
3030 2829 3082 2873 et
3106 2822 3331 2889 psallite.
3362 2823 3522 2884 Exal:

1960 2912 2069 2958 tate
2127 2919 2312 2958 vocem
2359 2916 2615 2971 vestram,
2662 2910 2913 2974 exaltate,
2948 2912 3112 2965 nolite
3164 2914 3371 2971 timere.
3413 2915 3521 2971 No—

1953 2994 2036 3050 bis
2063 2996 2205 3050 enim
2249 2996 2301 3050 in
2339 3008 2523 3051 sancta
2568 2998 2875 3067 Probatica,
2925 3017 3020 3057 seu
3062 3007 3315 3075 pecuaria
3360 3007 3520 3063 domo

1953 3097 2077 3141 nata
2124 3097 2209 3143 est
2248 3086 2344 3142 Dei
2393 3098 2588 3158 mater,
2622 3104 2687 3145 ex
2736 3105 2841 3161 qua
2895 3093 3082 3165 Agnus
3117 3096 3208 3151 Dei
3239 3100 3330 3166 qui
3382 3103 3522 3158 tollit

1881 3204 1923 3262 ο
1958 3189 2236 3249 peccatum
2280 3182 2487 3246 mundi,
2526 3182 2675 3237 nasci
2720 3184 2907 3239 voluit.
2944 3185 3134 3254 Salitc,
3169 3203 3399 3259 montes,
3428 3211 3518 3248 νεα

1956 3271 2183 3327 tionales
2234 3282 2463 3337 naturae,
2498 3290 2619 3343 cpta:
2650 3279 2717 3330 ad
2761 3278 3060 3348 spiritunlis
3104 3287 3519 3353 contemplatio-

1953 3360 2039 3414 nis
2066 3359 2341 3427 lastigium
2366 3364 2673 3434 assurgitis.
2705 3362 2857 3421 Mons
2906 3368 3105 3439 quippe
3140 3371 3233 3425 Dei
3271 3375 3516 3430 clarissi-

1952 3460 2246 3521 muspartu
2289 3453 2488 3519 editur,
2508 3457 2601 3525 qui
2665 3457 2859 3512 collem
2894 3475 3217 3528 omnem,ac
3258 3479 3517 3534 montem,

1954 3543 2270 3613 angelorum
2298 3547 2505 3602 scilicet
2526 3557 2581 3603 et
2614 3549 2891 3604 hominum
2913 3553 3324 3625 sublimitatem,
3354 3575 3519 3632 supe-

1953 3644 2036 3687 rat
2063 3645 2115 3687 et
2139 3639 2474 3692 transcendit
2503 3656 2516 3692 :
2550 3654 2615 3693 ex
2650 3656 2759 3709 quo
2787 3643 2930 3697 nulla
2973 3660 3165 3702 manus
3188 3662 3352 3718 opera
3396 3668 3519 3707 cor-

1952 3739 2083 3793 pore
2112 3734 2271 3780 teuus
2300 3728 2542 3783 exscindi
2575 3731 2740 3785 voluit
2768 3731 2907 3800 lapis
2934 3736 3207 3804 angularis
3238 3738 3511 3805 Christus.

1952 3829 2054 3868 una
2085 3815 2171 3869 illa
2223 3818 2527 3874 subsistens
2577 3836 2832 3890 persona,
2869 3840 2991 3893 qua:
3042 3842 3131 3882 res
3180 3845 3403 3898 prorsus
3434 3834 3518 3887 di-
3548 3872 3571 3879 ρ

1950 3916 2283 3975 screpantes,
2340 3909 2580 3963 divinam
2634 3912 2841 3979 pariter
2905 3915 3306 3988 humanamque
3356 3933 3521 3975 natu.

1952 4011 2068 4050 ram
2120 3997 2672 4068 copulavit,augelos
2722 4004 2846 4057 item
2874 4012 2927 4058 et
2977 4004 3245 4074 homines,
3289 4012 3517 4080 gentiles

1950 4096 2003 4141 et
2029 4087 2301 4141 carnalem
2337 4084 2585 4142 lsraelem
2612 4089 2664 4142 in
2695 4105 2859 4144 unum
2879 4093 3210 4162 spiritualem
3236 4095 3513 4157 lsraelem.

1951 4180 2103 4234 Mons
2126 4178 2244 4243 Dei,
2285 4194 2442 4234 mous
2486 4181 2741 4251 pinguis:
2774 4197 2929 4239 mons
2996 4185 3331 4256 coagulatus,
3365 4207 3517 4247 munt!

1952 4272 2163 4341 pinguis
2201 4287 2218 4324 :
2257 4286 2413 4327 mons
2438 4271 2490 4325 in
2523 4287 2632 4341 quo
2690 4274 3091 4345 beneplacitum
3112 4287 3195 4333 est
3220 4277 3332 4334 Deo
3361 4282 3518 4338 babi-

1952 4373 2069 4418 tare
2098 4363 2149 4417 in
2188 4376 2273 4417 eo.
2298 4358 2508 4418 Currus
2543 4365 2635 4418 Dei
2673 4365 2860 4420 decem
2911 4366 3151 4423 millibus
3210 4371 3513 4441 multiplex,

1954 4455 2148 4510 divinae
2180 4456 2368 4525 gratiae
2414 4456 2568 4525 copia
2613 4457 3059 4526 exuberantinm;
3086 4459 3403 4527 Clterubim,
3437 4467 3490 4520 in

267 4529 378 4585 καὶ
403 4530 675 4603 Σεραφίμ.
723 4532 786 4585 Ἦ
833 4533 978 4604 ἄκρα
1007 4535 1040 4604 η
1074 4532 1166 4585 τοῦ
1201 4531 1334 4584 Σινᾶ
1369 4530 1665 4601 ἀγιωτέρα,
1694 4528 1763 4599 ἢν
1790 4528 1850 4580 οὐ

1957 4553 2217 4613 quam,et
2257 4545 2566 4614 Serapbim.
2611 4544 2812 4601 Verte:
2866 4546 2996 4602 Sina
3044 4552 3304 4617 sanctior,
3355 4569 3519 4621 quam

267 4621 510 4687 καπνὸς,
549 4625 614 4675 οὐ
643 4624 864 4694 γνόφος,
911 4626 972 4679 οὐ
1018 4625 1237 4689 θύελλα,
1293 4625 1355 4678 οὐ
1405 4622 1516 4693 πῦρ
1562 4621 1851 4693 δειματοῦν

266 4710 567 4775 καλύπτει,
593 4713 711 4768 ἀλλ’
735 4716 769 4785 ἡ
796 4716 1097 4785 φωτιστικὴ
1122 4716 1215 4769 τοῦ
1244 4716 1510 4784 παναγίου
1541 4714 1854 4785 Πνεύματος

268 4802 568 4873 ελλαμψις.
613 4804 761 4859 Ἐκεί
794 4806 893 4876 μὲν
922 4807 1029 4877 γὰρ
1059 4808 1229 4875 Λόγος
1258 4806 1392 4860 Θεοῦ
1425 4806 1589 4872 πλαξὶ
1620 4806 1853 4868 λιθίναις

266 4894 445 4963 νόμον
484 4894 741 4966 ἔγραψεν,
772 4897 847 4961 ὡς
889 4898 1137 4968 δακτύλῳ
1178 4897 1256 4968 τῷ
1304 4897 1581 4967 [Ινεύματι
1623 4897 1759 4969 (ειν
1793 4898 1852 4950 ὲν

263 4989 451 5060 ταύτῃ
476 4987 534 5041 δὲ
564 4991 627 5042 ἐκ
656 4991 971 5061 Πνεύματος
1004 4992 1183 5059 ἁγίου,
1216 4991 1309 5044 καὶ
1341 4990 1451 5042 τῶν
1484 4989 1655 5057 αὐτῆς
1687 4988 1852 5060 αἱμά-

262 5098 409 5143 των,
442 5081 603 5145 «se;
629 5084 657 5134 ό
693 5082 865 5152 Λόγος
908 5083 1273 5154 σεσάρκωται,
1304 5081 1398 5135 καὶ
1427 5082 1617 5136 ἑαυτὸν
1658 5081 1857 5136 δέδωκε

260 5174 344 5243 τῇ
380 5172 626 5245 ἡμετέρᾳ
655 5174 814 5243 φύσει
854 5173 1127 5245 σωτηρίας
1168 5174 1599 5247 δραστικώτερον
1629 5174 1851 5246 φάρμα-

262 5280 395 5318 κον.
444 5262 591 5317 Ἤκετ
621 5265 815 5333 μάννα·
848 5269 905 5319 ὲν
934 5266 1104 5338 ταύτῃ
1138 5268 1166 5319 ὁ
1211 5267 1386 5336 μάννα
1427 5266 1550 5330 δοὺς
1582 5267 1680 5337 τὴν
1717 5267 1850 5334 γλυ-

263 5354 508 5426 κύτητα.
553 5355 946 5410 ’Υποκυπτέτω
984 5358 1155 5428 σκηνὴ
1183 5359 1214 5428 ἡ
1248 5357 1584 5429 περίπυστος
1613 5358 1751 5429 (55),
1783 5360 1848 5429 ἦν

260 5452 334 5503 ἐν
367 5448 559 5520 ἐρήμῳ
601 5449 807 5521 Μωσῆς
853 5449 1253 5505 κατεσκεύασεν
1276 5490 1290 5514 ,
1320 5452 1383 5503 ὲκ
1413 5451 1707 5522 πολυτίμου
1754 5452 1850 5510 καὶ

347 5599 465 5669 (50)
496 5599 701 5657 Desunt
727 5601 841 5658 inec
863 5602 915 5658 in
942 5603 1075 5660 edit.

349 5671 464 5747 «an
496 5671 641 5747 seu
668 5672 744 5747 «zu:
774 5672 879 5747 ενι-
1026 5740 1039 5747 -
1238 5739 1277 5747 -.

348 5741 466 5813 (εει
498 5742 640 5813 [ἐιΙίι.
674 5743 708 5813 ἡ
734 5745 833 5805 τὰς
857 5740 1152 5807 διεστώσας
1172 5740 1394 5813 φύσεις.

352 5810 467 5883 ςῦὖ)
496 5809 710 5867 Pantin.
743 5813 1135 5884 εὐθηνούντων.
1167 5809 1305 5869 Edit.
1338 5811 1721 5873 εὐθυνούντων.

1957 4648 2061 4686 non
2095 4634 2295 4697 fttrnns,
2321 4649 2425 4689 non
2453 4635 2648 4702 caligo,
2683 4652 2788 4691 non
2829 4639 3082 4707 procella,
3110 4656 3215 4697 non
3254 4652 3519 4701 terrorem

1954 4722 2221 4777 incutiens
2286 4723 2426 4792 ignis
2457 4724 2750 4790 tegit:sed
2774 4727 3106 4783 sanctissimi
3156 4731 3391 4801 Spiritus
3438 4737 3521 4789 vis

1956 4815 2331 4869 illuminatrix.
2354 4813 2490 4869 Nam
2525 4816 2634 4873 illic
2678 4818 2896 4888 quidem
2928 4819 3018 4877 Dei
3054 4822 3289 4881 Verbum
3320 4828 3521 4881 tabulis

1955 4907 2180 4976 lapideis
2227 4907 2430 4978 Spiritu
2459 4911 2627 4964 veluti
2663 4912 2833 4982 digito
2877 4913 3048 4985 legem
3099 4917 3428 4985 insculpsit:
3466 4919 3521 4970 in

1958 4999 2059 5051 hac
2086 5007 2266 5052 autem
2289 5012 2356 5051 ex
2381 4998 2588 5067 Spiritu
2624 5012 2836 5066 saneto,
2868 5003 3097 5074 ejusque
3142 5005 3519 5073 sanguinibus,

1954 5087 2094 5142 idem
2137 5088 2312 5158 ipsum
2351 5089 2587 5147 Verbum
2627 5103 2713 5147 est
2743 5094 3301 5161 incarnatuut,seqne
3345 5080 3521 5161 ipsum

1955 5171 2157 5234 nost'ra'
2192 5191 2397 5237 naturae
2414 5182 2848 5238 efﬁcacissimum
2875 5184 2942 5237 ad
2964 5183 3191 5237 salutem
3223 5184 3521 5239 remedium

1954 5267 2207 5339 prazbuit.
2238 5269 2349 5325 lllie
2404 5285 2598 5324 manna
2639 5288 2653 5323 :
2697 5270 2751 5322 in
2813 5271 2914 5324 bac
2971 5269 3061 5339 qui
3094 5269 3306 5325 dulcem
3357 5285 3521 5341 sapo-

1955 5373 2068 5413 rem
2101 5375 2312 5415 manna:
2334 5361 2623 5415 indiderat.
2657 5359 2826 5415 Cedat
2862 5361 3357 5417 celebratissimum
3389 5364 3520 5420 illud

1962 5450 2373 5508 tabernaculum
2407 5453 2551 5523 quod
2576 5450 2788 5523 Moyses
2827 5466 2895 5508 ex
2940 5452 3176 5523 pretiosa
3211 5456 3497 5526 omnigcna

2187 5604 2329 5678 ﬁdit.
2346 5606 2456 5678 τοῦ
2495 5606 2823 5678 πνεύματος.

2039 5674 2155 5743 (55)
2204 5673 2417 5752 Pantin.
2485 5678 2591 5731 ὐπὸ
2636 5673 2839 5747 ’κυρίου
2903 5678 3147 5735 πιπτέτω
3201 5682 3235 5754 ἡ
3290 5681 3521 5755 περίπυ·

1975 5761 2117 5810 στος.

3644 4878 3799 4909 »Ρη
