4018 6342
534 390 636 455 671
1706 380 1766 438 S.
1808 375 2127 438 JOANNIS
2167 377 2597 441 DAMASCENI
3712 392 3838 455 573

533 516 641 574 quo
673 499 899 554 materia
928 497 982 552 in
1021 498 1242 551 deserto
1286 492 1533 563 paravit;
1563 487 1694 558 quin
1723 497 1779 543 ct
1822 489 1930 542 isto
1971 486 2120 556 prius

2238 490 2597 555 ταντοδαποῦς
2641 491 2793 562 ὕλης,
2847 494 2939 546 καὶ
2984 493 3088 564 πρὸ
3138 493 3343 565 ταύτης
3382 497 3416 567 ή
3463 496 3558 551 τοῦ
3602 502 3825 569 πατρὸς

536 590 667 645 illud
696 586 930 642 Abraha:
976 583 1414 646 tabernaculum,
1449 582 1571 634 vivo
1618 593 1683 634 ac
1734 576 1984 633 rationali
2028 577 2119 631 Dei

2237 578 2519 651 Ἀϐραὰμ,
2557 584 2619 653 τῇ
2654 582 2883 653 ἐμψύχῳ
2927 586 3023 638 καὶ
3064 584 3255 655 λογικῇ
3304 591 3478 659 σκηνῇ
3512 590 3609 643 τοῦ
3647 590 3820 645 Θεοῦ.

537 679 905 737 tabernaculo.
941 678 1053 733 lloc
1073 680 1219 733 enim
1255 693 1361 731 non
1398 675 1636 730 actionis
1666 671 1865 726 divina:
1915 683 2117 724 conce-

2235 667 2371 738 Αὕτη
2403 669 2513 739 γὰρ
2542 672 2642 723 οὐκ
2688 673 2964 742 ἐνεργείας
3003 674 3137 727 Θεοῦ
3171 676 3383 747 ὑπῆρξε
3427 678 3656 751 δοχεῖον,
3695 682 3822 734 ἀλλ’

533 770 810 840 ptaculum
851 768 972 836 fuit,
1004 771 1096 823 sed
1142 766 1495 823 substantiali
1538 764 1722 825 modo,
1750 762 1872 816 Filii
1909 762 2115 831 Deique

2294 757 2499 824 σιωδῶς
2531 761 2630 831 τῆς
2660 764 2751 816 τοῦ
2782 765 2909 817 Υίοῦ
2941 767 3034 818 καὶ
3063 767 3198 820 Θεοῦ
3228 769 3605 833 ὑποστάσεως.
3653 771 3821 823 Ἑπι-
3860 766 3871 777 ’

533 862 1104 932 ροτεοιιω.Αεηοεριιι
1155 875 1281 914 area
1350 858 1590 925 undique
1655 869 1791 908 auro
1843 861 2115 912 contecta,

2233 854 2539 919 γινωσκέτω
2564 855 2627 907 τὸ
2658 856 2793 926 πρὸς
2816 858 2988 929 αὐτὴν
3019 859 3371 930 ἀσύγκριτον,
3407 863 3639 925 κιϐωτὸς
3668 865 3820 925 πάν-

532 969 695 1024 quam
728 952 860 1007 nihil
893 951 1275 1019 liabeat,qnod
1297 965 1419 1003 cum
1453 948 1556 1001 ltac
1583 944 1891 1013 comparari
1928 942 2113 1012 possit,

2229 944 2375 998 τοθεν
2403 947 2611 1018 χρυσίῳ
2634 948 3049 1020 κεκαλυμμένη,
3074 952 3169 1004 καὶ
3198 954 3534 1024 μαννοφόρος
3568 957 3816 1028 στάμνος

533 1059 779 1113 urnaque
820 1042 909 1096 illa
970 1056 1140 1095 aurea
1202 1055 1397 1094 manna
1449 1036 1652 1101 ferens,
1701 1033 2113 1093 candelabrum,

2225 1038 2418 1107 χρυσῆ.
2446 1040 2539 1091 καὶ
2571 1038 2781 1110 λυχνία,
2812 1044 2908 1094 καὶ
2946 1043 3228 1113 τράπεζα,
3260 1046 3355 1099 καὶ
3389 1046 3565 1102 πάντα
3596 1049 3666 1102 τά
3698 1066 3812 1103 πα.-

534 1148 742 1200 mensa,
778 1142 1073 1203 veteraque
1114 1131 1319 1184 omnia.
1366 1128 1462 1182 llla
1500 1129 1668 1191 enim,
1714 1124 1859 1193 quod
1912 1123 2031 1194 ejus
2060 1124 2116 1174 li-

2228 1130 2367 1184 λαιά.
2420 1131 2511 1201 Τῷ
2561 1133 2668 1202 γάρ
2720 1133 2927 1201 ταύτης
2979 1135 3134 1206 τύπῳ
3175 1137 3488 1209 τετίμηται,
3530 1140 3610 1205 ὡς
3664 1139 3815 1212 άλη-

532 1240 683 1294 gurte
743 1224 1241 1290 essent,ltonorcm
1296 1222 1627 1284 habuerunt,
1678 1228 1937 1287 tanquam
2001 1214 2114 1270 veri

1690 1230 1937 1287 Lattquatu
2001 1214 2114 1270 veri
2227 1219 2354 1283 θοῦς
2386 1220 2498 1291 (56)
2535 1222 2890 1292 πρωτοτύπου
2939 1225 3277 1296 σκιάσματα.

530 1315 856 1384 exemplaris
879 1314 1349 1368 adumbrationes.
3108 1354 3115 1357 _

605 1409 657 1461 7.
683 1405 854 1461 Hodie
886 1414 1091 1460 tomum
1124 1420 1323 1458 novum
1366 1402 1545 1473 Opifex
1581 1400 1823 1456 omnium
1873 1396 2116 1453 condidit

2290 1391 2354 1456 ζ’.
2396 1395 2645 1466 Σήμερον
2697 1397 2863 1468 τόμον
2908 1400 3092 1454 καινὸν
3136 1400 3164 1453 6
3216 1402 3395 1456 πάντα
3450 1405 3621 1458 ποιῶν
3665 1424 3806 1462 κατ⁸

533 1499 675 1554 Deus
702 1496 1145 1567 Verbum,quem
1196 1512 1263 1551 cx
1294 1496 1461 1551 corde
1516 1495 1680 1548 Pater
1723 1492 1995 1547 cructavit
2027 1490 2110 1553 ";

2222 1490 2480 1541 εσκεύασε
2527 1489 2659 1554 Θεὸς
2690 1491 2893 1559 Λόγος,
2932 1492 2990 1545 ὃν
3022 1494 3087 1545 ἐκ
3146 1495 3374 1565 καρδίας
3417 1500 3446 1550 ό
3481 1498 3674 1571 Πατὴρ
3716 1502 3809 1566 ἐξ·

532 1589 765 1660 Spiritn,
803 1590 893 1658 qui
929 1588 1020 1642 Dei
1055 1587 1236 1657 lingua
1288 1596 1374 1642 cst
1427 1597 1685 1656 tauquam
1740 1584 2115 1637 calamo-conn

2221 1581 2490 1650 ηρεύξατο
2515 1621 2525 1638 .
2560 1582 2777 1655 γλώσσῃ
2804 1583 2939 1636 Θεοῦ
2962 1585 3037 1648 ὼς
3057 1586 3280 1658 καλάμῃ
3321 1588 3402 1659 τῷ
3436 1591 3713 1662 Πνεύματι
3742 1596 3808 1647 ἐν

530 1682 793 1749 scriptum
822 1678 1037 1747 ":qni
1101 1679 1319 1748 quidem
1384 1678 1589 1732 homini
1650 1675 1841 1731 scienti
1899 1674 2111 1728 litteras

2214 1671 2364 1742 αὐτῷ
2383 1675 2822 1745 γραφησόμενον·
2847 1675 2903 1736 ὃς
2926 1676 3082 1747 ἐδόθη
3106 1678 3261 1749 ἀνδρὶ⁸
3281 1680 3446 1734 εἰδότι
3469 1683 3801 1754 γράμματα,

529 1772 787 1834 traditus,
812 1784 1150 1838 nequaquam
1188 1769 1255 1821 ab
1283 1783 1348 1823 eo
1376 1768 1544 1822 lectus
1579 1768 1699 1824 fuit.
1729 1766 1917 1835 Neque
1944 1764 2114 1835 846

2217 1766 2307 1815 καὶ
2340 1764 2440 1816 οὐκ
2470 1765 2700 1832 ἀνέγνω.
2730 1768 2804 1820 Οὐ
2830 1766 2940 1836 γὰρ
2971 1766 3112 1835 ἔγνω
3139 1769 3238 1841 τὴν
3269 1772 3490 1842 Μαρίαν
3514 1777 3542 1827 ὁ
3578 1775 3804 1846 Ἰωσὴφ,

529 1865 675 1919 enim
701 1858 899 1931 Josepit
946 1861 1172 1915 Mariam
1265 1860 1509 1925 agnovit,
1539 1869 1701 1913 autve
1738 1858 1979 1928 mysterii
2014 1858 2111 1909 ltu-

2215 1855 2321 1908 οὐδ’
2355 1856 2519 1908 αὑτοῦ
2548 1827 2643 1909 τοῦ
2677 1827 3099 1930 μυστηρίου
3127 1827 3377 1931 asiam:
3407 1858 3474 1915 '0
3502 1827 3802 1936 θυγάτρων

525 1955 615 2023 jus
647 1954 961 2023 pOtentiam.
987 1950 1289 2007 OJoacltim
1326 1961 1381 2004 et
1415 1953 1584 2003 Anna:
1643 1948 2016 2003 sacratissima
2047 1948 2107 1998 li-

2226 1946 2479 2017 ’ῐωακείμ
2503 1965 2559 2001 τε
2593 1950 2687 2002 καὶ
2729 1951 2928 2021 Ἀννης
2970 1952 3030 2004 τὸ
3059 1951 3366 2024 ἱερώτατον,
3408 1955 3466 2007 τὸ
3503 1957 3668 2010 λαθὸν
3698 1958 3802 2021 τὰς

531 2046 623 2108 lia,
685 2058 805 2112 qna:
852 2043 1249 2112 prim-ipatitms
1306 2052 1358 2093 et
1400 2041 1776 2108 potestatibus,
1830 2038 2111 2109 igueisquc

2209 2040 2383 2109 ἀρχὰς
2432 2042 2524 2093 καὶ
2556 2040 2655 2104 τὰς
2694 2043 2961 2109 ἐξουσίας,
2999 2044 3090 2097 καὶ
3118 2044 3186 2097 τά
3236 2048 3610 2118 πεπυρωμένα
3658 2050 3794 2122 βέλη

529 2131 750 2200 maligni
783 2129 904 2184 telis
939 2130 1313 2197 latuistizquze
1347 2131 1397 2183 in
1438 2130 1678 2199 Spiritus
1723 2128 2101 2208 thalamo‘ver-

2208 2131 2305 2184 τοῦ
2332 2133 2567 2203 πονηροῦ
2587 2148 2598 2158 ·
2625 2133 2688 2186 τὸ
2716 2137 2772 2187 ὲν
2803 2135 3030 2206 θαλάμῳ
3059 2136 3151 2188 τοῦ
3182 2136 3498 2207 [Ινεύματος
3536 2140 3793 2195 πολιτευ-

526 2230 639 2276 sata
670 2236 750 2286 es,
778 2231 830 2276 et
854 2221 972 2275 sine
1031 2223 1240 2275 macula
1304 2222 1601 2283 custodita,
1637 2230 1694 2274 ut
1739 2235 1937 2290 sponsa
1989 2219 2106 2284 Dei,

2212 2223 2467 2291 σάμενον,
2502 2224 2596 2278 καὶ
2624 2226 2860 2295 τηρηθὲν
2886 2228 3115 2297 ἄμωμον
3146 2230 3227 2291 εἰς
3256 2229 3477 2300 νύμφην
3510 2231 3668 2298 Θεοῦ,
3699 2237 3798 2288 καί

528 2323 828 2381 naturaque
884 2314 976 2367 Dei
1036 2324 1211 2368 mater
1251 2328 1424 2369 esses.
1458 2316 1502 2368 0
1556 2312 1929 2368 sacratissima
1975 2312 2104 2375 ﬁlia,

2210 2313 2425 2383 μητέρα
2453 2313 2613 2381 φύσει
2638 2314 2729 2366 τοῦ
2763 2315 2898 2368 Θεοῦ
2923 2318 2936 2368 ἰ
2967 2313 3035 2369 Ὦ
3065 2316 3356 2388 θυγάτριον
3387 2321 3701 2389 ἱερώτατον,
3730 2325 3796 2377 τδ

523 2422 645 2475 qua:
678 2406 729 2459 in
771 2407 1031 2460 maternis
1059 2406 1204 2459 ulnis
1235 2406 1505 2469 cerncris,
1536 2404 1971 2474 apostatieisqne
2003 2403 2108 2456 vir-

2207 2404 2298 2456 ἐπὶ
2317 2407 2611 2475 μητρικαίς
2637 2404 2903 2472 ἀγκάλαις
2927 2407 3273 2477 φαινόμενον,
3300 2411 3393 2463 καὶ
3417 2413 3645 2482 φοϐερὸν
3668 2420 3794 2478 ταῖς

524 2498 729 2552 tutibus
788 2496 1249 2552 lormidabilises!
1304 2496 1348 2552 Ο
1398 2497 1768 2551 sacratissima
1813 2495 1943 2559 lilia,
1981 2510 2102 2564 qua:

2208 2494 2599 2559 άποστατικαῖς
2619 2496 2912 2566 δυνάμεσιν
2933 2500 2945 2551 !
2967 2493 3036 2549 Ὦ
3056 2498 3346 2571 θυγάτριον
3374 2502 3684 2573 ἱερώτατον,
3713 2506 3791 2577 τῷ

529 2583 718 2638 matris
751 2583 1010 2638 uberibus
1047 2584 1291 2649 laetaris,
1325 2593 1489 2651 atque
1518 2585 1586 2637 ab
1630 2584 1839 2653 angelis
1865 2583 2105 2651 undique

2210 2585 2366 2656 μαζῷ
2408 2587 2549 2655 γάλα
2593 2588 2948 2658 τρεφόμενον,
2995 2590 3088 2643 καὶ
3122 2591 3378 2658 ἀγγέλοις
3409 2600 3789 2666 περιστοιχούι

524 2674 791 2744 cingerisl
829 2673 873 2731 Ο
906 2674 1071 2729 cltara
1106 2674 1217 2730 Deo
1248 2674 1378 2740 lilia,
1398 2685 1682 2744 parentqu
1708 2677 1893 2739 decus,
1915 2692 2101 2747 quant,

2210 2678 2409 2747 μενονί
2459 2674 2528 2730 Ὦ
2566 2679 2860 2751 θυγάτριον
2890 2681 3243 2751 θεοπόθητον,
3273 2685 3308 2753 ή
3351 2685 3459 2737 τῶν
3498 2689 3789 2755 φυσάντων

522 2777 581 2820 ιιι
620 2766 715 2821 abs
753 2775 806 2821 te
860 2780 990 2820 vere
1043 2766 1255 2821 dictum
1315 2777 1431 2831 est,
1475 2769 1857 2837 generationes
1913 2786 2105 2824 onmes

2206 2766 2352 2830 δόξα’
2386 2768 2444 2820 σὲ
2482 2771 2667 2836 γενεαὶ
2703 2771 2908 2838 γενεῶν
2941 2772 3355 2842 μακαρίζουσιν,
3388 2774 3463 2837 ὡς
3510 2776 3645 2846 ἔφης
3687 2780 3790 2830 ἑπ-

523 2860 734 2915 beatam
764 2859 986 2914 dicunt!
1027 2857 1069 2914 Ο
1108 2858 1268 2929 digna
1318 2858 1429 2912 Deo
1480 2858 1610 2920 lilia,
1643 2859 1893 2945 human}:
1927 2876 2103 2914 venu-

2206 2855 2573 2925 αληθεύουσαι
2606 2853 2676 2910 Ὦ
2708 2858 2998 2930 θυγάτριον
3043 2860 3307 2928 ἁξιόθεον,
3341 2864 3400 2916 τὸ
3447 2864 3637 2929 κάλλος
3684 2866 3788 2932 τῆς

520 2964 632 3007 stas
658 2962 885 3013 naturae.
916 2952 1230 3023 primigenia:
1267 2952 1508 3022 parentis
1546 2950 1693 3006 'Evte
1748 2953 2097 3019 emendatio!

2273 2944 2551 3017 θρωπίνης
2578 2947 2791 3014 φύσεως
2811 2988 2826 3015 ,
2878 2949 2978 3020 τῆς
3001 2952 3344 3023 προμήτορος
3372 2951 3514 3012 Εὔας
3542 2956 3575 3024 ή
3607 2957 3746 3009 ὲπαν
3764 2987 3781 2995 -
3854 3014 3858 3018 ,

519 3044 641 3100 Tuo
674 3060 907 3114 namque
962 3054 1139 3115 partu,
1178 3060 1300 3113 qua:
1334 3044 1630 3110 ceciderat,
1665 3054 1847 3099 erecta
1906 3056 2013 3100 est.
2051 3045 2095 3100 Ο

2205 3037 2477 3109 όρθωσιςί
2513 3038 2614 3091 Διά
2661 3039 2768 3109 γὰρ
2811 3040 2913 3108 τῆς
2958 3041 3059 3109 σῆς
3090 3043 3436 3110 τεκνογονίας
3470 3045 3503 3113 ἡ
3540 3044 3782 3099 πεσοῦσα

520 3147 869 3194 sacrosancta
903 3138 1030 3202 lilia,
1056 3136 1379 3191 feminarum
1415 3136 1622 3207 gloria!
1656 3136 1915 3204 Quamvis
1956 3139 2097 3191 enim

2204 3129 2542 3201 ἀνώρθωται.
2578 3126 2647 3184 '0
2696 3131 2990 3205 θυγάτριον
3035 3133 3350 3206 ἱερώτατον,
3394 3138 3671 3204 γυναικῶν
3717 3140 3782 3193 τὸ

520 3230 693 3297 prima
730 3228 839 3283 Eva
873 3228 1345 3298 praevaricationis
1399 3244 1494 3283 rea
1558 3229 1850 3295 exstiterit,
1883 3244 1949 3284 ac
2004 3245 2101 3300 per

2201 3221 2512 3292 άγλάῖσμαί
2546 3223 2608 3275 Εἰ
2634 3222 2738 3292 γάρ
2770 3226 2865 3276 καὶ
2891 3226 2924 3294 ή
2957 3224 3149 3297 πρώτη
3200 3225 3317 3279 Εὕα
3365 3229 3423 3279 ἐν
3471 3230 3781 3299 παραϐάσει

520 3337 641 3378 eam
676 3337 840 3380 mors,
878 3320 1004 3372 dum
1034 3321 1123 3373 illa
1152 3320 1392 3388 serpenti
1429 3319 1694 3376 adversus
1733 3321 1967 3388 primum
1997 3337 2099 3392 pa-

2201 3312 2412 3380 γέγονε,
2447 3313 2541 3366 καὶ
2581 3312 2646 3365 δι’
2683 3313 2855 3383 αὐτῆς
2900 3314 3148 3382 εἰσῆλθεν
3198 3320 3226 3368 ὁ
3257 3314 3485 3379 θάνατος
3518 3316 3780 3387 διακονη-

522 3422 733 3468 rentem
794 3410 1106 3474 inserviret,
1169 3411 1422 3480 ingressa
1487 3411 1604 3466 sit:
1640 3422 1879 3467 attamen
1925 3412 2097 3469 Maria

2202 3404 2439 3474 σαμένης
2469 3403 2549 3475 τῷ
2575 3404 2694 3474 ὕφει
2722 3406 2859 3476 πρὸς
2887 3405 2977 3458 τὸν
3002 3408 3326 3477 προπάτορα
3348 3448 3360 3471 ,
3392 3408 3504 3461 ἀλλ’
3532 3411 3564 3477 ὴ
3593 3408 3778 3480 Μαρια

521 3503 719 3557 divina:
762 3502 1070 3570 obsequens
1128 3500 1791 3571 voluntati,dcecptoretn
1857 3518 2093 3572 anguem

2199 3494 2728 3566 ἐξυπηρετησαμένη
2759 3495 2836 3566 τῷ
2885 3496 3013 3567 θείῳ
3054 3497 3352 3568 βουλήματι
3377 3539 3393 3563 ,
3442 3500 3532 3553 τὸν
3564 3502 3779 3568 ἀπατή-

521 3591 637 3660 ipsa
671 3589 908 3657 decepit,
946 3604 1012 3643 ac
1071 3588 1273 3643 mundo
1341 3590 1807 3647 immortalitatem
1861 3592 2089 3647 invexit.

2202 3601 2372 3639 σαντα
2402 3585 2522 3653 ὄψιν
2575 3587 2881 3656 ηπάτησεν,
2926 3588 3021 3647 καὶ
3068 3588 3144 3659 τῷ
3184 3590 3373 3660 κόσμῳ
3417 3590 3515 3660 τὴν
3560 3593 3777 3663 ἀφθαρ-

517 3680 565 3739 0
598 3683 704 3737 lilia
733 3697 949 3751 semper
1012 3683 1186 3752 virgo,
1221 3682 1308 3736 eui
1366 3681 1510 3736 nulla
1558 3684 1625 3738 ad
1675 3684 2093 3753 concipiendum

2202 3676 2323 3728 σίαν
2365 3675 2729 3745 εἰσηνέγκατο
2780 3678 2915 3748 (57).
2951 3669 3026 3731 Ὠ
3069 3678 3362 3750 θυγάτριον
3393 3682 3774 3753 ἀειπάρθενον,

530 3775 841 3831 necessaria
879 3775 980 3830 viri
1020 3790 1183 3844 opera
1242 3776 1358 3830 est!
1401 3775 1572 3843 Quem
1621 3778 1766 3831 enim
1822 3787 1976 3832 utero
2004 3793 2098 3849 ge-

2198 3766 2388 3838 ἀνδρὸς
2419 3767 2480 3819 οὐ
2527 3766 2784 3837 δεηθεῖσα
2825 3770 2961 3839 πρὸς
2998 3769 3295 3841 σύλληψινε
3337 3775 3490 3843 Ἔχει
3529 3775 3637 3847 γὰρ
3669 3792 3776 3829 πα-

518 3869 697 3932 stasti,
731 3868 818 3922 hic
851 3867 1238 3937 sempiternum
1264 3866 1479 3922 Patrem
1500 3869 1681 3925 habet.
1713 3870 1757 3925 Ο
1788 3870 1899 3923 lilia
1930 3871 2093 3926 terri-

2198 3857 2331 3930 τέρα
2380 3857 2549 3912 ἀίδιον
2591 3860 2619 3910 6
2665 3859 2772 3912 ὑπὸ
2808 3861 2903 3913 σοῦ
2947 3864 3329 3934 κυοφορηθείς.
3376 3861 3444 3919 Ὦ
3481 3865 3774 3938 θυγάτριον

525 3974 692 4030 gena,
726 3973 847 4028 qua:
884 3958 978 4014 Dei
1010 3938 1367 4030 geniiricibus
1416 3960 1560 4016 ulnis
1594 3962 1912 4017 Creatorem
1938 3979 2095 4031 gere-

2196 3950 2456 4021 γηγενὲς,
2484 3950 2818 4019 θεογενικαίς
2848 3953 3115 4021 ἀγκάλαις
3147 3955 3234 4007 τὸν
3284 3956 3539 4028 κτίστην,
3569 3957 3773 4027 βαστά-

520 4050 647 4105 bas!
683 4050 967 4107 certabant
998 4051 1141 4106 inter
1169 4068 1231 4109 se
1278 4054 1500 4119 saecula,
1532 4056 1806 4122 quodnam
1836 4067 1958 4110 ortu
1996 4067 2089 4111 tuo

2239 4044 2365 4097 ασαῐ
2402 4042 2706 4113 ἡμιλλῶντο
2732 4045 2781 4096 οἰ
2807 4045 3003 4107 αἰῶνες
3022 4086 3037 4110 ,
3072 4047 3221 4108 ποῖός
3247 4064 3329 4110 τις
3363 4050 3772 4119 ἐγκαυχήσεται
3811 4040 3826 4057 ’

514 4143 861 4214 gloriaretur.
922 4144 1027 4198 Sed
1092 4160 1282 4200 eorum
1346 4146 1762 4200 contentionem
1818 4151 2096 4217 superavit

2195 4137 2261 4205 τῇ
2298 4137 2365 4205 σῇ
2393 4136 2664 4205 γεννήσει,
2698 4135 2811 4188 ἀλλ’
2840 4136 2995 4190 ἐνίκα
3023 4136 3131 4189 τῶν
3164 4136 3373 4191 αἰώνων
3406 4138 3504 4209 τὴν
3538 4140 3772 4211 ἅμιλλαν

514 4232 843 4303 ιιτωίίιιίιυηι
883 4233 973 4287 Dei
1004 4234 1318 4297 consilium,
1350 4250 1379 4288 a
1412 4250 1520 4304 quo
1543 4236 1742 4291 szccula
1771 4237 1913 4293 iacta
1942 4250 2090 4304 sunt,

2196 4224 2231 4292 ή
2255 4227 2641 4298 προωρισμένη
2702 4226 2866 4299 βουλὴ
2917 4230 3013 4282 τοῦ
3056 4231 3189 4283 Θεοῦ
3215 4270 3230 4296 ,
3268 4232 3361 4284 τοῦ
3390 4233 3519 4295 τοὺς
3566 4232 3770 4298 αἰῶνας

512 4342 577 4378 ae
618 4334 892 4394 postrema
945 4324 1119 4393 prima
1163 4336 1479 4389 evaserunt,
1509 4327 1708 4394 quibus
1759 4338 1846 4383 tua
1910 4331 2090 4386 fauste

2193 4319 2540 4387 ποιήσαντος,
2579 4318 2674 4372 καὶ⁵
2718 4321 3005 4388 γεγόνασιν
3039 4322 3088 4373 oi
3130 4322 3349 4391 ἔσχατοι
3392 4322 3635 4393 πρῶτοι,
3663 4322 3764 4392 τὴν

520 4416 783 4470 nativitas
817 4414 1035 4485 obtigit.
1067 4414 1204 4470 Vere
1245 4430 1333 4470 res
1375 4431 1567 4473 omnes
1601 4419 1853 4474 conditas
1903 4422 2082 4492 digni-

2194 4408 2294 4479 σὴν
2362 4409 2791 4480 εὑμοιρήσαντες
2843 4412 3116 4481 γέννησιν.
3196 4416 3404 4476 Ὄντως
3465 4413 3767 4485 τιμιωτέρα

476 4502 623 4559 "tate
659 4503 1045 4560 antecelluisti.
1076 4503 1208 4560 Nam
1231 4521 1297 4563 ex
1319 4507 1504 4562 tesola
1533 4523 1785 4565 summus
1828 4511 1921 4567 ille
1957 4485 2063 4583 opi~

2190 4501 2367 4570 πάσης
2396 4500 2624 4565 κτίσεως
2661 4503 2913 4571 γέγονας.
2964 4504 3060 4558 Ἐκ
3107 4503 3201 4559 σοῦ
3251 4504 3360 4576 γὰρ
3394 4505 3563 4576 μόνης
3591 4507 3619 4558 6
3656 4508 3764 4577 Δή-

509 4598 596 4651 fex
650 4607 862 4667 partum
926 4600 1244 4668 assumpsit,
1283 4615 1479 4657 tuasste
1534 4610 1733 4658 nostra:
1785 4604 2081 4674 primitias.

2186 4594 2451 4661 μιουργδς
2480 4595 2677 4662 μοῖραν
2702 4595 3038 4666 προσείληφε
3059 4636 3073 4660 ,
3107 4597 3205 4666 τὴν
3232 4596 3485 4667 ἀπαρχὴν
3509 4595 3600 4649 τοῦ
3628 4597 3766 4667 ήμε-

504 4688 650 4745 Caro
685 4686 803 4756 eius
825 4703 891 4743 ex
923 4691 1030 4746 tuis
1084 4693 1442 4761 sanguinibus
1491 4706 1752 4751 concreta
1784 4697 1906 4754 luit.
1940 4698 2082 4766 Quin

2183 4680 2342 4750 τέρου
2383 4682 2725 4753 φυράματος.
2779 4684 2924 4756 Σάρξ
2951 4684 3117 4741 αὑτοῦ
3163 4687 3227 4739 ἐκ
3255 4686 3362 4739 τῶν
3393 4686 3613 4757 σαρκῶν
3647 4688 3760 4755 (58)

508 4780 649 4834 Deus
674 4794 740 4835 ex
776 4780 883 4834 tuis
919 4781 1175 4836 mamillis
1228 4784 1314 4837 lac
1364 4786 1538 4851 suxit,
1574 4796 1776 4856 tuaque
1808 4789 1952 4845 labia
1987 4791 2082 4847 Dei

2183 4788 2299 4836 σου,
2341 4772 2529 4825 καὶτὸ
2565 4767 2703 4844 αἷμα
2743 4775 2807 4827 ὲκ
2834 4775 2944 4828 τῶν
2998 4776 3251 4847 αἰμάτων
3299 4792 3394 4830 σου
3419 4818 3434 4840 ,
3478 4780 3573 4830 καὶ
3620 4778 3761 4846 γάλα

505 4873 666 4928 labiis
704 4871 1073 4928 cobteserunt.
1110 4872 1155 4928 0
1206 4876 1468 4930 miracula
1520 4882 1722 4934 mentis
1763 4890 1983 4951 captum
2027 4893 2083 4937 et

2184 4864 2410 4934 μαστῶν
2433 4881 2527 4917 σου
2562 4865 2823 4935 ὲθήλασεν
2845 4868 2871 4920 ό
2889 4867 3041 4933 Θεὸς,
3072 4868 3166 4921 καὶ
3192 4866 3374 4939 ήνὼθη
3397 4870 3463 4921 τὰ
3480 4869 3630 4939 χείλη
3666 4885 3759 4923 σου

502 4979 811 5021 sermonem
871 4962 1229 5019 excedentia!
1268 4964 1596 5034 Dignitatem
1650 4979 1798 5026 tuam
1866 4988 2076 5043 praeco-

2183 4956 2297 5015 τοῖς
2330 4953 2424 5007 τοῦ
2465 4954 2598 5008 Θεοῦ
2627 4956 2885 5026 χείλεσιν.
2916 4956 2980 5009 Ὦ
3019 4957 3427 5030 ἀκαταλήπτων
3462 4961 3552 5013 καὶ
3580 4961 3757 5032 ἀπορ-

502 5070 769 5123 guoscens
790 5055 1170 5111 universorum
1224 5054 1386 5120 Deus,
1414 5066 1466 5112 te
1490 5058 1724 5126 proinde
1750 5062 1962 5129 dilexit,
1989 5066 2076 5120 di-

2186 5046 2367 5115 ῥήτων
2419 5045 2745 5117 θαυμάτωνί
2796 5048 2857 5100 σὲ
2901 5050 3173 5120 προγνοὺς
3226 5050 3256 5102 6
3308 5050 3418 5103 τῶν
3460 5051 3598 5104 ὅλων
3629 5052 3760 5117 Θεὸς

502 5141 1260 5215 lectamquepnetlestinavit,
1292 5152 1458 5214 atque
1498 5147 1763 5202 extremis
1806 5153 2071 5219 tempori-

2182 5136 2361 5203 ἀξίαν,
2404 5138 2651 5210 ήγάπησε
2674 5180 2690 5205 ,
2730 5140 2825 5193 καὶ
2856 5139 3152 5212 ἀγαπήσας
3202 5140 3503 5213 προώρισε,
3534 5145 3628 5199 καὶ
3670 5145 3760 5201 ἐπ’

501 5237 602 5290 bus
637 5236 912 5304 produxit,
944 5252 1008 5290 ac
1030 5235 1317 5306 Deiparatu
1352 5247 1608 5303 matrem,
1643 5240 1836 5311 suique
1859 5241 1979 5298 Filii
2004 5261 2069 5302 ac

2181 5229 2426 5300 ἐσχάτων
2476 5231 2583 5285 τῶν
2629 5232 2837 5303 χρόνων
2885 5233 2967 5296 εἰς
3007 5231 3069 5286 τὸ
3112 5228 3254 5288 εἶναι
3302 5236 3617 5307 παρήγαγε,
3664 5237 3758 5291 καὶ

504 5323 660 5382 Verbi
684 5330 968 5384 untritiam
995 5328 1147 5386 fecit.
1588 5388 1599 5403 κ

2182 5319 2447 5373 Θεοτόκον
2485 5322 2699 5395 μητέρα
2744 5324 2841 5377 καὶ
2878 5322 3097 5395 τιθηνὸν
3138 5324 3232 5379 τοῦ
3271 5325 3476 5380 οἰκείου
3506 5325 3636 5382 ι’ίοῦ
3665 5332 3755 5383 καὶ

2186 5412 2359 5481 Λόγου
2388 5413 2642 5480 ἀνέδειξε.

573 5553 616 5585 ⁷ί
658 5554 799 5611 [‘sal.
833 5573 979 5622 XLIV,
1005 5560 1063 5613 ‘2.
1138 5559 1180 5590 "
1224 5560 1357 5617 ibid.

575 5684 691 5784 ξεί.)
716 5686 1141 5784 Emi-13233135:
1868 5696 1871 5699 ’

1868 5696 1871 5699 ’
2279 5695 2383 5769 (58)
2417 5698 2558 5757 Etlit.
2599 5703 2658 5758 ὲκ
2687 5705 2786 5778 τῆς
2814 5708 3035 5784 σαρκός.
3092 5760 3100 5767 ,

565 5754 679 5821 (57)
716 5754 779 5811 Β.
816 5756 837 5812 1
874 5754 1156 5827 εἰσήγαγε.
