4018 6342
458 305 566 367 675

1619 286 1682 347 S.
1718 284 2037 350 JOANNIS
2073 281 2503 343 DAMASCENI

3609 278 3737 345 676

455 413 545 459 tus
597 400 768 474 gratia
826 406 1163 464 coronatam,
1209 394 1361 466 cujus
1422 393 1588 465 gloria
1641 395 1711 448 ab
1763 395 1910 448 intus
1964 391 2023 446 ⁷⁸.

2141 390 2431 461 σμημένην
2475 392 2542 461 τῇ
2597 389 2693 443 τοῦ
2752 386 3071 459 Πνεύματος
3124 388 3327 459 χάριτι,
3378 384 3447 462 ἧς
3494 391 3528 461 ἦ
3585 390 3737 457 δόξα

453 496 645 549 0tnnis
670 494 863 563 quippe
892 491 1105 545 femina:
1130 490 1297 559 gloria
1328 488 1409 542 vir
1433 496 1535 551 est,
1554 502 1584 540 a
1613 486 1744 539 l'nris
1766 486 1989 539 veniens
2012 504 2027 540 :

461 596 513 639 at
549 584 639 639 Dei
665 580 961 637 Geuitrieis
989 578 1160 648 gloria
1194 580 1261 632 ah
1297 578 1441 631 intus
1472 587 1579 641 est,
1621 575 1825 629 ventris
1847 574 2032 640 utique

456 676 683 728 fructus.
745 668 787 726 Ο
842 671 1359 734 desiderabilissima
1429 669 1652 732 femina,
1719 680 1783 719 ac
1846 673 2032 733 terque

456 766 637 819 beata!
662 763 949 820 Ilertedicta
977 773 1031 817 tu
1057 764 1110 817 in
1137 762 1474 825 mulieribus,
1495 769 1545 813 ct
1567 759 1884 814 benedictus
1921 757 2033 808 tru-

454 868 574 910 ctus
607 854 809 909 ventris
846 855 942 907 tui.
974 852 1018 908 0
1058 853 1254 907 fetuina
1296 851 1437 919 regis
1469 848 1634 902 David
1666 847 1797 910 lilia,
1833 846 2032 914 Deique

438 946 697 1005 totuuium
735 943 895 1015 Regis
927 942 1125 997 Mater!
1165 941 1207 997 0
1253 942 1491 995 divinum
1535 940 1824 1006 vivumque
1864 936 2027 989 simu-

454 1039 680 1104 lacrum,
700 1037 852 1107 cujus
874 1035 1117 1091 c0nditor
1138 1034 1275 1085 Deus
1301 1030 1701 1102 pulchritudine
1733 1026 2031 1082 delectatus

452 1143 558 1194 esu,
605 1128 744 1198 quod
811 1137 1044 1180 mentem
1096 1124 1312 1193 quidem
1366 1121 1623 1175 divinitus
1672 1119 2026 1197 guheruatam

454 1220 649 1285 habet,
698 1220 911 1286 Deoque
962 1214 1064 1268 soli
1121 1213 1431 1274 addictam;
1489 1208 1836 1279 cupiditatem
1900 1220 2028 1259 vero

452 1326 668 1364 munem
728 1308 793 1361 ad
847 1307 899 1361 id
948 1305 1090 1376 quod
1164 1303 1335 1357 solum
1389 1299 1750 1369 expetendum
1808 1304 1915 1360 est,
1974 1305 2028 1349 et

453 1416 638 1455 amore
673 1401 915 1469 dignum.
948 1398 1245 1461 intentam;
1276 1395 1412 1446 iram
1447 1402 1625 1444 autem
1670 1402 1796 1459 erga
1831 1403 2027 1457 perca-

456 1504 563 1546 tmn
626 1494 885 1546 duntaxat
932 1487 1157 1558 ejusque
1241 1494 1542 1555 parentem.
1603 1480 1778 1532 Vitam
1835 1488 2025 1531 natura

456 1584 718 1653 potiorem
766 1580 1007 1636 habebis.
1055 1576 1287 1632 llahebis
1342 1584 1519 1628 autem
1568 1586 1671 1625 non
1720 1569 1813 1622 tibi
1865 1568 2023 1636 ipsa;

454 1674 650 1743 quippe
683 1687 803 1741 quae
838 1686 941 1724 non
1006 1667 1254 1736 tuiipsius
1305 1678 1463 1718 causa
1522 1661 1701 1730 genita
1758 1660 1852 1712 sis.
1889 1658 2025 1723 Quo-

2130 480 2352 545 ἔξωθεν.
2388 480 2525 545 Δόξα
2570 481 2668 551 μὲν
2697 481 3025 560 γάρσπάσης
3069 480 3327 549 γυναικὸς
3354 484 3383 534 6
3415 482 3557 553 ἀνὴρ
3583 483 3735 548 ἕξω-

2131 572 2223 624 θεν
2270 572 2473 626 ἐπιών·
2507 574 2541 641 η
2579 572 2705 636 δόξα
2747 572 2804 624 δὲ
2837 574 2936 642 τῆς
2980 572 3245 625 Θεοτόκου
3281 572 3506 639 ἔσωθεν,
3541 577 3570 628 6
3618 576 3730 645 τῆς

2130 661 2342 726 κοιλίας
2388 662 2620 733 καρπός.
2651 657 2721 714 Ὠ
2748 662 2881 730 θῆλυ
2914 661 3171 732 ποθητδν,
3204 663 3721 733 τρισμακάριστονί

2130 754 2478 826 Εὐλογημένη
2513 754 2576 806 σὺ
2607 753 2665 805 ἐν
2690 752 2930 822 γυναιξὶ,
2964 754 3057 805 καὶ
3091 751 3458 823 εὐλογημένος
3496 755 3525 805 ὁ
3573 770 3725 824 καρο

2129 848 2231 910 πὸς
2258 847 2361 916 τῆς
2392 848 2600 910 κοιλίας
2628 864 2744 900 σου.
2773 841 2843 897 Ὦ
2873 844 3009 916 θῆλυ
3041 844 3281 916 θύγατερ
3310 844 3406 898 τοῦ
3443 844 3722 914 βασιλέως

2127 939 2311 1001 Δαϐὶδ,
2347 941 2439 992 καὶ
2471 941 2667 1009 Μήτηρ
2695 937 2789 990 τοῦ
2823 937 3223 1008 Παμὸασιλέως
3252 937 3425 991 Θεοῦί
3467 933 3537 989 Ὦ
3567 936 3722 991 θεῖον

2129 1030 2375 1101 ἔμψυχον
2421 1030 2661 1101 ἄγαλμα,
2715 1029 2800 1098 ἐφ’
2856 1022 2902 1096 ᾧ
2946 1030 2974 1082 6
3026 1030 3360 1100 δημιουργὸς
3423 1028 3715 1100 εὐφράνθη

2127 1122 2281 1186 Θεὸς,
2317 1122 2443 1175 νοῦν
2478 1123 2577 1193 μὲν
2625 1122 2747 1191 ἔχον
2798 1122 3248 1192 θεοκυὸέρνητον,
3281 1121 3378 1174 καὶ
3412 1122 3558 1193 μόνῳ
3589 1123 3718 1192 Θεῷ

2128 1215 2571 1285 προσανέχοντα*
2604 1213 2900 1283 ἐπιθυμίαν
2936 1214 3158 1267 ἃπασαν
3191 1220 3540 1286 τεταμμένην
3570 1217 3714 1286 πρὸς

2126 1306 2188 1357 τὸ
2224 1305 2386 1375 μόνον
2410 1305 2601 1374 ὲφετόν
2632 1323 2691 1359 τε
2725 1306 2821 1359 καὶ
2847 1306 3172 1376 ἀξιέραστον
3195 1322 3211 1338 ·
3244 1307 3337 1359 τὸν
3364 1306 3536 1377 θυμὸν
3567 1311 3714 1362 κατὰ

2130 1396 2300 1467 μόνης
2347 1398 2446 1467 τῆς
2492 1396 2787 1467 ἁμαρτίας,
2845 1398 2941 1449 καὶ
2993 1397 3089 1451 τοῦ
3122 1396 3329 1468 ταύτην
3381 1399 3707 1469 κνήσαντος.

2128 1489 2282 1559 Ζωὴν
2329 1489 2428 1558 τῆς
2459 1488 2675 1558 φύσεως
2723 1490 3011 1559 κρείττονα
3066 1489 3232 1553 ἕξεις.
3290 1489 3471 1554 Ἐξεις
3502 1489 3611 1560 γάρ
3643 1492 3711 1543 οὐ

2127 1583 2333 1651 σαυτῇ·
2367 1581 2427 1632 οὐ
2457 1580 2566 1651 γάρ
2601 1580 2806 1648 σαυτῆς
2831 1581 2991 1633 ἕνεκα
3019 1581 3336 1651 γεγέννησο.
3371 1580 3533 1634 Ὅθεν
3564 1580 3708 1645 ἕξεις

2126 1671 2265 1742 Θεῷ,
2297 1671 2363 1725 δι’
2396 1672 2454 1724 ὂν
2500 1673 2580 1735 εἰς
2629 1672 2719 1725 τὸν
2783 1672 2892 1742 (62)
2944 1672 3055 1743 βίον
3115 1673 3409 1742 ἐλήλυθας·
3445 1673 3511 1726 δι’
3541 1673 3600 1727 δν
3638 1676 3705 1744 τῇ

453 1767 596 1819 circa
640 1763 747 1817 Deo
793 1764 932 1816 hanc
986 1760 1231 1820 habebis,
1264 1756 1414 1825 cujus
1450 1753 1622 1824 gratia
1669 1752 1721 1805 in
1764 1752 2020 1803 mundum

2131 1762 2461 1833 παγκοσμίῳ
2492 1761 2919 1833 ὲξυπηρετήσεις
2950 1763 3216 1834 σωτηρία,
3254 1764 3402 1826 ὅπως
3430 1764 3463 1833 ἡ
3503 1762 3708 1832 ἀρχαία.

454 1856 719 1922 prodiisti;
747 1863 803 1907 ut
827 1853 976 1907 orbis
1002 1849 1237 1903 universi
1258 1846 1415 1901 saluti
1444 1844 1759 1912 obseqnaris
1782 1858 1798 1908 ;
1825 1840 2027 1910 Deique

452 1946 730 2017 antiquum
769 1944 1078 2006 consilium,
1124 1940 1380 1994 nimirum
1444 1935 1832 1989 incarnationis
1866 1931 2023 1986 Verbi

450 2057 514 2093 ac
545 2050 743 2095 nostra:
770 2036 1150 2099 deilicatiunis,
1188 2049 1282 2103 per
1315 2041 1367 2086 te
1401 2032 1708 2101 impleatur.
1740 2029 2025 2098 Appetitus

452 2137 577 2183 tuus
644 2128 841 2182 divinis
895 2124 1238 2181 sermonibus
1314 2123 1604 2184 nutrietur,
1663 2119 1853 2188 hisque
1909 2121 2026 2187 piu-

451 2230 691 2283 guesecs,
742 2225 1000 2283 tanquam
1055 2212 1196 2266 oliva
1256 2209 1533 2265 fructifera
1578 2208 1631 2263 in
1687 2210 1846 2262 domo
1896 2208 2021 2276 ltei;

452 2314 706 2373 tanquam
741 2303 939 2373 lignmu
965 2301 1265 2371 plantatum
1290 2314 1447 2354 secus
1470 2300 1727 2352 decursus
1761 2312 2022 2366 aquarum

451 2395 687 2465 Spiritus
734 2394 820 2459 ⁸⁹;
866 2402 1124 2461 tanquam
1171 2391 1293 2444 vita:
1347 2389 1547 2458 lignum
1599 2390 1743 2457 quod
1792 2388 2021 2441 fructum

462 2488 585 2540 vita:
615 2485 765 2541 dedit
784 2484 1047 2556 praeﬁnito
1072 2497 1171 2537 suo
1210 2489 1480 2551 tempore;
1513 2479 1683 2535 Deum
1706 2479 1912 2534 scilicet
1942 2479 2024 2532 in-

451 2584 755 2639 carnatum,
786 2582 1043 2629 aeternam
1083 2573 1458 2627 universorum
1487 2572 1675 2626 vitam.
1717 2569 2021 2641 Cogitatum

453 2680 669 2721 omnem
702 2664 978 2719 alumnum
1007 2663 1211 2719 habens
1255 2673 1309 2718 ct
1359 2664 1554 2717 animae
1600 2662 1917 2733 proﬁcuum,
1960 2676 2025 2717 ac

451 2771 914 2825 supervacaneum
943 2769 1160 2810 omnem
1193 2763 1249 2809 et
1280 2754 1483 2808 animis
1529 2753 1820 2808 exitiosum
1867 2752 2021 2823 prius

450 2844 772 2917 reprobans,
799 2858 959 2914 quam
986 2858 1110 2898 eum
1144 2843 1419 2914 degustes.
1469 2841 1621 2898 Oculi
1682 2857 1898 2913 semper
1952 2842 2020 2897 ad

452 2937 758 3003 Dominum,
788 2950 1026 3006 perenne
1068 2944 1122 2990 et
1161 2934 1498 2990 inaccessum
1524 2934 1702 2989 lumen
1727 2934 2020 2991 intuentes.

2126 1853 2292 1923 βουλὴ
2322 1852 2417 1907 τοῦ
2447 1851 2605 1917 Θεοῦ,
2638 1856 2738 1924 τῆς
2766 1853 2859 1906 τοῦ
2893 1853 3069 1920 Λόγου
3101 1853 3450 1925 σαρκώσεως,
3483 1854 3581 1907 κα)⁸
3607 1855 3707 1925 τῆς

2126 1943 2282 2015 ἡμῶν
2309 1942 2574 2008 θεώσεως,
2607 1943 2694 1997 διὰ
2723 1944 2816 1997 σοῦ
2847 1943 3130 2014 πληρωθῇ.
3165 1943 3379 2015 Ὄρεξις
3402 1947 3515 2006 τοῖς
3537 1942 3707 2007 θείοις

2124 2035 2303 2103 λόγοις
2346 2035 2727 2108 ἐντρέφεσθαι,
2780 2036 2877 2089 καὶ
2924 2036 3135 2099 τούτοις
3171 2035 3504 2100 πιαίνεσθαι,
3541 2035 3618 2097 ὡς
3670 2037 3707 2107 η

2125 2126 2286 2182 ἐλαία
2318 2128 2675 2198 κατάκαρπος
2723 2132 2782 2181 ὲν
2820 2127 2899 2200 τῷ
2925 2129 3060 2199 οίκῳ
3112 2127 3210 2181 τοῦ
3246 2127 3405 2191 Θεοῦ,
3439 2128 3513 2192 ὡς
3550 2128 3705 2192 ξύλον

2125 2219 2538 2290 πεφυτευμένον
2586 2220 2739 2291 παρὰ
2776 2219 2873 2283 τὰς
2920 2218 3184 2286 διεξόδους
3225 2221 3334 2274 τῶν
3369 2220 3578 2273 ὑδάτων
3608 2220 3705 2273 τοῦ

2126 2308 2463 2379 Πνεῦματος,
2511 2308 2586 2373 ὼς
2630 2309 2785 2376 ξύλον
2840 2308 3006 2380 ζωῆς,
3058 2308 3085 2361 ὃ
3142 2308 3235 2363 τὸν
3284 2308 3498 2378 καρπὸν
3536 2307 3703 2362 αὑτοῦ

2124 2401 2322 2455 ἔδωκεν
2344 2404 2400 2456 ἐν
2422 2401 2499 2473 τῷ
2525 2402 2921 2475 προωρισμένῳ
2945 2402 3121 2474 καιρῷ
3142 2400 3308 2456 αὐτοῦ
3360 2400 3493 2455 Θεοῦ
3518 2416 3705 2472 σεσαρ-

2124 2494 2395 2566 κωμένον,
2437 2497 2535 2566 τὴν
2576 2495 2793 2549 αίώνιον
2844 2496 3100 2551 ἁπάντων
3156 2494 3320 2566 ζωήν.
3378 2496 3565 2550 Πάντα
3617 2494 3704 2548 λο-

2124 2585 2323 2657 γισμδν
2378 2586 2492 2657 (63)
2552 2586 2839 2656 τρόφιμον,
2881 2587 2977 2640 καὶ
3024 2585 3322 2656 ψυχωφελῆ
3360 2586 3556 2654 ἔχουσα
3608 2587 3715 2638 καὶ

2124 2662 2628 2745 πάνταῆπεριττδν,
2692 2678 2785 2728 καὶ
2845 2672 3159 2747 ψυχοὸλασῆ
3212 2676 3342 2746 πρὶν
3402 2674 3745 2744 γεύσασθαι

2124 2768 2516 2840 ἀποκρίνουσα.
2589 2767 2886 2838 Ὀφθαλμοὶ
2933 2766 3022 2820 διὰ
3056 2767 3255 2827 παντὸς
3305 2766 3440 2837 πρὸς
3476 2766 3700 2837 Κύριον,

2125 2861 2239 2931 φῶς
2265 2861 2501 2933 ὁρῶντες
2534 2861 2759 2932 άένναον
2789 2859 2883 2913 καὶ
2915 2858 3228 2930 ἀπρόσιτον.
3256 2852 3396 2910 Ὦτα
3428 2856 3519 2909 τὸν
3561 2858 3701 2909 θεῖον

2123 2952 2390 3007 ἀκούοντα
2442 2952 2621 3020 λόγον,
2673 2951 2770 3005 καὶ
2831 2950 3145 3022 τερπόμενα
3197 2951 3263 3020 τῇ
3333 2948 3538 3019 κιθάρᾳ.
3604 2948 3700 3002 τοῦ

449 3030 646 3095 Aures,
695 3038 755 3081 ut
799 3027 1040 3082 divinum
1076 3040 1380 3081 sermonem
1418 3025 1665 3091 audiant,
1694 3041 1757 3080 ac
1787 3025 2021 3095 Spiritus

2128 3045 2465 3115 Πνεῦματος,
2491 3045 2555 3098 δι’
2579 3038 2652 3099 ὧν
2685 3046 2713 3098 ὁ
2744 3043 2913 3111 Λόγος
2946 3042 3159 3115 εἰσῆλθε
3193 3041 3700 3113 σαρκωθησόμενος.

449 3118 661 3175 cithara
706 3120 1071 3184 oblectentur,
1124 3133 1221 3189 per
1264 3134 1427 3189 quam
1484 3117 1713 3173 Verbum
1760 3118 1930 3191 848
1966 3128 2023 3174 ut

447 3225 670 3266 carnem
710 3221 1033 3273 assumeret,
1061 3210 1361 3279 ingressum
1401 3221 1501 3266 est.
1552 3210 1742 3275 Nares,
1779 3227 2022 3283 unguen-

452 3310 629 3355 turum
678 3301 861 3369 sponsi
910 3303 1077 3354 odnre
1126 3300 1493 3366 deliniuntur;
1523 3300 1614 3370 qui
1646 3301 1861 3371 quidem
1889 3302 2025 3357 divi-

452 3406 579 3446 num
607 3403 936 3463 unguentum
994 3402 1098 3457 est,
1133 3400 1327 3461 sponte
1355 3392 1583 3445 etl'usum
1633 3407 1897 3460 suamque
1928 3394 2025 3447 hu-

452 3481 762 3535 suauitatem
824 3493 1173 3549 perungeus;
1234 3478 1569 3550 Unguentum
1614 3482 1753 3535 enim
1800 3482 2023 3551 effusum

452 3588 637 3626 nomen
684 3583 851 3636 tuum,
900 3572 1070 3642 inquit
1117 3571 1399 3643 Scriptura
1426 3571 1494 3625 ⁸¹.
1541 3571 1705 3626 Labia
1739 3572 2022 3627 DOtttiltUlll

450 3665 750 3729 laudantia,
786 3662 1062 3734 ipsiusque
1106 3662 1265 3717 labiis
1301 3662 1660 3717 adhaerentia.
1715 3661 1919 3731 Lingua
1970 3673 2024 3718 ct

450 3758 637 3811 lances
666 3755 758 3810 Dei
794 3756 958 3809 verba
1005 3754 1396 3821 discernentes,
1431 3754 1721 3824 divinaque
1760 3756 2023 3811 suavitate

450 3850 518 3902 ad
562 3847 862 3902 satietatem
917 3860 1087 3915 usque
1144 3845 1508 3915 perfruentes.
1577 3845 1684 3899 Cor
1729 3861 1918 3916 purum
1968 3854 2024 3901 et

453 3939 589 3994 labis
636 3953 856 4008 expers,
900 3935 1068 3992 Deum
1125 3938 1313 3991 videns
1352 3936 1500 3992 omni
1549 3937 1671 3992 labe
1723 3948 2018 4003 carentem,

455 4032 682 4102 ejusque
705 4030 998 4100 cupiditate
1025 4030 1278 4100 ﬂagrans.
1307 4028 1507 4085 Venter
1528 4029 1645 4100 ejus
1668 4030 2017 4096 domicilium,

456 4138 620 4193 quem
665 4123 843 4178 nullus
895 4124 1043 4177 locus
1073 4123 1236 4190 capit.
1268 4121 1447 4176 Laetis
1476 4122 1663 4187 ubera,
1699 4138 1817 4191 qua:
1853 4121 2019 4177 Deum

338 4274 341 4275 ν
448 4214 720 4277 aluerunt,
760 4227 951 4280 nempe
990 4211 1227 4279 puellum
1276 4208 1482 4262 Jesum.
1545 4209 1639 4263 Dei
1690 4219 1866 4279 porta,
1893 4227 2019 4279 per-

452 4315 611 4375 petua
642 4304 952 4371 virginitate
991 4303 1188 4355 nitens.
1217 4299 1406 4355 Manus
1433 4301 1597 4355 Deum
1645 4314 1918 4369 gestantes
1953 4319 2018 4359 ac

2138 3138 2311 3201 Ῥῖνες
2339 3140 2404 3209 τῇ
2432 3137 2575 3208 ὀσμῇ
2605 3135 2713 3189 τῶν
2738 3134 2925 3207 μύρων
2955 3133 3047 3188 τοῦ
3080 3136 3314 3205 νυμφίου
3355 3133 3699 3202 θελγόμεναι,

2124 3227 2183 3291 ὃς
2207 3228 2322 3280 ἐστι
2353 3225 2526 3298 μύρον
2563 3225 2705 3278 θεῖον
2743 3227 3005 3289 ἑκουσίως
3032 3223 3379 3295 κενούμενον,
3421 3225 3517 3278 καὶ
3552 3225 3701 3296 χρίον

2123 3317 2224 3388 τὴν
2251 3317 2444 3370 ἑαυτοῦ
2489 3316 2906 3390 ἀνθρωπότητα.
2947 3321 3152 3385 Μύρον
3206 3319 3317 3384 γὰρ
3372 3316 3701 3372 ἐκκενωθὲν

2125 3408 2313 3479 ὄνομὰ
2360 3425 2498 3474 σου,
2552 3408 2715 3480 φησιν
2766 3410 2799 3479 ἡ
2839 3408 3050 3479 Γραφή.
3116 3407 3285 3477 Χείλη
3332 3407 3583 3462 αἰνοῦντα
3610 3409 3699 3462 τὸν

2123 3500 2350 3573 Κύριον,
2379 3502 2473 3554 καὶ
2506 3503 2615 3564 τοῖς
2650 3500 2817 3555 αὑτοῦ
2848 3498 3163 3570 κολλώμενα
3199 3500 3423 3570 χείλεσι.
3471 3501 3694 3554 Γλῶσσα

2124 3591 2219 3643 καὶ
2272 3590 2488 3663 φάρυγξ
2530 3589 2722 3659 λόγους
2765 3588 2899 3643 Θεοῦ
2950 3590 3359 3662 διακρίνουσαι,
3412 3593 3507 3645 καὶ
3547 3592 3694 3657 θείας

2123 3682 2461 3754 γλυκύτητος
2495 3681 2920 3753 ὲμφορούμεναι.
2958 3683 3170 3754 Καρδία
3195 3683 3412 3753 καθαρὰ
3439 3684 3531 3737 καὶ
3556 3686 3693 3755 ἀμό-

2123 3774 2331 3839 λυντος,
2363 3773 2546 3845 ὁρῶσα
2577 3774 2669 3826 καὶ
2699 3771 2935 3825 ποθοῦσα
2963 3773 3092 3825 Θεὸν
3118 3772 3210 3825 τὸν
3240 3758 3557 3842 ἀμόλυντον.
3590 3774 3695 3829 Γα-

2125 3866 2282 3939 στὴρ,
2312 3868 2367 3919 ὲν
2403 3859 2490 3939 ᾗὸ
2528 3863 2811 3935 άχώρητος
2859 3864 3096 3936 ᾤκησεν,
3142 3866 3233 3919 καὶ
3276 3866 3476 3934 μαστοὶ
3526 3867 3692 3936 γάλα-

2122 3974 2271 4024 κτος,
2304 3956 2363 4019 ἐξ
2395 3950 2469 4011 ὧν
2510 3956 2718 4028 ἐτράφη
2760 3956 2892 4017 Θεὸς
2942 3956 3001 4007 τὸ
3033 3956 3238 4008 παιδίον
3280 3955 3505 4026 Ἰησοῦς.
3544 3958 3691 4030 Πύλη

2122 4046 2277 4113 Θεοῦ,
2313 4047 2831 4118 ἀειπαρθενεύουσα.
2878 4046 3073 4118 Χεῖρες
3123 4048 3254 4101 Θεὸν
3284 4047 3547 4119 φέρουσαι
3601 4051 3691 4103 καὶ

2121 4138 2345 4205 γόνατα,
2392 4138 2577 4210 θρόνος
2616 4139 2725 4191 τῶν
2789 4138 3069 4209 Χερουϐὶμ
3104 4138 3429 4208 ὑψηλότερος
3456 4157 3470 4170 ο
3510 4141 3577 4193 δι’
3618 4134 3691 4193 ὦν

2124 4229 2347 4300 ἴσχυσαν
2375 4232 2555 4303 χεῖρες
2577 4230 2882 4301 ἁνειμέναι,
2918 4232 3012 4285 καὶ
3035 4231 3235 4299 γόνατα
3255 4230 3688 4302 παραλελυμένα.

2123 4322 2401 4389 Πόδες,ὼς
2432 4323 2609 4395 λύχνῳ
2644 4323 2820 4393 φωτὸς
2851 4324 2926 4393 τῷ
2975 4323 3068 4378 τοῦ
3122 4325 3256 4378 Θεοῦ
3300 4326 3690 4396 ποδηγούμενοι

451 4408 646 4463 genua,
686 4393 913 4446 thronus
941 4390 1232 4446 Cheruhim
1286 4390 1602 4460 sublimior;
1638 4408 1866 4463 quorum
1915 4410 2017 4463 ope

2125 4413 2289 4484 νόμῳ,
2340 4414 2434 4465 καὶ
2481 4389 2666 4465 όπίσω
2709 4412 2872 4466 αὑτοῦ
2898 4389 3343 4486 ⁷ἁνεπιστρόφως
3388 4389 3688 4486 τρέχοντες,

453 4487 691 4543 remissa:
762 4500 972 4552 manus,
1018 4494 1073 4539 et
1142 4484 1400 4540 dissoluta
1452 4488 1629 4556 genua‘
1678 4487 2018 4543 convaluere.

451 4579 644 4643 Pedes,
663 4576 759 4633 Dei
789 4578 906 4649 lege
948 4577 1095 4634 velut
1128 4578 1347 4634 lucerna
1375 4578 1617 4644 deducti,
1646 4596 1711 4635 ac
1738 4590 1858 4649 post
1897 4596 2019 4635 eum

449 4673 709 4729 irretorto
757 4686 920 4728 cursu
976 4681 1353 4742 properantes,
1411 4672 1582 4727 donec
1648 4682 1885 4727 amatum
1952 4674 2020 4727 ad

386 4754 387 4757 “
447 4772 719 4817 amantem
783 4772 1081 4817 traxerunt.
1118 4762 1253 4817 Tota
1287 4763 1558 4818 thalamus
1593 4763 1849 4834 Spiritus,
1909 4774 2018 4820 tota

449 4853 645 4909 civitas
676 4854 768 4909 Dei
796 4855 925 4919 vivi,
962 4869 1124 4922 quam
1160 4854 1435 4908 ltetilicaut
1472 4854 1710 4910 ﬂuminis
1742 4855 2009 4924 impetus;

448 4946 646 5009 sancti,
685 4948 928 5015 inquam,
984 4945 1219 5015 Spiritus
1250 4947 1540 5015 gratiarum
1606 4947 1819 5002 ﬂuctus.
1885 4948 2021 5005 Tuta

446 5033 692 5103 pulchra,
718 5043 827 5089 tota
864 5033 971 5088 Deo
1014 5034 1314 5104 propinqua
1357 5052 1371 5088 :
1406 5034 1519 5088 ham
1541 5036 1686 5088 enim
1727 5036 2019 5093 Cherubim

446 5139 727 5195 superans,
762 5136 817 5179 et
852 5139 1016 5195 super
1068 5123 1355 5195 Seraphim
1387 5133 1595 5193 evecta,
1634 5125 1878 5195 proxima
1914 5130 2021 5185 Deo

446 5211 677 5265 exstitit.

517 5302 605 5357 ιο.
647 5301 694 5358 0
750 5304 1068 5360 miraculum
1120 5305 1374 5363 omnibus
1434 5308 1711 5365 miraculis
1746 5312 2013 5371 excellen-

512 5458 558 5491 "
592 5456 733 5512 Psal.
768 5473 911 5524 κων,
942 5460 1028 5515 Η.
1105 5462 1150 5495 ⁸ο
1186 5461 1330 5521 Psal.
1372 5479 1413 5532 ι,
1452 5463 1506 5520 5.
1582 5466 1625 5499 ⁸¹
1657 5465 1813 5525 Cant.
1846 5485 1887 5540 ι,
1914 5468 1969 5525 2.

512 5615 625 5687 (62)
655 5614 782 5687 yss.
809 5616 1030 5684 κόσμον.

511 5684 625 5758 (63)
656 5684 795 5741 Edit.
828 5689 1122 5761 πρόθυμον.

2119 4506 2223 4568 ἕως
2258 4504 2391 4575 πρὸς
2440 4504 2539 4575 τὴν
2576 4494 2845 4558 ποθοῦσαν
2878 4506 2972 4559 τὸν
3029 4505 3361 4576 ποθούμενον
3415 4508 3691 4561 εἵλκυσαν.

2126 4596 2264 4667 Ὀλη
2302 4595 2512 4659 παστὰς
2544 4595 2637 4648 τοῦ
2670 4596 3003 4668 Πνεύματος.
3032 4597 3179 4669 ,Ὄλη
3214 4598 3367 4660 πόλις
3395 4598 3532 4652 Θεοῦ
3558 4599 3691 4664 de-

2117 4704 2227 4750 τος,
2256 4688 2322 4757 ἦν
2352 4686 2700 4757 εὐφραίνουσι
2726 4687 2819 4740 τοῦ
2854 4688 3096 4759 ποταμοῦ
3126 4688 3191 4742 τὰ
3233 4691 3554 4760 ὁρμήματά·
3588 4690 3693 4743 τῶν

2116 4777 2209 4830 τοῦ
2236 4778 2392 4845 ἁγίου
2420 4777 2737 4849 Πνεύματος
2765 4780 3115 4850 χαρισμάτων
3140 4781 3381 4852 κύματαο
3406 4783 3503 4854 ὅλη
3531 4783 3690 4855 καλὴ,

2122 4869 2214 4939 ὅλη
2247 4869 2470 4939 πλησίον
2515 4870 2671 4925 Θεοῦ.
2709 4870 2855 4941 Α’ύτη
2889 4870 2996 4943 γὰρ
3053 4873 3444 4943 ὑπεραναϐάσα
3473 4874 3544 4927 τά
3586 4875 3692 4927 Χε-

2120 4964 2338 5036 ρουϐὶμ,
2371 4965 2466 5018 καὶ
2494 4964 2600 5018 τῶν
2629 4965 2879 5035 Σεραφὶμ
2906 4966 3281 5039 ὑπεραροείσα
3311 4966 3530 5038 πλησίον
3559 4966 3691 5020 Θεοῦ

2120 5054 2509 5126 ἐχρημάτισεν.

2193 5317 2245 5375 ι’.
2288 5307 2357 5375 Ὢ
2403 5322 2588 5394 θαῦμα
2623 5322 2841 5377 πάντων
2892 5323 3184 5398 θαυμάτων
3216 5324 3327 5398 (64)
3366 5324 3692 5399 ὑπέρτερονι

2185 5626 2298 5703 (Gl)
2328 5626 2472 5685 Edit.
2504 5629 2843 5689 καινότατον.
