4012 6338
272 352 390 414 677

1103 348 1429 410 IIOMILIA
1468 352 1497 412 I
1540 351 1621 413 ΙΝ
1661 352 2180 416 NATIVITATEM
2220 353 2285 413 B.
2327 354 2392 415 V.
2435 351 2718 413 MARIE.

3464 352 3569 417 678

3066 394 3099 403 κ

282 458 662 526 Γυνὴ-ἐπάνω
706 463 814 514 τῶν
849 458 1100 531 Σεραφὶμ
1124 459 1380 528 γέγονεν,
1430 461 1515 514 ὅτι
1553 460 1687 525 Θεὸς
1731 461 1886 533 ὤφθη

1995 465 2133 520 tius!
2179 463 2372 518 Mulier
2416 462 2704 519 sublimior
2752 458 3036 528 Seraphin]
3086 454 3275 512 eﬂ'ecta
3306 464 3410 523 est,
3437 460 3567 529 quia

264 552 479 625 βραχύ
518 570 574 605 τι
617 552 748 623 παρ’
793 551 1057 620 ἀγγέλους
1091 551 1495 624 ήλαττωμὲνος.
1532 552 1745 622 Σιγάτω
1783 554 1882 606 Σο-

294 640 482 711 Αομὼν
510 642 541 694 ὁ
588 640 924 708 σοφώτατος,
953 639 1049 693 καὶ
1097 639 1174 710 μὴ
1205 640 1434 708 λεγέτω·
1471 641 1659 711 Μηδὲν
1702 643 1886 696 καινὸν

293 733 405 789 ὑπὸ
441 732 533 785 τὸν
566 731 741 802 ἥλιον.
777 727 847 783 Ὠ
877 730 1121 801 Παρθένε
1167 730 1552 803 θεοχαρίτωτε,
1584 733 1707 795 ναξς
1748 732 1885 787 Θεοῦ

292 826 473 895 ἅγιος,
500 823 559 876 ὃν
589 824 617 876 ό
648 822 1018 892 πνευματικὸς
1049 822 1321 894 Σολομὼν,
1355 826 1383 876 ό
1422 825 1756 895 εἰρηνάρχης
1787 841 1887 877 κα-

290 918 643 980 τασκευάσας
691 914 1037 987 κατῴκησεν,
1070 918 1156 969 -οὐ
1189 916 1374 987 χρυσῷ
1423 917 1519 971 καὶ
1550 916 1718 979 λίθοις
1752 917 1887 985 ἀψύ-

287 1027 413 1083 χοις
461 1006 964 1077 καλλωπιζόμενος,
992 1007 1105 1065 ἀλλ’
1147 1008 1268 1062 ἀντὶ
1300 1007 1504 1079 χρυσοῦ
1538 1008 1771 1077 λάμπων
1810 1010 1888 1080 τῷ

290 1101 612 1170 Ιινεύματι·
656 1099 779 1153 ἀντὶ
832 1099 892 1153 δὲ
934 1100 1094 1154 λίθων
1134 1100 1332 1171 τιμίων
1369 1100 1508 1170 ἔχων
1546 1100 1641 1153 τὸν
1673 1101 1875 1154 πολύτιο

292 1212 396 1264 μον
425 1189 771 1264 μαργαρίτην
800 1190 1057 1261 Χριστὸν,
1085 1192 1173 1246 τὸν
1202 1192 1448 1263 ἄνθρακα
1478 1192 1578 1264 τῆς
1601 1193 1885 1262 Θεότητοςν

288 1286 355 1339 ὃν
407 1284 648 1351 ἅψασθαι
694 1282 804 1336 τῶν
834 1282 1058 1352 χειλέων
1111 1284 1270 1355 ήμῶν
1322 1286 1665 1349 καθικέτευε,
1706 1287 1784 1351 ὼς
1822 1286 1888 1340 ἂν

294 1374 689 1444 κ..θαρθέντες,
722 1372 911 1427 τοῦτον
946 1375 1042 1429 σὺν
1063 1376 1140 1445 τῷ
1171 1377 1347 1447 Πατρὶ
1376 1377 1471 1430 καὶ
1502 1376 1578 1447 τῷ
1609 1376 1890 1447 Πνεύματι

293 1467 629 1537 ὑμνήσωμεν
673 1450 1114 1537 ἀνακράζοντες,
1147 1467 1376 1537 Ἄγιος,
1411 1469 1633 1539 Ἄγιος,
1671 1470 1886 1539 Ἄγιος,

292 1560 515 1626 Κύριος
536 1558 802 1621 Σαϐαὼθ,
851 1558 945 1628 μία
976 1558 1131 1628 φύσις
1163 1559 1426 1631 Θεότητος
1453 1562 1510 1614 ὲν
1547 1562 1726 1632 τρισὶν
1759 1563 1889 1617 utro-

295 1651 545 1704 στάσεσι.
577 1650 781 1719 ’Ἄγιος
824 1653 857 1704 ὀ
888 1650 1032 1716 Θεὸς
1062 1652 1155 1705 καὶ
1189 1651 1401 1723 Πατὴρ,
1434 1654 1462 1707 ό
1494 1654 1795 1725 εὐδοκήσας
1833 1656 1889 1707 ὲν

294 1739 406 1799 σοὶ,
439 1738 534 1791 καὶ
564 1739 629 1791 ὲκ
666 1738 762 1791 σοῦ
806 1739 1127 1810 τελεσθῆναι
1160 1740 1190 1794 ὃ
1230 1741 1503 1813 προώρισε
1542 1744 1648 1814 πρὸ
1680 1743 1889 1797 αἰώνων

294 1832 620 1902 μυστήριον,
664 1831 867 1901 ’Ἄγιος
896 1832 1168 1901 ἰσχυρὸς,
1218 1836 1247 1887 ό
1287 1834 1413 1898 Υἱὸς
1444 1834 1540 1889 τοῦ
1583 1835 1741 1901 θεοῦ,
1790 1837 1888 1890 καὶ

291 1923 429 1986 Θεὸς
449 1925 477 1976 ό
500 1925 818 1994 μονογενὴς,
842 1925 902 1977 σὲ
925 1925 1272 1995 πρωτότοκον
1305 1928 1637 1997 προαγαγὼν
1666 1931 1729 1982 ὲκ
1749 1928 1893 1982 στείο

292 2034 400 2087 ρας
428 2015 631 2087 μητρὸς
655 2016 923 2086 σήμερον,
951 2017 1099 2080 ὅπως
1129 2019 1432 2087 μονογενὴς
1458 2018 1536 2072 ὢν
1554 2020 1620 2073 ἐκ
1654 2020 1888 2091 Πατρός,

293 2107 393 2161 καὶ
411 2106 751 2176 πρωτότοκος
769 2107 951 2177 πάσης
972 2107 1225 2171 κτίσεως,
1252 2109 1547 2181 μονογενὴς
1564 2110 1629 2163 ὲκ
1653 2110 1891 2179 σοῦγεν-

292 2201 436 2269 νηθῇ
466 2197 744 2269 Παρθένου
773 2199 1000 2270 μητρὸς,
1040 2200 1385 2271 πρωτότοκος
1421 2201 1478 2254 ἐν
1501 2201 1711 2265 πολλοῖς
1740 2202 1893 2256 ἁδελ-

291 2295 416 2360 φοίς
449 2291 848 2362 παραπλησίως
880 2293 1033 2362 ἡμῖν,
1063 2292 1128 2345 ἐκ
1169 2290 1269 2345 σοῦ
1299 2292 1651 2364 μετεσχηκὼς
1692 2294 1891 2365 σαρκὸς

292 2386 392 2437 καὶ
417 2384 665 2453 αἵματος.
707 2382 845 2437 Ἀλλ’
877 2384 979 2437 οὐκ
1001 2384 1067 2437 ὲκ
1095 2384 1259 2455 μόνου
1295 2402 1355 2437 σε
1384 2386 1616 2457 Πατρός,
1642 2386 1675 2457 ἢ
1712 2389 1778 2440 ἐκ
1803 2386 1894 2457 μό-

293 2494 395 2547 νής
441 2475 663 2547 Μητρὸς
695 2478 1032 2547 προήγαγεν,
1066 2476 1153 2528 ἵνα
1184 2474 1262 2547 τῷ
1297 2476 1443 2547 μόνῳ
1471 2478 1767 2545 Μονογενεί
1791 2496 1892 2548 φυο

292 2569 471 2639 λαχθῇ
509 2569 569 2621 τὸ
607 2570 748 2622 κατὰ
790 2568 975 2622 πάντα
1020 2568 1329 2640 μονογενὲς.
1361 2570 1535 2633 Αὐτὸς
1578 2569 1686 2642 γὰρ
1730 2571 1890 2640 μόνος

297 2663 602 2732 μονογενὴς
630 2664 695 2715 ὲκ
725 2662 885 2732 μόνου
917 2662 1151 2732 Πατρός.
1182 2663 1274 2716 καὶ
1300 2662 1461 2733 μόνος
1491 2664 1557 2716 ὲκ
1587 2664 1754 2734 μόνης
1779 2665 1893 2734 Μη-

287 2751 449 2822 τρός.
499 2752 687 2822 "Apte;
737 2752 1058 2816 ἀθάνατος,
1101 2752 1163 2806 τὸ
1212 2753 1483 2821 ⁸κτανέιγιον
1530 2754 1775 2825 Πνεῦμα,
1822 2757 1888 2826 τῇ

293 2843 479 2913 δρόσῳ
501 2843 598 2915 τῆς
620 2843 810 2897 ἑαυτοῦ
838 2842 1113 2915 θεότητος,
1142 2843 1220 2913 τῷ
1244 2842 1374 2915 θείῳ
1403 2843 1538 2915 τωρί
1563 2861 1624 2899 σε
1647 2844 1889 2914 φυλάξαν

296 2920 600 2988 ἀνάλωτον.
652 2932 823 2987 Τοῦτο
853 2933 963 3004 γάρ
1008 2934 1044 3002 ή
1081 2933 1360 2997 Μωῡσέως
1395 2932 1507 3006 ιϐὃ)
1553 2933 1889 3008 προύπῃνίτ-

295 3042 428 3081 τετο
461 3025 642 3098 βάτος.

374 3228 469 3276 ια’.
508 3221 756 3291 Χαίροις,
795 3219 1129 3289 προδατικὴ,
1162 3219 1259 3290 τῆς
1281 3219 1375 3272 τοῦ
1409 3218 1545 3273 Θεοῦ
1579 3220 1803 3291 Μητρὸς
1830 3220 1891 3275 τὸ

301 3312 598 3383 ἱερώτατον
635 3310 884 3379 τέμενος.
912 3309 1161 3380 Χαίροις,
1200 3310 1533 3381 προὸατικὴ,
1561 3311 1662 3380 τῆς
1684 3310 1894 3381 βασιλί-

295 3407 394 3469 δος
418 3406 482 3457 τὸ
518 3404 843 3474 προγονικὸν
877 3401 1245 3472 καταγώγιον.
1274 3402 1523 3473 Χαίροις,
1560 3403 1887 3475 προϐατικὴ,

299 3498 415 3550 τῶν
458 3494 550 3549 τοῦ
609 3495 866 3564 Ἰωακεὶμ
919 3494 1210 3565 προϐάτων
1268 3495 1331 3548 τὸ
1363 3496 1529 3550 πάλαι
1572 3497 1759 3568 σῆκος,
1796 3496 1891 3550 νῦν

300 3588 362 3641 δὲ
392 3584 490 3657 τῆς
518 3586 741 3657 λογικῆς
771 3585 865 3639 τοῦ
898 3586 1136 3656 Χριστοῦ
1173 3586 1411 3658 ποίμνης
1445 3588 1903 3661 οὐρανομίμητος

321 3683 653 3754 Ἐκκλησία·
687 3684 723 3754 ἢ
752 3682 890 3735 ποτὲ
933 3684 1030 3755 μὲν
1067 3683 1214 3749 ἅπαξ
1237 3683 1330 3736 τοῦ
1361 3685 1607 3739 ἐνιαυτοῦ
1636 3684 1728 3738 τοῦ
1755 3683 1890 3737 Θεοῦ

302 3776 575 3847 δεχομένη
604 3775 692 3829 τὸν
739 3775 991 3846 ἄγγελον,
1021 3777 1082 3829 τὸ
1124 3778 1276 3847 νᾶμα
1309 3778 1668 3848 ταράττοντα,
1699 3778 1795 3831 ἐνα
1833 3795 1891 3830 τε

305 3869 606 3939 ῥωννύντα,
638 3869 732 3921 καὶ
757 3868 855 3939 τῆς
879 3867 1213 3939 συνεχούσης
1244 3869 1657 3929 ἀπαλλάττονται
1695 3870 1854 3923 νόσου
1876 3887 1889 3900 ο

307 3961 410 4014 νῦν
439 3960 497 4013 δὲ
546 3960 724 4031 πλήθη
761 3961 1027 4031 οὐρανίων
1072 3961 1355 4033 δυνάμεων
1397 3961 1618 4031 ἔχουσα,
1658 3962 1891 4031 ὑμνούν-

1930 1818 1965 1870 Β

303 4071 422 4107 των
465 4054 561 4106 σῦν
612 4055 743 4123 ἡμῖν
786 4055 886 4122 τὴν
914 4053 1270 4124 Θεομήτορα*
1304 4052 1417 4124 ’τήν
1448 4052 1557 4106 τῶν
1603 4050 1893 4121 θαυμάτων
1934 4076 1939 4081 ι

303 4144 549 4200 ᾶῆυσσον
576 4187 589 4207 ,
623 4147 721 4215 τὴν
766 4145 949 4216 πηγὴν
1007 4146 1103 4215 τῆς
1151 4144 1503 4215 παγκοσμίου
1554 4144 1750 4205 ἰάσεως
1778 4158 1792 4173 θ
1832 4142 1892 4194 οὐ

302 4238 624 4306 λειτουργὸν
652 4236 923 4308 δεξαμένη
945 4237 1198 4307 ἄγγελον,
1231 4238 1369 4290 ἀλλὰ
1392 4237 1484 4291 τὸν
1518 4240 1616 4309 τῆς
1650 4236 1893 4308 μεγάλης

306 4330 512 4401 βουλῆς
540 4370 555 4393 ,
601 4330 677 4394 ὡς
733 4331 827 4383 ἐπὶ
877 4331 1046 4384 πόκον
1092 4331 1334 4405 ἀψοφητὶ
1385 4330 1703 4386 καταϐάντα
1740 4329 1893 4383 ὑετὸν

303 4421 646 4494 ἁγαθότητος
672 4462 686 4485 ,
719 4423 814 4475 καὶ
851 4424 1032 4476 πᾶσαν
1066 4423 1165 4494 τὴν
1215 4423 1378 4494 φύσιν
1428 4424 1763 4494 νοσήσασαν,
1798 4421 1892 4475 καὶ

1988 553 2130 611 Deus
2152 557 2300 610 visus
2332 564 2415 610 est
2444 553 2648 624 angelis
2673 550 3012 622 paulominus
3045 549 3346 603 minoratus
3375 549 3446 603 ⁸³.
3475 549 3568 604 Si-

1987 644 2091 697 leat
2119 644 2553 712 sapientissimus
2583 642 2858 707 Salomon,
2880 641 3120 709 nihilque
3149 639 3259 709 jam
3296 639 3399 694 sub
3428 642 3567 695 emlo

1987 748 2185 787 novum
2244 748 2366 788 esse
2416 734 2688 787 iulicietur
2722 730 2861 786 “.0
2902 732 3061 801 Virgo
3113 731 3318 785 divinis
3378 733 3570 800 gratiis

1988 824 2230 891 allluens,
2256 826 2510 894 templum
2546 826 2636 879 Dei
2672 834 2943 887 sanetum,
2975 827 3119 893 quod
3148 823 3448 892 spiritualis
3475 821 3569 877 Sa-

1988 914 2191 979 lomon,
2225 916 2311 970 ille
2356 918 2607 985 princeps
2655 916 2803 985 pacis
2846 914 2943 968 abs
2983 932 3042 968 se
3073 921 3447 968 constructum
3481 913 3567 966 iu-

1968 1008 2251 1061 νίιειιιίιεινίι
2291 1023 2307 1061 :
2342 1008 2619 1078 templum,
2649 1010 2887 1077 inquam,
2924 1023 3029 1059 non
3063 1021 3200 1059 auro
3232 1014 3284 1057 et
3316 1004 3570 1058 inanimis

1990 1099 2257 1165 lapidibus
2281 1100 2616 1163 decoratum,
2645 1100 2740 1153 sed
2776 1098 2892 1151 auri
2922 1098 3042 1151 loco
3077 1097 3281 1165 Spiritu
3314 1095 3565 1165 fulgens;

1991 1205 2087 1255 pro
2126 1190 2396 1257 lapidibus
2443 1190 2713 1259 pretiosis,
2759 1188 3175 1260 pulcherrimam
3215 1188 3567 1256 margaritam

1994 1280 2199 1336 habens
2221 1281 2516 1344 Christum,
2548 1282 2772 1336 Deitatis
2796 1281 2943 1335 illum
2971 1278 3386 1341 carbunculum,
3406 1291 3568 1346 quem

1992 1382 2049 1424 ut
2076 1373 2214 1425 labia
2242 1384 2428 1427 nostra
2462 1384 2645 1443 tangat
2688 1373 2907 1441 supplex
2955 1385 3200 1441 precare,
3233 1380 3287 1422 ut
3318 1368 3400 1421 sic
3437 1382 3569 1436 pur-

1991 1465 2101 1533 gati
2148 1467 2323 1534 ipsum
2361 1482 2483 1520 cum
2520 1466 2682 1519 Patre
2710 1475 2763 1519 et
2790 1476 2982 1525 sancto
3015 1462 3220 1532 Spiritu
3265 1461 3568 1523 laudemus,

1992 1556 2308 1620 clamantes,
2345 1554 2595 1619 Saucius,
2633 1557 2883 1620 Sanctus,
2906 1557 3158 1619 Sanctus,
3187 1552 3441 1607 Dominus
3467 1548 3571 1603 Sa-

1993 1647 2147 1701 baoth
2179 1647 2246 1713 3‘,
2280 1665 2382 1701 una
2439 1649 2663 1702 Deitatis
2712 1649 2766 1701 itt
2824 1649 2996 1701 tribus
3052 1645 3299 1716 personis
3354 1651 3569 1697 natura.

1992 1740 2218 1796 Sanctus
2253 1742 2386 1795 Deus
2417 1752 2469 1796 et
2500 1741 2679 1808 Pater,
2716 1743 2805 1810 qui
2849 1742 2901 1793 in
2932 1749 2982 1794 te
3004 1749 3057 1795 et
3082 1754 3145 1793 ex
3179 1746 3232 1791 te
3256 1733 3571 1806 mysterium

1994 1836 2177 1904 perlici
2208 1832 2400 1899 voluit,
2426 1834 2566 1903 quod
2602 1845 2729 1887 ante
2782 1831 2979 1887 srecnla
3044 1829 3375 1901 praeﬁnitum
3426 1830 3568 1878 erat.

1994 1926 2223 1981 Sanctus
2264 1927 2443 1994 fortis,
2477 1925 2567 1980 Dei
2601 1926 2774 1979 Filius
2820 1938 2884 1978 ac
2918 1924 3081 1987 Deus,
3110 1918 3441 1990 unigenitus,
3483 1916 3573 1984 Qui

1993 2029 2044 2073 et
2073 2021 2494 2090 primogenitum
2533 2020 2693 2073 hodie
2732 2034 2797 2073 ex
2828 2017 3000 2073 sterili
3027 2013 3304 2086 produxit,
3354 2020 3408 2064 ut
3451 2009 3576 2063 uni-

1992 2113 2207 2180 genitus
2282 2111 2397 2179 ipse
2465 2126 2531 2164 ex
2598 2111 2780 2171 Patre,
2841 2119 2894 2164 et
2939 2107 3336 2176 primogenitus
3397 2103 3576 2155 omnis

1992 2213 2282 2268 creaturae,
2316 2204 2627 2272 unigenitus
2661 2212 2975 2257 nasceretur
3004 2217 3069 2255 ex
3114 2212 3165 2255 te
3207 2198 3427 2267 Virgine
3460 2214 3576 2251 ma-

1996 2304 2097 2357 πθ,
2142 2295 2535 2366 primogenitus
2575 2296 2628 2349 in
2674 2295 2858 2349 multis
2903 2293 3163 2349 fratribus
3197 2292 3361 2348 simili
3394 2291 3573 2353 nobis,

1993 2387 2204 2443 ratione
2249 2390 2431 2444 carnis
2468 2398 2524 2443 et
2553 2388 2851 2459 sanguinis,
2896 2401 3015 2457 qua:
3043 2401 3107 2440 ex
3157 2396 3208 2440 te
3254 2382 3572 2452 assumpsit,

1993 2482 2259 2552 particeps
2297 2483 2489 2537 lactus.
2521 2484 2682 2551 Atqui
2713 2492 2763 2537 te
2797 2497 2901 2536 non
2931 2497 2998 2537 ex
3033 2479 3148 2535 solo
3180 2478 3456 2543 Gl-uitore,
3484 2487 3579 2530 aut

1991 2586 2057 2626 ex
2099 2572 2213 2627 sola
2249 2573 2503 2642 produxit
2548 2572 2738 2636 Matre,
2775 2582 2833 2627 ut
2859 2572 2958 2626 soli
2987 2571 3281 2643 Unigenito
3314 2571 3574 2639 unigeniti

1994 2667 2294 2737 proprietas
2332 2668 2507 2722 modis
2547 2668 2799 2721 omnibus
2826 2667 3075 2721 absoluta
3116 2677 3447 2720 servaretur.
3476 2664 3578 2721 So-

1993 2754 2076 2809 lus
2105 2757 2250 2811 enim
2280 2757 2395 2825 ipse
2423 2759 2733 2825 unigenitus
2760 2766 2843 2811 est
2872 2773 2937 2811 ex
2968 2757 3084 2811 solo
3125 2757 3310 2824 Patre,
3345 2767 3400 2811 et
3426 2757 3578 2812 solus

1991 2857 2059 2899 ex
2110 2844 2225 2899 sola
2290 2844 2485 2899 Matre.
2538 2845 2771 2898 Sanctus
2818 2844 3156 2909 immortalis,
3198 2844 3577 2902 sanctissimus

1995 2935 2223 3004 Spiritu,
2249 2939 2341 3005 qui
2377 2936 2679 2989 divinitatis
2717 2951 2831 2989 suae
2864 2949 2989 2989 rore
3019 2944 3068 2989 te
3107 2935 3478 2999 conservavit,
3511 2950 3579 2989 ne

1991 3027 2060 3082 ab
2110 3027 2232 3098 igne
2261 3027 2447 3081 divino
2484 3028 2769 3097 absumpta
2802 3028 2995 3084 fueris.
3039 3028 3172 3083 Nam
3205 3038 3259 3083 et
3290 3028 3392 3084 hoc
3429 3043 3581 3099 quo-

1918 3163 1962 3222 ο
1994 3134 2100 3189 que
2129 3119 2329 3189 Moysis
2359 3119 2448 3174 ille
2487 3122 2653 3174 rubus
2690 3120 3077 3192 pracsignabat.

2067 3234 2155 3288 ll.
2185 3232 2441 3299 Salvcsis,
2468 3233 2766 3303 probatiea,
2795 3234 2887 3289 Dei
2922 3233 3111 3289 Matris
3137 3233 3570 3290 sacratissimum

1994 3325 2301 3379 delublum.
2332 3323 2596 3386 Salvesis,
2617 3326 2918 3395 probatiea,
2949 3326 3153 3380 avitum
3182 3326 3382 3397 reginae
3401 3326 3568 3381 domi-

1992 3419 2197 3473 cilium.
2227 3416 2484 3484 Salvesis,
2506 3420 2781 3489 probatica
2833 3419 3098 3486 Juacbim,
3124 3435 3377 3490 pecorum
3405 3436 3582 3491 quon-

1994 3511 2115 3563 dam
2171 3510 2347 3576 caula,
2393 3527 2535 3563 nuuc
2576 3520 2773 3587 autem
2817 3510 3098 3565 rationalis
3144 3511 3349 3564 Christi
3419 3511 3579 3565 ovilis

1996 3602 2233 3656 Erclesia
2268 3602 2464 3657 caelum
2519 3614 2952 3673 repraesentans;
3007 3620 3126 3673 qua:
3173 3603 3300 3657 olim
3360 3604 3576 3673 quidem

1992 3695 2284 3762 quotannis
2303 3693 2470 3749 semel
2500 3692 2764 3761 Angelqu
2799 3693 2889 3748 Dei
2933 3694 3241 3763 exeipicbas
3269 3698 3577 3748 turbantem

1995 3800 2211 3853 aquam,
2241 3799 2513 3852 unumque
2549 3784 2843 3837 valetudini
2874 3783 3270 3847 restituentem,
3308 3798 3451 3837 nunc
3484 3798 3578 3835 au-

1996 3887 2101 3931 tem
2120 3874 2428 3930 cazlestiutn
2456 3875 2715 3928 virtutum
2739 3874 3173 3942 copiosissimum
3196 3888 3387 3939 agmen
3411 3874 3579 3927 habes

1996 3966 2088 4020 Dei
2117 3964 2450 4020 Genitriccm
2507 3963 2840 4017 laudantium
2874 3960 3042 4034 849
3075 3963 3389 4028 uobiscmn;
3425 3962 3573 4017 illaut

1996 4056 2386 4112 miraculorum
2421 4056 2698 4125 abyssum,
2759 4056 2943 4108 mundi
3005 4056 3243 4107 universi
3277 4054 3579 4110 curationis

1998 4151 2223 4216 fontem,
2251 4164 2368 4218 qua:
2400 4162 2506 4203 non
2542 4147 2789 4217 angelum
2830 4147 3136 4200 ministrum
3185 4150 3446 4217 suscepit,
3484 4149 3580 4201 sed

1998 4243 2175 4313 magni
2231 4240 2444 4297 consilii
2496 4240 2771 4310 angelum,
2803 4239 2893 4308 qui
2937 4242 3078 4295 sicut
3109 4239 3283 4309 pluvia
3317 4241 3369 4292 in
3410 4238 3581 4294 vellus

1996 4336 2114 4391 sine
2160 4334 2388 4405 strepitu
2436 4334 2738 4395 descendit,
2774 4342 3052 4401 totamque
3112 4342 3362 4385 naturam
3426 4331 3580 4386 labo-

1997 4436 2209 4481 rantem
2239 4436 2294 4480 et
2352 4425 2416 4479 ad
2465 4426 2740 4479 interitum
2776 4434 3111 4496 vergentem,
3153 4425 3218 4478 ad
3250 4422 3461 4494 lit-mam
3492 4438 3584 4479 sa-

308 4513 452 4583 πρὸς
507 4514 717 4583 φθορὰν
775 4515 1177 4579 ἀποκλίνασαν,
1235 4515 1374 4587 πρὸς
1427 4514 1614 4582 ὑγείαν
1676 4513 1890 4581 ἄνοσον,

2004 4520 2227 4572 nitatem
2264 4518 2539 4586 vitamque
2570 4518 2705 4572 senii
2738 4529 3040 4586 experietur,
3093 4516 3455 4570 instauravit:
3487 4531 3585 4584 per

307 4607 410 4658 καὶ
448 4605 583 4675 πρὸς
618 4605 762 4677 ζωὴν
793 4608 987 4679 ἀγήρω
1021 4605 1479 4677 ὲπανορθώσαντα
1506 4622 1519 4635 ”
1552 4605 1661 4678 (66)
1691 4605 1758 4659 δι’
1784 4606 1844 4659 ὃν
1868 4608 1897 4660 ὁ

310 4703 375 4750 ἐν
419 4697 502 4750 σοὶ
530 4700 837 4769 παράλυτος
867 4700 943 4764 ὡς
966 4700 1165 4769 ἔλαφος
1192 4700 1380 4772 ἥλατο.
1412 4701 1658 4773 Χαίροις,
1692 4700 1899 4769 προϐα-

303 4793 439 4862 τικὴ
477 4792 655 4861 τιμία,
694 4793 935 4859 αὺξὲσθω
964 4808 1059 4845 σου
1096 4793 1129 4862 ἡ
1162 4793 1345 4864 χάρις.
1377 4794 1626 4864 Χαίροις,
1665 4793 1857 4863 Μαρία
1883 4832 1899 4857 ,

306 4883 652 4953 γλυκύτατον
674 4882 775 4953 τῆς
812 4885 1012 4956 ’Λννης
1042 4883 1339 4954 θυγάτριον
1361 4900 1373 4913 ·
1416 4884 1554 4954 πρὸς
1582 4885 1641 4936 σὲ
1670 4885 1778 4955 γάρ
1804 4880 1900 4937 αῦ-

307 4978 399 5039 θις
425 4976 455 5028 ό
482 4975 642 5040 πόθος
670 4977 889 5031 ἀνέλκει
918 4994 1009 5047 με.
1050 4977 1175 5039 Πῶς
1206 4975 1518 5041 ἐξεικονίζω
1569 4991 1665 5028 σου
1696 4975 1759 5027 τὸ
1806 4992 1896 5027 σε-

311 5067 583 5140 μνότατον
615 5068 855 5137 βάδισμα
879 5108 894 5131 ,
931 5068 1047 5132 πῶς
1078 5069 1176 5138 τήν
1204 5067 1434 5137 στολήν;
1480 5066 1595 5128 πῶς
1632 5064 1691 5118 τὸ
1735 5065 1903 5135 πρόσ-

320 5160 472 5214 υπόν
500 5177 594 5215 σου
614 5161 724 5231 (67)
746 5162 805 5215 τὸ
834 5163 1025 5234 χάριεν
1048 5178 1062 5228 ;
1087 5160 1356 5242 γηραλέον
1391 5158 1647 5231 φρόνημα
1683 5158 1743 5211 ὲν
1776 5158 1902 5212 νεά-

309 5254 469 5319 ζοντι
502 5255 756 5325 σώματι;
808 5257 972 5327 στολὴ
1029 5253 1270 5326 κοσμία,
1321 5256 1504 5308 πᾶσαν
1557 5251 1754 5324 θρύψιν
1806 5253 1902 5308 καὶ

312 5346 599 5418 μαλακίαν
633 5347 933 5418 φεύγουσα.
987 5348 1151 5417 Bima
1188 5348 1409 5418 σεμνὸν,
1454 5345 1549 5400 καὶ
1602 5346 1901 5416 ἀτάραχον,

311 5442 417 5494 καὶ
450 5441 635 5508 πάσης
688 5439 947 5510 βλακείας
982 5439 1291 5509 ἐλεύθερον.
1325 5435 1499 5502 Ἶιθος
1534 5439 1901 5508 ἐστυμμένον,

396 5601 441 5632 ⁶²
472 5601 638 5657 llebr.
667 5616 731 5666 ιι,
759 5601 811 5656 9.
888 5601 933 5631 ⁸³
959 5599 1136 5656 Etzele.
1173 5617 1209 5670 ι,
1246 5601 1325 5656 l0.
1404 5599 1451 5629 "
1482 5597 1583 5653 lsa.
1619 5612 1689 5663 VI,
1718 5595 1770 5650 6.

397 5740 507 5800 (tibi
544 5737 685 5794 Edil.
718 5740 856 5810 ττρού
866 5740 1003 5811 fair:
1014 5755 1090 5794 το.

401 5814 511 5882 (liti)
547 5810 707 5883 Lego,
736 5807 802 5863 δι’
833 5807 916 5866 οὖ.

2000 4628 2158 4681 quem
2191 4611 2517 4681 paralyticns
2548 4610 2639 4679 qui
2670 4610 2722 4663 in
2753 4621 2803 4664 te
2818 4608 3054 4677 jacebat,
3098 4619 3354 4677 tanquam
3388 4622 3585 4663 cervus

2002 4704 2226 4758 exsiliit.
2282 4701 2547 4766 Salvcsis,
2602 4704 2912 4756 veneranda
2942 4701 3242 4772 probatira,
3278 4702 3587 4755 incremen-

2006 4804 2247 4847 tnentuut
2294 4794 2465 4863 gratia
2512 4805 2600 4847 tua
2640 4803 2839 4849 sumat.
2883 4793 3140 4860 Salvesis,
3178 4794 3365 4857 Maria,
3419 4794 3588 4847 Amne

2006 4886 2319 4941 dulcissima
2349 4886 2525 4965 puella
2549 4904 2563 4941 :
2598 4904 2720 4942 nam
2753 4904 2839 4943 tne
2873 4904 3087 4944 rursum
3116 4888 3183 4943 ad
3211 4900 3261 4942 te
3288 4901 3442 4941 amor
3464 4900 3589 4953 per-

2010 4981 2195 5033 trabit.
2229 4978 2476 5046 Quonam
2507 4984 2665 5035 tnodo
2701 4983 2968 5038 incessum
3001 4995 3149 5036 tuum
3184 4980 3452 5050 gravitate
3477 4976 3591 5044 ple-

2013 5087 2141 5125 nnm
2208 5072 2563 5126 describam?
2620 5076 2890 5143 (ιηοιιιυιιο
2962 5071 3265 5127 amictum?
3319 5067 3590 5136 quomodo

2015 5172 2354 5220 venustatem
2387 5165 2540 5219 oris?
2570 5168 2794 5220 senilem
2837 5166 2979 5218 illam
3011 5165 3063 5216 in
3096 5160 3322 5231 juvenili
3362 5174 3594 5229 corpore

2016 5258 2403 5327 prudentiam?
2461 5260 2721 5312 honestus
2771 5258 2998 5309 vestitus
3043 5255 3163 5317 luit,
3205 5252 3484 5306 mollitiem
3536 5261 3593 5305 et

2018 5348 2200 5403 luxum
2225 5363 2440 5403 onmem
2464 5349 2698 5417 fugiens.
2721 5348 2953 5401 Gressus
2980 5347 3181 5415 gravis,
3199 5360 3302 5399 nec
3327 5359 3592 5414 praeceps,

2018 5440 2150 5494 nihil
2188 5439 2423 5494 fractum
2475 5455 2540 5493 ac
2588 5440 2749 5494 molle
2811 5439 3015 5492 habens
3091 5437 3265 5495 Mores
3316 5437 3514 5505 severi,
3545 5445 3594 5492 et

2094 5727 2205 5800 (67)
2249 5725 2390 5785 Edit.
2422 5725 2483 5782 τὸ
2505 5727 2766 5800 χάρισμα.
