4018 6342
270 336 375 404 681

1065 339 1393 399 HOMILIA
1434 340 1493 398 II
1537 341 1616 401 IN
1656 341 2177 405 NATIVITATEM
2216 348 2282 407 B.
2318 348 2384 406 V.
2428 347 2710 407 MARI/E.

3450 355 3553 418 682

269 444 351 498 δτι
384 441 466 515 τῷ
504 442 826 516 δημιουργῷ
857 447 1018 519 Λόγῳ
1046 447 1393 519 καταγώγιον
1425 449 1680 522 ξενισμοῦ
1712 454 1859 523 ἡτοί-
1886 505 1890 515 ,

1983 466 2107 512 :lum
2144 469 2224 514 est
2261 478 2273 513 :
2309 459 2435 527 quia
2490 458 2665 514 Verho
2688 473 2870 514 rerum
2893 461 3072 530 Opilici
3100 461 3324 531 l10§pitil
3362 464 3553 518 domus

269 552 510 606 μασται·
545 538 628 589 ὅτι
650 536 728 607 τῷ
767 538 933 609 Ἡλίῳ
961 541 1060 605 τῆς
1087 541 1431 612 δικαιοσύνης
1459 543 1658 613 νεφέλη
1680 544 1858 611 φωτὸς

266 633 364 704 sas,
376 634 588 686 πλωται
610 651 623 663 ο
656 635 739 685 ὅτι
758 640 763 645 ’
784 633 864 705 τῷ
897 636 1281 706 περεόἀλλοντι
1313 638 1404 691 τὸν
1432 638 1663 709 οὐρανὸν
1689 640 1748 692 ὲν
1776 655 1863 690 νε-

264 724 481 791 φέλαις,
540 724 877 793 θεοῦφὰντου
935 728 1292 797 περιϐολαίου
1341 728 1486 792 ἱστὸς
1535 729 1860 782 ἀνίσταταιο

262 818 348 869 ὅτι
381 815 461 886 τῷ
487 816 747 888 κιρνῶντι
780 819 902 882 ταῖς
930 818 1103 891 ὥραις
1131 821 1260 883 τοὺς
1295 822 1525 892 καιροὺς
1552 822 1648 873 καὶ
1682 821 1863 875 ἐνιαυ-

261 909 398 971 τοὺς
432 910 799 979 συνακτήριον
838 910 1108 980 νυμφικόν
1150 911 1260 982 (69)
1297 912 1692 966 ἀναδέδεικται.

340 1000 412 1069 β’.
455 1000 796 1073 Χορεύσατε,
824 1002 1104 1066 νεάνιδες·
1147 1003 1475 1075 παρθενικὸν
1526 1004 1635 1076 γὰρ
1673 1005 1733 1057 τὸ
1767 1021 1862 1072 γε-

263 1092 505 1146 νέθλιον.
532 1093 894 1165 Σκιρτήσατε,
934 1095 1190 1167 μητέρεςο
1224 1096 1487 1165 μητρικὸς
1514 1096 1623 1167 γὰρ
1650 1097 1863 1167 καρπὸς

263 1185 298 1253 ἡ
340 1183 782 1255 παρθενεύουσα.
826 1186 1072 1257 Στεῖραι,
1108 1186 1390 1251 εὐέλπιδες
1425 1187 1548 1242 ἕστε
1602 1188 1738 1259 πρὸς
1766 1188 1864 1259 τὴν

265 1275 408 1347 πρὶν
439 1277 856 1347 στειρεύουσαν,
891 1275 1011 1333 εἶτα
1054 1278 1316 1332 θεόπαιδα
1347 1281 1689 1350 γεννήσασαν
1722 1281 1863 1334 ἁποο

270 1368 670 1425 σκοπεύουσαι.
708 1371 863 1441 Μηδέ
906 1388 969 1440 γε
1004 1373 1162 1443 κόραι
1198 1374 1298 1442 τῆς
1324 1373 1545 1445 χορείας
1576 1372 1865 1428 ἀπολειπε-

271 1458 521 1522 σθωσαν,
545 1463 646 1532 τῆς
676 1461 846 1532 μόνης
880 1462 1060 1533 κορῶν
1090 1463 1383 1534 κορωνίδος
1411 1463 1545 1534 ὁμοῦ
1576 1465 1671 1518 καὶ
1709 1465 1868 1534 βασι-

267 1552 419 1616 λίδος
444 1553 505 1604 τὸ
536 1553 782 1620 γενέσιον
813 1555 1306 1625 πανηγυρίζουσαι.
1339 1557 1688 1613 Σαλπίσατε
1717 1558 1868 1612 σάλ-

268 1662 444 1713 πιγγι
484 1644 583 1697 ἐπὶ
614 1645 759 1711 τοὺς
782 1646 1055 1710 βουνούς
1081 1663 1093 1676 ·
1128 1647 1404 1714 ήχήσατε
1441 1648 1535 1701 ἐπί
1565 1648 1683 1703 τῶν
1708 1652 1864 1718 ὑψη-

267 1727 439 1781 λῶνο
489 1728 788 1795 κηρύξατε
820 1729 891 1782 ἐν
939 1729 1330 1800 Ἰερουσαλὴμ
1359 1772 1373 1794 ,
1408 1732 1477 1786 δι’
1537 1734 1698 1804 Ὠσηὲ
1730 1737 1867 1805 ἡμῖν

270 1817 559 1873 κάνταῦθα
587 1819 650 1872 τὸ
677 1819 1169 1890 προσταττόμενον.
1197 1822 1360 1875 Δαϐὶδ
1386 1802 1861 1896 ὁΘεοπάτωρ,νεύ-
1897 1802 1940 1857 Β

270 1908 572 1980 φράνθητι·
623 1910 854 1973 Ἡσαΐας
886 1913 914 1964 6
948 1913 1448 1985 προφητοκράτωρ,
1483 1915 1861 1986 φαιδρύνθητι.

272 2002 390 2056 Καὶ
414 2003 443 2054 6
474 2002 573 2071 μὲν
593 2042 609 2066 ,
642 2003 725 2056 ὅτι
756 2002 814 2068 ἐξ
848 2002 1049 2072 ὀσφύος
1081 2020 1175 2057 σου
1212 2004 1354 2058 κατὰ
1388 2006 1488 2075 τὴν
1515 2009 1865 2078 ὁρκωμοσίαν

272 2096 308 2166 ἠ
344 2095 557 2165 βασιλὶς
590 2095 942 2167 προέρχεται,
984 2096 1044 2161 ἐξ
1081 2092 1149 2169 ἦς
1183 2097 1379 2169 θήσειν
1426 2099 1520 2151 ἐπὶ
1549 2100 1638 2154 τὸν
1675 2100 1865 2170 θρόνον

274 2204 375 2240 σου
399 2187 493 2241 τὸν
541 2187 751 2258 καρπόν
802 2204 894 2241 σου
928 2187 1059 2252 Θεὸς
1089 2189 1459 2258 ἐπηγγείλατο
1482 2208 1495 2222 ·
1530 2192 1557 2244 6
1588 2191 1644 2243 δὲ
1667 2230 1681 2256 ,
1716 2192 1797 2245 ὅτι
1831 2195 1863 2264 ἡ

273 2280 590 2352 προφητεία
643 2297 737 2333 σου
803 2279 980 2350 πέρας
1027 2281 1270 2351 εἴληφεν,
1316 2282 1727 2347 Ἑξελεύσεται
1766 2284 1871 2353 ῥά-

272 2372 421 2438 ϐδος
447 2372 516 2426 ἐκ
543 2370 649 2439 τῆς
669 2370 836 2439 ῥίζης
863 2373 1114 2438 Ἰεσσαὶ,
1146 2374 1245 2428 καὶ
1277 2374 1460 2441 ἄνθος
1483 2376 1552 2430 ἐκ
1571 2375 1681 2445 τῆς
1698 2376 1868 2445 ῥίζης

276 2463 680 2530 ἀναϐήσεται.
729 2465 951 2529 Ῥάὸδος
978 2467 1010 2535 ἡ
1043 2466 1340 2536 Παρθένος,
1366 2466 1426 2532 ἐξ
1465 2463 1534 2539 ἧς
1566 2470 1868 2539 ἀπειρόγαν

275 2573 379 2627 po;
409 2558 474 2609 τὸ
501 2556 739 2628 ἀνθηρὸν
769 2558 864 2610 καὶ
894 2556 1122 2612 ἀένναον
1150 2558 1386 2629 Χριστὸς
1407 2560 1631 2614 ἄνεισιν.

347 2655 418 2715 γ’.
466 2649 634 2702 Ἀλλὰ
670 2650 723 2703 τί
747 2667 838 2722 μοι
877 2651 957 2721 τῷ
990 2651 1145 2719 δεῖνι,
1174 2652 1270 2705 καὶ
1295 2653 1374 2723 τῷ
1401 2653 1533 2707 δεῖνι
1557 2655 1619 2709 τὸ
1657 2657 1870 2728 χαίρειν

274 2742 667 2812 περιγράφειν,
711 2743 807 2795 καὶ
837 2742 912 2813 μὴ
940 2746 1090 2814 φωνῇ
1123 2744 1496 2817 περιληπτικῇ
1529 2747 1869 2818 διασημᾶναι

275 2831 375 2904 τὴν
405 2833 763 2901 ἁγαλλίασιν;
816 2835 1226 2904 Εὐφρανθήτω
1253 2838 1285 2891 ό
1313 2837 1575 2905 οὐρανὸς
1617 2838 1867 2905 ἄνωθεν,
1893 2915 1897 2919 δ

275 2922 379 2976 καὶ
404 2927 465 2978 αἱ
486 2927 735 2992 νεφέλαι
764 2924 1130 2992 ρανάτωσαν
1153 2926 1569 2997 δικαιοσύνην.
1625 2930 1871 2984 Ἀνατει-

273 3013 445 3070 λάτω
476 3016 516 3082 ἡ
558 3014 670 3083 γῆ,
715 3017 1250 3085 καλβλαστησάτω
1281 3021 1487 3086 ἕλεος,
1512 3020 1613 3073 καί
1653 3021 1873 3075 δικαιο-

275 3107 485 3173 σύνην
516 3107 883 3162 ἁνατειλάτω
913 3109 1034 3177 ἅμα
1057 3108 1194 3180 (70).
1235 3109 1339 3164 Διὰ
1376 3110 1462 3177 τίς
1494 3112 1577 3164 ὄτι
1603 3113 1870 3184 σκήνωμα

274 3198 359 3268 τῷ
396 3196 519 3268 Θεῷ
565 3197 763 3253 Ἰακὼϐ
810 3199 1239 3271 πεφανέρωται·
1278 3200 1361 3254 ὅτι
1401 3201 1566 3265 τόπος
1608 3203 1765 3272 ἅγιος
1798 3203 1875 3274 τῷ

238 3290 241 3293 ’
278 3290 543 3360 παναγίῳ
576 3289 736 3360 Λόγῳ
767 3290 1167 3345 ύποδὲδεικται.
1218 3291 1313 3357 Ὡς
1344 3292 1597 3361 φοϐερὸς
1634 3296 1667 3348 ό
1690 3294 1877 3361 τόπος

280 3377 486 3447 οὗτος,
519 3380 700 3450 βοάτω
735 3381 930 3435 Ἰακὼὸ
966 3384 994 3435 ὁ
1018 3384 1590 3455 πατριαρχικώτατος,
1610 3386 1722 3440 οὐκ
1744 3385 1876 3441 ἔστι

282 3474 462 3527 τοῦτο
496 3472 637 3527 ἀλλ’
685 3473 723 3541 ἢ
752 3470 917 3541 οἶκος
951 3475 1099 3529 Θεοῦ
1126 3515 1139 3539 ,
1193 3475 1291 3529 καὶ
1326 3477 1477 3544 αὕτη
1511 3468 1547 3544 ἡ
1579 3479 1742 3546 πύλη
1769 3480 1877 3535 τοῦ

283 3561 578 3629 οὐρανοῦ]
606 3562 669 3612 ’Ὠ
700 3563 1028 3634 ἀπορρήτων
1056 3564 1449 3634 ἀκουσμάτωνὲ
1485 3564 1531 3618 ὢ
1558 3567 1879 3637 παραδόξων

284 3653 790 3724 ἁποτελεσμάτωνῑ
836 3656 903 3708 Τί
950 3656 1110 3711 τοῦτο
1153 3658 1213 3711 τὸ
1262 3658 1449 3712 καινὸν
1480 3659 1762 3732 διήγημα;
1797 3662 1879 3726 τίς

285 3742 431 3814 αὕτη
494 3745 527 3813 ἡ
579 3742 867 3809 ξενίζουσα
911 3747 1198 3817 παραϐολὴ
1237 3750 1331 3802 καὶ
1368 3750 1713 3822 ἁπόρῤητοςς
1758 3752 1821 3805 Εἰ
1852 3754 1881 3806 6

282 3837 523 3908 οὐρανὸς
560 3836 656 3890 τοῦ
686 3838 918 3910 ούρανοῦ
953 3840 1053 3893 οὐκ
1085 3841 1443 3912 ὲξαρκὲσουσί
1484 3860 1588 3908 σοι,
1621 3844 1695 3907 ὠς
1720 3845 1747 3896 ὁ
1771 3844 1876 3897 Λό-

282 3946 407 3991 γος,
447 3930 540 3981 καὶ
575 3929 715 4001 τίςὴ
750 3929 1058 4001 ἐξαρκοῦσα
1086 3932 1235 4004 αύτῷ
1266 3933 1474 4005 φυσικὴ
1511 3935 1877 4005 κατοίκησις;

291 4017 455 4086 Οὐχὶ
493 4018 601 4071 τὸν
622 4021 884 4087 οἰτανόν
912 4022 1011 4075 καὶ
1039 4021 1153 4090 τὴν
1175 4023 1294 4093 γῆν
1322 4024 1435 4093 ἐγὼ
1464 4026 1698 4093 πληρῶ,
1719 4027 1882 4096 λέγει

286 4107 557 4173 Κύριος;
595 4107 702 4161 Καὶ
732 4109 834 4162 ποῦ
869 4108 947 4181 τῷ
977 4111 1226 4183 τοιούτῳ,
1266 4114 1361 4166 καὶ
1404 4114 1713 4188 τηλικούτῳ
1740 4158 1756 4182 ,
1788 4119 1883 4172 καὶ

286 4199 655 4271 ὑπεραίροντι
710 4200 893 4275 πάσης
943 4206 1377 4277 καταληπτικῆςί
1412 4207 1764 4279 ύποθέσεως;
1818 4212 1878 4266 οὐ

287 4291 407 4361 γὰρ
457 4291 517 4344 ὲν
549 4293 811 4362 ποσότητι
860 4294 921 4347 τὸ
962 4298 1216 4369 ἄπειρον,
1252 4298 1649 4369 περιληπτικὸν
1683 4303 1882 4375 χωρίον

288 4380 748 4452 ἐξευρηθήσεται.
767 4383 820 4436 Ὀ
848 4386 1108 4454 οὐρανός
1131 4406 1255 4457 μοι,
1291 4390 1480 4459 φησιν,
1511 4393 1746 4460 θρόνος,
1782 4396 1883 4449 καὶ

1969 558 2051 604 εει
2083 559 2307 619 parata;
2346 548 2457 604 Soli
2493 550 2722 619 justitiae
2754 566 2991 620 expansa
3025 552 3163 606 lucis
3199 555 3368 607 nubes
3402 570 3416 620 ;
3452 555 3556 609 im-

1967 638 2184 693 mortali
2221 637 2432 708 Sponso
2461 639 2628 693 divini
2662 642 2876 697 decoris
2933 642 3202 697 thalamus
3234 653 3477 711 erectus;
3501 646 3553 701 ei

1966 733 2061 802 qui
2114 734 2310 787 coelum
2367 732 2604 788 nubibus
2636 734 2833 804 operit,
2866 734 3127 790 divinitus
3158 736 3290 791 texti
3320 737 3552 792 amictus

1969 824 2072 877 tela
2106 825 2447 894 consurgit:
2492 826 2541 879 ei
2592 826 2684 895 qui
2737 828 3150 896 tempestatibus
3201 837 3555 897 tempestates

1968 928 2247 984 annosque
2276 914 2614 980 commiscet,
2665 917 2905 986 nuptiale
2932 917 3189 973 conclave
3212 920 3438 974 editum.

2039 1006 2093 1060 2.
2150 1004 2378 1071 Choros,
2402 1006 2726 1075 juvcnculae,
2756 1007 2935 1063 ducite
2986 1007 3274 1081 :Virginis
3322 1027 3556 1085 namque

1969 1092 2085 1146 dies
2134 1101 2215 1147 est
2274 1094 2488 1151 natalis.
2527 1092 2715 1159 Salite,
2750 1104 2954 1151 matres
2987 1115 3000 1151 :
3036 1098 3226 1153 matris
3256 1100 3401 1153 enim
3439 1100 3553 1154 fru-

1967 1192 2092 1239 ctus
2120 1181 2284 1253 Virgo
2304 1192 2407 1239 εει.
2441 1182 2592 1239 Βοιιο
2628 1184 2832 1250 animo,
2855 1185 3090 1252 steriles,
3126 1196 3327 1255 estote,
3348 1189 3402 1243 in
3432 1203 3553 1245 eam

1970 1276 2264 1341 intuentes,
2315 1292 2457 1345 qua),
2488 1290 2610 1331 cum
2658 1277 2809 1346 prius
2858 1279 3061 1333 sterilis
3113 1289 3280 1346 esset,
3318 1282 3556 1338 divinam

1970 1366 2195 1435 posthac
2226 1366 2434 1435 prolem
2475 1365 2637 1420 enixa
2682 1376 2787 1421 est.
2835 1368 2906 1422 At
2953 1384 3127 1439 neque
3159 1372 3353 1440 puellae
3386 1374 3557 1428 choro

1972 1456 2171 1522 desint,
2207 1458 2351 1510 diem
2391 1457 2510 1527 ejus
2566 1457 2871 1512 natalitium
2905 1459 3265 1526 celebrantes,
3300 1479 3418 1532 quae
3442 1466 3557 1519 sola

1971 1541 2270 1613 puellarum
2294 1556 2430 1611 apex
2461 1550 2515 1596 et
2541 1542 2727 1611 regina
2761 1543 3016 1598 exsistit:
3048 1544 3433 1616 Clongitetuba
3462 1566 3555 1602 su-

1969 1650 2061 1702 per
2086 1641 2322 1697 montes;
2352 1642 2532 1687 senate
2560 1649 2718 1702 super
2744 1636 2982 1698 excelsa;
3007 1638 3290 1704 prwdicate
3318 1640 3372 1693 in
3401 1638 3560 1693 Jeru.

1970 1727 2134 1782 salem
2167 1727 2235 1793 ⁸⁸,
2272 1726 2415 1797 quod
2453 1725 2670 1795 quidem
2725 1741 2821 1795 per
2867 1726 3007 1784 Osee
3070 1730 3159 1785 hic
3207 1732 3361 1786 nobis
3391 1733 3558 1786 etiam

1972 1819 2304 1890 prmcipitur.
2354 1818 2522 1874 David
2570 1818 2889 1888 Deiparens,
2927 1819 3102 1889 gaude
3152 1821 3335 1877 animo
3373 1821 3560 1887 ;lsaia

1972 1912 2360 1982 prophetarum
2432 1911 2659 1981 primus,
2711 1911 3051 1979 exhilarare;
3108 1912 3246 1969 alter
3313 1914 3558 1984 quidem,

1973 2004 2116 2073 quod
2165 2002 2269 2057 tuis
2302 2017 2369 2057 ex
2411 2001 2633 2068 lumbis,
2679 2003 2754 2057 uti
2798 2003 3040 2073 juratum
3097 2013 3216 2059 erat
3262 2006 3332 2069 ⁸⁷,
3374 2006 3561 2076 regina

1972 2096 2255 2166 procedat,
2278 2110 2342 2149 ex
2375 2110 2481 2164 qua
2514 2094 2655 2150 Deus
2702 2095 2937 2151 fructum
2986 2104 3135 2151 tuum
3180 2113 3344 2168 super
3373 2100 3560 2154 sedem

1978 2198 2121 2242 tuam
2145 2188 2448 2257 positurum
2477 2188 2840 2256 promiserat:
2864 2188 3003 2242 alter
3038 2204 3187 2254 vero,
3215 2190 3359 2259 quod
3395 2192 3560 2247 linem

1974 2280 2174 2335 habeat
2201 2280 2516 2335 vaticinium
2557 2280 2686 2335 illud
2720 2290 2869 2334 tuum
2900 2297 2913 2334 :
2954 2280 3274 2351 Egredietur
3319 2283 3465 2354 virga
3498 2286 3564 2340 de

1976 2370 2154 2424 radice
2184 2369 2351 2436 Jesse,
2401 2379 2451 2423 et
2507 2370 2605 2439 ﬂos
2663 2371 2727 2425 de
2773 2371 2954 2425 radice
3000 2374 3245 2426 ascendet
3294 2374 3362 2430 ⁸⁸.
3396 2373 3561 2444 Virga

1975 2459 2140 2531 Virgo
2169 2470 2272 2528 est,
2305 2477 2371 2516 ex
2412 2476 2516 2531 qua
2548 2462 2756 2533 integro
2782 2462 2980 2518 decore
3014 2463 3289 2531 muliebri,
3337 2465 3564 2522 ﬂoridus

1976 2554 2336 2624 perennisque
2355 2553 2453 2609 llos
2475 2553 2729 2609 Christus
2758 2555 3014 2625 assurgit.

2049 2648 2103 2703 '5.
2133 2646 2272 2713 Quid
2304 2647 2582 2702 enimvero
2618 2648 2746 2702 huic
2787 2647 2932 2702 illive
2962 2649 3309 2717 gaudendum
3336 2648 3564 2714 deﬁnio,

1978 2754 2078 2795 nec
2102 2752 2235 2794 voce
2263 2739 2445 2793 omnia
2484 2738 2876 2808 complectente
2898 2740 3310 2795 exsultationem
3341 2742 3521 2796 indico
3546 2740 3569 2797 Ρ

1979 2830 2213 2884 ιαἰειιιι·
2240 2829 2424 2884 εοείιιηι
2465 2831 2709 2898 desuper,
2742 2839 2791 2885 et
2837 2832 2995 2886 nubes
3026 2832 3211 2902 pluant
3244 2832 3508 2899 iustitiam
3542 2847 3564 2888 :

1977 2920 2197 2990 pullulet
2228 2932 2390 2986 terra,
2427 2931 2475 2975 et
2502 2923 2753 2991 germinet
2787 2924 3231 2987 misericordiam,
3261 2933 3311 2978 et
3345 2926 3568 2994 justitiu

1980 3012 2185 3065 oriatur
2216 3011 2374 3066 simul
2406 3013 2475 3067 ".
2508 3011 2644 3078 Quid
2682 3011 2804 3068 ita?
2851 3014 2977 3084 quia
3026 3014 3136 3069 Deo
3173 3014 3345 3069 Jacob
3381 3015 3563 3070 taber-

1981 3101 2235 3156 naculum
2293 3101 2701 3157 manifestatum
2747 3112 2831 3157 est
2881 3121 2896 3158 :
2946 3104 3071 3172 quia
3126 3103 3279 3159 locus
3340 3113 3567 3159 sanctus

1979 3194 2323 3249 sanctissimo
2372 3194 2550 3250 Verbo
2610 3202 2866 3250 ostensus
2917 3203 3020 3248 est.
3083 3193 3291 3249 Clamet
3334 3196 3570 3265 patriar-

1981 3284 2206 3339 charum
2247 3283 2613 3354 amplissimus
2641 3282 2807 3337 Jacoh
2844 3301 2857 3339 :
2894 3283 3067 3349 Quam
3099 3285 3354 3338 terribilis
3380 3295 3455 3339 est
3490 3285 3570 3339 lo-

1981 3393 2070 3430 cus
2100 3376 2196 3428 iste
2225 3374 2244 3427 !
2272 3391 2372 3428 non
2404 3384 2477 3427 est
2507 3374 2615 3439 hic,
2651 3374 2751 3428 nisi
2785 3374 2971 3427 domus
3010 3374 3130 3438 Dei,
3159 3374 3370 3444 Iut'cqne
3416 3383 3570 3442 porta

1981 3468 2093 3523 caeli
2125 3466 2262 3523 “.0
2304 3466 2606 3524 ineilabiles
2651 3467 2992 3523 auditiones!
3039 3483 3073 3522 ο
3108 3466 3359 3521 insolitos
3405 3479 3573 3521 even-

1983 3562 2106 3614 tus!
2145 3558 2275 3625 Quae
2318 3575 2458 3615 nova
2506 3559 2623 3614 lucc
2673 3558 2955 3613 narratio?
2991 3557 3124 3624 Quae
3171 3566 3448 3626 stuporem
3482 3556 3571 3609 in-

1982 3667 2199 3722 gerens,
2229 3662 2285 3709 et
2308 3651 2577 3707 sermonis
2618 3651 2726 3705 vim
2776 3648 2992 3718 fugiens
3024 3650 3215 3703 isthmc
3262 3645 3517 3718 parabola
3544 3643 3570 3697 ?

1981 3743 2118 3797 Cum
2148 3744 2343 3798 malum
2367 3744 2510 3809 εαξη,
2551 3743 2626 3797 uti
2658 3741 2940 3815 Scriptura
2989 3738 3258 3810 prodit“,
3292 3739 3434 3792 haud
3472 3737 3568 3791 tibi

1983 3833 2273 3900 suﬂiciant,
2296 3848 2545 3903 quasnam
2578 3833 2675 3887 tibi
2702 3831 2977 3887 sulIiciens
3008 3828 3273 3884 naturalis
3303 3827 3568 3881 habitatio

1983 3925 2189 3979 fuerit?
2224 3923 2414 3977 Annon
2459 3923 2645 3976 caelum
2691 3928 2739 3973 et
2798 3930 2994 3973 terram
3042 3934 3135 3988 ego
3168 3919 3379 3987 impleo,
3438 3916 3567 3969 dicit

1987 4016 2241 4071 Dominus
2260 4013 2343 4068 “7
2373 4011 2440 4066 Et
2467 4013 2686 4068 ubinam
2721 4025 2925 4076 rerum,
2956 4009 3046 4064 tali
3077 4025 3140 4064 ac
3164 4017 3333 4074 tanto,
3366 4009 3569 4078 quique

1984 4125 2200 4166 omnem
2286 4105 2829 4176 comprehensionem
2888 4112 3179 4174 exsuperat
3236 4102 3363 4173 (non
3420 4101 3568 4155 enim

1985 4203 2129 4273 quod
2181 4201 2451 4257 infinitum
2482 4207 2587 4265 cst,
2632 4198 2683 4253 in
2720 4197 3029 4267 quantitate
3079 4194 3268 4264 hreret)
3299 4194 3449 4249 locus
3477 4194 3571 4262 qui

1984 4293 2393 4362 complectatur,
2423 4299 2676 4347 occurrat
2707 4309 2720 4345 :
2750 4288 2952 4345 Caelum
2984 4288 3137 4352 mihi,
3168 4287 3262 4351 ait,
3299 4286 3445 4339 sedes
3471 4293 3568 4349 est,

1989 4396 2039 4442 et
2067 4397 2209 4442 terra
2245 4384 2534 4442 scabellum
2569 4383 2761 4454 pedum
2800 4397 3034 4436 meorum
3056 4381 3126 4433 ⁸³.
3160 4379 3417 4444 Quaenam
3442 4389 3573 4431 vero

290 4475 330 4541 ἡ
395 4472 473 4542 γῆ
514 4475 849 4543 ὑποπόδιον
888 4476 1007 4531 τῶν
1028 4479 1230 4534 ποδῶν
1253 4499 1396 4550 μου.
1430 4483 1541 4536 Καὶ
1573 4486 1724 4549 ποῖος
1750 4488 1888 4542 οίκο-

1992 4481 2038 4536 ei
2070 4481 2161 4550 qui
2201 4480 2519 4547 interrogat,
2561 4478 2754 4531 domus
2808 4473 3133 4536 exstruitur,
3184 4469 3375 4539 quisve
3425 4467 3574 4521 locus

290 4565 677 4636 δομηθήσεται
712 4564 858 4633 οἶκος
887 4570 963 4641 τῷ
997 4572 1310 4642 ὲρωτῶντι;
1348 4573 1380 4644 ἢ
1425 4574 1510 4638 τίς
1560 4576 1879 4651 ἐξευρεθείη

294 4658 461 4722 τόπος
484 4658 588 4728 τῆς
621 4663 1026 4726 καταπαύσεως
1061 4665 1228 4719 αὑτοῦ
1255 4683 1269 4732 ;
1300 4667 1415 4721 ἀλλ’
1443 4662 1595 4739 ὅμως
1625 4671 1877 4743 εὕρηται,

294 4752 395 4804 καὶ
422 4750 829 4822 πεφανέρωται.
874 4754 1034 4819 Πῶς,
1073 4756 1166 4808 καὶ
1197 4758 1305 4810 τίνι
1340 4759 1562 4830 τρόπῳς
1608 4755 1738 4815 ⁷Ωδε
1773 4763 1882 4835 γὰρ

289 4838 353 4891 τὸ
377 4834 741 4909 ζητούμενον.
777 4844 989 4914 Μικρὸν
1032 4844 1336 4915 ἀναμείνας
1363 4887 1378 4911 ,
1414 4850 1700 4918 ἁγαπητὲ,

288 4931 390 4985 τοῦ
421 4933 766 5003 ποθουμένου
801 4936 902 5005 τὴν
933 4937 1202 4991 ἐπίλυσιν.

365 5023 429 5077 δ’.
460 5023 764 5089 Μέλλοντος
793 5026 1085 5097 ἀνθρώπου
1121 5029 1181 5093 ἐξ
1221 5031 1320 5082 οὐκ
1347 5029 1517 5084 ὄντων
1544 5034 1623 5095 εἰς
1652 5032 1713 5086 τὸ
1746 5029 1887 5090 εἶναι

293 5114 652 5185 παράγεσθαι
681 5116 747 5169 δι’
782 5117 1011 5190 ἄπειρον
1055 5119 1192 5173 Θεοῦ
1234 5121 1548 5194 ἁγαθότητα
1572 5164 1585 5187 ,
1617 5126 1888 5197 πρότερον

290 5206 525 5277 οὐρανὸς
576 5207 902 5274 ἐκτείνεται,
964 5214 1035 5282 γῆ
1066 5211 1481 5284 ύπεστόρεσται,
1515 5215 1761 5271 θάλασσα
1792 5237 1888 5273 πεο

293 5297 609 5369 ριὼρισται,
663 5302 757 5353 καὶ
794 5302 897 5354 ὅσα
955 5304 1282 5374 ἀμφοτέρων
1334 5308 1794 5379 συμπληρωτικὰ,
1831 5313 1888 5364 ὲν

290 5394 480 5466 ταυτῴ
510 5394 613 5464 τῆς
647 5394 776 5467 ὅλης
807 5398 1224 5470 διακοσμήσεως
1272 5400 1549 5472 εἴληπται.
1584 5400 1696 5457 Εἶθ’
1728 5403 1886 5459 ὓστε-

369 5553 415 5586 "
445 5553 585 5609 Osee
610 5571 660 5619 ν,
694 5554 747 5609 8.
826 5556 869 5587 ⁸⁷
902 5556 1041 5609 Psal.
1076 5572 1259 5623 cxxrt,
1297 5559 1382 5612 ll.

1457 5562 1503 5593 ⁸⁸
1535 5561 1635 5619 Isa.
1670 5579 1707 5631 1,
1754 5564 1838 5619 ll.

304 5615 351 5648 ⁹’
375 5623 582 5680 Jerem.
611 5615 765 5689 xitnt,
800 5625 890 5680 24.
970 5627 1141 5682 9"Isa.
1179 5615 1324 5691 1.x'v1,
1348 5630 1401 5683 2.

379 5777 495 5851 (69)
522 5777 651 5848 Seg.
684 5780 1082 5835 ἀναδείκνυται.

672 5874 946 5944 Pareae.
996 5879 1115 5942 Gn.
1164 5878 1382 5943 XCVI.

1922 5565 1964 5596 "
1994 5562 2097 5619 Isa.
2129 5577 2251 5627 κων,
2290 5561 2341 5615 l.

1993 4572 2320 4634 inveniatur,
2364 4569 2418 4622 in
2466 4580 2573 4635 quo
2636 4562 2974 4632 requiescat?
3023 4563 3093 4613 At
3143 4574 3272 4614 vero
3322 4558 3576 4612 inventus

1993 4662 2375 4730 exhibitusque
2410 4659 2534 4713 cst?
2572 4655 2688 4722 Qua
2736 4670 2864 4709 vero
2914 4654 3143 4717 ratione,
3171 4666 3349 4721 quove
3380 4651 3574 4706 modo?

1993 4761 2098 4816 hoc
2152 4770 2384 4827 namque
2431 4764 2515 4808 est
2562 4753 2705 4822 quod
2768 4766 2913 4807 nunc
2972 4750 3254 4821 quaeritur.
3285 4748 3576 4817 Tantisper

1993 4858 2268 4921 exspecta,
2310 4846 2528 4912 dilecte,
2582 4854 2635 4899 et
2688 4843 2809 4915 ejus
2852 4842 2995 4912 quod
3044 4849 3221 4910 optas,
3248 4839 3573 4894 solutionem

1995 4956 2249 4998 acetmes.

2061 4960 2108 4998 c1
2155 4958 2249 4996 res.

2061 4958 2282 5089 4.pCu1n
2336 5032 2495 5087 homo
2540 5045 2636 5101 per
2680 5030 3000 5083 immensam
3059 5025 3151 5078 Dei
3188 5020 3483 5076 bonitatem
3516 5018 3568 5071 in

1990 5140 2172 5181 rerum
2233 5134 2482 5180 naturam
2545 5122 2785 5176 edendus
2835 5125 2998 5180 esset,
3045 5117 3096 5169 in
3148 5111 3339 5181 primis
3405 5108 3566 5181 851

1990 5219 2184 5276 caelum
2221 5217 2552 5279 extenditur,
2606 5211 2971 5267 substernitur
3041 5215 3207 5267 terra,
3261 5202 3379 5257 suis
3421 5216 3572 5255 mare

1993 5309 2559 5369 terminis'clanditur,
2594 5313 2901 5371 czeteraque
2931 5299 3136 5362 omnia,
3170 5295 3371 5367 quibus
3422 5302 3579 5349 ulra~

1995 5419 2101 5474 que
2126 5402 2439 5473 complenda
2464 5406 2666 5461 essent,
2697 5396 2749 5450 in
2774 5392 3011 5449 universi
3046 5397 3241 5448 ornatu
3284 5402 3390 5443 una
3431 5400 3574 5459 pro-

2418 5561 2463 5592 ’°
2490 5560 2623 5616 Gen.
2653 5573 2845 5622 xxvnt,
2880 5557 2962 5611 l7.
3040 5555 3084 5587 ⁹¹
3109 5553 3178 5608 lll
3208 5552 3341 5625 Reg.
3378 5550 3571 5621 111,27.

2082 5782 2191 5855 (70)
2220 5781 2450 5840 Allatius
2480 5782 2608 5857 legit
2635 5801 2647 5840 :
2683 5782 3018 5858 δικαιοσύνη.

3129 5873 3212 5939 22
