4018 6342
457 387 561 449 033

1619 376 1678 435 S.
1715 373 1954 435 JOANN
1967 373 2034 430 [S
2075 363 2505 430 ΒΛΜΛΞΟΕΝΙ

3607 357 3712 420 635.

452 495 611 550 ducta
675 499 820 546 sunt.
865 488 997 544 Tum
1049 493 1382 556 postremum
1440 486 1625 550 homo,
1675 486 1820 556 regio
1879 485 2022 538 cultu

2143 497 2219 532 νον
2253 481 2280 532 6
2303 477 2588 547 ἄνθρωπος
2623 470 2914 542 βασιλικῶς
2968 470 3044 532 εἰς
3075 467 3378 538 γυμνάσιον
3411 464 3618 537 ἀρετῆς
3650 466 3712 517 ἐν

375 636 382 646 ,
449 587 504 640 in
543 585 796 656 paradiso
841 583 984 638 velut
1040 584 1091 636 in
1145 582 1360 637 virtutis
1419 581 1604 636 schola
1659 581 1920 650 ponitur:
1963 594 2026 632 ac

361 660 372 676 ”
452 675 557 728 nisi
587 673 840 729 violasset
887 680 1233 741 praeceptum,
1295 687 1323 725 a
1385 671 1532 724 vitali
1575 671 1669 725 illo
1712 669 1830 724 loco
1891 685 2026 722 mm-

449 779 613 835 quam
652 762 953 820 exsulassct
990 781 1004 817 :
1045 779 1276 834 cumque
1297 779 1493 832 expers
1541 763 1839 818 indumenti
1863 769 2023 825 esset,

404 864 409 870 '
452 853 554 907 nisi
609 852 804 907 divinis
852 852 1093 907 consiliis
1149 853 1469 918 obstitisset,
1521 853 1935 922 haudquaquam
1973 851 2025 904 in

453 943 638 1000 multis
684 944 959 1014 variisque
1013 944 1394 1000 affectionibus
1435 945 1727 1000 obnoxiam
1774 942 2029 996 mutatio-

455 1052 576 1092 nem
601 1035 905 1101 cecidisset,
944 1047 1004 1090 ut
1024 1035 1118 1089 Dei
1143 1037 1450 1090 monarchae
1480 1035 1601 1090 loco
1628 1034 1778 1102 plura
1807 1033 2027 1088 numina

452 1127 682 1183 coleret.
700 1126 924 1184 Cunctis
973 1129 1177 1197 itaque,
1216 1138 1274 1182 ut
1301 1129 1464 1183 verbo
1508 1127 1814 1199 expediam,
1839 1126 2030 1183 interi-

453 1219 588 1273 tioni
655 1219 873 1283 deditis,
923 1221 1218 1274 miserante
1269 1219 1400 1284 Deo,
1448 1235 1519 1275 ne
1555 1235 1713 1290 quem
1761 1219 1875 1275 suis
1917 1219 2030 1288 ipse

457 1309 705 1365 manibus
733 1308 1046 1375 formasset,
1071 1311 1125 1364 in
1163 1310 1386 1365 nihilmn
1415 1311 1653 1378 cederet,
1705 1311 2031 1382 penitusque

458 1399 787 1466 aboleretur,
805 1400 1000 1456 coelum
1028 1401 1173 1455 aliud
1201 1415 1422 1464 novum,
1452 1410 1762 1472 terramque
1789 1416 1852 1456 ac
1883 1416 2032 1456 mare

459 1489 710 1558 fabricat,
748 1492 800 1546 in
850 1493 1046 1562 quibus
1097 1491 1434 1562 propensiori
1477 1493 1705 1547 consilio
1739 1495 2030 1546 lmmanum

458 1597 626 1649 genus
677 1583 1068 1639 refonnaturus
1102 1587 1214 1653 ipse
1263 1594 1568 1654 caperetur,
1611 1584 1704 1654 qui
1755 1585 1870 1652 capi
1901 1599 2032 1639 nus-

457 1689 618 1744 ιμιοιιι
652 1682 860 1744 potest.
903 1674 1090 1731 lsthaec
1124 1691 1284 1747 porro
1313 1685 1400 1731 est
1445 1679 1602 1732 beata
1638 1677 2032 1746 multipliciter-

407 1799 422 1809 ι
459 1783 566 1835 que
594 1769 918 1824 celebranda
974 1769 1158 1841 Virgo.
1193 1769 1237 1828 Ο
1273 1784 1385 1825 rem
1422 1769 1642 1823 miram!
1676 1767 1882 1824 Caelum
1915 1769 2033 1839 qui-

459 1861 580 1913 dem
615 1869 716 1926 esl,
745 1877 868 1916 eum
894 1863 1124 1918 velntex
1160 1861 1516 1932 penitissimis
1543 1862 1872 1932 virginitatis
1910 1862 2028 1916 the-

461 1951 638 2004 sauris
692 1950 872 2006 Solem
927 1952 1148 2019 iustitiae
1209 1952 1494 2022 proferat:
1533 1960 1674 2006 terra
1724 1957 1872 2015 vero.
1934 1966 2028 2006 ceu

462 2056 582 2107 qua:
610 2056 676 2096 ex
705 2041 1252 2097 intemeratislumbis
1286 2043 1407 2096 vitae
1430 2042 1631 2110 spicam
1663 2042 1788 2095 edat
1821 2056 1834 2092 :
1885 2055 2033 2095 mare

461 2131 701 2196 tandem,
747 2138 931 2200 utpote
961 2146 1080 2199 quas:
1124 2145 1188 2183 ex
1226 2131 1363 2185 uteri
1416 2130 1498 2185 sui
1561 2131 1684 2184 sinu
1735 2130 2030 2200 Spiritalem

461 2221 812 2290 margaritam
845 2222 1043 2290 prodit.
1082 2220 1234 2277 Nunc
1261 2223 1441 2291 itaque
1470 2236 1603 2276 nova
1637 2223 1756 2292 ejus
1793 2223 1883 2292 qui
1911 2223 2031 2292 capi

459 2313 665 2382 nequit,
685 2322 935 2366 creatura
964 2313 1136 2368 eluxit
1172 2330 1186 2367 :
1234 2315 1609 2368 universorum
1644 2314 1806 2382 Regis
1835 2315 2030 2384 regalis

459 2403 580 2458 aula
615 2412 802 2473 parata
851 2415 955 2467 est,
1015 2404 1132 2472 ejus
1183 2406 1273 2474 qui
1323 2405 1890 2475 incomprehensibilis
1925 2415 2029 2471 est,

459 2497 670 2550 ratione
709 2504 866 2550 utens
899 2497 1256 2550 diversorium
1295 2497 1640 2552 instructum.
1673 2499 1844 2564 Quam
1879 2515 2033 2552 mun-

460 2591 560 2642 dus
596 2588 698 2642 iste
748 2587 1064 2656 magniﬁcus
1117 2590 1234 2642 est!
1276 2603 1435 2657 quam
1487 2591 1751 2659 stupenda
1809 2592 2032 2654 creatio,

459 2699 581 2752 quae
607 2683 862 2736 virtutum
894 2683 1180 2737 arboribus
1233 2693 1574 2738 venustatem
1638 2685 1820 2748 habet,
1878 2686 2036 2739 casti-

465 2775 589 2828 tatis
616 2773 782 2827 odore
831 2772 1058 2842 fragrat,
1101 2788 1382 2834 sensorum
1437 2775 1814 2844 splendorihus
1844 2776 2030 2842 claret,

460 2868 781 2936 cunctisque
804 2865 960 2920 bonis
1005 2866 1127 2920 aliis
1155 2866 1294 2920 nulla
1345 2869 1567 2938 penuria
1598 2867 1795 2922 fruitur
1823 2911 1839 2935 ,
1875 2869 2032 2940 digna

461 2958 692 3026 denique
722 2974 941 3028 prorsus
980 2969 1081 3025 est,
1119 2960 1172 3012 in
1217 2975 1321 3031 qua
1373 2961 1514 3017 Deus
1565 2963 1630 3017 ad
1667 2963 1913 3018 homines
1945 2981 2038 3018 ve-

461 3052 621 3105 niens
651 3051 946 3106 inhabitet!
977 3052 1255 3118 Quinimo,
1312 3054 1507 3122 inquit,
1527 3057 1760 3109 mundus
1797 3057 2038 3110 anterior

2131 569 2445 641 παραδείσῳ
2479 565 2688 619 τίθεται
2715 581 2727 594 ο
2775 563 2889 615 ἀλλ’
2915 563 2962 614 εί
3011 560 3087 630 μὴ
3117 560 3150 629 ἡ
3187 557 3502 626 παράϐασις
3535 555 3712 625 προὺ-

2126 663 2398 732 χώρησεν,
2428 658 2530 710 οὐκ
2561 655 2627 710 ἂν
2654 653 2750 707 τοῦ
2782 650 2998 724 ζωηροῦ
3031 649 3233 721 χωρίου
3257 646 3551 718 ὲξωρίζετο
3574 647 3653 717 (71
3674 651 3710 700 l.

2143 747 2608 821 Ἰιῖξοστρακισθεὶς
2661 747 2718 800 δὲ
2772 745 2867 797 τοῦ
2939 743 3276 812 ἐνδύματος,
3336 742 3384 792 εί
3438 741 3515 809 μὴ
3589 740 3714 798 ταῖς

2130 845 2300 907 Θείαις
2329 839 2696 914 προμηθείαις
2724 837 3101 897 ἀντανίστατο,
3137 834 3236 886 οὐκ
3271 831 3336 884 ἂν
3371 833 3452 894 είς
3481 831 3583 901 τὴν
3613 845 3714 882 πο-

2129 933 2547 1002 λυπαθεστάτην
2603 928 2889 984 ἀλλοίωσιν
2947 927 3318 996 κατηγάγετο,
3384 923 3506 975 ἀντὶ
3573 920 3714 973 Θεοῦ

2135 1029 2405 1099 μονάρχου
2453 1023 2744 1077 πολυθεῖαν
2784 1018 3094 1088 σεϐόμενος.
3137 1014 3240 1068 Διά
3279 1031 3363 1066 τοι
3397 1012 3592 1072 ταῦτα,
3634 1011 3712 1072 ὡς

2132 1122 2190 1174 ὲν
2222 1116 2502 1187 κεφαλαίῳ
2537 1113 2726 1183 φάναι,
2763 1113 2828 1182 τῇ
2861 1109 3038 1180 φθορᾷ
3075 1104 3507 1175 κατεσχημένων
3535 1102 3710 1155 ἀπάν-

2131 1225 2260 1273 των,
2316 1206 2410 1258 καὶ
2463 1201 2598 1257 Θεοῦ
2652 1197 3133 1267 κατοικτιζομένου
3196 1195 3272 1266 μὴ
3326 1195 3406 1256 είς
3468 1191 3712 1259 παντελῆ

2133 1297 2469 1367 ἁνυπαρξίαν
2499 1294 2747 1366 χωρῆσαι
2770 1292 2830 1344 τὸ
2859 1291 2969 1344 τῶν
2991 1288 3212 1342 οἰκείων
3237 1283 3438 1355 χειρῶν
3459 1283 3713 1352 πλάσμα,

2134 1392 2294 1446 ἄλλου
2323 1387 2510 1441 καινοῦ
2540 1383 2797 1457 ούρανοῦ,
2829 1383 2930 1452 γῆς
2955 1398 3015 1434 τε
3045 1379 3140 1433 καὶ
3170 1377 3446 1448 θαλάσσης
3473 1374 3710 1443 ποίημα,

2136 1484 2192 1535 ἐν
2217 1476 2297 1542 οἷς
2327 1477 2646 1550 χωρηθῆναι
2679 1476 2892 1528 εὐδοκεῖ
2949 1472 3016 1525 δι’
3062 1469 3366 1524 ἀνάπλασιν
3395 1465 3490 1521 τοῦ
3520 1466 3712 1534 γένους

2134 1575 2162 1624 6
2189 1575 2490 1642 ἀχώρητος.
2524 1567 2635 1620 Καὶ
2668 1565 2843 1618 ταῦτά
2885 1565 3033 1616 ἐστιν
3064 1563 3096 1632 ὴ
3129 1559 3376 1630 μακαρία
3406 1558 3500 1610 καὶ
3547 1558 3715 1608 πολυ-

2138 1664 2373 1734 ύμνητος
2411 1659 2706 1731 Παρθένος.
2744 1658 2810 1710 Ὢ
2837 1653 2933 1708 τοῦ
2966 1651 3266 1722 θαύματοςί
3310 1647 3555 1719 Οὐρανὸς
3590 1645 3711 1715 μὲν,

2137 1757 2212 1818 ὡς
2240 1757 2304 1808 ἐκ
2327 1755 2436 1806 τῶν
2464 1749 2676 1806 ἀδύτων
2718 1745 3028 1818 θησαυρῶν,
3063 1743 3155 1797 τὸν
3204 1741 3307 1811 τῆς
3357 1735 3710 1806 δικαιοσύνης

2140 1849 2329 1901 ’Ἥλιον
2367 1845 2684 1916 ἀνίσχουσα·
2713 1843 2784 1912 γῆ
2815 1840 2892 1904 δὲ,
2928 1839 3004 1901 ὡς
3025 1839 3087 1890 ὲκ
3112 1837 3221 1888 τῶν
3243 1833 3526 1904 ἀχράντων
3551 1829 3715 1898 λαγόν

2138 1957 2243 1992 νων
2269 1939 2368 2008 τῆς
2397 1935 2726 2006 ἀφθαρσίας,
2770 1931 2862 1984 τὸν
2903 1930 3106 1998 στάχυν
3150 1926 3250 1995 τῆς
3289 1924 3434 1992 ζωῆς
3472 1920 3717 1992 βλαστή-

2141 2047 2310 2083 σασαο
2345 2028 2612 2092 θάλασσα,
2647 2025 2722 2088 ὡς
2776 2025 2841 2076 ὲκ
2863 2021 2972 2074 τῶν
3003 2016 3297 2072 κοιλιακῶν
3345 2014 3584 2076 κόλπων,
3621 2011 3728 2064 τὸν

2139 2120 2325 2190 νοητὸν
2393 2116 2740 2188 μαργαρίτην
2774 2111 3146 2184 προφέρουσα.
3218 2107 3358 2176 Ἤδη
3425 2101 3726 2174 τοιγαροῦν

2140 2213 2396 2284 παρήχθη
2431 2213 2464 2280 ἡ
2503 2209 2770 2277 νεοφανὴς
2810 2205 2989 2266 κτίσις
3021 2201 3116 2255 τοῦ
3158 2199 3469 2270 ἀχωρὴτου.
3505 2197 3719 2265 Πὺτρε-

2141 2305 2308 2374 πίσθη
2360 2304 2394 2374 ἡ
2437 2301 2706 2372 βασίλειος
2739 2296 2878 2368 αὐλὴ
2929 2295 3020 2348 τοῦ
3060 2291 3482 2362 Παμϐασιλέως.
3533 2287 3716 2340 Ἤτοι-

2145 2396 2325 2468 μάσθη
2351 2394 2412 2448 τὸ
2443 2391 2661 2462 λογικὸν
2692 2386 3037 2456 καταγώγιον
3057 2383 3152 2438 τοῦ
3181 2380 3588 2450 ἀκαταλήπτου.
3625 2377 3719 2438 Ὠς

2145 2484 2570 2558 μεγαλοπρεπὴς
2623 2484 2708 2536 ὅδε
2741 2483 2770 2533 6
2807 2477 3044 2550 κόσμοςί
3077 2476 3153 2539 ὡς
3203 2473 3534 2541 ἀξιάγαστος
3572 2468 3722 2538 ήδη-

2145 2577 2424 2649 μιουργία,
2453 2575 2641 2644 φυτοῖς
2661 2572 2870 2643 ἀρετῶν
2901 2569 3234 2640 ὼραῖζουσα,
3252 2563 3470 2618 ἄνθεσιν
3498 2559 3719 2630 ἁγνείας

2143 2669 2530 2732 εὐωδιάζουσα,
2568 2663 2918 2735 λαμπρότησι
2943 2658 3189 2731 θεωριῶν
3220 2655 3580 2724 ἀγλαῖζουσα,
3607 2653 3717 2704 πᾶ-

2145 2783 2225 2818 σιν
2275 2764 2457 2824 ἄλλοις
2492 2757 2864 2830 ἀμφιλαφέσιν
2907 2753 3132 2822 ἀγαθοῖς
3187 2748 3452 2810 ἀνενδεῶς
3497 2746 3718 2815 ἔχουσα,

2143 2857 2288 2922 ἀξία,
2327 2855 2389 2907 τὸ
2425 2853 2490 2922 δὴ
2517 2851 2830 2919 λεγόμενον,
2890 2844 2984 2900 τοῦ
3017 2843 3154 2898 Θεοῦ
3217 2841 3360 2912 πρὸς
3394 2837 3722 2907 ἀνθρώπους

2143 2943 2495 3012 ὲνοικήσεωςί
2533 2939 2727 2995 Καίτοι
2759 2953 2822 3005 γε
2854 2935 2947 2988 καὶ
2980 2936 3008 2988 6
3064 2933 3196 3004 πρὶν
3242 2930 3469 3000 κόσμος,
3503 2927 3721 2996 θαυμα-

2106 3021 2271 3097 ’στὸς
2313 3035 2395 3087 ὅτι
2433 3032 2707 3103 μάλιστα·
2772 3031 2861 3081 ὅτε
2911 3027 3040 3098 γὰρ,
3097 3025 3285 3095 φησὶν,
3339 3019 3724 3091 ἐγενήθησαν

461 3157 624 3211 quam
687 3145 922 3198 maxime
973 3155 1056 3199 est
1114 3146 1467 3201 admirabilis.
1515 3147 1650 3200 Tum
1691 3148 1858 3214 enim,
1911 3164 2033 3202 cum

2145 3128 2359 3195 ἅστριι,
2392 3123 2624 3194 ᾗνεσάν
2653 3140 2731 3194 με
2769 3119 2938 3191 φωνῇ
2963 3118 3195 3188 μεγάλῃ
3227 3117 3452 3180 πάντες
3479 3111 3727 3232 ἇτγεέοἰ

2370 3219 2384 3232 .
2425 3219 2448 3232 ..
2751 3214 2896 3232 ..κη
2926 3210 2974 3232 γ.
3015 3211 3065 3232 ,ρ
3107 3227 3186 3232 __-
3229 3207 3639 3232 ,ςσ,-..η---..--
3676 3219 3700 3232 ρ

461 3241 642 3286 mata
676 3242 796 3286 sunt
831 3235 1031 3296 sidera,
1069 3233 1415 3288 (nudaverant
1458 3252 1538 3288 me
1563 3252 1682 3289 voce
1712 3253 1902 3305 magna
1938 3254 2037 3289 an-

2143 3239 2274 3290 μου,
2297 3219 2394 3273 καὶ
2424 3219 2696 3289 ὕμνησαν.
2751 3214 2896 3267 Ἀλλ’
2919 3210 2980 3265 οὔ
3012 3211 3066 3263 τί
3105 3227 3190 3262 πω
3225 3207 3370 3262 οὕτω
3393 3203 3722 3276 θεοπρεπὲς,

460 3323 561 3390 geli
604 3323 787 3386 mei",
825 3332 877 3378 et
911 3325 1360 3390 praedicaverunt.
1420 3325 1562 3379 Nihil
1621 3341 1747 3378 vero
1798 3327 1876 3380 sic
1930 3327 2036 3380 Deo

463 3415 661 3469 decens
690 3423 1014 3482 gratumque
1055 3413 1178 3473 fuit,
1205 3415 1282 3467 uti
1315 3424 1505 3468 sancta
1539 3416 1895 3484 onmibusque
1926 3432 2037 3470 mo-

461 3503 548 3557 dis
595 3502 839 3555 miranda
875 3502 1058 3569 Virgo.
1094 3502 1247 3568 Quod
1280 3503 1348 3554 ita
1387 3517 1509 3556 esse
1535 3517 1599 3556 ex
1643 3504 2038 3570 patientissimo

461 3592 565 3648 Job
593 3595 830 3648 noveris.
875 3591 1008 3645 Nam
1053 3593 1249 3647 coelum
1281 3594 1495 3663 quidem
1528 3596 1750 3650 minime
1781 3597 2036 3650 mundum

445 3690 584 3738 esse
609 3685 705 3749 ait,
726 3697 827 3738 nec
858 3684 1043 3739 stellas
1063 3684 1126 3738 in
1155 3693 1450 3754 conspectu
1480 3685 1598 3755 ejus
1619 3687 2041 3755 reprehensione

463 3776 737 3830 vacare”.
787 3776 899 3831 llac
941 3789 1071 3831 vero
1095 3775 1224 3845 quid
1283 3775 1472 3845 purius
1505 3776 1613 3832 sit?
1639 3777 1769 3846 quid
1802 3777 2040 3847 irrepre-

464 3868 829 3924 hensibilius?
858 3868 1057 3938 quippe
1106 3883 1270 3938 quam
1326 3869 1467 3924 Deus
1500 3883 1812 3938 supremum
1843 3885 1907 3925 ac
1944 3887 2043 3940 pu-

464 3960 740 4015 rissimum
777 3959 955 4015 lumen
997 3961 1078 4016 sic
1124 3961 1409 4028 ama-verit,
1459 3971 1517 4016 ut
1561 3962 1746 4031 illapsu
1803 3963 2044 4031 Spiritus

466 4051 640 4105 sancti
671 4051 1106 4107 substantialiter
1123 4065 1244 4106 cum
1269 4065 1332 4106 ea
1360 4052 1681 4107 commiStus
1708 4053 1800 4116 sit,
1833 4067 1898 4106 ex
1929 4053 2043 4122 ipsa

464 4140 741 4212 perfectus
763 4141 948 4205 homo,
981 4140 1117 4194 nihil
1139 4140 1417 4196 demutato
1467 4150 1562 4196 aut
1595 4140 1821 4198 confuso
1854 4157 2043 4197 eorum

466 4247 590 4301 qua
623 4231 842 4302 propria
875 4240 1002 4286 sunt
1033 4239 1198 4296 statu,
1232 4232 1507 4299 prodieus.
1561 4231 1695 4285 Rem
1726 4232 1887 4300 plane
1941 4232 2046 4286 mi-

468 4326 730 4380 rabilem!
762 4324 864 4388 Qui
905 4321 1327 4376 humanissimus
1363 4330 1470 4381 est.
1499 4322 1750 4376 ancillam
1791 4337 1944 4378 suam
1992 4324 2045 4376 in

466 4423 749 4486 parentem
772 4413 874 4467 sibi
913 4411 1220 4466 adsciscere
1255 4425 1360 4466 non
1408 4411 1648 4465 erubuit.
1682 4411 1726 4466 Ο
1759 4413 2046 4482 indulgen-

2139 3316 2213 3379 ὡς
2249 3317 2282 3385 ἡ
2323 3314 2576 3385 μακαρία
2629 3310 2774 3380 αὕτη
2796 3309 2894 3362 καὶ
2953 3306 3386 3376 πανθαύμαστος
3421 3299 3723 3372 Παρθένος.

2140 3409 2254 3461 Kal.
2282 3409 2365 3460 ὅτι
2396 3405 2616 3475 ἀληθὲς,
2641 3405 2876 3458 ἄκουσον
2906 3400 3000 3454 τοῦ
3023 3397 3261 3454 πολύτλα
3293 3395 3416 3450 Ίὼ6
3445 3395 3723 3462 λέγοντοςο

2145 3499 2390 3570 Οὐρανὸς
2449 3499 2548 3568 μὲν
2603 3496 2666 3549 ού
2715 3493 2977 3565 καθαρὸς,
3011 3492 3190 3562 ἄστρα
3217 3489 3275 3542 δὲ
3310 3487 3410 3541 οὐκ
3452 3484 3725 3555 ἄμεμπτα

2141 3590 2378 3644 ἐναντίον
2406 3587 2591 3643 αὐτοῦ.
2617 3588 2728 3657 Τῆς
2756 3586 2814 3639 δὲ
2837 3584 2889 3637 τί
2912 3581 3332 3654 καθαρώτερον;
3374 3578 3427 3631 τί
3464 3576 3519 3629 δὲ
3542 3575 3726 3644 ἀμεμ-

2149 3683 2444 3753 πτότερον;
2485 3675 2552 3754 ἦς
2598 3679 2854 3733 τοσοῦτον
2880 3675 3098 3748 ἠράσθη
3121 3673 3274 3737 Θεὸς,
3311 3671 3372 3724 τδ
3423 3667 3727 3739 ἀκρότατον

2150 3777 2268 3847 φῶς
2322 3776 2418 3830 καὶ
2478 3771 2890 3844 καθαρώτατον,
2933 3769 3010 3833 ὡς
3063 3767 3130 3820 δι’
3188 3762 3527 3823 ἐπελεύσεως
3566 3757 3726 3826 ἀγίου

2151 3868 2468 3938 Πνεύματος
2523 3865 2798 3928 ούσιωδῶς
2855 3863 2994 3934 αὐτῇ
3061 3856 3465 3929 συγκραθῆναι,
3513 3849 3609 3905 καὶ
3668 3849 3730 3914 ἐξ

2147 3963 2320 4033 αὐτῆς
2367 3961 2652 4032 προελθεῖν
2703 3958 2912 4020 τέλειος
2949 3954 3256 4027 ἄνθρωπος,
3287 3948 3428 4020 μετά
3466 3946 3569 4016 τῆς
3589 3945 3727 4014 ἀμε-

2148 4054 2382 4108 ταϐόλου
2414 4053 2518 4110 καὶ
2565 4049 2873 4120 ἀσυγχύτου
2919 4048 3027 4100 τῶν
3079 4042 3294 4098 οἰκείων
3343 4037 3630 4108 ἱδρύσεως.
3663 4035 3731 4086 Ὢ

2147 4149 2240 4204 τοῦ
2270 4149 2546 4219 θαύματος
2573 4149 2586 4200 !
2614 4147 2656 4198 Τ
2661 4148 2728 4218 ὴν
2762 4144 2898 4198 ἰδίαν
2915 4144 3131 4212 δούλην,
3177 4136 3388 4211 μητέρα
3417 4129 3729 4204 κτήσασθαι

2148 4239 2248 4292 οὐκ
2280 4237 2596 4310 ἐπῃσχύνθη
2653 4237 2682 4289 6
2719 4233 3256 4305 φιλανθρωπότατος.
3293 4228 3358 4280 Ὦ
3387 4226 3482 4296 τῆς
3517 4235 3728 4289 συγκα-

2148 4330 2432 4393 ταδάσεως
2454 4331 2467 4382 ί
2494 4329 2603 4382 Τοῦ
2631 4328 2762 4382 ἰδίου
2789 4326 3107 4396 πλάσματος
3127 4311 3729 4392 γέννημαχρηματίσαι

2149 4424 2249 4476 οὐκ
2267 4424 2587 4495 ἀπηνήνατο
2628 4423 2657 4474 6
2701 4418 3072 4491 ὑπεράγαθος,
3114 4414 3332 4484 ἐκείνης
3355 4405 3606 4480 ἐρασθεὶς
3638 4401 3730 4468 δη·

470 4507 561 4560 tia!
609 4502 1028 4559 demissionem!
1079 4501 1180 4569 Qui
1223 4502 1635 4558 eximio‘bonus
1671 4514 1784 4570 σει,
1843 4507 2037 4574 proprii

2152 4517 2286 4587 λαδὴ
2325 4515 2426 4585 τῆς
2460 4515 2795 4586 ὡραιοτέρας
2833 4513 3014 4582 πάσης
3065 4508 3316 4568 κτίσεως,
3355 4501 3567 4570 ἐκείνης
3605 4495 3732 4547 ἐπι-

472 4596 714 4668 ﬁgmenti
768 4593 948 4665 proles
985 4592 1176 4648 audire
1225 4607 1332 4646 non
1384 4593 1584 4660 renuit,
1629 4609 1815 4648 amore
1859 4605 2049 4667 captus

470 4687 618 4743 iilius
647 4700 765 4756 quo:
785 4684 993 4740 creatis
1016 4684 1270 4739 onmibus
1299 4683 1595 4752 speciosior
1614 4695 1729 4751 est;
1757 4685 1901 4739 illam
1933 4701 2048 4739 am-

469 4776 686 4847 plexus,
726 4790 846 4846 qua:
879 4774 1198 4830 caalestibus
1246 4774 1538 4830 virtutibus
1568 4775 1831 4843 dignitate
1869 4776 2042 4846 praeit.

473 4867 553 4923 De
585 4865 690 4922 hac
745 4867 928 4934 itaque
974 4878 1188 4920 summe
1237 4864 1571 4920 admirabilis
1598 4864 1890 4932 Zacharias
1935 4867 2043 4920 ait:

473 4958 660 5014 Gaude
691 4967 741 5014 et
779 4958 986 5023 lwtare,
1012 4957 1128 5024 ﬁlia
1165 4956 1316 5022 Sion,
1341 4958 1465 5026 quia
1495 4974 1611 5012 ecce
1640 4959 1808 5025 venio,
1833 4971 1878 5014 et
1901 4959 2053 5013 habi-

475 5052 598 5105 tabo
632 5053 687 5106 in
720 5052 892 5105 medio
925 5051 1024 5114 tui,
1052 5048 1180 5104 dicit
1214 5049 1467 5103 Dominus
1487 5049 1556 5101 ⁸⁸.
1611 5049 1716 5104 Sed
1756 5060 1811 5104 ct
1851 5051 2054 5104 beatis-

473 5143 647 5199 simus
679 5142 798 5200 Joel
819 5142 888 5198 de
907 5142 1119 5205 eadem,
1152 5149 1210 5195 ut
1239 5139 1456 5210 quidem
1485 5139 1758 5205 existimo,
1785 5141 1858 5194 ita
1887 5155 2054 5210 prope

476 5234 696 5290 modum
725 5235 968 5290 noscitur
989 5233 1226 5288 clamare
1262 5249 1281 5286 :
1329 5230 1568 5300 Con/ide,
1603 5240 1768 5296 terra,
1795 5235 1968 5300 gaude
2003 5244 2051 5286 et

475 5326 680 5392 (atare,
707 5327 832 5394 quia
857 5325 1212 5397 magni/ienuit
1249 5324 1511 5379 Dominus
1550 5334 1604 5377 ut
1637 5323 1832 5392 faceret
1865 5325 1959 5377 tibi
1979 5323 2046 5378 ".

475 5415 650 5472 Terra
705 5433 938 5487 namque
986 5427 1092 5486 est,
1125 5419 1176 5472 in
1223 5433 1330 5488 qua
1381 5417 1788 5474 sacratissimus
1845 5417 2052 5489 Moyses

477 5507 795 5563 umbratica:
836 5508 969 5579 legis
1019 5508 1446 5566 calceamentnm
1508 5509 1717 5564 solvere
1766 5509 1833 5565 ob
1866 5509 2052 5578 grati-.e

551 5661 604 5697 ’δ
624 5661 724 5718 Job
749 5679 974 5730 xxxvm,
1007 5665 1059 5719 7.

549 5804 668 5881 (7.1)
705 5803 830 5877 Seg.
860 5804 1292 5877 ἐξωστρακίσθη.

1136 5664 1181 5695 ’⁸
1218 5663 1318 5720 Job
1344 5664 1468 5733 xxv,
1502 5665 1555 5719 5.
1632 5666 1676 5698 ⁹⁶
1715 5664 1878 5724 Zaclt.
1921 5682 1981 5731 ll,
2022 5667 2107 5722 10.

2157 4605 2454 4676 λαϐόμενος
2480 4607 2579 4676 τῆς
2617 4602 2922 4672 ἀξιωτέρας
2972 4599 3080 4652 τῶν
3111 4598 3383 4668 οὐρανίων
3421 4589 3728 4658 δυνάμεων.

2158 4697 2294 4767 Περὶ
2319 4695 2524 4766 ταύτης
2555 4695 2739 4748 τοίνυν
2775 4696 2802 4747 6
2833 4690 3108 4762 Ζαχαρίας
3165 4690 3194 4742 6
3233 4679 3687 4767 θαυμασιώτατος
3715 4717 3731 4738 ,

2163 4789 2205 4838 Τ
2201 4763 2408 4854 ἑρπου,
2434 4763 2590 4854 φησὶ,
2617 4782 2715 4836 καὶ
2746 4779 3095 4850 εὐφραίνου,
3117 4775 3368 4843 θύγατερ
3391 4768 3566 4832 Σιὼν,
3583 4763 3733 4817 διότι

2157 4875 2288 4930 ἰδοὺ
2333 4875 2599 4944 ἔρχομαι,
2656 4873 2754 4927 καὶ
2804 4866 3254 4935 κατασκηνώσω
3295 4863 3364 4916 ὲν
3397 4859 3565 4930 μέσῳ
3595 4871 3735 4918 σου,
3829 4874 3840 4880 -

2153 4969 2315 5036 λέγει
2361 4966 2598 5034 Κύριος.
2638 4963 2773 5034 Περὶ
2828 4960 3033 5028 ταύτης
3064 4975 3128 5026 γε
3176 4955 3270 5009 καὶ
3315 4950 3472 5020 Ἰωὴλ
3501 4950 3529 5001 6
3560 4962 3737 5018 μακα-

2161 5059 2442 5130 ριώτατος,
2479 5058 2556 5121 ὼς
2594 5055 2720 5126 ἐμοὶ
2751 5055 2918 5116 δοκεῖ,
2972 5045 3076 5106 ὧδέ
3097 5065 3215 5109 πως
3237 5041 3528 5115 κεκραγὼς
3555 5037 3740 5130 φαίνε-

2153 5127 2270 5204 ται-⁸
2311 5151 2547 5218 Θάρσει,
2589 5148 2690 5218 τῆ,
2715 5147 2884 5218 zai’ps
2909 5145 3006 5199 καὶ
3033 5141 3380 5211 εὐφραίνου,
3421 5127 3736 5218 ὅτιέμεγάέ

2159 5245 2310 5296 λυνε
2340 5217 2555 5310 Κύριος
2598 5217 2994 5305 γτοῦνποιῆσαί
3029 5251 3151 5288 σοι.
3189 5231 3276 5322 ΓῆΔ
3303 5227 3415 5297 γάρ
3451 5227 3624 5322 ἐστιν,
3650 5217 3737 5320 ἐφ’

2161 5327 2197 5405 ᾖ
2226 5332 2468 5400 Μωῦπῆς
2500 5333 2529 5384 ὁ
2553 5329 2846 5401 ἱερώτατος
2873 5326 3034 5380 λῦσαι
3063 5325 3126 5376 τὸ
3151 5320 3406 5387 ὑπόδημα
3439 5320 3533 5405 τοῦ
3576 5327 3740 5405 ant—to-

2161 5403 2284 5482 δους
2307 5423 2474 5492 νόμου
2503 5423 2584 5485 εἰς
2616 5419 2917 5490 ἐξαλλαγὴν
2952 5415 3174 5486 χάριτος
3216 5404 3636 5492 προσετάττετο.
3662 5403 3739 5492 1Ἰῆ

2163 5513 2334 5577 ἐστιν,
2549 5485 2975 5582 τεθεμελιῶσθαι
3007 5485 3071 5577 τῇ
3109 5501 3272 5573 σαρκὶ
3294 5496 3399 5550 ὑπὺ
3433 5491 3528 5548 τοῦ
3567 5485 3740 5546 Πνεύ-

2185 5669 2228 5700 ”
2260 5666 2375 5723 Joel
2413 5683 2471 5735 ιι,
2501 5666 2591 5722 21.
