4012 6338
291 267 404 330 635

1071 263 1400 325 HOMILIA
1440 264 1501 324 Π
1539 265 1620 326 ΙΝ
1661 265 2181 332 ΝΑΤΙνΙΤΑΤΕΜ
2221 273 2288 334 Β.
2333 267 2396 334 V.
2439 276 2726 336 MARI/E.

3471 274 3574 334 686

281 388 461 443 ματος
503 369 709 440 ᾄδεται,
743 372 776 424 ό
815 369 1105 438 θεμελιῶν
1131 371 1246 440 τὴν
1268 371 1386 441 γῆν
1412 371 1512 426 ἐπὶ
1544 372 1659 440 τήν
1690 371 1886 442 ἀσφά-

2002 381 2471 436 commutationem
2524 382 2711 451 jussus
2743 391 2844 438 est.
2895 382 3068 438 Terra
3109 391 3214 446 est,
3261 381 3314 435 in
3356 394 3458 450 qua
3485 381 3574 436 ille

278 459 691 531 λειω-αὑτῆς.
741 461 818 532 Γῆ
852 465 1022 526 ἐστιν,
1065 463 1098 533 ἡ
1135 463 1343 534 σπορᾶς
1375 463 1751 528 ἁνεπίδεκτος,
1786 465 1881 517 καὶ

279 553 542 606 ἁπάντων
583 551 1041 623 καρποτροφοῦσα
1075 551 1430 623 τροφοδότην.
1475 553 1553 622 Γῆ
1582 553 1756 618 ἐστιν,
1789 552 1876 620 ἐφ’

280 645 354 714 ἣν
385 641 487 712 τῆς
535 642 817 713 ἁμαρτίας
875 642 1088 698 ἄκανθα
1115 644 1217 697 ούκ
1249 643 1510 697 ἀνέτειλε.
1558 643 1881 696 Τούναντίον

277 736 342 788 δὲ
373 735 578 804 μᾶλλον
615 735 705 788 διὰ
729 734 825 788 τοῦ
845 735 1052 806 ταύτης
1079 735 1269 806 ἔρνους
1302 736 1601 807 πρόρριζος
1630 735 1878 788 ἐκτετιλ-

280 846 397 884 ται.
437 829 513 900 Γῆ
549 831 722 894 ἐστιν,
752 829 851 899 οὐχ
903 828 980 891 ὡς
1005 831 1038 898 ή
1073 829 1338 898 πρότερον
1365 828 1752 900 κατηραμένη,
1785 829 1881 882 καὶ

279 916 354 992 ἧς
393 921 602 991 καρποὶ
622 919 855 990 πλήρεις
884 919 1140 973 ἀκανθῶν
1168 922 1264 973 καὶ
1306 918 1574 990 τριϐόλων
1600 937 1613 952 ·
1651 919 1768 972 ἀλλ’
1793 919 1880 988 ἐφ’

280 1014 355 1083 ἣν
375 1012 596 1081 εὐλογία
624 1011 854 1082 Κυρίου,
881 1013 974 1064 καὶ
997 1006 1066 1082 ἧς
1093 1010 1457 1082 εὐλογημένος
1485 1011 1514 1066 6
1537 1011 1752 1083 καρπὸς
1780 1011 1881 1081 τῆς

280 1103 522 1172 κοελίας,
553 1103 626 1167 ὥς
658 1119 825 1174 φησιν
858 1102 886 1154 6
919 1101 1062 1173 ἱερὸς
1086 1100 1262 1170 λύγος.

363 1293 425 1340 ε’.
465 1283 607 1337 Ἀλλ’
653 1285 779 1336 ἐπεὶ
828 1281 1004 1337 ταῦτα
1074 1281 1271 1345 οὕτως,
1305 1283 1462 1355 φέρε,
1516 1257 1716 1354 ἴδωμεν
1758 1284 1880 1338 ὅθεν

280 1378 702 1448 εύθυδρᾶμησεν
729 1378 756 1430 6
781 1373 1010 1440 ἀείζωος
1040 1375 1221 1446 δρπηξ
1247 1375 1347 1446 τῆς
1372 1375 1676 1447 παρθενίας
1695 1394 1710 1408 ·
1741 1375 1826 1440 τίς
1851 1378 1881 1428 6

283 1471 491 1540 φύσας,
523 1470 619 1522 καὶ
641 1469 725 1532 τίς
757 1469 790 1538 ἡ
821 1465 1079 1521 τεκοῦσα.
1125 1466 1382 1536 Ἰωακείμ.
1409 1484 1468 1519 τε
1497 1467 1588 1520 καὶ
1623 1467 1814 1534 Ἀννα,
1839 1468 1874 1538 ἡ

281 1565 558 1634 διαφανής
601 1564 695 1617 καὶ
749 1560 1108 1630 πανεύφημος
1149 1560 1243 1612 τοῦ
1293 1559 1470 1628 Λόγου
1517 1559 1770 1630 ξυνωρὶς,
1844 1559 1880 1630 ἡ

286 1657 486 1710 πασῶν
513 1655 791 1723 συζυγιῶν
833 1649 1246 1722 θεσπεσιωτὲρα
1291 1650 1545 1721 ἁρμονία.
1577 1643 1688 1714 Ἧς
1713 1652 1824 1720 γὰρ
1850 1649 1880 1701 6

283 1752 489 1814 κλάδος
520 1747 840 1821 ὑπερφερὴς
869 1746 1146 1812 ἁπάντων,
1169 1746 1231 1798 ού
1259 1745 1434 1816 δήπου
1468 1744 1672 1816 ταύτης
1698 1746 1732 1815 ἡ
1756 1744 1882 1814 ῥίζα

291 1842 374 1915 μὴ
408 1839 897 1912 προσφερεστέρας
960 1835 1102 1891 Ἀλλ’
1157 1837 1292 1906 ἡμῖν
1325 1833 1543 1906 εύριζος
1573 1833 1714 1904 φυὰς
1741 1831 1884 1887 οὕτω

292 1933 654 2006 μεγαλοφυής
685 1949 745 1985 τε
783 1931 880 1985 καλ⁸
907 1928 1240 2000 ὲξοχωτάτη,
1264 1926 1480 2000 καρποῦ
1514 1926 1572 1980 δὲ
1595 1926 1734 1990 τέως
1761 1926 1887 1994 ἆγο-

289 2045 407 2091 νος.
439 2025 823 2098 Καθαρωτάτη
854 2025 889 2093 ἡ
911 2022 1087 2093 πηγὴ,
1117 2020 1256 2075 ἀλλά
1284 2020 1500 2092 ῥεῖθρον
1522 2019 1584 2074 ού
1620 2019 1884 2090 φέρουσα.

296 2119 567 2192 ευμφορὰ
598 2121 634 2188 ἠ
663 2116 995 2173 ἀπευκταία.
1039 2113 1363 2186 Εύληπτικὰ
1406 2114 1499 2167 καὶ
1531 2111 1784 2166 ἐπώδυνα
1817 2110 1889 2165 τὰ

295 2211 712 2282 παριστάμενα.
740 2207 806 2262 Τί
849 2203 976 2275 οὖνς
1047 2202 1419 2273 Ἐκέκραξαν
1447 2202 1690 2266 δίκαιοι,
1721 2201 1822 2255 καὶ
1853 2203 1888 2255 ό

295 2304 520 2370 Κύριος
568 2298 940 2367 είσήκουσεν
988 2294 1209 2360 αὐτῶν,
1263 2293 1361 2349 καὶ
1411 2295 1481 2347 ἐκ
1527 2290 1744 2347 πασῶν
1771 2289 1890 2346 τῶν

303 2397 579 2464 θλίψεων
601 2391 802 2447 αὐτῶν
819 2391 1118 2460 ὲῤῥύσατο
1151 2387 1396 2454 αὐτούς.
1417 2385 1708 2458 Πόρρωθεν
1726 2384 1892 2438 Δαϐὶδ

297 2480 780 2540 ἐνθεαστικὼτατα
803 2482 954 2554 διεσή
965 2498 1098 2552 μανε
1121 2480 1298 2534 τοιάδε
1317 2497 1331 2510 ·
1373 2476 1757 2547 Ἐκέκραξαν,
1784 2496 1891 2548 φη-

297 2579 412 2643 σὶν,
453 2581 507 2631 οὶ
532 2577 770 2630 δίκαιοι.
800 2575 914 2646 Τῆς
967 2575 1098 2644 ὅλης
1127 2572 1552 2646 ἁνθρωπότητος
1596 2572 1891 2643 πρόσωπον

297 2671 582 2742 εἰσφέρειν
625 2687 716 2740 μοι
755 2669 789 2739 ή
827 2666 960 2730 δυὰς
1009 2665 1155 2736 α’ύτη
1193 2663 1552 2736 τεθεώρηται.
1591 2664 1894 2737 Ἐθεώρουν

295 2763 596 2836 τοιγαροῦν
625 2761 954 2831 θεογνωσίας
988 2759 1087 2832 τὴν
1124 2758 1523 2831 ἁνθρωπότήτα
1561 2756 1793 2830 ἔρημον,
1831 2757 1891 2822 ἐξ

298 2857 569 2920 ἀπιστίας
612 2854 702 2907 τὸν
745 2852 951 2922 κόσμον
988 2849 1322 2922 χηρεύοντα·
1361 2851 1632 2920 ἐπείπερ,
1669 2849 1895 2916 Πάντες

299 2947 650 3014 ἐξέκλιναν,
683 2944 804 3014 ἅμα
852 2943 1294 3012 ἠχρειὼθησαν,
1321 2941 1461 2996 κατᾶ
1511 2941 1574 2993 τὸ
1614 2941 1895 3011 ᾀδόμενον.

1913 1716 1957 1773 Β

1984 483 2152 524 carne
2183 470 2437 528 fundatus
2466 488 2495 526 a
2539 473 2745 542 Spiritu
2775 474 3012 538 canitur,
3038 475 3126 542 qui
3158 471 3348 541 fundat
3373 483 3568 545 terrain

1982 577 2139 631 super
2175 563 2516 618 stabilitatem
2549 567 2779 620 suam".
2816 568 2985 621 Terra
3015 575 3117 634 est,
3164 581 3286 636 quae
3337 581 3443 620 non
3485 580 3576 621 se.

1984 655 2128 707 mine
2157 664 2410 723 suscepto
2451 671 2574 711 eum
2641 658 2885 726 protulit,
2943 659 3033 726 qui
3088 659 3344 713 omnibus
3388 672 3572 713 eseam

1982 745 2206 813 prtebet.
2241 745 2409 801 Terra
2433 757 2534 814 est,
2565 748 2618 802 in
2646 763 2750 818 qua
2802 748 2947 802 nulla
2976 749 3182 818 peccati
3214 747 3379 818 852
3411 759 3573 804 enata

1983 835 2360 902 spiua;secus
2414 852 2545 893 vero
2595 853 2693 908 per
2738 839 2892 908 cujus
2941 855 3161 909 germen
3210 841 3338 893 illud
3395 841 3576 909 potius

1983 927 2226 982 evulsum
2259 937 2362 983 est.
2396 927 2564 983 Terra
2603 939 2705 994 est,
2737 947 2841 986 non
2874 932 2950 984 uti
2982 931 3134 1000 prior
3179 933 3488 996 maledicta,
3513 949 3574 987 ac

1983 1018 2137 1088 cujus
2159 1018 2366 1076 fructus
2394 1023 2563 1091 spinis
2597 1037 2661 1078 ac
2695 1023 2910 1078 tribulis
2939 1025 3256 1079 horrescant
3287 1042 3301 1091 ;
3353 1023 3446 1078 sed
3479 1040 3572 1078 su-

1983 1124 2081 1180 per
2111 1126 2273 1181 quam
2300 1113 2604 1170 benedictio
2643 1115 2855 1170 Domini
2886 1115 3006 1182 luit,
3049 1120 3102 1172 et
3144 1097 3300 1183 cujus
3363 1115 3572 1172 fructus

1983 1203 2186 1258 ventris
2215 1202 2552 1270 benedictus,
2589 1216 2648 1261 ut
2675 1221 2832 1262 sacro
2849 1207 3053 1262 dictum
3073 1216 3156 1263 est
3185 1207 3408 1262 oraculo
3427 1208 3495 1261 ’³.

2053 1295 2106 1350 5.
2135 1295 2259 1351 Haec
2285 1312 2406 1352 cum
2443 1298 2517 1354 ita
2568 1314 2629 1355 se
2679 1299 2933 1365 habeant,
2967 1314 3086 1371 age,
3131 1299 3243 1367 jam
3295 1300 3574 1355 videamus

1982 1399 2047 1440 ex
2083 1400 2190 1454 quo
2237 1402 2437 1457 genere
2491 1403 2708 1459 semper
2754 1391 2940 1446 virens
2997 1391 3332 1462 virginitatis
3382 1407 3568 1446 ramus

1985 1487 2131 1532 recta
2161 1480 2411 1544 venerit;
2453 1480 2575 1550 quis
2618 1481 2853 1550 genitor,
2907 1497 3094 1551 quaeve
3133 1483 3370 1554 genitrix
3430 1482 3574 1535 illius

1983 1570 2269 1626 exstiterit.
2299 1570 2545 1626 Joachim
2595 1573 2807 1628 scilicet
2851 1583 2904 1629 et
2933 1575 3113 1642 Anna,
3163 1574 3376 1628 illustre
3421 1573 3570 1628 cele-

1983 1661 2469 1733 bratissimumque
2497 1662 2661 1720 Verbi
2690 1680 2806 1736 par,
2830 1666 3095 1738 conjugiis
3135 1666 3390 1720 omnibus
3422 1665 3564 1720 divi.

1987 1753 2110 1807 nior
2143 1768 2455 1825 compages.
2485 1754 2652 1826 Cujus
2669 1757 2813 1811 enim
2835 1772 3021 1812 ramus
3045 1756 3228 1811 omnia
3258 1764 3570 1825 exsuperat,

1987 1856 2086 1899 cur
2119 1843 2276 1899 radix
2303 1860 2427 1900 cum
2482 1860 2548 1901 eo
2603 1861 2710 1901 non
2769 1849 3007 1902 maxime
3059 1847 3362 1917 congruat?
3410 1847 3572 1916 Atqui

1987 1935 2172 2002 probis
2233 1936 2504 1991 radicibus
2555 1936 2736 2005 planta
2787 1938 2867 1992 sic
2915 1937 3199 2009 magniﬁca
3248 1947 3304 1993 et
3353 1938 3574 1996 eximia.

1989 2024 2209 2080 interim
2242 2025 2423 2082 fructu
2459 2028 2700 2082 carebat.
2732 2027 3174 2098 Limpidissimus
3192 2027 3336 2091 fons,
3359 2027 3452 2082 sed
3483 2028 3576 2096 qui

1992 2116 2199 2172 nullum
2243 2115 2504 2173 ﬂuentum
2540 2119 2845 2174 emittebat.
2878 2119 3227 2188 Deprecanda
3258 2118 3574 2183 calamitas;

1991 2227 2184 2283 graves
2219 2212 2457 2282 dirasque
2515 2211 2960 2269 circumstantias.
3003 2211 3143 2277 Quid
3199 2210 3405 2280 igitur?
3451 2207 3578 2264 Cla-

1992 2313 2264 2358 mavcrunt
2285 2305 2444 2373 justi,
2474 2315 2522 2359 et
2555 2303 2812 2358 Dominus
2845 2303 3118 2358 exaudivit
3159 2317 3265 2366 eos,
3289 2310 3336 2354 et
3375 2316 3438 2354 ex
3460 2317 3576 2353 om-

1995 2397 2145 2452 nibus
2186 2397 2614 2451 tribulationibus
2665 2412 2849 2450 eorum
2894 2393 3135 2448 liberavit
3183 2393 3308 2448 eos'
3344 2411 3358 2446 :
3398 2391 3577 2462 qualia

1994 2492 2212 2562 quidem
2244 2490 2402 2559 longe
2431 2501 2591 2544 antea
2619 2488 2786 2543 David
2815 2487 3157 2542 divinissimo
3208 2484 3384 2539 aﬂlatu
3410 2483 3580 2551 signi-

1997 2584 2274 2640 ﬁcaverat.
2309 2581 2681 2638 Clamaverunt
2720 2580 2881 2650 justi,
2933 2579 3131 2650 inquit.
3188 2575 3440 2632 Universi
3484 2591 3580 2646 ge-

1999 2677 2146 2731 neris
2198 2675 2419 2730 humani
2468 2688 2758 2744 pcrsonam
2787 2687 2886 2742 par
2917 2671 3059 2727 istud
3095 2685 3214 2726 meo
3247 2685 3410 2725 sensu
3443 2669 3584 2724 refe-

1999 2770 2176 2823 rebat.
2228 2767 2495 2833 Quocirca
2544 2767 2855 2821 universum
2904 2780 3075 2836 genus
3125 2764 3421 2819 lmmanum
3475 2761 3584 2816 Deo

1993 2860 2307 2930 ,coguitioue
2345 2861 2664 2915 destitutmu
2698 2859 2999 2912 cernebant
3029 2871 3042 2907 :
3079 2856 3342 2910 mundum
3369 2855 3438 2909 ob
3461 2854 3586 2908 iuli-

2002 2953 2279 3008 delitatcm
2310 2951 2531 3006 viduum
2559 2968 2572 3014 ;
2605 2966 2726 3006 cum
2751 2949 3040 3005 Psalmista
3066 2959 3202 3004 teste
3227 2968 3240 3004 :
3271 2947 3465 3003 Omnes
3493 2947 3586 3001 de-

314 3041 592 3112 ὀδυνηρὰ
622 3041 655 3110 ἡ
690 3036 914 3104 ἀταξία,
945 3036 1201 3107 κατηφὴς
1228 3034 1501 3105 ἀκαρπία.
1533 3032 1899 3102 Ἐκέκραξαν

2003 3043 2513 3106 clinaverunt,simul
2542 3043 2756 3098 inutiles
2795 3043 2925 3111 facti
2962 3052 3082 3097 sunt
3111 3044 3154 3096 ’.
3187 3031 3411 3096 Molésta
3441 3041 3589 3094 inor-

299 3137 363 3190 οἱ
391 3133 636 3196 δίκαιοι,
663 3131 720 3183 ἐν
754 3128 834 3201 τῷ
871 3128 1059 3200 οίκείῳ
1099 3126 1301 3198 δηλαδὴ
1356 3126 1694 3197 παραδείσῳ.
1730 3125 1894 3178 Ὀτου

301 3225 506 3290 ἔνεκα;
557 3221 894 3293 Ἐπειὸήπερ
921 3221 985 3274 ἐκ
1023 3219 1358 3290 παραδείσου
1399 3219 1432 3288 ἡ
1467 3217 1689 3288 λυπηρά
1716 3217 1898 3288 ἁμαρ-

303 3319 402 3372 τία
432 3316 776 3389 ἐξελήλυθεν,
806 3317 924 3368 ἐκεῖ
955 3331 1088 3384 φησι
1106 3314 1172 3384 τῇ
1199 3313 1506 3384 προμήτορι
1537 3313 1566 3362 ὁ
1618 3309 1727 3364 τῶν
1759 3308 1898 3362 ὅλων

302 3411 478 3474 Θεός·
507 3409 842 3477 Πληθύνων
886 3403 1178 3474 πληθυνῶ
1217 3405 1328 3470 τὰς
1374 3404 1577 3469 λύπας
1621 3416 1764 3468 σου,
1797 3399 1900 3454 καὶ

313 3505 424 3559 τὸν
453 3502 795 3570 στεναγμόν
816 3516 954 3555 σου.
1009 3497 1114 3551 Ἔν
1147 3497 1374 3562 λύπαις
1395 3495 1538 3564 τέξῃ
1565 3494 1768 3559 τέκνα,
1799 3493 1900 3547 καὶ

308 3596 468 3664 πρὸς
497 3594 605 3648 τὸν
643 3592 836 3661 ἄνδρα
869 3606 988 3645 σου
1035 3589 1073 3657 ἡ
1131 3587 1489 3657 ἀποστροφή
1518 3605 1656 3642 σου.
1685 3586 1750 3639 Τί
1778 3586 1901 3638 ἐκέ-

312 3687 563 3759 κραξανς
623 3685 852 3754 Καρπὺν
890 3683 1134 3749 κοιλίας,
1197 3684 1365 3754 ἤγουν
1418 3681 1731 3751 εὐκαρπίαν
1787 3680 1904 3733 θεο-

298 3779 559 3857 γνωσίας
603 3777 1003 3849 ἐξαιτούμενοι,
1050 3777 1145 3832 καὶ
1185 3774 1360 3829 ταῦτα
1409 3773 1558 3836 εἰκὸς
1604 3771 1906 3845 προσευχό-

313 3886 498 3942 μενοι.
558 3867 786 3922 Ἀδωναῒ
840 3865 1014 3938 Κύριε
1090 3865 1248 3919 Ἐλωῖ
1306 3862 1559 3927 Σαϐαὼθ,
1612 3858 1761 3924 οἶδας
1804 3861 1903 3931 τῆς

308 3961 579 4026 ἀπαιδίας
627 3961 851 4024 ὄνειδος.
891 3957 1188 4022 Γινώσκεις
1230 3959 1331 4026 τῆς
1381 3955 1663 4027 ἀκαρπίας
1703 3953 1766 4006 τὸ
1791 3953 1907 4022 (72)

311 4055 554 4124 ἄθυμον.
607 4054 733 4108 Ἐὰν
768 4051 1079 4106 ἐπιϐλέπων
1129 4048 1429 4120 ὲπιόλέψῃς
1475 4049 1566 4101 ὲπί
1599 4046 1698 4117 τὴν
1720 4046 1912 4100 ταπεί-

315 4162 492 4200 νωειν
534 4144 642 4198 τῶν
682 4144 886 4198 δούλων
938 4161 1056 4210 σου,
1096 4143 1192 4197 καὶ
1240 4139 1347 4212 δῷς
1387 4143 1501 4204 τοῖς
1551 4137 1761 4200 δούλοις
1814 4154 1910 4190 σου

318 4235 552 4305 σπέρμα
600 4235 810 4299 παιδὸς,
842 4233 1086 4304 δώσομεν
1131 4230 1264 4286 αὐτὸ
1305 4227 1538 4284 ἐνώπιόν
1598 4245 1693 4281 σου
1735 4228 1909 4282 δοτόν.

320 4328 438 4382 Καί
465 4344 528 4394 γε
561 4328 590 4380 6
646 4326 852 4398 Κύριος
903 4327 1228 4398 είσήκουσεν
1275 4323 1481 4387 αὐτῶν,
1527 4323 1557 4374 6
1608 4322 1780 4392 ταχὺς
1830 4321 1912 4384 είς

1999 3136 2230 3200 dinatio,
2261 3144 2471 3191 maestae
2497 3136 2806 3193 sterilitatis
2826 3135 3110 3206 dispendia
3142 3143 3318 3189 erant.
3367 3132 3586 3187 Clama-

2001 3237 2184 3282 verunt
2209 3227 2360 3297 iusti.
2396 3226 2664 3282 Ubinam?
2690 3227 2742 3282 in
2762 3228 2983 3297 proprio
3015 3228 3193 3282 horto.
3225 3226 3588 3295 Quapropter.

2002 3333 2124 3373 cum
2168 3331 2232 3372 ex
2284 3317 2537 3387 paradiso
2567 3318 2744 3372 tristis
2796 3315 3004 3386 peceali
3049 3332 3188 3371 noxa
3236 3317 3481 3380 exiissct,
3516 3313 3589 3368 ibi

2003 3408 2246 3464 omnium
2277 3408 2467 3478 primm
2495 3409 3063 3464 matri-universorum
3094 3408 3237 3463 Deus
3261 3408 3424 3462 dixit:
3455 3405 3593 3460 Mul-

2005 3500 2250 3570 tiplicaus
2281 3500 2644 3570 multiplicabo
2677 3500 3022 3555 dolorestuos
3051 3509 3100 3553 et
3133 3500 3382 3576 gemitum
3418 3508 3586 3551 tuum.

2009 3591 2076 3648 In
2123 3593 2397 3647 doloribus
2444 3594 2658 3663 paries,
2691 3603 2737 3646 et
2783 3593 2851 3645 ad
2897 3594 3070 3646 rirnm
3133 3603 3282 3645 tuum
3330 3587 3592 3644 conversio

2009 3696 2098 3739 tua
2118 3686 2158 3738 ³.
2202 3685 2343 3752 Quid
2374 3684 2788 3746 clamaveruut?
2820 3684 2958 3738 uteri
2991 3683 3250 3746 fructum,
3272 3682 3322 3735 id
3346 3689 3429 3736 est
3460 3681 3589 3732 nhe-

2007 3793 2122 3833 rem
2175 3776 2267 3832 Dei
2301 3779 2549 3831 notitiam
2585 3777 2945 3844 postulantes.
2976 3774 3184 3829 Adonai
3216 3773 3444 3827 Domine
3479 3771 3594 3824 Elei

2012 3867 2274 3930 Sabaoth,
2317 3865 2616 3921 sterilitatis
2646 3867 2904 3935 probrum
2939 3879 3044 3918 non
3098 3864 3334 3934 ignoras,
3392 3872 3596 3932 quanto

2013 3958 2234 4012 mmrori
2261 3956 2600 4024 subiaceant,
2625 3955 2716 4024 qui
2743 3953 2949 4011 fructus
2971 3963 3100 4010 sunt
3129 3963 3398 4024 expertes,
3429 3954 3593 4008 nosti.
3657 3935 3664 3942 ’

2016 4049 2074 4105 Si
2110 4047 2410 4119 respiciens
2457 4047 2764 4118 respexeris
2819 4049 2872 4101 in
2920 4045 3280 4102 humilitatem
3312 4060 3597 4100 servorum

2017 4151 2254 4207 tuorum,
2285 4140 2608 4210 dederisque
2657 4141 2835 4197 servis
2866 4141 2972 4195 tuis
3015 4138 3243 4210 prolem,
3295 4139 3435 4195 dono
3476 4153 3598 4193 eam

2017 4249 2202 4290 coram
2245 4243 2295 4290 te
2328 4233 2674 4288 donabimus.
2714 4232 3001 4288 Exaudivit
3034 4231 3217 4302 itaque
3267 4245 3361 4286 eos
3413 4229 3599 4285 Domi-
3673 4279 3676 4282 λ

2019 4339 2142 4391 nus,
2169 4325 2261 4396 qui
2297 4325 2453 4380 velox
2505 4325 2574 4378 sit
2626 4326 2693 4380 ad
2744 4325 3136 4390 miserandum,
3180 4332 3235 4378 et
3289 4323 3474 4379 tardus
3533 4323 3602 4376 ad

319 4419 500 4481 ἔλεον,
537 4418 737 4489 βραδὺς
793 4417 850 4470 δὲ
889 4419 971 4480 εἰς
1012 4415 1204 4487 ὀργὴν,
1241 4414 1368 4477 δοὺς
1410 4413 1510 4484 τὴν
1564 4411 1911 4483 κυριώνυμον

2022 4417 2184 4482 iram,
2216 4419 2423 4472 donans
2467 4432 2586 4471 eam
2623 4431 2742 4485 quze
2773 4417 2990 4486 proprie
3012 4415 3195 4472 Maria:
3217 4430 3413 4471 nomen
3439 4414 3601 4486 gerit,

315 4512 551 4582 Μαρίαν
597 4509 792 4582 λύτρον
810 4510 982 4573 οὕτως
1021 4507 1224 4577 ἀγλαὸν
1267 4507 1366 4560 καὶ
1416 4505 1764 4577 μεγαλοφυὲς
1797 4505 1920 4558 ἀντὶ

319 4607 427 4674 τῆς
459 4604 625 4668 Εὔας.
667 4604 925 4673 Θυγάτηρ
981 4602 1122 4674 ἴαμα
1181 4599 1447 4672 μητρικδν
1499 4599 1821 4669 γεγένηται·
1855 4598 1922 4651 τὸν

321 4697 452 4752 νέον
481 4697 708 4768 φύραμα
732 4697 834 4766 τῆς
865 4694 1016 4758 Θείας
1059 4692 1438 4758 ἀναπλάσεως,
1472 4693 1585 4763 (75)
1612 4692 1646 4761 ἡ
1674 4690 1917 4759 παναγία

323 4789 559 4860 ἀπαρχή
590 4787 686 4842 τοῦ
725 4787 936 4856 γένους,
973 4787 1008 4858 ὴ
1043 4787 1169 4858 ῥίζα
1207 4785 1301 4839 τοῦ
1335 4784 1672 4855 θεοφράστου
1696 4782 1915 4848 κλάδου,

324 4883 394 4936 τὸ
422 4881 519 4935 τοῦ
551 4881 902 4954 προπάτορος
938 4878 1279 4949 ἀγαλλίαμα.
1313 4879 1378 4930 Ὢ
1424 4877 1524 4948 τῆς
1557 4876 1913 4947 εύεργεσίαςῐ

323 4973 378 5028 ὣ
415 4974 515 5045 τῆς
558 4973 1009 5045 μεγαλοδωρεᾶςι
1041 4967 1191 5041 τΑριι.
1221 4970 1344 5041 ούχὶ
1380 4969 1474 5022 καὶ
1506 4967 1668 5031 αὐτὸς
1706 4969 1735 5020 6
1768 4967 1920 5039 ¹ἣλιος

327 5064 698 5136 φαιδροτέρας
719 5063 814 5118 νῦν
840 5063 942 5127 τὰς
964 5064 1189 5125 ἀκτῖνας
1213 5060 1408 5131 ἀφίησι
1433 5058 1537 5128 τῆς
1563 5057 1920 5130 περιχαρείας

328 5175 453 5219 πως
483 5156 834 5227 αἰσθόμενος;
863 5151 1012 5227 ’Λρα
1046 5156 1168 5225 οὐχὶ
1203 5153 1298 5207 καὶ
1334 5154 1486 5206 πᾶσα
1531 5152 1565 5222 ἡ
1600 5151 1780 5214 κτίσις
1808 5145 1921 5205 οἷον

327 5248 695 5318 ἐναϐρύνεται
746 5249 835 5300 ἐπ’
883 5247 1062 5301 ἐλπίδι
1103 5247 1202 5317 τῆς
1230 5248 1293 5299 ἐκ
1315 5245 1534 5316 φθορᾶς
1579 5243 1916 5313 ἐλευθερίας,

328 5344 428 5395 ἐπὶ
453 5343 522 5413 τῇ
550 5340 806 5412 γεννήσει
827 5341 928 5412 τῆς
964 5339 1219 5410 ἀφθὸρως
1244 5338 1357 5410 (76)
1391 5337 1632 5407 κυούσης
1655 5335 1745 5388 τὸν
1776 5335 1925 5388 ἐλευ-

409 5498 456 5530 "
490 5497 666 5552 Exod.
701 5513 782 5562 ιιι,
827 5497 880 5551 5.
959 5498 1002 5529 ’⁸
1028 5495 1160 5551 Luc.
1193 5510 1231 5560 ι,
1257 5494 1348 5548 28.
1417 5495 1433 5524 ¹
1472 5492 1615 5550 Psal.
1643 5508 1802 5563 χχιιι,
1835 5493 1887 5549 8.

2011 5490 2152 5548 Psal.
2185 5507 2338 5556 xu",
2369 5491 2423 5545 3.

412 5649 529 5717 (Ἰῖ)
556 5649 790 5720 Aillatius
816 5649 944 5719 legit
973 5649 1187 5720 ἄτιμον,
1213 5648 1484 5720 probrum.

420 5720 535 5792 ‘75)
569 5718 669 5777 llic
700 5717 892 5778 lacuna
925 5720 1024 5778 fuit
1053 5717 1104 5776 in
1129 5717 1313 5775 Allatii
1345 5717 1551 5775 codice.

2020 4508 2075 4563 in
2104 4498 2442 4578 splendidum
2465 4517 2521 4562 et
2547 4506 2895 4576 magniﬁcum
2927 4522 3023 4576 pro
3065 4507 3175 4562 Eva
3203 4506 3460 4577 pretium.
3487 4504 3603 4559 Ma-

2021 4600 2122 4655 tris
2152 4599 2607 4655 medicamentum
2653 4598 2765 4653 ﬁlia
2815 4597 3005 4654 ell'ccta
3039 4607 3123 4654 est
3149 4619 3168 4674 ι
3199 4599 3396 4654 divina:
3426 4597 3604 4654 relor-

2021 4691 2280 4748 mationis
2318 4707 2456 4747 nova
2489 4692 2824 4764 conspersio,
2863 4694 3227 4748 sanctissimae
3253 4692 3470 4763 generis
3491 4692 3604 4763 pri-

2023 4785 2191 4841 mitias
2219 4803 2234 4841 :
2263 4785 2398 4840 rami
2453 4783 2636 4840 divino
2668 4800 2763 4842 ore
2814 4786 3010 4859 prolati
3060 4787 3212 4842 radix
3256 4806 3270 4842 :
3316 4785 3475 4856 primi
3511 4799 3606 4852 pa-

2033 4877 2205 4932 rentis
2232 4876 2545 4943 exsultatio,
2573 4876 2618 4933 0
2664 4879 3017 4935 beneficium!
3065 4895 3100 4936 o
3143 4875 3602 4933 muniﬁcentiam!

2029 4965 2280 5036 Nunquid
2335 4981 2442 5022 non
2474 4967 2554 5021 sol
2599 4968 2988 5039 splendidiores
3012 4981 3156 5022 nunc
3199 4964 3382 5018 radios
3429 4961 3610 5030 ejacu~

2029 5058 2193 5126 latur,
2227 5061 2318 5130 qui
2344 5060 2528 5131 gaudii
2568 5061 3004 5132 exsuperantiam
3042 5057 3187 5111 velut
3217 5049 3610 5124 persentiscat?

2030 5152 2221 5208 Annon
2281 5161 2477 5208 natura
2525 5153 2705 5207 onmis
2755 5151 2985 5221 quodam
3039 5146 3197 5202 modo
3254 5143 3499 5212 superbit
3548 5159 3612 5195 at:

2029 5247 2314 5318 gloriatur,
2343 5247 2650 5302 libertatem
2694 5258 2724 5296 a
2763 5240 3068 5310 corruptela
3097 5251 3325 5305 sperans
3380 5235 3433 5290 in
3471 5233 3611 5288 illius

2038 5336 2336 5402 nativitate,
2371 5349 2492 5405 qua:
2520 5335 2638 5390 sine
2668 5331 2788 5386 labe
2815 5330 2999 5385 mundi
3026 5328 3372 5382 liberatorem
3404 5333 3485 5380 cst
3510 5339 3594 5393 pa-

2503 5491 2522 5521 ³
2557 5488 2694 5545 ch.
2721 5503 2805 5542 ιιι.
2842 5486 2927 5541 ιϐ.

2111 5649 2222 5720 (74)
2251 5651 2412 5708 Allat.
2450 5651 2597 5722 legit.
2627 5646 2907 5719 ἀπόρως,
2930 5643 3046 5702 sine
3075 5643 3308 5708 semine;
