4018 6342
445 330 546 393 687

1614 324 1670 380 S.
1708 320 2026 386 JOANNIS
2067 321 2496 382 DAMASCENI

3593 327 3700 388 688

437 436 635 492 ritura.
661 433 765 490 Sed
790 444 844 492 et
870 450 986 503 qum
1017 445 1336 506 sequuntur,
1363 435 1588 506 inspice.
1612 434 1829 500 Libens,
1853 433 2014 488 velim

2139 435 2366 505 Ιερωτὴν
2398 435 2492 489 τοῦ
2512 436 2714 507 κόσμου
2737 454 2750 505 ;
2775 438 2974 491 Σκόπει
2999 437 3092 492 καὶ
3126 436 3194 491 τὰ
3218 435 3363 508 ἑξῆς
3389 437 3692 508 φιλακροά-

361 565 363 568 -
445 527 656 591 audias,
725 526 1094 590 dilectissime,
1150 542 1248 581 nec
1315 535 1367 582 te
1438 526 1765 594 perscrutari
1815 526 2016 594 pigeat.

448 615 649 685 Muigo,
713 616 885 684 inquit
935 616 1280 686 Scriptura",
1333 617 1438 680 lar,
1485 627 1532 672 et
1590 617 1690 670 erit
1752 617 2020 684 butyrum.

444 707 852 760 Consentaneus
895 705 1166 775 iustorum
1213 707 1541 776 precationis
1575 706 1744 760 locus.
1777 704 1832 758 lu
1865 707 2024 763 horto

445 812 631 864 preces
661 797 966 864 fundentes,
1021 799 1235 853 hortum
1284 799 1466 869 priore
1521 799 1676 866 longe
1719 798 2022 853 feliciorem

442 897 765 957 genuerunt.
811 889 924 942 Illic
953 903 1177 944 susurro
1221 905 1442 959 serpens
1473 890 1640 944 Evam
1687 888 1829 944 facili
1876 898 2026 946 strue

445 977 812 1032 scduxit.--llic
842 978 1055 1032 Gabriel
1088 980 1447 1050 archangelus
1490 979 1713 1035 Mariam
1746 980 1866 1036 Leto
1905 991 2023 1036 scr-

446 1083 606 1122 mone
653 1070 1004 1136 conveniens,
1048 1071 1551 1140 tnrbavitquidem.
1596 1072 1688 1128 sed
1729 1087 1836 1126 non
1873 1074 2027 1128 dece-

447 1157 547 1225 pit.
570 1156 677 1210 lllie
700 1171 926 1226 serpens
955 1160 1169 1215 auditus
1195 1161 1403 1215 tristem
1428 1168 1654 1216 mortem
1683 1161 2020 1230 itnportavit:

447 1250 536 1302 hic
575 1248 750 1317 angeli
783 1249 947 1304 suada
979 1251 1324 1320 sempiternae
1353 1251 1712 1319 jucunditatis
1734 1253 1900 1308 vitam
1932 1253 2028 1308 ho-

445 1339 653 1394 nti-num
687 1341 872 1410 generi
907 1342 1143 1396 vicissim
1177 1344 1400 1398 invexit.
1457 1343 1572 1400 Illic
1621 1345 1824 1401 doloris
1856 1346 2022 1416 853

449 1430 604 1498 plena
641 1431 929 1498 sententia,
962 1442 1016 1488 et
1049 1450 1166 1503 quae
1217 1450 1282 1489 ex
1309 1437 1753 1504 prtcvaricatione
1778 1439 2025 1508 paritura

445 1531 567 1576 cst:
596 1523 684 1578 hic
719 1522 955 1594 Spiritus
983 1527 1158 1580 sancti
1189 1527 1473 1594 adventus,
1505 1529 1702 1598 gaudio
1727 1543 1846 1584 eam
1877 1545 2026 1585 com-

448 1615 633 1684 plens,
695 1629 814 1684 qua:
862 1629 926 1669 ex
974 1617 1250 1685 prophetae
1308 1619 1530 1672 oraculo
1574 1630 1760 1688 partus
1815 1621 2028 1677 dolores

449 1706 652 1775 cll‘ugit.
688 1708 732 1760 υ
768 1723 947 1761 rerum
981 1707 1491 1763 commutationem!
1524 1724 1557 1765 ο
1583 1711 1875 1766 novitatem
1933 1727 2028 1767 co-

2127 544 2243 596 μων
2274 527 2384 590 ἔσο,
2430 528 2707 598 ἀγαπητὲ,
2737 529 2831 582 καὶ
2863 529 2938 600 μὴ
2965 530 3210 599 ἀποκνῇς
3244 529 3384 600 πρὸς
3414 527 3513 599 τὴν
3547 527 3707 600 ἔρευ-

2127 634 2242 670 ναν.
2285 618 2552 686 Ἀμελγε,
2596 620 2750 688 φησι,
2782 617 2960 688 γάλα,
3006 619 3104 671 καί
3148 619 3320 673 ἔσται
3377 619 3708 688 βούτυρον.

2127 708 2480 779 Κατάλληλος
2513 711 2542 762 ὁ
2600 710 2762 773 τόπος
2805 710 2907 779 τῆς
2954 710 3178 763 δικαίων
3217 712 3548 781 προσευχῆς.
3622 712 3710 763 Ἐν

2129 799 2445 869 παραδείσῳ
2469 799 2923 871 προσευξάμενοι,
2960 799 3289 870 παράδεισον
3318 799 3528 865 ἔτεκον,
3569 799 3706 852 πολὺ

2127 889 2222 944 τοῦ
2255 891 2522 962 προτέρου
2560 890 2993 962 μακαριώτερον.
3040 891 3189 944 Ἐκεῖ
3236 891 3360 960 ὄφις
3391 891 3707 962 ψιθυρίσας,

2128 983 2378 1037 εῦάλωτα
2421 984 2519 1052 τὴν
2568 983 2712 1036 Εὔαν
2759 982 3123 1054 ἐξηπάτησεν.
3175 983 3438 1035 Ἐνταῦθα
3466 983 3710 1055 Γαϐριὴλ

2125 1076 2156 1128 ὁ
2193 1075 2533 1146 ἀρχάγγελος
2575 1075 2844 1145 ὁμιλήσας
2887 1077 2952 1145 τῇ
2994 1072 3179 1144 Μαρίᾳ
3223 1074 3550 1143 εῦφρὸσυνα,
3625 1075 3708 1126 δι-

2130 1164 2414 1237 ετάραξεν,
2452 1167 2567 1220 ἀλλ’
2603 1166 2702 1219 οῦκ
2746 1165 3108 1236 ἐξηπάτησεν.
3155 1165 3305 1219 Ἐκεῖ
3335 1167 3368 1235 ἡ
3408 1165 3504 1218 τοῦ
3531 1166 3711 1234 ὄφεως

2131 1257 2345 1328 ὑπακοὴ
2375 1257 2604 1310 θάνατον
2651 1257 2742 1310 τὸν
2775 1256 2970 1326 ἀμειδῆ
3012 1255 3393 1327 προεξένησεν.
3443 1256 3710 1310 Ἐνταῦθα

2129 1349 2162 1419 ἡ
2193 1346 2367 1400 πειθὼ
2382 1345 2476 1400 τοῦ
2505 1347 2759 1416 ἀγγέλου,
2787 1346 2930 1416 ζωὴν
2951 1345 3050 1416 τὴν
3079 1345 3311 1417 ἀειχαρῆ
3352 1349 3466 1410 τοῖς
3499 1344 3711 1420 ἀνθρώ-

2131 1457 2252 1503 ποις
2282 1441 2694 1509 ἀντεισήγαγεν.
2743 1437 2890 1490 Ἐκεῖ
2918 1439 2950 1508 ἡ
2989 1437 3260 1506 ἀπόφασις
3287 1437 3524 1508 ὀδυνηρὶι
3547 1441 3613 1508 τῇ
3645 1439 3711 1491 ὲκ

2132 1528 2419 1600 παρακοῆς
2443 1526 2702 1596 τικτούσῃ
2721 1545 2732 1558 ·
2759 1526 2992 1578 ἐνταῦθα
3021 1528 3054 1596 ἡ
3093 1525 3187 1578 τοῦ
3215 1526 3369 1593 ἁγίου
3396 1526 3712 1597 Πνεῦματος

2133 1617 2498 1686 ἐπιφοίτησις,
2521 1614 2845 1685 χαρμόσυνα
2865 1617 2931 1684 τῇ
2960 1613 3335 1685 ὲκπεφευγυίᾳ
3354 1614 3710 1685 προφητικῶς
3779 1681 3782 1683 _

2131 1708 2230 1772 τὰς
2261 1705 2496 1770 λυπικάς
2527 1705 2742 1768 ὠδῖνας.
2776 1706 2840 1758 Ὢ
2866 1705 2966 1774 τῆς
3007 1705 3311 1777 ἐξαλλαγῆς
3339 1705 3448 1759 τῶν
3478 1722 3712 1777 πραττο-

451 1813 570 1850 rum
603 1812 721 1866 qusc
751 1797 909 1852 modo
947 1799 1232 1866 geruntur!
1274 1797 1455 1854 Vetera
1511 1802 1830 1858 transierunt
1862 1802 2028 1872 (quod

2139 1801 2344 1871 μένωνῐ
2379 1799 2424 1853 ὣ
2454 1799 2551 1869 τῆς
2585 1798 2902 1868 καινότητος
2937 1796 3046 1849 τῶν
3082 1776 3463 1868 τελουμένωνὶ
3501 1776 3577 1850 Τὰ
3605 1796 3711 1864 ἁρ-

454 1889 539 1942 hic
567 1903 782 1958 quoque
812 1889 1064 1958 dicatur),
1093 1899 1140 1942 et
1170 1906 1285 1944 ecce
1307 1890 1448 1961 [acta
1469 1902 1588 1946 sunt
1622 1895 1800 1950 omnia
1834 1910 1965 1948 nova
1982 1895 2026 1952 ⁵.

445 1976 654 2033 Domus
701 1979 936 2044 initium,
995 1981 1291 2034 secundum
1363 1982 1842 2051 exquisitissimam
1910 1984 2030 2053 ejus

447 2069 964 2132 considerationem,
1003 2067 1204 2140 Deique
1239 2072 1307 2127 ad
1357 2073 1604 2129 homines
1634 2075 1900 2131 adventus
1947 2075 2030 2130 in-

440 2158 689 2224 choatio,
727 2160 1008 2228 praesentis
1041 2159 1151 2215 diei
1185 2159 1502 2218 solemnitas
1529 2162 1828 2235 praefulget.
1915 2205 1918 2208 .

517 2269 578 2323 6.
606 2267 812 2336 11ο1ιοε,
863 2270 1206 2339 charissime,
1266 2273 1346 2326 rei
1394 2273 1460 2328 de
1495 2289 1598 2343 qua
1661 2276 2027 2346 quaerebatur,

444 2361 797 2418 solutionem.
834 2361 953 2417 Jam
983 2364 1233 2432 promissi
1283 2365 1519 2420 debitum
1556 2368 1829 2436 recepisti.
1857 2367 2026 2422 Ades-

445 2455 602 2518 dum,
644 2465 696 2510 tu
727 2470 943 2524 quoque
972 2471 1094 2510 cum
1121 2455 1256 2510 Isaia
1292 2456 1443 2512 Isaiae
1469 2473 1630 2514 voces
1657 2460 1980 2529 proloqnerc
2010 2479 2022 2514 :

447 2545 677 2600 Domine
708 2546 845 2601 Deus
875 2550 1038 2609 meus,
1085 2548 1387 2616 glori/icabo
1433 2557 1481 2604 te
1512 2567 1531 2606 :
1573 2550 1800 2604 laudabo
1845 2567 2031 2608 nomen

453 2649 622 2704 tuum,
657 2639 906 2708 quoniam
936 2639 1106 2708 fecisti
1143 2655 1222 2692 res
1269 2640 1562 2707 mirandas,
1596 2643 1874 2696 consilium
1900 2643 2033 2697 anti-

437 2741 634 2794 quum,
673 2727 907 2782 verum“.
938 2724 1049 2781 Nec
1096 2727 1268 2781 multo
1327 2737 1448 2796 post
1483 2729 1534 2782 in
1581 2727 1778 2784 Sancta
1817 2744 2033 2800 quoque

439 2826 767 2874 sanctorum
794 2817 1155 2872 introeuntem
1185 2818 1395 2872 beatam
1424 2820 1641 2876 visurus
1685 2836 1763 2884 es,
1794 2835 1894 2876 ceu
1919 2822 2030 2893 jam

455 2907 802 2963 sanetissimo
822 2906 1042 2963 Numini
1073 2920 1444 2964 consecratam
1489 2929 1502 2965 :
1535 2921 1644 2966 tum
1686 2912 1882 2968 deinde
1910 2929 2031 2968 eum

451 3011 612 3057 utero
641 3003 1058 3072 concipientem,
1101 3003 1192 3072 qui
1251 3004 1638 3074 comprehendi
1690 3020 1795 3060 non
1833 3014 2030 3076 potest.

2130 1892 2272 1962 χαῖα
2301 1890 2569 1960 παρῆλθε
2596 1889 2854 1962 (λελέχθω
2881 1887 3204 1958 κάνταῦθα),
3250 1887 3378 1942 ἰδοὺ
3397 1889 3606 1958 γέγονε
3639 1889 3714 1942 τὰ

2131 1984 2327 2038 πάντα
2363 1983 2562 2038 καινά.
2597 1982 2762 2036 Οἴκου
2790 1981 2934 2053 ἀρχὴ
2969 1981 3110 2036 κατὰ
3141 1980 3536 2052 ἀκριϐεστάτην
3571 1980 3714 2033 θεω-

2133 2079 2276 2150 ρίαν,
2318 2079 2411 2132 καὶ
2442 2077 2543 2147 τῆς
2579 2075 2673 2130 τοῦ
2715 2075 2852 2130 Θεοῦ
2891 2075 3026 2146 πρὸς
3055 2074 3375 2145 ἀνθρώπους
3414 2073 3714 2144 ἐπιδημίας

2131 2174 2165 2240 ἡ
2193 2169 2444 2243 παροῦσα
2475 2170 2785 2241 πανήγυρις
2813 2168 3303 2238 προεκλάμπουσα.

2203 2284 2277 2343 ς’.
2316 2275 2523 2347 Ἔχεις,
2553 2269 2598 2330 ὦ
2632 2275 2876 2345 φιλότης,
2912 2273 3005 2326 τοῦ
3041 2273 3374 2344 ζητουμένου
3409 2270 3506 2342 τὴν
3533 2269 3710 2324 λύσιν.

2144 2365 2443 2420 Ἀπέλαόεν
2483 2365 2586 2436 τῆς
2627 2363 2977 2434 ὑποσχέσεως
3013 2361 3075 2414 τὺ
3103 2361 3282 2433 χρέος.
3323 2359 3494 2430 Δεῦρο
3517 2355 3713 2422 ,λέξον

2133 2460 2225 2513 καὶ
2268 2457 2430 2520 αὐτὸς
2482 2455 2582 2510 σὺν
2613 2455 2836 2526 ”Ἦσαῖᾳ.
2865 2455 2934 2508 τὰ
2976 2453 3236 2506 Ἠσαῒου’
3277 2452 3458 2519 Κύριε
3494 2453 3526 2502 ὁ
3566 2448 3710 2514 Θεός

2130 2568 2268 2621 μου,
2291 2549 2532 2616 δοξάσω
2553 2564 2648 2602 σε·
2676 2546 2927 2616 ὑμνήσω
2947 2548 3009 2601 τὸ
3033 2545 3221 2615 ὄνομά
3248 2544 3487 2608 σου,ὀ’τι
3509 2541 3714 2608 ἐποίη-

2130 2659 2244 2711 σας
2275 2641 2590 2713 θαυμαστὰ
2620 2639 2954 2710 πράγματα,
2990 2635 3237 2704 ,ϐουλὴν-
3277 2636 3536 2704 ἀρχαίαιε
3567 2633 3714 2698 ἀλη-

2133 2737 2328 2803 θινήν.
2359 2734 2572 2806 Μικροῦ
2619 2733 2720 2804 μὲν
2752 2728 2844 2786 οῦν
2885 2732 2980 2784 καὶ
3021 2729 3140 2800 ὕψει
3185 2729 3281 2799 τὴν
3320 2727 3596 2797 μακαρίαν
3634 2726 3716 2788 εἰς

2132 2829 2203 2884 τὰ
2243 2829 2414 2898 ’Ἅγια
2442 2827 2552 2881 τῶν
2583 2825 2754 2895 ἁγίων
2784 2823 3083 2888 εἰσιοῦσαν,
3146 2823 3222 2884 ώς
3247 2821 3349 2892 ἤδη
3367 2819 3446 2890 τῷ
3473 2834 3714 2886 παναγε-

2134 2921 2314 2992 στάτῳ
2346 2919 2465 2990 Θεῷ
2486 2917 2895 2989 ἀφιερωμένηνο
2917 2915 3106 2968 ἔπειτα
3145 2911 3628 2984 συλλαμϐάνουσαν
3657 2910 3718 2962 ὲν

2134 3012 2333 3086 γαστρὶ
2374 3012 2466 3066 τὸν
2504 3010 2898 3080 ἀπερίληπτον.
2932 3007 2996 3060 Ὦ
3023 3005 3121 3060 τοῦ
3153 3004 3462 3075 θαύματοςῐ
3501 3003 3596 3065 Et;
3626 3019 3716 3071 μι-

453 3094 502 3150 0
526 3095 864 3164 prodigium!
901 3093 958 3149 lu
991 3094 1189 3164 exigua
1239 3096 1484 3165 corporis
1529 3096 1670 3151 mole
1697 3096 1845 3152 illum
1874 3098 2030 3154 habi-

2139 3105 2265 3177 κρδν
2317 3101 2572 3173 σώματος
2613 3099 2892 3168 ἐνοικῆσαι
2943 3095 3039 3148 τὸν
3073 3094 3405 3166 περιέχοντα
3445 3091 3608 3158 δρακὶ
3646 3087 3717 3140 τὰ

443 3198 591 3254 tare,
620 3188 710 3259 qui
745 3189 944 3258 pugillo
966 3198 1160 3244 cuncta
1189 3191 1450 3246 continet.
1475 3190 1576 3258 Qui
1600 3179 1750 3258 vero,
1781 3206 1812 3246 ο
1832 3193 2032 3248 Christi

453 3277 626 3333 hostis
657 3278 737 3348 (ut
769 3281 956 3346 paucis
983 3279 1092 3334 alio
1121 3279 1433 3349 digrediar),
1463 3297 1565 3336 non
1593 3283 2035 3352 circumscriptus

453 3371 613 3422 (ειη
640 3371 795 3436 Quod
831 3373 956 3434 etsi,
1020 3372 1217 3440 inquit,
1250 3371 1403 3425 nobis
1430 3371 1641 3435 similis,
1679 3381 1732 3426 at
1788 3374 2036 3443 superior

441 3471 637 3514 .tamcn
667 3461 898 3516 exstitit.
941 3462 1079 3528 Quid
1133 3479 1264 3518 vero
1287 3462 1491 3518 refert?
1528 3463 1646 3518 Non
1693 3464 1838 3518 enim
1869 3479 2034 3534 penes

461 3554 692 3607 l'ormam
749 3555 1038 3610 humanam
1069 3555 1362 3612 discrimen
1398 3570 1462 3610 ac
1508 3555 1742 3612 varietas
1787 3564 1890 3622 est,
1939 3557 2034 3611 sed

451 3661 625 3714 .pencs
659 3656 905 3701 naturam
937 3647 1196 3702 divinam.
1221 3645 1461 3713 Scilicet,
1493 3647 1752 3702 maternis
1780 3647 2035 3702 uberibus

463 3738 700 3793 humano
745 3753 895 3794 more
935 3738 1273 3804 laetabatur;
1327 3745 1400 3805 at,
1443 3739 1627 3794 divino
1681 3738 1844 3793 vitam
1875 3737 2034 3793 matri

461 3833 754 3903 prmbehat.
785 3832 967 3888 Nostri
1005 3848 1155 3888 more
1185 3832 1467 3888 articulata
1515 3846 1645 3888 voce
1672 3833 2034 3902 loquebatur:

462 3941 625 3995 supra
655 3941 752 3981 nos
774 3940 902 3980 vero
928 3926 1104 3979 divina
1133 3933 1397 3994 potestate
1417 3923 1729 3986 mandabat.
1757 3923 1898 3980 unde
1932 3924 2036 3978 mi-

461 4019 644 4074 racula
684 4027 1050 4089 patrarentur.
1083 4017 1342 4074 Terreuis
1375 4019 1601 4088 pedibus
1663 4027 1850 4074 nostro
1877 4016 2038 4071 modo

462 4109 810 4176 ambulabat;
843 4110 986 4179 quod
1023 4121 1198 4165 autem
1224 4111 1390 4164 maris
1414 4110 1634 4164 dorsum
1661 4110 1918 4174 calcaret,
1938 4109 2040 4162 hoc

463 4217 623 4272 supra
645 4211 885 4258 nostram
907 4201 1270 4256 conditionem
1291 4209 1428 4255 erat.
1446 4199 1627 4254 Nostri
1668 4199 1846 4254 instar
1876 4212 2040 4254 carne

463 4294 913 4364 cruciﬁgehatur:
944 4301 1000 4346 at
1027 4292 1290 4359 superiori
1326 4291 1480 4345 nobis
1515 4290 1752 4358 potentia
1780 4290 2040 4344 adversas

459 4385 836 4456 potestatesin
875 4396 1037 4437 cruce
1067 4380 1341 4449 aﬂ‘igebat.
1374 4380 1452 4434 Ex
1496 4381 1598 4444 his,
1637 4379 1740 4434 alia
1781 4381 1846 4433 ad
1883 4387 2040 4433 natu-

466 4492 582 4530 ram
625 4475 791 4532 certis
845 4471 1088 4528 terminis
1148 4471 1423 4526 deﬁnitam
1509 4471 1803 4540 pertinent,
1859 4477 2041 4538 utpote

469 4565 625 4622 nobis
663 4563 894 4622 similem
921 4583 935 4618 :
967 4563 1067 4636 alia
1093 4566 1160 4618 ad
1195 4562 1720 4631 incircumscriptam
1751 4575 1870 4626 quae
1888 4561 2043 4616 nobis

465 4655 715 4725 superior
740 4664 839 4712 est.
875 4656 948 4710 lta
983 4669 1174 4724 nempe
1209 4663 1267 4708 ut
1290 4664 1478 4710 neutra
1507 4653 1733 4709 alterius
1764 4653 2042 4707 naturales

465 4748 829 4818 proprietates
858 4745 1196 4803 substantiali
1244 4760 1536 4816 congressu
1570 4746 1741 4809 vitiet,
1775 4745 1866 4799 sed
1901 4744 2042 4798 intra

468 4855 596 4895 suos
621 4854 848 4909 qumque
885 4838 1146 4894 terminos
1172 4838 1456 4892 consistat.
1491 4836 1572 4891 Tu
1619 4851 1767 4900 vero,
1803 4836 1905 4891 hoc
1951 4849 2042 4890 ca-

467 4949 583 5002 ves,
615 4948 680 4988 ne
711 4931 1150 4995 circumscribas,
1178 4931 1292 4987 sive
1330 4930 1382 4984 in
1413 4929 1648 4998 imagine
1682 4936 2040 4998 repra'seutes

471 5027 607 5094 (lucc
643 5024 786 5080 enim
812 5024 951 5082 idem
976 5023 1121 5093 sunt)
1163 5032 1273 5078 tum
1303 5021 1699 5090 Acephalorum
1723 5035 1914 5074 errore
1941 5036 2038 5073 nas

470 5131 620 5174 suras
660 5117 967 5180 confundis,
1015 5124 1128 5170 tum
1189 5112 1650 5182 dispensationem
1697 5126 1818 5165 cum
1872 5110 2044 5190 Mani-

471 5209 636 5263 chmis
681 5209 942 5264 amoliris.
983 5206 1180 5262 Levior
1225 5213 1314 5260 tua
1364 5204 1636 5260 dementia
1689 5201 1848 5268 foret,
1876 5203 1921 5257 si
1957 5202 2046 5258 Ju-

471 5301 616 5358 daros
647 5302 954 5367 sectareris,
986 5316 1150 5371 quam
1197 5300 1322 5354 dum
1364 5297 1661 5353 Christiani
1699 5297 1918 5350 nomine
1963 5298 2044 5351 in-

471 5394 704 5464 signitus
739 5395 791 5448 in
843 5393 1121 5448 Christum
1152 5390 1444 5446 inveheris.
1469 5389 1562 5444 ll-lc
1615 5403 1849 5458 namque
1879 5387 2044 5442 Deum

473 5499 673 5555 corpus
726 5485 1080 5554 assumpsisse
1131 5497 1472 5553 nequaquam
1547 5481 1857 5546 admittens,
1919 5480 2046 5534 dum

551 5663 574 5693 δ
613 5661 771 5715 Prov.
799 5675 926 5722 xxx,
959 5659 1048 5712 55.
1143 5659 1164 5690 ⁸
1195 5659 1235 5713 ll
1264 5661 1386 5715 Cor.
1413 5673 1466 5721 v,
1500 5659 1585 5712 ΓΙ.

1675 5658 1696 5689 ⁸
1733 5657 1834 5712 lsa.
1863 5671 1990 5720 xxv,
2023 5655 2073 5708 l.

2137 3196 2449 3266 σύμπαντα.
2477 3193 2587 3246 Καὶ
2609 3191 2728 3254 πῶς
2772 3191 2833 3244 οῦ
2875 3186 3270 3260 περιγραπτὸς,
3301 3179 3346 3238 ὦ
3367 3181 3715 3254 Χριστομάχε

2139 3287 2248 3358 (ἵνα
2277 3285 2470 3356 μικρὸν
2506 3281 2946 3354 παραθεωρήσω)
2967 3299 2982 3347 ;
3003 3281 3149 3346 Ὅτι,
3183 3280 3232 3331 εί
3270 3277 3366 3330 καὶ
3390 3274 3512 3328 καθ’
3546 3273 3716 3344 ἡμᾶς,

2136 3379 2320 3449 φησιν,
2360 3376 2473 3431 ἀλλ’
2504 3376 2643 3445 ὑπὲρ
2673 3374 2841 3444 ἡμᾶς.
2873 3372 2981 3424 Καὶ
3014 3371 3068 3424 τί
3097 3369 3291 3433 τοῦτο;
3324 3367 3397 3420 Οὐ
3425 3364 3538 3433 γὰρ
3571 3362 3717 3416 κατὰ

2135 3471 2234 3542 τὴν
2273 3467 2622 3540 ἀνθρωπείαν
2676 3466 2924 3536 μορφὴν,
2956 3463 3093 3516 ἀλλὰ
3142 3459 3284 3514 κατὰ
3327 3457 3425 3528 τὴν
3465 3455 3719 3524 θεότητος

2137 3559 2298 3629 φύσιν
2328 3561 2361 3629 ή
2391 3557 2622 3628 διαφορᾶ
2645 3555 2741 3609 καὶ
2772 3555 3064 3624 ἐξαλλαγή-
3090 3547 3201 3606 οῗον
3233 3551 3578 3620 ὲγαλουχεῖτο
3611 3562 3721 3616 μαο

2139 3651 2252 3716 ζοῖς
2291 3652 2580 3722 μητρικοῖς
2629 3647 3014 3718 ἀνθρωπικῶς·
3064 3645 3199 3698 ἀλλὰ
3248 3643 3477 3712 παρεῖχε
3511 3639 3571 3691 τὸ
3618 3636 3722 3708 ζῇν

2141 3742 2313 3816 μητρὶ
2338 3739 2680 3812 θεοπρεπῶς.
2717 3738 2928 3793 Ἐλάλει
2953 3739 3103 3807 φωνῇ
3127 3734 3374 3806 ἑνάρθρῳ
3400 3729 3522 3784 καθ’
3549 3730 3717 3816 ήμδξς,

2309 3811 2671 3904 παρηγγυᾶτο
2705 3829 2923 3900 ἐξουσίᾳ
2956 3827 3110 3898 θεῖκῇ
3151 3825 3292 3894 ὑπὲρ
3323 3824 3470 3893 ἡμᾶς
3490 3865 3504 3886 ,
3538 3820 3603 3872 δι’
3643 3811 3720 3871 ὧν

2138 3924 2205 3979 τὰ
2239 3923 2516 3994 θαύματα.
2558 3921 2823 3974 Ὠδοποίει
2849 3921 3071 3988 γεηροῖς
3096 3917 3224 3969 ποσὶ
3254 3915 3374 3968 καθ’
3405 3913 3573 3984 ἡμᾶς,
3603 3908 3720 3963 ἀλλ’

2140 4018 2220 4080 είς
2260 4015 2406 4069 νῶτα
2439 4013 2713 4083 θαλάσσης
2757 4011 2900 4083 ὑπὲρ
2935 4011 3103 4081 ἡμᾶς.
3146 4003 3510 4076 Ἐσταυροῦτο
3557 4001 3723 4074 σαρκὶ

2141 4109 2264 4162 καθ’
2280 4109 2450 4179 ἡμᾶς,
2473 4106 2588 4160 ἀλλ’
2613 4103 2910 4175 ὲτροποῦτο
2929 4103 2987 4156 ἐν
3007 4098 3224 4171 σταυρῷ
3243 4098 3340 4160 τὰς
3365 4095 3615 4158 ἐναντίας
3631 4093 3724 4146 δυ-

2141 4201 2333 4269 νάμεις
2360 4197 2500 4268 ὑπὲρ
2527 4197 2696 4268 ἡμᾶς·
2724 4188 2800 4250 ὧν
2830 4194 2896 4246 τὰ
2931 4193 3030 4265 μὲν
3059 4189 3442 4264 περιγραπτῆς
3469 4185 3684 4257 φύσεως
3703 4199 3718 4214 ·

2141 4293 2242 4360 τῆς
2279 4291 2400 4344 καθ’
2432 4290 2579 4360 ἡμᾶς
2609 4289 2748 4358 γάρ’
2779 4286 2845 4340 τὰ
2877 4286 2934 4339 δὲ
2967 4284 3404 4357 ἀπεριγράπτου,
3449 4281 3548 4350 τῆς
3581 4278 3722 4350 ὑπὲρ

2141 4387 2322 4457 ἡμᾶς·
2351 4384 2410 4456 οῦ
2448 4381 2837 4453 λυμηναμένης
2872 4379 3104 4450 Θατέρας
3137 4378 3340 4456 θάτερα
3369 4378 3435 4446 τῇ
3474 4371 3722 4427 οὑσιώδει

2147 4479 2351 4548 συνόδῳ
2378 4478 2444 4532 τὰ
2471 4476 2680 4546 φυσικά
2714 4474 2979 4545 ἰδιώματα
3003 4513 3018 4538 ,
3064 4472 3178 4526 ἀλλ’
3210 4470 3340 4524 εἴσω
3374 4470 3473 4540 τῆς
3515 4465 3720 4528 οἰκείας

2143 4571 2426 4643 ὁροθεσίας
2451 4569 2720 4639 ἑκατέρας
2743 4565 3010 4635 ἑστώσης.
3043 4565 3113 4618 Σὺ
3143 4564 3198 4616 δὲ
3233 4563 3456 4632 φεύγων
3476 4561 3536 4612 τὸ
3562 4573 3724 4642 περι-

2145 4662 2399 4731 γράφειν,
2439 4661 2557 4731 ῆτοι
2585 4659 2868 4722 εἰκονίζειν
2888 4673 2900 4686 ·
2944 4653 3141 4708 ταυτὸν
3165 4653 3274 4724 γὰρ
3296 4651 3603 4721 ἀμφότερα,
3630 4647 3722 4702 καὶ

2145 4752 2243 4816 τὰς
2264 4751 2454 4822 φυσεις
2480 4749 2672 4821 φύρεις
2701 4750 2799 4804 σὺν
2819 4746 3156 4816 Ἀκεφάλοις,
3181 4745 3275 4796 καὶ
3297 4743 3394 4813 τὴν
3415 4740 3723 4810 οἰκονομίαν
3789 4805 3798 4812 .

2147 4842 2503 4912 ἁποσκευάσῃ
2526 4842 2621 4894 σὺν
2654 4838 3001 4908 Μανιχαίοις.
3020 4829 3224 4890 Ἶῐττον
3244 4828 3309 4904 ἦν
3335 4849 3418 4884 σοι
3446 4832 3525 4892 εἰς
3543 4829 3724 4889 ἀνοίας

2145 4934 2305 5002 λόγον
2327 4975 2342 5001 ,
2373 4933 2463 4987 ἵνα
2491 4932 2552 4986 τὸ
2576 4931 2772 5003 ἀληθὲς
2802 4931 2959 4994 εῐπω,
3004 4926 3332 4990 Ἰουδαΐζειν,
3367 4926 3399 4995 ἢ
3427 4923 3524 4993 τὴν
3555 4935 3727 4991 προσ·

2150 5024 2380 5097 ηγορίαν
2414 5021 2740 5095 Χριστιανοῦ
2785 5021 2963 5092 ἔχοντι
3003 5017 3146 5074 κατὰ
3173 5014 3411 5088 Χριστοῦ
3441 5007 3784 5082 φέρεσθαιθ,

2157 5118 2288 5170 Ὀτι
2317 5116 2348 5168 ὁ
2385 5115 2482 5185 μὲν
2511 5114 2572 5166 οὐ
2605 5112 2959 5184 προσιέμενος
2981 5109 3113 5162 Θεὸν
3133 5102 3582 5176 σεσωματῶσθαι,
3600 5099 3726 5154 οὔτε

2151 5205 2431 5270 εἰκονίζει,
2467 5204 2737 5260 ἀκόλουθα
2780 5199 2961 5271 ἑαυτῷ
3006 5198 3302 5270 πράσσων·
3354 5196 3419 5248 σὺ
3461 5193 3518 5246 δὲ
3555 5208 3729 5258 προσ-

2150 5299 2424 5371 ηκάμενος
2458 5297 2578 5368 μὲν,
2613 5296 2686 5367 μὴ
2715 5294 2993 5358 είκονίζων
3019 5293 3097 5357 δὲ,
3127 5287 3484 5351 ἀνακόλουθος
3517 5285 3730 5355 σεαυτῷ

2153 5389 2313 5461 γίνῃ,
2356 5387 2570 5456 γέλωτα
2613 5385 2956 5456 ὀφλισκάνων
2986 5385 3079 5446 καὶ
3103 5382 3181 5452 τῷ
3225 5377 3584 5442 Ἰουδαῖξοντι.
3622 5375 3733 5428 Καὶ

2151 5477 2306 5532 οῦπω
2331 5478 2473 5547 λέγω
2504 5477 2600 5549 τὴν
2630 5476 2808 5548 ὓϐριν,
2830 5475 2965 5529 ἀλλὰ
2991 5475 3127 5545 πρὸς
3146 5472 3246 5543 μὲν
3273 5469 3512 5532 ἐκείνους
3537 5463 3733 5520 τοσοῦ-

2177 5654 2197 5684 7
2225 5651 2349 5705 Haec
2377 5659 2566 5721 contra
2597 5651 3023 5721 Copronymum,
3055 5647 3144 5721 qui
3176 5646 3451 5721 Christum
3476 5653 3538 5706 ut
3569 5643 3732 5700 homo

462 5740 588 5799 est,
622 5719 944 5800 pingendum
983 5732 1236 5800 negabat,
1267 5731 1410 5785 velut
1435 5719 1960 5797 incircut'nscriptum
1993 5723 2189 5778 refellit
2213 5721 2434 5790 Niccph.
2468 5720 2572 5776 ΟΡ.
2607 5724 2658 5777 in
2698 5719 3078 5776 Antirrhcticis
3112 5719 3325 5772 incditis
3348 5759 3362 5774 .
