4012 6338
105 1209 136 1246 \

225 457 233 463 ς
270 424 382 485 689
1063 421 1391 480 HOMILIA
1430 419 1490 479 II
1532 419 1615 479 IN
1657 419 2176 479 NATlVlTATEM.
2209 421 2270 478 Β.
2309 421 2374 481 V.
2417 421 2702 479 MARLE.
3454 427 3562 487 (39f!

273 555 374 602 τος
401 539 432 592 ό
474 537 652 606 λόγος,
692 538 775 592 ὅτι
816 537 890 608 μὴ
935 537 1314 607 δογματικῶς,
1347 537 1460 590 ἀλλ’
1495 536 1862 608 ἐορταστικῶς
1893 567 1903 599 Α

2014 552 2063 593 se
2096 539 2306 608 pictura
2347 544 2846 611 reprmsentandum
2904 552 3077 611 putat,
3131 543 3232 597 sibi
3267 541 3386 611 ipse
3424 556 3564 596 con--

279 628 781 700 συνηθροίσθημεν.
823 629 1016 699 Ἡμεῖς
1046 628 1103 681 δὲ
1127 628 1208 682 ἔτι
1241 628 1452 699 βραχέα
1484 629 1874 698 προσειπόντες

2014 640 2237 688 entanea
2279 631 2536 698 facit,’l‘u
2592 648 2724 690 vero
2784 635 2873 701 qui
2911 635 3040 690 illud
3092 632 3380 695 concedas,
3428 645 3556 685 cum

276 725 348 793 τῇ
372 721 662 794 Παρθένῳ,
689 722 785 776 καὶ
811 720 990 775 ταῦτα
1038 720 1100 784 ἐξ
1143 713 1218 774 ὧν
1244 719 1561 790 ὠνόμασται
1582 721 1639 772 ὲν
1663 721 1730 790 τῇ
1761 718 1878 772 θεο-

2014 720 2192 777 ictura
2219 725 2525 794 exprimere
2555 726 2717 790 nolis,
2761 727 2854 780 tibi
2884 727 2998 796 ipse
3041 726 3442 787 dissentaueus,
3474 719 3560 774 vel

273 811 538 882 πνεύστῳ
558 811 750 882 Γραφῇ
768 810 1156 876 ἀνελίττοντες,
1176 809 1636 882 ωμπερανοῦμεν
1666 811 1724 864 ἐν
1748 809 1876 862 τού-

2019 813 2052 868 b
2081 813 2310 884 ipsumet
2336 815 2524 872 Judaeo
2568 817 2896 873 deridendus
2923 833 2982 871 es
3014 835 3027 871 :
3072 829 3382 886 quanquam
3429 827 3561 867 nec-

271 920 424 968 τοις,
457 905 506 956 εί
531 904 626 958 καὶ
651 904 907 970 ἀναξίως,
934 904 1025 959 τὸν
1057 904 1234 972 λόγον.

2021 921 2109 960 um
2138 908 2520 964 contumeliam
2545 909 2688 966 dico.
2737 908 2803 963 Et
2833 910 2948 965 haec
2977 909 3192 979 quidem
3225 907 3292 961 ad
3324 906 3445 960 illos
3478 905 3563 958 di-

281 1007 376 1051 cta
415 996 545 1062 sint,
572 998 788 1067 quando
818 1012 924 1052 non
960 998 1026 1052 ad
1061 997 1397 1054 discutienda
1425 998 1700 1064 dogmata,
1726 996 1821 1052 sed
1851 997 1918 1052 ad
1939 997 2306 1054 celebritatem
2341 1003 2604 1072 agendam
2646 1001 3020 1057 convenimus.
3051 999 3160 1055 Nos
3190 1013 3352 1068 porro
3378 994 3564 1066 paucis

282 1089 516 1160 Virgine
553 1089 812 1154 salutata,
840 1098 895 1143 et
914 1103 982 1144 ex
1014 1089 1081 1144 iis
1107 1087 1446 1158 pot’ssimum
1466 1088 1785 1157 quibuseam
1809 1086 2006 1143 divina:
2035 1087 2254 1146 Littera:
2281 1093 2660 1158 eobonestant,
2687 1105 3016 1158 sermonem,
3041 1090 3142 1146 etsi
3163 1105 3267 1144 non
3297 1088 3458 1156 digne
3478 1099 3565 1140 sa-

287 1183 382 1247 tis,
418 1180 780 1236 absolvemus.

364 1273 434 1336 ζ’.
463 1274 658 1345 Χαῖρε,
685 1273 894 1344 Μαρία,
919 1275 1038 1344 ῆτοι
1061 1274 1260 1344 μυρία,
1285 1273 1375 1327 διὰ
1395 1273 1455 1327 τὸ
1477 1270 1880 1345 ἀπειροπληθὲς

285 1363 404 1416 τῶν
437 1365 748 1433 ἐγκωμίων.
781 1365 970 1435 Μυρία
1009 1365 1117 1435 γὰρ
1155 1365 1326 1419 εἰπὼν
1355 1365 1483 1436 περὶ
1508 1362 1602 1417 σοῦ
1633 1381 1739 1428 τις,
1782 1363 1883 1416 οὐκ

288 1457 362 1510 ἂν
393 1458 638 1526 ἐφίκοιτο
688 1460 787 1530 τῆς
821 1459 1000 1525 ἀξίας.
1037 1461 1232 1530 Χαῖρε,
1282 1459 1485 1529 Κυρία,
1525 1457 1600 1520 ὡς
1639 1456 1734 1510 τοῦ
1777 1455 1884 1509 τῶν

289 1548 438 1601 ὅλων
487 1548 694 1621 Κυρίου
742 1551 1151 1622 μητροπρεπῶς
1193 1551 1292 1621 τὴν
1337 1550 1562 1621 κυρείαν
1606 1549 1884 1618 εἰληφυῖα,

292 1633 366 1710 ἧς
392 1639 460 1693 τὰ
489 1640 783 1710 σύμπαντα
815 1642 979 1697 δοῦλά
1019 1660 1104 1706 τις
1149 1646 1348 1714 φήσας,
1379 1645 1480 1698 οὐκ
1526 1643 1634 1697 ἀπὸ
1679 1641 1884 1696 σκοποῦ

297 1733 487 1804 βάλλοι
515 1734 606 1787 τὸν
636 1735 814 1804 λόγον.
851 1736 1049 1806 Χαῖρε,
1081 1735 1300 1807 σμύρνα
1328 1733 1616 1817 θαλασσία,
1658 1735 1691 1805 ἡ
1732 1736 1790 1788 ὲν
1816 1735 1884 1802 τῇ

2060 1269 2111 1324 7.
2139 1266 2272 1338 Ave,
2303 1269 2495 1337 Maria,
2520 1271 2672 1340 quasi
2715 1270 2907 1342 μυρία,
2933 1269 3166 1339 inﬁnita,
3192 1269 3260 1324 ob
3301 1265 3568 1322 infinitain

1988 1361 2360 1418 laudationum
2412 1363 2644 1432 copiam.
2699 1361 2960 1428 Quamvis
3017 1361 3303 1416 innumera
3344 1359 3467 1428 quis
3501 1358 3570 1412 de

1992 1463 2044 1508 te
2075 1454 2294 1518 dixerit,
2344 1469 2620 1525 nunquam
2673 1464 2854 1510 tamen
2908 1455 3212 1526 argumenti
3247 1452 3569 1522 dignitatem

1994 1554 2274 1602 assecutus
2301 1547 2426 1600 erit.
2460 1548 2592 1614 Ave,
2625 1545 2877 1614 Domina,
2927 1562 3046 1618 quae
3092 1555 3338 1601 materna
3385 1550 3573 1598 aucto-

1994 1641 2175 1707 ritate,
2221 1639 2596 1696 uuiversorum
2633 1639 2846 1695 Domini
2881 1640 3216 1695 dominatum
3264 1644 3422 1691 nacta
3457 1633 3572 1689 sis:

1994 1737 2077 1791 cui
2108 1737 2154 1792 si
2177 1738 2300 1806 quis
2329 1747 2520 1793 cuncta
2549 1735 2798 1792 ancillari
2838 1736 3008 1798 dicat,
3046 1749 3150 1790 non
3181 1733 3342 1802 longe
3372 1747 3400 1785 a
3431 1738 3580 1785 meta

295 1827 524 1899 ἁλμυρᾷ
551 1826 645 1880 τοῦ
676 1826 793 1897 βίου
825 1830 964 1898 ῥοπῇ
1005 1829 1102 1900 τὴν
1144 1830 1323 1900 σάρκα
1361 1827 1773 1899 νεκροφοροῦσα
1818 1828 1886 1897 τῇ

2014 1832 2207 1887 ποίει-ξι.
2237 1833 2370 1899 Ave,
2400 1833 2624 1904 myrrha
2677 1832 2911 1896 marina,
2952 1846 3075 1900 qua:
3133 1829 3190 1884 in
3231 1827 3376 1883 salso
3421 1824 3584 1895 huius

296 1920 584 1992 ἁμαρτίᾳ,
616 1920 675 1986 ἐξ
718 1914 786 1992 ἧς
819 1920 1168 1992 γλυκασμὸς,
1211 1923 1307 1976 καὶ
1347 1920 1488 1983 ὅλως
1520 1919 1785 1990 ἐπιθυμία
1807 1959 1822 1984 ,
1858 1918 1890 1970 ὁ

297 2012 481 2081 λέγων
535 2014 593 2066 ὲν
653 2011 930 2082 ’ᾼσμασιν
956 2053 970 2079 ,
1032 2015 1364 2083 Ἐτρύγηονα
1407 2014 1688 2082 σμύρναν
1736 2010 1888 2080 μετὰ

293 2101 626 2172 ἀρωμάτων
641 2120 780 2172 μου.
814 2105 1008 2174 Χαῖρε,
1037 2103 1195 2174 βᾶτε,
1226 2105 1286 2158 τὸ
1308 2103 1647 2176 πυρίπλοκον
1675 2101 1884 2170 θαῦμα,

301 2197 342 2262 ἠ
368 2197 512 2248 κατὰ.
542 2195 798 2267 στέρησιν
827 2196 1027 2260 ἄὸατος
1054 2200 1121 2266 τῇ
1156 2197 1424 2268 ἁμαρτίᾳ·
1455 2197 1576 2249 ἐπεὶ
1599 2196 1694 2248 καὶ
1723 2193 1894 2264 φυτὸν

299 2286 533 2356 ἀθιγὲς,
562 2289 657 2341 καὶ
704 2287 866 2358 βατὸν
908 2289 1138 2360 οὐρανὸν
1171 2289 1440 2359 δεδειχυῖα
1475 2287 1768 2359 γηγενέσιν
1826 2288 1897 2340 ὲκ·

302 2378 588 2446 Θεογονίας
610 2396 724 2432 σου.
754 2380 950 2450 Χαῖρε,
984 2379 1207 2447 κιϐωτὲ,
1241 2381 1304 2435 τὸ
1336 2380 1634 2452 θεόδμητον
1667 2379 1855 2448 στέγος
1875 2418 1891 2443 ,

303 2472 344 2541 ἡ
363 2469 458 2524 τοῦ
479 2472 790 2527 νεοκτίστου
815 2472 1020 2542 κόσμου
1037 2473 1229 2544 ταμία,
1249 2474 1342 2543 ἀφ’
1361 2468 1429 2544 ἦς
1445 2473 1614 2540 ἔξεισι
1635 2471 1898 2543 Χριστὸς,

301 2562 336 2615 ὁ
364 2563 484 2627 νέος
510 2564 656 2626 Νῶε,
689 2563 914 2637 πληρῶν
946 2565 1039 2618 τὸν
1087 2565 1202 2619 ἄνω
1246 2564 1454 2634 κόσμον
1486 2567 1554 2636 τῇ
1586 2561 1892 2634 ἀφθαρσίᾳ.

303 2656 504 2726 Χαῖρε,
541 2655 770 2725 ῥάϐδος,
810 2657 871 2710 τὸ
911 2657 1171 2726 θεόφυτον
1206 2657 1362 2728 ἔρνος
1385 2697 1400 2722 ,
1434 2659 1468 2727 ἡ
1521 2657 1656 2727 μόνη
1705 2655 1896 2710 πασῶν

305 2746 598 2816 παρθένων
626 2747 992 2818 τεκνοφόρος,
1035 2747 1095 2814 ἐξ
1141 2748 1409 2818 ἀσπορίας
1453 2747 1738 2819 ἀνθήσασα
1777 2746 1898 2800 υίέα

306 2838 406 2892 τὸν
431 2836 538 2890 τῶν
563 2838 823 2894 ἁπάντων
847 2838 979 2893 Θεὸν
1011 2840 1104 2893 καὶ
1135 2839 1420 2911 ἱεράρχην.
1449 2841 1640 2911 Χαῖρε,
1669 2839 1900 2908 στάμνε,

306 2925 376 2978 τὸ
420 2927 833 2996 χρυσόπλαστον
877 2927 1047 2996 ἄγγος
1072 2968 1086 2992 ,
1138 2930 1172 2998 ἡ
1221 2929 1421 2992 παντὸς
1458 2928 1662 2997 ᾶγγους
1707 2927 1902 2998 ἐξῳκι-

311 3014 514 3086 σμένη.
552 3017 643 3086 ἀφ’
670 3013 739 3089 ἦς
777 3018 1187 3088 μανναδοτεῖται
1224 3019 1370 3081 ἄπας
1391 3021 1419 3070 ό
1447 3021 1674 3088 κόσμος,
1717 3017 1810 3072 τὸν
1845 3021 1901 3071 ὲν

309 3107 452 3176 πυρὶ
487 3107 588 3176 τῆς
626 3109 894 3179 Θεότητος
953 3109 1320 3181 ἐξοπτηθέντα
1372 3113 1476 3181 τῆς
1522 3109 1666 3180 ζωῆς
1717 3110 1900 3180 ἄρτον.

311 3199 516 3270 Χαῖρε,
552 3200 750 3271 σκηνὴ,
779 3203 806 3254 ό
831 3201 1084 3272 θεότητος
1109 3180 1292 3266 πόλος,
1314 3180 1547 3272 οὐρανοῦ
1570 3201 1678 3254 τῶν
1701 3201 1905 3270 ἀψίδων
1933 3180 1978 3242 C

311 3289 760 3360 πμφερεπέρα,
790 3291 882 3358 ἀφ’
915 3285 983 3364 ἧς
1008 3289 1455 3362 αὑτοπροσὼπως
1493 3290 1742 3362 ὡμίλησε
1771 3290 1904 3354 Θεὸς

311 3379 648 3451 ἀνθρώποις,
676 3381 772 3434 καὶ
802 3381 860 3444 ἐξ
897 3377 963 3452 ἦς
994 3383 1073 3445 εἰς
1102 3381 1194 3436 τὸν
1220 3381 1424 3452 κόσμον
1452 3381 1676 3450 ίλασμδς
1708 3381 1904 3451 ἐπεδή-

318 3487 498 3541 μησεν
547 3471 784 3535 αἰώνιος.
830 3473 1033 3543 Χαῖρε,
1075 3473 1476 3544 θυμιατήριον,
1508 3473 1570 3526 τὺ
1607 3473 1800 3537 σκεῦος
1850 3472 1906 3527 τὸ

314 3563 642 3632 χρυσόνουν,
689 3565 723 3635 ἡ
751 3564 840 3616 τὸν
873 3564 1018 3618 θεῖον
1055 3563 1305 3635 ἄνθρακα
1333 3563 1484 3618 ἔνδον
1514 3565 1780 3638 φέρουσα,
1814 3564 1906 3634 ἀφ’

315 3650 393 3728 ἧς
425 3655 742 3710 διέπνευσεν
782 3655 981 3710 εὐωδία
1007 3656 1101 3710 τοῦ
1132 3656 1472 3728 Πνεύματος,
1505 3657 1608 3728 τὴν
1652 3657 1908 3728 μυδῶσαν

319 3746 532 3816 φθορὰν
561 3748 626 3801 ὲκ
652 3747 855 3818 κόσμου
887 3749 1292 3816 ἀπελαύνουσα.
1325 3751 1520 3818 Χαῖρε,
1547 3749 1820 3822 τράπεζα,
1850 3749 1911 3802 τὸ

320 3837 576 3890 θεόθετον
615 3839 866 3909 κρᾶμαή
913 3840 1080 3892 πᾶσιν
1115 3839 1340 3906 ἀγαθοῖς
1367 3838 1579 3910 ἀρετῶν
1627 3839 1910 3909 πλήθουσα

321 3926 568 3999 μέθεξις,
611 3928 690 3999 τῷ
723 3929 935 3998 λέγοντι
979 3932 1036 3983 ἐν
1085 3931 1394 4002 ¹’ᾼσμασιψ
1451 3927 1752 3997 Ὀμφαλός
1793 3940 1910 3980 σου

317 4019 552 4089 κρατὴρ
611 4019 921 4088 τορευτὸς,
962 4020 1049 4090 μὴ
1092 4022 1536 4090 ὑστεροῦμεν-ος
1591 4019 1910 4089 κράματος.

319 4115 523 4184 Χαῖρε,
555 4117 672 4178 ναὲ,
696 4115 756 4169 τὸ
782 4115 1218 4188 καθαρότευκτον
1249 4116 1457 4188 Κυρίου
1483 4115 1667 4186 δῶμα,
1697 4115 1823 4186 περὶ
1851 4107 1914 4170 οὗ

323 4223 494 4276 (ρησιν
520 4209 549 4260 ό
573 4207 752 4261 Δαϐίδ·
793 4210 984 4279 ’Ἄγιος
1033 4212 1066 4263 ὁ
1097 4211 1244 4276 ναός
1275 4225 1414 4274 σου,
1460 4209 1806 4278 θαυμαστὸς
1844 4209 1915 4262 ἐν

319 4300 719 4368 δικαιοσύνῃ·
763 4300 823 4367 ἐξ
871 4295 932 4356 οὗ
983 4302 1264 4370 ναουργῶν
1321 4302 1556 4373 Χριστος
1626 4300 1806 4372 ἑαυτῷ
1855 4300 1914 4353 τὸ

321 4391 526 4462 σῶμα,
559 4394 723 4457 ναοὺς
767 4393 1006 4448 δείκνυσι
1049 4395 1174 4459 τοὺς
1225 4393 1451 4466 βροτοὺς
1500 4392 1638 4446 Θεοῦ
1687 4393 1910 4457 ζῶντος.

320 4487 534 4556 Χαῖρε,
569 4485 854 4557 ἁγίασμα,
914 4489 947 4558 ἡ
997 4489 1171 4560 κρήνη
1233 4490 1260 4558 ἡ
1317 4486 1682 4558 θεόὸρυτοςή
1733 4485 1915 4556 πάσης

323 4576 613 4644 ἁγιστείας
636 4578 943 4642 ἀνάπλεως,
971 4579 1031 4643 ἐξ
1047 4573 1113 4650 ἧς
1137 4579 1353 4651 πρόεισι
1367 4579 1472 4632 τῶν
1495 4577 1667 4647 ἁγίων
1699 4579 1912 4648 Ἀγιος,

321 4671 355 4722 ὁ
383 4668 444 4737 ἐξ
483 4668 735 4738 ὲναγείας
787 4671 1176 4740 ἁποκαθαίρων
1228 4671 1456 4742 κόσμον.
1505 4673 1700 4742 Χαῖρε,
1751 4669 1914 4735 τόπος

324 4762 541 4830 κυρίου
565 4799 582 4826 ,
609 4763 642 4831 ἡ
675 4761 957 4832 θεοστιϐὴς
992 4765 1146 4831 γαῖα,
1172 4764 1206 4832 ἡ
1238 4763 1330 4816 τὸν
1359 4763 1464 4829 ἔξω
1488 4762 1681 4816 τούτου
1715 4763 1918 4826 παντὸς

322 4857 396 4924 τῇ
411 4853 640 4922 Θεότητι
667 4852 964 4909 τοπὼσασα
1000 4857 1068 4927 τῇ
1103 4853 1409 4926 σαρκώσει,
1439 4855 1498 4921 ἐξ
1527 4850 1597 4926 ἧς
1627 4855 1656 4907 ὁ
1686 4855 1913 4920 ἁπλοῦς,

326 4941 608 5004 σύνθετος·
636 4942 730 4994 καὶ
749 4943 778 4994 ό
808 4942 1000 5008 ᾁῗδιος,
1032 4942 1312 5013 ἒγχρονος·
1343 4942 1441 4996 καὶ
1462 4945 1489 4996 ὀ
1517 4943 1915 5015 περιγραπτὺς,

323 5035 355 5087 ό
375 5027 816 5105 ἀπερίγραπτος.
841 5036 1038 5106 Χαῖρε,
1062 5031 1210 5099 οἶκος
1238 5035 1398 5099 Θεοῦ,
1430 5038 1458 5090 ὁ
1478 5034 1648 5098 θείαις
1664 5035 1916 5104 ἀγλαΐαις

324 5124 630 5196 ἑκλάμπων
659 5125 823 5196 δόμος
846 5168 862 5192 ,
895 5121 954 5181 οὗ
984 5127 1046 5180 τὸ
1081 5127 1386 5200 ὑπέρθυρον
1420 5128 1783 5200 ἀναφαίρετον
1816 5129 1916 5200 τῆς

327 5219 577 5286 ἁγνείας*
611 5219 645 5290 ἡ
686 5217 902 5290 πλήρης
933 5218 1090 5288 δόξης
1120 5219 1360 5290 Κυρίου,
1393 5221 1488 5274 καὶ
1516 5221 1624 5274 τῶν
1672 5220 1916 5292 πυρίνων

327 5310 585 5380 Σεραςρὶμ
620 5309 1057 5382 φωτοειδεστέρα
1091 5311 1147 5363 ὲν
1178 5311 1470 5383 πνεύματι.
1509 5313 1683 5385 Χαῖρε
1705 5354 1720 5376 ,
1749 5313 1916 5384 πύλη,

328 5404 367 5473 ἡ
402 5402 893 5470 ἀνατολόϐλεπτος,
932 5403 990 5466 ἐξ
1026 5396 1093 5472 ἧς
1125 5403 1156 5472 ἡ
1201 5403 1300 5472 τῆς
1350 5403 1493 5475 ζωῆς
1542 5404 1775 5476 ἀνατολὴ
1809 5408 1922 5469 τοῖς

327 5493 646 5562 ἀνθρώποις
675 5493 773 5565 τὴν
801 5494 896 5547 τοῦ
937 5493 1169 5548 θανάτου
1194 5494 1344 5549 δύσιν
1377 5495 1626 5566 μειοῦσα
1651 5499 1682 5566 ἡ
1710 5498 1921 5550 θεόδευ-

327 5602 423 5648 τος
458 5585 656 5656 βάτος,
704 5585 801 5639 καὶ
847 5585 946 5650 τὰς
986 5585 1135 5650 κλεῖς
1168 5587 1270 5657 τῆς
1318 5587 1613 5658 παρθενίας
1659 5588 1916 5658 φέρουσα.

408 5723 430 5753 ⁸
459 5723 618 5778 Cant.
653 5739 706 5787 v,
751 5725 799 5776 l.
909 5727 928 5755 θ
968 5723 1134 5779 Exod.
1168 5743 1249 5788 Ill,
1275 5727 1327 5778 εὶ.

331 5792 380 5866 εδ
413 5793 583 5866 Exod.
615 5810 762 5859 xxvi,
791 5796 812 5848 ί
847 5811 999 5866 seqq.

331 5796 380 5916 ξ’
413 5796 583 5882 Exod.
615 5810 762 5859 xxvi,
791 5796 812 5848 ί
847 5811 999 5866 seqq.
1083 5797 1122 5827 ’⁵
1151 5796 1317 5853 Exod.
1352 5813 1473 5865 xxv,
1504 5799 1592 5852 :39.

385 5885 456 5916 ’ὐ-

385 5885 456 5918 ,ἡ

1439 5728 1478 5758 ιο
1515 5728 1658 5760 ¹⁴“ι⁹ΛΔ¹
1714 5743 1816 5760 1⁸1.’“Ι

1515 5728 1679 5783 Exod.
1714 5743 1837 5788 xxv,
1876 5728 1957 5781 10.
2067 5729 2104 5758 “
2131 5728 2264 5784 Gen.
2295 5738 2366 5787 vt,
2407 5728 2458 5779 9.
2579 5728 2619 5754 ”
2657 5728 2668 5774 Ι

1515 5799 1592 5852 '39.
1678 5800 1718 5830 ‘°
1753 5800 1908 5855 Cant.
1940 5815 2032 5867 vn,
2064 5799 2118 5854 2.
2203 5799 2240 5829 ”
2271 5798 2412 5854 l'sal.
2442 5810 2585 5860 L.\I\',
2615 5794 2668 5848 5.

1995 1923 2119 1976 vita:
2159 1922 2300 1977 ﬂuxu
2337 1939 2559 1980 carnem
2595 1931 2817 1993 peccato
2841 1931 3142 1978 emortuam
3168 1917 3338 1990 854.
3374 1924 3580 1988 gestas.

1997 2017 2181 2086 inqua
2214 2016 2464 2079 dulcedo,
2488 2025 2543 2070 et
2577 2015 2792 2084 penitus
2841 2013 3168 2069 desiderium
3191 2020 3297 2076 est,
3323 2009 3413 2079 qui
3453 2009 3594 2063 dicit

1999 2109 2052 2164 in
2075 2109 2342 2164 Canticis:
2376 2107 2572 2162 Messui
2599 2106 2868 2176 myrrham
2891 2121 3010 2158 cum
3035 2101 3364 2156 aromatilms
3387 2101 3516 2154 meis
3535 2099 3582 2150 ⁸.

1999 2201 2131 2267 Ave,
2157 2200 2342 2265 rubus,
2373 2199 2483 2268 igni
2511 2198 2894 2268 complicatum
2934 2194 3278 2257 miraculum,
3310 2192 3423 2261 ipsa
3452 2203 3582 2262 pee-

2001 2305 2121 2350 cato
2145 2294 2422 2349 inaccessa
2478 2295 2624 2363 (nam
2661 2298 2717 2346 et
2747 2289 3032 2345 arbustum
3089 2287 3235 2342 istud
3277 2284 3426 2354 tangi
3487 2297 3599 2338 ne-

2001 2389 2138 2458 quit)
2168 2394 2224 2442 et
2264 2384 2416 2456 cujus
2453 2385 2637 2439 divino
2663 2391 2816 2454 partu
2849 2381 3046 2437 cadum
3077 2378 3363 2448 terrigenis
3397 2390 3586 2432 acces-
3607 2445 3622 2452 ι

2004 2493 2122 2533 sum
2155 2477 2422 2532 redditum
2471 2474 2596 2530 sit’.
2634 2474 2768 2539 Ave,
2802 2487 2954 2537 arca,
3001 2479 3272 2526 structum
3302 2484 3332 2522 a
3363 2467 3474 2522 Deo
3503 2475 3585 2522 te-

2004 2571 2236 2637 ctum",
2282 2569 2405 2624 novi
2441 2567 2625 2624 mundi
2677 2565 2978 2622 conditoris
3033 2560 3470 2633 receptaculum;
3516 2573 3588 2613 ex

2003 2681 2110 2736 qua
2161 2664 2412 2719 Christus
2471 2675 2646 2716 novus
2705 2657 2821 2714 Noe
2856 2658 2900 2688 ¹¹
2948 2656 3208 2712 mundum
3273 2667 3616 2724 supremum-

2007 2757 2410 2824 i‘ncorruptione
2439 2741 2658 2822 replens
2713 2748 2982 2820 procedit.
3019 2750 3151 2813 Ave,
3179 2745 3354 2814 virga,
3391 2743 3616 2798 divina:-

2008 2847 2356 2918 plantatiouis
2411 2843 2679 2907 ramus“,
2731 2841 2845 2896 sola
2902 2840 3044 2894 inter
3102 2851 3292 2892 omnes
3353 2832 3592 2903 virgines

2010 2952 2295 3008 puerpera,
2327 2950 2471 3005 qum,
2505 2932 2651 2988 nullo
2680 2931 2888 2987 semine
2908 2936 3182 2997 suscepto,
3212 2926 3592 2981 universorum

2009 3027 2177 3082 Deum
2217 3033 2272 3080 et
2317 3024 2659 3080 bierarcham
2689 3021 2912 3085 Filium,
2958 3020 3033 3074 uti
3093 3017 3280 3073 ﬂorem
3335 3011 3590 3068 emisisti.

2011 3119 2145 3182 Ave,
2181 3131 2342 3181 urna,
2375 3129 2439 3169 ex
2463 3128 2597 3173 auro
2648 3111 2938 3169 conﬂatum
2998 3124 3118 3175 vas,
3159 3108 3227 3162 ab
3268 3105 3416 3160 omni
3464 3119 3596 3157 vase

2011 3209 2298 3273 secretum,
2331 3215 2387 3261 et
2415 3220 2523 3274 quo
2555 3205 2788 3259 mundus
2827 3201 3116 3258 universus
3152 3199 3455 3268 impensum
3485 3195 3592 3251 sibi

2013 3317 2207 3356 tnanna
2253 3297 2531 3368 accipit“,
2568 3296 2694 3352 vita
2728 3296 2938 3352 scilicet
2965 3307 3163 3364 panem
3209 3292 3334 3359 igne
3364 3287 3598 3344 Deitatis

2013 3394 2388 3456 coctum.Ave,
2427 3389 2834 3446 tabernaculum
2865 3388 3008 3457 quod
3044 3387 3163 3440 lixit
3192 3383 3336 3438 Deus
3362 3380 3430 3447 “,
3465 3395 3599 3436 con-

2014 3485 2161 3540 ditus.
2185 3482 2362 3554 polus,
2390 3482 2524 3552 ipsis
2555 3481 2678 3538 coeli
2729 3479 2925 3534 axibus
2974 3476 3360 3548 praestantior:
3394 3488 3459 3528 cx
3492 3487 3597 3541 qua

2017 3577 2176 3641 Deus,
2207 3590 2302 3630 sua
2333 3575 2447 3643 ipse
2492 3587 2726 3644 persona
2751 3587 2874 3627 cum
2910 3570 3221 3626 hominibus
3251 3573 3339 3622 est
3368 3578 3600 3619 convera

2015 3673 2187 3728 satus,
2208 3671 2265 3719 et
2294 3679 2362 3720 ex
2388 3678 2496 3732 qua
2515 3673 2723 3719 aeterna
2763 3662 2966 3718 mundo
3002 3660 3318 3732 propitiatio
3353 3659 3595 3712 advenit.

2015 3754 2150 3816 Ave,
2213 3751 2571 3811 thuribulum,
2617 3767 2712 3806 vas
2758 3761 2941 3807 mente
2990 3764 3214 3804 aureum
3239 3748 3303 3810 η,
3355 3747 3599 3800 divinum

2017 3847 2165 3900 intus
2197 3845 2488 3900 carbonem
2521 3842 2731 3908 ferens,
2753 3852 2810 3898 et
2865 3857 2972 3910 qua
3005 3843 3252 3908 fragrans
3302 3838 3439 3894 odor
3478 3836 3601 3910 Spi-

2019 3938 2182 4002 ritus,
2229 3933 2553 4003 corruptela:
2598 3940 2847 4003 putbrem
2874 3934 3073 3987 mundo
3105 3931 3432 3986 cxsuliiavit.
3459 3931 3596 3984 Ave:

2019 4044 2228 4095 mensa,
2258 4027 2479 4082 mistum
2521 4024 2780 4080 divinitus
2823 4025 3169 4096 appositum;
3207 4024 3458 4080 omnibus
3485 4023 3598 4078 vir-

2022 4131 2194 4176 tutum
2225 4118 2384 4175 bonis
2409 4117 2639 4173 afﬂuens
2673 4116 3038 4188 partieipatio,
3067 4116 3116 4172 ei
3156 4115 3245 4186 qui
3282 4116 3336 4170 in
3361 4114 3600 4170 Canticis

2021 4213 2170 4277 dicit,
2186 4211 2480 4268 Umbilicus
2503 4220 2624 4266 tuus
2647 4219 2818 4264 crater
2835 4209 3123 4274 ternatilis,
3155 4225 3423 4280 nunquam
3445 4208 3601 4262 mile

2020 4323 2218 4362 vacuus
2239 4305 2302 4359 ".
2334 4303 3084 4374 Ave,tcmpl-um,.purissime
3115 4302 3378 4358 fabricata
3410 4301 3603 4357 domus

2022 4399 2256 4464 Domini,
2289 4399 2356 4454 de
2383 4414 2488 4468 qua
2538 4395 2705 4451 David
2759 4397 2836 4450 ait
2877 4414 2891 4450 :
2935 4397 3195 4452 Sanctum
3243 4405 3316 4448 est
3355 4392 3603 4463 templum

2024 4499 2198 4552 tuum,
2223 4487 2467 4542 mirabile
2503 4487 2556 4540 in
2593 4486 2909 4555 justitia”;
2949 4500 3018 4539 ex
3052 4500 3157 4555 qua
3213 4485 3317 4540 sibi
3354 4483 3606 4539 Christus

2021 4580 2268 4649 corporis
2309 4579 2565 4648 templum
2600 4586 2910 4642 exstruens,
2953 4577 3150 4646 templa
3191 4575 3288 4631 Dei
3319 4576 3426 4632 vivi
3459 4591 3606 4630 mor-

2025 4673 2158 4728 tales
2185 4670 2388 4728 ell'ecit.
2431 4671 2569 4735 Ave,
2597 4669 2868 4736 lustratio,
2903 4669 3102 4725 divinis
3147 4669 3380 4742 lymphis
3404 4679 3606 4724 scatu-

2023 4763 2168 4819 riens
2199 4762 2340 4826 fons,
2369 4760 2516 4815 omni
2543 4759 2698 4829 plena
2726 4761 3114 4826 sanctimonia,
3147 4776 3210 4816 ex
3245 4776 3348 4830 qua
3373 4760 3606 4815 Sanctus

2023 4862 2336 4909 sanctorum
2363 4851 2428 4915 ⁸⁸,
2470 4850 2674 4906 scelere
2730 4852 2990 4907 mundum
3050 4867 3378 4923 expurgatis,
3413 4848 3603 4903 exivit.

2023 4945 2158 5009 Ave,
2199 4941 2412 4996 Domini
2443 4940 2615 5008 locus,
2673 4942 2766 4998 Dei
2792 4958 2980 5011 gressu
3023 4944 3228 4999 calcata
3290 4950 3454 5002 terra,
3486 4954 3606 5007 (ιιιεο

2025 5039 2172 5093 illum
2221 5036 2501 5106 complexa
2533 5050 2616 5102 es,
2653 5036 2745 5105 qui
2787 5035 2974 5098 omni,
3005 5043 3273 5104 quatenus
3320 5038 3405 5085 est
3434 5031 3601 5095 Deus,

2025 5129 2142 5184 loco
2166 5128 2426 5183 eximitur
2453 5145 2467 5183 :
2493 5143 2560 5183 ex
2585 5141 2690 5196 qua
2726 5126 2814 5179 ille
2837 5119 2926 5195 qui
2957 5122 3182 5191 simplex
3204 5134 3341 5184 erat,
3390 5121 3608 5174 exsistit

2025 5222 2383 5292 compositus;
2441 5216 2776 5288 temporalis,
2807 5215 2900 5284 qui
2944 5213 3336 5282 sempiternus;
3370 5213 3608 5268 circum-

2021 5317 2278 5385 scriptus,
2327 5312 2416 5382 qui
2477 5309 3000 5376 incircumscriptus.
3067 5307 3202 5372 Ave,
3239 5306 3331 5360 Dei
3391 5307 3606 5373 domus,

2023 5409 2221 5462 divinis
2273 5404 2655 5476 splendoribus
2707 5400 3006 5470 eliulgens,
3059 5398 3214 5469 cujus
3268 5400 3606 5455 castimonia:

2025 5499 2436 5568 superlimiuare
2481 5495 2635 5550 evelli
2669 5494 2852 5561 nequit
2883 5509 2896 5547 :
2932 5492 3122 5547 domus
3163 5490 3350 5560 gloriae
3389 5490 3607 5546 Domini

2027 5588 2206 5656 plena,
2240 5601 2456 5656 praeque
2485 5585 2670 5656 ignitis
2717 5582 3000 5654 Seraphim
3033 5583 3228 5652 spiritu
3253 5582 3518 5638 lucentior
3540 5583 3603 5636 ”.

2067 5729 2104 5758 ¹¹
2131 5727 2264 5784 Gen.
2295 5738 2366 5787 vt,
2407 5727 2458 5779 9.
2579 5725 2619 5754 ¹²
2657 5723 2753 5776 lsa.
2801 5739 2876 5787 XI,
2923 5726 2968 5778 1.
3084 5724 3126 5756 ¹³
3161 5724 3327 5780 Exod.
3362 5737 3469 5782 xvi,
3513 5719 3601 5772 33.

2735 5795 2790 5867 _“-‘
2824 5796 2992 5852 Exod.
3025 5810 3150 5862 xxv,
3193 5797 3245 5850 8.
3329 5795 3369 5825 ”
3398 5791 3500 5846 lsa.
3532 5804 3608 5853 vt,
