4012 6338
365 360 476 425 693

1152 357 1480 417 IIOMILIA
1516 357 1575 415 ΙΙ
1620 356 1700 416 ΙΝ
1738 355 2256 416 NATIVITATEM
2296 356 2360 413 Β.
2399 357 2464 415 V.
2510 351 2792 414 MARLE.

3533 349 3637 413 δικ

367 473 527 543 ἐμοὶ,
579 470 891 540 ἀναμέσον
930 468 1046 522 τῶν
1071 468 1323 537 μαστῶν
1344 488 1464 539 μου
1501 466 1958 533 αὐλισθήσεται.

2067 467 2285 521 Nar-dus
2330 484 2442 521 mea
2476 467 2618 520 dedit
2650 467 2862 520 adorent
2892 479 3043 518 suum
3080 465 3145 519 ”.
3166 464 3302 530 Ave,
3332 474 3500 520 staete
3525 508 3539 531 ,
3570 483 3637 520 ex

368 567 569 635 Χαῖρε,
628 563 1002 632 κιννάμωμον,
1037 560 1100 613 τὸ
1137 560 1202 613 ὲκ
1249 561 1441 631 νοητοῦ
1487 558 1822 632 παραδείσου
1857 558 1956 627 τῆς

365 655 665 726 ἁχραντίας
696 651 840 716 ὲξιὸν
867 652 1089 721 ἄρωμα,
1116 644 1177 705 οὗ
1208 650 1241 720 ἡ
1270 650 1414 722 ὀσμὴ
1444 649 1600 720 ἡδεῖα
1629 648 1709 719 τῷ
1741 648 1955 716 λέγοντι

365 749 428 799 ἐν
478 746 776 817 ’ᾼσμασιψ
818 742 1171 797 Ἁποστολαι
1222 757 1339 795 σου
1390 740 1753 810 παράδεισος
1797 738 1959 807 ῥοῶν

360 838 517 907 μετὰ
548 835 793 906 καρπῶν
834 833 1214 903 ἀκροδρύων-θ
1246 832 1516 901 κάλαμος
1547 832 1645 885 καὶ
1668 829 1958 898 κιννάμω-

360 947 484 999 μον
507 930 657 999 μετὰ
684 927 927 981 πάντων
960 924 1161 990 ξύλων
1190 924 1297 979 τοῦ
1320 922 1603 979 Λιϐάνου.
1634 924 1832 993 Χαῖρε,
1864 919 1958 973 θύη

369 1037 571 1091 γατερ,
592 1022 626 1090 ἡ
660 1017 932 1091 θυηπόλος
959 1017 1164 1080 νεᾶνις,
1190 1010 1258 1087 ἦς
1282 1015 1342 1068 τὸ
1373 1014 1641 1084 ἄχραντον
1671 1013 1955 1083 ἐράσμιον,

369 1114 531 1167 καὶὸ
568 1112 774 1181 κόσμος
818 1106 1122 1181 παράδοξος
1167 1106 1245 1177 τῷ
1294 1107 1529 1176 φήσαντι
1583 1107 1641 1159 ὲν
1691 1105 1955 1175 ’ᾼσμασιο

375 1202 443 1256 Τί
488 1201 881 1270 ὠραιώθησαν
931 1198 1263 1267 διαϐήματά
1314 1214 1431 1252 σου
1476 1197 1547 1251 ἐν
1573 1196 1917 1266 ὑποδήμασι
1938 1236 1954 1261 ,

368 1293 626 1359 θύγατερ
659 1286 1010 1358 Ἀμιναδὰὄ;
1044 1287 1113 1341 Ἦ
1135 1287 1334 1341 κοιλία
1351 1302 1468 1341 σου
1489 1286 1752 1355 θημωνία
1782 1285 1955 1339 σίτου

368 1381 755 1451 πεφραγμένη
783 1380 855 1434 ἐν
876 1380 1122 1448 κρίνοις.
1150 1381 1344 1449 Χαῖρε,
1364 1377 1586 1449 ἀδελφὴ,
1618 1378 1651 1448 ἠ
1673 1376 1767 1429 τοῦ
1791 1375 1955 1430 καλοῦ

367 1474 606 1543 ἀδελφοῦ
662 1472 994 1545 παρώνυμος
1046 1473 1142 1525 καὶ⁸
1197 1471 1581 1542 πανέραστος,
1623 1463 1685 1523 οὗ
1736 1467 1956 1540 ήφωνὴ

302 1564 548 1633 τοιάδε
582 1565 640 1617 ἐν
691 1563 989 1633 ’ᾼσμασινο
1043 1562 1443 1629 Ἐκαρδίωσας
1477 1559 1636 1631 ἡμᾶς
1660 1600 1676 1625 ,
1720 1558 1953 1627 ἀδελφή

328 1630 348 1659 ᾧ
364 1672 487 1723 μου
516 1656 743 1724 νύμφη,
768 1630 1181 1723 ἐκαρδίωσας;
1206 1655 1401 1724 Χαῖρε,
1427 1653 1634 1722 νύμφη,
1659 1648 1727 1724 ἦς
1753 1669 1957 1723 νυμφο-

369 1749 561 1813 στόλος
600 1748 662 1801 τὸ
690 1748 923 1819 Πνεῦμα
952 1748 1014 1800 τὸ
1042 1748 1218 1816 ὄιγιον,
1252 1747 1348 1801 καὶ
1373 1745 1607 1817 νυμφίος
1631 1746 1659 1796 ὁ
1686 1745 1949 1815 Χριστὸς,

319 1805 397 1914 ζὸ
422 1805 598 1908 λέγων
627 1805 1019 1911 ὲνῗᾊσμασιν·
1062 1805 1363 1905 ’ὸλολιάλη
1411 1805 1455 1904 ἡ.
1497 1805 1766 1904 Σκλησίον
1808 1805 1951 1904 μου,

368 1933 469 1987 καὶ
498 1932 703 2002 μῶμος
733 1932 844 1985 οὐκ
875 1929 1049 1983 ἐστιν
1076 1929 1145 1983 ἐν
1177 1929 1295 1982 σοί*
1325 1928 1501 1997 δεῦρο
1529 1928 1648 1983 ἀπὸ
1672 1928 1950 1991 Λιϐανοιι,

368 2025 602 2093 νύμφη.
658 2024 856 2093 Χαῖρε,
884 2020 1077 2092 μύρον,
1127 2020 1188 2072 τὸ
1228 2019 1337 2073 τῶν
1382 2019 1596 2090 ἀρετῶν
1632 2018 1952 2089 μυριότιμον

371 2116 666 2187 σύνθημα,
713 2118 747 2185 ἡ
794 2115 1131 2183 παναγνείας
1164 2111 1358 2183 μύροις
1414 2111 1749 2183 μυρίζονσα,
1798 2110 1858 2175 ἐξ
1885 2105 1953 2181 ἧς

365 2208 684 2279 ὁμωνύμως
733 2223 816 2260 σοι
866 2204 1137 2275 προῆλθεν
1189 2206 1218 2256 ὁ
1270 2203 1497 2273 Κύριος.
1548 2204 1755 2271 Μύρον
1802 2201 1948 2271 γὰρ,

368 2299 561 2368 φησιν,
597 2296 931 2352 ἑκκενωθὲν
959 2294 1148 2365 ὄνομά
1174 2312 1312 2350 σου·
1349 2296 1441 2363 ἀφ’
1480 2287 1541 2347 οὗ
1580 2295 1863 2365 κέχρωσται
1892 2294 1952 2345 τὸ

371 2389 645 2459 βασίλειον
678 2388 1001 2457 ἱεράτευμα.
1030 2387 1225 2457 Χαῖρε,
1264 2385 1539 2456 θυμίαμα,
1579 2385 1640 2438 τὸ
1675 2386 1814 2454 ὑπὲρ
1862 2386 1952 2438 κό-

369 2497 513 2551 σμου
544 2479 740 2543 παντὸς
777 2478 1009 2533 ἐνώπιον
1038 2478 1245 2549 Κυρίου
1275 2477 1740 2547 κατευθυνὸμενον
1782 2493 1950 2546 προσ-

364 2573 694 2643 ευκτὴριον,
750 2573 783 2641 ἡ
841 2568 1360 2640 ἀποπεπληρωμένη
1438 2567 1499 2633 ἐξ
1572 2568 1800 2632 εὐωδίας
1857 2569 1949 2621 τοῦ

368 2663 725 2732 Πνεύματος,
765 2661 897 2732 περὶ
952 2656 1020 2732 ἧς
1060 2679 1163 2713 που
1212 2660 1605 2731 θαυμαστικῶς
1651 2660 1905 2730 βεϐὀηται
1934 2678 1946 2691 ·

376 2756 473 2821 Τίς
494 2756 647 2824 αὕτη
686 2755 1101 2809 ἀναϐαίνουσα
1144 2754 1265 2809 ἀπὸ
1288 2754 1398 2822 τῆς
1438 2754 1684 2823 ἐρήμου,
1711 2754 1791 2818 ὡς
1818 2770 1950 2806 στε-

366 2848 524 2918 λέχη
544 2848 777 2903 καπνοῦ
799 2846 1194 2917 τεθυμιαμένη
1208 2864 1226 2911 ;
1240 2848 1431 2917 Χαῖρε,
1447 2847 1670 2918 χρυσίον
1692 2846 1829 2898 καθα
1839 2846 1949 2915 ρδν,

368 2941 404 3009 ἡ
456 2939 516 2993 ὲν
559 2939 761 3010 χωνείᾳ
789 2938 882 2992 τοῦ
932 2938 1067 2991 Θεοῦ
1106 2937 1501 3007 δοκιμασθεῖσι
1550 2936 1629 3007 τῷ
1670 2936 1804 3007 πυρὶ
1854 2935 1949 2987 τοῦ

366 3028 725 3098 Πνεύματος,
764 3031 859 3083 καὶ
909 3029 1161 3101 μηδαμοῦ
1194 3029 1379 3099 ῥυτίδα
1429 3027 1627 3091 κακίας
1669 3027 1910 3097 φέρουσα
1934 3044 1945 3055 ·

2068 557 2343 627 virginalis
2368 556 2601 613 balsami
2640 554 2978 612 confectione
3010 556 3316 611 sanctitatis
3346 555 3459 611 sive
3483 555 3638 611 lactis

2062 649 2278 704 Christo
2296 658 2507 705 stacten
2536 648 2768 713 Stillans,
2805 662 2924 717 quae
2948 663 3167 702 rursum
3194 648 3248 701 in
3277 648 3520 703 Cauticis
3547 665 3640 703 ca-

2062 739 2184 795 nis:
2235 738 2552 795 Fasciculus
2585 740 2813 809 myrrlttc
2842 738 3064 794 dilectus
3102 756 3245 793 meus
3287 740 3416 793 mihi
3446 781 3461 807 ,
3502 740 3639 793 inter

2063 833 2221 886 ubera
2241 849 2354 887 mea
2383 833 2795 886 commorabitur
2817 830 2885 885 “.
2914 831 3048 896 Ave,
3081 831 3487 894 cinnamonum,
3523 834 3637 900 Spi—

2064 923 2234 978 ritalis
2269 924 2511 993 paradisi
2552 937 2738 977 aroma
2789 922 3152 992 integritatis,
3199 922 3354 991 cujus
3404 924 3538 981 odor
3586 924 3633 976 ei

2061 1015 2236 1070 dulcis
2262 1023 2364 1081 est,
2404 1015 2494 1085 qui
2519 1015 2742 1085 perinde
2772 1015 2822 1069 in
2843 1014 3082 1069 Canticis
3115 1015 3279 1069 dicit:
3313 1013 3635 1068 Emissiones

2062 1115 2167 1161 tute
2203 1107 2484 1176 paradisus
2528 1108 2787 1161 malorum
2845 1108 3159 1177 puuicorum
3214 1123 3333 1161 cum
3385 1106 3636 1161 arborum

2061 1197 2362 1266 fructibus:
2394 1197 2631 1250 calamus
2684 1207 2731 1250 et
2774 1196 3162 1250 cinnamomum
3213 1212 3330 1250 cum
3383 1198 3640 1251 universis

2060 1286 2216 1355 lignis
2241 1287 2433 1340 Libani
2456 1288 2521 1341 ’9.
2548 1287 2725 1352 Salve,
2756 1287 2885 1350 lilia,
2921 1287 3014 1341 Dei
3044 1287 3299 1342 sacerdos
3324 1286 3635 1357 juvencula,

2061 1380 2215 1449 cujus
2259 1383 2470 1451 puritas
2519 1380 2932 1443 desiderabilis,
2994 1390 3048 1435 et
3083 1381 3243 1435 decor
3278 1381 3633 1441 admirabilis,

2060 1471 2135 1525 illi
2174 1472 2264 1540 qui
2300 1472 2351 1525 in
2381 1472 2625 1526 Canticis
2664 1471 2830 1525 dicit:
2867 1471 3038 1536 Quam
3081 1472 3289 1540 pulchri
3328 1483 3450 1526 sunt
3488 1490 3637 1542 gres-

2059 1582 2148 1619 sus
2184 1566 2261 1618 tui
2284 1565 2335 1619 in
2372 1564 2757 1627 calceamentis,
2796 1566 2908 1632 ﬁlia
2939 1566 3255 1621 Aminadab.
3306 1565 3493 1621 Venter
3513 1577 3645 1620 tuus-

2060 1672 2273 1710 acervus
2323 1658 2508 1723 tritici,
2547 1656 2772 1711 vallatus
2803 1656 2928 1709 Iitiis
2959 1658 3023 1709 ³ο.
3054 1656 3185 1721 Ave,
3218 1672 3374 1711 soror
3413 1657 3632 1726 perpul»

2060 1750 2173 1803 chri
2207 1749 2389 1805 fratris
2419 1748 2773 1818 cognominis,
2802 1748 2962 1817 eique
3000 1762 3208 1803 summe
3235 1748 3440 1818 cupita,
3481 1749 3640 1818 cujus

1987 1824 2028 1877 Β
2060 1857 2157 1895 vox
2214 1842 2474 1911 ejusmodi
2523 1842 2575 1896 in
2627 1840 2869 1896 Cantieis
2930 1848 3139 1896 sonat:
3200 1839 3501 1897 Vulnerasti
3542 1858 3636 1897 cor

2056 1950 2260 1997 meum,
2294 1950 2447 1987 soror
2474 1950 2585 1987 mea
2626 1952 2821 2003 sponsa
2849 1976 2863 2000 ,
2892 1934 3179 1989 vulnerasti
3224 1950 3316 1989 cor
3370 1950 3539 1989 meum
3562 1934 3637 1987 ³¹.ο

2055 2025 2186 2087 Ave,
2211 2039 2408 2093 sponsa
2437 2065 2452 2089 ,
2489 2023 2640 2093 cujus
2682 2027 2958 2093 pronuhus
2996 2025 3234 2094 Spiritus
3258 2036 3476 2081 sanctus
3501 2066 3517 2093 ,
3568 2042 3633 2081 ae

2055 2114 2301 2169 Christus
2332 2129 2598 2183 sponsus,
2659 2116 2749 2185 qui
2783 2115 2910 2169 dicit
2944 2115 2996 2168 in
3022 2114 3261 2170 Canticis
3290 2134 3305 2169 :
3344 2115 3475 2169 Tota
3506 2116 3631 2183 ριιΙ-·

2054 2210 2182 2261 clira
2208 2224 2282 2272 es,
2316 2209 2489 2267 amica
2518 2223 2653 2272 mea,
2684 2217 2732 2261 et
2764 2207 2971 2261 macula
3003 2223 3105 2261 non
3138 2218 3212 2261 est
3240 2209 3293 2261 in
3320 2217 3399 2271 te;
3426 2210 3541 2262 veni
3568 2210 3633 2262 de

2054 2300 2277 2365 Libano,
2304 2318 2495 2370 sponsa
2522 2301 2590 2354 ³⁸.
2637 2300 2771 2366 Ave,
2796 2308 3125 2369 unguentum
3153 2343 3167 2367 ,
3223 2299 3420 2355 inﬁniti
3470 2301 3627 2369 pretii

2056 2394 2394 2461 compositio,
2430 2393 2729 2461 omnigena:
2746 2391 3079 2447 castimonia:
3099 2398 3372 2459 unguenta
3389 2394 3635 2460 spirans,

2054 2499 2118 2538 ex
2152 2499 2254 2554 qua
2287 2483 2544 2539 Dominus
2578 2484 2717 2538 idem
2757 2492 2933 2538 tecum
2964 2498 3159 2538 nomen
3198 2497 3395 2554 gerens
3432 2484 3643 2553 prodiit

2055 2575 2151 2643 (ait
2185 2575 2353 2638 enim,
2387 2581 2710 2643 unguentum
2744 2574 2974 2642 eﬂ'usum
3004 2589 3194 2627 nomen
3228 2572 3489 2642 tuum”),
3523 2586 3636 2640 quo

2054 2666 2233 2735 regale
2284 2674 2505 2719 unctum
2560 2665 2925 2722 sacerdotium
2981 2665 3103 2718 fuit.
3157 2666 3292 2729 Ave,
3326 2663 3627 2726 incensum,

2055 2763 2378 2831 precationis
2433 2762 2584 2817 locus
2636 2778 2733 2831 pro
2768 2763 2913 2816 omni
2970 2760 3170 2815 mundo
3225 2761 3464 2814 directus
3498 2767 3634 2814 ante

2053 2854 2366 2918 Dominum;
2388 2868 2505 2922 quae
2528 2853 2820 2920 fragrantia
2840 2850 3074 2921 Spiritus
3100 2850 3301 2919 repleta
3332 2864 3411 2916 es,
3440 2849 3505 2903 de
3521 2863 3628 2918 qua

2055 2944 2372 2999 admirantis
2400 2957 2530 2999 voce
2559 2943 2848 2997 clamatum
2879 2960 2891 2996 :
2926 2942 3058 3006 Qua:
3078 2951 3153 2996 est
3173 2942 3297 3008 ista,
3326 2957 3442 3010 qua’
3463 2940 3633 3011 856

2053 3038 2285 3092 ascendit
2321 3037 2385 3091 de
2412 3037 2640 3101 deserto,
2672 3044 2927 3104 tanquam
2950 3035 3158 3104 virgula
3189 3034 3322 3103 fumi
3351 3034 3521 3103 sufﬁta
3542 3033 3632 3086 “it

366 3120 433 3185 ἐξ
471 3116 535 3172 οὒ
562 3121 598 3191 ἦ
625 3138 686 3173 τε
724 3121 948 3192 λυχνία,
1001 3121 1095 3176 καὶ
1206 3120 1490 3193 τράπεζα,
1522 3121 1618 3174 καὶ
1668 3118 1848 3173 πάντα
1882 3118 1951 3171 τὰ

2058 3131 2188 3195 Ave,
2216 3143 2407 3183 aurum
2433 3143 2650 3197 purum,
2677 3142 2797 3196 qua:
2834 3126 2955 3197 igne
2987 3125 3219 3197 Spiritus
3244 3126 3298 3180 in
3328 3126 3452 3179 vita:
3476 3125 3631 3195 hujus

368 3212 515 3266 κατὰ
552 3214 645 3266 τὸν
677 3216 841 3285 νόμον
888 3215 1099 3286 χρύσεα
1127 3216 1247 3268 κατ’
1280 3214 1515 3285 ἔμφασιν
1562 3210 1948 3283 ἀλληγορικὴν,

365 3302 465 3355 ἐπὶ
498 3302 557 3354 σὲ
584 3303 675 3357 τὸν
701 3305 1055 3375 χρυσώνυμον
1085 3306 1178 3357 καὶ
1213 3305 1567 3375 πολυώνυμον
1600 3301 1952 3374 μεταλαμὸα-

368 3410 540 3446 νεται.
579 3395 777 3464 Χαῖρε,
814 3394 970 3460 ξύλον
988 3397 1251 3467 ἄσηπτον,
1296 3398 1329 3466 ὴ
1368 3396 1591 3467 ’φθορᾶς
1640 3395 1951 3466 ἁμαρτικῆς

371 3483 451 3553 μὴ
482 3487 876 3556 προςηκαμένη
926 3486 1183 3558 σκώληκα
1209 3529 1225 3555 ,
1256 3488 1313 3556 ἐξ
1343 3485 1412 3561 ἦς
1442 3490 1503 3541 τὸ
1536 3488 1725 3559 νοητὸν
1766 3487 1952 3540 θυσια-

371 3575 616 3645 στήριον,
650 3577 750 3629 οὐκ
783 3579 846 3630 ἐκ
876 3577 1049 3644 ξύλων
1076 3580 1187 3650 (76)
1222 3580 1483 3651 ἁσήπτων
1513 3578 1952 3646 κατεσκευασμέ-

369 3682 482 3730 νον,
527 3665 645 3718 ἀλλ’
693 3667 750 3734 ἐξ
795 3669 1075 3739 ἀχράντων
1118 3668 1359 3737 λαγόνων
1401 3670 1521 3740 Θεῷ
1564 3670 1946 3740 δεδομημένον.

367 3755 567 3823 Χαῖρε,
593 3755 847 3827 πορφύρα
878 3757 1159 3830 βασιλικὴ,
1188 3762 1221 3830 ἡ
1251 3761 1314 3811 ὲκ
1336 3759 1681 3830 παρθενικῶν
1704 3759 1951 3829 αἱμάτων

320 3896 333 3901 -
372 3863 470 3898 σου
519 3846 834 3917 ὲξυφάνασα
864 3850 1172 3921 ’ἁλουργίδα
1210 3850 1289 3921 τῷ
1317 3852 1529 3920 λέγοντι
1573 3854 1630 3905 ὲν
1676 3852 1947 3922 ᾊσμασν

369 3942 641 3995 Πλοκίον
689 3942 964 4011 κεφαλῆς
1010 3961 1126 3997 σου
1157 3944 1238 4011 ὡς
1290 3946 1600 4014 πορφύρα·
1650 3944 1951 4009 ,βασιλεὺς

369 4032 692 4102 δεδεμένος
724 4035 793 4088 ἐν
833 4035 1259 4105 παραδρομαῑς.
1317 4038 1375 4090 Tt’
1425 4036 1758 4105 ὼραιώθης,
1812 4038 1849 4104 ἢ
1897 4037 1953 4089 τί

369 4124 678 4193 ᾐδύνθης;
704 4128 894 4198 Χαῖρε,
922 4127 1118 4197 βύσσος
1147 4129 1525 4201 κεκλωσμένη,
1553 4133 1583 4200 ἡ
1613 4129 1772 4199 βάθος
1794 4128 1951 4182 θείων

370 4218 666 4288 νοημάτων
713 4222 769 4272 ὲν
812 4220 1020 4291 διανοίᾳ
1061 4220 1346 4285 κλώσασα,
1393 4223 1485 4276 καὶ
1529 4226 1648 4287 ταῖς
1681 4223 1951 4285 ἐναντίαις

371 4309 620 4374 θέλξεσιν
639 4310 1049 4380 ἄχαυνος··Πῶς
1072 4312 1202 4381 γὰρ,
1228 4314 1412 4382 φησὶν,
1440 4316 1609 4368 ἔσται
1629 4332 1731 4382 μοι
1754 4311 1948 4374 τοῦτο,

369 4402 501 4455 ἐπεὶ
533 4402 721 4471 ἄνδρα
752 4406 824 4458 οὐ
862 4404 1167 4473 γινώσκω;
1203 4403 1280 4457 Δι’
1307 4400 1376 4477 ἧς
1408 4407 1440 4475 ἡ
1486 4406 1700 4474 ὲπωμὶς
1746 4421 1953 4475 πορφυ-

2058 3222 2373 3279 conllatorio
2432 3220 2657 3290 probata
2718 3235 2776 3275 es
2797 3261 2813 3287 ,
2865 3235 2965 3274 nec
2991 3218 3208 3274 malitia:
3240 3234 3467 3288 usquam
3499 3234 3629 3288 ruga

2059 3312 2316 3367 deformis
2348 3330 2360 3364 :
2410 3326 2477 3365 ex
2520 3324 2629 3379 quo
2667 3324 2834 3374 auro,
2891 3318 3005 3364 tum
3055 3310 3436 3364 candelabrum
3470 3349 3484 3373 ,
3517 3317 3630 3363 tum

2059 3418 2265 3466 mensa,
2304 3412 2417 3456 tum
2451 3401 2655 3472 reliqua
2688 3401 2869 3456 omnia
2904 3400 3036 3470 legis
3070 3401 3173 3455 ritu
3204 3414 3393 3465 aurea,
3428 3401 3629 3469 allego-

2061 3496 2153 3550 riae
2180 3511 2284 3549 non
2312 3492 2561 3563 ambigua
2588 3493 2983 3562 signiﬁcatione
3015 3491 3083 3547 de
3132 3501 3181 3545 te
3211 3493 3390 3547 aureis
3418 3492 3631 3546 multis-

2060 3601 2163 3656 que
2181 3584 2490 3639 nominibus
2507 3584 2705 3639 celebri
2730 3584 3096 3654 accipiuntur.
3124 3583 3258 3649 Ave,
3288 3583 3492 3653 lignum
3524 3599 3630 3637 non

2060 3688 2413 3747 putrescens,
2447 3691 2565 3745 qua:
2601 3676 2971 3745 corruptionis
3012 3675 3219 3744 peccati
3255 3689 3492 3730 vermem
3527 3691 3631 3727 non

2060 3767 2326 3823 admisisti
2355 3785 2370 3821 :
2402 3782 2467 3821 ex
2501 3782 2604 3836 qua
2634 3766 2914 3835 spirituale
2955 3766 3124 3820 altare
3150 3806 3164 3830 ,
3197 3780 3299 3818 non
3348 3781 3413 3819 ex
3471 3765 3633 3833 lignis

2061 3858 2527 3929 imputribilibus,
2575 3857 2669 3910 sed
2726 3872 2791 3909 ex
2844 3857 3163 3909 intemerato
3213 3864 3367 3909 utero
3422 3864 3634 3909 exstrn»

2060 3958 2204 4005 ctum
2234 3945 2336 4000 fuit
2369 3946 2496 4000 Deo.
2530 3946 2661 4009 Ave,
2696 3958 2930 4012 purpura
2949 3945 3117 4010 regia,
3148 3958 3266 4011 qua:
3295 3957 3359 3996 ex
3388 3943 3630 4011 virginali

2062 4051 2153 4097 tuo
2189 4038 2451 4110 sanguine
2486 4051 2813 4107 purpuream
2840 4045 3043 4112 vestem
3076 4035 3313 4100 texuisti,
3344 4034 3540 4089 dicenti
3581 4036 3632 4089 in

2060 4131 2340 4189 Cantieis:
2376 4128 2573 4184 Plexus
2598 4128 2783 4197 capitis
2808 4129 2883 4181 tui
2910 4140 2962 4180 ut
2997 4144 3230 4197 purpura
3258 4144 3278 4182 :
3314 4143 3403 4181 rex
3434 4128 3634 4181 vinctus

2060 4227 2113 4279 in
2147 4222 2558 4280 transrursibus.
2592 4220 2762 4286 Quam
2794 4220 3034 4289 pulchra,
3070 4230 3117 4274 et
3144 4236 3301 4289 quam
3346 4221 3520 4274 suavis
3543 4222 3585 4251 ³⁸
3617 4222 3630 4274 ι
3716 4232 3723 4239 °

2059 4320 2193 4383 Ave,
2211 4318 2407 4388 byssus
2454 4326 2677 4380 retorta,
2724 4313 2831 4367 alta
2878 4328 3160 4368 sensorum
3191 4312 3373 4367 animo
3403 4313 3636 4367 circum-

2061 4412 2280 4465 volvcns
2309 4450 2324 4477 ,
2384 4424 2484 4463 nec
2548 4407 2839 4462 contrariis
2905 4405 3178 4461 illecebris
3210 4405 3410 4461 cedens
3443 4423 3454 4458 :
3493 4406 3637 4470 Quo-

375 4497 807 4567 ροχρυσόμικτος
834 4497 914 4567 τῷ
952 4495 1296 4568 ίεραρχοῦντι
1343 4496 1452 4550 τῶν
1497 4497 1610 4550 ἂνω
1637 4497 1951 4568 Δυνάμεων.

2059 4503 2211 4554 modo
2238 4502 2396 4564 enim,
2426 4499 2621 4568 inquit,
2655 4499 2750 4551 hoc
2772 4498 2913 4550 milia?
2932 4497 3153 4561 accidet,
3189 4498 3436 4562 quoniam
3470 4497 3633 4551 virum

372 4591 572 4659 Χαῖρε,
602 4589 874 4654 ὑάκινθος,
901 4590 961 4643 τὸ
981 4589 1316 4659 φλογοφανὲς
1332 4589 1430 4659 τῆς
1464 4590 1763 4661 παρθενίας
1788 4589 1931 4660 ἔριον

372 4682 437 4747 ἐξ
468 4676 531 4735 οὗ
569 4683 848 4752 μυστικῶς
878 4682 955 4753 τῷ
988 4682 1107 4752 Θεῷ
1140 4682 1494 4755 ίερούργηται
1522 4684 1727 4752 ἅμφιον
1765 4700 1951 4752 σωμα‹

373 4776 617 4837 τὼσεως.
639 4778 828 4847 Χαῖρε,
869 4776 1044 4847 κούφη
1074 4775 1273 4846 νεφέλη
1298 4816 1311 4840 ,
1345 4777 1378 4845 ἡ
1406 4775 1468 4827 τὸ
1486 4775 1686 4843 γεῶδες
1715 4776 1808 4827 καὶ
1842 4772 1959 4843 βρί-

375 4870 471 4923 θον
490 4871 710 4940 σκῆνος,
729 4870 932 4939 κοῦφόν
950 4888 1067 4934 πως
1082 4870 1217 4940 (77),
1241 4872 1317 4931 ὡς
1341 4869 1598 4938 ἀερῶδες,
1620 4868 1837 4937 ἔχουσα,
1863 4868 1957 4918 καὶ

378 4961 476 5013 τὸν
498 4961 661 5029 ἄρτον
692 4962 788 5032 τῆς
817 4961 960 5031 ζωῆς
995 4962 1071 5025 ὡς
1105 4962 1162 5013 ὲν
1188 4958 1560 5028 θυσιαστηρίῳ
1588 4957 1954 5022 καλύπτουσα,

378 5057 440 5107 ὲν
535 5054 804 5126 καθῆσθαι
822 5055 1025 5125 Κύριον
1055 5054 1280 5116 Ἡσαΐας
1307 5051 1735 5123 προσηγόρευσε.
1763 5052 1952 5122 Χαῖρε,

377 5150 642 5218 ἇχραντε,
679 5148 740 5201 τὸ
788 5148 1066 5217 ἀνέπαφον
1117 5148 1214 5217 τῆς
1253 5144 1548 5216 παρθενίας
1587 5143 1891 5215 κειμήλιον,

378 5238 473 5290 τὸν
500 5238 769 5310 ἄχραντον
796 5239 966 5306 Λόγον
1005 5241 1349 5307 γεννήσασα,
1386 5238 1480 5305 ἀφ’
1513 5230 1580 5307 ἧς
1624 5237 1656 5306 ἡ
1692 5234 1955 5305 παρθενία

454 5401 497 5429 ⁸³⁷
533 5399 690 5452 Catil.
720 5412 756 5460 Ι,
793 5396 876 5448 ΙΙ.

385 5486 421 5531 t,
454 5471 508 5521 2.
590 5471 635 5500 ³³
659 5470 818 5521 (luti.
860 5468 1013 5528 ttI,G.
1099 5466 1141 5495 ⁸⁸
1169 5466 1324 5517 (Iunt.
1361 5481 1455 5526 VII,
1484 5465 1537 5529 ὃ,
1571 5468 1620 5516 ϋ.

481 5609 569 5675 76)
606 5612 764 5665 Allat.
801 5612 925 5676 legit
962 5611 1200 5681 σηπιῶν,
1245 5608 1683 5675 rorruptilrilibus.

456 5614 573 5751 ἶιη
614 5683 700 5744 Ὠς
749 5683 1002 5751 ἀερῶδες.
1050 5684 1245 5735 Alludit
1305 5680 1368 5731 ad
1419 5681 1590 5730 \‘t‘illlll
1636 5698 1683 5745 ip

484 5682 573 5749 ιη
614 5683 700 5744 Ὠς
749 5680 1245 5752 ἀερῶδεςέΛΗιιιιίι
1305 5680 1368 5731 ad
1419 5681 1590 5730 velum
1636 5698 1741 5745 quo
1790 5680 1961 5752 (Stupri

389 5749 639 5808 sanctum
670 5749 862 5819 pallent
907 5755 959 5807 in
1002 5754 1156 5807 altari
1193 5751 1421 5821 positum
1468 5752 1741 5817 operiunt,
1784 5749 1959 5817 quod-

955 5397 998 5427 ’⁸
1032 5396 1161 5449 “niti.
1198 5395 1280 5447 12.
1359 5396 1402 5429 ’9
1432 5395 1590 5450 Cant.
1627 5410 1698 5456 Iv,
1740 5394 1819 5457 I3,
1860 5395 1944 5447 Η.
2020 5396 2062 5426 ³ο
2087 5396 2239 5447 Cant.
2275 5410 2370 5455 \‘ll,
2403 5394 2448 5445 I.

1708 5464 1749 5493 3"
1786 5464 1911 5516 Intr.
1951 5481 1984 5529 ι,
2015 5467 2100 5519 δι.
2178 5467 2218 5495 ³⁷
2254 5465 2352 5517 lsn.
2396 5481 2505 5528 xu,
2546 5464 2591 5517 Ι.
2628 5506 2643 5523 ,

2058 4609 2159 4645 non
2179 4589 2619 4661 cognosco"?Ex
2634 4605 2737 4657 qua
2765 4589 2960 4643 summi
2979 4602 3338 4657 supernarum
3372 4588 3634 4643 Virtutum

2058 4682 2313 4736 antistitis
2326 4696 2565 4751 purpura
2579 4694 2821 4749 auroque
2839 4679 3199 4733 intermistum
3219 4679 3496 4733 luunerale
3512 4696 3612 4732 con

2060 4784 2262 4828 textum
2275 4784 2377 4829 est.
2394 4774 2527 4837 Ave,
2544 4772 2887 4843 hyacinthus,
2903 4770 3024 4825 fiam
3035 4774 3135 4826 mei
3152 4772 3351 4826 coloris
3365 4771 3640 4841 virginita~

2062 4868 2131 4921 tis
2150 4866 2340 4931 vellus,
2360 4882 2425 4920 ex
2442 4882 2549 4936 quo
2568 4865 2792 4936 mystice
2819 4864 3063 4934 corporis
3083 4866 3315 4918 amictus
3333 4861 3442 4916 Deo
3458 4861 3640 4914 cotidi-

2066 4968 2151 5013 tus
2179 4957 2298 5012 fuit.
2326 4958 2461 5024 Ave,
2485 4961 2653 5013 nubes
2674 4960 2825 5023 levis,
2849 4968 3119 5012 terrenum
3138 4966 3192 5010 et
3221 4968 3384 5024 grave
3403 4954 3630 5021 pondus,

2064 5048 2178 5104 leve
2198 5050 2593 5118 quodammodo
2611 5051 2751 5105 aeris
2781 5050 2953 5103 instar
2977 5043 3378 5101 tabernaculum
3406 5043 3632 5105 habens,

2065 5157 2128 5197 ac
2150 5143 2294 5199 velut
2324 5144 2375 5197 in
2408 5142 2566 5200 altari
2590 5142 2920 5210 pnuemvitae
2937 5139 3207 5208 operiens,
3238 5135 3323 5189 cui
3355 5134 3523 5188 Isaias
3539 5135 3642 5190 Do-

2066 5235 2271 5289 minum
2311 5235 2574 5289 insedisse
2597 5232 2923 5286 vaticinatus
2946 5239 3029 5283 est
3052 5229 3114 5279 ³⁷.
3142 5228 3272 5291 Ave,
3300 5227 3639 5295 intemerata,

2528 5392 2567 5422 "
2609 5392 2760 5445 (iant.
2799 5404 2867 5452 ιν,
2896 5389 2948 5443 9.
3033 5387 3073 5417 ³²
3107 5387 3234 5441 Ibid.
3275 5386 3328 5439 7.
3413 5386 3457 5417 ³³
3484 5388 3638 5442 (Iunt.

2072 5624 2175 5677 que
2208 5617 2396 5661 vocant
2421 5608 2579 5677 ἀέρα,
2611 5622 2661 5673 q.
2701 5607 2751 5659 d.
2789 5623 2961 5662 aerem
2991 5624 3006 5661 :
3040 5607 3181 5678 quod
3210 5606 3347 5663 male
3376 5602 3641 5662 Cetnbcﬁ-

2074 5697 2185 5735 suis
2216 5696 2309 5749 pro
2347 5679 2615 5747 corporali
2648 5679 2896 5748 sumpsit.
