4018 6342
368 330 473 396 695

1548 338 1609 397 S.
1647 336 1966 399 JOANNIS
2007 341 2437 403 DAMASCENI

3549 342 3658 405 696

365 442 635 504 intactum
684 446 1015 517 virginitatis
1063 446 1303 513 monile,
1360 463 1479 516 quae
1538 449 1949 505 immaculatum

2089 454 2329 526 ξέλαμψε
2380 456 2470 508 τὸν
2512 455 2717 525 κόσμον
2752 453 3141 524 συν-τέμνουσα.
3176 454 3370 526 Χαῖρε,
3411 453 3587 525 ἁγνὴ.
3616 456 3656 527 ἡ

370 540 605 596 Verbum
636 538 929 609 peperisti,
977 553 1043 594 ex
1076 553 1181 607 qua
1208 539 1490 610 virginitas
1519 542 1775 597 mundum
1806 557 1957 597 com-

369 632 563 700 pendio
587 629 838 684 brevians
856 628 1046 684 eluxit.
1074 629 1388 700 Ave,fpura,
1413 647 1532 701 quae
1552 633 1667 688 sola
1699 634 1958 688 mundum

370 737 466 774 cor
501 721 703 774 habere
732 719 957 790 gloriari
994 723 1175 790 possis
1204 739 1216 775 :
1258 738 1413 779 mons
1444 738 1573 779 vere
1605 724 1712 779 Deo
1738 733 1958 794 gratus;

370 828 435 865 ex
466 827 570 882 qua
590 827 762 867 novus
783 810 948 867 Israel
970 825 1153 871 vetere
1172 816 1519 885 praestantius
1544 816 1963 895 .diuturniusque

372 904 763 960 sanctificatur.
798 905 937 971 Ave,
973 907 1048 962 rei
1081 906 1424 962 connubialis
1459 907 1825 973 nescia,nulla
1859 906 1961 960 viri

373 1009 572 1063 opera,
620 994 864 1064 nuptiale
906 994 1251 1065 puerperium
1308 999 1505 1061 edens,
1559 997 1862 1064 matrisque
1908 997 1962 1050 in

377 1098 582 1138 morem
628 1084 681 1138 in
734 1083 903 1153 prolis
944 1084 1263 1141 alimentum
1310 1087 1468 1142 lactis
1510 1086 1690 1143 fontes
1738 1087 1960 1155 ferens;

377 1177 521 1229 unde
554 1175 636 1230 lae
678 1176 943 1245 virginale
973 1177 1021 1232 ei
1074 1178 1167 1247 qui
1220 1188 1414 1234 cuncta
1449 1180 1659 1237 nutrit.
1721 1180 1961 1235 elicitur.

376 1267 512 1330 Ave,
556 1267 836 1335 impolluta
866 1307 881 1333 ,
906 1269 1018 1325 sola
1052 1270 1162 1325 Deo
1204 1270 1257 1325 in
1299 1286 1402 1341 qua
1460 1272 1727 1328 habitaret
1758 1274 1962 1343 pervia,

379 1355 584 1428 Deique
606 1360 970 1429 dignationem
1003 1376 1032 1415 a
1066 1371 1156 1417 tuo
1201 1372 1358 1432 partu
1391 1363 1594 1418 habens
1624 1382 1635 1418 :
1664 1364 1805 1419 unde
1829 1379 1966 1418 cun-

380 1451 483 1506 ctis
534 1452 699 1506 etiam
758 1453 881 1509 caeli
933 1452 1299 1510 Potestatibus
1357 1456 1679 1512 venerabilis
1725 1472 1803 1511 es.
1833 1458 1965 1522 Ave,

381 1540 549 1597 vellus
573 1541 866 1607 Cedeonis,
899 1544 1146 1600 victoria:
1169 1545 1470 1617 symbolum
1501 1547 1567 1610 ³⁸,
1605 1563 1671 1603 ex
1695 1563 1800 1616 qua
1836 1548 1968 1615 ligu-

383 1643 499 1689 ratc
528 1632 641 1688 Rex
672 1634 995 1691 immortalis
1039 1636 1301 1703 deﬂuxit,
1335 1638 1427 1707 qui
1466 1640 1745 1706 conceptis
1785 1639 1970 1693 verbis

2074 546 2210 618 μόνη
2254 547 2354 617 τὴν
2402 547 2630 619 καρδίαν
2670 547 2841 616 ἁγνὴν
2880 545 3275 616 αὐχηματικῶς
3310 546 3531 616 ἔχουσα.
3579 549 3655 601 Τὸ

2062 639 2187 709 ὅρος
2224 639 2439 711 άληθῶς
2482 639 2543 691 τὸ
2580 639 2878 702 θεόδεκτον,
2926 639 3019 706 ἀφ’
3060 631 3121 691 οὗ
3151 638 3430 707 ἀγνίζεται
3465 642 3493 693 6
3537 639 3656 704 νέος

2076 732 2293 803 Ἰσραὴλ
2340 733 2436 785 τοῦ
2466 732 2632 787 πάλαι
2677 731 3111 803 τιμαλφέστερον
3145 733 3237 784 καὶ
3270 732 3654 803 χρονιώτερον.

2067 825 2263 893 Χαῖρε,
2296 822 2583 893 ἁλόχευτε,
2630 823 2976 895 βρεφοτρεερῆ
3011 824 3300 895 γαλουχίαν
3335 841 3657 896 μητροπρε·

2066 914 2186 977 πῶς
2220 914 2494 985 φέρουσα,
2537 916 2631 984 ἀφ’
2654 910 2735 987 «ἧς
2775 915 3007 985 ἀμέλγει
3037 917 3182 983 γάλα
3224 916 3574 986 παρθενικδν,
3631 920 3661 971 6

2064 1005 2279 1076 τρέφων
2304 1009 2371 1059 τὰ
2411 1007 2724 1076 σύμπαντα.
2750 1007 2943 1077 Χαῖρε,
2974 1007 3267 1076 ἀμόλυντε,
3301 1009 3335 1078 ὴ
3373 1008 3505 1078 μόνη
3539 1008 3662 1078 Θεῷ

2066 1096 2147 1156 εἰς
2181 1094 2455 1165 ἐνοίκησιν
2498 1095 2827 1165 εὐπρόσιτος
2847 1134 2862 1159 ,
2894 1095 2988 1149 καὶ
3017 1094 3154 1149 Θεοῦ
3197 1094 3413 1167 ἀξίωμα
3445 1099 3509 1149 ὲκ
3534 1115 3659 1165 γεν-

2067 1184 2275 1253 νήσεως
2305 1183 2506 1253 ἔχουσα
2529 1200 2542 1215 ο
2582 1183 2661 1235 διὸ
2710 1185 2775 1237 σὺ
2815 1184 3168 1256 προσκυνητὴ
3204 1185 3297 1237 καὶ
3336 1185 3539 1247 πάσαις
3567 1185 3663 1237 οὖα

2072 1274 2282 1344 ρανίαις
2308 1276 2595 1345 Δυνάμεσι.
2628 1277 2823 1345 Χαῖρε,
2861 1275 3018 1341 πόκε,
3051 1278 3112 1329 τὸ
3152 1276 3282 1348 περὶ
3326 1277 3416 1331 τὸν
3450 1276 3660 1330 Γεδεὼν

2069 1365 2225 1432 νίκης
2257 1364 2543 1435 σύμϐολον,
2578 1364 2638 1430 ἐξ
2662 1362 2729 1437 ἧς
2754 1367 3009 1438 ἀπερρύη
3036 1367 3317 1437 τροπικῶς
3343 1369 3375 1436 ἡ
3404 1368 3595 1439 δρόσος
3627 1370 3660 1437 ἡ

2070 1455 2337 1517 ἀθάνατος
2359 1495 2372 1515 ,
2418 1457 2447 1507 ὁ
2482 1454 2821 1517 αύτολέκτως
2858 1456 3133 1526 φάμενος’
3181 1456 3498 1524 Θαρσεῖτε,
3548 1458 3665 1526 ἐγὼ

2070 1544 2358 1611 νενίκηκα
2387 1544 2493 1597 τὸν
2539 1545 2790 1613 κόσμον.
2828 1544 3020 1616 Χαῖρε,
3051 1546 3251 1616 χωρίον
3292 1547 3454 1610 Θεοῦ,
3482 1548 3575 1601 τὸν
3604 1552 3665 1602 ὲν

2074 1638 2241 1689 πᾶσιν
2270 1634 2558 1705 ἁχώρητον
2587 1638 2644 1689 ὲν
2674 1637 2874 1707 γαστρὶ
2914 1640 3214 1707 χωρήσασα
3235 1654 3249 1669 ⁸
3282 1631 3344 1691 οὗ
3384 1637 3454 1694 τά
3485 1642 3663 1693 πάντα

382 1725 459 1777 ait
488 1743 501 1777 :
531 1724 795 1791 Con/idite
819 1767 835 1792 ,
876 1744 969 1797 ego
998 1729 1097 1782 vici
1126 1729 1377 1783 mundum
1410 1729 1475 1784 ".
1506 1730 1640 1797 Ave,
1672 1732 1763 1785 Dci
1801 1731 1967 1794 locus,

2084 1731 2129 1781 ὲν
2157 1727 2342 1798 δρακὶ,
2384 1728 2477 1779 καὶ
2523 1727 2619 1780 σοῦ
2674 1729 2942 1797 παρόντος
2971 1729 3028 1781 ἐν
3060 1718 3253 1800 χερσίν
3274 1747 3289 1760 ·
3325 1730 3354 1782 ὃ
3390 1732 3486 1784 καὶ
3511 1732 3668 1800 λεγό-

385 1816 478 1883 qui
501 1826 657 1872 utero
679 1818 852 1885 ipsum
872 1832 931 1873 es
949 1819 1253 1888 complexa,
1284 1821 1376 1890 qui
1414 1822 1465 1876 in
1492 1822 1744 1877 omnibus
1769 1822 1970 1891 absque

2084 1837 2243 1890 μενον
2292 1821 2631 1890 ἀδιανόητον,
2680 1822 2775 1873 καὶ
2816 1819 3199 1891 διανοούμενον
3249 1822 3666 1881 ἀσυνείκαστον.

384 1922 451 1962 eo
485 1907 630 1976 quod
654 1909 1018 1974 contineatur,
1037 1911 1281 1965 exsistit:
1307 1912 1359 1966 in
1378 1911 1528 1981 cujus
1548 1913 1750 1983 pugillo
1780 1915 1965 1968 omnia

387 2003 518 2049 sunt
546 2035 563 2062 ,
599 2010 722 2052 cum
758 1998 873 2067 ipse
904 1999 1010 2053 tuis
1046 1999 1102 2053 in
1136 2000 1386 2055 manibus
1418 2011 1537 2056 est:
1571 2003 1714 2072 quod
1769 2018 1869 2057 nec
1924 2005 1969 2058 si

387 2085 567 2140 verbis
613 2087 953 2156 exprimatur
980 2128 995 2154 ,
1041 2089 1260 2159 intelligi
1290 2130 1305 2157 ,
1333 2106 1433 2145 nec
1458 2135 1472 2158 ,
1520 2092 1565 2145 si
1616 2094 1967 2164 intelligatur,

386 2175 581 2243 conjici
616 2176 749 2235 satis
776 2185 972 2247 potest.
1011 2177 1190 2246 Salve,
1216 2180 1313 2235 Dei
1343 2180 1517 2237 Mater
1543 2221 1559 2249 ,
1581 2184 1699 2241 sola
1743 2184 1860 2240 Filii
1888 2186 1971 2241 sui

388 2267 579 2323 ancilla
603 2306 620 2334 ,
652 2277 815 2339 atque
849 2271 1009 2326 ambo
1037 2281 1232 2326 natura
1269 2290 1283 2326 :
1322 2284 1608 2343 postquam
1644 2276 1789 2331 nulla
1822 2278 1974 2349 virgo

390 2369 566 2414 mater
595 2370 797 2424 exstat,
830 2361 986 2417 beata
1012 2364 1327 2432 virginitate
1356 2367 1423 2420 ad
1457 2368 1743 2436 pristinam
1777 2371 1829 2424 in
1867 2385 1968 2439 pa-

390 2454 572 2507 radiso
607 2454 1065 2524 incorruptionem
1100 2458 1489 2523 reversa.Ave,
1526 2460 1620 2515 Dei
1647 2464 1971 2531 susceptrix,

391 2544 722 2600 luminosum
752 2546 950 2601 divina:
984 2547 1270 2604 inﬁnitatis
1301 2549 1626 2605 elementum
1648 2594 1663 2617 ,
1696 2553 1850 2623 cujus
1877 2568 1973 2622 pe-

395 2636 503 2690 dali
546 2643 704 2693 utero
739 2638 1167 2707 comprehensus
1202 2640 1444 2697 inﬁnitus
1469 2650 1585 2710 est,
1618 2644 1819 2712 quique
1859 2660 1978 2699 om-

394 2728 542 2783 nium
576 2729 628 2783 in
665 2744 723 2784 se
750 2729 887 2785 ﬂues
921 2734 1180 2790 continet.
1217 2736 1349 2801 Ave,
1375 2738 1592 2807 proprie
1616 2748 1672 2793 et
1700 2754 1824 2795 vere
1853 2740 1979 2796 Dei-

395 2836 560 2888 para,
611 2824 893 2879 tremenda
936 2826 1245 2883 hominibus
1295 2845 1417 2884 cum
1458 2832 1567 2887 Deo
1608 2835 1833 2903 copula,
1885 2849 1982 2902 per

392 2927 558 2981 quam
591 2912 877 2981 conjuncta
920 2918 1150 2974 terrenis
1181 2919 1424 2975 cmlestia
1446 2963 1461 2988 ,
1492 2932 1547 2977 et
1583 2924 1816 2979 humana
1846 2924 1977 2989 Deo,

2073 1912 2265 1981 Χαῖρε,
2294 1910 2429 1963 Θεοῦ
2444 1912 2667 1982 Μήτηρ,
2691 1912 2724 1981 ἡ
2755 1912 2891 1981 μόνη
2917 1911 3011 1965 τοῦ
3038 1912 3168 1965 ίδίου
3201 1912 3332 1966 Υίοῦ
3354 1914 3540 1986 δούλη,
3573 1903 3669 1968 καὶ

2075 2004 2242 2073 ἄμφω
2278 2003 2458 2072 φύσει,
2503 2004 2623 2073 μεθ’
2649 2004 2714 2073 ἢν
2752 2005 2855 2057 οὐκ
2891 2003 3008 2057 ἔστι
3050 2005 3237 2076 μήτηρ
3273 2006 3544 2075 παρθένος
3569 2007 3670 2077 τῆς

2079 2095 2356 2166 μακαρίας
2391 2094 2689 2165 παρθενίας
2718 2095 2799 2158 είς
2822 2094 2921 2166 τὴν
2950 2096 3079 2168 πρὶν
3106 2097 3163 2148 ὲν
3195 2096 3510 2167 παραδείσῳ
3536 2098 3668 2151 ἀνα-

2075 2186 2390 2258 δραμούσης
2422 2187 2748 2258 ἀφθαρσίαν.
2807 2187 3001 2258 Χαῖρε,
3046 2187 3321 2258 Θεοδόχε,
3383 2190 3671 2257 φωτοειδὲς

2079 2281 2341 2348 στοιχεῖον
2367 2278 2465 2347 τῆς
2503 2276 2654 2342 θείας
2679 2277 2934 2350 ἀπειρίας
2957 2319 2972 2342 ,
3001 2270 3063 2331 οὗ
3088 2281 3116 2332 6
3153 2279 3382 2351 ἄπειρος
3404 2319 3419 2343 ,
3446 2281 3669 2352 ποδιαίᾳ

2077 2369 2278 2439 γαστρὶ
2312 2369 2722 2439 περιεχόμενος,
2753 2371 2845 2422 καὶ
2872 2370 2931 2421 ἐν
2961 2369 3138 2441 ἐαυτῷ
3166 2370 3440 2441 περιέχων
3472 2370 3542 2424 τὰ
3571 2372 3672 2425 πέ-

2080 2476 2239 2529 ρατα.
2271 2460 2465 2527 Χαῖρε,
2498 2458 2727 2512 Θεοτόκε
2766 2457 2970 2530 κυρίως
2998 2461 3093 2513 καὶ
3137 2460 3389 2531 ἀληθῶς,
3430 2462 3491 2514 τὸ
3536 2463 3673 2534 πρὸς

2078 2547 2213 2601 Θεὸν
2252 2548 2562 2617 ἀνθρώποις
2595 2547 2821 2617 φρικτὸν
2850 2551 3242 2619 συναπτήριον,
3286 2548 3355 2602 δι’
3387 2543 3457 2619 ἧς
3483 2549 3553 2602 τὰ
3583 2551 3675 2602 ού-

2084 2640 2242 2711 ράνια
2277 2642 2390 2703 τοῖς
2437 2640 2530 2693 ἐπὶ
2573 2639 2679 2709 γῆς
2726 2640 3002 2709 ἥνωνται,
3054 2640 3172 2711 Θεῷ
3217 2640 3285 2693 τά
3332 2639 3625 2713 ἀνθρώπου
3653 2681 3669 2705 ,

2080 2731 2175 2783 καὶ
2225 2728 2500 2800 ἀνθρώπῳ
2546 2729 2616 2782 τὰ
2647 2728 2783 2782 Θεοῦ
2830 2729 3250 2799 ἀντανίσχουσα.
3315 2730 3512 2800 Χαῖρε,
3556 2747 3664 2783 πα-

2084 2819 2237 2883 στὰς,
2285 2822 2319 2888 ή
2374 2818 2674 2890 παρθενίας
2700 2820 2990 2888 ὲγερθεῖσα
3016 2818 3278 2882 κάλλεσι,
3330 2818 3410 2889 τῷ
3458 2818 3673 2887 λέγοντι

2083 2912 2141 2965 ὲν
2182 2911 2458 2982 ’ᾼσμασιν
2482 2929 2496 2943 °
2530 2908 2843 2979 Είσῆλθοι·
2882 2914 2970 2977 είς
3013 2909 3214 2979 κῆπόν
3252 2928 3390 2980 μου,
3434 2911 3673 2979 ἀδελφή

392 3003 743 3075 vicissimque
764 3006 1291 3079 hominirependens
1322 3013 1526 3068 divina.
1553 3016 1691 3079 Ave.
1723 3019 1978 3087 nuptialis

2084 3021 2198 3073 μου
2223 3004 2449 3074 νύμφη.
2495 2999 2570 3058 Οὗ
2620 3004 2757 3075 πρὸς
2788 3004 2970 3073 σάρκα
3003 3002 3304 3072 συναφείας
3343 3002 3457 3072 (78)
3488 3005 3675 3057 ἐκεῖνα

395 3093 667 3153 thalamus
694 3137 709 3163 ,
746 3098 1024 3167 praeclaris
1059 3102 1387 3173 virginitatis
1416 3106 1633 3163 dotibus
1665 3118 1978 3166 exstructus

2086 3096 2369 3164 ἐπάγεται·
2433 3094 2740 3159 Ἐξέλθετε
2802 3095 2901 3148 καὶ
2956 3094 3113 3149 ἴδετε
3171 3095 3243 3149 ἐν
3301 3092 3381 3160 τῷ
3423 3095 3681 3159 ,βασιλεῖ

397 3185 473 3242 illi
502 3187 593 3255 qui
628 3188 680 3243 in
708 3188 951 3246 Canticis
996 3192 1164 3248 dicit:
1194 3193 1418 3251 Introivt'
1458 3199 1509 3251 in
1537 3188 1747 3254 hortum
1785 3218 1977 3268 meum,

397 3296 550 3335 ποῖον
574 3299 689 3337 mea
714 3300 906 3351 sponsa
932 3284 999 3336 ⁸ο.
1044 3285 1120 3339 De
1155 3286 1307 3355 cujus
1336 3304 1457 3343 cum
1497 3306 1661 3347 carne
1695 3309 1981 3351 commer—

399 3371 489 3425 cio
517 3370 603 3424 illa
638 3370 945 3427 subnectit:
970 3371 1319 3443 Egredimini,
1350 3386 1398 3430 et
1428 3378 1596 3432 uidete
1623 3395 1792 3449 regem
1825 3380 1984 3435 Salo-

400 3477 604 3516 monem
628 3462 680 3517 in
703 3478 1034 3533 corona,quo
1064 3469 1335 3521 coronavit
1352 3484 1469 3522 eum
1493 3481 1662 3524 mater
1684 3489 1803 3536 sua,
1824 3474 1877 3527 in
1902 3475 1985 3528 die

400 3554 810 3622 dispensationis
822 3556 957 3625 ejus,
971 3567 1018 3609 et
1033 3557 1086 3609 in
1104 3557 1189 3610 die
1204 3556 1403 3613 (milia:
1418 3561 1593 3615 cordis
1606 3561 1770 3633 857
1787 3564 1903 3632 ejus
1920 3565 1984 3619 “.

399 3647 536 3711 Ave,
568 3660 729 3716 agna,
761 3646 806 3701 si
840 3646 1142 3717 conjugalis
1169 3663 1492 3719 congressus
1526 3662 1822 3721 spectetur,
1852 3655 1990 3710 infe-

401 3736 579 3791 cunda
611 3754 628 3804 ;
666 3737 748 3792 sin
778 3736 958 3792 divina
988 3740 1295 3810 conceptio,
1331 3756 1595 3812 puerpera
1627 3761 1642 3797 :
1670 3760 1736 3799 ex
1766 3759 1871 3815 qua
1900 3746 1990 3803 ille

401 3830 585 3899 Agnus
610 3828 745 3894 Dei,
786 3830 876 3900 qui
914 3830 1054 3886 tollit
1087 3842 1370 3901 peccatum
1409 3836 1594 3889 mundi
1623 3835 1670 3870 ’⁵³
1695 3877 1710 3901 ,
1741 3840 1982 3895 advenit.

400 3921 535 3986 Ave,
584 3918 722 3974 lucis
757 3918 989 3986 nebula,
1036 3921 1088 3976 in
1139 3924 1243 3979 hac
1281 3923 1406 3978 vita:
1457 3925 1746 3982 solitudine
1793 3944 1989 3984 novum

404 4011 567 4067 Israel
609 4010 1005 4067 intercessione
1038 4029 1136 4070 sua
1164 4016 1498 4072 obumbrans
1523 4016 1605 4085 ⁸³,
1640 4034 1705 4075 ex
1729 4036 1832 4091 qua
1874 4038 1995 4092 gra-

406 4106 496 4160 tiae
525 4106 710 4162 audita
742 4107 957 4164 decreta
977 4146 993 4174 ,
1021 4117 1077 4163 et
1102 4108 1167 4163 de
1201 4123 1306 4178 qua
1335 4109 1559 4178 justitia:
1588 4111 1668 4166 sol
1699 4122 1852 4167 ortus
1889 4123 1991 4189 est,

406 4209 600 4254 cuncta
633 4200 1064 4271 incorruptionis
1092 4199 1257 4254 radiis
1280 4200 1628 4257 collustrans.
1666 4202 1845 4267 Salve,
1867 4218 1997 4258 can-

411 4290 710 4356 delabrum,
744 4306 971 4347 aureum
996 4290 1319 4359 ﬁrmumque
1348 4293 1680 4359 virginitatis
1704 4309 1820 4360 vas,
1845 4294 1999 4364 cujus

408 4381 737 4452 ellychnium
772 4382 947 4452 gratia
981 4380 1219 4451 Spiritus
1237 4381 1285 4414 “
1307 4420 1324 4447 ,
1368 4382 1657 4452 oleumque
1683 4424 1699 4449 ,
1749 4396 1995 4440 sanctum

2084 3187 2389 3257 Σολομὼν,
2433 3187 2503 3241 ἐν
2529 3186 2610 3253 τῷ
2636 3186 2937 3257 στεφάνῳ,
2962 3180 3010 3254 ᾧ
3030 3187 3458 3257 ἐστεφάνωσεν
3484 3187 3675 3241 αὑτὸν

2086 3278 2125 3347 ἠ
2156 3279 2353 3348 μήτηρ
2389 3279 2610 3345 αὐτοῦ,
2643 3280 2714 3334 ἐν
2753 3278 2947 3349 ἡμέρᾳ
2998 3280 3396 3349 νυμφεύσεως
3445 3279 3633 3333 αὑτοῦ
3658 3320 3673 3344 ,

2087 3370 2186 3423 καὶ
2230 3369 2300 3423 ἐν
2346 3368 2537 3440 ἡμέρᾳ
2576 3372 2966 3439 εὐφροσύνης
3005 3371 3117 3438 τῆς
3161 3370 3426 3439 καρδίας’
3465 3371 3674 3426 αὐτοῦ.

2089 3462 2284 3532 Χαῖρε,
2329 3463 2525 3533 ἀμνὰς,
2547 3465 2580 3532 ἡ
2614 3464 2752 3533 (78')
2784 3462 2913 3527 ἄτεξ
2960 3462 3101 3516 κατά
3134 3463 3381 3534 γαμικὴν
3429 3464 3673 3528 σύνοδον,

2092 3554 2185 3607 καὶ
2230 3552 2395 3617 τοκάς
2444 3553 2588 3607 κατά
2636 3553 2784 3607 θείαν
2837 3554 3119 3625 σύλληψιν.
3182 3555 3270 3622 Ἐξ
3305 3549 3374 3626 ἦς
3426 3555 3455 3606 6
3503 3554 3675 3625 ἀμνὸς

2091 3645 2185 3698 τοῦ
2219 3646 2376 3711 Θεοῦ,
2411 3646 2440 3699 ὁ
2466 3647 2635 3718 αἴρων
2668 3646 2764 3718 τὴν
2797 3647 3072 3718 ἁμαρτίαν
3099 3648 3193 3701 τοῦ
3234 3647 3675 3718 κόσμου,ὲπεδή-

2098 3755 2259 3809 μησε.
2309 3738 2502 3810 Χαῖρε,
2533 3738 2730 3809 νεφέλη
2765 3739 2974 3807 φωτὸς,
3019 3740 3051 3809 ἡ
3098 3740 3155 3793 ἐν
3197 3740 3391 3810 ἐρήμῳ
3427 3738 3520 3792 τοῦ
3561 3739 3676 3809 βίου

2096 3828 2509 3901 πρεσϐευτικῶς
2534 3830 2626 3882 τὸν
2674 3829 2793 3883 νέον
2835 3829 3053 3900 Ἰσραὴλ
3094 3830 3429 3893 σκιάζουσα·
3479 3830 3574 3899 ἀφ’
3611 3824 3680 3901 ἦς

2095 3925 2165 3979 τά
2208 3924 2305 3994 τῆς
2349 3923 2570 3994 χάριτος
2608 3922 2953 3992 διατάγματα
2978 3920 3241 3991 ηκουσται
3266 3961 3280 3985 ,
3330 3920 3391 3985 ἐξ
3421 3915 3491 3991 ἧς
3522 3923 3551 3975 6
3579 3922 3682 3993 τῆς

2096 4015 2442 4086 δικαιοσύνης
2480 4016 2632 4086 ἥλιος
2659 4013 2992 4068 ἀνατέταλκε
3030 4014 3418 4084 μαρμαρυγαῖς
3460 4013 3679 4085 ἀερθαρ⁴

2100 4105 2221 4169 σίας
2248 4105 2703 4177 καταφαιδρύνων
2731 4104 2799 4159 τὰ
2826 4103 3136 4174 σύμπαντα.
3161 4104 3352 4172 Χαῖρε,
3379 4102 3592 4173 λυχνία,
3619 4104 3680 4157 τὸ

2099 4196 2338 4267 χρυσοῦν
2390 4195 2492 4265 τῆς
2562 4195 2862 4267 παρθενίας
2920 4194 3115 4258 σκεῦος
3169 4195 3263 4248 καὶ
3323 4192 3559 4266 εὖριζον,
3619 4189 3679 4250 οὗ

2101 4286 2375 4357 θρυαλλὶς,
2406 4287 2438 4357 ἡ
2482 4286 2643 4357 χάρις
2667 4286 2758 4339 τοῦ
2792 4286 3129 4356 Πνεύματος,
3162 4287 3254 4340 καὶ
3293 4286 3495 4351 ἔλαιον,
3535 4286 3595 4337 τὸ
3623 4285 3683 4353 ἐξ

2102 4378 2387 4452 ἀχράντων
2431 4380 2650 4451 σαρκῶν
2701 4378 2906 4449 ληφθὲν
2937 4377 3099 4448 σῶμα
3143 4378 3319 4446 ἅγιον,
3353 4377 3414 4441 ἐξ
3462 4371 3537 4431 ὧν
3567 4376 3683 4447 φῶς

409 4471 541 4527 illud
574 4486 795 4541 corpus,
834 4472 979 4543 quod
1012 4488 1078 4528 ex
1112 4472 1319 4528 illibata
1352 4488 1519 4530 carne
1551 4484 1640 4529 tua
1665 4485 1978 4545 assumptnu

2100 4470 2335 4540 Χριστὸς
2365 4470 2428 4523 τὸ
2459 4469 2814 4524 ἀνεπίδυτον’
2861 4472 2895 4540 ἡ
2927 4472 3039 4533 τοῖς
3087 4471 3145 4522 ἐν
3188 4469 3369 4522 σκότει
3421 4469 3515 4522 καὶ
3554 4471 3683 4540 σκιᾷ

409 4563 513 4618 fuit
538 4580 555 4630 ;
588 4578 652 4619 ex
684 4562 882 4632 quibus
909 4563 1182 4633 Christus,
1211 4565 1392 4621 lumen
1425 4567 1671 4623 nesciens
1701 4583 1989 4624 occasum:

2095 4562 2328 4616 θανάτου
2393 4561 2722 4632 καθημένοις
2773 4561 2871 4633 τὴν
2931 4561 3102 4615 ἀΐδιον
3160 4559 3309 4629 ζωὴν
3358 4560 3680 4633 παράψασα.

410 4670 530 4725 qua:
589 4652 843 4708 nimirum
902 4655 1215 4711 sedentibus
1275 4657 1328 4711 in
1378 4656 1621 4733 tenebris
1673 4667 1731 4714 et
1797 4657 1978 4713 umbra

2087 4655 2285 4724 Xal'ps,
2317 4653 2780 4724 κεχαριτωμένη,
2814 4654 2876 4708 τὸ
2903 4654 3084 4724 πάσης
3119 4654 3297 4724 χαρᾶς
3331 4652 3681 4724 χαριέστερον

412 4747 606 4803 mortis
654 4745 1040 4816 sempiternam
1081 4747 1248 4802 vitam
1280 4750 1600 4805 accendiSti.
1630 4752 1755 4817 Ave,
1790 4750 1993 4818 Maria,

2095 4751 2191 4801 καὶ
2226 4749 2481 4819 πρᾶγμα,
2514 4747 2610 4799 καὶ
2656 4746 2849 4817 ὄνομα,
2881 4745 2941 4813 ἐξ
2993 4740 3061 4817 ἦς
3094 4742 3243 4816 χαρά
3290 4744 3568 4814 ἀδιάδοχος
3602 4746 3683 4807 είς

411 4842 586 4911 gratia
625 4838 779 4906 plena
805 4837 888 4904 “,
931 4853 1021 4893 res
1056 4840 1253 4907 gaudio
1279 4842 1424 4895 omni
1452 4844 1775 4910 gratiosior,
1809 4854 1863 4898 et
1894 4859 1978 4899 no«

2092 4840 2184 4907 τὸν
2214 4839 2416 4911 κόσμον
2446 4838 2681 4910 Χριστὸς
2707 4838 3050 4907 γεγέννηται,
3091 4835 3194 4907 τῆς
3232 4835 3558 4905 ’Λδαμιαίας
3587 4834 3684 4887 λύ-

412 4947 536 4987 men
570 4949 585 4987 :
620 4946 687 4987 ex
712 4945 816 5002 qua
843 4928 1101 5001 gaudium
1133 4930 1438 4985 immortale
1466 4932 1745 4997 Christus,
1786 4935 1997 4991 inﬂicta:

413 5026 623 5081 Adamo
670 5024 906 5080 tristitize
937 5023 1201 5078 medicina
1226 5066 1241 5090 ,
1289 5024 1341 5077 in
1375 5025 1631 5079 mundum
1664 5029 1828 5082 venit.
1860 5029 1993 5094 Ave,

414 5118 685 5187 paradise,
715 5118 973 5188 prmdium
1008 5115 1176 5170 Edent
1199 5115 1428 5179 beatius,
1457 5116 1544 5171 ubi
1569 5118 1780 5172 virtutis
1811 5119 1993 5188 planta

415 5210 593 5266 omnis
631 5210 984 5281 germinavit,
1039 5217 1093 5263 et
1134 5207 1188 5262 in
1229 5222 1336 5276 quo
1381 5206 1545 5262 arbor
1589 5211 1711 5263 vita:
1760 5210 1990 5273 enituit;

418 5301 572 5370 cuius
610 5302 940 5357 commercio
963 5301 1028 5354 ad
1056 5300 1220 5356 vitam
1239 5300 1523 5369 pristinam
1552 5302 1810 5366 redimus,
1845 5313 1992 5370 terga

420 5397 582 5449 dante
599 5392 847 5451 llamineo
876 5394 1073 5463 gladio,
1096 5393 1172 5447 uti
1201 5392 1457 5461 scriptum
1487 5402 1588 5449 est.
1626 5393 1759 5461 Ave,
1804 5393 1995 5449 civitas

496 5552 542 5584 "‘
572 5546 743 5606 Judic.
768 5564 842 5611 Vt,
874 5549 963 5604 39.
1043 5550 1085 5581 ³⁹
1114 5549 1273 5606 Joan.
1309 5565 1420 5614 xw,
1454 5549 1540 5605 5'5.

428 5603 470 5637 δ.
496 5552 546 5637 ³3
572 5550 743 5637 ludio.
768 5550 963 5637 γαμῇ-9.
1024 5550 1273 5637 ιξ’..ῐοτιῐκ
1309 5565 1420 5637 ΧΗ,
1454 5550 1540 5605 55.
1624 5552 1665 5583 ⁵ο
1698 5550 1850 5609 Cant.
1889 5568 1942 5619 v,
1977 5552 2025 5607 l.

452 5620 470 5645 "
508 5622 677 5676 Exod.
706 5636 829 5683 xxv,
855 5618 939 5672 5|.
1023 5619 1066 5649 ⁴³
1101 5621 1227 5677 Luc.
1260 5637 1297 5687 ι,
1335 5620 1427 5675 54.

502 5778 614 5851 (78)
646 5776 786 5853 Lego
828 5778 925 5833 εἴγε
938 5796 1021 5835 κα.

2096 4950 2204 5003 πης
2232 4932 2292 4985 τὸ
2326 4932 2578 5002 ἰατρεῖον.
2608 4932 2805 5001 Χαῖρε,
2833 4929 3152 5000 παράδεισε,
3181 4928 3277 4998 τῆς
3295 4926 3456 4996 Ἐδὲμ
3485 4924 3686 4996 χωρίον

2102 5022 2535 5097 μακαριώτερον,
2565 5016 2627 5077 οὗ
2655 5022 2822 5093 φυτὸν
2845 5022 3047 5092 ἀρετῆς
3067 5021 3215 5074 ἅπαν
3240 5018 3561 5085 άνατέθηλε,
3590 5016 3685 5069 καὶ

2100 5118 2185 5187 ἐφ’
2217 5110 2261 5185 ᾧ
2312 5116 2467 5181 ξύλον
2502 5118 2600 5186 τῆς
2644 5115 2791 5185 ζωῆς
2819 5112 3234 5183 πεφανέρωταιο
3264 5103 3326 5163 οὗ
3370 5112 3435 5180 τῇ
3470 5106 3685 5179 μεθέξει

2101 5211 2180 5273 είς
2216 5207 2314 5279 τὴν
2342 5208 2577 5279 ἀρχαίαν
2624 5207 2836 5261 δίαιταν
2870 5203 3267 5275 ἀνατρέχομεν,
3297 5203 3396 5273 τῆς
3430 5200 3684 5272 φλογίνης

2104 5300 2375 5373 ῥομφαίας
2407 5300 2553 5353 νῶτα
2584 5298 2852 5369 διδούσης,
2888 5298 2964 5360 ὡς
3002 5297 3333 5367 γέγραπται.
3362 5295 3553 5363 Χαῖρε,
3584 5292 3685 5344 πό·-

2102 5394 2205 5461 λις,
2257 5395 2316 5448 τὸ
2360 5395 2455 5447 τοῦ
2516 5393 2753 5463 μεγάλου
2792 5390 3080 5462 βασιλέως,
3136 5384 3440 5449 Δαδιτικῶς
3489 5385 3684 5449 εἰπεῖν,

2102 5549 2141 5582 ⁸⁸
2183 5548 2341 5604 Cant.
2373 5564 2456 5617 ιιι,
2489 5549 2572 5603 ll.
2653 5551 2695 5581 δ’
2721 5548 2875 5605 Joan.
2903 5564 2939 5615 t,
2972 5547 3063 5603 ‘29.
3134 5545 3210 5622 ﬂ“
3242 5542 3413 5601 Exod.
3449 5558 3569 5612 xm,
3592 5542 3684 5602 ει.

2184 5773 2313 5847 (78‘)
2351 5775 2572 5847 chucr.
2614 5776 2757 5845 itzp.
