4018 6342
326 388 432 452 ’701

1146 388 1475 450 HOMILIA
1514 389 1543 447 Ι
1583 388 1665 449 ΙΝ
1713 388 2259 451 DORMITIONEM
2300 388 2362 447 B.
2403 388 2467 449 V.
2505 387 2787 447 MARI/E.
2848 372 2852 376 l

3502 384 3605 446 702

328 499 488 561 δείας
514 497 792 571 τρεμούσῃ
825 497 990 569 χειρὶ,
1022 497 1117 550 καὶ
1150 497 1394 569 ποθούσῃ
1422 499 1593 570 ψυχῇ,
1634 500 1733 568 τῆς
1774 501 1911 570 ἠμε-

2022 498 2287 554 mebunda
2341 514 2537 561 manu,
2587 496 2908 567 ardentique
2959 497 3170 562 animo,
3220 493 3353 549 viles
3402 493 3601 564 ingenii

325 590 499 661 τέρας
526 589 766 652 διανοίας
785 588 847 640 τὸ
870 587 1088 651 εὐτελὲς
1117 588 1425 659 ἀκροθίνιον
1451 592 1515 660 τῇ
1558 590 1786 659 βασιλίδι
1815 607 1920 662 μη-

326 682 444 752 τρὶ,
490 680 796 751 εὐεργέτιδι
828 680 1010 750 πάσης
1040 679 1137 747 τῆς
1167 680 1402 748 φύσεως,
1439 682 1799 751 εὐγνωμόνως
1842 682 1923 744 είς

328 771 556 841 ὀφειλὴν
613 769 983 837 ἀποτίσωμεν.
1040 766 1195 820 Ἐπεὶ
1245 766 1340 820 καὶ
1388 767 1545 835 λόγος
1597 768 1767 829 ἐστὶν,
1810 767 1920 838 (81)

328 862 593 930 ἀγρώτας
636 860 788 923 τινάς
830 861 946 921 τοῖς
995 857 1265 929 ἀροτῆρσι
1313 856 1466 920 βουσὶ
1516 858 1617 927 τῆς
1666 858 1767 926 γῆς
1799 859 1924 920 τοὺς

330 952 580 1016 αὔλακας
625 952 959 1021 τέμνοντας,
1003 948 1227 1019 βασιλέα
1280 948 1555 1019 παριόντα
1592 947 1921 1012 θεάσασθαι,

332 1044 553 1113 σεμνῶς
598 1042 695 1111 μὲν
725 1043 791 1111 τῇ
825 1038 1105 1108 ἁλουργίδι
1134 1036 1536 1108 κοσμούμενον,
1565 1036 1924 1107 φαιδρυνόμε-

334 1152 425 1187 νον
477 1134 537 1186 δὲ
592 1136 657 1203 τῇ
708 1133 869 1202 αἴγλῃ
920 1129 1017 1183 τοῦ
1049 1130 1401 1200 διαδήματος,
1445 1130 1540 1181 καὶ
1582 1127 1660 1198 τῷ
1714 1129 1926 1199 ἀπείρῳ

331 1226 534 1296 πλήθει
552 1224 661 1277 τῶν
682 1223 996 1294 δορυφόρων
1024 1221 1207 1291 κύκλῳ
1232 1218 1789 1291 περιστοιχιζόμενον,
1812 1220 1925 1291 (82)

333 1320 466 1372 ἐπεὶ
500 1318 683 1388 παρῆν
713 1316 888 1381 οὐδὲν,
936 1314 964 1367 ὃ
1013 1313 1135 1366 τότε
1169 1312 1246 1382 τῷ
1289 1312 1502 1383 μέδοντι
1531 1312 1927 1383 δωροφορήσω-

331 1427 442 1473 σιν,
485 1407 753 1479 ἀμελλητὶ
785 1408 906 1468 ταῖς
946 1403 1134 1474 χερσὶν
1180 1402 1324 1473 ὕδωρ
1373 1403 1797 1473 ἀπαρυσάμενον
1831 1403 1927 1456 ἓνα

332 1497 640 1567 (παρέρρει
682 1495 792 1565 γὰρ
839 1492 1073 1560 ἐγγύθεν
1118 1490 1368 1560 ἀφθόνως
1402 1491 1473 1545 τά
1508 1492 1781 1561 νάματα),
1821 1490 1927 1544 δῶ-

336 1604 430 1659 ρον
460 1586 844 1656 κεκοιμικέναι
870 1582 947 1654 τῷ
969 1582 1349 1653 αὐτοκράτορι.
1385 1582 1529 1653 Πρὸς
1558 1583 1617 1635 ὃν
1642 1584 1804 1652 φάναι
1840 1584 1929 1636 τὸν

334 1678 605 1750 βασιλέα“σ
640 1676 706 1729 Τί
742 1674 923 1739 τοῦτο,
958 1670 1003 1729 ὦ
1041 1674 1176 1740 παῖ;
1211 1672 1304 1725 τὸν
1346 1673 1404 1726 δὲ
1451 1673 1763 1742 θαρσαλέως
1807 1674 1932 1729 ἀντ-

332 1768 759 1839 αποκρίνασθαι·
784 1768 852 1819 Ὀ
884 1784 974 1836 μοι
1001 1766 1199 1835 παρῆν,
1226 1764 1384 1817 τοῦτο
1420 1764 1708 1835 κεκόμικα,
1740 1766 1932 1835 κρίνας

2026 592 2201 646 nostri
2234 591 2499 659 primitias
2526 590 2744 661 Regina:
2774 592 2935 646 matri
2991 591 3059 644 de
3106 589 3360 643 universa
3410 597 3599 642 natura

2027 684 2163 738 bene
2193 681 2423 746 meritas,
2459 690 2611 751 grata
2640 691 2822 736 mente
2848 682 3087 736 debitum
3118 678 3283 733 veluti
3332 676 3597 747 quoddam

2027 770 2414 840 pcrsolvemus.
2467 771 2623 824 Enim
2657 786 2786 826 vero
2815 770 3087 825 memoria:
3117 769 3387 837 proditum
3432 768 3599 832 est",

2028 861 2261 915 rusticos
2286 858 2548 928 quosdam
2580 867 2740 914 terra:
2763 860 2947 929 glebas
2968 866 3265 921 vertentes,
3286 872 3407 910 cum
3430 864 3603 909 trans-

2026 959 2243 1005 euntem
2279 950 2570 1020 aliquando
2610 966 2791 1019 regem
2821 964 3058 1021 purpura
3095 957 3367 1014 ornatum,
3399 961 3462 1000 ac
3490 947 3605 1001 dia-

2029 1041 2246 1096 demate
2280 1041 2594 1111 fulgentem,
2630 1042 2946 1110 inﬁnitaque
2976 1038 3272 1095 satellitum
3320 1052 3481 1090 manu
3514 1052 3605 1090 un-

2029 1132 2188 1201 dique
2220 1132 2453 1187 einctum
2479 1172 2495 1199 ,
2525 1134 2974 1202 conspexissent,
3017 1146 3117 1186 nec
3149 1130 3443 1200 quidquam
3476 1144 3603 1198 snp-

2027 1232 2238 1291 peteret
2264 1224 2405 1293 quod
2447 1224 2673 1293 principi
2714 1225 2856 1279 dono
2885 1225 3111 1288 darent,
3157 1237 3321 1275 unum
3362 1236 3428 1275 ex
3473 1221 3602 1289 ipsis

2031 1328 2223 1381 aquam
2256 1315 2387 1368 nihil
2419 1323 2727 1369 cunctatum
2749 1315 2995 1369 hausisse
3022 1313 3097 1383 (in
3128 1312 3428 1382 propinquo
3458 1312 3600 1365 enim

2030 1404 2304 1460 uberrime
2338 1405 2570 1475 ﬂuebat)
2598 1405 2897 1474 laticesque
2928 1405 3237 1476 imperatori
3274 1404 3416 1458 dono
3445 1403 3601 1457 obtu-

2029 1493 2178 1550 lisse.
2222 1494 2354 1562 Regi
2394 1498 2639 1565 poscenti
2682 1497 2812 1566 quid
2868 1497 2970 1551 hoc
3007 1497 3109 1551 sibi
3138 1495 3331 1562 vellet,
3375 1495 3606 1551 ﬁdenter

2031 1588 2097 1642 ad
2122 1588 2264 1642 hunc
2289 1589 2503 1643 modum
2526 1589 2866 1657 respondisse
2889 1606 2903 1642 :
2936 1588 3049 1643 ΙΙοο
3076 1588 3218 1658 quod
3248 1588 3379 1642 mihi
3411 1576 3606 1655 praesto

2032 1686 2150 1733 erat
2185 1678 2315 1743 tuli;
2354 1678 2490 1732 nihil
2521 1679 2712 1734 melius
2740 1694 2827 1734 me
2851 1670 3120 1734 facturum
3149 1678 3319 1743 ratus,
3352 1692 3418 1732 ne
3439 1675 3603 1730 animi

2032 1769 2398 1838 promptitudo
2423 1777 2664 1839 egestate
2694 1762 2812 1823 nfea
2832 1769 3214 1825 occultaretur.
3239 1768 3373 1822 Nam
3404 1777 3458 1821 tu
3486 1767 3604 1835 qui-

331 1862 537 1932 άριστα
576 1862 643 1929 τῇ
674 1858 859 1928 ἐνδείᾳ
887 1856 987 1927 τὴν
1016 1856 1322 1927 προθυμίαν
1355 1856 1430 1925 μὴ
1461 1855 1920 1923 ἐγκαλύπτεσθαι.

2030 1860 2148 1913 dem
2172 1901 2188 1926 ,
2219 1873 2342 1914 cum
2377 1860 2538 1915 rebus
2571 1861 2773 1915 nostris
2816 1874 2921 1914 non
2954 1875 3090 1930 opus
3118 1860 3319 1914 habeas
3342 1897 3356 1923 ,
3406 1857 3544 1911 nihil
3572 1871 3603 1910 a

330 1955 409 2007 Σὺ
435 1953 545 2023 γάρ
580 1952 685 2004 τῶν
709 1951 992 2021 ἡμετέρων
1024 1949 1125 2002 οὐκ
1157 1948 1396 2018 ἐπιδεὴς,
1430 1948 1551 2002 οὐδέ
1579 1948 1780 2002 ἐθέλων
1815 1949 1922 2004 τῶν

333 2046 465 2117 παρ’
486 2046 619 2114 ἡμῖν
639 2044 671 2114 ἤ
695 2044 796 2114 τὴν
818 2040 1052 2094 εὔνοιαν.
1082 2042 1247 2111 Ἡμῖν
1265 2040 1321 2092 δὲ
1344 2040 1502 2110 χρέος
1522 2041 1672 2094 ἐστὶν
1691 2042 1807 2111 ἅμα
1830 2044 1923 2095 καὶ

331 2141 557 2201 ἔπαινος
583 2138 643 2191 τὸ
685 2136 1032 2207 τελούμενον.
1065 2134 1202 2199 Δόξα
1234 2135 1343 2203 γὰρ
1367 2131 1509 2188 οἶδεν
1537 2135 1922 2189 ἐπακολουθεῖν

330 2234 409 2295 ώς
438 2231 508 2283 τά
532 2228 703 2282 πολλά
731 2230 841 2290 τοῖς
867 2225 1228 2296 εὐγνώμοσιν.
1251 2222 1386 2278 Εἶτα
1418 2225 1511 2278 τὸν
1543 2224 1769 2295 βασιλέα
1788 2224 1920 2278 θαυ-

332 2322 588 2394 μάσαντα
609 2361 624 2386 ,
654 2318 938 2373 ἐπαινέσαι
974 2317 1073 2387 μὲν
1124 2317 1184 2369 τὸ
1215 2316 1377 2385 σοφὸν
1406 2356 1419 2380 ,
1472 2316 1833 2382 ἀποδέξασθαι
1865 2314 1921 2368 δὲ

333 2413 457 2484 μετ’
496 2412 709 2472 εὐνοίας
735 2409 834 2480 τὴν
862 2407 1193 2479 προθυμίαν,
1230 2406 1513 2470 πλείσταις
1545 2407 1592 2459 δ’
1624 2408 1778 2471 ὅσαις
1814 2407 1920 2460 δω-

333 2506 489 2574 ρεαῖς
538 2501 837 2571 φιλοτίμως
890 2499 1054 2552 αὑτὸν
1107 2498 1569 2567 ἀνταμείψασθαι.
1620 2498 1685 2551 Ei
1737 2497 1919 2551 τοίνυν

331 2596 547 2657 ἐκεῖνος
574 2594 603 2644 ό
632 2593 947 2662 ὑπέροφρυς
969 2589 1230 2660 τύραννος
1277 2589 1379 2659 τῆς
1408 2589 1756 2652 πολυτελείας
1784 2607 1920 2660 προ·

328 2686 562 2756 κέκρικε
589 2686 690 2755 τὴν
715 2683 951 2747 εὔνοιαν,
984 2681 1122 2752 αῦτη
1149 2683 1181 2751 ἡ
1217 2681 1388 2743 ὅντως
1419 2680 1596 2752 ἀγαθὴ
1624 2681 1914 2748 Δέσποινα,

330 2780 368 2849 ἡ
399 2776 497 2829 τοῦ
530 2776 691 2847 μόνου
714 2773 923 2842 ἀγαθοῦ
951 2773 1085 2826 Θεοῦ
1105 2774 1329 2843 Μήτηρ,
1358 2767 1420 2826 οῦ
1446 2774 1479 2843 ἡ
1513 2773 1920 2841 συγκατάϐασις

329 2869 589 2937 ἄπειρος,
619 2866 715 2919 τοῦ
742 2868 807 2919 τὰ
828 2864 922 2917 δύο
947 2863 1122 2917 λεπτά
1149 2863 1258 2916 τῶν
1288 2863 1501 2917 πολλῶν
1526 2865 1919 2935 καρπωμάτων

328 2959 748 3029 προκρίναντος,
778 2956 839 3009 οὐ
870 2955 1071 3026 μᾶλλον
1099 2953 1257 3025 ἡμῶν
1286 2953 1605 3018 ἀποδέξεται
1651 2954 1750 3025 τὴν
1781 2954 1917 3026 πρό-

326 3049 520 3113 θεσιν,
546 3050 607 3101 οὐ
636 3047 735 3117 τὴν
773 3046 1000 3116 δύναμιν
1032 3046 1327 3115 κρίνουσα;
1363 3046 1472 3098 Ναὶ
1503 3044 1609 3115 μὴν
1658 3046 1916 3112 ἀποδέξε-

324 3158 445 3206 ται,
487 3140 564 3203 ὼς
592 3138 815 3209 ὀφειλὴν
854 3138 952 3208 μὲν
985 3138 1364 3208 προσάγοντας
1388 3176 1402 3199 ,
1432 3139 1820 3210 ἀντιμετρήσει
1846 3138 1916 3192 τά

327 3233 663 3304 ἀσύγκριτα.
682 3232 835 3285 Ἐπεὶ
856 3227 948 3284 οὖν
983 3230 1043 3283 τὸ
1072 3229 1250 3298 λέγειν
1276 3231 1339 3283 ἐκ
1369 3230 1571 3293 παντὸς
1596 3232 1913 3299 ἀναγκαῖον,

327 3326 478 3378 ὥστε
510 3324 570 3375 τὸ
604 3322 763 3392 χρέος
807 3318 1245 3390 ἀφοσιώσασθαι,
1287 3320 1420 3390 φέρε
1452 3320 1587 3390 πρὸς
1626 3321 1798 3391 αὐτὴν
1826 3322 1917 3375 τὸν

330 3415 496 3484 λόγον
520 3414 809 3485 τρέφωμεν
845 3404 966 3468 ὦδε.

411 3670 480 3737 γ’.
512 3669 577 3721 Τί
626 3668 684 3720 δὲ
731 3668 1153 3738 προσείπωμεν,
1203 3670 1500 3737 Δέσποινα;
1553 3672 1663 3724 τίσι
1698 3673 1755 3726 δὲ
1804 3672 1916 3744 (85)

332 3758 837 3833 προσφθεγξόμεθα
892 3760 1137 3829 ρήμασι;
1183 3761 1359 3824 ποίοις
1395 3763 1451 3814 δέ
1497 3765 1794 3833 ἐγκωμίοις
1821 3765 1919 3835 τὴν

332 3854 440 3923 σὴν
487 3851 640 3922 ἱερὰν
696 3850 792 3903 καὶ
845 3849 1236 3921 δεδοξασμένην
1310 3853 1578 3921 στέψομεν
1649 3856 1759 3924 (84)
1830 3872 1921 3908 κε-

330 3944 546 4015 φαλὴν,
604 3943 704 4014 τὴν
766 3942 1103 4010 ἀγαθοδότιν,
1154 3944 1254 4012 τὴν
1303 3943 1788 4016 πλουτοδότειραν,
1825 3946 1919 3998 τοῦ

329 4035 682 4108 ἀνθρωπείου
720 4034 912 4103 γένους
960 4034 1020 4086 τὸ
1056 4034 1491 4104 ἐγκαλλώπισμα
1518 4075 1532 4099 ,
1569 4036 1629 4087 τὸ
1688 4034 1918 4105 αὔχημα

330 4128 526 4196 πάσης
553 4126 651 4196 τῆς
674 4124 1008 4189 κτίσεως,δι’
1038 4124 1105 4194 ῆν
1129 4126 1204 4188 ὡς
1233 4124 1449 4195 ἀληθῶς
1476 4126 1914 4195 μεμακάρισταις

335 4218 440 4270 Ὃν
459 4216 568 4285 γὰρ
598 4216 699 4269 οὐκ
723 4214 923 4285 ἐχώρει
943 4214 1006 4266 τὸ
1032 4214 1319 4285 πρότερον,
1346 4216 1432 4268 διὰ
1457 4215 1551 4268 σοῦ
1577 4215 1911 4288 κεχώρηκεν.

329 4299 413 4359 υῦ
447 4304 696 4361 ἀτενίσαι
727 4304 827 4356 οὐκ
856 4302 1087 4367 ἐσθένει,
1109 4302 1616 4373 ἀνακεκαλυμμένῳ
1644 4303 1918 4374 προσώπῳ

330 4394 1048 4468 κατοπτρίζεται.Ἀνοιξον
1071 4395 1225 4464 ἡμῖν,
1256 4387 1301 4445 ῶ
1332 4394 1471 4461 Λόγε
1512 4395 1646 4447 Θεοῦ
1666 4438 1680 4461 ,
1712 4396 1771 4448 τὸ
1794 4397 1920 4467 βρα-

2026 1950 2184 2005 n‘obis
2213 1950 2465 2021 exposcis
2490 1990 2504 2013 ,
2531 1952 2633 2007 nisi
2659 1952 2978 2007 benevolum
3007 1951 3175 2021 859
3208 1966 3270 2005 ac
3298 1959 3605 2021 promptum

2026 2039 2293 2092 animum.
2333 2039 2448 2094 lloc
2479 2040 2652 2105 nobis,
2680 2050 2790 2095 tum
2822 2043 2987 2097 debiti
3020 2042 3314 2110 persolutio
3343 2049 3423 2096 est
3443 2079 3459 2105 ,
3491 2051 3604 2094 tum

2024 2128 2200 2184 laudis
2231 2140 2631 2200 argumentum.
2669 2131 2944 2200 Siquidem
2975 2148 3115 2198 saepe
3150 2133 3209 2185 ﬁt
3232 2173 3247 2197 ,
3293 2143 3351 2187 ut
3391 2149 3486 2188 eos
3512 2133 3603 2200 qui

2024 2234 2083 2274 se
2117 2228 2297 2290 gratos
2324 2221 2586 2289 prmbent,
2609 2221 2775 2291 gloria
2808 2223 3111 2278 comitetur.
3141 2225 3403 2289 Quocirca
3426 2238 3602 2293 regem

2024 2311 2379 2365 admiratione
2405 2321 2737 2365 commotum
2771 2350 2786 2378 ,
2828 2312 2988 2381 hujus
3023 2312 3238 2381 quidem
3283 2312 3603 2381 sapientiam

2022 2400 2292 2467 laudasse,
2323 2399 2451 2469 quin
2485 2409 2538 2455 et
2567 2411 2877 2470 promptum
2923 2400 3088 2454 animi
3136 2402 3370 2455 studium
3411 2388 3607 2471 appro-

2022 2494 2201 2559 basse,
2221 2493 2380 2562 eique
2404 2492 2683 2561 complura
2715 2491 2980 2547 benelicia
3012 2492 3390 2547 liberalissime
3414 2508 3604 2562 repen-

2023 2590 2186 2645 disse.
2219 2587 2276 2643 Si
2301 2588 2463 2658 igitur
2479 2587 2744 2656 superbus
2763 2586 2850 2641 ille
2875 2595 3133 2655 tyrannus
3176 2586 3602 2642 benevolentiam

2025 2680 2399 2736 muniﬁcentia
2430 2680 2692 2750 potiorem
2720 2677 2933 2745 habuit,
2966 2694 3147 2732 annon
3180 2678 3293 2734 haec
3325 2694 3447 2734 vere
3464 2680 3602 2733 bona

2021 2771 2271 2838 Domina,
2304 2769 2526 2839 ejusque
2558 2768 2750 2835 Mater,
2784 2769 2873 2839 qui
2898 2767 3045 2823 solus
3076 2777 3158 2822 est
3185 2769 3356 2824 bonus
3378 2810 3391 2833 ,
3442 2769 3598 2837 cujus

2021 2862 2232 2915 infinita
2270 2860 2600 2930 indulgentia
2626 2868 2728 2925 est,
2764 2859 2966 2929 quique
3007 2858 3213 2912 minuta
3239 2859 3341 2913 duo
3374 2859 3601 2929 amplis-

2003 2942 2172 3007 'simis
2222 2952 2386 3007 etiam
2435 2949 2747 3006 muneribus
2811 2949 3044 3020 prmtulit
3073 2993 3089 3015 ,
3138 2959 3384 3004 nostrum
3431 2951 3603 3005 multo

2022 3039 2191 3108 magis
2236 3039 2578 3109 propositum
2624 3037 3041 3107 comprobabit,
3080 3038 3280 3092 nullam
3327 3038 3603 3094 facultatis

2022 3129 2285 3183 rationem
2320 3128 2531 3184 habens
2558 3129 2580 3182 ἲ
2627 3128 2703 3182 Ita
2734 3137 2881 3183 certe
2911 3127 3301 3197 comprobabit,
3338 3127 3603 3182 debituru-

2022 3232 2127 3289 que
2176 3217 2409 3274 ollicium
2456 3219 2776 3273 exhibentes
2823 3217 3093 3288 excipiet,
3143 3218 3403 3287 nobisque
3462 3219 3602 3273 bona

2020 3310 2279 3377 rependet
2302 3309 2444 3363 omni
2476 3309 2884 3377 comparatione
2913 3307 3137 3377 majora.
3158 3310 3420 3375 Quoniam
3442 3310 3604 3377 igitur

2020 3400 2327 3454 orationem
2357 3400 2558 3454 habere
2586 3400 2806 3455 omnino
2831 3416 3051 3455 necesse
3082 3409 3196 3465 est,
3250 3409 3305 3454 ut
3335 3400 3432 3453 hoc
3467 3416 3601 3469 quo-

2020 3502 2125 3557 que
2152 3503 2378 3542 munere
2417 3489 2601 3544 debito
2631 3474 3008 3560 defringantur,
3048 3490 3115 3545 ad
3147 3504 3265 3544 eam
3294 3491 3452 3545 modo
3482 3504 3601 3545 serv

2021 3594 2231 3633 monent
2259 3588 2673 3635 convertemus.

2090 3669 2144 3723 ’5.
2178 3671 2296 3735 Quo
2327 3672 2544 3725 tandem
2583 3681 2653 3737 te,
2686 3686 2719 3726 ο
2763 3671 3015 3736 Domina,
3038 3672 3256 3727 nomine
3293 3671 3589 3743 compella-

2021 3762 2241 3816 bimus?
2282 3763 2478 3831 quibus
2509 3770 2560 3817 te
2620 3764 2816 3818 verbis.
2857 3764 3232 3832 alloquemur?
3262 3764 3458 3831 quibus
3482 3765 3601 3817 lau-

2021 3852 2175 3906 dibus
2236 3866 2451 3907 sacrum
2508 3863 2656 3905 tuum
2691 3867 2755 3906 ac
2787 3854 3106 3921 praeclarum
3157 3861 3324 3921 caput
3378 3855 3597 3907 ornabi-

2021 3944 2175 3998 mus?
2200 3952 2269 4007 te,
2305 3943 2548 4011 inquam,
2576 3943 2842 3996 bonorum
2894 3942 3249 4009 largitricem,
3283 3942 3596 3997 divitiarum

2019 4034 2377 4099 donatricem,
2412 4033 2634 4087 humani
2690 4031 2906 4103 generis
2956 4041 3359 4099 ornamentum,
3388 4034 3596 4089 omnis-

2016 4140 2121 4195 que
2171 4132 2439 4180 creaturae
2491 4124 2679 4187 decus,
2729 4138 2827 4193 per
2876 4139 3039 4194 quam
3092 4123 3181 4177 illa
3248 4138 3376 4178 vere
3439 4126 3595 4180 beata

2019 4217 2210 4273 eﬂ’eeta
2261 4225 2366 4272 est.
2415 4214 2584 4282 Quem
2638 4215 2783 4269 enim
2840 4216 2992 4285 prius
3052 4214 3276 4270 minime
3326 4217 3594 4287 capiebat,

2019 4310 2166 4364 hunc
2207 4323 2305 4377 per
2348 4317 2399 4362 te
2458 4306 2803 4375 postmodum
2855 4306 3043 4376 cepit:
3084 4304 3140 4359 in
3184 4320 3340 4374 quem
3395 4307 3592 4361 intueri

2020 4417 2124 4456 non
2148 4408 2379 4470 poterat,
2416 4400 2657 4455 revelata
2685 4398 2828 4453 facie
2870 4413 2966 4467 per
2995 4409 3047 4453 te
3095 4398 3499 4468 contemplatur
3519 4398 3587 4454 ".

325 4489 649 4558 δὸγλωσσον
686 4488 883 4558 στόμα.
912 4487 1011 4549 Δὸς
1048 4487 1107 4538 ἐν
1136 4486 1339 4551 ἀνοίξει
1371 4486 1594 4555 χειλέων
1626 4486 1787 4556 ἡμῶν
1819 4506 1914 4557 χα-

2022 4492 2203 4561 Aperi,
2234 4506 2267 4546 o
2302 4492 2394 4545 Dei
2418 4491 2680 4555 Verbum,
2719 4488 2932 4543 tardum
2987 4489 3129 4544 istud
3190 4505 3251 4544 os
3319 4499 3587 4547 nostrum.

328 4580 624 4651 ριέστατον
658 4578 838 4645 λόγον.
876 4579 1225 4648 Ἐμπνευσον
1253 4579 1385 4647 ἡμῖν
1418 4577 1517 4649 τὴν
1543 4578 1637 4629 τοῦ
1668 4579 1916 4649 ῐΙνεύμαο

323 4687 424 4730 τος
442 4669 632 4739 χάριν,
654 4668 723 4721 δι’
744 4664 812 4741 ἧς
837 4669 1009 4731 ἁλιεῖς
1038 4668 1413 4740 ῥητορεύουσι,
1440 4671 1536 4723 καὶ
1560 4672 1917 4743 ἀγράμματοι

324 4758 554 4813 λαλοῦσι
588 4760 780 4827 σοφίαν
809 4760 907 4830 τὴν
930 4759 1072 4831 ὑπὲρ
1098 4758 1382 4830 ἄνθρωπον
1404 4775 1418 4790 ⁸
1447 4760 1535 4813 ἵνα
1568 4763 1660 4814 καὶ
1687 4764 1844 4831 ἡμεῖς
1867 4765 1914 4817 οί

328 4851 660 4921 ἰσχνόφωνοι
696 4849 1095 4921 εὐπορήσωμεν
1129 4851 1228 4918 τῆς
1284 4850 1384 4919 σῆς
1415 4851 1678 4921 φιλτάτης
1710 4854 1915 4924 μητρὸς

325 4943 434 4996 κᾶν
465 4940 727 5012 ἀμυδρῶς
748 4940 932 5010 γέπως
962 4941 1223 5011 μεγαλεῖα
1252 4941 1610 5011 φθέγξασθαι.
1638 4942 1783 5013 Αὕτη
1810 4943 1916 5015 γὰρ

326 5036 399 5087 ἐκ
432 5032 642 5102 γενεῶν
686 5032 935 5102 ἀρχαίων
983 5032 1348 5103 ἐκλελεγμένη
1377 5073 1391 5097 ,
1426 5037 1491 5104 τῇ
1526 5036 1917 5107 προωρισμένῃ

326 5124 499 5195 βουλῇ
545 5123 641 5177 καὶ
689 5123 909 5196 εὐδοκία
932 5123 1025 5178 τοῦ
1063 5141 1122 5176 σε
1168 5125 1410 5195 ἀχρόνως
1436 5169 1450 5192 ,
1502 5125 1817 5197 άῤῥεύστως
1855 5145 1916 5180 τε

326 5216 428 5270 καὶ
446 5213 679 5278 ἀπαθῶς
714 5215 1079 5286 γεννήσαντος
1105 5214 1241 5267 Θεοῦ
1277 5219 1372 5269 καὶ
1408 5217 1622 5288 Πατρὸς
1643 5258 1658 5285 ,
1691 5216 1917 5288 ἱλασμὸν

2021 4585 2092 4637 Da
2130 4584 2181 4637 in
2233 4584 2515 4652 apertione
2569 4582 2837 4635 labiorum
2901 4589 3211 4635 nostrorum
3268 4583 3589 4637 concinnam

2016 4676 2506 4743 suavissimamque
2538 4673 2861 4728 orationem.
2892 4670 3135 4726 Gratiam
3162 4672 3320 4729 nobis
3347 4673 3591 4744 Spiritus

2018 4767 2168 4832 inﬂa,
2206 4782 2302 4836 per
2335 4782 2496 4835 quam
2553 4764 2767 4819 facundi
2803 4764 2939 4819 ﬁunt
2991 4763 3311 4833 piscatores,
3338 4775 3393 4821 et
3436 4764 3586 4820 litte-

2016 4874 2196 4912 rarum
2223 4868 2473 4927 expertes
2495 4856 2825 4927 sapientium
2851 4856 3087 4912 hominis
3115 4858 3425 4917 conditione
3448 4872 3589 4925 pri!!-

2015 4948 2332 5003 stantiorem
2367 4948 2664 5017 loquuntur
2695 4966 2707 5002 :
2742 4958 2799 5002 ut
2827 4964 2924 5004 nos
2959 4949 3124 5003 etiam
3158 4950 3248 5017 qui
3294 4948 3588 5005 hebetioris

2015 5039 2209 5106 lingute
2236 5032 2444 5104 sumus,
2471 5040 2808 5095 charissima:
2835 5049 2937 5093 tua:
2968 5039 3157 5094 Matris
3189 5037 3589 5112 prmcellentias

2014 5130 2209 5202 exigue
2237 5131 2430 5186 saltem
2467 5141 2519 5184 et
2551 5122 2781 5185 obscure
2808 5130 3102 5198 prmdicare
3141 5128 3430 5197 Possimus.
3458 5128 3586 5185 Haec

2016 5220 2181 5287 enim,
2218 5235 2339 5276 cum
2362 5219 2430 5274 ab
2480 5219 2773 5289 antiquiori
2831 5232 2969 5285 aevo,
3002 5217 3270 5287 praaiinito
3319 5211 3580 5283 consilio.

403 5391 444 5424 δ’
467 5391 797 5465 Ατιοξςετχοε
817 5389 1101 5465 Persarum
1127 5405 1240 5455 rex,
1266 5390 1331 5445 de
1354 5406 1461 5461 qtto
1502 5390 1824 5448 Plutarchus
1851 5390 1904 5447 in
1950 5392 2091 5463 ipso,
2120 5403 2173 5450 et
2210 5394 2263 5449 in
2296 5395 2636 5465 Apophtheg.
2664 5390 2808 5447 Idem
2854 5400 3081 5449 testatur
3102 5392 3346 5451 Elianus
3368 5394 3420 5452 in
3448 5395 3587 5455 llist.

326 5477 451 5521 var.
527 5464 575 5494 δ’
616 5461 659 5516 ll
692 5464 815 5517 Cor.
848 5475 933 5524 ιιι,
966 5458 1052 5512 18.

405 5622 517 5697 (ει)
544 5621 732 5697 ροτιηε
765 5619 999 5697 deum
1122 5690 1145 5697 -
1252 5686 1298 5697 ..

403 5686 517 5762 (82)
552 5692 619 5746 ιι.
676 5686 955 5746 εἷτάέπεὶ
1003 5690 1183 5759 παρῆν
1213 5686 1361 5740 οὐδὲν

322 5763 521 5834 δῶρον.

1409 5684 1496 5737 ὅτε
1542 5681 1619 5753 τῷ
1672 5685 1911 5756 τυράννῳ

2237 5617 2420 5695 gem}.
2455 5620 2959 5692 προςφθεγξὼμεθα
2992 5623 3100 5686 τοῖς
3126 5626 3355 5695 ῥήμασι.

2095 5686 2523 5757 (autumn
2611 5686 2619 5689 '
2716 5686 2724 5689 '
2823 5686 2833 5692 '
3127 5686 3191 5699 "
