4012 6338
464 408 568 472 703

1625 405 1684 463 S.
1724 403 2046 466 JOANNIS
2084 405 2516 470 DAMASCENI

3638 425 3747 490 704

467 537 532 577 ac
573 519 802 591 benigna
849 519 943 574 Dei
994 519 1281 590 Patrisque
1327 518 1634 586 voluntate,
1669 523 1762 591 qui
1803 534 1857 578 te
1882 531 2014 580 extr:

2146 523 2242 577 καὶ
2273 523 2550 594 σωτηρίαν
2574 563 2588 587 ,
2626 520 2974 593 δικαιοσύνην
3001 538 3062 576 τε
3095 523 3188 578 καὶ
3230 525 3636 600 ἀπολύτρωσιν,
3679 535 3742 588 σὲ

467 625 702 683 tempus,
731 612 852 666 sine
895 611 1043 666 fluxu
1107 621 1164 668 et
1207 614 1564 683 perpessione
1603 617 1812 684 genuit,
1868 615 2042 671 electa

463 710 630 764 esset,
663 711 716 754 et
745 701 1213 770 propitiationem,
1239 704 1585 774 salutemque
1617 713 1674 760 et
1698 704 1950 774 justitam
1979 721 2044 762 ac

461 793 907 863 redemptionem,
953 795 1118 849 vitam
1181 797 1248 851 de
1315 797 1662 863 vita,lumen
1708 801 1776 854 de
1812 799 2039 864 lumine,

458 884 626 939 Deum
654 900 838 939 vermn
877 891 944 941 de
972 887 1080 941 Deo
1115 902 1265 953 vero,
1297 889 1562 945 extremis
1609 890 1944 962 temporibus
1974 905 2040 945 ex

456 993 516 1032 se
549 977 898 1032 incarnatum
917 981 1126 1048 peperit
1151 999 1163 1034 :
1193 979 1348 1048 cujus
1380 992 1572 1051 partus
1597 998 1772 1038 novus
1795 993 1850 1037 et
1879 983 2045 1038 inusi-

462 1077 606 1123 tatus
648 1069 772 1136 fuit,
822 1071 1104 1140 generatio
1170 1082 1364 1126 natura
1420 1084 1476 1129 et
1532 1075 1866 1146 cogitatione
1897 1089 2038 1145 pra:-

459 1161 711 1226 stantior,
765 1165 1074 1233 mundoque
1120 1165 1397 1230 salutaris,
1420 1166 1600 1222 obitus
1647 1168 1880 1239 denique
1906 1183 2042 1238 prae-

453 1251 632 1308 clarus
667 1263 722 1308 et
760 1269 936 1321 sacer,
983 1258 1244 1328 omnique
1304 1262 1776 1316 commendatione
1816 1261 2038 1332 dignus.

454 1343 602 1398 Hanc
636 1348 849 1416 quidem
908 1348 1069 1406 Pater
1111 1351 1542 1421 prmdestinavit,
1592 1355 1876 1425 prophetae
1905 1369 2037 1410 vero

451 1451 547 1504 per
579 1438 837 1507 Spiritum
871 1444 1380 1512 praenuntiaverunt
1422 1461 1438 1501 :
1478 1445 1718 1517 Spiritus
1746 1456 1927 1503 autem
1954 1449 2036 1503 vis

449 1531 819 1598 sanctificans,
849 1536 1241 1604 superveniens
1300 1539 1624 1609 expurgavit
1673 1551 2033 1610 sanctamque

449 1621 705 1689 reddidit,
734 1635 789 1680 et
831 1627 998 1682 veluti
1045 1629 1378 1698 prmrigavit.
1417 1631 1569 1686 Tunc
1621 1631 1803 1703 itaque
1841 1634 2031 1703 tu,qui

446 1711 625 1771 Patris
656 1719 922 1774 terminus
967 1735 1032 1776 ac
1081 1720 1317 1777 Verbum
1373 1738 1454 1789 es,
1488 1725 1624 1779 nihil
1676 1725 2027 1781 circumscri-

445 1816 570 1877 ptus
606 1811 657 1862 in
695 1825 756 1866 ea
788 1813 1106 1869 demoratus
1151 1828 1234 1880 es,
1258 1826 1315 1870 ut
1342 1825 1644 1872 extremam
1693 1825 1900 1873 natura
1924 1833 2028 1872 no-

2149 614 2252 685 τὴν
2285 615 2351 667 ὲκ
2378 612 2524 684 ζωῆς
2547 610 2717 683 ζωὴν,
2743 613 2839 666 καὶ
2878 613 2939 666 τὸ
2965 616 3029 668 ἐκ
3059 615 3154 668 τοῦ
3181 618 3359 686 φωτὸς
3391 620 3528 689 φῶς,
3555 624 3647 679 τὸν
3673 627 3741 679 ἐκ

2143 700 2284 754 Θεοῦ
2313 700 2570 771 ἀληθινοῦ
2602 701 2735 754 Θεὸν
2769 702 3046 772 ἀληθινὸν,
3081 705 3139 770 ἐξ
3168 707 3340 778 αὐτῆς
3369 717 3734 784 σεσαρκωμέ-

2143 810 2234 848 νον
2267 795 2352 847 ἐπ’
2389 794 2638 864 ἐσχάτων
2675 795 2786 846 τῶν
2831 795 3042 865 χρύνων
3079 798 3316 869 ἐκύησεν
3341 818 3353 830 ·
3409 797 3478 876 ᾖς
3516 804 3546 857 ὀ
3575 805 3738 870 τόκος

2147 883 2477 954 παράδοξος,
2508 884 2540 954 ἡ
2571 883 2827 954 γέννησις
2867 885 3008 956 ὑπὲρ
3043 888 3207 956 φύσιν
3239 891 3333 942 καὶ
3362 889 3596 959 ἔννοιαν,
3641 900 3731 950 καὶ

2147 971 2227 1043 τῷ
2259 973 2450 1044 κόσμῳ
2480 975 2746 1045 σωτήριος
2771 1013 2786 1038 ,
2819 977 2852 1045 ἡ
2903 976 3161 1048 κοίμησις
3195 979 3406 1046 ἔνδοξος
3446 985 3541 1036 καὶ
3566 987 3738 1052 ὅντως

2144 1064 2270 1136 ἱερά
2303 1066 2400 1117 καὶ
2443 1065 2824 1136 πανεύφημος.
2867 1067 3085 1138 Ταύτην
3135 1072 3166 1123 ὁ
3213 1072 3403 1144 Πατὴρ
3465 1076 3565 1146 μὲν
3598 1096 3742 1149 προ-

2151 1157 2342 1228 ώρισε,
2361 1157 2642 1229 προφῆται
2667 1159 2724 1211 δὲ
2743 1158 2833 1211 διὰ
2863 1159 2962 1230 μὲν
2991 1161 3084 1215 τοῦ
3107 1161 3249 1216 mas
3259 1182 3428 1235 ματος
3451 1170 3604 1237 ἁγίου
3620 1171 3732 1241 (85)

2143 1250 2588 1321 προηγόρευσαν.
2630 1250 2694 1303 Ἦ
2723 1251 2781 1304 δὲ
2824 1253 2920 1304 τοῦ
2955 1253 3274 1324 Πνεύματος
3309 1259 3605 1333 ἁγιαστικὴ
3637 1263 3736 1316 δύ-

2139 1359 2302 1412 ναμις
2345 1342 2743 1414 ὲπεφοίττισεν,
2802 1343 3046 1415 ἐκάθηρε
3099 1364 3160 1399 τε
3210 1349 3307 1402 καὶ
3360 1351 3580 1421 ἠγίασε,
3635 1357 3734 1409 καὶ

2137 1434 2301 1486 οἱονεὶ
2333 1433 2696 1505 προήρδευσε.
2744 1434 2855 1488 Kal.
2903 1435 3024 1488 τότε
3072 1439 3138 1491 σὺ
3168 1441 3280 1510 (86)
3315 1441 3344 1493 ὁ
3378 1443 3472 1496 τοῦ
3515 1446 3732 1517 Πατρδς

2136 1525 2261 1595 ὄρος
2300 1525 2396 1577 καὶ
2445 1525 2620 1591 Λόγος
2655 1527 3087 1599 ἀπεριγράπτως
3120 1531 3481 1604 κατῴκησας,
3524 1538 3734 1592 ἀνακα-

2139 1616 2403 1686 λούμενος
2435 1616 2536 1687 τὴν
2556 1619 2815 1688 ἐσχατιὰν
2836 1619 2936 1690 τῆς
2959 1622 3237 1694 ἡμετέρας
3264 1625 3479 1694 φύσεως
3504 1630 3642 1700 πρὸς
3669 1632 3738 1684 τδ-

2134 1707 2367 1778 ἄπειρον
2407 1707 2542 1778 ὕψος
2575 1710 2678 1780 τῆς
2725 1711 2824 1783 σῆς
2869 1714 3262 1786 ἀκαταλήπτου
3313 1719 3586 1791 θεότητος.
3620 1716 3730 1788 Ἦς

2133 1792 2232 1865 τὴν
2262 1796 2517 1867 ἀπαρχὴν
2544 1799 2609 1852 ἐκ
2641 1799 2750 1853 τῶν
2783 1802 3076 1871 πανὰγνων
3106 1807 3199 1859 καὶ
3241 1809 3532 1879 ἀχράντων
3557 1814 3732 1882 αἱμά-

443 1908 572 1954 ειηε
592 1901 856 1958 vilitatem
890 1906 955 1959 ad
981 1905 1251 1960 infinitam
1288 1907 1758 1978 incomprehensze
1793 1908 2014 1964 Deitatis

2130 1903 2258 1951 των,
2283 1889 2376 1940 καὶ
2407 1889 2771 1961 παναμὼμων
2799 1894 2900 1962 τῆς
2927 1896 3090 1964 ἁγίας
3122 1899 3404 1970 Παρθένου
3435 1907 3736 1963 ἀναλαϐὼν

445 1999 551 2047 tute
573 1993 948 2052 celsitudinem
994 2013 1328 2055 revocares:
1367 2001 1522 2068 cujus
1563 2001 1780 2070 quidem
1838 2001 2027 2070 primi-

444 2085 547 2140 tias
583 2101 648 2140 ex
671 2087 984 2156 purissimis
1007 2099 1063 2144 et
1094 2089 1319 2146 illibatis
1350 2092 1832 2164 immaculatisque
1861 2107 2023 2162 pror-

440 2189 532 2229 sus
584 2179 937 2246 sangninibus
978 2189 1182 2238 sanet-.e
1243 2185 1484 2252 Virginis
1540 2187 1871 2258 suscipiens,
1897 2204 2023 2243 car-

439 2277 562 2318 nem
594 2269 775 2322 anima
821 2270 1074 2326 rationali
1110 2282 1164 2328 et
1218 2273 1556 2346 intelligente
1601 2278 1901 2334 animatam
1925 2280 2024 2334 tibi

439 2355 555 2425 ipse
604 2360 976 2425 condidisti,ei
1009 2372 1069 2418 ut
1111 2365 1164 2419 in
1217 2368 1504 2437 temetipso
1561 2371 2026 2437 subsisteret,tri-

436 2444 628 2500 buens.
661 2447 740 2501 Ad
783 2449 926 2503 hunc
962 2453 1178 2506 modum
1215 2452 1391 2510 factus
1425 2457 1584 2510 homo
1614 2472 1706 2524 es,
1739 2467 1798 2513 ut
1842 2467 2021 2516 tamen

436 2537 707 2606 perfectus
737 2541 900 2608 Deus,
932 2543 1288 2616 ejusdemque
1325 2563 1388 2603 ac
1415 2557 1536 2604 tuus
1562 2548 1728 2605 Pater
1761 2553 2022 2608 substan-

438 2629 524 2684 tize
549 2645 670 2686 esse
697 2634 922 2688 minime
958 2636 1218 2703 desieris;
1253 2640 1347 2694 scd
1393 2653 1491 2709 pro
1529 2655 1744 2696 summa
1775 2643 2023 2702 bonitate

437 2731 527 2777 tua
579 2723 1010 2782 imbecillitatem
1057 2740 1298 2784 nostram
1345 2735 1728 2804 assumpseris,
1763 2752 1830 2791 ex
1913 2753 2021 2808 qua

432 2815 682 2873 Christus
708 2819 873 2890 860
901 2837 1062 2889 unus,
1101 2838 1240 2878 unus
1298 2824 1492 2893 Filius,
1525 2843 1667 2883 unus
1701 2829 1817 2899 ipse
1876 2831 2020 2887 Deus

431 2915 486 2961 et
538 2909 699 2964 homo
760 2913 1050 2981 prodieris,
1097 2916 1371 2986 simulque
1433 2919 1710 2990 perfectus
1766 2922 1928 2989 Deus,
1961 2935 2021 2980 et

432 2999 701 3067 perfectus
750 3003 942 3072 homo;
979 3015 1123 3063 totus
1178 3008 1343 3077 Deus,
1378 3020 1433 3067 et
1471 3022 1616 3070 totus
1675 3018 1873 3086 homo;
1908 3036 2014 3076 una

431 3091 683 3147 nimirum
714 3109 942 3162 persona
978 3115 1044 3153 ex
1081 3101 1294 3157 duabus
1343 3105 1601 3173 perfectis
1627 3111 1858 3178 naturis,
1888 3111 2015 3167 Dei-

432 3191 542 3239 tate
567 3185 800 3254 scilicet,
838 3199 892 3244 et
925 3191 1290 3264 humanitate,
1319 3198 1485 3268 inque
1516 3201 1730 3258 duabus
1756 3205 2013 3274 perfectis

431 3277 662 3341 naturis,
707 3278 760 3331 in
817 3280 1055 3350 Deitate,
1087 3287 1332 3356 inquam,
1367 3300 1425 3344 et
1469 3293 1812 3350 humanitate
1851 3314 1865 3351 :
1903 3314 2009 3352 non

432 3365 605 3420 nudus
668 3367 828 3434 Deus,
867 3389 966 3428 nec
1021 3393 1190 3445 purus
1248 3379 1662 3449 homo;vcrum
1731 3403 1874 3444 unus
1917 3389 2009 3445 Dei

428 3451 596 3509 Filius
628 3471 691 3511 ac
717 3457 858 3514 Deus
888 3477 1052 3520 carne
1109 3467 1368 3536 indutus;
1404 3473 1544 3528 Deus
1576 3475 1719 3530 idem
1763 3493 1826 3532 ac
1851 3481 2011 3535 simul

426 3544 610 3612 homo,
639 3563 743 3603 non
806 3553 1180 3612 confusionem
1243 3561 1492 3630 subiens,
1529 3581 1630 3622 nec
1681 3569 2008 3628 divisionem

424 3655 654 3711 passus;
686 3643 914 3701 duarum
948 3648 1182 3720 disparis
1204 3653 1522 3711 substantiae
1548 3658 1602 3713 in
1631 3675 1737 3714 una
1770 3677 2005 3732 persona

425 3735 545 3789 sine
590 3735 910 3794 confusione
957 3741 1064 3796 ulla
1118 3759 1183 3799 ac
1259 3743 1534 3807 divisione
1590 3753 2006 3824 conjunctarum

425 3829 701 3884 naturales
756 3831 810 3884 in
861 3833 1040 3904 seipso
1082 3839 1448 3908 proprietates
1504 3844 1691 3903 ferens
1722 3859 2005 3905 :creatum

423 3933 615 3988 nempe
631 3931 687 3977 et
715 3923 1042 3994 increaturn,
1063 3932 1294 3988 mortale
1323 3943 1380 3988 et
1409 3935 1740 4008 immortale,
1771 3943 2007 3999 circum-

421 4013 693 4082 scriptum
741 4027 796 4073 et
873 4021 1404 4096 circumscriptionis
1467 4046 1666 4103 expers
1706 4054 1720 4091 :
1758 4037 2002 4093 divinam

420 4103 549 4159 item
610 4107 968 4179 voluntatem,
999 4123 1054 4169 et
1098 4116 1394 4176 humanam
1447 4125 1786 4184 voluntatem
1817 4150 1830 4186 :
1859 4133 2003 4188 divi-

419 4211 544 4250 nam
577 4200 873 4267 actionem,
903 4216 1066 4274 atque
1118 4209 1416 4266 humanam
1475 4217 1641 4272 etiam
1680 4224 1953 4279 actionem
1983 4241 2000 4291 ;

417 4289 555 4345 rluas
587 4306 804 4363 quoque
840 4294 997 4350 liberi
1051 4298 1266 4355 arbitrii
1321 4304 1635 4373 facultates,
1671 4310 1911 4369 divinam
1948 4289 2002 4372 et

415 4379 745 4449 humanam;
779 4384 962 4442 divina
1016 4404 1236 4446 rursum
1303 4395 1588 4464 miracula,
1626 4410 1681 4456 et
1734 4405 1999 4466 humanas

413 4471 761 4542 affectiones,
795 4483 1080 4540 naturales
1133 4495 1312 4545 tamen
1360 4499 1416 4548 et
1445 4493 1774 4568 inculpatas.
1801 4501 1995 4560 Totum

413 4568 615 4638 quippe
673 4572 910 4641 primum
986 4578 1178 4648 Adam,
1205 4585 1395 4654 quales
1452 4599 1572 4644 erat
1630 4602 1922 4666 antequam
1961 4613 1992 4653 a
2026 4587 2074 4647 Ῐ)

412 4661 670 4719 mandato
701 4666 983 4737 deficeret,
1013 4687 1043 4726 a
1085 4689 1314 4745 peccato
1371 4681 1628 4754 liberum,
1660 4703 1758 4758 per
1775 4661 1990 4749 viscera

411 4758 828 4829 misericordiae,
879 4763 1133 4836 Domine,
1159 4775 1448 4844 suscepisti
1488 4796 1502 4832 :
1538 4795 1741 4852 corpus
1795 4783 1990 4840 videli-

411 4857 517 4914 cet,
550 4849 812 4918 animam,
843 4865 1106 4924 mentem,
1140 4870 1196 4915 et
1229 4867 1505 4924 naturales
1531 4849 1719 4926 harum
1745 4876 1994 4944 proprie-

410 4952 554 4998 tates
589 4945 737 5016 (nam
762 4948 905 5016 quod
930 4963 1120 5006 revera
1168 4967 1506 5028 assumptum
1542 4979 1647 5018 non
1680 4976 1787 5035 est,
1816 4968 1866 5022 id
1888 4970 1986 5024 mi-

405 5046 550 5101 nime
593 5059 842 5104 curatum
903 5051 1050 5124 fuit).
1076 5053 1255 5126 Atque
1308 5059 1382 5114 ita
1448 5061 1544 5118 Dei
1591 5075 1647 5120 et
1703 5069 1984 5128 hominum

406 5140 675 5197 mediator
729 5144 928 5213 factus,
961 5148 1286 5207 inimicitias
1332 5154 1797 5230 solristi,eosque
1838 5167 1982 5234 quia

405 5227 562 5286 Patre
586 5234 922 5302 defecerant,
954 5241 1021 5294 ad
1054 5242 1231 5312 ipsum
1264 5260 1526 5304 revocans
1555 5267 1568 5304 :
1597 5256 1739 5320 quod
1766 5268 1986 5313 errare-

402 5330 508 5384 rat,
545 5326 842 5397 reduxisti;
873 5335 1016 5400 quod
1048 5336 1288 5393 tenebris
1343 5341 1580 5398 obsitum
1611 5355 1752 5412 erat,
1781 5347 1983 5406 illumi-

613 5479 1101 5568 β’...προνεκήρυξαν⁵
1126 5505 1142 5568 ξ
1185 5508 1306 5548 mox
1339 5495 1761 5568 ἐπιφοιτήσασα.

469 5548 940 5642 ἱίίίιὶυξμὸροξ
964 5548 1054 5611 καὶ
1085 5560 1242 5629 λόγος
1279 5566 1374 5642 τοῦ
1425 5548 1976 5642 [Efﬁcit—eruditus,

395 5616 481 5707 vel
513 5616 977 5707 ctri‘anrdet‘i‘uitio.
1011 5646 1103 5685 seu
1149 5616 1400 5707 essentne
1433 5616 1976 5707 cl.:.l-aéicr”,'ét'v3l’

395 5685 521 5784 bum
555 5685 752 5784 guinis).
789 5695 879 5784 Sile
912 5685 1124 5754 rursum
1173 5705 1313 5758 infra
1342 5718 1462 5776 post
1509 5711 1671 5784 (ἕως.
1715 5685 1972 5773 ἀίιιίιιίίῑ.

392 5766 534 5811 orat.
561 5759 595 5811 2
617 5760 669 5812 in
703 5760 926 5816 Pascha.
1342 5759 1356 5776 ⁸
1413 5759 1478 5804 Ἢ-

463 5827 574 5900 (87)
605 5829 787 5888 Germ.
815 5843 868 5890 ct
899 5835 1052 5893 Coll).
1087 5840 1220 5896 Θεοῦ
1250 5847 1342 5900 καὶ
1374 5849 1696 5921 ἀνθρώπων.

2143 1978 2328 2047 σάρκα
2383 1980 2745 2053 ὲψυχωμένην
2804 1985 2950 2057 ψυχῇ
3001 1986 3189 2062 λογικῇ
3247 2010 3306 2046 τε
3361 1997 3456 2048 καὶ
3509 2003 3682 2073 νοερᾷ
3711 2045 3729 2070 ,

2131 2067 2348 2137 σεαυτῷ
2383 2071 2732 2141 περιὲπηξας
2758 2113 2773 2138 ,
2814 2075 2873 2127 ἐν
2913 2077 3124 2148 σεαυτῷ
3165 2081 3335 2153 αὐτὴν
3373 2084 3725 2160 ύποστήσας,

2127 2160 2221 2213 καὶ
2249 2159 2484 2228 γέγονας
2512 2163 2717 2228 τέλειος
2751 2165 2848 2220 aco
2859 2184 3043 2237 ρωπος
3065 2211 3080 2235 ,
3110 2172 3209 2225 οὐκ
3233 2159 3528 2233 ἀποϐαλὼν
3554 2159 3617 2234 τὸ
3644 2179 3728 2236 εἷ-

2129 2269 2219 2304 ναι
2247 2251 2450 2316 τέλειος
2476 2253 2614 2318 Θεὸς
2637 2297 2652 2321 ,
2678 2257 2774 2310 καὶ
2805 2257 2883 2328 τῷ
2907 2260 2986 2330 σῷ
3019 2263 3197 2334 lla-cpi.
3225 2266 3515 2336 ὁμοούσιος
3537 2313 3552 2336 ,
3586 2274 3726 2328 ἀλλά

2127 2343 2454 2413 προσλαϐὼν
2499 2345 2568 2400 δι’
2609 2348 3017 2420 εύσπλαγχνίαν
3046 2353 3257 2424 ἄφατον
3299 2360 3398 2430 τὴν
3443 2363 3725 2438 ἡμετέραν

2123 2433 2430 2488 ἀσθένειαν.
2464 2435 2575 2488 Καὶ
2617 2439 2893 2509 προῆλθες
2921 2441 2981 2507 ἐξ
3007 2444 3180 2515 αὐτῆς
3218 2444 3298 2511 εἷς
3323 2433 3558 2521 Χριστὸς
3577 2495 3594 2518 ,
3621 2433 3728 2520 ⁷εἷς

2111 2525 2352 2596 Κύριος,
2393 2523 2473 2590 εἷς
2513 2528 2630 2592 υίὸς
2671 2532 2784 2601 (87)
2817 2535 2949 2596 θεὸς
2992 2538 3088 2590 καὶ
3121 2538 3412 2610 ἄνθρωπος
3439 2546 3468 2596 ὁ
3509 2547 3722 2618 αὐτὸς,

2123 2617 2257 2680 Θεός
2291 2635 2350 2671 τε
2396 2620 2534 2689 ὁμοῦ
2568 2620 2815 2690 τέλειος,
2850 2627 2946 2682 καὶ
2981 2626 3273 2699 ἄνθρωπος
3303 2635 3545 2702 τέλειος,
3593 2617 3715 2704 ὅλος

2121 2708 2277 2771 Θεὸς,
2311 2709 2406 2764 καὶ
2439 2711 2562 2777 ὅλος
2590 2713 2881 2784 ἄνθρωπος
2906 2757 2921 2782 ,
2959 2720 3058 2790 μία
3089 2723 3392 2791 ὑπόστασις
3425 2729 3712 2797 σύνθετος,

2121 2801 2186 2854 ὲκ
2217 2799 2309 2854 δύο
2347 2801 2564 2872 φύσεων
2593 2805 2837 2872 τελείων,
2867 2809 3124 2883 θεότητος
3155 2832 3216 2869 τε
3241 2818 3337 2870 καὶ
3358 2820 3714 2895 ἀνθρωπότη-

2120 2908 2213 2955 τος
2245 2893 2382 2962 (88),
2413 2895 2509 2948 καὶ
2549 2895 2608 2950 ὲν
2644 2896 2738 2951 δύο
2762 2899 3000 2966 τελείαις
3027 2904 3250 2973 φύσεσι,
3275 2899 3491 2982 θεότητί
3525 2931 3585 2967 τε
3620 2893 3716 2969 καὶ

2119 2983 2502 3056 ἀνθρωπότητι
2524 3004 2537 3017 ·
2563 2989 2624 3041 ού
2649 2991 2856 3060 γυμνὸς
2879 2993 3036 3060 θεὸς,
3062 2998 3186 3052 οὐδὲ
3215 2999 3368 3069 ψιλὰς
3399 3004 3709 3076 ἅνθρωπος,

2118 3073 2236 3127 ἀλλ’
2267 3072 2350 3139 εἷς
2383 3077 2511 3142 Υἱὸς
2543 3079 2682 3133 Θεοῦ
2719 3084 2812 3135 καὶ
2841 3083 2976 3149 Θεὸς
3006 3093 3453 3162 σεσαρκωμένος,
3487 3097 3620 3162 Θεός
3652 3118 3710 3152 τε

2122 3165 2287 3229 αὐτὸς
2313 3167 2452 3237 ὁμοῦ
2474 3171 2569 3224 καὶ
2593 3173 2897 3244 ἅνθρωπος,
2925 3179 2986 3230 ού
3015 3181 3280 3252 σύγχυσιν
3305 3186 3568 3255 ὑποστὰς,
3591 3194 3711 3247 οὐδὲ

2043 3247 2088 3311 C
2118 3257 2384 3330 διαίρεσιν
2423 3263 2747 3334 ὑπομείνας,
2791 3270 2976 3341 φέρων
3007 3273 3064 3326 ὲν
3318 3281 3425 3334 τῶν
3457 3247 3710 3355 ἐτεροου-

2117 3347 2248 3401 σίων
2295 3350 2389 3404 δύο
2423 3352 2641 3421 φύσεων
2691 3358 2813 3412 καθ’
2873 3359 3172 3420 ὑπόστασιν
3217 3370 3543 3442 ἀσυγχύτως
3591 3378 3709 3448 ἅμα

2115 3440 2209 3492 καὶ
2231 3441 2556 3515 ἁδιαιρέτως
2591 3449 2886 3518 ἡνωμένων
2916 3454 3013 3516 τὰς
3041 3461 3279 3524 φυσικὰς
3327 3440 3617 3536 ἰδιότητας,
3649 3473 3709 3524 τὸ

2114 3534 2332 3586 κτιστὸν
2359 3537 2453 3588 καὶ
2476 3536 2537 3588 τὸ
2566 3538 2852 3608 ἄκτιστον,
2883 3545 2946 3598 τὸ
2969 3545 3164 3618 θνητὸν
3199 3553 3296 3606 καὶ
3325 3556 3386 3608 τὸ
3411 3558 3710 3625 ἀθάνατον,

2112 3621 2173 3675 τὸ
2210 3625 2405 3694 ὁρατὸν
2441 3629 2534 3679 καὶ
2575 3629 2636 3681 τὸ
2671 3630 2940 3701 ἀόρατον,
2971 3643 3031 3689 τὸ
3079 3646 3461 3712 περιγραπτὺν
3507 3649 3602 3702 καὶ
3644 3652 3708 3704 τὸ

2111 3712 2548 3787 ἀπερίγραπτον,
2579 3719 2722 3774 θεῖόν
2751 3741 2808 3776 τε
2849 3725 3064 3799 θέλημα
3111 3733 3207 3786 καὶ
3232 3737 3580 3807 ἀνθρώπινον
3615 3743 3710 3795 θέ-

2112 3808 2284 3876 λημα,
2315 3807 2466 3862 θείαν
2490 3810 2796 3883 ἐνέργειαν,
2828 3819 2888 3870 ού
2927 3821 3036 3890 μὴν
3064 3823 3202 3878 ἀλλὰ
3236 3830 3329 3880 καὶ
3352 3829 3708 3902 ἀνθρωπίνην

2110 3897 2397 3966 ἐνέργειαν
2421 3938 2436 3964 ,
2472 3901 2798 3968 αὐτεξούσιά
2845 3924 2904 3959 τε
2939 3909 3033 3962 δύο
3061 3951 3076 3976 ,
3112 3912 3255 3968 θεῖον
3303 3917 3572 3984 ὡσαύτως
3608 3927 3706 3976 καὶ

2109 3986 2466 4059 ἀνθρώπινον,
2499 3991 2568 4044 τά
2599 4009 2658 4044 τε
2684 3993 2805 4048 θεῖα
2835 3995 3114 4069 θαύματα,
3147 4005 3242 4058 καὶ
3274 4007 3342 4060 τὰ
3370 4010 3701 4081 ἀνθρώπινα

2109 4080 2280 4151 πάθη,
2313 4081 2383 4134 τὰ
2429 4085 2636 4152 φυσικά
2691 4103 2836 4157 φημι
2877 4093 2974 4144 καὶ
3003 4094 3322 4168 ἀδιάϐλητα.
3355 4080 3524 4155 Ὅλον
3586 4104 3702 4176 γὰρ

2105 4169 2198 4222 τὸν
2239 4172 2457 4242 πρῶτον
2500 4174 2672 4245 Ἀδὰμ
2713 4176 2806 4230 τὸν
2839 4181 2951 4251 (89)
2982 4186 3089 4255 πρὸ
3157 4189 3256 4260 τῆς
3296 4169 3696 4264 παραϐάσεως..

2104 4259 2196 4311 τὸν
2231 4261 2508 4330 ἁμαρτίας
2539 4264 2848 4338 ἐλεύθερον,
2883 4273 3168 4344 ἁνέλαϐες,
3197 4259 3477 4349 Δέσποτα,
3518 4285 3605 4340 διὰ
3630 4259 3699 4342 τὰ

2106 4348 2395 4421 σπλάγχνα
2427 4353 2614 4419 ὲλέους
2665 4374 2783 4424 σου,
2832 4360 3022 4428 σῶμα,
3051 4365 3268 4440 ψυχὴν,
3305 4348 3583 4441 νοῦν,νκαὶ
3627 4382 3702 4434 τά

2101 4435 2308 4496 τούτων
2343 4445 2551 4513 φυσικὰ
2586 4447 2876 4520 ἰδιώματα,
2911 4455 2978 4508 ἵν’
3006 4456 3114 4528 ὅλῳ
3165 4478 3259 4530 μοι
3291 4466 3390 4539 τὴν
3417 4477 3697 4546 σωτηρίαν

2101 4533 2302 4605 χαρίσῃ
2324 4552 2339 4568 ο
2375 4536 2544 4603 ὄντως
2592 4542 2700 4614 γὰρ
2729 4545 2791 4598 τὸ
2822 4547 3234 4622 ἀπρόσληπτον,
3273 4533 3656 4632 ἀθεράπευτον
3680 4586 3691 4599 ·

2102 4626 2195 4676 καὶ
2227 4623 2403 4690 οὕτως
2435 4629 2661 4702 μεσίτης
2707 4633 2844 4688 Θεοῦ
2879 4640 2975 4692 καὶ
3005 4642 3317 4714 ἀνθρώπων
3353 4655 3650 4726 γενόμενος
3676 4701 3694 4723 ,

2099 4716 2199 4787 τὴν
2229 4717 2429 4788 ἔχθραν
2462 4720 2656 4790 ἔλυσας
2677 4766 2691 4791 ,
2726 4730 2820 4782 καὶ
2853 4733 2930 4803 τῷ
2964 4734 3041 4805 σῷ
3081 4737 3260 4811 Harp!
3287 4716 3417 4809 τοῦς

2099 4820 2198 4867 τας
2237 4808 2589 4879 προσήγαγες
2613 4854 2628 4878 ,
2662 4815 2724 4868 τὸ
2771 4808 3592 4908 πεπλανημένον-ὲπέστρεφας,
3631 4847 3696 4898 τὸ

2105 4898 2480 4970 ἐσκοτωμένον
2509 4905 2806 4978 ὲφώτισας,
2835 4913 2896 4967 τὸ
2919 4926 3386 4994 συντετριμμένον
3399 4898 3691 4990 ’ἀνεκαίνι-

2099 5005 2236 5056 σας,
2281 4993 2346 5045 τὸ
2401 4994 2642 5068 φθαρτὸν
2700 5003 2782 5065 εἰς
2829 5005 3143 5077 ἀφθαρσίαν
3201 5018 3542 5087 μετὲὃαλες·
3587 5030 3690 5100 τῆς

2099 5080 2188 5100 __,\
2241 5082 2296 5100 ΛΙ
2470 5087 2485 5099 ‘
2519 5088 2528 5100 '
2719 5093 2730 5100 ⁸
2904 5097 2914 5100 “

2095 5080 2363 5137 πολυθέου
2425 5087 2641 5159 πλάνης
2678 5093 2780 5162 τὴν
2825 5097 3006 5152 κτίσιν
3050 5102 3438 5178 ἡλευθέρωσας
3465 5130 3478 5143 ·
3519 5080 3686 5175 τέκνα

2092 5173 2227 5227 Θεοῦ
2273 5178 2401 5241 τοὺς
2449 5180 2774 5252 ἀνθρώπους
2832 5192 3176 5263 πεποίηκας,
3235 5208 3529 5271 κοινωνοὺς
3583 5215 3686 5284 τῆς

2093 5265 2120 5284 Δ
2164 5266 2174 5284 ν
2441 5273 2524 5284 δι’·
2719 5279 2729 5284 ⁸
2825 5283 2833 5284 ί

3507 5265 3522 5271 -
3640 5265 3685 5284 ..

2093 5265 2244 5330 θείας
2295 5287 2390 5322 σου
2436 5273 2596 5344 δόξης
2649 5279 2779 5343 τοὺς
2816 5283 3191 5356 ἡτιμημένους
3226 5294 3546 5364 ἁνέδειξνς·
3593 5307 3687 5360 τὸν

2093 5361 2622 5436 καταδεδικασμένον
2653 5369 2722 5424 τὰ
2755 5373 2854 5443 τῆς
2896 5377 3000 5447 γῆς
3033 5385 3386 5458 καταχθόνια,
3423 5393 3688 5467 ὑπεράνω

2151 5512 2616 5610 ςκ8>1ἰαίεκιᾷὐο
2635 5527 3058 5610 φύσεωντηιίαιε
3109 5539 3157 5610 in
3201 5540 3361 5601 Billio
3405 5549 3599 5608 desunt
3630 5565 3683 5610 ct

2079 5583 2458 5644 Volaterrana.
2495 5583 2653 5650 Cum.
2670 5609 2846 5653 tamen
2883 5598 2966 5656 'iis
3003 5609 3237 5665 maxime

2079 5662 2284 5680 ,ωημῂ
2321 5675 2467 5680 _,__,,
2584 5668 2592 5676 .
2711 5670 2720 5680 .
2803 5671 2812 5680 .
3037 5679 3060 5680 ρ

2077 5662 2287 5765 tessera
2315 5668 2979 5765 eorumuni‘orthpdoxam
3005 5662 3677 5765 Chalredonensissi/uigil;

2097 5739 2127 5765 It
2155 5743 2238 5765 um
2278 5745 2320 5765 ῃι
2351 5745 2536 5765 υηισριιυ
2593 5755 2600 5765 .
2623 5750 2744 5765 ..Ι-γι.
2775 5756 2876 5765 ....-.
2903 5760 2943 5765 ,η
2978 5761 3036 5765 -.η
3085 5751 3131 5765 ιι.

2075 5725 2546 5812 fident‘a'dvcrsus
2577 5735 2945 5808 Eutyrhianus
2978 5725 3387 5812 profiterentur:

2151 5795 2641 5896 gratulatur.th
2682 5795 2829 5896 ἰιιείι
2884 5795 3446 5896 ima...;'.‘:;.“'.'i.':,;{u,
3502 5836 3679 5894 codex

2076 5865 2314 5935 prxfert.
2345 5865 2448 5928 Alii
2477 5873 2565 5928 τὸν
2603 5865 2914 5950 παραϐάσει
2945 5865 3292 5948 πεπέωκότα.
