4012 6338
224 315 346 375 705
1053 313 1378 373 lIOIlIILIA
1415 314 1440 371 1
1480 312 1559 373 1N
1600 310 2133 372 DORMITIONEM
2172 312 2240 374 Β.
2270 312 2333 372 ν.
2373 313 2652 374 manus.
3377 321 3482 385 706

228 430 427 500 πάσης
453 424 627 497 ἀρχῆς
658 422 753 476 καὶ
793 421 1041 488 ἐξουσίας
1085 422 1357 491 ἀνήγαγες
1382 463 1395 485 ,
1445 423 1503 474 ὲν
1532 422 1608 492 τῷ
1638 422 1814 493 Θρόνῳ
1845 454 1856 484 λ

1933 423 2089 487 Ἰῧῧιί;
2130 422 2270 491 quod
2300 424 2615 490 contritum,
2646 424 2995 494 instaurasti;
3028 429 3171 497 quod
3197 440 3482 502 corrupte-

230 521 320 591 τῷ
352 515 616 590 βασιλικῷ
654 515 743 566 τὸν
774 514 852 575 είς
875 512 976 581 γῆν
1003 511 1390 583 ἀποστρέφειν,
1422 514 1514 566 καὶ
1555 513 1647 566 τὸν
1680 514 1810 584 eam

228 615 413 666 οίκεῐν
447 604 855 677 κατακριθέντα
878 645 891 668 ,
928 606 988 655 ὲν
1030 602 1249 672 σεαυτῷ
1281 603 1557 668 ὲκάθισας.
1593 605 1687 667 Τίς
1719 600 1813 658 οὖν

238 706 354 759 τῶν
378 701 620 770 ἀπείρων
650 696 856 750 τούτων
884 693 1105 762 ἀγαθῶν
1128 734 1143 756 ,
1171 693 1279 747 τῶν
1308 696 1448 766 ὑπὲρ
1482 697 1655 749 πάντα
1687 695 1812 749 νοῦν

216 797 341 850 καὶ
375 790 679 858 κατάληψιν
707 831 721 853 ,
748 788 1107 860 ἐργαστήριον
1140 787 1362 855 γέγονεν
1387 806 1400 854 ;
1439 788 1558 858 οὐχὶ
1582 790 1614 859 ἡ
1643 789 1702 841 σὲ
1726 806 1812 842 τε-

232 886 417 939 κοῦσα
455 880 873 950 Ἀειπέιρθενος;

1920 514 1983 568 lae
2013 513 2324 578 obnoxium,
2349 515 2740 584 incorruptioni
2798 519 3078 573 restituisti
3112 535 3126 573 :
3164 529 3475 576 creaturam

1918 604 1987 658 ab
2040 604 2271 658 erratico
2332 604 2625 659 multorum
2688 609 2969 662 numinum
3009 611 3153 665 cultu
3189 611 3478 667 liberasti:

1920 695 2165 750 homines
2193 696 2284 750 Dei
2321 696 2457 751 lilios
2488 697 2710 752 eﬂ'ecisti
2740 717 2752 752 :
2782 709 3120 769 contemples
3142 710 3194 755 et
3220 701 3475 766 infames,

1920 787 2118 842 divinae
2165 787 2353 855 gloriae
2399 797 2503 843 tua:
2561 800 2843 845 consortes
2874 788 3197 846 reddidisti:
3229 808 3351 848 eum
3383 794 3477 861 qui

1920 880 1987 932 ad
2015 879 2218 934 inferas
2249 888 2404 934 terra:
2427 891 2609 949 partes
2652 883 2940 938 damnatus
2974 896 3114 951 erat,
3151 899 3312 953 super
3358 900 3480 940 om-

234 988 368 1026 nem
398 974 754 1042 principatum
786 977 840 1024 et
860 977 1179 1037 potestatem
1233 968 1528 1038 provexisti
1565 987 1579 1023 :
1616 976 1671 1022 et
1706 970 1798 1038 qui
1841 968 1914 1021 ita
1969 970 2225 1024 multatus
2282 981 2420 1034 erat,
2486 984 2543 1026 ut
2600 974 2653 1028 in
2710 985 2909 1028 terram
2968 988 3372 1041 reverteretur,
3431 980 3481 1032 et

235 1064 516 1118 infernum
574 1062 864 1127 incoleret,
935 1064 986 1114 in
1019 1063 1191 1131 teipse
1265 1061 1413 1130 regio
1463 1060 1514 1114 in
1569 1060 1764 1115 throno
1798 1061 2159 1116 collocasti".
2214 1063 2467 1128 Quasnam
2532 1065 2695 1133 igitur
2740 1066 3132 1123 immensorum
3219 1070 3482 1123 b‘onorum

232 1155 473 1208 istorum
503 1170 622 1223 quae
645 1164 861 1223 captum
882 1155 1109 1223 ﬁonmem
1155 1162 1211 1209 et
1272 1153 1810 1223 comprehensionem
1875 1162 2152 1223 superant,
2216 1156 2426 1211 olIicina
2460 1155 2598 1210 fuit?
2655 1172 2832 1211 annon
2870 1169 3125 1229 perpetua
3163 1161 3336 1230 virgo,
3366 1174 3484 1229 qua:

236 1259 301 1300 te
332 1248 384 1301 itt
415 1246 585 1299 lucem
618 1246 820 1299 edidit?

316 1334 380 1388 δ’.
423 1335 616 1405 Ὁρᾶτε
646 1334 781 1403 (90),
817 1335 958 1403 φίλοι
993 1334 1113 1404 Θεῷ
1163 1334 1407 1404 Πατέρες
1434 1335 1528 1388 καὶ
1560 1334 1775 1403 ἀδελφοὶ
1799 1373 1814 1398 ,

236 1429 344 1497 τῆς
376 1427 657 1498 παρούσης
690 1428 906 1497 ἡμέρας
937 1429 1035 1498 τὴν
1083 1428 1264 1498 χάριν.
1323 1429 1517 1497 Ὁρᾶτε
1541 1469 1554 1489 ,
1595 1429 1695 1497 τῆς
1722 1426 1816 1479 νῦν

236 1517 670 1587 εύιρημουμένης
689 1518 750 1569 τὸ
775 1517 974 1587 ὑψηλὸν
997 1519 1092 1570 καὶ
1121 1517 1411 1588 σεϐάσμιον
1436 1518 1541 1582 ;Οὑ
1573 1514 1814 1587 φρικώδη

1992 1336 2047 1388 4.
2086 1332 2309 1401 Videtis,
2342 1335 2449 1388 Deo
2482 1334 2658 1389 dilecti
2683 1336 2870 1392 Patres
2905 1352 2967 1392 ac
3008 1337 3225 1405 fratres,
3262 1340 3485 1410 hujusce

1923 1424 2028 1479 diei
2056 1427 2305 1495 gratiam.
2355 1424 2560 1480 Videtis
2617 1442 2779 1496 quam
2814 1429 3057 1484 sublimis
3082 1446 3144 1485 ac
3180 1434 3484 1487 veneranda

1922 1516 2011 1569 illa
2044 1518 2134 1581 sit,
2158 1518 2311 1583 cujus
2343 1532 2485 1570 nunc
2514 1518 2701 1571 laudes
2757 1519 3124 1575 celebrantur.
3150 1523 3343 1576 Annon
3378 1531 3487 1577 tre-

238 1611 317 1662 ’τὰ
348 1608 552 1677 ταύτης
586 1609 892 1678 μυστήρια;
934 1608 995 1660 οὑ
1030 1607 1307 1675 θαύματος
1332 1609 1603 1677 γέμοντας
1641 1606 1818 1677 μακά-

1933 1610 2116 1664 menda
2153 1610 2266 1678 ejus
2293 1610 2590 1679 mysteria?
2622 1611 2817 1664 Annon
2876 1612 3253 1667 admirationis
3282 1614 3486 1684 plena?

245 1721 360 1772 ριοι
390 1704 437 1754 οἱ
468 1701 724 1771 ὁρῶντες,
755 1701 830 1763 ὡς
882 1700 1009 1753 ἰδεῖν
1043 1700 1154 1771 (9i)
1191 1701 1658 1772 πρεπωδέστατον.
1701 1700 1821 1753 Μα-

243 1795 431 1864 κάριοι
460 1794 509 1845 oi
538 1793 731 1862 νοεράν
780 1792 1111 1861 κτησάμενοι
1150 1793 1399 1863 αἴσθησιν
1428 1793 1440 1844 ί
1492 1789 1612 1845 Dia:
1645 1793 1821 1860 φωτὸς

240 1886 533 1957 ἀστραπαὶ
569 1885 666 1954 τὴν
709 1884 990 1954 παροῦσαν
1026 1883 1194 1937 νύκτα
1241 1882 1775 1952 καταφαιδρύνουσιν
1805 1881 1817 1933 l

243 1974 359 2031 οἷαι
384 1977 630 2046 ἀγγέλων
662 1976 977 2047 δορυφορίαι
1006 1976 1105 2044 τὴν
1138 1978 1236 2045 τῆς
1265 1975 1581 2044 ζωαρχικῆς
1611 1972 1821 2043 μητρὸς

246 2070 679 2138 καταγλαῖζουσι
712 2067 968 2137 κοίμησιν
995 2084 1007 2097 ⁸
1045 2062 1154 2120 οἷαι
1184 2067 1499 2119 ἀποστόλων
1540 2065 1822 2135 θεηγορίαι

240 2161 345 2230 τὴν
391 2158 620 2227 κηδείαν
671 2156 765 2208 τοῦ
802 2155 1061 2225 Θεοδὸχου
1103 2153 1351 2223 σώματος
1385 2152 1818 2223 μακαρίζουσινί

248 2252 375 2314 Πῶς
410 2252 439 2302 ὁ
467 2248 563 2301 τοῦ
592 2248 729 2301 Θεοῦ
769 2250 962 2314 Λόγος,
992 2248 1019 2299 ὁ
1047 2246 1247 2315 ταύτης
1278 2245 1392 2307 υίὸς
1424 2245 1490 2296 δι’
1518 2244 1824 2312 εὐσπλαγχ-

244 2343 370 2394 νίαν
397 2340 656 2409 γενέσθαι
688 2339 1137 2409 καταδεξάμενος,
1168 2337 1511 2398 δεσποτικαῖς
1545 2335 1825 2404 παλάμαις

245 2436 318 2503 τῇ
341 2432 590 2502 πανιγίᾳ
611 2430 781 2503 ταύτῃ
803 2429 896 2482 καὶ⁵
914 2428 1162 2500 θειοτάτῃ
1182 2428 1268 2497 οἵᾳ
1294 2427 1458 2496 μητρὶ
1476 2424 1822 2494 λειτουργῶν,

246 2524 348 2594 τὴν
390 2522 542 2592 ἱερὰν
575 2520 750 2591 ψυχὴν
792 2521 904 2590 (92)
936 2519 1286 2588 ὑποδέχεται;
1327 2518 1391 2570 Ὢ
1420 2516 1626 2585 ἀγαθοῦ
1667 2532 1826 2585 νομο-

248 2616 411 2667 Θέτου
437 2615 451 2666 l
492 2612 567 2683 μὴ
592 2611 949 2679 ὑποκείμενος
978 2610 1147 2680 νόμῳ,
1183 2610 1274 2662 τὶν
1301 2608 1465 2676 νόμον
1494 2608 1598 2677 πλη
1610 2607 1738 2676 ρῶν,
1767 2605 1825 2659 ὃν

252 2706 421 2769 αὐτὸς
461 2704 784 2757 ἐνετείλατο.
815 2702 988 2765 Αὐτὸς
1012 2701 1118 2770 γάρ
1149 2702 1261 2763 τοῖς
1292 2698 1505 2767 γονεῦσι
1550 2698 1646 2768 τὴν
1677 2699 1826 2765 6'95:—

250 2796 350 2867 λὴν
372 2797 501 2858 τοὺς
520 2793 712 2857 παῖδας
730 2793 914 2863 νέμειν
933 2791 1347 2860 ὲθεσμοθὲτησε.
1362 2792 1521 2859 Τίμα,
1546 2788 1699 2859 φησὶ,
1723 2787 1828 2841 τὸν

252 2887 489 2955 πατέρα
518 2885 614 2937 καί
643 2883 755 2952 τὴν
788 2882 1010 2954 μητέρα
1033 2895 1171 2936 σου.
1196 2881 1317 2935 Ὅτι
1345 2881 1401 2934 δὲ
1428 2881 1625 2951 ἀληθὲς
1646 2880 1822 2943 τοῦτο,

1920 1699 2070 1754 Beati
2117 1702 2207 1769 qui
2271 1701 2474 1765 vident,
2511 1709 2771 1768 quantum
2833 1704 3067 1758 maxime
3123 1704 3297 1759 decet.
3333 1705 3484 1759 Beati

1921 1792 2012 1860 qui
2047 1792 2378 1861 intelligendi
2400 1808 2615 1847 sensum
2647 1802 2770 1846 sunt
2797 1796 3093 1848 consecuti.
3122 1796 3318 1861 Quales
3347 1796 3486 1851 lucis

1924 1880 2166 1951 fulgetra:
2197 1893 2515 1948 prmsentem
2552 1890 2764 1936 noctem
2793 1882 3082 1936 illustrant!
3106 1883 3292 1949 Qualia
3319 1899 3486 1954 ange-

1924 1974 2098 2028 lorum
2148 1974 2400 2028 satellitia
2428 1976 2619 2027 matris
2663 1974 2806 2027 illius
2836 1990 2903 2027 ex
2945 1989 3052 2043 quo
3091 1978 3200 2029 vita
3233 1986 3351 2030 orta
3382 1986 3485 2045 est,

1923 2066 2125 2121 obitum
2208 2066 2602 2119 cohonestant!
2670 2065 2861 2130 Qualia
2911 2067 3298 2135 ;apostolorum
3376 2069 3488 2125 Deo

1928 2155 2140 2210 amante
2170 2156 2724 2226 proloquia,corporis
2749 2158 3090 2226 bujus,quod
3124 2162 3284 2213 Deum
3313 2176 3493 2216 susce-

1925 2249 2023 2316 pit,
2056 2247 2214 2301 l‘uuus
2249 2250 2540 2301 exornant!
2582 2249 2859 2313 Quomodo
2903 2248 2997 2302 Dei
3053 2248 3309 2315 Verbum,
3344 2254 3491 2321 quod

1926 2354 2022 2407 pro
2044 2354 2137 2391 sua
2174 2338 2523 2392 miseratione
2553 2340 2694 2393 illius
2727 2340 2864 2395 effici
2898 2341 3039 2395 ﬁlius
3064 2342 3340 2409 dignatum
3376 2353 3483 2408 est,

1926 2427 2218 2482 Dominicis
2257 2430 2505 2483 manibus
2535 2429 2645 2483 suis
2673 2431 3030 2485 sanctissima:
3061 2430 3186 2485 huic
3220 2431 3492 2485 divinissi-

1926 2536 2155 2591 mmque,
2175 2529 2355 2588 utpote
2374 2522 2555 2583 matri,
2585 2522 2830 2576 ministra
2842 2536 2919 2586 ns,
2947 2531 3345 2576 sacrosanctam
3372 2538 3496 2577 sus-

1928 2613 2068 2680 cepit
2098 2612 2357 2666 animam.
2386 2610 2429 2665 Ο
2452 2614 2672 2679 probum
2699 2611 3080 2680 legislatorem!
3102 2611 3200 2677 Qui
3233 2612 3333 2680 legi
3373 2613 3496 2665 sub-

1924 2702 2096 2771 jectus
2125 2718 2227 2755 nou
2257 2712 2359 2768 est,
2389 2703 2556 2772 legem
2601 2703 2786 2769 implet
2811 2718 2969 2771 quam
3005 2704 3274 2772 ipsetulit.
3314 2703 3494 2772 Siqui—

1928 2793 2048 2847 dem
2071 2794 2183 2863 ipse
2204 2793 2372 2864 legem
2402 2794 2603 2859 tulit,ut
2629 2794 2720 2848 lilii
2748 2796 2984 2849 debitum
3008 2795 3236 2848 ofﬁcium
3260 2796 3495 2864 parenti—

1929 2886 2030 2938 bus
2054 2886 2310 2940 tribuant.
2338 2884 2573 2949 Honora,
2595 2885 2783 2953 inquit,
2806 2897 3005 2954 patrem
3027 2897 3175 2939 tuum
3201 2895 3249 2938 et
3271 2895 3493 2939 matrem

256 2977 422 3030 παντί
455 2993 559 3028 που
589 2974 766 3045 δῆλον,
788 2973 864 3044 τῷ
893 2973 994 3025 κᾶν
1031 2971 1222 3043 μικρὸν
1256 2972 1384 3039 γοῦν
1414 2970 1521 3023 τῶν
1548 2970 1706 3023 θείων
1730 2970 1827 3039 τῆς

1933 2976 2087 3045 86],
2123 2986 2265 3028 luam
2293 2975 2360 3028 ⁸⁵.
2398 2976 2508 3029 lloc
2547 2986 2724 3029 autem
2764 2992 2948 3031 verum
2984 2992 3126 3043 esse,
3160 2978 3332 3032 cuivis
3369 2994 3495 3047 pcr-

254 3068 420 3137 ἀγίας
447 3066 669 3136 Γραιρῆς
700 3064 1206 3134 μεταμεμυημένων
1232 3063 1342 3132 (95)
1372 3062 1584 3129 λογίων.
1615 3063 1676 3114 Εἰ
1701 3063 1828 3132 γὰρ,

255 3157 332 3219 ὼς
365 3157 533 3226 φησὶν
564 3156 596 3223 ἡ
618 3154 735 3205 θεία
757 3151 945 3222 Γραφὴ
961 3194 974 3216 ,
993 3153 1186 3221 ψυχαί
1209 3152 1449 3204 δικαίων
1463 3150 1532 3203 ἐν
1552 3151 1699 3218 χειρί
1717 3154 1831 3204 Κυ-

253 3251 415 3316 ρίου,
450 3249 552 3300 ούκ
580 3246 716 3315 αὐτὴ
754 3245 950 3315 μᾶλλον
980 3248 1098 3307 ταῖς
1116 3243 1273 3314 χερσὶ
1289 3243 1382 3297 τοῦ
1413 3243 1543 3296 Υίοῦ
1572 3245 1665 3296 καὶ
1698 3241 1830 3295 Θεοῦ

259 3341 433 3410 αύτῆς
469 3338 568 3408 τὴν
593 3338 767 3408 ψυχὴν
794 3336 1181 3406 παρατίθηται.
1224 3333 1454 3404 Ἀληθὴς
1482 3334 1509 3384 ὁ
1531 3332 1707 3401 λόγος,
1737 3332 1833 3385 καὶ

262 3434 447 3502 πάσης
478 3429 782 3498 ἀντιλογίας
806 3429 1123 3499 ὑπέρτερος.
1159 3426 1293 3478 Ἀλλ’
1314 3428 1362 3478 εἰ
1385 3427 1552 3489 δοκεῖ,
1568 3426 1649 3489 τίς
1671 3424 1830 3495 αῦτη,

262 3525 361 3575 καὶ
410 3521 595 3585 πόθεν,
649 3520 742 3573 καὶ
785 3518 898 3582 πῶς
954 3517 1030 3587 τῷ
1078 3517 1303 3587 παρόντι
1351 3516 1668 3587 χαρισθεῖσα
1715 3516 1832 3586 βίῳ,

261 3614 436 3677 δῶρον
462 3611 719 3664 ἁπάντων
742 3610 849 3661 τῶν
874 3607 965 3661 τοῦ
984 3606 1118 3659 Θεοῦ
1142 3606 1480 3677 δωρημάτων
1508 3606 1835 3677 ὑψηλότερον

268 3705 390 3773 ἅμα
408 3702 504 3756 καὶ
528 3700 983 3771 προσφιλέστερον
1009 3698 1237 3750 δέδοται.
1264 3692 1394 3748 Οἴάν
1421 3713 1479 3748 τε
1501 3697 1597 3764 τὴν
1624 3698 1679 3748 ἐν
1702 3696 1835 3764 τῷδε

261 3795 344 3864 τῷ
386 3794 487 3864 βίῳ
517 3793 796 3865 διατριϐὴν
846 3791 1164 3860 πεποίηται,
1213 3790 1307 3843 καὶ
1347 3789 1473 3842 οἴων
1526 3789 1837 3858 μυστηρίων

262 3884 521 3951 ἠξίωται,
550 3881 850 3949 διεξίωμεν.
886 3880 948 3933 Εἰ
981 3880 1089 3949 γὰρ
1118 3880 1245 3941 τοὺς
1272 3879 1688 3946 κατοιχομένους
1722 3881 1840 3928 ἐπι⁹

261 3972 499 4043 ταφίοιςν
537 3972 885 4043 γεραίροντες
935 3970 1228 4039 Ἕλληνες,
1278 3970 1385 4021 πᾶν
1429 3970 1618 4037 ὅτιπερ
1654 3968 1839 4036 ἑώρων

263 4042 573 4133 ἀγώγιμοι,
606 4063 756 4136 πάσῃ
780 4062 980 4133 σπουδῇ
1016 4062 1418 4129 συνεισέφερον,
1446 4060 1519 4121 ὡς
1544 4060 1607 4111 ἂν
1634 4059 1709 4128 τῷ
1744 4059 1840 4128 μὲν

264 4156 673 4226 εύφημουμένῳ
716 4153 1146 4224 κατηρτισμένον
1191 4153 1251 4205 τὸ
1286 4151 1559 4221 ἐγκώμιον
1596 4151 1838 4221 γένηται,

262 4252 382 4311 τοῖς
429 4248 488 4301 δὲ
537 4247 906 4315 λειπομένοις,
962 4246 1118 4314 ζῆλος
1164 4243 1281 4312 ἅμα
1321 4243 1453 4312 πρὸς
1502 4242 1701 4310 ἀρετὴν
1751 4244 1842 4292 καὶ

1934 3069 2176 3136 spicuum
2206 3075 2309 3128 est,
2356 3069 2443 3137 qui
2471 3067 2551 3121 vel
2579 3069 2839 3122 tantillum
2876 3070 2926 3122 in
2962 3069 3159 3123 divinis
3195 3070 3493 3137 Scriptum

1932 3158 2166 3217 oraculis
2182 3158 2422 3212 eruditus
2443 3157 2533 3213 sit.
2548 3156 2679 3212 Nam
2694 3159 2763 3222 si,
2781 3170 2837 3212 ut
2852 3158 3069 3214 Littera:
3085 3160 3274 3214 divinae
3292 3161 3490 3221 ferunt,

1932 3246 2207 3301 Justorum
2228 3249 2489 3302 animwin
2517 3265 2675 3302 manu
2694 3248 2792 3303 Dei
2810 3251 3019 3315 sunt”;
3051 3266 3226 3305 annon
3252 3251 3363 3320 ipsa
3392 3266 3495 3304 ma-

1935 3339 2018 3409 gis
2046 3340 2100 3393 in
2122 3339 2239 3394 Filii
2265 3340 2465 3409 Deique
2482 3341 2561 3395 sui
2590 3356 2780 3395 manus
2804 3342 3036 3396 animam
3066 3343 3495 3397 commendavit?

1934 3426 2108 3481 Verus
2134 3427 2222 3482 hic
2255 3441 2434 3482 sermo
2465 3437 2563 3489 est,
2597 3443 2659 3482 ac
2692 3428 2996 3497 sublimior,
3020 3445 3178 3498 quam
3206 3439 3263 3483 ut
3293 3430 3414 3498 quis
3446 3430 3495 3482 ei

1936 3519 2106 3587 possit
2134 3519 2428 3574 adversari.
2466 3519 2658 3574 Verum
2684 3520 2727 3574 si
2767 3521 2962 3589 placet,
2991 3537 3240 3590 quasnam
3282 3523 3418 3592 ipsa,
3444 3532 3498 3575 et

1936 3608 2099 3669 unde,
2130 3617 2184 3662 et
2213 3615 2323 3677 Quo
2372 3618 2530 3678 pacto
2562 3608 2763 3663 nmudo
2795 3610 2933 3663 huic
2969 3625 3225 3666 concessa
3263 3611 3352 3675 sit,
3388 3625 3501 3663 mu-

1939 3713 2038 3754 nus
2069 3700 2306 3753 omnium
2331 3699 2424 3754 Dei
2451 3701 2956 3768 prtestantissinmm
2980 3701 3139 3755 simul
3167 3712 3221 3755 et
3248 3700 3501 3755 charissi-

1939 3803 2083 3840 mum
2110 3804 2123 3840 :
2163 3802 2281 3855 qua:
2312 3789 2439 3841 item
2473 3789 2571 3857 ipsi
2601 3789 2653 3841 in
2691 3790 2792 3842 hoc
2837 3789 3034 3842 saeculo
3064 3791 3186 3842 vitae
3213 3789 3353 3841 ratio
3384 3787 3501 3843 fne-

1941 3880 2028 3942 rit,
2059 3876 2113 3931 ét
2143 3892 2371 3945 quorum
2404 3878 2719 3947 mysterium
2753 3879 3027 3946 particeps
3049 3879 3163 3930 ﬁeri
3192 3878 3380 3930 merita
3406 3879 3497 3941 sit,

1943 3983 2040 4037 pro
2087 3968 2226 4020 virili
2275 3979 2454 4021 nostra
2505 3967 2932 4023 consideremus.
2966 3965 3021 4019 Si
3066 3967 3208 4019 enim
3251 3967 3501 4035 gentiles,

1942 4074 2033 4113 eos
2061 4058 2151 4125 qui
2180 4072 2210 4111 e
2239 4058 2345 4110 vita
2379 4042 2759 4110 discessissent
2812 4056 3128 4110 funebribus
3156 4057 3499 4111 orationibus

1943 4158 2286 4213 exornantes,
2324 4148 2373 4199 id
2404 4161 2563 4201 omne
2588 4147 2729 4214 quod
2758 4147 3156 4201 adalliciendos
3186 4148 3493 4201 auditorum

1944 4241 2151 4293 animos
2172 4240 2640 4292 accommodatum
2686 4255 2805 4293 esse
2843 4248 3152 4301 cernerent,
3190 4239 3336 4292 ouini
3384 4249 3502 4293 stu-

265 4339 635 4409 τταρὰκλησις·
682 4337 867 4408 μύθοις
908 4336 963 4388 δὲ
1013 4337 1087 4398 ὼς
1139 4337 1206 4387 τὰ
1258 4334 1427 4386 πολλὰ
1463 4336 1553 4384 καὶ
1594 4332 1841 4400 ἀπείροις

1944 4331 2035 4383 dio
2081 4332 2450 4393 conferebant,
2480 4336 2682 4383 tum'nt
2713 4330 2830 4396 ejus
2861 4346 3020 4399 quem
3078 4331 3364 4383 laudabant
3390 4329 3503 4383 suis

263 4430 558 4499 πλάσμασι
586 4428 674 4479 τὸν
702 4428 857 4494 λόγον
884 4426 1187 4494 ὲξύφαινον,
1218 4424 1428 4477 οἴκοθεν
1466 4424 1537 4491 μὴ
1570 4421 1840 4489 κεκτημέ-

266 4539 377 4573 νων
418 4520 531 4571 τῶν
581 4519 929 4587 ὑμνουμένων
963 4518 1201 4570 ἔπαινον·
1244 4515 1359 4577 πῶς
1404 4517 1565 4582 ἡμεῖς
1610 4512 1677 4564 τὰ
1721 4512 1840 4565 λίαν

265 4610 453 4680 ἁληθῆ
488 4609 583 4662 καὶ
614 4609 901 4678 σεϐάσμια,
934 4609 1026 4661 καὶ
1050 4608 1217 4669 ὄντως
1253 4606 1380 4657 ὄντα
1420 4608 1530 4666 τοῖς
1564 4605 1725 4655 πᾶσιν
1757 4606 1842 4654 ε)-

265 4705 463 4770 λογίας
507 4703 723 4772 ἁπάσης
754 4702 844 4753 καὶ
890 4701 1159 4770 σωτηρίας
1192 4699 1444 4767 πρόξενα,
1476 4697 1630 4765 σιγῆς
1665 4695 1839 4763 βυθοῐς

266 4800 330 4851 τὸ
350 4796 443 4849 τοῦ
466 4795 625 4863 λόγου
648 4794 1006 4863 καλύψαντες,
1030 4793 1089 4843 ού
1111 4791 1274 4842 πολὺν
1295 4789 1594 4859 ὀφλήσομεν
1611 4787 1841 4852 γέλωτα,

265 4888 366 4939 καὶ
408 4884 488 4954 τῷ
534 4884 645 4952 (91)
682 4882 1090 4951 κατακρύψαντι
1134 4881 1194 4930 τὸ
1232 4878 1493 4931 τάλαντον
1539 4876 1638 4942 τῆς
1679 4873 1846 4940 αὑτῆς

264 4979 431 5046 δίκης
460 4972 799 5043 τευξόμεθας
841 4973 939 5041 τῆς
978 4970 1265 5038 συντομίας
1302 4966 1394 5021 τοῦ
1433 4965 1591 5031 λόγου
1630 4965 1846 5033 φροντί-

268 5068 489 5135 ζοντες,
516 5067 591 5129 ὡς
618 5065 683 5119 ἂν
717 5065 791 5134 μὴ
824 5068 943 5127 ταῖς
978 5065 1163 5123 ἀκοαῖς
1196 5060 1449 5129 πολέμιος
1489 5057 1732 5125 γένηται,
1773 5054 1848 5116 ὡς

262 5160 456 5233 τροφὴ
485 5161 598 5221 τοῖς
630 5157 875 5227 σώμασιν
909 5154 1335 5225 ὑπερϐάλλουσα.

1948 4422 2190 4475 numeris
2221 4420 2523 4473 absolutum
2579 4420 2882 4473 encomium
2931 4430 3093 4481 esset,
3127 4427 3237 4473 tum
3304 4430 3361 4472 ut
3388 4417 3511 4472 reli-

1948 4526 2082 4577 quos
2108 4510 2173 4561 ad
2208 4511 2461 4559 virtutem
2494 4507 2794 4559 excitarent
2836 4515 2890 4558 et
2918 4508 3265 4559 hortarentur
3292 4506 3391 4575 (sic
3430 4514 3509 4558 ta-

1951 4616 2070 4654 men
2104 4608 2157 4650 ut
2184 4599 2496 4666 plerumque
2550 4594 2744 4649 fabulis
2808 4599 3187 4665 sexcentisque
3247 4597 3512 4667 ﬁgmentis

1950 4704 2254 4743 sermonem
2287 4697 2551 4747 texerent,
2573 4701 2693 4737 cum
2728 4685 2761 4737 ii
2795 4700 2933 4752 quos
2983 4686 3346 4753 praedicabant
3381 4687 3510 4739 nihil

1947 4797 2012 4836 ex
2044 4779 2274 4849 propriis
2297 4792 2402 4845 quo
2432 4777 2637 4829 laudem
2671 4787 3030 4839 mererentur,
3070 4776 3380 4845 haberent),
3418 4789 3513 4826 cur

1952 4888 2067 4935 nos,
2099 4873 2142 4926 si
2170 4886 2230 4923 ea
2263 4885 2381 4938 qum
2419 4868 2698 4923 verissima
2725 4877 2775 4921 et
2810 4868 2955 4921 oinui
2983 4869 3140 4939 digna
3165 4866 3513 4921 veneratione

1950 4972 2096 5026 sunt,
2133 4975 2357 5028 qumque
2421 4959 2853 5014 benedictionem
2908 4974 3124 5012 omnem
3184 4966 3240 5010 et
3283 4953 3510 5008 salutem

1949 5053 2196 5106 omnibus
2226 5051 2541 5113 attulerunt,
2580 5050 2712 5115 alto,
2744 5060 2802 5103 ut
2855 5050 3073 5111 dicitur,
3107 5046 3323 5101 silentio
3369 5043 3516 5096 obte-

1952 5148 2209 5207 xerimus,
2235 5160 2336 5198 non
2375 5146 2645 5213 ingentem
2671 5143 2838 5196 nostri
2870 5143 3037 5193 risum
3069 5138 3389 5198 excitemus,
3427 5135 3515 5188 tn-

265 5219 761 5323 qhe'e'amdethn
785 5263 945 5317 quam
976 5219 1031 5301 is.
1049 5246 1137 5314 qui
1166 5243 1421 5297 talentum
1454 5239 1735 5295 abscondit
1765 5238 1835 5285 "-
1912 5230 2128 5324 ptenam
2180 5233 2521 5289 incidamus?
2587 5231 2852 5296 Quocirca
2910 5231 3121 5283 initium
3176 5224 3388 5280 dicendi
3430 5219 3541 5299 {ay

345 5406 399 5439 ⁸³
430 5402 597 5474 Greg.
624 5402 757 5456 Naz.
788 5403 948 5471 epist.
988 5415 1024 5455 Il
1052 5400 1128 5451 Ad
1153 5398 1301 5452 Clod.

346 5554 850 5640 (ρνὶῐῖ-ειλάθεῑοι-
1005 5623 1017 5640 ,
1111 5638 1147 5640 ί,

343 5623 467 5696 (91)
498 5627 563 5680 lt.
598 5623 817 5677 δυνατόν
834 5641 896 5696 τε
934 5623 1029 5675 καὶ
1054 5623 1516 5693 πρεπωδέστατον.

345 5694 467 5773 (92)
499 5697 687 5751 Germ.
721 5694 1025 5747 ὑποδύεται.

1401 5397 1444 5426 ⁸⁵
1473 5394 1643 5450 Exod.
1681 5408 1770 5460 xx,
1808 5391 1894 5447 12.
1959 5367 2018 5423 ’⁸⁸
2051 5392 2181 5459 Sep.
2215 5406 2298 5453 ιιι,
2334 5389 2380 5441 1.
2461 5385 2507 5417 ⁸⁸
2536 5384 2724 5438 Matth.
2762 5397 2886 5448 xxv,
2919 5381 3009 5434 ‘15.

2027 5541 2137 5607 (93)
2165 5540 2291 5609 Reg.
2328 5540 2691 5609 μεμυημένων
2720 5538 2932 5606 λογίων.

2028 5613 2138 5684 {95)
2167 5613 2293 5678 Iit'g.
2330 5613 2386 5661 τὸ
2419 5612 2677 5663 τάλαντον
2711 5609 3087 5676 κατορύξαντι.
