4018 6342
513 312 617 378 707

1677 307 1738 365 S.
1781 303 2098 365 JOANNIS
2140 302 2571 362 DAMASCENI

3659 296 3771 360 708

518 422 745 485 ciamus,
775 417 845 472 ita
903 425 1079 473 tamen
1113 424 1173 470 ut
1196 411 1448 470 brevitati
1472 411 1808 475 Studeamus,
1841 426 1907 465 ne
1934 408 2159 463 auribus
2194 411 2369 463 oratio
2425 411 2622 464 evadat
2655 407 2901 473 inimica,
2938 407 3074 473 fnon
3103 418 3259 461 secus
3310 420 3373 460 ac
3438 406 3767 470 corporibus

520 508 1030 569 modumrexcedens
1053 507 1228 561 cibus.

588 599 642 653 5.
672 596 915 651 Joachim
971 602 1026 649 et
1076 594 1233 647 Anna
1279 600 1538 661 parentes
1566 590 1683 659 ejus
1737 590 1975 645 fuerunt.
2006 588 2077 642 Ac

2256 590 2318 637 ε’.
2379 584 2634 654 Ἰωακεὶμ
2684 585 2777 637 καὶ
2834 585 2999 636 Ἀννα
3052 585 3101 637 οί
3148 586 3351 656 ταύτης
3406 586 3760 657 γεννήτορεςο

515 686 757 744 Joaehim
791 684 1008 753 quidem
1042 683 1188 738 velut
1216 683 1484 753 quispiam
1541 681 1722 735 ovium
1755 689 1960 753 pastor,
1991 694 2082 733 eo-

516 780 801 850 gitationes
833 790 940 829 non
1001 775 1182 830 minus
1233 789 1394 844 quam
1452 786 1646 843 pecora
1698 772 1973 840 pascebat,
2003 772 2070 825 ad

516 865 803 920 arbitrium
861 863 980 918 illas
1038 862 1266 917 ducens.
1297 860 1433 916 Cum
1479 861 1624 915 enim
1696 861 1797 915 sub
1849 858 2079 914 Domino

517 957 626 1012 Deo
650 955 766 1010 ovis
796 955 965 1010 instar
992 962 1325 1024 pasceretur,
1379 952 1540 1006 nullis
1566 966 1753 1006 eorum
1785 965 1904 1020 quae
1929 949 2073 1019 opti-

515 1061 598 1100 ma
633 1053 780 1112 sunt,
815 1043 1053 1099 carebat.
1095 1041 1311 1112 Optima
1370 1051 1733 1107 autemnemo
1795 1054 1883 1093 me
1933 1048 2082 1108 putet

514 1136 710 1201 dicere,
745 1150 863 1204 quae
907 1134 1182 1204 plerisque
1221 1143 1440 1201 accepta
1469 1138 1617 1195 sunt,
1645 1141 1698 1184 et
1728 1130 1925 1207 quibus
1966 1132 2081 1184 avi-

514 1228 723 1282 diorum
760 1226 1035 1280 hominum
1065 1237 1279 1293 semper
1299 1224 1510 1277 animus
1538 1222 1732 1286 inhiat,
1761 1236 1883 1290 quae
1912 1236 2084 1292 neque

514 1318 772 1373 durabilia
813 1325 1001 1385 suapte
1032 1325 1223 1370 natura
1261 1323 1428 1378 sunt,
1474 1327 1573 1367 nec
1625 1312 1901 1368 meliorem
1960 1328 2082 1367 cum

512 1424 541 1463 a
585 1423 692 1477 quo
719 1407 1019 1477 habentur,
1061 1414 1317 1475 prtestare
1348 1413 1545 1459 norunt
1585 1403 1780 1474 (hujus
1828 1402 2082 1457 nimirum

512 1500 697 1556 saeculi
749 1499 1082 1569 voluptates,
1143 1511 1260 1565 qua:
1309 1495 1416 1549 vim
1485 1494 1693 1548 ﬁrmam
1738 1502 1792 1548 et
1836 1494 2082 1549 stabilem

512 1593 710 1648 habere
740 1598 1033 1661 nequeunt,
1062 1590 1157 1644 sed
1197 1601 1321 1642 mox
1358 1586 1612 1652 ellluunt,
1652 1595 1706 1641 et
1752 1586 1937 1640 eadem
1974 1585 2083 1639 fere

512 1684 641 1737 hora
689 1681 1041 1749 dilabuntur),
1095 1679 1309 1734 tametsi
1358 1678 1549 1732 horum
1599 1678 1751 1747 copia
1799 1675 2084 1731 abundet?

510 1772 662 1826 Absit
688 1772 790 1825 hoc
818 1788 831 1824 :
865 1784 968 1824 non
993 1779 1242 1823 nostrum
1259 1775 1341 1822 est
1372 1767 1457 1822 his
1495 1765 1731 1834 percelli,
1760 1780 1933 1835 neque
1955 1779 2082 1833 pars

512 1861 615 1914 ista
645 1869 727 1915 est
752 1861 1051 1914 timentium
1072 1859 1378 1913 Dominum.
1409 1856 1606 1911 Verum
1625 1871 1685 1913 ea
1707 1858 1919 1911 demum
1942 1856 2078 1910 bona

511 1959 670 2013 sunt,
709 1965 826 2018 qua:
854 1964 978 2005 vere
1009 1949 1076 2003 ab
1110 1947 1416 2002 hominibus
1448 1961 1577 2000 sana
1621 1956 1801 2002 mente
1844 1947 2081 2015 praeditis

509 2050 835 2111 expetuntur
867 2048 921 2094 et
946 2040 1283 2103 adamantur,
1312 2053 1431 2107 qua;
1460 2038 1512 2092 in
1544 2046 1802 2093 aeternum
1833 2048 2076 2107 manent,

508 2134 701 2206 quibus
738 2141 846 2189 tntn
878 2132 1018 2189 Deus
1040 2129 1371 2196 oblectatur,
1418 2138 1528 2183 tum
1562 2138 1802 2200 maturus
1839 2131 2079 2201 ipsorum

509 2224 915 2294 possessoribus
936 2222 1140 2279 fructus
1158 2224 1517 2291 producatur:
1552 2220 1801 2286 virtutes,
1838 2222 2076 2293 inquam,

507 2330 626 2386 qua:
664 2314 895 2369 fructum
935 2314 986 2368 in
1030 2322 1270 2383 tempore
1308 2328 1438 2380 suo,
1481 2313 1531 2367 id
1560 2322 1643 2369 est
1673 2313 1725 2367 in
1756 2312 1937 2370 futuro
1964 2329 2079 2371 aevo

509 2408 672 2461 vitam
700 2416 955 2461 aeternam
987 2407 1053 2460 iis
1083 2406 1283 2460 daturae
1314 2411 1457 2468 sunt,
1486 2404 1576 2472 qui
1610 2405 1766 2475 digne
1793 2420 1885 2461 eas
1920 2420 2079 2461 exco-

509 2497 729 2562 luerint,
752 2505 806 2551 et
837 2509 935 2565 pro
954 2496 1068 2549 suis
1084 2493 1289 2548 viribus
1313 2493 1522 2548 labores
1547 2494 1599 2547 in
1618 2508 1709 2549 cas
1731 2495 2074 2551 contulerint.

510 2588 685 2642 Labor
742 2588 938 2657 quippe
977 2585 1247 2653 przecedit,
1268 2592 1429 2653 atque
1451 2592 1650 2639 mterna
1682 2583 1911 2641 felicitas
1935 2587 2080 2643 inse-

509 2678 707 2747 quitur.
749 2676 992 2731 Joaehim
1043 2689 1169 2731 suas
1212 2674 1356 2730 intus
1402 2674 1757 2745 cogitationes
1801 2676 2075 2744 pascebat,

511 2770 565 2823 in
600 2770 712 2823 loco
749 2783 958 2835 pascua:
986 2768 1054 2834 ⁸⁷,
1085 2767 1185 2823 hoc
1219 2775 1321 2831 est,
1353 2767 1405 2821 in
1434 2781 1713 2822 sacrorum
1740 2766 2076 2837 eloquiorum

510 2859 957 2927 contemplatione
978 2872 1337 2925 commorans,
1358 2868 1404 2912 ct
1431 2874 1586 2927 super
1612 2875 1807 2929 aquam
1838 2859 2079 2928 refectio-

509 2954 588 3004 m's
616 2952 661 2982 ⁸⁸
690 2950 883 3004 divina)
915 2952 1099 3021 gratiae
1132 2959 1304 3006 semet
1341 2949 1619 3006 obiectans
1647 2969 1660 3005 :
1705 2952 1785 3007 sic
1821 2951 2074 3007 nimirum

509 3050 566 3094 ut
602 3056 631 3092 a
666 3040 823 3093 malis
860 3040 1018 3095 rebus
1047 3055 1139 3095 cas
1203 3049 1494 3105 avocaret,
1529 3049 1583 3095 et
1615 3040 1961 3112 perjustitiae
1989 3056 2076 3097 se-

508 3134 665 3187 mitas
696 3132 1005 3187 deduceret.
1040 3132 1193 3185 Anna
1238 3146 1368 3187 vero
1389 3170 1405 3197 ,
1435 3131 1587 3201 cujus
1625 3145 1819 3186 nomen
1848 3132 2073 3200 gratiam

2194 673 2470 745 Ίωακεὶμ,
2505 674 2691 745 ὥσπερ
2731 692 2816 738 τις
2853 674 3140 745 προϐάτων
3184 676 3418 747 ποιμὴν,
3463 677 3561 747 οὐχ
3596 674 3762 748 ἦττον

2182 762 2362 833 νέμων
2386 765 2511 825 τοὺς
2541 763 2863 834 λογισμοὺς,
2895 764 3043 832 ἄγων
3088 782 3146 817 τε
3185 768 3306 820 κατ’
3352 768 3601 833 ἐξουσίαν
3636 770 3761 823 ὅποι

2184 854 2443 924 βούλοιτο,
2474 857 2506 925 ἢ
2548 856 2614 909 τά
2657 855 2967 926 θρέμματα.
3009 857 3142 909 Ὑπὸ
3175 859 3365 929 Κυρίῳ
3394 860 3501 930 γὰρ
3531 860 3609 929 τῷ
3638 860 3761 931 Θεῷ

2180 946 2255 1011 ὡς
2302 947 2571 1016 πρόϐατον
2621 948 3082 1017 ποιμαινόμενος,
3126 948 3337 1013 οὐδενὸς
3378 949 3486 1002 τῶν
3517 950 3759 1021 ἀρίστων

2183 1038 2462 1109 ἐστέρητο.
2503 1040 2735 1109 Ἀριστα
2780 1038 2837 1091 δὲ
2879 1038 3058 1108 λέγειν
3105 1039 3293 1109 μηδεὶς
3332 1040 3524 1093 οἰέσθω
3555 1059 3621 1110 με
3645 1080 3659 1105 ,
3689 1044 3760 1095 τὰ

2181 1131 2294 1192 τοῖς
2335 1130 2547 1192 πολλοῖς
2583 1130 2929 1199 καταθύμια,
2967 1130 3102 1200 πρὸς
3129 1130 3165 1184 ἀ
3209 1133 3241 1199 ἡ
3278 1132 3387 1184 τῶν
3437 1132 3760 1203 λιχνοτέρων

2182 1220 2270 1273 ἀεὶ
2316 1222 2520 1274 διάνοια
2554 1221 2815 1291 κέχηνεν,
2851 1221 2886 1275 ἂ
2940 1222 3075 1292 μήτε
3131 1222 3468 1291 παραμένειν
3521 1222 3756 1292 πέφυκε,

2187 1314 2323 1383 μήτε
2360 1313 2605 1383 βελτίονα
2642 1314 2774 1386 δρᾷν
2805 1314 2898 1366 τὸν
2942 1315 3277 1383 κεκτημένον
3315 1316 3637 1380 ἐπίσταται,
3686 1319 3758 1371 τὰ

2181 1403 2277 1456 τοῦ
2324 1409 2588 1475 παρόντος
2624 1404 2740 1475 βίου
2788 1404 3028 1475 τερπνὰ,
3064 1403 3099 1456 ἃ
3143 1405 3217 1475 μὴ
3264 1404 3487 1458 δύναται
3532 1406 3760 1476 βεϐαίαν

2183 1496 2412 1566 δύναμιν
2442 1495 2747 1565 κτήσασθαι
2782 1495 2915 1565 (95),
2959 1494 3095 1547 ἀλλά
3125 1495 3254 1563 περὶ
3289 1494 3428 1547 αὐτά
3457 1500 3755 1568 καταρρεῖ,

2185 1589 2278 1642 καὶ
2312 1586 2557 1657 αύθωρὸν
2584 1586 2880 1650 διαλύεται,
2920 1587 2968 1639 εἰ
2997 1586 3090 1638 καὶ
3128 1586 3336 1639 τούτων
3370 1586 3570 1655 πολλὴν
3608 1584 3759 1657 εἶχον

2184 1680 2285 1752 τὴν
2318 1679 2654 1750 περιουσίαν.
2684 1680 2911 1746 νἈπαγε
2931 1694 2944 1708 ⁸
2976 1677 3035 1730 οὐ
3070 1678 3205 1749 πρὸς
3239 1678 3397 1748 ἡμῶν
3423 1677 3594 1731 ταῦτα
3618 1678 3755 1732 θαυ-

2189 1770 2419 1841 μάζειν,
2459 1771 2568 1824 οὐδ’
2598 1770 2739 1840 αῦτη
2782 1770 2941 1841 μερὶς
2985 1768 3093 1837 τῶν
3134 1769 3483 1839 φοϐουμένων
3516 1772 3607 1825 τὸν
3646 1773 3756 1825 Κύ-

2189 1877 2334 1930 ριον’
2380 1860 2516 1915 ἀλλά
2546 1860 2613 1914 τὰ
2647 1860 2860 1929 ἀγαθὰ,
2900 1860 2968 1914 τὰ
3009 1860 3177 1924 ὅντως
3215 1864 3327 1925 τοῖς
3362 1858 3421 1915 εὗ
3467 1865 3757 1934 φρονοῦσιν

2182 1951 2349 2020 ἐφετά
2383 1951 2475 2004 καὶ
2512 1950 2781 2021 ὲράσμια,
2811 1948 2848 2003 ἀ
2884 1948 3032 2019 μένει
3064 1948 3454 2015 διαιωνίζοντα,
3492 1952 3623 2005 Θεὸν
3656 1955 3757 2021 μὲν

2182 2042 2563 2114 εὐφραίνοντα,
2587 2041 2799 2110 καρπὸν
2819 2041 2874 2093 δὲ
2891 2043 3001 2102 τοῖς
3023 2041 3375 2112 κεκτημένοις
3399 2042 3757 2096 ἀνατέλλοντα

2180 2135 2418 2207 ὥριμον,
2451 2134 2550 2198 τὰς
2586 2133 2787 2205 ἁρετάς
2819 2134 2989 2203 φημὶ,
3038 2135 3092 2187 αἳ
3124 2132 3214 2186 τὸν
3243 2134 3450 2205 καρπὸν
3486 2136 3544 2187 ἐν
3574 2135 3758 2206 καιρῷ

2181 2229 2395 2295 αὐτῶν,
2428 2227 2504 2299 τῷ
2538 2226 2693 2280 αίῶνι
2738 2226 2881 2295 λέγω
2924 2225 3189 2296 μέλλοντι,
3224 2224 3367 2296 ζωὴν
3401 2226 3615 2280 αἰώνιον
3646 2227 3755 2279 δώ-

2183 2338 2355 2385 σουσι,
2386 2323 2497 2383 τοῖς
2520 2337 2583 2389 γε
2611 2318 2776 2385 ἀξίως
2804 2318 3213 2388 φιλοπονήσασι,
3241 2319 3335 2370 καὶ
3356 2319 3755 2388 προσενέγκασι

2178 2411 2270 2465 τὸν
2295 2411 2504 2464 ἑαυτῶν
2534 2408 2711 2462 πόνων
2745 2408 2845 2478 ὅση
2879 2398 3131 2477 δύναμις.
3160 2406 3326 2470 Πόνος
3358 2408 3457 2476 μὲν
3485 2408 3594 2478 γὰρ
3622 2425 3754 2479 προσ

2180 2500 2491 2572 πορεύεται,
2524 2499 2713 2551 ἕπεται
2752 2498 2809 2550 δὲ
2844 2497 3183 2567 μακαριότης
3218 2496 3436 2559 αἰώνιος
3464 2496 3593 2566 (96).
3638 2498 3756 2550 Ἕν-

2179 2591 2269 2654 τὸς
2306 2589 2560 2660 Ἰωακεὶμ
2593 2588 2841 2659 συνήθως
2895 2590 3019 2650 τοὺς
3047 2587 3280 2649 οἰκείους
3312 2587 3572 2657 ὲποίμανε
3604 2588 3756 2656 λογι-

2181 2684 2372 2755 σμοὺς,
2421 2683 2491 2737 ἐν
2532 2682 2693 2747 τόπῳ
2723 2680 2841 2749 μὲν
2867 2680 3060 2749 χλόης
3083 2720 3097 2744 ,
3126 2676 3235 2730 τῶν
3271 2678 3432 2749 ίερῶν
3461 2678 3654 2746 λογίων
3682 2682 3753 2750 τῇ

2179 2774 2382 2847 θεωρίᾳ
2411 2774 2841 2843 ἐναυλιζόμενος,
2885 2772 2982 2825 ἐπὶ
3017 2772 3234 2836 ὕδατος
3261 2770 3329 2822 δὲ
3356 2771 3757 2837 ἀναπαύσεως

2176 2869 2276 2937 τῆς
2312 2865 2463 2927 θείας
2504 2862 2931 2932 εὐφραινόμενος
2972 2861 3225 2931 χάριτος,
3261 2859 3320 2924 ἐξ
3353 2861 3570 2913 ἀτόπων
3629 2862 3757 2913 ἐπι-

2181 2954 2456 3025 στρέφων,
2488 2954 2582 3005 ὲπὶ
2610 2952 2666 3004 δὲ
2696 2952 2915 3023 τρίϐους
2951 2949 3295 3019 δικαιοσύνης
3324 2949 3553 3019 ὁδηγῶν.
3584 2950 3757 3002 "Aw:

2177 3045 2233 3099 δὲ
2259 3086 2274 3113 ,
2304 3045 2339 3116 ἢ
2373 3042 2551 3114 χάρις
2573 3041 2959 3113 ἑρμηνεύεται,
2991 3040 3089 3109 οὐχ
3112 3034 3272 3111 ἦττον
3319 3040 3620 3109 ὁμότροπος
3659 3034 3753 3109 ἦν,

2177 3140 2272 3192 καὶ
2296 3136 2602 3208 ὁμόζυγος,
2649 3136 2782 3187 πᾶσι
2814 3134 2911 3203 μὲν
2952 3131 3174 3200 ἀγαθοῖς
3206 3131 3454 3200 κομῶσαι,
3502 3131 3754 3201 μυστικῷ

507 3235 696 3287 sonat,
730 3240 833 3279 non
882 3224 1058 3278 minus
1098 3239 1342 3289 morum,
1383 3238 1544 3293 quam
1579 3223 1905 3278 matrimonii
1950 3220 2077 3293 jngo

2178 3233 2234 3287 δέ
2277 3250 2383 3285 τινι
2428 3230 2572 3298 λόγῳ
2622 3225 2963 3296 κατεχομένη
3002 3223 3080 3293 τῷ
3121 3224 3219 3293 τῆς
3264 3221 3602 3292 στειρώσεως
3650 3224 3755 3293 ἀρ-

510 3316 760 3385 mpttlala
814 3330 937 3368 cum
983 3314 1072 3368 illo
1115 3324 1279 3369 erat:
1331 3328 1449 3383 quae
1493 3323 1669 3368 tamen
1732 3328 1854 3368 cum
1910 3314 2075 3384 862

2178 3322 2514 3400 ρωστήματι.
2562 3317 2866 3386 Ἐστείρευε
2910 3316 3018 3384 γὰρ
3054 3314 3282 3381 ὅντωςή
3322 3314 3499 3382 χάρις,
3538 3314 3593 3363 ὲν
3628 3315 3753 3375 ταῖς

510 3408 656 3462 omni
710 3406 967 3460 virtutum
1020 3420 1215 3473 genere
1259 3404 1503 3471 ﬂoreret,
1558 3406 1786 3475 mystica
1840 3407 2075 3475 quadam

508 3499 716 3551 ratione
748 3496 1050 3551 sterilitatis
1082 3496 1269 3551 morbo
1302 3496 1604 3551 tenebatur.
1659 3495 1925 3551 Nimirum
1972 3506 2079 3553 ste-

507 3588 621 3642 rilis
667 3602 795 3641 vere
844 3586 1014 3655 gratia
1068 3594 1223 3650 erat,
1285 3600 1405 3655 quae
1439 3587 1491 3641 in
1539 3587 1816 3641 hominum
1883 3589 2078 3643 animis

507 3679 737 3732 fructum
786 3678 944 3732 cdere
993 3694 1099 3731 non
1134 3660 1332 3745 posset.
1375 3678 1653 3747 Siquidem
1679 3693 1866 3734 omnes
1904 3680 2077 3735 decli-

506 3778 787 3831 ttavcrunt,
818 3767 979 3821 simul
1010 3768 1226 3824 inutiles
1252 3768 1381 3823 facti
1410 3780 1566 3823 erant
1597 3787 1611 3823 :
1641 3784 1745 3824 non
1767 3780 1885 3825 erat
1912 3770 2076 3825 intel-

510 3860 721 3927 ligens.
772 3867 864 3912 aut
912 3859 1189 3928 requirens
1230 3860 1393 3913 Deum
1430 3860 1496 3913 ⁵⁸.
1542 3859 1678 3914 Tum
1730 3861 1904 3917 bonus
1938 3860 2078 3918 Deus

505 3965 696 4003 manus
728 3962 838 4003 suae
867 3948 1177 4018 figmentum
1225 3949 1519 4018 respiciens
1541 3958 1595 4004 et
1623 3950 1928 4017 miseratus,
1954 3964 2075 4004 cum

506 4040 632 4093 illud
677 4041 891 4093 tandem
914 4038 1097 4094 facere
1132 4040 1339 4095 salvum
1391 4040 1571 4105 vellet,
1605 4042 1823 4110 gratiae,
1858 4042 1960 4097 hoc
1991 4049 2076 4095 est

507 4130 692 4193 Annae,
735 4131 1071 4185 sterilitatem
1121 4130 1279 4185 solvit
1314 4148 1328 4195 ;
1365 4145 1483 4198 qua:
1522 4130 1684 4184 tiliam
1724 4114 1898 4199 parit,
1942 4147 2069 4201 quae

506 4219 569 4272 lis
600 4234 697 4273 nec
749 4229 875 4275 ante
911 4220 1048 4285 fuit,
1107 4233 1208 4273 nec
1265 4221 1490 4287 posthac
1537 4218 1715 4272 futura
1756 4230 1857 4274 est.
1903 4223 2066 4291 Atqui

505 4309 801 4363 sterilitatis
830 4308 1098 4374 depulsio,
1126 4306 1227 4360 hoc
1257 4306 1593 4374 apertissime
1638 4306 1910 4363 indicabat
1950 4311 2067 4367 fore

2172 3415 2282 3469 τῶν
2325 3410 2627 3480 ἀνθρώπων
2665 3408 2861 3477 ψυχαῖς
2903 3407 3270 3475 καρποφορεῖν
3312 3405 3413 3455 οὐκ
3458 3402 3750 3471 ἰσχύουσα’

2171 3505 2307 3558 διότι
2341 3503 2540 3563 πάντες
2569 3498 2867 3563 ἐξέκλιναν,
2902 3496 3017 3565 ἅμα
3046 3494 3446 3564 ἠχρειὼθησαν,
3487 3495 3583 3545 οὐκ
3620 3488 3687 3561 ἦν
3721 3496 3753 3542 ὁ

2176 3594 2371 3650 συνιὼν
2393 3633 2408 3658 ,
2436 3593 2536 3645 οὐκ
2562 3587 2629 3662 ἦν
2661 3592 2688 3642 ὁ
2720 3587 2965 3658 ἐκζητῶν
3009 3587 3097 3638 τὸν
3129 3585 3280 3638 Θεόν.
3316 3580 3445 3637 Εἶτα
3487 3585 3515 3636 ό
3544 3583 3751 3652 ἀγαθὸς

2173 3687 2306 3750 Θεὸς
2336 3684 2555 3748 ἐπιδὼν,
2595 3683 2692 3736 καὶ
2726 3679 3175 3749 κατοικτειρήσας
3204 3678 3301 3747 τῆς
3332 3677 3535 3738 οίκείας
3567 3675 3753 3745 χειρὸς

2173 3778 2235 3831 τὸ
2264 3776 2718 3846 πλαστούργημα,
2747 3773 2843 3825 καὶ
2860 3771 3016 3823 τοῦτο
3037 3767 3315 3840 βουληθεὶς
3337 3766 3747 3827 ἀνασώσασθαι,

2174 3864 2289 3919 λύει
2315 3865 2413 3936 τὴν
2436 3864 2533 3934 τῆς
2563 3864 2783 3932 χάριτος
2809 3859 3112 3927 στείρωσιν,
3139 3858 3239 3926 τῆς
3263 3859 3462 3927 Ἀννης
3483 3856 3623 3926 φημὶ
3648 3856 3751 3925 τῆς

2174 3958 2483 4029 θεόφρονος,
2506 3957 2600 4009 καὶ
2617 3956 2790 4007 τίκτει
2818 3952 3000 4015 παῖδα,
3024 3950 3109 4003 οἵα
3128 3950 3189 4001 οὐ
3214 3949 3475 4018 πρότερον
3501 3947 3747 4015 γέγονεν,

2175 4049 2288 4103 οὐδ’
2324 4044 2392 4101 αὖ
2434 4046 2595 4100 πάλιν
2623 4032 2932 4114 γενήσεται.
2989 4040 3050 4093 'H
3077 4040 3134 4092 δὲ
3160 4039 3257 4107 τῆς
3290 4036 3627 4107 στειρώσεως
3655 4036 3752 4088 λύ-

2180 4158 2266 4204 σις
2312 4140 2500 4211 ἐδήλου
2549 4138 2861 4206 σαφέστατα
2909 4134 3007 4204 τὴν
3058 4130 3324 4202 κοσμικὴν
3372 4129 3484 4181 τῶν
3524 4128 3748 4195 ἀγαθῶν

2174 4231 2504 4301 λυθήσεσθαι
2549 4228 2866 4299 στείρωσιν,
2916 4227 3011 4278 καὶ
3058 4225 3158 4293 τῆς
3207 4222 3516 4293 ἀπορρήτου
3564 4235 3747 4289 μακα-

2172 4321 2418 4391 ριότητος
2442 4318 2897 4393 καρπογονεῖσθαι
2936 4318 2995 4371 τὸ
3024 4316 3292 4384 στέλεχος.

507 4406 564 4450 ut
596 4397 855 4451 bonorum
882 4395 1157 4460 sterilitas,
1191 4410 1297 4464 qua
1331 4394 1559 4450 mundus
1587 4395 1900 4464 laborabat,
1936 4402 2077 4458 subn‘

2178 4421 2384 4479 aretur,
2416 4425 2472 4467 et
2546 4422 2766 4467 truncus
2833 4409 3016 4464 aridus
3060 4408 3278 4477 capioso
3342 4418 3554 4460 arcanae
3612 4401 3749 4455 bea«

510 4486 753 4543 titndinis
799 4483 976 4538 fructu
1019 4483 1337 4539 donaretur.

576 4576 630 4631 6.
672 4575 797 4628 Eam
842 4574 911 4627 ob
939 4588 1049 4627 rem
1082 4572 1173 4629 Dei
1198 4572 1440 4629 Genitrix
1461 4588 1527 4629 ex
1550 4577 1905 4645 promissione
1939 4596 2065 4651 pro-

2243 4584 2318 4649 ς’.
2371 4583 2651 4637 Ἐντεῦθεν
2686 4586 2719 4654 ή
2749 4584 3010 4645 Θεοτόκος
3037 4581 3095 4645 ἐξ
3124 4580 3449 4648 ἐπαγγελίας
3479 4581 3743 4651 προέρχε-

507 4670 608 4724 dit.
640 4664 873 4735 Angelus
902 4664 1042 4719 enim
1073 4665 1356 4721 uasciturae
1381 4668 1786 4737 conceptionem
1830 4673 2068 4739 parenti-

506 4760 607 4814 bus
634 4757 752 4825 ejus
777 4758 1005 4810 nuntiat.
1042 4755 1250 4826 Quippe
1299 4759 1655 4814 conveniebat
1702 4771 1761 4813 ιιι
1784 4761 1882 4816 hac
1904 4762 2065 4816 etiam

508 4862 567 4903 re
605 4846 735 4902 nulli
778 4847 1012 4910 cederet,
1040 4861 1138 4901 nec
1164 4847 1491 4914 posteriores
1517 4858 1698 4916 partes
1732 4848 1917 4915 ferret,
1948 4865 2067 4921 quae

2168 4691 2281 4729 ται.
2320 4674 2583 4743 Ἀγγελος
2610 4673 2719 4745 γὰρ
2748 4672 3087 4744 καταμηνύει
3123 4672 3219 4741 τῆς
3246 4671 3613 4742 γενησομένης
3641 4675 3742 4742 τὴν

2171 4762 2449 4832 σύλληψιν.
2483 4764 2731 4834 Ἕπρεπε
2770 4762 2879 4831 γὰρ
2910 4763 3010 4814 κάν
3048 4759 3223 4830 τούτῳ
3267 4760 3342 4829 μὴ
3386 4759 3742 4814 ἐλαττοῦσθαί

2169 4871 2330 4918 τινος,
2357 4855 2390 4924 ἢ
2422 4854 2607 4925 φέρειν
2639 4854 2707 4907 τὰ
2736 4853 2983 4923 δεύτερα,
3013 4852 3112 4923 τὴν
3140 4851 3234 4905 τοῦ
3264 4851 3425 4921 μόνου
3451 4852 3545 4904 καὶ
3573 4853 3744 4916 ὄντως

505 4941 677 4996 solum
710 4952 944 5008 vereque
964 4936 1268 5007 [perfectum
1298 4936 1461 4991 Deum
1509 4939 1800 4993 secundum
1848 4954 2067 4994 carnem

2178 4946 2373 4999 τελείου
2406 4944 2541 4998 Θεοῦ
2568 4944 2833 5015 ἐσομένην
2856 4944 2999 4998 κατά
3030 4944 3207 5014 σάρκα
3236 4942 3574 5013 λοχεύτριαν.
3610 4939 3746 4997 Είτα

506 5040 623 5088 erat
647 5032 910 5104 paritura.
943 5030 1076 5085 Tum
1106 5029 1158 5083 in
1188 5039 1536 5083 sacrosancto
1568 5030 1656 5083 Dei
1686 5031 1881 5100 templo
1908 5031 2067 5085 oﬂ‘er-

500 5132 593 5177 tur
625 5131 681 5178 et
719 5130 1108 5178 consecratur:
1160 5121 1213 5174 in
1252 5133 1359 5186 quo
1406 5119 1477 5172 ita
1506 5119 1669 5189 degit,
1716 5130 1773 5172 ut
1806 5133 2063 5189 praestan-

626 5164 681 5178 ν.
720 5164 1054 5178 νυ..-ν.........
1095 5164 1108 5175 .
1255 5164 1355 5186 η..-
1407 5164 1477 5172 .._
1507 5164 1669 5189 ..-οη
1718 5164 1773 5172 η-
1806 5164 2034 5189 rma..."

506 5212 659 5269 tioris
694 5228 757 5268 ac
784 5213 1014 5283 purioris
1045 5227 1152 5281 prae
1175 5210 1387 5266 caeteris
1415 5211 1534 5265 vita:
1561 5210 1830 5279 specimen
1862 5164 2144 5281 ederent,

505 5318 533 5357 a
563 5304 800 5359 virorum
829 5313 883 5358 et
909 5302 1196 5360 mulierum
1237 5302 1374 5356 male
1400 5302 1709 5357 l‘eriatarum
1742 5290 2073 5373 commercii

571 5441 623 5472 ⁸⁷
648 5442 789 5498 Psal.
822 5458 959 5509 nn,
991 5443 1044 5495 2.
1124 5444 1168 5473 ⁸⁸
1201 5443 1329 5497 ibid.
1360 5446 1413 5498 5.
1491 5445 1535 5476 ⁸ο
1562 5444 1703 5499 Psal.
1732 5459 1849 5512 xm,
1878 5447 1932 5514 9.,
1968 5447 2020 5500 5.

811 5596 926 5668 ἀλλ’
946 5597 1103 5668 αύτά,
1132 5597 1345 5653 αὐτίκα.

577 5663 687 5735 (96)
726 5663 791 5718 Β.
819 5666 877 5717 ἐν
906 5666 1149 5731 ταύταις.

2165 5037 2244 5107 τῷ
2275 5036 2404 5108 ἱερῷ
2430 5037 2542 5107 ναῷ
2566 5036 2660 5089 τοῦ
2691 5035 2825 5089 Θεοῦ
2856 5035 3195 5101 ἀνατίθεται,
3226 5033 3503 5087 κάνταῦθα
3529 5034 3744 5104 διατρί-

2178 5130 2261 5182 ϐει
2283 5171 2296 5196 ,
2323 5130 2607 5200 κρείττονα
2640 5131 2733 5183 καὶ
2767 5129 3161 5201 καθαρωτέραν
3193 5129 3301 5183 τῶν
3329 5128 3503 5183 ἄλλων
3538 5126 3744 5179 ἐπιδει·

2174 5221 2413 5289 κνυμένη
2447 5219 2678 5290 σπουδὴν
2702 5220 2795 5274 καὶ
2824 5221 3190 5292 ἀναστροφὴν,
3217 5220 3432 5290 ἁπάσης
3463 5216 3745 5287 ἐπιμιξίας

2174 5311 2382 5382 ἀνδρῶν
2406 5314 2498 5366 καὶ
2521 5312 2749 5383 θηλειῶν
2770 5313 2985 5368 ἀτόπων
3007 5314 3116 5387 (97)
3144 5312 3562 5384 ἀπηλλαγμένη.
3600 5307 3743 5361 Ἀλλ’

2248 5602 2358 5672 (97)
2393 5602 2578 5659 Germ.
2608 5612 2661 5660 et
2686 5604 2834 5662 Colb.
2876 5578 3317 5677 ἀπηλλαγμένην.
