4018 6342
242 322 366 387 Ἧι9

1078 323 1404 382 ΠΟΜΙῙᾸΛ
1444 323 1473 382 Ι
1514 323 1594 383 IN
1635 323 2177 385 DORMITIONEM
2218 324 2281 383 Β.
2325 325 2389 386 ν.
2433 325 2714 385 ΜΛΒΙεΕ.

3434 329 3536 394 710

239 439 382 494 ἐπεὶ
418 437 518 508 τῆς
557 435 771 508 ἡλικίας
802 438 835 508 ἡ
871 434 1024 506 ἀκμὴ
1071 437 1445 523 κατελάμϐανε
1469 482 1484 505 ,
1523 439 1618 491 καὶ
1664 439 1848 509 μένειν

1960 446 2183 492 remota.
2209 436 2313 492 Sed
2337 453 2460 493 cum
2493 441 2557 492 ad
2588 439 2763 494 relatis
2795 438 2980 495 ﬂorent
3010 441 3370 511 pervenisset,
3408 459 3536 513 pro-

239 534 370 586 τῶν
391 529 712 603 ἀνακτόρων
745 528 893 582 ἔνδον
926 529 1174 600 νομίμως
1199 530 1514 601 ἀπείργετο,
1555 532 1848 602 μνηστῆρι,

242 623 456 678 ταύτὸν
493 623 552 676 δὲ
597 624 776 675 εἰπεῖν
813 621 1014 690 φύλακι
1056 621 1159 689 τῆς
1199 621 1499 692 παρθενίας
1523 664 1538 687 ,
1581 623 1719 694 πρὸς
1753 621 1849 675 τοῦ

243 713 425 785 χοροῦ
467 714 578 766 τῶν
621 712 813 782 ἱερέων
857 710 936 780 τῷ
976 711 1175 781 Ἰωσὴφ
1217 711 1618 782 ἐγχειρίζεται,
1662 711 1721 774 ὃς
1759 711 1850 764 τὸν

244 808 426 874 νόμον
450 803 920 874 ἀπαραχάρακτον
945 802 1110 872 μέχρι
1139 803 1326 872 γήρως
1351 803 1409 854 ὲν
1431 802 1714 874 συγκρίσει
1739 801 1849 854 τῶν

248 897 444 950 ἄλλων
469 895 760 963 ἐφύλαττε.
788 893 931 962 Πρὸς
958 891 1148 946 τοῦτον
1175 894 1208 956 ἡ
1238 892 1358 964 ἱερὰ
1389 893 1528 963 αὕτη
1552 895 1647 946 καὶ
1677 893 1848 946 πανά-

255 1004 462 1059 μωμος
507 987 688 1048 νεᾶνις
742 983 856 1055 (98)
899 983 1170 1053 διέτριϐε,
1202 985 1314 1045 τοῖς
1349 983 1470 1035 κατ’
1503 977 1652 1036 οἶκον
1702 999 1847 1034 στοι-

255 1078 459 1149 χοῦσα,
485 1079 584 1130 καὶ
613 1075 722 1128 τῶν
756 1074 864 1146 πρὸ
889 1075 990 1144 τῆς
1017 1074 1194 1137 οἰκίας
1225 1075 1393 1128 εἰδυῖα
1423 1075 1608 1145 μηδέν.

336 1169 404 1233 ζ’.
441 1170 570 1221 ’Ὅτε
605 1168 662 1222 δὲ
688 1163 818 1238 ἦλθε
846 1167 908 1219 τὸ
938 1166 1215 1237 πλήρωμα
1245 1165 1338 1220 τοῦ
1375 1167 1589 1238 χρόνον,
1626 1165 1700 1230 ὥς
1739 1184 1841 1237 φη-

256 1281 353 1316 σιν
375 1265 404 1316 ὁ
442 1262 585 1324 θεῖος
628 1260 974 1325 Ἀπόστολος,
1007 1260 1288 1330 ἀπεστάλη
1323 1260 1429 1313 ὑπὸ
1461 1259 1552 1313 τοῦ
1583 1258 1718 1312 Θεοῦ
1745 1261 1845 1328 ἄγ-

253 1353 424 1422 γελος
452 1351 691 1423 Γαϐριὴλ
721 1351 857 1422 πρὸς
886 1351 1091 1421 ταύτην
1119 1351 1218 1423 τὴν
1245 1350 1412 1413 ὅντως
1441 1350 1719 1416 θεόπαιδα,
1753 1351 1845 1404 καί

257 1461 400 1515 φησι
439 1445 573 1515 πρὸς
603 1443 1019 1514 αὐτὴνοΧιιῷε,
1052 1443 1488 1512 κεχαριτωμένη
1509 1484 1522 1507 ,
1562 1446 1596 1497 ό
1629 1442 1846 1511 Κύριος

251 1537 414 1604 μετὰ
451 1536 588 1591 σοῦ.
632 1536 811 1588 Καλὸν
850 1537 912 1590 τὸ
941 1535 1034 1589 τοῦ
1074 1537 1340 1604 ἀγγέλου,
1388 1537 1526 1606 πρὸς
1571 1535 1670 1604 τὴν
1705 1536 1845 1606 ὑπὲρ

185 1627 190 1630 ’
269 1629 509 1696 ἄγγελον
528 1628 914 1700 πρόσφθεγμα.
947 1628 1138 1700 Χαρὰν
1164 1629 1274 1700 γὰρ
1299 1629 1454 1699 φέρει
1477 1627 1841 1698 παγκόσμιον.

271 1723 342 1773 Ἠ
366 1721 424 1773 δὲ
456 1722 547 1773 ἐπὶ
568 1721 646 1790 τῷ
677 1721 819 1792 λόγῳ
849 1721 1147 1792 ἐταράχθη,
1177 1721 1278 1790 τῆς
1308 1723 1446 1790 πρὸς
1486 1720 1685 1792 ἄνδρας
1722 1721 1844 1790 ὁμι-

1958 530 2176 585 bibente
2217 530 2332 601 lege
2373 546 2440 586 ne
2482 532 2620 586 intra
2653 531 2835 602 templi
2867 542 3016 602 septa
3044 534 3300 605 deinceps
3329 545 3536 606 ageret,

1956 637 2185 692 sponso,
2217 637 2310 676 seu
2339 623 2667 692 virginitatis
2697 625 2928 690 custodi,
2960 638 2988 677 a
3011 625 3349 680 sacerdotum
3371 627 3540 682 choro

1956 715 2205 780 traditur,
2234 715 2324 784 qtti
2371 715 2540 784 legem
2564 715 2871 770 inviolatam
2902 717 2968 772 ad
2995 724 3328 771 senectutem
3366 734 3540 788 usqtte

1953 804 2174 875 perinde
2208 819 2271 858 ac
2299 807 2478 874 quivis
2505 805 2595 860 alii
2633 815 2965 860 servaverat.
2996 806 3151 877 Apud
3181 810 3322 862 hunc
3353 810 3542 878 itaque

1952 911 2108 951 sacra
2144 897 2280 963 haec,
2311 908 2363 952 et
2392 914 2614 968 prorsus
2666 900 2986 954 intaminata
3012 901 3192 970 puella
3225 917 3536 958 commora-

1951 987 2132 1053 batur,
2171 988 2314 1044 domi
2349 1004 2409 1044 se
2446 991 2750 1059 continens,
2783 991 3022 1062 nihilque
3050 1007 3235 1049 eorum
3263 1009 3384 1064 qua:
3414 1005 3541 1050 ante

1951 1078 2095 1134 fores
2125 1094 2252 1135 suas
2280 1093 2621 1151 gererentur,
2663 1083 2935 1154 cognitum
2972 1083 3197 1140 habens.

2023 1171 2075 1224 7.
2115 1169 2248 1226 Cum
2295 1182 2497 1238 autem,
2537 1184 2592 1229 ut
2624 1175 2841 1229 divinus
2863 1175 3154 1245 Apostolus
3184 1176 3261 1230 ait
3283 1175 3354 1242 ⁶⁰,
3379 1177 3534 1232 venit

1950 1259 2225 1326 plenitudo
2262 1264 2538 1332 temporis,
2569 1264 2634 1317 ad
2660 1265 2797 1320 hanc
2825 1279 2951 1321 vere
2991 1265 3084 1320 Dei
3121 1266 3285 1320 ﬁliam
3311 1269 3540 1336 angelus
3571 1289 3574 1294 ·

1950 1349 2165 1406 Gabriel
2205 1369 2232 1406 a
2276 1353 2387 1409 Deo
2416 1357 2613 1410 missus
2651 1365 2735 1412 est
2761 1397 2776 1422 ,
2827 1371 2992 1428 quam
3041 1357 3192 1413 hisce
3234 1361 3415 1416 verbis
3463 1375 3545 1418 est

1949 1441 2256 1498 allocutus:
2316 1447 2442 1510 Ave,
2487 1447 2660 1515 gratia
2717 1447 2894 1515 plena,
2957 1447 3212 1503 Dominus
3271 1460 3438 1504 tecum
3471 1453 3537 1497 "-

1950 1535 2212 1589 [‘rtnclara
2240 1550 2372 1590 sane
2396 1539 2570 1607 angeli
2598 1539 2662 1592 ad
2690 1554 2809 1594 eam
2841 1556 2960 1610 qua:
2983 1541 3190 1611 angelis
3221 1544 3538 1616 praestabat,

1950 1627 2222 1682 allocutio.
2268 1628 2533 1684 Gaudium
2587 1631 2729 1685 enim
2785 1633 2932 1688 orbis
2983 1636 3146 1690 totius
3197 1636 3376 1692 aliert.
3437 1637 3540 1693 Ista

1953 1736 2082 1776 vero
2119 1722 2189 1777 ob
2218 1738 2522 1780 sermonem
2555 1724 2672 1795 ejus
2713 1727 2922 1782 turbata
2973 1739 3054 1784 est
3078 1769 3094 1796 ,
3149 1739 3217 1789 ut.
3253 1746 3372 1801 quae
3418 1749 3540 1788 cum

258 1811 387 1875 λίας
425 1811 597 1882 ἀήθης
635 1812 977 1882 ὑπάρχουσα.
1042 1812 1324 1881 ’Λσφαλῶς
1375 1812 1480 1883 γὰρ
1521 1815 1710 1882 τηρεῖν
1746 1814 1847 1882 τὴν

1963 1813 2091 1868 viris
2119 1814 2348 1885 colloqui
2383 1815 2602 1872 minime
2657 1830 3042 1886 consueverat,
3091 1837 3212 1875 cum
3256 1824 3541 1894 virginita-

259 1905 574 1974 παρθενίαν
591 1905 892 1976 προῄρητο.
922 1903 1279 1975 Διελογίζετο
1301 1904 1357 1957 δὲ
1377 1904 1446 1957 ἐν
1467 1904 1652 1973 ἑαυτῇ
1677 1921 1857 1959 ποτα-

260 1997 384 2062 πὸς
412 1998 504 2064 εἴη
539 2000 572 2052 ὀ
597 1998 921 2066 ἀσπασμὸς
941 1993 1136 2063 οὗτος.
1171 1997 1283 2051 Καὶ
1321 1997 1458 2068 πρὸς
1489 1997 1658 2067 αὐτὴν
1696 1998 1726 2050 ὁ
1757 1998 1857 2064 ἄγ-

262 2089 424 2158 γελος
441 2105 456 2118 ·
478 2088 574 2156 Μὴ
612 2088 828 2157 φοϐοῦ,
848 2088 1104 2158 Μαριάμ·
1129 2083 1304 2157 εὗρες
1332 2088 1441 2158 γὰρ
1489 2087 1669 2156 χάριν
1697 2086 1857 2155 παρὰ

261 2181 345 2250 τῷ
367 2179 516 2248 Θεῷ.
561 2183 769 2246 Ὄντως
793 2183 902 2252 (99)
925 2174 1053 2253 εὗρε
1079 2182 1258 2253 χάριν,
1285 2184 1318 2252 ἡ
1339 2180 1464 2246 ἀξία
1486 2182 1584 2252 τῆς
1611 2181 1853 2252 χάριτος.

263 2269 412 2344 Εὗρε
440 2273 603 2345 χάριν
629 2275 662 2343 ἡ
690 2275 817 2336 τοὺς
851 2273 1046 2336 πόνους
1085 2273 1184 2344 τῆς
1216 2273 1436 2342 χάριτος
1465 2273 1852 2344 γεωργήσασα,

261 2366 361 2417 καὶ
391 2362 525 2416 πολὺ
548 2362 864 2433 δρεψαμένη
892 2362 984 2414 τὸν
1011 2361 1272 2432 ἄσταχυν.
1299 2355 1437 2431 Εὗρε
1461 2361 1644 2432 χάριν,
1673 2363 1707 2432 ἡ
1731 2363 1857 2426 τοὺς

265 2456 506 2526 σπόρους
542 2454 644 2524 τῆς
675 2455 896 2524 χάριτος
925 2454 1236 2524 γεννήσασα
1256 2495 1270 2519 ,
1306 2455 1400 2506 καὶ
1442 2453 1705 2524 πολύχουν
1733 2455 1856 2525 δρε-

262 2549 488 2617 ψαμένη
549 2548 641 2600 τὸν
701 2548 941 2618 ἄσταχυν
991 2547 1092 2614 τῆς
1155 2546 1395 2617 χάριτος.
1441 2540 1581 2618 Εὗρε
1633 2547 1856 2616 χάριτος

263 2641 530 2707 ἄϐυσσον,
574 2641 608 2710 ἡ
652 2639 798 2694 σῶαν
837 2639 937 2709 τὴν
971 2638 1172 2693 ὁλκάδα
1205 2639 1306 2709 τῆς
1332 2639 1528 2709 διπλῆς
1557 2638 1855 2709 παρθενίας

261 2735 555 2804 τηρήσασα
581 2773 595 2796 ,
628 2732 725 2785 καὶ
757 2731 858 2804 τὴν
885 2730 1062 2802 ψυχὴν
1101 2731 1210 2804 γὰρ
1245 2731 1512 2802 παρθένον
1553 2731 1852 2800 ἐτήρησεν,

261 2824 328 2876 οὐ
358 2823 456 2876 τοῦ
491 2823 742 2894 σώματος
773 2824 1014 2876 ἔλαττον.
1053 2823 1218 2874 Ὅθεν
1249 2824 1344 2876 καὶ
1390 2823 1423 2892 ή
1464 2822 1556 2876 τοῦ
1604 2821 1854 2892 σώματος

266 2915 542 2988 παρθενία
570 2918 856 2986 τετήρητο.
886 2914 992 2968 Kal
1025 2914 1188 2981 τέξῃ,
1218 2915 1295 2984 (Ι)
1330 2916 1524 2984 φησιν,
1566 2913 1732 2980 υἱὸν,
1758 2913 1853 2965 καὶ

267 3005 555 3071 καλέσεις
579 3005 642 3058 τὸ
662 3006 846 3074 ὄνομα
864 3005 1050 3059 αὑτοῦ
1082 3004 1334 3072 Ἰησοῦν-ο
1355 3003 1559 3074 Ἰησοῦς
1575 3003 1631 3056 δὲ
1654 3001 1854 3070 σωτὴρ

1963 1915 2066 1959 tem
2117 1907 2302 1961 sedulo
2357 1922 2575 1964 servare
2631 1908 2970 1966 instituisset.
3039 1911 3314 1981 Cogitabat
3363 1924 3540 1970 autem

1957 1994 2130 2062 qualis
2157 2005 2286 2049 esset
2331 1995 2436 2050 ista
2475 1998 2730 2052 salutatio
2756 2000 2823 2053 ⁸⁸.
2863 2001 2996 2054 Tum
3029 2003 3252 2072 angelus
3282 2005 3348 2059 ad
3379 2021 3538 2060 eam:

1961 2084 2043 2139 Ne
2084 2085 2290 2154 timeas,
2326 2086 2424 2153 ait,
2458 2086 2674 2142 Maria:
2699 2091 2940 2144 invenisti
2963 2093 3099 2145 enim
3128 2095 3359 2163 gratiam
3398 2075 3540 2166 apud

1961 2169 2126 2229 Dium
2159 2176 2224 2230 ⁸³.
2261 2177 2424 2232 Plane
2467 2178 2694 2246 gratiam
2729 2180 2973 2245 invenit,
3019 2196 3147 2251 qua:
3170 2186 3344 2253 gratia
3380 2178 3538 2257 digna

1958 2277 2096 2324 erat.
2137 2270 2380 2325 Gratiam
2413 2272 2640 2338 invenit,
2671 2288 2790 2342 quae
2829 2275 3016 2342 gratia
3047 2275 3259 2331 labores
3290 2279 3542 2333 excolue-

1959 2374 2064 2429 ral,
2088 2363 2471 2434 copiosamque
2496 2374 2730 2436 segetem
2759 2365 3068 2435 collegerat.
3110 2367 3350 2425 Gratiam
3385 2371 3538 2426 iuve-

1956 2457 2066 2520 nit,
2094 2471 2213 2525 qua:
2239 2456 2426 2526 gratia:
2467 2457 2672 2510 semina
2713 2458 3036 2526 progenuit,
3073 2467 3126 2512 et
3167 2458 3536 2529 plenissimam

1955 2547 2142 2613 gratiae
2163 2561 2389 2601 messem
2417 2546 2618 2601 retulit.
2640 2546 2841 2602 Gratiae
2872 2547 3130 2618 abyssum
3162 2551 3387 2616 invenit,
3419 2566 3538 2620 quae

1957 2639 2186 2707 titlpliCiS
2219 2637 2551 2708 virginitatis
2595 2653 2784 2694 navem
2831 2651 3142 2698 servaverat
3190 2643 3532 2700 incolumem.

1957 2731 2120 2785 Maria
2146 2730 2287 2786 enim
2320 2746 2424 2786 non
2453 2730 2631 2786 minus
2661 2733 2903 2787 animum
2949 2749 3108 2804 quam
3145 2750 3340 2806 corpus
3374 2737 3536 2807 virgi-

1956 2835 2075 2875 nem
2147 2821 2514 2888 custodierat;
2574 2824 2716 2878 unde
2771 2824 2930 2878 ctiam
2991 2825 3269 2880 constabat
3320 2829 3532 2894 corpori

1955 2913 2255 2983 virginitas.
2299 2912 2364 2966 Et
2393 2916 2602 2983 paries,
2632 2915 2840 2985 inquit,
2881 2915 3050 2983 ﬁlium
3072 2956 3086 2981 ,
3125 2926 3174 2970 et
3207 2919 3412 2973 vocabis
3443 2937 3535 2973 no-

1953 3023 2068 3059 men
2097 3005 2208 3074 ejus
2245 3004 2423 3060 Iesum
2470 3006 2660 3078 (Jesus
2702 3017 2880 3061 autem
2931 3007 3259 3064 Salvatorem
3305 3023 3462 3065 sonat
3490 3013 3532 3080 ).

266 3096 657 3168 ἑρμηνεύεταιο
685 3097 869 3162 αὐτὸς
891 3097 1002 3165 γὰρ
1041 3095 1226 3149 σώσει
1253 3097 1361 3148 τὸν
1387 3095 1541 3148 λαὸν
1566 3095 1752 3148 αὑτοῦ
1782 3095 1849 3147 ἐκ

1960 3097 2076 3166 Ipse
2102 3098 2237 3151 enim
2280 3098 2481 3152 salvum
2524 3098 2681 3166 faciet
2726 3099 2972 3166 populum
3018 3117 3171 3154 suum
3225 3119 3256 3154 a
3307 3103 3533 3171 peccatis

267 3189 388 3242 τῶν
409 3187 673 3258 ἀνομιῶν
698 3187 917 3242 αὐτῶν.
942 3188 1007 3240 Τί
1035 3187 1167 3258 πρὸς
1187 3185 1359 3240 ταῦτα
1381 3187 1479 3253 τῆς
1507 3186 1739 3256 ἀληθοῦς
1768 3204 1848 3239 σο-

267 3279 444 3347 φίαςὸ
465 3277 742 3348 θησαυρός
761 3319 774 3338 ,
801 3277 899 3348 τὴν
924 3277 1022 3346 μὲν
1048 3275 1192 3329 Εὕαν
1219 3277 1278 3328 οὐ
1313 3278 1561 3344 μιμεῖται
1595 3275 1692 3346 τὴν
1714 3292 1848 3346 προ-

269 3371 349 3438 μή
359 3365 982 3437 τορα,ὲπανορ¹θοῦταιδὲ
998 3365 1196 3436 μᾶλλον
1209 3365 1268 3418 τὸ
1286 3365 1490 3436 ταύτης
1515 3366 1846 3435 ἂφύλακτον,

169 3463 176 3468 ’
268 3461 368 3512 καὶ
405 3459 704 3528 συνήγορον
728 3455 824 3526 τὴν
855 3455 1018 3524 φύσιν
1049 3455 1447 3526 προϐάλλεται,
1483 3450 1586 3509 ὧδεί
1619 3475 1734 3519 πως
1773 3457 1850 3528 τῷ

267 3547 370 3601 τοῦ
405 3547 639 3616 ἀγγέλου
665 3544 1197 3616 ἀντιῤῥητορεύουτα
1233 3546 1475 3616 ῥήματι·
1509 3544 1642 3612 Πῶς
1681 3545 1851 3599 ἔσται

267 3658 374 3710 μοι
392 3639 588 3705 τοῦτο,
607 3623 736 3692 ἐπεὶ
760 3637 948 3705 ἄνδρα
962 3639 1034 3691 οὺ
1051 3636 1346 3706 γινώσκω;
1364 3638 1597 3692 ἀδύνατα
1618 3637 1848 3709 φθέγγῃ,
1893 3653 1896 3656 ‘

272 3731 464 3803 φησίν.
483 3730 541 3784 '0
562 3748 626 3797 γε
641 3729 730 3792 σὸς
747 3729 904 3799 λόγος
919 3730 1043 3792 τοὺς
1059 3731 1221 3799 ὅρους
1240 3728 1358 3782 λύει
1381 3729 1480 3798 τῆς
1506 3731 1741 3798 φύσεως,
1760 3728 1853 3791 οὓς

269 3827 300 3878 ὁ
324 3822 783 3892 πλαοτουργήσας
808 3819 1061 3892 ἐπήξατο.
1084 3821 1194 3874 Οὐκ
1219 3821 1480 3891 ἀνέχομαι
1503 3820 1614 3874 Εὕα
1639 3837 1853 3891 χρημαο-

267 3917 426 3970 τίσαι
473 3913 696 3983 δευτέρα
716 3951 732 3974 ,
757 3897 862 3964 ’καὶ
891 3911 950 3963 τὸ
979 3909 1068 3963 τοῦ
1104 3911 1437 3980 Ποιήσαντος
1464 3909 1852 3981 παρακρούσα-

271 4008 404 4060 σθαι
429 4005 694 4074 βούλημα.
735 4003 795 4056 Ei
824 4002 882 4056 δὲ
917 4001 990 4073 μὴ
1023 4001 1201 4070 λέγεις
1229 4001 1306 4072 (‘2)
1337 4001 1578 4065 ἀντίθεα,
1614 4003 1703 4056 τὸν
1731 4001 1854 4072 τρό-

167 4099 178 4104 ‘
269 4115 380 4149 πον
409 4095 581 4148 εἰπὼν
610 4095 707 4164 τῆς
737 4093 1071 4164 συλλήψεως,
1103 4092 1264 4145 λύσον
1289 4093 1389 4164 τὴν
1425 4094 1680 4164 ἀπορίαν.
1711 4093 1854 4165 Πρὸς

271 4193 346 4260 ἢν
375 4191 405 4242 ὁ
429 4189 529 4261 τῆς
557 4188 811 4258 ἀληθείας
840 4187 1067 4255 ἄγγελος
1091 4203 1104 4216 ·
1136 4185 1376 4255 Πνεῦμα
1407 4185 1577 4255 ἅγιον
1607 4185 1854 4240 ἐπελεύ-

271 4299 451 4336 σεται
479 4280 578 4335 ἐπι
609 4281 702 4345 σὲ,
754 4279 850 4334 καὶ
885 4279 1141 4349 δύναμις
1183 4279 1478 4347 ’Υψίστοὺ
1514 4277 1854 4333 ἐπισκιάσει

271 4391 398 4429 σοι.
436 4373 532 4426 Διὸ
559 4373 655 4427 καὶ
688 4373 752 4427 τὸ
785 4371 860 4444 (3)
893 4371 1264 4442 γεννώμενον
1288 4371 1458 4441 ἅγιον
1489 4371 1856 4439 κληθήσεται

1954 3201 2134 3238 eorum
2170 3183 2235 3239 “.
2274 3183 2410 3251 Quid
2441 3187 2506 3239 ad
2541 3187 2654 3242 bmc
2685 3202 2824 3241 vera:
2861 3189 3144 3258 sapientite
3191 3191 3481 3246 thesaurus
3511 3192 3534 3245 ?

1958 3276 2122 3330 Evam
2173 3277 2387 3346 quidem
2447 3277 2674 3346 primam
2735 3288 3014 3347 parentem
3077 3295 3180 3334 non
3242 3281 3531 3350 imitatur;

1958 3371 2050 3426 sed
2098 3370 2366 3425 incautam
2402 3369 2577 3438 potius
2628 3369 2746 3438 ejus
2797 3369 3197 3439 simplicitatem
3255 3375 3527 3440 emendat,
3587 3365 3613 3374 ”

1958 3477 2122 3534 seque
2164 3471 2370 3517 natura;
2417 3460 2719 3542 patrocinio
2753 3464 2964 3529 munit,
3006 3463 3086 3518 sic
3129 3465 3301 3534 angeli
3355 3467 3535 3521 verbis

1959 3569 2222 3626 reponens
2255 3572 2268 3608 :
2302 3554 2574 3620 Quomodo
2623 3555 2711 3622 ﬁet
2743 3555 2918 3622 istud,
2951 3560 3202 3625 quoniam
3229 3558 3399 3611 virum
3430 3575 3533 3612 non

1960 3645 2258 3716 cognosco?
2301 3643 2656 3715 [inpossibilia
2703 3660 2914 3710 narras,
2944 3647 3137 3714 inquit.
3186 3645 3321 3702 Nam
3355 3664 3533 3704 sermo

1961 3750 2081 3795 tuus
2104 3749 2308 3794 natura!
2342 3740 2484 3810 leges
2524 3740 2740 3810 frangit,
2773 3755 2910 3809 quas
2937 3741 3103 3810 863
3132 3757 3374 3797 summus
3410 3745 3532 3812 opi-

1961 3829 2045 3885 fex
2080 3831 2273 3885 sancit.
2319 3829 2566 3885 Secunda
2601 3829 2712 3884 Eva
2741 3830 2847 3885 dici
2894 3847 2996 3884 non
3026 3833 3221 3900 patior,
3258 3847 3355 3886 nec
3386 3832 3530 3887 Cott-

1962 3924 2150 3980 ditoris
2198 3923 2300 3976 mei
2358 3922 2684 3978 voluntatem
2740 3921 3106 3991 pessumdare.
3155 3921 3306 3988 Quod
3337 3924 3380 3978 si
3424 3923 3534 3979 Deo

1960 4016 2184 4071 adversa
2225 4031 2328 4069 non
2357 4013 2617 4084 loqueris,
2643 4013 3011 4081 conceptionis
3045 4014 3263 4068 modum
3296 4029 3531 4083 expone,

1961 4105 2348 4162 dubitationem
2382 4119 2556 4159 meam
2592 4103 2760 4160 solve.
2799 4103 2880 4157 Ad
2913 4117 3071 4172 quam
3097 4103 3339 4159 veritatis
3371 4119 3534 4175 ange-

1962 4198 2046 4252 lus
2078 4215 2092 4252 :
2120 4196 2349 4267 Spiritus
2382 4205 2595 4251 sanctus
2628 4195 2946 4265 superveniet
2975 4193 3030 4248 in
3057 4205 3122 4260 te,
3164 4205 3211 4248 et
3244 4195 3405 4250 virtus
3441 4196 3536 4248 Al-

1965 4291 2154 4345 tissimi
2194 4289 2522 4344 obumbrabit
2559 4289 2671 4342 tibi.
2727 4285 2958 4358 Ideoque
3017 4297 3063 4341 et
3103 4285 3242 4358 quod
3290 4297 3536 4342 nascetur

1963 4390 2226 4444 sanctum,
2260 4379 2530 4433 vocabitur
2559 4377 2733 4432 Filius
2767 4378 2863 4432 Dei
2888 4379 2954 4433 ⁸⁸.
2983 4377 3135 4445 Quod
3166 4393 3308 4433 nunc
3335 4378 3533 4448 agitur,

281 4467 424 4530 Υἱὸς
449 4464 622 4518 Θεοῦ.
652 4465 725 4517 Οὐ
766 4463 1006 4517 δουλεύει
1038 4463 1254 4533 φύσεως
1291 4463 1478 4532 νόμοις
1513 4463 1575 4515 τὸ
1603 4461 1858 4534 τελούμε-

1963 4481 2166 4527 natura
2200 4463 2404 4540 legibus
2431 4484 2534 4522 non
2565 4470 2771 4524 subest.
2800 4467 3016 4523 Natura:
3045 4467 3309 4538 siquidem
3339 4468 3536 4525 artifex

271 4573 390 4610 νον.
439 4557 498 4607 'U
523 4555 630 4624 γὰρ
679 4554 1019 4625 Δημιουργὸς
1057 4555 1152 4608 καὶ
1183 4554 1448 4622 δεσπότης
1497 4553 1594 4622 τῆς
1621 4551 1858 4621 φύσεως,

272 4648 401 4701 κατ’
439 4646 691 4711 ἐξουσίαν
746 4647 872 4710 τοὺς
901 4647 1061 4718 ὅρους
1108 4645 1327 4718 ἀμείϐει
1364 4647 1462 4716 τῆς
1501 4645 1736 4715 φύσεως.
1797 4645 1856 4698 Ἦ

270 4740 359 4801 δὲ,
395 4738 458 4790 τὸ
507 4737 597 4790 ἀεὶ
636 4737 971 4808 ποθούμενον
1002 4739 1097 4791 καὶ
1152 4736 1458 4808 τιμώμενον
1496 4737 1666 4808 δνομα
1691 4776 1706 4803 ,
1741 4737 1861 4808 μεθ’

274 4832 322 4883 ίε
335 4830 436 4900 ρᾶς
465 4827 752 4893 εὐλαϐείας
775 4828 1078 4892 ἀκούσασα,
1111 4829 1209 4900 τῆς
1241 4829 1484 4899 ὑπακοῆς
1509 4827 1734 4898 ἐπηφίει
1761 4828 1861 4896 φά.

274 4919 380 4970 6ου
409 4919 502 4972 καὶ
531 4920 705 4989 χαρᾶς
731 4921 970 4990 γέμοντα
1002 4920 1245 4990 ῥήματα,
1286 4917 1434 4972 Ἰδοὺ
1462 4917 1500 4984 ἠ
1523 4917 1713 4986 δούλη
1743 4920 1858 4970 Κυ-

265 5010 438 5080 ρίου,
471 5009 703 5078 γένοιτό
737 5029 840 5081 μοι
878 5010 1029 5064 κατὰ
1061 5009 1129 5064 τὸ
1153 5009 1312 5079 ῥῆμά
1336 5025 1472 5063 σου.

354 5109 426 5169 η’.
467 5098 543 5156 Ὠ
557 5103 751 5170 ,ϐάθος
770 5103 1060 5180 πλούςρυ,
1082 5101 1180 5180 καὶ
1202 5101 1442 5170 σοφίας,
1467 5099 1564 5153 καὶ
1589 5100 1862 5170 γνώσεως

278 5199 459 5256 Θεοῦ·
491 5197 646 5266 κάγὼ
679 5197 790 5268 γὰρ
821 5197 902 5260 είς
922 5193 1114 5266 ἵαιρδν
1140 5194 1218 5263 τῷ
1268 5193 1574 5264 Ἀποστόλῳ
1605 5194 1679 5265 (4)
1721 5211 1859 5265 συμ-

341 5333 386 5367 ⁶⁹
421 5330 597 5388 Galat.
633 5346 707 5398 tv,
734 5333 788 5387 4.
891 5331 930 5362 ⁶¹
968 5329 1099 5386 Luc.
1126 5345 1166 5395 t,
1189 5329 1280 5384 23.
1389 5329 1432 5360 ⁶²
1468 5329 1598 5384 ibid.
1635 5329 1725 5384 ΞΕ).

273 5405 330 5438 ⁵³
364 5405 494 5458 ibid.
525 5403 612 5457 55.
694 5404 736 5435 ⁸⁷
762 5403 889 5457 ibid.
918 5401 1008 5454 58.

274 5608 287 5617 ο
351 5535 470 5617 (Q8)
503 5533 632 5617 Quae
661 5539 964 5601 sequuntur
989 5542 1158 5598 usque
1191 5527 1258 5583 ad
1314 5528 1388 5599 μὴ
1424 5525 1610 5597 φοϐοῦ,
1663 5525 1856 5584 absunt

273 5608 334 5661 in
378 5607 444 5656 li.
470 5606 590 5656 cod.
1078 5639 1082 5644 μ

352 5673 469 5741 (99)
499 5673 564 5726 li.
592 5667 772 5744 εὗρες,
813 5680 867 5726 ct
903 5669 980 5725 sic
1010 5669 1284 5744 deinceps.

352 5744 434 5814 tl)
461 5741 744 5813 Sanget‘tn.
769 5744 920 5798 deest
947 5741 1130 5811 φησίν.

1835 5331 1879 5361 ⁸³
1909 5331 2039 5388 ibid.
2071 5333 2160 5388 50.

1961 4571 2016 4619 et
2053 4561 2311 4614 Dominus
2335 4559 2600 4614 arbitratu
2635 4572 2733 4614 suo
2800 4558 3050 4613 immutat
3103 4568 3308 4614 naturae
3337 4559 3533 4636 leges.

1964 4655 2087 4709 llaec
2119 4651 2301 4722 itaque
2340 4665 2535 4705 nomen
2576 4649 2742 4714 illud,
2788 4649 2929 4718 quod
2971 4650 3118 4704 omni
3169 4651 3438 4706 desiderio
3482 4661 3538 4708 et
3601 4638 3610 4646 ’

1961 4746 2169 4802 honore
2212 4758 2426 4814 semper
2458 4741 2706 4807 colebat,
2770 4755 2924 4798 sacra
2970 4741 3202 4812 quadam
3235 4743 3537 4798 reverentia

1964 4836 2229 4902 audiens,
2273 4832 2589 4890 obedientize
2647 4847 2829 4888 vocem
2883 4833 3074 4888 timore
3128 4842 3290 4902 atque
3335 4835 3534 4901 gaudio

1967 4927 2183 4996 plenam
2211 4925 2390 4980 emisit
2425 4943 2440 4980 :
2477 4923 2612 4978 Ecce
2639 4922 2836 4979 ancilla
2867 4922 3118 4997 Domini;
3164 4924 3258 4993 ﬁat
3301 4923 3432 4975 milii
3457 4938 3540 4976 se-

1968 5014 2196 5069 cundum
2222 5016 2430 5070 uerbum
2455 5025 2603 5070 tuum
2631 5014 2699 5070 ⁸⁷.

2040 5105 2093 5159 8.
2120 5103 2164 5160 Ο
2199 5106 2422 5160 altitudo
2445 5106 2770 5170 divitiarum,
2807 5103 3079 5173 sapientia:
3099 5111 3147 5154 et
3180 5100 3410 5155 scientia:
3443 5099 3540 5154 Dei

1966 5196 2112 5266 (nam
2161 5213 2261 5268 ego
2319 5213 2532 5268 quoque
2564 5196 2804 5266 Apostoli
2852 5209 3036 5249 vocem
3089 5207 3232 5246 nunc
3279 5193 3540 5261 temporis

2273 5335 2318 5365 °‘
2344 5335 2474 5390 ibid.
2507 5333 2564 5386 51
2596 5349 2610 5398 ;
2649 5329 2837 5384 Matth.
2869 5344 2907 5394 ι,
2931 5329 3018 5382 21.
3135 5327 3180 5359 ⁸⁵
3209 5325 3342 5382 Luc.
3377 5343 3415 5392 1,
3445 5327 3534 5385 3.5.

2037 5533 2114 5602 (ἓ)
2152 5530 2214 5602 [ί.
2249 5533 2526 5586 ἀντίθετα.
2771 5601 2776 5602 ν
3519 5491 3566 5549 ἰ·

2039 5600 2114 5672 (5)
2145 5600 2328 5672 Germ.
2355 5604 2648 5672 γενόμενον
2676 5601 2839 5655 male.

2037 5671 2112 5742 (ί)
2147 5672 2207 5726 ll.
2241 5671 2336 5741 τῆς
2363 5671 2646 5744 παρακοῆς
2685 5672 2868 5726 ἐδεδίει
2906 5671 2965 5726 τὸ
2993 5674 3270 5749 ἐπίτιμον.
