4018 6342
495 319 595 381 711

1663 314 1721 373 S.
1762 313 1943 371 JUAN
1956 314 1998 370 Ν
2011 315 2082 370 IS
2121 313 2547 375 DAMASCENI

3651 324 3764 388 712

496 423 824 497 usurpabo)!
860 438 1058 495 aquam
1095 420 1646 492 incomprehensibilia
1701 429 1823 473 sunt
1859 420 2059 490 judicia

2176 420 2498 492 φθέγξομαι,
2536 423 2617 488 ὡς
2652 424 3089 494 ἀνεξερεύνητα
3143 427 3215 480 τὰ
3247 429 3501 499 κρίματα
3527 432 3722 490 αὑτοῦ
3742 477 3763 509 ,

494 522 608 591 ejus
646 529 693 573 et
745 513 1238 585 impervestigabiles
1278 515 1375 566 vim
1410 514 1523 580 eius
1557 512 1641 566 ”!
1684 526 1716 565 0
1748 512 2068 567 immensam

496 608 827 665 bonitatem!
858 622 889 661 o
920 605 1265 669 charitatem,
1308 620 1429 673 quae
1468 602 1612 657 nulla
1661 603 1874 658 ratione
1905 610 2070 672 queat

498 701 737 771 indagari
770 699 783 752 l
821 698 870 751 Is
901 701 991 766 qui
1025 705 1183 752 vocat
1224 712 1288 751 ea
1330 712 1448 766 qua:
1487 711 1593 751 non
1624 705 1773 763 sunt,
1813 704 2066 765 tanquam

495 808 555 848 ea
586 806 705 861 quae
734 798 862 844 sunt
899 788 945 821 δ’
980 808 993 843 :
1030 788 1122 858 qui
1161 789 1357 844 calum
1412 796 1467 844 et
1514 797 1714 843 terram
1762 788 1947 859 implet
1983 788 2064 855 "i;

495 878 650 950 cujus
683 890 880 934 coetum
913 884 1068 932 sedes
1101 885 1203 942 est,
1252 888 1307 931 et
1357 884 1499 933 terra
1546 876 1839 933 scabellum
1870 877 2067 946 pedum

495 971 613 1041 ejus
636 969 705 1038 “,
740 984 809 1025 ex
841 968 1049 1022 ancillae
1075 982 1186 1021 suae
1217 977 1371 1022 utero
1411 965 1802 1037 amplissimum
1837 966 1939 1021 sibi
1970 966 2066 1022 do-

495 1064 753 1117 micilium
820 1060 969 1125 fecit,
1023 1059 1449 1130 mysteriumque
1504 1072 1769 1112 novorum
1824 1057 2065 1112 omnium

496 1149 849 1204 novissimum
876 1157 931 1202 et
954 1147 1225 1201 insolitum
1261 1146 1310 1200 in
1341 1161 1401 1200 ea
1426 1148 1608 1216 gessit.
1642 1145 1777 1200 Nam
1802 1146 1893 1216 qui
1925 1147 2066 1199 Deus

480 1238 632 1304 'erat,
665 1240 823 1293 homo
875 1239 957 1304 lit,
998 1254 1061 1293 ac
1116 1235 1317 1292 eiimio
1365 1240 1523 1292 modo
1583 1247 1769 1307 partus
1828 1246 2067 1306 tempore

495 1333 756 1395 nascitur,
796 1331 1006 1384 vulvam
1044 1331 1115 1384 ita
1165 1331 1434 1400 aperiens,
1473 1339 1532 1384 ut
1570 1329 1795 1399 virginis
1829 1330 2065 1383 claustra

496 1422 716 1476 minime
746 1420 1039 1476 labefactet
1074 1438 1087 1474 :
1123 1421 1374 1489 ulnisqtte
1403 1421 1635 1475 terrenis
1672 1421 1859 1491 gloria:
1886 1420 2067 1488 splen-

494 1516 611 1581 dor,
644 1521 884 1584 paternae
914 1513 1229 1567 substantiae
1286 1514 1591 1576 character,
1618 1512 1708 1581 qui
1739 1511 1916 1566 omnia
1953 1512 2066 1565 vir-

495 1607 626 1660 tutis
674 1620 783 1660 sua:
818 1605 983 1660 verbo
1030 1612 1231 1672 portat,
1280 1604 1501 1658 infantis
1537 1596 1687 1657 more
1728 1612 1986 1673 gestatur.
2021 1602 2066 1657 Ο

494 1695 674 1748 divina
706 1694 867 1762 plane
896 1691 1189 1746 miracula!
1233 1708 1265 1746 ο
1298 1692 1553 1762 mysteria
1590 1701 1784 1745 natura
1823 1701 1879 1746 et
1920 1692 2067 1761 engi-

2172 513 2268 566 xal
2305 513 2751 582 ἀνεξιχνίαστοι
2802 520 2860 571 al
2908 517 3305 589 όὸοὶιαὺτοῦι
3356 524 3420 575 Ὤ
3473 524 3761 595 ἀπλήστου

2172 604 2505 676 ἁγαθότητος
2539 607 2674 660 Θεοῦ
2704 609 2715 661 l
2746 608 2792 661 ὣ
2819 608 3042 682 ἀγάπης
3090 612 3191 666 οὐκ
3230 614 3460 685 ἐχούσης
3488 616 3715 688 ἔρευναν
3740 622 3755 677 ι

2185 691 2243 745 '0
2268 693 2451 747 καλῶν
2477 696 2543 747 τὰ
2572 695 2646 765 μὴ
2672 696 2801 749 ὄντα
2827 696 2903 761 ὡς
2923 698 3071 765 ὄντα,
3097 703 3125 754 6
3151 704 3376 775 πληρῶν
3403 706 3496 760 τὸν
3525 707 3759 778 οὐρανὸν

2171 786 2266 838 καλ⁸
2297 785 2395 857 τὴν
2429 787 2551 858 γῆν,
2593 782 2654 841 οὗ
2684 790 2711 841 6
2744 790 2974 860 οὐρανὸς
3018 792 3228 864 θρόνος,
3271 797 3304 865 ἡ
3334 797 3391 850 δὲ
3422 798 3496 869 γῆ
3546 802 3757 854 ὑποπό-

2169 876 2305 943 διον,
2346 880 2656 951 εὐρύχωρον
2704 882 3034 954 ἐνδιαίτημα
3059 925 3073 949 ,
3104 887 3211 958 τὴν
3255 891 3500 961 γαστέρα
3539 894 3642 962 τῆς
3673 895 3754 947 oi-

2169 972 2322 1037 κείας
2364 972 2557 1043 δούλης
2613 976 2938 1047 ἐποιήσατο,
2979 980 3074 1031 καὶ
3124 981 3181 1032 ἐν
3235 983 3374 1054 αὐτῇ
3421 984 3482 1036 τὸ
3531 986 3753 1042 πάντων

2174 1066 2493 1139 καινότερον
2537 1069 2792 1124 ἀποτελεῖ
2834 1074 3150 1144 μυστήρεον.
3181 1076 3309 1141 Θεὸς
3363 1078 3473 1151 γάρ
3510 1080 3608 1145 ῶν,
3650 1083 3752 1135 άν-

2171 1155 2390 1227 θρωπος
2428 1159 2637 1227 γίνεται
2665 1200 2682 1226 ,
2712 1163 3022 1234 λὺπερφυῶς
3051 1184 3113 1219 τε
3147 1166 3224 1236 τῷ
3269 1170 3447 1242 χρόνῳ
3478 1172 3575 1240 τῆς
3610 1175 3751 1245 κυή-

2172 1264 2309 1311 σεως
2338 1249 2622 1317 τίκτεται,
2672 1252 2767 1306 καὶ
2810 1254 3072 1323 διανοίγει
3129 1259 3363 1330 μήτραν,
3414 1262 3483 1314 τά
3524 1263 3753 1332 κλεῖθρα

2166 1340 2267 1407 τῆς
2302 1342 2599 1411 παρθενίας
2634 1345 2707 1416 μὴ
2735 1346 3117 1418 λυμηνάμενος
3142 1392 3157 1417 ,
3188 1352 3283 1403 καὶ
3322 1352 3592 1417 ἀγκάλαις
3626 1355 3750 1426 γηΐ-

2168 1448 2286 1495 ναις
2316 1433 2391 1496 ὠς
2430 1434 2629 1505 βρέφος
2665 1436 3012 1506 βαστάζεται,
3048 1442 3107 1494 τὸ
3140 1444 3244 1513 τῆς
3287 1443 3449 1516 δόξης
3493 1447 3751 1516 ἀπαύγαο

2171 1540 2284 1593 σμα
2308 1564 2323 1588 ,
2353 1526 2381 1577 6
2424 1528 2711 1598 χαρακτὴρ
2744 1529 2843 1600 τῆς
2878 1532 2973 1586 τοῦ
3009 1534 3225 1605 Πατρὸς
3257 1537 3611 1603 ὑποστάσεως
3634 1580 3651 1603 ,
3704 1534 3751 1607 ᾧ

2169 1616 2423 1685 φέρονται
2444 1617 2513 1670 τά
2542 1617 2835 1688 σύμπαντα
2864 1622 2943 1691 τῷ
2982 1624 3189 1693 ῥήματι
3218 1626 3313 1679 τοῦ
3348 1629 3618 1699 στόματος
3648 1632 3752 1685 αύ-

2168 1705 2285 1761 τοῢ.
2310 1708 2374 1758 Ὢ
2395 1706 2551 1759 θείων
2586 1710 2803 1781 ἀληθῶς
2834 1711 3162 1782 θαυμάτωνι
3204 1715 3249 1769 ὢ
3286 1720 3601 1791 μυστηρίων
3637 1722 3749 1775 τῶν

496 1787 701 1840 tatione
728 1786 1007 1853 superiora
1039 1786 1052 1838 !
1084 1801 1115 1840 ο
1145 1783 1387 1853 Virginis
1414 1786 1803 1855 praerogativas
1831 1783 2059 1839 humana

2171 1796 2311 1867 ὑπὲρ
2343 1796 2502 1864 φύσιν
2533 1799 2628 1852 καὶ
2657 1766 2900 1855 ἐννοίανι
2937 1766 3011 1873 (.5)

493 1876 804 1931 conditione
857 1873 1121 1942 majores!
1174 1875 1452 1942 Quodnam
1500 1875 1691 1942 ingens
1743 1874 1845 1929 hoc
1901 1884 2066 1939 est,o

491 1984 647 2023 sacra
679 1980 852 2022 mater
888 1977 941 2022 et
978 1968 1150 2038 virgo,
1194 1968 1337 2023 circa
1389 1974 1443 2021 te
1496 1968 1845 2036 mysterium:
1898 1966 2062 2020 Bene-

490 2059 631 2113 dicta
666 2068 720 2111 tu
753 2059 888 2112 inter
909 2058 1172 2124 mulieres,
1198 2067 1241 2111 et
1269 2056 1566 2111 benedictus
1622 2057 1825 2125 fructus
1873 2059 2066 2112 ventris

492 2154 571 2205 tui
614 2152 680 2204 ⁸³.
730 2151 892 2205 Beata
938 2164 998 2205 es
1040 2151 1091 2204 in
1130 2149 1575 2221 generationibus
1622 2150 2062 2219 generationum,

490 2242 710 2310 solaque
735 2242 915 2310 digna,
941 2255 1060 2311 quae
1113 2241 1268 2294 beata
1302 2240 1634 2310 praediceris.
1672 2240 1811 2294 Ecce
1839 2239 1982 2294 enim
2013 2248 2063 2294 te

494 2333 705 2387 beatam
738 2332 922 2385 dicunt
950 2346 1139 2386 omnes
1168 2332 1545 2402 generationes
1595 2331 1659 2387 “.
1708 2331 1967 2387 Viderunt
2012 2339 2064 2388 te

496 2424 618 2479 ﬁliae
650 2423 954 2479 Jerusalem
1000 2424 1069 2492 “,
1120 2424 1403 2490 Ecclesiae,
1454 2424 1695 2493 inquam,
1741 2422 2063 2493 beatamque

488 2516 921 2584 praedicaverunt
973 2514 1190 2584 reginae,
1241 2514 1346 2567 hoc
1393 2523 1473 2568 est
1524 2512 1795 2580 justorum
1845 2511 2059 2578 animae,

414 2660 425 2668 ,
489 2615 649 2675 teque
684 2607 736 2659 in
778 2616 1037 2661 aeternum
1082 2604 1397 2658 laudabunt.
1451 2604 1530 2658 Tu
1573 2603 1716 2657 enim
1759 2616 1818 2657 es
1864 2602 2059 2657 solium

488 2694 617 2749 illud
649 2697 877 2765 regium,
906 2695 991 2750 cui
1028 2694 1199 2764 angeli
1241 2695 1549 2759 astiterunt,
1596 2708 1751 2747 suum
1784 2692 1975 2747 herum
2006 2698 2061 2746 et

487 2800 788 2843 creatorem
820 2794 1107 2839 cernentes
1142 2783 1484 2837 insidentem.
1526 2781 1605 2835 Tu
1649 2780 1951 2850 spiritualis
2001 2792 2060 2834 es

488 2880 675 2945 Edem,
710 2876 930 2945 antiqua
986 2875 1075 2928 illa
1117 2875 1356 2929 sanctior
1394 2888 1455 2928 ac
1486 2872 1835 2928 divinior.jln
1866 2871 1953 2925 illa
1986 2874 2059 2926 si-

486 2969 701 3040 quidem
734 2978 982 3022 terrenus
1014 2967 1184 3021 Adam
1213 2965 1672 3029 commorabatur,
1706 2964 1759 3018 in
1791 2974 1844 3018 te
1877 2972 2057 3018 autem

488 3059 749 3113 Dominus
775 3057 863 3126 qui
891 3059 955 3110 de
978 3055 1116 3111 coelo
1160 3055 1457 3109 descendit.
1487 3052 1564 3108 Te
1604 3052 1731 3108 olim
1765 3066 1891 3107 arca
1922 3051 2059 3120 ﬁgu-

488 3151 646 3214 ravit,
684 3150 736 3202 in
773 3164 876 3218 qua
923 3146 1149 3201 secundi
1180 3147 1362 3201 mundi
1394 3159 1578 3201 semen
1626 3152 1901 3198 servatum
1932 3141 2053 3195 fuit.

486 3235 562 3288 'l‘u
622 3236 764 3288 enim
817 3234 1091 3288 Christum
1142 3233 1328 3286 mundi
1369 3232 1597 3287 salutem
1652 3232 1932 3302 peperisti,
1965 3231 2059 3300 qui

485 3337 766 3395 peccatum
806 3326 1022 3396 quidem
1082 3325 1399 3389 submersit,
1450 3324 1677 3393 ejusque
1734 3323 1928 3378 ﬂuctus
1972 3336 2060 3376 se-

487 3416 656 3466 davit.
684 3412 760 3467 Te
795 3413 958 3466 rubus
1014 3398 1326 3479 delineavit,
1358 3411 1551 3465 tabulze
1606 3427 1635 3463 a
1685 3412 1794 3466 Deo
1821 3417 2059 3465 exaratze

485 3511 893 3571 expresserunt,
925 3503 1057 3571 legis
1086 3517 1209 3555 arca
1241 3502 1637 3568 praenuntiavit,
1685 3516 1820 3556 urna
1870 3516 2054 3568 aurea,

486 3594 888 3658 candelabrum,
950 3607 1157 3657 mensa,
1203 3592 1354 3661 virga
1404 3591 1636 3646 Aarouis
1687 3607 1807 3662 qua:
1850 3591 2054 3656 ﬂoruit,

488 3696 672 3752 aperte
699 3686 1112 3753 praesignarunt.
1138 3684 1272 3738 Nam
1297 3700 1360 3737 ex
1399 3692 1448 3738 te
1489 3682 1702 3737 ﬂamma
1729 3683 2053 3747 divinitatis,

486 3775 661 3830 Patris
709 3776 972 3830 terminus
1029 3783 1084 3830 et
1123 3774 1384 3839 Verbum,
1412 3775 1791 3829 suavissimum
1835 3773 1965 3828 illud
2003 3783 2057 3828 et

485 3866 705 3921 cwleste
752 3880 969 3929 manna,
1003 3880 1198 3919 nomen
1238 3865 1365 3919 illud
1398 3865 1629 3920 nominis
1657 3879 1872 3935 expers,
1912 3864 2055 3934 quod

485 3964 566 4008 cst
589 3969 751 4023 super
779 3969 941 4009 omne
968 3969 1163 4011 nomen
1192 3956 1260 4022 “,
1288 3956 1469 4011 lumen
1500 3956 1631 4010 illud
1663 3957 2052 4027 sempiternum

485 4055 538 4099 et
558 4046 920 4113 inaccessum,
948 4048 1073 4101 vitae
1120 4048 1277 4117 panis
1302 4048 1539 4103 coelestis
1569 4048 1638 4115 ",
1668 4049 1812 4104 nulla
1845 4048 2052 4103 cultura

483 4135 659 4191 editus
690 4136 919 4203 fructus,
961 4152 1028 4191 ex
1064 4145 1117 4191 te
1151 4139 1506 4208 corporaliter
1536 4139 1841 4208 pullulavit.
1879 4137 2057 4205 Quid?

484 4242 665 4281 annon
728 4237 779 4282 te
834 4227 1024 4281 lornax
1070 4227 1160 4280 illa
1210 4230 1668 4296 praemonstravit,
1702 4230 1856 4299 cujus
1915 4230 2054 4299 ignis

484 4320 701 4372 roridus
745 4318 904 4371 simul
948 4333 1013 4371 ac
1043 4318 1325 4372 ﬂammeus
1367 4328 1485 4373 erat
1512 4358 1526 4383 ,
1567 4334 1686 4388 quae
1718 4320 1882 4374 divini
1914 4322 2054 4389 ignis

485 4410 539 4461 in
573 4419 623 4462 te
652 4408 947 4461 habitantis
970 4407 1191 4475 ﬁguram
1224 4408 1590 4477 praeferebat?
1616 4409 2050 4475 QuinAhraham

481 4498 649 4570 864
680 4499 1081 4554 tabernaculum
1115 4509 1165 4554 te
1198 4501 1641 4557 manifestissime
1690 4501 2049 4571 signiﬁcabat.

485 4589 598 4643 Deo
627 4590 824 4659 quippe
849 4590 1044 4654 Verbo,
1076 4590 1127 4644 in
1158 4600 1312 4646 utero
1346 4601 1437 4647 tuo
1467 4592 1612 4647 velut
1632 4594 1683 4647 in
1710 4595 2053 4650 tabernaculo

485 4679 720 4747 degenti,
759 4683 991 4737 humana
1027 4694 1217 4737 natura
1253 4672 1673 4742 subcinerieium
1707 4701 1923 4755 panem,
1966 4688 2050 4742 sui

485 4771 773 4841 primitias,
801 4790 865 4829 ex
893 4774 1184 4844 purissimo
1212 4777 1476 4847 sanguine
1508 4786 1600 4831 tuo
1620 4778 1836 4843 obtulit,
1868 4778 2050 4833 divino

486 4861 609 4930 igne
650 4874 856 4928 coctas,
884 4880 1185 4934 panemque
1234 4865 1427 4932 factas,
1466 4867 1518 4920 in
1563 4868 1740 4921 divina
1772 4868 1887 4937 ejus
1924 4881 2050 4936 per-

482 4967 609 5007 sona
642 4956 1021 5022 subsistentes,
1057 4968 1112 5012 et
1148 4960 1214 5013 ad
1249 4974 1429 5013 veram
1462 4961 1704 5028 corporis
1737 4961 1917 5013 anima
1948 4975 2052 5013 ra—

482 5046 665 5101 tionali
728 5057 783 5102 et
834 5048 1168 5119 intelligente
1225 5052 1479 5106 instructi
1530 5054 1904 5107 exsistentiatn
1959 5067 2052 5106 ve-

479 5138 708 5195 nientes.
733 5141 926 5196 Parum
963 5142 1303 5213 abfuit,quin
1342 5158 1424 5197 me
1451 5143 1619 5199 Jacob
1653 5144 1795 5198 scala
1826 5153 2051 5214 praeter-

476 5228 582 5286 iret
617 5231 679 5284 “.
709 5232 853 5298 Quid
891 5235 1075 5288 enim?
1130 5251 1307 5291 annon
1348 5236 1522 5290 cuivis
1569 5236 1909 5304 perspicuum
1968 5245 2050 5289 est

2166 1903 2274 1974 των
2301 1888 2408 1943 τῶν
2436 1890 2577 1960 ὑπὲρ
2607 1891 2892 1961 ἄνθρωπον
2919 1894 2931 1947 ι
2963 1895 3017 1948 τί
3046 1898 3204 1951 τοῦτο
3231 1900 3292 1952 τὸ
3320 1901 3466 1970 μέγα
3495 1904 3625 1974 περὶ
3653 1906 3711 1957 σὲ
3730 1945 3747 1970 ,

2167 1972 2211 2031 ὦ
2237 1980 2357 2050 ἱερὰ
2388 1981 2566 2053 μῆτερ
2589 1984 2682 2036 καί⁵
2712 1986 2968 2054 παρθένε,
3002 1990 3317 2061 μυστήριονς
3347 1972 3747 2064 Εὐλογημένη

2165 2070 2247 2124 σὺ
2296 2071 2366 2124 ἐν
2394 2074 2690 2143 γυναιξίν,
2721 2075 2819 2129 καὶ
2850 2079 3255 2149 εὐλογημένος
3301 2085 3333 2136 ό
3363 2084 3596 2153 καρπὸς
3634 2086 3748 2155 τῆς

2165 2161 2400 2227 κοιλίας
2421 2177 2561 2219 σου.
2588 2164 2850 2237 Μακαρία
2875 2163 2927 2223 εἴ
2952 2170 3010 2223 ἐν
3034 2174 3249 2238 γενεαῖς
3278 2175 3501 2242 γενεῶν,
3535 2178 3568 2248 ὴ
3607 2178 3744 2248 μόνη

2164 2249 2650 2325 ἀξιομακάριστος.
2700 2258 2831 2312 Ἰδοὺ
2883 2260 2993 2332 γὰρ
3047 2265 3415 2333 μακαρίζουσί
3466 2285 3524 2320 σε
3573 2271 3748 2322 πᾶσαι

2164 2344 2370 2411 γενεαὶ,
2403 2344 2593 2416 ὥσπερ
2631 2347 2860 2419 ἔφησας.
2914 2352 2982 2404 Σὲ
3025 2349 3166 2407 εἶδον
3204 2354 3504 2429 θυγατέρες
3542 2358 3747 2429 Ἱερουο

2165 2435 2366 2507 σαλὴμ,
2394 2438 2495 2508 τῆς
2538 2439 2865 2511 Ἐκκλησίας
2890 2443 3056 2513 λέγω,
3094 2448 3188 2500 καὶ
3221 2449 3568 2519 ὲμακάρισάν
3596 2468 3656 2504 σε
3684 2454 3744 2507 at

2164 2526 2506 2596 βασίλισσαι,
2538 2529 2657 2599 ἦτοι
2684 2530 2908 2585 δικαίων
2937 2533 3106 2605 ψυχαὶ
3130 2576 3145 2599 ,
3180 2536 3274 2589 καὶ
3300 2541 3382 2601 εἰς
3412 2539 3615 2605 αἰῶνας
3653 2546 3743 2595 αἰ-

2162 2616 2378 2670 νέσουσί
2426 2635 2507 2671 σε.
2542 2619 2615 2671 Σὺ
2646 2620 2752 2692 γὰρ
2786 2616 2838 2674 εἶ
2865 2623 2893 2674 6
2925 2623 3200 2693 βασιλικὸς
3245 2628 3467 2698 θρόνος,
3493 2623 3537 2697 ᾧ
3567 2649 3742 2703 παρε-

2165 2708 2455 2795 στήκεισαν
2479 2708 2553 2778 (6)
2581 2709 2802 2778 ἄγγελοι
2834 2713 2923 2795 τὸν
2953 2717 3159 2769 ἑαυτῶν
3191 2719 3424 2788 ὁρῶντες
3450 2721 3741 2795 δεσπότην,

2160 2794 2255 2847 καὶ
2296 2793 2627 2869 δημιουργὸν
2677 2793 3059 2873 ἐποχούμενον.
3106 2807 3177 2859 Σὺ
3232 2808 3393 2879 Ἐὃὲμ
3441 2813 3605 2883 νοητὴ
3645 2793 3741 2867 χέε..

2160 2884 2503 2952 χρημάτικας
2548 2887 2647 2956 τῆς
2684 2889 2852 2943 πάλαι
2901 2893 3164 2965 ἱερωτέρα
3203 2899 3297 2951 καὶ
3332 2900 3602 2973 θειοτέρα.
3649 2905 3743 2958 Ἐν

2159 2976 2342 3048 ἐκείνῃ
2381 2978 2479 3048 μὲν
2508 2979 2616 3050 γὰρ
2685 2982 2855 3053 Ἀδὰμ
2900 2987 3082 3054 χοῖκὸς
3128 2990 3413 3060 ηὐλίζετο,
3458 2995 3516 3047 ὲν
3559 2996 3643 3049 σοὶ
3680 2997 3740 3051 δὲ

2161 3064 2366 3158 Κύριος
2397 3066 2456 3131 ἐξ
2480 3069 2729 3139 ούρανοῦ.
2758 3073 2827 3125 Σὲ
2858 3076 3089 3141 κιϐωτὸς
3119 3082 3459 3151 προεικόνισε
3484 3085 3740 3158 δευτέρου

2162 3154 2365 3225 κόσμου
2404 3161 2626 3230 σπέρμα
2679 3160 3062 3230 φυλάττουσαι
3107 3170 3170 3223 σὺ
3222 3171 3329 3243 γὰρ
3363 3174 3463 3246 τὴν
3500 3177 3595 3231 τοῦ
3641 3154 3740 3232 κός
3818 3201 3831 3210 ‘

2163 3261 2299 3341 σμου
2355 3250 2638 3341 ’σωτηρίαν
2678 3252 2767 3306 τὸν
2816 3257 3050 3327 Χριστὸν
3096 3260 3448 3334 άπεκύησας,
3500 3268 3591 3323 τὸν
3637 3270 3740 3341 τὴν

2160 3337 2433 3408 ἁμαρτίαν
2463 3341 2561 3410 μὲν
2587 3345 3026 3413 κατακλύσαντα,
3053 3351 3124 3405 τὰ
3157 3352 3214 3406 δὲ
3241 3356 3445 3427 ταύτης
3475 3337 3740 3415 κατευνα‹

2160 3444 2326 3481 σαντα
2351 3429 2416 3482 κύ
2427 3449 2589 3524 ματα,
2618 3435 2688 3487 Σὲ
2722 3435 2882 3505 βάτος
2910 3442 3245 3514 προέγραψε,
3283 3448 3488 3513 πλάκες
3518 3451 3739 3524 θεόγρα-

2160 3533 2249 3610 φοι
2288 3520 2698 3591 προεχάραξαν,
2754 3526 2920 3597 νόμον
2966 3531 2998 3600 ἡ
3044 3532 3277 3597 κιϐωτὸς
3326 3520 3684 3610 προῖστόρησε
3712 3581 3731 3606 ,

2160 3608 2396 3703 στάμνος
2417 3615 2596 3703 χρυσῆ
2627 3616 2720 3668 καὶ
2751 3616 2964 3688 λυχνία,
2998 3622 3091 3675 nat
3119 3626 3387 3694 τράπεζα,
3420 3633 3513 3684 καὶ
3539 3608 3734 3703 ῥάϐδος

2171 3697 2380 3789 ’Δαρὼν
2405 3702 2436 3770 ἡ
2466 3700 2851 3775 βλαστήσασα,
2884 3712 3145 3782 ἐμφανῶς
3178 3697 3592 3789 προετύπωσαψν.
3638 3697 3734 3787 Ἐκ

2160 3788 2254 3887 σοῦ
2292 3789 2457 3887 γὰρΔὴ
2486 3795 2731 3887 φλὸξ-τῆς
2759 3798 3042 3873 θεότητος,
3072 3808 3099 3860 6
3124 3808 3218 3861 τοῦ
3251 3812 3459 3884 Πατρὸς
3484 3817 3607 3887 ὅρος
3635 3823 3736 3876 καὶ

2157 3879 2360 3982 ΙξόγοςἸ
2379 3882 2439 3935 τὸ
2470 3885 2802 3982 γλυκύτατον
2831 3894 2924 3945 καὶ
2963 3896 3210 3967 οὐράνιον
3240 3879 3445 3970 μάννα,
3474 3879 3535 3961 τό
3560 3879 3734 3982 ὄνομα

2156 3970 2219 4023 τὸ
2261 3972 2549 4045 ἀνώνυμον
2577 3978 2638 4031 τὸ
2684 3980 2826 4050 ὑπὲρ
2856 3986 2964 4037 πᾶν
2993 3987 3161 4057 ὄνομα
3180 4028 3195 4054 ,
3228 3991 3288 4045 τὸ
3319 3994 3434 4061 φῶς
3469 3998 3531 4051 τὸ
3564 3970 3737 4056 αἲδίον

2157 4063 2252 4158 καὶ
2281 4064 2611 4158 άπρόσιτον,
2661 4072 2688 4123 6
2738 4072 2900 4142 ἄρτος
2954 4076 3055 4146 τῆς
3093 4079 3236 4150 ζωῆς
3285 4084 3313 4136 6
3354 4086 3645 4158 οὐράνιος,
3703 4098 3737 4148 ὁ

2157 4151 2509 4253 ἀγεώργητος
2536 4160 2781 4253 καρπὸς,
2818 4169 3149 4235 σωματικῶς
3178 4174 3240 4225 ἐκ
3272 4175 3363 4229 σοῦ
3392 4151 3733 4253 άνεόλάστη-

2158 4257 2269 4340 σεν.
2440 4246 2501 4340 σε
2550 4251 2896 4340 προεμήνυσε
2926 4256 3189 4325 κάμινος,
3219 4262 3328 4333 πῦρ
3362 4267 3436 4337 (7)
3487 4244 3733 4340 δροσίζον

2156 4329 2273 4400 ἅμα
2305 4332 2398 4385 καὶ
2439 4333 2690 4403 φλογίζον
2721 4338 3042 4398 δεικνύουσα
3063 4387 3081 4412 ,
3131 4350 3225 4403 καὶ
3258 4329 3351 4407 τοῦ
3369 4329 3530 4410 ’θείού
3560 4329 3732 4429 πυρὸς

2084 4455 2128 4511 D
2157 4420 2446 4477 ἀντίτυπον
2480 4426 2574 4478 τοῦ
2610 4430 2667 4481 ὲν
2716 4432 2799 4484 σοὶ
2845 4438 3304 4510 κατοικήσαντος;
3365 4446 3429 4499 Ἡ
3462 4449 3519 4502 δὲ
3557 4420 3731 4524 σκηνῆ

2170 4512 2419 4611 Ἁϐραάμ
2467 4516 2525 4568 σὲ
2558 4519 2817 4591 προδηλοῖ
2861 4529 3303 4595 προφανέστατα.
3346 4536 3435 4606 Τῷ
3474 4538 3583 4611 γὰρ

2154 4603 2311 4702 Λῖόγιρ
2342 4607 2398 4658 ὲν
2427 4610 2503 4702 τῇ-
2524 4613 2721 4702 γαστρί
2753 4629 2845 4668 σου
2869 4617 3210 4687 σκηνώσαντι
3235 4603 3731 4702 ἀνθρωπεία-φύσις

2153 4695 2242 4789 τδν
2270 4697 2573 4789 ἐγκρυφίαν
2613 4701 2795 4771 ἄρτον,
2840 4707 2939 4778 τὴν
2984 4709 3182 4781 ἑαυτῆς
3216 4695 3471 4789 ἀπαρχὴν
3508 4695 3594 4774 ἐκ.
3622 4695 3731 4778 τῶν

2157 4783 2265 4880 σῶν
2293 4785 2367 4856 (8)
2394 4786 2573 4855 ἁγνῶν
2598 4792 2847 4862 αἱμάτων
2874 4798 3245 4868 προσήγαγεν,
3267 4783 3591 4880 ὀπτωμένην
3615 4813 3733 4872 πῶς

2156 4878 2249 4977 καὶ
2278 4880 2744 4977 ὀιρτοποιουμένην
2768 4887 2871 4940 ύπδ
2894 4889 2986 4941 τοῦ
3018 4890 3161 4945 θείου
3195 4897 3397 4970 πυρὸς,
3428 4903 3484 4955 ἐν
3514 4878 3578 4974 τῇ
3609 4904 3728 4977 θείᾳ

2151 4969 2318 5022 αὑτοῦ
2349 4970 2645 5028 ὑποστάσει
2686 4977 3081 5050 ύφισταμένην,
3110 4985 3206 5039 καὶ
3230 4969 3308 5050 εἰς
3337 4990 3508 5062 ἀληθῆ
3549 4969 3718 5065 ίίτταρζ

2151 5057 2231 5155 ξιν
2266 5061 2567 5155 ἐρχομένην
2608 5065 2857 5135 σώματος
2892 5070 3244 5144 ἐψυχωμένου
3274 5057 3640 5155 ψυχῇ-λογικῇ
3665 5057 3727 5138 τε

2148 5152 2241 5244 καὶ
2288 5155 2469 5223 νοερᾷ.
2523 5154 2732 5226 Μικροῦ
2786 5177 2852 5228 με
2907 5164 2999 5216 καὶ
3052 5166 3146 5220 ’.ὖ
3212 5166 3405 5222 Ἰακὼὸ
3455 5174 3488 5241 ὴ
3525 5152 3728 5244 κλίμαξ

2146 5240 2389 5309 διέφυγε.
2416 5243 2480 5297 Τί
2506 5247 2649 5317 γάρς
2680 5250 2740 5302 οὐ
2773 5253 2937 5305 παντὶ
2959 5253 3139 5324 δῆλον,
3164 5260 3243 5311 ὅτι
3281 5260 3373 5314 σοῦ
3403 5240 3725 5339 προεγράφη

543 5412 859 5500 ξθηῐὶοξῃηδ,
883 5415 971 5479 55,
1004 5414 1109 5500 διλ
1243 5414 1400 5500 ἕρκη.
1432 5430 1503 5477 ιν,
1542 5415 1625 5468 17.
1705 5413 1763 5500 λιι.
1787 5414 1988 5500 {erem.
2022 5432 2048 5468 ς

2164 5459 2179 5483 ,
2211 5418 2299 5500 ειη.
2325 5489 2357 5500 Α
2380 5422 2426 5451 ⁸⁸
2457 5420 2557 5478 lsa.
2591 5441 2735 5500 vat,
2759 5429 2827 5500 _l.
2910 5430 2953 5462 ⁵³
2982 5431 3116 5488 Luc.
3154 5451 3190 5500 ι,
3217 5436 3306 5500 28,
3345 5437 3435 5492 42.
3513 5439 3558 5473 ⁸⁸
3598 5413 3740 5496 bne.

473 5495 513 5545 l,
539 5482 628 5536 48.
702 5484 746 5514 ’⁵⁸
775 5478 929 5538 Cant.
962 5501 1038 5548 vr,
1078 5485 1131 5539 8.
1173 5487 1217 5517 “‘
1242 5486 1473 5554 Philipp.
1504 5503 1562 5550 ll,
1592 5491 1643 5539 υ.
1722 5486 1763 5516 ⁸⁵⁷
1787 5486 1942 5539 Joan.
1976 5502 2049 5552 vt,

2161 5478 2175 5541 ξ
2248 5490 2293 5519 ⁸⁸
2319 5489 2454 5545 Gen.
2494 5478 3116 5571 xan'ttt,_l'2—seqq.—uu
3156 5478 3190 5500 Ἶ
3221 5478 3306 5503 ’ν’

544 5634 619 5703 (ὃ)
751 5635 1035 5707 βοήσομαι.

540 5708 617 5769 t6)
648 5703 712 5757 Β.
743 5703 938 5770 θρόνοι,
970 5710 1135 5772 ’ίηγουν
1163 5708 1381 5778 ἄγγελοι

2231 5639 2305 5717 (7)
2427 5644 2771 5715 δροσίζουσα,
2805 5655 3149 5717 δεικνύουσα.

2221 5714 2295 5780 (ὅ)
2327 5713 2387 5771 Il.
2428 5713 2839 5795 πάναχρὸιντων.
