4018 6342
467 310 541 378 Ἦ
556 316 588 377 5

1658 329 1716 387 s.
1758 328 2077 387 JOANNIS
2115 296 2544 390 DAMASCENI

3641 324 3754 391 716

480 452 512 493 e
543 436 910 498 tabernaculo,
952 436 1093 504 quod
1125 435 1289 489 Deum
1328 442 1639 504 susceperat
1673 437 2052 505 cmigrantem,

2181 436 2311 504 εράν
2354 436 2448 487 τοῦ
2496 434 2743 505 θεοδόχου
2800 438 3183 508 διαιρουμένην
3235 436 3622 508 σκηνώματος,
3674 442 3750 495 οἰ-

472 544 662 583 -rerunt
695 528 932 581 omnium
962 525 1221 579 Conditor
1253 525 1365 579 suis
1394 527 1645 579 manibus
1688 526 1885 593 excipit
1924 545 1935 578 :
1974 526 2043 578 le-

481 621 667 689 gitime
710 632 829 669 eam
864 618 1159 678 honoratis,
1189 630 1374 683 quam,
1403 617 1504 669 etsi
1558 627 1747 670 natura
1792 614 1909 670 erat
1958 632 2053 669 an-

481 712 630 772 cilla,
665 723 762 777 pro
797 709 1277 777 itnpervcstigahili
1320 724 1432 762 sua:
1481 708 1830 776 benignitatis
1864 708 2057 780 abysso

481 816 631 868 iClllla
667 799 1072 869 dispensatione
1110 809 1336 853 matrem
1392 814 1543 854 suam
1581 798 1779 862 effecit,
1808 816 1927 854 cum
1972 814 2049 852 re-

485 907 610 943 vera
651 890 968 942 incarnatus
1010 897 1177 952 esset,
1219 904 1280 943 ac
1316 903 1418 941 non
1471 889 1670 941 nudam
1714 888 2061 943 humanitatis

486 980 721 1048 speciem
774 980 1092 1049 obiecisset!
1153 978 1417 1033 Videbant
1477 981 1620 1033 enim
1679 988 1758 1043 ut,
1820 994 1918 1046 par
1979 988 2061 1032 est

487 1073 731 1135 credere,
774 1070 1087 1139 angelorum
1132 1070 1358 1134 classes,
1391 1084 1510 1137 quze
1562 1076 1714 1121 tuum
1752 1083 1781 1122 e
1816 1069 1921 1121 vita
1956 1068 2062 1119 dis-

490 1177 698 1217 cessum
734 1162 1139 1229 exspectabant.
1165 1158 1209 1216 Ο
1234 1160 1711 1229 prmclarissimum
1758 1174 2060 1224 excessum,

476 1254 581 1321 ‘qni
610 1252 705 1306 tibi
739 1253 837 1307 hoc
869 1261 1089 1321 praestat
1142 1262 1200 1306 ut
1250 1253 1315 1305 ad
1368 1251 1533 1304 Deum
1588 1252 1816 1321 migres!
1849 1249 1981 1303 Nam
2020 1251 2062 1303 si

478 1358 613 1398 *cum
653 1341 907 1396 omnibus
952 1356 1167 1412 quoque
1226 1342 1334 1395 Deo
1388 1339 1584 1395 aﬂlatis
1617 1340 1928 1395 hominibus
1963 1341 2066 1394 hoc

498 1436 588 1490 Dei
632 1450 855 1489 munere
873 1448 1202 1489 concessum
1235 1436 1304 1488 sit
1343 1434 1467 1501 (nec
1495 1434 1638 1488 enim
1675 1434 1803 1500 quin
1844 1446 2069 1487 conces-

483 1543 613 1582 sum
655 1526 745 1591 sit,
782 1524 1139 1595 dubitamus);
1178 1533 1231 1578 at
1264 1523 1528 1577 infinitum
1558 1522 1657 1577 Dei
1703 1538 1980 1577 servorum
2008 1537 2070 1577 ac

486 1619 689 1673 ‘matris
718 1619 1010 1672 discrimen
1064 1627 1167 1672 est.
1223 1615 1405 1685 Ecquo
1457 1616 1617 1686 igitur
1661 1616 1898 1679 nomine,
1928 1602 2069 1681 quod

498 1712 550 1764 in
593 1720 645 1765 te
691 1719 969 1779 peractum
1012 1718 1097 1764 est
1134 1709 1475 1779 mysterium,
1531 1706 1963 1777 appellabimus?
2002 1722 2068 1758 an

500 1801 768 1856 mortem?
820 1801 890 1854 At
935 1800 1181 1869 quamvis
1232 1799 1600 1853 sacratissima
1633 1807 1686 1851 et
1727 1797 1853 1851 felix
1894 1798 2072 1850 anima
2107 1785 2146 1837 Β

502 1903 615 1955 tua,
636 1901 693 1945 ut
718 1890 823 1945 l'ert
855 1901 1064 1946 natura:
1088 1905 1225 1955 sors,
1257 1905 1286 1943 a
1317 1891 1628 1945 beatissimo
1645 1899 1694 1941 et
1730 1888 2074 1942 immaculato

488 1977 728 2052 'corp'ore
767 1994 855 2036 tuo
902 1981 1265 2051 disjungatur,
1302 1996 1367 2036 ac
1426 1996 1625 2049 corpus
1679 1981 1930 2049 legitima:
1985 1995 2073 2034 se-

504 2074 730 2142 pultura:
762 2075 1067 2135 mandetur,
1100 2090 1208 2127 non
1246 2084 1423 2127 tamen
1454 2073 1504 2126 in
1539 2081 1711 2126 morte
1744 2080 2073 2140 perseverat,

504 2177 602 2218 nec
654 2164 1007 2229 corruptione
1059 2161 1397 2216 dissolvitur.
1432 2158 1564 2211 Nam
1602 2157 1754 2226 cujus
1814 2160 1864 2210 in
1919 2167 2075 2225 partu

503 2253 787 2323 virginitas
850 2253 1133 2308 incolumis
1186 2252 1406 2315 mansit,
1468 2252 1664 2304 eadem
1724 2265 1753 2302 e
1812 2251 1918 2302 vita
1975 2250 2076 2302 mi-

502 2352 714 2412 grante,
751 2356 947 2411 corpus
977 2343 1050 2395 ita
1096 2350 1472 2396 conservatum
1499 2351 1599 2402 est,
1627 2348 1683 2391 ιιι
1713 2353 1819 2391 non
1848 2337 2077 2391 dissolu-

505 2440 639 2494 tum,
666 2429 759 2484 sed
814 2430 866 2483 iu
917 2430 1111 2485 melius
1135 2429 1480 2498 diviniusque
1522 2428 1929 2483 tabernaculum
1960 2443 2078 2480 mtt-

494 2528 674 2573 'tatum
718 2520 808 2584 sit,
841 2521 984 2589 quod
1031 2535 1136 2575 non
1169 2520 1284 2589 jam
1314 2527 1487 2573 morte
1519 2520 1959 2585 interrumpatur,
1986 2516 2079 2571 sed

508 2615 559 2667 in
588 2612 798 2667 inlluita
828 2612 1145 2667 saeculorum
1170 2612 1366 2667 saecula
1395 2613 1673 2680 perduret.
1717 2609 2082 2677 Quemadmo-

502 2706 633 2758 dum
681 2703 826 2758 enim
854 2704 930 2759 sol
979 2705 1081 2758 iste
1130 2702 1563 2773 splendidissima
1592 2703 1925 2773 perennique
1954 2701 2083 2755 luce

495 2795 788 2864 praeditus,
824 2794 1065 2861 tametsi,
1100 2808 1222 2848 cum
1255 2808 1283 2847 a
1318 2792 1499 2847 lunari
1552 2793 1817 2862 tantisper
1858 2806 2084 2861 corpore

507 2887 798 2956 obtegitur,
831 2885 988 2939 modo
1006 2884 1245 2954 quodam
1288 2883 1541 2947 deiicere,
1571 2893 1626 2937 et
1648 2882 1876 2950 caligine
1904 2883 2080 2951 obrui,

496 2986 562 3031 iet
602 2975 861 3048 fulgorem
912 2990 1035 3030 cum
1090 2975 1329 3031 tenebris
1382 2985 1593 3029 mutare
1650 2974 1918 3039 videatur,
1977 2988 2080 3027 non

511 3080 688 3126 buten
726 3066 848 3124 luce
873 3083 971 3124 sua
1001 3068 1334 3134 destituitur,
1366 3082 1555 3122 verum
1586 3067 1668 3121 sui
1699 3066 1919 3121 luminis
1959 3064 2083 3120 fou-

510 3169 616 3214 tem
671 3168 936 3231 perpetuo
985 3158 1375 3214 scaturientem
1421 3158 1604 3223 habet,
1663 3157 1908 3228 quinimo
1966 3158 2084 3227 ipse

502 3249 726 3304 luminis
753 3249 874 3304 l'ons
894 3258 978 3304 est
1008 3248 1347 3314 indeliciens,
1378 3248 1524 3302 velut
1554 3249 1621 3301 ab
1651 3248 1768 3318 ejus
1806 3248 2085 3303 conditore

506 3337 620 3391 Deo
648 3337 1000 3393 constitutum
1031 3336 1133 3390 fuit
1164 3355 1178 3391 :
1210 3337 1289 3391 sic
1328 3346 1384 3390 tu
1434 3350 1649 3407 quoque
1680 3335 1800 3390 fons
1843 3337 1957 3390 veri
2000 3336 2087 3390 lu-

506 3426 696 3490 minis,
743 3436 799 3480 et
847 3426 1205 3480 inexhaustus
1270 3423 1558 3493 ipsiusmet
1602 3422 1725 3477 vita:
1777 3422 2083 3489 thesaurus,

506 3516 895 3587 uberrimaque
941 3515 1333 3571 benedictionis
1381 3516 1675 3585 scaturigo,
1726 3528 1850 3580 qua:
1893 3524 2086 3568 cuncta

508 3610 669 3666 nobis
719 3609 859 3664 bona
895 3607 1197 3664 conciliasti
1246 3616 1302 3662 et
1340 3605 1590 3671 attulisti,
1642 3608 1742 3660 etsi
1776 3605 1841 3659 ad
1878 3615 2090 3674 tempus

506 3698 729 3769 aliquod
772 3712 1038 3768 corporeo
1089 3698 1251 3752 modo
1296 3705 1472 3750 morte
1516 3695 1813 3764 obtegeris;
1852 3704 2087 3748 attamen

511 3791 759 3853 immensi
824 3790 1063 3855 luminis,
1146 3787 1577 3858 immortalisque
1631 3788 1777 3851 vitae,
1838 3801 1901 3840 ac
1951 3800 2091 3838 vera:

505 3881 788 3938 felicitatis
832 3896 995 3953 puros
1032 3889 1088 3937 et
1121 3881 1475 3936 inexhaustas
1523 3880 1733 3944 latices,
1773 3878 1957 3949 gratiae
1990 3875 2091 3930 ilu-

507 3973 682 4039 ntina,
729 3974 1071 4029 sanationum
1106 4044 1107 4047 η
1142 3971 1340 4038 fontes,
1406 3986 1803 4043 perennemque
1874 3970 2090 4024 benedi-

506 4064 746 4119 ctionem
796 4063 996 4119 fundis.
1033 4063 1112 4118 Tu
1160 4064 1303 4119 enim
1336 4078 1395 4118 es
1422 4064 1564 4118 sicut
1609 4064 1780 4115 malus
1826 4062 1878 4115 in
1931 4061 2090 4132 lignis

510 4150 697 4217 silvaa;
749 4159 804 4205 et
862 4150 1069 4205 fructus
1111 4160 1234 4204 tuus
1293 4149 1465 4204 dulcis
1510 4150 1710 4219 gutturi
1762 4148 1999 4204 ﬁdelium
2019 4150 2085 4201 ⁸⁸.

510 4239 872 4308 Quamobrem
891 4255 1105 4294 sacrum
1135 4239 1418 4292 transitum
1448 4249 1593 4292 tuum
1620 4240 1841 4292 minitne
1860 4246 2088 4293 mortem

510 4332 925 4400 appellabimus,
960 4332 1054 4384 sed
1100 4343 1348 4383 somnum
1388 4338 1441 4383 et
1470 4330 1866 4398 migrationem,
1896 4329 2001 4394 vel,
2033 4340 2089 4382 ut

516 4422 711 4491 aptiori
743 4435 874 4475 voce
903 4429 1046 4485 utar,
1088 4420 1431 4489 prmscntiam
1469 4421 1534 4474 ad
1572 4420 1739 4497 Deum
1774 4438 1787 4474 :
1820 4422 2088 4477 excedens
2116 4446 2165 4501 ι)

510 4513 659 4566 enim
688 4527 719 4566 e
739 4526 987 4582 corpore,
1018 4526 1257 4581 praasens
1289 4513 1507 4568 exsistis
1538 4514 1602 4567 ad
1641 4514 1850 4583 potiora
1877 4514 1943 4568 ⁸⁸.

588 4623 675 4677 il.
714 4622 791 4680 Te
842 4638 963 4679 cum
1018 4624 1226 4696 angelis
1262 4625 1571 4696 archangeli
1606 4636 2026 4683 transvexerunt
2072 4646 2084 4683 :

513 4729 804 4773 ascensum
835 4726 983 4772 tuum
1026 4717 1222 4785 impuri
1254 4716 1480 4786 spiritus
1507 4717 1926 4773 exhorruerunt.
1974 4717 2090 4773 Tuo

515 4808 747 4864 transitu
796 4822 889 4864 aer
946 4808 1304 4875 benedicitur,
1349 4810 1538 4865 uberi
1593 4809 1855 4864 sanctitas
1907 4811 2092 4865 conci-

513 4901 699 4953 liatur.
728 4898 979 4953 Animam
1026 4908 1174 4953 tuam
1216 4898 1413 4954 caelum
1471 4900 1712 4970 gaudens
1740 4900 1964 4971 exeipit,
1993 4901 2090 4955 tibi

512 5006 638 5046 cum
662 4991 833 5048 sacris
861 4991 1111 5059 canticis,
1152 5001 1207 5046 et
1247 4992 1384 5048 lata:
1426 4995 1788 5051 solemnitatis
1819 4996 1947 5060 ritu,
1979 5007 2092 5050 cte-

524 5081 691 5140 lestes
742 5081 986 5139 Virtutes
1035 5083 1249 5138 obviam
1299 5086 1589 5155 prodeunt,
1626 5086 1711 5142 bis
1757 5087 2094 5145 similibusve

516 5174 740 5231 vocibus
767 5182 1002 5232 utentes:
1026 5174 1159 5243 Qua
1183 5184 1267 5232 est
1286 5177 1391 5232 ista
1415 5191 1536 5248 qua:
1554 5178 1799 5233 ascendit
1821 5178 2092 5247 dealbata,

516 5266 770 5322 exoriens
789 5274 850 5321 ut
873 5266 1338 5337 aurora,pulebra
1364 5276 1426 5321 ut
1458 5266 1606 5331 luna,
1629 5267 1800 5323 electa
1824 5277 1885 5323 ut
1914 5267 1996 5325 sol
2023 5270 2091 5326 ".

517 5352 688 5417 Ouam
710 5354 959 5427 pulchra,
985 5372 1145 5427 quam
1174 5358 1357 5411 suavis
1387 5355 1530 5412 facta
1551 5356 1646 5413 es!
1677 5366 1731 5412 tu
1761 5350 1860 5414 llos
1888 5361 2086 5431 campi,

590 5511 638 5543 ”
672 5511 830 5566 Cant.
862 5526 924 5576 tt,
949 5514 1004 5566 7.
1082 5511 1127 5544 “
1156 5510 1199 5564 11
1229 5510 1353 5567 Cor.
1382 5528 1428 5568 v.
1463 5512 1516 5568 8.
1593 5513 1640 5546 "
1684 5512 1844 5571 Cant.
1878 5529 1973 5582 Vl,’
1999 5517 2054 5571 9.

619 5667 701 5736 12)
735 5664 804 5736 Β·
832 5664 1048 5736 ἐκείνης
1080 5659 1275 5736 ἐκδημξ

619 5668 683 5722 l2
735 5668 804 5719 Β.
832 5668 1048 5735 ἐκείνης
1080 5668 1275 5736 ὲκδημ.

589 5668 702 5812 δῦ)
725 5734 803 5821 διι.
831 5734 1241 5817 άθοδιένομίμιρ,
1273 5720 1280 5741 ⁸

2166 526 2338 590 κείαις
2372 530 2560 598 χερσὶν
2611 530 2639 580 6
2684 529 3021 598 παντουργδς
3065 529 3407 600 ὑποδέχεται,
3440 531 3623 599 τιμῶν
3669 550 3757 587 νο·

2130 657 2136 665 .
2168 618 2371 688 μίμως,
2410 621 2477 688 ἣν
2518 622 2581 690 τῇ
2614 619 2773 688 φύσει
2803 619 2995 690 δούλην
3029 621 3400 690 ὑπάρχουσαν,
3436 621 3628 688 φιλανθ
3646 639 3754 693 ρω-

2167 709 2297 772 πίας
2341 709 2765 779 ἀνεξιχνιάστοις
2803 710 3097 778 πελάγεσιν
3134 711 3499 779 οἰκονομικῶς
3532 714 3757 782 μητέρα

2171 799 2365 853 ἑαυτοῦ
2417 802 2730 870 ἐποιήσατο,
2762 802 2790 852 6
2841 800 3072 871 ἀληθείᾳ
3113 801 3440 872 σαρκωθεὶς,
3474 803 3542 854 ὀὐ
3584 819 3759 870 (geva-

2169 891 2327 954 κίσας
2370 892 2469 961 τὴν
2515 889 2945 962 ὲνανθρώπησιν.
3010 890 3230 961 Ἑὼρων
3286 890 3415 961 γὰρ,
3461 892 3536 954 ὡς
3578 894 3749 957 δοκεῖ,

2169 982 2275 1035 τῶν
2324 981 2572 1049 ἀγγέλων
2630 983 2696 1035 τά
2737 982 2995 1052 τάγματα
3044 982 3143 1053 τὴν
3184 981 3282 1053 σὴν
3335 981 3394 1048 ἐξ
3442 982 3753 1053 ἀνθρώπων

2171 1070 2471 1125 ἀποόίωσιν
2502 1070 2925 1143 προσδεχόμενα.
2959 1071 3021 1122 Ὢ
3052 1074 3150 1140 τῆς
3182 1070 3479 1141 καλλίστης
3520 1071 3634 1141 (12)
3660 1073 3755 1125 ὲκ-

2172 1162 2392 1232 δημίας,
2424 1163 2457 1232 ἢ
2485 1161 2583 1231 τὴν
2609 1161 2741 1233 πρὸς
2771 1162 2903 1214 Θεὸν
2937 1161 3203 1231 ὲκδημίαν
3227 1162 3528 1232 χαρίζεται.
3554 1163 3616 1215 ΕΞ
3642 1162 3754 1234 γάρ

2175 1258 2268 1305 καὶ
2302 1256 2433 1306 πᾶσι
2466 1257 2574 1317 τοῖς
2622 1255 2902 1324 θεοφόροις
2929 1252 3226 1323 θεράπουσι
3261 1253 3397 1323 πρὸς
3434 1252 3568 1306 Θεοῦ
3595 1253 3756 1306 τοῦτο

2174 1344 2517 1412 κεχάρισται·
2538 1342 2858 1413 κεχάρισται
2876 1342 3006 1413 γὰρ,
3037 1344 3131 1396 καὶ
3163 1342 3514 1412 πιστεύομεν·
3538 1343 3673 1396 ἀλλά
3688 1360 3755 1411 γε

2175 1434 2236 1485 τὸ
2257 1433 2511 1503 διάφορον
2533 1434 2757 1503 ἄπειρον
2780 1432 2980 1487 δούλων
3012 1432 3147 1486 Θεοῦ
3171 1435 3263 1487 καὶ
3296 1435 3522 1505 μητρός.
3557 1435 3621 1487 Τί
3642 1436 3754 1487 τοί-

2178 1542 2271 1577 νυν
2302 1525 2358 1577 τὸ
2378 1542 2441 1575 πε
2452 1524 2505 1595 ρ).
2527 1524 2587 1577 σὲ
2607 1524 2762 1577 τοῦτο
2787 1525 3082 1595 μυστήριον
3106 1525 3466 1594 ὀνομάσομεν·
3488 1524 3714 1578 θάνατον
3733 1543 3750 1591 ;

2180 1613 2317 1668 ἀλλά
2346 1616 2435 1667 καὶ
2460 1615 2703 1683 φυσικῶς
2734 1617 2767 1686 ή
2800 1616 3050 1688 πανίερος
3085 1616 3175 1668 καὶ
3213 1616 3457 1684 μακαρία
3491 1633 3583 1668 σου
3606 1616 3754 1686 ψυχὴ

2180 1708 2273 1761 τοῦ
2301 1708 2587 1761 πανολὸίου
2608 1709 2701 1762 καὶ
2732 1710 3006 1779 ἀκηράτου
3032 1725 3125 1760 σου
3155 1709 3449 1779 χωρίζεται
3480 1705 3751 1777 σώματος,

2175 1802 2268 1854 καὶ
2296 1800 2356 1853 τὸ
2379 1800 2536 1871 σῶμα
2565 1803 2632 1871 τῇ
2657 1799 2767 1869 (15)
2796 1799 3010 1870 νομίμῳ
3033 1802 3180 1871 ταφῇ
3207 1799 3580 1870 παραδίδοται,
3606 1799 3757 1866 ὅμως

2176 1892 2273 1943 οὐκ
2316 1888 2643 1960 ὲναπομὲνει
2673 1891 2731 1942 ὲν
2755 1888 2833 1957 τῷ
2874 1888 3108 1958 Θανάτῳ,
3138 1887 3247 1940 οὐδ’
3272 1886 3377 1939 ὐπὸ
3407 1887 3506 1955 τῆς
3549 1886 3757 1956 φθορᾶς

2175 1979 2474 2033 διαλύεται.
2505 1972 2612 2042 7Ης
2644 1979 2751 2049 γὰρ
2798 1977 3088 2046 τικτούσης
3117 1975 3455 2045 ἀλώϐητοςή
3489 1974 3758 2045 παρθενία

2179 2075 2477 2145 μεμένηκε,
2507 2072 2710 2141 ταύτης
2747 2070 3150 2142 μεθισταμένης
3182 2069 3463 2122 ἀδιάλυτον
3501 2068 3563 2120 τὸ
3594 2067 3761 2136 σῶμα

2179 2164 2539 2235 πεφύλακται,
2557 2163 2796 2232 καὶπρὸς
2825 2161 3107 2232 κρείττονα
3133 2162 3225 2212 καὶ
3248 2159 3525 2230 θειοτέραν
3551 2156 3760 2227 σκηνὴν

2181 2252 2549 2323 μετατίθεται,
2604 2252 2663 2303 οὐ
2716 2248 3152 2319 διακοπτομένην
3209 2246 3448 2316 θανάτῳ,
3512 2245 3625 2298 ἀλλ’
3676 2246 3760 2306 εἰς
3827 2246 3841 2260 '

2176 2341 2521 2410 ἀπεράντους
2582 2338 2783 2402 αἰῶνας
2817 2337 3027 2392 αἰώνων
3073 2336 3504 2399 διαιωνίζουσαν.
3545 2335 3760 2403 ’Ὥσπερ

2180 2436 2288 2504 γάρ
2326 2428 2478 2495 οὗτος
2504 2434 2532 2485 6
2564 2431 2882 2502 ὀλολαμπὴς
2916 2430 3011 2482 καὶ
3045 2427 3153 2500 (14)
3188 2427 3453 2494 ἀείφωτος
3481 2426 3626 2496 ἥλιος
3653 2424 3764 2476 ὐπὸ

2180 2526 2273 2581 τοῦ
2307 2524 2626 2595 σεληνιακοῦ
2661 2524 2799 2595 πρὸς
2841 2522 3037 2593 μικρὸν
3066 2520 3442 2591 κρυπτόμενος
3488 2517 3762 2587 σώματος,

2180 2621 2328 2673 δοκεῖ
2368 2619 2464 2687 μέν
2513 2634 2629 2678 πως
2671 2614 3084 2685 ὲκκλιμπάνειν,
3125 2614 3219 2665 καὶ
3268 2610 3346 2681 τῷ
3385 2610 3533 2679 ζόφῳ
3590 2607 3763 2661 καλύο

2183 2711 2432 2773 πτεσθαι,
2464 2709 2560 2761 καὶ
2607 2706 2705 2776 τῆς
2754 2706 2949 2776 αἴγλης
2993 2703 3412 2774 ἀντιλαμϐάνειν
3444 2702 3504 2755 τὸ
3548 2701 3763 2767 σκότος,

2182 2803 2330 2872 ὅμως
2365 2799 2526 2863 αὐτὸς
2565 2797 2661 2851 τοῦ
2696 2797 2899 2851 οἰκείου
2935 2797 3108 2866 φωτὸς
3135 2796 3236 2848 οὐκ
3272 2794 3571 2869 ἐξίσταται.
3606 2794 3766 2862 Ἔχει

2184 2893 2241 2945 δὲ
2272 2895 2329 2945 ὲν
2362 2890 2538 2960 ἐαυτῷ
2560 2891 2741 2962 πηγὴν
2777 2890 2952 2957 φωτὸς
2980 2888 3207 2943 ἀένναον
3239 2886 3532 2957 βρύουσαν,
3563 2885 3768 2956 μᾶλλον

2180 2984 2241 3036 ’δὲ
2274 2982 2435 3045 αὐτὸς
2487 2981 2640 3053 πηγὴ
2692 2980 2869 3050 φωτὸς
2913 2979 3146 3051 ὑπάρχει
3190 2978 3566 3043 ἀνέκλειπτος,
3610 2977 3686 3040 ὡς
3732 2977 3766 3028 ὁ

2190 3074 2394 3137 Κτίσας
2420 3073 2581 3127 αὐτὸν
2619 3072 2751 3136 Θεὸς
2782 3069 3082 3135 διετάξατο.
3114 3069 3268 3124 Οὐτω
3297 3070 3392 3123 καὶ
3428 3069 3492 3122 σὺ
3528 3070 3561 3139 ἡ
3608 3067 3763 3138 πηγὴ

2186 3167 2277 3220 τοῦ
2308 3166 2562 3238 ἀληθινοῦ
2593 3166 2766 3235 φωτὸς
2801 3166 2833 3235 ἡ
2869 3166 3082 3228 ἀέναος,
3118 3166 3147 3217 6
3174 3164 3447 3227 ἀδάπανος
3479 3164 3578 3231 τῆς
3602 3161 3766 3214 αὐτοι-

2188 3259 2334 3329 ζωῆς
2363 3258 2657 3330 θησαυρὸς,
2691 3259 2724 3328 η
2763 3256 2991 3327 δαψιλὴς
3019 3257 3117 3325 τῆς
3151 3255 3400 3325 εὐλογίας
3445 3253 3763 3316 ἀνάϐλυσις,

2187 3353 2222 3422 ἡ
2261 3352 2479 3404 πάντων
2522 3350 2630 3403 τῶν
2667 3349 2889 3418 ἀγαθῶν
2923 3350 3054 3419 ἡμῖν
3084 3347 3235 3401 αἰτία
3277 3348 3373 3401 καὶ
3406 3346 3685 3417 πρόξενος,
3715 3344 3770 3397 εἰ

2189 3443 2284 3498 καὶ
2310 3442 2447 3513 πρός
2475 3460 2528 3494 τι
2565 3441 2815 3512 χρονικδν
2851 3441 3125 3510 διάστημα
3154 3439 3403 3510 καλύπτῃ
3441 3435 3771 3508 σωματικῶς

2187 3533 2265 3605 τῷ
2292 3534 2525 3605 θανάτῳ,
2556 3532 2691 3588 ἀλλά
2714 3532 2897 3605 βρύεις
2924 3533 3169 3601 ἀφθόνως
3186 3533 3319 3603 ἡμῖν
3337 3530 3512 3601 φωτὸς
3539 3530 3769 3599 ἀπειρε-

2192 3625 2328 3689 σίου,
2347 3625 2438 3677 καὶ
2467 3624 2769 3695 ἀμϐροσίας
2804 3625 2967 3695 ζωῆς,
2998 3623 3091 3676 καὶ
3118 3624 3214 3693 τῆς
3236 3622 3407 3685 ὅντως
3432 3620 3773 3691 μακαριότη-

2189 3734 2281 3780 τος
2318 3716 2600 3786 ἀνελλιπῆ,
2641 3716 2737 3769 καί
2762 3715 2997 3787 καθαρά,
3044 3716 3137 3768 καὶ
3177 3714 3496 3783 ἀδαπάνητα
3527 3713 3769 3781 νάματα,

2193 3808 2470 3876 ποταμοὺς
2505 3807 2746 3878 χάριτος,
2800 3807 3045 3877 ἰαμάτων
3089 3805 3294 3877 πηγὰς,
3340 3804 3591 3873 εὐλογίαν
3640 3801 3773 3857 ἀέν-

2192 3916 2339 3953 ναον.
2382 3900 2453 3952 Σὺ
2505 3898 2613 3970 γὰρ
2660 3898 2735 3963 ὠς
2772 3898 2942 3969 μῆλον
2979 3898 3036 3951 ἐν
3065 3899 3176 3960 τοῖς
3206 3894 3383 3961 ξύλοις
3426 3895 3519 3948 τοῦ
3546 3893 3768 3965 δρυμοῦ

2192 3991 2514 4061 ὲξήνθησας,
2555 3992 2648 4043 καὶ
2680 3992 2707 4043 6
2730 3991 2940 4061 καρπός
2969 4006 3063 4042 σου
3087 3987 3402 4057 γλυκασμδς
3432 3989 3489 4040 ὲν
3528 3987 3770 4057 λάρυγγι

2190 4085 2298 4138 τῶν
2334 4084 2561 4138 πιστῶν.
2628 4082 2906 4135 Ἐντεῦθεν
2951 4082 3011 4134 οὐ
3048 4080 3273 4134 θάνατον
3318 4078 3413 4149 τὴν
3467 4079 3619 4149 ἱεράν
3673 4095 3772 4132 σου

2195 4174 2523 4244 μετάστασιν
2549 4171 2797 4241 λέξομαι,
2830 4170 2971 4223 άλλά
3011 4171 3285 4240 κοίμησιν,
3330 4169 3363 4237 ἢ
3394 4168 3684 4237 ἐκδημίαν,
3735 4166 3771 4236 ἢ

2191 4265 2446 4335 ὲνδημίαν
2491 4266 2666 4316 εἰπεῖν
2714 4263 3061 4333 οἰκειότερον.
3127 4259 3470 4331 Ἐκδημοῦσα
3521 4259 3630 4328 γὰρ
3662 4258 3774 4310 τῶν

2191 4355 2284 4408 τοῦ
2318 4355 2592 4426 σώματος,
2616 4355 2868 4423 ἐνδημεῖς
2898 4352 3033 4423 πρὸς
3063 4353 3129 4406 τά
3159 4352 3464 4422 κρείττονα.

2269 4639 2359 4697 ια’.
2402 4641 2469 4694 Σὲ
2499 4640 2988 4711 συνεπόρθμευσαν
3008 4639 3106 4693 σὺν
3138 4636 3503 4708 ἀρχαγγέλοις
3527 4633 3768 4702 ἄγγελοι.

2197 4732 2298 4787 Σοῦ
2328 4733 2428 4804 τὴν
2474 4732 2650 4798 ἔξοδον
2695 4731 2921 4802 ἔφριξαν
2972 4731 3039 4784 τὰ
3078 4728 3366 4800 ἀκάθαρτα
3415 4728 3510 4781 καὶ
3547 4726 3772 4796 ὲναέρια

2197 4824 2505 4894 πνεύματα.
2544 4824 2647 4877 Σοῦ
2670 4828 2736 4895 τῇ
2765 4822 3015 4877 διαϐάσει
3070 4822 3373 4890 εὐλογεῖται
3398 4820 3498 4890 μὲν
3520 4820 3647 4889 ἀὴρ,
3687 4818 3774 4870 αἰε-

2188 4915 2295 4987 θὴρ
2327 4915 2384 4969 δὲ
2431 4914 2848 4984 καθαγιάζεται.
2885 4912 2989 4967 Σοῦ
3029 4914 3130 4985 τὴν
3161 4913 3339 4984 ψυχὴν
3366 4912 3574 4982 χαίρων
3606 4910 3771 4980 οὐρα-

2187 5005 2279 5068 νὸς
2306 5004 2651 5075 ὑποδέχεται.
2693 5007 2785 5059 Σοὶ
2815 5005 2932 5075 μεθ’
2965 5005 3127 5075 ἰερῶν
3163 5002 3348 5075 ὓμνων
3376 5003 3488 5073 (15)
3520 5002 3613 5055 καὶ
3642 5017 3771 5069 φαι-

2187 5097 2324 5168 δρᾶς
2366 5097 2590 5167 τελετῆς
2649 5095 3083 5167 προσυπαντῶσι
3159 5094 3440 5165 δυνάμεις,
3495 5092 3774 5161 μονονουχί

2189 5185 2443 5253 λέγουσαι
2463 5203 2478 5217 ·
2508 5188 2592 5250 τίς
2622 5186 2762 5255 αῦτη
2793 5188 2826 5255 ἡ
2853 5185 3220 5241 ἀναϐαίνουσα
3250 5180 3772 5250 λελευκαντισμὲνη,

2190 5276 2541 5345 ὲγκύπτουσα
2569 5277 2701 5331 ὡσεὶ
2725 5276 2955 5349 δρθρος;
2985 5276 3123 5348 καλὴ
3164 5275 3239 5339 ὡς
3292 5274 3513 5345 σελήνη,
3543 5270 3775 5340 ὲκλεκτὴ

2194 5362 2269 5426 ὡς
2289 5365 2318 5417 6
2334 5364 2508 5434 ἥλιος.
2547 5365 2637 5429 Ὠς
2661 5365 2975 5437 ὡραιὼθης,
3000 5365 3077 5429 ὡς
3102 5363 3367 5436 ήδύνθηςί
3402 5364 3467 5416 σὺ
3495 5361 3654 5424 ἄνθος
3679 5358 3776 5411 τοῦ

2272 5665 2380 5805 ξεί)
2412 5664 2477 5720 ιι.
2515 5667 2849 5736 πολύφωτος.

2298 5735 2387 5805 45)
2418 5737 2550 5805 Reg.
2584 5741 2679 5792 καὶ
2714 5737 2849 5805 φαιδη

2298 5735 2387 5825 45)
2418 5737 2562 5825 Reg,
2584 5734 2679 5827 καί
2714 5737 2967 5808 φαιδραῖς
2991 5738 3110 5800 ταῖς
3139 5734 3411 5807 λαμπάσι,
3445 5734 3557 5789 καί.
