4018 6342
240 367 355 427 7‘17

220 573 480 636 νεάνιδες
524 574 822 644 ἠγάπησαν
876 594 956 630 σε.
1008 577 1101 640 Εἰς
1136 579 1311 652 ὀσμὴν
1344 584 1531 655 μύρων
1562 604 1654 641 σου
1687 589 1814 659 δρα-

230 662 516 732 μούμεθα.
552 665 852 733 Εἱσήνεγκὲ
887 683 944 717 σε
993 668 1022 718 ὁ
1058 666 1313 735 βασιλεὺς
1361 675 1442 734 είς
1471 676 1532 727 τὸ
1571 681 1813 746 ταμιεῖον

226 754 433 815 αὑτοῦ,
468 755 597 807 ἔνθα
620 756 858 818 ἐξουσίαι
881 754 1293 828 δορυφοροῦσιν,
1328 766 1491 835 ἀρχαὶ
1509 754 1810 835 εὐλογοῦσι,

230 846 423 915 θρόνοι
460 846 782 914 άνυμνοῦσι,
831 846 900 899 τὰ
950 848 1232 919 Χερουϐὶμ
1286 855 1649 925 ἐκπλήττεται
1698 860 1814 928 χαί-

233 951 427 1001 ροντα,
465 934 676 998 δοξάζει
707 935 772 987 τά
804 937 1050 1011 Σεραφὶμ
1072 941 1170 1008 τὴν
1203 943 1296 993 τοῦ
1323 944 1523 996 οἰκείου
1548 945 1807 999 δεσπότου

232 1024 405 1092 φύσει
463 1027 556 1078 καὶ
604 1025 833 1098 ἀληθείᾳ
892 1032 1172 1102 οἰκονομίᾳ
1236 1036 1655 1105 χρηματίσασαν
1711 1056 1812 1108 μη-

230 1115 398 1183 τέρα.
432 1113 509 1167 Ού
532 1115 638 1184 γὰρ
663 1118 736 1179 ὡς
767 1121 795 1170 6
841 1120 1026 1183 Ἠλίας
1054 1122 1129 1184 ὡς
1158 1124 1240 1185 είς
1260 1125 1349 1175 τὸν
1370 1125 1598 1193 οὐρανὸν
1624 1123 1811 1197 ἐλήλυ-

231 1201 375 1263 θας-
413 1204 509 1271 οὐχ
548 1204 623 1265 ὡς
659 1205 687 1254 6
722 1207 934 1270 Παῦλος
968 1210 1072 1273 ἕως
1116 1212 1300 1281 τρίτου
1341 1212 1690 1284 διεόιϐάσθης
1720 1216 1812 1267 ού-

235 1292 410 1360 ρανοῦ
489 1294 603 1346 ἀλλ’
648 1294 754 1357 ἕως
781 1297 945 1350 αὑτοῦ
987 1300 1082 1352 τοῦ
1131 1288 1414 1370 βασιλικοῦ
1466 1302 1655 1373 θρόνου
1715 1305 1811 1357 τοῦ

238 1383 376 1434 Υἱοῦ
414 1400 511 1437 σου
559 1384 817 1450 ἔφθασας,
866 1390 1147 1453 αύτόπτως
1169 1391 1371 1459 ὁρῶσα,
1400 1396 1493 1446 καὶ
1525 1395 1806 1466 χαίρουσα,

234 1473 337 1523 καὶ
376 1479 474 1524 σὺν
501 1466 667 1543 πολλῇ
696 1478 791 1529 καὶ
822 1479 1013 1550 ἀφάτῳ
1040 1484 1105 1551 τῇ
1140 1484 1419 1554 παρρησίᾳ
1462 1486 1810 1556 παρεστῶσα,

232 1563 497 1628 ἀγγέλοις
525 1563 761 1634 θυμηδία
786 1570 1117 1641 ἀπόρρητος,
1153 1572 1247 1626 καὶ
1269 1575 1471 1637 πάσαις
1497 1579 1619 1640 ταῖς
1645 1579 1810 1648 ὑπερ-

234 1656 493 1723 κοσμίοις
521 1656 802 1727 δυνάμεσι,
834 1663 1196 1733 πατριάρχαις
1227 1662 1531 1737 εὐφροσύνη
1560 1668 1808 1737 άληκτος,

235 1743 471 1808 δικαίοις
536 1747 683 1816 χαρὰ
732 1750 1128 1821 άνεκλάλητος,
1193 1759 1500 1827 προφήταις
1561 1760 1812 1830 διηνεκὴς

1058 386 1383 447 HOMILIA
1429 392 1449 447 [
1496 391 1571 449 IN
1615 356 2145 460 DORMITIUN’EM
2184 404 2245 463 Β.
2287 408 2347 464 V.
2391 410 2671 469 MARIE.

228 484 451 551 πεδίου,
506 482 582 545 ὡς
646 487 828 554 κρῖνον
888 487 947 539 ὲν
1004 489 1154 559 μέσῳ
1195 492 1483 546 ἀκανθῶν·
1538 497 1623 550 διὰ
1667 500 1821 552 τοῦτο

1924 505 1997 556 ιιιί
2033 506 2199 559 lilium
2251 511 2301 562 in
2357 513 2532 567 medio
2585 515 2859 582 spinarum
2902 521 2945 551 "'

3396 405 3427 468 ’ῑ
3441 415 3495 474 ὶςς

2979 539 2991 573 :
3041 532 3318 592 propterea
3362 529 3492 583 τιάοΑ

1924 592 2227 652 Ιυεοειιιιιιω
2256 600 2557 668 dilexerunt
2594 614 2647 660 te
2692 592 2704 659 Ξ
2744 609 2797 660 in
2844 612 3061 665 odorem
3094 618 3487 683 unguentorum

1926 692 2134 740 tuormn
2165 703 2520 747 cucurrerunt
2549 695 2615 756 ⁸⁸,
2648 696 2947 753 Introduxit
2983 711 3033 756 te
3077 720 3169 757 rex
3228 707 3278 759 in
3329 711 3485 763 enhi-

1920 773 2096 827 culnm
2129 791 2306 843 suum,
2341 781 2427 834 ubi
2456 793 2506 836 te
2540 780 2743 851 stipant
2776 788 3093 853 Potestates,
3126 790 3293 864 866
3327 798 3484 853 Prin-

1920 863 2131 947 cipatus
2161 867 2500 938 benedicunt,
2530 866 2736 930 Throni
2765 868 3168 947 cencelebrant,
3195 863 3485 943 Clierubiiu

1920 944 2213 1022 gaudentes
2249 960 2651 1029 obStupescunt,
2686 968 2903 1021 laudant
2943 944 3250 1040 Seraphim,
3278 972 3333 1027 ιιι
3373 993 3491 1045 quae

1922 1046 2130 1100 Domini
2180 1060 2368 1104 natura
2415 1068 2646 1124 veraque
2686 1056 3087 1126 dispensatione
3117 1058 3290 1117 mater
3320 1072 3488 1121 exsti-

1929 1138 2077 1189 teris.
2126 1137 2243 1191 Non
2296 1143 2438 1194 enim
2484 1146 2548 1195 ad
2604 1144 2823 1199 modum
2863 1142 2991 1201 Elia:
3025 1151 3165 1204 velut
3206 1146 3253 1205 in
3291 1155 3485 1209 emtum

1920 1227 2229 1284 ascendisti.
2263 1229 2376 1284 Non
2420 1234 2494 1286 uti
2525 1233 2720 1290 Paulus
2747 1236 2811 1289 ad
2841 1240 3062 1293 tertium
3094 1228 3262 1310 usqite
3290 1245 3484 1297 calum

1918 1318 2171 1370 subvecta
2200 1334 2258 1371 es
2291 1320 2373 1381 “;
2426 1318 2610 1377 rerum
2661 1324 2830 1395 usque
2881 1328 2946 1380 ad
2994 1330 3199 1397 regium
3254 1325 3373 1385 Filii
3414 1324 3486 1387 tui

1922 1408 2170 1461 thronum
2197 1414 2507 1479 pervenisti,
2530 1417 2809 1483 perspicue
2831 1432 2952 1471 eum
2974 1435 3036 1471 ac
3058 1421 3173 1475 lzete
3197 1435 3484 1486 contuens,

1918 1506 1973 1549 et
2022 1513 2141 1551 cum
2190 1515 2381 1566 magna
2434 1513 2487 1557 et
2536 1505 2897 1573 inexplicabili
2954 1508 3211 1563 libertate
3269 1523 3485 1576 astans,

1918 1587 2141 1655 angelis,
2200 1577 2253 1642 et
2302 1592 2501 1646 mundo
2554 1584 2965 1653 sublimioribus
3014 1599 3316 1655 Virtutibus
3369 1605 3489 1656 nui-

1917 1680 2109 1742 versis,
2155 1682 2298 1733 onmi
2352 1696 2602 1737 sermone
2634 1684 2804 1755 major
2833 1688 3013 1741 laetitia
3055 1706 3132 1756 es,
3166 1694 3488 1758 patriarcbis

1918 1757 2246 1837 sempiterna
2302 1772 2612 1839 oblectatio,
2671 1776 2835 1842 justis
2890 1757 3487 1847 gaudiunriuetl'abile,

235 1831 585 1898 ἀγαλλίασις,
634 1838 838 1908 κόσμον
886 1840 1198 1909 εὐλογοῦσα,
1237 1843 1305 1896 τὰ
1333 1844 1622 1911 σύμπαντα
1662 1848 1819 1915 ἁγιά-

1923 1860 2170 1926 perennis
2215 1862 2488 1929 pr0plietis
2536 1865 2848 1932 exsultatio,
2901 1870 3101 1921 mundo
3164 1868 3487 1933 benedicdo,

238 1920 434 1985 ζουσα,
466 1926 579 1987 τοῖς
618 1929 916 1996 κάμνουσιν
957 1932 1156 1994 ἄνεσις,
1189 1937 1300 1996 τοῖς
1346 1936 1600 1990 πενθοῦσι
1643 1939 1820 2009 παρά⁴

238 2004 459 2081 κλησις,
480 2017 589 2077 τοῖς
601 2017 845 2071 νοσοῦσιν
869 2020 1030 2086 ἴασις,
1064 2024 1177 2086 τοῖς
1200 2024 1614 2095 χειμαζομένοις
1635 2029 1681 2081 λι
1690 2004 1817 2100 μὴν,

240 2103 647 2171 ἁμαρτάνουσιν
675 2108 886 2175 άερεσις,
921 2115 1032 2173 τοῖς
1068 2112 1425 2183 λυπουμένοις
1453 2117 1676 2185 εὐμενὲς
1710 2132 1817 2172 πα-

241 2190 530 2260 ραμύθιον,
566 2197 699 2248 πᾶσι
741 2200 851 2261 τοῖς
884 2200 1123 2254 αἰτοῦσιν
1158 2203 1353 2275 ἑτοίμη
1386 2205 1627 2277 βοήθεια.

315 2367 404 2437 ιβ’.
452 2354 516 2422 Ὦ
546 2372 818 2443 θαύματος
839 2376 1008 2440 ὅντως
1039 2368 1379 2450 ὑπερφυοῦςί
1408 2381 1453 2435 ὢ
1479 2385 1817 2454 πραγμάτων

242 2460 580 2531 ἐκπλήξεως.
620 2464 677 2517 Ὁ
710 2468 877 2521 πάλαι
901 2466 1187 2537 βδελυκτὺς
1237 2474 1330 2525 καὶ
1360 2474 1685 2543 μισούμενος
1717 2476 1817 2531 θά·

252 2562 436 2615 νατος,
494 2555 588 2606 καὶ
627 2556 952 2627 εύφημεῖται
994 2563 1089 2615 καὶ
1132 2565 1513 2633 μακαρίζεται.
1548 2567 1607 2618 Ὀ
1652 2568 1817 2621 πάλαι

242 2641 479 2706 πένθους
511 2647 604 2699 καὶ
648 2650 969 2718 κατηφείας,
995 2652 1246 2724 δακρύων
1281 2672 1339 2707 τε
1364 2658 1460 2708 καὶ
1502 2656 1819 2727 σκυθρωπὸ-

240 2736 410 2801 τητος
454 2736 733 2805 πρόξενος,
763 2740 858 2793 νῦν
899 2744 1073 2812 χαρᾶς
1109 2728 1479 2800 ἀναδέδεικται
1513 2748 1604 2800 καὶ
1641 2766 1816 2818 πανη-

243 2823 465 2893 γύρεως
491 2828 681 2891 αῐτιος.
714 2826 903 2901 Ὅμως
930 2835 978 2886 εἰ
1012 2834 1104 2888 καὶ
1147 2837 1280 2889 πᾶσι
1311 2839 1424 2900 τοῖς
1446 2838 1539 2892 τοῦ
1561 2840 1696 2893 Θεοῦ
1725 2840 1815 2894 θε-

246 2914 539 2982 ράπουσιν,
572 2913 647 2972 ὧν
673 2922 702 2971 6
739 2920 964 2986 θάνατος
997 2926 1379 2996 μακαρίζεται,
1416 2931 1480 2981 ὲκ
1507 2929 1600 2983 τοῦ
1628 2931 1817 2996 τέλους

241 3003 308 3054 τὸ
356 3005 597 3072 ἀσφαλὲς
638 3012 974 3081 περιγίνεται
1026 3017 1125 3085 τῆς
1163 3016 1301 3084 πρὸς
1345 3017 1475 3071 Θεὸν
1520 3020 1815 3091 εὐαρεστή-

244 3107 408 3157 σεως,
458 3097 552 3167 καὶ
585 3099 771 3151 τούτου
815 3102 975 3171 χάριν
1002 3104 1030 3156 6
1076 3102 1302 3169 θάνατος
1345 3106 1523 3160 αὐτῶν
1582 3111 1817 3179 μακαρί-

242 3184 422 3248 ζεται.
459 3187 668 3242 Τελειοῖ
704 3192 812 3261 γάρ
857 3186 1074 3260 αὐτοὺς,
1099 3198 1192 3250 καὶ
1231 3200 1532 3269 μακαρίους
1560 3200 1816 3264 δείκνυσι,

242 3276 310 3327 τὸ
332 3272 599 3346 ἄτρεπτον
622 3281 721 3351 τῆς
742 3283 943 3354 ἀρετῆς
966 3285 1346 3357 χαριζόμενος,
1370 3290 1511 3343 κατά
1530 3290 1589 3343 τὸ
1611 3291 1819 3359 φάσκον

244 3365 459 3434 λόγιον·
505 3367 582 3438 μὴ
630 3373 901 3442 μακάριζε
960 3376 1131 3446 ἄνδρα
1178 3378 1287 3447 πρὸ
1332 3379 1589 3450 τελευτῆς
1618 3382 1816 3435 αὑτοῦ·

246 3457 368 3510 ἀλλ’
389 3459 489 3511 οὐκ
531 3461 622 3513 ἐπὶ
653 3463 738 3514 σοὶ
779 3464 937 3517 τοῦτο
966 3466 1270 3537 ληψόμεθα.
1316 3470 1417 3523 Σοῦ
1447 3471 1552 3541 γὰρ
1589 3490 1820 3544 μακαρι-

248 3545 408 3615 σμὸς,
437 3550 535 3619 ούχ
568 3552 596 3603 6
634 3550 892 3617 θάνατοςί
934 3555 1054 3609 οὐδὲ
1103 3559 1136 3627 ή
1173 3560 1499 3627 μετάστασις
1543 3565 1819 3629 τελείωσις

247 3636 497 3706 γέγονεν,
549 3642 659 3695 οὐδ’
696 3640 764 3697 αὖ
814 3646 975 3698 πάλιν
1002 3649 1035 3717 ἡ
1088 3649 1325 3719 ὲκδημία
1379 3652 1666 3722 χαρίζεται
1722 3656 1818 3725 τὴν

248 3730 573 3797 ἀσφάλειαν.
620 3734 842 3788 Πάντων
878 3738 987 3808 γὰρ
1027 3740 1091 3793 σὺ
1130 3740 1237 3793 τῶν
1263 3743 1402 3813 ὑπὲρ
1434 3744 1556 3799 νοῦν
1598 3746 1820 3814 ἀγαθῶν

246 3820 416 3890 ἀρχὴ.
449 3822 540 3875 καὶ
572 3826 827 3897 μεσότης,
864 3829 959 3881 καὶ
990 3830 1158 3895 τέλος,
1183 3834 1451 3902 ἀσφάλειά
1471 3853 1528 3889 τε
1563 3842 1658 3890 καὶ
1688 3839 1820 3908 άλη-

248 3910 350 3980 θὴς
382 3910 689 3982 βεϐαίωσις,
721 3918 755 3985 ή
805 3918 1042 3990 ἄσπορος
1086 3922 1363 3994 σύλληψις,
1396 3928 1427 3996 ἡ
1456 3926 1576 3980 θεία
1602 3929 1819 4000 ἐνοίκη-

250 4017 358 4062 σις,
405 4004 433 4054 6
459 4002 611 4065 τόκος
637 4006 666 4057 6
708 4006 942 4076 ἄφθορος
977 4011 1221 4079 γέγονεν,
1258 4015 1419 4069 Ὅθεν
1451 4017 1664 4087 ἀληθῶς
1684 4019 1818 4091 ἔφη·

253 4107 378 4153 σας,
408 4093 509 4145 οὐκ
545 4094 653 4146 ἀπὸ
685 4096 780 4150 τοῦ
803 4097 1053 4153 θανάτου.
1082 4103 1197 4156 ἀλλ’
1232 4105 1290 4168 ἐξ
1310 4106 1482 4176 αὐτῆς
1506 4108 1605 4175 τῆς
1629 4109 1822 4182 συλλή-

249 4183 399 4251 ψεως
416 4184 522 4236 ὑπὸ
538 4185 726 4240 πασῶν
740 4188 849 4241 τῶν
873 4191 1074 4256 γενεῶν
1097 4194 1514 4262 μακαρίζεσθαι.
1548 4199 1822 4253 Ἐντεῦθεν

250 4272 316 4323 σύ
348 4276 407 4323 σὲ
437 4274 465 4324 6
495 4272 721 4339 θάνατος
751 4279 1108 4348 ὲμακάρισεν,
1140 4283 1256 4336 ἀλλ’
1297 4287 1432 4356 αὐτὴ
1470 4289 1562 4339 τὸν
1593 4288 1821 4343 θάνατον

253 4362 648 4431 κατηγλάῖσας,
710 4367 809 4438 τὴν
850 4369 1042 4423 τούτου
1098 4374 1398 4443 κατήφειαν
1443 4376 1670 4442 λύσασα,
1729 4381 1822 4432 καὶ

252 4452 432 4522 χαρὰν
465 4455 554 4507 τὸν
592 4456 821 4513 θάνατον
852 4461 1096 4528 δείξασα.
1136 4465 1296 4518 Ὅθεν
1328 4484 1419 4520 σου
1468 4468 1527 4522 τὺ
1557 4470 1701 4539 ίερὸν
1728 4472 1822 4525 καὶ

255 4544 602 4632 πανάμωμον
657 4548 815 4619 σῶμα
860 4553 983 4623 ὁσία
1018 4558 1163 4625 ταφῇ
1216 4558 1549 4627 παρεδίδοτο,
1589 4575 1820 4632 προτρε-

253 4631 459 4700 χόντων
502 4634 765 4701 ἀγγέλων,
808 4644 1301 4710 περικυκλούντων,
1355 4648 1659 4717 ἑπομένων,
1690 4631 1822 4721 μήτι

254 4724 607 4792 πραττόντων
663 4723 738 4781 ὧν
768 4732 913 4795 εἰκὸς
935 4736 999 4803 τῇ
1033 4737 1201 4806 μητρὶ
1231 4738 1324 4791 τοῦ
1355 4740 1561 4794 ἑαυτῶν
1585 4740 1823 4812 λειτουρ-

254 4812 427 4881 γῆσαι
470 4818 765 4883 Δεσπότου,
815 4823 1151 4891 ἀποστόλων,
1201 4829 1295 4879 καὶ
1346 4824 1546 4892 παντὸς
1582 4830 1676 4882 τοῦ
1724 4831 1825 4901 τῆς

270 4904 601 4974 Ἐκκλησίας
644 4910 1008 4983 πληρώματος
1059 4916 1416 4988 θεηγορικοὺς
1474 4920 1674 4989 ὕμνους
1727 4923 1821 4974 ὲκ-

256 4994 526 5061 6ςὼντων,
551 5002 639 5052 καὶ
666 5006 1046 5075 κροτουμένων
1088 5008 1166 5079 τῷ
1191 5009 1463 5079 πνεύματι
1487 5030 1500 5044 ο
1539 5014 1823 5079 11.1110011-

257 5086 485 5152 oc‘ﬂsOa
510 5088 580 5140 ἐν
611 5090 734 5157 τοῖς
759 5093 1005 5161 ἀγαθοῖς
1040 5098 1147 5152 τοῦ
1188 5099 1356 5154 οἴκου
1387 5118 1504 5155 σου
1525 5118 1537 5131 ·
1570 5102 1756 5171 ἅγιος,
1791 5105 1823 5155 ό

257 5177 406 5241 ναός
429 5193 565 5244 σου,
597 5183 939 5253 θαυμαστὸς
992 5189 1062 5242 ἐν
1088 5190 1463 5260 δικαιοσύνῃ.
1496 5195 1606 5248 Καὶ
1636 5195 1818 5248 πάλινο

271 5264 515 5333 Ἠπνάσε
559 5269 627 5321 τὸ
671 5274 958 5345 σκήνωμα
988 5280 1173 5334 αὐτοῦ
1224 5284 1258 5334 ό
1292 5281 1605 5349 ’Υψιστος.
1648 5285 1822 5350 Ὄρος

262 5355 368 5408 τοῦ
398 5360 567 5423 Θεοῦ,
599 5361 735 5429 ὅρος
767 5365 937 5419 πῖον’
964 5368 1029 5420 τὸ
1061 5369 1196 5437 ὅρος
1223 5371 1254 5423 ὃ
1274 5371 1655 5438 εὐδόκησενό
1683 5373 1824 5438 Θεὸς

261 5446 557 5499 κατοικεῖν
583 5449 654 5503 ἐν
679 5452 857 5518 αὐτῷ.
891 5456 954 5508 Σὲ
980 5456 1087 5509 τῶν
1116 5459 1428 5512 ἀποστόλων
1469 5463 1497 5513 6
1534 5462 1700 5531 δῆμος
1727 5464 1826 5531 τὴν

258 5533 435 5606 ἀληθῆ
494 5539 723 5594 κιϐωτὸν
787 5547 995 5617 Κυρίου
1052 5549 1144 5602 τοῦ
1200 5551 1331 5603 Θεοῦ
1379 5554 1470 5607 ἐπὶ
1513 5553 1619 5606 τῶν
1661 5553 1826 5624 ὤμων

422 5649 584 5737 έῖθιιι.
632 5672 690 5722 ιι,
730 5661 776 5721 ι,
805 5659 859 5714 2.
937 5663 980 5694 ⁵⁹
1025 5662 1181 5719 Cant.
1232 5681 1272 5729 ι,
1298 5664 1352 5731 2,
1383 5666 1434 5719 5.
1512 5667 1554 5698 ⁶⁰
1586 5666 1624 5721 ll
1653 5666 1776 5722 Cor.
1814 5685 1833 5720 λ

1940 5666 1991 5721 ‘2.
2070 5665 2110 5695 ‘”
2165 5663 2328 5719 Eccli.
2362 5679 2463 5737 ξι,
2513 5667 2600 5722 50.

266 5731 389 5782 xu,
419 5717 470 5771 5.

1919 1952 2081 2003 rebus
2127 1948 2379 2005 omnibus
2427 1955 2804 2020 sanctimonia,
2835 1953 3205 2013 laborantibus
3254 1960 3486 2028 requies,

1914 2026 2221 2109 lugentibus
2256 2045 2570 2108 consolatio,
2603 2048 2989 2115 mgrotautibus
3020 2049 3301 2113 medicina,
3354 2061 3482 2103 teut-

1922 2141 2127 2200 pestate
2152 2132 2369 2199 jactatis
2400 2124 2604 2201 portus,
2632 2124 2979 2204 peccantibus
3009 2140 3187 2199 venia,
3225 2141 3481 2193 blandum

1920 2216 1987 2275 iis
2016 2224 2107 2291 qui
2139 2224 2191 2276 iu
2220 2237 2454 2279 mterore
2495 2234 2640 2292 sont,
2669 2226 2935 2295 levamen,
2966 2229 3218 2284 omnibus
3247 2244 3481 2285 exoran-

1922 2311 2063 2367 tibns
2089 2324 2395 2383 promptum
2432 2316 2750 2370 subsidium.

1994 2403 2077 2455 1‘2.
2106 2403 2150 2458 Ο
2178 2405 2494 2460 miraculum
2543 2404 2667 2461 vere
2711 2418 2901 2462 natura
2931 2412 3306 2478 praestantius!
3337 2426 3370 2465 ο
3396 2416 3483 2468 res

1920 2495 2157 2563 Stuporis
2185 2496 2403 2565 plenas!
2436 2497 2575 2552 Mors
2601 2497 2720 2567 quae
2745 2498 2870 2555 odio
2892 2510 2947 2555 et
2974 2503 3332 2557 exsecrationi
3358 2504 3485 2557 olim

1917 2576 2053 2650 erat,
2084 2600 2227 2646 nunc
2250 2593 2673 2653 commendatur,
2710 2600 2763 2645 et
2786 2592 2940 2646 beata
2971 2594 3317 2662 praedicatur.
3348 2594 3478 2660 Qua:

1917 2675 2183 2741 quondam
2239 2674 2440 2729 luctum
2504 2686 2559 2730 et
2614 2673 2922 2745 mmrorem,
2991 2680 3362 2751 lacrymasqne
3433 2679 3489 2737 et

1920 2760 2194 2818 tristitiam
2215 2765 2494 2830 afferebat,
2521 2782 2660 2821 nunc
2683 2783 2841 2823 causa
2865 2772 3043 2826 evadit
3066 2773 3245 2841 gaudii
3276 2784 3328 2825 et
3351 2773 3484 2825 haue

1917 2855 2266 2911 celebritatis.
2298 2856 2458 2922 Quid,
2490 2860 2630 2926 quod
2680 2861 2931 2916 omnibus
2977 2862 3066 2916 Dei
3115 2864 3309 2928 seriis,
3348 2864 3485 2932 quo;

1918 2948 2035 2999 rum
2090 2942 2236 3001 mers
2269 2946 2421 3000 beata
2458 2947 2673 3013 dicitur,
2704 2949 2771 3003 ab
2800 2951 2917 3018 ipso
2963 2951 3067 3005 line
3101 2953 3154 3007 id
3207 2952 3487 3023 compare-

1916 3040 2023 3102 tur,
2058 3047 2121 3090 ut
2154 3037 2206 3091 in
2244 3037 2357 3091 toto
2390 3026 2621 3093 habeant
2642 3041 2782 3108 quod
2828 3043 2937 3096 Deo‘
2975 3040 3111 3113 grati
3156 3044 3281 3110 sint,
3312 3042 3483 3113 eoque

1844 3156 1888 3214 ϐ
1920 3139 2064 3178 mors
2120 3124 2330 3180 illorum
2370 3128 2544 3181 fausta
2574 3138 2625 3180 et
2669 3129 2795 3182 felix
2828 3129 3126 3185 habeatur?
3162 3129 3307 3187 βίοι-ε
3342 3132 3484 3187 enim

1920 3229 2014 3271 eos
2033 3211 2445 3299 consummatos
2468 3232 2530 3271 ac
2562 3217 2749 3274 beatos
2776 3220 2924 3286 facit,
2963 3223 3063 3275 hoc
3094 3224 3224 3291 ipsis
3250 3222 3484 3278 aﬂ‘ercns

1916 3304 1979 3353 ut
2002 3300 2169 3354 virtus
2200 3301 2438 3367 ipsorqu
2478 3300 2605 3355 nulli
2649 3304 2759 3371 jam
2802 3306 3349 3359 malatioai.obn’oxia
3391 3309 3481 3363 sit.

1922 3391 2214 3445 secundum
2245 3390 2372 3445 illud
2401 3392 2674 3447 oraculum
2704 3414 2715 3448 :
2745 3395 2878 3448 Ante
2902 3404 3121 3450 m‘ortem
3146 3399 3485 3465 nebeatiﬁces

1918 3497 2226 3551 quemquam
2254 3482 2297 3514 “
2330 3501 2343 3538 :
2379 3485 2518 3552 quod
2557 3480 2736 3540 tamen
2769 3487 2820 3540 in
2859 3496 2910 3540 te
2942 3502 3047 3542 non
3083 3488 3480 3557 usu'rpabimus.

1919 3570 2032 3627 Tua
2063 3572 2259 3643 quippe
2296 3584 2418 3629 erat
2461 3575 2755 3640 beatitudo,
2789 3578 2891 3630 non
2950 3593 2978 3630 a
3042 3583 3215 3634 morte
3269 3578 3483 3651 obtigit,

1920 3677 2019 3716 nec
2043 3661 2135 3717 tibi
2156 3672 2281 3719 tuus
2314 3665 2437 3720 hinc
2458 3666 2717 3720 transitus
2739 3667 3125 3736 perfectionem
3152 3671 3482 3734 conciliavit,

1916 3764 2019 3807 nec
2043 3755 2255 3806 demum
2280 3756 2527 3823 migratio
2551 3764 2637 3809 tua
2665 3758 3030 3811 securitatem.
3057 3758 3307 3813 Omnium
3341 3761 3484 3813 enim

1920 3842 2179 3894 bonorum
2238 3841 2470 3905 initium,
2530 3844 2872 3911 mediumque
2914 3854 2971 3899 et
3018 3845 3159 3907 tiuis,
3221 3847 3488 3900 securitas

1920 3929 2081 3982 etiam
2131 3937 2185 3983 et
2212 3943 2335 3982 vera
2394 3931 2756 3994 conﬁrmatio,
2788 3932 2839 3984 in
2877 3933 2963 3985 illa
3005 3933 3227 3985 seminis
3264 3943 3486 4000 experte

1919 4018 2289 4095 conceptione,
2324 4019 2377 4072 in
2412 4018 2498 4073 illa
2529 4018 2706 4073 divina
2733 4020 3139 4086 inbabitatione,
3171 4022 3223 4075 in
3258 4023 3348 4074 illo
3369 4023 3486 4075 sine

1920 4108 2037 4162 labe
2094 4116 2253 4177 partu
2296 4108 2538 4163 constitit
2597 4130 2608 4164 :
2667 4123 2732 4163 ac
2793 4110 3017 4179 proinde
3088 4125 3212 4165 vere
3265 4126 3487 4178 prorsus

1921 4198 2105 4253 dixisti
2136 4198 2253 4254 fore
2313 4207 2370 4253 ut
2409 4207 2461 4253 te
2488 4216 2589 4254 non
2644 4215 2673 4253 a
2703 4209 2892 4264 morte,
2944 4200 3037 4255 sed
3081 4202 3149 4253 ab
3215 4201 3324 4270 ipsa
3360 4216 3487 4254 con-

1920 4291 2164 4360 ceptione
2206 4293 2582 4361 generationes
2632 4306 2819 4346 omnes
2861 4292 3072 4345 beatam
3114 4293 3486 4361 praidicareut.

1921 4379 2183 4447 Quocirca
2212 4396 2318 4434 non
2366 4392 2415 4435 te
2456 4394 2599 4434 mors
2634 4380 2843 4434 beatam
2875 4373 3022 4444 fecit,
3060 4379 3153 4433 sed
3188 4379 3303 4448 ipsa
3340 4392 3486 4431 mor-

1853 4482 2028 4555 Dtem
2085 4473 2307 4527 hilarem
2376 4472 2694 4537 reddidisti;
2740 4476 2797 4525 ut
2844 4486 2963 4541 qua:
3012 4471 3323 4524 maestitiam
3373 4470 3488 4536 ejus

1922 4562 2222 4627 sustuleris,-
2293 4563 2575 4632 ipsamque
2638 4562 2889 4630 gaudium
2956 4576 3076 4616 esse
3150 4562 3486 4629 praestiteris.

1924 4651 2280 4715 Quamobrem
2336 4667 2546 4705 sacrum
2583 4661 2637 4704 et
2679 4650 3054 4704 intaminatum
3100 4665 3296 4720 corpus
3338 4659 3483 4702 tuum

1925 4741 2025 4804 piae
2060 4740 2348 4808 sepulturae
2374 4740 2708 4804 tradebatur,
2756 4739 2960 4809 angelis
3014 4740 3207 4808 partim
3248 4754 3487 4807 prsecur-

1926 4828 2184 4889 rentibus,
2231 4829 2425 4897 partim
2505 4828 2987 4895 circumdantibus,
3034 4829 3337 4897 partimque
3399 4843 3486 4881 se-

1928 4920 2236 4988 quentibus,
2277 4920 2479 4973 nullum
2523 4920 2753 4989 denidue
2779 4920 3022 4989 obsequii
3059 4933 3226 4988 genus
3272 4927 3488 4985 prater-

1931 5012 2286 5074 mittentibus,
2318 5013 2459 5080 quod
2490 5012 2702 5065 Domini
2735 5012 2971 5082 ipsorum
3006 5008 3209 5079 parenti
3250 5005 3488 5058 adhiberi

1927 5116 2026 5170 par
2049 5112 2191 5156 esset
2221 5118 2235 5155 :
2266 5101 2517 5169 apostolis
2547 5103 2671 5157 item
2709 5112 2763 5155 et
2789 5102 3039 5155 universo
3069 5095 3320 5150 Ecclesiae
3346 5104 3488 5146 ciem

1926 5193 2135 5247 divinos
2165 5194 2407 5262 hymnos,
2433 5204 2485 5247 et
2525 5196 2589 5247 ad
2621 5194 2855 5263 Spiritus
2888 5195 3061 5263 lyram
3098 5192 3335 5262 pulsatos
3383 5190 3489 5242 alta

1928 5296 2057 5336 voce
2109 5283 2420 5337 cnnentibus
2450 5301 2463 5335 :
2498 5273 2822 5350 Replebimur
2860 5284 2915 5335 in
2938 5282 3085 5334 bouis
3118 5282 3301 5333 domus
3335 5289 3438 5329 tum
3469 5292 3486 5327 :

1928 5383 2165 5425 sanctum
2190 5382 2267 5426 est
2298 5372 2548 5440 temptem
2579 5381 2748 5436 tuum,
2779 5372 3020 5426 mirabile
3060 5388 3113 5424 ιιι
3143 5372 3389 5438 inquinate
3417 5369 3484 5422 δ’.

1930 5464 2006 5516 Ac
2038 5476 2227 5515 rursus
2260 5480 2273 5516 :
2308 5460 2672 5530 Sanctiﬁcavit
2706 5454 3097 5517 tabErnaculttm
3140 5478 3291 5514 suum
3330 5460 3490 5515 Altis-

1931 5554 2091 5606 simus
2120 5551 2187 5605 “.
2222 5550 2368 5604 Mons
2387 5550 2668 5617 Dai,mons
2697 5554 2905 5623 pinguis
2927 5569 2946 5605 :
2971 5568 3113 5607 mam
3133 5553 3186 5605 in
3207 5565 3310 5603 auo
3332 5550 3491 5601 bene-

2699 5668 2741 5699 “
2770 5667 2908 5724 l’sal.
2943 5684 3086 5736 utv,
3117 5669 3170 5723 0.
3247 5669 3291 5700 ⁸³
3320 5664 3461 5719 Psal.
