4018 6342
478 446 487 453 α
562 361 669 424 vui
962 452 965 453 ί
1717 361 2065 421 S_JOANN'

2267 364 2589 424 MASCENI
3695 353 3854 433 721‘

556 475 804 542 placitum
852 483 926 527 est
958 472 1068 549 Deo
1124 474 1364 527 habitare
1397 474 1451 527 in
1477 487 1538 525 eo
1566 474 1629 525 ⁸⁸.
1653 474 1729 526 Te
1764 469 2129 541 apostolorum

2234 475 2518 547 ἀράμενοι,
2549 478 2624 541 ὡς
2656 478 2824 531 πάλαι
2875 478 3000 531 ποτὲ
3050 477 3099 530 οἱ
3135 478 3295 545 ἱερεῖς
3327 474 3425 546 τὴν
3451 474 3687 547 τοπικὴν
3718 492 3808 532 κι-

556 581 768 635 agmen,
806 579 987 617 veram
1020 563 1232 619 Domini
1278 565 1369 619 Dei
1401 581 1605 630 arcam,
1639 567 1713 618 uti
1734 566 2003 634 quondam
2035 581 2121 619 sa-

2230 566 2420 630 δωτὸν,
2454 569 2548 620 καὶ
2590 570 2647 619 ἐν
2671 568 2825 638 τάφῳ
2866 568 3103 636 θέμενοι,
3148 569 3215 620 δι’
3251 566 3441 632 αὐτοῦ,
3485 566 3558 629 ὼς
3596 566 3707 638 (16)
3738 567 3807 620 δι’

555 655 799 708 cerdotes
845 654 1074 724 typicam
1133 655 1302 720 illam,
1353 657 1596 711 humeris
1642 657 1909 719 tollentes,
1962 667 2017 710 et
2072 658 2122 709 in

2242 657 2506 727 Ἰορδάνου
2550 659 2715 722 τινὸς,
2759 659 2852 710 ἐπὶ
2879 658 2976 725 τὴν
2998 657 3171 727 ἀληθῆ
3200 657 3295 725 τῆς
3340 657 3673 725 ἐπαγγελίας
3706 676 3807 711 πα-

555 744 803 810 sepulcro
833 734 1147 811 candentes,
1180 761 1277 816 per
1321 749 1504 815 ipsum
1542 748 1688 801 velut
1714 762 1807 816 per
1832 746 2122 801 ‘Jordanem

2232 745 2509 815 ρέπεμπον
2560 750 2683 818 γῆν,
2739 746 2837 816 τὴν
2894 746 3004 798 ἄνω
3055 748 3198 815 φημὶ
3263 745 3644 815 Ἰερουσαλὴμ,
3706 748 3807 815 τὴν

553 835 808 899 alterum,
839 838 903 889 ad
941 850 1124 890 veram
1152 838 1527 907 promissionis
1550 848 1772 903 terram,
1798 838 1898 893 hoc
1936 848 2020 893 est
2059 840 2124 891 ad

2228 836 2443 889 πάντων
2494 837 2600 888 τῶν
2647 836 2853 888 πιστῶν
2905 836 3136 905 μητέρα,
3190 831 3257 906 ἧς
3288 837 3536 905 τεχνίτης
3584 839 3676 889 καὶ
3714 838 3810 907 δη-

553 940 841 990 supernam
908 925 1226 991 Jerusalem,
1276 930 1516 982 omnium
1577 929 1810 983 ﬁdelium
1877 938 2122 991 matrem,

2232 927 2489 995 μιουργὸς
2533 930 2561 979 ό
2598 926 2749 988 Θεός.
2805 928 2878 979 Οὐ
2927 926 3266 996 κατελήλυθε
3312 927 3421 996 γὰρ
3461 930 3493 995 ή
3525 928 3671 996 ψυχή
3711 945 3805 980 σου

552 1017 711 1085 cujus
741 1017 933 1073 artifex
978 1026 1032 1072 et
1077 1020 1513 1085 conditor'Deus,
1542 1022 1978 1075 transmiserunt.
2008 1018 2123 1072 Non

2227 1016 2306 1077 είς
2335 1016 2424 1066 τὸν
2461 1015 2616 1085 ᾅδην,
2663 1017 2776 1069 ἀλλ’
2806 1016 2926 1069 οὐδὲ
2970 1018 3004 1086 ἡ
3034 1015 3169 1085 σάρξ
3206 1032 3299 1067 σου
3339 1013 3444 1067 εἶδε
3478 1016 3800 1085 διαφθοράν.

552 1107 697 1159 enim
732 1106 909 1160 anima
952 1117 1041 1161 tua
1097 1108 1148 1161 in
1202 1108 1469 1163 infernum
1525 1109 1823 1170 descendit,
1868 1120 1967 1161 nec
1998 1123 2125 1161 caro

2227 1105 2339 1158 Οὐκ
2369 1106 2669 1177 ἀπελείφθη
2693 1108 2749 1160 ὲν
2775 1110 2844 1177 γῇ
2877 1107 2936 1158 τὸ
2987 1106 3079 1158 σὺν
3107 1106 3375 1176 ἄχραντον
3418 1106 3512 1159 καὶ
3548 1108 3804 1176 πανακή-

556 1204 645 1247 tua
666 1197 1065 1265 corruptionem
1102 1197 1234 1251 vidit
1259 1197 1324 1250 ⁸⁸.
1349 1196 1466 1251 Non
1506 1207 1588 1251 est
1618 1197 1861 1250 relictum
1896 1197 1946 1249 in
1983 1206 2122 1249 terra

2232 1212 2394 1264 ρατον
2457 1197 2634 1265 σῶμα,
2683 1196 2798 1250 ἀλλ’
2830 1199 2887 1250 έν
2940 1196 3184 1266 οὐρανῶν
3219 1195 3510 1264 βασιλείοις
3538 1200 3725 1264 μοναίς
3767 1200 3801 1266 ἡ

556 1286 954 1341 immaculatum
992 1288 1156 1358 867
1194 1289 1479 1356 omnisque
1528 1288 1660 1342 labis
1685 1298 1884 1356 expers
1923 1298 2121 1353 corpus

2230 1286 2457 1353 βασιλὶς,
2485 1289 2517 1355 ἡ
2552 1286 2788 1357 κυρία,ἡ
2816 1287 3091 1353 δέσποινα,
3122 1288 3154 1354 ἡ
3177 1286 3498 1356 Θεομήτωρ,
3528 1288 3561 1353 ἡ
3589 1287 3800 1356 ἀληθὴς

557 1385 705 1429 tuum
767 1394 779 1429 :
826 1376 920 1430 sed
975 1376 1027 1431 in
1078 1376 1253 1445 regias
1299 1375 1559 1430 caelorum
1619 1377 1793 1438 sedes,
1828 1374 2010 1442 regina
2046 1382 2123 1434 tu,

1302 1375 1559 1430 caelorum
1619 1377 1793 1438 sedes.
1828 1374 2010 1442 regina
2046 1382 2123 1434 tu,
2226 1376 2488 1439 Θεοτόκος
2513 1376 2889 1447 μετατεθεῑσα.

555 1467 706 1531 hera,
733 1467 971 1531 domina,
1001 1480 1235 1535 veraque
1285 1466 1375 1519 Dei
1431 1466 1701 1527 Genitrix,
1735 1463 1993 1517 translata
2044 1477 2122 1516 es.
2342 1529 2348 1535 _

625 1556 713 1609 15.
763 1554 808 1609 Ο
843 1548 1111 1625 quomodo
1139 1572 1254 1609 eam
1288 1557 1521 1625 suscepit
1551 1556 1770 1616 cmlum,
1805 1552 2127 1621 quaa‘etelo‘s

2300 1555 2392 1621 ιγ’.
2433 1554 2499 1604 Ὢ
2531 1553 2647 1615 πῶς
2708 1553 2935 1622 οὐρανὸς
2990 1551 3290 1614 ὑπεδέξατο
3323 1550 3420 1620 τὴν
3463 1550 3803 1619 πλατυτέραν

555 1646 907 1713 amplitudine
942 1662 1036 1700 sua
1069 1647 1348 1715 superavit
1372 1647 1384 1697 !
1421 1662 1527 1714 quo
1552 1660 1738 1699 rursus
1764 1646 1921 1699 modo
1948 1656 2127 1698 tunut-

2226 1643 2953 1714 οὑρανῶν-χρηματίσασαν;
2998 1642 3115 1704 πῶς
3147 1642 3202 1695 δὲ
3235 1642 3404 1709 τάφος
3442 1642 3501 1694 τὸ
3523 1642 3614 1694 τοῦ
3664 1643 3799 1695 Θεοῦ

548 1735 639 1788 ius
679 1750 797 1788 eam
841 1737 1003 1804 eepit,
1056 1751 1174 1803 qua:
1222 1735 1312 1788 Dei
1369 1737 1809 1803 conceptaculum
1862 1735 1998 1787 fuit?
2053 1735 2122 1787 ita

2226 1736 2426 1804 δοχεῖον
2461 1734 2710 1799 ἔδέξατος
2734 1734 2821 1785 ναὶ
2845 1732 3079 1797 ἐδέξατο,
3107 1733 3194 1786 ναὶ
3211 1732 3549 1802 κεχώρηκεν.
3596 1734 3671 1784 Οὐ
3694 1733 3803 1801 γὰρ

555 1830 703 1877 terte
750 1826 910 1893 cepit,
958 1839 1020 1878 ac
1069 1825 1255 1883 tenuit.
1304 1824 1418 1879 Non
1464 1828 1606 1879 enim
1656 1840 1930 1894 corporea:
1969 1824 2125 1879 molis

2234 1828 2565 1897 σωματικοῖς
2624 1826 2809 1893 ὄγκοις
2868 1824 3100 1895 οὐρανοῦ
3177 1826 3512 1895 πλατύτερον
3560 1826 3798 1892 ἐγένετο.

557 1916 767 1968 ratione
805 1916 951 1970 locus
975 1915 1220 1984 "amplior
1249 1916 1387 1971 cmlo
1432 1916 1645 1969 exstitit
1679 1917 1933 1986 (quonam
1968 1924 2125 1981 pacto

2233 1919 2356 1979 Πῶς
2378 1917 2493 1986 γὰρ
2520 1918 2577 1969 τὸ
2604 1916 2864 1987 τρίπηχυ,
2897 1918 2957 1969 τὸ
2982 1917 3066 1969 ἀεὶ
3096 1916 3507 1986 λεπτυνόμενον,
3533 1915 3719 1985 εὒρεσί
3744 1931 3800 1968 τε

534 2002 699 2058 “enim
730 2010 952 2074 corpus,
990 2008 1139 2074 quod
1181 2006 1354 2059 tribus
1392 2006 1589 2059 cubitis
1625 2013 1863 2068 constat,
1905 2015 1955 2057 et
1994 2018 2121 2072 quo-

2232 2011 2327 2063 καὶ
2366 2011 2596 2079 μήκεσιν
2644 2007 2874 2077 οὐρανοῦ
2912 2006 3333 2076 παραϐληθῆναι
3383 2006 3701 2075 δυνήσεται;
3735 2010 3798 2076 τῇ

554 2094 687 2147 tidie
713 2103 1041 2148 extenuatur
1071 2110 1191 2149 cum
1234 2094 1360 2149 caeli
1390 2096 1674 2148 latitudine
1706 2104 1762 2149 et
1792 2093 2126 2161 longitudine

2231 2100 2287 2152 δὲ
2308 2099 2488 2169 χάριτι
2521 2097 2720 2167 μᾶλλον
2743 2096 2940 2159 παντὸς
2974 2097 3141 2166 ὕψους
3170 2097 3264 2149 καὶ
3294 2095 3487 2164 βάθους
3511 2098 3571 2148 τὸ
3601 2096 3800 2167 μέτρον

532 2187 859 2255 ‘romparari
893 2196 1050 2254 queat
1075 2187 1098 2239 ?
1123 2200 1309 2240 verum
1341 2186 1699 2257 per-gratiam
1736 2186 1932 2255 potius,
1963 2184 2119 2238 celsi-

2234 2189 2660 2263 ὑπερηκόντισε.
2688 2188 2762 2239 Τὸ
2796 2187 2904 2258 γὰρ
2936 2187 3079 2240 θεῖον
3126 2187 3481 2257 ἀσύγκριτον.
3513 2187 3579 2238 Ὢ
3626 2188 3796 2256 ἱεροῦ,

557 2278 759 2332 tudinis
825 2286 881 2332 et
936 2277 1318 2345 profunditatis
1388 2278 1604 2331 modum
1670 2276 1923 2332 excessit.
1980 2273 2126 2329 Nihil

2233 2282 2326 2336 καὶ
2372 2279 2704 2349 θαυμαστοῦ,
2756 2280 2849 2331 καὶ
2890 2278 3209 2347 σεϐασμίου,
3274 2278 3368 2330 καὶ
3419 2276 3795 2346 προσκυνητοῦ

555 2370 753 2438 quippe
798 2368 1056 2438 estquod
1099 2383 1219 2423 cum
1254 2369 1363 2422 Deo
1396 2376 1763 2436 comparetur.
1814 2364 1858 2419 Ο
1887 2380 2122 2430 sacrum,

2237 2373 2517 2442 μνήματος
2542 2386 2557 2400 ο
2587 2370 2739 2422 ὂ-καὶ
2765 2369 2859 2423 νῦν
2891 2369 3242 2440 περιέπουσιν
3270 2369 3512 2436 ἄγγελοι,
3552 2368 3688 2420 αἰδοῖ
3707 2369 3801 2420 καὶ

554 2466 949 2530 angustumque
990 2468 1045 2513 et
1090 2459 1424 2513 adorandum
1486 2466 1929 2520 monumentum,
1984 2455 2126 2524 quod

2233 2463 2381 2533 φόϐῳ
2414 2461 2591 2531 πολλῷ
2610 2461 3036 2532 παριστάμενοι·
3066 2460 3178 2530 (17)
3208 2459 3489 2529 φρίττουσι
3519 2458 3791 2527 δαίμονες·

556 2553 859 2607 etiamnum
905 2553 1107 2622 angeli,
1142 2553 1341 2607 timore
1373 2560 1429 2606 et
1471 2552 1771 2606 reverentia
1813 2550 2127 2605 assistentes

2233 2555 2414 2606 πίστει
2444 2551 2869 2622 προστρέχουσιν
2901 2550 3201 2621 ἄνθρωποι,
3246 2549 3539 2618 τιμῶντες,
3559 2567 3800 2619 προσκυ-

561 2655 905 2709 venerantur,
958 2646 1179 2699 horrent
1224 2645 1516 2707 daemones,
1574 2644 1819 2698 homines
1863 2658 1985 2696 cum
2023 2642 2128 2696 fide

2233 2645 2468 2709 νοῦντες,
2528 2643 2847 2713 ὀφθαλμοῖς,
2894 2643 2991 2696 καὶ
3035 2643 3257 2712 χείλεσι,
3288 2642 3385 2694 καὶ
3429 2641 3582 2709 πόθῳ
3623 2640 3800 2710 ψυχῆς

556 2736 781 2799 adeunt,
839 2736 1192 2799 honorantes,
1240 2734 1550 2799 adorantes,
1609 2734 1782 2788 oculis
1833 2745 1888 2788 et
1938 2734 2124 2800 labris,

2233 2734 2623 2805 ἀσπαζόμενοι,
2640 2736 2738 2787 καὶ
2750 2734 3012 2803 ἀφθονίαν
3024 2731 3240 2802 ἀγαθῶν
3257 2733 3568 2803 ἀρυόμενοι.
3590 2732 3763 2783 ’Ὢσπε
3770 2751 3799 2801 ρ

558 2824 875 2894 fervidoque
925 2825 1108 2878 animo
1152 2822 1550 2886 exosculantes,
1598 2824 1831 2878 ubertim
1895 2823 2128 2891 denique

2234 2826 2342 2896 γάρ
2377 2826 2539 2888 εἴτις
2565 2826 2735 2896 μύρον
2785 2824 3074 2889 πολυτελὲς
3120 2827 3230 2885 τοῖς
3282 2822 3520 2891 ἱματίοις
3569 2821 3601 2890 ἢ
3653 2821 3801 2889 τόπῳ

542 2920 824 2973 honorum
851 2912 1061 2984 copiam
1103 2913 1453 2968 haurientes!
1494 2912 1953 2979 Quemadmodum
1986 2915 2125 2967 enim

2232 2918 2338 2971 τινί
2368 2915 2702 2977 ἐναπόθοιτο,
2734 2910 2853 2967 εἶτα
2881 2914 3151 2982 ἀφέλοιτο,
3204 2911 3526 2981 ὲναπομένει
3555 2910 3654 2977 τῆς
3668 2908 3802 2960 sum-

557 3009 601 3061 si
657 3008 783 3076 quis
846 3003 1081 3075 ingentis
1134 3004 1298 3074 pretii
1368 3013 1700 3074 unguentum
1744 3004 1985 3059 vestibus
2037 3015 2130 3059 aut

2232 3007 2350 3070 δίας
2382 3006 2450 3059 τὰ
2471 3006 2698 3074 λείψανα
2720 3006 2813 3059 καὶ
2855 3004 2991 3074 μετὰ
3024 3004 3122 3074 τὴν
3165 3002 3260 3056 τοῦ
3298 3002 3468 3072 μύρου
3490 3001 3797 3069 ἀφαίρεσιν,

551 3098 673 3151 loco
722 3095 881 3151 alicui
940 3094 1223 3163 imponat,
1280 3108 1581 3163 rursusque
1645 3095 1898 3159 auferat,
1947 3095 2129 3150 suavi-

2232 3098 2378 3152 οὖτω
2423 3100 2515 3151 καὶ
2546 3097 2719 3150 νῦντὸ
2750 3097 2892 3150 θεῖον
2924 3096 3106 3166 σῶμα,
3163 3096 3256 3149 καὶ
3290 3094 3453 3163 ἱερὸν,
3494 3094 3590 3145 καὶ
3630 3091 3802 3143 πανά-

544 3190 689 3242 ‘tatis
727 3186 971 3256 reliquiae
1018 3186 1186 3240 etiam
1238 3184 1420 3238 ablato
1465 3193 1739 3253 unguento
1777 3194 2026 3241 restant:
2060 3186 2131 3239 ita

2239 3202 2451 3260 μωμον,
2480 3189 2573 3241 καὶ
2603 3188 2703 3258 τῆς
2752 3187 2902 3250 θείας
2946 3153 3178 3249 εὐίυδίας
3206 3153 3493 3248 ἀνάπλεον,
3520 3185 3553 3252 ἡ
3574 3182 3801 3250 ἄφθονος

556 3291 777 3349 quoque
806 3276 1047 3330 divinum
1092 3285 1238 3331 tuum
1282 3284 1337 3329 et
1383 3286 1651 3340 sanctum,
1684 3286 1740 3330 et
1769 3278 1946 3332 omnis
1974 3292 2132 3347 pror-

2229 3282 2406 3351 κρήνη
2440 3282 2537 3347 τῆς
2583 3279 2826 3348 χάριτος,
2876 3279 2933 3330 ὲν
2975 3278 3059 3347 τῷ
3094 3278 3249 3345 τάφῳ
3277 3275 3450 3339 τεθὲν,
3486 3271 3605 3325 εἶτα
3641 3272 3800 3325 πάλιν

554 3384 651 3426 sus
685 3369 908 3423 maculae
941 3382 1158 3438 expers,
1210 3366 1501 3435 divinaque
1544 3366 1838 3437 fragrantia
1875 3368 2129 3423 refertum

2226 3368 2505 3438 ἁρπασθὲν
2530 3367 2667 3437 πρὸς
2692 3368 2981 3439 κρείττονα
2996 3366 3171 3435 χῶρον
3202 3365 3296 3418 καὶ
3317 3363 3663 3433 ὑψηλότερον,
3701 3361 3800 3414 οὐκ

558 3474 781 3529 corpus,
818 3459 1034 3528 copiosa
1061 3458 1152 3512 illa
1184 3458 1374 3525 gratia:
1405 3457 1676 3519 scatebra,
1696 3466 1830 3511 ‘cttm
1863 3458 1915 3511 in
1948 3459 2129 3528 sepul-

2231 3457 2416 3527 ἀφῆκε
2471 3456 2563 3511 τὸν
2604 3458 2772 3527 τάφον
2810 3456 3136 3525 ἀγέραστον,
3178 3454 3314 3507 ἀλλά
3361 3453 3678 3522 μεταδίδωσι
3703 3452 3797 3518 μὲν

552 3565 660 3607 ·ετο
686 3558 833 3605 esset
862 3548 1209 3612 collocatum,
1242 3560 1476 3615 moxque
1503 3546 1570 3599 ad
1600 3548 2031 3621 praestantiorem
2062 3558 2127 3605 ac

2223 3552 2322 3622 τῆς
2352 3551 2496 3613 θείας,
2522 3550 2633 3621 (18)
2677 3550 2904 3612 εῢωδίας
2941 3551 3036 3603 καὶ
3077 3549 3318 3619 χάριτος,
3377 3547 3559 3617 πηγὴν
3588 3545 3647 3597 δὲ
3679 3542 3788 3596 τῶν

552 3639 929 3695 sublimiorem
980 3638 1255 3708 regionem
1310 3637 1613 3706 abreptum,
1648 3650 1984 3708 nequaquam
2032 3656 2121 3696 se-

2233 3643 2478 3712 ίαμάτων
2511 3644 2607 3696 καὶ
2648 3643 2869 3696 πάντων
2899 3640 3007 3693 τῶν
3037 3640 3258 3709 ἀγαθῶν
3290 3641 3404 3701 τοῖς
3442 3638 3623 3690 πίστει
3668 3651 3800 3703 προ-

552 3731 802 3802 pulcrum
865 3731 1071 3785 honore
1126 3742 1353 3784 vacuum
1415 3726 1666 3797 reliquit;
1732 3729 1826 3783 sed
1884 3728 2122 3785 divinum

1439 3726 1666 3797 ’eliquit;
1732 3729 1826 3783 sed
1884 3728 2122 3785 divinum
2229 3731 2409 3785 σιοῦσι
2435 3714 2497 3786 τὸ
2529 3733 2717 3802 μνῆμα
2749 3731 3026 3785 κατέλιπε.

545 3825 778 3880 odorem
832 3832 887 3879 et
922 3823 1164 3893 'gratlam
1209 3822 1525 3893 impertivit,
1584 3822 1871 3893 eﬂ’ecitque
1929 3832 1990 3878 ut
2044 3825 2388 3881 sanationem
2459 3828 2830 3897 bonorumque
2875 3827 2995 3882 fons
3030 3834 3180 3880 esset
3248 3825 3371 3892 illis,
3402 3824 3646 3893 quicum
3696 3823 3801 3874 tide

557 3918 839 3972 accedant.

627 4009 716 4062 M.
757 4007 880 4064 Tibi
932 4023 1029 4064 nos
1088 4020 1304 4081 quoque
1355 4010 1516 4065 hodie
1566 4011 1886 4078 assidemus,
1935 4025 1968 4065 ο
2020 4012 2126 4065 Do-

2298 4005 2380 4059 ιδ’.
2442 4006 2535 4059 Σοὶ
2593 4006 2687 4059 καὶ
2743 4007 2904 4075 ἡμεῖς
2960 4001 3389 4075 προσκαθήμεθα
3444 4003 3707 4070 σήμερον,
3753 3993 3801 4053 ὦ

550 4100 727 4165 ‘mina,
760 4100 1011 4165 Domina,
1050 4101 1298 4168 inquam,
1326 4104 1489 4172 atque
1507 4102 1709 4156 iterum
1738 4102 1986 4167 Demina,
2026 4099 2121 4157 Dei

2226 4095 2515 4158 Δέσποινα,
2563 4095 2657 4148 καὶ
2680 4095 2839 4147 πάλιν
2879 4092 3011 4163 ἐρῶ,
3047 4092 3334 4154 Δέσποινα,
3378 4089 3607 4141 Θεοτόκε
3640 4090 3798 4141 ἀπει-

553 4191 792 4260 genitrix
820 4191 1007 4261 Virgo,
1037 4192 1250 4257 animos
1284 4202 1503 4246 nostros
1528 4192 1594 4245 ad
1626 4207 1775 4261 spem
1817 4204 1984 4255 tuam,
2014 4205 2121 4245 non

2227 4187 2457 4257 ρόγαμε,
2490 4187 2589 4249 τὰς
2629 4186 2834 4240 ἑαυτῶν
2864 4184 3042 4254 ψυχὰς
3074 4184 3173 4252 τῆς
3198 4184 3296 4253 σῆς
3327 4182 3541 4245 ἐλπίδος
3554 4180 3799 4249 ὲφάψαν-

553 4290 717 4336 ‘secus
747 4289 908 4348 atque
961 4281 1027 4333 ad
1082 4282 1443 4333 firmissimam
1493 4280 1987 4349 solidissimamque
2028 4296 2123 4334 an-

2222 4294 2332 4341 τες,
2367 4278 2555 4349 ὥσπερ
2589 4278 2651 4331 ἐκ
2677 4295 2819 4340 τινος
2851 4275 3207 4347 ίσχυροτάτης
3255 4276 3349 4327 καὶ
3384 4270 3802 4345 ἀῤῥαγεστάτης

554 4370 779 4423 choram
820 4368 1101 4434 alligantes
1135 4384 1149 4431 ;
1187 4376 1443 4432 mentem,
1470 4368 1725 4433 animam,
1771 4380 1989 4436 corpus,
2027 4382 2124 4423 nos

2227 4369 2496 4440 ἀγκύρας,
2525 4370 2667 4430 νοῦν,
2691 4370 2890 4440 ψυχὴν,
2921 4369 3103 4438 σῶμα,
3136 4369 3277 4430 ὅλοις
3305 4365 3533 4427 ἑαυτοὺς
3564 4367 3642 4415 σοὶ
3666 4362 3800 4414 ἀνα-

556 4462 707 4531 ipsos
742 4429 972 4527 denique
1016 4429 1155 4511 totos
1202 4458 1297 4511 tibi
1329 4429 1727 4519 consecramus,
1771 4429 2120 4528 psalmisque,

2233 4429 2492 4531 θέμενοι,
2518 4429 2886 4530 ψαλμοίςζααὶ-
2918 4429 3127 4532 ὕμνοις,
3159 4429 3268 4514 καί
3293 4459 3455 4529 ᾠδαῖς
3502 4470 3802 4523 πνευματι-

559 4560 614 4607 et
642 4552 885 4623 hymnis,
932 4560 986 4605 et
1016 4549 1242 4604 canticis
1271 4549 1661 4619 spiritualihus,
1700 4560 1959 4619 quantum
1994 4564 2123 4621 pos-

2225 4557 2348 4617 καῖς
2382 4554 2494 4624 (19)
2552 4555 2921 4623 γεραίροντες,
2954 4555 3077 4607 ὅσον
3130 4551 3351 4619 ἐφικτόν
3380 4565 3393 4577 ·
3430 4547 3543 4617 (20)
3596 4546 3655 4597 τὸ
3694 4544 3802 4614 γὰρ

554 4654 766 4708 sumus,
815 4643 1167 4698 honoram'us.
1218 4640 1359 4695 Fieri
1413 4641 1611 4710 quippe
1669 4656 1771 4696 non
1823 4650 2021 4717 potest,
2067 4649 2126 4695 ut

2228 4642 2365 4712 πρὸς
2393 4644 2552 4709 ἀξίαν
2588 4644 2897 4712 ἀνέφικτον.
2942 4643 3004 4695 El
3037 4642 3166 4710 γὰρ,
3202 4640 3277 4702 ὡς
3311 4640 3339 4690 ό
3393 4638 3550 4704 λόγος
3589 4636 3619 4686 ό
3659 4633 3802 4704 ἱερὸς

560 4749 658 4804 pro
685 4735 760 4788 rel
791 4734 1054 4803 dignitate
1079 4748 1142 4787 eo
1171 4747 1392 4787 munere
1412 4733 1785 4801 defungamur.
1807 4730 1941 4785 Nam
1973 4732 2042 4796 si,
2067 4742 2124 4784 ut

2227 4736 2375 4804 ἡμᾶς
2423 4736 2823 4802 ὲξεπαίδευσεν,
2859 4740 2892 4807 ἡ
2942 4736 3071 4805 περὶ
3114 4736 3240 4795 τοὺς
3290 4730 3612 4801 ὁμοδούλους
3666 4727 3801 4797 τιμὴ

557 4840 656 4879 nos
690 4838 871 4879 sermo
911 4838 1066 4879 sacer
1097 4823 1299 4887 docuit,
1351 4823 1524 4877 honor
1576 4824 1667 4892 qui
1717 4822 1994 4877 conservis
2032 4823 2126 4877 ha-

2226 4818 2504 4891 ἀπόδειξιν
2527 4827 2640 4897 ἔχει
2659 4829 2757 4899 τῆς
2782 4828 2917 4898 πρὸς
2940 4826 3030 4879 τὸν
3056 4826 3234 4879 κοινὸν
3259 4823 3535 4891 Δεσπότην
3554 4818 3790 4877 εὐνοίας.

556 4915 734 4979 betur,
794 4912 1227 4969 benevolentiam
1268 4922 1394 4983 erga
1452 4927 1794 4967 communem
1844 4911 2132 4967 Dominum

2225 4920 2260 4989 ἠ
2297 4918 2425 4988 περὶ
2474 4912 2536 4970 σε
2588 4918 2685 4988 τὴν
2736 4917 3002 4972 τεκοῦσαν
3049 4917 3142 4969 τὸν
3189 4916 3456 4983 δεσπότην
3506 4928 3600 4964 σου
3639 4908 3797 4978 τιμὴ,

554 5005 817 5069 declarat,
864 5018 1084 5072 quinam
1132 5004 1368 5057 studium
1418 5012 1472 5056 te
1504 5003 1825 5067 honorandi,
1873 5018 1993 5072 quin
2024 5001 2123 5057 Do-

2229 5008 2347 5073 πῶς
2369 5010 2713 5081 παρορατέα;
2747 5010 2865 5081 πῶς
2891 5008 2948 5061 δὲ
2976 5009 3037 5061 οὐ
3069 5004 3565 5076 περισπούδαστοςς
3594 5000 3711 5062 πῶς
3741 5000 3799 5051 δὲ

556 5095 760 5150 minum
800 5095 1079 5165 peperisti,
1128 5093 1501 5163 negligendum
1552 5093 1664 5147 sit?
1694 5095 1961 5162 quomodo
2012 5110 2118 5151 non

2229 5101 2330 5154 οὐκ
2358 5101 2529 5170 αὐτῆς
2562 5101 2661 5171 τῆς
2712 5099 3017 5168 ἀναγκαίας
3056 5094 3449 5167 προτιμωμένη
3481 5092 3672 5160 πνοῆς,
3705 5091 3799 5142 καὶ

551 5185 951 5243 cxcolendum?
987 5186 1258 5255 quomodo
1303 5199 1407 5238 non
1455 5182 1537 5237 vel
1587 5184 1896 5239 necessario
1941 5186 2118 5255 spira-

2225 5188 2327 5260 τῆς
2371 5189 2515 5260 ζωῆς
2542 5189 2653 5261 (21)
2681 5189 2939 5262 πρόξενος
2967 5207 2982 5257 ;
3032 5189 3176 5243 οὓτω
3208 5189 3317 5258 γὰρ
3370 5185 3435 5240 ἂν
3471 5183 3674 5254 μᾶλλον
3697 5181 3798 5252 τὴν

622 5362 669 5398 ’⁵
716 5364 860 5422 Psal.
894 5379 1061 5430 vatt,
1095 5364 1206 5445 16..
1261 5364 1305 5395 ⁸⁵
1349 5362 1495 5418 Psal.
1538 5375 1630 5426 xv,
1664 5361 1752 5414 10.

779 5586 843 5655 [1.
868 5586 1020 5639 deest
1052 5587 1151 5640 hoc
1180 5585 1496 5641 membrum.
2221 5585 2284 5639 sii
2306 5587 2366 5655 ai

2221 5585 2284 5639 sii
2306 5587 2406 5655 ait,
2434 5586 2570 5655 πρὸς
2601 5587 2712 5648 τοῖς
2745 5585 3153 5655 ίεροῖςίλογίοις.

652 5652 743 5795 18;
781 5652 847 5707 Β.
873 5654 1143 5721 εὐλογίας.
1537 5660 1573 5703 τ’

658 5723 721 5777 19
787 5723 950 5778 Basil.
1001 5733 1137 5778 orat.
1202 5726 1257 5780 in
1304 5726 1373 5783 40
1426 5725 1617 5791 Mart;
1674 5723 1919 5782 Andreas
1964 5723 2111 5780 Cret.

2314 5652 2405 5723 ‘20)
2438 5652 2637 5708 Desunt
2666 5657 2767 5708 ista
2798 5652 2852 5708 in
2888 5654 3070 5710 Germ.
3099 5665 3152 5711 et
3179 5654 3330 5711 Colb.

1743 5723 1919 5782 tdreas
1964 5723 2111 5780 Cret.
2288 5654 2401 5795 éﬁl)
2431 5721 2612 5780 Germ.
2644 5725 2958 5795 πρόκριτος.

653 5516 740 5638 ιϐζ
759 5516 943 5572 Germ.
965 5525 1023 5570 et
1050 5514 1202 5572 Colb.
1237 5515 1492 5587 ὀργάνου,
1524 5514 1671 5571 nullo
1695 5528 1879 5570 sensu.
2224 5523 2363 5597 orat.
2399 5513 2453 5580 1,
2480 5516 2534 5569 in
2564 5515 2823 5600 domus.
2858 5514 3050 5602 {larua
3071 5528 3090 5567 :
3127 5515 3218 5570 ubi
3253 5517 3320 5571 de
3354 5514 3570 5585 scriptis
3592 5512 3799 5583 Βίους-

652 5585 718 5638 17
779 5586 843 5638 Β.
868 5586 1020 5638 deest
1052 5587 1151 5638 hoc
1180 5588 1496 5638 membrum.
2221 5599 2284 5638 su
2314 5594 2406 5638 att.
2434 5586 2570 5638 πρὸς
2601 5601 2712 5638 τοις
2745 5587 2908 5638 ίεοοις
2934 5586 3154 5638 λογιοις.

653 5516 716 5571 16
759 5516 943 5572 Germ.
965 5525 1023 5570 et
1050 5516 1202 5572 Colb.
1237 5516 1492 5587 ὀργάνου,
1524 5516 1671 5571 nullo
1695 5528 1879 5570 sensu.

652 5585 718 5638 17
779 5586 843 5638 Β.
868 5586 1020 5639 deest
1052 5587 1151 5640 hoc
1180 5588 1496 5641 membrum.

652 5653 719 5707 18
781 5652 847 5707 Β.
873 5654 1143 5721 εὐλογίας.
1537 5660 1573 5703 τ’

658 5723 721 5777 19
787 5723 950 5778 Basil.
1001 5733 1137 5778 orat.
1202 5726 1257 5780 in
1304 5726 1373 5783 40
1426 5725 1617 5791 Mart;
1674 5723 1919 5782 Andreas
1964 5723 2111 5780 Cret.

2310 5721 2401 5794 21)
2431 5721 2612 5780 Germ.
2644 5725 2958 5797 πρόκριτος,
