4012 6338
291 354 399 417 ἿΞΙ

1093 349 1416 410 HOMILIA
1454 351 1529 410 11-
1556 351 1637 412 IN
1679 351 2212 414 DORMlTlONEM
2244 355 2308 413 B.
2341 311 2748 430 mnsam:

3428 339 3530 404 722

281 475 426 542 πρὸς
481 466 572 521 τὸν
617 466 815 519 οἰκεῖον
861 465 1128 534 δεσπότην
1159 469 1598 536 παραστίσαιμεν
1624 466 1856 522 εὖνοιαν.

1965 471 2094 525 mini
2137 468 2550 540 praeferendum,
2596 437 3007 542 quand-avitam
3047 465 3203 521 nobis
3231 464 3544 548 conciliat

283 564 358 614 Τί
372 561 481 631 γὰρ
504 559 637 629 πρὸς
662 557 754 610 τὸν
773 556 1040 627 δεσπότην
1062 558 1234 626 φημί;
1260 559 1528 629 αὐταρκὲς
1554 560 1662 630 γὰρ
1689 560 1858 623 δντως

282 654 403 715 τοῖς
421 649 664 712 εὐλαϐῶς
696 633 1062 718 μεμνημένοις
1091 663 1186 699 σου
1216 649 1315 716 τῆς
1334 649 1552 718 μνήμης
1583 649 1642 701 τὸ
1665 649 1858 718 τιμαλ-

287 744 556 812 φὲστατον
583 739 814 810 δώρημα
835 756 848 769 °
887 739 1058 808 χαρᾶς
1105 738 1213 808 γὰρ
1247 739 1607 816 ἀναφαιρέτου
1638 741 1860 816 ὑπέρθε-

289 851 377 895 σις
393 834 620 900 γίνεται.
645 831 809 893 Ποίας
826 822 936 898 γὰρ
949 815 1048 880 οὑκ
1078 813 1459 898 ἐμπίμπλαται
1483 813 1817 902 εὖφροσὺνης
1841 848 1854 896 ;

287 924 458 976 ποίων
485 920 702 990 ἀγαθῶν
731 922 758 972 ὁ
783 905 1025 988 ταμιεῖον
1065 918 1165 987 τῆς
1193 919 1465 986 πανάγνου
1499 903 1598 972 σου
1637 922 1858 991 μνήμης

287 1014 388 1084 τὴν
423 1011 616 1066 ἑαυτοῦ
667 1009 1030 1080 ποιησάμενος
1074 1008 1333 1062 διάνοιαν.
1388 1003 1554 1071 Οὗτός
1603 1026 1686 1078 σοι
1721 1011 1852 1080 παρ’

286 1102 446 1172 ἡμῶν
497 1101 875 1172 χαριστήριός,
931 1098 1039 1150 τῶν
1078 1098 1363 1170 ἡμετέρων
1411 1097 1855 1172 λόγωνάπαρχὴ,

285 1193 386 1261 τῆς
410 1191 630 1259 πτωχῆς
654 1189 809 1257 ἡμῶν
835 1187 1071 1249 διανοίας
1089 1187 1148 1238 τὸ
1175 1185 1612 1258 ἀκροθίνιον,βῲ
1636 1188 1762 1256 περὶ
1798 1189 1864 1240 σέ

287 1281 606 1352 κινηθείσης
650 1278 819 1346 πόθῳ,
875 1263 969 1330 καὶ
1029 1262 1150 1346 τὴν.
1199 1277 1404 1329 οἰκείαν
1454 1277 1856 1348 ἐκλελησμένης

286 1371 595 1424 ἀσθένειαν.
657 1367 797 1420 Ἀλλ’
836 1367 1079 1435 εὐμενῶς
1117 1366 1288 1436 δέχοιο
1331 1367 1423 1420 τὸν
1465 1367 1654 1432 πόθον,
1687 1368 1858 1420 εἰδυῖα

285 1461 386 1530 τὴν
416 1441 645 1528 δύναμιν
697 1456 1124 1526 ὑπερϐάλλοντα.
1151 1458 1222 1508 Σὺ
1247 1457 1305 1509 δὲ
1334 1457 1656 1521 ἐποπτεύοις
1685 1460 1854 1528 ἡμᾶς,

286 1536 470 1615 ἀγαθῆ
505 1538 1022 1611 δέσποινα,’ἀγαθοῦ
1062 1544 1320 1597 δεσπότου
1369 1544 1673 1616 λοχεὺτρια,
1703 1549 1857 1612 ἄγοις

286 1654 345 1688 τε
376 1637 470 1688 καὶ
502 1635 687 1704 φέροις
721 1638 788 1688 τὰ
830 1634 952 1686 καθ’
993 1636 1138 1704 ἡμᾶς
1189 1636 1324 1687 ὅπου
1373 1635 1600 1709 βούλοιο,
1637 1637 1729 1688 καὶ
1760 1637 1858 1699 τὰς

283 1731 464 1806 όρμᾶς
508 1727 618 1779 τῶν
669 1727 963 1802 αἰσχίστων
1016 1725 1173 1795 ἡμῶν
1215 1725 1401 1799 παθῶν
1456 1714 1733 1795 στήσειας,
1761 1711 1856 1779 καί

287 1903 684 1976 καθώηγοῦσα,
717 1905 810 1958 καὶ
845 1904 941 1972 τῆς
991 1902 1285 1974 μελλούσης
1317 1903 1716 1973 μακαριότητος
1761 1920 1855 1957 κα·

285 1997 634 2061 ταξιὼσειας,
697 1994 797 2063 τῆς
853 1993 1108 2060 γλυκείας
1158 2009 1216 2045 τε
1272 1993 1367 2045 καὶ
1425 1979 1855 2063 αὑτοπροσὼπουί

286 2087 626 2156 ἐλλάμψεως,
677 2084 771 2138 τοῦ
818 2087 880 2138 ἐκ
917 2084 1009 2137 σοῦ
1065 2082 1437 2153 σαρκωθέντος
1470 2081 1605 2136 Θεοῦ
1656 2083 1852 2156 Λόγου.

286 2174 421 2228 Μεθ’
449 2169 522 2227 οὑ
541 2173 617 2244 τῷ
655 2174 830 2243 Πατρὶ
871 2172 1018 2235 δόξα,
1048 2171 1204 2241 τιμὴ,
1238 2171 1461 2242 κράτος,
1513 2171 1851 2242 μεγαλοσύνη

286 2283 345 2318 τε
381 2265 478 2318 καὶ
499 2247 966 2334 μεγαλοπρέπεια,
998 2248 1094 2314 σὺν
1129 2261 1205 2330 τῷ
1235 2249 1486 2330 παναγίῳ
1526 2262 1619 2313 καὶ
1641 2262 1850 2332 ἀγαθῷ,

287 2355 382 2416 καὶ
411 2343 656 2422 ζωοποιῷ
689 2342 850 2404 αὑτοῦ
879 2351 1177 2420 Πνεῦματι,
1239 2349 1334 2403 νῦν
1378 2350 1468 2402 καὶ
1514 2350 1620 2414 ἀεὶ,
1655 2351 1748 2403 καὶ
1778 2352 1857 2413 εἰς

286 2447 414 2507 τοὺς
440 2444 639 2506 αἰῶνας
668 2442 775 2495 τῶν
803 2441 1036 2498 αἰώνων.
1071 2442 1263 2511 Ἀμήν.

1962 562 2069 618 llac
2103 563 2246 617 enim
2280 562 2485 615 ratione
2535 568 2773 614 nostram
2818 575 2944 635 erga
2977 558 3260 614 Dominum
3290 551 3544 614 benevoJ

1959 653 2176 705 lentiam
2221 650 2546 704 luculentius
2604 649 2972 720 ostendemus.
3022 649 3160 716 Quid
3211 651 3353 713 dico,
3399 665 3527 720 erga

1963 742 2284 810 Dominum?
2313 740 2516 794 sulﬁcit
2546 748 2693 795 certe
2728 739 2793 794 iis
2815 741 2926 808 qui
2962 741 3036 794 tui
3089 739 3404 794 memoriam
3441 739 3530 806 pie

1935 829 2240 896 recolunt,
2296 831 2751 898 pretiosissimum
2810 830 3202 885 recordationis
3263 838 3370 882 tuae
3430 830 3527 881 do-

1960 937 2082 975 num
2118 922 2354 990 :quippe
2387 936 2508 990 qum
2552 920 2817 988 ejusmodi
2852 919 3092 974 laetitiam
3117 919 3316 989 pariat,
3347 934 3466 988 qua:
3495 934 3525 970 a

1959 1001 2495 1067 nemine‘auferatur.
2528 1011 2644 1079 Qua
2679 1012 2822 1067 enim
2862 1012 3156 1082 voluptate,
3198 1011 3396 1080 quibus
3429 1012 3526 1066 bo-

1959 1101 2043 1179 nis
2075 1087 2179 1156 non
2215 1102 2486 1171 impletur,
2535 1092 2624 1170 qui
2681 1111 2912 1155 mentem
2965 1116 3116 1155 suam
3168 1102 3526 1156 sanctissimae

1960 1192 2350 1246 recordationis
2381 1202 2482 1246 tua:
2510 1191 3140 1266 promptuariumJecit‘!
3169 1193 3349 1246 Habes
3385 1192 3524 1259 grati

1959 1282 2122 1335 animi
2171 1290 2567 1351 argumentum,
2619 1283 2782 1336 hasce
2843 1296 3152 1336 sermonum
3211 1292 3522 1335 nostrorum

1957 1369 2244 1437 primitias,
2288 1370 2646 1437 pauperisque
2693 1371 2866 1432 n03tri
2905 1370 3071 1424 animi
3112 1369 3521 1436 delibationem,

1958 1459 2048 1524 qui
2089 1474 2272 1512 amore
2314 1470 2403 1513 tuo
2449 1459 2711 1513 incitatus
2745 1459 3135 1514 imbecillitatis
3169 1475 3278 1514 sua:
3327 1460 3526 1522 oblitus

1958 1557 2059 1602 est.
2083 1547 2159 1624 Tn
2190 1562 2312 1601 vero
2337 1563 2658 1618 propensum
2681 1548 3008 1603 desiderium
3036 1550 3264 1618 benigne
3287 1551 3524 1620 suscipe,

1959 1653 2078 1692 cum
2123 1640 2460 1709 exploratum
2509 1640 2732 1716 habeas,
2766 1654 2884 1692 eam
2919 1639 3123 1695 viribus
3171 1642 3372 1694 nostris
3403 1629 3526 1694 esse

363 1731 464 1798 μᾶς
508 1727 618 1779 τῶν
669 1727 963 1802 αἰσχίστων
1016 1725 1173 1795 ἡμῶν
1215 1725 1401 1799 παθῶν
1456 1716 1733 1795 στήσειας,
1761 1729 1856 1779 καὶ

363 1818 424 1879 ις
456 1816 550 1868 τὸν
602 1815 696 1867 τοῦ
741 1803 884 1865 θείου
933 1811 1233 1882 θελήματος
1285 1811 1616 1881 ἀχείμαστον
1659 1813 1852 1882 λιμένα

1963 1716 2316 1796 superiorem.
2353 1719 2432 1780 Tu
2468 1729 2671 1804 itaque,
2704 1729 2841 1784 bona
2877 1717 3121 1800 Domina,
3152 1731 3277 1786 boni
3317 1731 3527 1784 Domini

1963 1834 2175 1882 parens,
2220 1835 2319 1872 nos
2359 1819 2517 1872 velim
2567 1821 2840 1882 inspicias,
2887 1803 3076 1882 resque
3113 1801 3338 1875 ‘uostras
3376 1821 3527 1874 arbi-

287 1827 424 1894 προς
456 1827 553 1890 τὸν
602 1833 696 1867 του
741 1827 884 1889 υειου
933 1827 1233 1882 θελήματος
1285 1827 1616 1881 αχειμαστον
1661 1827 1852 1882 Αιμενα

1961 1834 2175 1887 parens,
2220 1835 2319 1872 nos
2359 1819 2517 1872 velim
2567 1821 2840 1892 inspicias,
2887 1835 3076 1888 resque
3128 1832 3338 1894 nostras
3376 1821 3527 1874 arbi-

1962 1898 2066 1964 trio
2097 1897 2188 1964 tuo
2217 1927 2370 1980 regas
2394 1926 2457 1964 ac
2477 1911 2819 1984 Imodereris;
2853 1909 3274 1984 hedissimarnm
3305 1897 3524 1965 nostra-

1962 2016 2081 2055 rum
2111 1999 2456 2054 aﬂ‘ectionum
2489 1990 2746 2072 impetum
2773 1993 3119 2070 comprimes,
3153 1981 3540 2070 ut,‘composi-‘

1965 2077 2231 2159 US$68
2259 2089 2532 2170 [lui-tibus,
2579 2083 2769 2150 nesad
2812 2091 3159 2162 tranquillum
3205 2089 3403 2144 divinae
3439 2107 3548 2168 νυοί

1961 2181 2183 2233 lunt-alis
2213 2162 2425 2247 portum
2459 2175 2678 2250 dirigas,
2729 2196 2791 2235 ac
2841 2181 3016 2234 futura
3051 2180 3382 2235 beatitudine
3413 2162 3528 2234 ’δυ’-

1963 2284 2096 2347 nes;
2133 2261 2242 2336 illa,
2297 2271 2538 2340 inquam,
2587 2271 2726 2325 dulci
2773 2271 2864 2325 Dei
2913 2268 3073 2324 Verbi
3121 2271 3388 2325 incarnati
3435 2285 3532 2337 per

1962 2359 2078 2427 ejus
2130 2353 2478 2429 conspectum
2534 2361 2960 2427 illmninatione;
3015 2376 3136 2414 cum
3212 2374 3340 2430 quo-
3381 2360 3576 2440 Patri_

1965 2447 2156 2523 gloria,
2192 2448 2383 2515 honor,
2432 2450 2737 2518 imperium,
2785 2451 3041 2521 maiestas
3081 2460 3134 2504 et
3177 2449 3528 2526 magniﬁcen~

293 2539 388 2598 lia,
449 2549 568 2589 cum
626 2532 1293 2616 sanctissirno,_bonoque
1341 2540 1395 2586 et
1441 2531 1654 2603 vivilico
1703 2529 1820 2600 ejus
1881 2533 2106 2611 Spiritu,
2144 2554 2289 2594 nunc
2345 2534 2685 2612 et'semper,
2735 2551 2790 2596 et
2839 2541 2892 2597 in
2950 2540 3144 2596 saecula
3183 2529 3528 2620 satcttlorum.

290 2630 486 2702 Amen.
515 2704 520 2707 ἱ

1033 2741 1114 2794 6'.

296 2857 409 2912 Τοῦ
430 2857 618 2923 αὐτοῦ
649 2858 836 2926 ,λόγος
857 2857 1130 2923 δεύτερος
1161 2856 1258 2926 εἰς,
1298 2853 1704 2926 τὴνέκὸοξον
1733 2853 1858 2926 κοί-ς

355 2943 549 2996 μησίν
594 2923 1044 2996 τῆξὰαναγίας
1084 2925 1375 2977 Θεοτόκου
1402 2923 1501 2976 καὶ
1543 2924 1856 2992 ἀει-παρθέ-

364 3014 477 3050 νου
500 2997 746 3062 Μαρίας.

363 3120 435 3168 α’.
475 3113 630 3166 Ἔστι
662 3110 759 3180 μέν
783 3109 1088 3180 ἀνθρώπων
1110 3107 1305 3170 οὐδεὶς,
1334 3107 1392 3169 ὃς
1421 3107 1536 3160 κατ’
1571 3106 1729 3170 ἀξίαν
1756 3106 1857 3175 τῆς

2619 2798 2626 2803 .
2693 2743 2784 2802 IX.

1966 2857 2218 2927 Ejusdem
2257 2857 2716 2928 sermo‘ucoadtts
2747 2859 2800 2908 in
2838 2857 3123 2928 gloriosam
3163 2857 3530 2928 dormitione»:

2033 2929 2373 3049 ignotissima
2418 2926 2512 2980 Dei
2555 2926 2850 2982 Genitricis'
2881 2943 2942 2980 ac
2993 2933 3258 2994 perpetua
3313 2927 3537 2996 virginis

2093 3013 2242 3050 artat.

2036 3109 2087 3161 1.
2131 3107 2244 3162 Etsi
2291 3121 2449 3162 nemo
2481 3106 2790 3162 mortalium
2825 3115 2928 3172 est,
2978 3107 3070 3176 qui
3117 3115 3532 3187 sacrosanctum

289 3205 630 3273 Θεομήτορος
769 3202 813 3253 ίε
823 3175 920 3270 ράν
935 3199 1198 3268 ἐκδημίαν
1215 3198 1350 3267 εὑφη
1361 3197 1533 3266 μῆσαι
1548 3197 1856 3267 δυνήσεται,

1963 3199 2055 3253 Dei
2082 3197 2372 3254 Genitricis
2401 3213 2470 3253 ex
2499 3199 2602 3254 hac
2634 3199 2744 3252 vita
2784 3198 3080 3280 discessum
3125 3213 3224 3267 pro
3266 3181 3540 3280 dignitate

289 3297 400 3348 οὐδ’
423 3297 473 3346 εί
515 3291 1014 3363 μύριαιγλῶσσαι,
1062 3289 1298 3343 τοσαῦτα
1335 3289 1379 3340 δ’
1413 3287 1561 3358 αὑτῷ
1615 3289 1860 3359 στόματα

290 3389 375 3455 εἴη
400 3402 412 3414 ο
448 3385 561 3437 ἀλλ’
594 3383 702 3436 οὐδ’
729 3385 778 3434 εί
811 3384 980 3435 πᾶσαι
1011 3381 1118 3433 τῶν
1142 3378 1498 3450 πολυσπόρων
1526 3379 1582 3431 αἱ
1617 3377 1859 3447 γλῶσσαι

292 3476 617 3538 συνέλθοιεν,
672 3474 779 3527 τῶν
839 3473 1186 3542 καθηκόντων
1266 3470 1500 3523 ἐπαίνων
1559 3469 1853 3539 ἐφίκοιντο.

293 3567 485 3618 Πάντα
497 3565 606 3634 γὰρ
630 3563 769 3633 αὕτη
788 3562 987 3632 θεσμὸν
1015 3560 1306 3630 ἐγκωμίων
1329 3560 1669 3630 ὑπέρκειται.
1689 3559 1862 3612 Ἐπει-

289 3659 354 3725 δὴ
390 3655 446 3707 δὲ
482 3655 637 3724 φίλον
678 3653 795 3723 Θεῷ
827 3653 887 3706 τὸ
921 3653 1062 3706 κατά
1090 3651 1319 3730 δύναμιν
1351 3652 1416 3703 ἐκ
1438 3650 1727 3728 πόθουςκαὶ
1757 3635 1856 3719 ζήὲ

289 3748 382 3797 λου
417 3745 512 3796 καὶ
529 3743 738 3812 ἀγαθῆς
770 3743 880 3814 (22)
912 3739 1352 3811 προσφερόμενον
1376 3739 1860 3810 διαιρέσεως,φίλα

288 3837 345 3888 δὲ
368 3838 436 3906 τῇ
468 3835 634 3906 μητρὶ
666 3833 759 3885 τοῦ
783 3832 917 3885 Θεοῦ
941 3832 1007 3884 τὰ
1039 3831 1116 3906 τῷ
1147 3829 1258 3899 Υίῷ
1305 3827 1577 3900 προσφιλῆ
1611 3828 1704 3882 καὶ¹
1733 3829 1861 3899 ἐρά-

293 3944 451 3995 σμια,
496 3925 630 3994 φέρε
687 3923 850 3976 πάλιν
901 3923 1009 3974 τῶν
1065 3919 1356 3990 ἐγκωμίων
1413 3919 1699 3989 ἁψώμεθα,
1747 3920 1857 3981 τοῖς

290 4018 584 4088 ὑμετέροις
625 4013 1048 4088 πειθαρχοῦντες
1095 4011 1447 4081 κελεύμασιν,
1590 4009 1860 4078 ποιμένων

291 4085 528 4178 ἄριστοι,
575 4107 671 4159 καὶ
713 4105 832 4175 Θεῷ
886 4085 1358 4174 προσξριλέστατοι,
1405 4100 1622 4170 ἀρωγὸν
1680 4098 1860 4179 τὺνιέξ

293 4197 462 4261 αὐτῆς
522 4193 940 4264 σεσαρκωμένον
989 4189 1446 4259 ἐπικαλεσάμενοι
1510 4188 1702 4256 Λόγον,
1759 4186 1850 4240 τὸν

294 4285 606 4358 πληροῦντα
658 4285 766 4336 πᾶν
811 4283 984 4352 στόμα
1018 4281 1153 4352 πρὸς
1180 4282 1342 4335 αὑτὸν
1382 4281 1752 4353 ἀνοιγόμενον,
1801 4278 1860 4340 ὃς

293 4381 431 4448 αὐτῇ
470 4378 628 4446 μόνος
659 4375 883 4443 κόσμος,
930 4361 1038 4426 και
1073 4371 1400 4434 πανευκλεές
1454 4370 1728 4440 ἐγκώμιον
1761 4369 1858 4422 πέ-

293 4485 468 4539 φυκεν
488 4484 499 4496 ·
530 4465 736 4528 εἰδότες
767 4465 841 4527 ὡς
874 4464 963 4518 ὅτε
991 4463 1100 4516 τῶν
1126 4462 1362 4515 ἐπαίνων
1411 4457 1713 4531 ἀρξόμεθα,
1759 4459 1858 4538 τὴν

292 4558 514 4628 ὀφειλὴν
542 4554 912 4624 ἐκτιννὺομεν,
962 4555 1054 4607 καὶ
1085 4553 1285 4622 ταύτην
1325 4551 1658 4615 ἐκτίσαντες,
1694 4551 1857 4604 πάλιν

292 4650 388 4702 τοῦ
417 4649 612 4718 χρέους
645 4644 945 4716 ἀρχόμεθα,
986 4644 1061 4707 ὼς
1094 4643 1276 4716 μένειν
1300 4643 1361 4696 τὸ
1397 4642 1554 4714 χρέος
1582 4642 1670 4695 ἀεὶ
1695 4643 1860 4714 ἀρχό-

294 4758 456 4810 μενον
490 4739 585 4791 καὶ
641 4734 1035 4807 πληρούμενον.
1091 4734 1277 4804 Ἶλεως
1307 4733 1368 4786 δέ·
1405 4734 1492 4804 εἴη
1543 4735 1678 4806 πρὸς
1706 4732 1861 4812 ήμῶν

294 4832 636 4902 ὑμνουμένη,
662 4832 695 4900 ή
721 4828 940 4882 πάντων
970 4829 1280 4897 κτισμάτων
1315 4827 1588 4892 ἐπέκεινα,
1615 4820 1707 4881 καὶ
1737 4828 1863 4902 πάν-

291 4942 404 4976 των
445 4921 942 4992 δημιουργημάτων
967 4917 1324 4988 δεσπόζουσα,
1361 4913 1448 4970 οἷα
1486 4915 1622 4971 Θεοῦ
1656 4903 1860 4986 μήτηρ,

292 5013 391 5066 τοῦ
452 5011 688 5065 κτίστου
749 5010 842 5062 καὶ
889 5007 1257 5078 Δημιουργοῦ,
1295 5009 1388 5080 και
1441 5007 1551 5059 τῶν
1607 5001 1861 5078 ἁπάντων

291 5103 668 5167 δεσπόζοντος.
717 5099 1150 5168 Συγγινὼσκοιτε
1205 5098 1261 5151 δέ
1298 5083 1390 5152 καλ.
1441 5099 1619 5168 ὑμεῖς,
1673 5095 1718 5152 ὦ
1754 5099 1862 5152 τῶν

295 5194 459 5247 θείων
484 5193 658 5260 λόγων
694 5192 950 5262 φιλήκοον
981 5191 1379 5262 σύστημα,καὶ
1393 5191 1493 5260 τὴν
1525 5191 1623 5261 μὲν
1650 5189 1862 5243 εὔνοιαν

293 5288 673 5359 ἀποδέχοισθε,
715 5287 809 5340 καὶ
841 5288 930 5339 τὸν
961 5287 1125 5339 πόθον
1160 5285 1462 5356 κροτοίητε,
1507 5290 1573 5357 τῇ
1613 5285 1866 5358 ἀσθενείᾳ

293 5381 353 5434 δέ
403 5380 496 5436 τοῦ
535 5379 695 5448 λόγου
732 5379 1131 5448 συμπάσχοιτε.
1201 5379 1408 5448 Ὥσπερ
1454 5378 1560 5447 γὰρ
1587 5378 1640 5429 εἴ
1681 5395 1763 5440 τις
1789 5378 1867 5447 τῷ

295 5470 684 5539 αὐτοκράτορι,
739 5469 830 5522 καὶ
873 5466 1082 5520 θειόθεν
1139 5465 1246 5516 τῶν
1290 5465 1575 5534 ὁμοφύλων
1627 5467 1866 5537 ἐγχειρι-

299 5557 487 5614 σθέντι
520 5559 647 5622 τοὺς
693 5558 904 5622 οἴακας,
941 5554 1249 5625 πλήθουσαν
1293 5554 1392 5624 μὲν
1421 5555 1506 5609 ἀεὶ
1547 5555 1868 5626 κεκτημένῳ

371 5714 486 5784 (ετ)
517 5714 581 5772 Β,
613 5716 636 5769 ‘l
665 5695 848 5772 (ἱστίη.
880 5713 1302 5786 προφερόμενον.

1959 3289 2177 3344 laudare
2201 3299 2384 3358 queat,
2426 3303 2526 3344 nec
2566 3290 2609 3344 si
2644 3298 2928 3344 sexcentas
2959 3276 3168 3357 linguas
3201 3276 3531 3360 totidemque

1959 3394 2052 3435 ora
2085 3381 2281 3436 habeat
2313 3397 2328 3433 :
2358 3379 2468 3434 imo
2500 3395 2600 3434 nec
2641 3380 2688 3434 si
2722 3393 2912 3434 omnes
2944 3377 3220 3433 hominum
3262 3387 3372 3433 toto
3403 3377 3532 3431 orbe

1959 3472 2323 3548 dispersorum
2374 3465 2569 3540 linguae
2614 3471 2666 3523 in
2717 3485 2880 3525 unum
2931 3479 3141 3535 coeant,
3178 3469 3364 3536 dignas
3407 3467 3528 3537 ejus

1961 3561 2146 3617 laudes
2195 3561 2419 3631 exsequi
2471 3559 2678 3630 possint
2724 3559 2865 3630 (ipsa
2914 3560 3112 3629 quippe
3154 3558 3530 3612 encomiorum

1959 3653 2198 3708 omnium
2247 3641 2394 3724 leges
2423 3651 2685 3723 superat),
2735 3661 3000 3716 attamen,
3051 3650 3177 3718 quia
3236 3649 3341 3702 Deo
3371 3661 3529 3710 acce—

1961 3752 2108 3812 ptum
2131 3753 2214 3798 est
2238 3744 2381 3813 quod
2410 3759 2506 3812 pro
2527 3743 2664 3797 virili
2700 3754 2881 3796 nostra
2915 3743 2992 3806 lit,
3026 3748 3188 3809 atque
3220 3754 3285 3793 ex
3320 3753 3528 3801 amore,

1959 3843 2013 3889 et
2057 3833 2257 3897 studio,
2316 3834 2590 3902 probaque
2643 3831 2916 3888 voluntate
2968 3829 3212 3892 oﬂertur,
3266 3834 3530 3897 grataque

1963 3925 2052 3978 Dei
2085 3923 2245 3978 matri
2275 3937 2351 3993 ea
2384 3923 2660 3985 accidunt,
2703 3903 2825 3989 qua:
2855 3920 2993 3974 Filio
3024 3912 3174 3987 grata
3216 3915 3527 3990 etgaccepta

1959 4021 2104 4077 sunt,
2150 4012 2361 4089 vestris,
2391 3997 2586 4080 toptimi
2637 3993 2702 4063 ac
2747 3995 2856 4084 Deo
2901 3993 3206 4062 charissimi
3256 3997 3547 4077 pastores,_

1962 4101 2204 4172 imperiis
2253 4102 2714 4179 obtemperantes,
2761 4113 2880 4152 eam
2926 4099 3119 4151 iterum
3162 4096 3381 4150 laudare
3433 4110 3529 4172 ag;

1960 4195 2286 4266 grediamur,
2333 4192 2492 4248 Verbi
2558 4191 2701 4246 illius
2753 4205 2910 4262 opem
2959 4190 3332 4258 implorantes,
3378 4187 3524 4256 quod

1958 4300 2176 4341 carnem
2209 4299 2276 4339 ex
2312 4274 2424 4354 ipsa
2467 4283 2723 4354 suscepit,
2767 4292 2822 4337 et
2869 4297 2932 4337 os
2962 4295 3124 4336 omne
3161 4277 3340 4348 implet
3379 4275 3534 4354 quod

1960 4379 2027 4432 ad
2066 4377 2240 4446 ipsum
2290 4377 2554 4445 aperitur,
2601 4373 2740 4444 quod
2787 4375 3002 4428 tandem
3055 4371 3228 4428 solum
3274 4369 3324 4423 ei
3369 4382 3529 4446 orna-

1961 4479 2164 4534 mento,
2213 4467 2686 4540 illustrissimoque
2711 4467 2958 4522 encomio
2997 4463 3115 4517 fuit.
3160 4463 3273 4527 Qua
3306 4459 3522 4528 quidem

1967 4560 2021 4614 in
2075 4574 2133 4613 re
2176 4559 2303 4634 bocﬂ
2329 4557 2484 4612 nobis
2517 4566 2601 4611 est
2629 4557 2998 4626 exploratum,
3040 4553 3182 4622 quod
3233 4553 3354 4606 cum
3409 4563 3528 4602 eam

1966 4652 2188 4706 laudare
2229 4649 2536 4718 incipimus,
2597 4647 2835 4702 debitum
2891 4660 3086 4699 munus
3129 4645 3522 4713 pet-solvamus,

1961 4755 2141 4810 eoque
2166 4738 2462 4809 persoluto,
2501 4738 2774 4793 debitores
2807 4722 2984 4792 denuo
3018 4751 3138 4803 esse
3169 4727 3526 4805 incipiamus;

1968 4837 2040 4898 ita
2100 4829 2164 4886 ὐι
2217 4831 2452 4886 debitum
2509 4838 2562 4884 et
2617 4845 2829 4898 semper
2883 4829 3143 4904 incipiat,
3202 4838 3255 4883 et
3315 4837 3529 4893 semper

1968 4924 2297 4980 estIVatur.
2337 4921 2464 4975 Mihi
2493 4935 2660 5000 porro.
2693 4921 2919 4990 propitia
2967 4921 3059 4984 sit,
3103 4935 3262 4988 quam
3297 4915 3522 4970 laudan-

1968 5015 2091 5069 dam
2127 5011 2482 5081 suscepimus,
2506 5026 2625 5079 qna:
2661 5022 2837 5065 creata
2869 5010 3049 5066 omnia
3078 5015 3320 5075 superat,
3350 5002 3530 5056 omni-

1969 5107 2176 5173 busque
2199 5103 2430 5158 conditis
2473 5103 2634 5156 rebus
2667 5103 2997 5163 dominatur,
3028 5099 3172 5152 velut
3207 5105 3379 5150 mater
3411 5094 3528 5158 Dei,

1968 5197 2059 5265 qui
2087 5203 2302 5250 creator
2328 5192 2615 5264 opifexque
2643 5200 2748 5256 est,
2776 5200 2830 5244 et
2853 5187 3117 5242 universis
3143 5187 3393 5252 imperat.
3421 5181 3530 5238 Vos

1968 5299 2097 5340 vero
2125 5285 2313 5348 etiam,
2344 5299 2376 5338 ο
2405 5290 2580 5336 coetus
2612 5279 2915 5333 divinorum
2960 5290 3270 5331 sermonum
3302 5274 3528 5327 audien-

1970 5375 2157 5429 dorum
2201 5375 2377 5437 avide,
2421 5370 2686 5442 ignoscite
2721 5367 2877 5422 velim
2931 5367 3085 5430 mihi,
3114 5375 3530 5436 promptumque

1971 5464 2206 5516 animum
2245 5477 2420 5517 meum
2453 5463 2526 5517 ita
2583 5458 2858 5528 suscipite,
2916 5472 2980 5511 ac
3012 5456 3278 5512 desiderio
3307 5455 3530 5527 applau-

1973 5554 2100 5616 dite,
2144 5561 2200 5606 ut
2247 5551 2631 5626 imbecillitatis
2669 5563 2800 5605 meae
2854 5549 3067 5624 interim
3120 5562 3214 5604 vos
3259 5547 3527 5602 misereat.
