4012 6338
265 361 303 383 Η

280 361 380 422 725

1084 378 1411 438 BOMILIA
1452 383 1506 438 ll
1550 385 1625 441 1N
1672 386 2220 459 υυιιωιΤιΟΝΕΜ
2252 387 2317 445 Β.
2350 388 2417 448 ν.
2452 386 2737 449 ΜΑΒΙᾹΞ.

3447 389 3550 449 726

261 486 328 581 iv
359 487 425 555 τῇ
459 484 681 581 ἀσπίλιρ
703 487 773 556 γῇ
815 487 914 581 τῆς
963 488 1076 542 ἀνω
1110 492 1444 562 κληρουχίας
1495 494 1851 565 σκηνώσασα.

1956 502 2322 567 cognoscitur,
2368 500 2633 570 profecta,
2681 502 2772 557 ubi
2806 502 2858 556 in
2909 510 3052 558 terra
3099 517 3348 573 superna:
3379 506 3549 581 haere-

262 576 521 646 Σήμερον
544 578 587 646 ή.
626 576 786 646 Ἐδὲμ
818 576 913 630 τοῦ
965 579 1085 632 νέου
1136 580 1440 653 ’Δδάμ,τδν
1476 585 1590 657 (50)
1637 587 1856 655 λογικὸν

264 667 604 738 παράδεισον
639 668 984 739 ὑποδέχεται,
1013 673 1069 724 ὲν
1090 665 1134 739 ᾧ
1167 673 1229 726 τὸ
1256 675 1575 747 κατάκριμα
1609 677 1851 746 λέλυται,

263 761 328 812 ὲν
432 759 496 831 ¹ἰδ
532 760 632 830 τῆς
676 760 823 832 ζωῆς
869 761 1031 828 ξύλον
1068 764 1434 833 πεφύτευται,
1475 771 1531 821 ὲν
1560 765 1605 836 ᾧ
1637 771 1670 839 ἡ
1712 772 1851 841 ήμε-

263 850 404 920 τέρα
460 852 851 921 περιέσταλται
909 856 1213 924 γύμνωσις.
1268 854 1467 913 Οὐκέτι
1525 862 1634 932 γὰρ
1691 864 1856 932 ἡμεῖς

264 942 469 1011 γυμνοὶ
495 943 589 995 καὶ
619 943 925 1014 ἀνείμονες,
957 946 1054 998 καὶ
1087 946 1187 1016 τῆς
1213 947 1365 1012 θείας
1394 950 1603 1013 εἰκόνος
1643 952 1718 1022 μὴ
1745 952 1846 1019 (pe-

266 1050 460 1104 ροντες
509 1033 611 1103 τήν
647 1034 1010 1107 λαμπρότητα
1042 1050 1055 1064 ⁸
1109 1038 1205 1090 καὶ
1254 1039 1355 1110 τὴν
1393 1041 1626 1110 ἄφθονον
1682 1043 1848 1112 χάριν

244 1116 632 1192 ’σεσυλημένοι
688 1125 784 1178 τοῦ
835 1127 1183 1198 Πνεύματος,
1218 1132 1402 1186 οὐκέτι
1461 1132 1563 1203 τὴν
1616 1134 1853 1187 παλαιὰν

264 1212 679 1282 τραγῳδοῦντες
718 1214 999 1285 γύμνωσιν
1052 1218 1318 1289 λέξομεν·
1371 1219 1712 1292 ὲξεδυσάμην
1760 1224 1851 1275 τὸν

265 1306 477 1376 χιτῶνά
503 1325 605 1376 μου
630 1350 644 1371 ,
675 1310 791 1372 πῶς
815 1310 1109 1381 ἐνδύσομαι
1159 1314 1320 1366 αὐτόν
1345 1331 1359 1378 ;
1388 1316 1445 1367 ὲν
1484 1316 1659 1386 τούτῳ
1687 1316 1795 1385 γὰρ
1819 1316 1848 1365 6

263 1398 391 1464 δ’ρις
445 1398 543 1450 οὐκ
582 1398 708 1469 ἔσχε
756 1401 1129 1470 παρείσδυσιν,
1187 1401 1246 1458 οῦ
1300 1406 1400 1475 τῆς
1458 1405 1688 1476 ψευδοῦς
1726 1409 1850 1477 ὀρε-

264 1489 489 1560 χθέντες
522 1490 775 1555 θεὼσεως
806 1534 820 1559 ,
858 1496 972 1557 τοῖς
1021 1496 1268 1566 ἀνοήτοις
1308 1499 1849 1570 συμπαρεελήθημεν

264 1582 543 1650 κτήνεσιν.
589 1584 760 1646 Αὐτὸς
795 1584 903 1655 γάρ
934 1586 963 1637 6
1007 1587 1100 1639 τοῦ
1143 1588 1277 1642 Θεοῦ
1339 1591 1638 1660 μονογενὴς
1694 1591 1846 1654 Υἱὸς,

262 1672 400 1735 Θεὸς
445 1673 549 1737 ὢν,
582 1676 674 1728 καὶ
721 1677 799 1747 τῷ
835 1680 1009 1749 “arpi
1052 1682 1367 1749 όμοούσιος,
1404 1685 1467 1735 ὲκ
1499 1683 1703 1754 ταύτης
1749 1684 1849 1753 τῆς

270 1764 555 1834 Παρθένου
582 1769 671 1819 καὶ
701 1768 952 1838 καθαρᾶς
977 1773 1219 1841 ἀρούρας
1251 1774 1444 1827 ἑαυτὸν
1469 1776 1847 1849 πεπλαστούρ-

1966 591 2156 646 ditatis
2200 592 2331 647 nulli
2382 593 2929 665 spurciticiobnoxia
2977 596 3135 649 sedes
3182 594 3321 650 fixit.
3374 597 3544 653 ΙΙοιΙίο

1965 680 2155 747 Edent,
2189 684 2313 737 novi
2349 685 2520 739 Adam
2573 683 2896 739 rationalem
2944 685 3253 754 paradisum
3295 691 3541 757 suscipit,

1963 771 2015 825 in
2049 787 2158 841 quo
2198 774 2375 828 soluta
2412 784 2496 829 est
2544 775 2946 839 condemnatio,
3000 775 3054 829 in
3101 790 3209 845 qun
3242 777 3545 846 plant-amni
3606 840 3619 845 υ

1960 872 2051 916 est
2084 862 2286 931 lignum
2313 864 2458 930 vitat,
2483 866 2535 919 in
2573 879 2680 933 quo
2710 872 2895 933 operta
2942 862 3043 918 fuit
3079 873 3261 919 nostra
3303 869 3544 923 nuditns.

1960 951 2077 1019 Non
2107 954 2251 1006 enim
2287 954 2519 1022 amplius
2566 969 2755 1009 smnus
2800 955 2947 1019 nudi,
2997 966 3051 1008 et
3085 956 3323 1011 vestibus
3356 973 3546 1011 caren-

1961 1052 2063 1107 tes,
2107 1053 2362 1112 tanquam
2409 1046 2608 1099 divinae
2656 1046 2905 1114 imaginis
2941 1046 3230 1115 splendore
3276 1049 3541 1112 destituti,

1958 1135 2343 1205 uberrimaqtte
2392 1135 2627 1205 Spiritus
2665 1137 2837 1205 gratia
2874 1137 3108 1206 spoliati.
3157 1134 3273 1193 Non
3299 1138 3413 1205 jam
3451 1156 3543 1193 ve-

1960 1233 2128 1280 terem
2175 1228 2473 1280 nuditatem
2512 1227 2855 1295 deplorantes
2902 1227 3148 1282 dicemus
3183 1246 3196 1283 :
3230 1212 3539 1298 Exspatiata

1959 1331 2040 1368 me
2090 1317 2269 1369 tunica
2318 1333 2453 1383 mea,
2509 1316 2772 1384 quomodo
2821 1331 2881 1368 ea
2935 1316 3235 1373 induar“?
3292 1319 3349 1372 lu
3398 1320 3541 1374 hunc

1957 1407 2099 1457 enim
2140 1409 2452 1473 paradisum
2483 1409 2719 1475 serpenti
2766 1408 2941 1461 aditus
2980 1409 3174 1476 patuit,
3207 1408 3361 1475 cujus
3388 1410 3539 1466 falsa:

1956 1493 2256 1548 divinitatis
2312 1495 2608 1561 cupiditate
2657 1495 2991 1564 flagrantes,
3040 1498 3303 1566 jutueutis
3351 1515 3539 1554 sumus

1955 1589 2252 1654 comparati
2278 1587 2343 1639 ⁸⁷.
2380 1587 2497 1655 Ipse
2536 1588 2681 1640 enim
2713 1587 3019 1656 unigenitus
3050 1588 3145 1644 Dei
3192 1590 3381 1658 Filius,
3414 1608 3536 1646 cum

1956 1674 2099 1729 Deus
2129 1686 2271 1730 esset
2298 1675 2655 1745 ejusdemque
2687 1691 2752 1731 ac
2779 1677 2939 1732 Pater
2968 1679 3308 1748 substantiae,
3337 1698 3405 1738 ex
3437 1683 3539 1737 hac

1960 1766 2182 1838 Virgine
2211 1784 2274 1822 ac
2305 1782 2438 1837 pura
2473 1777 2618 1824 terra
2656 1769 2892 1838 seipsum
2935 1770 2988 1824 iu
3030 1770 3304 1827 hominem
3335 1773 3538 1833 forma-

263 1869 435 1922 γηκεν
474 1856 782 1928 ἄνθρωπον.
821 1861 929 1912 Καὶ
977 1862 1251 1932 τεθέωμαι
1280 1864 1377 1933 μὲν
1406 1867 1434 1918 6
1472 1866 1790 1936 ἄνθρωπος,
1822 1868 1850 1921 6

1957 1858 2074 1913 vit:
2106 1866 2269 1929 atque
2306 1873 2407 1929 ego
2436 1860 2676 1929 quidem,
2721 1863 2811 1931 qui
2863 1863 3025 1917 homo
3073 1878 3248 1929 eram,
3280 1865 3535 1921 deitatem

263 1944 464 2014 θνητὸς
489 1947 880 2019 ήθανάτισμαι,
923 1954 1015 2004 καὶ
1060 1955 1186 2017 τοὺς
1209 1954 1568 2025 δερματίνους
1617 1957 1853 2027 χιτῶνας

265 2038 577 2109 ἑνδέδυμαι.
608 2042 720 2112 Τὴν
753 2045 860 2115 γὰρ
901 2045 1110 2117 φθοράν
1146 2049 1566 2121 ἀπημφίασμαι,
1602 2051 1851 2122 περίκειο

264 2148 366 2197 μαι
392 2133 459 2199 τῇ
490 2134 749 2205 περιϐολῇ
780 2137 880 2207 τῆς
916 2137 1192 2210 θεότητος.
1230 2141 1478 2212 Σήμερον
1507 2143 1541 2212 ή
1575 2142 1852 2212 Παρθένος

269 2221 302 2290 ή
348 2220 657 2291 ἄχραντος,
699 2227 793 2278 καὶ
839 2228 1050 2298 γηῖνοις
1102 2230 1176 2301 μὴ
1233 2231 1344 2303 (51)
1398 2232 1852 2303 προσομιλήσασα

270 2310 492 2374 πάθεσι,
528 2313 645 2367 ἀλλ’
674 2316 945 2385 οὐρανίοις
973 2318 1304 2388 ἐντραφεῖσα
1337 2323 1621 2391 νοήμασιν,
1648 2323 1749 2376 οὐκ
1770 2325 1851 2387 είς

261 2404 367 2471 γῆν
399 2402 760 2475 ἀπελήλυθεν,
798 2407 913 2460 ἀλλ’
947 2408 1190 2480 ἔμψυχος
1221 2410 1392 2476 ὅντως
1441 2411 1668 2483 οὐρανὸς
1716 2432 1852 2485 χρη·

266 2492 545 2559 ματὶσασα
574 2535 589 2559 ,
633 2498 755 2559 ταῖς
790 2499 1069 2568 οὐρανίαις
1108 2504 1332 2571 σκηναῖς
1370 2503 1714 2569 ἐνοικίζεται.
1756 2505 1852 2570 Τίς

261 2584 374 2652 γάρ
414 2584 622 2653 ταύτην
649 2586 879 2657 οὐρανὸν
905 2589 1084 2643 καλῶν
1113 2591 1381 2662 τάληθοῦς
1420 2594 1802 2666 ἁμαρτήσεται
1832 2640 1846 2663 ,

263 2674 315 2724 εί
359 2673 435 2742 μή
469 2673 573 2725 πού
605 2691 691 2736 τις
726 2676 915 2745 φήσειε
952 2676 1133 2741 καλῶς
1183 2680 1546 2749 ἐπιστάμενος
1568 2722 1582 2744 ,
1613 2684 1709 2735 καὶ
1740 2684 1849 2737 τῶν

258 2764 513 2833 οὐρανῶν
542 2765 713 2837 αὐτὴν
736 2768 1088 2837 ἀσυγκρίτοις
1114 2768 1407 2839 ὑπεροχαῖς
1427 2771 1844 2844 ὐπεραίρεσθαι.

270 2855 332 2907 '0
368 2856 478 2924 γὰρ
505 2855 616 2909 τῶν
663 2858 910 2928 οὐρανῶν
938 2861 1282 2933 Δημιουργός
1318 2879 1377 2915 τε
1414 2864 1508 2916 καὶ
1551 2865 1841 2935 Συνοχεύς,

258 2948 356 2999 καὶ
397 2948 599 3011 παντὸς
631 2950 927 3019 ἐγκοσμίου
962 2968 1021 3003 τε
1071 2953 1166 3006 καὶ
1207 2953 1613 3024 ὐπερκοσμίου,
1650 2957 1847 3027 ὁρατοῦ

255 3055 317 3091 τε
350 3039 448 3091 καὶ
481 3040 716 3110 ἀοράτου
738 3042 992 3112 τεχνίτης
1025 3043 1517 3115 δημιουργήματος
1543 3086 1555 3107 ,
1586 3040 1648 3100 οῦ
1679 3047 1844 3113 τόπος

256 3129 438 3193 οὐδεὶς
466 3130 577 3201 (52)
610 3133 718 3185 τῶν
741 3134 959 3187 πάντων
986 3129 1145 3186 εἶναι’
1177 3134 1337 3206 εἴπερ
1366 3135 1426 3187 τὸ
1451 3137 1713 3207 περιέχον
1740 3138 1847 3191 τῶν

263 3220 498 3273 ἐνόντων
524 3223 688 3285 τόπος
716 3224 957 3294 ὁρίζεται
978 3242 990 3255 ο
1019 3225 1077 3276 ὲν
1103 3226 1281 3298 ταύτῃ
1306 3227 1439 3298 πρὸς
1462 3228 1659 3283 ἑαυτοῦ
1684 3229 1852 3281 ἀσπό-

269 3329 380 3382 ρως
434 3312 634 3383 βρέφος
676 3314 1175 3386 δεδημιούργηται,
1221 3318 1316 3369 καὶ
1364 3318 1567 3387 ταύτην
1623 3322 1851 3390 ταμεῖον

260 3404 573 3475 εὐρύχωρον
617 3405 819 3475 δέδειχε
854 3407 952 3477 τῆς
995 3405 1063 3459 τὰ
1093 3407 1267 3460 πάντα
1317 3407 1635 3480 πληρούσης
1684 3411 1849 3465 αὐτοῦ

261 3497 361 3550 καὶ
406 3497 997 3569 μόνης-ἀπεριγράφου
1052 3498 1306 3569 θεότητος
1330 3540 1343 3564 ,
1372 3500 1495 3564 ὅλος
1526 3500 1753 3564 ἀπαθῶς
1791 3503 1851 3556 ἐν

258 3586 398 3656 αὐτῇ
428 3586 855 3655 συστελλόμενος
884 3626 899 3648 ,
932 3586 1027 3639 καὶ
1059 3586 1236 3656 μένων
1261 3588 1382 3653 ὅλος
1413 3589 1575 3653 ἐκτὸς
1594 3631 1608 3655 ,
1642 3592 1735 3644 καὶ
1758 3591 1847 3644 τό-

259 3691 365 3728 πον
393 3674 532 3744 ἐχων
558 3675 672 3744 (55)
714 3675 909 3733 ἑαυτοῦ
958 3676 1349 3747 ἀπερίληπτον.
1395 3680 1646 3750 Σήμερον
1676 3682 1705 3734 6
1745 3682 1847 3751 τῆς

258 3767 406 3837 ζωῆς
443 3767 752 3838 θησαυρὸς,
783 3770 816 3838 ή
863 3770 964 3838 τῆς
996 3770 1218 3841 χάριτος
1266 3770 1502 3835 ἄϐυσσος
1527 3789 1541 3803 ο
1598 3773 1698 3826 οὐκ
1746 3768 1849 3825 οἷδ’

255 3859 411 3921 ὅπως
460 3859 754 3931 τολμηροῖς
793 3861 888 3913 καὶ
921 3861 1183 3932 ἀτρόμοις
1225 3862 1391 3932 φάναι
1445 3866 1560 3926 τοῖς
1591 3864 1798 3933 χείλεσι
1827 3877 1840 3893 ⁸

257 3950 478 4019 θανάτῳ
501 3950 769 4022 ζωηφόρῳ
791 3952 1148 4018 καλύπτεται,
1182 3955 1277 4008 καὶ
1301 3953 1476 4023 τούτῳ
1498 3954 1841 4024 ἀδειμάντως

256 4039 601 4110 πρόσεισινή
635 4041 825 4092 τούτου
871 4040 1181 4111 καταλύτην
1213 4042 1466 4110 κυήσασα
1490 4081 1504 4106 ,
1534 4042 1582 4093 εί
1632 4041 1726 4095 καὶ
1753 4041 1848 4094 θά-

256 4146 421 4182 νατον
452 4131 893 4203 προσαγορεῦσαι
926 4132 1102 4203 χρεὼν
1135 4136 1233 4203 τὴν
1260 4132 1432 4202 αὐτῆς
1468 4132 1728 4201 πανίερον
1752 4133 1847 4185 καὶ

257 4220 502 4290 ζωτικὴν
536 4221 857 4277 ἀποϐίωσιν.
910 4225 975 4277 Ἠ
1029 4224 1139 4294 γὰρ
1176 4226 1292 4286 τοῖς
1341 4226 1476 4277 πᾶσι
1529 4224 1628 4294 τήν
1675 4223 1846 4288 ὄντως

256 4311 406 4382 ζωὴν
455 4311 832 4376 ἀναϐλύσασα,
887 4314 1005 4378 πῶς
1034 4316 1251 4384 θανάτῳ
1281 4315 1479 4383 γένοιτ’
1510 4315 1576 4367 ἀν
1618 4315 1845 4385 ὐποχείο

259 4417 375 4470 ριος
391 4416 404 4429 ’
429 4401 545 4453 ἀλλ’
569 4403 708 4455 εἴκει
737 4402 813 4473 τῷ
847 4404 940 4457 τοῦ
965 4405 1169 4458 οἰκείου
1194 4407 1355 4458 τόκου
1378 4405 1840 4477 θεσμοθετήματι,

1954 1950 2165 2019 accepi,
2203 1959 2257 2004 et
2299 1951 2389 2019 qui
2439 1952 2686 2006 mortalis
2733 1967 2906 2018 eram,
2960 1955 3370 2011 immortalitate
3418 1971 3537 2011 sum

1953 2040 2210 2103 donatus,
2255 2038 2618 2109 pelliceasque
2663 2042 2872 2097 tunicas
2916 2042 3041 2097 exui
3072 2061 3085 2097 :
3113 2042 3320 2111 ahjecta
3364 2045 3538 2114 siqui-

1953 2128 2075 2184 dem
2111 2129 2477 2196 corruptione,
2516 2130 2923 2199 incorruptione
2955 2133 3175 2187 indutus
3201 2148 3344 2197 sum,
3381 2148 3538 2188 accc-

1953 2228 2048 2289 pto
2077 2218 2438 2274 deificationis
2484 2218 2884 2288 integumento.
2933 2219 3106 2277 Hodie
3138 2221 3303 2291 Virgo
3345 2222 3539 2277 imma-

1955 2313 2157 2379 culata,
2189 2326 2309 2381 quae
2341 2310 2477 2367 nihil
2512 2320 2854 2368 terrenarum
2896 2311 3243 2369 aﬂectionum
3292 2313 3534 2376 admisit,

1952 2405 2047 2461 sed
2081 2403 2401 2459 caelestibus
2428 2403 2664 2458 enutrita
2689 2403 3129 2474 cogitationibus,
3179 2419 3288 2458 non
3339 2404 3391 2457 in
3428 2413 3538 2458 ter—

1951 2511 2068 2552 ram
2105 2510 2321 2551 reversa
2351 2504 2469 2562 est;
2507 2502 2562 2549 at
2583 2510 2706 2550 cum
2737 2510 2865 2551 vere
2910 2495 3106 2551 coelum
3141 2505 3289 2553 esset
3328 2496 3535 2550 anima-

1954 2597 2088 2653 tum,
2146 2588 2199 2641 in
2251 2586 2566 2645 cmlestibus
2615 2585 2979 2643 tabernaculis
3034 2585 3347 2641 collocatur.
3396 2585 3533 2652 Quis

1950 2678 2095 2732 enim
2136 2691 2256 2732 eam
2304 2676 2500 2735 cmlum
2553 2675 2832 2746 appellans
2878 2690 2908 2730 a
2951 2690 3082 2731 vero
3124 2676 3373 2741 aberret,
3431 2677 3535 2733 nisi

1949 2770 2074 2839 quis
2113 2785 2228 2826 rem
2263 2778 2411 2825 recte
2457 2768 2793 2841 intelligens,
2829 2782 2947 2824 eam
2990 2767 3145 2822 caelis
3187 2782 3407 2836 quoque
3457 2770 3536 2822 iu-

1949 2860 2297 2930 cnmparabili
2346 2860 2831 2930 prmcellentiarum
2875 2873 3096 2917 suarum
3149 2859 3308 2913 modo
3369 2874 3529 2928 supe-

1950 2952 2150 3007 riorem
2200 2965 2320 3006 esse
2359 2952 2523 3005 dicat.
2578 2949 2861 3019 Nam.qui
2910 2949 3083 3005 caelos
3131 2948 3421 3005 fabricavit
3475 2959 3531 3005 et

1948 3041 2216 3104 continet,
2278 3041 2371 3110 qui
2416 3055 2596 3095 rerum
2642 3039 2884 3093 omnium
2934 3040 3286 3095 conditarunt‘
3309 3047 3395 3095 est
3441 3056 3533 3094 ar-

1955 3129 2081 3184 tifex
2116 3131 2285 3199 87o
2320 3140 2428 3185 tam
2458 3129 2876 3194 mundanarum,
2909 3144 3073 3199 quam
3122 3130 3325 3189 mundo
3363 3129 3534 3185 subli-

1955 3220 2207 3286 miorutn,
2255 3220 2370 3274 sive
2414 3220 2469 3274 in
2501 3229 2777 3287 aspectum
2830 3220 3049 3285 cadant,
3092 3223 3208 3275 sive
3254 3232 3532 3291 aspectum

1952 3310 2179 3378 fugiant,
2209 3311 2361 3377 cujus
2398 3310 2559 3365 modo
2588 3324 2851 3378 nusquam
2896 3310 3046 3365 locus
3073 3320 3157 3366 est
3211 3310 3281 3378 (si
3312 3311 3366 3365 id
3389 3311 3531 3379 quod

1952 3401 2215 3465 continet,
2246 3414 2435 3455 eormn
2466 3414 2586 3469 quae
2634 3401 2778 3454 intra
2820 3410 2947 3456 sunt
2979 3401 3131 3457 locus
3183 3417 3310 3458 esse
3348 3401 3539 3457 delini-

1955 3492 2089 3564 tur),
2125 3494 2178 3547 in
2209 3507 2271 3547 ea
2295 3493 2650 3561 semetipsum
2685 3491 2952 3548 infantem
2983 3494 3103 3548 sine
3132 3493 3338 3548 semine
3364 3492 3535 3548 fabri-

1951 3586 2112 3651 cavit,
2145 3598 2374 3653 eamque
2417 3584 2553 3640 adeo
2598 3583 2900 3653 speciosum
2946 3585 3122 3639 unica:
3169 3585 3386 3639 deitatis
3423 3600 3535 3638 sua:

1950 3676 2131 3731 omnia
2185 3676 2599 3743 complectentis
2652 3676 3085 3744 promptuarium
3136 3674 3337 3739 ell'ecit,
3390 3682 3533 3729 totus

1951 3766 2090 3821 citra
2119 3768 2428 3835 passionem
2478 3766 2642 3819 ullam
2696 3766 2748 3820 in
2794 3765 2910 3833 ipsa
2954 3764 3234 3829 collectus,
3283 3773 3336 3818 et
3391 3774 3534 3818 totus

1950 3866 2103 3911 extra
2139 3869 2385 3923 manens,
2420 3869 2587 3924 seque
2631 3854 2748 3922 ipse
2793 3854 2972 3909 locum
3020 3853 3531 3921 incompreheusmn

1950 3948 2179 4001 habens.
2251 3945 2423 4001 Hodie
2485 3945 2610 3999 vitta
2670 3944 3001 4007 thesaurus,
3056 3943 3243 4010 gratiae
3302 3942 3531 4011 abyssus

1949 4036 2155 4105 (nescio
2186 4049 2294 4104 quo
2320 4042 2481 4102 pacto
2520 4031 2928 4100 audacibusque
2954 4031 3195 4099 nihilque
3218 4029 3531 4097 trepidanti-

1946 4126 2048 4182 hus
2081 4126 2242 4181 labiis
2278 4125 2329 4179 id
2355 4122 2602 4195 eﬂ'eram)
2643 4122 2856 4177 vivifica
2905 4129 3080 4177 morte
3119 4120 3435 4187 obtegitur:
3468 4134 3553 4175 ac,

1951 4216 2071 4272 sine
2106 4226 2276 4279 metu,
2307 4215 2375 4270 ad
2405 4227 2524 4269 eam
2565 4212 2652 4267 illa
2677 4210 2908 4278 accedit,
2930 4225 3047 4279 quae
3087 4210 3256 4279 ipsius
3287 4207 3532 4279 profliga-

1948 4317 2122 4363 torem
2168 4315 2475 4377 pepererat,
2517 4305 2677 4360 modo
2728 4314 2910 4358 tamen
2955 4310 3209 4367 mortem,
3243 4313 3533 4354 sacrosan-

1945 4415 2092 4459 ctum
2127 4412 2183 4459 et
2222 4403 2439 4458 vitalem
2473 4401 2590 4472 ejus
2628 4401 2838 4457 obitum
2874 4397 3145 4470 appellare
3178 4396 3357 4452 liceat.
3394 4392 3532 4449 Nam

253 4492 349 4543 καὶ
372 4490 448 4554 ὡς
489 4492 736 4563 θυγάτηρ
775 4495 873 4563 μὲν
898 4494 994 4548 τοῦ
1031 4496 1200 4549 πάλαι
1240 4495 1414 4565 Ἀδὰμ
1444 4498 1542 4559 τὰς
1566 4497 1841 4567 πατρικὰς

1952 4509 2067 4565 qua:
2095 4509 2280 4550 veram
2302 4494 2465 4548 vitam
2494 4490 2704 4547 cunctis
2728 4489 2976 4559 protulit,
3005 4488 3099 4557 qui
3125 4487 3341 4542 tandem
3373 4489 3545 4541 morti

252 4580 486 4645 εὐθύνας
516 4582 887 4654 ὐπερέρχεται
910 4602 925 4617 ’
953 4587 1075 4639 ἐπεὶ
1106 4589 1202 4640 καὶ
1220 4590 1248 4640 6
1272 4588 1479 4658 ταύτης
1506 4589 1652 4651 Υἱὸς,
1687 4590 1719 4659 ἡ
1743 4590 1838 4642 αὐ-

246 4669 433 4741 τοζωὴ
466 4671 673 4735 ταύτας
710 4675 809 4727 οὐκ
842 4676 1159 4748 ἀπηνήνατο
1187 4692 1202 4708 ο
1250 4677 1325 4740 ὡς
1357 4678 1413 4731 δὲ
1464 4678 1599 4731 Θεοῦ
1635 4678 1837 4744 ζῶντος

254 4760 441 4829 μήτηρ
471 4760 781 4830 ὑπάρξασα,
818 4763 954 4833 πρὸς
986 4764 1147 4817 αὐτὸν
1178 4765 1342 4828 ἀξίως
1378 4766 1489 4836 (51)
1530 4767 1837 4838 μετακομί-

248 4849 430 4913 ζεται.
458 4852 518 4904 ΕΞ
542 4852 652 4923 γάρ
681 4854 849 4924 φησὶν
878 4858 907 4908 6
938 4855 1103 4920 Θεὸς,
1133 4859 1189 4909 Μ
1196 4857 1376 4922 ιξποτε
1418 4858 1691 4924 ἐκτείνας
1719 4858 1838 4926 τὴν

248 4941 422 5012 χεῖρα
475 4943 663 4997 αὑτοῦ
716 4945 745 4995 6
794 4946 1217 5015 πρωτόπλαστος
1250 4946 1557 5015 ἄνθρωπος,
1606 4947 1703 5000 καί
1730 4950 1838 5000 .Za-

246 5033 374 5086 ϐὼν
400 5031 509 5084 τοῦ
535 5032 727 5096 ξύλου
756 5034 866 5101 τῆς
887 5034 1055 5103 ζωῆς,
1082 5036 1180 5089 καὶ
1200 5036 1592 5104 γευσάμενος,
1617 5039 1704 5102 εις
1730 5038 1838 5091 τὸν

244 5122 439 5176 αἰῶνα
478 5123 747 5190 ζήσεται,
791 5126 907 5189 πῶς
935 5129 969 5196 ή
1004 5128 1105 5198 τὴν
1139 5128 1284 5199 ζωήν
1312 5129 1482 5198 αὐτὴν
1517 5128 1791 5199 δεξαμένη
1820 5172 1833 5193 ,

244 5215 349 5285 ei}:
377 5214 615 5285 ἀναρχόν
643 5231 702 5267 τε
736 5217 830 5268 καὶ
854 5216 1113 5286 ἄληκτον,
1154 5220 1253 5286 τὴν
1288 5220 1426 5289 μήτε
1450 5219 1649 5289 ἀρχῆς,
1696 5221 1833 5291 μήτε

1947 4585 2161 4640 subdita
2195 4584 2426 4640 fuisset?
2473 4582 2568 4639 sed
2599 4581 2743 4636 cedit
2782 4580 2883 4650 legi
2914 4580 2982 4633 ab
3007 4593 3073 4633 eo
3107 4580 3229 4634 latze
3255 4594 3416 4648 quem
3441 4593 3533 4646 ge.

1946 4676 2105 4730 nuit:
2140 4683 2215 4740 et,
2242 4683 2302 4728 ut
2356 4673 2465 4727 filia
2512 4672 2711 4727 veteris
2752 4670 2947 4735 Adam,
2989 4679 3270 4739 paternam
3316 4679 3533 4727 sentcn-

1946 4766 2073 4819 tiam
2118 4765 2283 4820 subit.
2333 4762 2466 4817 Nam
2500 4772 2555 4820 et
2591 4762 2713 4833 ejus
2742 4761 2912 4817 Filius
2973 4761 3065 4831 qui
3113 4762 3220 4815 vita
3268 4762 3383 4831 ipsa
3426 4769 3530 4824 est,

1944 4871 2063 4911 eam
2098 4870 2204 4911 non
2243 4854 2511 4911 recusavit
2543 4870 2557 4909 :
2584 4863 2646 4908 ut
2669 4864 2849 4909 autem
2879 4852 2973 4910 Dei
3006 4853 3238 4909 viventis
3266 4860 3440 4905 mater
3463 4853 3530 4903 ad

1943 4964 2116 5019 ipsum
2159 4948 2356 5003 merito
2402 4946 2748 5002 transfertur.
2806 4945 2940 5000 Nam
2981 4960 3104 5000 cum
3151 4946 3289 4998 Deus
3333 4942 3479 4996 dicat
3514 4957 3527 4993 :

1943 5039 2024 5094 Ne
2055 5041 2188 5110 forte
2217 5040 2308 5095 ille
2339 5041 2429 5110 qui
2465 5041 2671 5110 primus
2716 5049 2801 5094 est
2843 5036 3099 5093 conditus
3129 5036 3310 5098 homo,
3352 5033 3533 5085 mittat

1938 5149 2154 5186 manum
2195 5149 2368 5199 suam,
2402 5141 2452 5186 et
2482 5143 2653 5185 sumat
2685 5132 2749 5184 de
2771 5130 2914 5198 ligno
2941 5130 3079 5190 vita’,
3110 5136 3154 5179 et
3184 5122 3446 5188 comedat,
3481 5130 3531 5175 et

1944 5225 2079 5279 vivat
2130 5225 2183 5278 in
2237 5225 2589 5289 tetanum”;
2634 5238 2744 5290 quo
2794 5228 2952 5289 pacto
3003 5217 3118 5273 ﬁeri
3165 5212 3424 5282 potuerit,
3473 5220 3528 5269 ut

288 5435 337 5466 “
380 5436 539 5493 Cant.
568 5454 623 5504 ν,
655 5441 707 5495 3.
787 5441 830 5471 ⁸⁷
873 5441 1072 5495 Psattn.
1109 5456 1294 5507 xcvttt,
1334 5443 1417 5497 l3.
1498 5444 1543 5474 ”
1569 5443 1705 5500 Gen.
1744 5459 1825 5509 ιιι,
1855 5444 1945 5498 22.

327 5632 442 5705 (30)
472 5635 631 5692 Colb.
665 5635 855 5705 νοητόν
868 5677 879 5688 .

322 5703 442 5777 (ἐξ)
469 5705 657 5777 Germ.
676 5703 923 5777 _et'tlolb.
957 5705 1286 5775 ὁμιλήσασα.

323 5773 444 5843 (32)
474 5777 542 5831 ιι.
572 5776 592 5831 1
631 5775 872 5842 τιῙ›,ειΙιει·
890 5777 967 5830 τό.

2024 5636 2136 5776 (35;
2172 5638 2339 5708 Regg.
2378 5638 2589 5692 ἑαυτόν.

2024 5706 2113 5776 (34
2176 5709 2240 5762 Β.
2271 5707 2421 5763 Colb.
2458 5708 2583 5762 Gert

2022 5704 2134 5777 (36)
2176 5709 2240 5762 ﬂ.
2260 5704 2421 5763 'Colb.
2458 5708 2642 5762 Germ.
2673 5704 3088 5777 ἀνακομίζεται.
