4018 6342
524 384 625 445 727

1671 387 1729 445 S.
1770 386 2085 477 JOANNIS
2127 387 2552 448 DAMASCENI

3647 382 3754 443 728

510 513 629 569 quae
671 500 951 568 ipsammet
997 494 1159 549 vitam
1213 493 1624 562 sempiternam,
1675 509 1776 549 nec
1837 495 2079 547 desiueuo

2192 496 2361 559 τέλους
2397 496 2753 550 δουλεύουσαν
2786 495 3037 566 πέρασιν,
3080 496 3179 548 οὐκ
3206 495 3284 559 τίς
3319 493 3492 550 αἰῶνα
3518 497 3749 567 ζήσεται

512 600 642 648 tem,
673 585 898 639 nullisve
931 583 1067 636 initii
1104 598 1167 637 ac
1193 583 1315 637 ﬁnis
1358 582 1604 637 terminis
1635 583 1923 638 obnoxiam
1957 598 2079 638 sus-

512 680 672 744 cepit,
705 690 812 729 non
841 677 891 729 in
923 675 1188 730 inﬁnitum
1232 690 1404 729 aevum
1438 675 1639 741 victura
1664 675 1770 729 sit?

578 766 635 821 5.
674 765 812 820 Olim
846 766 1097 833 equidem
1143 765 1291 820 Deus
1337 765 1583 822 mortalis
1631 780 1696 820 ae
1728 767 1942 835 generis
1971 765 2081 835 pri-

512 873 629 911 mos
658 865 894 921 satores,
927 874 1048 911 eum
1089 872 1148 913 se
1180 858 1554 921 inobedientize
1581 872 1729 913 mero
1759 859 2080 928 ingurgitas-

511 957 652 1014 seut,
705 958 760 1003 et
815 963 912 1019 per
957 948 1404 1019 transgressionis
1460 942 2078 1003 temulentiam”dormi-

509 1048 657 1093 tante
700 1038 896 1092 mentis
924 1037 1107 1102 oculo,
1144 1034 1614 1107 peccati'crapula
1659 1039 1738 1093 sic
1774 1036 1949 1092 allecti
1989 1052 2077 1092 es-

510 1137 651 1192 sent,
678 1138 736 1185 ut
770 1128 1046 1198 oppressis
1070 1126 1245 1182 animi
1266 1127 1557 1193 luminibus
1581 1127 1861 1192 mortifero
1887 1142 2083 1183 somno

513 1228 861 1285 tenerentur,
907 1234 938 1274 e
986 1218 1238 1288 paradiso
1284 1219 1428 1273 Eden
1470 1218 1853 1278 exterminavit
1894 1234 2098 1289 :nunc_

512 1326 641 1364 vero
677 1311 823 1363 illam
851 1324 969 1378 quae
1002 1310 1117 1364 vitii
1149 1309 1328 1384 omnis
1367 1310 1622 1383 impetum
1659 1310 1915 1374 excussit,
1961 1310 2085 1363 Deis

514 1415 618 1468 que
653 1408 708 1454 et
739 1397 912 1453 Patris
943 1398 1262 1453 obedientia:
1296 1413 1516 1463 germen
1556 1398 1830 1466 produxit,
1866 1408 1920 1452 et
1960 1398 2081 1451 uni-

513 1506 672 1546 verso
703 1490 1004 1545 mortalium
1035 1490 1219 1560 generi
1263 1490 1425 1544 vitam
1473 1490 1766 1553 inchoavit,
1799 1490 2082 1558 paradisus

517 1599 619 1637 non
652 1582 969 1651 exceperit!
1004 1595 1184 1636 annon
1221 1582 1424 1635 ctnlum
1458 1581 1601 1635 fores
1632 1596 1758 1635 suas
1789 1583 2083 1636 reserabit?

514 1676 735 1729 murrina
776 1687 923 1729 sane.
974 1673 1083 1727 Eva
1129 1672 1397 1739 siquidem
1448 1686 1566 1740 quae
1599 1660 1864 1738 serpentis
1896 1673 2084 1724 nuntio

516 1780 674 1835 aures
714 1765 963 1835 praebuit,
994 1760 1271 1832 hostisque
1319 1765 1710 1833 suggestionem
1740 1764 2099 1826 auscultavit,

517 1872 677 1910 sensu
720 1870 818 1910 suo
844 1870 939 1924 per
975 1853 1121 1908 falsa:
1162 1869 1223 1907 ac
1256 1854 1462 1921 fallacis
1489 1855 1781 1923 voluptatis
1821 1856 2080 1913 assultum

519 1948 766 2011 delinito,
798 1947 1048 2000 maeroris
1080 1954 1134 1999 et
1170 1946 1401 2000 tristitize
1430 1946 1761 1999 sententiam
1797 1945 1998 2010 retulit,
2029 1954 2086 1997 ut

520 2039 733 2093 dolores
756 2029 941 2105 partus
972 2032 1287 2100 sustineret,
1316 2044 1370 2089 et
1400 2052 1502 2089 una
1531 2051 1651 2089 euut
1684 2036 1891 2091 Adamo
1918 2045 2087 2089 morte

518 2128 897 2188 condemnata,
936 2122 995 2179 in
1028 2119 1151 2178 imis
1184 2124 1385 2178 inferni
1418 2120 1722 2180 recessibus
1751 2124 2082 2178 collocatur:

522 2218 660 2269 hanc
686 2210 1022 2270 antem'vere
1056 2214 1422 2269 beatissimam
1454 2227 1570 2281 qua?
1600 2213 1693 2267 Dei
1727 2214 1893 2267 verbo
1928 2228 2088 2268 aures

519 2308 787 2371 submisit,
819 2315 874 2361 et
900 2300 1134 2375 Spiritus
1168 2306 1337 2359 sancti
1375 2300 1944 2373 operatione‘impleta
1980 2312 2084 2368 est,

523 2410 704 2466 atque,
750 2396 1076 2469 archangelo
1116 2392 1420 2466 Sequestro,
1461 2397 1525 2450 de
1554 2396 1873 2466 complacito
1910 2395 2088 2450 Patris

522 2505 801 2558 prmguaus
840 2479 1075 2552 ell'ecta',‘
1109 2503 1336 2557 quaeque
1389 2489 1505 2546 sine
1552 2487 1826 2557 voluptate
1871 2501 1937 2541 ac
1987 2487 2086 2541 viri

521 2593 812 2647 congressu
849 2580 938 2632 Dei
982 2578 1153 2633 Verbi'
1175 2590 1485 2647 personam,
1519 2579 1675 2647 cujus
1717 2580 1894 2632 omnia
1932 2580 2085 2647 plena

522 2679 668 2735 sunt,
698 2660 961 2736 concepit,
988 2685 1051 2721 ac
1079 2683 1175 2737 pro
1202 2683 1287 2733 eo,
1317 2678 1373 2721 ut
1402 2658 1649 2734 decebat,
1669 2672 1785 2722 sine
1815 2668 2089 2722 doloribus

522 2762 747 2831 peperit,
779 2768 1001 2831 quaeque
1038 2768 1206 2817 totam
1242 2775 1425 2815 secum
1479 2760 1587 2815 Deo
1623 2759 1913 2827 copulavit,
1952 2774 2087 2829 quo-

524 2853 693 2931 modo.
742 2860 888 2907 mers
937 2853 1267 2908 devoraret?
1316 2852 1585 2921 quomodo
1636 2851 1793 2907 inferi
1847 2852 2089 2919 suscipe-

522 2944 679 2997 rent?
712 2934 982 3013 quomodo
1020 2943 1299 3010 corruptio
1327 2956 1526 3011 corpus
1560 2941 1685 2997 illud
1718 2942 2017 3006 invaderet,
2058 2957 2085 2993 a

520 3050 630 3102 quo
662 3021 765 3088 vita
810 3042 1060 3105 suscepta
1110 3034 1239 3088 est!
1272 3033 1581 3088 Abhorrent
1628 3034 1763 3099 haec,
1802 3032 2086 3101 alienaque

2180 587 2270 634 τὸν
2297 583 2609 653 ἀπέραντον
2632 599 2650 649 ;

2250 762 2317 830 γ’.
2359 763 2538 822 Πάλαι
2584 762 2685 832 μὲν
2706 762 2914 833 Κύριος
2954 766 2983 815 ὀ
3027 763 3160 825 Θεὸς
3200 763 3327 824 τοὺς
3375 762 3468 815 τοῦ
3502 762 3751 832 βροτείου

2180 852 2373 919 γένους
2407 851 2787 923 κατάρξαντας
2805 894 2819 915 ,
2848 852 2945 904 καὶ
2971 855 3069 922 τῆς
3100 853 3382 920 παρακοῆς
3412 852 3753 922 ἐμφορηθέν-

2180 960 2277 1006 τας
2304 945 2367 1010 τὸ
2395 943 2663 1014 ἄκρατον,
2709 944 2804 996 καὶ
2833 946 2899 1014 τῇ
2934 942 3075 1014 μέθῃ
3118 943 3220 1011 τῆς
3261 943 3632 1012 παραϐάσεως
3657 943 3751 993 τὸν

2179 1034 2454 1103 ὀφθαλμὸν
2474 1036 2573 1103 τῆς
2603 1036 2829 1105 καρδίας
2852 1033 3350 1097 ἀπνυστάξαντας,
3378 1035 3475 1085 καὶ
3489 1036 3554 1103 τῇ
3584 1051 3751 1103 κραι-

2181 1124 2328 1196 πάλῃ
2379 1125 2478 1193 τῆς
2533 1125 2811 1193 ἁμαρτίας
2854 1124 2955 1193 τῆς
2999 1124 3239 1185 διανοίας
3296 1123 3638 1193 βαρηθὲντας
3682 1124 3752 1174 τά

2181 1212 2428 1281 ὄμματα,
2455 1213 2549 1263 καὶ
2576 1212 2943 1280 κοιμηθέντας
2964 1211 3138 1263 ὕπνον
3181 1213 3262 1274 εἰς
3284 1210 3533 1272 θάνατον,
3571 1211 3753 1281 ἐξορίο

2183 1313 2342 1359 στους
2365 1297 2458 1348 τοῦ
2490 1297 2815 1365 παραδείσου
2845 1298 2945 1366 τῆς
2985 1297 3144 1366 Ἐδὲμ
3173 1298 3525 1367 ὲξεπὸρευσε.
3555 1299 3669 1351 Νῦν
3689 1300 3750 1351 δὲ

2181 1387 2382 1457 ταύτην
2405 1387 2502 1457 τὴν
2529 1388 2732 1452 πάθους
2762 1388 2961 1450 παντὸς
2988 1387 3422 1457 ἐκτιναξαμένην
3447 1388 3545 1455 τὴν
3574 1405 3747 1457 προσέ

2186 1478 2367 1546 ϐολὴν,
2414 1479 2509 1543 καὶ
2538 1478 2636 1545 τῆς
2664 1478 2760 1539 τοῦ
2791 1478 2926 1537 Θεοῦ
2961 1478 3054 1530 καὶ
3098 1479 3311 1548 Πατρὸς
3337 1479 3585 1547 ὑπακοῆς
3617 1497 3750 1548 προ-

2183 1567 2493 1637 αγαγοῦσαν
2533 1568 2593 1619 τὸ
2628 1568 2951 1637 βλάστημα,
2993 1570 3086 1632 καὶ
3130 1572 3227 1639 τῆς
3275 1570 3425 1638 ζωῆς
3461 1570 3623 1621 παντὶ⁷
3670 1571 3752 1639 τῷ

2183 1657 2326 1726 γένει
2357 1658 2704 1727 κατάρξασαιν
2726 1696 2741 1720 ,
2775 1658 2837 1711 οὐ
2868 1659 3194 1727 παράδεισος
3230 1659 3567 1723 ὑποδείξεται
3594 1676 3609 1723 ;
3649 1660 3751 1711 οὐκ

2184 1748 2413 1818 οὐρανὸς
2453 1748 2654 1817 χαίρων
2693 1748 3023 1813 ἀναπετάσει
3059 1748 3159 1809 τὰς
3202 1749 3419 1818 πύλαςς
3460 1751 3600 1802 πάνυ
3650 1751 3753 1818 μὲν

2186 1812 2298 1893 οῦν.
2336 1812 2579 1909 Εὔα-’μεν
2622 1838 2729 1909 γὰρ
2763 1838 2861 1907 τὴν
2894 1812 3067 1906 ἀκοὴν
3111 1812 3373 1891 ὑποθεῖσα
3516 1812 3753 1909 ἀγγελία

2186 1928 2279 1981 τοῦ
2307 1929 2481 1995 ὅφεως
2502 1967 2516 1990 ,
2541 1927 2930 1980 άκουτισθεῖσα
2963 1928 3022 1979 δὲ
3061 1928 3155 1980 τοῦ
3184 1928 3492 1997 δυσμενοῦς
3512 1930 3611 1996 τὴν
3646 1947 3752 1985 πα-

2192 2022 2458 2093 ραίνεσιν,
2485 2020 2579 2072 καὶ
2615 2022 2714 2090 τῆς
2744 2019 2971 2089 ψευδοῦς
3010 2037 3071 2077 τε
3107 2020 3201 2072 καὶ
3240 2020 3525 2090 ἀπατηλῆς
3557 2021 3751 2090 ἡδονῆς

2186 2114 2254 2181 τῇ
2271 2110 2541 2183 προσϐολῇ
2562 2110 2845 2179 θελχθεξσα
2871 2110 2971 2179 τὴν
2992 2111 3267 2181 αἴσθησιν,
3288 2113 3468 2183 λύπης
3491 2114 3583 2165 καὶ
3595 2113 3753 2176 ἀνίας

2188 2203 2466 2270 ἀπόφασιν
2495 2201 2851 2270 ἀποφέρεται,
2877 2201 2973 2253 καὶ
2997 2201 3172 2260 τόκων
3210 2202 3405 2271 ὠδῖνας
3435 2204 3753 2273 ὑφίσταται,

2190 2292 2283 2346 καὶ
2330 2292 2426 2345 σὺν
2476 2291 2552 2360 τῷ
2619 2290 2790 2359 Ἀδὰμ
2829 2290 3060 2343 θάνατον
3099 2291 3521 2362 κατακρίνεται,
3567 2294 3659 2345 καὶ
3697 2295 3755 2344 ἐν

2189 2381 2317 2451 ᾅδου
2360 2382 2552 2451 μυχοῖς
2596 2377 2991 2441 κατοικίζεται.
3044 2380 3262 2450 Ταύτην
3307 2380 3363 2432 δὲ
3393 2381 3494 2451 τὴν
3537 2381 3757 2448 ἀληθῶς

2188 2471 2678 2540 παμμακάριστον,
2718 2470 2794 2539 τῷ
2820 2471 2915 2523 τοῦ
2950 2469 3086 2524 Θεοῦ
3117 2472 3259 2541 λόγῳ
3298 2473 3397 2543 τὴν
3429 2474 3597 2541 ἀκοὴν
3626 2475 3757 2525 ὑπο-

2189 2562 2467 2623 κλίνασαν,
2506 2562 2601 2613 καὶ
2635 2559 2739 2628 τῆς
2780 2561 3061 2630 ἐνεργείας
3101 2561 3439 2630 πλησθεῖσαν
3463 2563 3556 2615 τοῦ
3582 2564 3756 2614 Ilvati-

2192 2670 2383 2721 ματος,
2409 2652 2504 2704 καὶ
2544 2651 2611 2703 δι’
2637 2650 2981 2720 ἀρχαγγέλου
3008 2652 3106 2720 τὴν
3149 2650 3263 2720 (55)
3297 2653 3573 2721 πατρικὴν
3602 2652 3759 2717 εὐδοέ
3860 2702 3863 2705 η

2189 2744 2312 2811 κίαν
2336 2744 2811 2813 ἐγκυμονήσασαν,
2832 2743 2926 2795 καὶ
2945 2742 3138 2812 ἡδονῆς
3159 2742 3333 2810 πάρεξ
3351 2742 3443 2794 καὶ
3464 2742 3763 2808 συναφείας

2192 2835 2579 2907 συνειληφυῖαν
2612 2833 2705 2886 τοῦ
2738 2833 2874 2885 Θεοῦ
2904 2833 3075 2900 Λόγου
3102 2833 3201 2903 τὴν
3229 2834 3403 2887 πάντα
3443 2832 3759 2901 πληροῦσαν

2190 2924 2490 2993 ὑπόστασιν
2508 2963 2523 2986 ,
2556 2924 2651 2979 καὶ
2681 2922 2977 2992 προσφυῶν
3004 2922 3205 2975 ὠδίνων
3232 2923 3363 2975 ἄνευ
3393 2925 3759 2991 γεννήσασαν,

2191 3017 2284 3081 καὶ
2319 3016 2449 3083 ὅλην
2482 3014 2601 3084 Θεῷ
2641 3015 2938 3075 ὲνωθεῖσαν
2958 3053 2973 3075 ,
3014 3013 3129 3075 πῶς
3158 3014 3398 3084 καταπίῃ
3425 3015 3453 3066 ὁ
3484 3012 3758 3075 θάνατος;

524 3118 749 3181 οιιιιιὶηο
775 3135 921 3189 sunt,
965 3136 999 3177 a‘
1027 3122 1234 3180 Deilera
1269 3125 1358 3179 illa
1394 3127 1570 3178 anima
1609 3133 1667 3181 et
1692 3139 1877 3185 carne.
1916 3120 2085 3193 Ipsius

2192 3106 2306 3169 πῶς
2331 3108 2359 3163 ὁ
2381 3107 2511 3178 ᾅδης
2542 3104 2867 3177 εἰσδέξεταις
2902 3104 3019 3167 πῶς
3060 3104 3329 3174 διαφθορά
3358 3103 3453 3156 τοῦ
3490 3104 3757 3171 ζωοδὸχου

524 3210 993 3285 ειιίιιιοεροοιιιηι
1048 3231 1195 3269 mors
1246 3231 1459 3285 quoque
1513 3216 1786 3284 pertimuit
1837 3233 1851 3268 :
1900 3218 2094 3285 quippe

523 3324 664 3376 qua,
704 3297 823 3361 cum
862 3307 1028 3374 ipsius
1073 3306 1263 3357 Filium
1310 3306 1496 3357 aderta
1538 3314 1702 3367 esset,
1751 3320 1814 3358 ex
1865 3306 1948 3358 his
1977 3321 2094 3372 qua:

527 3382 777 3464 pertulit,
807 3397 1040 3456 erudita,
1071 3395 1312 3464 periculo
1357 3410 1454 3446 suo
1488 3392 1802 3462 prudentior
1826 3404 2090 3448 evaserat.

530 3488 652 3542 llaec
698 3480 912 3556 quidem
961 3487 1256 3540 horrendos
1309 3486 1505 3538 inferni
1550 3486 1843 3539 descensus
1890 3500 2093 3553 nequa-

527 3595 685 3647 quam
711 3579 872 3649 871
902 3578 1069 3638 trivit,
1112 3578 1202 3629 sed
1246 3588 1391 3629 recta
1422 3576 1494 3639 ei,
1526 3576 1707 3644 plana,
1736 3586 1790 3629 et
1824 3577 1996 3632 facilis
2028 3581 2095 3631 ad

528 3671 945 3738 cmlum‘parata
981 3677 1065 3723 est
1091 3668 1195 3721 via.
1231 3667 1366 3721 Cum
1413 3669 1555 3720 enim
1580 3668 1849 3734 Christus,
1890 3671 1982 3739 qui
2013 3672 2095 3723 via

526 3771 582 3815 et
609 3754 807 3835 veritas
837 3767 920 3813 est
941 3759 1005 3823 ",
1037 3758 1177 3811 dicat
1212 3775 1223 3809 :
1260 3754 1359 3810 Ubi
1406 3773 1519 3810 sum
1552 3773 1669 3825 ego,
1700 3758 1811 3812 illic
1845 3769 1893 3812 et
1940 3761 2096 3814 mini-

528 3865 633 3908 ster
661 3870 802 3907 meus
828 3852 925 3905 erit
949 3853 997 3897 ταη
1022 3869 1037 3906 :
1068 3866 1165 3904 cur
1187 3864 1290 3919 non
1337 3849 1506 3908 multo
1537 3851 1705 3920 magis
1735 3865 1857 3905 cum
1891 3865 1955 3904 eo
1985 3860 2119 3902 ma:

528 3952 611 3994 ter
660 3930 828 4010 ipsius
877 3930 1225 3997 donticilitun
1255 3941 1491 3995 habeat?
1524 3939 1589 3994 Ut
1625 3940 1769 3995 enim
1809 3952 2095 4010 antequam

530 4012 843 4101 partui-iret,
883 4033 1110 4102 peperit,
1147 4033 1219 4086 ita
1250 4032 1415 4101 ipsius
1437 4032 1600 4086 etiam
1631 4047 1662 4087 e
1695 4033 1804 4086 vita
1827 4034 2098 4088 discessus

529 4110 803 4199 doloribus
860 4120 1056 4175 caruit.
1124 4119 1270 4173 Mors
1322 4121 1542 4189 quidem
1595 4132 1925 4189 peccatorum
1985 4140 2099 4190 pes-

528 4215 662 4268 sima
683 4215 728 4259 ".‘
763 4233 778 4269 :
814 4222 870 4266 at
898 4214 963 4268 de
987 4213 1122 4268 eain
1155 4228 1261 4281 qua
1287 4213 1538 4267 stimulus
1572 4216 1786 4275 mortis,
1818 4224 2095 4282 peccatum

2196 3197 2628 3267 κατατολμήσειε
2653 3194 2922 3265 σώματοςς
2945 3194 3204 3263 ἀλλότρια
3229 3193 3427 3257 ταῦτα,
3459 3196 3551 3246 καὶ
3581 3193 3757 3262 πάντη

2198 3289 2321 3352 ξένα
2349 3288 2450 3355 τῆς
2490 3287 2750 3355 θεοφόρου
2787 3285 2969 3357 ψυχῆς
3010 3286 3106 3336 καὶ
3139 3285 3413 3353 σώματος.
3450 3284 3636 3353 Ταύτῃ
3664 3286 3760 3335 καὶ

2197 3379 2557 3449 προσϐλέπων
2584 3379 2612 3429 ὁ
2644 3376 2871 3449 θάνατος
2920 3375 3145 3451 δέδοικε.
3184 3376 3274 3444 Τῷ
3311 3358 3419 3451 γὰρ
3449 3375 3619 3443 αὐτῆς
3648 3376 3761 3443 Υἱῷ

2197 3467 2538 3539 προσϐαλὼν,
2570 3465 2772 3535 ἔμαθεν
2800 3467 2897 3532 ἀφ’
2921 3459 2995 3516 ὧν
3024 3464 3215 3527 ἔπαθε,
3241 3466 3335 3518 καὶ
3361 3465 3524 3534 πείρᾳ
3551 3466 3756 3533 μαθὼν,

2198 3559 2645 3628 σεσωφρόνισται.
2677 3556 2862 3626 Ταύτῃ
2897 3556 3023 3631 ᾅδου
3055 3557 3154 3622 μὲν
3176 3556 3416 3629 ἀστιῦεῖς
3441 3559 3495 3611 αἱ
3529 3544 3760 3627 ζοφεραὶ

2198 3648 2444 3711 κάθοδοι,
2491 3647 2673 3699 εὐθεῖα
2705 3646 2761 3699 δὲ
2801 3647 2897 3701 καὶ
2932 3645 3083 3709 λεία,
3113 3647 3205 3698 καὶ
3240 3645 3532 3716 εῦτρετττος
3559 3649 3593 3715 ἡ
3628 3649 3762 3716 πρὸς

2197 3739 2422 3810 οὐρανὸν
2447 3738 2637 3809 πορεία
2659 3737 3004 3807 ἡτοίμασται.
3034 3737 3092 3787 Εἰ
3117 3736 3245 3811 γὰρ,
3270 3737 3461 3795 ’Ὅπου
3489 3736 3600 3804 ἐγώ
3623 3739 3765 3802 εἰμι,

2195 3834 2325 3887 ἐκεῖ
2340 3835 2437 3886 καὶ
2473 3837 2505 3887 ό
2534 3824 2810 3897 διάκονος
2839 3835 2871 3884 ὀ
2895 3831 3037 3900 ἐμὸς
3062 3829 3253 3894 ἔσται,
3283 3830 3386 3899 ἔφη
3414 3832 3442 3882 ὁ
3473 3831 3702 3901 Χριστὸς
3733 3834 3765 3899 ἡ

2198 3933 2310 4003 ζωὴ
2346 3933 2440 3985 καὶ
2474 3934 2507 3999 ή
2549 3931 2807 3999 ἀλήθεια,
2844 3929 2960 3990 πῶς
2991 3928 3111 3996 οὐχὶ
3156 3926 3354 3996 μᾶλλον
3384 3929 3418 3996 ή
3458 3929 3637 3997 μήτηρ
3670 3929 3766 3981 σὺν

2197 4025 2345 4095 αὐτῷ
2390 4023 2799 4092 αὺ).ισθήσεται;
2845 4021 2979 4088 Πρὶν
3022 4019 3317 4086 ὠδίνησεν,
3364 4017 3570 4082 ἔτεκεν,
3607 4019 3765 4083 ἐκτὸς

2198 4117 2399 4173 ὠδίνων
2418 4116 2511 4169 καὶ
2536 4117 2568 4185 ἡ
2593 4114 2761 4182 αὐτῆς
2786 4111 3101 4174 ἀποϐίωσίς.
3129 4109 3388 4173 Θάνατος
3406 4109 3769 4177 ἁμαρτωλῶν

2198 4207 2479 4274 πονηρός·
2514 4206 2571 4256 ὲν
2657 4204 2714 4256 δὲ
2744 4202 2805 4255 τὸ
2836 4202 3058 4271 κέντρον
3083 4202 3176 4255 τοῦ
3204 4203 3432 4255 θανάτου
3465 4204 3497 4270 ἡ
3528 4204 3768 4273 ἁμαρτία

531 4320 750 4375 nempe,
800 4314 1080 4386 enecatum
1143 4313 1318 4369 esset,
1368 4304 1494 4371 quid
1563 4303 1774 4357 tandem
1831 4306 2090 4372 dicamus,

2200 4299 2501 4369 νενέκρωτο
2526 4296 2656 4366 (36),
2683 4295 2737 4346 τί
2769 4295 3015 4364 φήσομεν
3035 4333 3050 4357 ,
3080 4293 3291 4365 ῆζωῆς
3324 4295 3499 4365 ἀρχὴν
3531 4288 3768 4365 ἀλήκτου

531 4399 634 4451 nisi
666 4422 671 4425 -
701 4394 820 4449 eam
873 4395 997 4447 vita:
1065 4388 1318 4461 perennis
1375 4408 1441 4447 ac
1486 4395 1711 4459 potioris
1770 4396 2090 4467 principium

529 4487 742 4541 fuisset.
766 4471 915 4546 Sane
946 4482 1160 4554 quidem
1189 4482 1424 4551 pretiosa
1465 4493 1551 4539 est
1589 4499 1735 4541 mors
1782 4497 2093 4543 sanctorum

532 4578 747 4641 Domini
798 4562 907 4631 Dei.
939 4568 1197 4631 virtutum
1228 4578 1273 4608 "
1306 4593 1321 4630 :
1355 4587 1408 4630 at
1451 4577 1741 4646 pretiosior
1781 4580 1971 4635 matris
2005 4582 2093 4637 Dei

531 4686 597 4724 ex
633 4670 733 4733 hac
749 4669 857 4722 vita
897 4664 1169 4738 migratio.
1215 4667 1367 4723 Nunc
1391 4668 1513 4724 cali
1556 4670 1826 4736 laetentur,
1858 4688 1921 4727 ac
1944 4674 2099 4741 plau-

531 4760 658 4810 dant
692 4757 868 4829 angeli
898 4775 912 4811 :
946 4764 1089 4817 nunc
1117 4766 1257 4811 terra
1290 4758 1504 4825 gestiat,
1538 4769 1592 4811 et
1623 4757 1897 4815 exsultent
1918 4762 2099 4815 homi-

533 4866 628 4904 nes
660 4867 673 4901 :
702 4863 848 4905 nunc
892 4862 985 4915 aer
1030 4847 1164 4902 laetis
1206 4848 1456 4903 cantibus
1499 4859 1803 4916 personet;
1855 4866 1958 4907 nox
1999 4853 2097 4906 ob-

531 4956 687 4996 scura
742 4940 952 4993 tristem
1014 4946 1069 4990 et
1122 4937 1421 4992 deformem
1476 4940 1761 5009 caliginem
1819 4942 2092 5006 excutiat,

530 5030 978 5100 splendoremque
1022 5025 1127 5081 diei
1160 5027 1361 5093 ignium
1396 5027 1639 5085 claritate
1679 5030 1867 5085 hilaris
1920 5032 2098 5093 itnite-

530 5133 638 5188 tur.
683 5121 893 5176 Etenim
935 5120 1056 5173 viva
1102 5117 1313 5173 Domini
1363 5133 1428 5172 ac
1471 5118 1563 5173 Dei
1605 5120 1864 5175 virtutum
1903 5123 2097 5177 civitas

531 5216 777 5268 sublimis
807 5212 999 5277 fertur,
1028 5226 1093 5266 ac
1136 5226 1290 5281 reges
1319 5228 1350 5264 a
1396 5213 1591 5278 templo
1624 5213 1857 5274 Domini,
1883 5215 1985 5269 hoc
2012 5226 2097 5269 est

528 5306 787 5374 praeclara
836 5303 985 5367 Sion,
1033 5304 1098 5355 ad
1150 5318 1436 5381 supernam
1484 5312 1537 5357 et
1580 5303 1801 5358 liberam
1837 5321 2097 5371 suamque

532 5408 760 5451 matrem
800 5393 1127 5459 Jerusalem,
1167 5396 1669 5462 prtestantissimum
1719 5400 1913 5450 donum
1962 5396 2093 5451 olfe-

2198 4392 2291 4447 καὶ
2345 4391 2685 4462 κρείττονος;
2723 4389 2915 4458 Τίμιος
2956 4388 3033 4451 ὡς
3066 4388 3280 4458 ἀληθῶς
3326 4390 3355 4441 ὁ
3396 4388 3622 4451 θάνατος
3660 4389 3770 4441 τῶν

2192 4483 2354 4537 ὁσίων
2384 4483 2590 4554 Κυρίου
2619 4481 2714 4535 τοῦ
2745 4480 2880 4541 Θεοῦ
2908 4480 3017 4533 τῶν
3044 4480 3345 4549 δυνάμεων
3376 4480 3678 4551 ὑπέρτιμος
3713 4481 3771 4533 δὲ

2195 4583 2295 4652 τῆς
2320 4582 2415 4641 τοῦ
2444 4580 2579 4634 Θεοῦ
2612 4580 2816 4651 μητρὸς
2846 4580 2879 4650 ἠ
2917 4578 3264 4649 μετάστασις.
3294 4578 3408 4631 Νῦν
3435 4579 3652 4648 οὐρανοὶ
3680 4577 3771 4629 εὐ-

2198 4671 2628 4741 φραινέσθωσαν,
2667 4670 2761 4729 καὶ
2805 4668 3169 4739 κροτείτωσαν
3200 4668 3441 4735 ἄγγελοι·
3473 4668 3567 4720 νῦν
3603 4668 3773 4734 ἀγαλ-

2198 4763 2403 4824 λιὰσθω
2435 4763 2469 4831 ἡ
2502 4763 2595 4831 γῆ,
2634 4760 2727 4813 καὶ
2762 4760 3140 4829 σκιρτάτωσαν
3183 4757 3494 4828 ἄνθρωποι·
3540 4756 3634 4808 νῦν
3666 4756 3771 4827 ἀὴρ

2200 4851 2497 4921 γηθόμενος
2538 4848 2806 4918 ὑπεχείτω
2844 4850 2955 4910 τοῖς
2998 4847 3238 4918 ᾄσμασι,
3276 4847 3370 4898 καλ⁵
3396 4844 3491 4910 νὺξ
3528 4844 3774 4913 ἀφεγγὴς

2202 4941 2596 5011 περιαιρείσθω
2624 4940 2787 5008 ζόφον
2814 4938 2908 4992 τὸν
2949 4938 3147 5008 ἀμειδῆ
3190 4937 3285 4991 καὶ
3323 4936 3646 5007 δυσείμονα,
3676 4937 3774 4989 καὶ

2206 5031 2476 5101 μιμείσθω
2508 5030 2753 5100 φαιδρῶς
2780 5029 2876 5098 τὴν
2902 5029 3000 5098 τῆς
3026 5027 3235 5097 ἡμέρας
3268 5026 3626 5096 στιλπνότητα
3659 5027 3774 5087 τοῖς

2202 5127 2267 5177 ὲκ
2296 5123 2464 5192 πυρὸς
2490 5122 2902 5192 ἀμαρύγμασιν.
2964 5122 3027 5172 Ἡ
3053 5120 3162 5189 γὰρ
3190 5119 3339 5183 ζῶσα
3378 5119 3528 5182 πόλις
3565 5118 3772 5186 Κυρίου

2200 5214 2335 5266 Θεοῦ
2365 5213 2473 5265 τῶν
2506 5212 2790 5280 δυνάμεων
2822 5211 3110 5280 μετάρσιος
3144 5212 3379 5280 αἴρεται,
3411 5210 3505 5261 καὶ
3536 5207 3775 5277 βασιλεῖς

2201 5304 2310 5357 ἀπὺ
2334 5302 2463 5355 ναοῦ
2496 5302 2699 5370 Κυρίου
2725 5302 2821 5369 τῆς
2854 5300 3215 5371 περιδλέπτου
3244 5300 3383 5352 Σιὼν
3413 5300 3505 5351 ἐπὶ
3534 5298 3629 5367 τὴν
3661 5297 3776 5350 ἀνω

2211 5396 2566 5475 Ἰερουσαλὴμ
2586 5395 2684 5464 τὴν
2708 5392 2999 5463 ἐλευθέραν
3015 5394 3111 5462 τὴν
3137 5393 3347 5459 ἑαυτῶν
3372 5391 3579 5475 μητέρα
3602 5390 3778 5461 δῶρον

605 5552 648 5584 ⁸⁸
678 5549 835 5607 Joan.
869 5566 978 5615 xw,
1018 5551 1072 5605 6.
1151 5549 1195 5582 ’⁸
1233 5550 1390 5604 Joan.
1430 5564 1525 5615 xu,
1574 5550 1664 5603 26.
1742 5550 1786 5580 ⁷¹
1821 5549 1961 5605 Psal.
1991 5566 2090 5602 xu

2192 5552 2240 5603 2.
2317 5551 2365 5582 ⁷¹
2411 5548 2547 5603 Psal.
2591 5562 2714 5610 cxv,
2749 5546 2831 5599 15.

606 5678 939 5753 (ὅόὶλϐετηιε
966 5678 1339 5751 πνευματικὴν
1388 5675 1677 5751 ὑμνῳδίαν.
1902 5695 2094 5747 πατρι-

539 5746 639 5822 κὴν
668 5746 1029 5819 εὐδαιμονίαν.
1080 5746 1117 5751 ’⁷
1295 5746 1303 5748 ἡ
1430 5746 1435 5747 ⁷
1515 5746 1524 5751 ⁷
1616 5746 1627 5749 ⁷
1844 5752 1847 5753 ⁷
1973 5757 1976 5759 “

2276 5678 2387 5753 (36)
2416 5677 2569 5733 Colb.
2600 5688 2650 5733 et
2681 5677 2864 5751 Germ.
2908 5651 3254 5751 νενέκρωται.
