3968 6348
431 361 532 421 723

1224 368 1552 428 HOMILIA
1588 367 1647 427 Π
1682 367 1763 426 ΙΝ
1803 365 2340 427 DORMITIONEM
2382 366 2445 424 Β.
2486 368 2551 426 ν.
2594 367 2877 427 ΜΑΒΙίΕ.

3540 358 3642 423 730

407 476 751 547 προσάγουσι
785 446 1243 547 τιμαλιρέστατον,
1280 480 1330 530 οἱ
1360 478 1497 549 πρὸς
1527 476 1763 547 Χριστοῦ
1805 477 1976 545 πάσης

2091 485 2235 539 runt,
2266 476 2493 545 apostoli
2527 476 2752 541 scilicet,
2798 476 2888 544 qui
2944 475 3104 530 totius
3148 475 3293 531 orbis
3315 477 3583 548 principes
3611 498 3643 535 a

406 569 508 637 τῆς
565 572 666 637 γῆς
727 569 1090 628 καταστάντες
1147 569 1438 639 ἄρχοντες,
1485 570 1611 631 τοὺς
1656 569 1983 632 ἀποστόλους

408 659 576 726 φημὶ,
613 659 711 728 τὴν
750 659 845 711 τοῦ
878 658 1013 711 Θεοῦ
1047 648 1259 729 μητέρα
1289 660 1387 728 τὴν
1439 660 1840 728 Ἀειπάρθενον.

479 749 541 802 δ’.
582 749 697 801 Οὐκ
725 748 927 801 ἄτοπον
957 748 1014 801 δέ
1051 766 1140 817 μοι
1173 748 1323 800 δοκεῖ
1366 749 1507 818 λόγῳ
1534 749 1831 818 διαγράψαι
1862 749 1983 800 ὅσον

406 839 522 906 ἔχει
544 838 679 907 πρὸς
701 837 951 907 δύναμιν,
982 838 1077 890 καὶ
1098 838 1333 901 εἰκάσαι,
1360 839 1451 891 καὶ
1481 839 1633 908 τύπῳ
1654 840 1983 909 σχηματίσαι

404 925 479 977 τὰ
517 926 609 976 ἐπὶ
636 927 702 993 τῇ
739 926 860 994 ἱερᾷ
902 926 1072 995 ταύτῃ
1100 924 1194 977 τοῦ
1243 924 1376 977 Θεοῦ
1429 928 1595 995 μητρὶ
1626 928 1983 996 τετελεσμένα

407 1014 688 1082 θεάματα,
716 1012 753 1066 ἃ
789 1014 1024 1083 μετρίως
1046 1054 1060 1078 ,
1098 1015 1195 1067 καὶ
1242 1014 1362 1066 λίαν
1415 1016 1783 1080 συνοπτικῶς,
1828 1018 1888 1069 τὸ
1920 1017 1983 1087 δὴ

407 1104 720 1172 λεγόμενον,
776 1107 904 1167 παῖς
937 1106 1001 1162 ἐκ
1044 1106 1245 1174 πατρὸς
1288 1106 1493 1158 ἄνωθεν
1544 1108 1980 1178 παρειλήφαμεν.

408 1186 562 1244 Δοκῶ
600 1193 709 1263 γάρ
755 1212 845 1263 μοι
882 1192 1084 1265 ταύτην
1120 1196 1218 1264 τὴν
1269 1197 1442 1263 ἁγίων
1500 1198 1804 1267 ἀγιωτέραν
1828 1239 1843 1262 ,
1888 1200 1983 1253 καὶ

415 1285 579 1353 ἱερῶν
608 1284 923 1354 ἱερωτέραν,
952 1286 1042 1339 καὶ
1075 1287 1237 1337 ὁσίων
1269 1286 1585 1356 όσιωτέραν,
1612 1288 1710 1352 τὴν
1730 1288 2021 1354 γλυκεῖαν·“

409 1373 505 1425 τοῦ
539 1375 711 1441 μάννα
738 1376 994 1444 στάμνον,
1024 1376 1207 1445 πηγὴν
1235 1376 1289 1427 δὲ
1334 1376 1531 1444 μᾶλλον
1587 1380 1762 1431 εἰπεῖν
1791 1380 1983 1449 ἀληθέα

412 1482 605 1534 στερον
630 1467 1021 1520 άνακεκλίσθαι
1057 1469 1150 1518 ὲπί
1186 1485 1326 1525 τινος
1361 1469 1653 1537 σκίμποδος
1685 1471 1742 1521 ἐν
1773 1474 1835 1541 τῇ
1864 1472 1983 1541 θείᾳ

412 1556 507 1608 καὶ
535 1556 865 1626 περιωνύμῳ
894 1557 1045 1609 πόλει
1075 1556 1259 1620 Δαόὶδ,
1286 1558 1423 1609 Σιὼν
1451 1560 1591 1628 φημὶ
1615 1562 1679 1629 τῇ
1708 1562 1982 1631 περιόπτῳ

413 1644 507 1697 καὶ
538 1644 982 1713 περικλεεστᾲτη,
1012 1644 1071 1695 ὲν
1152 1644 1502 1714 πεπλήρωται
1534 1647 1631 1715 μὲν
1652 1650 1679 1699 6
1709 1649 1868 1717 νόμος
1889 1651 1980 1701 τοῦ

410 1733 768 1801 γράμματος,
802 1733 1174 1803 ὑπηγόρευται
1212 1736 1265 1787 δὲ
1300 1736 1466 1805 ὄνομα
1504 1737 1596 1789 τοῦ
1632 1739 1937 1807 πνεύματος
1963 1757 1977 1770 ⁸

2083 566 2298 623 Chrile
2324 576 2450 622 sunt
2476 566 2776 631 constituti,
2826 565 2918 621 Dei
2964 574 3191 625 matrem
3226 576 3647 640 perpetuamque

2083 657 2365 726 virginem.

2154 749 2209 799 4.
2248 749 2295 779 ⁷³
2326 747 2436 803 Nec
2479 763 2611 804 vero
2653 749 2886 804 alienum
2939 748 3052 805 fore
3108 746 3344 801 arbitror
3395 763 3646 803 sermone

2084 850 2340 907 quantum
2375 856 2469 909 per
2496 857 2581 896 me
2611 842 2733 903 erit,
2759 840 3097 903 describere,
3129 847 3191 892 et
3212 840 3527 908 conjectura
3550 854 3644 892 ex-

2086 945 2302 998 ροιιιειρ,
2330 946 2391 984 ac
2417 932 2688 985 delineare
2716 946 2778 985 ea
2803 929 3105 999 spectacula
3130 945 3247 998 quae
3282 930 3332 983 in
3361 945 3645 985 sacrosan-

2084 1030 2167 1073 cta
2204 1020 2303 1071 hac
2327 1019 2414 1074 Dei
2443 1029 2613 1074 matre
2636 1031 2847 1088 peracta
2890 1027 3034 1080 sunt,
3060 1032 3282 1085 quaeque
3308 1018 3646 1074 mediocriter

2083 1117 2135 1160 et
2169 1111 2564 1177 compendiarie
2592 1109 2910 1172 admodum,
2947 1106 3117 1161 Filius
3143 1121 3171 1159 a
3200 1106 3357 1160 Patre
3378 1148 3392 1171 ,
3429 1119 3485 1160 ut
3515 1109 3666 1177 dici:

2086 1206 2192 1261 tur,
2218 1198 2285 1252 ab
2307 1200 2523 1268 antiquo
2540 1200 2863 1267 accepimus.
2886 1197 3119 1251 Cernere
3144 1196 3284 1249 enim
3310 1198 3434 1250 mihi
3462 1199 3645 1252 videor

2085 1289 2221 1342 hanc
2247 1289 2447 1342 sanctis
2471 1288 2812 1349 sanctiorem,
2843 1297 2895 1339 et
2924 1286 3091 1357 sacris
3114 1287 3485 1349 sacratiorem,
3519 1290 3645 1356 piis-

2083 1393 2186 1445 qne
2215 1380 2413 1444 pietate
2444 1379 2869 1445 priestantiorem
2904 1393 2917 1439 ;
2951 1377 3107 1440 hanc,
3150 1377 3366 1443 inqtiam
3389 1416 3402 1435 ,
3432 1378 3642 1431 dulcem

2085 1482 2292 1519 manna:
2321 1481 2529 1529 urnam,
2550 1467 2652 1529 vel,
2679 1476 2733 1518 ut
2763 1468 2939 1521 verius
2964 1468 3158 1531 dicam,
3193 1468 3412 1533 fontem,
3442 1470 3492 1521 in
3519 1471 3640 1523 divi-

2085 1571 2149 1608 na
2186 1555 2715 1623 celebratissimaque
2762 1557 2975 1625 Da‘vidis
3009 1558 3255 1621 civitate,
3294 1559 3478 1616 humili
3508 1559 3643 1617 lecto

2086 1645 2463 1711 recubantem;
2500 1645 2551 1697 in
2582 1648 2887 1712 conspicua,
2928 1648 3163 1715 inquam,
3216 1648 3301 1700 illa
3328 1659 3380 1701 el
3403 1648 3644 1709 clarissi-

2084 1749 2167 1785 ma
2202 1732 2352 1798 Sion,
2391 1734 2442 1785 in
2474 1747 2576 1801 qua
2609 1733 2686 1784 lex
2716 1733 2907 1787 littcrtc
2928 1734 3210 1801 completa,
3232 1745 3285 1787 et
3312 1735 3391 1788 lex
3422 1734 3644 1802 spiritus

409 1823 469 1881 ἐν
498 1816 533 1893 ᾖ
562 1822 623 1873 τὸ
646 1823 836 1891 Πάσχα
864 1824 923 1875 τὸ
950 1825 1176 1877 τυπικὸν
1198 1828 1226 1878 6
1253 1827 1542 1897 νομοδότης
1562 1806 1794 1898 Χριστὸς
1824 1833 1976 1882 ἐκτε-

2083 1823 2283 1875 dictata
2333 1831 2457 1886 est;
2514 1822 2789 1890 legislator
2844 1824 3094 1876 Christus
3156 1827 3389 1891 typicum
3438 1822 3642 1876 Pascha

407 1910 615 1973 τέλεκε,
664 1913 757 1964 καὶ
790 1914 979 1982 Πάσχα
1023 1914 1084 1965 τὸ
1116 1915 1313 1984 ἀληθὲς
1365 1918 1392 1969 6
1440 1918 1674 1981 παλαιᾶς
1712 1920 1803 1972 καὶ
1852 1922 1975 1985 νέας

408 2001 673 2070 διαθήκης
702 2002 833 2064 Θεδς
860 2004 1242 2073 παραδέδωκεν
1260 2022 1274 2037 ο
1310 2009 1367 2058 ἐν
1460 2008 1519 2059 τὸ
1549 2008 1758 2061 δεῖπνον
1787 2028 1975 2077 μυστιρ

411 2092 505 2145 κὸν
531 2095 637 2154 τοῖς
674 2094 865 2145 ἑαυτοῦ
898 2094 1165 2165 μαθηταῖς
1194 2099 1222 2148 6
1253 2098 1423 2166 ἀμνὸς
1459 2099 1555 2151 τοῦ
1584 2098 1717 2151 Θεοῦ
1751 2102 1779 2152 ό
1806 2101 1974 2171 αἴρων

408 2182 509 2251 τὴν
536 2183 810 2251 ἁμαρτίαν
834 2184 928 2238 τοῦ
956 2184 1161 2254 κόσμου
1195 2186 1665 2255 μεμυσταγὼγησε
1686 2228 1699 2251 ,
1733 2190 1823 2242 καὶ
1849 2191 1972 2241 τού-

408 2287 521 2332 τοις
567 2272 761 2324 ὲαυτὸν
804 2270 890 2324 οἷα
932 2274 1130 2342 μόσχον
1182 2275 1422 2326 σιτευτὸν
1470 2275 1699 2341 τέθυκε,
1729 2277 1821 2329 καὶ
1872 2278 1973 2346 τῆς

406 2360 665 2431 ἀληθινῆς
700 2363 941 2431 ἀμπέλου
991 2365 1079 2416 τὸν
1128 2364 1321 2434 βότρυν
1367 2366 1790 2437 ἐληνοσάτησεν·
1835 2370 1893 2420 ὲν

409 2451 641 2518 Χριστὸς
686 2455 819 2514 ’τοῖς
883 2454 1200 2517 ἀποστόλοις
1270 2456 1561 2509 όπτάνεται
1627 2458 1692 2508 ὲκ
1763 2458 1972 2525 νεκρῶν

408 2539 791 2609 ἀνιστάμενος,
821 2543 915 2593 καὶ
957 2544 1157 2610 θωμᾶν
1187 2544 1506 2610 πιστοῦται,
1545 2546 1636 2598 καὶ
1664 2546 1750 2601 διὰ
1782 2547 1970 2599 τούτου

407 2630 477 2683 τὰ
524 2631 733 2701 πέρατα
754 2673 769 2696 ,
799 2634 873 2694 ὡς
903 2633 986 2703 εἴη
1018 2634 1149 2698 Θεός
1182 2652 1239 2686 τε
1269 2637 1363 2687 καὶ
1396 2636 1630 2707 Κύριος,
1661 2638 1753 2690 δύο
1781 2637 1973 2706 φύσεις

405 2722 591 2789 φέρων
631 2726 690 2776 ἐν
718 2723 868 2793 αὐτῷ
905 2725 995 2776 καὶ
1026 2727 1162 2793 μετὰ
1189 2728 1286 2797 τὴν
1317 2731 1379 2779 ἐκ
1410 2729 1617 2798 νεκρῶν
1654 2730 1971 2795 ἀναϐίωσιν,

410 2816 505 2866 καὶ
530 2816 754 2879 ταύταις
786 2818 1151 2888 καταλλήλους
1180 2818 1272 2871 δύο
1312 2820 1622 2889 ἐνεργείας,
1656 2820 1977 2884 αὑτεξούσιά

407 2919 468 2957 τε
497 2904 763 2974 θέσματα,
790 2909 869 2968 εἰς
895 2908 1064 2959 αἰῶνα
1087 2907 1175 2958 τὸν
1202 2908 1426 2977 ἄπειρον
1460 2907 1794 2970 αίωνίζοντα.
1827 2909 1973 2979 Αῦτη

406 2994 517 3053 τῶν
570 2995 901 3065 Ἐκκλησιῶν
940 2998 972 3065 ἡ
1023 2997 1336 3066 ἀκρόπολις⁸
1379 2997 1519 3064 αῦτη
1556 2997 1664 3050 τῶν
1718 2998 1974 3068 μαθητῶν

2077 1914 2281 1979 peregit
2303 1912 2350 1942 ⁷⁵
2373 1948 2388 1973 ,
2420 1922 2474 1963 at
2505 1912 2703 1964 veteris
2733 1911 2846 1979 ipse
2885 1913 3114 1980 novique
3143 1912 3445 1966 testamenti
3478 1911 3642 1978 Deus,

2076 2014 2257 2051 verum
2289 2000 2492 2052 Pascha
2521 2018 2532 2051 :
2574 2002 2622 2051 in
2656 2016 2755 2067 qua
2782 2002 2972 2068 Agnus
3005 2002 3094 2054 Dei
3119 2002 3210 2069 qni
3242 2003 3419 2055 mundi
3448 2017 3641 2069 pecca-

2081 2098 2188 2141 tutn
2234 2091 2371 2143 tollit
2417 2090 2463 2121 ⁷⁸
2515 2105 2666 2144 creua
2705 2094 2926 2158 mystica
2967 2093 3257 2160 discipulos
3301 2108 3426 2146 suos
3462 2094 3643 2148 initia-

2076 2179 2189 2243 vlt,
2222 2193 2385 2247 seque
2430 2180 2508 2232 eis
2555 2180 2628 2232 uti
2662 2180 2881 2232 vitulum
2936 2181 3236 2251 saginatum
3293 2182 3545 2234 mactavit
3570 2183 3639 2246 ",

2078 2287 2322 2338 remque
2360 2272 2483 2326 vitis
2515 2288 2670 2325 uvam
2695 2272 2841 2325 velut
2870 2273 2920 2324 in
2956 2273 3206 2326 toreulari
3241 2275 3541 2340 expressit;
3584 2275 3639 2329 in

2077 2375 2180 2427 qna
2211 2358 2459 2415 Christus
2503 2375 2568 2414 ex
2617 2363 2841 2415 mortuis
2891 2376 3173 2429 resurgens
3207 2362 3465 2431 apostolis
3507 2379 3638 2417 con-

2076 2459 2290 2515 spectus
2328 2451 2458 2515 fuit,
2502 2460 2556 2504 et
2595 2451 2812 2505 Thomas
2861 2466 2924 2506 ac
2970 2468 3063 2519 per
3092 2467 3211 2507 eum
3249 2454 3501 2508 universo
3524 2455 3639 2508 orbi

2080 2542 2234 2595 ﬁdem
2279 2542 2405 2594 fecit
2436 2557 2493 2597 se
2524 2542 2685 2595 Deum
2720 2543 3112 2610 Dominumque
3136 2556 3255 2597 esse
3280 2545 3344 2608 ⁷⁷,
3373 2545 3505 2598 duas
3548 2560 3642 2597 na-

2079 2638 2225 2683 turas
2255 2631 2412 2685 etiam
2443 2641 2562 2699 post
2598 2633 3038 2686 resurrectionem
3074 2632 3124 2685 in
3153 2634 3330 2702 seipso
3358 2634 3640 2699 ferentem,

2076 2720 2259 2788 eisque
2306 2732 2693 2775 consentaneas
2737 2721 3079 2788 operationes
3119 2723 3250 2775 duas
3276 2764 3290 2785 ,
3334 2723 3641 2791 liherasque

2079 2809 2377 2864 voluntates
2404 2810 2454 2863 in
2486 2811 2872 2878 sempiternum
2902 2825 3074 2864 avum
3111 2812 3484 2879 perdurantes.
3518 2812 3640 2866 Haec
3728 2820 3745 2823 ⁴

2076 2899 2434 2954 Ecclesiarnm
2453 2916 2547 2956 arx
2572 2911 2653 2953 est
2677 2918 2689 2953 :
2714 2901 2827 2953 hrec
2845 2898 3225 2968 discipulorum
3257 2901 3638 2957 diversorium.

2078 2988 2133 3041 In
2196 2990 2297 3042 hac
2351 2987 2728 3041 sanctissimus
2768 2986 3000 3055 Spiritus
3031 3024 3046 3050 ,
3089 2991 3263 3041 sonitu
3304 2989 3448 3041 edito
3473 3029 3486 3054 ,
3521 3006 3641 3042 cum

408 3083 777 3157 καταγώγιον·
812 3088 870 3145 ὲν
911 3089 1082 3158 ταύτῃ
1121 3089 1215 3139 τοῦ
1261 3087 1528 3153 παναγίου
1576 3087 1890 3155 Πνεῦματος
1941 3092 1972 3159 ἠ

2079 3078 2364 3130 multarum
2405 3077 2702 3143 linguarum
2734 3076 2894 3139 dono,
2932 3077 3084 3143 ignea
3113 3076 3283 3130 forma
3324 3079 3640 3142 adveniens,

402 3170 696 3240 πολύηχος,
734 3173 825 3225 καὶ
860 3175 1271 3242 πολύγλωσσος,
1322 3175 1415 3227 καὶ
1462 3175 1806 3246 πυρίμορφος
1849 3179 1971 3231 ἐπι-

408 3256 654 3331 φοίτησις
682 3262 791 3322 τοῖς
820 3263 1137 3325 ἀποστόλοις
1166 3263 1474 3333 ἐκκέχυται·
1508 3264 1564 3315 ὲν
1592 3264 1763 3335 ταύτῃ
1788 3268 1815 3319 6
1843 3268 1973 3321 θεο-

404 3346 562 3411 λόγος
609 3348 707 3417 τὴν
762 3350 1019 3404 Θεοτόκον
1086 3354 1468 3429 παρειληφὼς,
1523 3354 1852 3425 ἐλειτούργει
1906 3360 1972 3412 τὰ

404 3435 614 3489 δέοντα·
649 3437 787 3506 αῦτη
832 3442 864 3509 ἡ
901 3442 1082 3510 μήτηρ
1114 3441 1221 3493 τῶν
1254 3443 1357 3494 ἀνὰ
1388 3445 1566 3507 πᾶσαν
1595 3445 1690 3514 τὴν
1723 3448 1971 3517 οἰκουμέ-

405 3542 502 3592 νην
548 3526 902 3597 Ἐικλησιῶν,
938 3530 1035 3597 τῆς
1065 3529 1158 3589 τοῦ
1203 3530 1336 3582 Θεοῦ
1383 3533 1602 3602 Μητρὸς
1653 3534 1970 3604 ἐνδιαίτημα

406 3615 612 3683 πέφηνε
633 3654 647 3678 ,
683 3618 823 3685 μετά
854 3635 914 3689 γε
948 3618 1045 3688 τὴν
1066 3620 1159 3671 τοῦ
1202 3621 1318 3672 υἱοῦ
1349 3622 1413 3673 ὲκ
1444 3622 1649 3691 νεκρῶν
1681 3623 1972 3695 ἁναφοίτη-

404 3722 509 3757 σιΨ
536 3708 595 3759 ἐν
620 3708 790 3778 ταύτῃ
832 3711 1011 3763 τοίνυν
1040 3713 1073 3780 ή
1107 3713 1353 3781 μακαρία
1398 3712 1669 3784 Παρθένος
1709 3716 1801 3781 ἐπί
1828 3734 1970 3779 τινος

400 3798 711 3865 τρισολόίου
743 3801 854 3870 (37)
884 3802 1068 3872 κλίνης
1092 3804 1394 3857 κατέκειτο.

476 3916 534 3960 ε’.
592 3910 730 3961 Ἀλλ’
763 3912 996 3965 ἐνταῦθα
1022 3913 1117 3965 τοῦ
1146 3914 1305 3981 λόγου
1340 3916 1649 3984 γενόμενος,
1681 3919 1768 3969 ἵνα
1810 3919 1871 3970 τὸ
1894 3921 1970 3971 οἰ-

400 4001 548 4053 κεῖον
588 4001 761 4063 πάθος
808 4004 1231 4073 ὲξαγορεύσαιμι
1258 4045 1272 4067 ,
1308 4005 1617 4075 θερμότατα
1658 4009 1753 4059 καὶ
1795 4008 1968 4071 ζέοντι

400 4089 593 4158 πυρσῷ
624 4091 715 4142 τοῦ
751 4092 915 4143 πόθου
972 4094 1273 4163 καιόμενος,
1306 4095 1473 4166 φρίκῃ
1512 4097 1618 4147 τινὶ
1666 4098 1761 4149 καὶ
1806 4116 1969 4168 χαρο-

401 4182 575 4242 ποιοῖς
620 4183 983 4251 συνείλημμαι
1014 4182 1293 4251 δάκρυσιν,
1327 4185 1625 4255 αὑτὴνιτὴν
1658 4188 1845 4258 κλίνην
1880 4185 1967 4243 οἷα

399 4271 904 4340 περιπτυσσόμενος
927 4311 942 4335 ,
978 4275 1075 4343 τὴν
1116 4277 1395 4345 μακαρίαν
1428 4294 1485 4329 τε
1519 4279 1611 4332 καὶ
1642 4280 1962 4349 ἐπέραστον,
2010 4304 2015 4305 ν

398 4355 496 4424 τὴν
528 4357 824 4428 θαυμάτων
854 4363 1129 4432 γέμουσαν
1149 4403 1162 4425 ,
1190 4365 1290 4431 τὴν
1320 4364 1381 4415 τὸ
1420 4364 1725 4435 ζωαρχικὺν
1767 4369 1964 4437 σκῆνος

395 4447 745 4519 δεδεγμένην,
779 4453 873 4506 καὶ
908 4429 971 4523 τῇ
1009 4429 1310 4524 παραθέσει
1343 4456 1431 4508 τὸν
1468 4429 1738 4526 ἁγιασμόν
1775 4429 1962 4527 ιεὺμοιζ
1997 4429 2040 4485 D

399 4541 667 4609 ρήσασαν,
694 4543 825 4595 αὐτὸ
853 4545 912 4595 τὸ
944 4545 1086 4615 ἱερὸν
1112 4589 1125 4612 ,
1158 4546 1252 4600 καὶ
1276 4548 1529 4615 πανίερον
1547 4589 1561 4613 ,
1606 4551 1700 4601 καὶ
1723 4550 1967 4615 ἁξιόθεον

398 4632 666 4700 σκήνωμα
710 4634 897 4702 χερσὶν
943 4637 1173 4699 οἰκείαις
1219 4638 1437 4699 ἐδόκουν
1471 4639 1923 4706 ὲναγκαλίζεσθαι
1949 4659 1963 4674 ·

393 4722 733 4792 ὀφθαλμοὺς,
766 4726 861 4777 καὶ
892 4726 1043 4795 χείλη
1064 4767 1077 4786 ,
1111 4728 1204 4780 καὶ
1232 4730 1479 4797 μέτωπα,
1514 4731 1713 4800 αὐχένα
1742 4734 1834 4784 καὶ¹
1865 4750 1969 4784 παρ-

397 4813 546 4882 ρειὰς
576 4815 940 4882 προσερείδων
972 4819 1083 4877 τοῖς
1126 4818 1330 4885 μέλεσι,
1374 4821 1468 4870 καὶ
1498 4819 1596 4888 τῆς
1636 4821 1777 4888 ἁφῆς
1806 4821 1967 4890 ᾐσθόε

396 4922 532 4974 μην,
558 4904 633 4967 ὡς
662 4906 726 4957 ὲκ
750 4907 1012 4976 παρόντος
1036 4908 1431 4977 συνισταμένης
1458 4910 1550 4960 τοῦ
1573 4909 1842 4977 σώματος,
1872 4912 1965 4963 καὶ

394 4998 739 5067 κατανοήσας
766 4997 1325 5067 ὁφθαλμοῑςκκατιδείν
1352 4999 1413 5050 τὸ
1439 4999 1769 5069 ποθούμενον
1794 5001 1854 5053 οὐ
1880 5001 1963 5051 δε-

391 5088 651 5158 δύνημαι.
690 5089 812 5151 Πῶς
845 5091 953 5158 γὰρ
996 5089 1116 5143 ἂν’ὀ
1147 5091 1440 5159 μετάρσιον
1471 5089 1607 5159 πρὸς
1646 5090 1845 5159 σηκοὺς
1876 5092 1966 5143 οὑ-

394 5180 617 5249 ρανίους
640 5181 1007 5249 ἁνήρπασται;
1038 5182 1147 5233 Καὶ
1178 5181 1349 5232 ταῦτα
1376 5181 1471 5249 μὲν
1492 5180 1682 5243 οὕτως.

2076 3167 2127 3221 in
2161 3168 2447 3235 discipulos
2480 3167 2677 3221 elfusus
2705 3177 2787 3220 est
2815 3167 2878 3219 ⁷⁸.
2925 3167 2981 3221 In
3024 3168 3124 3221 bac
3154 3166 3487 3237 Theologus,
3538 3171 3632 3224 Dei

2075 3258 2365 3312 Gcnitricis
2392 3266 2695 3326 susceptor,
2732 3272 2849 3325 qua:
2881 3271 3099 3310 necesse
3126 3268 3304 3324 erant,
3345 3260 3392 3311 ei
3439 3260 3641 3313 snlnni‘

2076 3347 2360 3411 nistrabut.
2403 3346 2525 3400 Haec
2571 3347 2808 3400 omnium
2861 3347 3007 3401 orbis
3041 3347 3400 3401 Ecclesiarum
3448 3341 3639 3411 mater,

2076 3438 2345 3505 Deiparae,
2391 3446 2511 3504 post
2550 3436 2745 3491 Christi
2789 3451 2856 3491 ex
2900 3437 3124 3491 mortuis
3163 3440 3637 3499 resurrectionem,

2074 3530 2402 3584 domicilium
2434 3529 2554 3582 fuit.
2590 3527 2647 3580 ιη
2697 3529 2797 3583 hac
2836 3528 3015 3597 itaque
3046 3530 3202 3584 beata
3236 3528 3397 3598 Virgo
3428 3530 3479 3584 in
3512 3530 3641 3586 bea-

2075 3622 2284 3675 tissimo
2305 3621 2534 3688 quodam
2568 3619 2764 3673 lectulo
2798 3620 3171 3674 decumbebat.

2137 3927 2190 3980 5.
2233 3926 2495 3979 Caeterum
2524 3928 2737 3997 quando
2769 3929 2833 3980 ad
2863 3929 3003 3979 hunc
3030 3927 3202 3980 locum
3241 3929 3482 3995 pervenit
3517 3943 3638 3981 ora-

2071 4016 2144 4067 tio
2198 4018 2289 4083 (ut
2328 4016 2495 4069 atiimi
2539 4018 2641 4069 mei
2674 4017 2924 4069 aﬂcctum
2971 4016 3224 4084 prodam)
3258 4018 3638 4071 ardentissimo

2071 4105 2574 4176 ferventissimoqne
2609 4107 2809 4159 amoris
2844 4107 2963 4174 igne
2992 4105 3287 4169 accendor,
3326 4117 3381 4160 et
3413 4108 3636 4163 horrore

2067 4197 2296 4263 quodam
2319 4195 2675 4264 jneundisque
2696 4196 2947 4268 lacrymis
2973 4210 3227 4262 occupor,
3250 4196 3412 4264 872
3438 4197 3635 4250 lectum

2070 4285 2212 4338 hunc
2240 4285 2448 4340 felicem
2468 4287 2821 4340 etamabilem
2844 4287 2913 4347 ⁷³,
2946 4300 3009 4339 ac
3033 4285 3290 4353 prodigiis
3315 4297 3634 4352 scatentem,

2070 4374 2211 4428 velut
2238 4373 2593 4440 exosculans,
2640 4376 2730 4443 qui
2770 4374 3171 4429 tabernaculum
3205 4374 3334 4428 illud
3380 4374 3635 4445 suseepit,

2069 4481 2133 4520 ex
2164 4482 2270 4534 quo
2292 4466 2400 4520 vita
2429 4475 2545 4520 orta
2585 4477 2703 4531 est,
2736 4476 3101 4543 contactuque.
3124 4465 3265 4521 illius
3299 4468 3636 4521 sanctitatem

2071 4556 2430 4624 participavit.
2465 4556 2604 4620 Quin
2647 4556 2819 4623 ipsum
2864 4570 3080 4624 quoque
3111 4572 3324 4610 sacrum
3356 4566 3409 4611 et
3443 4573 3638 4612 sacro—

2069 4653 2333 4710 sanctum,
2360 4645 2573 4713 Deoque
2596 4646 2812 4715 dignum
2842 4645 3207 4699 habitaculum
3234 4649 3368 4701 meis
3394 4648 3641 4701 manibus

2069 4736 2352 4804 complecti
2385 4736 2513 4789 mihi
2541 4736 2780 4799 videbar,
2810 4737 3104 4805 oculosque
3128 4780 3142 4803 ,
3178 4740 3432 4802 frontem,
3470 4742 3635 4804 labia,

2068 4823 2331 4877 cervicem
2365 4838 2429 4877 ac
2457 4837 2620 4893 genas
2648 4825 2901 4880 membris
2924 4826 3066 4882 illius
3102 4828 3410 4892 admovere,
3442 4828 3633 4895 ipsum,

2075 4921 2327 4979 tanquam
2360 4913 2405 4967 si
2450 4929 2646 4983 corpus
2683 4931 2935 4981 praesens
2966 4924 3274 4987 tangerem,
3322 4917 3637 4971 sentiebam.

2070 5002 2139 5055 At
2163 5018 2283 5056 cum
2305 5004 2523 5074 propius
2554 5008 2791 5061 animum
2823 5009 3193 5069 attendissem,
3220 5006 3389 5059 oculis
3420 5005 3470 5055 id
3494 5010 3637 5072 quod

2071 5094 2295 5161 cupidus
2348 5099 2747 5165 persequebar,
2801 5099 2992 5151 intueri
3041 5097 3259 5148 minime
3302 5095 3469 5158 potui.
3520 5095 3637 5159 Quo

2072 5184 2214 5236 enim
2250 5195 2406 5251 pacto
2432 5186 2557 5237 illud
2584 5187 2975 5254 perspicerem,
3009 5184 3149 5251 quod
3177 5183 3400 5235 sublime
3438 5183 3489 5234 in
3522 5199 3635 5237 cte-

392 5272 527 5323 leste
559 5273 816 5338 templum
851 5273 1133 5339 abreptum
1190 5273 1329 5326 fuit?
1376 5276 1548 5342 Atque
1592 5274 1704 5328 haec
1750 5275 1962 5343 quidem
2005 5278 2132 5330 mihi
2163 5280 2529 5345 contigerunt.

480 5423 528 5453 ⁷³
557 5422 791 5498 Exponit
820 5425 1196 5498 Damascenus
1237 5422 1778 5498 Hierosolymitanam
1834 5424 1902 5498 d_e_
1926 5430 2152 5479 transitu
2193 5426 2431 5498 Virginis
2458 5431 2823 5498 traditionem.

1861 5493 1993 5545 Nota
2022 5507 2210 5549 contra
2246 5493 2643 5553 schismaticos.

1751 5564 1792 5595 ⁷³
1846 5560 1917 5627 De
1950 5564 2050 5617 hoc
2081 5567 2357 5633 scimpode
2387 5568 2551 5621 multa
2590 5567 2863 5623 Modestus
2916 5570 2966 5620 in
3015 5560 3265 5623 Oratione
3298 5584 3417 5623 sna.

394 5492 521 5547 scita
551 5509 644 5544 seu
674 5492 957 5546 Judaicum
984 5492 1035 5542 in
1069 5503 1334 5559 postrema
1368 5507 1520 5545 omna
1554 5494 1781 5561 peregit.

390 5561 482 5615 25.
557 5562 602 5593 ⁷⁷
630 5563 790 5615 Joau.
828 5577 915 5625 ax,
948 5561 1039 5612 ‘23.
1116 5561 1160 5589 ⁷⁸
1206 5563 1327 5613 Λιι.
1364 5576 1421 5623 It,
1462 5563 1475 5612 1
1523 5579 1672 5631 seqq.

466 5712 575 5779 (37)
609 5713 737 5781 Reg.
776 5715 945 5769 deest.
976 5713 1301 5789 τρισολϐίου.

2900 5430 2944 5460 ⁷⁵
2987 5428 3495 5498 Christustypicum
3541 5428 3637 5483 Pa-

2720 5498 2765 5527 "
2808 5495 2966 5550 Joan.
3017 5513 3053 5561 t,
3102 5498 3192 5552 29.
3270 5495 3489 5555 “Luc.
3535 5513 3630 5560 xv,
