4018 6342
381 308 479 372 731

1537 305 1600 370 St
1636 298 1873 362 JOANN
1883 298 1954 357 IS
1991 294 2420 363 DAMASCENI

3537 287 3643 350 73:2

451 430 505 483 6.
541 422 877 491 Quibusnam
920 430 1047 473 vero
1093 421 1221 471 tunc
1266 409 1561 467 honoribus
1605 412 1670 464 ab
1716 407 1805 461 illo
1864 404 1955 473 qui

2130 408 2205 466 ς’.
2240 401 2374 453 Τίνα
2404 399 2460 453 δὲ
2490 399 2558 453 τὰ
2584 397 2673 452 ἐπ’
2698 398 2834 468 αὐτῇ
2862 396 3000 468 γέρα
3028 397 3149 450 τότε
3173 397 3473 467 τελούμενα
3498 401 3638 471 πρὸς

376 516 695 589 parentibus
720 510 977 573 honorem
1004 504 1187 573 haberi
1214 503 1417 569 sanxit,
1449 510 1638 557 ornata
1675 498 1799 554 est?
1826 497 1950 589 Eos,

378 584 469 673 qui
502 601 700 673 passim
735 605 844 650 toto
871 596 1003 649 orbe
1038 594 1103 653 ad
1135 590 1383 647 homines
1408 590 1695 658 piscandos
1726 584 1959 655 dispersi

380 700 571 755 erant,
610 684 1171 752 modulatissimisque
1204 691 1260 751 et
1301 679 1688 750 multiplicibus
1725 677 1959 746 Spiritus

379 779 594 849 linguis,
623 776 879 847 verbique
906 787 1127 844 sagena,
1167 786 1230 826 ex
1255 771 1461 826 erroris
1484 770 1740 839 voragine
1770 769 1833 822 ad
1858 767 1961 835 spi-

378 869 632 925 ritualem
667 876 722 920 et
744 864 1017 922 caelestem
1048 864 1287 932 mystica
1320 875 1489 919 coena:
1523 875 1762 916 mensam
1786 857 1958 914 sacri-

377 977 484 1029 que
509 957 741 1015 convivii
767 955 1126 1027 spiritualium
1156 953 1395 1009 caelestis
1412 952 1601 1022 Sponsi
1629 951 1955 1021 nuptiarum.

377 1069 513 1124 quas
544 1051 706 1111 Pater
733 1048 889 1111 Filio,
917 1048 1005 1116 qui
1039 1046 1277 1115 ejusdem
1308 1059 1429 1100 cum
1471 1046 1587 1113 ipso
1622 1041 1880 1111 potentiae
1897 1054 1961 1094 ac

380 1155 584 1200 natura:
631 1151 749 1206 est,
787 1139 1073 1210 magniﬁce
1100 1147 1153 1193 et
1192 1137 1337 1206 regie
1373 1134 1660 1189 admodum
1701 1131 1957 1193 celebrat,

379 1234 632 1289 homines
655 1231 1015 1286 extrahebant
1045 1269 1059 1292 ,
1094 1226 1277 1281 divino
1312 1224 1537 1293 imperio
1570 1224 1740 1275 nubes
1772 1218 1957 1289 cujus-

378 1325 503 1376 dam
566 1322 696 1376 retis
751 1319 921 1372 instar
966 1315 1387 1381 Hierosolymam
1434 1309 1764 1379 adurgebat,
1816 1305 1960 1361 velut

380 1411 590 1479 aquilas
622 1407 888 1477 quasdam
920 1400 1247 1471 compellens
1273 1398 1507 1468 atquein
1541 1410 1703 1449 unum
1740 1405 1955 1461 cogens.

384 1503 486 1556 Ubi
517 1503 654 1554 enim
709 1497 867 1566 fuerit
900 1508 1108 1560 corpus,
1145 1492 1319 1560 inquit
1348 1490 1581 1551 Veritas,
1607 1486 1717 1539 illic
1747 1498 1961 1550 congre-

380 1596 647 1664 gabantur
690 1598 737 1643 et
779 1586 970 1656 aquilae
992 1586 1060 1637 ⁸ο.
1104 1582 1271 1647 Nam,
1327 1579 1571 1649 quamvis
1627 1580 1693 1631 de
1723 1576 1838 1644 ejus
1866 1574 1971 1643 qui

385 1685 469 1738 his
508 1681 687 1735 verbis
713 1692 843 1731 usus
883 1682 1001 1737 est,
1055 1674 1289 1728 secundo
1317 1681 1370 1723 et
1410 1669 1599 1724 illustri
1632 1683 1662 1721 e
1690 1666 1840 1729 cmlis
1872 1664 1959 1718 ad-

384 1782 569 1837 ventu,
597 1771 650 1823 id
683 1768 995 1837 pratdictum
1021 1764 1111 1830 sit,
1144 1764 1283 1817 haud
1311 1775 1487 1815 tamen
1516 1759 1745 1814 absurde
1776 1757 1954 1826 cujus-

383 1869 504 1920 dam
529 1860 856 1918 condimenti
880 1858 1144 1913 orationis
1167 1855 1284 1911 loco
1304 1856 1391 1909 hic
1407 1854 1568 1907 etiam
1590 1850 1951 1920 usurpabitnr.

382 1958 622 2012 Aderant
666 1953 827 2021 igitur
853 1949 1052 2004 oculati
1090 1948 1164 2000 illi
1210 1955 1375 1999 testes
1409 1953 1463 1998 et
1501 1942 1732 1996 ministri
1782 1939 1952 2004 verbi,

381 2056 443 2100 ut
480 2060 577 2115 pro
597 2058 660 2097 co
690 2057 754 2096 ac
792 2040 1079 2102 debebant,
1105 2037 1272 2103 ipsius
1298 2036 1466 2089 etiam
1498 2032 1655 2086 matri
1687 2031 1957 2089 ministra-

381 2143 524 2197 rent,
551 2142 604 2186 et
645 2146 710 2184 ex
740 2130 852 2198 ipsa
894 2125 1349 2187 benedictionem,
1380 2121 1765 2191 amplissimam
1793 2118 1955 2173 veluti

382 2223 669 2293 quamdam
704 2216 1314 2289 praestantissimamque
1342 2212 1742 2276 bmredita‘tem,
1776 2209 1959 2263 hauri-

385 2312 555 2367 rent?
598 2309 798 2377 Ecquis
843 2306 987 2361 enim
1024 2305 1233 2360 dubitat
1299 2303 1425 2369 quin
1470 2302 1583 2370 ipsa
1626 2296 1956 2353 benedictio-

385 2405 468 2456 nis
498 2402 616 2455 fons
661 2400 771 2463 sit,
809 2405 865 2452 et
896 2395 1136 2450 omnium
1180 2395 1441 2447 bonorum
1480 2388 1794 2458 scaturigo?
1841 2385 1973 2451 Unaf

382 2494 546 2547 etiam
589 2490 813 2545 aderant
851 2489 1086 2557 ipsorum
1140 2484 1360 2538 asseclae
1398 2492 1451 2536 et
1491 2493 1864 2541 successores,
1900 2484 1958 2531 ut

385 2598 506 2637 cum
540 2579 848 2641 ministerii,
879 2587 988 2631 tum
1021 2574 1411 2630 benedictionis
1433 2570 1722 2642 participes
1752 2578 1957 2622 essent.

386 2680 627 2741 Quorum
668 2671 813 2725 enim
840 2667 1143 2724 communis
1170 2674 1252 2719 est
1303 2664 1494 2729 labor,
1547 2663 1736 2716 horum
1794 2660 1958 2716 etiam

386 2769 595 2821 fructus
638 2776 952 2825 communes
995 2775 1115 2814 esse
1163 2752 1584 2815 consentaneum
1624 2765 1725 2811 est.
1764 2754 1870 2809 Sed
1905 2765 1974 2824 et,

386 2859 608 2924 insuper
634 2854 864 2908 electum
906 2867 934 2905 a
967 2850 1073 2911 Deo
1113 2864 1338 2919 agmen,
1382 2849 1526 2917 quod
1573 2845 1960 2916 Hierosolymis

387 2947 723 3001 versabatur.
768 2944 832 2996 Et
867 2957 994 2997 vero
1026 2956 1121 3011 par
1152 2947 1291 3006 erat,
1322 2948 1382 2992 ut
1413 2948 1465 2993 et
1494 2938 1733 3007 primarii
1763 2936 1961 3005 quique

385 3048 626 3092 veterum
675 3036 941 3103 justorum
984 3044 1038 3087 et
1088 3030 1515 3102 patriarcharum
1569 3029 1793 3083 comites
1835 3028 1962 3081 illuc

388 3127 733 3190 accederent,
768 3128 929 3194 inque
958 3124 1096 3177 sacri
1145 3122 1304 3189 hujus
1335 3121 1583 3189 satellitii
1614 3129 1818 3189 partem
1863 3134 1958 3173 ve-

388 3220 609 3283 nirent;
665 3217 861 3285 quippe
921 3214 1012 3283 qui
1088 3213 1359 3267 carnalem
1413 3212 1964 3280 benignissimamque

391 3309 485 3363 Dei
520 3306 677 3361 Verbi
718 3321 782 3359 ex
816 3320 878 3358 ea
922 3314 1119 3357 nostra:
1160 3303 1350 3357 salutis
1389 3318 1551 3357 causa
1575 3344 1591 3369 ,
1625 3303 1962 3356 nativitatem

390 3396 907 3470 prmnnntiaverattt.
946 3394 1082 3459 Quin
1113 3409 1179 3447 ne
1210 3394 1520 3461 angelorum
1550 3393 1765 3461 quidem
1790 3402 1965 3446 cater-

390 3505 454 3542 va
487 3488 554 3541 ab
584 3487 682 3539 hoc
711 3493 853 3539 metu
883 3484 1075 3538 abfuit.
1117 3482 1386 3551 Quidquid
1428 3483 1567 3536 enim
1600 3498 1810 3536 summo
1833 3482 1963 3551 Regi

389 3596 455 3635 cx
487 3578 667 3632 animo
703 3584 893 3643 paret,
941 3590 1111 3643 eoque
1145 3576 1362 3642 dignum
1412 3574 1617 3628 honore
1658 3584 1777 3641 est,
1824 3583 1881 3627 ut
1914 3575 1964 3629 ei

391 3669 629 3731 assistat,
652 3669 753 3719 boc
778 3666 948 3734 ipsius
975 3679 1187 3734 quoque
1208 3662 1501 3718 secundum
1527 3678 1743 3725 carnem
1770 3678 1965 3732 paren-

391 3770 523 3822 tem,
549 3756 915 3811 beatissimam
941 3754 1107 3814 illam.
1137 3754 1497 3822 omnibusque
1528 3754 1964 3823 generationibus

390 3861 443 3906 et
473 3846 737 3904 ereatnris
764 3845 1202 3901 excellentiorem
1234 3846 1437 3913 stipare
1471 3844 1780 3912 oportebat.
1824 3844 1964 3900 Huic

388 3953 579 3994 omnes
611 3940 862 4013 astabant
897 3935 1134 4004 Spiritus
1162 3934 1368 4001 fulgore
1392 3933 1699 3999 collucenti,
1730 3935 1966 4005 splendi-

391 4026 735 4095 dissimisque
775 4039 871 4077 eos
914 4022 1078 4076 radiis
1108 4021 1432 4074 illuminanti
1458 4060 1473 4086 ,
1510 4021 1600 4090 qui
1639 4023 1961 4085 reverentia,

391 4128 447 4172 et
482 4126 624 4171 metu
670 4125 724 4170 et
765 4113 1020 4168 immobili
1058 4126 1242 4164 amore
1284 4126 1473 4180 purum
1520 4113 1571 4165 in
1620 4126 1737 4169 eant
1773 4111 1967 4165 mentis

390 4209 608 4263 oculum
638 4206 963 4276 deligebam.
996 4202 1217 4274 [Nullus
1242 4202 1383 4253 enim
1421 4210 1505 4255 est
1540 4202 1779 4255 ccelitum
1811 4202 1964 4266 ordo,

397 4297 487 4367 qui
517 4311 622 4350 non
644 4294 970 4348 unanimiter
1001 4289 1256 4354 adfuerit,
1290 4305 1387 4344 nec
1409 4291 1695 4360 quisquam
1720 4294 1967 4346 inventus

397 4394 500 4448 est,
531 4384 619 4454 qui
656 4399 719 4436 eo
750 4381 913 4453 873
938 4378 1080 4447 quod
1106 4378 1159 4431 in
1192 4381 1443 4448 supernis
1478 4383 1819 4451 versabatur,
1851 4383 1967 4437 nul-

394 4478 538 4544 lique
565 4472 878 4527 inferiorum
918 4472 1313 4539 comparandus
1337 4481 1501 4539 esset,
1538 4473 1884 4538 descendere,
1913 4488 1968 4531 et

393 4568 571 4623 omnia
606 4581 724 4636 qua:
758 4566 865 4619 dixi
912 4580 1132 4619 munera
1164 4565 1315 4620 obire
1357 4566 1644 4622 recusavit.

468 4826 517 4879 7.
553 4824 648 4879 Hic
681 4826 940 4879 divinitus
965 4825 1211 4895 inspirati
1244 4827 1533 4898 divinoque
1559 4831 1815 4887 instinctu
1837 4832 1963 4887 editi

395 4934 694 4972 sermones.
737 4916 831 4970 Hic
872 4917 1039 4971 divini
1077 4918 1257 4987 bymni
1283 4956 1299 4982 ,
1343 4929 1396 4972 et
1426 4924 1667 4976 ornando
1707 4924 1962 4979 discessui

398 5009 596 5063 idonei.
632 5007 928 5077 Oportebat
960 5009 1102 5063 enim
1136 5010 1237 5063 boc
1280 5025 1493 5079 quoque
1533 5013 1747 5067 nomine
1785 5014 1965 5067 inlini-

400 5106 508 5150 tatn
544 5097 636 5150 Dei
668 5097 962 5151 bonitatem
988 5136 1001 5160 ,
1030 5098 1601 5169 prmcelsissimatnque
1641 5102 1964 5171 magnitudi-

467 5246 514 5278 ⁸⁸
544 5247 732 5301 Matth.
766 5264 915 5313 utv,
945 5247 1039 5300 9.8.

467 5379 579 5450 (38)
707 5380 744 5436 2
763 5381 914 5436 Colb.
947 5391 1001 5436 et
1033 5379 1215 5450 Germ.
1245 5380 1536 5447 ἐπιφανοῦς
1560 5378 1881 5450 ρύρανόθεν.

469 5449 582 5517 ('59)
617 5448 805 5502 Totam
849 5452 991 5504 hanc
1028 5447 1314 5519 periodum
1338 5450 1520 5519 omisit
1558 5447 1764 5514 Billius,
1795 5465 1955 5518 quam

403 5516 577 5571 tamen
606 5519 817 5571 codices
839 5516 1191 5588 ltabeut'quos
1213 5517 1340 5571 vidi.
1366 5516 1762 5573 Obseurissima
1799 5516 1960 5585 porro

403 5595 510 5647 est,
546 5601 643 5639 nec
674 5602 792 5638 cum
834 5589 1191 5641 anterioribus
1236 5598 1629 5650 consentanea,
1666 5589 1805 5641 unde
1830 5589 1963 5643 Iibe-

399 5657 599 5709 t'ioretn
641 5655 915 5720 Lipomani
960 5658 1453 5725 interpretationem
1501 5656 1655 5725 bttjus
1701 5658 1797 5711 loci
1854 5675 1966 5713 scr-

1214 5864 1299 5917 \“\

2061 492 2154 546 τοῦ
2188 492 2468 563 γεραίρειν
2497 492 2622 554 τούς
2645 491 2904 552 τεκόντας
2937 488 3468 560 θεσμοθετήσαντοςς
3500 492 3642 556 τοὺς

2063 582 2164 654 μὲν
2196 581 2508 652 ἁπανταχοῦ
2533 583 2633 652 τῆς
2656 581 2761 650 γῆς
2785 581 2921 651 πρὸς
2947 579 3256 650 ἀνθρώπων
3288 582 3476 634 ἀλείαν
3525 582 3641 636 διαρ

2063 660 2369 745 σπαρέντας
2386 676 2505 736 ταῖς
2519 672 2945 742 πολυαρμονίαις
2966 674 3063 724 καὶ
3076 672 3349 735 ποικίλαις
3365 672 3639 740 γλώσσαις

2058 769 2154 819 τοῦ
2186 766 2522 836 Πνεύματος,
2557 766 2653 817 καὶ
2686 767 2751 834 τῇ
2787 764 2881 817 τοῦ
2921 764 3082 832 λόγου
3131 765 3345 835 σαγήνῃ
3377 766 3503 827 τοὺς
3542 765 3638 817 ἀν-

2061 855 2313 926 θρώπους
2342 854 2686 924 ζωγροῦντας
2720 855 2784 907 ὲκ
2816 854 2907 907 τοῦ
2939 854 3039 923 τῆς
3072 854 3281 923 πλάνης
3309 852 3471 924 βυθοῦ
3503 854 3639 925 πρὸς

2057 945 2157 1015 τὴν
2213 944 2588 1015 πνευματικὴν
2648 946 2745 997 καὶ
2798 946 3125 1017 ἐπουράνιον
3189 944 3475 1015 τράπεζαν
3542 945 3637 999 τοῦ

2059 1036 2275 1090 δείπνου
2330 1036 2424 1090 τοῦ
2469 1035 2747 1106 ,μυστικοῦ
2799 1035 2899 1106 τῆς
2955 1038 3106 1106 ἱερᾶς
3154 1037 3482 1099 πανδαισίας
3528 1036 3639 1089 τῶν

2060 1126 2448 1197 πνευματικῶν
2500 1125 2594 1179 τοῦ
2641 1126 2893 1196 οὐρανίου
2932 1127 3166 1196 νυμφίου
3209 1127 3402 1196 γάμων
3426 1166 3442 1191 ,
3484 1126 3577 1189 οὒς
3612 1129 3639 1179 ὁ

2059 1219 2252 1288 Πατὴρ
2274 1218 2351 1289 τῷ
2373 1217 2636 1271 ίσοσθενεϊ
2656 1219 2751 1271 καὶ
2773 1220 3002 1287 ὁμοφυεῖ
3028 1218 3143 1287 Υἱῷ
3161 1217 3433 1288 λαμπρῶς
3464 1220 3638 1287 ἑστιᾷ,

2060 1310 2156 1363 καὶ
2203 1308 2322 1361 λίαν
2359 1307 2762 1378 βασιλικώτατα
2799 1308 2941 1360 θεῖον
2980 1308 3313 1379 πρόσταγμα
3349 1308 3485 1378 πρὸς
3530 1307 3638 1377 Ἰη-

2063 1398 2379 1470 ρουσαλὴμ,
2410 1398 2600 1468 ὥσπερ
2625 1415 2711 1461 τις
2742 1400 2952 1469 σαγὴνη
2991 1401 3023 1466 ἡ
3057 1399 3255 1469 νεφέλη
3284 1400 3637 1469 κατήπειγεν,

2059 1491 2124 1541 ὲκ
2160 1488 2267 1541 τῶν
2312 1489 2602 1558 τερμάτων
2631 1490 2731 1558 τῆς
2777 1489 2879 1560 γῆς
2911 1483 3001 1542 οἶά
3044 1506 3197 1553 τινας
3246 1491 3439 1552 ἀετοὺς
3470 1508 3641 1543 συνω-

2060 1578 2226 1632 θοῦσα
2279 1579 2376 1632 καὶ
2422 1579 2869 1649 συναθροίζουσα.
2898 1580 3091 1634 Ὅπου
3125 1580 3237 1655 γὰρ
3288 1582 3353 1634 τὸ
3407 1580 3635 1650 πτῶμα,

2060 1671 2295 1741 Χριστὸς
2324 1672 2357 1740 ἡ
2402 1670 2631 1741 ἀλήθεια
2675 1670 2867 1741 ἔφησε,
2898 1672 3039 1735 τοὺς
3076 1673 3290 1739 ἀετοὺς
3330 1674 3643 1742 συναχθή-

2063 1764 2300 1815 σεσθαι.
2331 1761 2394 1815 El
2425 1760 2534 1830 γὰρ
2573 1760 2668 1814 καὶ
2699 1762 2828 1829 περὶ
2871 1765 2969 1831 τῆς
3000 1761 3166 1815 αὐτοῦ
3199 1761 3293 1815 τοῦ
3338 1762 3510 1816 ταῦτα
3550 1762 3640 1815 1e-

2063 1851 2254 1916 ξαντος
2284 1851 2541 1920 δευτέρας
2571 1851 2817 1922 μεγάλης
2844 1853 2939 1904 καὶ
2966 1851 3263 1921 ἐπιφανοῦς
3292 1853 3405 1922 (38)
3438 1869 3644 1923 παρου-

2064 1941 2218 2005 σίας,
2251 1943 2348 1995 καὶ
2380 1941 2677 2011 οὐρανόθεν
2725 1942 3206 2012 καταφοιτήσεως,
3252 1944 3285 2012 ἡ
3337 1942 3497 2013 ῥῆσις
3544 1942 3643 2011 ἣδε

2064 2030 2421 2100 προλέλεκται
2444 2070 2458 2094 ,
2494 2032 2744 2086 ἀλλὀὐκ
2781 2032 2997 2096 ἀτόπως
3025 2033 3215 2105 ὥσπερ
3245 2032 3516 2104 ἡδύσματι
3546 2032 3667 2095 τοῦ¹

2062 2121 2221 2189 λόγου
2267 2122 2551 2183 κάνταῦθα
2587 2124 3099 2197 παραληφθήσεται.
3154 2127 3418 2196 Παρῆσαν
3462 2125 3669 2193 τοίνυν,

2063 2214 2112 2266 οἱ
2147 2213 2409 2266 αὐτόπται
2440 2214 2534 2266 καὶ
2566 2214 2660 2267 τοῦ
2693 2215 2851 2281 λόγου
2887 2215 3239 2285 θεράποντες,
3272 2216 3393 2268 κατ’
3421 2215 3643 2285 ὀφειλὴν

2063 2304 2161 2358 καὶ
2198 2306 2262 2373 τῇ
2313 2303 2502 2357 τούτου
2537 2306 2707 2375 μητρὶ
2761 2306 3263 2376 λειτουργήσοντες,
3303 2309 3397 2359 καὶ
3446 2307 3671 2378 κλῆρον,

2063 2394 2251 2463 ὥσπερ
2276 2394 2395 2447 τινὰ
2427 2394 2687 2464 πολυτελῆ
2716 2396 2807 2450 καὶ
2835 2396 3139 2467 ὑπέρτιμον
3175 2396 3274 2467 τὴν
3304 2396 3552 2467 εὐλογίαν
3583 2396 3673 2463 ὲξνγ

2063 2486 2233 2555 αὐτῆς
2262 2485 2615 2555 ἀρυσάμενοι.
2650 2486 2769 2537 Τίνι
2800 2486 2907 2557 γὰρ
2938 2486 3084 2539 ἐστιν
3118 2488 3150 2555 ἠ
3181 2486 3376 2557 γνώμη
3412 2476 3667 2556 ἀμφίόοέ

2064 2576 2173 2639 λος,
2204 2575 2278 2639 ti);
2322 2575 2460 2646 αῦτη
2492 2575 2589 2645 τῆς
2635 2577 2903 2649 εὐλογίας
2934 2577 3085 2647 πηγὴ
3125 2561 3224 2630 και
3270 2577 3489 2630 πάντων
3537 2574 3677 2641 τῶν,

2065 2666 2284 2733 ἀγαθῶν
2314 2667 2549 2737 ὑπάρχει
2588 2666 2916 2731 ἁνάϐλυσις;
2952 2666 3332 2739 Συμπαρῆσαν
3377 2668 3435 2721 δὲ
3464 2667 3557 2720 καὶ
3593 2668 3644 2719 οἱ

2064 2757 2270 2811 τούτων
2297 2758 2600 2811 ert-18017.11
2630 2757 2887 2827 διάδοχοι,
2916 2760 3011 2828 τῆς
3039 2758 3381 2830 λειτουργίας
3410 2759 3525 2828 ἅμα
3551 2758 3648 2811 καὶ

2064 2849 2165 2918 τῆς
2194 2848 2446 2915 εὐλογίας
2490 2848 2827 2918 μεθέξοντες.
2872 2844 2974 2903 Ὧν
3018 2848 3126 2920 γάρ
3173 2850 3352 2913 κοινὸς
3385 2852 3413 2903 ὁ
3461 2850 3676 2924 πόνος,¹

2066 2942 2162 3009 καὶ
2187 2943 2243 2993 αἱ
2280 2940 2609 3010 ὲπικαρπίαι
2659 2940 3003 3009 κατάλληλοι.
3034 2942 3401 3011 Παρειστὴκει
3450 2940 3505 2991 δὲ
3552 2940 3650 2992 καὶ

2066 3030 2174 3082 τῶν
2196 3032 2255 3082 ὲν
2286 3030 2299 3047 '
2321 3029 2662 3099 Ιερουσαλὴμ
2687 3030 2808 3081 ὅσον
2831 3028 3111 3082 θεόλεκτον
3140 3029 3413 3097 σύστημα.
3452 3028 3649 3099 Ἐχρῆν
3674 3080 3675 3083 η

2065 3123 2123 3189 δὲ
2154 3122 2247 3175 καὶ
2278 3122 2384 3174 τῶν
2413 3120 2580 3175 πάλαι
2611 3120 2836 3173 δικαίων
2868 3121 2962 3173 καὶ
2986 3120 3281 3191 προφητῶν
3320 3120 3449 3182 τοὺς
3484 3102 3650 3190 ἀίκρέ-

2071 3230 2238 3283 μονας
2257 3204 2761 3283 συμπαρομαρτεῖν,
2786 3210 2992 3281 ταύτης
3018 3211 3119 3280 τῆς
3148 3213 3300 3281 ἱερᾶς
3322 3211 3651 3281 δορυφορίας

2072 3302 2395 3373 μεθέξοντας
2416 3343 2430 3366 ,
2461 3303 2586 3364 τοὺς
2616 3301 3171 3372 προκατηγγελκότας
3210 3300 3413 3371 δηλαδὴ
3445 3301 3543 3369 τὴν
3590 3299 3649 3364 ἐξ

2070 3395 2240 3464 αὐτῆς
2268 3395 2365 3447 τοῦ
2389 3394 2524 3446 Θεοῦ
2569 3395 2742 3465 Λόγου
2772 3394 2839 3446 δι’
2868 3397 3018 3464 ἡμᾶς
3049 3392 3314 3463 ἐνσαρκόν
3347 3410 3407 3445 τε
3437 3393 3531 3446 καὶ
3561 3410 3650 3460 φι-

2066 3488 2388 3559 λάνθρωπον
2429 3487 2703 3555 γέννησιν.
2749 3486 2888 3538 Ἀλλ’
2925 3486 3043 3539 οὐδὲ
3091 3484 3338 3553 ἀγγέλων
3375 3485 3648 3555 ὁμήγυρις

2069 3582 2315 3649 ἄμοιρος.
2358 3577 2523 3628 Ὅσον
2562 3577 2672 3645 γὰρ
2700 3576 2778 3647 τῷ
2810 3575 3024 3647 βασιλεῖ
3054 3575 3198 3628 κατὰ
3245 3574 3472 3645 γνώμην
3508 3577 3648 3644 ὑπή-

2070 3686 2248 3733 κουον,
2281 3666 2573 3720 κάντεῦθεν
2597 3668 2699 3736 τῆς
2726 3666 2892 3720 αὐτοῦ
2917 3664 3225 3736 τιμαλφοῦς
3249 3666 3648 3735 παραστάσεως

2070 3758 2359 3824 άξιον,ἔδει
2381 3758 2507 3828 δορυ
2517 3760 2698 3827 φορεῖν
2709 3757 2807 3827 τὴν
2823 3755 3013 3810 τούτου
3035 3756 3175 3809 κατὰ.
3196 3756 3371 3827 σάρκα
3393 3756 3645 3826 Μητέρα,

2069 3851 2167 3919 τὴν
2193 3847 2489 3901 πανολὸίαν
2509 3848 2678 3911 ὅντως
2704 3847 2797 3899 καὶ
2823 3847 3067 3917 μάκαρα,
3114 3845 3212 3917 τὴν
3238 3844 3426 3897 πασῶν
3449 3845 3648 3913 γενεῶν

2071 3937 2167 3990 καὶ
2192 3936 2418 3999 κτίσεως
2447 3935 2669 4005 ἁπάσης
2728 3935 3195 4005 προφερεστέραν.
3228 3933 3412 4004 Ταύτῃ
3448 3951 3647 4005 παρει-

2075 4027 2369 4096 στήκεισαν
2417 4024 2659 4087 ἅπαντες
2682 4065 2697 4089 ,
2735 4027 2799 4094 τῇ
2842 4025 3163 4094 φρυκτωρία
3196 4023 3524 4094 λαμπομένῃ
3550 4022 3646 4076 τοῦ

2073 4116 2412 4186 Πνεύματος,
2454 4116 2685 4176 καὶτοῖς
2722 4114 3061 4184 ἐκλάμπροις
3105 4118 3503 4185 μαρμαρυγαῖς
3543 4131 3646 4166 κα-

2074 4204 2436 4275 ταλαμπούσῃ
2465 4205 2590 4267 τοὺς
2622 4204 2761 4258 αίδοῐ
2786 4220 2866 4268 τε,
2895 4205 2992 4258 καὶ⁵
3020 4204 3188 4276 φόϐῳ,
3217 4206 3310 4260 καὶ
3337 4204 3544 4260 ἀκλινεῖ
3570 4204 3648 4271 τῷ

2013 4377 2017 4380 ν
2074 4297 2223 4364 πόθῳ
2243 4296 2534 4366 εἰλικρινὲς
2555 4295 2690 4365 αὐτῇ
2708 4294 2862 4365 ὄμμα
2877 4295 3063 4366 νοητὸν
3090 4296 3472 4367 ὲνερείδοντας.
3493 4297 3649 4349 Ἐστι
3724 4288 3735 4297 “

2073 4390 2182 4459 γάρ
2221 4387 2332 4457 (59)
2358 4386 2469 4440 τῶν
2493 4386 2663 4440 ὄντων
2689 4386 2861 4453 οὐδὲν,
2884 4386 2912 4440 ὃ
2946 4387 3021 4458 μὴ
3042 4389 3202 4442 τοῦτο
3224 4389 3487 4458 πέφυκεν,
3524 4388 3555 4458 ἢ
3588 4389 3648 4441 τὸ

2072 4479 2230 4551 μόνον
2267 4478 2353 4531 ἓν·
2410 4478 2493 4530 ὅτι
2526 4477 2692 4546 μηδὲν
2736 4478 2844 4532 τῶν
2882 4478 3051 4532 ὄντων
3092 4478 3167 4549 τῷ
3202 4480 3503 4550 ὐπερεῖναι,
3553 4478 3646 4530 καὶ

2069 4570 2206 4639 πρὸς
2241 4567 2393 4620 οὐδὲν
2436 4568 2874 4637 παρατιθέμενον
2913 4569 3148 4633 κάτεισι,
3201 4571 3295 4623 καὶ
3344 4572 3529 4625 κατιόν
3580 4587 3647 4637 γε

2070 4659 2208 4729 πρὸς
2254 4658 2493 4720 ἅπαντα,
2535 4659 2629 4711 καὶ
2663 4658 2884 4725 ποιοῦν,
2923 4661 3017 4713 καὶ
3072 4659 3145 4730 μὴ
3195 4660 3257 4713 τὸ
3280 4661 3510 4730 δρᾶσθαι
3536 4662 3646 4733 (40)

2069 4748 2380 4819 δεχόμενον.

2141 4837 2207 4901 ζ’.
2259 4836 2522 4891 Ἐνταῦθα
2568 4834 2719 4907 λόγοι
2752 4838 3098 4893 θεόπνευστοι
3139 4842 3234 4895 καὶ
3269 4843 3644 4911 θεόφθεγκτοι,

2082 4928 2343 4984 Ἐνταῦθα
2366 4931 2511 4994 τινὲς
2539 4928 2700 5000 ὕμνοι
2727 4929 3054 5001 θεοπρεπεῖς
3077 4934 3174 4987 καὶ
3203 4935 3414 4999 ὲξόδιοι.
3452 4935 3628 5005 Ὑμνῆ

2073 5036 2158 5071 σαι
2195 5019 2305 5087 γὰρ
2336 5020 2530 5088 ἐχρῆν,
2565 5020 2702 5074 κάπὶ
2724 5020 2900 5089 τούτῳ
2920 5021 3018 5090 τὴν
3044 5024 3416 5096 ὐπεράπειρον
3445 5024 3649 5093 ἁγαθό-

2072 5125 2212 5177 τητα
2232 5149 2246 5175 ,
2280 5110 2371 5161 καὶ
2402 5110 2458 5163 τὸ
2484 5109 2859 5181 ὑπερμέγεθες
2896 5112 3151 5182 μέγεθος,
3181 5116 3276 5169 καὶ
3298 5117 3397 5187 τὴν
3428 5119 3648 5186 ἀπειρο-

2063 5384 2293 5465 vandam
2330 5388 2493 5465 _dux_i,
2551 5407 2710 5460 quam
2768 5396 2906 5453 forte
2956 5416 3024 5455 ex
3079 5397 3277 5458 saniori
3354 5412 3499 5459 textu
3558 5420 3649 5460 ex-

2046 5456 2286 5543 \P[p§§it:
2330 5456 2383 5509 In
2420 5456 2753 5543 §egueriano
2805 5468 3001 5543 legitur
3039 5456 3319 5543 duntasat,
3352 5456 3437 5543 εὖ
3476 5456 3648 5543 μηέῖν

2392 5527 2451 5579 τὸ
2479 5524 2761 5601 ὅπερεῖται
2807 5524 2901 5590 κᾶὶ
2930 5524 3140 5606 ποιοῦν,

2070 5592 2193 5644 σθαι
2224 5592 2529 5662 λεγόμενον,

2143 5662 2254 5728 (ιο)
2294 5663 2332 5714 ll
2386 5667 2443 5717 τὸ
2478 5670 2549 5736 μὴ
2582 5671 2829 5738 δρᾶσθαι.
