3968 6348
371 346 480 431 733

1175 345 1501 416 HOMILIA
1541 347 1600 406 ΙΙ
1640 347 1721 406 ΙΝ
1759 345 2302 416 DORMITIONEM
2340 346 2404 404 Β.
2445 345 2508 404 ν.
2551 345 2834 404 MARLE.

3499 342 3602 407 734

339 460 604 528 ¹δύναμον
633 457 882 527 δύναμιν,
919 455 1012 519 καὶ
1048 453 1145 525 τὴν
1184 454 1386 517 παντὸς
1434 453 1602 523 ’ύψους
1633 455 1728 508 καὶ
1779 455 1942 524 μεγέ-

2056 469 2202 516 nem,
2249 461 2302 505 et
2335 451 2599 506 infinitam
2643 453 2969 520 potentiam,
3016 469 3116 510 nec
3139 469 3250 511 non
3283 457 3452 526 ipsius
3480 475 3608 532 erga

368 553 491 612 θους
538 548 797 601 ἐπέκεινα
838 545 974 616 πρὸς
1019 547 1167 616 ἡμᾶς
1215 543 1380 598 αὐτοῦ
1431 545 1797 616 μετριότητα,
1846 545 1936 597 τὸν

369 637 742 709 ύπὲρπλουτον
767 635 997 689 πλοῦτον
1020 635 1116 705 τῆς
1136 633 1521 703 ἀκαταλήπτου
1549 634 1934 704 χρηστότητος,

371 730 464 801 τὴν
492 728 764 796 ἄπληστον
788 727 883 796 τῆς
908 725 1126 794 ἀγάπης
1154 723 1408 778 ἄϐυσσον·
1433 725 1580 786 ὅπως
1606 723 1706 792 τῆς
1731 723 1940 782 οἰκείας

366 822 467 891 οὐκ
509 819 843 889 ἐκφοιτήσας
887 814 1311 886 μεγαλειότητος
1336 854 1352 880 ,
1383 815 1520 884 πρὸς
1550 813 1646 883 τὴν
1681 812 1938 882 soon/.th

370 909 715 977 καταϐέϐηκε
769 907 1020 970 κένωσιν,
1083 905 1296 973 Πατρδς
1354 902 1794 963 συνευδοκοῦντος
1849 903 1940 954 καὶ

374 991 722 1072 Πνεύματος·
756 1000 905 1062 ὅπως
922 1001 950 1052 ὁ
972 997 1292 1067 ύπερούσιος
1316 998 1378 1048 ὲκ
1408 994 1721 1065 γυναικείας
1751 991 1941 1062 νηδύος

374 1094 712 1166 ὑπερουσίως
756 1091 1032 1144 ούσίωται·
1061 1091 1208 1152 ὅπως
1249 1088 1380 1151 Θεός
1408 1087 1464 1140 τέ
1507 1089 1676 1150 ἐστιν,
1714 1086 1810 1140 καὶ
1849 1088 1940 1140 ἀν-

374 1187 593 1255 θρωπος
632 1183 850 1252 γέγονε,
901 1182 994 1244 καὶ
1043 1179 1194 1250 μένει
1248 1177 1387 1230 κατά
1433 1177 1626 1229 ταύτὸν
1681 1176 1942 1245 ὑπάρχων

373 1263 678 1345 ἀμφότερα·
703 1275 851 1336 ὅπως
880 1270 1004 1324 οὔτε
1041 1271 1140 1340 τῆς
1173 1269 1359 1332 οὐσίας
1389 1267 1656 1336 ἐκϐέϐηκε
1695 1265 1792 1336 τῆς
1823 1265 1940 1318 6εὸ-

373 1382 557 1435 τητος,
594 1363 686 1416 καὶ
740 1361 1136 1432 παραπλησίως
1175 1361 1306 1430 ἡμῖν
1351 1357 1714 1425 κεκοινώνηκε
1743 1355 1944 1424 σαρκός

373 1476 433 1524 τε
461 1460 554 1510 καὶ
576 1457 824 1526 αἵματος·
848 1445 993 1516 ὅπως
1022 1455 1050 1506 ὁ
1075 1453 1250 1504 πάντα
1284 1449 1521 1520 πληρῶν,
1548 1447 1642 1500 καὶ
1667 1448 1849 1516 φέρων
1877 1445 1945 1499 τὰ

378 1536 675 1615 σύμπαντα
707 1544 784 1613 τῷ
817 1545 1020 1614 ῥήματι
1067 1541 1159 1592 τοῦ
1191 1539 1394 1592 οἰκείου
1426 1538 1719 1607 στόματος,
1763 1535 1946 1588 στενὸν

373 1637 574 1706 χωρίον
623 1633 978 1704 κατῴκησεν·
1013 1635 1162 1694 ὅπως
1197 1632 1255 1684 τὸ
1299 1630 1484 1683 ύλικθιν
1534 1629 1626 1680 καὶ
1676 1627 1947 1697 χορτῶδες

379 1725 539 1798 σῶμα
579 1728 678 1795 τῆς
723 1725 967 1792 ἀοιδίμου
1009 1723 1246 1792 ταύτης,
1289 1722 1349 1773 τὸ
1395 1719 1790 1773 καταναλίσκον
1837 1715 1947 1785 πῦρ

376 1818 594 1888 ἐδέξατο
619 1817 715 1887 τῆς
747 1815 1019 1886 θεότητος,
1055 1814 1148 1866 καὶ
1175 1813 1373 1883 χρυσὸς
1405 1810 1592 1878 ῶσπερ
1619 1806 1906 1876 ἀκίϐδηλος
1933 1845 1947 1869 ,

374 1891 654 1964 ἀνάλωτον
701 1907 1055 1978 ἐχρημάτισε.
1111 1904 1246 1957 Θεοῦ
1283 1902 1605 1973 βουλομένου
1641 1897 1812 1952 ταῦτα
1854 1914 1948 1964 γε·

376 2000 620 2068 γένηται·
671 1999 791 2049 ἐπεὶ
837 1994 969 2048 Θεοῦ
1018 1994 1281 2055 θέλοντος,
1323 1991 1524 2044 δυνατά
1565 1991 1660 2060 μὲν
1694 1989 1944 2050 ἅπαντα,

376 2089 634 2156 ἀμήχανα
663 2085 718 2137 δὲ
751 2086 826 2156 μὴ
869 2084 1138 2145 θέλοντος.
1173 2082 1298 2134 Ἐπὶ
1340 2081 1395 2132 δὲ
1436 2078 1610 2147 τούτῳ
1640 2077 1734 2129 καὶ
1771 2075 1944 2143 λόγων

376 2165 633 2245 κεκίνητο
661 2175 772 2248 (Η)
808 2173 1010 2244 ἅμιλλα
1038 2215 1053 2240 ,
1105 2173 1203 2243 οὐχ
1233 2173 1380 2236 ὅπως
1409 2170 1754 2240 ύπεραίροιεν
1785 2166 1947 2238 ἀλλή-

374 2268 502 2344 λους
550 2267 842 2335 ἑκάτερος·
892 2264 1168 2327 κενοδόξου
1219 2264 1327 2334 γὰρ
1371 2261 1532 2314 τοῦτο
1575 2258 1806 2330 φρενὸς,
1852 2256 1948 2310 καὶ

376 2360 566 2430 πόρρω
595 2358 744 2420 θείας
773 2356 1180 2426 εὐαρεστήσεως
1203 2354 1335 2419 (ιεγ
1371 2353 1486 2407 ἀλλ’
1519 2351 1594 2416 ὡς
1636 2351 1704 2403 ἂν
1743 2348 1947 2419 προθυ-

379 2450 507 2519 μίας
543 2448 708 2517 μηδὲν
738 2447 998 2500 ἐλλίπεοισι
1031 2447 1122 2498 καὶ
1150 2446 1453 2512 δυνάμεως,
1477 2442 1608 2495 Θεὸν
1631 2439 1946 2511 ὑμνοῦντες,

379 2541 473 2612 καὶ
499 2536 631 2589 θεοῦ
675 2537 880 2607 μητέρα
906 2536 1276 2606 γεραίροντες.

2045 541 2144 597 ιιοέ
2185 543 2603 598 moderationem
2649 543 2792 595 omni
2844 543 3124 599 altitudine
3173 556 3226 600 et
3283 549 3612 608 sublimitate

2044 634 2399 702 superiorem,
2427 642 2480 686 et
2511 633 2973 702 incomprehensa:
2998 635 3346 704 benignitatis
3384 639 3613 696 immen-

2045 739 2134 776 sas
2156 723 2392 789 divitias,
2411 724 2731 792 tandemque
2749 724 3120 793 inexplebilem
3147 727 3423 784 cbaritatis
3449 731 3611 802 abys-

2045 829 2161 867 sum
2208 815 2452 868 laudibus
2499 813 2724 868 eﬂ‘erre:
2761 830 2867 884 quo
2905 825 3062 884 pacto
3102 818 3216 885 ipse
3253 835 3282 872 a
3313 835 3408 875 sua
3446 823 3615 892 maie-

2046 915 2184 958 state
2217 921 2319 959 non
2359 907 2662 970 ext-edens,
2707 906 2772 960 ad
2798 907 3144 963 sublimitatis
3183 920 3456 978 parentem
3497 915 3614 966 exi-

2049 997 2377 1050 nanitionem
2433 995 2657 1066 benigna
2715 996 2890 1052 Patris
2942 1008 2997 1052 et
3049 997 3281 1068 Spiritus
3336 1001 3614 1056 voluntate

2047 1084 2384 1139 descenderit
2417 1102 2431 1139 :
2472 1097 2762 1156 quopacto
2796 1087 2840 1143 is
2878 1090 2967 1158 qui
2992 1105 3153 1158 supra
3185 1093 3474 1146 essentiam
3509 1102 3612 1158 est.

2047 1190 2111 1227 ex
2146 1173 2357 1228 femina:
2381 1185 2532 1230 utero
2556 1177 2854 1246 sultlimiori
2881 1195 3039 1250 supra
3069 1183 3356 1236 essentiam
3384 1185 3612 1254 ratione,

2047 1265 2278 1320 essentia
2308 1267 2514 1320 exstitit
2544 1267 2589 1297 εί
2623 1285 2635 1318 :
2671 1283 2778 1335 quo
2811 1279 2968 1337 pacto
2999 1271 3137 1326 Deus
3169 1288 3288 1328 cum
3319 1285 3486 1340 esset,
3533 1276 3613 1330 I'a-

2049 1362 2168 1410 ctus
2189 1366 2271 1408 est
2293 1357 2472 1420 homo,
2502 1355 2658 1409 simul
2683 1367 2972 1428 utrumque
3006 1375 3229 1416 manens
3261 1380 3275 1416 :
3305 1379 3409 1432 quo
3437 1375 3612 1434 pacto,

2051 1461 2150 1499 nec
2179 1461 2208 1498 a
2233 1447 2447 1502 deitatis
2485 1449 2781 1502 substantia
2808 1451 3060 1514 excessit,
3083 1461 3137 1505 et
3158 1453 3404 1508 similiter
3431 1471 3494 1508 ac
3515 1471 3615 1510 nos

2051 1549 2268 1588 carnem
2300 1546 2350 1589 et
2381 1538 2691 1606 sanguinem
2721 1540 3062 1609 participavit
3089 1542 3134 1573 δ’
3165 1557 3179 1596 :
3210 1559 3315 1612 quo
3341 1556 3500 1611 pacto
3526 1547 3615 1602 illo

2051 1626 2140 1694 qui
2193 1627 2369 1682 omnia
2419 1627 2642 1696 implet,
2679 1631 3039 1704 omnibusque
3085 1635 3332 1702 superior
3379 1637 3611 1702 exsistit,

2052 1725 2273 1783 portans
2305 1715 2486 1770 omnia
2524 1719 2687 1772 verbo
2715 1718 2931 1774 virtutis
2959 1736 3068 1775 sum
3092 1761 3105 1785 ,
3152 1733 3379 1792 angusto
3404 1725 3520 1778 loco
3562 1727 3614 1780 in

1981 1807 2382 1884 Bdomiciiium
2439 1807 2673 1863 habuit:
2718 1824 2825 1878 quo
2881 1811 3110 1880 denique
3175 1820 3338 1882 .p'acto
3405 1814 3617 1884 inclyta:

2056 1897 2292 1968 Virginis
2329 1913 2548 1967 corpus,
2583 1901 2722 1967 quod
2758 1902 3035 1957 materiaie
3061 1913 3166 1966 est,
3201 1913 3256 1958 et
3287 1905 3353 1958 ad
3385 1904 3492 1961 feni
3519 1923 3616 1961 na-

2054 1998 2226 2040 turam
2258 1989 2500 2054 accedit,
2542 1999 2947 2046 consumentcm
2981 1991 3197 2046 deitatis
3235 1994 3410 2061 ignem
3460 2009 3623 2051 exce-

2051 2077 2212 2148 perit,
2255 2088 2310 2132 et
2340 2079 2510 2132 instar
2537 2079 2655 2132 auri
2704 2093 2803 2150 nec
2849 2091 3250 2150 consumptum,
3279 2098 3381 2138 nec
3432 2085 3616 2140 laesum

2049 2170 2137 2244 sit.
2182 2169 2274 2223 Dei
2325 2169 2579 2223 nimirum
2637 2169 2752 2225 haec
2796 2171 2933 2224 facta
2974 2181 3100 2226 sunt
3154 2173 3450 2228 voluntate.
3511 2177 3620 2232 Deo

2051 2275 2283 2322 namque
2316 2260 2529 2315 volente
2551 2301 2567 2326 ,
2602 2260 2734 2314 nihil
2789 2269 2872 2314 est
2920 2261 3060 2332 quod
3110 2262 3223 2316 tieri
3257 2277 3360 2317 non
3406 2266 3618 2334 possit;

2050 2349 2265 2406 uolente
2295 2361 2514 2417 autem,
2549 2351 2682 2406 nihil
2712 2350 2854 2420 quod
2892 2350 3005 2404 ﬁeri
3040 2352 3230 2420 possit.
3281 2351 3431 2406 Tunc
3459 2370 3620 2422 porro

2050 2455 2358 2497 sermonum
2410 2443 2700 2495 excitatum
2764 2450 2847 2496 est
2899 2451 3192 2508 certamen,
3252 2459 3356 2500 non
3394 2454 3452 2500 ut
3484 2446 3622 2501 alter

2055 2527 2282 2580 alterum
2313 2536 2592 2597 superaret
2621 2527 2759 2598 (hoc
2803 2529 2946 2583 enim
2999 2530 3168 2584 animi
3225 2532 3403 2589 inanis
3437 2535 3621 2604 gloriae

323 2625 336 2643 ³
379 2609 557 2703 cupidi
602 2601 747 2692 est,
773 2601 829 2681 et
857 2601 946 2696 qui
979 2601 1173 2695 procul
1221 2624 1358 2676 absit
1389 2631 1517 2691 quin
1555 2621 1662 2674 Deo
1700 2601 1956 2690 placeat),
1999 2616 2092 2672 sed
2132 2631 2230 2672 uec
2257 2618 2532 2687 quidpiam
2595 2619 2661 2673 de
2695 2619 2860 2674 animi
2895 2619 3173 2676 alacritate
3211 2633 3267 2678 et
3295 2601 3501 2681 viribus
3539 2643 3622 2683 rc-

381 2721 678 2779 mittentes,
723 2716 885 2770 Deum
920 2715 1238 2779 laudarent,
1277 2713 1498 2783 ejusque
1526 2720 1751 2764 matrem
1782 2710 2134 2764 honorarent.

452 2837 521 2904 η’.
558 2831 692 2883 Τότε
729 2830 827 2902 δὴ,
856 2829 979 2882 τότε
1029 2828 1199 2898 Ἀδὰμ
1229 2828 1323 2881 καὶ
1360 2825 1506 2891 Εὔα,
1537 2827 1588 2878 oi.
1623 2825 1718 2880 τοῦ
1760 2824 1952 2892 γένους

380 2922 766 2996 προπάτορες,
795 2919 1184 2990 ἀγαλλομένοις
1218 2920 1329 2984 τοῖς
1373 2917 1576 2987 χείλεσι
1609 2915 1947 2986 διαπρυσίως

379 3013 813 3086 ἀνακεκράγασι.
855 3011 926 3063 Σὺ
955 3010 1220 3080 μακαρία,
1263 3009 1533 3080 θύγατερ,
1564 3007 1662 3076 τῆς
1701 3005 1948 3075 παραϐά-

2128 2820 2182 2876 8.
2220 2821 2373 2878 Tunc
2405 2823 2644 2892 quidem,
2681 2833 2814 2888 tum,
2848 2825 3086 2894 inquam,
3115 2827 3283 2882 Adam
3311 2839 3363 2884 et
3384 2828 3490 2884 Eva
3525 2848 3616 2887 no-

2056 2912 2156 2966 stri
2185 2913 2398 2981 generis
2426 2924 2710 2980 auctores,
2759 2914 3151 2971 exsultantibus
3187 2918 3346 2975 labiis
3384 2921 3492 2975 alte
3529 2937 3621 2977 ex-

2055 3007 2358 3062 clamarunt
2385 3027 2399 3062 :
2429 3007 2592 3062 Beata
2622 3019 2698 3074 tu,
2725 3010 2852 3073 tilia,
2885 3027 3006 3081 qua:
3027 3013 3209 3068 violati
3241 3019 3474 3071 mandati
3508 3035 3610 3088 pte-

383 3122 521 3182 σεορς
555 3107 682 3175 ἡμῖν
699 3104 765 3170 τά
787 3103 1034 3172 ἐπιτίμια
1063 3101 1312 3162 λέλυκας.
1345 3099 1416 3160 Σὺ
1441 3095 1679 3168 φθαρτὸν
1707 3095 1766 3160 ἐξ
1793 3093 1948 3163 ἡμῶν

2056 3114 2154 3152 nas
2181 3098 2333 3154 nobis
2361 3098 2644 3153 sustulisti.
2680 3098 2758 3152 Tu
2782 3102 3008 3156 mortale
3038 3118 3237 3172 corpus
3265 3121 3293 3158 a
3328 3106 3482 3163 nobis
3513 3124 3615 3164 scr-

285 3224 290 3228 -
384 3197 545 3266 σῶμα
575 3195 1052 3266 κληρονομήσασα,
1081 3189 1386 3260 ἀφθαρσίας
1415 3189 1546 3258 ἡμῖν
1574 3183 1950 3254 ἐκυοφόρησας
1993 3193 2001 3200 ‘

381 3288 606 3359 ἔνδυμα.
643 3288 716 3340 Σὺ
741 3287 799 3340 τὸ
832 3284 970 3340 εἶναι
998 3283 1057 3348 ἐξ
1093 3281 1366 3352 ἡμετέρας
1394 3277 1593 3346 ὀσφύος
1618 3276 1948 3345 ἁρπάσασα,

381 3379 446 3432 τὸ
475 3375 534 3440 εὖ
571 3374 709 3436 εἶναι
738 3380 869 3447 ἡμῖν
909 3373 1325 3434 ἀνταπέδωκας·
1360 3370 1458 3433 τάς
1501 3368 1692 3431 ὠδῖνας
1723 3366 1947 3430 ἔλυσας·

384 3473 454 3534 τὰ
491 3471 586 3534 τοῦ
632 3470 862 3523 θανάτου
910 3466 1204 3539 διέρρηξας
1257 3463 1576 3533 σπάργανα·
1621 3461 1682 3512 τὸ
1729 3460 1972 3528 ἀρχαῖον·

385 3565 520 3633 ἡμῖν
544 3561 991 3629 ἀποκατέστησας
1023 3557 1364 3624 ἐνδιαίτημα.
1413 3553 1606 3620 Ἡμεῖς
1631 3547 1954 3615 ἐκλείσαμεν

385 3654 479 3706 τὸν
513 3652 860 3722 παράδεισον,
895 3651 958 3702 σὺ
991 3647 1084 3701 τοῦ
1111 3645 1210 3713 τῆς
1249 3644 1394 3713 ζωῆς
1423 3640 1580 3709 ξύλου
1627 3638 1726 3709 τὴν
1751 3637 1954 3690 εἴσοδον

385 3743 748 3806 ἁνεπέτασας.
811 3739 906 3794 Ἐκ
946 3737 1056 3791 τῶν
1099 3735 1352 3808 χρηστῶν
1395 3733 1462 3785 δι’
1511 3730 1669 3802 ἡμῶν
1705 3725 1836 3800 ἦλθε
1885 3726 1956 3784 τὰ

387 3833 628 3904 λυπηρά·
652 3831 739 3900 διά
769 3829 864 3884 σοῦ
895 3831 958 3882 ἐκ
983 3829 1091 3882 τῶν
1114 3825 1372 3897 λυπηρῶν
1398 3820 1704 3891 ἐπανῆλθεν
1729 3821 1861 3890 ἡμῖν
1887 3818 1958 3873 τὰ

387 3923 749 3996 χρηστότερα.
787 3922 894 3980 Καὶ
925 3919 1040 3984 πῶς
1076 3917 1308 3972 Θανάτου
1344 3914 1513 3984 γεύσῃ
1537 3953 1551 3976 ,
1595 3915 1628 3982 ἡ
1659 3911 1954 3980 ἀχραντος;

388 4015 487 4072 Σοὶ
517 4015 649 4083 πρὸς
688 4011 834 4080 ζωὴν
871 4008 1085 4079 γέφυρα
1107 4049 1121 4073 ,
1155 4006 1252 4060 καὶ
1282 4002 1487 4074 κλίμαξ
1517 4001 1655 4070 πρὸς
1693 3999 1919 4067 οὐρανόν
1941 4012 1956 4029 ο

389 4107 489 4167 καὶ
521 4105 655 4174 πρὸς
677 4101 976 4168 ἀθανασίαν
1002 4100 1030 4166 δ
1069 4097 1297 4158 θάνατος
1325 4093 1461 4162 πορθ
1472 4094 1621 4160 μεῖον
1649 4091 1955 4158 γενήσεται.

394 4200 606 4258 Ὄντως
656 4192 901 4264 μακαρία
950 4191 1051 4256 σὺ,
1091 4184 1546 4258 παμμακάριστε.
1581 4181 1675 4242 Τίς
1715 4179 1857 4249 γὰρ,
1911 4178 1959 4230 εἰ

394 4290 591 4360 μήτιγε
636 4288 663 4338 ὁ
689 4284 862 4352 Λόγος
902 4277 960 4353 ᾖ,
993 4279 1420 4350 προσενήνεκται
1460 4270 1616 4326 τοῦτο
1656 4270 1899 4345 πάσχων,
1932 4266 1961 4322 ὃ

392 4357 656 4449 στράττειν
688 4373 1050 4443 ύπείληπται;
1106 4365 1419 4437 Ἐπεκρὸτει
1447 4363 1504 4415 δὲ
1536 4361 1630 4416 καὶ
1660 4361 1769 4422 πᾶς
1794 4361 1821 4412 ὁ
1851 4357 1960 4410 τῶν

389 4475 565 4539 ἁγίων
597 4469 772 4540 χορός.
803 4466 874 4518 Σὺ
902 4462 1058 4534 ἡμῶν
1085 4459 1180 4522 τὰς
1212 4456 1542 4530 προρρήσεις
1574 4451 1960 4521 πεπλήρωκας.
1996 4453 2039 4507 ι)

391 4553 468 4632 Σὺ
493 4564 624 4631 ἡμῖν
647 4559 745 4629 τὴν
775 4555 1076 4625 καραδοκου
1086 4551 1253 4622 μένην
1276 4544 1613 4617 εὐφροσύνην
1653 4542 1960 4632 προσήνεγ-

391 4630 520 4716 κας,
553 4651 651 4704 Διά
686 4649 778 4700 σοῦ
809 4648 918 4716 γὰρ
971 4642 1188 4712 δεσμῶν
1212 4638 1442 4693 θανάτου
1472 4635 1763 4706 λελύμεθα.
1793 4630 1964 4701 Δεῦρο

393 4745 534 4815 πρὸς
562 4742 730 4812 ἡμᾶς,
835 4738 978 4814 θεῖον
1018 4735 1113 4801 καὶ
1149 4731 1434 4802 ζωηφόρον
1466 4727 1770 4798 κειμήλιον.
1803 4722 1962 4815 Ἔλθε

394 4813 659 4888 ποθοῦσιν
690 4813 908 4900 ἡμείὴὴ
932 4826 1023 4878 τὸν
1050 4823 1212 4877 πόθον
1241 4821 1398 4892 ἡμῶν
1430 4819 1804 4888 ἐκπεράνασα.
1822 4813 1962 4866 Ἀλλ’

394 4924 644 4980 ἀνθεῖλκε
665 4923 842 4990 λόγοις
868 4921 968 4988 οὐχ
986 4918 1203 4986 ἥττοσιν
1225 4914 1333 4965 τῶν
1357 4914 1412 4962 ἐν
1437 4909 1646 4979 σώματι
1676 4902 1965 4976 περιεστώο

393 5034 506 5070 των
539 5015 707 5082 ἁγίων
741 5011 970 5082 πληθύς·
1007 5010 1206 5062 Μεῖνον
1257 5003 1373 5073 μεθ’
1417 5001 1596 5072 ήμῶν,
1641 5001 1672 5067 ή
1723 4996 1968 5067 ἡμετέρα

397 5104 777 5178 παράκλησις,
814 5101 1076 5168 λέγουσα·
1128 5093 1190 5150 τὸ
1221 5093 1378 5164 μόνον
1411 5090 1503 5143 ἐπὶ
1539 5089 1640 5178 γῆς
1678 5087 1831 5159 ἡμῶν
1865 5102 1967 5178 παῖ

397 5175 688 5267 ραιιύθιον.
726 5193 811 5264 Μὴ
852 5192 1018 5263 ἐάσῃς
1049 5189 1196 5259 ἡμᾶς
1224 5183 1523 5256 ὀρφανοὺς,
1549 5177 1581 5250 ἡ
1623 5179 1841 5248 Μήτηρ,
1875 5175 1969 5228 τοῦ

397 5287 719 5359 συμπαθοῦς
747 5286 840 5339 τοῦ
866 5284 994 5337 Υἱοῦ
1019 5300 1111 5336 σου
1141 5271 1673 5352 προκινδυνεύοντας.
1714 5271 1968 5341 Ἔχοιμέν

397 5395 463 5432 σε
492 5377 602 5432 τῶν
624 5377 802 5431 πόνων
837 5374 1170 5437 ἀνάπαυλαν,
1202 5371 1295 5428 καὶ
1323 5368 1432 5422 τῶν
1463 5368 1700 5438 ἱδρώτων
1727 5364 1966 5426 ἀνάπτυ-

475 5554 516 5584 ⁸¹
568 5550 789 5621 Dlonys.
830 5547 1008 5617 σαμε
1055 5547 1130 5600 De
1174 5547 1277 5598 die.
1314 5560 1452 5597 ιιοιιι.
1528 5542 1573 5571 ⁸¹
1617 5541 1778 5592 ΙΙεεΙιΓ.
1836 5551 1871 5590 tt
1901 5576 1916 5601 ,

477 5709 588 5780 (Η)
625 5709 687 5762 ιι.
722 5703 1019 5776 φιλονεικία
1052 5702 1160 5754 καί.

2055 3189 2150 3242 tita
2181 3229 2196 3254 ,
2241 3187 2664 3244 immortalitatis
2711 3191 3078 3244 indumentum
3139 3197 3292 3250 nobis
3335 3199 3618 3267 peperisti.

2051 3279 2152 3342 Tu,
2191 3293 2312 3332 cum
2347 3295 2374 3331 a
2421 3277 2619 3333 lumbis
2651 3280 2850 3334 nostris
2883 3291 3059 3334 ortqu
3091 3285 3397 3352 accepisses
3420 3329 3436 3352 ,
3468 3291 3622 3343 nobis

2052 3379 2112 3424 ut
2137 3370 2272 3424 bene
2297 3384 2540 3424 essemus
2568 3371 2878 3438 rependisti.
2913 3371 3136 3428 Dolores
3158 3373 3401 3444 solvisti;
3430 3379 3621 3432 mortis

2053 3460 2247 3516 fascias
2279 3461 2466 3528 rupiin
2494 3475 2510 3526 ;
2553 3461 2618 3514 ad
2651 3471 2888 3516 veterem
2921 3463 3102 3516 sedem
3137 3479 3234 3520 nos
3286 3467 3622 3534 postliminio

2053 3551 2338 3606 revocasti.
2383 3549 2491 3606 Nos
2533 3551 2840 3620 paradisum
2871 3551 3201 3622 clausimus,
3241 3564 3294 3608 tu
3336 3549 3464 3626 ligni
3503 3560 3622 3614 vita:

2053 3641 2158 3696 iter
2204 3640 2524 3710 patefecisti.
2555 3640 2660 3696 Per
2686 3657 2781 3696 nos
2817 3657 2884 3696 ex
2915 3642 3054 3696 laetis
3100 3645 3274 3698 tristia
3314 3657 3621 3712 venerunt;

2053 3747 2121 3786 ex
2163 3731 2410 3786 tristibus
2455 3741 2643 3786 contra
2685 3731 2890 3785 laetiora
2938 3748 3036 3801 per
3076 3742 3128 3786 te
3179 3735 3471 3790 redierunt.
3507 3735 3624 3802 Quo

2055 3831 2232 3876 autem
2265 3823 2445 3886 modo,
2471 3837 2504 3876 ο
2533 3823 2896 3886 immaculata,
2917 3824 3074 3875 morti
3107 3823 3337 3876 obnoxia
3362 3823 3624 3878 etliceris?

2056 3909 2135 3964 Tu
2163 3911 2285 3964 vitas
2317 3927 2469 3979 pons,
2493 3921 2547 3963 et
2569 3911 2713 3962 scala
2745 3911 2866 3963 coeli
2903 3927 2916 3961 :
2951 3925 3128 3974 mors,
3154 3913 3219 3964 ad
3248 3912 3623 3966 immortalita-

2059 4009 2165 4052 tem
2197 4005 2358 4066 ponto
2395 3997 2517 4050 erit.
2552 3995 2688 4050 Vere
2725 4004 2778 4049 tu
2823 3995 2974 4048 beata
3007 4010 3100 4057 es,
3150 4011 3270 4064 qua:
3311 3997 3622 4052 beatissima

2058 4087 2400 4160 praedicanda
2432 4087 2525 4141 sis.
2559 4085 2761 4155 Ecquis
2783 4085 2924 4146 enim
2947 4123 2962 4146 ,
3001 4085 3088 4151 qui
3117 4084 3350 4139 Verbqu
3390 4101 3494 4139 non
3531 4089 3623 4149 sit,

2061 4181 2126 4236 ad
2166 4179 2268 4232 hoc
2299 4177 2630 4231 tolerandum
2665 4190 2726 4230 se
2745 4173 3025 4244 phtulerit,
3054 4173 3195 4243 quod
3227 4184 3467 4241 patrasse
3493 4191 3622 4231 cen-

2061 4273 2196 4330 situs
2226 4267 2333 4324 sit?
2355 4265 2448 4320 llis
2477 4267 2758 4322 universus
2779 4273 3089 4318 sanctorum
3116 4263 3314 4317 chorus
3341 4263 3626 4332 applandc-

2061 4362 2187 4418 bat:
2211 4373 2264 4414 ιιι
2299 4359 2676 4428 praedictiones
2703 4363 2916 4410 nostras
2946 4352 3264 4422 implevisti:
3305 4361 3358 4407 tu
3391 4352 3626 4407 laetitiam

2067 4466 2225 4520 quam
2261 4447 2721 4518 praestolabamur,
2754 4443 3004 4500 attulisti.
3054 4442 3158 4498 Per
3186 4450 3237 4496 te
3261 4442 3402 4497 enim
3438 4445 3630 4499 mortis

2070 4539 2296 4593 vinculis
2321 4537 2480 4592 soluti
2515 4551 2720 4590 sumus.
2758 4533 2891 4588 Veni
2918 4535 2984 4588 ad
3011 4548 3109 4588 nos
3129 4571 3144 4597 ,
3171 4547 3204 4587 ο
3237 4531 3415 4588 divina
3444 4536 3640 4587 vitam-

2068 4645 2174 4700 que
2229 4630 2408 4684 ferens
2436 4626 2698 4694 supellex.
2741 4623 2872 4680 Veni
2916 4626 2979 4677 ad
3005 4638 3102 4676 nos
3135 4623 3210 4678 tui
3243 4622 3488 4692 cupidos,
3513 4638 3632 4690 quae

2069 4733 2305 4778 nostram
2329 4718 2555 4786 explcsti
2585 4715 2955 4784 cupiditatem.
2990 4715 3057 4770 At
3083 4728 3209 4767 vero
3239 4727 3343 4767 non
3374 4713 3633 4767 inﬁrmio-

2070 4814 2218 4868 ribus
2263 4825 2380 4863 eam
2424 4806 2768 4863 sermonibus
2799 4805 3264 4860 circumstantium
3297 4812 3631 4868 sanctorum,

2068 4905 2158 4972 qui
2197 4901 2368 4958 adhuc
2409 4900 2464 4955 in
2504 4912 2729 4967 corpore
2773 4898 3158 4963 versabantur,
3205 4892 3492 4950 multitudo
3545 4907 3633 4946 re-

2071 4991 2376 5054 trahebant,
2409 4990 2492 5044 his
2522 4987 2636 5043 fere
2665 4988 2841 5042 verbis
2875 5005 2888 5041 :
2935 4986 3090 5040 Mane
3119 4983 3420 5043 nobiseum,
3451 4988 3634 5032 nostra

2070 5083 2388 5148 consolatio,
2421 5081 2709 5150 unicuique
2757 5081 2808 5134 in
2848 5089 2989 5132 terra
3014 5077 3273 5131 solamen.
3302 5069 3380 5123 Ne
3406 5085 3504 5122 nos
3539 5084 3633 5122 or-

2073 5176 2278 5244 phauos
2311 5175 2558 5237 deseras,
2586 5171 2799 5238 benigni
2834 5169 2974 5222 illius
3000 5174 3055 5219 et
3085 5160 3448 5216 misericordis
3469 5159 3635 5232 874

2077 5263 2268 5329 Mater,
2297 5262 2385 5332 qui
2411 5261 2528 5316 Filii
2562 5259 2636 5312 tui
2664 5270 2826 5311 causa
2862 5252 3246 5322 periclitamur.
3284 5249 3359 5302 Te
3389 5247 3632 5300 laborum

2076 5358 2314 5428 requiem
2355 5354 2722 5419 sudorumque
2765 5343 3104 5414 refrigerium
3147 5341 3461 5396 habeamus.
3514 5336 3635 5392 Tibi

2151 5684 2260 5753 (Η)
2295 5681 2389 5737 llic
2421 5680 2586 5736 codex
2630 5673 2828 5744 Regius
2870 5671 3137 5744 ingentem
3168 5667 3410 5725 lacunam
3455 5663 3632 5717 habet.
