4018 6342
428 345 533 412 ’735

1560 357 1611 416 S
1661 355 1983 415 JOANNIS
2027 358 2462 420 DAMASCENI

3582 355 3686 422 73f)

415 481 702 523 remanere
729 468 929 523 volenti
963 474 1205 536 potestas
1258 465 1310 518 in
1345 471 1591 534 promptu
1633 473 1747 530 est,
1774 472 1829 518 et
1855 464 1977 519 abiri

2111 465 2213 528 ξιν.
2247 467 2340 518 Σοὶ
2370 469 2462 518 καὶ
2499 465 2689 536 μένειν
2739 469 2968 541 θελούσῃ
3005 471 3069 524 τὸ
3119 471 3381 527 δύνασθαι
3423 469 3684 547 πάρεστιέ

415 559 653 628 cupienti
691 557 823 611 nihil
853 557 1235 626 impedimento
1285 565 1391 610 est.
1443 553 1540 608 Sin
1585 553 1748 608 abeas
1774 593 1788 616 ,
1838 568 1870 606 ο
1903 551 2000 607 Dei

415 647 846 720 tabernaculum,
875 663 976 701 una
1011 661 1228 717 quoque
1263 645 1438 708 nobis,
1471 643 1561 713 qui
1601 653 1726 698 tuus
1748 642 1818 697 ob
1848 651 1998 697 tuum

415 739 606 793 Filium
654 739 881 806 populus
915 755 1139 804 sumus,
1184 737 1336 793 abire
1372 737 1553 791 liceat.
1585 735 1664 788 Tn
1703 735 1812 808 sola
1845 735 2000 790 nobis

413 832 464 884 in
511 839 652 883 terra
685 829 985 884 consolatio
1015 829 1199 885 relicta
1238 843 1298 883 es
1332 847 1346 881 :
1377 838 1432 882 et
1474 837 1526 898 te
1557 827 1770 881 vivente
1793 865 1808 890 ,
1839 825 2000 879 simul

409 921 632 985 vivere;
673 930 727 974 et
765 922 1033 974 moriente
1058 959 1074 985 ,
1118 919 1256 975 mori
1281 919 1496 994 beatum
1537 925 1640 972 est.
1677 917 1816 984 Quid
1848 931 1994 978 vero.

409 1012 704 1076 moriente,
740 1012 1015 1068 dicimus?
1049 1011 1142 1065 tibi
1177 1024 1410 1078 namque
1436 1023 1584 1062 mors
1611 1008 1716 1069 vita
1749 1017 1853 1070 est,
1889 1007 1997 1061 imo

409 1100 517 1154 vita
551 1102 930 1168 praestantior,
979 1103 1223 1166 hancque
1274 1094 1438 1152 vitam
1497 1094 1997 1164 incomparabiliter

408 1171 774 1254 antecellens:
809 1179 962 1244 nobis
1016 1204 1142 1244 vero
1169 1189 1275 1241 vita
1304 1189 1482 1241 onmis
1515 1201 1710 1255 expers
1739 1187 1860 1240 vitae
1889 1195 1992 1253 est,

407 1268 797 1358 consuetudine
832 1291 920 1334 tua
947 1281 1240 1335 destitutis.
1605 1269 1608 1272 ’

481 1465 534 1519 9.
570 1462 850 1518 Similibns
892 1461 1070 1513 verbis
1101 1457 1339 1528 Apostoli
1371 1457 1532 1511 simul
1574 1471 1696 1511 cum
1727 1456 1992 1511 universae

409 1557 666 1613 Ecclesize
701 1554 917 1625 agmine
969 1552 1181 1606 beatam
1219 1549 1493 1618 Virginem
1532 1549 1661 1601 mihi
1710 1557 1821 1602 tum
1852 1548 1988 1601 allo-

407 1650 512 1703 cuti
557 1662 681 1701 csse
729 1644 998 1698 videntur.
1041 1639 1141 1695 Ubi
1193 1655 1322 1694 vero
1370 1653 1490 1693 eum
1534 1637 1598 1690 ad
1648 1651 1926 1692 excessum
1959 1652 1989 1690 e

408 1741 518 1808 vita,
547 1745 950 1808 properantem,
981 1734 1206 1802 ejusque
1232 1730 1523 1798 cupiditate
1547 1730 1860 1796 ﬂagrantem
1893 1728 1982 1782 Dei

407 1829 735 1886 Genitricem
760 1833 1190 1892 conspexerunt,
1227 1833 1336 1876 tum
1371 1821 1609 1888 denique
1649 1822 1716 1874 ad
1767 1821 1992 1890 hymnos

407 1922 470 1974 ad
525 1920 727 1973 exitum
772 1916 1106 1984 pertinentes
1141 1927 1260 1968 sese
1303 1921 1662 1973 convertere,
1705 1911 1994 1980 divinaque

405 2009 646 2065 instincti
687 2009 882 2073 gratia,
912 2021 973 2060 os
997 2019 1150 2059 suum
1179 2001 1391 2071 spiritui
1416 2002 1784 2068 commodare,
1811 2010 1865 2056 et
1894 2018 1992 2056 ex-

403 2111 484 2156 tra
513 2113 732 2155 carnem
761 2097 990 2164 abrepti,
1015 2108 1076 2148 ac
1103 2107 1226 2148 cum
1254 2092 1549 2147 excedente
1573 2090 1798 2160 Deipara
1829 2091 1992 2146 simul

406 2191 698 2254 excedere;
733 2189 804 2240 ita
832 2195 888 2240 nt
915 2185 1207 2238 voluntatis
1237 2192 1435 2237 conatu
1465 2183 1606 2251 quod
1636 2183 1702 2236 ad
1725 2181 1841 2250 ejus
1874 2183 1990 2238 ﬁeri

405 2293 654 2354 poterat,
699 2290 824 2334 ante
865 2288 1094 2333 mortem
1142 2277 1242 2345 ipsi
1277 2277 1624 2332 excederent.
1687 2275 1989 2344 Postquam

406 2385 576 2429 autem
608 2371 885 2442 cupiditati
909 2368 1071 2428 simul
1106 2368 1391 2436 oilicioque
1442 2383 1540 2421 suo
1575 2365 1988 2432 satisfecerunt,

405 2451 754 2530 lluridamque
813 2470 868 2515 et
921 2457 1273 2526 multiplicem
1333 2472 1615 2521 sacrorum
1665 2457 1987 2524 hymnorum

405 2553 660 2607 cor-ollam
691 2554 1014 2608 texuerunt,
1041 2545 1468 2600 benedictionem
1503 2544 1646 2598 velut
1677 2547 1986 2599 thesaurum

405 2643 686 2709 quemdam
718 2637 977 2690 divinitus
999 2636 1181 2689 datum
1208 2633 1530 2698 retulerunt,
1553 2644 1824 2702 postrema
1862 2649 1986 2690 ver-

405 2737 468 2783 ha
523 2726 860 2796 proferentes
907 2739 1027 2792 qua:
1073 2723 1334 2778 discessui
1383 2739 1414 2777 e
1458 2725 1565 2778 vita
1609 2725 1984 2780 convenirent.

405 2821 499 2873 l-Iis
525 2833 724 2888 porro,
758 2823 1016 2884 quantum
1061 2813 1324 2882 coniicio,
1376 2825 1486 2869 tum
1547 2815 1824 2884 praesentis
1866 2817 1988 2870 vitae

403 2911 546 2963 ﬂuxa
585 2907 848 2977 fragilitas
873 2905 1281 2970 enuntiabatur,
1318 2916 1427 2959 tum
1450 2907 1658 2960 occulta
1687 2904 1986 2960 futurorum

248 2966 259 2978 ‘
295 2988 308 2996 ί
405 3005 668 3056 bonorum
716 2997 972 3068 mysteria
1004 2996 1056 3049 in
1100 3005 1346 3065 apertum
1395 2994 1778 3051 efferebantur.

477 3091 561 3146 l0.
605 3088 725 3142 Mox
757 3098 1118 3142 consentanea
1145 3086 1391 3155 quzedam
1431 3085 1550 3139 istis
1585 3097 1640 3139 et
1676 3101 1983 3156 congruen-

2103 554 2196 606 καὶ
2220 554 2478 626 ἀπαίρειν
2505 557 2934 631 προθυμουμένῃ
2955 560 3109 613 οὐδὲν
3135 563 3416 630 ἐμπόδιον.
3443 566 3503 620 Ei
3531 569 3690 624 ἀπαί-

2103 661 2218 712 ρεις
2239 684 2254 709 ,
2297 647 2331 713 ἡ
2367 646 2464 699 τοῦ
2496 647 2632 700 Θεοῦ
2677 649 2889 720 σκηνὴ,
2918 653 3010 704 καὶ
3045 654 3208 722 ἡμεῖς
3236 657 3686 729 συναπαίροιμεν,

2100 735 2138 806 ό,
2159 735 2252 798 σὸς
2275 733 2402 810 λαὸς
2431 737 2520 789 διὰ
2547 737 2638 809 τὸν
2669 738 2760 791 σὺν
2786 740 2914 792 Υἰὸν
2935 743 3398 812 χρηματίσαντες.
3425 747 3492 798 Σὲ
3518 749 3687 819 μόνην

2102 829 2195 880 ἐπὶ
2229 829 2333 900 γῆς
2380 821 2902 904 καταλελειμμένην,
2933 829 3068 906 ἡμῖν
3101 821 3450 910 παρηγορίαν
3489 847 3688 916 κεκτή-

2102 920 2263 987 μεθα..
2298 923 2386 987 Σοὶ
2420 923 2513 976 καὶ
2545 923 2694 996 ζώσῃ
2741 925 2930 997 συζῇν,
2967 929 3065 996 καὶ
3102 929 3416 1004 θνησκούτῃ
3455 935 3686 1006 συνθνῄ-

2100 1024 2252 1069 σκειν
2293 1014 2584 1084 μακάριον.
2631 1016 2672 1068 Τ
2681 1015 2708 1066 ί”
2734 1016 2791 1068 δὲ
2826 1017 3136 1092 θνησκούσῃ
3186 1024 3367 1092 φαμέν
3393 1020 3542 1088 ;’Σοὶ
3583 1030 3682 1096 μὲν

2097 1099 2266 1172 γὰρὴ
2302 1101 2416 1172 ζωὴ
2457 1093 2552 1164 καὶ
2581 1109 2608 1158 ό
2653 1106 2904 1174 θάνατος,
2939 1110 3032 1163 καὶ
3083 1111 3194 1183 ζωὴ
3229 1113 3341 1184 (45)
3385 1093 3678 1184 κρείττονι,

2096 1191 2189 1242 καὶ
2238 1189 2446 1262 ταύτην
2490 1194 2587 1264 τὴν
2647 1186 2792 1266 ζωὴν
2847 1199 3264 1270 ἁπαραὸλήτοις
3329 1205 3680 1276 συγκρίσεσιν

2097 1277 2474 1354 ὑπεραίρουσα
2499 1301 2512 1314 ’
2565 1289 2698 1356 ἡμῖν
2734 1289 2791 1362 δὲ
2830 1290 2947 1355 πῶς
2993 1292 3020 1342 ὁ
3053 1291 3167 1360 βίος
3199 1294 3437 1358 ἀϐίωτος
3463 1337 3478 1361 ,
3510 1301 3569 1351 σὲ
3603 1300 3678 1370 μὴ

2093 1387 2260 1442 κεκτη
2272 1372 2452 1440 μένοις
2479 1373 2764 1446 συνόμιλον
2790 1396 2803 1444 ;
2949 1371 2956 1380 ’
3419 1373 3446 1387 ··
3577 1377 3582 1380 ·
3630 1391 3633 1394 -

2165 1463 2228 1515 θ’.
2277 1465 2510 1519 Τοιαῦτα
2541 1464 2694 1534 and
2723 1488 2813 1540 μοι
2857 1472 3003 1534 δοκεῖ
3037 1477 3164 1540 τοὺς
3210 1478 3543 1543 ἀποστόλους
3582 1485 3679 1536 σύν

2093 1560 2255 1612 παντὶ.
2297 1561 2375 1631 τῷ
2422 1563 2520 1632 τῆς
2578 1565 2902 1638 Ἐκκλησίας
2935 1568 3261 1640 πληρώματι
3314 1575 3379 1642 τῇ
3431 1573 3678 1644 μακαρίᾳ

2092 1651 2353 1722 Παρθένῳ
2408 1657 2906 1733 προσφθέγγεσοαι.
2963 1661 3100 1735 Ἀλλξ
3159 1663 3344 1730 ἐπειδὴ
3397 1665 3527 1734 πρὸς
3580 1663 3678 1735 τὴν

2091 1741 2348 1796 ἐκϐίωσιν
2375 1745 2737 1812 σπεύδουσαν,
2763 1751 3019 1819 κάκείνης
3039 1753 3334 1830 ἐφιεμένην
3367 1754 3554 1834 ἑώρων
3579 1757 3678 1828 τὴν

2027 1809 2068 1862 Β
2097 1829 2408 1902 θεομὴτορα
2431 1873 2446 1898 ,
2492 1836 2630 1903 πρὸς
2665 1809 2867 1906 ῦμνους
2914 1809 3207 1909 ian-requieti;
3242 1809 3535 1912 ἐτρέποντο
3579 1809 3675 1914 τῖίς

2098 1919 2246 1982 θείας
2293 1925 2692 2000 ἐμφορούμενοι
2739 1929 2996 1998 χάριτος,
3045 1931 3140 1986 καὶ
3192 1930 3268 2001 τῷ
3318 1918 3552 2002 στόματι
3588 1922 3675 1987 κι-

2097 2010 2334 2080 χρῶντες
2361 2013 2438 2084 τῷ
2474 2016 2754 2088 Πνεύματι
2775 2003 2911 2082 ,καὶ
2947 2004 3150 2092 σαρκδς
3181 2007 3546 2091 ἐξιστάμενοι,
3580 2026 3677 2079 καὶ

2096 2104 2456 2175 συνεκδημεῖν
2497 2106 2806 2180 ὲκδημούσῃ
2838 2109 2932 2162 τοῦ
2968 2111 3102 2164 Θεοῦ
3131 2116 3198 2183 τῇ
3235 2110 3416 2184 Μητρὶ
3448 2102 3674 2186 ἐφιέμε-

2094 2211 2205 2258 νοι,
2245 2189 2340 2249 καί
2385 2199 2859 2270 προεκδημοῦντες
2903 2203 2979 2266 ὡς
3025 2198 3137 2256 οἷόν
3173 2222 3235 2257 τε
3289 2204 3366 2274 τῷ
3411 2205 3549 2276 τόνῳ
3575 2207 3674 2276 τῆς

2094 2289 2484 2360 προαιρέσεως.
2519 2292 2672 2344 Ἐπεὶ
2691 2291 2746 2358 δὲ
2783 2293 2980 2356 πάντες
3016 2294 3132 2363 ἅμα
3159 2295 3250 2347 τὸν
3277 2295 3466 2361 πόθον,
3498 2299 3588 2349 καὶ
3612 2295 3696 2356 τὸ,

2091 2381 2251 2450 χρέος
2273 2382 2681 2448 ἀφωσιώσαντο,
2707 2385 2802 2438 καὶ
2819 2385 3088 2456 πολυανθῆ
3105 2404 3162 2441 τε
3187 2387 3281 2441 καὶ
3301 2389 3540 2442 ποικίλον
3563 2387 3672 2458 ὐμ-

2092 2487 2198 2521 νων
2231 2471 2392 2539 ἱερῶν
2423 2471 2718 2536 ὲπλέξαντο
2747 2473 3035 2542 στέφανον,
3063 2476 3162 2547 τὴν
3197 2478 3451 2546 εὐλογίαν
3477 2478 3676 2550 ὥσπερ,

2091 2562 2211 2614 τινὰ
2234 2561 2512 2617 θεόσδοτον
2536 2565 2808 2638 θησαυρὸν
2843 2565 3184 2638 ἐκομίζοντο,
3213 2570 3465 2646 ὲξιτήριά
3496 2589 3549 2624 τε
3578 2575 3672 2626 καὶ

2091 2653 2374 2719 τελευταῖα
2393 2656 2902 2728 προσφθεγγόμενοι
2931 2661 3175 2736 ῥήματα.
3201 2649 3350 2731 Τάδε
3369 2658 3457 2732 ἦν.
3481 2663 3555 2726 ὡς
3571 2665 3672 2734 ἐμὲ

2090 2743 2288 2797 εἰδέναι
2316 2744 2410 2810 τοῦ
2455 2747 2720 2816 παρόντος
2763 2747 2878 2818 βίου
2920 2750 2982 2802 τὸ
3035 2752 3260 2822 ρευστδν
3301 2753 3397 2806 καὶ
3427 2755 3537 2826 (44)
3576 2749 3668 2807 εὐ-

2092 2836 2384 2908 πάροιστον
2415 2838 2796 2907 διαγγέλλοντα
2814 2882 2830 2907 ,
2867 2843 2962 2895 καὶ¹
2985 2839 3093 2896 τῶν
3119 2845 3422 2914 μελλόντων
3449 2847 3669 2915 ἀγαθῶν

2089 2924 2158 2976 τὰ
2186 2927 2544 2996 κεκρυμμένα
2581 2930 2850 3000 μυστήρια
2893 2933 2973 2994 είς
2996 2935 3305 3011 τούμφανὲς
3336 2935 3558 3005 ἄγοντα.

2163 3102 2214 3148 ι’.
2265 3090 2402 3148 Εἶτα
2443 3096 2653 3160 τούτοις
2682 3099 2896 3170 συνῳδὰ
2929 3103 3023 3155 καὶ
3052 3103 3325 3159 ἀκόλουθᾶ
3356 3121 3480 3160 τινα
3521 3107 3670 3161 δοκεί

405 3181 478 3233 tia
543 3177 836 3247 contigisse
887 3176 1100 3243 Opinor.
1157 3173 1420 3228 Nimirum
1472 3174 1634 3241 Regis
1703 3175 1871 3244 ipsius
1917 3178 1977 3230 ad

2088 3189 2405 3258 πεπρᾶχθαι
2434 3189 2494 3243 τὸ
2522 3165 2810 3261 τηνικάδε,
2842 3192 2919 3256 ὥς
2949 3211 3040 3264 μοι
3067 3195 3234 3251 δοκεῖ.
3278 3197 3344 3250 Ἦ
3376 3196 3472 3250 τοῦ
3514 3198 3669 3269 βασι-

402 3273 630 3324 Matrem
654 3283 807 3321 suam
847 3267 1142 3327 adventus,
1175 3277 1233 3320 ut
1277 3265 1474 3318 divinis
1507 3267 1620 3318 suis
1651 3281 1714 3319 ac
1757 3267 1980 3335 purissi-

405 3361 506 3414 mis
553 3358 838 3420 manibus,
903 3364 1146 3410 sanctam
1210 3356 1692 3423 intaminalatnque
1748 3367 1801 3410 et
1853 3357 1988 3412 labis

403 3458 681 3517 expertem
713 3447 830 3515 ejus
859 3446 1095 3499 animam
1127 3447 1444 3515 susciperet.
1488 3449 1663 3515 Atque
1709 3448 1820 3516 ipsa
1866 3449 1985 3518 qui-

403 3541 562 3602 dem,
615 3545 678 3588 ut.
714 3551 745 3588 a
793 3549 921 3592 vero
966 3550 1070 3588 non
1100 3535 1392 3600 abhorret,
1425 3535 1560 3589 dixit
1597 3556 1609 3590 :
1647 3555 1664 3587 ι
1705 3537 1762 3590 ιιι
1795 3553 1984 3593 manus

405 3640 548 3691 tuas,
582 3626 703 3690 Fili,
744 3625 1064 3679 commendo
1097 3625 1348 3695 spiritum
1386 3641 1584 3681 meum.
1625 3627 1820 3696 Accipe
1853 3643 1982 3698 ergo

401 3718 624 3770 charam
663 3715 758 3768 tibi
785 3715 1044 3777 animam,
1076 3729 1236 3783 quant
1289 3716 1582 3770 immunem
1614 3731 1644 3770 a
1678 3717 1832 3786 culpa
1861 3732 1977 3773 ser-

399 3808 562 3860 vasti.
603 3805 768 3868 Tibi,
821 3819 886 3864 ac
923 3821 1027 3861 non
1094 3813 1252 3859 terrae
1311 3820 1504 3876 corpus
1549 3821 1728 3864 meum
1782 3808 1976 3862 trado:

367 3913 370 3916 ·
397 3896 603 3949 salvum
634 3894 736 3948 hoc
769 3895 1012 3958 custodi,
1045 3894 1100 3948 in
1130 3909 1237 3963 quo
1272 3895 1524 3964 dignatus
1563 3911 1623 3951 es
1653 3897 1974 3961 inhabitare,

396 3998 452 4040 ct
477 3987 618 4055 quod
641 3986 910 4040 nascendo
937 3986 1308 4055 incorruptum
1339 3988 1695 4044 conservasti.
1719 3987 1978 4044 Transfer

398 4097 482 4134 me
507 4079 572 4134 ad
601 4088 673 4143 te,
730 4087 788 4132 ut
817 4077 907 4132 ubi
941 4094 1001 4133 es
1052 4089 1138 4146 tu,
1197 4079 1462 4134 viscerum
1495 4095 1735 4134 meorum
1771 4081 1972 4149 proles,

397 4172 504 4224 illic
532 4183 745 4238 quoque
772 4169 864 4222 tibi
893 4169 994 4222 sim
1025 4169 1449 4224 contubernalis.
1481 4171 1558 4225 Ad
1593 4181 1646 4226 te
1667 4175 1811 4228 enim
1846 4191 1973 4243 pro-

395 4277 547 4328 pero,
583 4261 674 4328 qui
717 4259 785 4310 ad
819 4273 903 4312 me
941 4258 1077 4310 citra
1114 4258 1276 4311 ullam
1311 4259 1471 4323 spatii
1507 4261 1816 4316 distantiam
1847 4279 1968 4320 ven-

397 4350 588 4404 titasti.
629 4347 708 4400 Tu
753 4346 1090 4400 charissimis
1132 4347 1265 4402 meis
1294 4347 1454 4411 liliis,
1495 4363 1631 4417 quos
1679 4361 1733 4404 tu
1775 4351 1970 4408 fratres

393 4439 663 4509 appellare
699 4450 802 4488 non
834 4435 1088 4490 dubitasti
1112 4475 1128 4501 ,
1168 4437 1506 4505 migrationis
1547 4456 1678 4496 mea:
1715 4443 1965 4500 solatium

391 4542 530 4585 esto.
548 4528 650 4582 Per
678 4541 930 4580 manuum
952 4541 1189 4582 mearum
1219 4531 1610 4598 extensionem,
1639 4535 1970 4592 benedictio-

393 4639 514 4678 nem
546 4634 735 4674 eorum
771 4620 924 4674 novis
974 4620 1438 4678 benedictionibus
1486 4626 1720 4680 cunmla.
1757 4647 1776 4680 ι
1831 4629 1966 4683 Τιιιιι

391 4711 618 4766 sublatis
646 4751 661 4775 ,
697 4719 753 4762 ut
799 4709 1023 4764 credere
1062 4711 1219 4776 licet,
1274 4715 1552 4780 manilnts,
1595 4719 1848 4774 erunibus
1876 4722 1966 4788 qui

391 4801 601 4856 collecti
628 4801 872 4865 aderant,
903 4801 1040 4854 bene
1070 4813 1285 4870 precata
1332 4814 1436 4858 est.
1478 4805 1602 4860 Haec
1640 4807 1814 4862 locuta
1845 4824 1966 4862 cum

388 4899 556 4955 esset,
575 4891 919 4960 vicissimque
932 4893 1214 4958 audiisset,
1242 4913 1260 4946 ι
1278 4893 1406 4950 Veni
1430 4896 1481 4950 in
1501 4900 1740 4966 requiem
1770 4917 1964 4966 meam,

388 4986 668 5040 benedicta
693 4981 867 5038 Mater
896 5000 1012 5039 mea
1039 5003 1053 5038 :
1084 5000 1266 5054 surge,
1299 4987 1442 5049 veni,
1470 4989 1641 5042 amica
1675 5006 1813 5054 nica,
1847 4993 1966 5060 ρυι-

387 5076 658 5130 cherrima
694 5075 996 5129 mulierum.
1029 5077 1164 5132 Ecce
1191 5076 1332 5130 enim
1366 5078 1536 5130 hiems
1563 5083 1797 5147 transiit,
1828 5095 1960 5136 tem-

389 5165 812 5232 puslputationis
844 5167 1064 5219 advenit
1093 5166 1141 5196 ⁸⁸
1180 5184 1192 5220 :
1239 5173 1346 5218 tota
1389 5167 1612 5234 pulchra
1654 5185 1746 5234 es,
1789 5174 1963 5226 amica

387 5271 539 5321 mea,
607 5267 662 5310 et
706 5257 910 5310 macula
954 5273 1058 5311 non
1095 5267 1178 5311 est
1209 5256 1260 5310 in
1297 5267 1347 5312 te
1371 5258 1416 5288 ⁸⁵
1449 5277 1461 5311 :
1499 5263 1634 5314 odor
1661 5276 1960 5332 unguento-

389 5363 506 5400 rum
550 5356 763 5402 tuormn
803 5363 964 5417 super
991 5349 1170 5402 omnia
1211 5359 1453 5405 aromata
1475 5352 1520 5384 ⁸⁸
1550 5371 1564 5407 :
1603 5373 1622 5404 ›
1656 5356 1738 5411 his
1773 5369 1958 5414 sancta

387 5433 475 5489 illa
505 5436 718 5503 auditis,
751 5437 997 5507 spiritum
1028 5455 1182 5494 suum
1213 5441 1263 5494 in
1291 5440 1408 5495 Filii
1439 5444 1683 5500 manibus
1718 5447 1955 5518 deponit.

458 5584 503 5616 ⁸³
548 5588 705 5642 Cant.
761 5606 820 5654 ιι,
878 5592 965 5654 10,
1020 5593 1100 5646 ll.
1179 5594 1224 5624 δ’*
1263 5595 1420 5649 Cant.
1458 5613 1529 5663 ιν,
1567 5599 1618 5652 7.

456 5721 564 5790 (45)
601 5725 780 5778 Gt'l‘tn.
817 5725 976 5796 ζωῆς.

1700 5603 1743 5634 ⁸⁵
1796 5603 1927 5659 ibid.
1971 5607 2048 5662 10.

2087 3279 2224 3343 λέως
2272 3282 2408 3353 πρὸς
2451 3283 2550 3353 τὴν
2593 3284 2800 3337 οἰκείαν
2847 3284 3168 3358 λοχεύτριαν
3219 3287 3464 3356 ἔλευσις,
3511 3295 3669 3362 χερσὶ

2087 3371 2258 3435 θείαις
2296 3375 2390 3426 καὶ
2428 3375 2726 3444 ἀκηράτοις
2775 3377 3170 3448 ὐποδεξομένου
3215 3383 3316 3452 τὴν
3350 3384 3501 3454 ἱερὰν
3535 3385 3668 3438 ταύ-

2083 3478 2184 3529 της
2205 3463 2404 3547 ψυχὴν,
2445 3465 2540 3516 καὶ
2567 3465 2832 3538 εἰλικρινῆ
2872 3486 2930 3521 τε
2963 3470 3057 3522 καὶ
3092 3470 3342 3541 ἄμωμον.
3381 3475 3491 3527 Καὶ
3525 3475 3664 3547 αξύτη

2087 3550 2185 3619 μὲν
2211 3545 2300 3605 οἷα
2325 3553 2469 3616 εἰκὸς
2499 3553 2720 3625 ἔφησεν·
2761 3575 2780 3606 ι
2810 3558 2904 3620 Ei;
2929 3561 3118 3629 χεῖράς
3151 3577 3268 3628 σου,
3291 3563 3481 3617 τέκνον
3510 3545 3662 3634 ἐμὸν,

2082 3642 2143 3694 τὸ
2173 3642 2394 3712 πνεῦμά
2425 3663 2528 3714 μου
2554 3647 2920 3720 παρατίθημι.
2950 3650 3110 3717 Δέξαι
3136 3670 3239 3724 μου
3265 3655 3370 3726 τὴν
3393 3657 3476 3710 σοὶ
3502 3657 3664 3730 φίλην

2080 3732 2280 3804 ψυχὴν,
2316 3737 2382 3804 ἢν
2423 3737 2700 3808 ἐτήρησας
2731 3741 3043 3812 ἄμεμπτον.
3079 3745 3170 3798 Σοὶ
3197 3747 3259 3799 τὸ
3288 3747 3422 3817 ἐμὸν
3463 3749 3623 3819 σῶμα
3645 3790 3660 3814 ,

2081 3824 2180 3878 καὶ⁵
2200 3825 2260 3877 οὐ
2290 3829 2355 3896 τῇ
2387 3830 2456 3898 γῇ
2491 3829 2853 3906 παραδίδωμι.
2883 3833 3122 3901 Φύλαξον
3151 3837 3307 3901 σῶον,
3336 3839 3364 3892 ὃ
3397 3842 3663 3912 κατοικῆ-

2082 3931 2171 3967 σαι
2215 3915 2560 3987 ηὐδόκησας,
2606 3919 2698 3972 καὶ
2743 3923 3022 3993 γεννηθεὶς
3057 3925 3336 3996 Παρθένον
3361 3931 3657 4000 ἐτήρησας.

2079 4005 2222 4072 Πρὸς
2255 4008 2356 4077 ἐμὲ
2395 4009 2756 4080 μετάστησον,
2808 4013 2874 4065 ἶν’
2929 4015 3061 4091 ὅπου
3106 4013 3160 4069 εἷ
3200 4019 3300 4084 σύ,
3341 4020 3453 4072 τῶν
3509 4024 3662 4092 ἐμῶν

2079 4093 2403 4166 σπλάγχνων
2443 4099 2506 4151 τὸ
2543 4099 2752 4171 κύημα,
2799 4089 3000 4174 ἔσομαι’
3030 4107 3182 4174 κάγώ
3223 4125 3306 4162 σοι
3355 4111 3655 4176 συνέστιος.

2076 4186 2219 4256 Πρός
2250 4205 2308 4240 σε
2328 4188 2437 4260 γὰρ
2461 4192 2756 4262 ἐπείγομαι
2788 4193 2878 4247 τὸν
2906 4196 3042 4268 πρὸς
3067 4197 3168 4274 ἐμὲ
3191 4200 3532 4267 άδιαστάτως
3558 4222 3658 4259 καις

2074 4281 2500 4350 ταφοιτήσαντα.
2540 4284 2612 4337 Σύ
2650 4288 2763 4348 τοῖς
2803 4287 2926 4356 ἐμοὶ
2960 4289 3366 4358 ποθεινοτάτοις
3407 4295 3654 4361 τέκνοις,
3708 4311 3712 4314 ’

2071 4366 2164 4438 οὓς
2192 4369 2455 4441 ἀδελφοὺς
2480 4376 2710 4430 καλέσαι
2740 4375 3066 4448 ηὐδόκησας,
3097 4383 3197 4454 τῆς
3223 4385 3364 4455 ἐμῆς
3393 4387 3657 4458 ἐκδημίας

2005 4503 2048 4557 D
2073 4461 2234 4557 γενοῦ
2265 4464 2634 4557 ’παραμύθιονἶ
2678 4469 2920 4557 Πρόσθες
2949 4472 3201 4542 εὐλογίαν
3233 4476 3327 4529 ἐπὶ
3363 4478 3463 4548 τὴν
3499 4481 3654 4533 εὐλοο

2075 4545 2198 4617 γίαν
2237 4551 2416 4605 αὐτῶν
2444 4553 2531 4606 διὰ
2557 4555 2674 4631 ’τῆς
2700 4556 2808 4611 τῶν
2839 4559 2994 4628 ἡμῶν
3028 4561 3224 4632 χειρῶν
3275 4545 3594 4630 ἐπιθέσεως.
3631 4587 3648 4620 ι

2077 4637 2212 4692 Εἶτα
2250 4639 2350 4701 τὰς
2383 4643 2570 4709 χεῖρας
2599 4645 2886 4716 ἐπάρασα,
2923 4643 3010 4700 οἷα
3063 4651 3246 4716 εἰκὸς,
3305 4655 3434 4717 τοὺς
3477 4673 3657 4710 συνει-

2075 4729 2371 4798 λεγμένους
2401 4731 2686 4803 εὐλόγησε,
2715 4737 2943 4792 τοιαῦτα
2975 4742 3429 4813 προσομιλήσασα
3449 4746 3516 4799 τὰ
3548 4749 3651 4819 ῥή-

2078 4835 2244 4888 ματα,
2284 4821 2405 4874 καί·
2445 4847 2462 4874 ιι
2490 4824 2703 4896 Δεῦρο,
2733 4829 2766 4897 ἡ
2798 4827 3138 4903 εὐλογημένη
3175 4850 3277 4902 μου
3312 4833 3540 4907 Μήτηρ,
3573 4841 3652 4903 εἰς

2026 4907 2036 4915 ’
2073 4909 2170 4981 τὴν
2218 4911 2527 4968 ἀνάπαυσίν
2578 4934 2717 4986 μου,
2769 4920 3073 4976 ἀκούσασα.
3117 4924 3370 4990 Ἀνάστα,
3416 4928 3568 4992 ἔλθε,
3620 4933 3651 4999 ἡ

2069 5002 2300 5073 πλησίον
2341 5025 2465 5074 μου,
2498 5009 2530 5078 ἡ
2559 5010 2694 5082 καλὴ
2723 5013 2779 5062 ὲν
2817 5013 3081 5081 γυναιξὶν,
3123 5016 3206 5068 ὅτι
3241 5017 3351 5070 ίδού
3391 5021 3418 5070 ό
3445 5021 3651 5090 χειμὼν

2070 5093 2372 5162 παρῆλθεν,
2416 5099 2458 5166 ὁ,
2497 5101 2686 5172 καιρὸς
2741 5102 2840 5172 τῆς
2889 5105 3063 5174 τομῆς
3117 5107 3339 5174 ἔφθασε.
3403 5112 3557 5179 Καλὴ
3617 5116 3648 5182 ἠ

2067 5184 2295 5274 πλησίον
2330 5205 2467 5257 μου,
2517 5194 2611 5244 καὶ
2647 5193 2838 5262 μῶμος
2877 5196 2978 5249 οὐκ
3022 5197 3168 5250 ἔστιν
3211 5201 3268 5251 ἐν
3310 5201 3412 5254 σοί.
3478 5204 3654 5274 Ὀσμὴ

2069 5272 2256 5343 μύρων
2297 5293 2392 5330 σου
2441 5279 2582 5351 ὑπὲρ
2629 5283 2807 5338 πάντα
2844 5286 2912 5338 τὰ
2955 5287 3245 5358 ἀρώματα.
3286 5310 3303 5341 ι
3357 5272 3647 5361 Τούτωνήῆ

2065 5364 2196 5432 ἁγία
2220 5366 2502 5424 ἀκούσασα
2524 5411 2536 5435 ,
2571 5373 2630 5426 τὸ
2662 5375 2876 5446 πνεῦμα
2911 5382 3031 5442 ταῖς
3063 5381 3220 5451 χερσὶ
3247 5380 3339 5435 τοῦ
3389 5384 3515 5440 me
3549 5397 3646 5433 πα·-

2071 5456 2368 5525 ρατίθεται.

2146 5752 2248 5817 (Η)
2286 5752 2346 5807 fi.
2380 5756 2548 5813 dcesl.
2595 5763 2818 5819 ῥευστὴν
2859 5769 2972 5820 καί.
