4018 6342
351 346 454 406 737

1147 337 1472 398 HOMILIA
1509 339 1570 396 II
1605 336 1688 396 IN
1727 335 2264 396 DORMITIONEM
2303 337 2366 395 B.
2407 338 2471 398 V.
2523 338 2805 396 MARLE.

3494 327 3596 384 7le

409 459 499 506 ια’.
542 451 652 504 Καὶ
679 450 734 503 τί
773 450 1014 517 γίνεται;
1051 449 1356 517 Στοιχείων,
1391 448 1467 510 ὥς
1501 449 1569 516 γὲ
1611 465 1701 518 μοι
1749 447 1915 510 δοκεῖ,
1945 501 1947 506 ,

2093 448 2178 501 11.
2221 447 2358 512 Quid
2407 462 2533 501 veru
2582 447 2821 500 accidit?
2851 447 3281 514 l-Ilementorum,
3331 459 3386 502 ut
3443 465 3589 514 reor,

339 543 553 612 κίνησις
580 540 675 592 καὶ
697 537 1001 602 ἀλλοίωσις,
1035 537 1210 605 φωναί
1233 554 1291 589 τε
1323 537 1505 605 ιίόφοι,
1529 538 1622 590 καὶ
1653 537 1882 604 πάταγοι
1900 573 1915 599 ,

342 633 433 686 καὶ
469 631 720 699 ἀγγέλων
775 627 934 696 ὕμνοι
978 626 1234 694 ἐπάξιοι,
1289 626 1721 698 προτρεχόντων,
1777 644 1916 696 συμε-

340 718 798 790 προπεμπόντων,
836 715 1255 786 παρεπομένων·
1279 717 1388 769 τῶν
1415 716 1514 786 μὲν
1538 719 1603 786 τῇ
1631 717 1919 786 ἀμωμήτῳ

338 810 435 862 καὶ
474 807 719 876 παναγίᾳ
750 805 896 877 ψυχῇ
935 803 1032 874 τὴν
1055 805 1389 875 δορυφορίαν
1405 805 1788 876 ’πληρούντων,
1823 805 1919 858 καὶ

339 899 474 969 πρὸς
537 895 764 966 οὐρανὸν
822 893 1048 965 ἀνιούσῃ
1111 895 1494 962 συνανιὸντων,
1547 895 1650 959 ἕως
1706 897 1795 948 ὅτε
1841 895 1919 964 τῷ

340 991 515 1061 θρόνῳ
547 989 625 1058 τῷ
677 985 945 1057 βασιλικῷ
977 986 1076 1056 τὴν
1126 985 1373 1055 βασιλίδα
1405 986 1777 1055 παρέστησαν,
1809 986 1918 1038 τῶν

339 1081 418 1144 δὲ,
450 1081 512 1132 τὸ
547 1079 688 1131 θεῖον
723 1077 819 1130 καὶ⁵
852 1076 999 1147 ἱερὸν
1026 1075 1369 1130 κυκλούντων
1405 1076 1584 1145 σῶμα,
1620 1075 1712 1128 καὶ
1755 1074 1919 1145 ᾠδαῖς

341 1169 809 1241 ἀγγελοπρεπέσιν
853 1167 1169 1238 ὑμνούντων
1190 1167 1288 1237 τὴν
1319 1167 1658 1236 Θεομήτορα.
1688 1166 1752 1218 Τί
1783 1167 1839 1220 δὲ
1870 1151 1916 1219 oi

342 1260 691 1332 παρεστῶτες
737 1259 815 1330 τῷ
873 1258 1124 1328 παναγίῳ
1171 1259 1266 1311 καὶ
1321 1258 1601 1329 ἱερωτάτῳ
1662 1257 1915 1327 σώματι;

339 1353 494 1422 Φόϐῳ
521 1369 578 1404 τε
605 1352 700 1404 καὶ
726 1351 894 1420 πόθῳ,
919 1350 1016 1404 καὶ
1042 1347 1410 1416 ἀγαλλίασεως
1430 1347 1661 1418 δάκρυσι
1689 1347 1750 1399 τὸ
1777 1346 1918 1399 θεῖον

342 1443 434 1494 καὶ
451 1440 738 1493 πανόλϐιον
761 1457 827 1492 πε
837 1439 1258 1510 ριστοιχίσαντες
1273 1439 1560 1507 σκήνωμα,
1592 1436 1920 1507 περιεπτύσ-

345 1549 494 1584 σοντο
519 1571 533 1594 ,
599 1530 1014 1600 κατησπάζοντο
1071 1527 1217 1581 ἅπαν
1277 1527 1461 1596 μέλος,
1519 1527 1793 1596 προσῆγον
1841 1526 1920 1596 τῷ

343 1619 574 1690 σώματι,
608 1621 672 1672 ὲκ
698 1619 798 1687 τῆς
820 1617 965 1687 ἁφῆς
991 1615 1264 1686 ἀγιασμοῦ
1293 1634 1354 1669 τε
1381 1617 1475 1669 καὶ
1511 1615 1758 1684 εὐλογίας
1785 1615 1920 1686 πλη-

346 1711 620 1780 ρούμενοι.
653 1709 786 1761 Τότε
809 1709 872 1778 δὴ
903 1708 1048 1761 νόσοι
1092 1707 1191 1777 μὲν
1232 1707 1624 1778 ἐδραπέτευον,
1649 1706 1920 1775 δαιμόνων

2018 538 2308 592 commotio
2355 546 2409 590 et
2458 537 2780 602 immutatio,
2816 552 3081 606 vocesque
3133 551 3187 594 et
3237 541 3389 606 soni,
3427 542 3588 610 digna

2018 621 2330 694 angelorum
2359 626 2588 691 cantica,
2613 627 2700 693 qui
2733 626 2927 692 partim
2954 639 3363 694 przceurrcrent,
3392 632 3586 696 partim

2017 717 2427 780 comitarentur,
2448 717 2642 784 partim
2661 727 2869 770 assecta
2881 729 3084 772 rentur.
3116 719 3280 788 875
3297 719 3360 772 Et
3375 723 3591 788 quidem

2019 807 2106 859 alii
2120 821 2186 860 ex
2205 806 2335 874 ipsis
2359 806 2717 860 immaculata:
2735 815 2788 859 et
2803 809 3158 863 sanctissima:
3177 812 3367 864 anima:
3384 812 3590 874 satelli-

2023 896 2095 949 tio
2128 904 2304 958 erant,
2329 903 2384 948 et
2416 896 2466 948 in
2497 895 2690 950 caelum
2724 899 3068 951 scandentem
3105 900 3420 967 stipabant,
3455 917 3589 970 quo-
3654 889 3688 942 λι

2021 986 2192 1056 nsque
2221 987 2367 1055 regio
2396 987 2533 1042 solio
2571 989 2809 1058 reginam
2843 991 3092 1044 sisterent
3121 1007 3135 1045 :
3166 992 3252 1046 alii
3288 1008 3475 1048 rursus
3503 996 3586 1048 di-

2019 1079 2199 1131 vinum
2261 1088 2314 1132 et
2379 1093 2592 1133 sacrum
2647 1094 2844 1148 corpus
2892 1082 3216 1150 cingebant,
3271 1085 3593 1153 hymnisque

2019 1168 2328 1238 angelorum
2362 1171 2594 1239 prepriis
2622 1170 2712 1224 Dei
2757 1180 3031 1238 parentem
3055 1173 3420 1228 celebrabant.
3455 1175 3589 1240 Quid

2021 1274 2198 1314 autem
2249 1261 2318 1325 ii,
2383 1263 2474 1330 qui
2531 1263 2873 1316 sanctissimo
2929 1266 3329 1334 sacerrimoque
3379 1270 3594 1336 corpori

2020 1353 2270 1405 astabant
2299 1352 2322 1405 ?
2353 1366 2471 1406 cum
2505 1360 2773 1415 tremore,
2807 1353 3121 1420 ardentique
3161 1369 3344 1410 amore
3366 1396 3379 1419 ,
3413 1366 3464 1410 et
3499 1372 3595 1410 ex-

2020 1443 2325 1494 Sultatiouis
2357 1441 2643 1508 lacrymis.
2683 1441 2921 1494 divinum
2964 1443 3088 1495 illud
3123 1444 3595 1515 felicissimumque

2025 1530 2428 1585 tabernaculum
2471 1532 2523 1583 in
2569 1531 2754 1584 orbem
2802 1531 3078 1602 cingentes
3125 1534 3593 1602 amplexabantur,

2021 1629 2074 1672 et
2109 1618 2565 1672 exosculabantur
2591 1659 2604 1681 ,
2640 1618 2954 1686 nullumque
2989 1634 3092 1672 non
3136 1621 3431 1675 membrum
3471 1637 3595 1675 cor-

2021 1710 2136 1777 pori
2157 1709 2526 1771 admoventes,
2553 1722 2613 1760 ex
2644 1707 2759 1774 ejus
2786 1716 3037 1763 contactu
3063 1711 3348 1763 sanctitate
3365 1723 3416 1764 et
3435 1715 3596 1766 bene-

344 1775 507 1870 στίφη
535 1775 929 1869 ἐφυγαδεύοντο
955 1841 970 1865 ,
1006 1775 1272 1851 πάντοθεν
1296 1775 1749 1866 -συνελαυνόμενα
1784 1797 1920 1865 πρὸς

2039 1798 2257 1852 lictione
2309 1796 2789 1863 perfundebautnr.
2851 1798 2988 1850 Tum
3025 1812 3152 1864 ergo
3203 1800 3370 1853 morbi
3416 1799 3594 1867 fugam

347 1893 483 1962 μόνα
520 1891 589 1942 τά
637 1889 1008 1959 καταχθόνιοι·
1039 1887 1187 1958 ἀὴρ,
1234 1886 1400 1957 αἰθήρ
1444 1903 1504 1939 τε
1553 1886 1648 1939 καὶ
1695 1885 1920 1956 οὐρανὸς

350 1981 642 2051 ἠγιάζοντο
672 1981 786 2050 (45)
821 1982 885 2050 τῇ
935 1977 1201 2032 ἀναϐάσει
1238 1976 1333 2030 τοῦ
1388 1976 1717 2046 πνεύματος,
1749 1975 1822 2043 γῆ
1864 1975 1919 2026 δὲ

345 2077 414 2144 τῇ
455 2072 750 2126 καταθέσει
787 2069 881 2123 τοῦ
916 2069 1189 2139 σώματος.
1237 2067 1378 2119 Ἀλλ’
1403 2066 1577 2136 οὐδὲή
1612 2065 1706 2117 τοῦ
1733 2064 1921 2127 ὓδατος

346 2165 507 2232 φύσις
544 2163 645 2232 τῆς
685 2161 937 2228 εὐλογίας
985 2159 1255 2229 ὴμοίρησε
1283 2175 1296 2188 ο
1343 2156 1562 2209 λούεται
1609 2155 1717 2224 γὰρ
1771 2153 1922 2206 ὕδατι

325 2252 598 2322 καθαρεῖ),
639 2251 738 2304 οὐκ
771 2251 942 2320 αὐτὴν
981 2247 1324 2318 καθαίροντι,
1354 2245 1694 2314 ἀγνιζομένῳ
1724 2243 1836 2314 (46)
1865 2238 1922 2296 δὲ

352 2341 608 2412 μάλιστα.
654 2339 918 2393 Ἐνταῦθα
947 2339 1151 2406 κωφοῖς
1186 2337 1286 2406 μὲν
1313 2339 1346 2407 ἡ
1397 2337 1536 2405 ἀκοὴ
1565 2335 1921 2405 ἀπηρτίζετο,

347 2435 541 2504 χωλοῖς
585 2435 641 2486 αί
674 2432 785 2486 τῶν
815 2431 992 2484 ποδῶν
1024 2429 1412 2501 κατηρτίζοντο
1464 2427 1669 2497 βάσεις,
1705 2427 1924 2496 τυφλοῖς

349 2526 408 2578 δὲ
436 2524 804 2588 ἀνεκαινίζετο
837 2525 870 2592 ἡ
900 2525 1111 2592 ὅρασις,
1157 2521 1502 2591 ἁμαρτωλοῖς
1535 2519 1715 2571 πίστει
1759 2533 1927 2588 προσ-

357 2613 495 2666 ιοῦσι
544 2613 884 2684 χειρόγραφα
923 2611 1332 2681 διερρήγνυντο.
1413 2604 1543 2661 Εῐτα
1589 2609 1679 2671 τίς
1717 2608 1927 2660 Σινδόσι

357 2702 624 2774 καθαραῖς
669 2703 730 2756 τὸ
763 2701 1004 2772 καθαρὸν
1042 2701 1394 2755 ἐνειλίττεται
1428 2700 1612 2770 σῶμα,
1648 2701 1743 2753 καὶ
1772 2700 1927 2770 κλίνῃ

353 2789 513 2856 αὖθις
537 2793 570 2863 ὴ
604 2792 813 2862 βασιλὶς
830 2791 1152 2846 ἐπιτίθεται.
1183 2788 1318 2844 Εἶτα
1332 2790 1617 2860 λαμπάδες
1645 2791 1742 2842 καὶ
1761 2789 1926 2859 μύρα,

363 2883 525 2953 ὕμνοι
556 2882 916 2952 προπόμπιοι,
950 2882 1198 2950 ἀγγέλων
1232 2881 1328 2950 μὲν
1360 2883 1479 2944 ταῖς
1508 2881 1736 2943 οἰκείαις
1763 2879 1932 2947 γλώτ-

357 2989 478 3038 ταις
503 2973 882 3046 μελῳδούντων
913 2972 1082 3043 ὕμνον
1108 2972 1200 3025 τὸν
1232 2974 1416 3034 αὐτοῖς
1453 2970 1931 3042 προσφορώτατον,

356 3064 670 3119 ἀποστόλων
707 3064 764 3116 δὲ
792 3064 890 3116 καὶ⁸
929 3061 1202 3132 θεοφόρων
1241 3060 1496 3130 ιῘατέρων
1522 3059 1661 3129 ᾠδὰς
1701 3060 1932 3129 ᾀδόντων

357 3156 703 3225 θεοπρεπεῖς,
751 3155 844 3206 καὶ
885 3151 1256 3222 κροτουμένας
1295 3149 1372 3221 τῷ
1407 3149 1704 3220 Πνεύματι.

436 3412 524 3482 ιβ’;
550 3412 683 3464 Τότε
710 3410 796 3483 δὴ,
827 3409 951 3463 τότε
985 3412 1018 3480 ὴ
1050 3399 1278 3474 κιϐωτὸς
1303 3411 1399 3464 τοῦ
1439 3409 1646 3482 Κυρίου
1676 3408 1936 3480 ἀπάρασα

365 3501 428 3566 ἐξ
453 3502 614 3573 ὅρους
658 3501 800 3554 Σιὼν
830 3503 944 3564 τοῖς
985 3500 1096 3555 τῶν
1145 3501 1459 3555 ἀποστόλων
1495 3501 1727 3562 κλεινοῖς
1767 3499 1936 3570 ὤμοις

365 3592 704 3663 ἐποχουμένη
739 3592 874 3662 πρὸς
899 3591 960 3644 τὸ
992 3591 1243 3662 οὐράνιον
1272 3591 1497 3661 τέμενος
1529 3591 1618 3643 διὰ
1650 3591 1815 3661 μέσου
1841 3589 1936 3642 τοῦ

366 3685 540 3753 τάφου
577 3681 971 3746 διαϐιϐάζεται.
1011 3682 1122 3734 Καὶ
1165 3681 1429 3752 πρότερον
1483 3681 1584 3751 μὲν
1630 3679 1720 3734 διά
1773 3679 1936 3749 μέσου

370 3772 466 3824 τοῦ
517 3771 707 3835 ἄστεος
751 3770 982 3839 ἄγεται,
1019 3765 1108 3824 οἷά
1145 3787 1232 3834 τις
1269 3771 1454 3840 νύμφη
1503 3769 1840 3840 περικαλλὴς
1871 3773 1938 3839 τῇ

370 3865 547 3936 ἀπροο
556 3865 650 3934 ίτῳ
661 3863 823 3936 αἴγλῃ
837 3863 1184 3933 ὡραῖζομένη
1196 3863 1288 3916 τοῦ
1309 3863 1446 3914 Πνεύ
1456 3879 1618 3931 ματος
1627 3901 1641 3924 ,
1663 3863 1757 3914 καὶ
1768 3860 1829 3914 οὗ
1837 3878 1940 3923 τως

372 3953 455 4016 είς
489 3954 547 4005 τὸ
578 3952 872 4023 ἱερώτατον
899 3953 997 4024 τῆς
1031 3951 1356 4022 Γεθσημανὴ
1385 3951 1582 4021 χωρίον
1617 3951 1936 4018 κομίζεται,

371 4043 620 4112 ἀγγέλων
639 4041 1065 4114 προτρεχόντων,
1092 4044 1512 4113 παρεπομένων,
1538 4043 1942 4109 συγκαλυπτόν-

370 4151 483 4188 των
513 4132 632 4198 ταῖς
683 4134 910 4205 πτέρυξι
937 4173 952 4198 ,
985 4135 1078 4186 καὶ
1111 4133 1313 4197 παντὸς
1347 4133 1441 4186 τοῦ
1471 4137 1567 4204 τῆς
1609 4133 1941 4203 Ἐκκλησίας

373 4221 766 4293 πληρώματος.
793 4223 903 4276 Καὶ
935 4223 1122 4294 ὥσπερ
1145 4226 1173 4276 ὁ
1199 4224 1452 4294 βασιλεὺς
1475 4222 1726 4295 Σολομὼν
1752 4225 1845 4276 ἐπὶ
1865 4227 1940 4294 τῇ

367 4313 717 4369 καταπαύσει
750 4313 848 4383 τῆς
887 4313 1121 4366 κιϐωτοῦ
1161 4315 1218 4364 ἐν
1252 4312 1366 4382 ναῷ
1415 4314 1619 4382 Κυρίου
1643 4354 1657 4375 ,
1689 4313 1748 4365 ὃν
1782 4314 1944 4375 αὐτὸς

2021 1887 2411 1958 capessebant,
2443 1887 2744 1940 daemonum
2776 1896 3007 1941 catervm
3044 1887 3380 1955 pellebantur
3405 1929 3421 1953 ,
3448 1901 3498 1941 et
3531 1889 3595 1941 ad

2021 1979 2400 2032 subterraneos
2452 1985 2607 2048 terrae
2666 1986 2847 2044 partes
2923 1978 3156 2046 undique
3226 1963 3595 2047 abigebautur.

2022 2069 2151 2132 Aer,
2184 2067 2354 2120 aether
2408 2079 2472 2119 ac
2504 2065 2701 2118 caelum
2745 2066 3072 2120 ascendente
3108 2068 3296 2135 spiritu
3343 2070 3601 2122 sanctita-

2027 2166 2131 2210 tem
2159 2154 2552 2209 contrahebant
2577 2197 2591 2219 ,
2622 2155 3072 2223 quemadmodum
3102 2168 3156 2210 et
3189 2168 3328 2211 terra
3357 2161 3600 2228 corporis

2025 2237 2383 2314 depositione.
2424 2246 2562 2311 Quin
2597 2260 2662 2299 ne
2693 2260 2955 2314 aquarum
3011 2247 3227 2314 quidem
3279 2259 3468 2302 natura
3503 2253 3599 2305 be-

2027 2337 2330 2393 nedictione
2384 2352 2480 2391 sua
2539 2336 2734 2390 caruit.
2777 2335 3025 2390 Abluitur
3059 2338 3202 2392 enim
3254 2353 3393 2408 aqua
3444 2357 3599 2410 pura,

2028 2443 2132 2480 non
2161 2442 2278 2496 qua:
2299 2427 2470 2495 ipsam
2505 2427 2812 2489 mundaret,
2843 2428 2936 2481 sed
2965 2442 3083 2496 qua:
3112 2428 3287 2494 potius
3320 2429 3604 2484 mundare-

2031 2527 2137 2570 tur.
2180 2517 2354 2582 Atque
2379 2515 2506 2568 hinc
2547 2516 2727 2569 surdis
2760 2515 3005 2578 auditus,
3037 2514 3243 2571 claudis
3274 2517 3468 2586 plantzc
3510 2519 3603 2572 lir-

2031 2605 2190 2658 mitas
2222 2603 2568 2666 reddebatur,
2603 2604 2758 2657 cmcis
2785 2604 2932 2657 visus
2964 2605 3386 2672 instaurabatur,
3411 2623 3600 2676 pecca-

2032 2696 2238 2749 toribus
2260 2709 2380 2747 cum
2411 2693 2516 2748 fide
2545 2691 2925 2749 accedentibus
2948 2697 3269 2764 syngrapha:
3292 2697 3603 2752 laceraban—

2035 2793 2140 2836 tur.
2175 2784 2376 2838 Deinde
2411 2783 2560 2852 puris
2603 2783 2780 2838 linteis
2814 2798 3007 2852 purum
3055 2800 3250 2852 corpus
3295 2786 3600 2853 involvitur,

2032 2871 2278 2940 lectoque
2327 2887 2513 2926 rursus
2559 2873 2738 2941 regina
2784 2873 3123 2940 imponitur:
3171 2890 3290 2928 mox
3330 2875 3603 2945 lampades

2037 2962 2291 3016 adhibita:
2341 2970 2393 3015 et
2441 2972 2710 3034 unguenta
2758 2963 3050 3031 hymuique
3086 2962 3260 3018 funeri
3287 2963 3604 3021 deducendo

2040 3051 2262 3106 idonei:
2313 3053 2517 3121 angelis
2558 3055 2742 3121 utique
2794 3053 2990 3121 linguis
3033 3055 3145 3108 suis
3201 3057 3453 3126 hymnum
3503 3060 3605 3114 sibi

2039 3145 2581 3212 congruentissimum
2618 3145 3024 3200 concinentibus
3057 3165 3072 3212 ;
3123 3149 3376 3217 apostolis
3403 3160 3610 3216 autem,

2034 3233 2254 3302 Deoqne
2291 3235 2467 3305 plenis
2501 3236 2754 3292 Patribus
2783 3237 2991 3291 divinas
3029 3240 3286 3307 quasdam
3331 3242 3612 3296 cautiones

2036 3339 2066 3378 a
2096 3324 2296 3393 Spiritu
2329 3334 2518 3380 sancto
2563 3327 2845 3395 inspiratas
2874 3327 3290 3382 modulantibus.

2108 3413 2195 3467 12.
2235 3414 2312 3468 Ac
2343 3422 2452 3467 tum
2485 3429 2634 3479 sane,
2665 3423 2776 3468 tum
2807 3430 2932 3473 arca
2965 3415 3173 3470 Domini
3204 3431 3234 3470 e
3266 3429 3444 3472 monte
3475 3418 3606 3474 Sion

2039 3503 2254 3567 abiens,
2273 3504 2707 3572 venerandisque
2727 3506 3093 3574 apostolorum
3119 3505 3358 3561 humeris
3379 3517 3608 3576 gestata,

2039 3591 2090 3644 in
2126 3591 2346 3645 cmleste
2381 3592 2636 3662 templum
2675 3609 2770 3662 per
2806 3593 3149 3661 interiectum
3185 3599 3490 3664 sepulcrum
3527 3600 3610 3656 ef-

2042 3681 2232 3734 fertur.
2264 3680 2340 3736 Ac
2375 3682 2607 3751 primum
2643 3683 2858 3753 quidem
2895 3701 2993 3755 per
3022 3687 3250 3740 mediam
3287 3689 3474 3744 urbem
3507 3691 3599 3743 du-

2039 3774 2201 3838 citur,
2237 3783 2489 3842 tanquam
2529 3777 2932 3845 speciosissima
2971 3778 3213 3846 quaedam
3256 3795 3482 3848 sponsa,
3522 3783 3600 3835 iu-

2043 3865 2308 3932 corporali
2341 3866 2576 3934 Spiritus
2606 3867 2891 3935 splendore
2922 3869 3174 3922 decorata
3206 3888 3218 3921 :
3245 3878 3405 3938 atque
3437 3871 3507 3924 ita
3541 3871 3607 3925 ad

2043 3958 2444 4010 sanctissimum
2479 3957 2870 4012 Gethsemanes
2903 3959 3080 4012 locum
3117 3961 3378 4026 defertur,
3409 3962 3613 4030 angelis

2045 4046 2520 4119 praeut-rentibus,
2556 4059 2612 4104 et
2644 4051 3066 4111 assectantibus,
3102 4049 3309 4120 alisque
3343 4053 3456 4106 suis
3492 4069 3610 4107 eam
3649 4103 3654 4108 κ

2044 4137 2436 4202 obvelantibus,
2473 4151 2536 4190 ac
2577 4137 2829 4190 universo
2870 4135 3122 4191 Ecclesiae
3161 4146 3323 4190 cmtu.
3357 4137 3434 4191 Ac
3474 4138 3614 4192 sicut

2045 4243 2138 4281 rex
2171 4226 2453 4293 Salomon,
2479 4229 2550 4282 ob
2579 4229 2952 4296 deponendam
2983 4244 3164 4282 arcam
3197 4229 3249 4284 in
3282 4229 3476 4298 templo
3507 4229 3614 4285 Do-

2049 4317 2200 4379 mini,
2233 4318 2373 4385 quod
2409 4317 2520 4385 ipse
2553 4327 2918 4381 exstruxerat,
2951 4317 3194 4371 seniores
3223 4331 3412 4371 omnes
3443 4316 3611 4372 Israel

368 4404 666 4473 ἐδείματο,
721 4401 932 4462 πάντας
981 4402 1107 4463 τοὺς
1156 4401 1565 4470 πρεσϐυτέρους
1622 4403 1838 4471 Ἰσραὴλ
1886 4404 1944 4454 ἐν

2048 4409 2102 4460 ἱιι
2137 4407 2263 4461 Sion
2300 4408 2491 4476 coegit,
2526 4417 2583 4461 ut
2617 4423 2799 4461 arcam
2837 4407 3048 4461 Demini
3081 4407 3356 4462 deferrent
3383 4407 3451 4461 de
3480 4407 3616 4461 civi--

369 4493 510 4545 Σιὼν
561 4491 898 4563 ἡκκλησίασε
922 4532 936 4555 ,
970 4488 1066 4543 τοῦ
1100 4490 1412 4557 ἀνενεγκεῖν
1440 4491 1538 4559 τὴν
1569 4489 1798 4542 κιϐωτὸν
1830 4491 1940 4543 δια-

371 4581 547 4651 θήκης
580 4583 791 4652 Κυρίου
833 4582 898 4633 ὲκ
953 4580 1161 4642 πόλεως
1191 4579 1354 4632 Δαϐίδ
1374 4596 1387 4610 ⁸
1422 4579 1560 4650 αὕτη
1594 4582 1740 4634 ἐστὶν
1768 4582 1904 4634 Σιών
1927 4599 1939 4611 ·

372 4675 468 4725 καὶ
504 4669 648 4743 ἦραν
673 4675 722 4726 οἱ
753 4675 914 4744 ἱερεῖς
939 4673 1035 4743 τὴν
1068 4673 1298 4727 κιϐωτὸν
1337 4673 1432 4727 καὶ
1464 4674 1563 4742 τὴν
1607 4675 1812 4743 σκηνὴν
1849 4675 1942 4727 τοῦ

375 4765 720 4834 μαρτυρίου,
771 4765 864 4817 καὶ
899 4763 1228 4818 ἀνεϐίϐασαν
1275 4763 1415 4816 αὐτὰ
1459 4765 1510 4816 οἱ
1557 4765 1721 4834 ἱερεῖς
1770 4766 1863 4818 καὶ
1895 4764 1944 4817 οἱ

373 4855 632 4908 Λευῖται·
662 4853 758 4908 καί
778 4857 806 4906 ὁ
835 4854 1109 4923 βασιλεὺς,
1142 4855 1237 4908 καὶ
1264 4856 1292 4906 ὁ
1315 4855 1440 4917 λαὸς
1463 4855 1608 4918 ἄπας
1636 4856 1948 4926 ἔμπροσθεν

374 4944 476 5012 τῆς
505 4944 741 4997 κιϐωτοῦ
773 4945 989 5009 θύοντες
1018 4945 1148 5014 βόας
1171 4946 1264 4998 καὶ
1295 4945 1544 5012 πρόϐατα
1575 4947 1944 5016 ἁναρίθμητα·

378 5035 476 5087 καὶ
515 5035 859 5106 εἰσφέρουσιν
941 5036 991 5088 οί
1051 5037 1214 5105 ἱερεῖς
1257 5035 1358 5105 τὴν
1403 5035 1636 5088 κιϐωτὸν
1682 5036 1948 5109 διαθήκης

380 5125 586 5195 Κυρίου
617 5127 697 5187 είς
733 5125 824 5178 τὸν
857 5126 1022 5179 τόπον
1049 5125 1220 5194 αὐτῆς
1253 5126 1335 5188 είς
1362 5125 1424 5178 τὸ
1451 5125 1610 5194 δαϐὶρ
1631 5125 1726 5179 τοῦ
1756 5128 1905 5181 οίκου
1930 5170 1943 5192 ,

378 5217 466 5279 είς
499 5216 568 5268 τὰ
611 5217 780 5285 ’Λγια
834 5215 942 5270 τῶν
988 5215 1181 5284 ἀγίωνς
1240 5216 1344 5269 ὑπὸ
1392 5216 1492 5280 τὰς
1527 5218 1806 5287 πτέρυγας
1840 5220 1948 5272 τῶν

379 5306 694 5378 Χερουϐίμο
721 5307 864 5359 οὕτω
893 5306 960 5377 δὴ
993 5306 1086 5360 καὶ
1119 5304 1216 5358 νῦν
1239 5307 1350 5375 (47)
1380 5306 1474 5358 ἐπὶ
1501 5309 1568 5377 τῇ
1602 5307 1945 5362 καταπαύσει

457 5461 506 5493 ⁸⁸
533 5461 598 5516 Ill
629 5461 768 5531 Reg.
799 5477 918 5526 VIII,
954 5462 979 5516 1
1019 5476 1196 5532 seqq.;
1229 5461 1270 5516 Il
1307 5461 1481 5516 Paral.
1520 5476 1570 5527 ι’,
1601 5462 1636 5514 '2
1665 5477 1818 5532 seqq.

455 5617 568 5757 (ὃς
599 5616 782 5672 Germ.
813 5615 1091 5702 ηγιάςετσ.

455 5675 544 5757 (46
595 5686 661 5740 R.
697 5685 1060 5756 ἀγιαςομένῳ.

451 5675 565 5758 (46)
595 5686 661 5740 R.
697 5675 1060 5756 ἁγιαζομένῳ.

2052 4504 2158 4548 tate
2194 4494 2384 4557 David,
2425 4495 2475 4548 id
2510 4504 2592 4548 est
2629 4499 2692 4547 de
2729 4495 2889 4561 Sion;
2931 4497 3276 4565 tuleruntque
3309 4499 3620 4551 sacerdotes

2052 4600 2232 4638 aream
2280 4592 2333 4637 et
2384 4584 2786 4639 tabernaculum
2842 4587 3172 4649 testimonii,
3223 4603 3283 4640 ac
3332 4587 3619 4656 portabant

2053 4690 2193 4738 eam,
2228 4687 2339 4728 tum
2373 4676 2710 4738 sacerdotes,
2747 4685 2856 4728 tum
2894 4674 3096 4728 Levita:
3131 4696 3143 4730 :
3178 4691 3379 4743 rexque
3413 4688 3466 4730 et
3500 4693 3618 4730 om-

2055 4765 2138 4818 nis
2178 4763 2406 4834 p0pulus
2440 4773 2570 4818 ante
2603 4780 2784 4819 aream
2819 4767 3228 4834 gradiebantur,
3264 4782 3328 4822 ac
3364 4768 3524 4821 boves
3566 4777 3620 4818 et

2053 4871 2182 4910 oves
2215 4855 2636 4911 innumerabiles
2672 4857 3019 4912 immolabant
3053 4882 3063 4914 ;
3099 4875 3161 4914 ac
3197 4861 3407 4914 tandem
3441 4871 3622 4910 sacer-

2055 4949 2206 5002 dotes
2241 4963 2420 5002 arcam
2456 4947 2675 5004 foederis
2702 4948 2911 5004 Domini
2949 4951 2998 5003 in
3035 4951 3208 5005 locum
3241 4964 3393 5004 suum
3423 4944 3619 4999 intule-

2056 5047 2202 5101 runt,
2230 5037 2280 5089 in
2312 5037 2588 5091 oraculum
2616 5039 2830 5106 domus,
2856 5039 2908 5095 in
2939 5039 3136 5092 Sancta
3165 5045 3492 5096 sanctorum,
3521 5033 3621 5088 sub

2055 5129 2155 5184 alis
2186 5130 2479 5184 Cherubim
2497 5131 2543 5162 ⁸⁵
2575 5151 2586 5185 ;
2623 5131 2694 5184 ita
2723 5146 2936 5199 quoque
2964 5131 3029 5182 ad
3061 5126 3430 5196 deponendam
3459 5123 3621 5193 spiri-

2058 5221 2217 5276 talem
2246 5237 2427 5276 aream
2447 5263 2462 5287 ,
2495 5237 2600 5276 non
2628 5221 2848 5275 foederis
2876 5219 3117 5284 Domini,
3150 5217 3241 5273 sed
3273 5229 3516 5286 personae
3541 5214 3624 5282 ip-

2055 5316 2170 5368 sius
2196 5313 2288 5367 Dei
2311 5311 2493 5376 Verbi,
2521 5327 2689 5367 novus
2713 5311 2830 5381 ipse
2853 5309 3127 5376 Salomon,
3153 5309 3244 5380 qui
3267 5317 3350 5364 est
3373 5305 3626 5377 princeps

2136 5613 2244 5681 (47)
2279 5612 2429 5666 Colb.
2459 5613 2597 5666 τότε.
