3968 6348
294 356 400 419 τις)

1481 355 1538 415 S.
1579 352 1896 414 JOANNIS
1939 348 2364 409 DAMASCENI

3457 336 3563 398 ’740

291 472 463 543 pacis,
487 469 1077 540 praestanti‘ssimusque
1104 456 1338 522 universi
1365 465 1581 526 artifex,
1607 473 1718 517 tum
1744 476 1860 516 cte-

1973 461 2062 530 ιῆς
2085 462 2280 529 νοερᾶς
2304 458 2562 523 κιϐωτοῦ,
2587 459 2648 510 ού
2684 458 2951 528 διαθήκης
2978 456 3208 529 Κυρίου,
3237 456 3352 511 ἀλλ’
3384 461 3552 529 αὑτῆς

291 560 508 618 lestlum
547 563 803 616 mentium
843 560 1041 614 mundo
1074 558 1416 614 sublimiores
1455 557 1710 619 ordines,
1749 564 1860 607 tum

292 655 575 722 primarios
595 652 725 706 Novi
746 652 1078 705 Testameuti
1113 653 1279 713 viros,
1310 651 1415 703 hoc
1449 656 1531 701 est
1566 644 1862 715 apostolos,

292 759 394 798 uua
428 758 549 796 cum
580 742 827 795 universa
858 750 1164 795 sanctorum
1193 740 1285 807 qui
1312 732 1704 807 Hierosolymis
1732 751 1861 804 age-

290 836 416 888 baut
441 833 615 903 plebe,
641 832 904 886 hodierno
928 832 1015 884 die
1039 831 1091 883 in
1119 845 1279 883 unum
1305 829 1502 897 coegit.
1526 829 1603 883 Ac
1626 830 1861 883 animam

288 926 504 991 quidem
539 924 590 977 in
617 924 815 978 Sancta
846 932 1178 987 sanctorum,
1210 924 1265 974 in
1293 920 1623 989 exemplaria
1651 935 1777 974 vera
1809 930 1865 974 ct

288 1013 526 1067 cwlestia
568 1028 664 1081 per
697 1012 916 1081 angelos
955 1010 1272 1075 introducit,
1312 1023 1375 1064 ac
1409 1010 1508 1064 sub
1546 1010 1859 1063 animalium

288 1104 656 1172 quadruplicis
694 1104 881 1157 formze
921 1102 1020 1155 alis
1060 1116 1179 1156 eam
1223 1101 1518 1166 collocans,
1561 1116 1658 1155 suo
1696 1102 1863 1170 ipsius

290 1194 480 1247 throno
514 1195 566 1246 in
600 1193 852 1247 interiore
877 1191 1043 1262 876
1066 1190 1350 1245 velamiuis
1381 1199 1537 1259 parte
1566 1190 1728 1254 sistit,
1754 1205 1862 1258 quo

289 1296 589 1346 praecursor
626 1280 739 1347 ipse
770 1280 1020 1333 Christus
1053 1277 1411 1345 corporaliter
1446 1277 1720 1347 ingressus
1753 1285 1857 1330 est.

287 1371 495 1439 Corpus
530 1380 709 1424 autem
744 1368 1111 1439 apostolorum
1148 1366 1398 1420 manibus
1431 1374 1695 1431 gestatur,
1720 1364 1863 1435 Rege

291 1478 470 1532 regum
503 1462 789 1517 invisibilis
817 1474 926 1514 suae
957 1458 1174 1512 deitatis
1212 1457 1499 1525 Splendore
1527 1471 1645 1510 eam
1674 1465 1861 1510 conte-

287 1565 463 1622 gente,
490 1564 543 1607 et
569 1554 824 1607 universo
852 1558 1166 1605 sanctorum
1194 1556 1334 1602 coetu
1364 1555 1659 1616 praeeunte,
1687 1556 1742 1600 et
1768 1561 1862 1614 per

287 1650 564 1696 sacrarum
600 1656 790 1695 vocum
826 1640 1204 1700 emissionem,
1239 1635 1413 1690 laudis
1446 1635 1769 1689 sacrificium
1805 1635 1858 1688 iu

291 1732 513 1796 tumulo,
557 1741 808 1798 tanquam
847 1730 898 1781 in
939 1726 1191 1788 thalamo,
1230 1724 1595 1786 sacrificante,
1632 1738 1727 1790 per
1762 1724 1857 1789 ip-

1970 551 2072 620 τῆς
2107 550 2200 603 τοῦ
2231 550 2365 601 Θεοῦ
2408 549 2581 616 Λόγου
2629 549 3010 611 ὑποστάσεως,
3045 549 3206 611 αὐτὸς
3239 551 3266 601 ό
3293 551 3411 609 νέος
3444 552 3544 602 Σο-

1970 637 2175 707 λομὼν,
2206 639 2234 688 ὁ
2264 637 2621 706 είρηνάρχης,
2667 637 2759 688 καὶ
2791 637 2885 687 τοῦ
2916 637 3115 698 παντὸς
3162 637 3553 707 ἀριστοτέχνης

1966 729 2075 780 τῶν
2117 728 2388 798 οὐρανίων
2424 729 2562 780 νόων
2606 728 2671 780 τὰ
2724 729 3069 797 ὑπερκόσμια
3120 729 3404 797 τάγματα,
3458 736 3554 787 καὶ

1968 818 2065 886 τῆς
2087 819 2231 879 Νέας
2246 817 2521 887 Διαθήκης
2540 817 2666 879 τοῦς
2694 816 3054 886 προύχοντας,
3080 820 3203 881 τοῦς
3225 820 3555 883 ἀποστόλους

1969 909 2114 977 φημὶ
2136 948 2150 971 ,
2185 909 2281 960 σῦν
2317 907 2479 958 παντὶ
2509 905 2584 976 τῷ
2617 908 2673 957 ἐν
2731 905 3066 976 Ιεροοσαλὴμ
3095 907 3203 959 τῶν
3236 908 3406 975 ἁγίων
3438 908 3555 978 λαῷ

1975 999 2216 1067 σήμερον
2245 997 2602 1067 ἠκκλησίασε,
2635 996 2728 1047 καὶ
2751 995 2846 1065 τὴν
2875 997 2971 1065 μὲν
3002 996 3179 1068 ψυχὴν
3207 996 3276 1050 δι’
3305 998 3556 1065 ἀγγέλων

1968 1090 2048 1151 είς
2078 1089 2147 1141 τὰ
2172 1089 2345 1155 ’Ἅγια
2373 1088 2478 1139 τῶν
2504 1087 2694 1154 ἁγίων,
2727 1086 2795 1137 τὰ
2821 1086 3105 1157 ἀρχέτυπα
3124 1086 3190 1140 τά
3206 1087 3431 1156 ἀληθινὰ
3459 1086 3556 1138 καὶ

1969 1178 2203 1248 οὐράνια
2254 1177 2629 1241 είσοικίζεται,
2682 1177 2768 1228 ἐπ’
2807 1178 2977 1236 αὐτας
3005 1179 3113 1229 τῶν
3153 1179 3554 1248 τετραμόρφων

1964 1267 2118 1333 ζώων
2153 1271 2251 1330 τὰς
2286 1269 2602 1336 πτέρυγας,
2655 1268 2747 1319 καὶ
2798 1266 2874 1335 τῷ
2925 1266 3119 1320 ἑαυτοῦ
3170 1270 3554 1338 παρεστήσατο

1965 1360 2137 1431 θρόνῳ
2162 1400 2174 1421 ,
2209 1361 2287 1422 είς
2320 1360 2377 1410 τὸ
2405 1358 2681 1426 ἐνδότερον
2715 1354 2807 1408 1?}
2844 1359 3338 1426 καταπετάσματος
3359 1400 3372 1421 ,
3405 1359 3540 1409 ὅπου

1965 1451 2267 1520 πρόδρομος
2319 1449 2479 1510 αὐτὸς
2523 1447 2754 1518 Χριστὸς
2805 1448 3133 1516 σωματικῶς
3185 1448 3501 1517 εἰσελήλυθε
3535 1466 3547 1479 ·

1969 1541 2030 1593 τὸ
2058 1542 2112 1593 δὲ
2137 1542 2295 1609 σῶμα
2326 1543 2445 1601 ταῖς
2475 1539 2580 1591 τῶν
2607 1539 2919 1591 ἀποστόλων
2950 1539 3107 1608 χερσὶ
3134 1540 3550 1607 προκομίζεται,

1962 1634 2057 1685 τοῦ
2090 1633 2362 1694 Βασιλέως
2408 1632 2514 1682 τῶν
2559 1630 2947 1700 βασιλευόντων
2988 1629 3455 1698 συγκαλύπτοντος
3484 1631 3551 1698 τῇ

1964 1725 2125 1794 αῐγλῃ
2172 1725 2270 1793 τῆς
2326 1723 2560 1793 ἀοράτου
2606 1722 2890 1791 θεότητος,
2944 1723 3037 1773 καὶ
3068 1722 3269 1784 παντὸς
3318 1722 3409 1774 τοῦ
3441 1722 3551 1774 τῶν

289 1836 403 1871 sum
434 1819 485 1870 iu
518 1818 721 1871 deliciis
748 1816 936 1878 Edem,
963 1815 1124 1883 iuque
1152 1813 1463 1867 cmlesnbus
1501 1810 1865 1865 tabernaculis

1973 1814 2137 1881 ἁγίων
2182 1814 2535 1881 συστήματος
2570 1812 3000 1881 προτρεχόντων,
3044 1812 3135 1864 καὶ
3177 1813 3329 1883 ίεράς
3357 1811 3553 1879 ἀφιέν-

291 1908 606 1962 collocatur.

1972 1923 2082 1957 των
2128 1904 2256 1974 βοὰς
2292 1904 2427 1973 (48),
2471 1904 2565 1955 καὶ
2610 1901 2847 1955 θυόντων
2879 1902 3070 1953 θυσίαν
3104 1902 3367 1964 αἰνέσεως
3393 1940 3409 1965 ,
3441 1902 3554 1964 ἕως

288 2002 364 2062 ὡς
414 1996 747 2066 παστάδιτῷ
778 1995 965 2065 τάφῳ,
996 1994 1089 2047 καὶ
1132 1992 1198 2045 δι’
1245 1991 1410 2044 αὑτοῦ
1446 1995 1512 2062 τῇ
1555 1994 1654 2061 τῆς
1695 1992 1855 2061 Ἐδὲμ
1879 1999 2078 2066 τρυφῇ,
2121 1996 2213 2048 καὶ
2259 1993 2529 2063 οὐρανίοις
2564 1991 2864 2062 ἐναπετέθη
2896 1991 3236 2061 σκηνώμασι.

366 2108 445 2161 t5.
487 2106 722 2158 Aderant
765 2105 900 2157 forte
940 2103 1105 2156 etiam
1153 2116 1220 2156 ex
1259 2098 1481 2167 Judzeis,
1528 2103 1575 2156 si
1618 2103 1709 2170 qui
1752 2117 1859 2156 non

292 2196 575 2251 admodum
610 2193 835 2261 improbi
866 2191 1223 2246 exsistebaut.
1252 2190 1332 2245 Ab
1367 2205 1425 2245 re
1453 2205 1583 2245 vero
1613 2206 1717 2245 non
1745 2201 1859 2257 est,

293 2290 391 2342 hoc
429 2287 528 2340 loci
569 2284 795 2354 aliquid,
834 2282 975 2351 quod
1014 2282 1305 2335 multorum
1342 2296 1593 2335 sermone
1628 2283 1862 2337 circum-

291 2374 481 2435 fertur,
513 2373 637 2426 huic
669 2371 965 2424 narrationi
1003 2378 1261 2439 tanquam
1295 2372 1701 2424 condimentum
1733 2372 1864 2424 edu-

294 2463 408 2527 liis,
442 2463 760 2517 admiscere.
794 2465 959 2515 Aiunt
992 2460 1169 2524 enim,
1203 2474 1323 2513 cum
1359 2462 1426 2513 ad
1464 2461 1661 2515 montis
1692 2462 1865 2529 crepi-

291 2553 469 2605 dinem
501 2551 801 2615 venissent,
832 2550 922 2618 qui
960 2551 1179 2603 heatum
1212 2547 1308 2603 Dei
1340 2548 1637 2605 Geuitricis
1668 2566 1866 2620 corpus

292 2642 595 2710 gestabant,
623 2639 907 2696 Hebraeum
936 2641 1222 2708 quemdam
1252 2641 1456 2708 peccati
1483 2656 1723 2705 servum,
1748 2642 1867 2709 qui-

293 2746 397 2798 que
427 2729 601 2784 imdus
632 2746 752 2784 cum
784 2744 971 2783 errore
1000 2728 1298 2797 pepigerat,
1330 2727 1479 2782 illum
1511 2729 1729 2798 Caiphae
1763 2731 1865 2784 mi-

294 2822 545 2885 nistrum,
566 2821 654 2890 qui
689 2819 1024 2874 Dominicam
1057 2818 1405 2887 divinamque
1434 2817 1633 2872 Christi
1665 2818 1757 2873 Dei
1790 2822 1869 2872 fa-

295 2910 431 2966 elem
465 2914 617 2980 alapa
646 2910 936 2974 ceciderat,
970 2911 1304 2974 imitantem,
1338 2909 1662 2964 diabolicum
1697 2910 1868 2965 factus

292 3010 440 3057 esset
467 3015 752 3070 organum,
782 3001 1074 3055 temerario
1104 3002 1474 3070 praecipitique
1501 3017 1565 3055 ac
1595 3002 1864 3057 diabolica

2039 2116 2127 2176 ιγ’.
2160 2094 2421 2178 Παρῆσαν
2455 2107 2510 2158 δὲ
2538 2105 2698 2174 τυχὸν
2737 2105 2834 2157 καὶ
2872 2104 3135 2165 Ἰουδαῖοι,
3167 2103 3283 2155 ὅσοι
3322 2101 3398 2172 μὴ
3429 2102 3555 2155 λίαν

1968 2194 2303 2265 ἀγνώμονες.
2334 2196 2447 2263 Οὐχ
2471 2189 2583 2246 οἷον
2612 2194 2668 2246 δὲ
2693 2232 2708 2255 ,
2749 2191 2935 2262 ὥσπερ
2961 2192 3076 2261 ὄψῳ
3105 2191 3463 2262 παράρτυμα,
3490 2191 3555 2244 τὸ

1962 2291 2077 2351 τοῖς
2132 2286 2345 2339 πολλῶν
2396 2284 2829 2355 περιφερόμενον
2878 2282 3080 2353 χείλεσι
3132 2280 3432 2352 προσμίξαι
3474 2279 3551 2350 τῷ

1962 2379 2286 2447 διηγήματι.
2310 2376 2449 2429 Φασὶ
2469 2374 2596 2444 γαρ,
2632 2375 2719 2426 ὅτε
2757 2374 2894 2443 πρὸς
2926 2376 2993 2443 τῇ
3018 2371 3320 2426 καταϐάσει
3350 2371 3556 2426 κατάν·

1963 2485 2089 2530 τους
2121 2466 2281 2538 ὅρους
2316 2468 2597 2535 γεγόνασιν
2628 2467 2676 2517 οί
2706 2466 2767 2518 τὸ
2805 2463 3077 2534 μακάριον
3110 2463 3269 2532 σῶμα
3301 2462 3397 2531 τῆς
3418 2462 3553 2512 Geo-

1967 2561 2202 2630 μήτορος
2236 2559 2502 2628 αἴροντες,
2550 2556 2797 2627 Ἑϐραίόν
2836 2573 2958 2608 τινα
2995 2555 3096 2624 τῆς
3127 2554 3397 2623 ἁμαρτίας
3427 2552 3553 2605 δοῦ-

1972 2652 2086 2715 λον,
2142 2652 2235 2703 καὶ
2273 2651 2370 2719 τῆς
2420 2650 2631 2717 πλάνης
2663 2646 3015 2711 ὑπόσπονδον,
3056 2647 3147 2698 τὸν
3201 2644 3292 2697 τοῦ
3326 2644 3555 2711 Καῖάφα

1971 2740 2190 2809 οἰκέτην
2223 2737 2582 2809 μιμούμενον,
2626 2738 2684 2799 ὃς
2713 2736 2775 2788 τὸ
2804 2735 3132 2788 Δεσποτικὸν
3167 2734 3261 2786 καὶ
3286 2732 3424 2785 θεῖον
3457 2731 3554 2784 τοῦ

1973 2827 2211 2898 Χριστοῦ
2257 2827 2352 2879 τοῦ
2400 2826 2535 2879 Θεοῦ
2586 2826 2741 2897 ἡμῶν
2782 2826 3053 2896 ὲρρἀικε
3108 2824 3418 2893 πρόσωπον,
3451 2822 3551 2875 καὶΙ

1972 2919 2226 2972 διαϐόλου
2262 2918 2551 2987 γενόμενον
2580 2917 2833 2988 δργανον,
2866 2915 3098 2985 θρασείᾳ
3127 2914 3276 2984 ῥύμῃ
3301 2912 3395 2965 καὶ
3424 2912 3554 2965 ἀλο-

1973 3007 2144 3075 γίστῳ
2166 3006 2481 3075 φερόμενον,
2514 3006 2604 3057 καὶ
2633 3006 2775 3075 φορᾷ
2809 3003 3159 3073 κακοδαίμονι
3182 3003 3556 3072 αὐτομολῆσαι

297 3096 499 3163 impetu
534 3093 893 3158 concitatum,
926 3094 981 3148 in
1014 3093 1413 3149 divinissimutn
1450 3093 1573 3147 illud
1610 3095 1864 3148 taberna-

1973 3095 2105 3167 πρὸς
2137 3097 2314 3149 ἐκεῖνο
2344 3094 2404 3147 τὸ
2429 3095 2706 3147 θειότατον
2733 3094 3018 3164 σκήνωμα,
3052 3086 3095 3159 ᾧ
3119 3089 3351 3155 δεδιότες
3377 3107 3553 3163 προσ-

294 3186 498 3251 culum,
535 3185 601 3238 ad
635 3182 777 3253 quod
816 3183 990 3253 angeli
1034 3198 1139 3237 non
1181 3183 1297 3238 sine
1334 3195 1479 3238 metu
1512 3185 1864 3250 accedebant,

298 3278 555 3340 irruisse,
590 3285 973 3344 arreptumque
1010 3284 1240 3344 utraque
1278 3290 1438 3329 manu
1477 3274 1738 3328 lectulum
1775 3289 1866 3329 ve-

298 3382 429 3423 sane
458 3381 521 3420 ac
551 3366 750 3420 furiose
775 3366 830 3418 in
863 3375 1060 3419 terram
1092 3364 1396 3419 detraxisse
1428 3363 1668 3436 (invidia:
1699 3364 1868 3419 malo-

301 3471 419 3510 rum
442 3453 675 3507 auctoris
700 3454 783 3507 bic
805 3462 1029 3508 conatus
1048 3451 1407 3520 erat),verum
1431 3453 1638 3507 fructus
1659 3454 1869 3510 labores

299 3545 595 3616 precessit,
631 3543 989 3612 acerbamque
1024 3558 1179 3596 uvam
1217 3545 1495 3613 proposito
1528 3560 1624 3599 suo
1650 3546 1866 3615 dignam

301 3635 533 3705 collegit.
571 3633 827 3688 Orbatqu
870 3633 1012 3687 enim
1055 3633 1227 3688 fuisse
1267 3634 1516 3689 manibus
1556 3634 1756 3690 fertmt.
1793 3638 1870 3690 Ac

302 3740 525 3785 cernere
553 3735 671 3780 erat
701 3723 962 3779 facinoris
993 3724 1238 3779 manibus
1271 3725 1505 3796 propriis
1536 3735 1866 3795 patratoreni

304 3818 551 3871 manibus
582 3814 866 3869 confestim
892 3824 1164 3868 carentem
1194 3831 1209 3868 :
1237 3813 1415 3884 quoad
1449 3824 1681 3869 mentem
1710 3829 1865 3868 suam

305 3909 407 3962 tide
435 3921 495 3961 ac
523 3905 835 3976 paenitentia
866 3913 1141 3959 mutasset.
1167 3903 1420 3961 Protinus
1449 3904 1524 3960 illi
1556 3906 1644 3975 qui
1677 3909 1870 3977 graba-

305 4008 414 4051 tum
452 3997 772 4068 portabant,
806 4005 1101 4064 steteruut,
1137 4007 1192 4051 et
1228 3999 1392 4052 miser
1426 3998 1515 4053 ille
1550 4000 1643 4069 qui
1680 4015 1871 4056 mauus

302 4090 577 4154 amiserat,
606 4089 672 4144 iis
700 4090 1047 4144 tabernaculo
1073 4091 1327 4155 admotis,
1354 4092 1496 4160 quod
1522 4093 1644 4146 vitae
1672 4094 1871 4162 princi-

302 4183 448 4249 pium
478 4180 595 4245 fuit,
625 4181 1099 4250 prodigiorumque
1128 4180 1246 4235 fons
1274 4190 1410 4247 erat,
1439 4183 1869 4238 incolumitatem

304 4285 492 4324 rursus
537 4280 859 4323 consecutus
902 4278 1005 4322 est.
1052 4269 1349 4324 Calamitas
1392 4272 1536 4324 enim
1586 4272 1868 4340 prudentia

303 4359 666 4426 salutariaque
689 4360 912 4411 consilia
930 4373 1137 4426 parere,
1166 4359 1542 4428 utplurituum,
1567 4364 1867 4418 consuevit.

304 4449 503 4504 Verum
534 4450 599 4501 ad
633 4450 933 4502 institutam
966 4450 1265 4504 orationem
1300 4461 1655 4505 revertamur.

376 4538 465 4591 14.
508 4537 643 4590 llinc
681 4538 746 4590 ad
788 4539 1211 4594 sacratissimam
1254 4540 1648 4596 Gethsemaneu
1697 4542 1871 4597 defer-

310 4637 414 4687 tur,
446 4625 535 4677 ubi
571 4640 756 4680 rursus
786 4628 965 4681 oscula
1000 4639 1054 4682 et
1090 4631 1423 4699 complexus,
1458 4648 1645 4688 rursus
1662 4636 1873 4702 laudes,

305 4717 598 4788 hymnique
638 4717 804 4781 sacri,
847 4728 900 4771 et
940 4719 1212 4791 lacryime,
1251 4739 1312 4777 ex
1354 4739 1554 4793 angore
1588 4737 1641 4781 et
1678 4726 1871 4780 calenti

304 4820 487 4858 auiure
518 4802 771 4858 sudorum
805 4807 1062 4861 scatebrae
1091 4820 1371 4866 manantes
1400 4829 1412 4865 :
1444 4828 1506 4865 ac
1534 4814 1713 4867 videre
1745 4812 1873 4866 lice-

304 4897 394 4950 bat
431 4898 655 4950 sudores
696 4904 749 4949 et
787 4894 1052 4965 lacrymas
1092 4898 1305 4955 ﬂuentis
1346 4904 1454 4955 suis
1492 4916 1676 4958 mutuo
1710 4905 1873 4959 veluti

305 4985 603 5039 certamine
626 4983 1019 5038 conﬂictantes.
1040 4985 1214 5051 Atque
1241 4988 1310 5038 ita
1335 4989 1731 5043 sauctissiuuun
1757 5006 1876 5044 cur-

307 5089 405 5144 pus
445 5075 747 5130 clarissimo
795 5075 1348 5145 prtestantissimoque
1396 5077 1599 5132 tumulo
1645 5080 1875 5148 imponi-

306 5172 429 5232 tur;
458 5166 605 5222 uude
637 5166 816 5221 triduo
846 5175 965 5235 post
995 5166 1046 5219 in
1077 5165 1244 5221 caelos
1274 5167 1560 5223 attollitur.
1595 5167 1869 5236 Siquidem

306 5253 543 5309 divinum
584 5257 714 5311 illud
754 5256 1084 5312 domicilium
1109 5297 1124 5324 ,
1166 5257 1311 5311 illum
1357 5258 1576 5313 minime
1615 5256 1869 5315 eﬂossum

306 5355 456 5411 aqua:
500 5348 831 5404 remissionis
872 5348 1104 5415 fontem,
1148 5350 1415 5405 iuaratum
1454 5350 1582 5405 illud
1626 5351 1867 5410 caelestis

304 5430 460 5496 panis
486 5449 698 5503 arvum,
727 5440 871 5496 illam
901 5456 1170 5511 nunquam
1203 5441 1478 5512 irrigatam
1508 5457 1622 5498 uvae
1649 5443 1872 5499 immor-

398 5610 483 5677 ιε)
617 5618 797 5680 φωνάς

398 5611 483 5677 ιε)
518 5611 581 5664 R.
617 5618 797 5680 φωνάς

371 5611 481 5752 ἕω)
513 5679 579 5735 Β.
620 5680 813 5751 φθόνῳ.

1970 3186 2115 3239 ίεσαν
2154 3186 2395 3254 ἄγγελοι,
2423 3186 2515 3238 καὶ
2542 3187 2742 3254 ἀμφοῖν
2778 3184 2870 3237 τοῦ
2903 3182 3210 3252 κραϐὃάτου
3234 3186 3353 3234 ταῖν
3375 3183 3556 3251 χεροῖν

1979 3277 2225 3345 μανικῶς
2270 3277 2367 3328 καὶ
2418 3275 2696 3345 ὲκφρόνως
2748 3273 3086 3343 δραξάμενον
3138 3271 3428 3325 καθέλκειν
3473 3272 3555 3333 είς

1966 3366 2262 3434 τοῦδαφοςο
2319 3365 2514 3434 φθόνου
2563 3366 2675 3433 (49)
2742 3364 2834 3417 τοῦ
2882 3364 3193 3433 ἀρχεκάκου
3250 3363 3346 3416 καὶ
3397 3361 3558 3415 τοῦτο

1966 3456 2227 3527 ὅρμημα,
2257 3454 2370 3508 ἀλλ’
2396 3456 2424 3508 ὁ
2457 3456 2667 3525 καρπὸς
2698 3454 2805 3506 τῶν
2850 3456 3029 3506 πόνων
3072 3452 3385 3522 προέφθασε
3408 3491 3426 3516 ,
3460 3453 3559 3505 καὶ

1970 3545 2164 3615 βότρυν
2209 3545 2403 3615 πικρὸν
2453 3546 2546 3598 καὶ
2612 3545 2841 3609 ἐπάξιον
2885 3545 2985 3614 τῆς
3031 3544 3239 3607 οἰκείας
3288 3543 3555 3615 ἐτρύγησε

1977 3638 2394 3708 προαιρέσεως,
2432 3639 2833 3692 Ἐκλελοιπέναι
2881 3640 2991 3709 γὰρ
3023 3639 3188 3694 αὑτὸν
3229 3639 3328 3701 τὰς
3360 3642 3552 3709 χεῖρας

1970 3728 2375 3798 διαγορεύουσι.
2416 3729 2528 3781 Καὶ
2553 3724 2621 3797 ἦν
2661 3728 2791 3780 ἰδεῖν
2829 3726 2927 3779 τοῦ
2959 3726 3162 3779 ἀτόπου
3204 3726 3552 3796 τολμήματος

1971 3820 2062 3873 τὸν
2097 3821 2389 3890 αὐτόχειρα
2417 3820 2613 3890 ἀθρόον
2645 3820 2993 3890 δεικνύμενον
3022 3820 3241 3889 ἄχειρα,
3283 3820 3387 3880 ἕως
3412 3816 3553 3888 πρὸς

1971 3911 2152 3963 πίστιν
2179 3909 2277 3981 τὴν
2305 3911 2536 3982 γνώμην
2572 3911 2859 3981 μετέϐαλε,
2896 3912 2989 3964 καὶ
3022 3911 3346 3981 μετάμελον.
3392 3910 3555 3978 ’Δμει

1971 4001 2097 4071 λητὶ
2133 4002 2242 4077 γάρ
2290 4002 2340 4053 οί
2368 4004 2458 4053 τὸν
2505 4001 2814 4069 κράὁδατον
2856 4001 3118 4070 φέροντες
3153 3998 3412 4068 ἔστησαν,
3453 4000 3553 4052 καὶ

1971 4092 2181 4157 ἔπιθεὶς
2213 4092 2296 4145 τὼ
2341 4095 2491 4163 χεῖρε
2521 4096 2549 4146 ὁ
2577 4092 2810 4153 δείλαιος
2848 4091 2927 4162 τῷ
2956 4090 3249 4162 ζωαρχικῷ
3274 4091 3372 4143 καὶ
3416 4090 3553 4142 θαυη-

1975 4184 2292 4253 μαστοτόκῳ
2322 4183 2664 4252 σκηνώματι,
2710 4182 2848 4245 σῶος
2899 4177 3055 4245 αὖθις
3083 4183 3148 4234 ἐκ
3176 4181 3552 4251 κολοὸόχειρος

1970 4272 2197 4340 γίνεται.
2218 4274 2538 4325 Ἐπίσταται
2569 4273 2677 4343 γὰρ
2703 4272 2779 4336 ὡς
2803 4272 2870 4326 τὰ
2902 4272 3071 4326 πολλὰ
3102 4273 3196 4326 καὶ
3226 4272 3551 4342 περίστασις

1980 4364 2096 4417 σῶα
2137 4365 2228 4418 καὶ
2269 4367 2514 4435 σωτήρια
2566 4365 2719 4417 κύειν
2761 4365 3125 4436 βουλεύματα.
3197 4365 3336 4417 Ἀλλ’
3366 4365 3460 4416 ἐπὶ
3487 4363 3551 4415 τδ

1977 4458 2333 4528 προκείμενον
2364 4459 2866 4529 παλινοστήσωμεν.

2047 4548 2128 4603 ιδ’.
2178 4549 2459 4601 Ἐντεῦθεν
2492 4550 2625 4619 πρὸς
2652 4549 2747 4619 τὴν
2770 4549 3096 4619 Γεθσημανὴ
3125 4549 3225 4619 τὴν
3250 4548 3551 4618 ἱερωτάτην

1974 4638 2273 4705 κατάγεται
2294 4656 2307 4669 ’
2343 4639 2504 4692 πάλιν
2526 4657 2584 4693 τε
2617 4642 2900 4709 ἀσπασμο)⁸
2931 4642 3023 4694 καὶ
3056 4641 3405 4709 περιπλοκαὶ,
3443 4642 3540 4691 καὶ

1976 4727 2140 4780 πάλιν
2194 4726 2481 4796 ἐγκώμια,
2532 4728 2692 4797 ὕμνοι
2737 4731 2909 4799 ἱεροὶ,
2951 4729 3048 4783 κα)⁸
3080 4731 3407 4800 ἀνακλήσεις
3457 4730 3554 4781 καὶ

1971 4818 2203 4887 δάκρυα,
2229 4818 2287 4883 ἐξ
2322 4819 2560 4885 ἀγωνίας
2589 4820 2684 4871 καὶ
2714 4820 2876 4872 πόθου
2917 4823 3141 4891 κρουνοὶ
3178 4822 3412 4890 ἱδρώτων
3455 4837 3548 4872 περ

1982 4910 2339 4981 ριρῤεόμενοισ
2401 4911 2494 4962 καὶ
2553 4911 2661 4980 (50)
2700 4907 2779 4979 ’ἦν
2828 4911 2953 4964 ἰδεῖν
3011 4912 3245 4983 ἱδρῶτας
3313 4912 3412 4963 καὶ
3464 4911 3533 4963 δά

1978 5014 2121 5067 κρυα
2166 5002 2277 5061 τοῖς
2346 4999 2612 5068 χεύμασιν
2664 5000 3039 5069 ἀμιλλώμενα.
3106 5003 3216 5055 Καὶ
3264 5002 3437 5062 οὕτως
3486 4999 3553 5052 τὸ

1978 5089 2243 5156 πανάγιον
2298 5088 2458 5159 σῶμα
2508 5090 2590 5160 τῷ
2622 5091 2948 5143 πανευκλεεί
2997 5092 3091 5145 καὶ
3136 5093 3406 5163 ὑπερφυεῖ
3434 5090 3549 5159 (51)

1975 5178 2271 5230 ἐπιτίθεται
2307 5181 2589 5250 μνήματι·
2639 5179 2941 5234 κάντεῦθεν
2988 5185 3228 5250 τριταῖον
3281 5180 3412 5249 πρὸς
3459 5179 3553 5233 οὑ-

1994 5268 2212 5338 ρανίους
2270 5268 2466 5339 δόμους
2520 5270 2950 5343 μετεωρίζεται.
3023 5272 3169 5325 Ἔδει
3229 5272 3337 5341 γὰρ
3390 5269 3555 5322 «~31!-

1971 5356 2032 5407 τὸ
2062 5356 2363 5425 θεοπρεπὲς
2407 5357 2728 5429 ἐνδιαίτημα
2767 5361 2868 5431 τὴν
2914 5360 3210 5431 ἀνόρυκτον
3239 5358 3420 5429 πηγὴν
3454 5357 3551 5410 τοῦ

1978 5447 2074 5516 τῆς
2106 5446 2355 5513 ἀφέσεως
2390 5446 2599 5515 ὓδατος,
2637 5449 2734 5520 τὴν
2767 5452 3031 5520 ἀνήροτον
3058 5450 3302 5521 ἄρουραν
3335 5446 3429 5500 τοῦ
3461 5463 3519 5501 oc
3553 5474 3570 5493 ι

2049 5622 2156 5691 (50)
2192 5621 2390 5676 Desunt
2420 5625 2531 5677 hanc
2566 5625 2615 5678 in
2647 5623 2711 5677 ll.

2058 5693 2167 5762 (51)
2196 5691 2259 5747 Β.
2292 5692 2532 5762 ύπερυεῐ.
