4018 6342
362 329 464 395 741

1154 328 1479 393 HOMILIA
1518 336 1577 393 II
1624 338 1698 396 [Ν
1739 298 2274 402 DORMITIO’NEM
2314 347 2378 405 B.
2417 349 2483 409 V.
2526 349 2806 410 MARIzE.
2886 368 2901 371 ‘

3478 360 3582 420 742

347 443 531 515 ρανίου
558 443 759 516 ἄρτου,
788 445 885 514 τὴν
907 444 1233 515 ἀνάρδευτον
1267 442 1510 518 ἄμπελον
1535 469 1625 507 του
1666 453 1766 522 τῆς
1803 454 1897 523 ἀμ-

2017 455 2135 510 talis
2174 457 2417 521 vineam,
2461 458 2608 512 illam
2654 475 2895 528 paternte
2940 466 3306 523 miserationis
3340 469 3584 536 olivam,

346 534 572 604 δροσίας
614 534 864 603 βότρυος,
918 534 1018 603 τὴν
1074 537 1331 608 ἀειθαλλῆ
1394 539 1492 592 καὶ
1543 541 1912 612 καλλίκαρπον

346 622 533 677 ἐλαίαν
568 623 662 675 τοῦ
693 623 964 693 πατρικοῦ
1009 623 1188 678 ἐλαίου
1228 626 1373 696 (59.),
1411 632 1527 691 τοῖς
1559 632 1787 682 κενεῶσι
1815 632 1913 700 τῆς

348 712 448 781 γῆς
483 712 557 780 μὴ
602 709 992 781 καθείργεσθαι
1017 727 1031 743 ο
1084 714 1197 765 ἀλλ’
1230 713 1416 784 ὥσπερ
1459 715 1517 768 τὸ
1546 715 1605 778 ἐξ
1634 717 1803 786 αὐτῆς
1836 716 1913 785 τῷ

343 803 463 871 Θεῷ
493 802 652 869 Λόγῳ
685 802 987 855 ἐνυποστάν
1033 803 1189 873 σῶμα
1217 805 1276 856 τὸ
1309 806 1462 873 ἅγιον
1488 807 1579 858 καὶ
1617 808 1910 877 ἀκήρατον,

343 894 407 962 τῇ
446 892 605 962 τρίτῃ
636 892 823 961 ἡμέρα
854 891 949 945 τοῦ
985 895 1263 964 μνήματος
1296 895 1645 959 ἐξανίστατο,
1678 896 1818 948 οὕτω
1846 895 1909 966 δὴ

344 983 436 1035 καὶ
466 981 672 1051 ταύτην
702 981 1118 1053 ἐξαρπασθῆναι
1148 985 1241 1037 τοῦ
1269 985 1466 1054 τάφου,
1512 985 1606 1037 καὶ
1647 984 1781 1055 πρὸς
1821 984 1911 1039 τὸν

345 1073 471 1125 Υίδν
509 1070 607 1141 τὴν
646 1071 858 1139 μητέρα
893 1071 1341 1143 μεθαρμοσθῆναι
1368 1112 1383 1139 ,
1417 1074 1509 1126 καὶ
1531 1072 1718 1143 ὥσπερ
1750 1073 1912 1135 αὐτὸς

343 1164 482 1234 πρὸς
512 1160 681 1230 αὐτὴν
712 1161 1109 1231 καταϐέϐηκεν,
1140 1162 1313 1225 οὕτως
1352 1164 1521 1234 αὐτὴν
1547 1163 1644 1234 τὴν
1673 1162 1909 1233 προφιλῆ

344 1255 479 1325 πρὸς
514 1253 685 1324 αὐτὴν
732 1252 1101 1325 ἀναφέρεσθαι
1129 1293 1143 1317 ,
1181 1255 1280 1324 τὴν
1332 1255 1551 1324 μείζονα
1578 1258 1672 1308 καὶ
1714 1256 1909 1308 τελεω-

342 1346 515 1414 τέραν
550 1344 659 1412 (55)
709 1344 937 1415 σκηνὴν,
998 1346 1078 1406 είς
1129 1346 1293 1397 αὐτὸν
1337 1346 1428 1399 τὸν
1469 1346 1716 1416 οὐρανόν.
1760 1346 1907 1397 Ἔδει

340 1434 440 1505 τὴν
489 1434 583 1487 τὸν
634 1434 766 1486 Θεὸν
820 1434 994 1501 Λόγον
1050 1438 1108 1487 ἐν
1154 1439 1219 1504 τῇ
1275 1438 1445 1507 αὐτῆς
1492 1437 1644 1507 νηδύι
1699 1437 1908 1501 ξενοδο-

342 1526 603 1593 χήσασαν,
646 1525 706 1575 ἐν
749 1525 872 1586 ταῖς
921 1524 1015 1577 τοῦ
1065 1526 1266 1595 ἑαυτῆς
1324 1528 1454 1580 Υίοῦ
1495 1530 1906 1599 κατοικισθῆναι

343 1616 602 1684 σκηναῖς·
644 1615 738 1665 καὶ
767 1612 955 1683 ὥσπερ
1000 1617 1028 1667 ό
1085 1616 1288 1684 Κύριος
1326 1616 1547 1685 ἔφησεν,
1588 1618 1663 1680 ὼς
1708 1622 1765 1672 ἐν
1795 1621 1905 1682 τοῖς

340 1704 433 1756 τοῦ
455 1704 654 1756 οἰκείου
683 1704 893 1773 [ἰατρὸς
921 1700 1057 1757 εἶναι
1085 1706 1383 1774 ὀφείλεται,
1420 1713 1513 1760 καὶ
1540 1709 1639 1779 τὴν
1674 1710 1905 1778 Μητέρα

324 1794 449 1846 ἔδει
482 1796 540 1846 ἐν
574 1796 685 1855 τοῖς
715 1794 809 1845 τοῦ
842 1793 973 1846 Υίοῦ
1007 1792 1294 1862 βασιλείοις
1318 1795 1653 1859 αὐλίζεσθαι,
1687 1798 1743 1847 ἐν
1772 1798 1903 1866 οίκῳ

341 1882 571 1952 Κυρίου,
614 1884 710 1936 καί⁹
733 1884 790 1935 ἐν
831 1884 1021 1946 αὐλαῖς
1050 1883 1223 1937 οίκου⁶
1239 1883 1372 1936 Θεοῦ
1409 1885 1586 1954 ἡμῶν.
1619 1886 1811 1955 Είγὰρ
1846 1886 1904 1938 ἐν

338 1971 487 2041 αὐτῷ
539 1972 757 2025 πάντων
792 1972 899 2025 τῶν
936 1974 1378 2045 εὐφραινομένων
1412 1977 1445 2043 ἡ
1495 1974 1769 2037 κατοικία,
1797 1973 1901 2025 ποῦ

335 2064 433 2134 τῆς
465 2064 803 2134 εὐφροσύνης
831 2064 892 2116 τὸ
921 2065 1123 2130 αίτιον;
1178 2064 1323 2117 Ἔδει
1343 2064 1441 2134 τῆς
1475 2066 1533 2117 ἐν
1586 2064 1663 2135 τῷ
1689 2068 1901 2118 τίκτειν

337 2152 653 2223 φυλαξάσης
707 2154 806 2223 τὴν
860 2153 1159 2223 παρθενίαν
1206 2154 1509 2223 ἁλώὸητον,
1575 2154 1900 2224 ἀδιάφθορον

335 2244 642 2316 τηρηθῆναι
666 2243 726 2296 τὸ
784 2244 964 2314 σῶμα,
1011 2245 1105 2296 καὶ
1142 2244 1281 2314 μετὰ
1315 2244 1561 2298 θάνατον.
1615 2245 1764 2297 Ἔδει
1802 2246 1901 2314 τὴν

335 2337 620 2405 ἐγκόλπιον
658 2335 729 2397 ὡς
764 2334 962 2405 βρέφος
991 2335 1082 2388 τὸν
1116 2336 1355 2407 Κτίστην
1387 2335 1753 2405 βαστάσασαν,
1788 2339 1900 2398 τοῖς

335 2428 501 2489 θείοις
523 2425 878 2495 ἐνδιατρίϐειν
945 2425 1318 2495 σκηνώμασιν.
1356 2425 1501 2478 Ἔδει
1529 2427 1626 2495 τὴν
1657 2425 1895 2495 νύμφην,

334 2518 400 2588 ἣν
420 2520 447 2569 ὁ
476 2516 661 2586 Πατὴρ
684 2514 1082 2585 ὲνυμφεύσατο,
1100 2519 1212 2580 τοῖς
1232 2516 1506 2585 οὐρανίοις
1529 2516 1893 2569 ἐνδιαιτᾶσθαι

334 2607 597 2677 θαλάμοις
624 2607 763 2675 (54).
806 2606 953 2658 Ἔδει
978 2604 1076 2677 τὴν
1112 2608 1169 2658 ἐν
1193 2607 1410 2677 σταυρῷ
1436 2607 1526 2659 τὸν
1552 2607 1749 2676 ἑαυτῆς
1771 2608 1897 2659 Υίὺν

334 2695 806 2760 κατοπτεύσασαν,
841 2696 939 2747 καὶ
964 2696 1061 2764 τῆς
1080 2695 1284 2758 ὠδῖνος,
1311 2696 1379 2766 ἢν
1402 2696 1633 2749 τεκοῦσα
1655 2696 1894 2764 δίεφυγε,

331 2784 433 2852 τὴν
449 2781 722 2852 ῥομφαίαν
738 2781 1033 2853 δεξαμένην
1053 2783 1354 2852 ἐγκάρδιον,
1381 2784 1458 2853 τῷ
1476 2786 1587 2835 Πατ
1597 2785 1647 2853 pl
1662 2784 1896 2854 καθορᾷν

334 2874 767 2945 συγκαθήμενον.
804 2874 953 2926 Ἔδει
997 2874 1097 2943 τὴν
1131 2873 1222 2926 τοῦ
1254 2874 1387 2926 Θεοῦ
1444 2875 1673 2946 Μητέρα
1703 2876 1772 2928 τὰ
1799 2874 1893 2929 τοῦ

334 2966 466 3019 Υίοῦ
517 2965 991 3035 κατακτήσασθαι,
1036 2966 1131 3019 κα)⁸
1178 2965 1284 3018 ὐπὸ
1314 2965 1495 3035 πάσης
1541 2966 1616 3028 ὡς
1666 2966 1894 3036 Μητέρα

328 3055 466 3109 Θεοῦ
506 3056 601 3109 καὶ
621 3054 814 3125 δούλην
846 3055 1289 3126 προσκυνηθῆναι
1325 3056 1426 3125 τῆς
1469 3055 1718 3117 κτίσεως.
1781 3057 1889 3109 Ἀεὶ
1915 3090 1960 3149 c

332 3146 433 3215 μὶν
456 3144 566 3214 γὰρ
592 3145 656 3196 ἐκ
686 3144 796 3196 τῶν
822 3144 1091 3197 τεκόντων
1127 3147 1156 3197 ὁ
1205 3145 1403 3214 κλῆρος
1444 3146 1522 3207 είς
1545 3145 1670 3208 τοὺς
1697 3147 1888 3209 παῖδας

330 3237 563 3290 κάτεισι.
598 3235 712 3289 Νῦν
760 3235 838 3301 δὲ,
872 3234 947 3298 ὥς
981 3252 1063 3298 τις
1110 3234 1213 3304 ἔφη
1247 3232 1429 3303 σοφὸς,
1489 3235 1601 3288 ἄνω
1631 3234 1891 3304 ποταμῶν

327 3324 436 3379 τῶν
484 3324 648 3394 ιερῶν
682 3323 919 3394 χωροῦσι
948 3325 1141 3398 πηγαί.
1194 3324 1252 3377 'O
1280 3324 1388 3394 γάρ
1443 3324 1573 3387 Υἱὸς
1606 3325 1671 3393 τῇ
1709 3324 1892 3395 Μητρὶ

327 3414 427 3485 τὴν
460 3413 750 3484 σύμπασαν
793 3414 971 3468 κτίσιν
1001 3413 1462 3468 κατεδουλώσατο.

402 3511 486 3557 ιε’.
510 3504 677 3557 Δεῦτε
717 3506 1031 3575 τοιγαροῦν,
1078 3506 1172 3559 καί¹
1225 3507 1381 3574 ἡμεῖς
1433 3506 1674 3576 σήμερον
1699 3508 1891 3577 ἑορτὴν

329 3594 532 3658 ἐξόδιον
552 3599 618 3667 τῇ
645 3598 834 3667 Μητρὶ
855 3597 950 3649 τοῦ
999 3596 1138 3649 Θεοῦ
1169 3597 1536 3667 ἐορτάσωμεν,
1571 3599 1672 3651 οὐκ
1697 3599 1892 3659 αὐλούς

327 3702 478 3749 τινας
506 3687 604 3740 καὶ
636 3688 976 3759 κορύϐαντας
1021 3688 1299 3757 φέροντες,
1347 3689 1440 3740 καὶ
1465 3687 1531 3741 τά
1556 3688 1655 3757 τῆς
1684 3688 1890 3758 μητρὸς

324 3777 435 3830 τῶν
459 3778 831 3849 ψευδωνύμων
858 3776 1017 3844 θεῶν,
1046 3778 1121 3840 ὼς
1151 3778 1305 3831 αὐτοὶ
1336 3778 1576 3845 λέγουσι,
1612 3776 1889 3831 θιασεύον-

324 3888 418 3935 τες
439 3872 620 3942 ὄργια,
642 3871 710 3941 ῆν
740 3868 1067 3921 πολύτεκνον
1093 3867 1615 3938 μυθοπλαστοῦσινοὶ
1637 3867 1887 3939 ἄφρονες,

322 3966 351 4018 ὁ
376 3964 433 4018 δέ
479 3962 582 4033 τῆς
620 3960 880 4030 ἀληθείας
929 3961 1084 4028 λόγος
1133 3961 1462 4030 παρίστησιν
1511 3961 1755 4014 ἄτεκνον.
1787 3955 1889 4013 Οἷα

322 4054 578 4124 δαίμονες
614 4051 790 4106 ταῦτα
827 4052 920 4105 καὶ
952 4051 1154 4122 σκιώδη
1200 4052 1584 4121 φαντάσματα,
1616 4050 1643 4101 ὃ
1683 4050 1758 4120 μὴ
1788 4067 1890 4102 περ

323 4145 563 4214 φύκασιν
584 4143 804 4206 είκαίως
821 4143 1254 4214 ὑποκρινόμενοι,
1273 4141 1381 4195 τῶν
1401 4141 1769 4215 πλανωμένων
1787 4142 1886 4210 τὴν

323 4237 512 4291 ἄνοιαν
538 4235 831 4306 ἐσχηκότες
859 4234 1167 4303 ἐπίκουρον.
1193 4233 1360 4303 Γεννᾷ
1386 4234 1497 4303 γὰρ
1524 4232 1639 4295 πῶς
1667 4234 1731 4284 ἐκ
1758 4248 1887 4284 συν-

325 4325 572 4399 δυασμοῦ
625 4325 688 4379 τὸ
731 4324 1055 4396 ἀσώματον;
1098 4326 1191 4377 καὶ
1225 4324 1345 4377 τίνα
1381 4324 1578 4394 τρόπον
1623 4322 1882 4393 μιχθήσε-

2013 548 2362 601 vernantibus
2398 558 2658 618 perpetuo
2694 552 2835 607 foliis
2870 554 3356 626 pulcherrimisqne
3392 559 3584 614 fructi-

2012 637 2111 689 bus
2137 649 2405 704 onustam,
2436 648 2593 693 terra:
2614 643 2978 708 penetralibus
3005 647 3179 701 claudi
3209 649 3427 703 minime
3451 666 3584 704 eon-

2012 727 2277 781 veniebat.
2306 728 2444 795 Quin
2476 732 2677 799 potius,
2706 734 2864 787 sicuti
2896 746 3140 791 sanctum
3174 739 3578 808 incorruptum-

2012 829 2115 881 qne
2158 816 2284 871 illud
2328 832 2545 887 corpus,
2592 821 2733 888 quod
2777 822 2914 877 Deus
2961 834 3025 878 ex
3072 841 3132 879 ea
3179 842 3421 894 persona:
3470 844 3584 883 sua:

2010 904 2387 970 copulaverat,
2426 908 2581 960 tertia
2618 906 2703 962 die
2738 923 2767 961 e
2802 918 3148 968 monumento
3190 917 3461 979 surrexit;
3500 917 3581 969 sic

2010 983 2169 1045 etiam
2206 993 2343 1048 banc
2377 1010 2407 1049 e
2443 997 2649 1052 tumulo
2679 999 2885 1067 abripi,
2921 1012 3254 1071 matremque
3286 1005 3350 1059 ad
3383 1003 3577 1075 Filium

2010 1081 2243 1149 migrare
2273 1100 2371 1152 par
2396 1095 2513 1140 erat
2543 1103 2557 1139 :
2587 1098 2673 1152 et,
2707 1098 2763 1141 ut
2794 1091 2909 1158 ipse
2940 1093 3001 1145 ad
3033 1104 3152 1147 eam
3184 1096 3572 1159 descenderat,

2008 1169 2087 1222 sic
2113 1184 2228 1222 eam
2257 1171 2322 1224 ad
2352 1174 2523 1241 majus
2548 1180 3000 1247 praastantinsque
3022 1181 3449 1248 tabernaculum,
3476 1185 3578 1239 hoc

2007 1264 2111 1320 est,
2137 1259 2201 1309 ad
2231 1258 2404 1324 ipsum
2436 1261 2630 1316 caelum
2658 1265 2876 1319 deferri.
2903 1267 3224 1336 Oportebat,
3252 1273 3491 1339 inquam,
3518 1284 3578 1326 ut

2007 1358 2127 1411 quae
2160 1345 2324 1400 Deum
2356 1349 2589 1405 Verbum
2625 1356 2826 1410 ventris
2860 1357 2938 1409 sui
2980 1358 3211 1425 hospitio
3245 1369 3567 1428 exceperat,

2007 1434 2059 1486 in
2096 1436 2289 1489 divinis
2318 1434 2482 1507 877
2514 1437 2633 1493 Filii
2668 1442 2751 1495 sui
2788 1445 3150 1500 tabernaculis
3186 1447 3569 1515 collocaretur;

2005 1532 2058 1578 et
2088 1528 2538 1592 quemadmodum
2568 1530 2829 1587 Dominus
2858 1547 2915 1587 se
2946 1535 2997 1587 in
3033 1537 3115 1589 bis
3144 1553 3261 1605 qua:
3290 1537 3463 1593 Patris
3490 1542 3570 1593 sui

2006 1616 2268 1682 essent",
2296 1618 2497 1671 versari
2524 1620 2716 1675 debere
2741 1623 2984 1688 dixerat;
3008 1626 3090 1679 sic
3112 1643 3324 1696 quoque
3347 1628 3570 1683 Matrem

2007 1708 2060 1759 in
2081 1705 2205 1761 Filii
2229 1697 2377 1776 regia
2402 1711 2725 1764 commorari
2749 1716 3124 1780 conveniebat,
3161 1717 3211 1770 id
3233 1719 3386 1771 estin
3412 1721 3574 1774 dumo

1933 1770 1976 1828 Β
2004 1794 2239 1860 Domini,
2270 1788 2325 1850 et
2356 1798 2409 1851 in
2441 1799 2592 1852 atriis
2623 1799 2814 1853 domus
2848 1801 2940 1855 Dei
2977 1806 3144 1856 nostri
3169 1805 3235 1857 ⁸⁸.
3269 1805 3399 1858 Nam
3435 1808 3479 1859 si
3516 1808 3569 1859 in

2003 1901 2064 1939 ea
2093 1885 2389 1940 laetantium
2424 1888 2667 1941 omnium
2695 1888 2957 1944 habitatio
2984 1890 3152 1959 eSt",
3183 1895 3397 1946 ubinam
3433 1895 3569 1947 fuis-

1999 1980 2081 2027 set
2113 1988 2275 2027 causa
2310 1974 2546 2027 laetitiae?
2575 1974 2891 2044 Oportebat,
2929 1989 2984 2031 ut
3016 1980 3134 2047 ejus
3166 1997 3285 2049 quae
3321 1983 3371 2034 in
3410 1992 3567 2051 partu

1999 2063 2365 2131 virginitatem
2411 2064 2528 2118 sine
2571 2065 2690 2119 labe
2729 2078 3061 2131 servaverat,
3101 2070 3366 2125 incolume
3404 2074 3566 2125 etiam

2000 2164 2120 2220 post
2145 2162 2370 2205 mortem
2395 2167 2591 2221 corpus
2613 2164 2939 2209 servaretur.
2962 2155 3260 2225 Oportebat
3284 2175 3424 2226 eam,
3449 2177 3571 2229 qua?

1998 2240 2306 2297 Creatorem
2333 2243 2475 2296 velut
2505 2242 2761 2297 infantem
2790 2246 2908 2299 sinu
2939 2255 3264 2315 gestaverat,
3290 2249 3341 2302 in
3371 2251 3566 2304 divinis

2000 2333 2358 2387 tabernaculis
2413 2334 2629 2403 degere.
2692 2332 2988 2402 Oportebat
3029 2346 3088 2390 ut
3134 2353 3331 2405 sponsa
3404 2353 3565 2408 quam

1998 2421 2157 2487 Pater
2185 2423 2545 2492 spoponderat
2597 2424 2650 2478 in
2684 2427 2854 2481 tboris
2915 2428 3222 2484 coelestibus
3274 2430 3562 2485 habitaret.

1996 2510 2307 2579 Oportebat,
2365 2523 2424 2567 ut
2480 2528 2599 2582 qua:
2658 2513 2850 2568 Filium
2903 2532 3055 2572 suum
3114 2520 3167 2572 in
3218 2535 3378 2575 cruce
3435 2536 3568 2575 con-

1997 2610 2267 2666 spexerat,
2332 2610 2386 2655 et
2440 2600 2675 2669 gladium
2733 2618 2892 2671 quem
2942 2606 3198 2674 pariendo
3244 2608 3560 2676 effugisset,

1995 2698 2216 2756 pectore
2284 2699 2411 2744 tunc
2473 2704 2802 2760 exceperat,
2844 2695 3016 2763 ipsum
3071 2695 3217 2750 Patri
3282 2699 3561 2753 considen-

1998 2787 2102 2831 tem
2146 2789 2435 2848 spectaret.
2500 2779 2795 2851 Oportebat
2870 2784 3102 2852 denique
3182 2788 3273 2840 Dei
3334 2787 3560 2843 Matrem

1995 2884 2057 2924 ea
2083 2884 2201 2938 qua:
2226 2869 2347 2924 Filii
2373 2881 2587 2936 essent,
2618 2872 2922 2939 possidere,
2952 2885 3006 2927 et
3035 2876 3102 2928 ab
3128 2877 3380 2931 omnibus
3408 2893 3561 2930 crea-

1997 2961 2130 3015 turis
2156 2962 2391 3014 adorari.
2419 2963 2735 3031 Quanquam
2766 2964 2909 3017 enim
2943 2965 3230 3019 hazreditas
3262 2982 3290 3019 a
3320 2969 3557 3035 parenti-

1996 3053 2095 3106 bus
2121 3054 2185 3106 ad
2215 3053 2353 3107 filios
2377 3067 2589 3122 semper
2610 3055 2930 3120 devolvitur,
2955 3070 3094 3109 nunc
3123 3065 3323 3121 tamen,
3353 3067 3410 3111 ut
3435 3074 3557 3112 eru-

1995 3145 2089 3198 diti
2114 3145 2390 3213 cujusdam
2413 3145 2589 3198 verbis
2610 3153 2750 3211 utar,
2769 3159 3046 3199 sacrorum
3070 3143 3349 3199 ﬂuminum
3376 3146 3556 3201 fontes

1992 3252 2205 3291 sursum
2239 3250 2453 3289 cursum
2491 3234 2748 3303 relegunt.
2785 3235 2892 3290 Res
2920 3236 3118 3305 quippe
3147 3251 3335 3293 onmes
3364 3239 3554 3292 condi-

1994 3335 2073 3379 tas
2101 3324 2271 3379 Filius
2296 3322 2449 3377 Matri
2480 3324 2832 3392 mancipavit.

2063 3494 2150 3549 15.
2191 3497 2301 3565 Age
2329 3495 2512 3563 igitur,
2539 3508 2637 3548 nos
2658 3509 2870 3563 quoque
2897 3495 2990 3549 Dei
3018 3494 3170 3551 Matri
3193 3496 3334 3551 diem
3361 3497 3552 3551 festum

1991 3587 2250 3642 discessui
2285 3586 2453 3656 ipsius
2486 3594 2904 3641 consentaneum
2944 3586 3222 3651 obeamus,
3254 3603 3359 3642 non
3395 3588 3553 3643 tibias

1990 3677 2227 3731 ferentes
2256 3690 2319 3731 ac
2349 3675 2689 3745 corybantes,
2721 3691 2784 3730 ac
2811 3676 2952 3729 illius
2982 3677 3236 3731 falsorum
3270 3679 3547 3732 numinum

1989 3769 2203 3834 matris,
2222 3778 2279 3822 ut
2302 3770 2400 3837 ipsi
2423 3769 2629 3833 dicunt,
2648 3768 2826 3821 divina
2844 3771 2992 3837 orgia
3015 3768 3366 3833 celebrantes,
3387 3783 3547 3837 quam

1988 3856 2136 3911 stulti
2169 3856 2413 3911 homines
2440 3855 2727 3909 multorum
2760 3855 3048 3909 liberorum
3076 3854 3242 3909 fuisse
3271 3863 3547 3924 parentem

1989 3947 2317 4011 fabulantur,
2344 3945 2458 4013 ipsa
2481 3954 2659 3998 autem
2683 3945 2909 4008 veritas,
2939 3944 3112 3998 nullos
3134 3944 3367 3998 edidisse
3395 3959 3548 3997 mon-

1987 4048 2145 4094 strat.
2173 4038 2447 4092 Daemones
2471 4036 2614 4090 enim
2643 4037 2744 4090 ista
2770 4045 2917 4103 sunt,
2940 4044 3101 4105 atque
3124 4037 3372 4092 umbrosa
3400 4053 3547 4106 quae-

1988 4133 2110 4187 dam
2146 4140 2383 4201 spectra,
2425 4132 2476 4186 id
2516 4131 2657 4201 quod
2698 4136 2894 4183 natura
2932 4144 3036 4182 non
3078 4137 3227 4192 sunt,
3262 4143 3548 4197 perperam

1989 4224 2275 4293 fingentes,
2306 4223 2359 4277 in
2393 4224 2691 4278 subsidium
2722 4221 3015 4276 accedente
3044 4220 3412 4287 aberrantium
3444 4220 3545 4274 bo-

1990 4315 2191 4369 minum
2228 4316 2484 4369 amentia.
2517 4314 2759 4381 Quonam
2792 4313 2936 4366 enim
2970 4311 3130 4366 modo
3166 4311 3216 4364 id
3250 4311 3389 4378 quod
3422 4326 3547 4365 cor-

321 4434 449 4484 ταις
481 4416 723 4479 καὶπῶς
761 4414 893 4477 Θεὸς
938 4416 1000 4467 τὸ
1039 4415 1113 4485 μὴ
1161 4413 1220 4466 ὃν
1274 4414 1373 4483 μὲν
1424 4412 1709 4482 πρότερον,
1745 4412 1882 4480 πρὸς

1996 4421 2115 4473 pore
2143 4414 2316 4469 vacat,
2346 4418 2412 4459 ex
2441 4404 2725 4459 concubitu
2757 4401 2974 4471 gignat?
2998 4400 3265 4469 quomodo
3297 4400 3542 4455 miscebi-

320 4509 380 4563 δὲ
431 4508 645 4575 γένεσιν
695 4505 1111 4577 παραγόμενον;
1158 4504 1278 4557 ’Ὁτι
1324 4504 1434 4574 γὰρ
1487 4502 1777 4573 ἀσώματον
1823 4503 1883 4554 τὸ

319 4598 602 4668 δαιμόνιον
632 4596 817 4666 φῦλον,
842 4595 1001 4649 παντί
1028 4613 1131 4648 που
1147 4595 1321 4665 δῆλον,
1349 4597 1443 4648 καὶ
1466 4595 1647 4657 αὐτοῖς
1675 4595 1787 4655 τοῖς
1814 4592 1884 4645 τὰ

319 4688 486 4757 νοητὰ
543 4686 946 4755 τυφλώττουσιν
1002 4686 1249 4756 ὄμματα.
1308 4687 1454 4755 Ἔφη
1492 4684 1602 4756 γάρ
1640 4700 1742 4737 που
1774 4683 1882 4735 τῶν

320 4778 517 4832 ἐαυτοῦ
546 4778 723 4846 λόγων
771 4779 802 4830 6
842 4777 1107 4849 Ὄμηρος,
1152 4777 1261 4832 nisi
1315 4777 1480 4840 ἀξίων
1535 4776 1700 4830 αὐτοῦ
1744 4775 1882 4828 θεῶν

317 4869 697 4941 ὑφηγούμενος
718 4867 813 4940 τὴν
849 4868 1197 4921 κατάστασιν⁴

323 5071 407 5123 οὐ
435 5070 626 5137 πυρὸν
641 5068 974 5131 ἐσθίουσιν,
1012 5070 1083 5122 οὐ
1112 5067 1412 5137 πίνουσιν,
1439 5065 1658 5120 αἴθοπα
1691 5062 1877 5137 οἷκον,

324 5135 563 5195 Τοῦνεϊ
601 5137 921 5207 ἀναίμονές
981 5140 1121 5203 εισι,
1165 5137 1263 5190 καί
1306 5135 1595 5275 ἀθάνατοι[
1632 5135 1879 5276 7:215:3-

1602 5223 1632 5258 τ
1677 5223 1695 5258 ι
1843 5247 1858 5261 .

1602 5223 1695 5258 ται
1725 5223 1858 5261 (DD).

316 5298 393 5352 Οὐ
434 5299 581 5351 σῖτον
604 5296 864 5362 ἐσθίουσι,
895 5298 1081 5369 φησὶν,
1122 5298 1183 5350 οὐ
1216 5297 1306 5351 τὸν
1353 5296 1712 5367 θερμαντικὸν
1739 5294 1881 5351 οἶνον

1991 4497 2111 4550 tur?
2151 4500 2417 4564 quomodo
2461 4496 2512 4549 id
2559 4497 2696 4549 Deus
2737 4495 2876 4556 erit,
2919 4493 3060 4560 quod
3104 4506 3227 4545 cum
3275 4498 3401 4544 ante
3443 4506 3548 4544 non

1988 4596 2150 4652 esset,
2183 4589 2235 4639 in
2264 4597 2441 4641 ortum
2472 4595 2653 4652 postea
2684 4583 2895 4653 prodit?
2917 4581 3051 4635 Nam
3079 4582 3219 4649 quod
3251 4581 3550 4636 dtemonum

1991 4680 2137 4732 natio
2178 4692 2405 4741 corpore
2445 4686 2648 4739 careat,
2692 4676 2832 4727 inter
2869 4687 3059 4727 onmes
3098 4682 3345 4737 constat;
3388 4674 3550 4727 etiam

1991 4768 2130 4823 inter
2159 4782 2250 4822 eos
2283 4768 2373 4837 qui
2412 4767 2606 4821 mentis
2639 4765 2809 4819 oculis
2843 4765 2984 4833 capti
3018 4742 3161 4818 sunt.
3196 4764 3284 4816 Ait
3316 4766 3459 4818 enim
3498 4764 3550 4815 in

1989 4859 2218 4928 quodam
2258 4872 2480 4926 operum
2521 4871 2743 4911 suorum
2784 4856 2901 4911 loco
2940 4854 3225 4919 Hottterus,
3266 4855 3549 4922 dignorum

1989 4967 2047 5006 se
2072 4952 2295 5004 deorum
2323 4959 2519 5004 statum
2547 4963 2852 5019 exponens:

1991 5064 2111 5120 Non
2140 5082 2323 5134 panem
2354 5066 2648 5132 comedunt,
2684 5083 2772 5120 nec
2801 5066 2918 5119 vino
2948 5066 3163 5117 ardente
3190 5070 3439 5129 petantur
3470 5074 3493 5113 :

1990 5134 2137 5189 Unde
2163 5151 2347 5190 cruore
2378 5147 2581 5202 carent,
2608 5135 3031 5202 immanemque
3060 5139 3311 5185 vocantur
3340 5144 3361 5181 :

1988 5297 2103 5355 Non
2139 5313 2329 5387 panem
2361 5296 2547 5363 edunt,
2583 5295 2777 5364 inquit,
2809 5308 2917 5347 non
2988 5292 3170 5348 vinum
3204 5290 3348 5362 quod
3404 5288 3553 5343 cales

387 5412 433 5444 ⁸⁷
469 5412 602 5469 Luc.
631 5427 691 5479 ιι,
720 5412 809 5468 49.
882 5414 929 5447 ⁸⁸
967 5414 1108 5469 Psal.
1153 5429 1355 5478 cxxxn,
1380 5413 1435 5468 2.
1510 5413 1556 5447 ⁸⁹
1582 5410 1725 5467 Psal.
1760 5429 1975 5482 Lxxxvt,
2015 5414 2065 5467 7.

389 5526 498 5598 (52)
527 5527 760 5598 Omnino
791 5530 1071 5598 legendum
1099 5531 1271 5591 ἐλέου,
1303 5539 1359 5583 ιιι
1390 5529 1741 5597 Lipomanus.

389 5596 595 5671 (53)_R.
632 5597 769 5668 πρὸς
819 5596 1049 5656 αὐτὸν...
1094 5601 1226 5671 πρὸς
1260 5600 1357 5668 τὴν
1392 5596 1612 5670 μείζονα
1657 5600 1751 5654 καὶ
1784 5604 1883 5656 κα-

311 5665 653 5737 θαρωτέραν.

2064 5530 2176 5601 (54)
2197 5530 2274 5601 ΔΙί.
2300 5529 2676 5601 ἐνδιατρίϐειν.

2061 5599 2170 5672 (55)
2196 5599 2341 5655 Iliad.
2385 5601 2446 5654 ν.
