4018 6342
385 318 488 380 743

1568 293 1626 348 S.
1669 288 1701 350 J
1706 287 1910 347 OANN
1916 287 1990 346 IS
2028 282 2461 345 DAMASCENI

3539 282 3644 347 7.“

373 428 561 494 faciat,
590 426 661 481 ob
686 414 914 492 eamque
960 426 1178 469 causam
1221 399 1506 473 sanguinis
1532 406 1782 465 expertes
1810 403 1957 458 sunt,

2073 397 2305 449 πίνουσι.
2364 392 2569 446 Τούτου
2636 394 2798 465 χάριν
2856 391 3151 463 ἀναίμονές
3186 390 3315 455 εἰσι,
3354 388 3637 444 τουτέστιν

375 528 430 574 et
447 485 784 573 immortales
805 485 1158 579 appellantur.
1202 497 1279 551 Ac
1301 492 1519 564 proprie
1543 488 1757 558 quidem
1782 485 1915 539 dixit
1934 524 1949 548 ,

376 609 724 678 appellantur.
750 594 1087 655 [mmortales
1110 588 1260 644 enim
1285 591 1577 643 vocantur;
1608 585 1661 630 at
1692 589 1795 629 nou
1828 583 1953 629 sunt

378 666 597 765 id'quod
622 699 909 748 vocantur,
933 684 1131 754 quippe
1158 674 1249 747 qui
1277 673 1392 727 vitii
1423 678 1651 725 mortem
1677 666 1948 720 obierunt.

375 758 490 840 Nos
520 797 649 837 vero
689 780 781 850 qui
826 776 993 831 Deum
1036 772 1296 831 colimus;
1338 758 1527 823 Deum,
1565 759 1808 825 inquam,
1844 769 1950 808 non

376 892 439 932 ex
482 874 648 929 nihilo
692 871 1036 942 productum,
1074 862 1166 917 Sed
1212 848 1602 923 sempiternum
1645 864 1714 904 ex
1755 846 1955 914 sempi-

318 980 321 983 ‘
379 981 556 1033 terno,
589 963 846 1032 omnique
883 970 1070 1019 causa,
1112 951 1342 1011 ratione,
1388 954 1444 999 et
1482 942 1807 1019 cogitatione
1846 951 1955 992 tum

378 1027 657 1124 temporis,
691 1027 805 1104 tum
836 1057 1041 1102 natura:
1071 1036 1443 1109 superiorem;
1480 1031 1572 1084 Dei
1598 1029 1828 1082 Matrem
1862 1027 1957 1078 ho-

379 1114 634 1201 noramus
667 1157 731 1196 ac
763 1149 1102 1196 veneramur.
1135 1128 1253 1183 Non
1288 1122 1430 1194 quod
1464 1120 1802 1174 divinitatem
1837 1114 1955 1182 ejus

376 1246 556 1290 ortum
594 1230 660 1287 ex
694 1245 757 1284 ea
797 1227 1030 1283 traxisse
1064 1228 1370 1276 statuamus
1408 1212 1523 1281 (Dei
1564 1209 1829 1278 siquidem
1869 1221 1959 1275 ge-

379 1326 587 1381 neratio
617 1334 857 1391 tempore
883 1323 1057 1376 caret.
1083 1310 1439 1373 eamdemque
1464 1317 1586 1385 eum
1614 1300 1776 1354 Patre
1804 1305 1960 1352 aeter-

379 1422 601 1473 nitatem
623 1414 833 1481 habet),
868 1422 1053 1463 verum
1088 1404 1383 1460 secundum
1424 1396 1759 1449 nativitatem
1794 1390 1962 1445 conli—

382 1520 578 1571 temur,
611 1521 706 1575 per
731 1500 1091 1557 voluntariam
1122 1492 1303 1549 carnis
1332 1482 1733 1555 susceptionem
1754 1524 1767 1548 ,
1802 1482 1960 1549 cujus

381 1564 682 1650 causam-et
715 1584 992 1651 novimus,
1026 1594 1081 1639 et
1116 1580 1363 1636 laudibus
1397 1575 1696 1653 elIerinIus.
1730 1564 1962 1639 Propter

383 1690 480 1743 nes
522 1687 664 1741 enim
711 1698 774 1738 ac
819 1690 1017 1735 nostrae
1060 1674 1252 1730 salutis
1292 1684 1453 1725 causa
1499 1669 1832 1727 iucaruatur,
1872 1660 1962 1730 qui

2056 484 2193 558 αἷμα
2220 489 2320 540 οὐκ
2346 486 2551 556 ἔχουσι,
2587 489 2680 540 καὶ
2707 487 2962 540 ἀθάνατοι
2983 483 3367 553 ὀνομάζονται.
3394 483 3639 551 Καιρίως

2055 582 2131 642 ὡς
2162 579 2377 648 ἀληθῶς
2408 578 2513 648 ἔφη
2562 579 2642 643 τὸ,
2686 578 3024 631 καλέονται.
3071 576 3356 628 Ἀθάνατοι
3391 574 3500 645 γὰρ
3541 592 3642 627 κα-

2057 669 2278 721 λοῦνται
2301 687 2313 699 θ
2350 671 2452 721 οὐκ
2480 671 2587 722 sict
2618 656 2674 721 δὲ
2708 669 2854 722 τοῦθ’
2882 670 3017 739 ὅπερ
3046 666 3378 721 καλοῦνται’
3409 667 3503 718 τὸν
3536 668 3639 735 γὰρ

2058 760 2155 829 τῆς
2190 758 2390 820 κακίας
2422 758 2720 828 τεθνήκασι
2751 758 3001 811 Θάνατον.
3048 758 3239 827 Ἡμεῖς
3287 756 3344 808 δὲ
3395 751 3479 818 οἷς
3510 755 3643 819 Θεός

2058 851 2175 901 ἐστι
2205 849 2266 901 τὸ
2292 849 2714 917 λατρευόμενον,
2750 847 2882 911 Θεὸς
2923 848 3024 899 οὐκ
3062 847 3127 899 ὲκ
3160 845 3236 917 μὴ
3266 847 3419 907 ὄντος
3451 845 3533 907 εἰς
3580 846 3642 897 τὸ

2059 934 2200 991 εἶναι
2231 937 2699 1008 παραγενόμενος,
2738 935 2852 989 ἀλλ’
2891 937 2979 990 ἀεὶ
3014 934 3090 987 ὢν
3131 938 3193 988 ἐκ
3225 934 3321 986 τοῦ
3366 934 3455 987 ἀεὶ
3489 932 3643 993 ὄντος

2060 1029 2204 1098 ὑπὲρ
2242 1028 2446 1094 αἰτίαν,
2472 1028 2567 1079 καὶ
2598 1027 2772 1094 λόγον,
2800 1026 2893 1079 καὶ
2932 1025 3141 1078 ἔννοιαν
3180 1018 3275 1077 καὶ
3298 1023 3515 1094 χρόνου,
3547 1024 3642 1076 καὶ

2061 1118 2297 1186 φύσεως,
2324 1116 2553 1187 Μητέρα
2591 1115 2725 1168 Θεοῦ
2750 1114 2999 1185 τιμῶμεν
3027 1114 3120 1166 καὶ
3161 1114 3416 1182 σέϐομεν,
3451 1114 3511 1166 οὺ
3542 1113 3640 1181 τῆς

2061 1209 2229 1262 αὐτοῦ
2254 1207 2507 1277 θεότητος
2542 1207 2602 1269 ἐξ
2645 1206 2817 1274 αὐτῆς
2840 1206 2939 1274 τὴν
2973 1204 3201 1274 ἄχρονον
3225 1205 3640 1274 ὑπογράφοντες

2060 1300 2345 1368 γέννησιν·
2376 1299 2410 1367 ἡ
2450 1296 2559 1367 γὰρ
2588 1293 2684 1347 τοῦ
2729 1293 2864 1346 Θεοῦ
2912 1294 3088 1361 Λόγου
3122 1293 3382 1368 γέννησις
3417 1292 3641 1362 ἆχρυνός

2062 1408 2119 1443 τε
2146 1390 2243 1443 καὶ
2269 1386 2347 1460 τῷ
2374 1388 2550 1459 Πατρλ⁹
2594 1386 2863 1448 συναῒδιος
2882 1402 2895 1414 ·
2948 1384 3211 1454 δευτέραν
3243 1385 3301 1437 δὲ
3346 1383 3644 1452 καθομολο-

2062 1480 2268 1550 γοῦμεν
2296 1480 2575 1548 γέννησιν,
2603 1477 2725 1530 καθ’
2758 1476 3006 1529 ἑκούσιον
3035 1460 3339 1545 σάρκωσιν,
3380 1473 3477 1544 τὴν
3511 1474 3644 1525 ταύ-

2062 1546 2392 1639 της-αἰτίαν,
2426 1546 2518 1622 καὶ
2550 1554 2771 1633 εἰδότες,
2813 1567 2909 1619 καὶ
2962 1550 3287 1635 φάσκοντες.
3334 1546 3643 1639 Σαρκοῦται

2066 1638 2173 1733 γάρ
2194 1662 2221 1713 6
2255 1662 2329 1713 ὢν
2354 1661 2606 1730 ἀνάρχως
2658 1647 2970 1727 ἀσώματος,
3008 1655 3078 1708 δι’
3105 1656 3278 1726 ἡμᾶς,
3308 1638 3403 1707 καὶ.
3431 1646 3519 1733 διὰ
3549 1638 3647 1724 τὴν

384 1782 500 1834 sine
530 1779 685 1833 initio
714 1776 1065 1841 incorporeus
1103 1775 1219 1829 est;
1252 1773 1310 1815 ut
1348 1758 1507 1815 simili
1550 1771 1645 1825 per
1674 1754 1851 1827 simile
1879 1767 1964 1807 sa-

2073 1752 2341 1822 ἡμετέραν
2368 1750 2664 1819 σωτηρίαν,
2696 1748 2782 1801 ἵνα
2811 1747 2889 1817 τῷ
2915 1746 3087 1816 ὁμοίῳ
3105 1746 3197 1798 τὸν
3229 1745 3420 1814 ὅμοιον
3450 1744 3647 1796 διασώ-

386 1870 551 1923 lutem
584 1867 773 1922 aﬂerat
806 1880 821 1917 :
853 1871 1014 1928 atque
1047 1863 1316 1919 assumpta
1354 1851 1471 1905 siue
1500 1847 1641 1901 virili
1677 1843 1962 1912 complexu

386 1974 571 2026 carne,
596 1974 663 2013 ex
691 1958 794 2010 hac
821 1965 976 2007 sacra
998 1947 1215 2017 Virgine
1241 1944 1471 2012 paritur,
1500 1940 1617 2007 ipse
1644 1945 1792 1989 totus
1823 1934 1963 1987 Deus

388 2067 634 2117 mancus,
662 2060 713 2105 et
745 2058 887 2102 totus
915 2047 1075 2098 homo
1107 2039 1279 2092 factus
1312 2052 1325 2087 :
1360 2034 1475 2102 ipse
1509 2039 1652 2084 totus
1683 2029 1826 2081 Deus
1858 2040 1963 2078 una

386 2160 507 2199 cum
542 2158 706 2198 carne
740 2155 858 2203 sua,
894 2146 1148 2201 totusque
1184 2130 1344 2182 homo
1376 2139 1497 2178 cum
1534 2136 1628 2175 sua
1663 2119 1963 2172 divinitate.

388 2233 467 2287 Ad
500 2232 643 2286 hunc
676 2228 890 2281 modum
924 2222 1016 2276 Dei
1050 2227 1278 2273 matrem
1306 2212 1580 2281 Virginem
1610 2207 1779 2277 878
1809 2207 1966 2260 istam

390 2318 756 2390 agnoscimus,
799 2314 1022 2381 ejusque
1053 2304 1432 2361 dormitionem
1464 2298 1829 2361 celebramus;
1864 2310 1966 2348 non

392 2416 556 2469 Deam
584 2413 723 2465 hanc
753 2422 872 2463 esse
904 2402 1259 2473 praedicantes
1288 2394 1634 2464 (Grmcarum
1667 2385 1970 2457 prmstigia;

395 2520 512 2558 rum
559 2511 685 2557 sunt
730 2495 992 2567 ejusmodi
1042 2484 1371 2559 ligumuta);
1402 2482 1753 2567 quippccum
1802 2475 1969 2546 ipsius

396 2603 622 2648 mortem
659 2566 968 2643 nuntiemus
1001 2598 1015 2633 :
1049 2579 1140 2633 sed
1178 2575 1271 2627 Dci
1312 2569 1574 2626 iucarnati
1613 2566 1836 2619 Matrem
1872 2580 1964 2633 ag-

397 2700 595 2741 uosceu
603 2695 701 2737 tes.

466 2776 554 2831 l6.
596 2773 746 2827 llauc
772 2782 873 2823 nos
901 2765 992 2835 qui
1022 2778 1086 2817 eo
1115 2754 1425 2827 locupletati
1455 2764 1661 2814 sumus,
1686 2758 1745 2802 ut
1769 2746 1969 2802 Christi

397 2868 641 2940 populus,
669 2874 723 2918 et
753 2863 942 2923 simus,
972 2866 1025 2911 et
1054 2855 1319 2912 dicamur,
1351 2847 1523 2902 sacris
1556 2845 1713 2899 hodie
1744 2840 1969 2898 canticis

399 2932 750 3030 prazdicemus
799 2968 814 3005 :
864 2951 1002 3003 hanc
1051 2942 1328 2998 nocturnis
1371 2933 1694 2992 stationibus
1737 2932 1970 2985 honore-

400 3022 539 3100 inus.
570 3042 720 3096 lianc
751 3036 916 3092 animi
947 3046 1001 3088 et
1028 3031 1275 3101 corporis
1308 3026 1567 3080 munditia
1601 3022 1964 3082 oblectemus;

402 3140 563 3201 hanc,
613 3134 855 3202 inquam,
902 3140 1029 3180 vere
1079 3136 1291 3191 puram,
1343 3118 1503 3185 atque
1552 3114 1799 3199 omnibus
1852 3117 1969 3179 post
2001 3082 2043 3141 ο

404 3231 567 3283 Deum
602 3192 834 3296 puritate
869 3223 1234 3288 praestantem.
1271 3209 1457 3263 Solent
1491 3208 1634 3261 enim
1672 3192 1866 3288 similia
1902 3201 1973 3254 si-

403 3294 620 3372 milibus
646 3312 939 3368 exsultare.
969 3306 1118 3358 Ilaue
1146 3299 1513 3356 misericordia
1542 3304 1596 3351 et
1621 3294 1974 3350 commisera-

404 3410 549 3461 tione
582 3418 710 3472 erga
744 3412 943 3470 egenos
977 3395 1217 3449 colamus
1248 3399 1305 3444 et
1336 3390 1705 3441 observemus.
1738 3380 1793 3436 Si
1832 3382 1974 3436 nulla

404 3514 462 3553 rc
504 3495 724 3567 perinde
765 3501 927 3559 atque
969 3482 1343 3541 misericordia
1387 3479 1530 3532 Deus
1573 3478 1803 3541 colitur;
1847 3474 1973 3543 quin

406 3588 594 3643 iisdem
623 3595 837 3654 quoque
867 3577 1027 3632 rebus
1054 3574 1167 3642 ejus
1194 3579 1369 3626 mater
1391 3569 1711 3633 oblectetur,
1739 3568 1860 3635 quis
1886 3577 1977 3620 eat

409 3653 649 3731 inﬁcias?
673 3671 798 3726 llaec
818 3664 1137 3722 inetl'abilem
1160 3660 1354 3714 divina:
1377 3672 1474 3734 nos
1495 3654 1799 3710 dilectionis
1820 3653 1976 3722 abyso

380 3764 523 3824 ‘sum
564 3762 870 3835 explicavit.
916 3759 1016 3811 Per
1058 3758 1199 3810 hanc
1239 3752 1551 3805 diuturnum
1590 3746 1717 3800 illud
1756 3744 1976 3827 bellum,

406 3858 547 3931 quod
578 3832 702 3912 cum
730 3853 990 3907 Creatore
1018 3845 1328 3916 gerebatur,
1361 3839 1699 3909 proﬂigatum
1731 3835 1849 3890 fuit.
1878 3832 1980 3888 Per

411 3930 549 4005 hanc
582 3946 736 4001 nobis
768 3957 887 3998 cum
924 3954 989 3994 eo
1022 3933 1393 3992 reconciliatio
1424 3930 1654 3994 saucita,
1688 3940 1899 3997 paxque
1928 3934 1981 3978 et

409 4039 582 4110 gratia
615 4038 808 4091 donata
840 4041 923 4089 est
957 4048 971 4085 :
1004 4028 1144 4084 unde
1175 4024 1348 4095 angeli
1381 4037 1484 4077 una
1519 4036 1641 4077 cum
1676 4018 1982 4073 hominibus

410 4108 604 4185 choros
630 4128 855 4198 agitant,
882 4132 935 4175 et
965 4121 1051 4189 qui
1082 4120 1230 4188 prius
1255 4113 1588 4182 contemptui
1619 4124 1858 4173 eramus,
1888 4108 1979 4162 Dei

414 4222 506 4275 lilii
536 4219 709 4274 eﬂ‘ecti
744 4229 949 4271 sumus.
979 4210 1055 4263 Et
1088 4224 1151 4262 ea
1182 4209 1305 4260 vitae
1337 4219 1494 4257 uvam
1526 4202 1840 4270 collegimus
1872 4217 1886 4255 :
1917 4213 1984 4252 ex

411 4328 472 4364 ca
516 4305 939 4362 immortalitatis
980 4313 1198 4368 germen
1239 4294 1629 4361 excerpsimus.
1669 4291 1793 4343 "an
1830 4290 1985 4344 nobis

413 4400 589 4451 omnia
629 4396 771 4449 bona
811 4388 1137 4446 conciliavit.
1182 4388 1237 4440 In
1281 4386 1382 4439 hac
1426 4382 1566 4437 Deus
1611 4383 1769 4435 homo
1811 4380 1984 4433 lactus

411 4496 514 4548 est,
542 4496 595 4537 et
626 4486 785 4536 homo
814 4482 950 4533 Deus
978 4497 989 4532 :
1018 4491 1126 4547 quo
1153 4474 1279 4544 quid
1312 4472 1596 4527 mirilicum
1630 4469 1831 4539 magis?
1857 4468 1983 4537 quid

414 4574 662 4630 beatius?
696 4573 950 4642 Equidem
985 4582 1126 4625 metu
1160 4578 1348 4632 aestuo,
1382 4564 1433 4619 id
1462 4564 1607 4633 quod
1636 4565 1824 4633 loquor
1846 4562 1986 4617 extio

416 4682 684 4721 mesccus.
711 4666 843 4719 Cum
874 4663 1040 4717 Maria
1072 4661 1407 4730 prophetissa
1428 4658 1497 4721 ”,
1525 4674 1558 4712 o
1585 4655 1780 4709 animae
1805 4654 1985 4707 adole-

413 4757 690 4823 scentulm,
719 4754 1007 4824 assumptis
1029 4752 1295 4822 tympanis
1311 4750 1539 4803 choreas
1567 4747 1859 4817 agitemus;
1886 4745 1986 4797 hoc

412 4857 496 4902 cst
519 4849 754 4901 membra
782 4860 900 4913 quae
922 4851 1042 4896 sunt
1070 4855 1228 4907 super
1251 4850 1470 4901 terram,
1496 4836 1879 4890 mortiﬁeemus
1898 4834 1941 4865 ’ί
1967 4851 1980 4886 :

417 4948 514 4994 hoc.
539 4938 684 4994 enim
710 4948 814 5001 est,
838 4932 978 5003 quod
1005 4941 1311 4998 tympanum
1342 4928 1567 4995 mystice
1592 4925 1881 4995 signiﬁcat.
1903 4922 1983 4977 0b

413 5047 595 5085 aream
639 5028 849 5084 Domini
892 5023 1218 5094 jubilemus,
1257 5028 1310 5071 et
1350 5018 1485 5069 muri
1524 5015 1739 5070 Iericho
1765 5016 1833 5079 θ’,
1870 5015 1985 5069 sive

413 5123 620 5178 i..lest:e
655 5116 1091 5175 adversariorum
1134 5116 1457 5182 potestatum
1498 5107 1822 5160 munitiones
1861 5120 1982 5159 cor-

415 5224 587 5268 iueut.
617 5212 749 5267 Cum
784 5209 981 5263 Davide
1012 5205 1213 5275 Spiritu
1248 5200 1504 5256 saltemus
1523 5199 1568 5230 ”
1603 5217 1616 5251 :
1648 5198 1809 5252 hodie
1836 5199 1979 5253 enim

412 5321 536 5359 arca
584 5303 795 5359 Domini
840 5297 1155 5370 requiescit.
1194 5293 1330 5350 Cum
1378 5290 1627 5349 Gabrielc
1667 5289 1977 5361 angelorum

413 5395 763 5462 aulesignauo
795 5393 1091 5448 clamemus
1125 5407 1138 5443 :
1173 5388 1296 5450 Ave,
1323 5387 1494 5455 gratia
1528 5384 1699 5455 plena,
1726 5382 1981 5437 Dominus

412 5483 665 5537 tecum“.
700 5483 832 5546 Ave,
856 5481 1010 5550 plena
1033 5478 1228 5548 gratia,
1265 5475 1641 5530 inexhaustum
1678 5475 1855 5545 gaudii
1894 5488 1983 5544 pe-

2069 1861 2229 1914 σηται
2247 1859 2259 1871 ·
2290 1841 2385 1894 καὶ
2410 1840 2786 1909 σαρκούμενος
2810 1839 2875 1891 ἐκ
2898 1836 3108 1906 ταύτης
3128 1836 3229 1906 τῆς
3256 1838 3409 1905 ἱερᾶς
3435 1835 3647 1912 Παρθέ-

2066 1909 2159 1987 νού
2193 1930 2578 1994 ἁσυνδυάστως
2616 1931 2891 2005 τίκτεται,
2923 1926 3085 1991 αὐτὸς
3123 1928 3298 1998 μένων
3340 1927 3461 1989 ὅλος
3489 1909 3647 1992 Θεὸς,

2067 2027 2162 2078 καὶ
2201 2025 2323 2088 ὅλος
2349 2023 2635 2099 γινόμενος
2665 2020 2975 2094 ἄνθρωπος,
3007 2017 3168 2081 αὐτὸς
3197 2018 3316 2080 ὅλος
3339 2018 3472 2079 Θεὸς
3508 2014 3649 2087 μετά

2066 2117 2164 2184 τῆς
2194 2114 2395 2185 σαρκὸς
2413 2103 2603 2174 αὑτοῦ,
2629 2110 2725 2163 καὶ
2759 2107 3200 2183 ὅλοςᾶνθρωπος
3243 2105 3384 2176 μετὰ
3406 2106 3507 2176 τῆς
3547 2106 3645 2159 αύο

2068 2207 2163 2259 τοῦ
2209 2206 2478 2276 ὑπερθέου
2532 2196 2808 2271 θεότητος.
2864 2199 3024 2254 Οὖτω
3077 2198 3213 2251 Θεοῦ
3274 2188 3503 2268 Μητέρα
3551 2198 3648 2268 τὴν

2070 2296 2345 2367 Παρθένον
2367 2294 2573 2364 ταύτην
2598 2290 2980 2365 γινώσκοντες,
3034 2289 3132 2359 τὴν
3163 2289 3367 2357 ταύτης
3404 2306 3649 2357 πανηγυ-

2073 2389 2299 2458 ρίζομεν
2365 2384 2651 2453 κοίμησιν,
2710 2384 2771 2434 οὐ
2826 2367 2961 2433 Θεὸν
3016 2378 3222 2450 ταύτην
3268 2380 3645 2455 φημίζοντεςέ

2068 2452 2269 2544 ἀπαγε,
2304 2476 2403 2544 τῆς
2434 2452 2756 2542 Ἑλληνικῆς
2782 2462 3067 2540 τερθρείας
3088 2469 3157 2522 τὰ
3186 2468 3413 2523 τοιαῦτα
3442 2452 3649 2538 μυθεύ-

2074 2584 2221 2637 ματα
2240 2583 2253 2595 ·
2284 2566 2407 2618 ἐπεὶ
2433 2564 2526 2615 καὶ
2549 2562 2779 2615 θάνατον
2811 2561 2981 2629 αὐτῆς
3014 2560 3481 2629 καταγγέλλομεν·
3513 2559 3647 2611 ἀ).λά

2073 2660 2445 2731 σαρκωθέντος
2482 2657 2617 2710 Θεοῦ
2654 2655 2882 2725 Μητέρα
2920 2654 3302 2720 γινώσκοντες.

2144 2759 2237 2816 ις’.
2269 2751 2488 2821 Ταύτην
2517 2750 2725 2820 ᾇτμασι
2752 2751 2917 2819 ἱεροῖς
2958 2748 3357 2818 εὐφημίσωμεν
3386 2749 3645 2814 σήμερον,

2072 2846 2120 2896 oi
2164 2844 2404 2913 Χριστοῦ
2452 2843 2581 2905 λαὸς
2628 2845 2722 2894 καὶ
2755 2836 2896 2894 εἶναι
2931 2824 3389 2908 πεπλουτηκότες,
3419 2838 3514 2889 καὶ
3557 2824 3648 2890 λέ·-

2073 2936 2287 3003 γεσθαι.
2367 2934 2585 3004 Ταύτην
2645 2933 2943 3002 παννύχοις
2995 2932 3323 3001 τιμήσωμεν
3401 2931 3681 2981 στάσεσιν

2074 3026 2278 3093 ταύτην
2317 3025 2494 3095 ψυχῆς
2530 3042 2589 3076 τε
2634 3024 2727 3076 καὶ
2759 3022 3009 3092 σώματος
3053 3023 3309 3092 ἁγνότητι
3333 3020 3647 3090 τέρψωμεν,

2076 3109 2173 3187 τὴν
2208 3118 2376 3181 ὄντως
2409 3118 2581 3185 ἁγνὴν
2616 3117 2755 3185 μετά
2783 3115 2915 3168 Θεὸν
2948 3115 3089 3182 ὑπὲρ
3120 3114 3397 3175 ἅπαντας·
3438 3112 3649 3179 πέφυκε

2074 3209 2181 3279 γάρ
2198 3225 2314 3271 πως
2354 3210 2463 3270 τοῖς
2506 3208 2711 3275 ὁμοίοις
2744 3206 2812 3259 τὰ
2842 3206 3004 3275 ὃμοια
3039 3204 3461 3272 ὲπαγάλλεσθαι.
3513 3202 3650 3255 Tati-

2073 3312 2171 3365 την
2200 3297 2335 3365 ἐλέῳ
2364 3296 2458 3347 καὶ
2480 3294 2796 3365 συμπαθείᾳ
2817 3294 2927 3346 τῶν
2958 3293 3159 3346 ὲνθεῶν
3194 3291 3646 3362 θεραπεύσωμεν.

2076 3386 2139 3437 Εἰ
2181 3386 2289 3453 γὰρ
2323 3384 2409 3437 ἐπ’
2440 3385 2615 3437 οὐδενὶ
2644 3385 2720 3446 ὼς
2773 3384 2908 3453 ἐλέῳ
2946 3383 3079 3443 Θεὸς
3134 3381 3522 3451 θεραπεύεται,
3566 3378 3649 3439 τίς

2076 3478 2294 3546 ἀντερεῖ
2341 3475 2415 3547 μὴ
2470 3478 2583 3538 τοῖς
2650 3476 2788 3537 τσοις
2848 3476 2944 3527 καὶ
2992 3476 3092 3543 τὴν
3158 3472 3351 3525 τούτου
3420 3470 3647 3539 Μητέρα

2076 3567 2593 3636 ἐπιφαιδρύνεσθαι;
2649 3568 2797 3637 Αὕτη
2842 3567 2943 3636 τὴν
2976 3566 3182 3635 ἄφατον
3238 3565 3336 3633 τῆς
3385 3561 3477 3615 τοῦ
3515 3559 3651 3613 Θεοῦ

2077 3659 2215 3729 πρὸς
2252 3660 2400 3729 ἡμᾶς
2429 3658 2650 3728 ἀγάπης
2679 3658 3063 3729 ἑδημοσίευσεν
3098 3657 3354 3712 ἄϐυσσον.
3390 3659 3487 3705 Διά
3518 3652 3650 3705 ταύ·

2076 3767 2176 3821 της
2207 3752 2338 3820 ἡμῖν
2364 3752 2393 3801 6
2422 3752 2558 3820 πρὸς
2583 3750 2673 3803 τὸν
2707 3750 2947 3818 Κτίστην
2974 3749 3321 3818 πολυχρόνιος
3355 3744 3654 3798 καταλέλυ-

2078 3859 2166 3894 ται
2199 3841 2456 3911 πόλεμος.
2497 3840 2599 3893 Διά
2642 3840 2848 3911 ταύτης
2875 3843 3011 3911 ἡμῖν
3044 3840 3101 3893 αἱ
3148 3839 3285 3910 πρὸς
3331 3837 3494 3891 αὐτὸν
3525 3852 3657 3888 κατ-

2080 3934 2311 4001 αλλαγαί
2340 3932 2738 4003 ὲκροτήθησαν,
2802 3933 2897 3985 καὶ
2938 3932 3153 4002 είρήνη,
3191 3930 3281 3983 καὶ
3306 3930 3466 3998 χάρις
3492 3926 3656 3981 656th-

2086 4044 2246 4098 ρηται
2269 4065 2282 4088 ,
2319 4027 2417 4079 καὶ
2449 4025 2703 4094 ἀγγέλοις
2740 4024 3163 4096 συγχορεύουσιν
3214 4022 3521 4090 ἄνθρωποι,
3557 4019 3652 4071 καὶ

2089 4118 2246 4169 τέκνα
2282 4115 2416 4167 Θεοῦ
2467 4116 2515 4167 οἱ
2564 4115 2692 4183 πρὶν
2734 4114 3063 4184 ὴτιμημένοι
3122 4112 3493 4181 κατέστημεν.
3561 4110 3657 4160 Ἐκ

2086 4210 2291 4278 ταύτης
2320 4207 2410 4259 τὸν
2436 4206 2631 4277 βότρυν
2654 4206 2756 4275 τῆς
2787 4207 2933 4276 ζωῆς
2973 4206 3358 4276 ὲτρυγήσαμεν
3378 4219 3391 4231 ·
3446 4205 3511 4255 ὲκ
3532 4201 3661 4254 ταύ-

2086 4316 2183 4367 της
2212 4301 2311 4368 τῆς
2340 4296 2651 4368 ἀφθαρσίας
2684 4298 2775 4350 τὸν
2825 4296 3053 4366 βλαστὸν
3103 4294 3474 4366 ὲδρεψάμεθα.
3508 4292 3655 4361 Ᾱῦτη

2014 4411 2061 4468 υ
2089 4392 2304 4444 πάντων
2327 4390 2433 4444 τῶν
2465 4389 2687 4458 ἀγαθῶν
2712 4392 2843 4460 ἡμῖν
2880 4391 3265 4460 προμνήστρια
3288 4388 3529 4456 γέγονεν.
3574 4386 3662 4437 Ἐν

2084 4482 2258 4554 ταύτῃ
2280 4483 2308 4534 6
2333 4481 2464 4544 Θεὸς
2520 4482 2617 4550 μὲν
2664 4481 2970 4551 ἄνθρωπος,
3022 4479 3116 4533 καὶ
3150 4479 3283 4541 Θεὸς
3322 4479 3350 4529 ὁ
3378 4476 3664 4545 ἄνθρωπος

2087 4577 2297 4643 γέγονε.
2353 4574 2463 4627 Καὶ
2511 4574 2562 4626 τί
2617 4573 2809 4627 τούτου
2854 4573 3315 4644 παραδοξότερον;
3369 4570 3422 4621 τί
3474 4568 3663 4622 τούτου

2094 4665 2539 4737 pungunt-:90»;
2576 4665 2813 4733 Ἱλιγγιῶ
2841 4665 2918 4735 τῷ
2951 4664 3121 4734 φόϐῳ,
3157 4662 3341 4725 δεδιὼς
3376 4664 3437 4715 τὸ
3470 4659 3666 4714 λαλού-

2095 4768 2276 4821 μενον.
2308 4751 2413 4803 Σὺν
2434 4750 2667 4822 Μαριὰμ
2687 4751 3099 4823 τῇοστροφήτιδι,
3134 4744 3178 4802 ὦ
3201 4750 3442 4812 νεάνιδες
3472 4750 3663 4818 ψυχαὶ,

2097 4841 2234 4912 μετά
2266 4842 2569 4910 τυμπάνων
2626 4842 2997 4913 χορεύσωμεν,
3044 4840 3370 4911 νεκροῦντες
3422 4840 3489 4893 τά
3524 4840 3664 4909 μέλη

2091 4934 2159 4987 τά
2187 4933 2280 4985 ἐπὶ
2307 4934 2407 5002 τῆς
2438 4934 2541 5003 γῆς
2570 4950 2583 4963 ’
2621 4934 2781 4987 τοῦτο
2828 4934 2938 5004 γάρ
2971 4934 3033 4986 τὸ
3068 4934 3328 5003 μυστικὸν
3354 4933 3663 5001 τύμπανοντ

2091 5025 2449 5095 ἀλαλάξωμεν
2482 5025 2577 5077 ἐπὶ
2620 5025 2717 5094 τῆς
2742 5024 2976 5078 κιϐωτοῦ
3013 5025 3108 5078 τοῦ
3166 5026 3371 5096 Κυρίου
3403 5024 3495 5077 τοῦ
3528 5022 3665 5076 Θεοῦ

2089 5116 2276 5187 ψυχῶν
2303 5115 2674 5185 ἀλαλάγμασι,
2698 5116 2789 5167 καὶ
2812 5116 2964 5187 τείχη
2987 5115 3666 5186 πεσοῦνταιῚεριχούντια,

2087 5208 2197 5261 τῶν
2219 5208 2478 5260 ἐναντίων
2495 5206 2640 5275 λέγω
2656 5206 2940 5277 δυνάμεων
2960 5210 3026 5262 τὰ
3043 5209 3285 5278 δυσμενῆ
3308 5207 3664 5279 ὀχυρώματα.

2089 5297 2244 5352 Μετά
2282 5296 2445 5351 Δαϐὶδ
2481 5300 2866 5370 σκιρτήσωμεν
2893 5300 3169 5370 Πνεύματι
3193 5317 3205 5329 ·
3247 5300 3540 5370 ηκιϐωτὸς
3559 5300 3670 5371 γὰρ

2090 5390 2293 5461 Κυρίου
2324 5393 2564 5461 σήμερον
2598 5392 3041 5445 καταπέπαυται.
3096 5391 3252 5444 Μετὰ
3304 5391 3542 5463 Γαϐριὴλ
3571 5394 3668 5446 τοῦ

2089 5481 2197 5533 τῶν
2214 5481 2462 5549 ἀγγέλων
2489 5483 2878 5552 πρωτοστάτου
2900 5484 3190 5553 βοήσωμεν
3216 5498 3231 5512 ⁶
3260 5482 3457 5552 Χαῖρε,
3492 5500 3670 5551 κεχα-

484 5656 710 5710 "ond.
745 5671 830 5726 xv,
858 5655 949 5710 20.
1025 5654 1295 5710 "Coloss.
1329 5668 1411 5721 ιιι,
1444 5651 1531 5705 15.
1603 5652 1647 5684 ⁹¹
1677 5649 1840 5706 Josue
1871 5664 1941 5715 vr,
1970 5648 2061 5703 ΞΟ.
2122 5649 2227 5704 "Il
2256 5648 2485 5719 Reg.vr,
2508 5651 2593 5706 l4.
2659 5650 2854 5705 “Luc.
2879 5652 3019 5720 1,28.

1298 5828 1317 5882 Ι
