4018 6342
4 4055 26 4160 Ρ

286 258 396 322 ’745
1111 267 1439 327 ΗΟΜΙΙᾸΑ
1482 269 1540 327 II
1583 268 1663 330 IN
1709 270 1877 331 DOR!

1981 270 2248 331 [‘IONEM
2285 273 2348 332 B.
2392 274 2455 332 V.
2498 274 2780 336 ΜΑΒΙᾸΞ.
3447 277 3552 340 746

270 371 596 443 pta-mem,
627 375 662 428 ὁ
688 377 902 444 Κύριος
917 375 1070 445 μετά
1093 377 1232 434 σοῦ.
1259 378 1451 450 Χαῖρε,
1476 379 1538 432 τὸ
1557 383 1656 451 τῆς
1687 382 1862 451 χαρᾶς

1987 395 2139 454 agus.
2173 386 2309 447 Ave,
2343 385 2502 439 unica
2537 389 2790 441 maeroris
2851 387 3180 445 obliteratio.
3233 393 3364 458 Ave,
3396 397 3563 464 phar-

279 464 628 536 ἀδαπάνητον
681 468 939 536 πέλαγος.
982 469 1192 540 Χαῖρε,
1232 471 1292 524 τὸ
1341 471 1503 542 μόνον
1553 472 1655 544 τῆς
1686 473 1862 542 λύπης

281 555 659 628 ἐξάλειπτρον.
714 559 962 630 Χαίροις,
1023 562 1202 631 πάσης
1239 563 1468 633 καρδίας
1519 563 1865 618 ἀκεσώδυνον

282 648 598 719 φάρμακον.
637 651 883 721 Χαίροις,
909 652 979 705 δι’
1009 648 1079 725 ἧς
1108 655 1447 726 παρωθεῖται
1471 657 1569 728 μὲν
1597 657 1847 724 θάνατος,

280 741 316 810 ἡ
357 740 414 794 δὲ
441 740 556 812 ζωὴ
589 743 1026 814 είσκεκόμισται.

359 852 446 916 ιζ’.
477 853 583 921 Σὺ,
639 847 685 908 ὦ
718 856 906 924 τάφων
955 858 1118 930 ίερῶν
1167 860 1456 932 ἱερώτατε,
1507 865 1648 935 μετά
1683 881 1745 934 γε
1775 865 1867 919 τδν

287 945 596 1015 ζωαρχικὸν
630 945 724 1000 τού
746 948 1019 1002 Δεσπότου
1051 951 1165 1022 (56)
1189 953 1380 1022 τάφον,
1409 953 1468 1019 ὃς
1485 956 1638 1028 πηγὴ
1661 957 1867 1030 ὑπῆρξε

285 1036 388 1106 τῆς
419 1038 771 1102 ἀναστάσεως
795 1054 810 1070 ο
851 1039 927 1104 ώς
974 1039 1086 1112 γὰρ
1115 1042 1346 1114 ἐμψύχῳ
1375 1061 1456 1098 σοι
1495 1046 1812 1116 διαλέξομαι
1840 1059 1855 1079 ⁵

287 1130 393 1184 πού
423 1131 624 1202 χρυσὸς
647 1133 676 1185 ὁ
696 1130 1009 1203 άκίϐδηλος,
1054 1134 1112 1187 ὃν
1139 1135 1452 1190 ἀποστόλων
1482 1142 1663 1212 χεῖρες
1694 1141 1753 1194 ἐν
1779 1143 1864 1194 σοὶ

286 1221 704 1294 ὲθησαύρισαν;
753 1223 858 1276 πού
900 1224 1133 1289 πλοῦτος
1185 1226 1214 1278 ό
1245 1226 1627 1299 ἀδαπάνητος;
1659 1231 1758 1284 ποῦ
1808 1233 1870 1285 τὸ

290 1313 541 1384 θεοδόχον
567 1315 888 1386 κειμήλιον;
927 1315 1032 1369 πού
1057 1318 1090 1387 ἡ
1134 1316 1376 1389 ἔμψυχος
1408 1321 1682 1388 τράπεζα,
1712 1323 1816 1377 ποῦ
1843 1327 1872 1377 ό

288 1405 477 1468 καινὸς
509 1406 698 1475 τόμος,
730 1407 790 1458 ὲν
821 1399 864 1474 ᾧ
905 1406 1203 1478 ἀφράστως
1248 1410 1276 1460 ό
1309 1409 1444 1474 Θεὸς
1479 1412 1652 1480 Λόγος
1690 1414 1870 1486 χειρὸς

287 1497 420 1551 ἄνευ
443 1497 827 1570 ἐγγέγραπται
853 1515 868 1564 ;
892 1497 996 1550 ποῦ
1020 1501 1053 1570 ἡ
1079 1500 1178 1567 τῆς
1213 1500 1436 1572 χάριτος
1456 1501 1694 1568 ἄϐυσσος
1719 1522 1734 1572 ;
1766 1503 1869 1557 ποῦ

288 1591 401 1643 τῶν
433 1592 678 1662 ἰαμάτων
716 1591 777 1644 τὸ
809 1590 1081 1659 πέλαγος;
1132 1592 1236 1646 ποῦ
1286 1594 1319 1663 ἡ
1380 1594 1650 1660 ζωοτόκος
1677 1598 1826 1666 πηγὴ
1853 1615 1868 1665 ;

291 1681 399 1735 ποῦ
437 1681 500 1735 τὸ
535 1681 912 1751 πολυπόθητον
951 1681 1113 1753 σῶμα
1144 1686 1244 1754 τῆς
1271 1683 1536 1740 Θεοτόκου
1573 1688 1669 1741 καὶ
1701 1688 1868 1741 πολυ-

292 1773 523 1842 ἐραστον
548 1791 563 1839 ;
600 1773 665 1826 Τί
707 1773 922 1846 ζητεῖτε
960 1774 1018 1826 ἐν
1063 1774 1221 1845 τάφῳ
1252 1774 1352 1847 τὴν
1375 1777 1514 1848 πρὸς
1541 1777 1612 1830 τά
1642 1779 1871 1847 οὐράνια
1901 1773 1911 1843 ί

297 1863 762 1939 μετεωρισθεῖσαν
793 1863 1130 1936 σκηνώματα
1159 1886 1172 1932 ;
1202 1867 1244 1919 Τ
1253 1868 1268 1919 ί
1309 1886 1376 1935 με
1411 1869 1509 1940 τῆς
1535 1869 1740 1940 φθορᾶς
1759 1871 1869 1940 (57)

293 1957 528 2020 εὐθύνας
556 1957 910 2028 είσπράττεις
932 1975 946 2023 ;
970 1955 1031 2010 οὗ
1059 1975 1150 2026 μοι
1175 1957 1406 2029 δύναμις
1437 1962 1548 2023 τοῖς
1576 1959 1744 2024 θείοις
1774 1961 1870 2014 ἀν-

292 2048 546 2102 τιτείνειν
600 2048 957 2120 κελεύσμασι.
1019 2050 1133 2113 Τὰς
1181 2049 1426 2113 σινδόνας
1483 2051 1784 2104 καταλιπὸν
1812 2051 1874 2104 τὸ

295 2139 456 2209 σῶμα
480 2139 539 2193 τὸ
557 2139 702 2212 ἱερόν
721 2156 780 2192 τε
813 2139 909 2192 καὶ
938 2139 1224 2208 ἆγιον,καί
1247 2157 1336 2210 μοι
1361 2139 1454 2193 τοῦ
1483 2139 1758 2211 ἁγιασμοῦ
1785 2157 1874 2211 με·

292 2231 618 2298 ταδεδωκδς,
636 2233 732 2286 καὶ
751 2232 948 2304 μύρου,
963 2234 1058 2286 καὶ
1071 2233 1297 2297 εὐωδίας
1317 2234 1549 2304 ποιῆσαν
1565 2233 1870 2296 ἀνάπλεων,

295 2324 393 2376 καὶ
412 2325 560 2378 θεῖον
580 2323 1042 2394 ἀπεργασάμενον
1071 2323 1320 2394 τέμενος,
1349 2323 1701 2394 ἀνάρπαστον
1731 2326 1873 2395 οἴχε-

292 2433 409 2480 ται,
440 2415 885 2488 δορυφορούντων
915 2415 1184 2485 ἀγγέλων,
1222 2417 1316 2469 καὶ
1351 2415 1733 2488 ἀρχαγγέλων,
1780 2418 1874 2470 καὶ

293 2506 488 2560 πασῶν
519 2505 630 2558 τῶν
649 2505 918 2576 οὐρανίων
945 2505 1248 2575 δυνάμεων.
1264 2505 1377 2559 Νῦν
1400 2507 1499 2578 ἐμὲ
1519 2507 1873 2578 περίεπουσιν

291 2599 539 2668 ἄγγελοι.
566 2597 680 2652 Νῦν
720 2599 778 2651 ὲν
814 2597 939 2666 ἐμοὶ
962 2597 1080 2651 θεία
1096 2597 1254 2668 χάρις
1272 2598 1571 2662 αὐλίζεται.
1619 2598 1760 2667 Ἐγὼ
1786 2618 1874 2653 νο-

293 2690 480 2744 σοῦσιν
506 2691 740 2760 ἰατρεῖον
763 2686 1080 2754 ἀλεξίπονον
1110 2688 1350 2759 πέφηνα.
1383 2689 1524 2758 Ἐγὼ
1541 2691 1693 2763 πηγὴ
1710 2693 1873 2762 ἰαμά-

291 2799 402 2837 των
417 2783 662 2845 ἀένναος.
694 2781 835 2851 Ἐγὼ
855 2781 1124 2852 δαιμόνων
1155 2781 1515 2854 ἀλεξιτήριον.
1550 2782 1692 2852 Ἐγὼ
1723 2783 1876 2848 πόλις

295 2874 730 2948 φυγαδευτηρίου
787 2873 899 2937 τοῖς
941 2871 1351 2943 προσφεύγουσι
1411 2874 1652 2944 πέφυκα.
1701 2876 1876 2946 Προσ-

294 2966 484 3020 έλθετε
503 2966 705 3030 πίστει,
725 2964 866 3030 λαοὶ,
890 2964 986 3018 καὶ
1008 2963 1317 3036 ποταμηδδν
1333 2965 1612 3036 ἀρύσασθε
1633 2967 1701 3020 τά
1717 2967 1877 3039 χαρί-

1966 492 2178 531 macum
2228 476 2468 531 dolorem
2519 490 2584 531 ex
2638 479 2784 532 omni
2843 482 3006 536 corde
3053 483 3276 552 pellens.
3301 483 3436 554 Ave,
3462 501 3562 559 per

1966 582 2129 637 quam
2157 583 2301 624 mors
2336 568 2557 652 expulsa
2591 577 2693 633 est,
2729 571 2834 626 vita
2871 583 3050 628 autem
3091 576 3402 646 importata.

2047 864 2137 918 17.
2179 862 2297 918 Jam
2327 877 2479 928 vero,
2509 878 2542 919 0
2572 879 2855 920 sacrorum
2886 868 3129 921 omnium
3162 866 3554 936 sepulcrorum,

1969 954 2162 1009 saltem
2209 965 2328 1025 post
2372 955 2584 1010 Domini
2609 955 2934 1025 sepulcrum,
2982 957 3127 1027 quod
3178 959 3298 1013 vitae
3345 959 3554 1014 initium

1971 1047 2154 1110 dedit,
2204 1048 2730 1117 resurrectionisque
2778 1049 2898 1104 fons
2945 1048 3080 1114 fuit,
3127 1051 3555 1106 sacratissimum

1971 1139 2172 1208 (tecum
2205 1139 2351 1194 enim
2386 1147 2642 1209 tanquam
2675 1141 2972 1196 animatum
3003 1158 3182 1209 esses,
3215 1144 3346 1198 mihi
3378 1159 3557 1199 sermo
3591 1152 3595 1156 '

1971 1231 2236 1303 erit),ubi
2280 1235 2495 1287 tandem
2541 1235 2668 1287 illud
2711 1235 2984 1289 sincerum
3031 1253 3222 1290 aurum
3269 1247 3370 1299 est,
3413 1237 3556 1306 quod

1972 1322 2337 1390 apostolorum
2381 1338 2574 1377 manus
2619 1324 2671 1376 in
2717 1333 2768 1377 te
2814 1326 3214 1379 cendideruut?
3263 1327 3351 1380 ubi
3399 1327 3554 1380 inex-

1973 1411 2180 1466 haustae
2205 1412 2370 1480 opes?
2391 1413 2478 1466 ubi
2507 1413 2794 1482 pretiosum
2828 1414 3053 1478 monile,
3081 1417 3221 1483 quod
3248 1417 3411 1470 vitam
3437 1433 3556 1470 sus-

1973 1505 2157 1571 cepit?
2198 1504 2287 1558 ubi
2336 1505 2572 1558 animata
2622 1507 2844 1560 mensa?
2887 1508 2974 1561 ubi
3025 1523 3194 1580 novus
3245 1519 3454 1574 tomus,
3503 1513 3555 1564 in

1973 1612 2078 1666 quo
2106 1595 2362 1652 ineffabili
2391 1596 2602 1650 ratione
2628 1597 2766 1651 Deus
2789 1598 3018 1652 Verbum
3045 1596 3182 1656 eitra
3210 1617 3399 1656 manus
3429 1617 3557 1670 ope-

1975 1703 2090 1740 ram
2134 1687 2427 1757 iuscriptus
2464 1686 2584 1741 est?
2617 1687 2703 1741 ubi
2741 1690 2929 1758 gratiae
2964 1690 3232 1761 ahyssus?
3267 1691 3354 1746 ubi
3395 1706 3558 1746 sana-

1977 1777 2178 1831 tionum
2211 1776 2468 1847 pelagus?
2495 1778 2582 1832 ubi
2615 1777 2734 1832 fons
2761 1795 2824 1832 ex
2856 1794 2962 1848 quo
2992 1781 3098 1833 vita
3131 1788 3282 1849 parta
3309 1781 3432 1834 est?
3464 1781 3554 1835 ubi

1975 1869 2205 1937 denique
2248 1870 2679 1924 sacratissimum
2721 1870 2850 1924 illud
2894 1880 3057 1939 atque
3097 1869 3549 1924 amabilissimum

1974 1975 2169 2029 corpus
2211 1960 2300 2014 Dei
2340 1959 2667 2014 Genitricis?
2697 1960 2835 2027 Quid
2873 1976 2988 2014 eam
3032 1961 3082 2014 in
3125 1960 3372 2030 sepulcro
3408 1975 3556 2030 qure-

1977 2052 2128 2118 ritis,
2163 2067 2284 2121 qua:
2323 2051 2390 2105 ad
2428 2051 2668 2106 caelestia
2706 2051 3052 2106 tabernacula
3089 2053 3226 2106 elata
3263 2053 3386 2106 est?
3419 2052 3557 2118 Quid

1976 2143 2234 2197 custodia:
2281 2142 2546 2196 rationem
2586 2156 2614 2194 a
2659 2157 2745 2195 me
2789 2142 3120 2210 exposcitis?
3158 2157 3261 2196 non
3304 2158 3381 2197 etc
3426 2159 3560 2198 mea:

1977 2234 2138 2297 vires,
2167 2243 2226 2286 ut
2253 2231 2451 2286 divinis
2473 2231 2641 2300 jussis
2671 2232 2926 2288 relucter.
2955 2231 3164 2288 Relicta
3192 2233 3440 2298 sindone,
3470 2250 3558 2287 sa-

1975 2341 2125 2380 crum
2155 2324 2284 2379 illud
2314 2335 2368 2379 et
2397 2335 2643 2380 sanctum
2674 2339 2869 2394 corpus
2893 2324 3035 2394 quod
3067 2326 3410 2381 sanctitatem
3447 2341 3557 2380 me-

1977 2405 2098 2473 cum
2131 2417 2574 2479 communicavit,
2612 2431 2802 2485 meque
2838 2426 3112 2486 unguento
3144 2427 3199 2471 et
3232 2418 3560 2473 suavissimo

1977 2507 2145 2563 odore
2174 2507 2433 2578 implevit,
2463 2522 2528 2562 ac
2559 2508 2795 2561 divinum
2831 2508 3112 2563 delubrum
3141 2508 3319 2564 ell'ecit
3352 2527 3366 2563 :
3397 2509 3558 2563 abre-

1978 2609 2126 2669 ptum
2164 2599 2287 2653 hinc
2321 2613 2536 2653 sursum
2573 2597 2738 2663 abiit,
2774 2597 3102 2666 stipantibus
3135 2598 3343 2669 angelis
3375 2609 3428 2653 et
3465 2614 3559 2652 ar-

1977 2691 2288 2762 changelis,
2336 2690 2691 2760 omnibusque
2738 2689 2998 2744 ccelorum
3045 2691 3358 2746 virtutibus.
3403 2689 3560 2746 Nunc

1979 2795 2065 2836 me
2092 2771 2265 2850 angeli
2289 2779 2456 2850 879
2476 2780 2786 2834 observant.
2809 2778 2962 2835 Nunc
2989 2781 3040 2834 in
3067 2796 3153 2835 me
3178 2781 3358 2835 divina
3386 2781 3558 2850 gratia

1979 2874 2210 2928 habitat.
2267 2872 2380 2942 Ego
2409 2871 2621 2927 emt-ina
2656 2873 2940 2928 medicime
2969 2874 3358 2942 aegrotantibus
3389 2876 3558 2929 evasi.

1979 2965 2092 3036 Ego
2135 2964 2256 3022 fons
2294 2966 2586 3020 sanitatum
2631 2967 2905 3035 perennis.
2947 2967 3056 3037 Ego
3093 2967 3396 3021 daemonum
3437 2981 3560 3035 pro-

295 3075 502 3130 σματα.
536 3057 875 3128 Ἀδιάκριτον
896 3058 994 3128 τὴν
1010 3057 1195 3110 πίστιν
1211 3057 1538 3128 κεκτημένοι
1561 3059 1872 3126 προέλθετε.

1981 3059 2201 3130 ﬂigatio.
2227 3059 2338 3129 Ego
2362 3059 2428 3114 iis
2450 3061 2539 3130 qui
2567 3061 2632 3113 ad
2660 3075 2746 3114 me
2768 3059 3105 3130 confugiunt,
3130 3061 3321 3114 civitas
3344 3059 3556 3128 refugii.

298 3153 368 3205 Ol
397 3148 698 3220 διψῶντες
728 3150 821 3220 ἐφ’
846 3149 1002 3217 ὕδωρ
1019 3151 1372 3218 πορεύεσθε,
1417 3150 1648 3214 Ἡσαΐας
1694 3168 1875 3222 παρα-

294 3242 604 3306 κελεύεται,
636 3242 733 3295 καὶ
766 3241 935 3308 ὅσοις
966 3243 1079 3295 οὐκ
1123 3241 1294 3296 ἔστιν
1327 3243 1629 3312 ἀργύριον,
1661 3260 1880 3312 πορευ-

296 3332 506 3398 θέντες
537 3331 876 3402 ἀγοράσατε
931 3331 1078 3386 ἄνευ
1108 3333 1302 3400 τιμῆς.
1334 3332 1476 3401 Ἐγὼ
1511 3336 1677 3387 πᾶσιν
1715 3337 1880 3405 εὐαγο

296 3425 537 3494 γελικῶς
577 3423 937 3494 ἀνακέκραγα
963 3439 976 3452 ·
1015 3423 1074 3476 ’0
1130 3423 1300 3494 διψῶν
1350 3425 1681 3496 νοσημάτων
1712 3427 1878 3489 ἴασιν,

298 3513 553 3584 ψυχικῶν
615 3511 806 3566 παθῶν
840 3511 1223 3584 ἀπολύτρωσιν
1255 3553 1270 3577 ,
1325 3513 1740 3585 ἁμαρτημάτων
1797 3515 1881 3579 ἒξ.-

299 3605 534 3671 ἀλειψιν,
553 3603 821 3660 παντοίων
838 3603 1114 3674 ἐπιφορῶν
1135 3602 1508 3674 ἀλλοτρίωσιν,
1524 3605 1770 3676 οὐρανῶν
1788 3604 1882 3676 βα-

301 3697 512 3761 σιλείας
529 3697 862 3759 ἀνάπαυσιν,
888 3696 1068 3750 πίστει
1095 3695 1485 3766 προσερχέσθω
1513 3697 1650 3765 πρός
1681 3713 1773 3766 με,
1791 3699 1883 3749 καὶ

298 3787 604 3860 ἀρυσάσθω
656 3787 874 3860 ῥεῖθρον
936 3785 1038 3856 τῆς
1095 3785 1318 3856 χάριτος
1363 3787 1736 3858 πολυδύναμον
1790 3789 1884 3841 καὶ

298 3878 703 3949 πολύχρηστον.
758 3876 973 3946 Ὠσπερ
1025 3875 1132 3946 γάρ
1181 3874 1274 3928 τοῦ
1321 3875 1513 3938 ὓδατος
1553 3876 1587 3946 ὴ
1637 3876 1884 3945 ἐνέργεια

300 3969 451 4039 ἁπλῆ
505 3968 600 4022 καὶ
646 3968 745 4039 μία
798 3965 1162 4037 τυγχάνουσα,
1205 3966 1281 4030 ώς
1339 3966 1396 4019 δὲ
1425 3968 1527 4037 γῆς
1574 3967 1668 4020 καὶ
1701 3967 1881 4038 ἀέρος,

297 4062 514 4118 καὶτοῦ
557 4060 856 4132 παμφαοῦς
885 4059 1060 4130 ἡλίου,
1108 4059 1326 4128 ἑκάστῳ
1350 4058 1460 4110 τῶν
1488 4056 1732 4127 μετόχων
1765 4057 1883 4110 δια-

301 4157 493 4226 φόρως
543 4156 679 4226 πρὸς
721 4153 783 4206 τὸ
837 4150 1206 4222 κατάλληλλον
1237 4149 1338 4218 τῆς
1367 4147 1584 4217 φύσεως
1615 4147 1886 4218 μεταϐάλ-

299 4250 479 4309 λεται,
515 4246 845 4315 καὶγίνεται
875 4246 933 4297 ὲν
963 4241 1196 4314 ἀμπέλῳ
1236 4233 1334 4312 μὲν
1363 4236 1526 4304 οἶνος,
1559 4241 1617 4293 ὲν
1648 4239 1807 4310 ἐλαία
1826 4239 1884 4292 δὲ

301 4340 487 4394 ἔλαιον
509 4357 522 4369 ·
553 4338 694 4392 οὕτω
724 4339 820 4390 καὶ
843 4339 876 4407 ἡ
899 4336 1081 4406 χάρις,
1102 4334 1248 4404 ἁπλῆ
1271 4333 1366 4386 καὶ
1397 4333 1495 4402 μία
1517 4330 1882 4402 τυγχάνουσα,

302 4429 572 4492 ποικίλως
615 4430 712 4481 καὶ
769 4427 1047 4495 ἀναλόγως
1104 4425 1239 4497 πρὸς
1288 4423 1386 4494 τὴν
1417 4424 1648 4476 ἑκάστου
1698 4420 1888 4493 χρείαν

305 4523 596 4592 εὐεργετεῖ
626 4521 754 4583 τοὺς
777 4519 1124 4589 μετέχοντας.
1158 4519 1270 4571 Οὐκ
1293 4517 1354 4581 ἐξ
1382 4515 1588 4578 οἰκείας
1611 4514 1706 4585 τὴν
1730 4515 1888 4586 χάριν

305 4611 591 4680 κέκτημαι
618 4609 854 4678 φύσεως.
880 4609 1062 4677 Τάφος
1092 4608 1238 4671 ἅπας
1280 4607 1544 4670 δυσωδίας
1583 4606 1887 4669 ἀνάπλεως,

303 4703 620 4771 κατηφείας
655 4701 936 4772 πρόξενος,
977 4699 1320 4771 εὐφροσύνης
1349 4697 1664 4760 ἀντίπαλος.
1700 4698 1890 4766 Μύρον

307 4795 612 4863 πολύτιμον
637 4793 918 4863 δέδεγμαι,
942 4793 1039 4845 καὶ
1067 4792 1165 4862 τῆς
1190 4789 1417 4852 εὐωδίας
1438 4788 1761 4860 μετείληφα,
1798 4788 1893 4840 καὶ

307 4888 368 4941 τὸ
392 4886 566 4957 μύρον
593 4885 767 4948 οὕτως
798 4886 994 4948 εὑῶδες
1019 4884 1112 4937 καὶ
1134 4880 1592 4953 δραστικώτατον,
1615 4880 1690 4942 ώς
1720 4880 1891 4949 μικρᾷ

308 4979 616 5050 παραθέσει
649 4977 1017 5048 ἀναφαίρετον
1045 4973 1395 5046 δωρήσασθαι
1421 4972 1518 5043 τὴν
1549 4972 1851 5041 μετάληψιν
1874 4988 1886 5000 ⁸

307 5069 712 5141 ἀμεταμέλητα
737 5069 844 5138 γὰρ
866 5069 1034 5130 ὅντως
1080 5067 1147 5119 τὰ
1181 5066 1297 5119 θεῖα
1324 5065 1639 5136 χαρίσματα
1667 5079 1680 5091 °
1708 5065 1891 5134 πηγὴν

307 5159 656 5230 εὐφροσύνης
684 5157 919 5223 ἐξένισα,
958 5160 1050 5212 καὶ
1079 5157 1285 5227 ταύτης
1315 5157 1538 5210 ἀένναον
1579 5155 1888 5225 ἐπλούτησα

307 5251 415 5320 τὴν
455 5249 772 5304 ἀνάὸλυσιν.

1980 3151 2256 3216 Accedite,
2285 3151 2486 3221 populi,
2515 3166 2636 3206 cum
2659 3152 2846 3214 iide,et
2861 3153 3156 3222 gratiarum
3183 3150 3319 3206 dona
3337 3149 3559 3204 afﬂuen-

1983 3241 2190 3294 tissimu
2213 3241 2442 3295 haurite.
2479 3241 2755 3305 Accedite.
2792 3242 2881 3310 qui
2921 3241 3023 3295 lide
3058 3242 3280 3296 minime
3312 3241 3559 3308 ambigua

1981 3334 2130 3394 estis.
2167 3332 2433 3400 Sitientes,
2471 3335 2638 3388 venite
2677 3333 2745 3387 ad
2777 3350 2965 3401 aquas,
2999 3333 3319 3388 exhortatur
3352 3325 3560 3395 ESuias,

1980 3433 2025 3476 et
2067 3425 2158 3491 qui
2200 3440 2300 3477 non
2347 3425 2548 3478 habetis
2593 3437 2891 3496 argentum,
2932 3426 3118 3489 venite,
3163 3433 3212 3477 et
3254 3425 3407 3476 emite
3447 3422 3559 3475 sine

1981 3515 2145 3576 pretio
2166 3515 2234 3566 ”.
2267 3513 2380 3586 Ego
2413 3517 2681 3570 universis
2710 3516 3018 3587 evaugelice
3049 3515 3224 3569 clamo
3257 3533 3270 3570 :
3309 3513 3562 3582 Quisquis

1983 3603 2299 3658 morborum
2363 3605 2703 3660 sanationem
2765 3607 2898 3669 sitit,
2963 3606 3216 3662 vitiorum
3259 3604 3422 3658 animi
3465 3604 3561 3656 de-

1984 3695 2304 3765 pulsioucm,
2323 3706 2666 3766 peccatorum
2685 3697 3096 3762 abstersiouem,
3117 3709 3562 3766 quarmucunque

1984 3789 2356 3842 calamitatum
2389 3788 2814 3852 submotiouem,
2848 3790 2996 3858 regni
3027 3789 3268 3844 caelestis
3297 3786 3558 3856 requiem,

1984 3880 2050 3934 ad
2082 3895 2166 3934 me
2198 3895 2320 3933 cum
2355 3879 2458 3933 [ide
2488 3881 2706 3944 veniat,
2741 3881 3050 3948 donumque
3083 3879 3269 3947 gratiae
3297 3876 3563 3934 elIicacis-

1985 3970 2180 4025 simum
2209 3979 2372 4037 atque
2397 3969 2742 4024 utilissimum
2771 3969 3077 4023 exhauriat.
3105 3968 3563 4034 Quemadmodum

1985 4061 2129 4115 enim
2160 4075 2312 4130 aqua:
2345 4061 2516 4113 virtus
2545 4066 2600 4114 et
2628 4063 2788 4120 actio.
2821 4068 2880 4112 ut
2906 4067 2959 4112 et
2990 4067 3148 4113 terra:
3203 4057 3473 4127 aerisque,
3503 4070 3566 4112 ac

1985 4151 2405 4222 splendidissimi
2435 4150 2584 4215 solis,
2615 4150 2844 4218 simplex
2875 4151 3002 4204 licet
3030 4159 3194 4218 atque
3220 4164 3322 4202 uua
3353 4148 3444 4214 sit,
3476 4163 3566 4201 va-

1987 4247 2068 4301 rie
2094 4255 2274 4300 tamen
2303 4253 2360 4298 et
2381 4243 2678 4299 secundum
2700 4257 2887 4298 earum
2912 4257 3092 4296 rerum
3111 4255 3235 4310 qua:
3258 4239 3422 4310 ipsius
3444 4254 3566 4306 par-

1993 4338 2185 4405 ticipes
2235 4344 2397 4401 sunt,
2450 4345 2696 4388 naturam
2751 4334 3086 4399 immutatur,
3139 4332 3302 4402 (itque
3352 4332 3404 4385 iu
3459 4331 3567 4383 vite

1923 4403 1965 4456 θ
1991 4427 2208 4498 quidem
2251 4428 2454 4488 vinum.
2493 4426 2547 4482 iu
2585 4425 2724 4481 oliva
2765 4427 2976 4489 oleum;
3015 4427 3087 4478 ita
3125 4437 3337 4493 quoque
3371 4423 3566 4491 gratia,

1985 4519 2233 4589 quamvis
2256 4519 2484 4587 simplex
2509 4527 2564 4573 et
2588 4533 2688 4571 una
2707 4517 2799 4584 sit,
2823 4517 2970 4570 varie
2999 4525 3178 4570 tamen
3197 4525 3250 4571 et
3267 4529 3365 4584 pro
3387 4514 3571 4567 unius-

1988 4611 2251 4680 cujusque
2273 4609 2508 4664 utilitate
2529 4649 2542 4673 ,
2567 4623 2657 4662 eos
2686 4623 2711 4662 a
2739 4607 2937 4676 quibus
2963 4605 3279 4676 percipitur.
3305 4603 3568 4659 beneficio

1991 4701 2172 4756 al‘licit.
2201 4700 2312 4757 Nec
2343 4715 2468 4754 vero
2502 4699 2731 4770 gratiam
2765 4699 2903 4754 hanc
2933 4714 2961 4751 a
2997 4711 3112 4751 mea
3145 4707 3338 4752 natura
3374 4694 3567 4750 habeo.

1991 4789 2309 4858 Sepulcrum
2338 4803 2499 4843 oume
2527 4787 2700 4843 fetore
2729 4787 2942 4857 pleumn
2971 4795 3076 4848 est,
3103 4783 3356 4841 maeroris
3382 4797 3568 4844 causa,

1997 4889 2050 4932 et
2080 4878 2281 4933 laetitiae
2313 4878 2505 4932 hostis.
2530 4876 2729 4932 Verum
2763 4877 3057 4947 pretiosum
3089 4886 3417 4947 unguentum
3449 4885 3570 4927 sus-

1998 4972 2146 5040 cepi,
2177 4985 2240 5026 ex
2272 4986 2382 5041 quo
2411 4971 2590 5025 suavis
2620 4971 2752 5024 odor
2780 4970 2910 5024 mihi
2943 4971 3250 5039 impertitus
3277 4975 3357 5020 est
3392 4983 3405 5018 :
3436 4964 3567 5018 hoc-

1997 5079 2104 5130 que
2144 5073 2472 5133 unguentum
2511 5076 2573 5116 ea
2611 5062 2874 5116 suavitate
2913 5069 3167 5127 tantaque
3202 5058 3251 5110 vi
3289 5057 3568 5124 praeditum

1998 5164 2104 5220 est,
2131 5163 2188 5208 ut
2221 5153 2299 5208 vel
2334 5153 2522 5208 leviter
2552 5151 2848 5214 admotum,
2883 5149 3114 5203 fructum
3145 5145 3408 5215 ejusmodi
3439 5145 3571 5198 alie-

2002 5254 2103 5306 rat,
2136 5242 2279 5313 quod
2315 5240 2514 5295 auferri
2549 5253 2655 5292 non
2691 5239 2883 5306 possit.
2919 5234 3047 5289 Siue
3081 5233 3394 5304 poenitentia
3427 5233 3571 5288 enim

310 5354 443 5401 sunt
474 5343 655 5398 divina
689 5345 826 5396 doua
849 5341 916 5395 ".
947 5339 1140 5394 Gaudii
1179 5339 1378 5393 fontem
1411 5339 1643 5406 hospitio
1674 5338 1891 5408 excepi,
1933 5338 2294 5406 perenuisque
2331 5333 2486 5402 hujus
2522 5329 2866 5398 scaturigiuis
2901 5327 3104 5381 divitiis
3139 5325 3318 5381 alTIuo.

380 5525 439 5556 -"
485 5525 587 5578 lsa.
621 5539 706 5584 LV,
739 5525 789 5576 l.
867 5524 914 5555 "
944 5473 1190 5585 Romfu,
1222 5522 1322 5576 29.

396 5675 512 5746 (56)
550 5675 613 5728 ιι.
649 5673 886 5744 Κυρίου.

637 5788 908 5850 ΡΑτιιοι..
959 5790 1075 5850 Gn.
1125 5790 1341 5855 XCVI.

2102 5667 2219 5738 (57)
2242 5666 2304 5721 Β.
2333 5665 2553 5738 φθορᾶς.

3170 5770 3253 5828 αι
