4018 6342
557 282 656 344 751

1740 285 1798 342 S.
1842 286 2158 346 JOANNIS
2192 288 2613 349 DAMASCENI

3681 272 3789 334 752

548 394 623 447 ita
654 393 894 461 aﬂ'eclur,
933 402 986 447 ut
1020 408 1131 445 cum
1171 392 1251 446 Itis
1274 408 1390 462 quin
1413 394 1648 457 canebat,
1684 404 1954 464 copulatus
1981 397 2111 450 vide-

2223 417 2371 468 τητα
2415 400 2526 469 τῆς
2587 404 2908 471 θεαρχικῆς
2961 403 3312 468 εὐσθενείας
3339 400 3473 471 (60).
3545 397 3799 452 Πάντων

551 498 714 550 retur,
747 498 793 540 et
834 489 897 539 ab
926 484 1164 539 omnibus
1210 487 1299 555 qui
1350 488 1516 555 ipsum
1570 488 1854 542 audiebant
1895 499 1943 541 et
1978 491 2118 544 vitle-

553 578 695 641 btmt,
736 589 784 630 et
807 578 1018 645 quibus,
1044 578 1151 631 sive
1172 579 1467 643 notus,sive
1491 580 1700 649 ignotus
1722 590 1856 647 erat,
1887 579 2118 635 Numine

548 678 814 735 correptus
841 668 1149 738 diuinusque
1190 670 1344 733 plane
1387 670 1701 740 hymnorum
1731 684 1920 726 auctor
1938 689 2116 727 cense-

548 769 710 812 retur.
736 758 873 823 Quid
905 772 1075 812 autem
1109 761 1175 812 de
1214 760 1291 813 his
1320 777 1437 829 qua:
1456 762 1631 815 divine
1662 763 1773 815 illic
1804 765 1941 817 dicta
1972 774 2115 829 sunt,

549 848 619 902 ad
656 858 705 901 te
731 864 1017 903 sermonem
1052 849 1292 913 habeam,
1313 867 1432 903 cum
1464 850 1572 919 ipse
1607 852 1709 904 nisi
1732 854 1830 905 mei
1857 854 1966 920 ipse
1982 854 2117 907 obli-

551 950 635 995 tus
660 957 795 1003 sunt,
821 940 1100 994 nonnullas
1125 942 1281 994 etiam
1312 942 1608 995 divinorum
1630 943 1840 997 illorum
1870 954 2117 999 cantuum

548 1039 720 1097 partes
763 1045 901 1098 stepe
944 1047 976 1083 a
1025 1039 1074 1082 te
1108 1046 1188 1083 me
1220 1030 1483 1084 audivisse
1524 1034 1768 1087 noverim.
1812 1032 1905 1089 His
1944 1035 2119 1104 impe-

547 1129 759 1174 ratores
812 1120 1028 1186 auditis,
1087 1121 1155 1175 ab
1194 1122 1605 1190 archiepiscopo
1649 1122 1891 1178 Juvenali
1947 1127 2117 1193 peties

550 1218 699 1275 runt,
740 1219 983 1264 sanctum
1019 1209 1168 1263 illum
1204 1210 1438 1265 loculum
1496 1229 1597 1266 una
1644 1229 1766 1269 cum
1795 1216 2042 1283 gloriosae
2061 1225 2117 1271 et

549 1296 910 1351 sanctissimae
932 1296 1026 1352 Dei
1053 1298 1347 1353 Genitricis
1399 1302 1659 1369 vestibus,
1709 1319 1827 1372 qua:
1858 1305 1907 1358 in
1932 1320 1997 1359 eo
2022 1321 2117 1374 po-

549 1389 665 1443 sita:
693 1398 872 1453 erant,
908 1392 974 1444 ad
1009 1404 1068 1444 se
1098 1391 1258 1455 tnitti,
1293 1392 1467 1461 sigillo
1497 1397 1910 1452 communitum.
1944 1396 2114 1463 Quem

549 1501 671 1538 cum
725 1487 1083 1555 accepissent,
1142 1487 1194 1540 in
1239 1489 1539 1540 veneranda
1597 1488 1710 1541 aede
1758 1486 1970 1542 Sanctae
2024 1488 2115 1544 Dei

547 1577 761 1641 Matris,
803 1593 922 1648 quae
955 1579 1006 1632 in
1066 1577 1382 1633 Blachernis
1435 1579 1536 1631 sita
1583 1587 1686 1642 est,
1729 1580 2108 1647 deposuerunt.

548 1669 723 1737 Atque
746 1670 816 1723 ita
848 1671 1063 1739 quidem
1101 1670 1213 1724 haec
1244 1680 1391 1738 gesta
1432 1679 1573 1723 sunt.
1602 1687 1619 1721 ι

2219 490 2454 559 ἐκράτει
2501 492 2652 560 μετὰ
2703 494 2848 559 τοὺς
2892 494 3214 562 θεολόγυυς
3237 533 3250 554 ,
3307 491 3389 555 ὡς
3440 483 3649 551 οἶσθα,
3676 483 3798 537 τῶν

2220 582 2427 636 ἄλλων
2458 583 2847 651 ίερομυστῶν,
2878 584 3021 647 ὅλος
3058 580 3354 649 ἐκδημῶν,
3385 579 3527 643 ὅλος
3554 574 3797 640 ἐξιστά-

2214 689 2401 741 μενος
2427 673 2669 738 ὲαυτοῦ,
2700 675 2795 727 καί
2838 673 2953 742 τὴν
2986 673 3137 741 πρὸς
3174 673 3245 726 τὰ
3280 672 3628 740 ὑμνούμενα
3674 683 3796 720 κοι-

2218 765 2448 818 νωνίαν
2477 764 2754 834 πάσχων,
2783 765 2881 819 καὶ
2917 765 3065 833 πρὸς
3098 766 3361 827 πάντων,
3400 757 3490 815 ὧν
3512 760 3792 828 ἠκούετο,

2219 859 2317 910 καὶ
2360 856 2599 926 ἑωρᾶτο,
2632 857 2730 911 καί
2774 857 3152 925 ἐγινώσκετο,
3191 854 3287 908 καί
3329 855 3440 908 οὐκ
3477 852 3793 921 ἐγίνωσκε,

2218 950 2551 1016 θεόληπτος
2572 946 2726 1003 εἶναι
2748 949 2846 1002 καί
2870 950 3026 1015 θεῖος
3056 949 3394 1017 ὑμνολόγος
3421 946 3790 1013 κρινόμενος.

2218 1041 2327 1095 Kal
2361 1042 2417 1094 τί
2448 1040 2527 1094 ἄν
2550 1058 2653 1094 σοι
2688 1040 2822 1107 περὶ
2862 1040 2978 1093 τῶν
3022 1040 3152 1093 ἐκεῖ
3187 1035 3666 1105 θεολογηθέντων
3693 1032 3796 1088 λέ-

2217 1149 2412 1201 TOU“;
2444 1133 2545 1185 καὶ
2594 1134 2704 1201 γὰρ
2742 1135 2794 1185 εί
2815 1132 2900 1200 μὴ
2951 1132 3050 1184 καί
3098 1129 3316 1184 ἑαυτοῦ
3361 1126 3792 1195 ἐπιλέλησμαι,

2218 1221 2516 1287 πολλάκις
2557 1220 2691 1276 οἶδα
2718 1222 2878 1291 παρὰ
2908 1222 3025 1275 σοῦ
3065 1222 3164 1275 καί
3199 1220 3351 1289 μέρη
3383 1218 3515 1272 τινὰ
3546 1217 3665 1270 τῶν
3694 1218 3794 1269 ὲν-

2218 1313 2555 1366 θεαστικῶν
2612 1315 2863 1367 ἐκείνων
2920 1310 3234 1382 ὑμνωδιῶν
3278 1311 3623 1373 ἐπακούσας
3653 1306 3791 1377 (61).

2217 1402 2534 1465 Καὶταῖηα
2575 1404 2624 1456 οἱ
2661 1404 2897 1473 βασιλεῖς
2949 1402 3304 1465 ἀκούσαντες,
3361 1402 3568 1470 ᾔτησαν
3626 1397 3793 1451 αὐτὸν

2216 1494 2306 1547 τὸν
2351 1496 2779 1566 ἀρχιεπίσκοπον
2829 1496 3177 1549 ἰουϐενάλιον
3224 1494 3326 1563 τὴν
3363 1493 3523 1559 ἁγίαν
3573 1490 3792 1559 ἐκείνην

2208 1584 2376 1652 ισορὸν
2413 1587 2551 1654 μετὰ
2581 1586 2690 1638 τῶν
2728 1588 2785 1639 ἐν
2823 1586 2963 1655 αὐτῇ
2991 1586 3093 1654 τῆς
3139 1583 3349 1649 ἐνδόξου
3393 1583 3485 1635 καὶ
3522 1579 3791 1647 παναγίας

2217 1672 2469 1728 θεοτόκου
2513 1677 2727 1747 Μαρίας
2783 1678 3011 1745 ἱματίων
3059 1675 3498 1746 βεδουλλωμένην
3531 1670 3790 1739 ἀσφαλῶς

547 1761 731 1822 αὐτοῖς
774 1761 1160 1831 ἀποσταλῆναιο
1203 1762 1296 1813 καὶ
1338 1759 1543 1831 ταύτην
1596 1761 2003 1815 ἀποσταλεῖσαν.
2061 1763 2353 1818 κατέθεντο
2396 1768 2454 1820 ἐν
2497 1767 2575 1837 τῷ
2643 1770 2700 1822 ἐν
2754 1769 3081 1840 Βλαχέρναις
3139 1768 3426 1839 δομηθέντι
3508 1765 3790 1835 σεὸασμίῳ

546 1852 678 1921 οἴκῳ
732 1854 830 1920 τῆς
885 1853 1048 1920 ἁγίας
1079 1851 1365 1906 Θεοτόκου.
1399 1853 1508 1905 Καὶ
1544 1852 1717 1905 ταῦτα
1754 1854 1851 1923 μὲν
1885 1852 2078 1918 οὕτως.
2122 1874 2142 1907 ›

618 1944 706 1999 19.
742 1944 877 2011 Quid
906 1962 1068 2015 porro
1102 1964 1199 2003 nos
1224 1948 1459 2003 vicissim
1518 1950 1584 2003 ad
1625 1950 1929 2018 sepulcrum
1962 1949 2111 2003 dice-
2145 1960 2188 2016 Β

548 2040 713 2092 mus?
759 2037 871 2091 Tua
933 2040 1178 2107 equidem
1236 2042 1407 2109 gratia
1469 2042 1723 2107 perennis
1770 2050 1933 2111 atque
1966 2042 2117 2097 inde-

551 2130 737 2183 ﬁciens
765 2137 847 2184 est
881 2147 894 2183 :
924 2140 1176 2185 caeterum
1219 2132 1398 2187 divina
1441 2133 1523 2190 vis
1574 2134 1799 2188 minime
1844 2135 1977 2189 locis
2004 2125 2112 2188 cir-

546 2222 955 2291 cumscribitur,
1004 2239 1101 2280 nec
1145 2225 1336 2281 Matris
1382 2227 1646 2280 beneﬁcia
1698 2226 1748 2279 in
1778 2226 1893 2281 solo
1924 2242 2114 2279 monu-

546 2320 729 2367 mento
760 2324 1187 2371 commorantur.
1227 2315 1357 2371 Nam
1389 2317 1434 2371 si
1479 2315 1729 2385 sepulcro
1781 2316 1898 2370 solo
1925 2315 2115 2369 delini-

546 2414 754 2471 rentur,
793 2408 949 2476 pauci
978 2406 1265 2463 admodum
1320 2409 1624 2477 hujusmodi
1662 2408 1807 2463 dono
1859 2408 2116 2463 divinitus

547 2497 939 2552 inthuerentnr.
983 2500 1144 2567 Atqui
1171 2499 1223 2551 in
1256 2499 1510 2554 omnibus
1560 2499 1708 2554 orbis
1746 2499 1941 2552 ﬁnibus
1988 2496 2114 2551 illud

547 2600 607 2639 se
634 2587 853 2654 copiose
882 2585 1150 2641 diil‘undit.
1188 2588 1263 2641 Ac
1290 2588 1515 2656 proinde
1564 2602 1834 2651 curemus,
1873 2596 1925 2640 ut
1964 2599 2115 2639 mens

548 2678 911 2745 memoriaque
934 2687 1114 2732 nostra
1137 2679 1227 2733 Dei
1243 2679 1535 2735 Geuitricis
1555 2680 1979 2749 promptuarium
2001 2679 2112 2733 ﬁat.

548 2768 669 2834 Quo
691 2777 869 2823 autem
898 2778 1055 2837 pacto
1084 2770 1132 2823 id
1164 2772 1552 2839 assequemur?
1587 2771 1750 2839 Virgo
1787 2772 1898 2840 ipsa
1929 2779 2033 2837 est,
2061 2779 2115 2825 et

545 2859 813 2930 virginum
871 2875 1101 2915 amans:
1146 2870 1293 2915 casta
1346 2870 1452 2926 cst,
1506 2871 1561 2915 et
1612 2862 1878 2917 castitatis
1906 2877 2111 2917 amans.

547 2949 832 3015 Quocirca,
873 2951 918 3005 si
967 2965 1088 3005 cum
1145 2952 1412 3020 corporis,
1450 2961 1558 3005 tum
1618 2953 1780 3007 etiam
1841 2954 2115 3008 memoriae

546 3043 855 3098 castitatem
907 3043 1175 3110 colamus,
1237 3047 1463 3115 gratiam
1518 3045 1687 3115 ipsius
1733 3045 2112 3112 adipiscentur.

548 3131 742 3187 Lutum
766 3135 1035 3203 siquidem
1063 3151 1223 3191 omne
1250 3137 1405 3207 fugit,
1441 3153 1502 3192 ac
1531 3152 1780 3192 caenosas
1804 3136 2114 3191 atl‘ectiones

548 3236 801 3295 tanquam
834 3228 1104 3296 genimina
1138 3229 1469 3299 viperarum.
1515 3230 1803 3300 Inglnvicm
1855 3244 2110 3285 exsecra-

2288 1953 2373 2011 ιθ’.
2416 1958 2481 2011 Τί
2530 1959 2587 2012 δέ
2634 1959 2768 2030 πρὸς
2809 1959 2901 2012 τὸν
2942 1957 3112 2026 τάφον
3159 1958 3316 2027 ἡμεῖς
3353 1955 3787 2025 ἀντιφήσοιμενς

2226 2045 2291 2099 Ἠ
2314 2049 2412 2117 μὲν
2434 2050 2499 2118 σὴ
2522 2050 2677 2121 χάρις
2701 2049 2992 2120 ἀνελλιπὴς
3014 2052 3106 2103 καὶ
3131 2050 3372 2111 ἁένναος,
3391 2048 3504 2101 ἀλλ’
3527 2048 3586 2099 οὐ
3600 2048 3788 2109 τόποις

2213 2138 2387 2208 ἡθεία
2414 2141 2780 2211 περιορίζεται
2801 2139 3048 2210 δύναμις,
3082 2140 3201 2193 οὐδὲ
3232 2142 3285 2192 αἰ
3315 2141 3410 2209 τῆς
3444 2139 3787 2207 Θεομήτορος

2207 2230 2541 2301 εὐεργεσίαν
2578 2234 2626 2286 εἰ
2657 2232 2766 2303 γὰρ
2814 2233 2959 2303 μόνῳ
2994 2232 3072 2302 τῷ
3100 2232 3291 2302 τύμϐῳ
3326 2230 3780 2300 περιεγράφοντο,

2212 2321 2414 2390 ὀλίγοις
2446 2322 2512 2375 ἂν
2537 2324 2570 2392 ἡ
2601 2322 2780 2392 δωρεά
2803 2323 3154 2386 ὲπεθειάζετο
3180 2321 3312 2392 (62).
3338 2320 3451 2373 Νῦν
3480 2321 3535 2373 δέ
3558 2323 3615 2372 ἐν
3646 2321 3783 2373 πᾶσι

2212 2411 2305 2465 τοῦ
2334 2414 2538 2482 κόσμου
2568 2415 2679 2476 τοῖς
2703 2413 2931 2482 πέρασιν
2952 2414 3197 2482 ἀφθόνως
3223 2412 3635 2482 διανεμέμηται.
3667 2411 3782 2479 ’γὴν

2216 2504 2436 2574 μνήμην
2480 2504 2661 2556 τοίνυν
2704 2503 2801 2575 τὴν
2834 2506 3106 2576 ἡμετέραν
3140 2506 3363 2574 ταμεῖον
3391 2504 3487 2572 τῆς
3516 2503 3779 2555 Θεοτόκου

2213 2595 2731 2663 κατασκευάσωμεν.
2776 2596 2945 2648 Τοῦτο
2989 2596 3045 2648 δὲ
3091 2595 3245 2648 ἕσται
3292 2594 3448 2659 πῶς;
3504 2592 3782 2662 Παρθένος

2214 2684 2375 2757 αὕτη,
2416 2687 2511 2738 καὶ
2553 2686 2964 2757 φιλοπάρθενος·
3006 2686 3142 2755 ἁγνὴ
3177 2685 3418 2754 πέφυκεν
3464 2684 3600 2754 αὕτη
3628 2724 3641 2747 ,
3684 2686 3783 2736 καὶ

2214 2776 2489 2845 φίλαγνος.
2539 2778 2636 2829 "Av
2671 2774 2763 2829 οὖν
2796 2778 2892 2829 σὺν
2920 2775 2997 2846 τῷ
3031 2776 3240 2845 σώματι
3288 2778 3383 2828 καὶ
3414 2777 3511 2845 τὴν
3561 2778 3783 2845 μνήμην

2214 2869 2542 2936 ἀγνίσωμεν,
2596 2868 2987 2937 ἐνηυλισμένην
3021 2868 3120 2937 τὴν
3166 2867 3333 2936 αὐτῆς
3382 2867 3541 2935 χάριν
3583 2866 3785 2935 κτησόο

2217 2960 2373 3029 μεΟα.
2416 2958 2609 3026 Φεύγει
2638 2958 2747 3029 γὰρ
2796 2958 2911 3011 ἰλὺν
2942 2960 3182 3021 ἃπασαν,
3228 2959 3324 3010 καὶ
3360 2958 3428 3010 τὰ
3470 2956 3783 3027 βορϐορὼδη

2215 3048 2358 3119 πάθη
2398 3049 2743 3119 ἐκτρέπεται.
2791 3046 3237 3120 Γαστριμαργίαν
3279 3045 3646 3115 βδελύσσεται,
3684 3046 3784 3114 τῆς

2214 3140 2498 3210 αἰσχίστης
2540 3139 2794 3209 πορνείας
2834 3138 3107 3210 ἐχθραίνει
3140 3140 3254 3201 τοῖς
3303 3137 3534 3190 πάθεσι’
3577 3136 3786 3208 ταύτης

2214 3231 2340 3292 τοὺς
2372 3232 2646 3301 μυσαροῦς
2684 3229 2976 3300 λογισμοὺς
3010 3231 3085 3294 ὡς
3114 3229 3334 3300 ἐχιδνῶν
3365 3228 3558 3296 φεύγει
3593 3229 3786 3296 γεννή-

471 3322 480 3330 ·
548 3326 657 3380 tur,
720 3295 1040 3372 fcedissimte
1097 3320 1444 3372 scortationis
1503 3320 1650 3373 vitiis
1712 3320 1920 3373 infensa
1985 3327 2108 3372 est:

2220 3295 2385 3390 ματαί
2417 3295 2606 3387 λόγους
2639 3295 2897 3391 αἰσχρούς
2930 3337 2989 3373 τε
3025 3321 3112 3373 καὶ
3144 3295 3515 3391 ἐὐτραπέλους
3547 3295 3787 3373 ἀει-σωθεί-

549 3413 733 3473 tnrpes
792 3418 1073 3461 sermones
1115 3415 1169 3461 et
1216 3417 1406 3461 cantus
1465 3408 1749 3478 prapellit;
1807 3408 2111 3464 meretricia

549 3506 818 3564 unguenta
852 3497 1069 3567 reiicit:
1105 3498 1199 3552 ira:
1242 3509 1506 3555 tumorem
1557 3502 1709 3555 odit:
1746 3502 2111 3556 inhumanita-

549 3597 676 3652 tem,
710 3587 989 3653 invidiam,
1014 3597 1067 3642 et
1096 3589 1399 3644 simultates
1437 3606 1538 3644 non
1583 3592 1857 3645 admittit:
1898 3592 2111 3648 inanem

547 3675 771 3744 gloriam
810 3678 973 3733 variis
1004 3694 1061 3734 se
1095 3680 1367 3736 laboribus
1429 3679 1761 3751 frangentem
1793 3692 2109 3739 aversatur:

544 3770 806 3838 superbia:
840 3771 1002 3825 fastni
1046 3773 1226 3826 hostili
1268 3772 1450 3826 animo
1501 3772 1742 3828 resistit:
1789 3773 2109 3844 injuriarum

546 3861 970 3916 recordationem
1020 3864 1275 3917 exhorret
1313 3864 1390 3918 uti
1460 3864 1651 3920 salutis
1700 3866 2106 3921 adversariam:

546 3950 732 4003 vitium
784 3951 1018 4020 denique
1075 3967 1235 4008 omne
1296 3963 1550 4020 tanquam
1595 3954 1791 4011 lethale
1844 3973 2107 4011 venenum

544 4050 759 4107 reputat
787 4059 800 4095 :
830 4026 1020 4095 herum
1066 4054 1244 4099 autem
1280 4045 1571 4100 contrariis
1611 4045 1931 4101 delectatur.
1963 4048 2109 4102 Con-

544 4133 709 4186 traria
739 4134 881 4188 enim
912 4136 1310 4189 contrariorum
1355 4139 1747 4192 medicamenta
1789 4148 1933 4197 sunt.
1959 4138 2110 4209 Jeju-

545 4222 656 4283 nio,
697 4224 1057 4287 continentia,
1090 4223 1419 4291 psalmorum
1450 4227 1699 4281 cantibus
1718 4229 1915 4298 gaudet
1943 4247 1956 4282 :
1985 4244 2106 4283 cum

542 4314 795 4382 puritate,
826 4313 1158 4381 virginitate,
1184 4323 1239 4366 et
1270 4316 1524 4381 pudicitia
1548 4315 1623 4369 illi
1648 4319 1870 4387 pulchre
1908 4335 2106 4374 conve-

540 4406 640 4465 nit,
668 4418 1067 4473 perennemqne
1088 4419 1212 4458 cum
1238 4405 1345 4459 illis
1373 4421 1563 4473 pacem
1597 4409 1746 4472 colit,
1792 4420 1846 4464 et
1874 4411 2106 4467 humane

539 4506 632 4545 eas
652 4501 702 4545 et
736 4492 965 4547 comiter
997 4494 1363 4549 exosculatur.
1405 4495 1623 4560 Pacem,
1677 4507 1730 4553 et
1782 4502 1944 4554 animi
1974 4502 2106 4556 leni-

543 4593 704 4636 tatem
731 4583 1110 4652 complectitur
1138 4602 1153 4642 :
1185 4587 1531 4651 charitalem,
1570 4589 2019 4655 misericordiam,
2048 4603 2102 4648 et

540 4674 958 4740 humanitatem,
992 4685 1247 4748 tanquam
1295 4680 1543 4735 alumnas
1583 4696 1734 4746 suas,
1759 4682 1904 4738 ulnis
1937 4683 2097 4739 fovet.

535 4766 733 4833 Atque,
770 4777 826 4820 ut
856 4783 966 4822 rem
1026 4771 1211 4838 paucis
1246 4771 1631 4841 perstringam,
1681 4774 1927 4843 quolihet
1971 4775 2103 4827 vitio

536 4856 755 4911 tristitia
789 4857 1021 4914 adicitur
1046 4873 1099 4914 et
1135 4861 1476 4930 indignatur;
1509 4865 1745 4932 qualibet
1766 4866 1990 4929 virtute,
2015 4866 2090 4918 uti

536 4950 755 5018 proprio
786 4966 884 5005 suo
917 4967 1163 5020 munere,
1188 4953 1446 5029 abutatur.
1476 4955 1842 5021 Quamobrem
1882 4959 1924 5011 si
1974 4958 2101 5011 vitia

530 5039 698 5094 alacri
725 5042 909 5094 animo
941 5028 1199 5106 vitemus,
1236 5028 1295 5098 et
1324 5045 1553 5100 virtutes
1590 5048 1736 5100 omni
1769 5050 1950 5101 studio
1981 5064 2100 5119 per-

528 5144 839 5197 sequamur,
875 5146 1075 5203 easqne
1108 5136 1286 5190 socias
1317 5135 1689 5199 adhibeamus,
1710 5136 1960 5206 frequens
1988 5140 2098 5208 ipsa

532 5214 596 5268 ad
630 5214 859 5273 famulos
891 5235 1018 5275 suos
1050 5222 1254 5286 veniet,
1311 5232 1366 5278 et
1419 5238 1603 5278 secum
1638 5224 1901 5279 bonorum
1932 5228 2097 5298 882

530 5311 770 5364 omnium
805 5328 997 5381 agmen
1036 5316 1232 5379 trahet,
1266 5313 1651 5385 Christumque
1691 5315 1887 5372 Filium
1916 5334 2093 5385 suum,

526 5412 577 5452 ct
609 5404 849 5457 omnium
882 5404 1079 5474 Regem
1112 5421 1175 5460 ac
1216 5406 1522 5471 Dominum,
1559 5423 1663 5461 una
1710 5420 1971 5473 assumet,
2004 5411 2094 5479 qui

525 5538 842 5661 ἀσὲιὲῗὶῖῗία
871 5540 1023 5593 Colh.
1062 5540 1247 5597 Germ.
1301 5544 1376 5598 sic
1420 5544 1546 5613 legit
1588 5544 1937 5615 Lipomanus,
1986 5561 2091 5602 non

598 5677 708 5737 (61)
753 5676 967 5744 Dionys.
1024 5681 1245 5750 Arcop.,
1296 5683 1368 5736 De
1407 5683 1569 5738 divin.
1613 5701 1749 5743 nam.
1789 5702 1908 5754 cap.
1945 5684 1999 5751 5,
2041 5685 2092 5741 in

2211 3412 2435 3467 τακκαὶ
2480 3412 2735 3483 ᾄσματα·
2776 3410 2921 3482 μῦρα
2961 3410 3193 3482 πορνικά
3240 3410 3587 3463 ἀποσείεται·
3636 3412 3789 3480 μισεῖ

2214 3503 2385 3574 θυμοῦ
2428 3503 2495 3557 τὰ
2530 3502 2830 3572 οἰδήματα,
2890 3500 3286 3572 ἀπανθρωπίαν
3343 3502 3437 3554 καὶ
3490 3500 3670 3570 ἔριδας
3719 3502 3784 3554 ού

2213 3595 2515 3664 προσίεταυ
2561 3591 2869 3657 κενοδοξίαν
2907 3590 3004 3660 τὴν
3055 3591 3411 3661 ματαιόπονον
3448 3592 3788 3661 ἀποστρέφε-

2211 3703 2320 3738 ται’
2341 3686 2488 3755 ὄγκῳ
2506 3684 2882 3756 ὑπερηφανίας
2904 3681 3187 3754 ἐχθρωδῶς
3215 3684 3612 3737 ἀντιτάσσεταισ
3643 3699 3785 3752 μνη-

2214 3776 2469 3830 σικακίαν
2503 3779 2669 3847 μισεῖ,
2699 3775 2797 3847 τὴν
2828 3774 3100 3845 σωτηρίας
3128 3773 3441 3828 ἀντίπαλον’
3476 3775 3655 3827 πᾶσαν
3684 3790 3786 3825 κα-

2211 3869 2335 3921 κίαν
2358 3869 2431 3931 ὡς
2462 3862 2538 3922 ἰδν
2561 3866 2934 3937 θανατηφόρον
2965 3864 3262 3934 λογίζεταί,
3292 3865 3497 3918 τούτων
3520 3864 3576 3917 δέ
3600 3864 3784 3934 χαίρει

2208 3962 2320 4023 τοῖς
2384 3959 2662 4020 ἐναντίοις.
2735 3959 2815 4012 Τὰ
2882 3957 2992 4030 γὰρ
3068 3959 3283 4011 ἐναντία
3343 3956 3454 4009 τῶν
3523 3955 3786 4009 ἐναντίων

2212 4052 2433 4121 ἰάματα.
2463 4051 2727 4122 Νηστείᾳ,
2750 4050 2843 4104 καὶ
2871 4051 3186 4120 ἐγκρατείᾳ,
3217 4051 3310 4104 καὶ
3342 4049 3639 4119 ψαλμικοῖς
3662 4048 3787 4101 ἐπι-

2206 4142 2467 4212 τέρπεται
2490 4140 2726 4212 ᾅσμασιν
2745 4156 2759 4171 '
2780 4139 2992 4209 ἁγνεία,
3024 4139 3118 4192 καὶ
3144 4137 3433 4208 παρθενίᾳ,
3455 4137 3552 4190 καὶ
3575 4152 3787 4206 σωφρο-

2208 4231 2343 4303 σύνῃ
2392 4230 2746 4301 συγγήθεται.
2800 4230 2912 4285 Καὶ
2955 4230 3091 4301 πρὸς
3132 4228 3336 4293 ταύτας
3384 4231 3607 4300 εἰρήνην
3657 4229 3783 4295 ἄγει

2207 4324 2454 4386 ἀένναον,
2478 4322 2570 4375 καὶ
2599 4320 2936 4392 φιλοφρόνως
2963 4320 3166 4384 ταύτας
3192 4318 3517 4384 ἀσπάζεται.
3542 4320 3782 4390 Εἰρήνην

2205 4417 2301 4470 καὶ
2349 4416 2523 4485 πρᾶον
2568 4412 2999 4485 περιπτύσσεται
3044 4412 3331 4483 φρόνημα,
3374 4411 3630 4479 ἀγάπην,
3687 4411 3783 4462 καὶ

2205 4508 2374 4569 ἐλεόν,
2408 4506 2503 4560 καὶ
2528 4506 2855 4559 ταπείνωσιν
2880 4503 2954 4568 ὡς
2985 4504 3193 4567 οἰκείας
3225 4504 3458 4575 τροφοὺς
3488 4500 3783 4571 ἀγκαλίζε-

2133 4617 2314 4681 Desit.
2365 4598 2473 4651 Καὶ
2525 4595 2808 4650 συνελόντα
2855 4596 3050 4665 φάναι,
3091 4596 3184 4648 ἐπὶ
3234 4596 3383 4667 πάσῃ
3435 4593 3535 4663 μὲν
3588 4592 3779 4663 κακίᾳ,

2208 4688 2483 4759 κατηφείᾳ
2515 4688 2968 4756 δυσχεραίνουσα,
3013 4686 3163 4757 πάσῃ
3188 4685 3243 4738 δὲ
3281 4686 3449 4755 ἀρετῇ
3490 4684 3565 4746 ὡς
3597 4683 3784 4753 οἰκείῳ

2201 4779 2501 4849 χαρίσματι
2530 4776 2915 4844 ἐπαγάλλεται.
2948 4776 3011 4829 Εἰ
3050 4771 3143 4828 οὖν
3184 4775 3285 4837 τὰς
3318 4774 3589 4844 προτέρας
3618 4770 3784 4825 ἐκθύ-

2203 4888 2319 4939 μως
2349 4870 2547 4933 κακίας
2573 4868 2931 4938 ἐκκλίνωμεν,
2962 4868 3060 4930 τάς
3078 4868 3135 4920 δέ
3159 4867 3359 4936 ἀρετὰς
3390 4865 3540 4935 πάσῃ
3571 4863 3781 4935 σπουδῇ

2199 4961 2613 5031 ἁγατεὴσωμεν,
2665 4961 2756 5013 καὶ
2793 4961 2996 5022 ταύτας
3050 4957 3368 5028 συνομίλους
3412 4952 3781 5026 κτησώμεθα,

2199 5049 2402 5119 θαμινὰ
2454 5052 2589 5122 πρὸς
2627 5052 2752 5113 τοὺς
2797 5050 3029 5112 οἰκείους
3070 5052 3287 5113 οἰκέτας
3334 5048 3643 5110 ἐλεύσεται,
3678 5046 3783 5116 τὴν

2206 5140 2466 5193 ἀπάντων
2506 5140 2615 5192 τῶν
2643 5140 2863 5207 ἀγαθῶν
2893 5142 2990 5193 σὺν
3021 5142 3159 5210 αὐτῇ
3193 5138 3532 5209 ἐφελκομένη
3566 5135 3775 5205 όμήγυ·

2210 5247 2311 5300 ριν,
2345 5231 2439 5282 καὶ
2471 5229 2705 5301 Χριστὸν
2733 5228 2822 5281 τον
2853 5229 3022 5298 αὐτῆς
3051 5229 3178 5281 Υίὺν
3202 5268 3216 5293 ,
3247 5230 3339 5281 καὶ
3372 5225 3480 5279 τῶν
3520 5224 3786 5278 ἁπάντων

2205 5320 2441 5375 Βασιλέα
2467 5322 2561 5373 καὶ
2591 5321 2792 5390 Κύριον
2825 5321 3134 5374 ἐνοικοῦντα
3164 5323 3282 5382 ταῖς
3305 5318 3602 5390 ἡμετέραις
3636 5332 3781 5385 nap-

2202 5411 2342 5474 δίαις
2371 5411 2887 5481 συμπαραλὴψεται·
2914 5406 2958 5479 ᾧ
2986 5414 3129 5478 δόξα,
3166 5413 3321 5483 τιμὴ,
3352 5411 3571 5480 κράτος,
3604 5423 3784 5477 μεγα-

2197 5561 2311 5617 ιιιιον
2334 5549 2434 5601 ista
2460 5547 2810 5616 simpliciora.

2269 5616 2380 5687 (62)
2414 5617 2477 5673 Β.
2507 5616 2923 5688 ἐπεχωριάζετο.
