3968 6348
193 338 307 401 ’ῑῑιἺ
1023 350 1352 412 IIOMILIA
1392 351 1483 411 111
1521 350 1600 410 IN
1643 350 2184 411 DORMITIONEM
2216 353 2281 411 Β.
2314 353 2380 412 v.
2422 353 2708 414 MARI/E.
3350 324 3457 404 758*

183 469 583 533 ἔνυπόστατον,
615 466 676 519 τὸ
703 464 943 537 χρυσοῦν
967 464 1357 537 θυμιατήριον,
1388 466 1486 536 τὴν
1520 466 1612 521 τὸν
1635 466 1780 520 θεῖον

1889 466 2107 522 caeleste
2146 483 2343 521 manna
2379 469 2637 538 produxit
2673 486 2688 524 :
2719 468 2951 524 tabulam
2986 472 3304 537 animatam,
3333 484 3456 539 qua

185 562 458 630 κυήσασα
496 556 778 629 ἄνθρακα,
812 558 909 611 καὶ
954 560 1136 613 πᾶσαν
1185 560 1284 629 τὴν
1323 558 1501 611 κτίσιν
1552 558 1778 614 εὑωδιά-

189 669 265 704 σα
276 666 399 705 σαν.

270 914 344 987 γ’.
369 915 730 991 Φευγὶέτωσαν
759 915 1033 986 δαίμονες,
1054 914 1457 978 όλολυξέτωσαν
1477 913 1780 985 τρισάθλιοι

192 998 529 1078 Νεστώριοι,
558 1006 633 1069 ὡς
656 1005 934 1075 πρόπαλαι
966 1005 1016 1058 οἱ
1050 1004 1359 1073 Αἰγύπτιοι,
1397 1006 1489 1057 καὶ
1517 1006 1545 1057 ὁ
1574 1002 1781 1056 τούτων

193 1098 436 1170 ἔξαρχος
467 1099 496 1151 ὁ
530 1097 649 1161 νέος
680 1097 898 1174 Φαραῶ,
936 1096 965 1147 ὁ
1005 1097 1202 1167 πικρὸς
1254 1096 1508 1166 ἀλάστωρ
1556 1096 1651 1148 καὶ
1686 1093 1782 1147 τύ⁴

196 1207 401 1261 ραννος
437 1188 571 1260 (68).
626 1189 716 1259 Τῷ
752 1187 899 1259 βυθῷ
934 1188 1043 1258 γάρ
1089 1188 1189 1255 τῆς
1236 1186 1585 1257 βλασφημίας
1646 1202 1780 1240 κατ-

152 1304 165 1349 ’,
194 1283 544 1356 εχὼσθησαν.
583 1284 777 1351 Ἡμεῖς
813 1281 871 1334 δὲ
920 1281 969 1333 οἱ
1002 1279 1269 1343 σωθέντες
1297 1278 1550 1348 ἀϐρόχοις
1602 1278 1779 1343 ποσὶν,

196 1376 299 1428 καὶ
344 1373 443 1445 τὴν
484 1374 734 1445 ἀλμυράν
769 1372 870 1443 τῆς
907 1370 1165 1435 ἀσεϐείας
1212 1356 1549 1441 ὑπερϐάντες
1582 1369 1781 1422 θάλασ-

198 1484 327 1531 σαν,
364 1467 582 1539 ᾀσωμεν
704 1462 888 1535 Μητρὶ
931 1463 1025 1515 τοῦ
1072 1462 1208 1515 Θεοῦ
1249 1463 1391 1533 ᾠδὴν
1426 1462 1525 1532 τὴν
1556 1461 1780 1526 ἐξόδιον.

195 1558 424 1629 Δίρέτω
452 1556 686 1628 Μαριὰμ
716 1556 748 1624 ή
797 1555 1096 1625 Ἐκκλησία
1124 1557 1246 1616 ταῖς
1281 1553 1436 1625 χερσὶ
1463 1552 1523 1606 τὸ
1555 1553 1803 1622 τύμπα-ο

198 1669 318 1715 νον,
369 1650 465 1703 καὶ
514 1647 788 1719 ὲξαρχέτω
839 1647 984 1719 ᾠδὴν
1038 1646 1138 1711 τὴν
1186 1646 1413 1716 ὲόρτιον.
1488 1634 1781 1711 Ἐξίτωσαν

197 1743 299 1797 τοῦ
328 1739 699 1812 πνευματικοῦ
738 1738 954 1810 Ἰσραὴλ
980 1739 1035 1793 αἱ
1061 1738 1301 1801 νεάνιδες
1327 1737 1466 1808 μετά
1482 1737 1783 1806 τυμπάνων

1883 560 2114 614 Verbum
2142 561 2234 615 Dei
2262 560 2450 629 digito,
2472 561 2803 618 validissimo
2843 562 3029 631 utique
3058 562 3282 632 Spiritu,
3307 564 3413 618 Ver
3431 592 3453 606 ο

1880 650 2012 705 bum
2074 650 2381 707 subsistens
2447 653 2837 709 incarnandum
2902 655 3163 723 excepit;
3230 669 3455 709 aureum

1884 740 2242 806 thurlbulum,
2277 743 2419 811 quod
2474 742 2714 798 divinum
2771 746 3063 800 carbonem
3110 746 3457 815 peperit,bo-

1884 845 2065 900 noque
2096 832 2267 887 odore
2309 842 2555 888 naturam
2598 839 2906 891 universam
2940 837 3187 906 replevit.

1948 924 2002 977 5.
2030 922 2232 993 Fugam
2259 925 2525 995 arripiant
2552 920 2846 995 daemones,
2874 928 3328 998 quemadmodum
3357 944 3457 983 an-

1881 1018 2104 1099 tiquitus
2128 1017 2368 1090 Egyptii
2404 1038 2418 1073 :
2458 1020 2689 1089 ejulatus
2725 1021 2891 1076 edant
2942 1012 3232 1075 miserrimi
3278 1022 3456 1075 homi-

1882 1127 2007 1165 num
2037 1108 2365 1177 Nestoriani,
2394 1128 2687 1189 eorumque
2717 1114 2968 1183 princeps
2986 1112 3171 1182 junior
3207 1112 3451 1177 Pharao,

1880 1203 2211 1281 saevissimtts
2234 1205 2379 1259 orbis
2406 1204 2766 1274 depopulator
2784 1214 2839 1260 et
2862 1213 3144 1276 tyrannus.
3180 1204 3454 1258 Profunda

1882 1309 2115 1363 namque
2163 1295 2517 1367 blasphemia:
2562 1295 2829 1366 absorpta:
2869 1304 3013 1352 sunt.
3046 1296 3155 1350 Nos
3195 1311 3323 1350 vero
3362 1296 3455 1364 qui

1880 1386 2042 1441 siccis
2078 1374 2299 1457 pedibus
2326 1388 2515 1443 salvati
2541 1402 2746 1453 sumus,
2781 1388 3100 1457 salsumque
3151 1386 3320 1457 885.
3351 1387 3454 1439 im-

1880 1477 2100 1546 pietatis
2129 1493 2279 1533 mare
2303 1478 2672 1544 transivimus,
2704 1480 2797 1534 Dei
2822 1480 2979 1533 matri
3010 1480 3292 1533 excedenti
3327 1493 3455 1532 cano

1884 1569 2047 1624 ticum
2084 1569 2452 1626 decantemus.
2483 1571 2670 1634 Maria,
2694 1571 2808 1627 sive
2838 1572 3105 1635 Ecclesia,
3139 1581 3448 1641 tympanqu

1883 1659 2135 1715 inanibus
2182 1670 2381 1727 sumat,
2424 1662 2784 1731 festivumque
2832 1663 2939 1716 dici
2991 1663 3261 1715 canticum
3293 1673 3454 1711 exor-

1882 1748 2108 1804 diatur:
2152 1750 2413 1820 spiritalis
2460 1751 2678 1807 lsraclis
2716 1750 2906 1822 puella:
2954 1750 3170 1805 choreis
3214 1758 3455 1817 perstre-

201 1834 307 1889 καί⁵
337 1831 516 1905 χορῶν
557 1830 943 1893 ἀλαλάζουσαι.
978 1827 1228 1890 Βασιλεῖς
1264 1828 1365 1896 τῆς
1393 1829 1497 1897 γῆς
1536 1827 1630 1879 καὶ
1660 1843 1779 1896 κρι-

1889 1850 2072 1910 pentes
2108 1852 2324 1898 exeant.
2376 1842 2550 1913 Reges
2592 1854 2747 1898 terrae
2795 1851 2852 1898 et
2891 1841 3136 1910 iudices,
3183 1855 3288 1893 una
3330 1854 3455 1899 cum

201 1922 299 1977 ταὶ
328 1921 427 1974 σὺν
452 1921 697 1990 ἄρχουσι,
730 1917 1001 1970 νεανίσκοι
1034 1916 1127 1968 καὶ
1162 1914 1441 1985 παρθένοι,
1477 1914 1781 1985 πρεσϐύται

206 2011 353 2083 μετά
380 2008 682 2078 νεωτέρων,
705 2006 804 2079 τὴν
825 2005 1087 2059 Θεοτόκον
1110 1994 1479 2075 ὑμνείτωσαν,
1512 2002 1782 2071 σύλλογοι,

204 2106 305 2160 καλ⁸
329 2103 478 2171 λόγοι
512 2099 877 2173 παντοδαποὶ,
907 2096 1001 2151 καὶ
1032 2096 1200 2150 ἐθνῶν
1225 2096 1318 2149 καὶ
1346 2095 1491 2148 λαῶν
1542 2095 1785 2163 γλῶσσαι

202 2196 478 2265 διάφοροι,
519 2189 670 2265 ᾆσμα
703 2184 893 2243 καινὸν
918 2186 1410 2259 μελουργείτωσαν.
1442 2184 1786 2255 Περιηχείτω

203 2286 322 2360 ἀὴρ
354 2285 744 2355 πνευματικοῖς
787 2276 965 2345 δόναξί
1010 2296 1072 2332 τε
1101 2278 1197 2332 καὶ
1224 2278 1500 2347 σάλπιγξι,
1536 2277 1629 2331 καὶ¹
1673 2279 1786 2341 τοῖς

206 2383 275 2433 ὲκ
306 2378 476 2451 πυρὸς
503 2374 899 2446 άμαρύγμασιν
930 2372 1149 2449 ἡμέραν.
1177 2370 1570 2451 καινουργείτω
1612 2370 1787 2439 σωτή-

209 2490 349 2544 ριον.
380 2468 757 2539 Εὐφράνθητε,
777 2467 836 2519 ού
846 2466 1016 2536 ρανοὶ,
1030 2465 1126 2518 καὶ
1142 2467 1198 2517 αἱ
1220 2464 1441 2532 νεφέλαι
1465 2462 1785 2544 ῥανάτωσαν

207 2540 557 2633 ἀγαλλίασιν.
600 2560 967 2631 Σκιρτήσατε,
1019 2558 1165 2628 κριοὶ
1217 2554 1320 2624 τῆς
1373 2554 1636 2624 ἐκλεκτῆς
1687 2540 1784 2605 τοῦ

205 2653 347 2713 θεοῦ
380 2653 637 2725 ποίμνης,
666 2653 716 2705 οί
739 2651 872 2703 θεῖοι
893 2648 1201 2712 ἀπόστολοι,
1231 2648 1307 2710 ὼς
1334 2646 1435 2717 ὅρη
1469 2644 1659 2717 ὑψηλά
1686 2636 1789 2697 καὶ

210 2746 467 2819 μετέωρα
502 2746 620 2809 ταῖς
650 2740 1015 2814 ὑψηλοτάταις
1040 2740 1301 2811 θεωρίαις
1342 2728 1655 2808 ὑψούμενοι,
1690 2735 1785 2789 καὶ

207 2818 375 2911 ἄρνες
422 2836 579 2902 Θεοῦ,
627 2834 754 2897 λαὸς
805 2834 982 2902 ἆγιος,
1023 2830 1124 2901 τῆς
1164 2827 1495 2899 Ἐκκλησίας
1518 2826 1585 2881 τὰ
1614 2818 1793 2897 θρέμέ

214 2948 385 3003 ματα,
438 2928 628 2998 ὥσπερ
660 2924 837 2997 βουνοὶ
861 2925 1000 2995 πρὸς
1027 2922 1098 2975 τά
1135 2918 1317 2993 ὑψηλὰ
1358 2921 1459 2991 ὅρη
1493 2919 1559 2990 τῇ
1593 2935 1785 2989 προαι-

211 3020 365 3093 ρέσει
384 3016 811 3088 ἀνατεινόμενοι.
840 3013 1047 3068 Βαόαίι
1076 3010 1266 3083 βαῦαίι
1289 3009 1549 3079 τέθνηκεν
1572 3009 1605 3078 ή
1632 3006 1782 3076 πηγὴ

208 3112 311 3181 τῆς
350 3109 518 3178 ζωῆς,
552 3108 585 3178 ἠ
614 3105 705 3159 τοῦ
752 3103 959 3175 Κυρίου
999 3096 1099 3173 μου
1135 3101 1364 3172 Μήτηρ;
1402 3099 1549 3153 Ἔδει
1572 3098 1682 3167 γὰρ
1724 3098 1784 3150 τὸ

1886 1933 2243 2002 principibus,
2272 1934 2518 2003 juvenes,
2546 1944 2601 1989 et
2631 1933 2890 2002 virgines,
2930 1947 3090 1987 senes
3127 1946 3250 1986 cum
3274 1930 3457 1999 junio-

1885 2025 2037 2080 ribus
2086 2025 2328 2095 Deiparaz
2376 2027 2606 2097 hymnos
2639 2027 2826 2081 dicant
2868 2042 2883 2081 :
2931 2034 3108 2079 matus
3144 2024 3297 2087 item,
3342 2036 3458 2076 om-

1886 2115 2145 2184 niumque
2186 2131 2443 2186 generum
2482 2120 2783 2181 sermones,
2835 2126 2890 2170 et
2931 2114 3094 2170 varia:
3121 2115 3358 2184 gentium
3406 2121 3461 2166 et

1886 2209 2203 2278 populorum
2229 2209 2421 2278 linguae
2452 2224 2646 2264 novum
2675 2208 2971 2264 concinaut
3001 2207 3296 2261 canticum.
3333 2206 3457 2274 Spi-

1885 2297 2173 2353 ritualibus
2211 2297 2403 2353 ﬁstulis
2433 2313 2497 2354 ac
2530 2298 2676 2354 tubis
2706 2313 2801 2354 aer
2832 2298 3038 2352 circum
3070 2301 3366 2364 personet,
3400 2303 3457 2349 et

1887 2370 2062 2453 igneis
2096 2388 2501 2456 splendoribus,
2526 2388 2821 2445 salutarem
2852 2389 2993 2443 diem
3017 2384 3461 2451 innovet‘.’_Gau-

1885 2478 2026 2544 dcte,
2053 2478 2199 2544 cmli,
2255 2487 2310 2533 et
2353 2480 2524 2535 nubes
2570 2478 2838 2548 justitiam
2894 2479 3083 2547 pluant
3115 2493 3129 2530 :
3163 2475 3454 2539 exsultate.

1884 2567 2037 2621 electi
2070 2566 2164 2623 Dei
2195 2570 2375 2640 gregis
2406 2570 2629 2635 arietes,
2680 2569 2849 2624 divini
2894 2569 3162 2639 apostoli,
3195 2568 3286 2637 qui
3316 2565 3462 2621 velut

1890 2658 1989 2714 alti
2038 2660 2408 2731 sublimesque
2462 2648 2682 2717 montes
2724 2661 3040 2716 celsissimis
3084 2658 3462 2730 speculationi-

1891 2750 1991 2807 bus
2016 2751 2211 2807 sublati
2234 2753 2384 2819 estis;
2414 2766 2637 2821 vosque,
2668 2753 2791 2824 agni
2822 2753 2936 2817 Dei,
2972 2752 3197 2822 populus
3215 2759 3458 2815 sanctus,

1885 2836 2144 2898 ECclesiae
2182 2858 2401 2912 pecora,
2452 2843 2670 2901 collium
2726 2845 2899 2899 instar
2933 2844 3245 2899 inductione
3289 2842 3454 2895 animi

1885 2933 1950 2989 ad
1980 2933 2226 2989 excelsos
2250 2942 2461 2989 montes
2506 2934 2782 3004 attigistis.
2837 2934 3028 3005 Papae!
3094 2934 3275 3004 papa}!
3342 2933 3460 2987 fons

1887 3025 2036 3090 vitm,
2072 3024 2283 3081 Domini
2340 3025 2513 3082 Mater
2553 3027 2822 3082 moritur?
2847 3026 3146 3098 Oportebat
3190 3025 3358 3089 enim,
3402 3034 3462 3077 ut

1885 3117 2028 3187 quod
2076 3131 2108 3173 e
2151 3125 2295 3173 terra
2326 3117 2613 3173 conﬂatum
2647 3126 2766 3174 erat
2820 3118 2885 3173 ad
2931 3126 3129 3174 terram
3161 3124 3464 3172 revertere-

210 3203 277 3255 ὲκ
313 3202 417 3271 γῆς
450 3196 707 3251 συντεθὲν
738 3193 1137 3264 παλινοστῆσαι
1170 3192 1310 3262 πρὸς
1346 3190 1470 3259 γῆν,
1520 3188 1615 3241 καὶ
1640 3186 1783 3241 οῦτω

1889 3186 1992 3272 tur,
2022 3218 2185 3279 atque
2226 3209 2300 3264 ita
2344 3210 2396 3264 in
2426 3209 2622 3266 ctelum
2664 3200 3148 3271 transmitterelur,
3187 3212 3311 3277 post
3336 3218 3461 3260 cor-

215 3289 617 3363 μεταναστῆσαι
656 3288 791 3358 πρὸς
816 3285 1066 3357 οὑρανδν,
1099 3286 1163 3336 ὲκ
1200 3282 1300 3352 τῆς
1329 3281 1434 3351 γῆς
1462 3279 1643 3333 λαϐὼν
1667 3276 1779 3349 (69)

211 3374 313 3455 τὴν
351 3380 733 3453 δεδωρημένην
764 3380 830 3450 τῇ
868 3379 938 3447 γῇ
973 3378 1040 3448 τῇ
1082 3373 1373 3429 καταθέσει
1407 3371 1504 3425 τοῦ
1536 3370 1784 3441 σώματος

215 3476 601 3545 πανακήριτον
650 3472 815 3542 ζωήν.
886 3470 1035 3523 Ἐδει
1096 3467 1207 3537 γὰρ
1266 3465 1521 3537 καθάπερ
1586 3462 1786 3534 χρυσὸν

214 3564 593 3621 ἀποϐαλοῦσαν
614 3563 675 3616 τὸ
704 3561 905 3631 γεῶδες
936 3561 1031 3614 καὶ
1055 3559 1304 3631 ἀλαμπὲς
1335 3558 1434 3628 τῆς
1461 3556 1785 3628 θνητότητος

215 3644 410 3727 πάχος,
440 3656 516 3721 ὡς
558 3658 616 3709 ὲν
663 3652 928 3724 χωνεύσει
972 3651 1052 3723 τῷ
1069 3635 1305 3721 ’θανάτῳ
1343 3650 1444 3721 τὴν
1475 3650 1654 3718 σάρκα
1678 3648 1786 3717 ἄφ-

213 3749 411 3829 θαρτον
456 3750 552 3802 καὶ
599 3746 867 3825 καθαράν,
938 3744 1015 3816 τῷ
1070 3744 1266 3813 φέγγει
1324 3743 1424 3812 τῆς
1479 3740 1786 3812 ἀφθαρσίας

212 3822 498 3914 ἐκλάμπον
506 3828 605 3893 σαν
616 3822 621 3825 ’
634 3822 998 3907 ἐξαναστῆναι
1018 3834 1115 3889 τοῦ
1147 3835 1449 3905 μνήματος.

282 3931 324 3983 δ’
330 3972 344 3985 .
388 3931 636 4000 Σήμερον
687 3929 864 4001 ἀρχὴν
892 3914 1163 3998 λαμϐάνει
1203 3923 1465 3995 δευτέρας
1499 3920 1787 3992 ὑπάρξεως

214 4017 319 4071 ὑπὸ
345 4018 441 4071 τοῦ
471 4017 652 4080 δόντος
680 4018 816 4089 αὑτῇ
848 4016 947 4087 τὴν
975 4015 1151 4087 ἀρχὴν
1176 4016 1277 4084 τῆς
1305 4011 1578 4083 προτέρας
1609 4011 1788 4081 ὑπάρ·

215 4092 373 4177 ξεως,
406 4109 440 4176 ἡ
465 4105 630 4159 δοῦσα
663 4105 921 4177 δευτέρας
952 4104 1146 4174 ἀρχὴν,
1167 4102 1268 4171 τῆς
1303 4100 1624 4171 σωματικῆς
1646 4100 1786 4167 λέγω

216 4198 524 4270 ὑπάρξεως,
558 4197 636 4268 τῷ
669 4197 743 4269 μὴ
764 4197 1019 4267 ὲσχηκότι
1043 4196 1219 4267 ἀρχὴν
1249 4193 1504 4266 χρονικὴν
1532 4194 1633 4263 τῆς
1661 4209 1788 4263 προ-

254 4289 376 4363 ἕρας
412 4289 506 4342 καὶ
550 4288 724 4341 ἀῖδίου
753 4286 1059 4357 ὑπάρξεως,
1092 4287 1141 4339 εί
1190 4285 1284 4339 καὶ
1310 4283 1403 4336 τὸν
1431 4284 1655 4354 Πατέρα
1687 4283 1787 4353 ἀρα

213 4383 314 4453 χὴν
368 4379 513 4451 εἶχεν
556 4381 632 4442 ὡς
681 4378 858 4433 αἰτίαν
900 4378 1003 4447 τῆς
1050 4374 1216 4430 αὑτοῦ
1272 4374 1420 4436 θείας
1476 4373 1783 4452 ὑπάρξεως.

212 4470 465 4543 Χαίροις,
494 4469 654 4534 Σιὼν,
685 4469 747 4522 τὸ
776 4469 919 4523 θεῖον
946 4469 1068 4539 ὅρος
1095 4466 1155 4519 τὸ
1184 4466 1361 4535 ἅγιον,
1391 4466 1449 4517 έν
1476 4459 1520 4533 ᾧ
1545 4463 1784 4534 κατῴκει

1886 3296 2034 3365 poris
2058 3296 2113 3350 in
2150 3306 2291 3351 terra
2322 3297 2710 3368 depositionem
2740 3298 3087 3368 purissimam
3123 3295 3288 3349 vitam
3316 3292 3465 3349 acci-

1887 3387 2059 3454 piens.
2084 3386 2473 3443 Decebatenim
2497 3398 2575 3456 ut,
2603 3387 3056 3458 quemadmodum
3073 3400 3288 3450 aurum,
3321 3394 3462 3438 terra

1886 3476 2132 3545 deposita
2168 3485 2223 3531 et
2263 3478 2553 3554 caliginosa
2612 3478 2954 3533 mortalitatis
3000 3475 3158 3541 mole,
3211 3487 3376 3530 carne
3408 3472 3463 3526 in

1888 3575 2061 3623 morte
2104 3567 2250 3622 velut
2303 3567 2355 3622 in
2400 3569 2586 3624 fusura
2638 3569 2949 3637 incorrupta
2992 3581 3056 3623 ac
3091 3580 3248 3637 pura,
3302 3572 3464 3631 atque

1890 3659 2308 3729 incorruptionis
2369 3660 2577 3731 fulgore
2602 3660 2842 3717 rutilanti
2877 3675 2908 3716 e
2958 3666 3307 3715 monumento
3365 3672 3453 3714 re-

1888 3766 2114 3823 surgens
2135 3746 2473 3809 indueretur.

1955 3930 2011 3984 ι.
2072 3928 2262 3995 Hodie,
2324 3943 2447 3999 quae
2492 3930 2681 3998 prima:
2724 3928 3089 3995 essistentim,
3163 3926 3463 3997 corporalis

1887 4019 2113 4085 scilicet,
2132 4016 2455 4087 principium
2479 4017 2549 4073 ab
2579 4033 2645 4073 eo
2679 4018 3013 4087 accepit,qui
3039 4017 3336 4087 temporale
3362 4018 3465 4071 ini-

1890 4111 2020 4166 tium
2041 4127 2145 4167 nou
2164 4111 2350 4165 habuit
2383 4110 2580 4180 prioris
2610 4120 2663 4164 et
2679 4110 3143 4179 sempiternasua:
3158 4111 3462 4173 exstantia»,

1886 4206 1987 4261 etsi
2002 4205 2215 4261 Patrem
2233 4204 2558 4275 principium
2580 4203 2835 4267 habebat,
2856 4211 3114 4271 tanquam
3137 4202 3335 4257 divinae
3353 4217 3465 4257 sua:

1891 4299 2178 4353 exstantia:
2211 4307 2486 4353 auctorem
2512 4337 2526 4361 ,
2560 4298 2672 4352 haec
2699 4295 2952 4350 secunda:
2991 4294 3322 4350 exsistcntia:
3351 4294 3458 4348 ini-

1891 4390 2021 4443 tium
2046 4390 2112 4443 ab
2130 4404 2193 4444 eo
2208 4389 2423 4459 accipit,
2438 4390 2528 4458 qui
2548 4389 2649 4459 ipsi
2670 4386 2816 4442 dedit
2833 4396 2887 4441 ut
2902 4388 3131 4455 priumm
3153 4386 3460 4441 exsisteret.

1890 4480 2104 4545 Gaude,
2144 4478 2298 4544 Sion,
2325 4480 2539 4533 divinus
2571 4493 2725 4533 mons
2757 4488 2810 4533 et
2839 4478 3149 4541 sanetus,in
3177 4490 3285 4545 quo
3314 4492 3466 4531 mons

212 4567 272 4617 τὸ
300 4565 446 4619 θεῖον
471 4563 597 4633 ὅρος
624 4562 684 4615 τὸ
707 4554 947 4632 ἔμψυχον
965 4577 977 4590 ·
1012 4562 1045 4631 ἡ
1078 4559 1174 4612 νέα
1207 4557 1430 4629 Βαιθὴλ,
1460 4560 1519 4610 ὲν
1613 4556 1783 4628 στήλη

1893 4570 2107 4623 divinus
2142 4579 2200 4624 et
2228 4569 2501 4623 animatus
2531 4569 2797 4623 habitavit
2827 4583 2840 4620 :
2872 4582 3019 4623 nova
3040 4567 3249 4632 Bethel,
3279 4569 3331 4621 in
3361 4582 3466 4636 qua

213 4655 490 4725 ᾖλειπται,
542 4654 859 4725 ἀνθρωπίνη
908 4655 1068 4723 φύσις
1102 4652 1365 4725 χριομένη
1397 4652 1632 4722 θεότητι.
1692 4650 1787 4703 Ἐκ

216 4748 310 4802 σοῦ
351 4749 465 4818 (70)
503 4746 639 4817 πρὸς
688 4748 939 4819 οὐράνιον
983 4745 1118 4814 ὕψος
1159 4744 1550 4815 μετεώρισται,
1596 4743 1674 4804 ὡς
1729 4741 1789 4806 ἐξ

212 4840 434 4915 ὲλαίων,
459 4839 488 4891 ό
516 4836 721 4907 ταύτης
750 4837 895 4899 Υἱός.
912 4834 1321 4906 Ἐτοιμαζέσθω
1347 4834 1548 4905 νεφέλη
1574 4835 1787 4902 παγκό-

216 4916 373 5002 ίμιός
416 4947 475 4983 τε
508 4930 603 5003 καὶ
632 4928 1015 5000 περικόσμιος,
1046 4927 1141 4980 καὶ
1171 4924 1391 4996 ἀνέμων
1422 4925 1693 4997 πτέρυγες
1724 4926 1790 4980 ὲκ

214 5025 319 5078 τῶν
365 5023 621 5093 περάτων
649 5024 747 5092 τῆς
776 5022 881 5091 γῆς
924 5021 1060 5091 πρὸς
1090 5019 1228 5073 Σιὼν
1279 5021 1405 5081 τοὺς
1447 5018 1789 5083 ἀποστόλους

212 5116 645 5179 διαϐιϐάζουσαι.
693 5113 852 5177 Τίνες
900 5113 1011 5166 οἶδε
1057 5112 1189 5166 ὡσεὶ
1237 5110 1460 5181 νεφέλαι
1512 5112 1607 5165 καὶ
1639 5112 1789 5166 ἀετοὶ

214 5212 475 5267 πέτανται
513 5213 648 5283 πρὸς
674 5211 735 5277 τὸ
754 5211 955 5281 πτῶμα
974 5211 1035 5264 τὸ
1060 5212 1159 5280 τῆς
1188 5211 1406 5265 πάντων
1437 5209 1788 5272 ἀναστάσεως

216 5302 383 5355 ;.ῒτιον
409 5305 475 5372 τῇ
535 5301 714 5373 Μητρὶ
767 5300 862 5354 τοῦ
922 5300 1058 5354 Θεοῦ
1107 5300 1621 5372 λειτουργήσοντες;
1687 5299 1783 5363 Τίς

212 5389 351 5458 ,ιῦτη
380 5392 415 5459 ἡ
442 5389 808 5443 ἀναϐαίνουσα
828 5388 1344 5459 λελευκανθισμένη,
1379 5389 1474 5460 ὅλη
1504 5387 1666 5458 καλὴ,
1697 5390 1786 5441 ἐκ-

213 5479 504 5550 λάμπουσα
549 5479 625 5544 ὡς
658 5480 859 5551 ,ἥλιοςς
926 5478 1228 5551 ’ᾼδέτωσαν
1291 5479 1347 5531 αί
1402 5478 1627 5547 κιθάραι
1683 5477 1781 5531 τοῦ

285 5684 391 5808 368)
428 5683 551 5752 ch.
584 5686 673 5737 καὶ
692 5685 966 5754 δυσμενὴς
999 5684 1288 5753 Νεστόριος
1326 5685 1354 5735 ὁ
1393 5682 1672 5749 τύραννος,
1708 5680 1783 5751 τῷ

317 5754 363 5808 ῶ
387 5753 489 5808 τῆς
523 5758 720 5808 μιαρᾶς
754 5755 916 5808 αὑτοῦ
961 5754 1304 5808 ﬂammantia:
1345 5750 1727 5808 κλταγωσθείς.

212 5750 363 5822 βυθῷ
387 5753 489 5823 τῆς
508 5750 720 5823 μιαρᾶς
754 5750 934 5808 αὐτοῦ’
961 5750 1304 5822 βλασφημίας
1345 5750 1727 5819 κλταχωσθείς.

1891 4659 2144 4713 columna
2191 4666 2351 4713 uncta
2383 4654 2487 4721 est,
2529 4652 2764 4711 humana
2801 4657 3057 4711 nimirum
3103 4669 3294 4710 natura
3336 4657 3468 4709 divi-

1894 4751 2067 4805 nitate
2099 4759 2359 4821 peruncta
2391 4768 2405 4804 :
2437 4765 2503 4804 ex
2536 4740 2593 4804 te
2623 4749 2740 4817 ejus
2770 4750 2941 4807 Filius
2974 4748 3042 4803 ad
3075 4749 3352 4805 cmlestem
3384 4764 3470 4802 sn-

1895 4842 2248 4906 blimitatem,
2275 4843 2431 4912 quasi
2459 4858 2525 4898 ex
2550 4841 2714 4898 olivis
2742 4852 2825 4897 est
2855 4854 3095 4901 evectus.
3130 4842 3468 4911 Prteparetur

1896 4919 2068 4990 nub‘es
2103 4934 2346 4990 universi
2377 4935 2550 5000 orbis,
2581 4943 2635 4990 et
2662 4928 2824 5005 supra
2859 4936 3140 4997 mundum,
3186 4941 3241 4985 et
3272 4939 3467 4983 vento-

1892 5039 2010 5079 rum
2039 5025 2138 5081 aha
2168 5042 2290 5095 qua:
2321 5016 2595 5095 apostolos
2622 5040 2689 5081 cx
2716 5035 2873 5081 terra:
2902 5025 3101 5079 ﬁnibus
3127 5023 3178 5074 in
3217 5020 3347 5074 Sion
3374 5021 3467 5072 atl-

1899 5110 2124 5173 vebant.
2159 5118 2259 5186 Qui
2294 5106 2418 5173 sunt
2450 5119 2562 5182 isti,
2591 5118 2680 5185 qui
2714 5125 2968 5184 tanquam
2990 5113 3158 5167 uuhes
3187 5118 3242 5165 ct
3274 5110 3465 5179 aquila:

1890 5210 1956 5261 ad
1992 5224 2189 5278 corpus
2237 5206 2656 5263 resurrectionis
2702 5204 2945 5260 ninnium
2995 5216 3216 5256 causam
3264 5200 3465 5265 volant,

1891 5298 1983 5354 Dei
2013 5298 2168 5353 Matri
2214 5297 2616 5355 ministraturi?
2670 5310 2788 5364 quae
2816 5303 2899 5348 est
2942 5294 3040 5347 ista
3069 5308 3187 5362 qua:
3231 5294 3469 5347 ascendit

1893 5390 2138 5443 dcalhata
2155 5389 2183 5442 ἲν
2209 5398 2318 5443 tota
2352 5388 2596 5458 pulchra,
2634 5384 2989 5455 resplendens
3047 5394 3105 5437 ut
3140 5386 3267 5440 sul?
3295 5384 3467 5455 Spiri—
3503 5402 3513 5449 λ

1894 5489 1980 5533 tus
2013 5479 2239 5535 cithara:
2272 5463 2600 5543 'concinant,
2647 5474 2958 5545 apostolica:
3004 5475 3218 5547 lingula,
3258 5476 3467 5531 theolo-

1959 5679 2069 5748 (69)
2100 5680 2188 5732 Sir
2214 5696 2423 5746 qituque
2452 5680 2701 5748 ﬁngunt,
2730 5678 2864 5730 l'ut'le
2893 5676 3074 5734 λαϐόν.

1967 5746 2075 5809 [70)
2112 5750 2292 5804 Germ.
2335 5751 2394 5815 ἐξ
2420 5746 2499 5815 οὗ,
2537 5752 2613 5805 sit:
2644 5752 2802 5803 Allat.
2836 5765 2899 5803 cx
2938 5765 3060 5817 quo.

3932 5334 3935 5371 J

3928 5442 3935 5515 ε

3924 5526 3935 5597 ε

3924 5636 3935 5771 l

3924 5800 3931 5889 ῖ
