4018 6342
540 359 644 421 759

1727 366 1784 423 S.
1821 364 2137 425 JOANNIS
2170 365 2595 429 DAMASCENI

3673 359 3779 422 760

532 487 722 543 gerum
758 472 989 527 vertices
1015 470 1278 540 cymbalis
1320 481 1685 541 perstrepant.
1730 473 1835 529 Vas
1872 476 2095 529 electio-

2204 477 2535 547 Πνεύματος,
2591 479 2945 534 ἀποστολικαὶ
3009 479 3268 549 γλῶσσαι.
3335 477 3780 543 Ἀλαλαζέτωσαν

535 562 621 616 nis
651 560 975 615 llierotheus
1002 560 1046 624 ',
1070 558 1255 615 divino
1287 559 1491 631 Spiritu
1516 574 1884 631 consecratus,
1917 567 2098 620 divina

535 651 737 702 unione
770 662 858 701 res
894 647 1107 702 divinas
1133 650 1358 704 edoctus
1387 665 1705 721 passusque,
1742 665 1887 710 totus
1920 672 1950 711 e
1976 672 2101 710 cor-

535 754 668 807 pore
698 738 943 799 excedat,
977 746 1125 792 totus
1173 739 1398 795 liberam
1441 742 1608 796 animi
1649 744 1972 799 electionem
2016 762 2102 801 se-

533 842 705 898 quens
732 828 913 892 abeat,
948 830 1378 897 laudatoriisque
1409 833 1638 887 canticis
1671 834 1917 901 plaudat.
1957 836 2102 891 Gen-

536 933 616 977 tes
662 934 853 975 omnes
902 921 1154 976 manibus
1211 921 1470 991 plaudant
1521 945 1534 979 :
1590 925 1874 995 Deiparam
1914 942 2103 983 oumes

539 1010 781 1066 laudent.
810 1009 1002 1080 Angeli
1026 1010 1264 1065 obnoxio
1288 1010 1451 1066 morti
1479 1017 1694 1083 corpori
1720 1016 1980 1071 serviant.
2007 1016 2102 1071 Fi-

538 1101 625 1156 lia!
652 1099 974 1166 Jerusalem,
1001 1111 1331 1169 prazeuntem
1369 1102 1615 1172 reginam
1660 1106 1950 1174 sequimini
1976 1108 2018 1173 ³,
2049 1118 2105 1162 et

543 1191 686 1247 velut
717 1190 978 1258 proxima:
1007 1190 1081 1244 illi
1125 1191 1388 1260 virgines,
1421 1191 1629 1262 Spiritu
1666 1194 1992 1263 juvenantes
2035 1198 2105 1252 ad

544 1302 802 1357 sponsum
865 1287 1023 1343 simul
1080 1286 1482 1353 convehamini,
1538 1302 1570 1345 a
1626 1288 1835 1342 dextris
1892 1288 2104 1344 Domini

544 1381 801 1436 astiturze.
844 1379 1142 1445 Descende,
1180 1380 1468 1443 descende.
1502 1381 1745 1444 Domine,
1793 1381 1975 1446 Matri,
2027 1382 2105 1439 uti

542 1486 638 1540 par
678 1480 784 1533 est.
829 1470 1009 1524 debita
1056 1469 1438 1526 nutricationis
1480 1481 1587 1526 tua:
1626 1472 1846 1542 praemia
1897 1466 2107 1542 persol-

536 1564 671 1618 vite.
718 1561 935 1617 Divinas
964 1562 1198 1616 extende
1232 1576 1423 1617 manus
1455 1577 1470 1616 :
1512 1571 1812 1616 maternam
1847 1565 2101 1619 animam

538 1655 777 1722 suscipe,
827 1654 919 1722 qui
971 1653 1214 1723 paternis
1260 1654 1507 1708 manibus
1556 1653 1804 1723 spiritum
1848 1656 1901 1709 in
1946 1669 2107 1710 cruce

539 1745 834 1815 deposuisti
874 1745 1055 1800 :dulci
1080 1759 1199 1801 eam
1227 1759 1449 1804 susurro
1475 1746 1759 1814 compella.
1792 1745 1950 1813 Veni,
1981 1748 2105 1818 pul-

2202 567 2483 639 κύμϐαλα,
2512 571 2569 625 al
2602 570 2706 625 τῶν
2730 570 2993 639 θεολόγων
3023 572 3346 641 ἀκρότητες,
3374 570 3434 623 τὸ
3460 570 3658 633 σκεῦος
3678 571 3781 641 τῆς

2202 659 2430 730 ἐκλογῆς
2494 660 2776 730 Ἰερόθεος,
2807 661 2836 712 ὁ
2881 661 2958 730 τῷ
3001 660 3129 730 θείῳ
3163 660 3570 729 καθιερωμένος
3602 661 3782 714 ῐΙνεύο

2206 767 2356 819 ματι,
2387 753 2413 802 ὁ
2447 753 2513 819 τῇ
2547 750 2664 821 θείᾳ
2696 751 2887 803 ένώσει
2916 753 2984 804 τὰ
3029 751 3149 803 θεῖα
3204 750 3393 803 παθὼν
3436 754 3530 803 καὶ
3567 748 3775 821 μαθὼν,

2201 842 2322 903 ὅλος
2374 839 2674 904 ἐξιστάσθω
2719 840 2813 892 τοῦ
2871 839 3154 909 σώματος·
3202 841 3326 903 ὅλος
3373 841 3782 910 συνεκδημείτω

2203 932 2268 998 τῇ
2305 929 2639 998 προαιρέσει,
2672 930 2767 981 καὶ
2804 930 3067 1000 κροτείτω
3105 930 3217 991 τοῖς
3246 929 3547 997 ἑφυμνίοις.
3592 928 3782 982 Πάντα

2203 1021 2270 1073 τὰ
2315 1020 2441 1090 ἔθνη
2486 1022 2673 1091 χεῖρας
2719 1020 3109 1090 κροτείτωσαν,
3142 1022 3341 1084 πάντες
3372 1022 3470 1089 τὴν
3517 1018 3781 1073 Θεοτόκον
3830 1016 3835 1019 ’

2206 1110 2568 1180 ὐμνείτωσαν.
2607 1111 2859 1179 Ἄγγελοι
2904 1109 3084 1180 θνητῷ
3137 1107 3616 1181 λειτουργείτωσαν
3668 1109 3780 1162 σώ-

2210 1218 2359 1271 ματι.
2390 1201 2703 1270 Θυγατέρες
2751 1198 3128 1271 Ἰερουσαλὴμ,
3168 1200 3345 1252 ὀπίσω
3376 1200 3474 1269 τῆς
3511 1197 3782 1268 βασιλίδος

2207 1290 2634 1362 ἀκολουθήσατε,
2679 1292 2774 1346 καὶ¹
2801 1292 2877 1355 ὠς
2906 1292 3136 1361 πλησίον
3163 1291 3333 1361 αὐτῆς
3364 1292 3622 1360 παρθένοι
3653 1308 3780 1344 νεα-

2207 1382 2511 1451 νιευόμεναι
2557 1381 2835 1451 Πνεύματι
2890 1380 3027 1453 πρὸς
3072 1381 3163 1433 τὸν
3190 1379 3424 1451 νυμφίον
3477 1382 3779 1434 συναπενέο

2208 1471 2397 1541 χθητε,
2450 1474 2514 1525 ὲκ
2557 1471 2747 1535 δεξιῶν
2795 1469 2889 1525 τοῦ
2945 1471 3217 1528 Δεσπότου
3265 1472 3783 1541 παραστησόμεναι.

2209 1560 2429 1626 Κάτιθι,
2497 1560 2700 1622 κάτιθι,
2766 1559 3033 1626 Δέσποτα,
3093 1563 3159 1631 τῇ
3217 1559 3399 1630 Μητρὶ
3456 1561 3779 1631 κατάχρεως

2208 1655 2498 1719 ἀποτιννύς
2554 1655 2623 1709 τά
2659 1653 2984 1724 ὀφειλόμενα
3041 1654 3307 1724 θρέπτρα.
3360 1652 3522 1718 Θείας
3575 1654 3780 1706 ἀναπέ-

2209 1762 2374 1799 τασον
2400 1749 2587 1816 χεῖρας
2611 1763 2625 1775 ο
2654 1745 2804 1811 δέξαι
2848 1745 3026 1816 ψυχὴν
3076 1744 3370 1817 μητρικὴν,
3412 1747 3439 1797 ὁ
3482 1748 3779 1815 πατρικαῖς

539 1837 693 1900 cbra,
722 1835 967 1905 proxima
1008 1849 1129 1890 mea
1152 1873 1169 1899 ,
1202 1851 1322 1904 qua
1370 1836 1701 1905 virginitatis
1732 1838 1899 1907 885
1936 1839 2103 1894 forma

2209 1837 2364 1906 χερσὶ
2400 1836 2463 1889 τὸ
2486 1836 2703 1902 πνεῦμα
2748 1837 2842 1890 ἐπὶ
2874 1835 3110 1905 σταυροῦ
3160 1835 3562 1906 παραθέμενος,
3594 1835 3779 1906 φώνη-

538 1926 706 1981 solem
762 1926 933 1995 ipsum
987 1926 1364 1995 splendoribus
1422 1942 1671 1995 superas.
1728 1927 1842 1982 Tua
1892 1946 2104 1985 mecum

538 2016 988 2081 communicasti;
1022 2030 1167 2069 nunc
1221 2030 1463 2079 meorum
1510 2020 1780 2088 particeps
1808 2029 1947 2075 esto.
1998 2022 2117 2078 Ac-'

538 2105 690 2171 cede,
718 2104 907 2170 Mater,
932 2106 996 2160 ad
1023 2106 1217 2163 Filium
1246 2123 1260 2160 :
1296 2107 1408 2175 jam
1439 2124 1557 2162 cum
1583 2123 1647 2164 eo
1669 2109 1844 2179 quiiex
1870 2119 1922 2165 te
1950 2121 2107 2167 natus

538 2207 643 2263 est,
685 2206 739 2252 et
796 2209 971 2252 tecum
1019 2206 1315 2267 egestatem
1377 2200 1563 2264 subiit,
1613 2216 1836 2269 regnum
1902 2212 2103 2260 teneto.

538 2290 663 2353 Abi,
692 2289 946 2354 Domina,
984 2290 1095 2355 abi,
1124 2308 1230 2347 non
1262 2294 1335 2347 uti
1367 2292 1563 2359 Moses,
1592 2296 1844 2357 ascende,
1882 2310 1948 2350 ac
1989 2310 2105 2350 mo-

540 2395 678 2435 rere.
724 2380 938 2437 Morere
978 2383 1156 2451 potius
1200 2385 1455 2453 primum,
1504 2387 1627 2440 dein
1673 2388 1924 2442 ascende.
1968 2388 2105 2441 Ani-

540 2489 680 2526 mam
731 2473 857 2528 Filii
888 2475 962 2530 tui
998 2475 1248 2531 manibus
1299 2492 1543 2546 repone:
1585 2488 1742 2534 terra;
1768 2481 1913 2549 quod
1948 2488 2105 2535 terrae

536 2574 639 2628 est,
669 2566 831 2619 redde
864 2584 878 2621 :
914 2582 1038 2620 nam
1079 2568 1180 2623 boc
1231 2569 1396 2623 etiam
1440 2579 1613 2626 tecum
1655 2573 1816 2626 simul
1860 2574 2108 2631 subleva-

541 2655 709 2709 bitnr.
731 2654 947 2723 Tollite,
979 2672 1013 2712 o
1039 2659 1234 2728 popule
1273 2661 1389 2727 Dei,
1413 2661 1600 2716 oculos
1631 2679 1647 2728 ;
1678 2663 1871 2728 tollite,
1903 2674 1959 2719 et
1979 2679 2106 2720 ecce

538 2748 590 2799 in
643 2745 773 2802 Sion
828 2763 1013 2804 arcam
1054 2750 1264 2805 Domini
1316 2752 1410 2808 Dei
1466 2755 1747 2823 virtutum,
1784 2757 1869 2812 cui
1927 2758 2104 2827 reipsa

537 2838 767 2903 apostoli
798 2838 1020 2909 quidem
1072 2851 1279 2909 astant,
1318 2859 1515 2913 corpus
1557 2848 1700 2914 quod
1737 2849 1859 2903 vita!
1892 2850 2099 2919 princi-

541 2927 684 2994 pium
713 2938 768 2983 et
796 2928 890 2985 Dei
948 2932 1343 3000 receptaculum
1398 2934 1498 2989 fuit
1541 2934 1889 2993 funerantes:
1926 2940 2103 3010 angeli

539 3033 665 3072 vero
702 3019 1022 3090 incorporali
1069 3023 1434 3093 invisibilique
1489 3030 1697 3083 ratione
1735 3030 1956 3097 fovent,
2006 3033 2105 3087 Do.

538 3109 665 3163 mini
700 3110 781 3165 sui
810 3109 1071 3170 Genitrici
1099 3127 1201 3169 non
1230 3116 1350 3170 sine
1380 3115 1572 3171 timore
1602 3133 1878 3174 servorum
1932 3122 2103 3177 instar
2131 3146 2173 3203 ο

536 3201 867 3259 assisten‘tes.
902 3202 1021 3273 lpse
1059 3219 1272 3275 quoque
1327 3208 1582 3265 Dominus
1627 3211 1799 3275 adest,
1835 3213 1930 3281 qui
1979 3213 2100 3268 ubi-

536 3307 641 3361 que
674 3308 911 3361 prtesens
944 3304 1053 3362 est,
1078 3298 1257 3352 omnia
1284 3300 1559 3367 complens
1603 3309 1657 3354 et
1690 3304 1939 3359 universa
1967 3318 2101 3359 con—

539 3374 736 3448 tinens,
764 3384 919 3452 cujus
944 3386 1120 3441 nullus
1159 3397 1241 3442 est
1286 3388 1476 3445 locus:
1510 3392 1561 3445 in
1596 3391 1713 3460 ipso
1742 3394 1888 3448 enim
1923 3397 2101 3451 omnia

535 3483 681 3540 sunt,
711 3475 857 3530 velut
881 3476 933 3531 in
970 3475 1247 3544 Creatore,
1283 3482 1372 3549 qui
1420 3492 1610 3536 cuncta
1641 3486 1824 3539 condit
1867 3496 1922 3540 et
1951 3502 2101 3542 cout-

536 3566 805 3635 plectitur.
854 3565 992 3622 Ecce
1033 3568 1207 3635 virgo,
1233 3569 1422 3625 Adami
1491 3572 1600 3629 lilia
1664 3573 1867 3639 Deique
1910 3576 2099 3643 Mater,

535 3671 733 3725 corpus
782 3667 938 3712 terra:
991 3668 1208 3725 propter
1267 3659 1533 3715 Adamum
1590 3663 1808 3719 tradit:
1864 3666 2100 3720 animam

535 3762 664 3802 vero
693 3748 759 3802 ad
798 3749 1047 3803 cmlestes
1079 3751 1233 3806 sedes
1266 3760 1483 3822 propter
1526 3753 1722 3809 Filium
1760 3758 2099 3812 transmittit.

537 3839 677 3895 lirbs
701 3849 887 3895 sancta
919 3842 1312 3909 sanctillcetur,
1342 3859 1405 3898 ac
1434 3859 1555 3898 cum
1599 3847 1721 3901 aliis
1768 3848 2101 3903 benedictio-

540 3932 728 3996 nibus,
768 3932 1154 4003 sempiternam
1197 3935 1624 3991 benedictionem
1658 3938 1878 3994 referat.
1923 3939 2098 3996 Divini

537 4025 866 4079 tabernaculi
916 4041 1166 4096 pompam
1211 4028 1389 4098 angeli
1437 4031 1761 4095 prteccdant,
1815 4041 1869 4087 et
1914 4033 2102 4102 sepul-

534 4130 686 4169 crum
734 4127 1019 4185 apparent.
1069 4116 1127 4171 ω
1189 4118 1397 4187 fulgore
1461 4120 1695 4189 Spiritus
1736 4124 2098 4183 honestetur:

534 4215 802 4274 unguenta
833 4218 1247 4274 componantur,
1278 4210 1481 4277 quibus
1513 4212 1859 4278 purissimum
1899 4217 2098 4271 odora-

533 4292 911 4361 tissimumque
932 4310 1129 4361 corpus
1148 4295 1488 4363 perfricetur.
1504 4298 1662 4353 Adsit
1689 4302 1829 4355 unda
1858 4302 2100 4373 limpida,

532 4398 653 4450 qua:
679 4384 1105 4438 benedictiOnem
1137 4385 1351 4439 hauriat
1391 4402 1459 4441 ex
1487 4389 1843 4446 mundissimo
1877 4392 2098 4449 benedi-

2209 1943 2299 1978 σον
2340 1926 2475 1996 πρὸς
2506 1925 2673 1996 αὐτὴν
2705 1925 2804 1997 ἡδύ
2851 1943 2904 1978 τι
2925 1925 3251 1996 ψιθύρισμα.
3302 1926 3451 1977 Ἐλθὲ
3473 1964 3487 1989 ,
3539 1928 3572 1996 ή
3603 1926 3776 1995 καλὴ,

2205 2021 2238 2088 ὴ
2289 2018 2514 2088 πλησίον
2546 2036 2683 2088 μου,
2728 2021 2763 2089 ἠ
2809 2019 2888 2089 τῷ
2921 2018 3106 2072 κάλλει
3145 2020 3245 2089 τῆς
3285 2019 3584 2090 παρθενίας
3636 2020 3777 2092 ὑπὲρ

2204 2109 2357 2179 ἦλιον
2416 2109 2908 2181 μαρμαρίνσσουσα.
2974 2108 3294 2171 Μετέδωκάς
3355 2127 3445 2179 μοι
3484 2110 3593 2162 τῶν
3643 2108 3776 2163 σῶν⁶

2205 2197 2384 2269 δεῦρο,
2413 2199 2522 2251 τῶν
2553 2199 2701 2268 ἐμῶν
2724 2200 3150 2254 συναπόλαυσον·
3179 2199 3357 2271 δεῦρο,
3387 2200 3611 2272 Μῆτερ,
3640 2201 3779 2271 πρὸς

2204 2290 2295 2345 τὸν
2324 2290 2469 2343 Υίόν·
2497 2289 2690 2361 δεῦρο,
2737 2290 3170 2362 συμϐασίλευσον
3202 2291 3279 2361 τῷ
3318 2294 3382 2344 ὲκ
3416 2290 3507 2343 σοῦ
3562 2294 3658 2344 σὺν
3692 2293 3776 2345 σοὶ

2206 2381 2597 2452 πτωχεύσαντι.
2621 2380 2832 2446 Ἄπιθι,
2855 2382 3141 2447 Δέσποινα,
3163 2380 3339 2444 ἄπιθι,
3364 2382 3425 2434 οὐ
3448 2379 3774 2445 Μωσαῐκῶς,

2206 2472 2416 2538 ἀνάϐα,
2446 2473 2541 2527 καὶ
2564 2472 2808 2528 τελεύτα.
2848 2473 3086 2527 Τελεύτα
3123 2473 3180 2525 δὲ
3222 2472 3443 2542 μᾶλλον,
3477 2471 3570 2524 καὶ
3603 2471 3778 2535 οὓτως

2204 2561 2484 2617 ἀνάϐαινε.
2511 2562 2705 2634 Ψυχὴν
2724 2562 2973 2634 παράθου
3004 2567 3123 2627 ταῖς
3146 2562 3238 2616 τοῦ
3271 2562 3401 2615 Υἰοῦ
3432 2580 3525 2615 σου
3562 2563 3771 2633 χερσίν.

2218 2653 2439 2717 Ἀπόδος
2464 2653 2524 2706 τὸ
2551 2652 2648 2707 τοῦ
2686 2653 2808 2723 χοὸς
2832 2653 2911 2723 τῷ
2940 2652 3025 2723 χοῖ
3044 2693 3059 2717 ,
3088 2653 3163 2717 ὡς
3195 2654 3277 2706 ὅτι
3307 2652 3465 2706 τοῦτο
3503 2670 3777 2721 συνεπαρ·

2207 2745 2447 2818 θήσεται.
2474 2748 2700 2816 Ἀρατε,
2740 2746 2769 2797 ό
2816 2745 2909 2798 τοῦ
2941 2743 3075 2797 Θεοῦ
3119 2745 3265 2808 λαὸς,
3295 2746 3421 2808 τοὺς
3462 2743 3777 2814 ὀφθαλμοὺς

2206 2835 2379 2906 ὐμῶν,
2398 2836 2565 2906 ἄρατε
2584 2836 2635 2904 (7
2649 2835 2718 2906 Ι).
2754 2833 2882 2889 Ἰδοὺ
2907 2834 2963 2887 ὲν
2978 2831 3114 2885 Σιὼν
3128 2834 3162 2902 ὴ
3175 2831 3404 2894 κιϐωτὸς
3420 2832 3625 2901 Κυρίου
3640 2829 3777 2883 Θεοῦ

2205 2928 2310 2981 τῶν
2339 2926 2641 2994 δυνάμεων,
2683 2926 2778 2979 καὶ
2819 2925 2991 2996 ταύτῃ
3046 2921 3369 2994 σωματικῶς
3400 2923 3449 2974 oi
3489 2920 3778 2975 ἀπὸστολοι

2206 3019 2666 3086 παρειστήκεισαν
2688 3015 2750 3070 τὸ
2769 3015 3078 3087 ζωαρχικὸν
3102 3015 3193 3070 καὶ
3217 3014 3460 3083 θεοδόχον
3495 3013 3654 3084 σῶμα
3675 3029 3780 3081 κη-

2206 3108 2469 3171 δεύοντες.
2510 3108 2712 3171 Ἀὐλως
2746 3108 2801 3161 δὲ
2833 3108 2924 3161 καὶ
2953 3107 3202 3178 ἀοράτως
3236 3106 3592 3180 περίεπουσιν
3614 3106 3784 3173 ἄγγε-

2206 3196 2287 3251 λοι
2313 3198 2481 3269 φόϐῳ,
2514 3202 2579 3270 τῇ
2601 3198 2777 3268 Μητρὶ
2801 3199 2892 3253 τοῦ
2922 3197 3072 3268 σφῶν
3092 3198 3363 3251 Δεσπότου
3394 3195 3780 3267 δουλοπρεπῶς

2203 3291 2619 3359 παριστάμενοι.
2653 3291 2824 3353 Αὐτὸς
2848 3293 2877 3343 ὁ
2902 3272 3106 3361 Κύριος
3128 3291 3413 3360 πάρεστιν,
3439 3291 3467 3342 ὁ
3500 3286 3777 3357 πανταχοῦ

2204 3381 2412 3453 παρὼν,
2443 3383 2536 3435 καὶ
2568 3382 2635 3435 τὰ
2661 3382 2841 3437 πάντα
2871 3381 3113 3454 πληρῶν,
3139 3380 3232 3433 καὶ
3255 3379 3532 3451 περιέπων
3555 3378 3617 3432 τὸ
3644 3380 3776 3443 πᾶν,

2202 3464 2262 3527 οὐ
2301 3472 2463 3536 τόπος
2498 3471 2691 3535 οὐδείς.
2737 3473 2822 3525 Ἐν
2865 3472 3012 3541 αὐτῷ
3043 3472 3151 3541 γὰρ
3179 3470 3247 3524 τά
3291 3471 3470 3524 πάντα
3505 3470 3580 3533 ὡς
3616 3485 3779 3539 ποιη-

2202 3564 2339 3634 τικῷ
2369 3566 2461 3618 καὶ
2494 3563 2798 3634 συνεκτικῷ
2826 3564 3007 3634 αἰτίῳ.
3048 3563 3185 3617 Ἰδού
3212 3564 3247 3633 ἡ
3284 3560 3581 3633 παρθένος,
3614 3563 3647 3629 ἡ
3682 3562 3778 3615 θυ-

2209 3654 2387 3725 γάτηρ
2420 3640 2606 3724 ’Ἃδάμ
2633 3651 2730 3706 καὶ
2762 3650 2955 3725 Μήτηρ
2986 3650 3155 3717 Θεοῦ,
3191 3650 3258 3706 δι’
3310 3652 3481 3721 Ἀδὰμ
3514 3651 3574 3708 τὸ
3620 3651 3780 3721 σῶμα

2205 3746 2565 3816 παραπέμπει
2593 3747 2660 3815 τῇ
2688 3746 2778 3815 γῇ,
2812 3744 2909 3813 τὴν
2937 3744 2993 3795 δὲ
3031 3743 3208 3813 ψυχὴν
3241 3744 3518 3814 οὐρανίαις
3552 3744 3781 3813 σκηναῖς

2202 3838 2288 3892 διὰ
2330 3838 2422 3892 τὸν
2475 3837 2601 3891 Υίδν
2650 3836 2985 3891 ἀναδίδωσιν.
3046 3835 3382 3905 ’Δγιαζέσθω
3431 3834 3493 3887 τὸ
3541 3836 3675 3889 ἄστυ
3716 3834 3779 3888 τὸ

2205 3931 2381 3999 ἅγιον,
2417 3929 2512 3982 καὶ
2546 3927 2633 3981 ἐπ’
2677 3926 2949 3994 εὐλογίαις
2983 3926 3312 3997 καρπούσθω
3354 3924 3605 3993 εὐλογίαν
3648 3926 3781 3979 αίώ-

2202 4037 2334 4075 νιον.
2383 4021 2462 4089 Τῇ
2519 4019 2767 4073 διαϐάσει
2820 4017 2911 4071 τοῦ
2963 4018 3108 4071 θείου
3157 4016 3511 4087 σκηνώματος
3565 4034 3779 4087 προποο

2205 4110 2550 4182 ρευέσθωσαν
2588 4108 2810 4177 ἄγγελοι
2837 4148 2852 4173 ,
2888 4112 2983 4162 κα)⁸
3032 4109 3124 4163 τὸν
3161 4110 3329 4176 τάφον
3374 4106 3780 4178 εὐτρεπιζέτωο

2204 4219 2323 4255 σαν.
2368 4199 2657 4270 Κοσμείτω
2688 4199 2876 4253 τοῦτον
2908 4201 3068 4271 αἴγλη
3094 4200 3187 4254 τοῦ
3219 4198 3555 4268 Πνεύματος.
3599 4199 3776 4252 Ἐτοιη

2204 4290 2459 4362 μαζέσθω
2505 4292 2689 4363 μύρα,
2738 4292 2832 4344 καὶ
2863 4291 2940 4362 τῷ
2980 4292 3308 4363 παναμὼμῳ
3339 4292 3432 4344 καί⁵
3473 4289 3775 4343 πανευώδει

2206 4382 2622 4454 μυριζέσθωσαν
2649 4381 2881 4452 σώματι.
2910 4383 3149 4453 Παρήτω
3174 4383 3320 4451 νᾶμα
3342 4382 3654 4452 εἰλικρινὲς.
3680 4381 3775 4434 καὶ

530 4473 726 4527 ctionis
754 4473 922 4528 fonte.
958 4473 1204 4530 Exsultet
1236 4486 1381 4534 terra
1429 4481 1769 4551 depositione
1813 4488 2095 4556 corporis:

2204 4472 2452 4544 ἁρυέσθω
2483 4472 2582 4544 τὴν
2605 4472 2853 4541 εὐλογίαν
2886 4474 2949 4525 ὲκ
2975 4473 3075 4542 τῆς
3095 4472 3372 4542 ἀκηράτου
3400 4472 3497 4540 τῆς
3524 4469 3774 4538 εὐλογίας

530 4564 749 4620 exsiliat
786 4580 881 4621 aer
912 4581 1141 4623 ascensu
1172 4568 1409 4639 Spiritus
1440 4590 1453 4626 :
1502 4573 1709 4642 spirent
1743 4590 1890 4631 aura:
1937 4593 2099 4633 rom--

531 4656 690 4711 lentae
735 4657 1012 4728 plenaeque
1081 4662 1252 4731 gratia
1294 4680 1310 4715 :
1363 4662 1457 4719 Dei
1497 4663 1683 4721 Matris
1741 4681 2097 4723 conscensum

529 4754 779 4800 creatura
815 4748 993 4802 omnis
1023 4750 1386 4817 concelebret,
1430 4751 1711 4821 iuniorum
1750 4756 2100 4827 cmtusjubi-

530 4836 664 4899 lent,
704 4844 980 4892 oratorum
1023 4838 1217 4909 linguae
1249 4843 1480 4912 hymnos
1508 4843 1757 4912 fundant,
1791 4847 2095 4917 sapientum

462 4994 470 5011 .
528 4926 692 4980 corda
756 4927 1080 4983 miraculum
1139 4930 1588 5002 philosOplientur
1629 4952 1644 4990 :
1688 4950 1848 4993 senes
1898 4939 2096 4993 canitie

527 5018 821 5073 venerandi
866 5018 1071 5074 intenta
1117 5019 1233 5075 acie
1283 5022 1684 5091 speculationes
1714 5026 1923 5084 edant:
1977 5029 2096 5085 uni-

528 5124 698 5165 versa:
751 5111 969 5166 demum
1016 5111 1251 5167 condita:
1304 5126 1391 5169 res
1434 5114 1735 5184 symbolam
1812 5118 2096 5174 conferant

527 5216 704 5257 suam.
733 5201 845 5259 Nec
877 5219 1004 5261 vero
1029 5205 1109 5263 sic
1143 5205 1425 5267 minimam
1467 5215 1631 5264 tantze
1659 5207 1936 5277 dignitatis
1969 5224 2094 5279 par-

527 5304 633 5348 tem
661 5294 946 5365 attingent.

598 5466 618 5495 ’
651 5466 873 5537 Dionys.
907 5466 980 5523 De
1006 5470 1115 5526 diu.
1156 5486 1297 5525 nom.
1331 5487 1452 5541 cap.
1479 5474 1534 5527 5.
1612 5473 1631 5504 ⁸
1663 5471 1804 5528 Psal.
1841 5488 1989 5540 κων,
2024 5473 2110 5527 15.

598 5649 710 5718 (7i)
740 5648 840 5724 llic
875 5651 1039 5724 multa
1089 5654 1250 5709 liabet
1287 5654 1465 5712 Allalii
1504 5657 1799 5721 translatio,
1841 5670 1959 5724 quae
1996 5667 2093 5707 nec

529 5718 890 5788 Seguerianus
913 5723 1102 5785 codex,
1124 5737 1221 5776 nec
1247 5725 1642 5780 vetustissimus
1665 5718 2094 5795 Sangcfmancn-

2199 4563 2400 4634 πηγῆς.
2441 4563 2814 4631 Ἀγαλλιάσθω
2835 4564 2867 4633 ἡ
2892 4564 2962 4632 γῆ
2986 4565 3050 4633 τῇ
3070 4562 3357 4616 καταθέσει
3375 4561 3469 4615 τοῦ
3494 4561 3767 4632 σώματος.

2210 4654 2344 4726 Ἀὴρ
2376 4652 2649 4724 σκιρτάτω
2675 4657 2742 4725 τῇ
2781 4654 3042 4708 ἀναϐάσει
3068 4654 3163 4707 τοῦ
3210 4653 3546 4724 Πνεύματος.
3597 4654 3771 4706 Πνεί-

2194 4761 2375 4798 τωσαν
2397 4741 2559 4815 αὖραι
2587 4746 2909 4817 δροσοειδεῖς
2926 4789 2940 4812 ,
2969 4748 3064 4800 καὶ
3087 4748 3309 4817 χάριτος
3334 4746 3577 4817 ἔμπλεοι.
3614 4746 3769 4800 Πᾶσα

2195 4838 2229 4906 ὴ
2265 4836 2442 4900 κτίσις
2484 4838 2908 4909 πανηγυριζέτω
2939 4839 3037 4908 τὴν
3065 4840 3164 4908 τῆς
3184 4840 3525 4910 Θεομήτορος
3565 4838 3770 4894 ἄνοδον.

2202 4926 2368 4997 Χοροὶ
2398 4925 2527 4979 νέων
2556 4927 2991 4993 ἀλαλαξέτωσαν.
3045 4928 3358 4999 Ῥυήτωσαν
3397 4929 3640 4997 γλῶσσαι
3671 4931 3774 5001 ρη-

2199 5020 2375 5090 τόρων
2399 5020 2510 5082 τοῖς
2540 5019 2842 5089 έφυμνίοις·
2879 5019 3096 5092 καρδίαι
3124 5020 3303 5089 σοφῶν
3329 5021 3388 5073 τὸ
3412 5020 3594 5093 θαῦμα
3625 5021 3773 5089 φιλο-

2202 5110 2555 5178 σοφείτωσαν·
2593 5110 2896 5182 πρεσϐύται
2924 5114 2990 5182 τῇ
3022 5111 3187 5182 πολιᾷ
3224 5112 3285 5164 τὸ
3312 5111 3590 5181 αἰδέσιμον
3616 5110 3770 5181 ἔχον.

2200 5221 2323 5268 τες.
2354 5204 2566 5274 ἀτρεμα
2603 5204 2700 5267 τὰς
2751 5203 2982 5273 θεωρίας
3020 5204 3559 5274 καρποφορείτωσαν.
3614 5204 3773 5256 Πᾶσα

2202 5296 2233 5363 ἡ
2264 5292 2439 5356 κτίσις
2464 5294 2932 5362 συνεισενεγκάτω
2975 5293 3065 5346 τὸν
3085 5292 3305 5373 έρανον.
3348 5292 3468 5345 Οὐδ’
3494 5291 3638 5346 οὓτω
3659 5291 3773 5362 γὰρ

2202 5386 2268 5439 ἂν
2306 5384 2601 5440 πολλοστοῦ
2639 5387 2838 5457 μέρους
2871 5386 2972 5456 τῆς
3002 5384 3161 5449 ἀξίας
3190 5386 3485 5455 ὲφίκοιντο.

2201 5656 2278 5706 sis
2320 5666 2688 5722 repraesentat.
2718 5668 3047 5725 acceptaque
3073 5662 3196 5708 sunt
3225 5669 3289 5708 ex
3317 5663 3458 5709 orat.
3482 5653 3519 5707 2
3540 5652 3769 5709 Andreae

2200 5725 2491 5789 Cretensis,
2532 5736 2582 5779 et
2614 5725 2702 5780 llic
2735 5740 3012 5793 perperam
3047 5727 3270 5779 intrusa.
