3968 6348
311 393 410 459 761

1252 395 1631 457 LAUDATIO
1670 397 1728 457 S.
1768 398 1974 459 JOAN.
2015 400 2558 464 CHRYSOSTOMI.

3430 405 3535 473 762

371 503 434 559 ι’.
471 504 634 557 Δεῦτε
653 542 668 567 ,
702 504 902 567 πάντες
927 503 1130 574 νοερῶς
1154 504 1283 574 ὲκδη
1294 505 1503 575 μούσης
1531 505 1851 577 συνεκδημήΔ

2048 512 2101 565 5.
2135 511 2234 564 Eia
2267 514 2430 583 agite,
2468 526 2658 567 omnes
2685 527 2791 567 una
2830 527 2954 570 cum
2989 514 3219 573 abeunte
3247 512 3554 576 abeamus.’

302 612 504 667 σωμεν.
533 594 720 658 Δεῦτε,
757 595 957 657 πάντες
985 593 1212 663 καρδίας
1241 594 1393 665 πόθῳ
1423 595 1559 664 πρὸς
1586 596 1679 647 τὸν
1706 595 1869 663 τάφον

299 685 562 756 κατιούσῃ
601 684 1056 753 συγκαταϐῶμεν.
1104 685 1623 755 Περιστοιχήσωμεν
1667 685 1760 738 τὸν
1800 687 1875 738 ia-

299 776 540 844 ρὼτατον
564 774 892 843 κράδδατον.
917 773 1157 841 ’Ύμνους
1188 774 1366 844 ἱεροὺς
1388 774 1629 845 ᾄσωμεν,
1655 775 1877 837 ὡδέπως

300 863 918 937 μελῳδοῦντεςθΧαῖρε,
942 864 1401 931 κεχαριτωμένη,
1428 868 1461 917 ό
1485 867 1700 932 Κύριος
1720 864 1873 933 μετὰ

297 955 438 1009 σοῦ·
472 954 721 1024 Χαίροιςν
751 954 785 1023 ἡ
811 952 1201 1024 προωρισμένη
1225 952 1421 1022 Μήτηρ
1443 952 1599 1008 Θεοῦ,
1627 954 1870 1023 Χαιροις,

295 1047 333 1117 ἠ
372 1042 852 1116 προεκλελεγμένη
884 1046 951 1113 τῇ
992 1043 1100 1112 πρὸ
1138 1042 1352 1096 αἰώνων
1383 1042 1547 1114 βουλῇ
1574 1042 1669 1095 τοῦ
1698 1042 1835 1095 Θεοῦ
1856 1082 1872 1108 ,

297 1133 404 1205 γῆς
438 1134 709 1190 θειότατον
730 1132 1041 1204 βλάστημα,
1066 1132 1236 1202 πυρὸς
1263 1130 1410 1184 θείου
1433 1134 1873 1203 κατοικητήριον,

300 1230 621 1298 Πνεῦματος
650 1227 808 1295 ἁγίου
840 1224 1136 1297 ἱερώτατον
1172 1225 1418 1296 ἄγαλμα,
1451 1226 1641 1290 ὓδατος
1675 1227 1873 1291 ζῶντος

297 1321 473 1391 πηγὴ,
502 1319 829 1390 παράδεισος
850 1317 947 1369 τοῦ
972 1315 1071 1386 τῆς
1095 1316 1241 1385 ζωῆς
1262 1315 1420 1382 ξύλου
1438 1358 1451 1381 ,
1481 1317 1627 1370 θείου
1652 1318 1875 1389 βότρυος

309 1412 484 1481 (λῆμα
517 1409 764 1480 ἔμψυχον
797 1408 1000 1478 νέκταρ
1041 1391 1137 1459 καὶ
1166 1407 1474 1478 ἀμϐροσίαν
1514 1409 1873 1478 πηγάζοντος,

297 1500 542 1570 ποταμδς
584 1499 801 1569 πλήρης
855 1496 966 1551 τῶν
1017 1497 1329 1570 ἀρωμάτων
1371 1497 1469 1551 τοῦ
1522 1499 1876 1570 Πνεῦματος,

1974 602 2149 670 Agite,
2182 618 2373 657 omnes
2406 603 2676 659 desiderio
2708 606 2886 661 cordis
2907 621 3028 660 cum
3071 623 3133 662 ea
3181 624 3300 678 quae
3332 610 3385 665 in
3426 600 3555 668 ιηοὲ

1976 704 2291 748 numentum
2336 696 2637 761 descendit,
2666 696 3056 754 descendemus
3088 716 3104 753 :
3138 701 3540 758 sanctissimum

1973 782 2256 851 grabatum
2291 783 2790 854 circumsepiamus.
2854 787 3050 843 Sacros
3087 788 3316 860 hymnos
3378 808 3543 848 cana—

1977 890 2116 940 mus,
2173 878 2278 931 hoc
2324 878 2484 931 modo
2528 877 2883 932 concinentes
2934 892 2951 932 :
2987 878 3114 944 Ave,
3148 881 3321 949 gratia
3361 882 3539 949 plena,

1980 965 2232 1020 Dominus
2271 968 2504 1022 tecum‘.
2553 967 2708 1029 Ave,
2755 981 2876 1035 qua:
2922 969 3302 1036 prmdestinata
3342 985 3403 1026 es
3444 970 3542 1028 Dei

1983 1055 2171 1111 Mater.
2201 1058 2335 1121 Ave,
2362 1071 2481 1125 quae
2499 1056 2724 1111 consilio
2748 1054 2844 1112 Dei
2882 1066 3008 1112 ante
3031 1059 3229 1114 saecula
3262 1060 3541 1128 praeelecta

1974 1160 2054 1213 es,
2080 1154 2137 1200 ut
2174 1147 2414 1202 divinum
2440 1162 2660 1217 germen
2693 1161 2843 1203 esses
2871 1147 3036 1202 divini
3082 1149 3224 1217 ignis
3263 1150 3544 1207 habitacu-

1976 1238 2109 1303 lum.
2154 1239 2391 1309 Spiritus
2464 1241 2639 1294 sancti
2686 1250 2898 1296 sacrata
2954 1248 3155 1307 statua,
3205 1244 3358 1312 aqua:
3408 1244 3542 1299 viva:

1978 1329 2123 1395 fons,
2164 1330 2293 1401 ligni
2328 1331 2453 1385 vita:
2493 1331 2797 1400 paradisus,
2848 1331 3015 1386 divini
3065 1333 3265 1387 racemi
3310 1332 3538 1402 palmes,

1975 1433 2041 1473 ex
2072 1435 2179 1489 quo
2213 1428 2398 1475 nectar
2428 1421 2722 1475 animatum
2746 1431 2800 1475 et
2827 1422 3098 1478 ambrosia
3118 1423 3494 1493 proﬂuxerunt
3521 1443 3538 1480 :

1976 1508 2172 1564 ﬂuvius
2198 1520 2505 1566 aromatum
2535 1511 2770 1582 Spiritus
2800 1514 3013 1582 plenus,
3040 1522 3179 1569 terra
3205 1514 3401 1570 divinae
3424 1515 3540 1583 spi~

293 1594 507 1663 ἄρουρα
557 1589 654 1643 τοῦ
710 1589 857 1642 θείου
916 1589 1218 1659 ἀστάχυας,
1271 1590 1426 1661 ῥόδον
1477 1593 1544 1661 τῇ
1601 1591 1860 1662 παρθενίᾳ

1978 1614 2075 1666 cze,
2108 1614 2232 1654 rosa
2260 1601 2578 1672 virginitate
2606 1602 2932 1668 clarissima,
2974 1612 3027 1658 et
3060 1605 3247 1674 gratia:
3292 1604 3541 1674 fragran-

297 1682 636 1751 φανώτατον,
696 1681 794 1735 καὶ
846 1680 1024 1734 πνέων
1074 1682 1141 1751 τῇ
1193 1680 1395 1751 εὐωδίᾳ⁸
1454 1682 1555 1752 τῆς
1613 1682 1872 1756 χάριτος,

293 1774 479 1843 κρῖνον
534 1770 626 1823 τοῦ
679 1768 960 1841 βασιλικοῦ
1008 1770 1438 1841 ἅμφιάσματος,
1490 1771 1670 1843 ἀμνὰς
1707 1774 1741 1842 ή
1794 1788 1877 1824 τε⁹

1979 1688 2109 1741 tiam
2145 1689 2380 1757 spirans,
2418 1690 2550 1758 regii
2596 1691 2893 1746 indumenti
2930 1692 3124 1756 lilium,
3158 1708 3294 1763 agna
3328 1692 3539 1763 Agnum

1979 1777 2072 1834 Dei
2104 1779 2322 1847 pariens
2356 1778 2629 1834 tollentem
2664 1789 2942 1849 peccatum
2983 1782 3187 1847 mundi,
3222 1782 3411 1836 salutis
3440 1796 3539 1836 no-

293 1863 467 1916 κοῦσα
497 1861 588 1914 τὸν
630 1860 825 1932 Ἀμνδν
851 1860 943 1914 τοῦ
967 1861 1124 1927 Θεοῦ,
1166 1860 1257 1914 τὸν
1284 1861 1506 1934 αἴροντα
1544 1863 1645 1934 τὴν
1693 1864 1860 1935 ἁμαρ-

1970 1879 2096 1923 stne
2135 1869 2368 1938 ollicina,
2397 1872 2660 1940 angelicis
2712 1870 3069 1940 potestatibus
3107 1872 3410 1937 sublimior,
3441 1888 3539 1926 an-

291 1955 416 2007 τίαν
439 1953 530 2006 τοῦ
567 1953 796 2023 κόσμου,
828 1953 925 2023 τῆς
973 1952 1253 2025 σωτηρίας
1288 1952 1446 2021 ήμῶν
1479 1954 1865 2024 ἐργαστήριον,

290 2043 600 2112 ἁγγελικῶν
649 2043 924 2113 ὑπερτέρα
963 2024 1274 2113 δυνάμεων,
1316 2041 1479 2111 δούλη
1516 2042 1611 2095 καὶ
1659 2043 1863 2113 μήτηρ.

293 2134 481 2199 Δεῦτε,
512 2132 605 2185 τὸν
645 2132 817 2200 τάφον
865 2132 1377 2203 περιστοιχήσωμεν
1417 2130 1511 2183 τὸν
1562 2131 1862 2201 ἀκήρατον,

292 2225 389 2278 καὶ
437 2223 587 2286 θείας
639 2222 983 2294 ἀρυσώμαθα
1030 2223 1275 2293 χάριτος.
1349 2220 1549 2285 Δεῦτε,
1604 2222 1867 2291 ψυχικαῖς

290 2314 560 2384 ἀγκάλαις
602 2316 663 2368 τὸ
708 2314 1067 2385 άειπάρθενον
1117 2313 1280 2385 σῶμα
1331 2313 1716 2384 βαστάσωμεν,
1772 2313 1870 2367 καὶ

293 2407 725 2476 συνεισέλθωμεν
758 2405 903 2459 ἔνδον
939 2404 1032 2458 τοῦ
1063 2406 1345 2476 μνήματος
1366 2444 1381 2465 ,
1416 2406 1512 2460 καὶ
1555 2421 1868 2476 συννεκρω-

293 2495 497 2566 Θῶμεν,
521 2498 633 2556 τοῖς
662 2494 761 2565 μὲν
785 2493 879 2547 τοῦ
912 2493 1165 2563 σώματος
1194 2496 1581 2564 ἁπογινόμενοι
1609 2494 1863 2559 πάθεσιν,

292 2586 562 2650 συζῶντες
592 2586 650 2639 δὲ
686 2586 834 2656 ζωὴν
864 2585 1049 2655 ἀπαθῆ
1078 2587 1173 2641 καὶ
1196 2586 1493 2657 ἀκήρατονο
1526 2584 1866 2638 άκουτισθῶ-

294 2694 397 2747 μεν
443 2678 568 2741 τοὺς
604 2675 782 2739 θείους
827 2675 1029 2747 ὕμνους
1073 2675 1133 2741 se
1182 2676 1362 2730 άΰλων
1413 2674 1524 2728 τῶν
1556 2674 1868 2743 ἀγγελικῶν

289 2768 513 2837 χειλέων
552 2766 929 2838 προϊεμένους.
973 2766 1320 2837 Είσὲλθωμεν
1347 2768 1823 2838 προσκυνήσοντες
1845 2807 1863 2834 ,

287 2857 385 2911 καὶ
413 2856 630 2927 γνῶμεν
670 2855 765 2908 τοῦ
801 2856 1101 2927 μυστηρίου
1150 2855 1210 2909 τὸ
1253 2856 1423 2921 ξένον,
1451 2856 1526 2919 ὡς
1555 2852 1756 2928 ἦρται,
1787 2857 1863 2920 ὼς

290 2947 768 3019 μεμετεώρισται,
810 2946 885 3012 ὡς
924 2948 1059 3017 πρὸς
1106 2949 1335 3019 οὐρανὸν
1370 2948 1645 3017 εἴληπται,
1684 2948 1759 3011 ῶς
1786 2947 1864 3018 τῷ

287 3038 407 3108 Υίῷ
436 3038 623 3091 πασῶν
651 3036 884 3109 ὕπερθεν
911 3038 1021 3091 τῶν
1051 3038 1360 3107 ἀγγελικῶν
1402 3039 1733 3107 παρίσταται
1765 3036 1863 3089 τά·-

285 3126 443 3191 ξεων·
475 3125 629 3178 οὐδὲν
658 3126 766 3197 γὰρ
794 3127 961 3195 μέσον
992 3125 1207 3197 Μητρὸς
1238 3127 1330 3179 καὶ
1363 3126 1514 3179 Υίοῦ.
1549 3125 1750 3179 Τοῦτόν
1779 3144 1864 3180 σοι

1969 1960 2087 2015 cilla
2115 1969 2171 2015 et
2209 1971 2403 2016 mater.
2432 1962 2611 2032 Agite,
2637 1963 3049 2018 mundissimum
3085 1963 3393 2032 sepulcrum
3428 1962 3540 2019 cir-

1968 2052 2309 2117 cumdemus,
2359 2052 2711 2122 divinumque
2758 2054 2883 2107 inde
2922 2054 3153 2121 gratiam
3195 2055 3529 2110 hauriamus.

1966 2143 2146 2211 Agite,
2173 2142 2317 2198 ulnis
2354 2142 2523 2197 animi
2568 2157 2768 2211 corpus
2798 2153 3069 2211 perpetuae
3092 2144 3391 2211 virginitati
3430 2147 3530 2200 ad-

1968 2234 2169 2289 dictum
2212 2242 2524 2305 gestemus,
2580 2233 2634 2286 in
2686 2244 3092 2288 monumentum
3152 2235 3529 2301 introeamus,

1967 2339 2181 2395 unaque
2214 2325 2528 2391 moriamur,
2578 2325 2841 2381 abdicatis
2886 2325 3106 2394 quidem
3155 2328 3401 2394 corporis
3448 2328 3534 2380 af-

1969 2415 2216 2481 fectibus,
2246 2415 2416 2486 886
2440 2415 2599 2470 simul
2631 2429 2763 2470 vero
2788 2430 2910 2470 eum
2955 2430 3018 2470 ea
3051 2415 3180 2470 nulli
3212 2416 3353 2482 labi,
3400 2417 3532 2473 nulli

1963 2507 2097 2563 vitio
2143 2506 2432 2561 obnoxiam
2469 2494 2732 2561 ducentes
2783 2505 2990 2571 vitam;
3042 2507 3251 2561 divinos
3290 2507 3531 2576 denique

1965 2600 2207 2654 canticos
2233 2612 2299 2653 ex
2343 2596 2603 2665 angelicis
2628 2595 2787 2652 labiis
2826 2596 2960 2651 nulli
2991 2597 3232 2651 materiae
3268 2597 3532 2666 subjectis

1963 2684 2164 2741 eﬂ‘usos
2206 2685 2509 2741 audiamus.
2556 2684 2895 2740 lntroeamus
2918 2684 3214 2749 adoraturi,
3258 2686 3533 2755 mysterii-

1964 2792 2069 2846 que
2093 2777 2386 2832 novitatem
2423 2789 2840 2846 cognoscamus,
2873 2783 2930 2829 ut
2979 2774 3143 2841 elata,
3185 2785 3246 2830 ut
3291 2775 3527 2842 sublata,

1918 2926 1921 2929 λ
1964 2874 2023 2918 ιιι
2054 2866 2106 2919 ἰιι
2141 2865 2338 2919 caelum
2366 2865 2543 2919 delata
2580 2870 2684 2928 est,
2716 2873 2774 2917 ut
2796 2861 2934 2917 Filio
2956 2877 3121 2931 super
3146 2878 3334 2918 omnes
3364 2878 3531 2933 ange-

1964 2948 2138 3011 ldrum
2188 2956 2393 3010 classes
2438 2964 2621 3010 astat:
2676 2955 2810 3009 nihil
2861 2954 3003 3008 enim
3048 2954 3192 3008 inter
3226 2954 3424 3009 Filium
3467 2962 3528 3011 et

1963 3046 2188 3102 Matrem
2226 3046 2389 3099 medii
2412 3054 2517 3100 est.
2559 3045 2711 3099 Hanc
2739 3045 2807 3098 ad
2841 3054 2893 3099 te
2923 3045 2988 3099 de
3015 3052 3107 3099 tuo
3131 3045 3279 3100 exitu
3310 3046 3526 3101 tertiam

1964 3140 2264 3194 orationem
2300 3148 2425 3209 post
2451 3137 2586 3192 duas
2619 3136 2760 3191 alias
2787 3135 2972 3201 habui,
2999 3151 3120 3191 cum
3162 3151 3369 3192 summa
3397 3152 3527 3207 erga

280 3217 377 3270 τὸν
404 3216 607 3281 ἐξόδιον
654 3216 809 3285 λόγον
838 3218 1019 3289 τρίτον
1074 3219 1168 3270 ἐπὶ
1196 3220 1308 3281 τοῖς
1352 3218 1473 3271 δυσὶ
1510 3218 1855 3289 πεποίημαι,

1965 3228 2283 3284 Trinitatem
2300 3200 2628 3282 -reverentia
2658 3235 2713 3280 et
2743 3226 3039 3289 desiderio,
3069 3224 3157 3280 cui
3184 3240 3251 3279 ex
3283 3227 3528 3296 compla-

281 3307 470 3378 Μῆτερ
500 3306 637 3360 Θεοῦ
660 3348 675 3372 ,
702 3308 841 3362 αίδοί
865 3309 958 3361 καὶ
981 3308 1131 3379 πόθῳ
1151 3307 1251 3375 τῆς
1279 3308 1507 3379 Τριάδος
1533 3302 1566 3381 ᾖ
1592 3308 1861 3380 ἐλειτούρ-

278 3416 458 3469 γησας
486 3402 552 3469 τῇ
576 3402 813 3470 πατρικῇ
835 3400 1051 3471 εὐδοκία
1068 3439 1083 3463 ,
1115 3401 1206 3455 καὶ
1228 3404 1293 3473 τῇ
1312 3400 1542 3470 δυνάμει
1570 3399 1663 3453 τοῦ
1690 3400 1859 3454 Πνεύ⁴

282 3505 478 3559 ματος,
517 3489 608 3541 τὸν
654 3490 889 3561 ἄναρχον
923 3490 1115 3559 Λόγον,
1160 3491 1259 3562 τὴν
1306 3489 1713 3561 παντοδῦναμον
1761 3490 1857 3543 τοῦ

277 3579 416 3633 Θεοῦ
444 3579 712 3651 δεξαμένη
745 3581 937 3649 σοφίαν
962 3583 1055 3635 καὶ
1078 3581 1327 3654 δύναμιν.
1361 3582 1525 3653 Δέχου
1559 3581 1737 3634 τοίνυν
1757 3580 1857 3652 τὴν

278 3670 617 3742 προθυμίαν,
643 3671 743 3741 τὴν
771 3670 998 3742 δύναμιν
1026 3672 1448 3744 ὑπεραίρουσαν,
1481 3672 1574 3725 καὶ
1592 3671 1735 3724 δίδου
1758 3670 1857 3741 τὴν

280 3761 579 3829 σωτηρίαν,
622 3760 811 3813 παθῶν
840 3760 1087 3831 ψυχικῶν
1120 3761 1497 3833 ἀλλοτρίωσιν,
1537 3759 1709 3813 νόσων
1746 3776 1855 3811 σω·

280 3849 529 3921 ματικῶν
567 3849 824 3919 λόφωσιν,
874 3852 1246 3922 περιστάσεων
1292 3849 1483 3916 λύσιν,
1535 3848 1650 3919 βίου
1690 3846 1858 3917 γαλη-

273 3942 436 4001 ναίαν
483 3942 842 4005 κατάστασιν,
883 3941 1161 4012 φωτισμὸν
1215 3940 1552 4011 Πνεὺματος·
1593 3939 1686 3993 τὸν
1718 3941 1857 4011 πρὸς

272 4033 369 4085 τὸν
414 4032 508 4085 σὺν
554 4032 681 4085 Υίὸν
718 4031 881 4085 πόθον
932 4031 1326 4103 ὲκπύρσευσον,
1374 4030 1666 4102 εὐάρεστον
1708 4029 1857 4099 αὐτῷ

272 4124 366 4178 τὸν
401 4124 515 4194 βίον
562 4124 719 4195 ἡμῶν
756 4123 1119 4194 κατάστησον,
1169 4122 1246 4185 ὼς
1282 4122 1347 4175 ἂν
1379 4121 1474 4175 καὶ
1508 4121 1607 4192 τῆς
1645 4121 1856 4176 ἐκεῖθεν

271 4214 532 4284 τυχόντες
578 4212 1007 4284 μακαριότητος,
1056 4214 1123 4283 τῇ
1170 4210 1304 4264 Υίοῦ
1342 4210 1468 4283 δόξῃ
1512 4208 1746 4281 ὁρῶντές
1796 4226 1856 4263 σε

269 4307 780 4377 ὲξαστράπτουσαν,
818 4302 1020 4374 ὕμνους
1055 4304 1234 4373 ἱεροὺς
1264 4300 1695 4371 άναπέμψωμεν,
1723 4300 1857 4354 aim-

267 4398 400 4460 νίως
427 4396 871 4468 εὐφραινόμενοι,
906 4395 964 4447 ὲν
994 4392 1261 4464 ἐκκλησίᾳ⁵
1290 4390 1658 4463 ἑορταζόντων
1689 4389 1855 4455 άξίως

262 4489 366 4543 τοῦ
404 4488 744 4559 Πνεῦματος,
776 4487 854 4558 τῷ
883 4485 974 4541 διὰ
1016 4485 1116 4538 σοῦ
1153 4485 1252 4555 τὴν
1290 4483 1560 4554 σωτηρίαν
1596 4482 1753 4553 ήμῶν
1773 4483 1855 4535 ol-

264 4581 657 4651 κοδομήσαντι,
681 4577 901 4650 Χριστῷ
916 4577 993 4648 τῷ
1011 4576 1125 4648 Υἱῷ
1144 4576 1238 4629 τοῦ
1256 4574 1388 4628 Θεοῦ
1415 4575 1509 4627 καὶ
1530 4573 1648 4644 Θεῷ
1668 4572 1843 4645 ήμῶν·

260 4664 309 4737 ᾦ
359 4672 393 4739 ή
432 4669 564 4736 δόξα
594 4669 687 4722 καὶ
717 4668 778 4721 τὸ
815 4669 1052 4740 κράτος,
1098 4667 1194 4721 σὺν
1242 4666 1319 4737 τῷ
1357 4665 1578 4736 άνάρχῳ
1629 4665 1805 4735 Πατρὶ
1829 4702 1845 4729 ,

262 4762 362 4814 καὶ
402 4761 485 4830 τῷ
536 4763 789 4832 παναγίῳ
833 4763 926 4815 καὶ
965 4760 1211 4831 ζωοποιῷ
1261 4761 1567 4831 Πνεῦματι,
1601 4758 1717 4823 νῦν,
1751 4759 1845 4812 καὶ

260 4853 355 4907 ἀεὶ
378 4890 395 4915 ,
422 4852 521 4905 καὶ
549 4855 629 4917 είς
658 4856 783 4918 τοὺς
811 4854 1131 4925 σύμπαντας
1157 4853 1252 4909 καὶ
1285 4852 1675 4923 ἀτελευτήτους
1705 4850 1842 4905 αἰῶ-

257 4962 363 5007 νας
388 4944 501 4997 τῶν
526 4944 756 5000 αίώνων.
802 4948 993 5018 Ἀμήν.

999 5059 1099 5112 lA'.

261 5169 378 5225 Τοῦ
412 5170 487 5224 ἐν
512 5170 705 5239 ἁγίοις
733 5170 967 5238 Πατρός
998 5169 1167 5240 ἡμῶν
1210 5169 1502 5240 Ἰωάννουῄ
1515 5167 1621 5221 τοῦ
1658 5166 1847 5240 Δαμα-

333 5238 569 5306 σκηνοῦ
604 5240 893 5309 ἐγκώμιον
915 5242 1003 5307 εις
1025 5238 1132 5294 τὸν
1164 5240 1335 5310 ἅγιον
1376 5238 1665 5308 Ἰωάννην
1690 5238 1843 5304 Χρυ-

333 5310 646 5377 σόστομον
673 5310 808 5380 (Ἱῖ).

329 5418 400 5476 α’.
445 5422 594 5475 Ἔδει
625 5425 745 5493 μὲν,
766 5417 812 5477 ὧ
850 5421 1067 5495 Ἰωάννη
1099 5422 1405 5492 πάγχρυσε,
1436 5421 1561 5485 τοὺς
1596 5418 1705 5472 τῶν
1734 5417 1843 5473 σῶν

332 5575 354 5609 ⁸
386 5576 520 5631 Luc.
573 5593 613 5642 ι,
643 5577 737 5634 28.

327 5692 443 5763 (Ὠ)
475 5690 550 5746 Ex
578 5687 951 5763 illustrissimi
1124 5682 1359 5763 Mauritii
1388 5681 1710 5763 LenTellie‘r2
1734 5698 1831 5763 ar—

246 5752 591 5833 chiepiscopi
619 5760 923 5826 Bernensis,
958 5756 1142 5813 codice
1176 5754 1266 5823 qui
1299 5753 1514 5809 transiit
1544 5754 1597 5809 in
1631 5752 1829 5807 Biblio-

1960 3320 2068 3375 cito
2094 3318 2294 3383 Patris,
2317 3326 2372 3374 et
2394 3317 2628 3387 Spiritus
2664 3317 2864 3372 virtute
2912 3316 3255 3379 ministrasti,
3286 3315 3525 3372 Verbum

1961 3407 2215 3477 principii
2244 3421 2461 3476 expers,
2502 3406 3040 3475 omnipotentemque
3070 3405 3161 3460 Dei
3199 3405 3522 3475 sapientiam

1959 3506 2014 3551 et
2065 3495 2380 3551 facultatem
2424 3493 2764 3565 excipiendo.
2825 3492 3091 3548 Conatum
3149 3494 3330 3563 itaque
3375 3494 3524 3551 vires

1961 3601 2112 3643 meas
2152 3587 2506 3642 excedentem
2552 3585 2791 3655 suscipe,
2826 3585 3055 3640 salutem
3099 3587 3314 3655 prtebe,
3356 3585 3525 3641 vitio—

1960 3693 2078 3732 rum
2128 3677 2296 3731 animi
2348 3676 2774 3743 alienationem,
2841 3675 3224 3744 mgritudinnm
3278 3676 3527 3746 corporis

1957 3768 2221 3837 quietem,
2262 3767 2706 3821 adversariorum
2751 3778 2973 3818 casuum
3020 3762 3367 3827 solutionem,
3401 3763 3526 3819 vita

1962 3858 2308 3926 tranquillam
2339 3856 2732 3917 conditionem,
2774 3853 3015 3922 Spiritus
3044 3853 3549 3909 illuminationem.‘

1955 3946 2210 4000 Amorem
2254 3944 2308 3997 in
2346 3942 2542 3997 Filium
2570 3949 2718 3994 tuum
2756 3941 3015 4005 accende,
3069 3940 3233 3993 vitam
3278 3949 3522 3996 nostram

1956 4047 2075 4103 qum
2103 4031 2178 4085 illi
2209 4040 2362 4099 grata
2389 4030 2482 4094 sit,
2523 4029 2766 4091 institue,
2818 4038 2877 4081 ut
2908 4030 3180 4085 heatitatis
3209 4047 3329 4101 qua:
3376 4037 3518 4104 apud

1957 4124 2133 4192 ipsum
2160 4132 2269 4185 est,
2299 4120 2592 4190 participes
2637 4118 2786 4182 facti,
2836 4127 2888 4174 te
2914 4118 3036 4173 Nati
3085 4121 3162 4175 tui
3218 4123 3387 4193 gloria
3430 4141 3519 4183 re-

1957 4213 2328 4285 splendentem
2359 4212 2651 4274 intuentes,
2690 4224 2876 4264 sacros
2924 4211 3154 4279 hymnos
3185 4215 3518 4284 emittamus,

1956 4315 2161 4361 (eterna
2196 4304 2582 4369 oblectatione,
2628 4303 2683 4356 in
2737 4317 2923 4357 eorum
2973 4317 3264 4371 conventu,
3296 4308 3387 4376 qui
3420 4324 3521 4377 pro

1958 4397 2221 4465 dignitate
2244 4395 2479 4466 Spiritus
2507 4394 2643 4450 festa
2668 4394 2966 4460 celebranl,
3000 4394 3052 4449 in
3087 4395 3232 4452 illius
3257 4398 3518 4453 honorem

1958 4491 2050 4560 qui
2081 4504 2177 4559 per
2231 4498 2281 4543 te
2332 4488 2561 4542 salutem
2609 4496 2847 4541 nostram
2883 4494 2967 4541 est
3004 4498 3281 4555 operatus,
3312 4489 3521 4546 Christi

1959 4580 2052 4634 Dei
2087 4578 2233 4644 Filii,
2264 4579 2354 4633 eui
2381 4578 2553 4647 gloria
2586 4586 2641 4631 et
2677 4576 2964 4646 imperium
3005 4591 3128 4630 cum
3174 4577 3332 4635 Patre
3369 4583 3523 4650 prin-

1954 4670 2081 4740 cipii
2134 4668 2319 4723 nescio
2343 4708 2359 4734 ,
2414 4666 2879 4734 sanctissimeque
2921 4674 2975 4721 et
3015 4666 3230 4724 viviﬂco
3270 4669 3473 4739 Spiritu
3501 4713 3517 4737 ,

1954 4775 2098 4815 nunc
2136 4769 2190 4814 et
2236 4772 2475 4827 semper,
2526 4766 2582 4813 et
2629 4760 2684 4813 in
2728 4758 2936 4826 omnia,
2967 4767 3023 4813 et
3053 4758 3268 4816 inﬁnita
3322 4762 3520 4817 saecula

1951 4854 2296 4909 saeculorum.
2330 4850 2527 4905 Amen.

2687 5052 2781 5107 XI.

1947 5166 2139 5223 Sancti
2174 5165 2352 5219 Patris
2390 5164 2559 5217 nostri
2606 5161 2832 5215 Joannis
2876 5158 3188 5213 Damasceni
3242 5158 3416 5213 oratio
3458 5133 3535 5213 in.

2184 5236 2394 5289 laudent
2420 5233 2597 5287 sancti
2632 5232 2859 5285 Joannis
2886 5227 3269 5296 Chrysostomi.
3524 5235 3530 5241 ‘

2019 5415 2072 5468 1.
2106 5408 2343 5466 Necesse
2401 5406 2621 5477 quidem
2673 5414 2813 5471 erat,
2856 5420 2888 5459 ο
2916 5402 3191 5470 Joannes,
3235 5402 3329 5475 qui
3370 5412 3517 5463 totus

1939 5680 2151 5733 thecam
2178 5676 2423 5746 Regiam.
2453 5675 2759 5729 Orationem
2792 5675 2936 5729 hanc
2966 5673 3199 5731 Savilius
3230 5672 3436 5743 habuit,
3460 5682 3514 5732 cl

1936 5748 2166 5804 Allatius
2195 5749 2261 5803 ad
2287 5747 2365 5802 CI.
2397 5746 2693 5800 Anbcrtum
2719 5746 2960 5801 miserat.
