3968 6348
414 419 520 481 763

1609 410 1668 471 S.
1710 406 2031 472 JOANNIS
2071 405 2502 467 DAMASCENI

3558 399 3663 469 764

410 545 614 589 aureus
645 543 725 594 es,
758 541 858 584 eos
886 525 976 595 qui
1008 520 1215 591 Jaudcs
1241 526 1364 573 luas
1391 516 1572 573 dicere
1616 515 1981 585 aggrederen-

2113 512 2374 583 γκωμίων
2400 511 2776 582 πειρωμένους
2820 513 3158 582 ἐφάπτεσθαι
3182 555 3198 580 ,
3245 514 3497 585 γλώσσης
3536 532 3667 599 χρυ-

414 636 525 687 tur,
558 636 776 677 auream
803 618 1038 685 linguam
1073 620 1289 676 nactos,
1320 622 1627 665 sermonem
1654 621 1787 661 auro
1811 604 1981 660 ﬂuen-

415 728 523 770 tem
581 710 843 783 proferre.
892 708 1010 759 imo
1051 711 1141 758 tua
1205 701 1377 773 ipsius
1431 713 1568 755 voce
1628 712 1767 768 opus
1817 696 1979 761 foret,

414 807 613 876 quippe
639 815 759 872 qua:
788 797 903 855 sola
946 796 1029 851 sui
1072 794 1244 865 ipsius
1287 790 1621 862 praeconium
1659 789 1823 858 digne
1855 802 1983 858 pos-

415 903 500 948 set
552 888 803 960 exsequi.
854 886 1182 956 Quanquam
1238 883 1291 937 id
1344 882 1564 952 quidem
1610 881 1790 935 hodie.
1842 878 1982 935 Olim

415 982 638 1050 quippe,
667 978 985 1049 priusquam
1021 989 1089 1030 ex
1120 974 1223 1027 bac
1279 973 1388 1026 vita
1421 971 1709 1035 transires,
1739 984 1861 1025 cum
1905 972 1986 1024 in-

417 1083 501 1126 ter
527 1069 780 1126 homines
805 1067 1018 1123 telluris
1043 1063 1255 1121 incolas
1302 1062 1475 1119 simul
1502 1062 1736 1129 viveres,
1769 1061 1879 1116 tuis
1910 1074 1990 1116 re-

416 1173 507 1219 cte
534 1162 695 1218 factis
732 1159 1008 1215 oblivione
1039 1154 1370 1228 suppressis,
1422 1154 1475 1209 in
1508 1154 1698 1222 primis
1731 1152 1990 1222 alloquiis

417 1271 482 1310 ea
512 1255 694 1311 statim
726 1252 808 1309 sui
839 1251 1013 1322 ipsius
1038 1247 1349 1305 accusatrix
1381 1255 1521 1301 erat.
1550 1246 1644 1301 Sic
1663 1245 1809 1300 enim
1841 1258 1990 1298 com-

428 1352 810 1418 paratumest,
852 1353 912 1399 ut
948 1341 1288 1412 sapientibus
1322 1339 1457 1394 viris
1490 1338 1665 1408 proba
1703 1351 1801 1390 sua
1854 1335 1989 1390 raci-

428 1452 566 1492 nora
597 1436 824 1501 lateant,
862 1448 931 1489 ne
965 1433 1018 1488 id
1064 1431 1207 1501 quod
1251 1435 1403 1492 sunt,
1434 1428 1841 1483 existimatione
1892 1427 1991 1479 de-

389 1553 404 1618 ι
435 1526 583 1581 ﬂuat.
612 1524 748 1589 Quia
775 1538 906 1578 vero
934 1523 1064 1591 ipsa:
1096 1534 1312 1590 quoque
1343 1518 1760 1573 balbutientium
1799 1531 1996 1586 puero-

427 1633 544 1671 rum
601 1631 762 1671 voces
820 1624 993 1685 grata:
1044 1611 1368 1683 parentibus
1414 1610 1659 1678 ipsorum
1717 1608 1990 1672 accidunt,

430 1705 650 1775 Deoque
703 1708 911 1759 minuta
952 1703 1061 1757 duo
1114 1709 1236 1756 sunt
1287 1698 1591 1768 aceeptiora
1620 1738 1636 1763 ,
1673 1712 1836 1766 quam
1876 1713 1995 1766 qua:

424 1794 667 1864 opulenti
700 1793 1086 1863 magniﬁcique
1129 1790 1376 1845 homines
1421 1797 1693 1858 praestant
1714 1788 1992 1858 (quoniam

2084 603 2212 672 σέης
2257 599 2682 673 εὐμοιρηκότας,
2737 601 2894 669 λόγον
2956 603 3252 675 προφέρειν
3309 603 3666 675 χρυσόρῤοον.

2094 693 2218 745 Ἐπὶ
2248 692 2307 746 δὲ
2336 692 2549 756 τούτοις
2580 692 2682 763 τὴν
2713 691 2812 764 σὴν
2844 693 2952 747 εδει
2998 698 3257 767 παρεῖναι
3283 697 3487 766 φωνήνο
3531 696 3671 766 μόνη

2081 784 2193 854 γὰρ
2221 784 2288 838 ἂν
2319 784 2517 855 ἑαυτῆς
2551 781 2716 849 ἀξίως
2745 785 2845 854 τῆς
2874 786 3151 856 εὐφημίας
3173 786 3669 856 καταστοχάσαιτο,

2083 875 2178 928 καὶ
2206 874 2383 928 ταῦτά
2418 890 2485 942 γε
2516 872 2633 926 νῦν.
2666 873 2757 925 Σοὶ
2780 874 2890 944 γὰρ
2913 874 2992 945 τῷ
3015 876 3108 929 ἐπὶ
3133 875 3237 944 γῆς
3267 874 3375 945 πρὸ
3405 874 3671 944 ἐκδημίας

2087 964 2538 1037 συμϐιοτεύσαντι
2559 1004 2576 1030 ,
2610 965 2749 1037 λήθη
2789 966 2899 1021 τῶν
2932 967 3392 1038 κατορθουμένων
3417 969 3476 1020 ὲν
3510 984 3664 1038 πρω-

2084 1058 2359 1126 τολογίαις
2385 1056 2590 1127 ἑαυτῆς
2609 1057 2827 1129 ὑπῆρχε
2861 1058 3189 1130 κατήγορος.
3228 1058 3670 1129 ’Δποκρύπτεται

2087 1150 2197 1221 γάρ
2247 1167 2368 1213 πως
2410 1151 2530 1212 τοῖς
2578 1152 2763 1218 σοφοῖς
2796 1148 2867 1204 τά
2911 1150 3063 1219 σφῶν
3102 1150 3565 1221 κατορθωμάτων,
3597 1151 3670 1214 ὡς

2087 1238 2154 1292 ἂν
2185 1236 2259 1307 μὴ
2297 1236 2683 1306 παραρῤυῇτὺ
2716 1231 2859 1289 εἶναι
2891 1235 2971 1306 τῷ
2996 1237 3208 1290 οῐεσθαι
3259 1236 3377 1290 ἀλλ’
3404 1238 3529 1290 επεὶ
3561 1256 3668 1291 πα-

2087 1328 2248 1398 τράσι
2278 1326 2407 1395 φίλα
2443 1326 2537 1380 καὶ
2573 1326 2644 1380 τὰ
2669 1326 2780 1385 τῶν
2805 1326 3014 1380 παίδων
3041 1326 3416 1396 ψελλίσματα,
3450 1330 3544 1381 καὶ
3576 1328 3668 1383 δύο

2088 1416 2265 1473 λεπτά
2301 1415 2420 1486 Θεῷ
2449 1415 2559 1469 τῶν
2590 1402 3033 1488 κατορθωμάτων
3073 1416 3184 1469 τῶν
3219 1417 3404 1486 ἀὸρών
3434 1434 3669 1487 προσφι-

2090 1506 2357 1577 λέστερα·
2415 1506 2478 1559 ού
2524 1506 2754 1577 δυνάμει
2809 1508 2954 1578 γὰρ,
3005 1508 3324 1578 προαιρέσει
3368 1507 3426 1559 δὲ
3476 1509 3674 1578 μᾶλλον

2091 1600 2301 1671 κρίνειν
2337 1597 2517 1653 ταῦτα
2553 1599 2784 1666 πέφυκε·
2819 1600 2953 1669 πρὸς
2992 1598 3050 1651 δὲ
3081 1599 3176 1652 καὶ
3203 1597 3453 1667 φιλοθέου
3482 1600 3673 1670 ἀνδρὸς

2094 1688 2412 1760 προτροπὴν
2456 1687 2555 1740 οὑκ
2604 1688 2919 1741 ἀπωστέονο
2968 1688 3169 1751 αἰδοῖος
3219 1688 3328 1758 γὰρ
3365 1683 3519 1752 οὗτος
3577 1690 3676 1742 καὶ

2096 1780 2325 1850 χάριτας
2356 1779 2438 1831 ὅτι
2482 1773 2741 1841 πλείστας
2780 1779 2917 1849 πρὸς
2956 1780 3113 1849 ἡμῶν
3157 1780 3528 1850 ὀφειλόμενος·
3564 1781 3674 1833 τῶν

428 1901 533 1940 non
563 1901 628 1940 ex
662 1884 929 1954 potentia,
980 1883 1074 1937 sed
1120 1896 1188 1937 ex
1241 1882 1519 1936 voluntate
1564 1894 1627 1935 ea
1668 1879 1808 1940 solet
1849 1881 1991 1935 testi-

2109 1870 2199 1938 ιιὲν
2228 1869 2401 1936 λόγων
2430 1870 2765 1940 ἐφάπτομαιο
2807 1870 2923 1923 ἀλλ’
2950 1871 3052 1923 οὐκ
3085 1871 3303 1940 ἀνέδην,
3341 1871 3461 1924 οὐδὲ
3487 1889 3677 1925 συστο-

429 1982 625 2047 mare),
662 1978 759 2031 sed
786 1989 885 2030 nec
925 1973 1162 2042 religiosi
1194 1985 1323 2043 erga
1354 1973 1520 2027 Deum
1557 1971 1682 2037 viri,
1721 1970 1813 2040 qui
1841 1985 1998 2025 reve-

432 2067 606 2120 rentia
659 2066 828 2119 multa
874 2065 1071 2133 dignus
1109 2075 1217 2125 est,
1270 2062 1665 2131 multiplicique
1718 2060 1880 2115 titulo
1933 2061 2000 2116 de

432 2157 589 2212 nobis
640 2158 780 2210 bene
832 2154 1080 2218 meritus,
1107 2152 1260 2220 jussa
1313 2151 1650 2221 repudianda
1699 2160 1870 2207 sunt:
1905 2167 2003 2209 ea-

432 2255 655 2318 propter
688 2243 904 2300 dicendi
932 2244 1146 2298 initium
1180 2242 1398 2308 faciam,
1433 2257 1538 2297 non
1566 2251 1746 2297 tamen
1774 2252 2002 2308 temere,

435 2352 533 2393 nec
567 2345 678 2391 tota
723 2336 993 2400 libertate,
1030 2334 1126 2390 sed
1155 2334 1440 2389 cohibente
1471 2343 1615 2388 metu
1644 2373 1659 2399 ,
1690 2334 1998 2395 divinorum

436 2439 671 2490 tuorum,
704 2438 1094 2493 sacrorumque
1127 2424 1572 2479 documentorum
1618 2423 1886 2493 primitias
1914 2422 2000 2476 oi-

435 2515 568 2570 [οι-ο.
606 2514 735 2567 Mihi
764 2513 1033 2582 siquidem
1082 2521 1463 2581 argumentum
1509 2511 1653 2565 istud
1700 2510 2000 2576 evolventi,

435 2608 481 2661 si
519 2604 835 2673 dignitatem
867 2602 988 2670 ejus
1013 2609 1297 2656 assecutus
1317 2614 1435 2666 ero,
1466 2599 1612 2654 haud
1646 2614 1836 2669 parum
1883 2600 2002 2655 lau-

436 2695 521 2749 dis
548 2694 806 2759 accedet;
842 2694 925 2748 sin
971 2700 1151 2747 autem
1181 2691 1301 2760 ejus
1332 2690 1638 2746 obtinenda:
1678 2691 1852 2761 impar
1882 2707 2002 2747 sunt
2034 2728 2045 2735 .

439 2784 682 2855 (quando
712 2783 813 2838 hoc
840 2796 946 2836 nou
976 2781 1087 2851 pati
1113 2780 1370 2835 eximium
1401 2780 1561 2845 foret,
1589 2781 1717 2849 quin
1745 2794 1847 2836 nec
1872 2795 2002 2850 pos-

447 2875 652 2944 sihiie),
674 2874 889 2929 veniam
943 2887 1075 2942 rogo
1124 2871 1405 2941 indulgeas
1439 2870 1592 2935 mihi,
1626 2871 1718 2940 qui
1765 2870 2006 2927 victoriae

2096 1962 2195 2031 λῆς
2232 1962 2366 2033 ἄτερ
2386 2001 2402 2026 ,
2435 1961 2573 2015 ἀλλά
2599 1963 2677 2033 τῷ
2702 1963 2813 2016 δέει
2849 1963 2949 2033 μὲν
2984 1963 3405 2035 συστελλόμενος
3425 2003 3440 2027 ,
3470 1966 3564 2018 καί
3597 1982 3674 2018 σοι

2096 2052 2206 2108 τῶν
2233 2051 2340 2105 σῶν
2387 2051 2546 2105 θείων
2586 2070 2648 2106 τε
2682 2055 2777 2107 καὶ
2826 2054 2987 2125 ἱερῶν
3029 2055 3377 2125 διδαγμάτων
3422 2056 3679 2127 προφέρω

2098 2147 2170 2196 τὰ
2215 2142 2522 2212 ἀκροθίνια.
2566 2144 2761 2197 Ἔσται
2812 2146 2921 2215 γάρ
2974 2162 3065 2215 μοι
3118 2145 3376 2217 τοιαύτην
3424 2146 3678 2200 ὑπόθεσιν

2100 2234 2467 2299 ἀνελίττοντι,
2499 2234 2671 2302 ὲγγὺς
2712 2234 2811 2304 μὲν
2851 2234 3008 2298 ἀξίας
3047 2234 3367 2305 ἐληλυθότι,
3406 2236 3505 2305 οὐχ
3535 2238 3564 2288 ὀ
3590 2253 3680 2288 τυ-

2103 2323 2215 2394 χὼν
2244 2325 2464 2388 ἔπαινος
2488 2364 2503 2388 ,
2548 2325 2932 2394 ἀπολειφθέντι
2975 2327 3033 2379 δὲ
3060 2326 3286 2395 ταύτης,
3324 2328 3353 2379 ὅ
3387 2328 3462 2396 μὴ
3491 2328 3680 2380 παθεῖν

2104 2415 2348 2485 ἄριστον,
2387 2416 2503 2469 ἀλλ’
2532 2417 2838 2487 ἀμήχανον,
2878 2418 3179 2488 συγγνώμη
3206 2419 3344 2488 ἦττῃ
3369 2419 3554 2489 δικαίᾳ
3582 2436 3681 2471 κα-

2104 2506 2501 2574 θυποκύψαντι,
2552 2509 2647 2561 καί
2694 2524 2785 2578 μοι
2843 2508 2987 2563 δίδου
3035 2509 3136 2579 τὴν
3187 2510 3483 2580 πυρίπνοον
3526 2510 3683 2580 χάριν

2102 2597 2197 2651 τοῦ
2231 2599 2568 2669 Πνεύματος.
2599 2600 2835 2669 Χριστοῦ
2865 2601 2976 2670 γάρ
3004 2601 3100 2653 καὶ
3124 2602 3287 2664 αὐτὸς
3311 2602 3683 2672 ὲχρημάτισας

2108 2689 2308 2759 στόμα,
2342 2690 2559 2759 ἐξάγων
2589 2691 2648 2758 ἐξ
2675 2692 2896 2756 ἀναξίου
2929 2692 3097 2757 ἀξιον·
3122 2692 3222 2763 οὐχ
3254 2693 3352 2747 ἕνα
3381 2710 3483 2746 που
3512 2694 3544 2762 ἢ
3569 2692 3680 2745 δύοο

2103 2781 2263 2835 τοῦτο
2277 2781 2385 2853 γὰρ
2405 2782 2469 2836 ἄν
2490 2799 2573 2846 τις
2597 2783 2757 2853 τυχὸν
2781 2785 2881 2837 καὶ
2897 2783 3004 2837 τῶν
3034 2784 3245 2837 πολλῶν
3268 2784 3540 2854 δράσειεν⁶
3567 2782 3683 2838 ἀλλ’

2107 2875 2293 2939 οίκους
2323 2875 2504 2941 ὅλους,
2533 2875 2629 2929 καὶ
2662 2876 2890 2945 δήμους,
2917 2876 3011 2930 καὶ
3040 2875 3232 2930 ἄστεα.

435 2967 596 3038 justas
625 2969 819 3025 collum
846 2967 1097 3037 subjicio,
1134 2966 1540 3034 ferventemque
1564 2966 1731 3037 887
1772 2965 2010 3037 Spiritus
2079 2970 2308 3040 gratiam
2358 2971 2666 3039 impertire.
2700 2969 2833 3025 Nam
2860 2971 3065 3025 Christi
3116 2986 3331 3043 quoque
3372 2985 3435 3027 os
3466 2970 3689 3027 elIectus

442 3079 522 3133 es,
553 3064 644 3134 qui
673 3078 742 3118 ex
782 3062 1005 3130 indigno
1042 3061 1266 3129 dignum
1338 3060 1664 3126 extraxeris,
1707 3074 1816 3116 non
1865 3075 2030 3115 unum
2094 3063 2393 3118 alterumve
2438 3062 2711 3119 hominem
2758 3064 2925 3135 (quod
2974 3064 3059 3119 vel
3105 3079 3138 3119 e
3197 3064 3381 3119 multis
3414 3065 3682 3136 quispiam

444 3157 801 3229 praestiterit),
834 3157 929 3212 sed
952 3164 1006 3209 et
1030 3153 1266 3209 familias
1306 3154 1565 3223 integras,
1594 3152 1905 3223 plebesque,
1938 3168 2004 3207 ac
2043 3154 2310 3210 civitates.

512 3252 571 3306 2.
612 3250 901 3305 Enimvero
927 3262 957 3301 a
996 3256 1049 3303 te
1112 3247 1228 3316 ipse
1273 3245 1454 3299 statim
1491 3258 1741 3309 exorsus,
1782 3246 2008 3316 teipsum

2189 3248 2257 3318 β’.
2308 3246 2644 3318 ’Δρξάμενος
2673 3248 2783 3318 γὰρ
2814 3247 2874 3312 ἐξ
2902 3248 3131 3315 ἑαυτοῦ,
3168 3250 3265 3302 καὶ
3296 3249 3493 3303 σαυτὸν
3525 3249 3690 3313 ὅντως

448 3356 663 3412 quoque
717 3355 900 3394 veram
945 3336 1268 3397 Jerusalem,
1320 3336 1590 3389 civitatem
1643 3335 1738 3391 Dei
1790 3339 2008 3393 viventit

2134 3336 2488 3410 Ἰερουσαλὴμ
2510 3337 2927 3402 κατασκευάσας
2951 3340 3106 3392 πόλιν
3122 3340 3257 3393 Θεοῦ
3281 3340 3484 3405 ζῶντος
3504 3342 3582 3403 είς
3596 3358 3692 3394 κα·

449 3433 647 3496 fecisti,
702 3445 809 3500 quo
869 3428 1035 3484 divini
1085 3425 1322 3498 Spiritus
1357 3426 1683 3481 domicilium
1726 3430 2022 3499 evaderes;

450 3535 671 3593 tumque
703 3521 836 3576 adeo
864 3520 1060 3588 ubique
1088 3527 1377 3584 terrarum,
1403 3515 1646 3572 Orientis
1678 3516 2011 3575 Occidentis-

450 3630 557 3686 que
601 3623 826 3678 tractus,
873 3610 1057 3664 Austri
1112 3609 1262 3673 item,
1311 3618 1367 3663 et
1418 3606 1816 3677 Septentrionis
1863 3610 2019 3677 ﬁnes,

450 3707 617 3761 verbo
658 3712 982 3775 perVagatus
1025 3716 1106 3764 es,
1155 3707 1217 3753 ut
1260 3700 1326 3754 de
1377 3708 1429 3753 te
1472 3712 1729 3768 perquam
1779 3703 2024 3770 apposite

453 3796 873 3869 praenuntiatum
902 3793 974 3848 sit
1004 3793 1245 3846 divinum
1289 3790 1417 3845 illud
1452 3791 1777 3846 sanctissimi
1810 3791 2022 3847 Davidis

452 3886 711 3942 cﬂ’atum:
744 3883 810 3938 In
852 3899 1054 3937 omnem
1097 3890 1291 3935 terram
1339 3880 1495 3934 exivit
1525 3896 1684 3935 sonus
1730 3896 1932 3946 eorum,
1971 3891 2020 3936 et

453 3981 508 4033 in
540 3979 667 4048 ﬁnes
698 3976 836 4031 orbis
870 3986 1021 4030 terra:
1063 3976 1215 4029 verba
1259 3988 1439 4028 eorum
1461 3972 1504 4026 '.
1544 3972 1715 4028 Fuisti
1757 3974 2021 4044 siquidem

455 4070 709 4124 alumnus
737 4066 961 4131 Christi,
992 4066 1085 4135 qui
1138 4067 1252 4135 ipsa
1304 4079 1428 4119 vere
1461 4063 1721 4134 sapientia
1754 4074 1859 4132 est,
1897 4067 2022 4119 subo

456 4171 606 4217 stans
638 4158 730 4213 Dei
778 4168 834 4213 et
867 4156 1041 4211 Patris
1081 4156 1256 4209 virtus
1274 4157 1315 4218 ',
1352 4154 1593 4223 ejusque,
1640 4164 1899 4223 quantum
1932 4170 2025 4223 pe-

459 4265 555 4305 nes
585 4259 636 4303 te
668 4258 809 4312 erat,
844 4246 1067 4312 vestigia
1108 4244 1424 4312 promendo,
1464 4244 1703 4297 imitator
1744 4245 1919 4298 factus
1963 4261 2022 4299 es

458 4339 575 4402 Dei,
598 4336 753 4405 juxta
778 4345 940 4403 atque
972 4333 1174 4388 homini
1208 4331 1462 4400 possibile
1491 4342 1596 4386 est.
1629 4332 1710 4386 Tu
1741 4334 1886 4387 enim
1916 4343 2022 4387 ter-

459 4428 634 4482 minos
661 4427 1048 4492 columnasque
1091 4433 1316 4488 naturte,
1363 4422 1540 4478 omnis
1576 4438 1767 4493 nempe
1808 4424 2023 4480 virtutis

459 4518 732 4587 specimen
796 4513 1041 4569 struxisti
1107 4514 1159 4569 in
1227 4513 1649 4585 profundissimo
1703 4514 2023 4571 humilitatis

2127 3429 2476 3495 τοικητήριον
2510 3425 2653 3479 θείου
2688 3426 3030 3497 Πνεύματος,
3052 3430 3358 3497 πανταχόσε
3382 3428 3506 3499 γῆς,
3522 3428 3692 3493 Ἐώας

2125 3529 2184 3564 τε
2228 3514 2319 3566 καὶ
2374 3514 2663 3585 Ἐσπερίου
2701 3516 2923 3587 λήξεως,
2979 3519 3215 3588 ’Δρκτου
3248 3535 3307 3571 τε
3337 3520 3431 3571 καὶ
3465 3521 3694 3590 Μεσημ-

2122 3604 2281 3675 ϐρίας
2312 3606 2547 3675 ἐπῆλθες
2586 3607 2663 3678 τῷ
2692 3608 2836 3680 λόγῳ
2866 3610 2935 3662 τὰ
2964 3609 3202 3680 πέρατα,
3248 3611 3324 3674 ὡς
3356 3612 3449 3664 καὶ
3491 3613 3583 3664 ἐπὶ
3610 3612 3695 3664 σοὶ

2122 3696 2502 3766 εύστοχώτατα
2533 3698 2791 3769 λεχθῆναι
2815 3700 2912 3752 τοῦ
2948 3700 3235 3754 θεσπεσίου
3269 3702 3437 3755 Δαϐὶδ
3462 3703 3522 3756 τὸ
3553 3702 3695 3755 θεῖον

2123 3787 2572 3859 προαναφώνημα
2596 3804 2613 3819 ·
2664 3793 2767 3857 Εἰς
2806 3791 3014 3847 πᾶσαν
3056 3793 3174 3862 τὴν
3212 3792 3332 3863 γῆν
3372 3792 3633 3862 ἐξῆλθεν
3661 3798 3694 3849 ὁ

2121 3879 2381 3948 φθόγγος
2402 3879 2621 3945 αὐτῶν,
2643 3882 2742 3935 καί
2766 3885 2853 3949 εις
2880 3885 2952 3937 τὰ
2970 3884 3193 3952 πέρατα
3213 3884 3324 3951 τῆς
3343 3885 3696 3955 οικουμένης

2122 3973 2194 4024 τὰ
2220 3970 2459 4040 ῥήματα
2479 3971 2698 4027 αὐτῶν.
2732 3975 2997 4046 Φοιτητὴς
3022 3976 3129 4048 γὰρ
3148 3976 3380 4044 γέγονας
3399 3979 3500 4047 τῆς
3527 3977 3697 4040 ὄντως

2123 4062 2454 4133 αὑτοσοφίας
2487 4063 2585 4116 τοῦ
2615 4065 2853 4136 Χριστοῦ
2878 4109 2893 4133 ,
2924 4071 3024 4139 τῆς
3064 4067 3155 4121 τοῦ
3184 4066 3318 4121 Θεοῦ
3351 4069 3446 4120 καὶ
3481 4069 3699 4139 Πατρός

2125 4156 2494 4209 ὲνυποστάτου
2528 4156 2831 4225 δυνάμεως,
2864 4159 2959 4211 καὶ⁸
2978 4158 3168 4212 τοῦτον
3204 4157 3567 4229 ίχνηλατήσας
3595 4160 3697 4231 ὅση

2122 4244 2372 4315 δύναμις,
2420 4246 2518 4297 καὶ
2550 4248 2795 4316 μιμητὴς
2823 4248 2960 4301 Θεοῦ
2994 4251 3283 4319 γενόμενος
3320 4249 3396 4313 ὡς
3423 4249 3698 4321 ἀνθρώπῳ

2122 4331 2367 4386 δυνατόν.
2414 4333 2487 4385 Σὺ
2526 4334 2741 4407 πέρατα
2791 4336 2898 4408 γὰρ
2948 4337 3014 4390 τὰ
3057 4340 3158 4411 τῆς
3203 4339 3421 4408 φύσεως
3468 4339 3700 4411 Γάδειρα

2125 4423 2306 4493 πάσης
2338 4424 2543 4497 ἀρετῆς
2576 4425 2722 4479 ίδέαν
2765 4429 2859 4480 ὲπὶ
2891 4430 2969 4500 τῷ
3006 4429 3293 4500 βαθυτάτῳ
3324 4430 3560 4502 θεμελίῳ
3600 4431 3700 4500 τῆς

2121 4510 2511 4578 ταπεινώσεως
2559 4518 2921 4592 ᾠκοδόμησας
2948 4562 2962 4587 ,
2995 4522 3063 4575 δι’
3114 4519 3183 4595 ἦς
3222 4524 3392 4593 μόνης
3431 4524 3527 4577 καὶ
3568 4525 3700 4588 θεὸς

461 4606 832 4671 fundamento,
883 4620 978 4675 per
1004 4620 1164 4676 quam
1190 4604 1383 4670 solam,
1413 4614 1467 4661 et
1509 4604 1720 4660 salvare
1748 4604 1890 4660 Deus
1927 4621 2008 4661 vo-

2127 4608 2322 4672 σώζειν
2356 4610 2640 4682 εὐδόκησε,
2670 4615 2763 4665 καὶ
2793 4614 3079 4686 ἄνθρωπος
3110 4593 3364 4678 σώζεται.
3396 4614 3568 4669 Οὐδὲν
3594 4616 3703 4687 γὰρ

463 4699 584 4764 luit,
612 4707 667 4753 et
700 4698 879 4754 salvus
922 4700 980 4752 ﬁt
1027 4697 1207 4753 homo.
1240 4696 1450 4753 Nullum
1482 4699 1678 4769 quippe
1706 4697 1933 4754 fulcrum
1958 4713 2023 4754 ea

469 4791 681 4846 lirmius
709 4800 813 4845 est.
859 4792 957 4844 Ast
986 4790 1343 4845 humilitatem
1374 4805 1441 4845 ex
1480 4791 1585 4845 [ide
1613 4790 1876 4859 originem
1913 4801 2024 4845 tra-

460 4883 592 4938 here
646 4881 846 4937 nemini
906 4896 1011 4935 non
1061 4882 1403 4950 perspicuum
1450 4892 1554 4938 est.
1604 4882 1832 4948 Quinam
1876 4884 2022 4937 enim

458 4975 643 5029 divino
673 4971 881 5030 numini
914 4972 1087 5027 subsit
1126 4972 1345 5040 aliquis,
1377 4972 1430 5025 ni
1464 4981 1613 5026 certo
1650 4974 1835 5026 credat
1872 4972 2023 5028 altis-

458 5066 654 5119 simum
681 5079 803 5120 esse
831 5062 1072 5117 divinum
1097 5060 1334 5115 numen?

530 5154 585 5210 3.
622 5155 787 5225 Atqui
828 5154 1107 5211 Sermonis
1135 5152 1313 5207 cultor
1340 5164 1462 5207 cum
1497 5166 1669 5220 esses,
1714 5170 2021 5219 sermonum

460 5261 674 5316 quoque
722 5247 912 5317 plenus
967 5245 1138 5310 fuisti,
1189 5244 1384 5314 quibus
1435 5244 1672 5299 divinum
1724 5247 2025 5302 subsisten-

460 5343 680 5405 temque
715 5337 807 5392 Dei
844 5347 898 5390 et
937 5335 1113 5390 Patris
1145 5335 1480 5399 Sermonem,
1516 5337 1786 5405 suppetias
1821 5335 2025 5393 ferente

462 5422 690 5490 Spiritu,
721 5426 1232 5482 causubstantialem
1265 5440 1386 5481 esse
1409 5426 1557 5481 Patri
1588 5429 1927 5497 praedicasti;
1965 5439 2023 5484 ut

463 5516 642 5569 unitas
695 5519 970 5572 adoranda
1019 5519 1071 5571 in
1119 5516 1384 5572 Trinitate
1418 5518 1589 5585 palam
1639 5520 2019 5586 innotesceret,

460 5621 560 5662 nec
606 5619 712 5661 non
764 5607 1003 5664 Trinitas
1046 5609 1113 5663 ad
1163 5609 1384 5665 unitatis
1435 5623 1698 5665 sunnnam
1720 5635 1731 5655 «-
1749 5623 2018 5681 revocata,

533 5763 554 5795 ³
597 5760 737 5817 Psal.
773 5776 931 5829 xvttt,
981 5765 1041 5829 5;
1080 5763 1236 5819 Rom.
1270 5782 1298 5822 x
1329 5807 1342 5831 ,
1377 5769 1465 5824 18.
1543 5767 1563 5799 ⁸
1588 5769 1605 5823 ι
1633 5770 1754 5825 Cor.
1796 5789 1832 5838 ι,
1865 5774 1948 5827 Ἡ.

2120 4698 2327 4769 ταύτης
2353 4701 2762 4774 ἀσφαλέστερον
2789 4704 3041 4776 ἔρεισμα.
3081 4706 3145 4758 Ἦ
3172 4706 3230 4759 δὲ
3264 4706 3600 4769 ταπείνωσις
3626 4706 3703 4769 ὡς

2120 4790 2184 4843 ἐκ
2213 4790 2447 4856 πίστεως
2490 4800 2653 4848 παντί
2701 4812 2806 4849 που
2838 4796 3018 4867 δῆλον.
3059 4796 3183 4860 Πῶς
3213 4798 3321 4865 γὰρ
3354 4796 3420 4850 άν
3452 4814 3534 4858 τις
3570 4797 3705 4851 καθα

2121 4882 2358 4953 υποϐαίη
2375 4883 2452 4955 τῷ
2477 4886 2767 4957 κρείττονι,
2796 4889 2873 4959 μὴ
2896 4887 3191 4952 πιστεύσας
3207 4889 3287 4941 ὅτι
3316 4889 3584 4961 κρείττων
3610 4889 3704 4944 καὶ

2123 4969 2346 5040 ὕψιστος
2368 4988 2382 5038 ;

2200 5172 2270 5238 γ’.
2308 5174 2495 5241 Λόγων
2526 5174 2584 5228 δὲ
2621 5175 2837 5248 πλήρης
2866 5178 2941 5241 ώς
2980 5179 3157 5247 Λόγου
3206 5179 3556 5250 θεραπευτὴς
3584 5182 3706 5249 ἐγεο

2130 5264 2330 5329 γόνεις,
2355 5266 2423 5317 δ’
2443 5264 2518 5319 ὧν
2546 5267 2635 5320 τὸν
2665 5267 2806 5322 θεῖον
2838 5269 3032 5338 Λόγον,
3065 5272 3161 5325 καὶ
3206 5270 3577 5335 ἐνυπόστατον
3614 5269 3707 5323 τοῦ

2129 5351 2265 5405 Θεοῦ
2301 5354 2395 5407 καὶ
2426 5357 2661 5425 Πατρδς,
2691 5359 2781 5412 διά
2827 5360 3146 5432 Πνεύματος
3188 5362 3265 5433 τῷ
3296 5363 3473 5433 Ila.th
3500 5362 3698 5433 ἐκήρυς

2134 5440 2227 5505 ξας
2287 5442 2594 5511 όμοούσιον,
2658 5449 2864 5518 μονάδα
2919 5440 3357 5519 σαφῶςείδέναι
3395 5452 3456 5502 ὲν
3513 5450 3705 5521 Τριάδι

2129 5535 2638 5606 προσκυνουμένην,
2687 5538 2782 5590 καὶ
2821 5539 3027 5611 Τριάδα
3070 5543 3151 5603 είς
3188 5540 3393 5610 μονάδα
3424 5540 3706 5608 ἀνακεφα-

2128 5619 2483 5701 λαιουμένην,
2508 5622 2810 5699 παράδοξόν
2843 5642 2961 5681 τινα
2992 5628 3265 5700 φέρουσαν
3285 5627 3386 5699 τὴν
3419 5628 3619 5682 ἕνωσίν
3644 5642 3692 5681 τε
