3968 6348
350 337 456 399 765

1311 347 1697 409 LAUDATIO
1738 348 1798 407 S.
1834 347 2043 409 JOAN.
2084 346 2635 408 CHRYSOS'I‘OMI.

3504 348 3608 411 766

348 455 444 511 καὶ
464 454 751 525 διαίρεσιν.
783 450 920 506 οὐτε
940 452 1003 507 τὸ
1032 450 1233 507 autem
1260 454 1688 523 συγκεχυμένον,
1718 452 1842 506 οὐτε
1868 454 1922 507 τὲ

2032 467 2153 521 qum
2187 455 2438 507 unionem
2479 454 2992 527 distinctionemque
3034 459 3271 515 humano
3314 472 3477 531 captu
3513 480 3608 519 su-

347 540 567 612 τρισσὸν
596 539 665 593 δι’
696 539 890 610 ἀμπαξ
915 540 1294 611 διαιρούμενον
1315 558 1332 574 ο
1370 542 1428 595 ὲν
1458 542 1673 612 θατέρῳ
1709 541 1768 595 δὲ
1798 558 1928 595 συν-

349 631 687 703 τηρούμενον
716 630 966 701 θάτερον,
1003 633 1063 684 ὲν
1100 634 1165 703 τῇ
1205 631 1401 685 ἑνώσει
1456 633 1557 703 μὶν
1589 633 1691 702 τῆς
1738 633 1928 696 οὐσίας

343 724 454 777 τῶν
485 722 840 775 ὐποστάσεων
869 726 929 776 τὸ
958 723 1161 776 ἐνιαῖόν
1176 740 1238 777 τε
1260 723 1356 775 καὶ
1378 724 1475 793 τῆς
1501 724 1718 793 φύσεως
1738 711 1927 793 ἀπαρ-

346 815 638 867 άλλακτον.
676 813 862 867 Ταῦτα
920 815 1103 868 πᾶσαν
1132 814 1231 884 τὴν
1270 814 1599 885 οἰκουμένην
1647 814 1913 881 ἐδίδαξας,

353 906 483 974 μίαν
512 906 744 977 θεότητα
773 908 1208 977 τρισυπόστατον
1232 908 1290 960 ὲν
1326 908 1427 977 μιᾷ
1453 906 1563 961 τῶν
1588 906 1762 976 αὐτῆς
1791 907 1927 959 ὐπο-

354 998 599 1050 στάσεων
640 997 838 1061 ὁλικῶς
879 1000 1014 1068 ἡμῖν
1045 1001 1450 1068 κοινωνήσασαν
1476 1012 1491 1026 ⁸
1538 999 1572 1067 ἡ
1609 997 1668 1051 δέ
1720 1000 1870 1052 ἐστιν
1897 999 1933 1051 δ’

354 1088 479 1149 Υἱὸς
506 1086 601 1140 τοῦ
634 1086 768 1140 Θεοῦ
802 1088 898 1140 καὶ
941 1087 1136 1155 Λόγος,
1169 1089 1199 1141 ὁ
1244 1087 1464 1159 ἀπαθὴς
1506 1088 1724 1159 παθητῇ
1766 1088 1927 1157 φύσει

348 1177 676 1246 ἑνούμενος,
710 1178 805 1231 καὶ
843 1172 1023 1257 ταῦτα.
1064 1180 1228 1233 οἱονεὶ
1256 1180 1658 1250 ὑφιστάμενος,
1706 1181 1802 1235 καὶ
1830 1181 1927 1236 τοῦ

348 1265 489 1322 εἶναι
526 1270 833 1340 ἀρχόμενος
855 1312 869 1333 ,
902 1272 1287 1342 σαρκούμενός
1315 1289 1375 1325 τε
1406 1272 1504 1326 καὶ
1529 1272 1925 1343 παχυνόμενος,

349 1355 446 1408 καὶ
471 1358 500 1408 ὁ
530 1357 745 1421 ἁπλοῦς
772 1361 851 1429 τῇ
875 1360 1037 1427 φύσει
1070 1360 1288 1429 φύσεως
1338 1360 1642 1433 προσλήψει
1677 1362 1929 1416 συντιθεῖο

354 1464 537 1516 μενος,
580 1449 676 1502 καὶ
727 1449 922 1521 διφυὴς
966 1451 1182 1523 ἀληθῶς
1234 1453 1679 1524 γνωριζόμενος,
1714 1455 1799 1517 ὡς
1831 1454 1928 1508 δύο

284 1554 287 1557 ·
350 1536 543 1600 φύσεις
569 1537 753 1609 φέρων
784 1540 929 1609 μετὰ
952 1541 1057 1610 τὴν
1087 1541 1301 1607 ἕνωσιν,
1334 1542 1393 1609 ἐξ
1419 1535 1493 1596 ὧν
1526 1542 1585 1596 ἓν
1610 1544 1761 1596 ἐστιν
1781 1544 1931 1614 ἆπερ

352 1629 700 1698 κηρύττεται·
730 1630 953 1695 τελείως
982 1632 1212 1702 ἔχουσαν
1238 1635 1476 1704 ἑκάστην
1506 1638 1648 1687 κατὰ
1676 1634 1769 1688 τὸν
1801 1635 1928 1705 ὅρον

345 1736 407 1772 τε
438 1719 531 1772 καὶ
559 1719 717 1787 λόγον
735 1720 829 1774 τδν
858 1722 1081 1792 ἑαυτῆς,
1118 1722 1218 1793 τὴν
1254 1724 1351 1793 μὲν
1377 1723 1615 1794 ἄναρχόν
1639 1741 1698 1776 τε
1734 1725 1831 1777 καὶ
1863 1724 1917 1779 ἂι

347 1827 588 1873 κτιστον,
606 1810 703 1881 τὴν
723 1812 782 1865 δὲ
813 1814 1099 1885 ὴργμένην
1123 1831 1183 1867 τε
1210 1816 1307 1868 καὶ
1327 1814 1679 1885 ἐκτισμένην
1698 1814 1809 1885 τὴν
1827 1814 1928 1885 μὲν
1958 1797 2013 1853 Βι

346 1898 557 1969 ἀπαθῆ,
582 1900 835 1970 ἀόρατον,
870 1904 1051 1975 ἀναιρῇ
1076 1943 1091 1968 ,
1121 1903 1537 1978 ἀπερίγραπτον
1562 1943 1579 1968 ,
1606 1904 1707 1975 τὴν
1727 1905 1783 1957 δὲ
1814 1920 1924 1958 πα-

347 1991 517 2061 οητήν
539 2008 596 2043 τε
614 1993 709 2044 καὶ
729 1992 1036 2064 ὁρωμένην,
1061 1995 1156 2047 καὶ
1177 1996 1377 2065 ἀπτὴν,
1399 1996 1493 2049 καὶ
1514 1995 1920 2066 περιγραπτήν-’

348 2081 644 2153 θελητικὴν
672 2084 975 2153 ἑκατέραν,
1012 2086 1108 2138 καὶ
1141 2086 1509 2151 αὐτεξούσιον,
1553 2088 1651 2141 καὶ
1687 2089 1923 2157 ὲνεργηυ

346 2172 528 2243 τικὴν,
574 2174 736 2237 αὐτὸς
773 2175 930 2228 τοῦτο
969 2177 1190 2229 κάκεῖνο
1234 2177 1425 2243 τελῶν,
1461 2179 1489 2230 ὁ
1535 2172 1616 2240 εἷς
1662 2176 1920 2248 Χριστὸς,

348 2265 444 2317 καὶ
468 2265 619 2330 Υίὺς,
656 2266 753 2320 καὶ
783 2267 989 2338 Κύριος
1009 2284 1025 2299 ο
1062 2269 1161 2339 τῆς
1203 2268 1301 2339 μὲν
1333 2268 1641 2341 ὀργανικῶς
1669 2268 1921 2340 λειτουρ-

348 2357 617 2428 γησάσης,
646 2361 743 2427 τῆς
772 2357 827 2411 δὲ
851 2358 1184 2423 δεσποτικῶς
1210 2359 1588 2430 ὲνεργησάσης
1612 2376 1626 2390 ·
1655 2359 1923 2429 ἑκατέρας

347 2447 447 2518 τὴν
475 2449 680 2502 οἰκείαν
729 2449 1013 2518 ἐνέργειαν
1046 2466 1111 2503 τε
1167 2450 1265 2504 καὶ
1308 2450 1657 2515 αὐτεξούσιον
1707 2449 1924 2520 κίνησιν

349 2538 610 2611 ἐχούσης·
635 2540 800 2593 αὐτοῦ
830 2540 888 2593 δὲ
916 2540 1010 2593 τοῦ
1040 2540 1158 2603 ἑνὸς
1177 2542 1338 2593 τοῦτο
1366 2540 1589 2593 κάκεῖνο
1603 2540 1883 2603 τελοῦντος
1903 2580 1921 2608 ,

348 2631 417 2684 δι’
449 2632 656 2702 ἀμφοῖν
690 2633 788 2702 τὴν
814 2632 972 2704 ἡμῶν
1001 2633 1487 2703 κατεργασαμένου
1514 2634 1776 2704 σωτήριον
1797 2634 1926 2687 ἀνα·

350 2717 607 2783 καίνισιν,
639 2720 726 2789 ἐφ’
748 2713 792 2788 ᾧ
816 2720 1119 2790 συμπαθῶς
1147 2721 1341 2776 ἑαυτὸν
1370 2722 1666 2777 κεκένωκε.

2027 542 2295 610 periorem
2353 542 2583 610 habeat,,
2641 544 2848 599 unitate
2904 547 3120 614 quidem
3150 550 3519 622 confusionis,
3554 565 3608 611 et

2030 632 2271 686 ternario
2295 634 2578 690 divisionis
2606 647 2830 704 experte
2856 651 3080 705 prorsus
3110 643 3452 708 persistente.
3479 648 3601 713 Quo

2028 722 2175 778 litant
2214 723 2444 779 alterum
2487 724 2735 780 inaltero
2762 726 3099 797 sitsalvum;
3133 731 3186 785 in
3216 734 3415 790 unione
3454 737 3604 791 scili-

2026 825 2112 869 cet
2156 816 2472 872 substantiae
2514 820 3109 890 unitaspersonarum,
3156 832 3210 878 et
3260 834 3465 882 natura:
3514 845 3605 897 per

2027 906 2205 960 omnia
2247 906 2635 969 conformitas.
2680 909 2806 965 llaec
2859 912 3090 966 docuisti
3145 914 3332 969 orbem
3387 920 3604 972 univer-

2041 1011 2197 1062 sum,
2231 997 2501 1053 deitatem
2535 1015 2705 1054 unam
2735 1002 2790 1054 in
2840 1002 3013 1058 tribus
3042 1004 3451 1074 hypostasibus,
3488 1025 3605 1079 quae

2027 1085 2093 1139 in
2118 1086 2483 1156 hypostasium
2532 1105 2754 1151 suarum
2796 1107 2900 1147 una
2938 1092 3101 1163 plene
3152 1096 3308 1150 nobis
3332 1098 3604 1164 perfecte-

2027 1192 2133 1247 que
2178 1182 2575 1238 commuuicata
2624 1184 2715 1237 sit.
2767 1182 2895 1239 Haec
2952 1194 3147 1241 autem.
3183 1188 3275 1243 Dei
3322 1187 3495 1245 Filius
3545 1201 3603 1246 et

2028 1271 2262 1328 Verbum
2290 1283 2394 1339 est,
2428 1274 2519 1343 qui
2556 1289 2681 1331 eum
2714 1275 2938 1330 minime
2972 1278 3105 1345 pati.
3118 1288 3323 1347 posset,
3355 1295 3475 1334 cum
3509 1298 3591 1351 pa-

2012 1364 2164 1419 -tibili
2207 1375 2407 1421 natura
2446 1365 2727 1432 c0pulatus
2771 1364 2894 1431 fuit,
2942 1382 3217 1437 unumque
3261 1380 3317 1425 et
3362 1372 3502 1426 idem
3539 1388 3604 1430 ac

2029 1450 2337 1518 ipsavveluti
2367 1453 2780 1517 subsisteus,et
2826 1467 2949 1507 esse
2989 1455 3283 1524 incipiens,
3321 1471 3602 1530 assumpta

2028 1555 2225 1605 carne,
2267 1542 2523 1599 crassitie,
2580 1543 2819 1599 vestitus.
2857 1543 2979 1603 (uit.
3032 1543 3185 1605 Unde
3224 1562 3348 1603 cum
3402 1560 3602 1606 natura

2030 1632 2269 1701 simplex.
2294 1642 2693 1696 esset..natnr:e
2732 1636 3077 1704 susceptione
3105 1639 3438 1705 compositus
3468 1655 3597 1695 eva~

2029 1727 2136 1789 sit,
2200 1724 2441 1793 duplicis
2468 1739 2669 1781 severa.
2718 1734 2924 1781 natura:
2980 1725 3279 1791 exsiSIens,
3333 1741 3604 1796 quatenus

2029 1825 2267 1871 naturas
2287 1816 2431 1870 duas:
2448 1825 2570 1884 post
2597 1816 2901 1871 unitionem
2925 1814 3085 1884 gerit,
3115 1828 3182 1869 ex
3215 1816 3409 1883 quibus
3438 1834 3602 1873 unum

2028 1906 2146 1974 ipse
2181 1914 2297 1968 est,
2336 1920 2458 1973 qua:
2508 1918 2630 1959 esse
2678 1905 3010 1973 praedicatur
3042 1924 3055 1958 :
3088 1905 3162 1959 ita
3217 1916 3274 1958 ut
3323 1914 3607 1975 utramque

2030 1995 2231 2051 habent
2272 1996 2568 2049 secundum
2614 1995 2899 2061 utriusque
2939 1994 3307 2051 deﬁnitionem
3348 2006 3403 2050 et
3441 1996 3608 2053 ratio-

2029 2102 2192 2152 nem;
2224 2102 2395 2141 unam
2415 2087 2632 2155 quidem
2678 2086 2929 2155 principii
2960 2096 3241 2155 expertem
3283 2100 3336 2142 et
3385 2088 3597 2143 increa-

2030 2187 2162 2242 laln,
2207 2178 2475 2245 inceptam
2507 2176 2732 2230 alteram
2777 2186 2831 2231 et
2855 2186 3093 2231 creatam
3123 2194 3137 2229 :
3168 2192 3328 2231 unam
3381 2177 3596 2245 impati-

2028 2268 2217 2332 bilem,
2236 2267 2585 2334 inuisibilem,
2628 2267 2772 2337 tangi
2802 2266 3065 2333 nesciam,
3094 2280 3159 2321 ac
3182 2266 3555 2323 circumscribi
3580 2285 3599 2334 ;

2029 2360 2252 2414 alteram
2308 2359 2622 2427 patibilem,
2670 2356 3092 2426 aspectabilem,
3150 2357 3497 2412 tractabilem,
3547 2369 3603 2414 et

2030 2451 2500 2520 circumscriptam
2534 2468 2548 2505 :
2584 2461 2873 2517 utramque
2923 2448 3225 2512 voluntate,
3272 2448 3485 2502 arbitrii
3535 2449 3607 2507 li-

2028 2544 2269 2607 bectate,
2308 2552 2366 2598 et
2409 2542 2729 2611 operatione
2769 2541 3124 2604 instructam,
3154 2547 3221 2597 ut
3249 2538 3362 2613 ipse
3400 2538 3504 2593 hoc
3546 2552 3604 2597 et

2029 2632 2157 2687 illud
2204 2634 2451 2696 exsistat,
2495 2630 2748 2687 Christus
2784 2644 2949 2697 unus,
2994 2628 3269 2699 Filiusque
3319 2638 3374 2682 et
3417 2628 3595 2684 Domi;

2028 2737 2167 2788 nus;
2209 2723 2298 2776 illa
2342 2721 2689 2777 instrumenti
2719 2735 2871 2777 more
2910 2720 3275 2787 ministrante,
3313 2720 3414 2777 hac
3445 2720 3598 2775 herili

352 2823 619 2907 potestate
665 2824 891 2884 agente;
925 2826 1154 2885 utraque
1186 2816 1407 2871 demum
1470 2818 1743 2887 propriam
1820 2818 2095 2873 actionem
2144 2818 2487 2887 liberumque
2557 2825 2761 2872 motum
2836 2824 3158 2881 exserente;
3190 2824 3458 2886 quatenus
3486 2816 3599 2885 ipse

352 2921 491 2959 unus
522 2906 627 2960 hoc
665 2914 721 2960 et
762 2906 892 2961 illud
927 2907 1161 2972 exsistit,
1188 2916 1244 2962 et
1299 2924 1398 2978 per
1461 2920 1751 2979 utrumque
1805 2910 2104 2966 salutarem
2148 2909 2558 2971 renovationem
2626 2916 2873 2963 nostram
2914 2907 3169 2976 patravit,
3222 2907 3377 2978 cujus
3417 2907 3599 2978 gratia.

349 2998 589 3063 seipsum
619 2999 1096 3055 commiseratione
1136 3008 1316 3055 motus
1346 2982 1645 3055 exinatﬁit
1666 3003 1711 3055 ⁷.

417 3088 484 3145 δ’.
520 3088 706 3141 Ταῦτα
732 3088 920 3159 μαθὼν
953 3089 1201 3155 ἐδίδαξας
1230 3130 1245 3154 ,
1276 3090 1374 3145 καὶ
1400 3092 1612 3155 τούτοις
1644 3091 1922 3145 ἐποικοδο-

2094 3088 2148 3143 Ᾱ.
2191 3086 2319 3142 liae
2348 3100 2471 3141 eum
2501 3084 2808 3149 didicisses,
2850 3082 3105 3152 docuisti,
3141 3093 3207 3142 ut
3241 3085 3298 3140 in
3335 3085 3423 3143 his
3454 3100 3595 3157 quo-

353 3182 474 3251 μεῖν
509 3180 609 3251 τὴν
639 3178 745 3233 τῶν
773 3179 1015 3251 ἀρίστων
1056 3182 1243 3253 ἔργων·
1274 3181 1563 3253 χρυσαυγῆ
1591 3199 1650 3235 τε
1692 3183 1788 3235 καί⁸
1818 3183 1920 3253 ἀρ·

350 3273 671 3343 γυροφεγγῆ
705 3272 1071 3343 εὐπρέπειαν·
1101 3273 1177 3338 ὡς
1213 3273 1279 3329 ἃν
1309 3275 1385 3346 μὴ
1413 3274 1499 3345 τῷ»
1523 3274 1759 3348 κριτικῷ
1784 3277 1921 3348 πυρὶ

353 3364 759 3434 πλησιάσαντες
826 3366 1202 3436 φρυγανὼδεις
1261 3366 1415 3431 ὄντες
1471 3366 1919 3437 ἀναλωθείημενο

352 3455 514 3509 πλέον
542 3455 598 3509 δὲ
633 3457 725 3509 καὶ
754 3455 916 3509 πλέον
950 3457 1381 3527 καθαρθείημεν,
1408 3456 1789 3528 δαπανώμενοι
1822 3458 1922 3527 μὲν

349 3547 475 3605 ὅσον
495 3544 773 3616 κίϐδηλον,
802 3547 896 3600 καὶ
919 3547 1152 3618 καθαροὶ
1180 3547 1407 3618 καθαρῷ
1433 3547 1515 3619 τῷ
1534 3548 1797 3618 πυροῦντι
1826 3551 1922 3603 καὶ

351 3636 561 3691 θεοῠντι
588 3638 1048 3703 συναιωνίζοντες.
1081 3638 1180 3702 Τίς
1214 3655 1305 3709 μοι
1341 3639 1458 3707 δοίη
1482 3637 1736 3706 γλῶσσαν
1765 3638 1923 3703 ἀξίαν

348 3728 451 3798 τῆς
486 3729 794 3797 εὐφημίαςς
830 3729 927 3791 Τίς
964 3745 1032 3799 με
1064 3729 1185 3799 θείη
1216 3730 1319 3783 ἀνά
1344 3730 1564 3800 ἡμέραν
1596 3730 1696 3801 τὴν
1723 3730 1925 3801 ἐμπρο-

352 3817 501 3883 σθεν,
540 3820 628 3872 ὅτε
654 3818 821 3889 ηὐγει
850 3819 963 3889 πῦρ
995 3820 1138 3874 θεῖον
1164 3821 1538 3889 γλωσσοειδῶς
1557 3820 1921 3892 τυπούμενον,

350 3911 437 3979 ἐφ’
471 3911 732 3982 ἑκάτερόν
773 3928 833 3964 τε
868 3910 978 3964 τῶν
1009 3911 1323 3967 ἀποστόλων
1353 3911 1603 3976 ἐνοειδῶς
1630 3912 1727 3965 καὶ
1762 3910 1925 3964 πολυ-

354 4001 540 4073 μερῶς
584 4002 1024 4072 ἀναπαυόμενον,
1072 4003 1148 4067 ὼς
1184 4000 1252 4056 ἀν
1294 4002 1356 4054 τὸ
1384 4003 1585 4055 ἑνιαῖον
1611 4002 1788 4072 δόγμα
1824 4002 1925 4071 τῆς

351 4096 586 4157 πίστεως
618 4095 676 4148 ὲν
693 4094 1038 4165 πολυσχεδέσι
1064 4094 1336 4163 γλώσσαις
1362 4092 1760 4164 καταγγελθείη
1792 4109 1923 4147 συνο

351 4192 484 4260 ἀγον
522 4190 602 4253 είς
634 4189 693 4245 ἓν
744 4189 814 4243 τὰ
856 4189 1156 4257 διεστῶτα,
1193 4189 1596 4261 καταλυθείσης
1632 4189 1734 4259 τῆς
1755 4189 1923 4241 πολυ-

351 4279 562 4352 σχιδοῦς
597 4282 826 4353 πλάνης,
855 4283 994 4355 πρὸς
1017 4284 1086 4353 ἣν
1118 4282 1306 4346 κακῶς
1331 4283 1655 4354 ὡμονόησαν
1674 4283 1725 4335 οἱ
1749 4281 1919 4335 πάλαι

350 4372 859 4443 πυργοποιήσαντες
883 4413 898 4438 ,
928 4374 1022 4427 καὶ
1066 4372 1258 4444 μισθὸν
1285 4371 1477 4427 ἔλαϐον
1527 4375 1628 4442 τῆς
1671 4370 1923 4434 ἀσεϐείας

2021 3193 2126 3249 que
2156 3176 2329 3246 888
2372 3189 2596 3230 aureum
2644 3184 2699 3228 et
2736 3185 3053 3241 argenteum
3096 3175 3422 3245 optimorum
3464 3190 3596 3248 ope-

2022 3286 2140 3325 rum
2174 3269 2428 3323 decorem
2453 3275 2883 3330 exstrueremus,
2909 3280 2975 3319 ne
3002 3266 3053 3320 si
3080 3266 3294 3336 stipula:
3321 3282 3588 3333 essemus.

2022 3360 2090 3415 ad
2116 3358 2423 3429 Iudicialem
2444 3357 2619 3427 ignem
2649 3356 3145 3423 eumoccedeutus,
3166 3371 3587 3426 consumantur;

2023 3452 2157 3523 quin»
2206 3450 2384 3518 magis
2442 3446 2723 3518 magisque
2772 3461 3101 3516 purgemur,
3166 3454 3257 3515 ut,
3308 3449 3592 3518 absumpto

2022 3542 2286 3615 quidquid
2332 3539 2523 3595 scoriae
2552 3537 2813 3609 supersit,
2856 3538 3187 3609 obtentaque
3224 3540 3505 3604 munditie,
3538 3541 3591 3594 in

2022 3647 2284 3691 aternum
2342 3646 2465 3688 cum
2518 3644 2584 3685 eo
2639 3629 2925 3695 vivamus,
2974 3628 3131 3699 cujus
3176 3630 3296 3700 igne
3348 3631 3596 3685 succensi

2022 3727 2318 3783 cﬂiciemur
2345 3725 2441 3779 dii.
2466 3723 2601 3788 Quis
2624 3722 2754 3777 mihi
2786 3722 3026 3791 linguam
3057 3721 3278 3785 tribuat,
3310 3737 3431 3791 qua:
3457 3737 3593 3792 prae-

2022 3818 2197 3877 coniis
2230 3816 2336 3870 tuis
2376 3813 2719 3870 celebrandis
2764 3812 2834 3867 sit
2883 3812 3079 3880 digna?
3113 3812 3244 3877 Quis
3278 3827 3361 3867 me
3411 3821 3593 3869 trans.

2025 3910 2170 3965 ferre
2195 3906 2375 3961 valeat
2421 3905 2475 3960 in
2518 3902 2802 3973 pristinam
2853 3901 2999 3955 illam
3037 3900 3203 3965 diem,
3237 3917 3340 3971 qua
3383 3904 3598 3961 divinus

2026 4000 2115 4056 ille
2144 3996 2284 4065 ignis
2318 3996 2372 4050 in
2423 3995 2623 4064 linguas
2665 3991 2902 4061 speciem
2950 3991 3233 4060 ﬁguratus,
3269 3993 3323 4048 in
3371 3981 3598 4065 singulis

2024 4086 2283 4158 apostolis
2307 4099 2412 4138 una
2453 4082 2624 4138 forma
2665 4096 2732 4135 ac
2775 4079 2962 4136 multis
2994 4079 3169 4134 modis
3214 4081 3505 4152 requievit,
3535 4092 3597 4139 ιιι

2026 4194 2191 4235 uinum
2226 4176 2348 4232 ﬁdei
2376 4177 2568 4246 dogma
2603 4172 2888 4243 multiplici
2933 4172 3115 4242 lingua
3158 4174 3594 4241 annuutiaretur,

2028 4269 2237 4327 coactis
2286 4270 2341 4323 in
2383 4282 2550 4322 unum
2578 4281 2700 4336 quae
2737 4264 3097 4329 dissidebant,
3129 4264 3412 4333 solutoque
3460 4266 3595 4319 mul-

2030 4361 2178 4417 tilidu
2209 4374 2419 4425 errore,
2469 4358 2520 4412 in
2568 4371 2727 4425 quem
2773 4355 3218 4425 conspiraverant
3258 4356 3384 4411 olim
3432 4357 3599 4413 turris

344 4462 446 4536 τὴν
471 4463 803 4535 συγχυτικὴν
828 4464 930 4534 τῆς
956 4462 1230 4534 γλώσσης,
1255 4463 1351 4517 καὶ
1372 4463 1440 4517 δι’
1465 4463 1634 4533 αὐτῆς
1659 4462 1759 4532 τῆς
1787 4452 1921 4530 γνώ-

2026 4460 2409 4515 exstructores,
2442 4458 2660 4514 accepta
2680 4445 2972 4513 impietatis
3000 4446 3249 4502 mercede
3277 4446 3595 4501 confusione

348 4572 460 4627 μης
492 4555 796 4626 διαίρεσιν;
836 4555 934 4619 Τίς
970 4572 1060 4626 μοι
1090 4555 1292 4625 ταύτης
1331 4553 1589 4624 μεταδοίη
1618 4554 1713 4624 τῆς
1746 4552 1922 4618 γλώσ-

346 4662 450 4716 σης
483 4644 577 4698 τοῦ
612 4644 949 4716 Πνεύματος,
979 4645 1055 4709 ὡς
1099 4645 1169 4698 ἂν
1203 4644 1274 4698 τὰ
1303 4644 1459 4698 τοῦδε
1487 4643 1583 4697 τοῦ
1612 4660 1922 4714 πνευματο-

344 4738 518 4807 φόνρου
562 4736 755 4808 ἀνδρὸς
801 4736 874 4789 τὰ
906 4736 1046 4807 ὑπὲρ
1079 4732 1240 4805 φύσιν
1266 4736 1571 4804 ἐξαγγείλαι
1600 4734 1923 4805 πλεονεκτή-

347 4845 529 4900 ματα;
570 4828 825 4891 Ὠκεανὸς
871 4827 1106 4895 ἐνταῦθα,
1130 4828 1363 4897 παρήτω
1393 4825 1589 4894 λόγων,
1626 4824 1920 4896 νοημάτων

340 4939 404 4974 τε
447 4920 724 4986 ἄϐυσσος,
754 4919 873 4972 ἀλλ’
917 4920 1013 4989 οὐχ
1058 4918 1273 4971 ὐπείκει
1311 4916 1490 4986 λόγοις
1535 4919 1568 4987 ἡ
1620 4917 1779 4987 χάρις
1823 4915 1916 4970 τοῦ

346 5009 689 5079 Πνεύματος.
734 5010 795 5063 '0
826 5008 936 5080 γὰρ
970 5008 1097 5061 ἄνευ
1126 5006 1220 5061 τοῦ
1252 5005 1566 5076 Πνεύματος
1598 5005 1918 5075 βουλόμενος

344 5100 533 5169 λέγειν
569 5099 641 5153 τὰ
667 5099 763 5152 τοῦ
805 5100 945 5153 Ιῐνεύ
956 5115 1153 5169 ματος,
1174 5097 1352 5168 φωτὸς
1380 5099 1509 5152 ἄνευ
1538 5096 1756 5169 βλέπειν
1784 5113 1918 5167 προ-

344 5191 606 5260 αιρεῖται,
636 5188 735 5243 καὶ
762 5189 952 5241 σκότον
985 5188 1100 5259 ἔχει
1125 5188 1361 5259 ποδηγὺν
1391 5188 1493 5258 τῆς
1521 5188 1783 5260 ὁράσεως.
1829 5186 1921 5241 Διὸ

344 5281 511 5333 πάλιν
550 5281 687 5352 πρὸς
717 5281 878 5334 αὐτὸν
922 5282 1180 5351 ἐπάνειμι
1215 5281 1308 5334 τὸν
1344 5280 1441 5335 νῦν
1473 5280 1917 5352 εὐφημούμενον,

343 5370 407 5438 ἐξ
436 5370 603 5425 αὐτοῦ
635 5372 712 5435 ὡς
750 5371 895 5425 θείου
940 5371 1262 5443 λαμπτῆρος
1296 5371 1386 5424 τὸν
1432 5370 1626 5441 λύχνον
1664 5372 1919 5425 ἀνάπτων

342 5461 447 5534 τῆς
476 5461 755 5531 γνώσεως,
781 5461 857 5525 ὡς
887 5462 953 5517 ἂν
980 5462 1141 5527 αὐτὸς
1174 5464 1259 5533 εἴη
1288 5463 1387 5534 τῆς
1417 5461 1695 5532 εὐφημίας
1731 5460 1919 5515 ὑπόθε-

346 5570 455 5619 σις,
496 5552 593 5607 καὶ
615 5551 723 5606 τῶν
760 5551 996 5606 ἐπαίνων
1035 5553 1288 5623 χορηγός.

416 5733 439 5764 ⁷
468 5730 701 5802 Philipp.
746 5748 806 5799 ιι,
856 5733 911 5789 6.

2028 4540 2378 4608 linguarum,
2431 4534 2930 4608 sententiarumque
2956 4534 3097 4589 adeo
3142 4535 3404 4591 discidio?
3460 4534 3597 4603 Quis

2027 4606 2290 4699 ejusmodi
2323 4629 2558 4697 linguam
2588 4624 2821 4694 Spiritus
2847 4606 3112 4680 concedat
3154 4626 3309 4689 mihi,
3345 4642 3449 4709 qu‘a
3492 4626 3595 4681 viri

2027 4723 2191 4793 hujus
2225 4720 2428 4791 Spiritu
2464 4726 2651 4773 sancto
2681 4716 2823 4786 pleni
2864 4717 3257 4787 praecellentias
3284 4727 3470 4772 natura
3505 4731 3597 4771 su-

2024 4814 2305 4869 blimiores
2335 4809 2593 4867 elleram?
2619 4824 2928 4873 sermonum
2970 4810 3100 4864 mihi
3131 4823 3363 4865 oceanus
3394 4807 3595 4862 utinam

2024 4906 2295 4969 alllueret,
2338 4903 2673 4974 abyssusque
2703 4903 3111 4959 sententiarum.
3142 4899 3340 4955 Verum
3386 4912 3594 4954 sermo-

2025 5004 2183 5057 nibus
2225 4999 2460 5057 obnoxia
2511 5013 2617 5053 non
2661 5007 2745 5054 est
2784 4997 2956 5067 gratia
3004 4994 3258 5062 Spiritus.
3305 4991 3407 5058 Qui
3449 4991 3636 5067 enimf

2024 5095 2229 5166 Spiritu
2279 5108 2481 5149 vacuus
2513 5105 2634 5161 qua:
2679 5089 2919 5155 Spiritus
2968 5094 3093 5139 sunt
3126 5082 3301 5152 eloqui
3340 5083 3594 5146 voluerit,

2029 5190 2169 5245 idem
2199 5186 2287 5241 ille
2316 5189 2553 5253 praestat,
2583 5194 2646 5234 ac
2674 5178 2717 5232 si
2752 5177 2872 5231 sine
2910 5174 3027 5228 luce
3055 5173 3249 5226 intueri
3278 5174 3594 5239 contendat,

2028 5293 2150 5334 cum
2179 5273 2392 5331 vivendi
2414 5270 2605 5325 ducem
2637 5267 2799 5321 alium
2830 5281 2935 5319 non
2966 5263 3159 5318 habeat
3189 5263 3293 5318 nisi
3326 5263 3593 5320 tenebras.

2026 5367 2291 5435 Quocirca
2313 5364 2379 5419 ad
2410 5376 2534 5418 eum
2562 5368 2824 5422 revertor,
2852 5371 3012 5425 quem
3048 5370 3190 5409 nunc
3222 5354 3442 5410 laudare
3466 5371 3597 5425 pro-

2026 5457 2198 5524 posui,
2233 5468 2458 5509 accensa
2484 5467 2551 5508 ex
2594 5463 2658 5504 eo
2686 5448 2928 5503 scientiae
2958 5446 3197 5511 lucerna,
3229 5446 3372 5501 velut
3411 5460 3477 5501 ex
3516 5446 3598 5501 di-

2027 5550 2148 5603 vina
2179 5543 2355 5599 facula
2386 5542 2642 5613 quadam,
2673 5549 2731 5595 ut
2760 5540 2901 5595 idem
2937 5538 3053 5608 ipse
3076 5545 3131 5593 et
3161 5536 3411 5595 laudandi
3439 5552 3595 5609 argu-

2024 5644 2266 5691 mentum
2296 5633 2388 5701 sit,
2420 5640 2473 5687 et
2495 5630 2710 5685 laudum
2742 5628 3096 5685 miuistrator.
