4018 6342
385 425 494 490 767

1583 414 1644 475 S.
1681 412 2000 475 IOANNIS
2038 409 2469 472 DAMASCENI

3549 388 3653 456 768

376 516 381 561 ⁵
455 539 516 596 5.
572 534 778 610 Ecquis
835 533 978 591 enim
1042 538 1150 585 tam
1206 527 1440 599 capiosa:
1499 525 1766 581 facundiae
1825 525 1967 591 fuit,

2140 530 2202 580 ε’.
2233 523 2334 585 Τίς
2358 522 2456 593 μὲν
2481 519 2627 573 οὕτω
2652 517 2821 581 πολὺς
2849 516 2908 570 ἐν
2937 515 3083 585 λόγῳ
3111 513 3207 568 καὶ
3236 511 3412 584 μέγας
3438 511 3497 563 ἐν
3524 526 3650 610 (ppo-

348 654 351 659 ν
382 641 546 689 tanta:
576 626 873 700 prudentia:
919 631 977 678 et
1021 620 1377 692 sagacitatis;
1410 632 1640 688 quorum
1680 631 1966 685 compara-

385 726 464 779 tio
497 722 579 778 sic
621 721 739 774 sine
771 712 1183 785 comparatione
1234 719 1339 775 est,
1373 718 1434 763 ut
1477 707 1702 779 perinde
1753 706 1823 762 sit
1865 709 1965 762 ob-

383 826 602 868 scurum
650 818 768 863 utra
813 815 970 874 parte
1018 802 1321 858 mirabilior
1372 799 1579 855 fuerit?
1615 797 1749 865 Quis
1790 797 1966 855 forma

386 904 645 955 virtutum
692 897 773 951 sic
802 891 1032 956 exstitit,
1066 899 1159 945 aut
1204 903 1441 959 unquam
1472 887 1728 950 innotuit,
1754 894 1815 941 ut
1840 900 1967 940 ver-

387 990 471 1043 bis
502 987 702 1057 quibus
741 982 1120 1038 institueretur
1157 994 1264 1035 non
1313 975 1648 1046 indiguerit?
1697 974 1821 1044 quis
1846 988 1971 1028 ver-

385 1079 576 1132 borum
634 1072 838 1128 imbres
911 1070 992 1125 sic
1043 1082 1282 1137 unquam
1341 1064 1617 1135 profudit?
1672 1078 1794 1134 qua:
1844 1078 1966 1119 cum

386 1168 664 1224 actionum
689 1161 1027 1220 consectaria
1050 1167 1253 1222 essent,
1286 1158 1542 1211 virtutem
1568 1168 1634 1209 ex
1667 1154 1777 1210 illis
1800 1168 1973 1209 acce-

385 1261 605 1323 perant,
638 1260 772 1306 utet
796 1249 865 1305 de
895 1263 962 1306 eo
988 1247 1344 1319 pronuntiare
1371 1243 1554 1308 liceat,
1582 1242 1726 1312 quod
1752 1242 1975 1297 divinus

387 1344 563 1400 Lucas
589 1343 656 1398 de
685 1341 810 1397 Iesu
840 1339 948 1396 Deo
977 1348 1164 1395 nostro
1196 1356 1211 1393 :
1242 1336 1374 1403 Qum
1406 1335 1557 1404 carpit
1594 1334 1765 1404 facere
1798 1345 1847 1387 et
1872 1332 1973 1386 da-

386 1434 539 1488 cere'
574 1450 591 1488 :
619 1430 1054 1503 quandoquidem
1087 1428 1159 1483 ab
1186 1428 1323 1498 ipso,
1363 1436 1479 1481 tum
1508 1438 1650 1492 esse,
1686 1432 1799 1478 tum
1834 1424 1974 1478 bene
2017 1446 2032 1463 ι

387 1537 512 1578 esse
540 1531 732 1577 nactus
756 1521 917 1577 erat?
940 1519 1064 1591 quis
1091 1519 1167 1574 ita
1197 1516 1398 1573 actioni
1420 1514 1975 1585 contemplationique

394 1613 545 1668 dedit
577 1627 819 1683 operam,
859 1621 919 1666 ut
955 1610 1183 1668 calcatis
1219 1608 1403 1664 carnis
1444 1606 1832 1677 voluptatibus,
1871 1619 1971 1661 cett

389 1718 618 1774 corpore
651 1711 891 1767 vacaret,
922 1717 1029 1757 una
1066 1716 1191 1757 cum
1220 1701 1331 1756 Deo
1357 1699 1536 1756 divina
1561 1696 1974 1767 specularetur?

390 1796 515 1865 quis
539 1796 607 1850 ad
629 1795 785 1850 ﬁdem
807 1808 970 1863 opera
995 1793 1073 1848 uti
1102 1792 1343 1848 membra
1368 1790 1617 1861 corporis
1639 1790 1706 1844 ad
1730 1789 1970 1844 animant

2068 616 2242 685 νήσει,
2276 610 2352 669 ῶν
2383 615 2417 682 ἡ
2451 611 2741 681 σύγκρισις
2768 608 3102 677 ἀσύγκριτος
3122 646 3137 671 ,
3169 605 3246 667 ὡς
3273 602 3472 672 ἄδηλον
3508 595 3653 654 εἶναι

2067 707 2311 777 ποτέρῳ,
2344 703 2544 775 μᾶλλον
2588 694 2747 764 οὗτος
2809 696 3302 770 θαυμασιώτερος;
3356 694 3456 756 Τίς
3505 691 3652 745 οὕτω

2066 776 2236 860 τύπος
2267 776 2470 866 ἀρετῆς
2489 790 2557 865 ἦν
2585 794 2682 846 καὶ
2705 790 3005 863 ὁρώμενος,
3036 788 3113 852 ὡς
3143 789 3218 859 μὴ
3254 786 3467 841 δεῖσθαι
3491 786 3651 852 λόγου

2068 886 2205 956 πρὸς
2234 884 2551 949 παίδευσιν;
2584 882 2682 946 Τίς
2709 882 2885 949 λόγων
2918 878 3147 948 νιφάδας
3196 876 3381 945 ἐξέχεε
3417 876 3530 937 τοῖς
3554 872 3649 944 ερ-

2068 991 2186 1044 γοις
2238 974 2618 1044 ἐφεπομένας,
2652 975 2719 1027 ἐκ
2761 970 2966 1025 τούτων
3004 986 3064 1022 τε
3117 965 3505 1039 λαμϐανούσας
3551 964 3651 1034 τὴν

2069 1066 2321 1133 δύναμιν,
2349 1065 2425 1126 ὡς
2455 1064 2550 1117 καὶ
2572 1064 2667 1116 ἐπὶ
2697 1062 2890 1116 τούτου
2919 1060 3123 1128 λέγειν,
3149 1053 3223 1112 ὧν
3246 1058 3451 1129 ἦρξατο
3477 1058 3650 1109 ποιεῖν

2069 1170 2132 1207 τε
2161 1153 2256 1205 καὶ
2277 1151 2577 1217 διδάσκειν,
2606 1151 2635 1203 δ
2676 1150 2807 1223 περὶ
2849 1148 3027 1220 Ἰησοῦ
3074 1148 3167 1201 τοῦ
3198 1147 3335 1200 Θεοῦ
3378 1164 3478 1217 μου
3518 1148 3651 1200 Anu.

2070 1247 2175 1308 κᾶς
2205 1260 2375 1314 φησιν
2406 1243 2437 1295 ό
2474 1240 2764 1305 θεσπέσιος
2790 1279 2806 1305 ,
2843 1238 2904 1305 ἐξ
2950 1234 3011 1294 οὗ
3056 1240 3118 1292 τὸ
3149 1234 3322 1301 εἶναι,
3374 1237 3468 1290 καὶ
3497 1236 3557 1289 τὸ
3590 1230 3648 1289 εὖ

2073 1331 2217 1389 εἶναι
2251 1334 2642 1405 κεκλήρωταις
2674 1333 2771 1395 Τίς
2804 1331 3005 1404 πρᾶξιν
3034 1330 3237 1401 ἐπῆλθε
3270 1328 3366 1382 καὶ
3395 1327 3651 1399 θεωρίαν,

2076 1426 2279 1497 σαρκός
2314 1442 2376 1478 τε
2402 1424 2598 1495 ἡδονὰς
2626 1424 2880 1495 πατήσας
2907 1463 2923 1488 ,
2972 1422 3050 1486 ὡς
3073 1422 3338 1493 ἄσαρκος,
3370 1420 3465 1473 καὶ
3513 1418 3654 1488 μετὰ

2072 1517 2208 1571 Θεοῦ
2237 1516 2309 1570 τά
2347 1517 2471 1570 θεῖα
2503 1514 2851 1585 σκεψάμενος
2875 1532 2893 1579 ;
2921 1514 3018 1578 Τίς
3061 1514 3247 1567 πίστει
3279 1513 3356 1575 ὼς
3401 1510 3547 1581 ψυχῇ
3581 1509 3650 1562 τὰ

2074 1606 2213 1679 ἔργα
2238 1600 2331 1661 οἷα
2376 1607 2513 1678 μέλη
2568 1605 2826 1677 σώματος
2873 1606 3155 1669 εὐτάκτως
3204 1602 3504 1672 περιέθηκε
3556 1600 3653 1654 καὶ

2074 1697 2342 1764 ὑπέταξε,
2400 1698 2497 1753 καὶ
2542 1698 2681 1770 ἔργα
2724 1699 2910 1753 πίστει
2954 1697 3203 1769 ἐψύχωσε
3245 1696 3342 1750 καὶ
3379 1693 3651 1758 ἐζὼωσεν,

2074 1784 2152 1844 ὧν
2171 1789 2400 1863 θάτερον
2433 1790 2665 1861 θατέρου
2691 1789 2835 1861 δίχα,
2861 1789 3139 1861 ἄχρηστον
3170 1789 3269 1843 καὶ
3296 1786 3575 1856 ἀνόνητον,
3604 1787 3647 1835 εξ

391 1885 468 1941 ita
495 1884 800 1955 composuit
844 1882 1231 1955 subjecitque't?
1256 1882 1380 1952 quis
1410 1896 1576 1952 opera
1605 1880 1710 1935 ﬁde
1736 1880 1818 1935 sic
1850 1879 1967 1933 ani-

2074 1882 2164 1935 καὶ
2204 1884 2272 1953 τῇ
2303 1883 2509 1947 πίστει,
2550 1883 2651 1935 οὐκ
2681 1884 2792 1938 ἀπὸ
2825 1881 3029 1937 σκοποῦ
3055 1882 3172 1950 δοίη
3205 1897 3290 1942 τις
3315 1878 3398 1946 Ι,τὸ
3450 1874 3641 1947 προτέο

393 1977 563 2032 mavit
587 1976 873 2045 vividaque
915 1974 1193 2029 reddidit?
1218 1988 1449 2043 quorum
1491 1972 1700 2027 scilicet
1738 1971 1968 2026 alterum

393 2068 514 2123 sine
555 2067 726 2121 altero
760 2064 950 2120 inutile
1003 2063 1308 2132 nulliusque
1350 2060 1700 2117 emolumenti
1749 2061 1842 2126 sit,
1888 2068 1971 2113 ta-

394 2155 553 2209 mctsi
606 2153 872 2223 quiSpiam
934 2152 1257 2206 antecellere
1309 2147 1492 2214 iidem,
1546 2149 1687 2203 haud
1736 2148 1969 2205 absurde

393 2258 615 2314 prorsus
659 2242 943 2298 concedat.
975 2240 1110 2308 Quis
1153 2242 1232 2297 sic
1271 2242 1448 2312 gulam
1482 2240 1667 2310 procul
1710 2228 1968 2295 eliminac

2076 1990 2273 2045 ρημας
2311 1975 2410 2039 Τίς
2436 1975 2580 2030 οὕτω
2616 1978 3060 2049 γαστριμαργίαν
3092 1976 3292 2043 ἐξέωσε
3315 2016 3330 2039 ,
3371 1971 3648 2026 deﬂebam;

2073 2065 2175 2137 τὴν
2213 2066 2523 2135 δέσποιναν,
2571 2069 2668 2121 καὶ
2703 2071 2957 2138 φιμὼσας
2988 2066 3409 2138 μαιμάσσουσαν.
3436 2058 3657 2116 εὐσεϐεῖ

2074 2154 2339 2227 λογισμῷ,
2373 2158 2715 2230 αὐτοκρατὴς
2740 2198 2756 2223 ,
2800 2159 2860 2211 οὐ
2894 2156 3233 2229 θεραπευτὴς
3270 2154 3473 2223 ταύτης
3506 2148 3655 2220 γενό-

2080 2260 2282 2314 nevae;

394 2338 493 2399 vit,
521 2342 581 2388 ut
610 2333 711 2388 bac
761 2333 892 2388 bera
936 2332 1187 2389 servituti
1223 2333 1552 2404 mancipata,
1585 2332 2009 2403 lascivienteque
2052 2335 2288 2409 frenata,
2335 2341 2591 2412 religioso
2639 2341 2826 2396 animo
2853 2340 3100 2396 dominus
3127 2338 3268 2409 ejus,
3300 2352 3405 2392 non
3440 2347 3651 2398 servus,

393 2422 619 2479 eﬂ'ectus
650 2423 758 2480 sit?

467 2518 523 2573 6.
559 2516 745 2572 Tantae
773 2532 901 2573 vero
929 2517 1260 2574 continentia
1316 2518 1461 2576 illius
1488 2519 1812 2589 przcstantize
1848 2518 1970 2586 fuit,
1991 2555 2009 2559 κ

394 2616 455 2665 ιιι
491 2606 744 2675 nesciret,
772 2623 863 2675 an,
901 2608 1117 2677 quidve,
1154 2619 1245 2664 aut
1270 2619 1534 2678 quantum
1563 2610 1670 2665 cibi
1701 2620 1970 2680 potusque

396 2699 729 2756 admitteret.
761 2696 964 2752 Natura
998 2699 1197 2767 quippe
1226 2697 1337 2753 l'ato
1369 2699 1605 2753 obnoxia
1645 2708 1753 2761 est,
1782 2709 1837 2753 et
1877 2714 1972 2753 ca-

395 2789 620 2845 runcula
650 2788 767 2845 haec
794 2788 957 2854 ﬂuxa,
983 2788 1326 2859 mobilisque,
1355 2803 1419 2844 ac
1440 2788 1729 2857 spirituum
1762 2789 1967 2857 indiga.

395 2879 534 2947 Quia
570 2878 685 2935 ﬁeri
735 2894 840 2935 non
886 2886 1089 2948 potest,
1142 2887 1200 2933 ut
1241 2879 1361 2934 sine
1405 2877 1766 2946 respiratione
1798 2879 1968 2931 vitam

397 2971 699 3035 trahamus,
732 2968 1074 3037 exterisque
1122 2967 1347 3039 perinde
1389 2981 1526 3037 opus
1565 2974 1651 3022 est
1693 2966 1869 3032 nobis,
1916 2977 1974 3020 ut

396 3060 751 3132 indigentiam
784 3059 1152 3131 suppieamus.
1204 3058 1501 3116 Enimvero
1556 3059 1659 3113 tria
1698 3068 1826 3114 sunt
1854 3074 1974 3128 qua:

396 3161 751 3217 evacuantur,
780 3151 1009 3216 siccum,
1040 3150 1449 3219 bumidumquc,
1480 3158 1535 3206 et
1562 3149 1806 3220 spiritus,
1837 3164 1973 3218 quu-

2150 2521 2225 2588 ς’.
2280 2522 2391 2577 Καὶ
2427 2522 2587 2576 τόσον
2636 2520 2786 2591 αὑτῷ
2830 2520 2929 2590 τῆς
2963 2519 3292 2589 ἐγκρατείας
3334 2518 3394 2571 τὸ
3432 2519 3650 2586 περιὸν.

2075 2615 2150 2677 ὡς
2181 2614 2486 2679 λανθάνειν,
2532 2615 2643 2666 εἴτε
2686 2613 2779 2666 καὶ
2810 2614 2839 2666 ὅ
2879 2630 2955 2675 τι,
2989 2612 3085 2664 καὶ
3114 2600 3238 2664 ὅσον
3280 2611 3656 2681 προσεφέρετο

2078 2703 2336 2775 βρώσεώς
2362 2720 2421 2757 τε
2446 2704 2540 2757 καὶ
2572 2704 2803 2765 πόσεως.
2821 2702 2887 2755 Ἦ
2916 2701 3016 2770 μὲν
3037 2700 3147 2771 γάρ
3180 2700 3340 2768 φύσις
3365 2700 3651 2771 ἐπίκηρος,

2077 2796 2171 2848 καὶ
2199 2795 2261 2848 τὸ
2285 2794 2511 2864 σαρκίον
2543 2794 2770 2865 ρευστδν
2813 2794 2907 2846 καὶ
2938 2792 3260 2860 κινούμενον
3287 2832 3301 2851 .
3332 2793 3427 2843 καὶ
3459 2790 3653 2863 ὥσπερ

2079 2882 2392 2953 πνεύματος
2420 2882 2631 2944 ἐνδεές·
2664 2882 2941 2951 ἀναπνοῆς
2966 2882 3075 2951 γὰρ
3094 2881 3220 2935 ἄνευ
3243 2880 3343 2952 ζῇν
3368 2880 3479 2933 τῶν
3509 2881 3655 2963 άμη-

2079 2972 2278 3043 χάνων,
2308 2974 2406 3026 καὶ
2446 2972 2555 3025 τῶν
2582 2970 2784 3024 λοιπῶν
2820 2970 2965 3023 οὕτω
3005 2969 3181 3041 χρεὼν
3204 2969 3655 3041 ἀναπληροῦσθαι

2077 3064 2177 3136 τὴν
2202 3046 2584 3135 ἐνδειαν.θρία
2601 3063 2711 3133 γὰρ
2730 3062 2799 3116 τὰ
2825 3062 3147 3132 κενούμενα,
3167 3062 3352 3133 ξηρὸν,
3369 3061 3466 3114 καὶ.
3489 3062 3658 3131 ὑγρὸν

2078 3156 2174 3211 καὶ
2217 3157 2472 3227 πνεῦμα·
2502 3149 2578 3211 ὧν
2607 3157 2840 3210 ἑκάστου
2880 3157 2913 3226 ἠ
2956 3154 3291 3224 κατάλληλος
3329 3153 3654 3224 ἀναπλήρω-

398 3259 518 3299 rum
553 3243 814 3313 cujusque
846 3242 1037 3296 idonea
1072 3240 1349 3310 plenitudo
1380 3254 1410 3293 a
1449 3238 1746 3295 Conditore
1780 3254 1969 3294 rerum

2076 3264 2159 3311 σις
2197 3250 2456 3319 συνιστᾷν
2486 3239 2620 3301 ’τόδε
2662 3248 2722 3301 τὸ
2760 3248 2923 3317 σῶμα
2950 3246 3199 3315 φυσικῶς
3232 3246 3369 3314 πρὸς
3410 3243 3504 3297 τοῦ
3533 3245 3655 3298 κτί-

399 3334 619 3389 delinita
659 3340 764 3398 est,
812 3346 917 3401 qua
960 3339 1151 3385 natura
1193 3330 1443 3400 corporis
1479 3332 1865 3387 constituatur.
1909 3330 1980 3383 At

398 3439 530 3480 vero
564 3423 736 3492 gratia
785 3420 1023 3491 Spiritus
1064 3417 1271 3475 natuﬂe
1317 3421 1565 3476 terminis
1593 3421 1835 3491 subjecta
1873 3436 1979 3476 non

399 3525 506 3572 est.
537 3514 659 3568 Non
683 3513 830 3569 enim
857 3514 915 3566 in
952 3512 1066 3565 solo
1095 3528 1229 3581 parte
1264 3513 1387 3566 uiuit
1418 3511 1593 3580 homo,
1627 3513 1716 3566 sed
1747 3513 1803 3566 in
1837 3514 1978 3566 omni

400 3606 555 3662 uerbo
595 3605 734 3677 quod
774 3603 1005 3673 procedit
1055 3619 1121 3658 ea:
1162 3603 1334 3674 889
1372 3619 1460 3657 ore
1507 3603 1667 3657 Dei’.
1719 3603 1852 3671 Quis
1899 3603 1981 3659 sic

402 3696 585 3751 animo
618 3694 1080 3765 cogitationeque,
1110 3695 1305 3747 nedum
1337 3707 1569 3763 corpore
1596 3707 1767 3763 purus
1796 3694 1889 3761 sit,
1922 3703 1987 3749 ut

402 3786 470 3840 de
497 3785 641 3839 illius
671 3800 798 3854 erga
838 3782 1116 3838 libidinem
1144 3783 1328 3839 carnis
1361 3784 1569 3838 obtusae
1598 3783 1795 3840 indolis
1822 3785 1976 3839 testi-

402 3877 641 3932 monium
667 3876 798 3931 {erat
826 3894 841 3930 :
869 3889 1179 3944 quanquam
1209 3889 1272 3929 ea
1292 3875 1486 3929 obtusa
1508 3874 1669 3943 plane
1690 3891 1797 3931 non
1822 3886 1975 3943 erat;

402 3982 522 4038 qua:
549 3981 652 4023 non
701 3966 858 4022 bruta
885 3967 1128 4035 quaedam
1176 3979 1278 4021 nec
1325 3974 1537 4019 naturae
1571 3965 1860 4022 inﬁrmitas
1889 3982 1980 4023 es-

402 4067 507 4124 set,
536 4057 630 4114 sed
652 4058 985 4113 continentia
1021 4058 1270 4120 rationis,
1294 4072 1401 4127 qua
1429 4072 1555 4127 pars
1575 4072 1681 4113 non
1700 4058 1978 4113 rationalis

400 4150 594 4204 animae
627 4158 928 4219 regeretur,
966 4155 1027 4202 ut
1053 4148 1381 4203 desiderium
1407 4161 1570 4201 omne
1603 4147 1977 4203 intenderetur

401 4242 468 4294 ad
508 4240 673 4294 Deum
714 4250 935 4309 propter
969 4253 1127 4308 quem
1178 4246 1298 4291 erat
1337 4238 1587 4293 conditus
1619 4255 1635 4293 :
1666 4253 1784 4307 qua:
1823 4238 1975 4294 volu-

409 4334 573 4404 ptatis
610 4332 929 4388 suavitatem
974 4344 1073 4383 ceu
1125 4328 1365 4383 fomitem
1398 4329 1632 4383 incendii
1677 4328 1973 4400 refugeret,

411 4425 696 4495 plurisque
754 4422 959 4476 faceret
1019 4421 1235 4477 virtutis
1289 4422 1677 4490 asperitatem,
1739 4438 1846 4493 qua
1906 4424 1974 4479 ad

405 4513 849 4583 tranquillitatem
896 4519 1153 4566 aeternam
1208 4512 1617 4568 subveheretur.
1662 4512 1759 4571 His
1788 4529 1974 4571 assue-

2081 3355 2275 3403 σαντος
2303 3339 2554 3409 ὥρισται.
2604 3339 2753 3392 ¹Ἀλλ’
2792 3341 2825 3409 ἡ
2866 3339 3029 3409 χάρις
3051 3336 3146 3391 τοῦ
3197 3336 3513 3406 Πνεύματος
3550 3336 3653 3405 οὐχ

2079 3423 2296 3477 ὑπείκει
2331 3424 2548 3492 φύσεως
2597 3425 2767 3493 ὅροις.
2815 3425 2898 3476 Οὐ
2932 3424 3043 3493 γάρ
3074 3421 3143 3475 ἐν
3176 3420 3332 3488 ἄρτῳ
3347 3420 3516 3488 μόνῳ
3546 3419 3650 3484 ζή-

2078 3531 2249 3569 σεται
2296 3518 2329 3569 ό
2367 3513 2703 3582 ἄνθρωπος,
2747 3513 2889 3568 ἀλλ’
2941 3514 3039 3566 ἐπί
3077 3511 3256 3565 παντὶ
3298 3512 3521 3579 ῥήματι
3555 3510 3654 3563 ἐκ·

2079 3605 2459 3673 πορευομένῳ
2490 3603 2589 3656 διὰ
2609 3604 2903 3672 στόματος
2926 3600 3093 3656 Θεοῦ.
3124 3602 3219 3664 Τίς
3244 3600 3387 3653 οὕτω
3415 3598 3651 3667 καθαρὸς

2079 3698 2173 3750 καὶ
2200 3695 2378 3765 ψυχὴν
2413 3696 2507 3748 καὶ
2549 3694 2788 3748 διάνοιαν
2829 3694 2966 3764 πρὸς
2995 3692 3079 3764 τῷ
3116 3692 3362 3761 σώματι,
3396 3691 3472 3755 ὡς
3515 3707 3652 3761 μαρο

2076 3788 2356 3860 τυρεῖσθαι
2394 3786 2543 3858 αὐτῷ
2589 3788 2684 3841 καὶ
2731 3786 2793 3839 τὸ
2828 3785 2964 3858 πρός
2997 3785 3173 3856 μίξεις
3221 3785 3457 3853 ἡλίθιον;
3507 3780 3649 3837 Ἀλλ’

2076 3883 2177 3935 οὐκ
2201 3880 2406 3951 ἠλίθιον
2447 3879 2651 3942 ὅντως·
2679 3880 2741 3932 οὐ
2770 3879 2877 3949 γάρ
2919 3879 3135 3946 ἄλογον,
3177 3876 3297 3931 οὐδὲ
3331 3877 3547 3945 φύσεως
3589 3876 3652 3928 τὸ

2077 3976 2451 4049 ἀρρώστημα,
2506 3972 2667 4039 λόγου
2715 3971 2773 4024 δὲ
2820 3970 3145 4041 ἐπικράτεια
3198 3967 3541 4039 ἡνιοχοῦντος
3588 3967 3650 4019 τὸ

2077 4068 2299 4136 ἄλογον,
2331 4067 2427 4119 καὶ
2458 4066 2638 4118 πᾶσαν
2673 4062 2771 4133 τὴν
2802 4061 2988 4131 ἔφεσιν
3021 4060 3156 4130 πρὸς
3180 4058 3313 4112 Θεὸν
3346 4059 3653 4112 ἀνατείνον-

2075 4177 2185 4223 τος,
2228 4160 2313 4227 ἐφ⁹
2337 4151 2381 4224 ᾧ
2410 4158 2505 4210 καὶ
2531 4153 2991 4226 δεδημιούργητο,
3034 4149 3510 4221 ἀποστρεφομένου
3550 4150 3649 4219 μὲν

2074 4251 2135 4304 τὸ
2156 4250 2298 4303 λεῖον
2324 4249 2421 4317 τῆς
2450 4247 2641 4317 ἡδονῆς
2664 4246 2739 4309 ὡς
2766 4244 2934 4315 πυρὸς
2962 4242 3326 4312 ὑπέκκαυμα,
3357 4252 3653 4312 προαιρου-

2080 4341 2241 4411 μένου
2274 4339 2330 4393 δὲ
2361 4340 2422 4392 τὸ
2444 4340 2616 4409 τραχὺ
2640 4338 2741 4407 τῆς
2779 4335 2979 4407 ἀρετῆς
3010 4334 3174 4405 φέρον
3206 4334 3342 4403 πρὸς
3368 4330 3651 4403 ῥᾳστώνην

2075 4434 2264 4487 ἀίδιον.
2297 4430 2484 4494 Οὕτως
2508 4429 2699 4483 ἑαυτὸν
2725 4425 3051 4490 συνεθίζων,
3084 4428 3150 4478 ἐκ
3182 4424 3381 4496 μικροῦ
3416 4424 3652 4496 προϐαίο

2075 4543 2181 4579 νων
2205 4564 2220 4589 ,
2264 4524 2555 4593 ὼσημέραι
2591 4521 2679 4575 ἀεὶ
2710 4520 2920 4589 ἐγίνετο
2953 4519 3146 4572 ἐαυτοῦ
3181 4517 3649 4589 ἐγκρατέστερος,

404 4606 602 4669 factus,
646 4602 905 4675 paulatim
928 4603 1339 4673 progrediendo,
1373 4604 1550 4672 seipse
1579 4604 1633 4659 in
1661 4605 1779 4661 dies
1801 4607 1974 4661 conti-

2079 4615 2183 4677 ἓως
2213 4614 2276 4666 τὸ
2312 4613 2484 4675 πάθος
2530 4610 2793 4682 ἐκοίμησε
2821 4610 3023 4675 τέλεον,
3054 4610 3327 4680 ἀσκητικῇ
3372 4609 3537 4679 τέχνῃ
3564 4625 3650 4662 τιο

400 4696 620 4752 nentior
665 4694 951 4759 evadebat,
986 4695 1157 4749 donec
1186 4693 1380 4749 ali‘ectu
1410 4695 1814 4752 exercitationis
1855 4706 1974 4752 arte

399 4787 663 4851 cicurato,
708 4785 987 4854 frenisque
1023 4785 1271 4849 subacto,
1315 4795 1652 4840 contractam
1678 4796 1977 4842 consuetu-

398 4880 581 4936 dinem
616 4879 942 4950 procedente
966 4887 1208 4947 tempore
1238 4879 1291 4932 in
1334 4888 1585 4932 naturam
1617 4879 1832 4935 tandem
1859 4895 1980 4934 mu-

2078 4703 2382 4767 θασσεύσας
2419 4703 2514 4756 καὶ⁸
2550 4702 2754 4773 δράσας
2805 4702 3065 4772 ὑφήνιον,
3094 4701 3174 4763 είς
3209 4699 3323 4764 ἐξιν
3369 4702 3461 4754 τοῦ
3494 4700 3652 4764 ἔθους

2075 4794 2155 4865 τῷ
2182 4796 2360 4866 χρόνῳ
2388 4795 2481 4848 καὶ
2511 4793 2788 4864 προϐάδην
2820 4794 2900 4855 είς
2935 4792 3097 4862 φύσιν
3130 4792 3440 4855 ἐλάσαντος.
3483 4792 3650 4854 Πόνος

2075 4886 2184 4957 γὰρ
2230 4887 2378 4950 θείας
2422 4886 2745 4956 ἐπικουρίας
2781 4884 2980 4964 τυχῶν,
3014 4884 3283 4939 ἀπάθειαν
3327 4883 3651 4956 χαρίζεσθαι

401 4978 566 5024 taret.
601 4969 785 5024 Labor
815 4968 1105 5038 siquidem,
1146 4968 1231 5022 cui
1277 4967 1518 5021 divinum
1547 4969 1805 5024 auxilium
1833 4971 1981 5041 aspi-
2074 4977 2306 5049 πέφυκε,

398 5061 624 5127 raverit,
658 5058 882 5115 allectus
907 5059 1103 5114 sedare
1140 5068 1297 5113 natus
1323 5067 1427 5113 est.

464 5151 521 5205 7.
554 5151 687 5217 Quis
732 5151 811 5205 sic
861 5149 1103 5203 avaritiae
1149 5149 1500 5221 renuntiavit,
1545 5166 1758 5220 unaque
1802 5163 1980 5222 pecu-‘

397 5241 525 5306 niis,
552 5252 611 5297 ut
633 5257 737 5297 non
766 5242 969 5297 habere
990 5242 1214 5312 perinde
1244 5256 1307 5296 ac
1336 5241 1473 5296 alter
1496 5243 1694 5297 habere
1719 5253 1969 5314 peropta-

396 5333 510 5389 rct?
547 5346 610 5387 ea
641 5333 837 5402 quippe
866 5347 1154 5403 pravorum
1200 5333 1366 5387 animi
1400 5342 1640 5388 motuum
1675 5333 1966 5391 fulcimen-

2145 5152 2212 5219 ζ’·
2248 5154 2345 5217 Τίς
2385 5155 2752 5227 φιλαργυρίαν
2799 5156 2907 5211 τῶν
2953 5155 3251 5226 κτημάτων
3295 5154 3643 5226 προαπεκτή-

2078 5263 2226 5311 σατο,
2259 5246 2375 5317 μεθ’
2409 5244 2477 5319 ἧς
2503 5248 2599 5300 καὶ
2629 5248 2698 5301 τὰ
2728 5249 3004 5318 κτήματα,
3036 5247 3179 5301 οὕτω
3202 5246 3446 5317 ποθήσας
3474 5245 3535 5298 τδ
3572 5244 3649 5316 μὴ

2070 5335 2237 5405 ἔχειν,
2279 5336 2355 5399 ὡς
2397 5338 2585 5406 ἔτερος
2611 5338 2671 5390 τὸ
2707 5338 2892 5407 ἐχειν;
2934 5339 3053 5392 Τῶν
3081 5337 3272 5391 παθῶν
3301 5336 3361 5389 τὸ
3392 5337 3647 5408 ἔρεισμα,

397 5434 509 5477 ιιιιη
564 5431 670 5487 est,
733 5422 1025 5478 exstinctio
1070 5422 1207 5492 spei,
1258 5422 1568 5478 adversaria
1617 5424 1762 5479 ﬁdei.
1821 5424 1970 5480 Unde

2074 5430 2167 5496 τῆς
2184 5428 2411 5491 ’ἐλπίδος
2445 5429 2505 5481 τὸ
2531 5430 2779 5499 στέρημα
2799 5471 2814 5494 ,
2847 5433 2945 5501 τῆς
2979 5433 3213 5494 πίστεως
3242 5430 3304 5483 τὸ
3329 5429 3647 5484 ἀντίπαλον.

396 5511 597 5568 Paulus
624 5512 932 5567 divinarum
963 5511 1200 5581 Spiritus
1237 5515 1411 5569 sancti
1442 5529 1632 5569 vocum
1677 5516 1815 5586 lyra,
1867 5517 1969 5572 lin-

398 5618 624 5674 gnarum
651 5603 1067 5671 apostolicarum
1092 5618 1153 5659 os
1182 5605 1551 5673 multisonum,
1582 5610 1823 5677 apposite
1848 5623 1966 5663 eam

468 5778 635 5831 ‘Act.
663 5791 699 5844 ι,
737 5776 782 5834 l.
858 5780 877 5810 ’
907 5776 1059 5833 Deut.
1097 5793 1209 5845 \‘lil,
1259 5780 1330 5845 5;
1380 5780 1566 5838 Matth.
1602 5786 1671 5850 tv,
1709 5785 1759 5837 i.

2069 5518 2159 5570 Διὸ
2190 5518 2282 5570 καὶ
2315 5518 2528 5582 Παῦλος
2555 5522 2587 5590 ἡ
2618 5519 2950 5589 θεόφθογγος
2982 5521 3119 5591 λύρα
3150 5519 3245 5573 τοῦ
3289 5517 3647 5588 ΙΙνεύματος,

2068 5608 2177 5661 τῶν
2207 5608 2581 5665 ἀποστολικῶν
2610 5610 2869 5678 γλωσσῶν
2898 5612 2960 5666 τὸ
2995 5610 3265 5683 πολύηχον
3295 5609 3491 5681 στόμα,
3523 5607 3643 5663 δευ.
