3968 6348
321 302 428 364 709

1281 321 1661 389 LAUDATIO
1700 331 1759 389 S.
1800 330 2008 393 JOAN.
2044 332 2595 403 CHRYSOSTOMI.

3474 307 3600 415 770'

323 420 489 489 τέραν
525 420 990 493 είὸωλολατρίαν
1012 430 1218 501 ταύτην
1248 441 1475 510 καιρίως
1506 449 1865 517 κατονομάςει

336 511 519 549 ’Δωρῖι-
541 513 649 549 νΑιΑ
681 531 765 549 4n.-
793 514 891 549 .sa.
921 518 1071 549 αρτ..-
1101 528 1315 549 _---._r_,
1338 547 1347 549 4
1387 533 1399 549 ,
1468 535 1480 549 ο
1505 535 1516 549 ι
1656 538 1679 549 η
1749 541 1791 549 -.
1859 544 1865 549 .

2000 450 2229 518 appellat
2249 452 2476 508 alteram
2490 456 2749 513 idolorum
2772 465 3071 519 servitute»:
3092 466 3155 522 '°.
3175 468 3307 526 Nam
3323 478 3569 549 quisquis

336 511 519 578 Ἀφεὶς
541 513 649 583 γάρ
681 531 765 577 τις
793 514 891 587 τῆς
921 518 1071 585 θείας
1101 528 1349 595 προνοίας
1375 533 1586 602 ἀφάψαι
1618 511 1720 607 τῆς
1746 541 1898 594 ἐλπίς

319 598 411 662 δος
451 601 550 670 τὴν
600 602 873 673 ἄγκυραν,
915 608 1025 698 τῶν
1065 618 1365 683 χρημάτων
1408 598 1472 691 τῇ
1503 598 1739 698 ’συλλογῇ
1773 632 1901 682 ἐπε-

322 689 579 759 ρείδεται.
613 692 801 746 Ταῦτα
830 695 1001 760 τιθεὶς
1030 701 1139 768 πρὸ
1171 704 1265 756 τοῦ
1299 689 1623 778 κρείττονος,
1766 719 1900 772 ἀθά-

320 798 454 834 νατα
479 782 830 853 βιωσόμενος,
855 789 951 841 καὶ
970 789 1045 853 ὡς
1068 791 1313 850 θάλασσα
1332 800 1431 853 οὐκ
1455 803 1895 877 ὲμπιπλώμενος,

319 870 424 923 κᾶν
456 872 485 924 ὃ
526 889 579 925 τι
608 874 850 929 πλεῖστοι
883 881 1089 950 χρυσοῦ
1136 888 1373 957 ποταμοὶ
1403 893 1658 961 είσρέωσί
1700 915 1759 950 τε
1803 904 1898 955 καὶ

320 962 605 1029 μέγιστοι,
640 966 739 1036 οὐχ
785 967 964 1022 εἵλετο
1009 972 1231 1037 τούτους
1260 979 1288 1030 ό
1324 981 1419 1033 νῦν
1457 984 1893 1057 εὐφημούμενος,

316 1053 431 1105 ἀλλ’
458 1055 823 1124 ἀπωσάμενος
844 1060 1081 1126 ἅπαντα,
1112 1068 1297 1137 αὐχεῖν
1322 1073 1552 1141 πατρίδα
1575 1077 1772 1132 εὐκλεᾶ
1802 1084 1894 1135 καὶ

315 1143 627 1212 περίοπτοψ
660 1146 758 1216 τὴν
800 1149 1072 1222 Ἀντιόχου
1101 1155 1263 1225 λέγω,
1297 1160 1391 1214 καὶ
1413 1164 1511 1232 τῆς
1537 1166 1677 1231 ὲώας
1712 1170 1893 1241 δεδεγ-

317 1236 488 1303 μένην
530 1238 655 1301 τοὺς
702 1238 916 1306 οἴακας·
964 1244 1121 1312 γένος
1165 1250 1257 1302 καὶ
1307 1246 1447 1322 αἷμα
1505 1236 1887 1330 περίϐλεπτον,

312 1326 545 1396 χρυσὸν,
575 1329 849 1401 ἄργυρον,
896 1334 1077 1401 λίθους
1115 1341 1447 1411 πολυτελεῖς,
1492 1326 1718 1421 ἐσθῆτος
1766 1326 1889 1410 ὅσον

316 1420 560 1489 μαλακὸν
587 1423 679 1475 καὶ
722 1426 1001 1496 περίδοξον
1042 1431 1224 1498 ἄλλοις
1269 1443 1713 1513 παραχωρήσας,
1749 1451 1887 1520 πρὸς

310 1511 367 1563 δὲ
403 1514 495 1566 καὶ
526 1514 685 1584 λόγου
714 1518 870 1582 κλέος
901 1522 996 1574 καὶ
1025 1523 1363 1585 δυναστείαν.

384 1612 448 1675 η’.
484 1608 646 1679 Φοιτᾷ
679 1609 818 1679 πρὸς
846 1613 1108 1668 Μελέτιον
1145 1620 1244 1689 τῆς
1288 1623 1601 1697 Ἀντιοχέων
1649 1631 1851 1695 Ἐκκλη

310 1695 432 1758 σίας
460 1696 552 1751 τὸν
593 1699 852 1770 πρόεδρον
871 1740 885 1766 ,
915 1703 1084 1775 ἄνδρα
1128 1709 1402 1778 πλείστοις
1432 1695 1597 1783 θείοις
1626 1723 1879 1793 κομῶντα

2007 540 2201 595 divinae
2226 546 2578 611 providentiae
2617 555 3022 620 apprehendere
3054 575 3311 618 ancoram
3341 540 3570 626 non-cu-

2001 639 2107 695 rat,
2144 631 2235 687 hic
2288 637 2563 705 congestis
2598 640 2800 697 divitiis
2852 645 3062 711 nititur,
3108 663 3241 717 quas
3290 660 3569 725 anteponit

1999 717 2241 788 Numini,
2280 739 2375 779 ceu
2406 738 2669 783 aeternum
2704 733 2944 790 victurus
2968 737 3039 791 sit
3066 741 3193 793 :sed
3225 757 3289 796 ne
3320 744 3364 798 is
3399 748 3567 802 maris

2002 808 2179 863 instar
2203 812 2476 881 impletur,
2517 822 2729 874 tametsi
2754 825 3029 892 complura
3063 815 3414 901 ingentiaque
3441 838 3562 891 auri

1996 896 2216 953 ﬂumina
2262 901 2315 955 in
2353 904 2523 971 ipsum
2572 909 2862 966 conﬂuant.
2913 911 3041 969 Haec
3085 896 3189 971 non
3236 896 3400 989 elegit.
3452 924 3561 989 ille,

1994 992 2147 1055 cujus
2172 1007 2315 1047 nunc
2341 994 2526 1053 laudes
2551 1000 2924 1073 celebramus;
2959 1008 3051 1062 sed
3084 1011 3281 1078 spretis
3309 1016 3561 1072 omnibus

1994 1081 2221 1146 patriam
2251 1097 2497 1154 exornat,
2526 1089 2790 1147 illustrem
2817 1104 2870 1148 et
2914 1096 3163 1167 inclytam
3197 1101 3558 1171 (Antiochiam

1993 1168 2133 1234 dico,
2163 1171 2315 1241 cujus
2346 1176 2588 1245 regimini
2625 1178 2820 1237 Oriens
2851 1184 3120 1255 parebat),
3149 1168 3317 1258 genus
3342 1196 3558 1263 sangui-

1992 1276 2223 1331 nemque
2257 1268 2630 1335 conspicuum,
2675 1288 2891 1341 aurum,
2943 1289 3245 1347 argentum,
3292 1285 3557 1351 pretiosos

1991 1352 2222 1420 lapides,
2273 1357 2487 1411 mollem
2518 1363 2773 1416 vestitum
2808 1366 3258 1439 splendidumque
3299 1375 3557 1446 relinquit

1989 1442 2132 1508 aliis,
2169 1444 2277 1498 imo
2309 1455 2362 1499 et
2396 1447 2717 1517 elegantiam
2746 1454 2962 1524 vimque
2987 1463 3279 1518 sermonis.

2056 1618 2110 1671 8.
2149 1619 2229 1673 Ad
2258 1619 2529 1677 Meletium
2559 1629 2733 1696 pergit
2779 1629 3132 1689 Antiocheam
3162 1637 3417 1694 Ecclesia:
3454 1656 3555 1696 an-

1989 1709 2232 1773 tistitem,
2266 1712 2462 1767 divinis
2506 1717 2873 1785 compluribus
2922 1724 3177 1779 nitentem
3221 1728 3399 1795 donis,
3441 1732 3548 1785 vita

304 1786 629 1857 χαρίσμασι,
677 1790 777 1862 βίῳ
816 1794 910 1847 καὶ
948 1796 1092 1866 λόγῳ
1124 1803 1287 1855 παντὶ
1321 1786 1784 1880 περιηχούμενον·
1821 1818 1865 1881 ὃς

1987 1801 2340 1871 doctrittaqtte
2372 1805 2570 1874 ubique
2606 1810 2871 1865 celebrem
2906 1831 2919 1867 :
2950 1815 3040 1881 qui
3074 1813 3331 1871 Joannem
3364 1786 3553 1876 decem

304 1878 493 1931 τοῦτον
520 1881 811 1950 δεξάμενος
839 1885 959 1951 ἔτος
982 1906 1082 1942 που
1109 1891 1252 1945 ὀκτὼ
1281 1898 1375 1949 καὶ
1405 1898 1632 1956 δέκατον
1656 1904 1878 1976 ἄγοντα,

302 1968 544 2042 ἐραστής
573 1989 631 2024 τε
668 1974 761 2027 τοῦ
791 1976 1023 2041 κάλλους
1053 1981 1149 2052 τῆς
1188 1983 1355 2039 αὐτοῦ
1399 1991 1627 2061 καρδίας
1657 1968 1880 2067 γενόμεί

300 2077 394 2124 νος
412 2102 428 2126 ,
454 2063 530 2126 ὡς
558 2066 940 2139 προϐλεπτικῷ
967 2071 1173 2141 ὄμματι
1207 2076 1306 2147 τὴν
1336 2078 1428 2131 τοῦ
1456 2082 1577 2135 νέου
1609 2063 1879 2156 θεώμενος

297 2150 547 2218 ἔκϐασιν,
572 2159 685 2219 τοῖς
709 2175 767 2210 τε
787 2159 884 2229 τῆς
909 2161 1190 2227 εὐσεϐείας
1213 2169 1560 2237 στοιχειώσας
1589 2174 1876 2245 δόγμασιν,

295 2237 430 2312 ἦθός
460 2262 517 2298 τε
557 2249 649 2300 καὶ
678 2249 877 2317 τρόπον
910 2253 1109 2315 ἱκανῶς
1156 2258 1540 2328 ἀποσεμνύνας
1564 2305 1578 2329 ,
1612 2268 1705 2319 καὶ
1738 2285 1874 2338 προ-

294 2335 518 2404 γράψας
547 2338 608 2390 τὸ
648 2340 842 2403 κάλλος
874 2342 974 2412 τῆς
1013 2343 1302 2413 ἀληθείας,
1345 2350 1488 2405 οὕτω
1523 2354 1609 2408 διὰ
1647 2335 1872 2429 λουτροῦ

295 2426 723 2497 παλιγγενεσίας
753 2436 955 2502 μορφοϊ
992 2435 1051 2487 ἐν
1080 2437 1227 2508 αὐτῴ
1260 2440 1515 2509 Χριστὸν,
1546 2445 1637 2497 τὸν
1673 2448 1874 2518 ὡραῖον

294 2517 449 2586 παρὰ
476 2519 603 2582 τοὺς
639 2521 790 2585 υἱοὺς
832 2522 937 2577 τῶν
975 2525 1297 2598 ἀνθρώπων,
1329 2531 1404 2594 ὠς
1442 2534 1627 2588 κάλλει
1666 2517 1873 2609 ἐκλάμ-

291 2618 466 2659 ποντα
490 2610 588 2679 τῆς
611 2610 883 2682 θεότητος.
926 2615 1094 2671 Ἐτῶν
1130 2614 1199 2690 ἦν
1226 2619 1302 2683 ὡς
1331 2624 1619 2692 τριάκοντα
1653 2628 1751 2683 καῖ
1777 2630 1869 2683 οὐ-

289 2713 401 2762 τως
448 2700 563 2769 ἅμα
610 2703 667 2756 ἐν
706 2706 772 2776 τῇ
826 2706 1127 2780 τελειότητι
1171 2712 1269 2783 τῆς
1311 2730 1370 2766 τε
1413 2724 1733 2792 σωματικῆς
1774 2724 1870 2777 καὶ

289 2794 667 2862 πνευματικῆς
708 2792 927 2864 ἡλικίας
958 2798 1281 2869 γενόμενος,
1327 2805 1422 2858 καὶ
1449 2807 1558 2860 τῶν
1586 2807 1748 2864 θείων
1781 2811 1868 2866 λό-

286 2893 405 2944 γων
453 2881 806 2953 ἀναγνώστης
843 2886 1139 2957 προαχθεὶς
1189 2892 1326 2961 ὁμοῦ
1369 2896 1463 2948 καὶ
1507 2897 1863 2969 διδάώιαλος,

289 2969 442 3040 ῥύμῃ
474 2968 617 3025 θείου
651 2971 855 3043 ἔρωτος
884 2976 1023 3046 πρὸς
1064 2978 1162 3059 τὴν
1206 2980 1413 3053 ἔρημον
1448 2968 1861 3056 μετανίσταται,

288 3060 611 3129 σφριγῶσαν
646 3062 745 3133 τὴν
785 3064 962 3135 σάρκα
1013 3068 1106 3121 καὶ
1141 3070 1458 3140 φλοιδοῦσαν
1511 3082 1625 3142 τοῖς
1666 3080 1863 3136 πάθεσι

286 3153 677 3223 καταμαράναι
709 3154 1054 3227 βουλόμενος,
1092 3160 1168 3225 ὡς
1200 3163 1267 3217 ἂν
1291 3166 1363 3236 μὴ
1390 3166 1451 3219 τὸ
1470 3173 1718 3240 κρεῖττον
1743 3173 1863 3226 δου-

283 3239 483 3311 λωθείη
518 3242 594 3312 τῷ
624 3245 846 3315 χείρονι.
888 3248 1088 3317 Ἀμφω
1118 3252 1227 3322 γὰρ
1251 3255 1371 3306 κατ’
1402 3239 1646 3327 ἀλλήλων
1677 3262 1862 3313 ἐπιθυ-

287 3333 403 3399 μεῖ,
440 3335 533 3385 καὶ
558 3337 591 3404 ἡ
624 3336 796 3406 φθορὰ
841 3338 935 3390 τοῦ
970 3341 1329 3410 σκηνώματος
1361 3347 1586 3412 είκότως
1623 3354 1687 3422 τῇ
1715 3352 1858 3423 ψυχῇ

280 3421 385 3491 τὴν
424 3425 775 3493 ἐπικράτειαν
807 3428 1011 3480 δίδωσι·
1048 3432 1142 3483 καὶ
1184 3436 1293 3497 τοῖς
1329 3437 1499 3500 πέλας
1527 3421 1860 3512 προσομιλήλ

285 3527 387 3574 σας
426 3513 627 3583 ὄρεσιν,
687 3517 963 3587 όδηγεῖται
997 3523 1134 3593 πρός
1163 3541 1282 3577 τινα
1314 3528 1645 3601 πρεσϐύτην,
1690 3533 1859 3604 Σύρον

285 3602 391 3670 μὲν
446 3604 544 3675 τὴν
590 3606 899 3672 διάλεκτον,
950 3612 1050 3681 τὴν
1094 3613 1151 3665 δὲ
1205 3617 1407 3683 γνῶσιν
1460 3620 1560 3673 οὐκ
1619 3602 1855 3695 ἰδιώτην,

280 3690 462 3762 ἄκραν
514 3696 909 3765 φιλθσοφοῦντα
960 3702 1306 3772 ἐγκράτειαν,
1366 3710 1459 3762 καὶ
1511 3712 1703 3765 τούτου

280 3782 707 3853 σκληραγωγίαν
735 3789 990 3859 τέτρασιν
1024 3795 1482 3866 ἁποσμηξάμενος
1507 3801 1686 3856 ἔτεσιν
1706 3847 1719 3868 ,
1761 3782 1851 3859 καὶ

277 3876 464 3945 πάσης
491 3877 819 3945 ἡδυπαθείας
857 3876 987 3954 ῥᾷον
1035 3889 1475 3957 περιγενόμενος,
1516 3893 1671 3961 λόγον
1715 3896 1853 3966 ἔχων

276 3966 359 4035 τῷ
392 3967 539 4037 πόνῳ
574 3971 1071 4043 συναμιλλώμενον,
1104 3976 1202 4045 τῆς
1241 3978 1465 4048 ἀδηλίας
1498 3982 1814 4053 γλιχόμενος
1834 4024 1849 4049 ,

275 4059 538 4130 ἐσχατιᾶς
561 4077 704 4125 τινος
726 4063 941 4131 ἐγένετο
956 4065 1237 4138 πάροικος,
1260 4069 1455 4141 ἄντρον
1480 4072 1660 4142 αὐχῶν
1685 4091 1853 4128 κατα-

273 4150 480 4220 γώγιον
532 4154 607 4217 ὡς
667 4154 871 4227 ἀρετῆς
927 4158 1269 4230 παλαίστραν
1335 4163 1431 4215 καὶ
1487 4169 1847 4236 κονιστήριον.

278 4243 453 4295 Ἔνθα
489 4244 688 4308 πόσου’ς
725 4246 823 4315 μὲν
863 4246 1059 4311 ἄθλους
1093 4250 1332 4311 ὑποστὰς
1370 4254 1512 4307 κατὰ
1552 4255 1614 4307 τὸ
1645 4256 1852 4327 πλῆθος

270 4332 385 4385 τῶν
412 4333 611 4386 ὀδυνῶν
630 4334 728 4405 τὴν
746 4336 840 4389 τοῦ
871 4338 1009 4391 Πνεύ
1018 4357 1186 4409 ματος
1205 4342 1552 4413 παράκλησιν
1576 4347 1846 4418 ἀντελάμο

1983 1898 2039 1943 et
2083 1901 2205 1945 octo
2240 1893 2461 1949 circiter
2489 1910 2661 1951 annos
2705 1908 2890 1953 natum
2938 1903 3187 1972 suscipit,
3224 1909 3404 1963 cordis
3434 1910 3550 1979 ejus

1981 1995 2167 2036 amore
2195 1985 2499 2051 perculsus,
2544 2002 2639 2042 ceu
2665 1989 2882 2057 juvenis
2907 1994 3110 2048 exitum
3153 2003 3381 2064 praescia
3418 2018 3550 2057 con-

1982 2073 2116 2124 tuitu
2164 2084 2433 2129 cerneret.
2487 2076 2641 2132 Hunc
2692 2082 2920 2136 sincerae
2952 2085 3168 2151 pietatis
3211 2090 3548 2149 documentis

1979 2158 2287 2228 instituens,
2318 2165 2555 2220 moribus
2580 2168 2699 2236 ejus
2726 2172 2794 2224 ad
2829 2172 3127 2231 honestatis
3165 2181 3377 2249 regulas
3399 2199 3544 2237 com-

1982 2249 2195 2316 positis,
2244 2253 2485 2308 veritatis
2531 2257 2585 2309 in
2639 2271 2704 2312 eo
2746 2259 3197 2324 pulchritudinem
3234 2269 3540 2328 delineavit.

1974 2340 2088 2398 Hoc
2126 2345 2285 2400 modo
2325 2344 2597 2403 Christum
2632 2351 2685 2405 in
2717 2366 2780 2407 eo
2827 2367 2922 2421 per
2950 2354 3223 2413 lavacrum
3260 2377 3544 2431 regenera-

1978 2433 2139 2490 tionis
2173 2436 2406 2506 llgurat;
2452 2441 2778 2508 speciosum,
2816 2444 3061 2513 inquam,
3104 2449 3251 2503 illum
3281 2468 3389 2521 prae
3418 2454 3543 2509 [iliis

1974 2523 2251 2581 hominum
2280 2530 2322 2560 “
2356 2542 2578 2600 propter
2615 2531 2956 2605 eliulgentem
3004 2539 3231 2595 Deitatis
3271 2544 3538 2600 decorem.

1972 2615 2211 2686 Triginta
2256 2621 2414 2675 attnis
2467 2631 2646 2689 natus,
2688 2640 2808 2697 cum
2855 2627 3146 2695 perfectam
3202 2634 3444 2702 corporis
3487 2644 3542 2689 et

1970 2708 2135 2761 animi
2173 2718 2386 2765 aatatem
2438 2724 2584 2769 esset
2631 2702 2931 2784 assecutus,
2978 2720 3044 2773 ad
3083 2721 3385 2777 divinorum
3430 2724 3543 2780 elo-

1968 2798 2216 2865 quiorum
2252 2800 2491 2863 lectoris,
2525 2803 2634 2857 imo
2675 2813 2729 2859 et
2771 2807 3063 2874 magisterii
3097 2819 3373 2875 promotus
3414 2826 3539 2879 gra-

1968 2887 2116 2951 dum,
2159 2889 2326 2944 divini
2370 2893 2573 2946 amoris
2612 2893 2842 2962 impulsu
2894 2896 2947 2949 in
2994 2898 3264 2952 desertum
3313 2903 3535 2971 migrat,

1967 2976 2291 3034 luxuriantis
2357 2980 2775 3052 ebullientisque
2829 2985 3008 3040 carnis
3066 2991 3533 3055 perturbatioutuu

1964 3071 2472 3139 compescendarum
2514 3076 2710 3139 studio,
2757 3089 2824 3130 ne
2851 3091 2978 3145 pars
3021 3090 3197 3147 pOlIOI‘
3234 3081 3533 3152 ignobiliori

1965 3161 2204 3229 subjecta
2239 3165 2410 3218 licret.
2457 3166 2643 3220 Amba:
2683 3166 2945 3236 siquidem
2998 3171 3256 3225 adversus
3296 3187 3356 3227 se
3396 3173 3534 3228 invi-

1964 3266 2079 3306 cem
2130 3256 2540 3322 concupiscunt,
2596 3256 3002 3328 destructioque
3052 3261 3380 3317 tabernaculi
3432 3265 3533 3319 im-

1963 3350 2169 3417 perium
2222 3351 2274 3404 in
2330 3351 2565 3406 animam
2616 3353 2893 3408 transfert.
2951 3353 3117 3424 Igitur
3163 3357 3215 3409 in
3270 3358 3533 3424 proximis

1962 3440 2233 3494 montibus
2263 3454 2383 3494 cum
2418 3452 2749 3508 versaretur,
2799 3445 2865 3499 ad
2892 3446 3179 3513 quemdam
3210 3461 3393 3503 senem
3435 3451 3532 3504 du-

1960 3529 2119 3595 citur,
2154 3530 2244 3599 qui
2274 3530 2408 3601 Syra
2436 3533 2652 3601 quidem
2683 3534 2915 3590 dialecto
2943 3546 3203 3604 uteretur,
3236 3540 3330 3594 sed
3358 3542 3531 3596 scien-

1962 3619 2032 3673 tia
2081 3621 2379 3690 imperitus‘
2411 3638 2515 3677 non
2574 3633 2711 3687 erat,
2761 3640 3132 3697 supremusque
3177 3632 3528 3686 continentia!

1958 3713 2161 3782 apicem
2198 3713 2530 3768 excoluerat.
2568 3712 2737 3783 Hujus
2780 3720 3148 3774 austeritatem
3200 3736 3370 3777 annos
3390 3738 3524 3791 qua-

1959 3814 2081 3858 tuor
2107 3819 2226 3857 cum
2282 3806 2660 3874 expressisset,
2707 3808 3114 3876 omnigenaaque
3152 3810 3525 3866 delectationis

1956 3895 2200 3961 superior
2220 3895 2416 3958 evasit,
2449 3895 2656 3947 ratione
2684 3909 2805 3948 cum
2855 3895 3127 3950 laboribus
3154 3899 3267 3953 suis
3306 3903 3521 3969 conspi-

1957 3992 2135 4046 rante,
2176 3983 2529 4037 obscuritatis
2578 3983 2888 4047 desiderio,
2931 3992 3187 4041 extremae
3245 3988 3521 4056 cujusdam

1954 4091 2062 4131 ora:
2089 4075 2314 4130 colonus
2338 4075 2506 4145 890
2536 4073 2787 4142 emcitur,
2811 4085 3026 4131 antrum
3055 4079 3257 4136 habere
3284 4086 3521 4153 gestiens

1954 4166 2006 4220 in
2035 4166 2416 4243 diversorium,
2448 4167 2609 4222 veluti
2637 4166 2941 4237 palaestram
2966 4170 3314 4241 stadiumque
3348 4174 3519 4231 virtu-

1955 4258 2042 4315 tis.
2079 4246 2218 4325 Quot
2259 4272 2389 4314 vero
2430 4259 2539 4315 illic
2567 4260 2864 4316 certamina
2901 4261 3053 4328 obiit,
3085 4272 3143 4317 ut
3180 4267 3527 4343 tantumdem

1951 4350 2245 4407 secundum
2301 4351 2696 4408 multitudinem
2747 4351 3033 4421 dolorum,
3088 4356 3515 4413 consolationum

271 4423 440 4490 ϐανε;
472 4426 642 4489 πόσας
679 4427 736 4480 δὲ
775 4429 1068 4495 ἀναϐάσεις
1103 4433 1161 4485 ὲν
1189 4436 1254 4505 τῇ
1294 4435 1491 4508 καρδίᾳ
1519 4436 1743 4508 θέμενος
1769 4439 1846 4511 τῷ

1970 4442 2185 4513 Spiritus
2206 4444 2548 4514 perciperet?
2575 4454 2705 4514 quot
2753 4444 2807 4501 in
2838 4448 3000 4503 corde
3040 4447 3382 4504 ascensioncs
3414 4438 3530 4520 po?

272 4512 557 4583 Πνεύματι
582 4518 1011 4588 κατειργάζετος
1035 4522 1100 4573 ὲκ
1122 4522 1404 4594 δυνάμεως
1425 4526 1736 4596 πρῶαίνων
1766 4531 1845 4594 είς

268 4596 534 4675 δύναμιν,
575 4608 667 4660 καὶ
700 4608 767 4662 δι’
804 4611 1010 4681 ἀμφοῖν
1048 4614 1299 4684 πράξεώς
1334 4635 1394 4670 τε
1450 4621 1545 4673 κα)⁵
1589 4619 1844 4693 θεωρίας,

268 4694 418 4748 ἆπαν
443 4696 738 4764 Αίγύπτιον
764 4700 941 4770 νόημα
973 4702 1070 4774 τῆς
1106 4704 1287 4777 ψυχῆς
1316 4706 1575 4779 ὲξορίζων
1608 4713 1702 4764 καὶ
1746 4711 1845 4765 σώ-

271 4803 467 4855 ματος.

337 4874 403 4928 θ’.
456 4876 696 4947 Μωύσῆς
737 4896 820 4943 τις
845 4880 1005 4944 ἄλλος
1034 4884 1109 4954 τῷ
1151 4884 1251 4956 βίῳ
1301 4887 1678 4960 δεδωρημένος
1700 4931 1714 4956 ,
1744 4891 1843 4961 τὴν

265 4963 549 5031 Αἰγύπτου
581 4967 960 5023 καταλελοίπει
1003 4972 1094 5026 τδν
1132 4975 1259 5045 τῇδε
1313 4976 1449 5046 βίον,
1499 4980 1594 5031 καὶ
1632 4980 1699 5033 τά
1746 4981 1840 5034 τοῦ

267 5052 406 5121 βίου,
439 5055 534 5106 καὶ
562 5055 761 5124 τρόπον
796 5060 919 5112 τινὰ
950 5059 1055 5125 ἔξω
1082 5063 1174 5115 τοῦ
1207 5064 1321 5134 βίου
1356 5069 1645 5137 γενόμενος
1669 5109 1683 5133 ,
1733 5069 1842 5125 εἶδε

262 5145 397 5196 Θε>.ν
426 5148 503 5208 ὡς
541 5147 599 5199 ἐν
627 5146 773 5220 βάτῳ
814 5150 891 5220 τῷ
936 5155 1134 5223 τραχεῖ
1171 5158 1264 5207 τοῦ
1306 5155 1423 5226 βίου
1470 5158 1837 5229 ὲκλάμπονταο

262 5239 360 5292 καὶ
396 5237 587 5312 ὥσπερ
623 5242 682 5309 ἐξ
723 5244 965 5316 ἀκάνθης
1005 5249 1068 5301 τὸ
1116 5249 1299 5320 ῥόδον,
1336 5251 1509 5315 οὕτως
1552 5255 1615 5306 ἐκ
1660 5255 1839 5310 πόνων

261 5329 464 5399 ἀρετῆς
509 5331 671 5399 φυτὸν
718 5335 917 5399 εὐῶδες
950 5340 1029 5401 εἰς
1075 5340 1250 5412 ὀσμὴν
1292 5342 1385 5395 τοῦ
1429 5343 1566 5397 Θεοῦ
1603 5346 1835 5414 φύεσθαι

259 5419 528 5490 πέφυκεν.
554 5423 710 5477 Οὕτω
738 5426 921 5491 λυθεὶς
950 5429 1057 5482 τῶν
1087 5433 1444 5506 χαμαιζήλων
1475 5437 1713 5500 ἐννοιῶν,
1746 5440 1838 5492 καὶ

257 5509 423 5578 ἀφεὶς
467 5511 623 5583 δίκην
662 5515 903 5584 πηδίλων
949 5517 1019 5571 τὰ
1055 5521 1219 5589 γήϊνα
1254 5523 1314 5575 ὲν
1355 5523 1507 5593 τόπῳ
1550 5525 1716 5593 Θεοῦ,
1763 5526 1839 5598 τῷ

338 5687 626 5759 ¹⁶,Εριιοε.
678 5709 731 5755 v,
900 5697 937 5727 “
990 5696 1309 5765 Psal.x1.tv,
1358 5702 1410 5756 5.

1947 4548 2103 4598 uens,
2133 4535 2335 4604 Spiritu
2375 4535 2799 4604 perficiebatur?
2832 4536 2901 4591 de
2936 4538 3132 4593 virtute
3175 4539 3228 4592 in
3264 4538 3516 4598 virtutem

1945 4625 2411 4695 progrediebatur,
2449 4633 2506 4680 ut
2539 4640 2634 4694 per
2660 4636 2965 4697 utramque,
3006 4629 3271 4684 actionem
3307 4630 3430 4686 dico
3461 4643 3517 4689 ει

1945 4716 2474 4785 contemplationem,
2525 4715 2901 4799 Egyptiacam
2932 4733 3144 4775 omnem
3189 4722 3354 4778 animi
3391 4736 3517 4778 cor-

1944 4811 2198 4881 porisque
2229 4808 2478 4865 exsulare
2508 4811 2889 4881 cogitationem
2920 4823 3156 4883 cogeret.

2014 4900 2066 4953 9.
2114 4899 2246 4955 Cum
2291 4914 2439 4964 vero,
2497 4916 2593 4957 ceu
2645 4901 2854 4973 Moyses
2906 4904 3043 4960 alter
3092 4906 3279 4961 huicce
3315 4906 3513 4960 mundo

1944 5004 2040 5057 pro
2080 4990 2278 5043 eximio
2329 5006 2553 5047 munere
2605 4991 2784 5060 datus,
2836 4993 3125 5064 Egyptum
3178 4994 3508 5062 reliquisset,

1941 5080 2078 5134 hanc
2108 5079 2291 5149 utique
2321 5084 2507 5143 vitam,
2553 5099 2780 5154 quaeque
2818 5084 2881 5137 ad
2915 5086 3081 5153 ipsam
3123 5084 3418 5150 pertinent,-
3447 5100 3511 5140 ac

1939 5172 2096 5226 modo
2142 5172 2372 5239 quodam
2426 5176 2549 5227 vita:
2599 5174 2760 5242 hujus
2817 5189 3007 5228 exsors
3060 5171 3283 5228 effectus
3328 5186 3506 5245 esset,

1940 5261 2107 5316 Deum
2146 5263 2282 5317 vidit
2331 5263 2383 5317 iu
2434 5264 2655 5331 hujusce
2696 5263 2876 5318 szeculi
2917 5264 3208 5332 asperitate
3259 5266 3399 5321 velut
3452 5269 3506 5323 in

1936 5351 2069 5406 rubo
2109 5353 2602 5421 splendesccntcm.
2648 5352 3109 5420 Quemadmodum
3143 5355 3289 5409 enim
3330 5372 3506 5414 rosam

1936 5455 2001 5495 ex
2051 5442 2240 5510 spinis,
2294 5445 2373 5498 sic
2417 5458 2483 5498 ex
2532 5443 2806 5499 laboribus
2845 5443 3243 5501 suaveolentem
3288 5448 3507 5505 virtutis

1939 5530 2175 5602 plantam
2206 5534 2258 5587 in
2293 5533 2385 5590 Dei
2418 5535 2637 5591 odorem
2669 5535 2978 5605 germinare
3004 5550 3375 5608 comparatum
3401 5549 3517 5613 est.
