3968 6348
482 250 581 312 771

1683 256 1744 313 S.
1777 252 2096 314 JOANNIS
2132 254 2559 319 DAMASCENI

3639 242 3742 303 77:?

493 380 735 450 Abjeetis
782 376 962 445 itaque
1010 367 1428 440 cogitationibus
1467 373 1775 434 exemptus,
1812 366 2065 420 terrenis-

2180 370 2296 440 ἰδίῳ
2326 371 2402 441 νῷ
2433 371 2665 439 γίνεται,
2701 371 2798 424 καὶ
2825 370 2928 442 ὁρᾷ
2954 368 3090 423 Θεὸν
3117 369 3199 433 ὡς
3220 369 3350 423 ἰδεῖν
3378 368 3628 432 δυνατὸν,
3655 372 3751 424 καὶ

493 489 599 543 que
634 472 792 526 rebus
820 467 1311 521 calceamentorum
1345 460 1519 513 instar
1561 458 1771 526 positis,
1809 457 1863 511 in
1897 457 2071 512 locum

494 562 589 616 Dei
628 557 863 613 occurrit
894 556 1099 623 (mente
1134 566 1230 604 sua
1262 549 1496 617 scilicet)
1518 548 1608 603 ubi
1638 548 1804 601 Deum
1834 547 2075 601 intuetur

490 659 750 722 quantum
776 644 967 698 intueri
999 640 1253 711 possibile
1282 650 1386 695 est.
1416 639 1653 695 Rursum
1676 653 1807 693 vero
1830 637 1884 691 in
1906 635 2076 707 Egy-

492 748 639 808 ptnm
676 743 902 799 remeat,
942 732 1197 802 populum
1227 730 1458 784 multum
1490 742 1594 783 uec
1632 726 1908 781 numerari
1939 724 2076 780 faci-

493 830 622 892 lem,
653 841 719 880 ex
757 825 871 889 illa,
900 834 955 879 et
980 839 1050 878 ex
1081 837 1267 877 amara
1299 821 1601 876 Pharaonis
1630 818 1897 889 principis
1924 817 2074 873 orbis

492 921 750 975 servitute
793 917 1153 972 translaturus
1201 914 1268 968 ad
1298 913 1570 967 excelsam
1603 920 1805 967 terram
1846 910 2074 979 promis-

492 1013 684 1077 sionis,
716 1020 775 1064 ut
822 1010 1068 1063 traducat
1100 1022 1194 1060 eos
1228 1020 1329 1076 per
1355 1020 1505 1059 mare
1539 1002 1779 1057 Rubrum
1809 1015 1964 1071 aquae
1994 1002 2073 1056 di-

491 1104 630 1157 vinze
668 1112 721 1155 et
764 1100 1065 1167 sanguinis,
1118 1098 1172 1151 in
1221 1098 1440 1151 deserto
1479 1094 1947 1164 perturbationum
1984 1106 2075 1145 va-

491 1210 595 1249 cuo
620 1202 921 1255 versantes,
952 1191 1045 1244 ubi
1071 1198 1264 1244 exacto
1292 1187 1547 1252 Amalec,
1570 1185 1827 1256 expansis
1858 1186 1912 1239 in
1946 1199 2074 1239 cru-

493 1288 570 1342 cis
631 1287 843 1339 modum
881 1284 1149 1346 manibus,
1190 1280 1269 1335 ad
1312 1280 1486 1334 instar
1526 1278 1687 1333 illius
1724 1277 1838 1346 :qui
1898 1277 2070 1332 nostri

492 1379 660 1449 gratia
700 1392 890 1431 manus
941 1374 1195 1444 expandit
1240 1374 1293 1427 in
1332 1386 1518 1437 cruce,
1554 1370 1837 1425 victricem
1871 1385 1937 1425 ex
1984 1369 2075 1423 illo

491 1470 744 1522 virtutem
789 1467 1089 1521 obtineant.
1139 1464 1354 1518 Duobus
1399 1463 1564 1532 igitur
1607 1460 1767 1515 annis
1813 1460 1866 1514 in
1910 1474 2073 1529 specu

495 1568 754 1622 moratus,
783 1557 1038 1612 coercitis
1061 1570 1153 1625 per
1178 1553 1390 1625 vigilias
1415 1552 1595 1606 anima
1622 1562 1677 1606 et
1698 1565 1947 1620 corpore,
1974 1566 2071 1606 ceu

487 1650 598 1718 jam
634 1663 797 1702 carne
836 1649 971 1701 liber
1015 1656 1180 1712 esset,
1226 1645 1530 1700 divinorum
1572 1644 1913 1715 eloquiorum
1953 1656 2071 1699 stu-

492 1743 583 1795 dio
628 1750 683 1795 et
744 1739 1094 1793 meditatione
1150 1738 1512 1805 ignorantiam
1565 1750 1782 1791 omnem
1846 1736 2068 1804 pepulit,

491 1847 638 1887 verae
685 1831 925 1885 scientiae
970 1828 1474 1883 lumiuerin‘semet
1521 1836 1757 1895 recepto.
1800 1825 1896 1881 Sin
1943 1842 2072 1883 vero

493 1922 771 1992 indulgere
808 1933 1000 1975 somno
1031 1932 1170 1988 opus
1216 1925 1353 1981 erat,
1402 1930 1510 1985 quo
1562 1925 1753 1971 natura
1794 1931 2072 1972 recreare-

494 2021 583 2067 tur
612 2018 1140 2075 sustentareturque,
1172 2007 1297 2060 'hoc'
1323 2003 1793 2061 olﬁcium-naturae
1824 2008 1905 2062 sic
1934 2022 2074 2078 prte-

491 2104 692 2167 stabat,
729 2111 786 2154 ut
816 2100 927 2155 'illo'
949 2100 1190 2164 biennio,
1226 2112 1331 2153 neci
1354 2108 1534 2165 nocte,
1582 2114 1683 2154 nec
1710 2100 1801 2154 die
1847 2102 2074 2155 recuba-

492 2203 599 2249 ret.
640 2193 756 2247 Hac
796 2188 1540 2259 rationeinl‘erioris’partis
1581 2189 2073 2246 Iibidineseneea-

492 2286 709 2351 bantur,
758 2284 1335 2341 lumborum‘vlrtutes
1387 2282 1773 2346 solvebantur,
1832 2282 2070 2337 umbilici

493 2375 937 2443 exstinguebatur
972 2384 1188 2441 testas,
1211 2383 1304 2427 wut
1332 2396 1335 2399 λ
1359 2373 1497 2428 nihil
1568 2374 1761 2428 virium
1788 2375 2070 2440 haberet,

492 2464 684 2533 quibus
703 2464 879 2533 jnvari
908 2473 1106 2533 posset.

544 2617 651 2672 10.
703 2617 762 2672 ln
797 2619 1025 2685 patriam
1075 2594 1258 2687 itaque
1302 2617 1541 2685 rediens,
1575 2618 1895 2689 presbyterii
1946 2632 2068 2687 gra-

492 2711 622 2765 dum
662 2710 878 2779 accipit.
929 2709 1173 2779 Cumque
1220 2719 1497 2779 tanquam
1531 2711 1666 2780 grati
1713 2711 1876 2766 animi
1923 2710 2066 2764 filius

493 2800 691 2855 nutrici
720 2800 880 2854 matri
912 2799 1291 2855 nutricationis
1326 2801 1549 2869 praemia.
1578 2801 1936 2870 rependisset,
1963 2799 2073 2856 Deo

493 2895 811 2962 providente
862 2892 928 2946 ad
974 2892 1187 2946 urbium
1220 2893 1519 2962 principem
1566 2891 1915 2957 transfertur,
1958 2909 2072 2947 ma-

492 2985 691 3055 gnique
725 2983 994 3052 pontiﬁcis
1040 2983 1211 3036 ﬁliam.
1245 2984 1393 3038 ducit
1428 2999 1674 3039 uxorem.
1718 2982 1957 3052 Equum
1998 2984 2071 3037 si-

492 3076 714 3145 quidem
758 3090 864 3128 non
914 3084 1055 3139 erat,
1104 3086 1162 3129 ut
1212 3074 1440 3143 insignis
1486 3077 1620 3130 adeo
1675 3075 1951 3144 religionis
1991 3075 2067 3128 iu-

486 3181 676 3232 cerna,
726 3166 780 3220 in
829 3180 935 3234 qua
974 3165 1165 3220 lumen
1198 3165 1427 3235 tempori
1476 3165 1621 3219 nullo
1672 3166 1965 3220 obnoxium
2013 3176 2068 3221 et

490 3268 749 3313 aeternum
786 3256 1189 3322 requiescehat,
1215 3255 1317 3309 sub
1354 3258 1533 3311 modio
1557 3256 1940 3321 occultaretur,
1970 3257 2064 3311 sed

488 3363 653 3415 super
701 3347 1081 3399 candelabrum
1121 3346 1392 3399 excelsum
1444 3348 1803 3414 omnibusque
1852 3349 2066 3414 conspi-

486 3454 647 3492 cuum
681 3445 1029 3501 statueretur,
1068 3443 1128 3489 ut
1164 3451 1231 3490 ex
1256 3436 1368 3489 alta
1408 3440 1690 3505 positaque
1721 3437 1773 3489 in
1822 3438 2063 3491 meditul-

488 3527 825 3598 llospecula,
868 3541 966 3580 ceu
1013 3526 1138 3600 tuba
1173 3541 1241 3580 ex
1284 3541 1422 3581 auro
1468 3525 1677 3591 dnctili,
1712 3527 1778 3578 ad
1826 3526 2062 3581 universi

487 3630 1019 3684 exu-emaquacque,
1049 3626 1388 3685 personaret.
1436 3615 1576 3681 (Quis
1630 3616 1928 3671 Ecclesium
1979 3619 2061 3672 sic

490 3712 629 3766 rexit
658 3709 1056 3778 ordinavitque,
1091 3714 1145 3762 et
1181 3708 1434 3762 btttnilem
1456 3708 1808 3765 nihilominus
1840 3725 2061 3764 sensum

490 3820 599 3874 pra:
628 3818 686 3859 se
716 3802 872 3856 tulit?
896 3801 1018 3870 quis
1055 3800 1190 3855 iram
1231 3800 1506 3869 animique
1539 3801 1938 3856 vehementiam
1985 3803 2061 3855 sic

487 3893 842 3962 compescuit,
899 3902 958 3944 ut
1002 3889 1477 3944 mansuetudinem
1524 3889 1589 3942 ad
1637 3888 1859 3955 justitia:
1916 3888 2061 3959 leges

484 3996 732 4041 exactam
775 3994 1103 4042 consecutus
1145 3991 1325 4049 esset;
1360 3998 1484 4052 qua
1513 3983 1772 4053 quidquid
1818 3984 2062 4037 obstaret

484 4079 698 4142 virtuti,
742 4078 1041 4146 reingeret,
1072 4074 1391 4142 justumque
1432 4073 1503 4127 ab
1556 4074 1767 4143 iniustis
1826 4075 2062 4128 vindica-

486 4168 608 4222 ret?
641 4167 764 4234 quis
809 4166 1077 4218 charitate
1128 4163 1240 4223 illa,
1276 4176 1342 4213 ex
1389 4176 1495 4229 qua
1536 4162 1909 4216 misericordia
1965 4177 2058 4214 na-

481 4258 676 4321 scitur,
729 4253 958 4308 eximius
1009 4250 1142 4303 adeo
1190 4249 1331 4313 fuit;
1387 4249 1540 4316 cujus
1594 4251 1810 4304 virtutis
1869 4267 2058 4304 monu-

479 4355 667 4406 menta
723 4342 945 4395 anintati
1006 4340 1146 4409 cippi
1216 4338 1482 4407 hodieque
1545 4340 1803 4408 gestant?
1868 4338 2058 4395 Omnis

440 4448 662 4490 sermo
724 4432 870 4488 illius
918 4429 990 4487 de
1048 4430 1416 4485 misericordia
1471 4440 1621 4497 erat,
1678 4432 1881 4500 quique
1936 4424 2063 4486 eum

479 4522 923 4580 verbilacientetn
954 4523 1215 4586 audisset,
1244 4523 1312 4576 ad
1356 4521 1596 4576 habitum
1624 4522 1883 4576 continuo
1906 4538 2057 4576 com-

481 4615 849 4671 miserationis
894 4613 1345 4682 liberalitatisque
1388 4614 1810 4682 provehebatur.
1850 4612 2058 4667 Suade-

480 4710 570 4762 bat
592 4704 754 4775 891
788 4719 881 4758 sua
914 4704 1023 4758 Deo
1052 4705 1330 4772 .l'enerari,
1367 4706 1737 4775 corruptibilia
1774 4716 1828 4761 et
1850 4707 2053 4760 caduca

475 4799 759 4869 largiendo
792 4795 889 4861 illi,
920 4797 1014 4864 qui
1054 4797 1429 4862 permanentia
1467 4806 1521 4849 et
1554 4799 1861 4866 incorrupta
1898 4796 2055 4850 vicis-

477 4892 579 4947 sim
617 4891 792 4954 daret,
828 4900 893 4941 ac
935 4886 1229 4940 recondere
1258 4886 1309 4938 in
1337 4886 1489 4940 caelis
1523 4888 1886 4943 miserationis
1916 4901 2054 4956 penu

472 4983 617 5055 quod
656 4996 764 5037 non
798 4986 1232 5039 censumeretur,
1262 4990 1363 5029 nec
1393 4978 1705 5044 praedationi
1737 4979 1919 5032 furum
1961 4994 2054 5047 pa-

476 5086 617 5129 teret
647 5091 662 5128 :
691 5082 749 5127 ut
797 5078 1020 5140 peccata
1061 5067 1419 5137 eleemosynis
1477 5079 1789 5136 purgarent,
1845 5080 1900 5123 et
1948 5070 2053 5122 ini-

473 5168 714 5234 quitates
733 5160 1107 5227 misericordia
1140 5174 1505 5230 ergaegenos
1534 5178 1547 5214 :
1584 5158 1894 5228 frangerent
1922 5174 2052 5228 pau-

476 5260 695 5322 peribus
739 5272 928 5325 panem
988 5253 1287 5308 secundum
1335 5252 1706 5322 praescriptum
1755 5248 2051 5320 Evangelii,

476 5347 893 5415 sitientibusquc
918 5342 1167 5414 poculum
1191 5343 1419 5410 darent;
1452 5345 1717 5397 nudorum
1748 5342 2049 5396 nuditatem

476 5444 749 5505 tegerent,
812 5438 1052 5492 vestibus
1097 5436 1382 5491 destitutos
1437 5434 1755 5498 induerent,
1807 5432 1907 5488 sub
1963 5433 2050 5487 dio

2103 1717 2145 1774 Β

2096 3044 2139 3102 C

2175 466 2339 518 πάλιν
2387 465 2463 527 εἰς
2504 465 2777 531 Αἴγυπτον
2826 462 3226 534 παραγίνεται,
3266 460 3444 531 πλήθη
3485 459 3660 514 πολλὰ
3692 476 3752 513 τε

2176 555 2271 609 καὶ
2298 555 2500 623 ἄπειρα
2529 554 2590 619 ἐξ
2618 549 2916 622 Ᾱίγύπτου,
2950 555 3043 607 καὶ
3073 554 3173 623 τῆς
3205 554 3410 623 πικρᾶς
3439 551 3752 624 τυραννίδος

2173 646 2375 715 Φαραὼ
2408 645 2503 699 τοῦ
2546 646 3013 716 κοσμοκράτορος.
3050 645 3147 697 καὶ
3189 642 3324 714 πρὸς
3351 642 3451 713 τὴν
3494 642 3610 696 ἀνω
3648 642 3751 713 γῆν

2174 738 2272 806 τῆς
2294 737 2626 805 ἐπαγγελίας
2657 734 3130 807 μεταστησάμενός
3158 751 3240 799 τε,
3270 733 3367 787 καὶ
3390 733 3750 803 μεταστήσων

2175 825 2263 880 διὰ
2310 826 2581 896 θαλάττης
2658 811 2928 895 Ἐρυθρᾶς
2976 823 3070 875 τοῦ
3113 822 3258 877 θείου
3312 823 3506 886 ὕδατός
3550 840 3611 875 τε
3657 822 3749 877 καὶ

2176 918 2429 988 αἵματος,
2454 920 2510 972 ἐν
2542 917 2734 988 ἐρήμῳ
2753 919 2863 969 τῶν
2890 914 3080 969 παθῶν
3108 914 3625 985 πολιτευσαμένους,
3658 916 3750 968 καὶ

2189 1010 2440 1080 ’Λμαλὴκ
2480 1009 2834 1071 ὲκκλίναντας
2873 1007 3072 1078 χειρῶν
3106 1007 3329 1062 ἐκτάσει
3373 1005 3749 1076 ἐπαιρομένων

2181 1100 2540 1173 σταυροειδῶς
2591 1099 2727 1171 πρὸς
2784 1100 2877 1153 τὸν
2928 1101 2984 1151 ὲν
3040 1097 3261 1169 σταυρῷ
3305 1097 3405 1160 τὰς
3453 1098 3641 1166 χεῖρας
3685 1096 3750 1149 δι’

2177 1196 2325 1266 ἡμᾶς
2361 1193 2707 1255 ἐκτείναντα,
2754 1190 2815 1257 ἐξ
2846 1189 3015 1244 αὐτοῦ
3043 1206 3105 1241 τε
3136 1189 3239 1259 τὴν
3265 1186 3625 1259 τροπαιοῦχον
3668 1186 3751 1239 δε-

2176 1283 2469 1353 δεγμένους
2505 1280 2754 1351 δύναμιν.
2808 1280 2896 1333 Ἐν
2940 1279 3020 1349 τῷ
3071 1278 3324 1349 σπηλαίῳ
3356 1277 3535 1331 τοίνυν
3574 1267 3750 1329 διττὸν

2177 1375 2298 1438 ἔτος
2331 1373 2645 1444 διατρίψας,
2665 1374 2760 1429 καὶ
2787 1372 3065 1443 ἄγρυπνον
3088 1370 3184 1443 τὴν
3212 1369 3392 1440 ψυχὴν
3423 1369 3540 1439 ἅμα
3568 1367 3661 1421 καὶ
3691 1366 3751 1419 τὸ

2180 1468 2340 1538 σῶμα
2397 1467 2752 1536 διαφυλάξας,
2810 1460 2921 1519 οἷον
2960 1464 3225 1533 ἄσαρκος
3270 1465 3338 1532 τῇ
3397 1461 3597 1531 μελέτῃ
3643 1458 3749 1512 τῶν

2178 1562 2339 1616 θείων
2380 1561 2583 1629 λογίων
2610 1557 3089 1630 ὲνασχολούμενος,
3126 1557 3311 1611 πᾶσαν
3346 1554 3749 1624 ὲξωστράκισεν

2178 1657 2401 1725 ἄγνοιαν
2424 1696 2439 1719 ,
2469 1655 2529 1707 τὺ
2564 1654 2684 1723 φῶς
2723 1655 2821 1723 τῆς
2858 1651 3094 1723 ἀληθοῦς
3131 1650 3585 1719 είσοικισάμευοςη
3608 1646 3749 1714 γνώ·

2173 1766 2333 1811 σεως.
2368 1749 2431 1800 El
2457 1747 2514 1801 δὲ
2547 1747 2645 1800 καὶ
2674 1746 2845 1799 ῦπνου
2879 1744 3202 1816 μεταλαχεῐν
3226 1743 3333 1797 ἔδει
3364 1740 3500 1813 πρὸς
3525 1739 3626 1810 τὴν
3651 1739 3748 1808 τῆς

2173 1841 2389 1911 φύσεως
2435 1840 2736 1910 ἀνάκτησιν
2779 1839 2878 1893 καὶ
2921 1839 3257 1910 ἀνάρρωσιν,
3311 1834 3451 1888 ἔστω
3492 1831 3595 1903 τὴν
3639 1830 3749 1884 λεια

2172 1932 2432 2005 τουργίαν
2462 1931 2645 1984 ἐτέλει·
2664 1931 2769 2000 τῆς
2804 1929 3044 1998 φύσεως,
3075 1928 3151 1992 ὡς
3181 1928 3243 1981 τὸ
3271 1925 3459 1980 διττὸν
3482 1924 3602 1986 ἔτος
3640 1921 3747 1978 οὐδ’

2172 2024 2309 2087 ὅλως
2336 2021 2713 2087 ἀνακλιθῆναι,
2741 2022 2802 2074 ού
2826 2020 3061 2095 νύκτωρ,
3088 2019 3149 2072 ού
3177 2018 3298 2088 μεθ’
3323 2016 3559 2087 ἡμέραν.
3594 2012 3748 2069 Οὕτω

2173 2115 2464 2185 νεκροῦται
2520 2114 2591 2168 τὰ
2648 2115 3029 2184 ὑπογάστρια,
3082 2112 3177 2165 καὶ
3220 2110 3330 2164 τῶν
3384 2108 3600 2180 νεφρῶν
3650 2107 3746 2170 τὰς

2170 2206 2430 2274 δυνάμεις
2478 2204 2750 2267 ἐκλύεται,
2804 2203 2899 2256 καὶ
2948 2202 3056 2255 τῶν
3102 2201 3188 2255 ἐπ’
3228 2199 3475 2270 ὀμφαλοῦ
3514 2197 3745 2268 γαστρὸς

2171 2297 2270 2366 τὴν
2321 2296 2571 2365 πύρωσιν
2604 2294 3083 2366 παρασὸέννυται,
3132 2294 3230 2346 καὶ
3269 2292 3458 2354 ἄτονος
3498 2289 3636 2361 πρὸς
3686 2288 3747 2341 τὸ

2172 2386 2363 2456 ἑαυτῷ.
2383 2385 2742 2458 χρησιμεύειν
2779 2383 3011 2452 γίνεται.

2248 2630 2338 2688 ια’.
2363 2624 2528 2694 Δῦθίς
2556 2646 2617 2682 τε
2642 2628 2780 2701 πρὸς
2806 2628 2905 2700 τὴν
2932 2626 3169 2699 πατρίδα
3198 2626 3620 2698 παλινοστήσας,
3654 2628 3746 2680 καὶ

2172 2723 2271 2793 τῆς
2306 2720 2633 2790 Ἑκκλησίας
2665 2722 2723 2773 ὲν
2750 2718 3129 2790 πρεσϐυτέρου
3153 2717 3303 2783 τάξει
3324 2718 3631 2789 γινόμενος,
3657 2720 3749 2772 καὶ

2172 2813 2345 2884 ταύτῃ
2366 2812 2443 2876 ὡς
2472 2811 2777 2881 εὐγνώμων
2804 2813 3035 2882 παῖςετῇ
3058 2810 3259 2881 τιθηνῷ
3288 2812 3455 2880 μητρὶ
3484 2811 3749 2873 ἀποτίσας

2174 2906 2242 2961 τὰ
2275 2905 2539 2977 θρέπτρα,
2574 2903 2696 2975 θείᾳ
2736 2903 2963 2974 προνοίᾳ
2999 2902 3136 2974 πρὸς
3167 2903 3267 2973 τὴν
3304 2902 3599 2973 ἁλουργίδα
3641 2902 3747 2955 τῶν

2175 2998 2396 3051 πόλεων-
2407 2996 2825 3068 μετατάττεται,
2847 2996 2944 3048 καὶ⁸
2962 2995 3059 3066 τὴν
3087 2993 3363 3066 θυγατέρα
3384 2994 3477 3048 τοῦ
3510 2995 3748 3064 μεγάλου

2172 3088 2473 3160 ἀρχιερέως
2500 3086 2856 3158 νυμφεύεται.
2891 3086 2966 3139 Ού
2998 3086 3107 3157 γὰρ
3136 3086 3244 3139 ὑπὸ
3269 3087 3748 3159 μόδιονκρύπτεσ-

2173 3181 2263 3234 θαι
2299 3181 2446 3234 ὅσιον
2498 3179 2763 3250 φωστῆρα
2792 3179 3030 3246 τοιόνδε,
3060 3180 3149 3248 ἐφ’
3194 3172 3240 3246 ᾧ
3278 3180 3343 3233 τὸ
3383 3180 3611 3249 ἄχρονον
3657 3179 3749 3232 καὶ

2170 3274 2340 3327 ἀΐδιον
2368 3274 2481 3342 φῶς
2522 3273 2907 3326 ἀναπέπαυται
2929 3310 2945 3335 ,
2992 3272 3110 3326 ἀλλ’
3141 3273 3235 3327 ἐπὶ
3283 3271 3503 3343 λυχνίαν
3538 3271 3749 3342 ὑψηλὴν

2172 3364 2265 3415 καὶ
2309 3364 2602 3433 περίοπτον
2642 3362 3015 3424 ἀνατίθεσθαι,
3060 3364 3125 3416 ἵν’
3153 3363 3230 3427 ὡς
3268 3363 3328 3429 ἐξ
3362 3363 3607 3416 ἀπόπτου
3653 3364 3749 3417 καὶ

2173 3455 2506 3523 μεσαιτάτης
2530 3456 2818 3526 περιωπῆς
2842 3456 3077 3525 σάλπιγξ
3100 3450 3187 3508 οἷα
3211 3454 3553 3526 χρυσήλατος
3571 3455 3749 3509 πάντα

2171 3548 2482 3619 περιηχήσῃ
2520 3546 2588 3600 τὰ
2618 3549 2853 3619 πέρατα.
2892 3548 2988 3612 Τίς
3014 3548 3188 3611 οὕτως
3240 3548 3566 3617 Ἐκκλησίαν
3601 3547 3749 3600 ῖθυνέ

2169 3651 2228 3687 τε
2260 3638 2355 3688 καὶ
2387 3636 2568 3702 ἔταξε,
2603 3638 2698 3691 καὶ
2721 3638 3001 3708 χθαμαλὸν
3030 3638 3363 3704 ἐπεδείξατο»
3378 3639 3652 3709 φρόνημα,
3690 3638 3750 3690 ὲν

2170 3726 2358 3797 ὑψηλῷ
2390 3728 2483 3781 τοῦ
2523 3728 2833 3800 ἀξιώματος
2868 3732 3291 3800 προτερήματι;
3331 3731 3412 3791 τίς
3446 3728 3619 3792 οὕτως
3656 3729 3752 3800 ὀρ-

2167 3818 2272 3886 γὴν
2327 3819 2420 3871 καὶ
2477 3818 2646 3888 θυμὸν
2698 3820 3020 3891 ἡνιόχησεν,
3072 3819 3148 3882 ὡς
3198 3819 3424 3889 ἔννομον
3465 3820 3753 3889 πραότητα

2169 3908 2496 3978 κτήσασθαι,
2542 3909 2959 3977 ἀποστυγοῦσαν
2997 3909 3094 3980 μὲν
3122 3910 3227 3962 πᾶν
3265 3908 3293 3960 ὃ
3320 3926 3371 3960 τι
3409 3909 3510 3975 τῆς
3544 3909 3753 3979 ἀρετῆς

2140 4032 2145 4035 -
2166 3993 2464 4057 ἀντίθετον,
2492 3995 2586 4048 καὶ
2605 3996 2982 4049 διεκδικοῦσαν
3006 3997 3061 4048 δὲ
3085 3995 3143 4060 ἐξ
3162 3996 3363 4048 ἀδίκων
3385 3996 3474 4047 τὸν
3496 3997 3712 4050 δίκαιον
3735 4016 3748 4062 ;

2092 4398 2135 4453 D

2165 4085 2249 4146 τίς
2289 4086 2509 4155 ἀγάπην
2538 4086 2820 4149 τοσοῦτος,
2874 4088 2934 4152 ἐξ
2964 4084 3030 4159 ἧς
3069 4086 3214 4150 ἕλεος
3258 4085 3482 4157 φύεταις
3532 4080 3596 4138 οῦ
3648 4089 3752 4157 τῆς

2166 4174 2370 4243 ἀρετῆς
2437 4176 2597 4245 μέχρι
2662 4178 2757 4229 νῦν
2819 4177 3057 4248 ἐμψυχοι
3116 4179 3307 4248 στῆλαι
3370 4178 3439 4230 τὰ
3496 4177 3748 4248 σύμϐολα

2165 4262 2411 4333 φέρουσι.
2454 4265 2627 4332 Λόγος
2657 4266 2765 4336 γὰρ
2804 4268 2910 4331 πᾶς
2950 4267 3101 4339 αύτῷ
3144 4269 3292 4321 ἐλέου
3326 4269 3570 4339 ὑπῆρχεν
3612 4269 3751 4320 ὑπό-

2165 4351 2312 4416 θεσις
2338 4397 2352 4418 ,
2371 4352 2445 4416 ὡς
2474 4356 2552 4416 είς
2582 4354 2692 4420 ἕξιν
2720 4355 3042 4426 ἐληλακέναι
3068 4358 3412 4429 συμπαθείας
3445 4360 3538 4411 καὶ
3573 4376 3748 4429 μετα-

2162 4441 2360 4505 δόσεως
2396 4443 2521 4520 ξοὺς
2550 4444 2658 4497 τῶν
2700 4447 2911 4499 ἐκείνου
2942 4449 3238 4512 ὲπαίοντας
3269 4449 3461 4518 λόγων.
3516 4450 3748 4503 Ἔπεισε

2164 4531 2272 4601 γὰρ
2311 4532 2428 4603 Θεῷ
2470 4534 2537 4587 τὰ
2584 4536 2759 4588 οίκεῑα
2804 4540 3022 4608 κιχρᾷν,
3075 4537 3294 4610 φθαρτά
3354 4540 3595 4603 διδόντας
3648 4543 3749 4594 καὶ

2164 4621 2357 4691 ῥέοντα
2392 4623 2740 4694 ἀντιμετρείν
2781 4626 2848 4679 τὰ
2886 4626 3117 4692 ἑστῶτα,
3174 4630 3271 4681 καὶ
3329 4629 3603 4701 ἄφθαρτα,
3647 4632 3749 4682 καὶ

2165 4711 2515 4784 θησαυρίζειν
2546 4717 2604 4767 ὲν
2624 4717 2880 4787 οὐρανοῖς
2905 4722 3005 4789 τῆς
3040 4720 3386 4791 συμπαθείας
3413 4721 3505 4774 τὸν
3526 4722 3744 4791 ἔρανον,

2161 4801 2223 4853 ού
2263 4801 2674 4873 δαπανώμενον.
2722 4806 2860 4860 Οὐδὲ
2891 4808 3099 4879 κλέπτῃ
3141 4808 3471 4880 συλώμενον,
3508 4812 3746 4880 ἐλεημο-

2162 4892 2351 4958 σύναις
2380 4894 2479 4959 τὰς
2525 4896 2801 4969 ἁμαρτίας
2844 4898 3151 4971 καθαίρειν,
3190 4902 3284 4955 καὶ
3314 4900 3411 4965 τὰς
3443 4901 3661 4965 ἀδικίας
3688 4903 3750 4956 ὲν

2158 4985 2467 5056 οἱκτιρμοῖς
2493 4990 2742 5058 πενήτων
2765 5006 2781 5019 ⁸
2809 4990 3038 5044 πεινῶσι
3070 4990 3428 5063 διαθρύπτειν
3461 4991 3552 5045 τὸν
3577 4993 3752 5063 ἄρτον

2157 5077 2553 5147 εύαγγελικῶς,
2588 5083 2681 5135 καὶ
2721 5080 2918 5151 διψῶσι
2946 5082 3149 5137 διδόναι
3179 5085 3438 5155 ποτήριον
3459 5100 3473 5114 ·
3515 5085 3752 5153 γυμνῶν

2156 5144 2531 5239 περιστέλλειν
2576 5172 2675 5242 τὴν
2700 5144 3003 5242 γύμνωσιν,
3046 5174 3141 5227 καὶ
3179 5144 3478 5243 ἀμφίάζειν
3518 5144 3783 5240 ἀνέφυ-ἓ

2155 5276 2273 5322 νας.
2320 5262 2415 5314 καὶ
2471 5263 2737 5333 ἀστέγους
2778 5264 3103 5335 ὑπαιθρίους
3158 5265 3419 5317 σκέπειν·
3462 5262 3754 5317 ποιεῖσθαι

2156 5350 2456 5405 νοσούντων
2501 5353 2814 5424 ἐπίσκεψιν,
2867 5358 2962 5411 καὶ
3013 5356 3150 5426 πρὸς
3191 5356 3435 5430 φρουρὰν
3470 5354 3565 5409 τὸν
3607 5355 3752 5407 πόδα

2155 5442 2463 5513 προίεσθαι,
2489 5446 2831 5517 καρποῦσθαι
2861 5449 2940 5520 τῷ
2970 5449 3105 5520 ἐλέῳ
3133 5448 3225 5501 τὸν
3257 5447 3428 5501 ἔλεον.

470 5538 694 5602 agentes
714 5529 1046 5599 colligerent,
1071 5532 1352 5588 visitarcnt
1379 5530 1643 5597 inﬁrmos,
1673 5531 1740 5586 ad
1760 5529 2034 5586 custodias
2085 5535 2398 5594 conferrent
2443 5542 2668 5607 pedem,
2719 5552 2775 5598 et
2849 5543 3277 5599 misericordiam
3361 5537 3747 5595 misericordia

472 5632 830 5695 lucrarentur.

2109 5664 2142 5706 ,,
