4018 6342
365 250 472 314 773

1304 250 1683 315 LAUDATIO
1724 257 1784 316 S.
1824 254 2031 317 JOAN.
2072 254 2617 317 CHRYSOSTOMI.

3493 250 3594 315 771

421 368 513 416 ια’.
554 360 734 431 Μῆνιν
784 361 840 415 δὲ
886 361 969 425 τίς
1011 362 1294 440 ἀπώσατο,
1346 367 1441 420 καὶ
1487 366 1824 422 ἀπωθεῖσθαι
1861 368 1923 422 ab

2098 369 2186 424 li.
2221 368 2355 436 Quis
2413 378 2594 424 autem
2639 370 2968 427 iracundiam
3001 368 3080 424 sic
3110 370 3307 441 abegit,
3333 356 3593 445 gregique

349 452 605 522 ποίμνιον
635 451 890 519 πέπεικε,
917 453 1015 525 τὴν
1043 456 1111 507 τά
1139 453 1258 508 θεῖα
1288 456 1575 527 σπλάγχνα
1589 459 1698 513 τῶν
1720 461 1927 529 οἰκτιρ-

353 545 470 616 μῶν
506 546 622 608 τοῖς
655 545 839 615 ἔχουσι
868 546 1191 613 κλείουσαν;
1233 548 1321 611 Ὠς
1349 548 1457 619 γάρ
1485 550 1750 621 ἐποίησας
1791 551 1927 621 (7'5),

349 637 493 690 ἔστω
526 654 628 699 σοι,
660 637 826 708 φησίν
855 654 868 667 ⁸
892 629 936 704 ᾧ
967 637 1152 709 μέτρῳ
1174 643 1415 711 μετρεῖς,
1453 642 1929 714 ἀντιμετρηθησο·

354 728 523 797 μένῳ.
593 725 810 796 Ἀφέντι
850 727 961 798 γάρ
992 727 1350 798 ἀφεθήσεται.
1390 731 1498 784 Καὶ
1527 731 1763 801 ἔμπαλιν
1802 732 1931 787 ἀκο-

349 817 539 871 λουθία
563 816 885 889 πεφώνηκεν
905 835 918 849 ·
947 819 1047 871 ούκ
1077 819 1408 891 ἀφεθήσεται
1441 821 1553 893 γὰρ
1570 824 1670 875 οὐκ
1692 824 1926 892 ἀφιέντι.

350 910 446 971 Τίς
485 906 702 976 φθόνον,
738 906 831 960 καὶ
862 905 1163 976 βασκανίαν
1190 907 1507 978 κατέκρινε,
1539 911 1634 962 καὶ
1660 909 1927 979 κατάκρι-

351 1015 438 1050 σιν
480 995 726 1063 διδάξας;
777 996 839 1049 τὸ
891 996 1210 1066 φθονεῖσθαι
1252 1000 1509 1070 ἀριστον;
1570 1002 1777 1069 ἀγαθὸν
1820 1003 1929 1074 γὰρ

358 1088 504 1141 ᾶπαν
538 1087 852 1154 ἐπίφθονον.
883 1088 1357 1160 Δύτοκατάκριτον
1385 1090 1440 1143 δὲ
1475 1091 1614 1161 πρὸς
1649 1090 1726 1162 τῷ
1757 1091 1930 1162 αἰσχί-

354 1198 462 1249 στῳ
494 1178 555 1232 τὸ
589 1178 859 1247 βάσκανον
889 1179 948 1232 τὸ
983 1178 1201 1232 πάντων
1233 1180 1342 1233 τῶν
1371 1180 1563 1235 παθῶν
1596 1181 1929 1235 ἀδικώτατον

256 1316 263 1321 .
353 1272 446 1323 καὶ
469 1272 807 1324 είκαιότατον
829 1271 892 1323 τὸ
922 1271 1019 1322 τοῦ
1040 1270 1222 1333 ἐλέους
1252 1270 1566 1324 ἀντίπαλον
1597 1273 1754 1343 εἴπερ
1784 1271 1929 1335 ἔλεος

356 1362 455 1432 μὲν
486 1362 791 1434 ἀλλοτρίοις
836 1364 1025 1425 κακοῖς
1075 1359 1496 1429 ἐπαλγύνεσθαι,
1530 1362 1755 1434 ἀγαθοῖς
1786 1363 1842 1416 δὲ
1868 1364 1930 1416 τὸ

355 1454 627 1523 βάσκανον
645 1494 661 1520 ,
701 1454 800 1525 οὐχ
835 1452 1031 1507 ἑαυτοῦ
1059 1453 1245 1518 ἓνεκα,
1277 1454 1369 1507 τοῦ
1397 1453 1454 1506 δὲ
1481 1428 1811 1524 πάσχοντος
1837 1454 1932 1507 καὶ

352 1544 581 1615 αὔξησιν
606 1544 877 1598 ποιεῖσθαι
909 1543 1008 1614 τῆς
1035 1543 1321 1614 τηκεδόνος
1352 1546 1450 1615 τῆς
1482 1542 1677 1598 ἐαυτοῦ
1700 1544 1813 1598 τῶν
1832 1543 1931 1598 ἀλ-

354 1635 585 1708 λοτρίων
619 1633 801 1687 καλῶν
832 1630 932 1704 τὴν
961 1632 1285 1703 ἐπαύξησιν,
1313 1632 1405 1686 τὸν
1429 1633 1770 1703 κεκτημένον
1790 1633 1932 1704 ἀμυ-

353 1728 579 1796 νόμενον
617 1725 904 1799 πρότερον.
956 1724 1067 1777 Καὶ
1110 1723 1406 1789 παιδεύσας
1459 1724 1535 1795 μὴ
1585 1725 1793 1795 κρίνειν
1840 1724 1932 1778 τὸν

354 1810 673 1881 σύνδουλον,
701 1815 778 1879 ὡς
817 1814 885 1868 ἂν
922 1813 998 1886 μὴ
1032 1810 1355 1886 κριθείημεν
1409 1814 1638 1876 δικαίοις
1671 1814 1933 1885 σταθμοῖς

351 1909 448 1964 τοῦ
497 1909 657 1981 μόνου
706 1906 895 1979 κριτοῦ
954 1907 1051 1977 τὴν
1086 1904 1242 1977 δίκην
1284 1909 1420 1978 ἡμῖν
1476 1907 1929 1970 ταλαντεύοντος’

358 2002 494 2073 μηδέ
539 2001 807 2071 ἁρπάζειν
854 1999 917 2052 τὸ
969 1995 1063 2052 τοῦ
1097 1992 1359 2052 δεσπότου
1408 1998 1645 2069 ἀξίωμα.
1687 1994 1784 2063 Εἷς
1821 1999 1931 2072 γάρ

330 2094 333 2097 ’
355 2093 568 2165 κριτὴς,
598 2092 656 2156 ὃς
682 2093 742 2145 ού
768 2089 1054 2163 κρίνεσθαι
1083 2089 1351 2159 πέφυκεν,
1374 2090 1450 2153 ὡς
1476 2090 1636 2161 μόνος
1658 2091 1932 2162 ἁμαρτίας

355 2176 659 2254 ἐλεύθερος,
680 2182 972 2247 δεσπόζων,
991 2182 1048 2235 ού
1078 2181 1490 2252 δεσποζόμενος.
1519 2182 1751 2250 Ἅφετε,
1776 2183 1934 2250 εὐαγ-

354 2272 591 2343 γελικῶς
614 2271 766 2338 ἐϐόα,
788 2271 887 2324 καί
918 2258 1320 2340 ἀφεθήσεσθε.
1344 2269 1439 2333 Τίς
1470 2270 1647 2341 λύπην
1677 2270 1932 2324 ἀπώσατο

354 2364 455 2435 τὴν
488 2364 625 2434 πρὸς
664 2362 1165 2431 θάνατονάγουσαν
1218 2361 1313 2415 καί⁵
1372 2361 1548 2433 λύπην
1595 2362 1802 2428 ἐδίδαξε
1832 2361 1933 2433 τὴν

355 2458 628 2529 θυμηδίας
659 2455 953 2527 πρόξενον;
994 2446 1069 2508 ὧν
1114 2454 1148 2524 ἡ
1204 2454 1303 2524 μὲν
1343 2451 1419 2516 ὡς
1476 2453 1673 2515 πένθος
1718 2454 1818 2522 τῆς
1869 2454 1933 2507 ἐκ

350 2536 820 2617 Θεοῦἀμαρτίας,
852 2543 1135 2614 σωτήριοςο
1166 2542 1326 2612 εἴπερ
1356 2540 1696 2612 ἁμαρτάνειν
1718 2541 1778 2595 τδ
1799 2542 1935 2595 ἀπο-

352 2636 648 2706 τυγχάνειν
680 2634 728 2686 oi.
762 2631 936 2687 ταῦτα
967 2632 1130 2685 δεινοὶ
1156 2629 1527 2700 διειλήφασιν’
1559 2630 1593 2701 ἡ
1627 2630 1684 2684 δὲ
1711 2633 1779 2701 τῇ
1814 2646 1934 2683 στε-

357 2731 516 2804 ρήσει
537 2727 644 2781 τῶν
667 2724 869 2796 ἡδονῶν
892 2727 1052 2778 ὲπισυ
1062 2722 1385 2793 μὸαίνουσα,
1409 2722 1749 2794 θυμόφθορος
1765 2721 1934 2785 ὅντως

356 2823 451 2875 καὶ
484 2819 653 2891 ἄρδην
682 2816 793 2887 (74)
838 2815 1143 2885 εὐδόκιμος.
1181 2815 1256 2868 Ού
1305 2813 1415 2885 γάρ
1459 2815 1631 2881 ἐστιν,
1666 2813 1767 2867 οὐκ
1817 2811 1935 2865 ἐστι

354 2910 537 2982 λύπην
557 2907 871 2989 συμϐῆναι,
912 2905 1081 2975 ἢ,ἐπὶ
1110 2905 1366 2977 στερήσει
1398 2905 1657 2973 ἐφέσεως.
1696 2903 1798 2958 υἷα
1823 2904 1934 2957 τοί-

2032 461 2248 531 abigere
2300 461 2591 529 persuasit,
2627 475 2731 530 qua
2761 460 2941 515 divina
2974 461 3357 519 misericordiae
3389 464 3600 523 viscera

2030 552 2095 607 iis
2124 552 2217 620 qui
2252 565 2313 606 ea
2344 560 2469 607 sunt
2507 552 2732 621 perciti,
2780 551 3143 606 clauduntur?
3180 552 3312 607 Nam
3341 559 3599 622 quemad-

2029 643 2245 697 modum
2294 642 2494 697 l’eceris
2551 643 2672 698 aliis
2702 682 2717 706 ,
2773 643 2982 697 accidet
3033 643 3167 708 tibi,
3212 645 3453 714 inquit“
3485 658 3599 712 ,et

2029 748 2134 803 qua
2169 746 2421 787 mensura
2473 747 2691 787 mensus
2725 733 2926 797 fueris,
2978 733 3329 788 remetientur
3380 736 3495 791 tibi.
3539 737 3598 791 Ei

2028 822 2227 891 quippe
2248 823 2341 892 qui
2376 822 2663 888 dimiserit,
2694 824 3015 878 dimittetur.
3057 824 3123 878 Et
3154 839 3223 878 ex
3252 829 3599 895 consequenti

2031 914 2224 967 iterum
2282 912 2583 968 clamavit:
2617 928 2722 967 non
2772 913 3148 968 dimittendum
3209 930 3332 971 esse
3384 916 3460 971 illi
3509 920 3599 986 qui

2030 1018 2138 1057 non
2163 1004 2404 1058 dimittit.
2442 1005 2642 1074 Ecquis
2672 1005 3017 1060 invidentiam
3046 1006 3334 1075 odiumque
3366 1008 3445 1062 sic
3474 1024 3603 1063 cou—

2032 1096 2273 1161 demnet,
2301 1104 2362 1149 ut
2406 1095 2496 1163 qui
2536 1096 2898 1151 condemnare
2921 1097 3147 1153 alterum
3189 1097 3416 1152 docuit?
3459 1098 3596 1154 invi.

2031 1185 2225 1239 (lentiae
2250 1185 2517 1255 objectum
2557 1200 2677 1240 esse
2712 1201 2799 1241 res
2840 1188 3044 1255 optima
3089 1197 3202 1254 est,
3242 1189 3366 1256 quia
3403 1189 3600 1243 bonum

2031 1291 2192 1330 omne
2222 1276 2528 1331 invidentia:
2567 1278 2854 1332 obnoxium
2886 1289 2989 1333 est.
3024 1280 3120 1334 Ast
3142 1281 3435 1335 invidentia
3463 1297 3601 1350 prae-

2033 1376 2115 1420 ter
2152 1367 2385 1422 dedecus
2433 1366 2610 1436 seipsa
2644 1367 2962 1424 damnabilis
2987 1378 3092 1433 est,
3122 1372 3362 1425 onmium
3392 1382 3602 1441 pertur-

2033 1455 2304 1510 hationum
2330 1456 2689 1525 iniquissima,
2713 1458 3097 1513 misericordia:
3117 1459 3288 1516 hostis
3310 1478 3325 1515 :
3345 1460 3390 1515 si
3411 1475 3603 1530 nempe

2031 1547 2399 1602 misericordia
2435 1548 2486 1601 iu
2520 1548 2619 1602 hoc
2657 1548 2761 1602 sita
2791 1558 2894 1615 est,
2924 1558 2985 1604 ut
3011 1551 3308 1606 alienorum
3338 1551 3601 1606 malorum

2034 1637 2265 1706 aliquem
2297 1637 2494 1704 doleat,
2540 1637 2835 1691 invidentia
2863 1653 2991 1694 vero
3020 1640 3281 1695 bonorum
3305 1678 3323 1705 ,
3357 1655 3463 1695 nou
3493 1641 3605 1695 sui-

2035 1729 2202 1796 ipsius
2230 1744 2392 1784 causa
2414 1767 2430 1794 ,
2458 1728 2551 1784 sed
2578 1727 2693 1797 ejus
2736 1731 2827 1807 qui
2859 1731 2926 1785 iis
2969 1730 3238 1788 adicitur:
3284 1740 3445 1802 atque
3503 1733 3603 1787 hoc

2035 1818 2255 1887 insuper
2296 1825 2560 1887 praestat,
2627 1826 2687 1872 ut
2735 1818 2958 1875 alterius
2988 1821 3248 1875 bonorum
3296 1821 3605 1876 accrctione

2035 1908 2227 1981 invidi)
2259 1907 2406 1963 labes
2456 1917 2510 1963 et
2554 1908 2780 1979 languor
2834 1921 3110 1981 augescat.
3151 1911 3304 1965 Adeo
3356 1920 3415 1965 ut
3458 1911 3607 1981 prior

2035 1998 2124 2052 ille
2173 1997 2516 2061 vindicetur,
2566 1997 2657 2067 qui
2705 2007 2895 2055 auctus
2938 2000 3094 2055 bouis
3145 2002 3327 2058 fuerit.
3367 2002 3447 2055 Ad
3493 2002 3607 2056 haec

2033 2103 2352 2144 conservum
2382 2105 2489 2144 non
2521 2088 2769 2158 judicare
2799 2092 3026 2157 monuit,
3060 2092 3309 2162 nejustis
3335 2093 3500 2147 solius
3517 2093 3608 2159 ju-

2035 2180 2171 2234 dicis
2212 2178 2357 2235 illius
2405 2179 2627 2236 calculis
2676 2181 2979 2251 judiccmur
3005 2220 3019 2245 ,
3060 2196 3089 2235 a
3132 2197 3239 2251 quo
3275 2183 3604 2251 iudiciorum

2036 2270 2330 2324 redduntur
2390 2270 2579 2337 vices,
2643 2286 2744 2326 nec
2791 2271 3003 2327 Domini
3075 2272 3200 2340 jura
3261 2288 3604 2344 usurpemus.

2034 2358 2313 2424 Dimittite,
2342 2360 2653 2429 evangelica
2692 2376 2845 2418 more
2875 2361 3184 2428 clamabat,
3236 2374 3284 2418 et
3312 2364 3607 2419 dimittetur

2033 2451 2174 2505 vobis
2208 2451 2270 2504 ⁸³.
2312 2451 2601 2507 Maerorem
2657 2453 2747 2522 qui
2793 2454 2859 2508 ad
2906 2465 3184 2523 peccatum
3223 2454 3412 2520 ducit,
3457 2454 3609 2511 dolo-

2036 2555 2258 2611 remque
2307 2540 2519 2611 docuit,
2569 2558 2676 2614 quo
2724 2544 2911 2600 laetitia
2959 2546 3188 2615 paritur.
3239 2544 3480 2611 Quorum
3520 2546 3610 2600 hic

2035 2631 2249 2701 quidem
2282 2633 2534 2689 salutaris
2560 2634 2739 2690 luctus
2764 2646 2849 2691 est
2885 2636 2957 2691 ob
2982 2645 3258 2705 peccatum
3302 2649 3409 2703 quo
3447 2636 3609 2691 aber-

2038 2730 2211 2778 ratum
2248 2724 2349 2779 fuit
2374 2740 2404 2779 a
2431 2724 2561 2791 Deo,
2591 2726 2715 2796 quia
2750 2740 2976 2795 peccare
2996 2728 3250 2781 excidere
3282 2735 3387 2791 est,
3420 2740 3612 2796 quem-

2039 2815 2329 2871 admodum
2376 2818 2566 2871 harum
2604 2831 2784 2872 rerum
2832 2818 2993 2889 periti
3028 2819 3266 2887 produnt
3300 2835 3316 2871 :
3358 2816 3446 2872 ille
3483 2831 3610 2872 vero

2037 2925 2143 2965 una
2166 2926 2291 2965 cum
2316 2910 2741 2966 oblectationem
2771 2900 3096 2980 privatione,
3114 2909 3327 2965 conﬁcit
3346 2908 3609 2968 animum,

356 3019 453 3057 νυν
506 3005 541 3073 ᾑ
589 3000 797 3070 ἔφεσις,
844 2997 1023 3051 τοιάδε
1075 2997 1171 3050 καὶ
1221 2997 1322 3065 τῆς
1367 2996 1625 3066 ἀστοχίας
1672 2996 1707 3065 ἡ
1750 2994 1930 3063 λύπιγ

2037 3012 2226 3071 estque
2296 3015 2517 3069 prorsus
2570 3001 2912 3057 “laudabilis.
2977 2999 3134 3055 Nullo
3188 2999 3386 3069 quippe
3451 3005 3612 3067 pacto

354 3093 567 3163 ἀγαθῆς
595 3092 693 3162 μὲν
712 3090 931 3161 ἀρίστη,
953 3088 1130 3152 ἄλλως
1149 3088 1206 3142 δὲ
1226 3087 1479 3159 ἐχούσης,
1504 3086 1682 3150 ἄλλως
1708 3085 1928 3156 ἔχουσα.

2032 3094 2147 3149 ﬁeri
2178 3094 2347 3165 possit
2386 3094 2632 3148 accidere
2659 3105 2945 3147 maerorem
2965 3132 2981 3158 ,
3019 3091 3123 3146 nisi
3156 3089 3415 3143 frustrato
3463 3088 3610 3142 desi-

370 3183 593 3255 ’Δρίστη
630 3182 688 3234 δὲ
717 3180 824 3233 τῶν
854 3178 1097 3250 ἐφέσεων
1131 3178 1229 3251 μία
1262 3178 1399 3249 πρὸς
1425 3178 1486 3231 τὸ
1519 3177 1679 3247 μόνον
1707 3177 1933 3246 ἄριστον

2037 3182 2204 3237 derio.
2234 3181 2543 3251 Cujusmodi
2574 3181 2756 3250 itaque
2802 3178 3128 3235 desiderium
3178 3186 3261 3230 est
3287 3216 3303 3241 ,
3347 3175 3610 3244 ejusmodi

357 3275 619 3331 νεύουσα.“
640 3272 762 3325 Τῶν
789 3271 1046 3325 ἐναντίων
1079 3270 1137 3323 δὲ
1175 3272 1270 3324 καὶ
1298 3271 1354 3323 αἱ
1385 3270 1601 3340 ἐφέσεις
1639 3267 1929 3322 ἀντίθετοι.

372 3366 630 3439 Ἀκηδίας
657 3366 714 3419 δὲ
735 3365 794 3417 τὸ
825 3364 1013 3417 ἄτονον
1045 3363 1145 3416 οὐκ
1174 3362 1405 3416 ἐτόνωσε
1439 3362 1626 3432 μνήμῃ
1660 3360 1927 3424 θανάτους

358 3460 575 3523 διδάξας
596 3457 769 3529 αὐτῆς
792 3457 892 3527 τῆς
916 3455 1096 3526 ψυχῆς
1117 3453 1553 3525 νευροτομοῦσαν
1580 3453 1679 3524 τὴν
1705 3452 1934 3522 δύναμιν

359 3548 735 3613 ἀποσείεσθαι,
772 3550 867 3603 καὶ
898 3547 1101 3618 ταύτην
1133 3547 1536 3609 ἀντεισοικίσας
1576 3545 1718 3599 θεῖον
1746 3544 1931 3614 φόϐον,

358 3643 455 3695 καὶ
488 3642 639 3714 πόθῳ
670 3641 761 3695 τὸν
790 3641 918 3694 λαὸν
946 3638 1292 3711 παροτρύνεις
1324 3638 1459 3709 πρὸς
1489 3636 1674 3708 εὐχὰς,
1710 3636 1801 3690 καὶ
1833 3639 1931 3706 ῥα-

360 3734 565 3805 θυμίαν
597 3732 766 3804 ἄρδην
812 3731 921 3784 τῶν
956 3730 1144 3801 ψυχῶν
1176 3726 1605 3792 ἐκτινάττεσθαι,
1647 3726 1741 3780 καὶ
1770 3726 1935 3780 παντὶ

360 3825 540 3879 σθένει
566 3824 665 3888 τὰς
698 3823 907 3878 ἑαυτῶν
936 3822 1164 3893 καρδίας
1192 3823 1400 3891 τηρεῖν,
1439 3818 1514 3883 ὡς
1548 3819 1613 3872 ἂν
1648 3816 1722 3889 μὴ
1746 3817 1820 3881 ὡς
1848 3817 1937 3870 διὰ

359 3916 596 3987 θυρίδων
646 3915 810 3971 τινῶν
856 3916 963 3969 τῶν
1011 3912 1314 3969 αἰσθήσεων
1362 3909 1540 3977 ἀναϐῇ
1586 3910 1814 3971 θάνατος
1847 3909 1935 3961 ἐπ’

360 4009 554 4072 αὑτάς.

2030 3286 2245 3341 quoque
2275 3285 2477 3327 mceror
2510 3284 2614 3324 non
2653 3269 2887 3323 obtenta:
2912 3266 2988 3321 rei
3019 3266 3336 3319 desiderata:
3364 3280 3379 3317 :
3412 3277 3530 3330 qua:
3564 3270 3613 3324 si

2030 3365 2171 3421 bona
2199 3370 2321 3427 est,
2378 3362 2423 3416 is
2460 3369 2545 3417 est
2590 3359 2828 3429 optimus
2866 3375 2880 3409 :
2918 3356 3001 3411 sin
3048 3354 3205 3408 aliter
3255 3354 3485 3417 habeat,
3543 3353 3611 3404 ad

2036 3470 2206 3527 genus
2258 3454 2485 3509 alterum
2530 3460 2759 3521 spectat.
2816 3448 3219 3504 Desideriorum
3260 3460 3425 3499 unum
3469 3444 3612 3513 opti-

2044 3562 2191 3602 mum
2234 3556 2339 3610 est,
2393 3546 2535 3616 quod
2570 3545 2636 3599 ad
2687 3542 2813 3597 illud
2845 3541 3019 3611 vergit
3071 3539 3213 3609 quod
3257 3537 3430 3592 solum
3476 3536 3616 3605 opti-

2044 3649 2188 3688 mum
2223 3635 2314 3689 sit.
2362 3633 2770 3688 Contrariorum
2829 3644 2993 3701 porro
3057 3628 3321 3685 desideria
3372 3627 3613 3696 opposita

2042 3739 2257 3795 quoque
2291 3733 2436 3779 sunt.
2457 3724 2708 3795 Nunquid
2738 3730 2844 3777 n'on
2873 3725 3064 3776 mortis
3089 3719 3463 3775 recordatione
3487 3731 3608 3772 acc.

2043 3818 2144 3872 dia:
2200 3831 2293 3872 seu
2346 3818 2579 3886 torporis
2624 3813 3048 3868 imbecillitatem
3098 3808 3403 3864 recreavit?
3450 3822 3613 3876 quam

2042 3906 2236 3977 pellere
2264 3905 2478 3969 docuit,
2510 3918 2607 3958 ceu
2658 3902 2867 3957 virtutis
2898 3901 3091 3954 anima:
3128 3912 3326 3952 nervos
3359 3895 3610 3951 exciden—

2044 4008 2174 4065 tem,
2210 3998 2260 4053 ei
2295 3995 2663 4052 substituendo
2690 3993 2779 4048 Dei
2815 3995 3088 4055 timorem,
3119 3987 3481 4059 populumque
3522 4000 3614 4037 ar-

359 4100 576 4155 dentius
601 4099 908 4163 excitando,
945 4107 1054 4153 tum
1075 4104 1133 4152 ut
1155 4096 1455 4151 rationibus
1472 4093 1662 4150 darent
1689 4107 1929 4163 operam,
1976 4105 2087 4148 tum
2151 4105 2211 4150 ut
2261 4106 2491 4149 excusso
2515 4106 2580 4147 ex
2642 4088 2838 4145 animis
2872 4095 3109 4155 torpore,
3136 4082 3387 4139 onmihus
3411 4080 3615 4135 viribus

361 4192 526 4247 corda
554 4191 942 4255 custodiamus,
970 4204 1035 4243 ne
1056 4202 1151 4258 per
1168 4201 1358 4242 sensus
1385 4184 1529 4241 velut
1554 4200 1650 4255 per
1668 4184 1935 4241 fenestras
1973 4186 2026 4240 in
2060 4202 2123 4242 ea
2156 4197 2432 4257 peccatum
2467 4184 2742 4241 ascendat.

432 4298 524 4370 ιβ’.
564 4299 836 4369 Ἐρευνᾷν
866 4298 963 4362 τὰς
987 4296 1206 4367 Γραφάς
1243 4294 1508 4361 ἐδίδαξεν,
1539 4294 1814 4365 ἐξηγητὴς
1843 4295 1933 4348 καὶ

2116 4296 2202 4350 i2.
2235 4294 2475 4351 Scrutari
2502 4293 2812 4364 Scripturas
2842 4290 3046 4357 docuit,
3078 4300 3305 4358 quarum
3336 4294 3617 4340 enarratur

358 4389 657 4461 παιδευτὴς
680 4388 886 4442 τούτων
918 4387 1230 4458 γενόμενος,
1269 4387 1363 4441 καὶ
1402 4386 1728 4457 προφητικῷ
1769 4386 1935 4440 πνεύ-

361 4498 498 4553 ματι
546 4479 615 4533 τὰ
659 4478 1018 4550 κεκρυμμένα
1059 4476 1198 4547 βάθη
1235 4476 1590 4549 διερευνήσας
1634 4477 1725 4531 τοῦ
1767 4476 1937 4533 Πνεύ-

362 4588 560 4643 ματος,
596 4569 692 4623 καὶ
711 4568 1008 4639 διαρρήξας
1039 4567 1134 4622 τοῦ
1157 4568 1482 4640 γράμματος
1507 4567 1567 4621 τὸ
1616 4568 1939 4640 προκάλυμμ-

364 4680 465 4733 μα,
518 4663 615 4715 κοιλ¹
650 4660 713 4714 τὸ
739 4660 933 4723 κάλλος
967 4658 1334 4729 δημοσιεύσας
1367 4660 1428 4713 τὸ
1451 4659 1775 4713 ὲναπόθετον
1799 4675 1814 4691 ο
1846 4658 1941 4712 καὶ

356 4751 541 4806 ταῦτα
580 4751 757 4806 πάντα
794 4750 1005 4822 ἀτύφῳ,
1040 4752 1134 4804 καὶ
1166 4752 1465 4821 ἀκενοδόξῳ
1496 4751 1572 4820 τῷ
1607 4752 1937 4822 φρονήματι.

362 4844 526 4915 ’ῌδει
561 4839 696 4912 γ’ὰρ,
748 4841 867 4912 ᾔδει
912 4845 1247 4896 καταπατεῖν
1275 4842 1334 4895 τὸ
1372 4843 1527 4895 κενὸν
1557 4843 1828 4915 δοξάριον,
1879 4843 1941 4896 τὸ

360 4936 521 4990 κενὸν
551 4935 661 4987 τῶν
689 4934 866 4987 πόνων
896 4934 1178 5004 ἀνάλωμα,
1210 4932 1271 4987 τὸ
1295 4933 1403 4986 τῶν
1440 4933 1649 5004 ἀρετῶν
1675 4934 1826 5005 λήϊον
1849 4934 1943 4986 λυ-

364 5029 714 5099 μαινόμενον.
743 5026 948 5098 Τιθρᾷν
981 5026 1090 5096 γὰρ
1114 5021 1272 5089 οἶδεν,
1310 5018 1397 5077 οἷα
1420 5025 1595 5091 πίθον,
1623 5025 1684 5077 τὸ
1708 5024 1939 5095 ψυχικὸν

359 5121 573 5190 δοχεῖον
599 5120 708 5172 τῶν
739 5118 972 5191 ἀρετῶν,
1000 5119 1093 5172 καὶ
1115 5120 1179 5190 τῇ
1213 5119 1376 5190 ἐκροῇ
1404 5118 1621 5189 είσροὴν
1661 5118 1942 5188 ἐκλαμϐά-

358 5231 550 5278 νουσα,
601 5214 755 5267 οὐδὲν
804 5209 964 5285 ἧττον
1019 5213 1175 5268 κενὸν
1232 5214 1293 5266 τὸ
1344 5214 1549 5283 δοχεῖον
1595 5214 1941 5285 καθίστησιν,

357 5306 617 5380 ἁκερδεῖς
642 5304 871 5377 ἱδρῶτας
892 5304 1251 5378 χαριζομένη,
1271 5305 1372 5359 καὶ
1403 5305 1561 5359 πόνον
1600 5303 1942 5375 προξενοῦσα

438 5487 484 5517 ⁸·
524 5483 717 5541 Matth.
778 5499 873 5552 vn,
913 5483 969 5537 2.
1051 5482 1091 5515 ⁸³
1142 5484 1273 5538 Luc.
1327 5483 1530 5547 v1.37.

444 5643 556 5717 (75)
587 5644 755 5713 Lego,
792 5645 941 5698 ἐσται
967 5688 979 5711 ,
1006 5640 1516 5714 ἀναμετρηθήσεταί
1550 5655 1650 5691 σοι.

2044 4387 2339 4458 doctorque
2382 4387 2561 4442 factus
2613 4400 2735 4440 cum
2791 4384 2993 4445 fuerit,
3049 4378 3362 4450 prophetico
3425 4377 3616 4445 spiritu

2046 4495 2271 4536 arcanas
2302 4479 2537 4549 Spiritus
2559 4477 2955 4547 profunditates
2980 4473 3248 4538 rimando,
3282 4472 3452 4527 scisso
3478 4471 3621 4524 litte-

2046 4584 2121 4624 ra:
2148 4570 2304 4633 velo,
2337 4568 2667 4623 reconditam
2707 4565 3029 4635 elegantiam
3061 4561 3427 4631 exprompsit,
3459 4570 3619 4627 atque

2048 4662 2236 4717 isthaec
2264 4660 2444 4716 omnia
2475 4658 2719 4713 modesto
2764 4656 3005 4724 nihilque
3030 4653 3264 4724 superbo
3291 4648 3620 4707 sensu.‘Nu-

2050 4761 2201 4808 verat
2250 4749 2514 4821 siquidem
2540 4788 2555 4814 ,
2617 4754 2840 4803 noverat
2887 4745 3099 4800 inanem
3151 4740 3431 4813 gloriolam
3499 4751 3620 4805 pro-

2049 4843 2283 4907 culcare,
2310 4838 2481 4913 892
2510 4855 2612 4910 qua
2640 4840 2884 4895 laborum
2912 4836 3142 4907 pretium
3168 4830 3537 4904 supprimitur,
3570 4836 3619 4880 ct

2047 4938 2304 4991 virtutum
2341 4934 2629 4989 marcescit
2649 4932 2835 4989 decor.
2867 4928 3016 4985 Solet
3043 4927 3185 4983 enim
3210 4925 3468 4977 virtutum
3493 4933 3620 4973 cou-

2047 5026 2383 5098 ceptaculum
2414 5026 2556 5081 haud
2589 5038 2746 5080 secus
2776 5033 2938 5092 atque
2972 5020 3171 5073 dolium
3205 5013 3512 5084 perforare,
3538 5011 3616 5062 in-

2048 5119 2357 5188 ﬁnitumque
2389 5116 2583 5173 eﬂluxu
2601 5115 2895 5182 excipiens,
2915 5125 3013 5165 vas
3032 5103 3379 5163 nihilominus
3398 5116 3621 5155 vacuum

2051 5213 2306 5281 relinquit
2330 5250 2346 5276 ,
2376 5209 2743 5265 infructuosos
2784 5202 2997 5258 labores
3031 5194 3338 5269 praebendo,
3388 5191 3621 5246 el'licien-

2047 5300 2224 5373 doque
2253 5312 2311 5358 ut
2330 5303 2479 5357 labor
2503 5297 2633 5354 nihil
2652 5292 2999 5353 emolumenti
3026 5288 3308 5364 percipiat.
3342 5286 3399 5341 Ei
3431 5283 3623 5354 quippe

2121 5628 2229 5698 (7i)
2269 5626 2429 5696 Lego,
2464 5625 2743 5694 ἀδόκιμος.
