3968 6348
487 305 600 372 775
1671 294 1732 352 s.
1769 289 2085 371 JUANNIS
2126 280 2555 345 DAMASCENI
3633 263 3722 325 72's

484 424 820 488 compertum
853 422 1001 475 erat,
1036 408 1262 482 gloriam
1309 418 1524 461 onmem
1571 402 2065 468 sublimitatemque

2198 392 2503 464 πικαρπίας
2557 390 2844 461 ἀμέτοχον.
2884 387 3135 457 σῐιφέπειν
3176 381 3283 455 γὰρ
3314 381 3453 453 ᾔδει,
3483 380 3599 452 Θεῷ
3638 379 3725 452 μὶν

486 472 840 569 Deo‘decere,
874 501 1076 558 homini
1106 514 1235 554 vero
1272 495 1630 552 humilitatem
1659 533 1674 555 ,
1723 505 1841 559 quia:
1888 491 1971 542 via
1998 489 2067 542 sit

2194 486 2280 538 τᾶν
2310 482 2469 543 κλέος
2489 483 2583 534 καὶ
2610 480 2858 551 ἔπαρμα,
2887 476 3158 548 ἀνθρώπῳ
3185 474 3241 527 δὲ
3262 472 3359 543 τὴν
3389 472 3721 536 ταπείνωσιν,

486 604 606 656 viro
634 598 836 667 optimo
867 602 923 647 ut
951 591 1240 654 exaltetur,
1273 602 1480 643 necnon
1510 583 1726 640 lsraelis
1764 581 1930 641 scala,
1962 596 2065 649 qua

2194 574 2287 627 δὸν
2330 572 2538 644 ἀρίστῳ
2579 569 2874 641 γινομένην
2915 567 3196 637 ύψώσεως,
3233 563 3328 616 καλ⁵
3377 562 3588 634 Ἰσραὴλ
3627 562 3724 615 κλί-

490 691 649 745 homo
681 684 956 741 attollatur
981 682 1049 737 ad
1085 680 1286 746 Deum,
1328 689 1549 747 tumque
1585 675 1749 730 Deum
1799 673 1852 726 in
1905 670 2069 726 corde

489 775 926 836 contubernalem
962 772 1182 826 habeat.

560 868 648 921 15.
691 863 967 919 (Στθοιιιτω
990 860 1141 917 omni
1170 865 1385 927 propter
1430 853 1714 909 Dominum
1772 858 2068 905 creatorem

490 957 915 1027 subjiciebatur,
968 954 1067 1007 nisi
1106 948 1446 1006 solummodo
1492 944 1583 999 ubi
1634 942 1823 997 honori
1868 940 2071 995 Christi

491 1048 881 1119 derogabatur,
918 1059 1010 1100 seu
1040 1043 1220 1099 divina
1249 1040 1335 1095 lex
1360 1040 1583 1109 spretim
1634 1037 1943 1098 haberetur,
1983 1044 2073 1088 aut

492 1144 957 1213 pessumdaretur.
987 1134 1288 1206 Superbum
1332 1144 1546 1186 omnem
1592 1137 1647 1183 et
1692 1137 1901 1181 torvum
1944 1124 2075 1179 alle-

493 1243 640 1289 ctum
662 1272 676 1295 ,
722 1241 1087 1300 arrogansque
1119 1222 1469 1294 supercilium
1504 1219 1693 1290 procul
1724 1233 1756 1272 a
1789 1231 1848 1272 se
1889 1230 2077 1269 aman-

494 1327 741 1385 daverat,
774 1320 1078 1387 blandoque
1107 1326 1325 1384 aspectu
1375 1327 1469 1369 eos
1511 1312 1600 1381 qui
1629 1325 1688 1365 se
1731 1310 2075 1377 alloqueren~

496 1425 605 1481 tur,
637 1423 919 1473 contuens.
968 1411 1200 1479 benigno
1246 1417 1301 1462 et
1337 1405 1519 1461 divino
1566 1404 1677 1458 sale
1704 1401 1934 1457 conditis
1957 1413 2076 1454 ser-

495 1506 750 1562 monibus
780 1502 1097 1572 excipiebat.
1145 1496 1413 1553 Gratiosis
1440 1496 1623 1563 itaque
1672 1493 1911 1546 moribus
1954 1504 2077 1543 cum

496 1606 681 1659 esset,
727 1593 875 1646 vultu
926 1590 1156 1645 comiter
1189 1585 1509 1649 arridebat,
1562 1598 1664 1637 non
1715 1597 1779 1636 eo
1832 1582 1938 1635 risu
1989 1579 2078 1648 qui

2176 682 2348 736 ματα,
2395 662 2531 735 πρὸς
2559 662 2691 716 Θεὸν
2725 662 2824 732 μὲν
2847 656 3283 721 ἀναὸιόἀζουσαν
3315 654 3619 725 ἄνθρωπον,
3643 652 3724 707 καὶ

2169 756 2303 810 Θεὸν
2333 754 2559 825 καρδίας
2585 752 2844 807 τελοῦσαν
2878 752 3145 819 ἐφέστιον.

2246 845 2335 915 ιγ.
2376 842 2756 898 Ἐταπεινοῦτο
2785 842 2935 913 πάσῃ
2956 842 3021 909 τῇ
3050 839 3225 892 κτίσει
3245 836 3336 890 διὰ
3363 835 3455 889 τόν
3485 834 3726 887 κτίσαντα

2173 938 2402 1009 Κύριον,
2516 937 2677 1007 μόνον
2723 934 2783 988 ού
2830 931 3064 1004 Χριστὸς
3102 928 3423 1000 ήτιμάζετο,
3455 927 3550 981 καὶ
3586 928 3728 996 νόμος

2175 1033 2318 1093 θεῖος
2347 1030 2674 1100 παρεωρᾶτο
2704 1028 2798 1081 καὶ
2828 1024 3175 1097 ἀνετρέπετο.
3222 1021 3565 1092 Ἀπηνῄνατο
3592 1020 3730 1073 606a-

2178 1120 2271 1191 ρὸν
2320 1119 2467 1173 ἆπαν
2516 1119 2611 1171 καὶ
2665 1116 2945 1186 βλοσυρὸν,
3005 1114 3100 1168 καὶ
3151 1110 3727 1182 ὑπεροφρυϐλέφαρον·

2180 1211 2446 1282 μειλίχιον
2494 1212 2592 1281 μὲν
2624 1211 2684 1262 τὸ
2732 1210 2884 1279 δμμα
2917 1208 3030 1266 τοῖς
3076 1204 3324 1275 ὁμιλοῦσι
3363 1204 3560 1266 διδοὺς,
3593 1202 3730 1269 λόγον

2176 1303 2234 1356 δὲ
2284 1305 2447 1375 ἤπιον
2497 1302 2593 1356 καὶ
2639 1301 2781 1355 θεῖον
2816 1298 3122 1370 ἠρτυμένον
3155 1295 3335 1350 ἅλατι.
3377 1294 3449 1347 Τὸ
3481 1290 3610 1364 ἦθος
3649 1293 3732 1362 μὲν

2177 1394 2391 1463 χαρίεν,
2426 1393 2643 1447 ἀστεῖον
2673 1392 2729 1444 δὲ
2776 1390 2838 1443 τὸ
2883 1389 2977 1443 τοῦ
3022 1387 3317 1460 προσώπου
3368 1386 3646 1455 μειδίαμα,
3680 1384 3731 1437 οὐ

2179 1484 2316 1554 πρὸς
2361 1483 2585 1535 ἔκλυτον
2629 1481 2975 1551 διαχεόμενον
3027 1479 3262 1547 γέλωτα.
3311 1476 3484 1540 Εἰδὼς
3523 1477 3627 1547 γὰρ
3672 1475 3734 1538 ὡς

2180 1578 2298 1638 ταῖς
2329 1576 2550 1645 ἀρεταῖς
2579 1575 2635 1626 αἱ
2663 1572 2850 1626 κακίαι
2881 1571 3339 1641 παραπεπήγασι,
3373 1568 3466 1622 καί
3494 1570 3600 1621 είσί
3632 1585 3735 1629 πως

498 1685 757 1740 dissolute
788 1681 1175 1737 effunderetur.
1218 1679 1352 1732 Nam
1378 1676 1503 1745 quia
1538 1673 1875 1743 exploratum
1908 1671 2073 1726 habe—

2194 1666 2489 1737 ὶγχίθυροι,
2549 1665 2628 1735 τῷ
2683 1664 2883 1735 ἄριστα
2930 1661 3364 1731 διακελευομένῳ
3414 1660 3735 1731 πειθόμενος,

498 1776 610 1841 bat,
650 1772 779 1827 vitia
806 1786 929 1826 cum
962 1769 1253 1823 virtutibus
1281 1768 1525 1837 proxime
1554 1764 1838 1832 conjuncta
1868 1776 1989 1817 esse
2017 1769 2072 1815 et

2194 1759 2465 1826 τροσεῖχεν
2506 1755 2709 1826 ἐαυτῷ,
2757 1753 3092 1825 τραπεζίτης
3146 1751 3402 1822 εύκρινὴς
3433 1752 3734 1820 γινόμενος⁶

499 1866 710 1929 vicina,
749 1877 951 1918 morem
984 1874 1176 1931 gerens
1223 1860 1270 1914 ei
1312 1858 1402 1927 qui
1450 1857 1652 1926 optima
1685 1867 1911 1924 quaeque
1938 1866 2076 1923 pra:-

2194 1847 2560 1931 ti66riitov‘piv
2582 1846 2728 1901 ἅπαν
2754 1845 3219 1915 ἀποπεμπόμενος
3252 1843 3542 1915 χάραγμα,
3573 1842 3666 1911 τῆς
3689 1839 3739 1892 δὲ

3888 1546 3891 1675 ι

500 1960 654 2030 cipit,
694 1971 820 2025 erga
869 1956 1100 2023 seipsuin
1155 1958 1360 2003 attento
1395 1948 1575 2001 animo
1606 1955 1723 2000 erat
1749 1986 1765 2010 ,
1811 1942 2077 2011 trapezita

501 2062 663 2117 sagax
714 2047 890 2098 factus
924 2083 939 2107 ,
1016 2040 1105 2109 qui
1156 2038 1391 2105 spuriam
1446 2043 1717 2089 monetam
1772 2030 2075 2100 repelleret,

500 2138 923 2201 drachmamque
971 2130 1111 2199 regis
1139 2127 1373 2197 imagine
1399 2125 1714 2195 inscriptam
1747 2122 2074 2177 admitteret.

501 2220 726 2279 Omnem
782 2220 980 2275 etenim
1047 2217 1266 2272 malitia:
1320 2216 1556 2285 speciem
1610 2229 1710 2269 suo
1748 2228 1814 2267 cx
1862 2221 2081 2282 pectore

502 2313 872 2383 ablegaverat,
901 2309 1065 2364 divini
1099 2308 1331 2377 Spiritus
1367 2316 1495 2360 nutu
1517 2346 1531 2370 ,
1579 2305 2083 2372 contrariarumqne

503 2403 651 2457 vitiis
685 2402 942 2455 virtutum
978 2397 1291 2467 irrigatione
1318 2395 1674 2464 pinguescens
1696 2433 1710 2455 ,
1756 2393 1898 2447 velut
1939 2392 2081 2445 oliva

505 2492 779 2547 fructifera
831 2492 884 2543 in
935 2491 1095 2542 domo
1129 2488 1258 2551 Dei,
1317 2485 1614 2539 virentibus
1673 2499 1885 2553 semper
1943 2483 2083 2539 foliis

506 2583 854 2651 conspicuus,
890 2577 1394 2649 praestantissimum
1428 2576 1658 2630 fructum
1708 2575 1905 2630 obtulit
1949 2575 2079 2641 Deo,

506 2673 904 2729 multitudinem
934 2685 1118 2725 eorum
1154 2671 1245 2740 qui
1298 2667 1439 2722 illius
1489 2681 1651 2737 opera
1685 2677 1961 2735 compotes
2001 2681 2086 2722 sa-

507 2764 634 2819 lutis
666 2762 790 2817 facti
818 2771 983 2817 sunt:
1021 2762 1101 2816 vel
1141 2762 1304 2815 etiam
1349 2768 1600 2822 tanquam
1632 2758 1833 2828 palma,
1858 2758 2088 2827 optimo—

510 2870 629 2910 rum
668 2854 997 2910 monitorum
1025 2853 1159 2922 palis
1183 2853 1412 2906 munita.
1449 2850 1685 2905 Fortiter
1716 2850 1968 2903 nimirum
1995 2864 2089 2904 eos

511 2947 860 3018 objurgabat,
908 2947 997 3016 qui
1039 2948 1224 3001 domos
1266 2942 1514 3000 domibus
1536 2942 1843 3013 jnngendo,
1875 2941 2087 2994 vineam

2180 1924 2466 2009 βασιλικῆς
2494 1939 2703 2001 εἰκόνος
2732 1937 2830 2008 τὴν
2859 1935 3106 2007 δραχμὴν
3134 1935 3517 2005 προσιέμενος,
3558 1931 3740 1993 κακίας

2182 2031 2279 2101 μὲν
2303 2029 2449 2083 ἀπαν
2489 2025 2649 2093 εἶδος,
2680 2028 2757 2092 ὼς
2789 2028 2919 2098 χοῦν
2950 2028 3225 2100 ἐκρίπτων
3259 2027 3359 2096 τῆς
3392 2026 3590 2079 ἑαυτοῦ
3622 2041 3743 2095 καρ-

2178 2126 2295 2188 δίας
2326 2124 2475 2197 ρύμῃ
2520 2123 2667 2177 θείου
2712 2123 3051 2194 Πνεύματος,
3084 2125 3201 2186 ταῖς
3230 2122 3534 2186 ἀντιθέτοις
3562 2122 3619 2176 δὲ
3647 2122 3743 2176 τῶν

2181 2215 2387 2271 κακιῶν
2411 2216 2635 2286 ἀρεταῖς
2660 2214 3019 2286 ἀρδευόμενός
3051 2230 3110 2266 τε
3135 2214 3230 2266 καὶ
3261 2214 3637 2283 πιαινόμενος,
3663 2213 3746 2266 καὶ

2181 2307 2314 2360 (ossi.
2341 2307 2498 2360 ἐλαία
2541 2306 2897 2378 κατάκαρπος
2928 2309 2987 2359 ὲν
3018 2306 3153 2376 οἴκῳ
3182 2304 3318 2359 Θεοῦ
3353 2308 3418 2377 τῇ
3464 2305 3750 2375 Ἐκκλησία

2184 2399 2445 2469 ἀειθαλὴς
2495 2399 2934 2467 γινωσκόμενος,
2992 2396 3087 2450 καὶ
3126 2396 3247 2465 Θεῷ
3308 2397 3490 2467 φέρων
3552 2395 3749 2468 καρπὸν

2184 2489 2386 2559 ὡραῖον
2413 2488 2513 2559 τὴν
2539 2488 2649 2541 τῶν
2677 2488 2747 2541 δι’
2777 2488 2941 2548 αὑτοῦ
2986 2488 3311 2559 σωζομένων
3346 2486 3586 2559 πληθύνο
3620 2488 3654 2559 ἢ
3683 2486 3749 2549 ὡς

2186 2579 2362 2650 φοίνιξ
2388 2598 2472 2643 τις
2507 2579 2618 2633 τῶν
2661 2580 2897 2652 ἀρίστων
2937 2579 3174 2650 ἐλέγχων
3205 2581 3613 2651 σφραττόμενος
3641 2578 3754 2632 σκό-

2185 2674 2329 2743 λοψι.
2367 2673 2476 2727 Καὶ
2506 2673 2797 2742 διελέγχων
2824 2673 3024 2743 ἄριστα
3055 2673 3179 2735 τοὺς
3210 2672 3389 2725 οἰκίαν
3420 2672 3558 2743 πρὸς
3587 2672 3755 2726 οἰκίαν

2190 2767 2587 2828 συνάπτοντας,
2635 2766 2729 2816 καὶ¹
2780 2762 3062 2816 Ναϐουθαὶ
3115 2762 3442 2832 διαρπάζειν
3475 2759 3756 2831 ἐπειγομέ-

2188 2875 2311 2921 νους
2352 2858 2444 2909 τὸν
2480 2854 2818 2925 ἀμπελῶνα,
2866 2855 2939 2917 ὼς
2984 2854 3084 2907 οὐκ
3125 2855 3277 2917 ὄντος
3314 2853 3497 2907 Ἠλιοῦ
3534 2853 3628 2907 τοῦ
3657 2854 3757 2906 διε⁹

2189 2949 2491 3017 λέγξοντος.
2534 2947 2676 2999 Ἀλλ’
2714 2948 2935 3019 ἤγειρεν
2983 2940 3138 3009 αὖθις
3200 2945 3387 2999 Ἠλίαν
3435 2945 3497 2999 τὸ
3541 2945 3757 3015 Πνεῦμα

510 3035 718 3092 Nahoth
763 3052 952 3107 rapere
994 3036 1421 3101 centendetent,
1455 3048 1519 3088 ac
1548 3034 1591 3088 si
1623 3048 1727 3088 non
1772 3040 1917 3088 esset
1948 3032 2088 3085 Elias

2194 3042 2251 3094 τὸ
2292 3043 2470 3110 ἆγιον,
2520 3037 2929 3111 ὲμφιλοχωροῦν
2977 3038 3036 3090 ὲν
3062 3037 3288 3091 δικαίων
3330 3036 3553 3107 ψυχαῖς.
3615 3036 3761 3091 Κατά

510 3127 578 3181 ad
620 3105 1048 3199 redarguendum
1105 3137 1345 3197 paratus.
1389 3127 1457 3180 At
1500 3126 1641 3181 enim
1690 3125 1859 3180 Eliam
1911 3126 2087 3179 demto

2194 3105 2388 3200 γενεάν
2414 3131 2509 3185 καὶ
2541 3105 3054 3200 γενεάντπροφήτας
3088 3105 3361 3199 ἀνίστησι,
3406 3105 3655 3197 ζηλωτὰς
3682 3127 3760 3198 ἔρ⁶

513 3218 749 3287 Spiritus
778 3230 995 3273 sanctus
1021 3220 1329 3282 suscitarat,
1361 3218 1473 3286 qui,
1505 3231 1626 3271 cum
1653 3216 1883 3270 libenter
1918 3216 1971 3268 in
1993 3216 2081 3284 ju-

512 3317 722 3360 storum
763 3306 957 3360 animis
1001 3315 1251 3370 maneat,
1303 3320 1398 3373 per
1449 3304 1689 3371 singulas
1733 3312 1920 3356 aetates
1961 3319 2088 3371 pro-

512 3397 707 3465 phetas
758 3395 1050 3449 identidem
1086 3396 1324 3459 excitat,
1374 3397 1635 3449 bonorum
1664 3406 1886 3459 operum
1926 3407 2091 3446 temu-

2192 3239 2304 3290 γων
2358 3220 2597 3289 ἀγαθῶν,
2645 3220 3091 3289 ἀποστυγοῦντας
3134 3220 3231 3290 μὲν
3260 3222 3288 3275 ὃ
3316 3237 3369 3274 τι
3419 3220 3626 3289 φαῦλον
3675 3218 3762 3273 καὶ

2193 3313 2412 3375 ἄτοπον,
2446 3312 3013 3382 εἰσοικιζομένουςνδὲ
3054 3312 3149 3365 καὶ
3186 3312 3613 3380 ἀντεισάγοντας
3664 3310 3762 3363 πᾶν

2195 3399 2418 3469 έννομόν
2448 3418 2507 3451 τε
2548 3402 2641 3453 καὶ
2667 3401 2897 3455 δίκαιον.

516 3491 758 3551 1³101⁸88.
799 3487 889 3556 qui
947 3487 1193 3540 OdiCIIles
1271 3485 1400 3539 ἱιιυά
1457 3498 1616 3539 Omne
1680 3483 1821 3551 quod
1866 3483 2062 3537 "ullum
2103 3502 2523 3560 perversumquc
2575 3504 2697 3555 est,
2755 3494 2992 3549 vicissim
3046 3495 3334 3551 admittant
3394 3496 3656 3566 quidquid
3704 3502 3765 3549 ex

515 3583 827 3650 praescripto
859 3578 1031 3647 legum
1067 3586 1120 3631 et
1143 3575 1361 3646 iustitia:
1392 3585 1495 3630 est.

589 3672 677 3727 14.
713 3670 825 3725 llac
867 3670 1075 3723 ratione
1103 3668 1320 3723 divinus
1370 3666 1457 3721 ille
1487 3664 1571 3720 vir
1611 3665 1885 3735 injustitizc
1912 3667 2091 3722 omnis

517 3762 907 3831 cvasitjudex,
952 3775 1056 3815 non
1095 3769 1153 3813 ut
1180 3759 1291 3830 ipsa
1320 3762 1547 3813 ducente
1574 3756 1839 3826 iudicaret
1867 3774 1881 3819 ;
1914 3757 2087 3811 absit!

520 3857 738 3926 quinam
793 3852 937 3907 enim
993 3849 1180 3905 istud?
1235 3851 1326 3904 sed
1391 3849 1533 3903 illam
1585 3849 1661 3902 uti
1721 3848 2090 3903 detestandam

522 3943 844 4014 damnando,
869 3944 1175 4011 divinisque
1197 3942 1431 3998 arcendo
1456 3942 1624 4012 septis
1651 3940 1907 3996 facientes
1930 3941 2091 3997 mala.

522 4040 697 4096 Vidua
727 4038 995 4109 siquidem
1037 4051 1159 4092 cum
1209 4035 1425 4091 assidue
1461 4033 1746 4105 sugillabat
1774 4073 1789 4098 ,
1840 4048 1937 4089 nec
1981 4033 2101 4089 sine

525 4132 964 4201 importunitate,
993 4130 1190 4199 quippe
1240 4142 1359 4197 qua:
1391 4129 1458 4181 ob
1487 4126 1684 4180 illatam
1717 4125 1817 4181 sibi
1848 4126 2099 4195 injuriam

524 4225 687 4278 corde
714 4221 1138 4277 excrueiaretur.
1179 4218 1332 4271 Hunc
1363 4231 1523 4285 porro
1547 4216 1821 4271 hominem
1852 4215 1945 4270 Dei
1981 4231 2101 4284 prc-

526 4312 712 4367 hendit
739 4324 839 4365 ceu
862 4306 1096 4361 validum
1126 4305 1428 4376 perfugium
1459 4305 1603 4373 quod
1632 4304 1880 4373 nequiret
1909 4303 2097 4357 everti.

2271 3666 2353 3721 ιδ¹.
2387 3665 2573 3730 Οὕτως
2602 3659 2754 3731 οὗτος
2786 3671 2814 3722 ό
2846 3668 2988 3732 θεῖος
3017 3670 3155 3741 ἀνὴρ
3185 3672 3377 3745 κριτὴς
3424 3674 3525 3744 τῆς
3557 3675 3768 3737 ἀδικίας

2199 3759 2436 3827 ἐγίνετο·
2476 3759 2538 3811 ού
2587 3759 2762 3831 ταύτῃ
2809 3762 3031 3831 κρίνων,
3069 3763 3249 3831 ἄπαγε
3272 3781 3285 3795 '
3318 3766 3436 3830 πῶς
3467 3768 3611 3839 γάρ;
3642 3768 3771 3824 ἀλλά

2201 3852 2570 3921 κατακρίνων,
2622 3852 2718 3904 καὶ
2767 3852 2978 3913 δεικνὺς
3033 3852 3239 3923 ταύτην
3296 3856 3628 3927 ἀπόϐλητον,
3686 3860 3773 3913 καὶ

2198 3943 2307 3995 τῶν
2339 3941 2498 3996 θείων
2527 3941 2832 4013 περιϐόλων
2865 3943 3165 4014 ἀπείργων,
3197 3943 3482 4007 ποιοῦντας
3502 3948 3570 4000 τὰ
3592 3950 3772 4005 ἄδικα,

2197 4035 2357 4105 Χήρα
2392 4034 2500 4106 γάρ
2553 4034 2717 4088 αὐτὸν
2765 4033 3035 4098 ὑπεπίαξε
3086 4034 3289 4105 θαμινὰ
3341 4040 3774 4108 παρενοχλοῦσα,

2196 4127 2507 4199 τρυχομένη
2553 4126 2652 4197 τὴν
2687 4127 2913 4197 καρδίαν
2955 4126 3034 4197 τῷ
3063 4126 3383 4197 ἀδικήματι.
3420 4129 3776 4203 Καταφύγιον

2199 4218 2388 4288 ῶσπερ
2413 4219 2608 4289 ὀχυρόν
2634 4236 2685 4270 τι
2724 4219 2817 4271 καὶ
2846 4218 3209 4289 ἀκαθαίρετον
3243 4220 3457 4272 τουτονὶ
3496 4223 3776 4293 καταλαμ-

2201 4310 2352 4364 ϐάνει
2383 4310 2473 4363 τὸν
2504 4309 2599 4363 τοῦ
2646 4309 2780 4363 Θεοῦ
2811 4309 3118 4381 ἄνθρωπον,
3155 4310 3413 4380 ἀσφαλῶς
3436 4302 3535 4382 οὗχ
3582 4315 3777 4385 ἥκιστα

525 4402 603 4455 Ac
631 4410 745 4454 tuto
766 4401 922 4467 plane
944 4406 1200 4465 certoque
1230 4394 1481 4451 consilio.
1511 4395 1745 4464 Ecquem
1777 4394 1921 4449 enim
1946 4403 2088 4448 nacta

2208 4400 2660 4472 βεϐουλευομένη.
2711 4400 2847 4455 Τίνα
2902 4402 3010 4472 γάρ
3064 4404 3131 4455 ἀν
3184 4403 3372 4472 ἕτερον
3433 4402 3639 4473 εὕρατο
3689 4402 3776 4457 τοῦ

527 4489 754 4543 alterum
789 4488 980 4544 fuisset
1007 4487 1329 4563 calamitatis
1363 4498 1417 4542 et
1445 4486 1656 4558 injuria:
1686 4485 1994 4541 vindicem?
2034 4501 2099 4540 ex

529 4577 865 4648 principibus
900 4578 1175 4647 aliquem?
1204 4588 1260 4632 at
1289 4576 1618 4648 principibus
1645 4575 1730 4630 illa
1777 4574 2097 4644 imperabat,

530 4685 652 4740 qua:
713 4669 909 4739 injusta
964 4670 1078 4725 lucc
1120 4678 1476 4738 perpetraret.
1526 4666 1959 4737 Imperatorem?
1995 4682 2102 4736 quo

532 4774 659 4815 vero
688 4773 817 4826 erga
850 4758 930 4813 sui
964 4768 1174 4827 partem
1224 4759 1416 4814 allectu
1449 4758 1744 4823 ferebatur,
1790 4758 2100 4813 effeminato

535 4863 755 4920 prorsus
783 4848 964 4901 animo
990 4856 1127 4901 erat.
1156 4849 1286 4913 Quae
1322 4848 1465 4901 enim
1498 4848 1605 4901 vim
1646 4848 1788 4903 illam
1819 4845 2099 4913 all'erebat,

532 4954 658 4994 caro
714 4953 884 5011 osque
937 4947 1054 4992 erat
1104 4938 1271 5006 ipsius
1302 4954 1314 4989 :
1347 4945 1400 4991 et
1443 4952 1562 5006 quae
1612 4938 1794 5006 iniqua
1832 4946 2106 5005 patrantes

534 5033 787 5087 cohibere
818 5028 1092 5085 debuisset
1114 5068 1128 5090 ,
1160 5028 1273 5096 ipsa
1304 5028 1432 5082 totis
1461 5027 1655 5083 studiis
1686 5029 1739 5081 in
1766 5030 2103 5096 iniquitatem

536 5124 862 5191 rapiebatur.
904 5121 1052 5187 Quid
1082 5120 1226 5191 agis,
1258 5119 1451 5189 injusta
1484 5118 1728 5173 femina?
1752 5132 1983 5186 purpura
2014 5132 2105 5169 vc-

535 5216 721 5280 stiris,
752 5216 897 5269 velut
931 5216 996 5269 ad
1049 5213 1192 5283 leges
1227 5213 1607 5268 custodiendas
1651 5226 1716 5266 eo
1770 5225 1938 5278 usque
1984 5224 2109 5279 pro-

539 5316 689 5361 vecta
721 5323 735 5372 ;
792 5314 846 5359 tu
876 5320 1002 5359 vero
1034 5306 1200 5375 legem
1233 5305 1455 5373 pedibus
1498 5304 1765 5373 proteris!
1798 5317 1832 5355 o
1878 5301 2107 5368 inexpli-

537 5396 762 5450 cabilem
807 5397 1125 5465 sapientiam
1174 5396 1337 5467 893
1383 5397 1524 5451 illius
1569 5396 1658 5465 qui
1700 5394 1836 5449 dixit
1873 5412 1885 5448 :
1930 5392 2108 5447 Nolite

538 5488 665 5538 dare
696 5497 876 5538 sancta
915 5486 1134 5539 canibus
1162 5502 1180 5539 :
1222 5501 1383 5557 neque
1441 5487 1735 5555 projiciatis
1787 5487 2107 5553 margaritas

537 5587 660 5629 ante
679 5591 861 5645 porcos
891 5577 972 5630 ιιι
1023 5577 1144 5632 llaec
1171 5581 1313 5634 enim
1341 5619 1355 5645 ,
1391 5588 1577 5635 sancta
1624 5580 1716 5634 Dei
1752 5579 1865 5649 lege
1892 5580 2107 5648 procul.

614 5671 658 5702 “
681 5667 873 5723 Matth.
905 5683 996 5736 tm,
1027 5672 1080 5725 li.

2201 4489 2405 4552 πάθους
2455 4488 2914 4560 ἀντιληψόμενον;
2969 4490 3239 4559 ἄρχοντας
3301 4490 3416 4543 ἀλλ’
3468 4487 3610 4561 ἦρχε
3676 4492 3777 4545 τῶν

2201 4580 2476 4648 ἀρχόντων
2521 4581 2554 4650 ἠ
2589 4579 2761 4632 ταῦτα
2798 4580 3203 4648 ὲπηρεάζουσα.
3248 4580 3509 4649 Βασιλέας
3540 4584 3680 4638 ἀλλά
3717 4587 3776 4652 τῇ

2198 4669 2291 4721 τοῦ
2336 4668 2530 4736 μέλους
2574 4667 2919 4739 προσπαθείᾳ
2961 4670 3061 4740 τὴν
3096 4671 3322 4742 γνώμην
3358 4674 3772 4743 κατεθηλύνετο.

2200 4758 2346 4830 Σάρξ
2386 4758 2493 4827 γὰρ
2543 4753 2611 4828 ἦν
2660 4759 2724 4811 ἐκ
2778 4759 2878 4828 τῆς
2922 4760 3126 4830 σαρκὸς
3166 4763 3332 4814 αὑτοῦ
3379 4762 3571 4816 ὀστοῦν
3623 4763 3778 4817 αὑτοῦ

2214 4850 2616 4920 κεχριιμάτικεν
2666 4851 2698 4919 ὴ
2736 4849 2919 4919 δρῶσα
2956 4849 3017 4902 τὸ
3050 4848 3243 4919 βίαιον.
3278 4853 3387 4904 Καὶ
3412 4830 3480 4920 ἢὸ
3522 4853 3629 4905 ἔδει
3662 4854 3778 4913 τοὺς

2213 4939 2534 5003 ἀδικοῦντας
2577 4941 2971 5010 ἐπιστομίζειν,
3004 4943 3207 4994 ἀδικεῖν
3235 4944 3513 5012 ἠπείγετο.
3562 4944 3627 4995 Τί
3655 4944 3778 5014 δρᾷς

2212 5025 2258 5085 ὦ
2303 5030 2620 5101 παράνομον
2674 5029 2926 5096 γύναιον;
2956 5031 3260 5105 ’ἁλουργίδα
3309 5034 3657 5106 περίκεισαι,
3699 5028 3779 5086 οἷα

2214 5123 2380 5191 νόμου
2419 5120 2593 5189 φύλαξ
2628 5120 3064 5194 προϐεϐλημένη,
3091 5126 3185 5178 καὶ
3213 5127 3377 5195 νόμον
3410 5128 3775 5187 καταπατεῖ;;

2214 5211 2259 5263 ὣ
2286 5210 2388 5281 τῆς
2416 5212 2660 5281 ἀρρήτου
2693 5212 2886 5280 σοφίας
2918 5211 3014 5265 τοῦ
3062 5216 3331 5284 φήσαντος
3360 5231 3373 5245 '
3408 5215 3505 5283 Μὴ
3531 5215 3668 5269 δότε
3712 5213 3777 5266 τὰ

2212 5302 2341 5370 ἅγια
2393 5302 2516 5366 τοῖς
2566 5301 2742 5365 κυσὶ,
2789 5304 2944 5372 μηδὲ
2990 5306 3232 5373 plateas
3298 5308 3441 5373 τοὺς
3497 5305 3776 5375 μαργαρί-

2204 5412 2311 5461 τας
2355 5394 2696 5464 ἔμπροσθεν
2742 5395 2859 5449 τῶν
2887 5401 3145 5468 χοίρων]
3173 5402 3321 5473 Αὕτη
3353 5403 3461 5474 γὰρ
3506 5403 3598 5455 τὸν
3646 5403 3775 5455 θεῖον

2206 5488 2368 5557 νόμον
2431 5489 2871 5557 καταπατήσασα
2903 5492 2993 5544 τὸν
3042 5494 3222 5562 ἆγιον,
3275 5496 3367 5548 τὸν
3431 5494 3768 5566 μαργαρίτην

2204 5579 2403 5649 δηλαδὴ
2463 5580 2554 5632 τὸν
2619 5579 2949 5653 πολύτιμον,
3010 5589 3310 5655 στραφεῖσα
3368 5586 3466 5657 τὴν
3524 5582 3775 5657 πενιχρὰν
