3968 6348
447 387 553 449 7S3
1608 391 1665 448 S.
1703 391 2020 451 JOANNIS
2061 392 2490 453 DAMASCENI
3596 384 3700 447 784

446 493 715 564 martyrio
748 492 980 549 victores
1007 493 1349 569 exstiterunt,
1376 494 1622 566 gloriam,
1654 497 2013 567 gratiamque,

2124 498 2262 569 μίων
2296 499 2568 564 σύνθεσιν,
2605 498 2710 552 τῶν
2744 498 2936 567 ἁγίων,
2973 497 3066 552 καὶ
3103 496 3198 568 τῆς
3228 495 3512 559 εὐσεϐείας
3560 495 3691 551 καλ-

446 593 501 636 et
524 583 851 652 claritatem,
881 566 1423 640 omni'laudationum
1454 588 1828 655 compositioni
1870 604 2009 656 prac-

445 675 661 739 ceﬂere,
693 674 873 744 illique
904 673 1048 739 fuco,
1082 677 1173 746 qui
1225 679 1384 732 cultis
1426 687 1726 742 oratorum,
1773 680 2014 750 artisque

444 764 754 832 sephisticae
784 766 1124 833 sermonibus
1162 767 1382 822 collatis
1421 768 1583 823 veluti
1624 768 1885 840 symbolis
1914 785 2010 839 pa-

445 865 614 921 ratur,
646 855 805 923 longe
834 856 1093 925 eminere,
1133 856 1380 915 confessa
1432 874 1518 914 res
1550 869 1656 915 est.
1688 861 1765 913 Ac
1796 859 2011 929 quidem

444 947 556 1002 fore
590 947 860 1012 existimo,
898 960 957 1002 ut
987 949 1132 1020 ipsos
1181 964 1395 1021 quoque
1440 952 1789 1007 scientiarum
1816 952 2013 1009 callen—

444 1037 704 1103 tissimos,
730 1053 794 1094 ac
826 1040 915 1108 qui
946 1039 1012 1095 iis
1039 1041 1352 1097 excolendis
1393 1044 1822 1114 exercendisque
1844 1044 2012 1098 otium

440 1146 600 1187 omne
629 1131 903 1202 vitamque
962 1133 1359 1203 impenderunt,
1413 1135 1711 1203 argumenti
1764 1135 2015 1202 maiestas

440 1222 704 1279 attonitos
752 1223 964 1289 reddat,
1018 1224 1342 1293 consiliique
1394 1226 1615 1292 anxios;
1651 1225 1817 1280 multo
1845 1225 2015 1294 magis

440 1312 544 1367 mei
611 1313 836 1379 similes,
898 1314 1142 1371 homines
1201 1317 1361 1371 rudes
1421 1325 1474 1371 et
1512 1318 1773 1384 indoctos,
1809 1317 1899 1386 qui
1949 1332 2015 1374 ne

440 1412 684 1457 extremo
735 1404 974 1474 quidem,
1039 1415 1098 1459 ut
1148 1406 1316 1471 aiunt,
1351 1407 1538 1475 digito,
1590 1406 1834 1476 peritiam
1870 1406 2013 1462 illam

443 1492 683 1563 artisque
713 1494 1013 1559 solertiam,
1054 1503 1108 1550 et
1131 1496 1426 1551 condendze
1451 1497 1713 1552 orationis
1745 1507 2012 1567 praecepta

441 1581 766 1638 delibarnnt.
798 1584 1066 1640 Caeterum
1095 1587 1315 1640 minime
1341 1587 1544 1643 idcirco
1563 1587 2011 1642 committendum

440 1684 548 1737 est,
581 1684 638 1729 ut
706 1677 1007 1731 orationem
1069 1678 1452 1747 aggrediendo,
1517 1694 1654 1749 pene
1698 1679 2012 1747 stupefacti,

441 1774 813 1834 conceptaque
837 1776 981 1822 metu
1021 1778 1075 1822 et
1110 1769 1321 1838 ignavia
1349 1778 1681 1834 cunctantes,
1712 1784 1811 1824 nos
1843 1769 2009 1838 ipsos,

2114 589 2332 643 λινίκων
2381 589 2675 662 μαρτύρων
2718 592 2751 661 ἡ
2789 590 2937 655 δόξα,
2972 589 3067 644 καὶ
3097 590 3278 659 χάρις,
3320 589 3415 642 καὶ
3452 588 3692 655 εὔκλεια,

2113 682 2207 735 καὶ
2237 682 2336 751 τῆς
2363 683 2427 734 ὲκ
2458 682 2763 752 ῥητορικῶν
2793 682 2988 749 λόγων,
3022 681 3117 734 καλ¹
3149 680 3475 748 σοφιστικῆς
3500 681 3694 751 τέχνης

2113 772 2577 843 λαρυγγισμάτων
2599 772 2994 843 ὲρανιζομένης
3025 772 3386 842 ὑπερίδρυται
3420 772 3691 837 πλάσεως.

2113 861 2226 914 Καὶ
2252 861 2755 932 καταπλαγείησαν,
2778 858 2955 931 οἶμαι,
2981 861 3075 915 καὶ
3098 861 3439 931 ἀποροίησαν
3463 861 3531 915 ἂν
3557 862 3695 933 πρὸς

2112 951 2173 1003 τὸ
2220 951 2319 1021 τῆς
2366 950 2677 1014 ὑποθέσεως
2729 950 2980 1020 μέγεθος,
3018 949 3111 1003 καὶ
3161 950 3210 1002 oi
3261 949 3381 1002 λίαν
3435 952 3567 1021 περὶ
3595 953 3693 1013 τὰς

2111 1042 2366 1106 τοιαύτας
2405 1043 2718 1112 ἐπιστήμας
2743 1042 2929 1105 δεινοὶ,
2956 1042 3052 1095 καὶ
3075 1042 3167 1095 τὸν
3197 1041 3318 1095 ὅλον
3348 1041 3561 1095 ἑαυτῶν
3584 1042 3695 1112 βίον

2113 1131 2243 1203 περὶ
2287 1131 2385 1195 τὰς
2434 1132 2648 1185 τοιάσδε
2684 1132 2907 1203 τριϐὰς,
2931 1134 3026 1185 καὶ
3058 1132 3288 1202 μελέτας
3314 1133 3692 1202 ὲσχολακότες,

2112 1224 2207 1276 καὶ
2231 1221 2676 1292 κατανηλωκότες
2698 1239 2711 1252 ·
2740 1222 2816 1294 μὴ
2845 1224 2924 1275 ὅτι
2957 1239 3021 1290 γε
3054 1224 3101 1275 oi
3136 1222 3259 1275 καθ’
3291 1224 3439 1291 ἡμᾶς
3463 1223 3693 1293 ἀμαθεῖς

2112 1331 2170 1366 τε
2203 1315 2297 1366 καὶ
2328 1312 2568 1382 ἄπειροι,
2603 1313 2699 1366 καὶ
2732 1312 2854 1383 μηδ’
2881 1312 3037 1383 ἄκρῳ
3067 1312 3337 1383 δακτύλῳ,
3364 1313 3428 1365 τὸ
3454 1313 3519 1384 δὴ
3551 1314 3697 1381 λεγόο

2116 1422 2296 1475 μενον,
2330 1404 2533 1475 ταύτης
2559 1404 2831 1474 γεγευσμέ
2844 1422 2915 1457 φοι
2938 1405 3037 1474 τῆς
3067 1404 3358 1475 ἐμπειρίας
3382 1422 3441 1458 τε
3476 1406 3570 1457 καὶ
3601 1406 3693 1457 εὐ-

2112 1496 2351 1566 τεχνίας,
2391 1497 2486 1548 καὶ
2536 1495 2946 1565 λογογραφικῆς
2987 1495 3250 1564 σκέψεως.
3272 1492 3411 1547 Ἀλλ’
3442 1495 3503 1548 οὗ
3544 1496 3695 1566 παρά

2112 1586 2271 1639 τοῦτο
2298 1587 2473 1658 πάντη
2521 1587 2656 1657 πρὸς
2695 1586 2795 1656 τὴν
2843 1584 2938 1639 τοῦ
2985 1585 3142 1653 λόγου
3185 1586 3500 1655 ἐγχείρησιν
3532 1586 3693 1639 οἱονεί

2116 1695 2233 1739 πως
2266 1677 2687 1745 ἰλιγγιάσαντες,
2721 1676 2816 1729 καὶ
2843 1674 3015 1745 δειλίᾳ
3044 1674 3421 1744 συσχεθέντες,
3449 1674 3544 1727 καὶ
3564 1692 3695 1728 κατ-

2114 1764 2464 1832 οκνήσαντες,
2505 1764 2651 1833 ἡμᾶς
2682 1780 2746 1833 γε
2774 1763 2992 1828 αὐτοὺς,
3020 1763 3115 1816 καὶ
3143 1762 3205 1816 τὸ
3236 1763 3407 1833 παρὸν
3440 1764 3695 1833 φιλήκοον

440 1863 494 1907 et
516 1854 607 1922 qui
632 1858 825 1910 adsunt
851 1856 1090 1913 discendi
1116 1859 1301 1914 avidos
1320 1861 1612 1923 auditores,
1637 1860 2007 1925 emolumenti,

2118 1852 2499 1923 ἀκροατήριον,
2529 1853 2791 1925 ἀμοίρους
2825 1853 2927 1923 τῆς
2977 1854 3041 1906 ὲκ
3093 1852 3434 1924 τηλικούτων
3463 1852 3692 1921 ἀγώνων

441 1944 583 2012 quod
606 1960 671 1999 ex
706 1954 974 2001 tantorum
1004 1948 1382 2016 certaminum,
1417 1959 1473 2003 ut
1500 1964 1597 2018 par
1625 1959 1727 2013 est,
1765 1950 1903 2003 mira
1922 1964 2012 2003 va-

442 2034 635 2088 rietate
677 2037 942 2104 provenit,
981 2046 1231 2106 expertes
1267 2038 1652 2107 relinquamus.
1681 2039 1797 2107 Age
1824 2038 2008 2106 igitur,

442 2139 735 2193 supernum
770 2128 924 2183 nobis
947 2128 1263 2183 instinctum
1288 2139 1343 2185 et
1366 2130 1625 2185 auxilium
1661 2133 1729 2186 ab
1749 2131 2011 2199 ejusmodi

442 2217 798 2271 certaminum
832 2217 1137 2288 inspectore
1173 2227 1227 2274 et
1264 2220 1469 2274 arbitro
1499 2220 1722 2276 Christo
1748 2221 2009 2275 invocan-

441 2314 542 2370 tes,
579 2321 738 2375 quam
773 2307 829 2361 in
870 2309 1119 2377 praesenti
1167 2311 1361 2364 merito
1411 2309 1712 2374 laudamus,
1763 2324 2011 2364 sermone

441 2396 834 2463 describamus,
856 2407 912 2452 et
937 2398 1081 2453 velut
1098 2400 1165 2453 ob
1182 2400 1387 2466 oculos,
1407 2410 1605 2469 quanta
1638 2400 1864 2456 facultas
1883 2402 2008 2468 erit,

442 2500 528 2540 res
552 2486 698 2541 illius
735 2502 1093 2556 exponamus,
1128 2490 1297 2560 896
1326 2501 1486 2559 atque
1513 2492 1726 2561 inclyta:
1754 2493 2010 2563 martyris

442 2575 715 2642 Barbarae,
747 2580 901 2648 cujus
941 2580 1207 2635 solemnia
1255 2592 1614 2636 concurrente
1667 2583 1859 2652 popqu
1895 2584 2010 2653 agi-

443 2683 585 2733 mus,
620 2670 936 2726 certaminis
964 2672 1235 2740 specimen
1276 2672 1424 2727 velut
1467 2673 1786 2743 compendio
1815 2687 2011 2744 propo-

442 2773 635 2813 namus
662 2777 677 2813 :
709 2774 816 2828 quo
843 2776 1033 2829 nempe
1058 2761 1377 2831 potentiam,
1415 2778 1518 2832 qua
1573 2773 1841 2833 martyres
1872 2764 2007 2839 [nvi-

443 2849 586 2904 sibili
620 2851 831 2906 ratione
859 2852 1166 2906 continuati
1219 2854 1563 2923 roboratique
1590 2864 1740 2920 sunt,
1764 2855 2010 2910 conside-

442 2950 648 3006 rantes,
681 2956 785 2997 non
818 2944 1085 2998 modicam
1136 2945 1424 3000 utilitatem
1470 2955 1525 3000 et
1574 2946 2010 3002 emendationem

447 3032 570 3086 inde
594 3047 1037 3103 consequamur:
1094 3050 1199 3090 non
1255 3051 1321 3092 eo
1354 3045 1688 3107 spectantes,
1733 3047 1793 3092 ut
1818 3037 2014 3110 linguae

446 3121 663 3176 diserta:
692 3124 906 3193 eloquio
960 3135 1016 3179 et
1065 3125 1336 3193 facundia,
1390 3137 1553 3198 atque
1601 3127 1865 3199 elegantia
1897 3144 2011 3185 ser-

2113 1943 2496 2013 περιπετείας,
2558 1944 2633 2007 ὼς
2688 1944 2871 2008 εἰκὸς,
2930 1944 3372 2015 προσγενομένης
3429 1944 3694 2013 ὠφελείας

2112 2035 2394 2099 παντελῶς
2427 2034 2864 2106 καταλείψωμεν.
2898 2036 3037 2107 Φέρε
3070 2037 3134 2105 δὴ
3173 2031 3287 2101 οὖν,
3318 2035 3419 2107 τὴν
3486 2036 3693 2090 ἀνωθεν

2113 2127 2286 2197 ῥοπὴν
2318 2126 2469 2197 παρά
2500 2126 2593 2180 τοῦ
2615 2126 2723 2179 τῶν
2745 2127 3003 2180 τοιούτων
3029 2127 3427 2198 ἀγωνισμάτων
3453 2128 3693 2181 ὲπόπτου

2112 2218 2207 2270 καὶ
2238 2217 2528 2271 ἀθλοθέτου
2559 2218 2819 2289 Χριστοῦ,
2855 2218 2981 2271 ἵλεω
3022 2218 3117 2271 καὶ
3165 2218 3459 2289 ἐπίκουρον
3495 2220 3689 2272 ἐπικα-

2112 2310 2422 2379 λεσάμενοι,
2444 2309 2835 2381 διαγράφωμεν
2858 2309 2936 2379 τῷ
2965 2308 3128 2379 λόγῳ,
3158 2308 3252 2362 καὶ
3277 2309 3353 2372 ὡς
3376 2304 3489 2364 οἷόν
3512 2327 3572 2362 τε
3593 2310 3696 2362 ὑπ’

2110 2399 2231 2469 ὄψιν
2259 2400 2722 2469 παραστήσωμεν,
2759 2397 2857 2469 τὴν
2888 2400 3018 2469 παρ’
3042 2398 3198 2469 ἡμῶν
3231 2398 3327 2452 νῦν
3353 2398 3578 2462 είκότως
3602 2399 3693 2452 εὐ-

2112 2489 2473 2561 φημουμένην
2494 2504 2507 2517 '
2547 2489 2641 2542 xui
2689 2482 2776 2558 ἧς,
2811 2488 2909 2558 τὴν
2945 2489 3253 2559 πανήγυριν
3287 2489 3565 2558 πάνδημον
3595 2488 3692 2559 σή-

2114 2599 2279 2651 μερον
2317 2580 2523 2649 ἄγομεν
2567 2579 2877 2633 καλλινίκου
2925 2578 3203 2649 μάρτυρος
3246 2579 3559 2650 Βαρϐάρας,
3596 2578 3694 2647 τῆς

2110 2672 2239 2741 ὅλης
2278 2670 2579 2740 ἀθλήσεως,
2612 2669 2686 2732 ὡς
2736 2670 2794 2721 ὲν
2846 2668 3040 2739 βραχεῖ
3071 2669 3169 2740 τὴν
3214 2669 3472 2721 ὑπόθεσιν
3502 2670 3694 2737 ἐνστη-

2113 2761 2355 2832 σώμεθα,
2385 2759 2473 2813 ἶνα
2503 2761 2602 2831 τὴν
2631 2758 2881 2830 ἀοράτως
2916 2759 3403 2829 συνεπισχύουσαν,
3433 2759 3528 2811 καὶ
3569 2775 3693 2810 νευ-

2114 2855 2315 2925 ροῦσαν
2360 2853 2485 2915 τοὺς
2536 2853 2820 2921 μάρτυρας
2868 2850 3017 2905 Θείαν
3066 2851 3503 2920 κατανοήσαντες
3535 2849 3696 2901 δύναο

2115 2963 2229 3016 μιν,
2260 2945 2319 2998 οὐ
2346 2944 2445 3013 τὴν
2474 2942 2743 3013 τυχοῦσαν
2776 2945 2842 3013 τῇ
2871 2942 3015 3012 ψυχῇ
3047 2939 3546 3013 προσπορισώμεθα
3575 2940 3699 3009 ὅνηο

2113 3054 2198 3091 σιν
2247 3038 2340 3090 καὶ
2370 3036 2682 3106 βελτίωσιν·
2714 3036 2814 3088 οὐκ
2867 3033 3200 3103 εὐγλωττίας
3251 3033 3425 3102 ἤχοις,
3457 3032 3550 3085 καὶ
3593 3032 3696 3103 ῥή-

2116 3145 2283 3197 μασιν
2311 3128 2436 3191 τοὺς
2473 3127 2693 3195 ἀγῶνας
2724 3126 2975 3199 ἐπαίρειν
3020 3124 3373 3195 πειρώμενοι.
3400 3122 3533 3176 Οὐδὲ
3578 3123 3696 3193 γάρ

446 3214 620 3269 monis
651 3216 947 3269 certamina
974 3217 1298 3273 extollamus
1332 3225 1462 3287 (non
1496 3221 1639 3276 enim
1690 3220 1804 3276 hzec
1827 3235 1890 3275 ea
1913 3234 2013 3291 ope

2118 3219 2213 3290 τῆς
2243 3222 2307 3273 ὲκ
2332 3219 2442 3273 τῶν
2471 3219 2645 3288 λόγων
2673 3212 2821 3272 οὗτοι
2855 3217 3107 3289 βοηθείας
3136 3216 3486 3287 προσδέονται
3556 3215 3698 3271 αὐτὰ

445 3306 711 3374 indigent,
741 3323 861 3377 qua:
911 3306 1166 3366 facundia
1226 3313 1560 3381 praestetur),
1586 3315 1682 3369 sed
1713 3314 1785 3368 ita
1834 3322 1891 3368 ut
1927 3327 2012 3369 res

443 3398 675 3469 simplici
706 3399 957 3470 nudaque
986 3402 1220 3458 dictione
1243 3404 1561 3460 recitemus.‘

510 3580 568 3634 2.
598 3579 795 3635 Verum
852 3582 1066 3640 animos
1118 3584 1249 3638 mihi
1302 3583 1416 3652 jam
1482 3584 1760 3654 erigite,o
1799 3585 2014 3641 Christo

438 3671 881 3743 martyribnsque
909 3675 1101 3730 devote
1124 3685 1319 3741 certus,
1355 3685 1721 3747 mentemque,
1778 3690 1843 3732 ne
1870 3680 2013 3733 circa

445 3777 508 3817 ea
539 3779 659 3834 qua:
712 3764 848 3821 foris
883 3774 1008 3820 sunt
1060 3768 1296 3833 aberret,
1345 3768 1660 3839 colligentes
1693 3779 1747 3826 et
1795 3780 2014 3825 contra-

447 3853 659 3919 hentes,
688 3864 893 3911 attente
924 3872 1044 3926 qua:
1074 3857 1299 3912 dicenda
1353 3867 1501 3923 sunt,
1548 3859 1823 3918 obaudite.
1852 3859 2016 3915 Plane

446 3947 714 4017 siquidem
746 3948 1039 4025 absurdum
1063 3959 1165 4015 est,
1201 3959 1260 4004 ut
1290 3951 1357 4006 ad
1394 3950 1664 4005 mundana
1687 3950 2013 4019 spectacula,

446 4052 818 4109 equorumque
847 4055 1058 4104 cursus.
1091 4042 1176 4097 vel
1205 4042 1489 4110 palazstrar,
1515 4042 1598 4097 vel
1624 4042 1860 4112 cujusvis
1885 4040 2017 4095 alte-

448 4131 559 4186 rius
586 4147 650 4187 ex
676 4132 944 4203 gymnicis
965 4133 1228 4202 ejusmodi
1260 4133 1400 4188 ludis
1443 4135 1786 4202 propensiori
1818 4134 2015 4188 alacri-

447 4232 555 4279 tate
585 4240 891 4289 curramus,
925 4224 1223 4293 agonisque
1274 4232 1573 4286 certamen,
1636 4232 1799 4292 atque
1826 4224 2015 4277 adver-

446 4317 714 4370 sariorum
762 4327 1113 4383 congressum
1165 4327 1390 4368 cernere
1416 4315 1738 4382 gestiamus,
1775 4329 1894 4377 nec,
1936 4324 2015 4368 ta-

448 4407 603 4459 metsi
640 4406 922 4458 innumera
958 4402 1285 4470 distrahant,
1333 4412 1459 4458 ante
1494 4405 1811 4459 recedamus
1853 4420 2013 4473 quam

2116 3309 2174 3361 δὲ
2200 3309 2263 3381 δή
2295 3326 2398 3364 που
2426 3308 2495 3363 τά
2523 3310 2825 3381 πράγματα
2863 3306 2993 3378 ψιλῇ
3024 3309 3090 3377 τῇ
3121 3305 3319 3377 φράσει
3352 3302 3698 3375 διεξερχόμε-

2108 3418 2217 3456 ηνοι.

2190 3584 2255 3655 β’.
2304 3561 2465 3636 Ἀλλά
2506 3580 2829 3652 διανάστητέ
2883 3597 2975 3650 μοι
3024 3579 3231 3646 λοιπὸν,
3265 3572 3310 3631 ὦ
3349 3577 3697 3647 φιλόχριστον

2119 3676 2212 3728 καὶ
2245 3673 2582 3743 φιλόμαρτυς
2626 3671 2901 3740 σύστημα,
2930 3669 3027 3723 καὶ
3056 3669 3145 3721 τὸν
3178 3668 3302 3721 νοῦν
3338 3666 3439 3737 τῆς
3493 3665 3586 3719 ἐπὶ
3628 3664 3699 3716 τὰ

2121 3766 2223 3831 ἔξω
2272 3762 2725 3835 περιπλανήσεως
2771 3759 3203 3830 περιπτύξαντες
3251 3760 3346 3813 καὶ
3379 3755 3698 3811 συστείλαν-

2119 3875 2230 3922 τες,
2262 3853 2545 3927 προσεχῶς
2590 3851 2698 3905 τῶν
2746 3849 3055 3918 λεγομένων
3100 3848 3393 3901 ἀκούσατε.
3430 3847 3543 3899 Καὶ
3589 3846 3709 3915 γὰρ

2118 3949 2337 4013 ἄτοπον,
2370 3946 2465 3999 ἐπὶ
2496 3945 2594 4016 μὲν
2619 3942 2688 3997 τά
2721 3941 2961 4011 κοσμικά
2996 3938 3220 4009 θέατρα.
3264 3940 3632 4009 ἱπποδρομίας
3665 3941 3701 4011 ἢ

2119 4039 2460 4109 παλαίστρας
2508 4034 2673 4106 φημὶ,
2722 4035 2756 4105 ἦ
2802 4049 2948 4095 τινος
2986 4029 3090 4083 τῶν
3120 4029 3379 4082 τοιούτων
3408 4031 3704 4096 γυμνικῶν

2119 4130 2345 4202 ἀγώνων
2373 4128 2672 4202 προθύμως
2707 4125 3056 4197 συνδραμεῖν,
3092 4122 3183 4176 καὶ
3207 4122 3305 4193 τὴν
3330 4121 3564 4193 ἅμιλλαν
3597 4123 3703 4193 τῆς

2118 4221 2377 4289 ἀγωνίας,
2426 4221 2521 4272 καὶ
2566 4219 2662 4289 τὴν
2710 4217 2817 4271 τῶν
2862 4216 3172 4271 ἀντιπάλων
3224 4212 3543 4285 συμπλοκὴν
3596 4214 3704 4267 ὐπ-

2119 4311 2374 4382 ηγμένως
2405 4309 2613 4363 ἐθέλειν
2647 4309 2795 4373 ἰδεῖν,
2828 4309 2925 4362 καὶ
2957 4308 3031 4378 μὴ
3063 4307 3328 4377 πρότερον
3369 4304 3697 4374 ἀποστῆναι,

2121 4404 2226 4459 κᾶν
2262 4406 2434 4474 μυρία
2465 4401 2867 4472 περισπῶνται,
2900 4400 3033 4471 πρὶν
3061 4400 3123 4452 τὸ
3152 4398 3326 4460 τέλος,
3356 4397 3449 4450 καὶ
3480 4396 3571 4448 τὸν
3617 4395 3697 4449 νί-

450 4496 608 4548 (luem
639 4503 694 4547 et
725 4493 1009 4559 victorem,
1050 4494 1427 4566 sublatamque
1466 4495 1726 4565 palmam,
1761 4506 1816 4552 et
1856 4512 2013 4553 coro-

2121 4514 2224 4566 κην
2253 4493 2701 4563 ἁπενεγκάμενον
2733 4490 3087 4555 ἐποπτεῦσαι,
3109 4491 3169 4543 τὸ
3197 4488 3447 4560 βραὸεἶόν
3476 4504 3535 4539 τε
3558 4486 3697 4557 ἀρά-

448 4601 573 4638 nam
596 4586 765 4655 capiti
799 4585 1103 4656 impositam
1138 4586 1418 4643 videamus
1450 4605 1462 4643 :
1501 4588 1661 4659 idque
1704 4605 1856 4655 vero,
1894 4605 2013 4645 cum

2126 4559 2310 4658 μενον,
2337 4559 2449 4638 καὶ⁷
2483 4559 2554 4637 τὸ*
2594 4582 2789 4652 στέφος
2838 4559 3264 4651 ἀναδησάμενον,
3301 4578 3476 4647 καίτοι
3528 4577 3697 4646 μηδὲν

449 4676 583 4731 nihil
636 4676 759 4733 inde
805 4679 1073 4735 commodi
1138 4679 1458 4737 referamus.
1519 4680 1619 4737 Hic
1670 4691 1877 4746 autem,
1930 4682 2019 4737 ubi

449 4767 646 4822 animis
684 4768 816 4823 utile
846 4778 901 4824 et
952 4770 1237 4839 spirituale
1294 4772 1664 4840 spectaculum
1718 4784 1823 4838 est,
1868 4770 2022 4842 cujus

450 4873 651 4926 prmscs
676 4867 729 4913 et
749 4858 973 4923 arbiter,
998 4873 1103 4913 non
1130 4875 1268 4914 unus
1294 4862 1415 4929 quis
1444 4872 1781 4918 terrenorum
1809 4878 2017 4933 regum,

452 4951 545 5004 sed
586 4951 676 5019 qui
708 4950 919 5004 cunctis
940 4964 1063 5019 qua:
1092 4950 1267 5006 oculis
1297 4960 1352 5005 et
1408 4953 1591 5008 animo
1621 4954 2018 5023 percipiuntur,

452 5041 777 5109 dominatur,
812 5041 1189 5096 universorum
1219 5054 1315 5094 rex
1350 5039 1600 5096 Christus
1638 5043 1782 5097 Deus
1810 5051 2018 5108 noster;

456 5134 831 5204 inspectores,
879 5132 1097 5187 millena
1148 5132 1397 5202 denaque
1445 5131 1661 5186 millena
1715 5132 2019 5189 caelestium

450 5225 786 5277 exercituum
816 5232 869 5278 et
904 5231 1267 5293 potestatum;
1293 5222 1460 5292 pugil,
1487 5221 1685 5293 inclyta
1715 5223 2023 5290 Christique

457 5316 832 5370 amantissima
868 5314 1250 5383 triumphatrix
1296 5323 1350 5368 et
1387 5323 1593 5383 martyr
1625 5314 1901 5380 Barbara;
1931 5315 2025 5369 ad-

454 5406 705 5470 versarii,
740 5420 844 5459 non
872 5421 1015 5461 unus
1047 5406 1172 5475 quis
1215 5416 1307 5460 aut
1364 5406 1522 5471 alter,
1576 5407 1670 5461 sed
1701 5406 2012 5475 primarius,

455 5495 594 5548 sicut
624 5495 701 5547 ait
734 5495 1056 5562 Apostolus:
1119 5495 1241 5550 Non
1274 5507 1348 5550 est
1397 5497 1544 5550 nobis
1580 5497 1883 5551 colluctatio
1911 5498 1978 5550 ad
1991 5527 2020 5536 —

454 5599 632 5638 versus
665 5587 969 5653 sanguinem
991 5598 1036 5641 et
1061 5604 1292 5652 carnem,
1339 5590 1429 5643 sed
1472 5590 1721 5643 adversus
1744 5591 2021 5657 principa-

454 5689 560 5738 tus,
592 5676 837 5728 adversus
895 5686 1212 5743 potestates,
1270 5683 1516 5735 adversus
1563 5683 1747 5734 mundi
1801 5693 2021 5735 rectores

459 5764 813 5833 tenebrarum,
842 5767 1087 5821 adversus
1118 5771 1414 5835 spiritualia
1449 5772 1693 5841 nequitia:
1727 5772 1778 5824 in
1805 5770 2021 5825 caelesti-

2120 4681 2333 4743 ἑαυτοῖς
2380 4677 2590 4730 ἐκεῖθεν
2637 4675 3073 4746 ἐπιφερομένους
3117 4672 3177 4725 τὸ
3208 4669 3699 4740 ὅφελος.Ἐνταῦθα

2119 4771 2177 4824 δὲ
2212 4770 2341 4823 ἔνθα
2367 4767 2710 4838 ψυχωφελὲς,
2736 4767 2829 4820 καὶ
2857 4763 3226 4834 πνευματικὸν
3256 4764 3387 4832 ἡμῖν
3412 4764 3697 4830 πρόκειται

2120 4864 2373 4933 θέατρον,
2410 4859 2757 4930 ἀγωνοθέτην
2792 4859 2890 4928 μὲν
2921 4857 3282 4927 κεκτημένον,
3310 4856 3406 4923 οὐχ
3447 4856 3543 4907 ἕνα
3586 4853 3697 4905 τῶν
3784 4868 3789 4875 ’

2120 4955 2212 5007 ἐπὶ
2265 4954 2369 5022 γῆς
2417 4951 2700 5021 βασιλέων,
2732 4949 2868 5003 ἀλλά
2897 4950 3006 5001 τῶν
3038 4947 3295 5002 ἀπάντων
3338 4944 3551 5015 ὁρατῶν
3602 4944 3696 4996 καὶ

2121 5044 2365 5115 ἀοράτων
2388 5040 2790 5111 ἡγεμονεύοντα
2813 5039 3163 5092 παντάνακτα
3189 5034 3426 5106 Χριστὸν
3449 5033 3540 5086 τὸν
3564 5033 3696 5085 Θεὸν

2122 5135 2300 5205 ἡμῶν,
2336 5131 2533 5194 θεατὰς
2570 5131 2647 5195 δὲ,
2678 5130 2776 5191 τὰς
2827 5129 3073 5199 χιλιάδας
3126 5127 3221 5180 καὶ
3276 5124 3542 5196 μυριάδας
3588 5124 3697 5175 τῶν

2122 5224 2461 5293 ἐπουρανίων
2508 5221 2778 5291 στρατιῶν
2817 5219 2913 5273 καὶ
2945 5220 3252 5290 δυνάμεων,
3287 5214 3697 5286 ἀγωνιουμένην

2122 5319 2199 5380 δὲ,
2252 5314 2548 5384 Βαρὸἁραν
2596 5312 2694 5383 τὴν
2742 5312 3007 5381 ἀοίδιμον,
3062 5312 3157 5364 καὶ
3201 5307 3561 5378 παμπόθητον
3606 5302 3699 5356 τοῦ

2126 5405 2359 5480 Χριστοῦ
2410 5408 2719 5473 στεφανίτιν
2766 5406 2860 5456 καὶ
2913 5404 3188 5473 μάρτυρα,
3241 5398 3570 5458 ἀντιπάλους
3620 5393 3698 5454 δὲ,

2125 5500 2223 5570 οὐχ
2261 5499 2358 5552 ἕνα
2402 5514 2527 5561 που,
2557 5496 2589 5568 ἢ
2624 5495 2896 5566 δεύτερον,
2942 5493 3080 5548 ἀλλὰ
3121 5490 3337 5561 πρῶτον
3371 5492 3491 5560 μὲν,
3520 5485 3700 5545 καθὼς

2130 5606 2295 5659 φησιν
2337 5589 2365 5640 ὁ
2394 5584 2754 5651 ’Δπόστολος;
2794 5585 2877 5636 Οὐ
2924 5582 3034 5650 γὰρ
3076 5581 3295 5649 ἔχομεν
3344 5577 3459 5644 τὴν
3498 5575 3699 5639 πάλην

2128 5679 2276 5746 πρὸς
2322 5672 2483 5745 αἷμα,
2529 5675 2625 5729 καὶ
2673 5673 2889 5741 σάρκα,
2932 5672 3091 5726 ἀλλὰ
3134 5672 3278 5741 πρὸς
3332 5668 3432 5733 τὰς
3493 5665 3700 5733 ἀρχὰς,

2130 5769 2277 5838 πρὸς
2338 5769 2443 5832 τὰς
2489 5766 2796 5831 ἐξουσίας,
2830 5762 2978 5831 πρὸς
3024 5761 3165 5827 τοὺς
3218 5756 3703 5828 κοσμοκράτορας
