3994 6350
276 340 408 407 ,785

1329 346 1711 407 LAUDATIO
1749 348 1809 409 S.
1850 349 2220 410 BARBARIE
2260 353 2491 412 MART.

3459 358 3563 419 786

297 450 408 504 τεῦ
440 447 722 513 σκότους,
765 445 914 515 πρὸς
943 446 1016 501 τὰ
1044 451 1413 517 πνευματικὰ
1444 450 1554 520 τῆς
1591 452 1881 520 πονηρίας

1988 454 2078 510 bus
2109 457 2151 490 “
2180 497 2197 523 ,
2229 458 2281 513 id
2311 467 2396 514 est
2426 456 2728 513 caelestium
2756 456 2952 514 'causa.
3013 457 3278 515 Praeterea
3304 460 3556 530 preprius

298 540 365 593 ἐν
400 537 517 603 τοῖς
548 536 948 605 ἐπουρανίοις,
980 538 1291 603 τουτέστιν,
1328 539 1417 592 διὰ
1450 540 1518 594 τά
1554 542 1874 613 ἐπουράνια.

301 631 444 701 Πρὸς
468 629 682 691 τούτοις
712 629 788 693 δὲ,
820 628 914 683 καί
944 629 1035 682 τὸν
1079 629 1209 683 ἴδιον
1243 630 1386 684 κατά
1418 632 1597 703 σάρκα
1637 633 1878 704 πνεῦμα,

299 722 391 773 καὶ
423 720 551 783 τοὺς
583 718 884 789 κοσμικοῦς
926 718 1223 788 ἡγεμόνας,
1257 721 1351 772 καὶ
1388 720 1677 792 ἄρχοντας,
1718 721 1812 786 οὓς
1844 722 1877 790 ἡ

298 811 575 878 πάναγνος
605 808 701 863 τοῦ
734 807 972 878 Χριστοῦ
998 808 1175 877 ἀμνὰς
1200 810 1462 882 Βαρϐάρα
1482 812 1878 883 παλαιστρῖτας

300 901 583 971 ἐκέκτητο,
614 899 675 964 ἐξ
709 899 922 971 ὁρατῶν
973 903 1068 953 καὶ
1117 900 1366 971 ἀοράτων
1418 901 1695 973 πολεμίων
1744 919 1876 972 συγ-

300 989 589 1061 κειμένων.

367 1084 438 1146 γ’.
480 1076 749 1148 Τοιαύτης
777 1075 871 1131 οὖν
905 1080 1040 1149 ἡμῖν
1074 1080 1254 1134 ἄθλων
1284 1080 1519 1152 θεωρίας
1547 1083 1873 1156 προτιθεμέ-

299 1186 417 1239 νης,
440 1168 538 1222 οὐκ
574 1169 985 1240 ὲπισπεύσομεν
1013 1172 1149 1242 πρὸς
1176 1172 1273 1244 τὴν
1296 1174 1500 1228 τούτων
1525 1176 1873 1247 ὲπόπτευσιν,

299 1259 393 1312 καὶ
424 1259 521 1323 τάς
556 1261 850 1332 συμϐολάς,
878 1262 973 1315 καὶ
1018 1262 1242 1330 πλοκὰς,
1290 1264 1385 1318 καὶ
1429 1265 1601 1330 λαϐὰς
1634 1268 1876 1340 ἀμφοτέ-

300 1364 409 1417 ρων
436 1346 545 1418 (79)
577 1349 956 1420 κατάρδωμεν,
981 1350 1075 1403 καὶ
1104 1351 1203 1422 τὴν
1251 1353 1407 1423 νίκην
1452 1354 1554 1423 τῆς
1602 1356 1875 1427 ἡμετέρας

300 1443 589 1514 ἱερονίκου,
622 1444 718 1497 καὶ
753 1444 1122 1512 στεφανίτιδος
1152 1444 1578 1518 ὲπαθρήσομεν;
1625 1450 1718 1503 καί
1749 1450 1876 1513 τοὺς

301 1534 399 1603 μὲν
429 1534 727 1604 στυγεροῦς
775 1532 1033 1605 δαίμονας
1074 1536 1421 1606 ἡττωμένους
1453 1538 1546 1591 καὶ
1576 1556 1873 1612 καταισχυ-

298 1625 555 1695 νομένους
584 1626 680 1679 καὶ
709 1623 1035 1692 πίπτοντας,
1069 1628 1197 1693 τοὺς
1229 1630 1557 1698 ἀγγελικοὺς
1586 1633 1642 1688 δὲ
1668 1633 1874 1705 δήμους

298 1716 648 1799 ἀλαλαγμοὺς
698 1716 1128 1787 ὲπιφωνοῦντας,
1173 1721 1270 1774 καὶ
1315 1723 1603 1788 ἐπινικίοις
1657 1726 1873 1796 κρότοις

298 1807 397 1880 τὴν
444 1809 753 1863 καλλίνικον
799 1811 1181 1881 εὐφημοῦντας
1234 1814 1331 1867 καὶ
1370 1816 1747 1889 γεραίροντας,
1780 1821 1875 1875 καὶ

298 1901 534 1972 Χριστὸν
559 1903 723 1957 αὐτὸν
744 1903 819 1967 ὡς
845 1904 1211 1977 ἀγωνοθέτην,
1234 1907 1326 1963 τοῦ
1353 1908 1633 1980 βασιλικοῦ
1660 1914 1874 1985 θρόνου,

298 1999 554 2071 καθάπερ
582 2000 677 2054 ἐπὶ
719 2000 992 2070 Στεφάνου
1042 2002 1137 2056 τοῦ
1189 2008 1676 2079 πρωτομάρτυρος,
1706 2012 1874 2066 ἐπαν-

303 2094 632 2162 ιστάμενον,
682 2095 777 2148 καὶ
823 2094 951 2158 τοὺς
997 2095 1298 2164 στεφάνους
1347 2099 1736 2169 προτείνοντα,
1784 2102 1878 2155 καὶ

303 2185 493 2255 ἰδρῶσι
537 2186 973 2257 περιρρεομένην
1018 2186 1117 2257 τὴν
1162 2189 1482 2261 νικηφόρον,
1508 2192 1601 2245 ὑπ’
1630 2192 1878 2262 ἀγγέλων

299 2276 775 2347 δορυφορουμένην
828 2277 1260 2347 ὑποδεχόμενον,
1302 2281 1396 2333 καὶ
1440 2284 1880 2353 περιπτυσσόμε-

302 2385 415 2433 νον,
446 2367 542 2421 καὶ
587 2370 699 2432 τοῖς
732 2368 1079 2438 ἐπουρανίοις
1124 2369 1411 2441 θαλάμοις,
1453 2373 1549 2426 καὶ
1595 2376 1879 2444 νυμφῶσιν

302 2459 688 2527 ὲνευναίοντας
718 2459 782 2512 Τί
828 2462 939 2525 τοῖς
972 2460 1326 2532 φιλοθεάμοσι
1376 2463 1471 2517 τοῦ
1519 2467 1725 2520 τοιοῦδε
1754 2468 1877 2523 θεά-

307 2569 478 2623 ματος
512 2550 892 2622 τερπνότερον,
929 2552 961 2623 ἢ
998 2553 1279 2624 ἡδύτερον,
1316 2555 1349 2625 ἢ
1384 2557 1876 2631 ὲπικερδέστερονς

311 2666 329 2693 s
363 2644 683 2715 Μακάρισον
719 2644 851 2714 γὰρ,
898 2645 1064 2715 φησὶν
1100 2646 1380 2711 Βασίλειος
1402 2650 1432 2702 ὁ
1465 2649 1607 2721 ἱερὸς
1636 2652 1736 2722 τῆς
1763 2653 1881 2707 Ἐκ-

307 2736 537 2805 κλησίας
583 2735 919 2799 διδάσκαλος,
971 2736 1210 2807 γνησίως
1257 2740 1749 2809 μαρτυρήσαντας,
1792 2742 1881 2798 ἶνα

305 2827 443 2899 γένῃ
496 2828 707 2897 μάρτυς
755 2829 820 2897 τῇ
868 2827 1211 2898 προαιρέσει,
1241 2829 1336 2882 καὶ
1375 2829 1543 2901 ἑκϐῇς
1570 2831 1682 2902 (80)
1713 2835 1881 2903 χωρὶς

305 2918 562 2988 αἵματος,
607 2918 703 2972 καὶ
738 2918 1039 2988 μαστίγων,
1074 2918 1170 2973 καὶ
1201 2919 1480 2989 αἰκισμῶν
1516 2920 1651 2993 (81).
1680 2940 1699 2974 ι
1734 2918 1883 2994 ’Δρά

303 3012 455 3064 ἐστίν
509 3028 595 3073 τις
646 3010 811 3081 ἑτέρα
845 3010 947 3081 τῆς
978 3010 1237 3083 τοιαύτης
1264 3011 1496 3081 ἑποψίας
1537 3014 1569 3084 ἢ
1622 3031 1881 3085 πραγμα-

303 3103 453 3167 τείας
486 3102 918 3174 κερδαλεωτέρα,
956 3102 1054 3157 καὶ
1098 3103 1190 3157 τὸν
1234 3103 1462 3157 πλοῦτον
1493 3106 1880 3176 προσφέρουσα
1906 3111 1947 3169 C

304 3194 562 3260 πλείονα;
599 3193 661 3248 οῦ
698 3211 791 3264 μοι
820 3194 989 3251 δοκεῖ.

391 3286 552 3340 Ἀλλά
577 3286 632 3339 τί
675 3286 948 3351 πέπονθα,
989 3279 1034 3340 ὦ
1083 3286 1260 3355 φίλοι;
1310 3288 1439 3359 πρὶν
1472 3292 1537 3360 τῇ
1584 3291 1725 3361 ἀρχῇ
1772 3290 1881 3344 τῶν

301 3375 532 3447 ἀγώνων
566 3378 986 3449 προσϐάλωμεν,
1020 3378 1157 3447 πρὸς
1204 3378 1266 3432 τὸ
1297 3380 1451 3444 τέλος
1496 3382 1638 3452 ἡμᾶς
1672 3381 1700 3435 ὁ
1727 3382 1882 3450 λόγος

305 3466 700 3538 παρώρμησεν.
737 3468 872 3535 Ἀγε
919 3465 983 3538 δὴ
1016 3462 1131 3531 οῦν,
1173 3467 1338 3521 αὑτὸν
1382 3470 1879 3541 ἀνακαλεσάμενοι,

300 3560 414 3613 τῶν
455 3558 745 3629 προθύρων
794 3558 888 3611 τοῦ
935 3558 1241 3629 μαρτυρίου
1292 3559 1572 3630 ὲπιϐῶμεν
1614 3562 1749 3632 ἤδη,
1790 3563 1883 3617 καὶ

299 3655 404 3722 τῆς
427 3652 569 3707 κατά
601 3652 766 3723 μέρος
795 3651 1101 3722 διηγήσεως
1134 3652 1560 3724 καταρξώμεθα.

374 3746 438 3800 δ’.
476 3746 583 3799 Τοῦ
624 3744 971 3813 παναγάθου,
1005 3743 1100 3799 καὶ
1131 3744 1575 3817 φιλοικτίρμονος
1610 3746 1745 3802 Θεοῦ
1781 3748 1883 3802 Λό-

301 3855 405 3907 γου
447 3835 508 3891 τὸ
545 3836 675 3889 ἴδιον
723 3833 1184 3908 πλαστούργημα,
1231 3838 1371 3910 ὅπερ
1418 3840 1540 3892 κατ’
1567 3839 1752 3894 εἰκόνα
1784 3842 1884 3913 τὴν

301 3930 502 3985 ἑαυτοῦ
534 3929 772 4001 ἀρχῆθεν
815 3927 1144 4000 πεποίηκεν,
1194 3929 1288 3982 καὶ
1333 3930 1444 3984 τῶν
1491 3931 1753 4000 ἐπιγείων
1785 3933 1883 4003 τὴν

301 4022 607 4093 ἠγεμονίαν
636 4021 1033 4093 ἐγκεχείρικεν,
1081 4020 1188 4075 ὑπὸ
1218 4022 1321 4091 τῆς
1349 4022 1445 4076 τοῦ
1480 4024 1672 4095 νοητοῦ
1704 4025 1761 4079 δὲ
1797 4025 1885 4079 διὰ

301 4115 401 4168 τοῦ
441 4112 700 4184 αἰσθητοῦ
732 4113 911 4183 ὄφεως
940 4113 1157 4184 ἀπάτης
1188 4115 1253 4168 ὲκ
1290 4114 1392 4185 τῆς
1421 4114 1517 4169 τοῦ
1551 4117 1883 4188 παραδείσου

300 4204 522 4275 τρυφῆς
553 4203 974 4274 ἐξενηνεγμένον
1003 4203 1333 4272 ἑωρακότος,
1363 4205 1458 4259 καὶ
1488 4204 1674 4260 λοιπὸν
1704 4206 1886 4260 δεδου-

298 4298 571 4368 λωμένον,
597 4297 695 4350 καὶ
723 4295 986 4365 παγγενεὶ
1010 4294 1071 4348 οὐ
1101 4296 1263 4365 μόνον
1287 4299 1354 4368 τῇ
1388 4297 1562 4369 φθορᾷ
1587 4299 1888 4373 ὑποϐεϐλη-

304 4390 492 4461 μένον,
542 4389 681 4445 ἀλλὰ
727 4388 823 4443 καὶ
860 4388 941 4451 εἰς
980 4386 1333 4458 πολυσχεδεϊς
1374 4388 1583 4453 πλάνας
1611 4391 1708 4443 καὶ
1736 4390 1885 4461 πάθη

300 4480 532 4551 ἀτιμίας
566 4477 905 4551 ὑπηγμὲνον,
940 4477 1036 4532 καὶ
1067 4477 1322 4533 τοσοῦτον
1349 4477 1425 4548 τῷ
1452 4478 1601 4550 ζόφῳ
1625 4480 1725 4550 τῆς
1761 4482 1889 4534 ἀσε-

301 4573 461 4636 ϐείας
506 4573 631 4637 τοὺς
676 4571 945 4643 ψυχικοὺς
980 4570 1295 4642 ὀφθαλμοὺς
1342 4572 1760 4643 ὲσκοτισμένον,
1813 4573 1889 4637 ὡς

300 4667 403 4720 καὶ
436 4665 529 4721 τὸν
556 4664 727 4730 ὅντως
765 4664 897 4719 ὄντα
932 4663 1066 4718 Θεὸν
1093 4664 1546 4719 καταλελοιπέναι
1572 4707 1585 4731 ,
1621 4664 1802 4730 ξύλοις
1827 4665 1887 4719 δὲ

303 4758 403 4813 καὶ
454 4758 661 4821 λίθοις,
716 4756 812 4811 καὶ
850 4756 1166 4827 ἀναισθήτῳ
1226 4755 1330 4829 ὕλῃ
1375 4756 1477 4826 τὴν
1515 4756 1889 4829 προσκύνησιν

301 4846 769 4920 προσενηνοχέναι
788 4887 804 4916 ,
838 4846 934 4900 καὶ
960 4845 1067 4900 ὑπὸ
1089 4846 1186 4899 τοῦ
1219 4846 1458 4917 πονηροῦ
1482 4887 1499 4915 ,
1527 4847 1622 4902 καὶ
1648 4848 1888 4901 ἀποστα-

298 4940 460 4995 τικοῦ
507 4940 763 5011 δαίμονος
792 4940 873 5003 είς
911 4940 1141 5011 ἔσχατον
1169 4940 1297 5012 ᾅδου
1339 4940 1432 4995 καὶ
1470 4941 1723 5006 ἀσεϐείας
1753 4943 1887 5008 ἔξω·

304 5031 508 5103 σμένον
560 5032 653 5086 καὶ
697 5032 1162 5103 κατερῤιμμένον,
1212 5031 1313 5085 οὐκ
1364 5032 1598 5100 ἤνεγκεν
1642 5033 1742 5102 τὴν
1791 5032 1888 5087 τοῦ

297 5124 605 5192 ἀλάστορος
653 5121 918 5194 τυράννου
972 5122 1152 5194 ὓϐριν,
1197 5122 1418 5176 καὶτοῦ
1461 5122 1883 5194 πεπλανημένου

297 5213 594 5285 ἀνθρώπου
626 5213 1050 5284 ἀπηλπισμένην
1076 5212 1370 5266 ἀπώλειαν.
1395 5213 1573 5285 υίκτῳ
1597 5214 1653 5268 δὲ
1682 5215 1883 5285 μᾶλλον

297 5305 398 5362 τοῦ
429 5306 565 5361 ἰδίου
587 5304 876 5360 ἀναλαϐὼν
904 5306 1227 5376 ποιήματος,
1260 5304 1321 5370 ἐξ
1352 5306 1732 5378 ἀπειρογάμου
1759 5306 1883 5361 νεά-

381 5462 423 5494 ²¹
465 5462 668 5532 Epltes.
705 5476 779 5525 τι,
828 5460 913 5514 ιιι.

378 5600 492 5671 (79)
524 5600 752 5672 Legero,
780 5598 1226 5672 κατέπινοήσωμενΣ

382 5664 499 5740 ἰεῦ)
528 5664 682 5739 Apud
711 5669 986 5740 Basiliunt,
1008 5664 1179 5740 χωρὶς
1203 5664 1469 5740 διωγμοῦ,
1499 5664 1665 5740 χωρὶς
1692 5666 1879 5740 πυρὸς,

301 5733 491 5816 χωρὶς
521 5733 824 5813 μαστίγων,
855 5738 963 5794 τῶν
995 5733 1193 5805 αὐτῶν,
1244 5735 1427 5799 αὐτοῖς
1474 5733 1681 5805 μισθῶν
1720 5734 1882 5804 ἠξιω-

1983 548 2146 603 etiam
2175 549 2411 604 carnalis
2442 550 2688 619 spiritus,
2722 551 3018 620 mundique
3050 552 3312 621 praesides
3339 563 3396 607 et
3449 569 3557 608 ma-
3604 542 3617 555 ’

1982 639 2242 707 gistratus
2271 654 2335 695 ac
2375 641 2665 710 principes,
2694 641 2796 696 hos
2844 642 3152 698 castissima
3192 643 3395 698 Christi
3438 645 3554 700 ovis

1982 729 2221 786 Barbara
2248 731 2546 787 luctatores
2580 743 2737 788 nacta
2768 745 2873 801 est,
2910 733 3144 790 conflato
3184 735 3287 805 ipsi
3318 736 3554 791 hostium

1983 822 2417 885 tamrvisihilium
2452 839 2612 895 quant
2662 825 3012 882 invisibilium
3043 840 3235 882 cuneo.

2049 1086 2103 1140 5.
2136 1083 2358 1140 Talibus
2389 1084 2569 1153 itaque
2602 1082 2996 1140 certaminibus
3024 1082 3179 1138 nobis
3228 1081 3296 1137 ad
3342 1090 3555 1152 specta-

1978 1177 2159 1234 culum
2192 1176 2505 1246 propositis,
2534 1190 2713 1230 annon
2769 1174 3144 1230 festinabimus
3201 1173 3266 1227 ad
3298 1173 3413 1227 haec
3433 1188 3554 1229 cer-

1977 1271 2175 1332 nenda,
2211 1278 2268 1322 ut
2308 1277 2664 1336 utrorumque
2712 1267 3156 1335 congressiones,
3205 1265 3551 1330 iuiiexiones,

1977 1368 2032 1414 et
2058 1358 2446 1428 prehensiones
2489 1356 2948 1425 contemplemur,
3009 1364 3064 1410 et
3108 1370 3280 1412 sacrae
3315 1357 3553 1413 victricis

1976 1462 2177 1504 corona
2206 1447 2469 1502 redimita:
2494 1446 2824 1514 triumphum
2861 1448 3199 1501 cernemus?
3232 1462 3296 1502 ac
3333 1448 3551 1515 quidem

1977 1538 2205 1593 infestos
2241 1538 2513 1592 daemones
2573 1547 2895 1604 superatos,
2950 1552 3151 1606 magno
3198 1553 3298 1594 suo
3351 1540 3554 1608 pudore

1962 1630 2232 1687 cadentes
2259 1644 2273 1682 :
2300 1627 2614 1695 angelorum
2673 1636 2857 1681 autem
2911 1628 3138 1696 p0pulos
3172 1628 3295 1685 laeto
3324 1631 3552 1699 strepitu

1977 1722 2363 1787 acclamantes,
2405 1728 2460 1774 et
2489 1720 2730 1776 victorias
2754 1720 3034 1789 plausibus
3080 1721 3361 1777 victricem
3399 1736 3555 1791 egre-

1976 1813 2117 1884 giam
2165 1821 2545 1868 exornantes:
2605 1812 2779 1880 ipsum
2843 1812 3077 1880 denique
3133 1810 3432 1877 Christum,
3479 1814 3554 1867 uti

1978 1904 2334 1961 certaminum
2367 1902 2649 1972 praesidem
2676 1916 2706 1957 e
2729 1902 2876 1973 regia
2922 1903 3072 1967 sedc,
3106 1902 3249 1957 haud
3286 1916 3442 1957 secus
3475 1910 3555 1956 at-

1978 2010 2083 2066 que
2110 1994 2387 2064 Stephano
2408 1993 2817 2063 protomartyri,
2854 2001 3232 2062 assurgentem
3254 2006 3556 2049 etcoronas

1978 2088 2365 2158 porrigentem,
2428 2084 2591 2153 inque
2642 2084 2955 2139 cmleStibus
3009 2084 3263 2141 thalamis
3315 2095 3372 2141 et
3422 2086 3557 2140 toris

1979 2174 2364 2232 circumfusam
2438 2172 2729 2229 sudoribus
2774 2173 3098 2241 victricem,
3154 2182 3213 2229 et
3268 2174 3558 2230 ambitioso

1982 2266 2297 2337 angelorum
2341 2263 2598 2320 satellitio
2645 2265 2955 2331 deductam,
2999 2263 3389 2321 collocantent?
3416 2266 3556 2333 Quid

1982 2357 2426 2429 spectaculorum
2457 2356 2796 2411 amatoribus
2817 2355 3083 2424 ejusmodi
3124 2358 3436 2426 speetaculo
3465 2357 3557 2427 ju-

1981 2448 2211 2505 cundius
2236 2456 2329 2503 aut
2397 2447 2849 2504 delectabilius‘lt
2881 2447 3076 2504 Beatos
3134 2447 3257 2504 illos
3302 2451 3556 2518 praedicat,

1985 2539 2161 2611 inquit
2191 2552 2349 2593 sacer
2374 2536 2634 2593 Ecclesiae
2667 2538 2856 2594 doctor
2892 2537 3147 2605 Basilius,
3174 2541 3265 2609 qui
3296 2542 3558 2614 martyrio

1982 2645 2110 2685 vere
2138 2628 2311 2685 sancti
2358 2637 2507 2695 sunt,
2541 2636 2600 2684 ut
2663 2629 2832 2684 animi
2894 2630 3171 2700 pr0posito
3202 2639 3404 2703 martyr
3446 2634 3559 2702 ipse

1982 2720 2254 2785 eiiiciaris,
2286 2729 2342 2775 et
2371 2720 2571 2778 evadas
2617 2720 2782 2791 897
2813 2719 2932 2776 sine
2979 2736 3197 2787 cruore,
3243 2722 3560 2779 verberibus

1982 2822 2038 2868 et
2068 2812 2375 2883 suppliciis.
2405 2831 2424 2864 ι
2464 2810 2717 2882 Nunquid
2765 2812 2872 2867 ulla
2923 2812 3097 2868 altera
3161 2814 3426 2885 inspectio
3467 2823 3561 2871 aut

1987 2903 2286 2975 negotiatio
2312 2913 2420 2966 est.
2456 2918 2578 2974 quae
2612 2901 2874 2973 majorem
2924 2912 3212 2973 quaestum,
3247 2920 3313 2960 ac
3342 2905 3561 2963 divitias

1985 2996 2274 3066 ampliores
2299 2993 2531 3051 afferat?
2548 2994 2711 3065 plane
2749 3009 2857 3050 non
2892 3004 3067 3066 puto.‘

2054 3295 2257 3352 Verum
2289 3294 2418 3364 quid
2450 3295 2667 3359 accidit,
2720 3293 3098 3350 dilectissimi?
3143 3308 3267 3348 cum
3306 3295 3561 3349 certami-

1985 3403 2113 3443 num
2137 3386 2433 3457 primordia
2462 3386 2690 3443 necdum
2742 3385 3106 3455 attigerimus,
3163 3384 3239 3439 in.
3275 3384 3436 3439 finem
3463 3399 3563 3439 nos

1984 3480 2161 3537 oratio
2187 3479 2415 3550 pepulit.
2450 3478 2565 3549 Age
2609 3477 2797 3549 igitur,
2831 3490 2896 3533 ea
2948 3476 3016 3531 ad
3053 3475 3265 3531 initium
3291 3484 3562 3542 revocata,

1985 3573 2041 3627 in
2069 3571 2318 3643 martyrii
2371 3570 2511 3625 atria
2566 3570 2758 3640 pedem
2801 3577 2931 3625 ante
2983 3567 3306 3636 inferamus,
3344 3578 3564 3637 tumque

1985 3662 2263 3734 sigillatim
2295 3670 2494 3719 cuncta
2524 3674 2748 3716 narrare
2772 3659 3117 3730 incipiamus.

2054 3753 2110 3808 4.
2179 3752 2313 3807 Cum
2387 3751 2815 3822 benignissimus
2914 3748 3564 3818 misericordissimusque

1987 3844 2130 3899 Deus
2154 3843 2419 3907 Verbum,
2454 3844 2772 3912 figmentum
2805 3854 2989 3906 suum,
3028 3842 3175 3908 quod
3210 3840 3277 3893 ab
3310 3838 3469 3893 initio
3496 3839 3565 3894 ad

1987 3936 2277 4007 imaginem
2334 3948 2487 3990 suam
2543 3932 2919 3999 condiderat,
2976 3934 3176 4002 cuique
3225 3922 3563 3987 terrea-orum

1987 4029 2349 4100 principatum
2441 4025 2831 4086 commiserat,
2908 4023 3211 4092 spiritualis
3298 4026 3565 4093 serpentis

1988 4116 2199 4182 fraude,
2227 4113 2570 4184 aspectabilis
2596 4112 2867 4181 serpentis
2908 4126 3097 4182 Opera,
3132 4112 3383 4182 paradiso
3417 4112 3565 4167 volu-

1987 4206 2157 4278 ptatis
2182 4203 2416 4274 ejectum
2452 4201 2851 4273 conspexisset,
2906 4202 3130 4271 jamque
3181 4202 3320 4257 adeo
3353 4204 3565 4257 manci-
3648 4208 3653 4214 '

1991 4305 2173 4369 patum
2200 4311 2302 4352 nec
2327 4297 2522 4352 mortis
2554 4296 2817 4352 duntaxat
2850 4294 3146 4350 interitioni
3172 4309 3292 4350 cum
3313 4296 3565 4351 universa

1996 4388 2262 4460 progenie
2294 4386 2592 4451 addictum,
2624 4384 2717 4439 sed
2742 4392 2799 4438 et
2830 4384 2883 4439 in
2912 4384 3313 4440 diversissimos
3352 4398 3568 4440 errores

1996 4480 2561 4550 probrosissimosque
2618 4474 2846 4530 aﬂ‘ectus
2901 4475 3412 4546 devectum,eaque
3470 4476 3568 4532 lm-

1990 4571 2206 4640 pietatis
2238 4570 2475 4638 caligine
2527 4566 2724 4621 mentis
2779 4566 2966 4621 oculos
3011 4567 3368 4633 obcaecatum,
3410 4576 3470 4622 ut
3505 4584 3568 4623 co

1990 4662 2082 4733 qui
2117 4676 2245 4716 vere
2276 4660 2417 4715 Deus
2441 4666 2525 4713 est
2556 4656 2840 4722 derelicto,
2865 4656 2973 4711 diis
3013 4672 3079 4711 ex
3134 4656 3279 4728 ligno
3318 4667 3372 4713 et
3395 4659 3569 4729 lapide

1991 4752 2276 4809 fabricatis
2319 4748 2641 4819 expertique
2666 4762 2861 4804 sensus
2916 4749 3160 4805 materia:
3200 4750 3403 4805 cultum
3426 4751 3568 4804 adhi-

1990 4846 2163 4913 beret,
2197 4851 2363 4924 atque
2391 4857 2421 4897 a
2461 4840 2797 4911 nequissimo
2829 4847 2884 4896 et
2934 4840 3215 4897 desertore
3244 4841 3485 4896 daemone
3515 4841 3566 4893 in

1991 4947 2296 4993 extremam
2326 4933 2551 4997 inferni,
2580 4941 2636 4989 et
2690 4932 2987 5003 impietatis
3039 4932 3251 4988 foveam
3288 4933 3566 4984 detrusum

1989 5040 2045 5087 et
2093 5028 2433 5099 projectum;
2480 5026 2670 5082 nefarii
2728 5025 2941 5096 tyranni
2994 5024 3246 5094 iniuriam
3283 5036 3389 5075 non
3422 5021 3565 5084 tulit,

1992 5137 2092 5178 nec
2107 5122 2451 5190 desperatam
2468 5117 2681 5186 decepti
2701 5116 2943 5186 hominis
2964 5111 3345 5183 perditionem.
3373 5111 3567 5176 Quam-

1989 5216 2177 5271 obrem
2218 5222 2278 5267 ut
2303 5218 2567 5267 creaturae
2614 5222 2726 5264 sua;
2755 5205 3128 5277 opitularetur,
3153 5217 3215 5257 ex
3268 5200 3445 5272 puella
3468 5217 3567 5255 nu-

1990 5306 2170 5377 ptialis
2200 5317 2524 5376 congressus
2550 5298 2732 5356 nescia
2782 5304 3115 5367 assumptum
3177 5292 3347 5350 vellus
3392 5292 3592 5371 bonus.

1995 5598 2171 5664 μένος.
2502 5588 2519 5601 ’

2062 5667 2172 5738 (81)
2207 5667 2393 5736 Basil.,
2432 5668 2592 5725 Hom.
2632 5670 2683 5725 in
2718 5666 2786 5723 40
2818 5672 3033 5736 martyr.
