3994 6350
469 404 574 467 787
1637 400 1697 459 S.
1736 397 2057 460 JOANNIS
2092 398 2489 459 DAMASCEN
2498 398 2523 457 Ι

3643 394 3745 457 788

475 513 596 583 ipse
618 511 815 569 Pastor
852 510 1046 575 induit,
1092 509 1503 580 seductumque
1563 508 1705 567 illius
1751 515 1932 582 specie
1957 515 2051 568 atl-

2173 511 2296 576 ιιδος
2320 512 2381 564 τδ
2419 510 2612 565 κώδιον
2640 511 2669 563 ό
2703 507 2915 579 Ποιμὴν
2949 509 2977 561 ὁ
3012 506 3176 571 καλὸς
3222 505 3545 578 περιέθετο,
3584 503 3652 562 δι’
3680 502 3742 564 οὖ

475 604 807 668 versarium,
844 610 901 654 et
954 613 1121 655 cruce
1170 608 1579 670 expugnatum,
1630 604 1939 671 tyrannide,
1994 612 2051 655 ut

2173 603 2244 657 τὸν
2272 602 2545 657 ἀντίδικον
2569 600 2849 662 δελεάσας,
2877 598 2971 652 καὶ
2999 597 3078 668 τῷ
3106 597 3327 668 σταυρῷ
3362 596 3743 667 καταγωνισά-

471 697 676 762 iustum
700 702 836 759 erat,
870 690 1065 762 eiecit;
1100 703 1293 760 utpote
1335 692 1428 762 qui
1474 706 1571 762 per
1603 707 1870 748 summam
1905 693 2050 764 inju-

474 787 639 849 riam,
676 792 911 849 mortem
950 786 1020 839 ad
1061 786 1324 841 ultionem
1359 787 1566 854 peccati
1604 786 1902 849 decretam,
1951 784 2052 838 ad-

479 887 668 928 versus
698 869 847 927 illum
881 873 1243 940 instruxerat,
1308 874 1399 943 qui
1453 890 1483 929 a
1537 884 1760 945 peccato
1789 875 2054 932 immunis

478 972 641 1017 esset.
664 959 782 1017 Non
813 963 958 1018 enim
1005 964 1199 1019 mortis
1250 976 1422 1034 pruna:
1444 973 1500 1018 et
1527 964 1779 1021 vindicta
1807 975 1926 1021 erat
1954 965 2052 1020 ob-

479 1052 697 1115 noxius,
726 1050 818 1120 qui
860 1062 1141 1120 peccatum
1172 1053 1392 1107 minime
1421 1064 1759 1124 gustaverat.

548 1141 603 1195 5.
645 1140 1009 1209 Quamobrem
1037 1142 1127 1196 ille
1155 1144 1247 1213 qui
1273 1141 1472 1211 injuste
1491 1144 1768 1200 hominem
1803 1147 2055 1214 peremit,

481 1233 721 1288 vicissim
750 1233 863 1302 ipse
891 1234 1016 1303 jure
1044 1235 1389 1304 perimendus
1412 1237 1543 1300 erit,
1568 1246 1623 1291 et
1654 1252 1791 1307 quas
1830 1240 2059 1308 co'nqui-

480 1325 651 1380 slerat
672 1339 806 1394 opes
837 1326 1134 1381 amissurus
1168 1338 1270 1381 est.
1296 1326 1445 1383 illius
1467 1329 1667 1383 etenim
1694 1330 2058 1399 interemptio,

478 1416 769 1482 potestatis
796 1416 1020 1471 amissio
1045 1426 1099 1471 et
1131 1416 1328 1487 ejectio
1352 1429 1436 1474 est
1464 1435 1480 1474 :
1516 1420 1822 1476 daemonum
1864 1423 2062 1492 quippe

483 1520 656 1573 genus
684 1506 990 1563 immortale
1035 1508 1316 1563 conditum
1360 1524 1390 1563 a
1424 1508 1532 1564 Deo
1562 1509 1685 1564 fuit.
1729 1511 1836 1566 Sed
1867 1522 1920 1567 et
1964 1512 2064 1567 Do-

487 1597 666 1652 minus
698 1612 807 1667 quo
832 1613 1023 1668 passus
1060 1609 1143 1653 est
1176 1607 1439 1670 tempore,
1482 1601 1701 1656 aiebat:
1742 1601 1890 1657 Venit
1917 1605 2065 1673 prin-

482 1703 603 1756 ceps
625 1689 808 1742 mundi
824 1690 982 1760 hujus
1014 1731 1030 1757 ,
1058 1692 1177 1745 etin
1196 1707 1275 1745 me
1306 1707 1410 1746 non
1425 1692 1647 1746 inveniet
1666 1694 1954 1764 quidquam
1976 1696 2022 1727 ⁸⁸
2046 1714 2060 1750 :

489 1780 591 1836 hoc
620 1790 707 1836 est
737 1782 941 1836 nullum
968 1797 1187 1854 germen
1221 1799 1409 1839 eorum
1458 1800 1578 1854 qua:
1620 1787 1932 1849 seminavit.
1972 1799 2063 1843 aut

486 1873 695 1936 peccati
721 1874 1032 1943 vestigium,
1055 1885 1148 1931 aut
1180 1876 1426 1941 odorem,
1443 1887 1535 1930 aut
1555 1878 1759 1934 umbras
1782 1880 2061 1937 indicium.

488 1962 650 2030 Nam,
676 1974 738 2020 ut
767 1981 889 2022 cum
918 1968 1180 2038 propheta
1215 1971 1410 2039 loquar
1435 1984 1449 2019 :
1482 1967 1763 2024 Peccatum
1797 1987 1899 2025 non
1924 1971 2066 2041 fecit,

490 2062 583 2110 nec
612 2056 766 2112 dolus
791 2058 1031 2113 inventus
1056 2068 1134 2113 est
1158 2059 1214 2114 in
1232 2076 1320 2113 ore
1343 2059 1455 2130 ejus
1481 2061 1553 2114 ”.
1575 2059 1840 2128 Quocirca
1870 2062 2067 2119 iterum

489 2145 704 2202 diccbat
740 2165 755 2201 :
794 2148 1238 2221 Nuncjndicium
1291 2160 1370 2205 est
1417 2152 1621 2219 mundi,
1655 2169 1793 2207 nunc
1826 2155 2069 2226 princeps

492 2237 653 2307 hujus
706 2241 893 2297 mundi
942 2242 1191 2311 ejiciatur
1235 2240 1384 2307 foras
1424 2242 1512 2306 ’λς
1562 2244 1677 2299 sive
1726 2245 2068 2314 tyrannidem

493 2331 730 2397 amittet,
752 2341 810 2387 et
834 2333 1236 2389 amandabitur.
1271 2333 1380 2389 Sua
1428 2334 1596 2403 igitur
1645 2337 2068 2402 resurrectione,

496 2424 732 2478 humana
765 2439 943 2480 massa
977 2434 1253 2495 reparata,
1301 2434 1521 2481 sanctos
1574 2427 1828 2496 deinceps
1856 2437 2072 2498 aposto-

496 2516 575 2568 los
598 2515 656 2569 in
685 2516 925 2570 universi
956 2524 1224 2570 terrarum
1256 2515 1406 2571 orbis
1438 2516 1573 2572 fines
1597 2517 1820 2581 emittit,
1852 2525 1911 2570 ut
1931 2516 2074 2571 salu-

496 2616 668 2661 tarem
698 2607 1139 2676 praedicationem
1190 2606 1506 2662 nominibus
1552 2609 1897 2673 annuntient,
1927 2617 1981 2664 et
2008 2609 2073 2663 ad

496 2711 655 2752 suum
715 2699 978 2754 reducant
1032 2709 1332 2766 auctorem,
1381 2699 1726 2770 Spiritusque
1777 2697 2077 2770 fulgoribus

496 2789 793 2859 impietatis
850 2793 1108 2848 tenebras
1160 2791 1486 2859 dissolvunt,
1532 2806 1773 2848 errorem
1820 2792 2079 2847 extermi-

497 2891 649 2943 nent,
678 2882 961 2938 veritatem
994 2882 1247 2938 doceant.
1286 2882 1436 2947 Inde,
1461 2882 1911 2952 quemadmodum
1937 2882 2079 2952 ignis

496 2970 871 3038 copiosissima
932 2971 1378 3043 amplissimaque
1436 2971 1701 3043 lignorum
1769 2981 1920 3027 strue
1952 2986 2076 3025 cor-

499 3069 671 3129 repta,
731 3063 1016 3120 celerrime
1059 3064 1337 3119 elatiorem
1383 3063 1436 3118 in
1487 3063 1757 3117 ﬂammam
1806 3064 2075 3134 exsurgit,

2158 711 2340 765 μενος,
2379 690 2604 754 δικαίως
2640 691 2743 759 τῆς
2771 687 3089 760 τυραννίδος
3119 686 3481 759 ἐκϐέϐληκεν,
3515 686 3595 749 ὡς
3631 687 3744 742 ἀδί-

2154 804 2266 852 κως
2288 786 2368 856 τῷ
2393 784 2667 855 ἁμαρτίας
2687 780 2932 852 ἀπείρῳ,
2957 780 3085 833 καθ’
3110 780 3178 850 ἢν
3201 780 3230 832 ὁ
3260 778 3493 842 θάνατος
3520 777 3742 850 ὥριστο,

2155 880 2245 933 τδν
2272 877 2501 934 Θάνατον
2536 874 2930 945 ἐφοπλίσαντα.
2962 872 3036 925 Οὐ
3068 871 3181 942 γάρ
3224 870 3457 924 θανάτου
3492 870 3744 936 εὐθύναις

2156 972 2250 1026 καὶ
2296 969 2592 1041 ἐπιτιμίοις
2646 966 2943 1029 ὑπέκειτο,
2986 963 3016 1017 ό
3069 962 3349 1034 ἁμαρτίας
3401 963 3745 1016 παντάπασιν

2158 1065 2445 1132 ἄγευστος.

2229 1159 2291 1208 ε’.
2341 1154 2401 1205 ὐ
2431 1152 2619 1205 τοίνυν
2649 1147 2839 1203 τοῦτον
2892 1146 3095 1209 ἀδίκως
3138 1143 3473 1217 ἀνῃρηκὼς,
3522 1143 3746 1207 ἐνδίκως

2159 1242 2683 1314 ἀνταναιρεθήσεται
2705 1280 2719 1303 ,
2746 1240 2841 1294 καὶ
2867 1230 2929 1291 οὗ
2960 1236 3225 1307 ἐκέκτητο
3252 1235 3507 1295 πλούτου.
3540 1252 3741 1305 στερη-

2161 1338 2407 1409 θήσεται.
2470 1333 2709 1387 Ἐκεῖνον
2760 1332 2871 1403 γὰρ
2910 1329 3213 1400 ἀναίρεσις,
3262 1329 3296 1399 ἡ
3345 1328 3449 1398 τῆς
3500 1325 3746 1392 ἐξουσίας

2162 1430 2310 1483 ἐστὶν
2339 1428 2536 1498 ἐκϐολὴ
2574 1426 2666 1479 καὶ
2694 1424 2993 1486 ἔκπτωσις
3024 1422 3295 1475 ἀθάνατον
3318 1419 3428 1491 γάρ
3458 1418 3520 1472 τὸ
3553 1417 3744 1489 δαιμό-

2163 1537 2275 1575 νιον
2304 1518 2472 1590 φῦλον
2501 1517 2606 1571 ὑπὸ
2631 1516 2727 1570 τοῦ
2767 1514 3005 1569 Κτίστου
3037 1511 3525 1587 δεδημιούργηται.
3582 1508 3693 1563 Καὶ
3723 1510 3751 1563 ὀ

2163 1613 2368 1683 Κύριος
2404 1610 2511 1681 γὰρ
2554 1608 2706 1681 παρὰ
2750 1608 2844 1660 τδν
2886 1606 2981 1658 τοῦ
3011 1602 3220 1665 πάθους
3253 1599 3448 1674 καιρόν
3488 1599 3747 1668 ἔφασκεν

2168 1704 2447 1773 Ἔρχεται
2472 1699 2673 1771 ἅρχων
2701 1697 2809 1753 τοῦ
2841 1698 3076 1773 κόσμου
3110 1695 3349 1761 τούτου,
3390 1692 3488 1749 καὶ
3520 1692 3589 1746 ὲν
3617 1690 3750 1761 ἐμοὶ

2167 1795 2414 1865 εὑρήσει
2445 1792 2648 1847 οὐδέν’
2700 1790 2970 1851 τουτέστι,
3006 1788 3115 1841 τῶν
3154 1786 3365 1841 ἐκείνου
3423 1784 3755 1856 σπερμάτων

2165 1887 2454 1961 γεώργιον,
2478 1886 2512 1955 ἢ
2535 1883 2811 1956 ἁμαρτίας
2841 1882 3005 1952 ἴχνος,
3035 1881 3068 1952 ἦ
3093 1878 3291 1951 ὀσμὴν,
3318 1878 3351 1950 ἢ
3374 1875 3753 1946 ἀποσκίασμα.

2175 1980 2487 2049 Ἀμαρτίαν
2531 1977 2642 2047 γὰρ
2665 1978 2777 2030 οὐκ
2808 1974 3119 2039 ἐποίησεν,
3166 1969 3524 2041 προφητικῶς
3550 1968 3751 2031 εἰπεῖν,

2167 2052 2317 2126 οὐδὲ
2336 2071 2520 2141 δόλος
2548 2066 2760 2137 δι’·ρέοη
2789 2067 2858 2121 ἐν
2891 2064 2970 2131 τῷ
2998 2063 3247 2132 στόματι
3276 2061 3488 2116 αὐτοῦ.
3524 2059 3618 2113 Διδ
3653 2060 3748 2112 καὶ

2168 2158 2330 2211 πάλιν
2346 2156 2553 2225 ἔλεγεν,
2574 2156 2705 2211 Νῦν
2722 2155 2922 2224 κρίσις
2937 2151 3043 2207 τοῦ
3068 2153 3303 2220 κόσμου
3324 2151 3540 2204 τούτου
3559 2148 3754 2202 ἐστίν’

2164 2248 2331 2303 νῦνὸ
2346 2247 2547 2317 ἅρχων
2565 2246 2672 2302 τοῦ
2688 2247 2921 2315 κόσμου
2938 2244 3153 2298 τούτου
3165 2241 3603 2309 ἐκϐληθήσεται
3617 2239 3755 2303 ἔξω,

2168 2339 2322 2410 ἤτοι,
2351 2339 2449 2409 τῆς
2477 2338 2791 2411 τυραννίδος
2824 2336 3162 2399 ἐκπεσεῖται,
3197 2334 3294 2387 καὶ
3324 2332 3749 2404 μεταστήσεται.

2171 2432 2271 2485 Διά
2297 2431 2398 2502 τῆς
2442 2431 2641 2485 ἐαυτοῦ
2671 2428 2967 2501 τοιγαροῦν
3008 2426 3359 2488 ἀναστάσεως
3395 2423 3457 2477 τδ
3493 2423 3761 2493 ἡμέτερον

2171 2523 2555 2587 ἀνασκευάσας
2579 2522 2673 2576 καὶ
2689 2521 3139 2593 ἀνανεωσάμενος
3159 2518 3411 2590 φύραμα,
3431 2514 3559 2577 τοὺς
3583 2512 3763 2582 ἱεροὺς

2170 2615 2359 2672 λοιπὸν
2386 2612 2719 2676 ἀποστόλους
2749 2612 2892 2665 κατά
2924 2611 3102 2679 πάσης
3149 2607 3425 2677 ἐκπέμπει
3454 2604 3553 2673 τῆς
3586 2605 3763 2655 οἰκου-

2178 2705 2345 2776 μένης
2372 2703 2440 2757 τὰ
2471 2702 2707 2774 πέρατα,
2739 2701 2803 2755 τὸ
2834 2700 3100 2771 σωτήριον
3134 2699 3247 2761 τοῖς
3280 2696 3490 2767 βροτοῖς
3515 2691 3763 2761 διαγγέλ-

2173 2796 2368 2859 λοντας
2398 2797 2681 2865 κήρυγμα,
2711 2793 2807 2846 καὶ
2838 2791 2976 2861 πρδς
3002 2790 3091 2843 τὸν
3126 2790 3258 2843 ῐδιον
3291 2786 3523 2858 ποιητὴν
3552 2783 3762 2839 ἐπανά-

2175 2900 2393 2952 γοντας,
2427 2883 2521 2935 καὶ
2544 2881 2644 2952 τῆς
2674 2879 2865 2942 ἀθείας
2896 2878 2989 2931 τὸν
3015 2877 3204 2931 σκότον
3238 2878 3351 2938 τοῖς
3382 2872 3478 2927 τοῦ
3509 2872 3760 2943 πνεύμα-

2175 2990 2268 3038 τος
2297 2970 2700 3044 άμαρύγμασιν
2743 2968 3079 3032 διαλύοντας,
3120 2969 3217 3021 καλ⁸
3255 2968 3355 3037 τὴν
3403 2965 3614 3035 πλάνην
3645 2964 3768 3031 tia-

2179 3065 2505 3136 φανίζοντας
2524 3105 2540 3128 ,
2572 3063 2667 3117 καὶ
2699 3061 3034 3132 θεογνωσίαν
3065 3060 3440 3121 διδάσκοντας.
3487 3055 3769 3111 Ἐντεῦθεν

500 3153 714 3223 aliaque
741 3169 805 3209 cx
840 3156 959 3209 aliis
988 3155 1165 3210 vicina
1220 3155 1555 3222 depascitur,
1595 3169 1769 3224 neque
1798 3154 1932 3210 lucis
1966 3170 2070 3210 sua!

2180 3156 2370 3229 ὥσπερ
2401 3154 2737 3220 πολυξύλου,
2772 3153 2870 3206 καὶ
2916 3152 3411 3223 ἀμφιλαφεστάτης
3462 3149 3621 3242 ὕλης
3655 3148 3769 3242 πῦρ

496 3244 607 3297 \im
657 3245 708 3297 in
762 3243 932 3314 898
969 3244 1164 3313 angulo
1212 3253 1394 3313 potest
1447 3245 1673 3311 abdere,
1737 3245 1829 3300 sed
1871 3246 2081 3301 cunctis

498 3334 663 3387 etiam
701 3333 1085 3391 remotissimis
1123 3334 1478 3403 conspicuam
1511 3336 1685 3390 reddit
1719 3351 1733 3388 :
1765 3336 1844 3391 sic
1865 3336 2081 3391 divinus

501 3425 593 3483 ille
640 3424 801 3493 ignis,
831 3440 994 3494 quem
1049 3433 1107 3480 ut
1163 3427 1405 3481 mitteret
1465 3426 1518 3480 in
1549 3437 1771 3493 terram,
1825 3426 2081 3481 Dominus

500 3532 662 3587 supra
695 3526 897 3573 terram
926 3516 1265 3583 ascendit",
1317 3516 1428 3582 ille,
1474 3518 1716 3587 inquam,
1774 3517 1865 3587 qui
1922 3531 2083 3572 omne

499 3617 803 3676 peccatum,
830 3624 1156 3677 omnemque
1181 3623 1407 3678 pravum
1436 3617 1492 3664 et
1537 3618 1809 3664 terrenum
1840 3610 2079 3663 habitum

501 3710 556 3754 ct
584 3701 925 3756 aﬂ'ectionem
964 3701 1203 3757 absumit
1229 3710 1284 3756 et
1332 3702 1534 3767 abolet,
1563 3716 1660 3771 per
1692 3703 1968 3771 apostolos
1990 3718 2081 3757 eo-

502 3805 733 3862 rumque
782 3806 1152 3858 successores,
1190 3793 1242 3847 in
1302 3792 1580 3847 hominum
1623 3794 1833 3848 animos
1857 3794 2081 3847 commi-

501 3899 700 3953 grans;
731 3899 827 3941 cos
848 3884 1067 3954 quidem
1093 3894 1359 3957 quotquot
1412 3886 1561 3941 lenes
1590 3895 1745 3941 erant
1787 3885 2083 3953 mollesque

506 3974 965 4031 ctreformationi
1021 3976 1222 4042 idonei,
1271 3991 1541 4046 suumque
1591 3985 1888 4041 auctorem,
1921 3987 2083 4044 atque

503 4081 534 4115 ιι
578 4067 892 4135 captivitate
933 4067 1019 4122 cui
1063 4067 1265 4124 addicti
1302 4076 1481 4131 erant,
1534 4068 1932 4138 redemptorem
1982 4083 2082 4121 ex-

505 4158 840 4224 spectabant,
879 4159 1168 4217 confestim
1218 4160 1480 4217 abstersis
1523 4168 1868 4228 peccatorum
1901 4160 2080 4214 sordi-

392 4305 397 4310 _
507 4251 604 4304 bus
630 4260 685 4304 ct
716 4252 1043 4315 etnundatis,
1074 4252 1308 4316 divinos,
1361 4250 1573 4305 lucidos
1622 4260 1679 4304 et
1712 4249 1889 4306 claros
1919 4251 2082 4305 ador-

508 4337 693 4401 navit;
728 4335 845 4391 illos
869 4346 1048 4391 autem
1077 4337 1169 4404 qui
1222 4338 1516 4407 impietatis
1547 4336 1723 4391 labem
1764 4339 1870 4393 alte
1898 4339 2085 4397 hause-

509 4435 653 4489 rant,
684 4441 750 4480 ae
798 4428 1237 4494 vespertilionum
1290 4443 1461 4493 ntere,
1502 4444 1571 4484 ne
1624 4429 1839 4485 lucente
1866 4430 2081 4499 quidem

2184 3245 2639 3316 ἐπιδραξάμενον,
2667 3244 2902 3312 τάχιστα
2932 3244 3012 3306 είς
3039 3241 3361 3312 ἐπηρμένην
3395 3240 3572 3311 φλόγα
3607 3239 3769 3293 ἐπαί-

2184 3354 2341 3409 ρεται
2361 3376 2377 3402 ,
2412 3335 2508 3389 καὶ
2537 3336 2619 3398 είς
2649 3333 2721 3387 τά
2758 3334 3003 3404 προσεχῆ
3041 3330 3425 3404 μεταϐατικῶς
3450 3330 3767 3385 διαδίδοται’

2181 3430 2277 3481 καὶ
2302 3427 2401 3500 τὴν
2429 3425 2753 3497 λαμπηδόνα
2774 3465 2788 3490 ,
2819 3426 2915 3479 καὶ
2945 3426 3229 3495 ἐνέργειαν
3257 3425 3357 3477 οὐκ
3382 3425 3441 3476 ἐν
3472 3423 3551 3492 τῷ
3589 3440 3770 3495 παρα-

2181 3520 2365 3593 ϐύστῳ
2396 3521 2650 3590 κατέχειν
2684 3518 2907 3572 δύναται
2930 3559 2944 3583 ,
2993 3518 3111 3571 ἀλλ’
3144 3517 3369 3588 ἔκδηλον
3421 3516 3591 3571 ἅπασι
3614 3558 3629 3582 ,
3675 3519 3774 3571 καὶ

2179 3613 2291 3674 τοῖς
2352 3609 2569 3681 μακρὰν
2612 3606 3019 3679 ἀπῳκισμένοις
3080 3606 3426 3675 καθίστησιν.
3475 3606 3662 3669 Οὕτως
3706 3607 3772 3677 δὴ

2180 3700 2370 3754 λοιπὸν
2399 3700 2495 3753 καλ⁸
2518 3697 2580 3752 τὸ
2606 3698 2750 3751 θεῖον
2778 3698 2911 3767 πῦρ,
2943 3698 2972 3751 ὃ
2996 3697 3182 3767 βαλεῖν
3210 3696 3306 3751 ἐπὶ
3331 3698 3435 3767 τῆς
3462 3698 3583 3767 γῆς,
3613 3699 3643 3751 ὁ
3671 3697 3772 3764 τῆς

2181 3794 2285 3861 γῆς
2332 3790 2541 3845 ἀνωθεν
2572 3790 3018 3860 καταπεφοίτηκε
3062 3788 3287 3860 Κύριος,
3339 3790 3401 3842 τὸ
3432 3789 3776 3843 ἀναλωτικὸν

2181 3885 2400 3954 ἀπάσης
2417 3882 2726 3952 ἁμαρτίας,
2757 3881 2850 3934 καὶ
2885 3881 3187 3951 μογθηρᾶς.
3221 3880 3317 3933 καὶ
3348 3879 3580 3942 ὑλώδους
3604 3878 3777 3945 ἒξεὼς
3886 3896 3895 3901 -

2181 3993 2242 4031 τε
2262 4018 2276 4041 ,
2311 3975 2406 4028 xei.
2431 3972 2724 4035 διαθέσεως
2753 3972 2843 4025 διά
2875 3972 2985 4024 τῶν
3015 3971 3349 4033 ἀποστόλων,
3383 3971 3478 4023 καὶ
3506 3970 3619 4022 τῶν
3647 3970 3777 4023 τού-

2179 4085 2292 4122 των
2317 4066 2602 4137 διαδόχων,
2635 4067 2714 4127 είς
2745 4065 2843 4127 τάς
2879 4063 3227 4133 ἀνθρωπίνας
3254 4061 3531 4116 διαϐαῖνον
3562 4061 3773 4131 ψυχάς.

2183 4160 2298 4213 Καὶ
2321 4158 2420 4222 τὰς
2455 4158 2585 4228 μὲν,
2619 4158 2743 4210 ὅσαι
2771 4156 2914 4209 λεῖαι
2959 4172 3020 4207 τε
3051 4151 3213 4227 ἦσαν,
3257 4154 3353 4207 καὶ
3400 4152 3636 4215 ἀπαλαὶ,
3676 4155 3777 4207 καὶ

2184 4249 2323 4321 πρὸς
2357 4247 2663 4303 ἀνάπλασιν
2694 4247 3020 4317 ἐπιτήδειαι,
3054 4247 3149 4299 καὶ
3174 4246 3268 4300 τὸν
3294 4245 3505 4300 ἑαυτῶν
3536 4245 3774 4317 ποιητὴν

2185 4344 2280 4396 καὶ
2297 4339 2576 4413 λυτρωτὴν
2617 4341 2682 4395 ἐκ
2713 4340 2811 4411 τῆς
2843 4339 3176 4409 συνεχούσης
3224 4338 3607 4409 αἰχμαλωσίας
3649 4338 3779 4390 ἐπι-

2185 4434 2449 4488 ποθοῦσαι
2472 4472 2488 4496 ,
2521 4432 2617 4486 καὶ
2641 4431 3017 4502 ἀναμένουσαι
3038 4469 3051 4493 ,
3086 4431 3287 4483 αὐτίκα
3316 4432 3419 4501 τῆς
3446 4430 3556 4483 τῶν
3588 4430 3780 4500 epap-

509 4517 624 4573 sole
691 4518 806 4574 suis
860 4518 1103 4589 ipsorum
1134 4522 1305 4576 oculis
1363 4525 1652 4579 micantem
1687 4524 1860 4578 lucem
1892 4523 2070 4581 interr;

2186 4529 2451 4599 τημάτων
2504 4525 2721 4597 κηλίδος
2776 4525 3132 4594 ἀποσμῆχον,
3200 4523 3297 4578 καὶ⁵
3356 4522 3735 4592 ἀνακαθαίρον
3761 4562 3779 4586 ,

508 4609 873 4675 sustinebant,
899 4612 994 4668 sed
1030 4612 1085 4667 in
1145 4615 1385 4670 tenebris
1427 4626 1688 4685 perpetuo
1737 4631 1898 4687 agere
1948 4626 2001 4672 et
2029 4617 2070 4673 ir

2190 4616 2467 4679 θεοειδεῖς,
2501 4614 2597 4667 καὶ.
2626 4614 2920 4682 φωτεινάς,
2949 4614 3045 4667 καὶ
3062 4613 3325 4683 λαμπράς
3351 4613 3778 4683 ἀπετόρνιυσεν·

510 4716 671 4758 emno
730 4703 959 4761 volutari
1013 4706 1357 4774 maluerant,
1396 4718 1642 4763 extremo
1675 4709 1936 4779 gehennae
1976 4710 2070 4780 ign

2188 4709 2313 4770 τοὺς
2346 4707 2404 4760 δέ
2427 4723 2491 4775 γε
2518 4706 2664 4760 κατά
2692 4706 2856 4778 βάθος
2883 4704 3241 4775 δεδεγμένους
3268 4705 3371 4773 τὴν
3397 4707 3496 4777 τῆς
3518 4705 3784 4767 ἀσεϐείας

511 4794 744 4861 addixit,
773 4812 872 4852 ceu
905 4800 998 4868 qui
1024 4809 1219 4869 sponte
1249 4801 1630 4859 insanabiliter
1655 4802 1902 4857 laborare
1929 4802 2070 4871 cupi-

2188 4800 2450 4863 ἑκουσίως
2487 4801 2777 4869 ποιότητα.
2812 4800 2911 4853 καὶ
2942 4798 3277 4869 νυκτερίδων
3321 4798 3481 4869 δίκην
3513 4798 3649 4869 μήτε
3679 4797 3784 4851 τοῦ

511 4887 713 4944 verint.
1742 4958 1749 4963 γ
2188 4893 2340 4963 ἡλίου
2383 4891 2697 4962 λάμψαντος
2730 4891 2792 4944 τὸ
2827 4891 3032 4960 φέγγος
3069 4894 3181 4954 τοῖς
3228 4891 3441 4944 ἑαυτῶν
3473 4889 3785 4960 ὀφθαλμοῖς

516 4979 874 5052 βουλομένους
918 4981 1292 5051 εἰσδέχεσθαι,
1339 4983 1455 5037 ἀλλ’
1505 4984 1565 5037 ἐν
1619 4987 1802 5039 σκότει
1851 4985 2080 5053 διάγειν,
2121 4986 2217 5038 καὶ
2272 4984 2351 5055 τῷ
2400 4982 2665 5055 ,βορϐόρῳ
2704 4982 3140 5050 ἐγκαλινδεῖσθαι
3170 4980 3439 5053 διηνεκῶς
3477 4997 3784 5052 προαιρου-

515 5073 738 5144 μένους,
765 5075 847 5146 τῷ
879 5076 1178 5147 τελευταίῳ
1209 5078 1309 5147 τῆς
1355 5077 1579 5149 γεέννης
1615 5082 1750 5150 πυρὶ
1785 5081 2170 5151 παρέπεμπεν,
2204 5078 2281 5142 ὡς
2343 5078 2539 5132 ἀνίατα
2604 5080 2779 5131 νοσεῖν
2811 5076 3133 5137 ἐθελουσίως
3168 5074 3537 5143 ποθήσαντας.
3584 5092 3585 5095 η

581 5166 638 5220 6.
665 5167 866 5222 Verum
901 5169 1165 5238 ejusmodi
1197 5184 1301 5223 non
1338 5168 1438 5223 luit
1470 5170 1840 5225 celeberrima:
1874 5171 2070 5224 Barba-

2254 5177 2339 5234 ς’.
2392 5169 2530 5222 Ἀλλ’
2563 5171 2622 5224 ού
2660 5169 2885 5240 τοιαύτη
2940 5168 3042 5237 τῆς
3076 5167 3440 5236 πανευφήμου
3497 5164 3787 5234 μάρτυρος

513 5273 588 5313 rte
617 5260 1022 5315 sacratissimns
1045 5276 1110 5317 ac
1138 5261 1463 5332 purissimus
1493 5263 1728 5319 animus.
1746 5260 1889 5330 Quin
1906 5263 2070 5333 potius

2186 5261 2479 5333 Βαρϐάρας
2520 5263 2553 5332 ἠ
2589 5263 2845 5333 πανίερος
2882 5259 2977 5313 καὶ
3020 5259 3388 5329 καθαρωτάτη
3420 5254 3595 5325 ψυχὴ,
3624 5253 3785 5306 δεδε-

515 5349 638 5404 tidei
678 5349 970 5421 splendore
997 5364 1344 5425 suscepto,et
1370 5355 1606 5412 tenebris
1640 5370 1763 5411 cum
1810 5355 1933 5410 luce
1970 5355 2070 5410 col-

2185 5354 2361 5425 γμένη
2381 5354 2442 5408 δέ
2473 5354 2675 5425 μᾶλλον
2694 5353 2794 5423 τὴν
2813 5351 3008 5422 αἴγλην
3030 5349 3133 5419 τῆς
3161 5349 3422 5411 πίστεως,
3449 5347 3544 5400 καὶ
3570 5344 3632 5398 τδ
3661 5345 3788 5413 φῶς

515 5442 663 5509 latis,
687 5441 1008 5500 immensum
1040 5446 1185 5502 inter
1206 5461 1299 5503 eas
1329 5448 1619 5504 discrimen
1649 5450 2010 5519 comperiens,
2034 5464 2062 5502 e

2184 5441 2263 5513 τῷ
2297 5443 2446 5515 ζόφῳ
2482 5442 2840 5515 συγκρίνασα,
2870 5439 3053 5496 καὶτὸ
3083 5439 3415 5509 ἀσύγκριτον
3449 5437 3574 5490 ὅσον
3608 5436 3791 5507 ὑπερ-

518 5540 777 5600 quantum
809 5533 903 5589 Dei
963 5535 1158 5591 notitia
1221 5536 1484 5592 idolorum
1533 5539 1703 5595 errori
1764 5546 1818 5594 et
1870 5537 2063 5606 caligin

2185 5534 2389 5604 οχικῶς
2472 5535 2693 5598 ἰδοῦσα,
2748 5535 3065 5606 κεκτημένη
3118 5531 3217 5601 τὴν
3269 5529 3423 5583 θείαν
3478 5526 3790 5595 ἐπίγνωσιν

519 5621 887 5689 antecelleret,
908 5625 1113 5688 statim,
1141 5642 1235 5681 ceu
1269 5636 1413 5682 terra
1448 5628 1585 5683 bona
1620 5637 1675 5685 et
1706 5628 1943 5701 pinguis,
1972 5642 2070 5684 εωη

2188 5626 2327 5698 πρὸς
2372 5629 2470 5699 τὴν
2510 5629 2617 5682 τῶν
2643 5626 3032 5700 βδελυγμάτων
3085 5625 3296 5695 πλάνην
3348 5622 3444 5678 καὶ
3493 5620 3789 5685 σκότασιν,

594 5800 639 5831 ¹²
671 5796 823 5853 Jcan.
861 5816 969 5867 xiv,
993 5800 1081 5855 50.
1159 5802 1201 5834 ³³
1227 5802 1328 5859 lsa.
1352 5821 1399 5871 ι’,
1428 5806 1479 5873 5,
1507 5804 1558 5859 9.
1639 5806 1678 5836 “
1704 5804 1858 5861 Jom.
1896 5821 1992 5873 xu,
2020 5807 2070 5861 '51

2190 5809 2231 5839 "
2258 5807 2387 5861 Luc.
2425 5818 2519 5871 xu,
2559 5805 2643 5860 49.
