3994 6350
347 342 454 407 789

1381 353 1760 413 LAUDATIO
1799 355 1855 413 S.
1892 353 2260 413 BARBARrE
2294 358 2506 419 MART.

3509 377 3613 439 790

350 456 513 519 εὐθὺς
545 455 735 525 ὥσπερ
755 452 826 523 γῆ
849 454 989 524 καλή
1016 470 1075 506 τε
1107 452 1199 505 καὶ
1224 453 1383 517 πίων,
1414 456 1505 509 τὸν
1528 457 1778 526 οὐράνιον
1812 456 1936 509 σπό-

2047 458 2164 513 lesti
2202 463 2408 516 semine
2429 476 2708 536 suscepto,
2746 466 3119 522 mandatorum
3147 470 3499 526 exsecutione
3529 475 3608 528 di-

352 565 444 621 ρον
470 546 785 618 ἁρπάσασα,
805 544 899 598 καὶ
916 541 1190 614 ἐπιμελῶς
1216 546 1280 615 τῇ
1307 544 1539 615 ἐργασία
1563 544 1673 598 τῶν
1703 546 1930 598 ἐντολῶν

346 640 741 712 γεωργήσασα,
778 638 1235 707 ἐκαρποφόρησεν
1260 638 1341 699 εἰς
1369 639 1666 709 τριάκοντα
1689 677 1702 702 ,
1728 637 1824 689 καὶ
1852 638 1933 701 εἰς

353 735 645 805 ἐξήκοντα,
681 732 773 785 καὶ
815 733 894 794 εἰς
926 730 1141 794 ἑκατὸν,
1194 732 1487 795 ἀναϐάσεις
1535 734 1589 785 ἐν
1623 735 1689 802 τῇ
1733 732 1932 803 καρδία

354 828 629 899 τιθεμένη,
666 826 763 879 καὶ
795 825 930 897 πρὸς
957 825 1166 895 ἀρετῶν
1195 825 1563 896 προϐαίνουσα
1591 827 1928 898 τελειότητα.

355 920 533 990 Πέρας
569 908 630 988 Si)
659 912 775 978 οὖν,
807 916 867 967 τὸ
915 915 1254 985 προφητικὸν
1306 916 1524 982 ἐδέξατο
1569 917 1771 985 λόγιον,
1822 917 1933 972 Καὶ

354 1008 797 1077 πλησθήσεται,
822 1008 1051 1075 φάσκον,
1076 1005 1241 1060 πᾶσα
1266 1007 1303 1073 7)
1342 1006 1414 1076 γῆ
1445 1008 1549 1061 τοῦ
1577 1006 1797 1076 γνῶναι
1827 1008 1932 1061 τὸν

356 1102 594 1168 Κύριον,
616 1099 696 1163 ὡς
741 1096 896 1163 ὕδωρ
919 1097 1077 1150 πολὺ
1104 1097 1215 1167 (82)
1249 1099 1560 1151 καλύπτον
1589 1098 1927 1163 θαλάσσαςν

355 1193 462 1247 τῶν
486 1190 655 1243 ἐθνῶν
684 1188 885 1258 δηλαδὴ
914 1188 985 1241 τά
1027 1189 1349 1259 συστήματα
1374 1228 1389 1251 ,
1434 1187 1710 1253 θαλάσσας
1740 1207 1932 1259 τροπι-

357 1284 465 1342 κῶς
485 1283 583 1351 τῆς
609 1278 966 1351 προφητικῶς
990 1279 1504 1350 προσαγορευούσης
1523 1280 1765 1351 χάριτος.
1790 1281 1932 1334 Ἀλλ’

355 1377 452 1428 οὐκ
483 1376 712 1446 ἧνεγκεν
749 1374 777 1424 ὁ
809 1370 1107 1442 μισὰγαθος
1158 1371 1252 1422 καὶ
1303 1371 1669 1441 φιλοπόνηρος
1721 1372 1931 1442 δαίμων

356 1466 461 1519 τῶν
495 1463 819 1534 σωζομένων
860 1463 959 1532 τὴν
999 1461 1209 1531 πληθὺν
1240 1464 1371 1531 ὁρᾷν
1418 1463 1688 1533 ὁσημέραι
1733 1464 1932 1533 προκό-

355 1574 614 1610 πτουσαν.
655 1555 713 1607 Ὀ
739 1555 844 1624 γὰρ
873 1554 930 1606 ἐν
965 1554 1106 1623 ἀρχῇ
1137 1554 1224 1605 τὸν
1265 1553 1435 1623 Ἀδὰμ
1462 1555 1600 1623 μετά
1637 1556 1731 1625 τῆς
1766 1554 1931 1618 συζύ-

356 1668 452 1717 γου
479 1647 752 1717 βασκήνας
778 1644 875 1712 τῆς
900 1645 956 1696 ἐν
986 1644 1300 1714 παραδείσῳ
1334 1644 1614 1713 διαγωγῆς
1635 1687 1650 1710 ,
1676 1646 1838 1717 σχολῇ
1868 1663 1931 1714 γε

355 1743 422 1797 ἂν
455 1738 741 1810 ἐκαρτέρει
782 1736 879 1799 τας
909 1734 1315 1805 ἀναριθμήτους
1362 1736 1632 1806 μυριάδας
1654 1776 1669 1799 ,
1720 1738 1817 1790 οὐκ
1852 1741 1933 1801 εἰς

356 1835 680 1906 παράδεισον
714 1830 972 1901 αἰσθητὸν
996 1830 1090 1883 καὶ
1117 1830 1376 1897 ἐπίγειον,
1410 1828 1526 1881 ἀλλ’
1566 1831 1645 1892 είς
1678 1831 1928 1900 οὐρανὸν,

354 1928 447 1995 ἀφ’
477 1920 648 1994 οὗπερ
689 1923 851 1985 αὐτὸς
884 1922 958 1985 ὡς
990 1920 1236 1990 σιδήρεος
1273 1916 1812 1991 βόλοςέξέρριπται,
1844 1922 1933 1975 διὰ

356 2019 595 2080 πίστεως
641 2017 738 2086 τῆς
786 2016 867 2078 είς
916 2013 1152 2084 Χριστὸν
1205 2010 1476 2083 θεώμενος
1521 2013 1930 2077 ἀναϐαίνοντας.

366 2110 693 2177 Ἑξαιτείται
718 2107 900 2160 τοίνυν
940 2106 1037 2175 τὴν
1072 2108 1265 2176 πεῖραν
1296 2107 1325 2158 ὁ
1354 2107 1660 2178 πειραστής
1684 2122 1696 2133 ⁸
1736 2106 1796 2159 οὐ
1826 2106 1933 2177 γὰρ

355 2203 470 2273 ἔχει
505 2200 579 2273 μὴ
607 2199 899 2270 λαμὸάνων
942 2198 1061 2250 κατ’
1106 2196 1320 2260 οὐδενὸς
1366 2198 1465 2267 τὴν
1497 2196 1750 2263 ἐξουσίαν
1771 2215 1784 2227 ·
1817 2198 1941 2250 till"

354 2295 547 2364 ῶσπερ
573 2292 742 2346 πάλαι
777 2289 1029 2361 ἀκηκοὼς
1075 2288 1167 2342 τοῦ
1207 2287 1344 2341 Θεοῦ
1386 2287 1463 2358 τῷ
1497 2288 1609 2357 ίδίῳ
1650 2289 1935 2359 ἐγκαυχω-

360 2389 523 2457 μένου
564 2385 884 2455 θεράποντι,
931 2382 1026 2435 καὶ
1068 2381 1368 2450 φάσκοντος
1393 2421 1409 2443 ,
1458 2380 1805 2449 Προσέσχες
1860 2381 1933 2449 τῇ

354 2480 590 2545 διανοίᾳ
611 2492 727 2531 σου
754 2475 832 2540 τῷ
854 2473 1171 2543 θεράποντί
1189 2490 1305 2541 μου
1344 2471 1491 2536 Ἰὼϐ,
1516 2471 1605 2524 ὅτι
1633 2474 1742 2526 οὐκ
1762 2473 1936 2527 ἔστιν

356 2571 486 2624 κατ’
522 2569 711 2624 αὑτὸν
739 2568 1051 2635 ἅνθρωπος
1088 2564 1189 2617 ἐπὶ
1234 2563 1343 2630 τῆς
1388 2562 1520 2632 γῆς,
1560 2563 1808 2631 ἄκακος,
1844 2564 1933 2618 δέ..

355 2679 548 2726 καιος,
574 2658 882 2727 ἀληθινὸς,
914 2655 1223 2721 θεοσεϐὴς,
1253 2655 1624 2723 ἀπεχόμενος
1647 2656 1764 2709 ἀπὸ
1786 2668 1936 2709 παν-

356 2754 460 2818 τὸς
485 2750 755 2817 πονηροῦ
774 2749 1153 2817 πράγματος;
1196 2746 1370 2809 Εὐθὺς
1410 2747 1619 2808 ἐκεῖνος
1650 2746 1726 2817 τῷ
1756 2745 1935 2817 φθόνῳ

356 2846 609 2916 πληγεὶς,
638 2841 974 2912 ἁπεκρίνατο
994 2880 1007 2906 ,
1038 2844 1092 2893 Μ
1101 2845 1131 2906 ἡ
1155 2839 1381 2909 δωρεὰν
1427 2839 1549 2892 Ἰὼϐ
1575 2838 1683 2891 τὸν
1712 2838 1935 2905 Κύριον

355 2938 625 3003 σέϐεφι;
643 2952 697 2987 κ.
721 2951 773 2988 τ.
804 2950 851 2985 ε.
890 2933 1051 2988 Ἀλλ’
1074 2932 1443 2986 ἀπόστειλόν
1462 2948 1555 2998 με,
1576 2931 1677 2984 ἵνα
1697 2930 1935 3000 ἅψωμαι

356 3026 478 3080 τῶν
500 3023 743 3093 σαρκῶν
776 3022 986 3085 αὐτοῦ,
1022 3023 1071 3075 εὶ
1096 3020 1181 3090 μὴ
1217 3023 1304 3087 είς
1333 3023 1658 3088 πρόσωπον
1676 3019 1932 3089 εὐλογεῒ.

2038 551 2267 620 ligenter
2314 555 2552 622 exculta,
2620 557 2958 613 tricesimum
3008 560 3240 617 fructum
3270 602 3286 626 ,
3338 564 3608 632 sexagesi-

2037 659 2331 712 mumque,
2372 660 2437 701 ac
2484 649 2839 703 centesimnm
2904 650 3112 716 attulit,
3169 654 3512 708 ascensiones
3555 655 3606 707 in

2036 737 2200 793 corde
2247 751 2347 793 suo
2397 738 2464 794 ad
2517 739 2781 794 virtutum
2843 741 3230 811 perfectionem
3286 744 3605 813 provehens.

2035 828 2400 895 Quamobrem
2426 829 2706 901 impletum
2736 833 2953 887 tandem
2977 842 3061 888 est
3087 835 3457 905 propheticum
3479 837 3606 891 illud

2034 919 2331 982 oraculum,
2355 937 2461 991 quo
2499 923 2737 977 dicitur:
2774 922 2984 991 Repteta
3020 934 3096 978 est
3139 934 3283 978 terra
3305 927 3605 996 cognitione

2035 1010 2297 1076 Domini,
2347 1014 2498 1081 quasi
2542 1031 2679 1079 aqua
2741 1015 2908 1069 multa
2965 1017 3264 1083 cooperiens
3316 1018 3486 1072 maria
3518 1019 3605 1085 “;

2037 1103 2351 1170 prephetica
2404 1104 2613 1161 scilicet
2673 1107 2845 1177 gratia
2905 1107 3134 1178 figurato
3164 1122 3330 1162 sensu
3365 1109 3604 1176 gentium

2035 1199 2209 1245 coetus
2236 1191 2314 1245 sic
2351 1192 2674 1261 appellante.
2728 1194 2797 1249 At
2839 1211 2943 1249 non
3005 1194 3123 1249 tulit
3170 1194 3258 1249 ille
3300 1194 3457 1250 bonis
3483 1196 3608 1251 infe:

2036 1292 2152 1337 stus
2187 1292 2238 1337 et
2270 1285 2633 1352 nequissimus
2677 1287 2909 1351 dannon,
2970 1296 3031 1341 ut
3083 1301 3269 1340 eorum
3304 1286 3396 1355 qui
3429 1287 3608 1343 salute

2036 1379 2268 1435 donandi
2302 1392 2485 1436 essent
2511 1421 2528 1446 ,
2590 1382 2744 1438 novis
2782 1383 3024 1452 quotidie
3076 1381 3484 1438 accessionibus
3513 1398 3609 1436 an-

2037 1482 2348 1541 gescentem
2400 1488 2622 1526 censum
2687 1474 2917 1529 videret.
2979 1475 3081 1539 Qui
3137 1476 3280 1530 enim
3340 1477 3406 1529 ab
3449 1476 3605 1530 initio

2037 1562 2246 1617 felicem
2306 1562 2448 1617 illam
2476 1564 2526 1616 in
2593 1565 2843 1633 paradiso
2902 1566 3024 1620 vitae
3081 1566 3344 1620 rationem
3398 1566 3606 1619 Adamn

2037 1653 2358 1724 coniugique
2389 1654 2682 1721 invideret,
2735 1656 2902 1709 multo
2945 1658 3145 1720 minus,
3201 1673 3323 1711 cum
3352 1657 3429 1712 sic
3453 1657 3609 1710 innu-

2039 1750 2325 1802 merabiles
2350 1750 2642 1818 myriadas,
2677 1765 2781 1803 non
2811 1751 2861 1802 in
2888 1749 3270 1819 aspectabilem
3305 1760 3606 1804 terrenum-

2036 1854 2142 1910 que
2185 1842 2517 1908 paradisum,
2569 1842 2661 1895 sed
2723 1842 2775 1894 in
2822 1842 3044 1907 coelum,
3093 1842 3233 1896 unde
3280 1842 3396 1909 ipse
3445 1841 3604 1894 veluti

2036 1932 2212 1988 ferrea
2273 1933 2441 1988 moles
2491 1932 2764 2001 proiectus
2793 1933 2995 1999 fuerat,
3037 1948 3132 2003 per
3184 1932 3342 1987 fidem
3368 1933 3421 1986 in
3450 1931 3608 1987 Chri—

2036 2037 2178 2081 stum
2206 2028 2569 2082 ascendentes
2590 2037 2861 2092 cerneret,
2892 2042 3001 2080 reta
3027 2042 3131 2080 non
3150 2024 3429 2081 sustinuit.
3460 2024 3607 2090 Quo-

2034 2118 2179 2172 circa
2231 2118 2473 2173 tentandi
2521 2118 2795 2172 licentiam
2849 2126 3089 2172 tentator
3140 2116 3336 2185 poscit.
3395 2114 3606 2170 Nullam

2033 2211 2231 2281 quippe
2279 2210 2542 2264 adversus
2589 2210 2825 2277 aliquem
2880 2218 3203 2276 potestatem
3260 2208 3444 2274 habet,
3477 2209 3605 2277 quin

2035 2304 2323 2373 acceperit.
2358 2304 2465 2359 Sed
2498 2303 2638 2359 sicut
2668 2302 2817 2369 olim,
2842 2290 2965 2357 cum
2999 2302 3164 2357 Deum
3195 2300 3261 2356 de
3286 2298 3486 2354 famulo
3510 2316 3606 2356 suo

2035 2395 2358 2463 gloriantem
2390 2392 2708 2457 audivisset,
2758 2402 2921 2461 atque
2955 2393 3224 2448 dicentem
3256 2415 3270 2451 :
3322 2396 3607 2450 Attendiin

2034 2498 2201 2542 mente
2237 2497 2329 2540 tua
2363 2501 2511 2540 serra
2540 2501 2651 2538 meo
2682 2484 2803 2551 Job,
2836 2485 2973 2555 quod
2998 2501 3100 2537 non
3158 2487 3222 2539 sit
3252 2488 3406 2539 homo
3438 2485 3607 2556 qualis

2035 2579 2123 2632 ille
2153 2593 2311 2646 super
2358 2586 2579 2639 terram,
2620 2577 2889 2641 innocens,
2940 2576 3145 2644 justus,
3211 2591 3391 2640 verax,
3435 2576 3607 2629 colens

2036 2668 2228 2728 Deum,
2258 2668 2523 2720 abstinens
2550 2667 2615 2719 ab
2654 2668 2797 2719 omni
2838 2650 2890 2720 re
2926 2667 3066 2719 mala
3094 2667 3177 2719 ’τί
3210 2682 3329 2721 mox
3356 2668 3444 2721 ille
3467 2669 3607 2722 invi-

2036 2760 2123 2812 dia
2156 2758 2413 2828 percitus,
2442 2757 2760 2827 respondit:
2801 2755 2943 2809 Nam
2979 2757 3145 2827 gratis
3196 2757 3295 2811 Job
3330 2756 3606 2810 Dominum

2036 2853 2161 2905 colit
2190 2852 2235 2882 ’⁸
2257 2853 2280 2905 ’ί
2305 2861 2491 2919 etquze
2517 2861 2817 2918 sequuntur
2841 2867 2855 2911 ;
2898 2850 2990 2902 sed
3014 2852 3158 2902 mitte
3183 2865 3282 2911 me,
3317 2859 3370 2901 ut
3396 2858 3606 2918 tangam

2034 2944 2148 3012 ejus
2178 2958 2386 3004 carnes,
2417 2943 2520 2995 nisi
2546 2944 2600 2996 in
2640 2943 2833 3011 [aciem
2876 2942 3146 2994 benedicat
3167 2941 3234 2993 “.
3276 2938 3411 2993 Tum
3444 2941 3605 3000 Deus,

2037 3043 2098 3087 ut
2127 3032 2313 3086 famuli
2344 3032 2426 3085 sui
2462 3032 2515 3085 in
2547 3032 2808 3086 extremis
2841 3044 3060 3100 quoque
3108 3029 3363 3099 periculis
3397 3028 3606 3083 firmam

360 3115 494 3171 Εἶτα
522 3114 843 3185 βουλόμενος
867 3114 1033 3166 πᾶτιν
1058 3112 1339 3178 ἀποδεῖξαι
1363 3112 1453 3163 τὸν
1477 3111 1608 3163 ἴδιον
1630 3110 1934 3182 θεράποντα

2041 3137 2092 3178 et
2121 3124 2373 3178 invictam
2408 3123 2571 3176 animi
2594 3121 2965 3176 fortitudinem
2992 3120 3346 3189 conspicuam
3379 3120 3605 3183 faceret,

356 3210 384 3261 ὁ
415 3207 585 3271 Θεὸς,
624 3205 721 3257 καὶ
747 3206 805 3257 ἐν
846 3204 961 3265 τοῖς
997 3201 1249 3271 ἐσχάτοις
1291 3201 1560 3264 κινδύνοις
1595 3200 1821 3272 στερρὸν
1845 3200 1939 3253 καὶ

354 3298 655 3360 ἀνάλωτον,
678 3294 852 3364 τούτῳ
872 3294 970 3363 τὴν
994 3294 1212 3362 αἴτησιν
1233 3292 1470 3357 δίδωσιν,
1490 3292 1580 3345 ἵνα
1608 3292 1682 3362 μὴ
1704 3291 1833 3362 δόξῃ
1856 3291 1932 3353 ὼς

356 3393 552 3460 ἔτυχεν
567 3388 822 3459 εἰρῆσθαι
851 3390 884 3457 ἡ
906 3387 1197 3456 καύχησις.
1224 3384 1380 3438 Οὕτω
1406 3385 1498 3437 καὶ
1519 3385 1662 3447 τότε,
1687 3383 1941 3451 ἀκηκοὼς

358 3488 387 3539 ὁ
412 3481 773 3552 παμπόνηρος
816 3477 909 3530 τοῦ
948 3478 1154 3546 Κυρίου
1175 3476 1415 3546 περὶτῆς
1431 3475 1757 3546 Ἐκκλησίας
1777 3477 1941 3542 ἐγκω-

361 3574 668 3648 μιαστικῶς
695 3572 1160 3641 ἀποφαινομένου,
1186 3570 1293 3625 Καὶ
1315 3573 1503 3624 πύλαι
1541 3571 1695 3637 ᾅδου
1729 3572 1801 3625 οὐ
1838 3588 1940 3625 κα-

360 3669 768 3737 τισχύσουσιν
803 3663 995 3731 αὐτῆς
1029 3703 1043 3728 ,
1068 3662 1244 3725 πύλας
1268 3661 1397 3732 ᾇδου
1420 3661 1521 3725 τὰς
1550 3662 1809 3725 παντοίας
1833 3661 1940 3714 τῶν

360 3761 639 3814 κολάσεων
673 3757 813 3819 ἰδέας
859 3757 938 3818 εἰς
971 3754 1103 3825 ᾅδην
1140 3754 1236 3808 καὶ
1271 3754 1500 3808 θάνατον
1547 3753 1816 3819 ὠθούσας,
1849 3755 1943 3808 καὶ

360 3848 709 3920 καταγούσας
748 3848 1138 3919 ὀνομάζοντος,
1181 3846 1479 3912 ἐξαιτείται
1506 3846 1668 3900 πάλιν
1710 3845 1942 3909 ἀναιδῶς

360 3946 460 4016 τὴν
484 3946 699 4014 πεῖραν,
734 3941 845 3995 Καὶ
870 3941 934 4011 δὴ
966 3939 1146 3993 λαϐὼν
1171 3938 1267 4009 τὴν
1296 3938 1567 4003 ἐξουσίαν,
1596 3938 1809 4008 ὄργανα
1836 3937 1943 3991 λοιο

360 4037 465 4090 ne.»
500 4036 601 4108 τῆς
632 4032 891 4095 ἀσεϐείας
938 4030 1132 4102 μεστὰ,
1168 4030 1263 4084 καὶ
1313 4030 1464 4101 αύτῴ
1497 4033 1564 4101 τῇ
1605 4029 1700 4082 τοῦ
1739 4029 1942 4099 τρόπου

361 4126 806 4199 παρισουμένους
835 4122 1093 4193 ὠμότητι
1113 4119 1503 4192 ἐκλεξάμενος,
1531 4118 1753 4182 τούτους
1785 4117 1942 4172 καθί-

362 4235 561 4287 στησιν
598 4215 876 4285 ἡγεμόνας
909 4214 1004 4266 καὶ
1032 4211 1302 4283 ἄρχοντας
1324 4228 1336 4241 ·
1375 4210 1471 4263 καὶ
1508 4208 1686 4279 δόγμα
1731 4209 1945 4262 καθολι-

362 4307 475 4371 κῶς
499 4307 568 4361 δι’
593 4305 817 4359 ἐκείνων
839 4303 1139 4372 ἐκτίθησιν,
1173 4300 1270 4354 τοῦ
1297 4300 1394 4369 μὲν
1416 4299 1653 4370 Χριστοῦ
1676 4299 1941 4353 παύεσθαι

360 4382 913 4470 τὴν-προσκύνησιν,
951 4393 1189 4456 εἰδώλοις
1231 4393 1289 4446 δὲ
1336 4392 1436 4455 τὰς
1471 4391 1662 4454 θυσίας
1701 4391 1943 4463 προσφέ-

363 4488 595 4559 ρεσθαι,
657 4487 755 4538 καὶ
805 4483 1046 4553 ἀφειδῶς
1100 4482 1384 4543 παντοίαις
1444 4480 1732 4542 κολάσεσιν
1790 4480 1943 4534 ὰναι-
1976 4477 2019 4531 D

363 4580 581 4651 ρεῖσθαι
616 4578 742 4639 τοὺς
784 4575 1188 4643 ἀντιλέγοντας.
1232 4570 1516 4625 Ἐντεῦθεν
1547 4571 1736 4639 ἡλικία
1775 4574 1946 4637 πᾶσα,

360 4674 460 4726 καὶ
481 4669 635 4734 ἀξία,
655 4667 901 4739 ἀρρένων
915 4684 976 4719 τε
1004 4665 1097 4719 καὶ
1112 4662 1346 4734 θηλύων,
1372 4663 1566 4735 χόρτου
1589 4663 1745 4733 δίκην
1773 4664 1944 4734 ἀσυμ-

363 4762 557 4825 παθῶς
588 4760 970 4830 κατεθερίζετο
1002 4760 1112 4811 τῶν
1158 4756 1396 4826 Χριστοῦ
1430 4757 1529 4828 τὴν
1560 4756 1744 4810 πίστιν
1788 4756 1949 4827 μέχρι

361 4856 601 4910 θανάτου
633 4854 822 4924 τηρεῖν
864 4850 1315 4923 προαιρουμένων
1357 4849 1633 4921 ἄτρωτον,
1675 4850 1772 4903 καὶ
1800 4851 1948 4903 ἀπα·

364 4946 744 5018 ρεγχείρητον.

437 5054 504 5122 ζ’.
552 5057 683 5111 Κατ’
712 5054 926 5111 ἐκείνου
961 5056 1025 5128 δὴ
1065 5051 1157 5111 οῦν
1191 5055 1407 5128 καιροῦ,
1459 5051 1809 5125 Μαξιμιανοῦ
1847 5052 1941 5105 τοῦ

362 5149 598 5211 ἀσεεοῦς
631 5148 1028 5220 βασιλεύοντος,
1062 5148 1487 5221 ἡγεμονεύοντος
1514 5147 1571 5201 δὲ
1599 5144 1944 5218 Μαρκιανοῦ,

362 5240 435 5314 ἦν
458 5261 541 5307 τις
565 5241 868 5313 τοπάρχης,
895 5241 1082 5312 φησὶν,
1109 5241 1335 5312 ὀνόματι
1360 5242 1673 5312 Διόσκορος,
1694 5238 1947 5301 πλούσιος

365 5334 609 5405 σφόδρα,
641 5333 893 5405 ἐμμανὴς
925 5333 982 5386 δὲ
1021 5332 1151 5403 περὶ
1189 5333 1287 5403 τὴν
1314 5333 1422 5385 τῶν
1457 5332 1680 5402 ἀψύχων
1711 5330 1948 5383 εἰδώλων

364 5424 767 5497 προσκύνησιν.
794 5418 963 5488 Οὗτος
995 5426 1280 5496 μονογενὲς
1311 5426 1433 5497 ἔσχε
1461 5426 1775 5495 θυγάτριον,
1809 5424 1949 5493 Βαρ-

436 5601 619 5658 "lsa.
653 5616 731 5666 xl,
777 5600 829 5656 9.
909 5601 951 5633 ⁸⁷
985 5599 1085 5656 Job
1136 5619 1171 5667 ι,
1218 5601 1271 5656 8.

446 5758 565 5831 (82)
594 5759 747 5830 Syxt.
779 5758 812 5813 ἃ
842 5756 1241 5826 κατακαλύψαι,
1268 5772 1382 5828 quis
1417 5754 1577 5824 possit
1604 5753 1825 5822 operire.

1378 5600 1422 5630 ⁸⁸
1476 5598 1606 5653 ibid.
1637 5598 1690 5654 9.
1769 5600 1814 5631 ’θ
1851 5596 1979 5651 ibid.
2017 5596 2100 5650 Η.

2042 3216 2243 3284 petenti
2297 3214 2514 3270 diabolo
2569 3214 2781 3281 annuit,
2823 3226 2890 3267 ne
2942 3212 3138 3267 frustra
3172 3211 3434 3281 gloriatus
3462 3211 3609 3265 vide-

2043 3314 2219 3359 retur.
2256 3303 2346 3359 Sic
2381 3313 2507 3358 tunc
2539 3302 2705 3358 etiam
2752 3300 3196 3362 scelestissimus,
3249 3298 3434 3351 audito
3462 3296 3607 3365 quod

2043 3396 2303 3451 Dominus
2333 3395 2399 3450 de
2423 3393 2663 3449 Ecclesia
2712 3408 2816 3447 non
2847 3393 2964 3447 sine
2999 3388 3295 3459 magniﬁca:
3340 3385 3516 3441 laudis
3541 3385 3609 3439 ti-

2046 3483 2158 3538 tulo
2184 3482 2439 3538 dixerat:
2475 3482 2539 3535 Et
2584 3492 2748 3550 porta:
2791 3480 2947 3547 inferi
2979 3496 3079 3532 non
3112 3476 3464 3546 prwvalebunt
3513 3475 3612 3527 ad-

2041 3591 2217 3631 versus
2241 3591 2357 3629 eam
2388 3576 2429 3607 ³⁰
2461 3574 2575 3644 (ubi
2604 3586 2788 3641 portas
2817 3569 2988 3640 899
3021 3568 3178 3623 inferi
3226 3566 3362 3622 varii
3391 3564 3598 3620 omnis-

2042 3683 2147 3737 que
2193 3667 2404 3736 generis
2448 3667 2748 3729 cruciatus,
2797 3664 2890 3732 qui
2932 3663 2998 3716 ad
3048 3660 3255 3716 inferos
3282 3669 3336 3713 et
3382 3666 3610 3712 mortem

2045 3760 2271 3815 trudunt
2297 3769 2351 3813 et
2375 3758 2732 3828 praecipitant,
2753 3752 3087 3825 appellavit),
3117 3766 3306 3807 rursus
3331 3749 3614 3821 impuden-

2045 3861 2126 3907 ter
2154 3851 2398 3906 tentandi
2429 3849 2667 3917 postulat
2714 3846 3053 3900 facultatem.
3091 3844 3208 3908 Qua
3242 3850 3486 3910 accepta,
3519 3840 3612 3892 de-

2044 3943 2200 3997 lectis
2231 3942 2487 4008 deinceps
2516 3940 2663 3992 ontni
2708 3938 2989 4006 impietate
3040 3934 3232 4000 plenis,
3266 3932 3481 4000 sibique
3504 3944 3612 3983 sa:-

2046 4030 2172 4085 vitia
2203 4029 2422 4097 paribus
2454 4026 2853 4090 instrumentis,
2896 4023 2994 4077 hos
3044 4020 3335 4091 prmfectos
3374 4028 3426 4074 et
3457 4019 3610 4088 prin-

2046 4122 2194 4191 cipes
2222 4119 2525 4182 constituit,
2555 4132 2760 4188 perque
2786 4131 2880 4171 eos
2916 4112 3222 4169 universale
3252 4112 3355 4167 hoc
3376 4110 3613 4167 edictum

2045 4214 2263 4269 sancit:
2321 4210 2548 4266 Desinat
2614 4208 2835 4265 Christo
2891 4206 3069 4262 cultus
3124 4202 3370 4259 adhiberi
3414 4201 3617 4258 :idolis

2045 4306 2278 4361 victimae
2309 4304 2479 4370 fiatut;
2512 4317 2575 4357 ac
2624 4300 3059 4357 contradicentes
3114 4295 3260 4349 nulla
3290 4293 3615 4363 indulgentia

2045 4398 2193 4455 omni
2221 4395 2606 4465 suppliciorum
2638 4405 2834 4463 genere
2853 4395 3094 4460 pereant.
3128 4384 3262 4440 Hinc
3288 4385 3467 4440 omnis
3483 4393 3619 4438 tetas

2046 4500 2102 4546 et
2131 4489 2387 4560 dignitas,
2442 4485 2675 4541 masculi
2732 4492 2787 4538 et
2834 4481 3068 4543 feminae,
3107 4478 3198 4547 qui
3226 4476 3427 4532 Christi
3461 4475 3615 4531 ﬁdem

2046 4583 2114 4636 ad
2152 4590 2381 4635 mortem
2444 4592 2616 4645 usque
2668 4572 3035 4629 inviolabilem
3095 4572 3479 4638 sinceramque
3505 4583 3621 4624 ser-

2048 4687 2176 4725 vare
2228 4670 2662 4740 proposuissent,
2720 4667 2864 4721 haud
2914 4678 3077 4720 secus
3146 4676 3211 4720 ac
3260 4661 3443 4718 fenum
3476 4659 3618 4716 nulla

2048 4762 2423 4819 misericordia
2459 4760 2893 4815 demetebanlur.

2118 5058 2168 5113 7.
2212 5056 2313 5110 Per
2345 5054 2394 5109 id
2434 5054 2615 5125 itaque
2652 5064 2883 5125 tempus,
2920 5051 3219 5120 imperante
3254 5044 3418 5112 impio
3452 5041 3628 5097 Maxi-

2049 5148 2249 5213 miano,
2278 5154 2331 5199 et
2362 5143 2636 5219 Marciano
2665 5144 2912 5214 praeside,
2939 5150 3055 5193 erat
3084 5137 3205 5206 quis
3235 5131 3469 5202 regionis
3492 5146 3629 5200 prm-
3656 5190 3659 5193 _

2050 5240 2277 5311 positus,
2332 5238 2618 5293 Dioscorus
2665 5236 2902 5299 nomine,
2947 5230 3102 5285 valde
3149 5228 3316 5291 dives,
3368 5237 3495 5293 erga
3546 5223 3663 5276 in-‘

2051 5332 2283 5385 animata
2336 5329 2475 5383 idola
2529 5327 2594 5380 ad
2652 5324 2915 5380 insaniam
2966 5319 3212 5375 devotus.
3262 5315 3361 5370 Hic
3412 5313 3629 5369 unicam

2051 5430 2369 5492 susceperat
2405 5420 2604 5484 tiliam,
2642 5416 2856 5471 nomine
2892 5413 3219 5476 Barbaratn,
3257 5407 3472 5478 egregia
3510 5405 3630 5477 pul-

2180 5596 2222 5627 ”
2261 5594 2449 5649 Matth.
2480 5604 2587 5659 ιη,
2628 5591 2714 5646 18.
