3994 6350
431 321 529 387 791

1594 322 1653 379 S.
1696 321 2011 381 JOANNIS
2048 322 2471 381 DAMASCENI

3587 328 3694 391 792

435 426 741 484 t-htitudine
768 429 1075 493 formosam,
1102 439 1151 483 et
1179 443 1387 482 morum
1416 425 1699 483 honestate
1725 430 2008 499 insignem.

2117 430 2293 501 ϐάραν
2314 430 2559 500 ὀνόματι,
2582 428 2809 491 κάλλους
2833 427 3123 499 ὡραιότητι
3142 428 3567 500 διαπρέπουσαν,
3597 431 3689 485 καὶ

435 516 796 584 Quamobrem
827 525 1098 573 exstructa
1133 518 1266 571 turri
1300 518 1428 584 alta,
1460 518 1511 572 in
1545 534 1606 573 ea
1633 519 1911 588 virginem,
1946 535 2010 573 ne

438 610 718 663 hominum
754 608 1058 676 aspectibus
1095 618 1340 678 pateret,
1375 611 1443 664 ob
1477 610 1754 665 ﬂorentem
1791 611 2007 679 praetul-

436 709 756 769 gentcmque
781 700 1079 754 venustatis
1105 700 1403 757 claritatem
1433 713 1487 757 et
1515 704 1852 772 splendorem
1881 718 2010 758 con-

437 792 614 845 clusit.
655 792 783 857 Qua:
829 806 949 845 cum
1000 791 1110 847 illic
1152 804 1358 863 ageret,
1399 809 1428 848 a
1474 795 1653 849 saeculi
1698 808 1878 850 rerum
1928 806 2009 849 tu-

438 880 694 936 multibus
726 896 957 948 vacans,
994 884 1191 952 pietate
1225 884 1412 955 plenas
1446 886 1798 953 cogitationes
1830 886 2009 941 animo

439 972 708 1034 versabat,
740 986 941 1040 easque
976 973 1187 1029 colebat
1224 985 1280 1029 et
1316 975 1509 1031 alebat.
1547 976 1639 1031 Sic
1679 978 1819 1033 enim
1861 992 2009 1032 com-

436 1070 684 1129 paratum
715 1071 818 1128 est,
852 1072 908 1117 nt
937 1066 1170 1120 solitudo
1199 1067 1477 1122 subtilium
1507 1077 1558 1121 ct
1586 1068 2007 1136 prtemagnilico-

436 1166 554 1205 rum
582 1154 911 1222 cogitatuum
943 1170 1137 1223 parens
1163 1157 1251 1212 sit.
1280 1159 1358 1213 Ac
1383 1159 1598 1228 quidem
1632 1152 2008 1214 idolorum'er—

434 1259 614 1299 rorem
640 1256 695 1301 et
718 1247 941 1312 cultum,
966 1257 1021 1302 ut
1045 1248 1133 1317 qui
1160 1250 1224 1303 ad
1248 1248 1447 1305 inferni
1473 1251 1718 1319 laqueum
1745 1250 2004 1312 truderet,

434 1337 820 1392 exsecrabatur
852 1356 866 1392 :
904 1354 1083 1393 veram
1123 1349 1299 1394 autem
1338 1340 1773 1395 Christianorum
1813 1341 2005 1406 (idem,

434 1435 744 1495 sanctteque
769 1437 821 1483 et
846 1429 1319 1485 c0nsubstantialis
1343 1429 1623 1486 Trinitatis
1647 1430 2006 1485 venerandam

434 1515 854 1582 confessionem,
886 1533 984 1573 ceu
1016 1534 1136 1589 quae
1166 1519 1219 1573 in
1250 1520 1416 1575 cmlos
1443 1522 1787 1586 subveheret,
1818 1519 2008 1575 confo-

435 1607 593 1661 vebat
622 1618 677 1664 et
710 1611 1147 1679 amplexabatur;
1178 1627 1241 1667 ac
1272 1612 1571 1667 doctrinam
1605 1614 1671 1668 de
1704 1614 1868 1668 animi
1905 1614 2007 1669 im-

436 1698 782 1765 mortalitate,
807 1703 872 1755 de
899 1718 1063 1771 regno
1087 1703 1367 1770 caelorum,
1391 1704 1458 1759 de
1482 1706 1701 1774 perenni
1728 1705 2003 1771 beatitate,

2110 524 2311 590 τρόπου
2337 521 2629 591 σεμνότητι
2650 519 3083 588 διαλάμπουσαν.
3122 518 3337 589 Πύργον
3365 515 3458 573 οὖν
3488 519 3690 591 ὑψηλὸν

2110 611 2457 682 δειμάμενος,
2496 614 2673 665 ἐκεῖσε
2706 609 2805 678 τὴν
2835 610 3103 680 παρθένον
3133 612 3508 676 κατέκλεισεν,
3547 612 3689 667 ὥστε

2114 701 2188 771 μὴ
2213 700 2442 772 ὁρᾶσθαι
2469 701 2638 771 αὐτὴν
2668 700 2774 755 ὐπὸ
2798 701 2907 754 τῶν
2934 702 3031 755 ἀνθ
3044 701 3261 771 ρώπων,
3287 702 3375 757 διὰ
3401 704 3497 775 τὴν
3523 707 3689 760 ἐπαν-

2112 791 2312 847 θοῦσαν
2344 794 2439 846 καὶ
2478 793 2979 863 ἀπαστράπτουσαν
3021 792 3115 845 τοῦ
3151 794 3381 859 κάλλους
3411 798 3689 869 φανότητα

2109 883 2204 937 καὶ
2232 884 2611 954 λαμπρότητα.
2655 883 2852 937 Αὐτόθι
2883 880 2976 937 οὖν
3004 884 3335 956 διαιτωμένη
3362 927 3376 949 ,
3411 887 3544 959 άτερ
3580 891 3689 942 τῶν

2110 975 2305 1040 ἔξωθεν
2335 976 2581 1047 θορύϐων
2614 976 3019 1045 ἀφησυχάσασα
3039 1014 3054 1041 ,
3096 975 3393 1045 λογισμοὺς
3444 978 3686 1032 ἀνεκίνει

2110 1066 2382 1129 θεοσεϐεῖς
2401 1108 2415 1131 ,
2443 1066 2537 1121 καὶ
2565 1065 2788 1129 τούτους
2814 1066 3101 1137 ἐγεώργει,
3133 1066 3227 1118 καὶ
3254 1066 3505 1135 ἔτρεφενο
3541 1065 3686 1122 οἶδεν

2109 1155 2214 1225 γὰρ
2248 1157 2454 1227 ἐρημία
2506 1158 2725 1210 ἐννοιῶν
2762 1156 2960 1226 ίσχνῶν
3022 1158 3116 1210 καὶ
3160 1158 3686 1227 μεγαλοφυεστάτων

2112 1249 2297 1318 μήτηρ
2327 1248 2705 1303 καθίστασθαι.
2741 1248 2851 1302 Καὶ
2875 1247 2975 1318 τὴν
3005 1248 3103 1318 μὲν
3136 1249 3246 1301 τῶν
3279 1250 3514 1304 εἰδώλων
3543 1250 3681 1304 πλά-

2109 1357 2204 1410 νην
2234 1340 2326 1394 καὶ
2368 1340 2651 1411 λατρείαν,
2688 1339 2764 1403 ὼς
2798 1340 2878 1403 είς
2921 1340 3047 1411 ᾅδου
3089 1340 3359 1411 πέταυρον
3417 1341 3687 1410 κατάγουο

2110 1446 2209 1481 σαν
2240 1430 2608 1497 ἐϐδελύττετο,
2643 1430 2740 1501 τὴν
2779 1431 2823 1485 δ’
2844 1431 3018 1502 ἀληθῆ
3049 1431 3156 1483 τῶν
3180 1432 3525 1502 Χριστιανῶν
3560 1433 3684 1485 πίσ-

2109 1536 2212 1586 τιν,
2241 1522 2337 1574 κοιλ⁸
2364 1522 2462 1592 τὴν
2480 1524 2580 1592 τῆς
2606 1522 2768 1590 ἁγίας
2791 1521 2883 1574 καὶ
2912 1520 3200 1590 δμοουσίου
3228 1522 3457 1592 Τριάδος
3481 1524 3684 1592 σεπτὴν

2108 1609 2424 1681 ὁμολογίαν,
2459 1613 2535 1676 ὡς
2566 1614 2645 1676 εἰς
2673 1612 2936 1683 οὐρανοὺς
2968 1611 3311 1679 ἀνάγουσαν,
3347 1612 3683 1682 περιέθαλπε

2108 1703 2202 1757 καὶ
2228 1702 2507 1774 προσίετοο
2535 1702 2664 1767 τούς
2688 1720 2748 1755 τε
2781 1701 2910 1773 περὶ
2936 1700 3235 1765 ἀθανασίας
3259 1701 3438 1772 ψυχῆς
3465 1701 3679 1769 λόγους,

438 1802 647 1844 necnon
688 1792 753 1845 de
795 1792 1061 1861 gcltcnna,
1098 1803 1408 1864 aeternoque
1450 1796 1558 1851 illic
1597 1797 1888 1865 supplicio;
1924 1797 2005 1851 in-

2112 1795 2236 1865 περί
2273 1770 2331 1847 τε
2365 1794 2645 1865 βασιλείας
2683 1770 2963 1865 οὐρανῶν,
3001 1794 3095 1846 καὶ
3127 1797 3225 1863 τῆς
3253 1770 3361 1846 τῶν
3391 1795 3684 1865 ἀκηράτων

436 1892 603 1947 super
627 1893 755 1935 vero
783 1890 1246 1950 temporanearum
1277 1885 1459 1940 saeculi
1491 1900 1667 1939 rerum
1702 1886 2005 1941 instabilem

438 1969 763 2041 labilemque
789 1975 1133 2041 vertiginem,
1161 1976 1341 2030 animo
1368 1976 1622 2046 pingebat
1649 1992 1711 2031 ac
1737 1978 2003 2045 volvebat,

439 2062 734 2117 instructas
776 2063 901 2117 item
946 2064 1276 2133 lampadibus
1308 2066 1574 2135 virgines,
1612 2066 2004 2138 incorruptibili

436 2166 635 2222 sponso
663 2154 877 2209 Christo
908 2156 958 2209 in
992 2156 1196 2212 cmlcsti
1229 2157 1466 2213 thalamo
1496 2159 1805 2227 copulatas,
1836 2171 1890 2215 et
1921 2164 2004 2216 in-

435 2247 653 2302 terioris
683 2258 735 2302 et
770 2264 980 2304 arcanm
1016 2251 1289 2307 felicitatis
1323 2253 1529 2310 deliciis
1561 2256 1847 2325 potientes,
1878 2274 1998 2329 per—

439 2345 599 2402 petuo
642 2336 743 2392 sibi
787 2342 1229 2408 repraasentabat,
1270 2356 1335 2395 ac
1380 2340 1688 2397 beatissima
1733 2344 1819 2399 illa
1861 2356 2005 2401 sorte

438 2425 906 2497 inexplicabilique
944 2430 1167 2499 gaudio,
1211 2442 1264 2486 et
1310 2446 1374 2487 ea
1417 2431 1584 2501 gloria
1625 2449 1783 2503 quam
1828 2449 2004 2491 sermo

436 2516 614 2570 nullus
642 2518 946 2587 cloqnatur,
979 2522 1136 2591 digna
1171 2522 1284 2576 ﬁeri
1317 2523 1596 2591 gliscebat,
1628 2524 1999 2595 desiderabat,

435 2618 489 2662 et
523 2609 805 2664 exorabat.

502 2870 559 2926 8.
599 2872 731 2927 Dum
763 2874 998 2944 prudens
1027 2884 1083 2930 et
1112 2886 1259 2931 casta
1288 2878 1439 2948 virgo
1468 2880 1727 2950 ejusmodi
1757 2883 2004 2938 conside-

434 2963 733 3019 rationibus
777 2966 1016 3020 animum
1066 2969 1432 3038 constiparet,
1476 2971 1646 3026 adfuit
1696 2984 1851 3043 pater
1891 2992 1907 3030 :
1950 2987 2005 3031 et

2109 1884 2483 1950 ἀπολαύσεως,
2508 1886 2637 1956 περί
2659 1903 2714 1938 τε
2734 1885 2982 1955 γεέννης,
3010 1884 3104 1937 καὶ
3132 1887 3229 1954 τῆς
3257 1886 3434 1937 ἐκεῖσε
3458 1884 3683 1938 ἀτελευ-

2105 1977 2270 2045 τήτου
2296 1975 2592 2039 κολάσεως,
2623 1975 2760 2046 πρὸς
2792 1975 3001 2037 τούτοις
3030 1974 3105 2037 δὲ,
3135 1972 3227 2028 καὶ
3255 1975 3352 2046 τήν
3377 1975 3486 2027 τῶν
3516 1991 3684 2043 προσ-

2106 2065 2311 2135 καίρων
2337 2065 2433 2118 τοῦ
2460 2066 2667 2135 κόσμου
2692 2065 2884 2119 τούτου
2913 2065 3251 2136 πραγμάτων
3278 2066 3510 2119 ἄστατον
3534 2082 3683 2135 περι-

2106 2168 2279 2227 φορά)
2335 2158 2429 2209 καὶ
2478 2157 2733 2210 ἀϐέϐαιον
2789 2157 2929 2210 κατά
2987 2156 3111 2210 νοῦν
3173 2156 3521 2227 ἐζωγράφει,
3586 2159 3680 2210 καὶ

2104 2250 2402 2304 ἀνείλιττεν
2426 2265 2439 2279 ·
2481 2250 2576 2303 καὶ
2608 2250 2709 2313 τάς
2737 2250 3199 2319 λαμπαδηφόρους
3230 2249 3549 2320 παρθένους,
3582 2250 3681 2311 τὰς

2104 2342 2181 2412 τῷ
2209 2342 2473 2412 ἀφθάρτῳ
2502 2343 2720 2413 νυμφίῳ
2753 2341 2973 2411 Χριστῷ
2996 2343 3055 2393 ἐν
3082 2344 3148 2411 τῇ
3183 2340 3489 2411 ἐπουρανίῳ
3540 2358 3679 2393 πασ-

2104 2433 2219 2486 τάδι
2257 2434 2685 2502 συναπτομένας,
2724 2434 2817 2486 καὶ
2846 2433 2944 2503 τῆς
2974 2432 3121 2485 ἔνδον
3152 2433 3469 2503 ἀπορρήτου
3509 2449 3678 2483 κατα-

2104 2525 2397 2596 τρυφὼσας
2430 2525 2866 2597 μακαριότητος,
2903 2524 2990 2578 ἀεὶ
3029 2522 3382 2591 ἐφαντάζετο.
3424 2524 3533 2575 Καὶ
3578 2522 3679 2591 τῆς

2105 2618 2394 2671 πανολϐίου
2414 2618 2627 2686 ἐκείνης
2655 2617 2850 2688 μοίρας
2871 2615 2964 2669 καὶ
2985 2617 3264 2685 χαρμονῆς
3278 2615 3679 2685 ἀνεκφράστου,

2106 2709 2198 2761 καὶ
2227 2708 2591 2780 ἀνεκλαλήτου
2620 2707 2800 2776 δόξης,
2832 2705 3236 2776 καταξιωθῆναι
3270 2705 3517 2774 ἐγλίχετο
3539 2745 3552 2769 ,
3586 2704 3682 2756 καὶ

2104 2800 2390 2870 ἐπεθύμει,
2428 2801 2523 2853 καὶ
2559 2799 2779 2870 ηὔχετο.

2172 2899 2244 2962 η’.
2284 2892 2372 2944 Ἐν
2405 2892 2809 2953 τοῖς,τοιούτοις
2851 2883 2944 2942 οὗν
2983 2888 3304 2959 θεωρήμασι
3344 2887 3441 2957 τῆς
3475 2885 3686 2956 σώφρο-

2106 2998 2195 3044 νος
2235 2981 2329 3032 καὶ¹
2362 2980 2533 3050 ἁγνῆς
2571 2978 2844 3048 παρθένου
2893 2978 2991 3047 τὴν
3036 2976 3212 3047 ψυχὴν
3259 2976 3641 3046 πυκναζούσης
3667 3017 3683 3042 ,

436 3054 618 3110 multis
641 3057 955 3125 proceribus
981 3060 1355 3128 proﬁtentibus
1383 3062 1550 3131 pluris
1576 3077 1633 3117 se
1662 3064 1840 3120 facere
1865 3066 2003 3119 illius

2112 3073 2392 3141 ἐφίσταται
2422 3072 2450 3122 ὁ
2487 3072 2691 3143 πατήρ.
2745 3068 3231 3122 ’Λναδιδασκόντων
3269 3067 3325 3120 δέ
3359 3069 3520 3123 αὐτὸν
3555 3068 3685 3122 πολ-

437 3148 653 3216 nuptias
675 3157 730 3203 et
755 3151 1106 3216 connubium,
1129 3150 1279 3218 jubet
1307 3153 1474 3221 ipsam
1496 3155 1635 3209 votis
1655 3170 1911 3211 annuere.
1936 3159 2005 3211 At

435 3236 526 3292 illa
551 3253 833 3296 sermones
856 3240 1118 3308 ejusmodi
1149 3252 1405 3312 tanquam
1434 3259 1606 3314 nugas
1631 3254 1686 3300 et
1707 3246 1809 3301 sibi
1839 3247 2005 3302 mole-

435 3338 550 3385 stos
577 3343 859 3397 spernens,
894 3330 1035 3387 irato
1062 3332 1209 3385 vultu
1240 3342 1445 3402 patrem
1478 3335 1791 3405 inSpiciens,
1823 3340 2004 3408 perni-

438 3420 638 3473 ciosam
680 3420 817 3475 banc
851 3421 1030 3477 animo
1066 3422 1492 3480 cobortationem
1527 3441 1749 3495 prorsus
1790 3428 2008 3484 submo-

440 3516 546 3574 vet,
571 3509 961 3581 denuntiatque
993 3527 1106 3568 rem
1136 3514 1399 3584 ejusmodi
1433 3532 1706 3586 nunquam
1735 3528 2005 3591 suggerat.

441 3598 743 3653 Ridiculum
774 3602 918 3656 enim
952 3617 1280 3675 prorsusque
1311 3605 1602 3662 absurdum
1633 3608 1784 3678 virgo
1818 3624 2004 3666 cense-

436 3692 561 3756 bat,
588 3705 707 3759 qua:
738 3706 795 3746 se
823 3692 992 3748 semel
1025 3693 1234 3750 cmlesti
1264 3704 1320 3750 et
1348 3696 1638 3752 immortali
1670 3700 1885 3755 Christo
1914 3702 2010 3755 ad-

435 3779 661 3834 dixisset
702 3795 764 3837 ac
804 3783 1129 3852 copulasset,
1175 3786 1244 3841 iis
1289 3786 1381 3855 qui
1425 3788 1689 3844 vermium
1738 3791 1913 3846 instar
1959 3792 2011 3845 in

434 3871 648 3927 cenosis
685 3888 744 3928 se
785 3873 1139 3930 volutantium
1182 3877 1405 3933 lacubus
1445 3879 1496 3933 in
1538 3880 1854 3949 gentilitatis
1894 3881 2008 3936 luto

437 3965 813 4031 versabantur,
857 3966 1249 4024 obsecundare.
1306 3970 1472 4042 900
1518 3972 1781 4039 Quocirca
1830 3974 2015 4044 puella:

437 4069 648 4123 parens,
669 4059 815 4112 omni
832 4058 1107 4130 diligentia
1124 4060 1373 4116 balneum
1392 4072 1731 4130 construens,
1748 4078 1870 4118 cum
1885 4066 2015 4120 duas

436 4150 703 4206 fenestras
729 4153 796 4208 ad
824 4164 1094 4219 austrum,
1114 4155 1309 4224 quibus
1338 4155 1516 4211 lumen
1538 4158 1901 4224 induceretur,
1932 4159 2012 4213 fa-

439 4242 547 4295 bris
567 4243 905 4311 imperasset,
930 4245 981 4298 in
1002 4246 1176 4298 locum
1197 4246 1479 4312 quemdam
1500 4247 1772 4316 profectus
1800 4260 1905 4304 est.
1946 4250 2016 4303 At

437 4332 721 4387 Trinitatis
747 4332 941 4386 ancilla
973 4348 1279 4401 sponsaqne
1306 4332 1544 4390 Barbara
1562 4374 1579 4401 ,
1611 4338 1849 4405 dispecto
1873 4341 2005 4394 tedi-

2108 3162 2214 3214 λῶν
2242 3160 2605 3233 μεγιστάνων,
2632 3163 2728 3213 καὶ
2756 3160 2882 3228 περὶ
2914 3158 3111 3211 πολλοῦ
3137 3160 3406 3212 ποιεῖσθαι
3435 3160 3533 3230 τὴν
3553 3158 3688 3214 ταύ-

2107 3269 2205 3322 της
2238 3249 2501 3319 συζυγίαν
2534 3267 2625 3317 τε,
2660 3250 2757 3301 xat
2808 3249 2945 3319 προς
2984 3248 3228 3319 γαμικὴν
3270 3248 3487 3333 ὁμιλίαν
3529 3250 3690 3303 συνάε-

2110 3360 2302 3409 φειαν,
2336 3344 2416 3406 είς
2447 3340 2608 3396 τοῦτο
2639 3340 2809 3411 αὐτὴν
2845 3340 3128 3393 ἐπινεῦσαι
3167 3339 3557 3409 προυτρέπετο.
3620 3340 3687 3391 Ἥ

2108 3432 2164 3486 δέ
2200 3433 2327 3496 τοὺς
2370 3432 2643 3495 τοιούτους
2680 3431 2875 3499 λόγους
2902 3431 2978 3494 ὡς
3020 3431 3221 3500 λήρους
3244 3471 3257 3493 ,
3295 3430 3390 3483 καὶ
3422 3430 3687 3499 ὀχληροὺς

2110 3524 2455 3578 διαπτύσασα
2481 3563 2496 3589 ,
2536 3523 2655 3594 μετ’
2693 3522 2865 3591 ὀργῆς
2896 3521 2974 3593 τῷ
3011 3521 3369 3591 γεγεννηκότι
3413 3520 3686 3594 ἐμϐρίθως

2113 3615 2423 3677 ἀτενίσασα,
2456 3614 2556 3684 τὴν
2588 3613 2905 3685 ψυχοϐλαϐἧ
2938 3613 3144 3682 ταύτην
3184 3610 3510 3681 παραίνεσιν
3548 3628 3687 3663 παν-

2112 3705 2282 3768 τελῶς
2310 3705 2644 3770 ἀποσείεται,
2681 3702 2878 3775 μηκέτι
2912 3703 3132 3774 μνήμην
3160 3700 3403 3754 τοιούτου
3429 3701 3690 3771 πράγμα-

2113 3813 2205 3859 τος
2233 3796 2370 3865 αὐτῇ
2399 3796 2699 3864 προσάγειν
2728 3794 3185 3865 παρεγγυήσασα.
3218 3793 3430 3845 Γελοῖον
3458 3792 3565 3861 γὰρ
3594 3793 3691 3844 καὶ

2116 3881 2298 3951 πάσης
2349 3882 2579 3944 ἀτοπίας
2632 3882 2942 3951 ἀνάμεστον
3003 3882 3037 3952 ή
3095 3880 3365 3950 παρθένος
3416 3882 3687 3951 ἡγήσατο,

2115 3971 2371 4036 καθάπαξ
2408 3971 2608 4042 ἑαυτὴν
2646 3972 2727 4042 τῷ
2777 3972 3014 4042 οὐρανίῳ
3052 3972 3146 4025 καὶ
3183 3970 3435 4040 ἀθανάτῳ
3470 3971 3693 4041 νυμφίῳ

2115 4065 2376 4119 ἀναθεῖσά
2436 4082 2498 4117 τε
2532 4065 2628 4118 καὶ
2657 4063 2963 4134 συνάψασα,
2993 4065 3043 4116 εί
3070 4066 3180 4125 τοῖς
3211 4060 3509 4130 σκωλήκων
3532 4061 3696 4132 δίκην

2118 4155 2363 4210 ἰλυώδεσι
2392 4154 2654 4224 τέλμασιν
2697 4153 3085 4223 ίλυσπωμένων
3119 4149 3384 4222 ἐλληνικῷ
3442 4149 3693 4221 βορϐόρῳ

2117 4247 2407 4312 ὐπείξειεν.
2452 4248 2510 4300 '0
2539 4246 2719 4301 τοίνυν
2740 4245 2948 4315 ταύτης
2971 4244 3156 4315 πατὴρ
3182 4243 3459 4314 βαλανεῖον
3486 4243 3690 4312 σπουδῇ

2117 4340 2287 4412 πολλῇ
2313 4340 2377 4393 τὸ
2408 4337 2714 4409 τηνικαῦτα
2740 4336 3057 4407 οίκοδομῶν,
3089 4335 3348 4401 ἐπιτάξας
3377 4337 3490 4398 τοῖς
3515 4336 3693 4405 τεχνί-

436 4421 581 4488 ticio,
623 4422 923 4491 operarios,
967 4433 1026 4476 ut
1069 4432 1180 4479 tres
1226 4424 1493 4481 fenestras
1536 4436 1823 4485 structurae
1863 4440 2008 4501 apta-

2122 4450 2241 4497 ταις
2270 4430 2413 4486 κατὰ
2443 4432 2595 4486 νότον
2621 4429 2716 4484 δύο
2742 4429 2966 4499 θυρίδας
2993 4427 3366 4496 φωταγωγούς
3388 4425 3695 4479 κατᾶσκευ-

438 4520 578 4577 rent,
613 4511 894 4581 compulit.
937 4513 1074 4568 Tum
1119 4529 1357 4582 reversa,
1395 4532 1516 4571 cum
1561 4533 1620 4573 se
1660 4519 1856 4574 iterum
1901 4537 2018 4591 spe-

2114 4521 2267 4585 άσαι,
2297 4520 2649 4590 ἀπεδήμησεν
2673 4519 2753 4580 είς
2774 4515 2961 4587 χώραν
2989 4515 3133 4569 τινά.
3171 4515 3235 4567 Ἢ
3260 4514 3316 4566 δὲ
3339 4514 3438 4583 τῆς
3466 4513 3694 4584 Τριάδος

438 4601 585 4656 eiosa
628 4600 781 4672 virgo
825 4601 879 4656 in
924 4604 1119 4658 turrim
1165 4619 1316 4659 suam
1362 4608 1691 4677 recepisset,
1729 4610 2008 4666 simulacra

2113 4608 2272 4679 δούλη
2308 4608 2404 4661 καὶ
2441 4608 2627 4678 νύμφη
2676 4606 2959 4678 Βαρϐάρα,
2989 4604 3051 4658 τὸ
3083 4603 3244 4675 ἔργον
3273 4604 3373 4675 τῆς
3404 4603 3696 4673 οἰκοδομῆς

437 4690 584 4748 videt
609 4707 728 4762 quae
758 4702 914 4764 pater
938 4694 1170 4761 colebat,
1200 4697 1364 4752 animi
1395 4714 1696 4770 sensusque
1723 4703 1969 4772 expertia
2000 4721 2015 4758 :

439 4798 563 4839 mox
597 4785 801 4856 Spiritu
836 4796 1027 4843 sancto
1059 4789 1284 4858 repleta,
1322 4792 1665 4863 divinamque
1698 4809 1761 4849 ac
1795 4796 2018 4865 praefer-

437 4877 615 4932 vidam
658 4878 1057 4936 aemulationem
1092 4898 1408 4950 assumens,
1445 4886 1499 4939 in
1534 4900 1723 4941 eorum
1765 4888 2015 4957 despica-

437 4969 574 5027 biles
618 4970 799 5028 vultus
848 4974 1118 5044 conspuit,
1166 4985 1466 5044 opportune
1516 4976 1831 5032 Davidicum
1883 4978 2012 5034 illud

440 5061 607 5118 melos
636 5078 902 5133 usurpans
933 5084 946 5120 :
977 5063 1190 5120 Similes
1216 5066 1368 5121 vobis
1391 5066 1521 5134 ﬁant
1542 5069 1632 5135 qui
1660 5067 1864 5136 faciunt
1893 5083 2009 5133 vos,

436 5162 487 5207 et
517 5170 697 5210 omnes
725 5160 813 5225 qui
844 5157 1114 5226 conﬁdunt
1144 5158 1199 5210 in
1221 5158 1373 5212 vobis
1396 5158 1461 5212 ³⁸.
1491 5158 1534 5213 0
1564 5158 1775 5213 beatam
1805 5174 1931 5214 vere
1956 5169 2011 5214 et

439 5244 740 5315 religiosam
775 5250 1044 5305 animam!
1076 5249 1121 5305 Ο
1155 5251 1258 5307 [ide
1293 5250 1586 5306 ferventem
1622 5250 1877 5320 puellam,
1910 5250 2015 5306 ﬁde

440 5339 721 5392 ornatam!
750 5339 793 5395 Ο
820 5342 1277 5399 adolescentulam
1301 5342 1483 5399 divino
1507 5357 1667 5397 sensu
1695 5357 1759 5399 ac
1784 5343 2014 5411 pruden-

444 5428 516 5480 tia
547 5432 716 5497 patris
750 5433 1013 5488 insaniam
1046 5436 1480 5505 dementiamque
1511 5435 1854 5490 irridentem!
1884 5433 1927 5489 Ο
1957 5434 2015 5487 Ιίο

444 5519 569 5575 liam
609 5523 848 5592 parentis
882 5524 1003 5580 Eva:
1042 5526 1195 5582 ﬁrmo
1229 5541 1388 5583 sensu
1425 5535 1763 5583 revocantem
1803 5524 2019 5583 fatuita-

523 5708 564 5742 "
595 5706 737 5764 Psal.
770 5721 922 5779 eam,
952 5710 1005 5767 8.

2114 4697 2556 4768 ἐπισκεψαμένη,
2593 4700 2744 4767 τρεῖς
2783 4697 3004 4767 θυρίδας
3032 4695 3345 4766 ἐφαρμόσαι
3376 4694 3455 4765 τῷ
3493 4693 3698 4748 οἰκοδο-

2117 4792 2330 4860 μήματι
2351 4788 2480 4852 τοὺς
2503 4788 2742 4859 ἐργάτας
2769 4787 3103 4857 ἠνάγκασεν.
3139 4785 3468 4838 Ἐπανιοῦσα
3492 4784 3571 4848 δὲ,
3599 4784 3697 4837 καὶ

2114 4878 2553 4951 παλινδρομοῦσα
2572 4879 2664 4931 ἐπὶ
2684 4878 2776 4933 τὸν
2794 4877 2925 4931 ῐδιον
2950 4876 3162 4948 πύργον
3184 4877 3218 4945 ή
3243 4873 3386 4943 καλὴ
3406 4873 3696 4943 παρθένος,

2111 4976 2212 5045 ὁρᾷ
2251 4973 2321 5025 τά
2350 4971 2531 5042 ἀψυχα
2567 4972 2662 5024 καὶ
2697 4967 3002 5037 ἀναίσθητα
3028 4967 3245 5032 εἴδωλα,
3276 4962 3355 5028 οἷς
3389 4965 3450 5017 τὸ
3478 4964 3643 5026 σέϐας
3670 4965 3701 5015 ὁ

2112 5064 2293 5135 πατὴρ
2324 5062 2740 5133 προσεκόμιξεν,
2772 5060 2863 5114 καὶ
2890 5059 2954 5130 δὴ
2987 5058 3316 5128 Πνεύματος
3344 5054 3501 5124 ἁγίου
3532 5054 3700 5124 πλησ-

2116 5158 2270 5209 θείσα
2291 5196 2305 5218 ,
2338 5155 2431 5206 καὶ
2460 5151 2620 5222 ζῆλον
2650 5148 3000 5205 ἀναλαϐοῦσα
3028 5147 3212 5203 ἔνθεον
3258 5148 3349 5199 καὶ
3392 5146 3697 5214 ἀνάπυρον,

2116 5250 2193 5312 είς
2219 5247 2287 5300 τά
2306 5248 2477 5316 ἄτιμα
2503 5243 2685 5298 αὐτῶν
2710 5242 3004 5295 ἐνέπτυσεν
3033 5240 3324 5312 πρόσωπα,
3355 5236 3415 5289 τὸ
3443 5235 3537 5289 τοῦ
3562 5250 3698 5301 προο

2119 5340 2288 5410 φήτου
2327 5336 2492 5391 Δαϐιδ
2529 5333 2800 5403 εὐκαίρως
2840 5332 3071 5385 εἰποῦσα
3103 5329 3431 5402 μελῴδημα,
3470 5327 3701 5395 Ὅμοιοι

2122 5430 2285 5501 ὑμῶν
2311 5429 2579 5497 γένοιντο
2606 5428 2659 5479 οὶ
2697 5424 3014 5490 ποιοῦντες
3057 5423 3226 5492 ὑμᾶς,
3265 5420 3359 5473 καὶ
3397 5417 3620 5482 πάντες
3646 5414 3701 5467 οι

2125 5522 2472 5586 πεποιθότες
2494 5518 2584 5587 ἐφ’
2614 5518 2779 5587 ὑμᾶς.
2812 5518 2876 5569 Ὤ
2907 5515 3184 5587 μακαρίας
3214 5514 3403 5577 ὅντως,
3431 5509 3523 5564 καὶ
3551 5507 3702 5577 φιλο-
