3968 6348
552 317 658 381 795

1681 310 1740 368 S.
1779 308 2098 369 JOANNIS
2140 305 2567 368 DAMASCENI

3699 300 3797 363 796

554 420 843 491 arripiens.
873 429 927 474 ct
959 433 986 467 ρ
1021 426 1202 472 inonte
1239 421 1479 482 trahens,
1512 420 1733 473 domum
1766 420 1932 486 redit,
1962 432 2122 490 atque

2233 419 2402 489 εὑρὼν
2432 420 2523 472 καὶ
2576 418 2840 487 μαστίξας
2872 458 2886 481 ,
2916 419 3013 488 τῆς
3045 416 3222 485 κόμης
3257 412 3428 483 αὐτὴν
3467 413 3667 480 ἐλκων,
3707 418 3799 469 καὶ

553 522 775 583 angusta
816 512 1021 563 beatattt
1059 510 1282 563 aedicula
1322 512 1543 565 claudit.
1578 510 1714 565 Tum
1751 510 1868 579 ejus
1903 528 2121 566 causam

555 603 763 673 praesidi
813 599 1020 662 defert.
1066 602 1411 655 rruciandam
1463 604 1708 667 tradens,
1758 604 2125 673 adjuratisque

554 692 861 748 nmninibus
884 693 1197 757 obsecrans,
1222 702 1279 747 ut
1301 696 1512 750 acerbis
1539 697 1822 749 tormentis
1844 698 2122 749 subactam

551 794 759 840 enecet.
808 786 1170 850 Quamobrem
1212 802 1413 854 przeses
1456 804 1553 856 pro
1605 789 1860 843 tribunali
1898 790 2121 848 sedens.

473 911 483 922 ο
551 878 654 931 sibi
694 888 984 948 martyrem
1026 880 1143 933 sisti
1180 880 1347 948 jubet.
1391 880 1691 949 Conspecta
1730 896 1862 935 vero
1901 880 2125 934 ﬂorente

551 969 731 1022 vultus
764 970 973 1036 specie,
1011 968 1267 1022 luminum
1303 971 1602 1025 claritatem
1636 987 1701 1024 ac
1735 987 1984 1025 serenum
2021 971 2123 1024 mi-

553 1069 721 1119 ratus.
754 1067 965 1113 tentare
995 1075 1112 1113 eam
1150 1059 1424 1115 blanditiis
1455 1063 1640 1130 (ωνὶι,
1668 1065 1895 1115 suadere
1921 1064 2119 1125 nitens,

552 1159 605 1203 et
633 1149 900 1204 adulando
932 1152 1209 1204 seducere.
1247 1150 1368 1205 llarc
1395 1153 1537 1205 enim
1573 1154 1740 1220 prima
1774 1153 1973 1206 diaboli
2008 1154 2123 1207 ine-

552 1242 722 1294 scatio
751 1253 852 1295 est.
884 1242 991 1295 Aut
1020 1247 1164 1296 enim
1195 1245 1519 1312 voluptatem
1558 1246 1882 1313 laudumque
1918 1246 2122 1300 lenoci-

555 1332 642 1384 nio
671 1331 979 1384 demulcere
1006 1343 1058 1384 et
1089 1333 1331 1385 emollire
1360 1334 1631 1387 hominem
1661 1336 1874 1404 satagit.
1904 1347 1995 1386 aut
2025 1336 2123 1388 mi-

554 1422 639 1476 nis
686 1432 738 1474 et
789 1422 1072 1475 tormentis
1126 1432 1328 1475 terrere
1376 1434 1429 1475 et
1482 1425 1792 1491 pereellere.
1846 1425 1944 1479 Ubi
1996 1440 2125 1493 ergo

553 1515 786 1579 priorem
822 1529 1035 1567 omnem
1072 1513 1392 1567 exhaustam
1431 1515 1740 1581 pharetram
1778 1515 1940 1579 vidit,
1973 1527 2027 1567 et
2062 1518 2124 1568 it-

553 1604 776 1657 lnstrem
812 1604 1040 1673 pugilem
1074 1604 1252 1657 saeculi
1287 1605 1635 1671 despuentem
1669 1606 1983 1666 illecebras.
2018 1615 2122 1660 lcr-

555 1711 848 1763 rcnamque
887 1696 1110 1765 gloriam
1150 1712 1363 1750 ornuem
1408 1712 1472 1751 ac
1511 1699 1835 1767 voluptatem
1880 1717 1975 1754 ceu
2018 1700 2122 1755 feni

2230 512 2410 582 σύρων
2442 509 2551 563 ἀπὸ
2576 509 2671 562 τοῦ
2706 510 2886 580 ὅρους,
2919 505 3074 570 αὖθις
3106 508 3374 567 ἐπάνεισι,
3407 508 3502 561 xui
3530 509 3590 560 ἐν
3623 509 3796 579 μικρῷ

2225 604 2326 674 τὴν
2361 600 2636 672 μακαρίαν
2669 601 2902 671 οἰκίσκῳ
2927 599 3301 654 κατέκλεισεν,
3332 599 3444 651 Καὶ
3469 598 3552 668 τῷ
3575 600 3796 669 ἡγεμόνι

2223 695 2293 747 ea:
2322 695 2442 747 κατ’
2473 692 2641 763 αὐτὴν
2678 692 2946 764 μηνύσας,
2980 689 3371 760 βασανίζεσθαι
3408 690 3791 760 παραδίδωσιν,

2223 785 2475 855 ὁρκώσας
2502 785 2663 837 αὑτὸν
2702 784 2845 836 κατὰ
2877 782 2984 835 τῶν
3014 781 3173 845 θεῶν,
3217 783 3449 850 πικραῖς
3480 780 3655 848 αὐτὴν
3704 798 3791 833 κα-

2224 876 2537 931 ταναλῶσαι
2568 877 2879 930 κολάσεσιν.
2916 874 3266 945 Προκαθίσας
3291 870 3385 927 οῦν
3414 877 3443 927 ὁ
3463 873 3689 945 ἡγεμὼν
3712 876 3792 927 ἐπὶ

2222 967 2321 1020 τοῦ
2374 967 2639 1039 βήματος,
2676 968 2960 1019 ἐκέλευσεν
3009 966 3355 1036 παραστῆναι
3393 966 3492 1033 τὴν
3524 966 3788 1036 μάρτυρα.

2223 1061 2573 1130 Θεασάμενος
2605 1061 2661 1113 δὲ
2686 1060 2783 1130 τὴν
2808 1060 3148 1113 ἐπανθοῦσαν
3179 1060 3350 1128 αὐτῆς
3374 1058 3471 1111 τοῦ
3506 1060 3788 1128 προσώπου

2224 1150 2583 1222 εὐπρέπειαν,
2642 1150 2872 1219 ἐξέστη,
2909 1150 3004 1202 xui
3036 1150 3095 1201 τὸ
3140 1148 3366 1219 φαιδρὸν
3405 1149 3509 1219 τῆς
3559 1150 3790 1221 ὁράσεως

2227 1242 2578 1312 ἐθαύμασεν·
2630 1242 2723 1293 καὶ
2772 1241 2975 1311 ἤρξατο
3032 1240 3296 1303 θωπείαις
3349 1240 3523 1310 αὐτὴν
3576 1242 3786 1312 πειρᾷν,

2225 1333 2438 1386 πείθειν
2480 1316 2841 1403 βιαζόμενος.
2895 1333 2993 1386 καὶ
3035 1331 3355 1394 κολακείαις
3388 1332 3791 1403 προσάγεσθαι.

2225 1426 2399 1479 Τοῦτο
2428 1425 2538 1495 γάρ
2566 1426 2631 1477 τὸ
2664 1424 2886 1495 πρῶτον
2919 1424 3014 1477 τοῦ
3043 1423 3292 1478 διαϐόλου
3340 1424 3558 1492 δέλεαρ.
3598 1426 3669 1477 Ἢ
3696 1424 3795 1493 γὰρ

2225 1519 2440 1588 ἡδοναῖς
2469 1518 2563 1572 xui
2588 1518 2835 1580 ἐπαίνοις
2865 1515 3101 1581 θέλγειν,
3136 1516 3231 1569 xui
3261 1516 3793 1585 καταμαλακίζεσθαι

2224 1609 2508 1679 δοκιμάζει
2539 1610 2630 1661 τὸν
2664 1608 2969 1679 ἄνθρωπον,
3002 1608 3034 1679 ἢ
3071 1607 3324 1677 ἐκφοϐεῖν
3347 1607 3440 1659 xui
3471 1609 3793 1661 καταπτοεῖν

2227 1700 2479 1763 ἀπειλαῖς
2520 1701 2615 1753 καὶ
2656 1700 2963 1754 κολάσεσιν.
3007 1700 3097 1762 Ὦς
3139 1695 3231 1753 οὖν
3278 1700 3458 1752 πᾶσαν
3500 1697 3669 1752 αὑτοῦ
3710 1697 3796 1768 τὴν

552 1787 737 1839 liorem
768 1787 856 1855 qui
890 1787 1048 1841 facile
1076 1788 1299 1841 intereat
1330 1797 1383 1842 et
1412 1804 1735 1854 marcescat,
1764 1793 2119 1847 mstimantem

2233 1800 2502 1870 προτέραν
2547 1800 2826 1872 φαρέτραν
2862 1801 3154 1863 ἐκένωσεν,
3202 1801 3297 1852 xui
3346 1800 3443 1869 τὴν
3487 1799 3792 1869 ἀθληφόρον

551 1880 743 1943 sensit,
771 1892 973 1948 suntque
1004 1879 1345 1933 hortamenta
1376 1888 1431 1933 et
1461 1881 1764 1950 priestigias
1796 1883 1934 1936 haud
1965 1899 2122 1938 secus

553 1984 614 2022 ac
640 1973 909 2037 SQt‘pt‘llliS
932 1972 1076 2024 virus
1104 1970 1482 2040 horrendaque
1502 1987 1708 2026 venena
1740 1977 2121 2041 detestantem,

551 2059 617 2112 ad
646 2060 787 2113 aliud
822 2062 1105 2114 confestim
1140 2062 1497 2114 tentationum
1530 2078 1696 2132 genus
1727 2065 1967 2118 animum
1998 2082 2125 2120 con-

550 2152 727 2204 vertit.
758 2151 890 2205 Cum
922 2162 1100 2205 autem
1134 2151 1308 2205 minas
1338 2155 1540 2221 pariter
1570 2154 1905 2208 deridentem
1938 2173 2125 2213 cerne-

552 2253 632 2295 ret
667 2242 851 2296 furore
886 2242 1097 2311 plenus,
1131 2243 1276 2296 velut
1312 2245 1522 2313 perdito
1558 2245 1697 2308 oleo.
1735 2247 1807 2299 ita
1842 2263 1962 2301 eam
1995 2248 2125 2302 allo-

549 2334 734 2402 quitur
762 2351 776 2387 :
810 2350 829 2383 ι
866 2335 1001 2400 Quid
1033 2350 1162 2404 ergo
1188 2338 1289 2399 vis.
1324 2338 1535 2405 puella?
1561 2350 1653 2391 aut
1684 2340 1790 2392 diis
1822 2340 2122 2406 immolare,

550 2435 643 2479 aut
682 2426 893 2481 acerbis
934 2438 1307 2495 consumptam
1353 2431 1638 2484 tormentis
1682 2432 1943 2486 interire?
1984 2452 2004 2485 ι
2046 2436 2123 2486 Ad

550 2531 711 2584 quem
758 2524 983 2586 martyr.
1026 2520 1294 2573 constanti
1343 2521 1523 2576 animo
1567 2525 1860 2592 lidentiqne
1902 2526 2124 2580 audacia

552 2608 740 2674 paucis
778 2607 980 2671 verbis,
1019 2617 1129 2661 tum
1172 2610 1311 2677 piam
1354 2610 1500 2665 clare
1541 2613 1781 2680 professa
1824 2615 1980 2669 ﬁdem
2021 2629 2123 2680 est,

551 2704 713 2765 atque
736 2695 1068 2751 infensorum
1096 2698 1202 2752 Deo
1226 2709 1571 2769 tyrannorum
1595 2705 1884 2758 amentiam
1936 2706 2125 2773 impie-

553 2797 830 2855 tatemque
864 2789 1122 2844 traduxit.
1155 2790 1362 2855 Quibus
1399 2808 1528 2847 vero
1567 2794 1708 2849 istud
1745 2799 2128 2852 sermonibus?

559 2902 580 2936 ι
620 2883 730 2954 Ego
765 2894 949 2952 parata
986 2899 1127 2949 sum,
1164 2885 1354 2953 inquit.
1392 2896 1451 2940 ut
1486 2885 1712 2940 Domino
1746 2888 1871 2942 Jesu
1907 2890 2127 2944 Christo

554 2980 859 3040 immolent,
892 2981 984 3049 qni
1022 2979 1151 3034 iecit
1183 2982 1378 3036 caelum
1415 2994 1465 3037 et
1504 2993 1735 3051 terram,
1770 2998 1823 3039 et
1858 3003 2036 3052 mare,
2073 2999 2127 3043 et

2225 1893 2372 1961 ἐώρα
2392 1893 2461 1946 τὰ
2488 1893 2729 1963 κοσμικά
2759 1892 3146 1958 διαπτύουσαν,
3170 1891 3467 1961 θέλγητρα,
3503 1893 3599 1944 xui
3628 1893 3798 1944 πᾶσαν

2224 1981 2405 2048 δόξαν,
2447 1982 2542 2034 xui
2562 1982 2774 2052 τρυφὴν
2807 1983 3051 2047 ἐπίγειον
3074 1983 3149 2046 ώς
3173 1983 3333 2045 ἄνθος
3364 1982 3559 2053 χόρτου
3591 1982 3798 2051 λογιζο-

2230 2072 2397 2141 μένην
2447 2070 2757 2143 εῦφθαρτον
2802 2074 2899 2128 καὶ
2932 2075 3295 2145 εὖμάραντον,
3346 2074 3572 2138 καὶτὰς
3615 2073 3799 2128 τούτου

2228 2164 2560 2233 προτροπὰς,
2587 2165 2682 2217 xui
2704 2166 3166 2236 καταγοητεύσεις
3187 2167 3263 2229 ὡς
3291 2166 3366 2218 ἰὸν
3388 2165 3567 2233 ὄφεως
3593 2165 3801 2235 βδελύτ-

2225 2255 2481 2325 τομένην,
2511 2256 2606 2309 xui
2630 2254 2841 2324 φευκτά
2864 2255 3186 2326 δηλητήρια,
3213 2254 3381 2317 ειοπ
3409 2256 3502 2308 ἐπὶ
3531 2254 3592 2307 τὸ
3619 2255 3801 2324 ἕτερον

2226 2341 2366 2409 εἶδος
2398 2345 2506 2399 τῶν
2533 2346 2860 2417 πειρασμῶν
2886 2345 3275 2417 μετετρέπετο.
3319 2346 3429 2398 Καὶ
3453 2345 3551 2408 τὰς
3577 2344 3801 2406 ἀπειλὰς

2227 2444 2489 2508 ὡσαύτως
2520 2445 2642 2498 ίδὼν
2662 2445 3126 2515 μυκτηρίζουσαν,
3147 2444 3323 2514 θυμοῦ
3354 2445 3803 2516 μεμεστωμένος,

2226 2534 2302 2599 ὡς
2330 2536 2422 2589 τοῦ
2449 2536 2653 2589 σκοποῦ
2674 2536 3010 2608 διαμαρτὼν,
3042 2537 3178 2607 πρὸς
3199 2534 3370 2606 αὐτὴν
3401 2535 3785 2605 ἀπεφθέγγετο

2231 2629 2297 2681 Τί
2326 2624 2421 2683 οῦν
2467 2628 2667 2691 θέλεις,
2701 2628 2924 2698 κορίονς
2963 2626 3124 2681 θῦσαι
3144 2630 3258 2690 τοῖς
3294 2628 3439 2689 θεοῖς
3466 2666 3481 2689 ,
3510 2628 3543 2698 ἢ
3579 2628 3807 2699 πικραῖς

2229 2717 2526 2787 τιμωρίαις
2556 2715 2936 2785 ἀναλωθῆναις
2968 2716 3110 2787 Πρὸς
3137 2717 3250 2787 ὃνή
3289 2716 3520 2787 μάρτυς,
3551 2717 3807 2770 εῦσταθεῖ

2227 2807 2306 2878 τῷ
2355 2807 2499 2878 ἤθει,
2552 2807 2646 2860 xui
2682 2802 3227 2878 πεπαρρησιασμένῳ
3262 2806 3338 2876 τῷ
3370 2808 3807 2879 παραστήματι,

2229 2897 2433 2965 ὀλίγοις
2464 2899 2671 2968 ῥήμασι
2720 2897 2825 2965 τήν
2860 2895 2908 2948 τ’
2962 2895 3163 2965 εὐσεϐῆ
3213 2896 3397 2948 πίστιν
3450 2896 3809 2967 ὡμολόγησεν

2229 2988 2573 3060 διαπρύσιον,
2603 2989 2697 3042 xui
2720 2987 2816 3059 τὴν
2846 2987 2953 3041 τῶν
2977 2987 3153 3041 ἀθέων
3174 2987 3453 3058 τυράννοιν
3476 2988 3694 3051 ἄνοιαν,
3718 2987 3808 3041 xui

553 3072 803 3125 universa
841 3087 959 3139 quia:
1000 3073 1052 3125 in
1092 3073 1171 3127 eis
1208 3076 1496 3129 exsistunt.
1520 3076 1743 3133 Vestros
1782 3090 1959 3135 autem
1999 3084 2126 3135 deos

2233 3083 2490 3135 ἀσέϐειαν
2546 3080 2946 3151 ἐστηλίτευσεν.
3001 3080 3065 3134 Τί
3098 3081 3389 3151 φράσασας
3421 3078 3532 3148 ἐγὼ
3556 3120 3570 3147 ,
3619 3082 3807 3152 φησιν,

552 3164 773 3232 [mit-lue
804 3163 1068 3233 Propheta
1096 3165 1179 3219 bis
1208 3168 1384 3220 verbis
1400 3169 1755 3224 subsannarit
1775 3186 1789 3224 :
1813 3172 1883 3226 Os
1913 3174 2123 3237 habent,

551 3265 603 3309 et
644 3272 747 3307 non
789 3254 1100 3323 loquentur;
1141 3257 1318 3310 oculos
1360 3259 1569 3319 habent.
1613 3271 1658 3314 et
1702 3279 1804 3314 non
1845 3262 2125 3327 videbunt;

551 3359 708 3396 aures
735 3344 959 3408 habent,
995 3354 1045 3397 et
1076 3361 1178 3397 non
1205 3348 1457 3408 audient;
1499 3365 1652 3402 nam
1696 3351 1905 3417 habent,
1944 3364 1989 3405 et
2025 3369 2128 3406 non

554 3436 887 3499 odorabunt;
924 3452 1110 3488 manus
1144 3436 1349 3502 habent,
1387 3449 1434 3491 et
1472 3457 1574 3493 non
1610 3442 1938 3508 palpabunt;
1973 3445 2127 3511 pedes

555 3530 766 3588 habent.
801 3540 846 3582 et
883 3546 986 3583 non
1022 3531 1400 3597 ambulabunt;
1434 3550 1536 3586 non
1572 3535 1875 3591 clanmbunt
1914 3539 1968 3592 in
2008 3549 2129 3609 gat-

556 3632 672 3674 tnre
705 3638 821 3675 suo.
851 3619 1065 3676 Similes
1101 3623 1202 3675 illis
1236 3624 1366 3693 ﬁant
1402 3628 1491 3696 qui
1529 3627 1728 3695 faciunt
1765 3646 1846 3694 ea,
1874 3641 1922 3684 et
1957 3648 2132 3685 omnes

554 3716 644 3782 qui
685 3715 949 3783 conﬁdunt
992 3718 1045 3768 in
1086 3719 1158 3770 eis
1182 3717 1247 3770 “.
1286 3717 1742 3784 Qucmzultnodnm
1783 3722 1924 3775 enim
1964 3737 2132 3791 angn-

555 3818 696 3859 stnm
744 3808 1205 3877 reverendumqne
1243 3810 1332 3863 Dei
1370 3826 1563 3865 nomen
1606 3811 1738 3866 falso
1776 3814 1882 3868 illis
1917 3830 1946 3867 a
1980 3814 2131 3868 vobis

556 3898 783 3951 inditum
813 3907 914 3965 est,
943 3901 1087 3954 omni
1120 3916 1341 3970 prorsus
1366 3905 1487 3957 vitae
1515 3915 1637 3958 actu
1664 3915 1851 3961 carent
1876 3916 1932 3961 et
1959 3906 2127 3961 desti-

560 4000 803 4045 ιιιιιιιῑιιτ.
844 4010 864 4042 ι

2231 3175 2464 3244 ἑτοίμως
2493 3173 2601 3244 ἔχω
2632 3173 2793 3227 θῦσαι
2843 3171 2922 3243 τῷ
2953 3172 3141 3243 Κυρίῳ
3178 3189 3279 3242 μου
3341 3171 3516 3240 Ἰησοῦ
3563 3171 3807 3243 Χριστῷ,

2231 3266 2310 3336 τῷ
2340 3267 2626 3337 ποιήσαντι
2652 3266 2741 3318 τὸν
2768 3265 3012 3335 ούρανδν’
3039 3265 3133 3318 xui
3156 3265 3257 3335 τὴν
3285 3265 3388 3335 γῆν
3413 3305 3427 3328 ,
3465 3264 3558 3316 xui
3582 3266 3689 3335 τὴν
3717 3265 3809 3319 θά-

2230 3356 2463 3419 λασσαν,
2497 3354 2591 3408 xui
2619 3354 2799 3406 πάντα
2833 3353 2900 3406 τὰ
2922 3355 2986 3407 ἐν
3020 3355 3224 3417 αὐτοῖς.
3259 3355 3397 3417 Τοὺς
3421 3354 3479 3407 δέ
3502 3356 3810 3426 ὑμετέρους

2234 3448 2424 3511 θεοὺς,
2457 3445 2636 3508 καλῶς
2663 3448 2692 3499 ὁ
2740 3446 3031 3517 προφήτης
3070 3447 3549 3517 κατεκερτόμησεν
3571 3462 3585 3476 ·
3617 3448 3813 3516 Στόμα

2234 3539 2448 3608 έχουσι
2468 3577 2483 3601 ,
2513 3536 2610 3590 καί
2641 3538 2712 3590 οὺ
2745 3536 3163 3602 λαλήσουσιν
3193 3538 3544 3607 ὀφθαλμοὺς
3569 3538 3810 3607 ἔχουσι,

2232 3630 2330 3683 καὶ
2353 3630 2464 3683 οὐκ
2495 3628 2748 3695 ὄψονται
2774 3644 2787 3656 ·
2818 3621 2938 3680 ὦτα
2970 3628 3207 3695 ἔχουσι,
3233 3630 3331 3682 καὶ
3371 3631 3482 3683 οὐκ
3504 3629 3807 3684 ἀκούσον-

2231 3735 2355 3773 ται·
2392 3716 2569 3783 ῥῖνας
2610 3717 2825 3785 ἔχουσι
2850 3758 2865 3782 ,
2919 3714 3022 3770 καὶ
3066 3721 3184 3773 οὐκ
3226 3718 3771 3788 όσφρανθήσονται
3802 3737 3815 3748 ·

2232 3808 2436 3879 χεῖρας
2494 3808 2705 3876 ἔχουσι
2735 3845 2750 3868 ,
2810 3807 2910 3859 καί
2963 3806 3035 3859 οὐ
3083 3809 3563 3875 ψηλιιφήσουσι·
3624 3815 3818 3879 πόδας

2227 3904 2463 3972 ἔχουσι,
2495 3900 2592 3954 καὶ
2616 3901 2688 3954 οὐ
2718 3899 3267 3968 περιπατήσουσιν
3304 3902 3377 3953 οὐ
3408 3904 3820 3971 φωνήσουσιν

2226 3996 2301 4048 ἐν
2337 3994 2416 4059 τῷ
2446 3992 2698 4061 ,λάρυγγι
2722 3990 2937 4045 αὐτῶν.
2967 3992 3191 4060 Ὅμοιοι
3214 3991 3418 4055 αὐτοῖς
3456 3991 3747 4060 γένοιντο
3771 3998 3819 4049 οι

558 4081 871 4146 ποιοῦντες
915 4083 1101 4147 αὐτὰ,
1152 4084 1251 4135 καὶ
1302 4084 1526 4151 πάντες
1567 4089 1624 4139 οἱ
1663 4087 2013 4153 πεποιθότες
2066 4087 2158 4141 ἐπ’
2215 4085 2441 4150 αὐτοῖς.
2479 4084 2689 4154 Ὠσπερ
2719 4082 2827 4152 γὰρ
2871 4081 2934 4135 τὸ
2971 4081 3064 4134 τοῦ
3121 4080 3257 4135 Θεοῦ
3289 4080 3593 4152 σεϐάσμιον
3647 4089 3819 4158 ὄνομα

563 4176 652 4228 ἐπ’
685 4173 884 4234 αὐτοὺς
912 4173 1279 4243 ψευδωνύμως
1324 4178 1416 4244 ὑφ’
1450 4177 1602 4246 ὑμῶν
1632 4180 1998 4243 ἐπιτέθειται,
2026 4181 2128 4251 τῆς
2152 4180 2392 4249 ζωτικῆς
2423 4178 2703 4248 ἐνεργείας
2761 4176 3052 4247 ἀμοιροῦσί
3099 4193 3157 4228 τε
3203 4175 3294 4229 xui
3326 4174 3695 4245 χηρεύονται.

638 4264 723 4316 11.
768 4263 845 4315 Ad
883 4265 1014 4325 limc,
1046 4265 1461 4321 seelestissitnus
1491 4285 1551 4322 ac
1583 4273 1911 4327 saevissimus
1941 4289 2141 4343 praeses

2322 4270 2408 4327 ια’.
2459 4272 2603 4344 Πρὸς
2637 4271 2809 4324 ταῦτα
2851 4270 3222 4339 καταπλαγεὶς
3254 4270 3282 4322 ό
3326 4268 3658 4338 παμμίαρος
3685 4311 3700 4333 ,
3732 4270 3818 4323 xui

560 4353 996 4419 obstupefactus,
1028 4354 1287 4409 stridente
1318 4357 1424 4420 ira,
1456 4360 1664 4414 nudata:
1692 4363 1913 4432 virginis
1941 4381 2127 4421 carnes

2241 4367 2562 4436 ίταμότατος
2600 4363 2844 4445 ἡγεμὼν,
2893 4365 3230 4428 παφλάζοντι
3271 4361 3349 4432 τῷ
3397 4360 3557 4431 θυμῷ
3604 4362 3819 4415 κελεύει

564 4443 745 4495 nervis
773 4442 982 4496 bubulis
1008 4444 1122 4499 dire
1149 4450 1356 4502 conridi
1382 4451 1554 4519 jubet,
1587 4452 1921 4525 inﬂictasqne
1951 4457 2134 4528 plagas

565 4532 794 4587 cilicinis
813 4536 1004 4603 pannis
1029 4537 1098 4591 ita
1124 4539 1425 4608 perfricari,
1453 4554 1510 4598 nt
1533 4555 1699 4600 totum
1724 4564 1923 4618 corpus
1945 4564 2136 4605 cruore

570 4624 884 4691 tingerctur.
906 4625 1082 4697 Papa»,
1104 4634 1464 4687 venerandam
1488 4651 1803 4707 sacramque
1821 4638 1983 4709 902
2005 4656 2136 4695 eone

569 4716 855 4771 fessionem
902 4729 1076 4781 tuam,
1123 4723 1377 4787 prmclara
1427 4728 1645 4790 victrix.
1690 4729 1889 4783 Christi
1935 4738 2137 4799 martyr

568 4811 827 4875 Barbara,
858 4824 1014 4878 quam
1047 4812 1248 4879 Spiritu
1282 4828 1469 4869 sancto
1499 4832 1738 4885 auctore,
1769 4822 1868 4875 sub
1894 4822 2133 4874 omnium

569 4911 857 4971 conspectu
887 4899 1153 4967 intrepide
1181 4912 1235 4955 et
1264 4921 1457 4959 secure
1488 4912 1726 4974 professa
1757 4927 1835 4974 es.
1869 4913 2135 4966 divinam-

566 5008 675 5057 qne
706 4999 951 5044 naturam
984 4990 1269 5044 declarasti
1303 4992 1355 5045 in
1386 4999 1652 5051 audientia
1685 5002 1985 5067 hominum;
2017 5018 2138 5070 spe-

568 5082 837 5136 ctantibus
868 5080 1081 5150 quidem
1117 5092 1390 5138 certamen
1424 5094 1569 5139 tuum
1607 5091 1841 5155 attgelis,
1874 5091 2137 5146 damoni-

570 5177 670 5226 bus
701 5189 831 5228 vero
864 5174 1116 5229 invisibili
1152 5190 1323 5231 cuneo
1355 5191 1474 5231 cum
1510 5179 1702 5234 visibili
1737 5183 2134 5237 adversantium

570 5263 792 5318 cohorte
824 5272 1010 5318 contra
1047 5275 1097 5319 te
1134 5265 1502 5334 prazliantibus
1537 5288 1551 5324 :
1590 5284 1749 5339 quam
1790 5268 2045 5325 Dominus
2083 5272 2135 5324 in

569 5356 724 5408 rtciis
766 5356 1084 5425 descripsit.
1121 5367 1174 5412 et
1216 5372 1402 5411 coram
1446 5356 1635 5423 Patre,
1679 5359 1860 5412 divino
1898 5360 2035 5414 lucis
2074 5373 2139 5413 ac

570 5452 691 5495 vita:
724 5444 886 5510 fonte,
915 5446 1194 5502 confessus
1221 5459 1321 5513 σει,
1351 5464 1671 5518 rursumque
1698 5465 1763 5503 ex
1797 5450 1977 5504 animo
2003 5465 2135 5505 con-

572 5533 806 5586 litebitur
836 5546 891 5588 ct
929 5539 1273 5605 pradicabit!
1312 5538 1501 5611 Papae,
1539 5549 1683 5596 tuam
1726 5542 1869 5597 illam
1910 5558 2135 5613 genero-

640 5682 683 5717 “
713 5683 854 5741 Paul.
887 5704 1037 5756 tzxttt,
1078 5692 1196 5747 3-8.

2240 4454 2619 4525 γυμνωθεῖσαν
2661 4454 2759 4525 τὴν
2808 4454 3095 4524 μάρτυρα,
3129 4452 3439 4524 βουνεύροις
3463 4452 3564 4515 τὰς
3603 4456 3818 4524 σάρκας

2241 4545 2411 4613 αὐτῆς
2444 4544 2672 4610 ἀφειδῶς
2722 4543 3081 4606 καταξέεσθαι
3111 4581 3126 4606 ,
3167 4545 3262 4596 καὶ
3302 4544 3564 4614 τριχίνοις
3621 4545 3818 4614 ῥάκεσι

2242 4636 2337 4688 xui
2376 4633 2662 4702 ὑφάσμασι
2708 4633 2808 4695 τὰς
2851 4632 3194 4696 ἐπιτεθεὶσας
3244 4635 3384 4705 αὐτῇ
3431 4636 3647 4706 πληγὰς
3684 4639 3817 4691 ἀπο-

2250 4723 2595 4793 σμήχεσθαι’,
2630 4721 2769 4775 ὥστε
2792 4722 2958 4791 αὐτῆς
3005 4723 3126 4776 ὅλον
3160 4723 3222 4795 τὸ
3254 4725 3411 4795 σῶμα
3437 4726 3819 4798 καταϐαφῆναι

2243 4818 2356 4878 τοῖς
2386 4814 2640 4884 αἰμασιν.
2679 4812 2853 4868 Βαϐαῖ
2875 4815 2975 4884 τῆς
3015 4816 3224 4885 σεπτῆς
3253 4858 3268 4877 ,
3301 4819 3396 4870 xui
3428 4819 3581 4889 ἱερᾶς
3612 4836 3709 4871 σου
3728 4860 3743 4885 ,
3777 4818 3820 4871 ὣ

2245 4907 2524 4960 καλλίνικε
2557 4906 2652 4959 τοῦ
2682 4906 2919 4978 Χριστοῦ
2952 4909 3164 4979 μάρτυς
3202 4909 3817 4980 Βαρϐάραρμολογιας,

2244 5000 2312 5069 ἢν
2340 4998 2428 5051 διὰ
2456 4997 2773 5068 Πνεύματος
2811 4998 2964 5061 ἁγίου
3011 5000 3109 5051 ἐπὶ
3159 5000 3378 5053 πάντων
3410 4999 3630 5068 ἀφόϐως
3654 5041 3670 5066 ,
3728 5001 3822 5053 xui

2246 5089 2632 5153 ἀνυποστόλως
2688 5089 3086 5159 ὡμολόγησας,
3150 5092 3245 5144 xui
3320 5091 3683 5160 ἐθεολόγησας
3742 5092 3822 5152 είς
3869 5112 3877 5127 σ

2244 5181 2477 5248 ἐπήκοον
2503 5177 2823 5249 ἀνθρώπων,
2850 5180 3097 5247 ἀγγέλων
3128 5197 3188 5233 τε
3212 5180 3320 5233 τῶν
3353 5180 3453 5249 τὴν
3472 5180 3571 5250 σὴν
3592 5179 3820 5248 ἄθλησιν

2243 5267 2566 5340 ἐφορώντων
2587 5311 2604 5335 ,
2640 5270 2735 5323 xui
2771 5269 3042 5340 δαιμόνων
3084 5270 3196 5323 τῶν
3228 5270 3475 5339 ἀοράτως
3523 5267 3669 5338 μετά
3712 5267 3819 5320 τῶν

2242 5361 2459 5432 ὁρατῶν
2511 5361 2825 5414 ἀντιπάλων
2865 5358 3438 5431 ἀντιστρατευομένων
3487 5373 3608 5410 σοι’
3642 5358 3715 5429 ἦν
3761 5357 3819 5407 ἐν

2244 5451 2495 5521 οὐρανοῖς
2531 5451 2891 5521 ἀπεγράψατο
2921 5451 3147 5520 Κύριος,
3179 5449 3275 5502 xui
3307 5448 3400 5501 ini
3425 5447 3520 5501 τοῦ
3550 5447 3688 5500 ίδίου
3716 5447 3810 5506 ἀρ-

2246 5545 2487 5613 χεςεώτου
2546 5543 2639 5598 καὶ
2691 5543 2985 5615 οεαρχικοῦ
3042 5542 3253 5613 Πατρὺς
3304 5540 3660 5612 ὡμολόγησε,
3722 5526 3845 5591 καὶ’
