3994 6350
240 348 249 361 κ
288 390 392 452 797

1317 383 1695 444 LAUDATIO
1730 384 1789 443 S.
1829 385 2196 445 BARBARAE
2236 387 2463 446 MART.

3429 397 3534 458 798

291 494 448 562 αὖθις
479 496 684 566 σπουδῇ
712 492 1033 565 ὁμολογήσει
1065 509 1124 544 τε
1155 491 1252 547 καὶ
1283 491 1649 563 ἀνακηρύξειῐ
1696 494 1855 546 Βαϐαί

1966 495 2233 549 sissituam
2252 495 2565 565 patientiam
2583 494 2801 565 vimque
2823 495 3104 562 tolerandi,
3123 513 3225 569 qua
3242 500 3534 570 diabolum,

293 607 391 644 σου
426 588 526 659 τῆς
554 583 944 657 γενναιοτάτης
977 583 1256 654 ὑπομονῆς
1291 584 1387 637 καὶ
1429 584 1729 653 καρτερίας
1752 600 1767 616 ’
1794 585 1863 637 δι’

290 681 379 751 ἢν,
410 680 505 733 τὸν
539 679 641 750 μὲν
669 675 916 730 διάῦολον
941 675 1036 728 καὶ
1066 676 1193 737 τοὺς
1220 676 1532 738 ἀποστάτας
1572 676 1738 728 αὐτοῦ
1764 692 1863 728 κα-

289 769 563 839 τέπληξας
602 767 865 837 δαίμονας
888 805 905 831 ,
945 764 1072 828 τοὺς
1111 765 1302 833 ἁγίους
1328 766 1386 819 δὲ
1413 765 1681 834 ἀγγέλους
1726 767 1863 837 πρὸς

293 862 482 932 θαῦμα
510 861 604 914 καὶ
632 857 912 928 εὐφημίαν
945 856 1204 927 ἐκίνησας
1222 872 1239 889 ⁸
1268 840 1462 927 δι”ῆν,
1489 857 1586 927 τὴν
1622 858 1720 927 μὲν
1753 859 1863 913 τῶν

293 952 527 1006 εἰδώλων
563 949 773 1018 πλάνην
805 947 880 1010 ὡς
906 947 1151 1018 ἀράχνην
1176 946 1448 1011 διέλυσας,
1483 949 1579 1017 τὴν
1610 947 1785 1018 ἀληθῆ
1806 948 1862 1001 δὲ

294 1043 480 1096 πίστιν
510 1035 816 1111 ὲκράτυνάς
839 1053 900 1088 τε
923 1036 1018 1089 καὶ
1034 1034 1368 1098 ἑὸεϐαίωσας
1390 1035 1403 1089 l

367 1131 461 1204 ιβ’.
510 1129 801 1201 Ἐωρακὼς
831 1122 925 1181 οὗν
958 1126 1019 1179 τὸ
1047 1127 1381 1196 ἀμετάθετον
1410 1126 1507 1179 καὶ
1537 1127 1860 1198 καρτερικὸν

288 1224 391 1294 τῆς
424 1224 590 1292 ἁγίας
613 1223 642 1274 6
665 1220 919 1285 δικάζων,
941 1218 1151 1271 κελεύει
1178 1217 1314 1279 τέως
1347 1218 1402 1269 ἐν
1426 1220 1639 1288 φρουρᾷ
1660 1219 1861 1287 ταύτην

291 1313 653 1386 ἐμϐληθῆναι,
685 1310 789 1373 ἕως
816 1309 885 1363 ἂν
907 1307 1176 1376 σκέψηται
1202 1306 1384 1370 ποίαις
1411 1308 1582 1379 αὐτῆς
1610 1308 1861 1378 βασάνοις

291 1397 647 1469 πικροτέραις
684 1396 978 1465 ἐφάψηται.
1008 1394 1096 1446 Ὲν
1113 1393 1171 1447 δὲ
1202 1396 1269 1465 τῇ
1301 1397 1456 1447 νυκτὶ
1481 1398 1664 1468 ἐκείνῃ
1696 1390 1865 1469 μέσῃ,

289 1490 408 1558 φῶς
441 1487 613 1557 αὐτὴν
647 1485 1041 1556 ὑπέρλαμπρον
1080 1485 1512 1556 περιήστραψεν,
1556 1490 1614 1541 ὲν
1646 1482 1799 1559 ᾧπερ
1830 1490 1859 1541 6

286 1580 387 1650 τῆς
422 1578 582 1646 δόξης
606 1576 965 1644 κατεφαίνετο
1000 1574 1236 1646 Κύριος,
1264 1576 1326 1629 τὺ
1349 1577 1656 1635 κατώδυνον
1689 1579 1859 1650 αὐτῆς

287 1672 385 1725 καὶ
419 1669 720 1740 περίλυπον
746 1669 812 1738 τῇ
859 1666 1154 1738 ἐπιφανείᾳ
1194 1669 1723 1739 παραμυθούμενος,
1763 1673 1859 1725 καὶ

284 1763 466 1830 λόγοις
497 1760 922 1832 προτρεπτικοῖς
947 1758 1293 1829 θάρσοποιῶν
1315 1759 1451 1831 πρὸς
1480 1761 1700 1827 ἀγῶνας
1731 1763 1857 1825 τοὺς

286 1854 584 1924 μέλλοντας
608 1868 625 1886 ο
661 1870 681 1904 ι
717 1850 941 1921 Θάρσει,
971 1849 1167 1917 λέγων,
1199 1850 1479 1922 Βαρϐάρα,
1518 1852 1599 1904 ὅτι
1628 1852 1854 1923 μεγίστη

283 1945 431 2016 καρά
457 1946 515 1997 ὲν
548 1942 763 2013 οὐρανῷ
788 1942 884 1994 καὶ
913 1941 1006 1993 ἐπὶ
1039 1941 1144 2011 γῆς
1174 1943 1267 1996 ἐπὶ
1299 1945 1367 2012 τῇ
1404 1946 1469 2013 σῇ
1500 1943 1729 2015 ἀθλήσει
1764 1961 1856 2011 γε·

280 2036 529 2105 νήσεται.
564 2035 677 2097 Τὰς
718 2032 779 2086 δὲ
820 2031 915 2085 τοῦ
961 2032 1228 2099 τυράννου
1257 2032 1489 2096 ἀπειλάς
1532 2034 1606 2105 μὴ
1642 2035 1808 2103 φοσοῦ
1838 2073 1854 2099 ,

283 2128 422 2196 μήτε
447 2124 631 2185 δέδιθι.
660 2119 804 2193 Ἐγὼ
832 2124 942 2193 γάρ
965 2124 1083 2193 εἰμι
1118 2124 1256 2194 μετά
1290 2125 1407 2188 σοῦ,
1439 2126 1533 2179 καὶ
1555 2126 1746 2179 πασῶν
1770 2144 1853 2180 σοι

281 2218 395 2269 τῶν
451 2214 864 2286 ἐπιφερομένων
909 2212 1137 2283 πληγῶν
1184 2214 1621 2286 ὲκλυτρὼσομαι.
1683 2235 1702 2268 ι
1744 2219 1856 2271 Καὶ

279 2304 488 2367 εὐθέως
518 2305 746 2374 ἀφανεῖς
792 2303 852 2355 αί
900 2303 1110 2374 πληγαὶ
1135 2302 1245 2357 ἀπὸ
1278 2300 1377 2357 τοῦ
1407 2305 1578 2376 αὐτῆς
1606 2307 1855 2375 ἐγένοντο

283 2395 560 2467 σώματος.
608 2394 721 2448 Καὶ
756 2393 932 2448 ταῦτα
974 2393 1182 2453 εἰπὼν,
1215 2394 1295 2457 είς
1325 2395 1589 2465 οὐρανοὺς
1629 2392 1787 2459 αὖθις
1826 2397 1855 2449 6

280 2487 394 2541 τῶν
447 2486 695 2555 οὐρανῶν
738 2483 1146 2555 ἀναπεφοίτηκε
1195 2484 1419 2556 Κύριος.
1475 2486 1760 2558 Ἐγεγήθει
1797 2487 1856 2542 δὲ

285 2579 561 2649 μεγάλως,
594 2578 691 2632 καὶ
719 2578 939 2649 πλήρης
966 2577 1189 2646 γέγονεν
1211 2577 1497 2648 εὐθυμίας,
1533 2579 1628 2632 καὶ⁸
1654 2580 1851 2651 χαρᾶς,

280 2670 380 2724 καὶ
419 2670 797 2736 ἀγαλλιάσεως
827 2669 920 2721 ἐπὶ
948 2672 1014 2739 τῇ
1051 2668 1146 2723 τοῦ
1173 2669 1413 2740 Χριστοῦ
1466 2674 1749 2741 προτροπῇ
1776 2712 1791 2734 ,
1819 2673 1853 2742 ἡ

280 2760 378 2815 τοῦ
406 2761 643 2833 Χριστοῦ
678 2760 880 2832 γνησία
922 2761 1134 2830 μάρτυς
1161 2777 1222 2813 τε
1251 2760 1347 2813 καὶ
1385 2759 1713 2832 θεράπαινα.
1746 2764 1855 2817 Καὶ

278 2851 510 2914 εἰκότως
545 2852 711 2927 ὅντως
735 2851 779 2904 ὣ
807 2852 945 2922 κόρη
1000 2851 1293 2922 τρισόλϐιε,
1329 2853 1629 2922 ὲγέγηθαςί
1674 2855 1710 2923 ή
1746 2853 1855 2925 γὰρ

278 2946 382 3013 τῆς
408 2942 762 3015 χαρμοσύνης
787 2941 1065 3005 ὑπόθεσις,
1094 2942 1229 3013 μόνη
1259 2942 1409 2995 ἐστὶν
1427 2942 1634 3014 ἀληθὴς
1661 2945 1857 3014 εὐφρο-

280 3034 420 3103 σύνη
439 3073 455 3099 ,
483 3033 577 3089 καὶ
606 3031 844 3102 θυμηδία
872 3031 1234 3094 ἀναλλοίωτός
1260 3048 1321 3084 τε
1346 3032 1442 3085 καὶ
1466 3033 1850 3105 ἀναφαίρετος.

1963 585 2374 654 desertoresque
2413 588 2681 641 daemones
2712 587 2831 656 ejus
2870 588 3175 656 perculisti,
3215 606 3279 645 ac
3318 602 3536 648 sanctos

1962 673 2182 741 angelos
2215 674 2280 727 ad
2317 673 2634 727 miraculum
2671 683 2725 727 et
2756 675 3080 743 praeconium
3115 678 3395 748 excitasti,
3428 692 3531 751 qua

1962 763 2369 818 simulacrorum
2404 778 2590 819 errore
2619 779 2815 818 aranea
2848 765 3010 819 veluti
3046 765 3151 821 tela
3183 781 3375 825 everso
3395 810 3409 834 ,
3441 785 3534 825 ve-

1963 868 2076 907 ram
2104 852 2262 909 ﬁdem
2293 854 2627 910 conﬁrmasti
2655 864 2709 909 et
2740 854 3045 910 stabilivisti
3073 856 3088 908 l

2033 1124 2120 1179 12.
2160 1122 2326 1189 Jttglex
2370 1125 2550 1194 itaque
2587 1126 2901 1182 indomitam
2940 1139 3141 1185 sancta
3176 1132 3530 1187 constantiam

1960 1227 2207 1277 cernens,
2242 1213 2294 1267 in
2328 1228 2600 1266 carcerem
2632 1228 2751 1268 eam
2781 1216 2974 1285 conjici
3010 1219 3260 1285 imperat,
3292 1218 3416 1271 dum
3451 1218 3533 1271 di-

1958 1304 2225 1369 spexisset
2249 1304 2446 1372 quibus
2476 1305 2619 1358 illam
2646 1309 2928 1360 tormentis
2955 1309 3310 1362 atrocioribus
3336 1323 3529 1377 aggre-

1958 1395 2195 1448 deretur.
2219 1395 2296 1447 Ad
2321 1395 2494 1449 noctis
2514 1410 2641 1448 vero
2664 1397 2897 1450 medium
2923 1399 3010 1451 lux
3031 1413 3149 1453 eam
3174 1400 3529 1455 rircuml'ulsit

1958 1484 2415 1552 Splendidissima,
2448 1486 2498 1537 itt
2533 1500 2638 1553 qua
2674 1500 2731 1541 se
2766 1486 3021 1542 Dominus
3054 1489 3237 1559 gloria:
3271 1498 3526 1559 spectan-

1957 1573 2083 1626 dum
2117 1571 2394 1638 praebens,
2427 1574 2707 1641 praesentia
2743 1576 2979 1631 dolorem
3017 1579 3323 1649 mitigabat,
3354 1578 3526 1634 lenie-

1959 1664 2157 1732 hatqne
2188 1664 2481 1729 tristitiam,
2509 1673 2560 1719 et
2591 1666 2657 1718 ad
2685 1664 2860 1720 futura
2886 1670 3177 1723 certamina
3210 1671 3525 1726 adhortato-

1960 1756 2053 1808 riis
2088 1756 2268 1809 verbis
2309 1756 2601 1810 animabat.
2645 1775 2665 1808 ι
2713 1757 2963 1820 Contide,
3004 1760 3107 1825 ait,
3150 1760 3417 1826 Barbara,
3459 1776 3524 1817 ex

1892 1821 1932 1878 Β
1960 1846 2113 1911 cuius
2142 1848 2282 1900 lucta
2313 1847 2604 1901 maximum
2635 1849 2686 1902 in
2714 1849 2851 1903 coslo
2877 1821 3131 1917 gaudium
3163 1851 3235 1904 sit
3265 1821 3526 1919 futurum,

1954 1953 2019 1994 ac
2060 1941 2223 2007 super
2260 1948 2478 1993 terram.
2519 1938 2756 2009 Tyranni
2798 1941 2973 1995 minas
3015 1956 3083 1997 ne
3122 1940 3527 2010 formitlaveris,

1956 2046 2055 2086 nec
2086 2031 2349 2085 timueris.
2373 2030 2571 2086 Tecum
2602 2032 2744 2085 enim
2774 2047 2874 2103 ego
2902 2049 3041 2101 sum,
3074 2047 3230 2104 teque
3259 2038 3327 2092 ab
3357 2036 3532 2091 omni-

1957 2127 2055 2179 bus
2092 2138 2211 2193 quaa
2250 2123 2345 2177 tibi
2389 2122 2687 2176 inferuntur
2741 2122 2911 2193 plagis
2948 2124 3207 2180 liberabo.
3245 2144 3265 2177 ι
3305 2126 3426 2181 Mox
3462 2140 3531 2181 ex

1954 2215 2071 2286 ejus
2105 2226 2332 2283 corpore
2365 2212 2592 2267 vulnera
2627 2224 2960 2268 evanuerunt
2994 2232 3008 2268 :
3046 2215 3235 2283 hisque
3271 2217 3431 2271 dictis
3470 2218 3525 2270 in

1955 2304 2151 2360 coalum
2183 2317 2371 2358 rursus
2395 2300 2652 2357 Dominus
2677 2304 2936 2357 caelorum
2963 2303 3141 2357 rediit.
3164 2304 3324 2374 Atqui
3352 2304 3523 2361 latata

1954 2394 2245 2462 plurimum
2271 2402 2355 2448 est
2377 2407 2501 2447 vera
2529 2392 2729 2448 Christi
2760 2403 2965 2465 martyr
2986 2403 3041 2448 et
3066 2394 3347 2457 ancillaea
3374 2396 3527 2451 Chri-

1954 2487 2024 2540 sti
2065 2484 2471 2551 cohortatione,
2518 2499 2581 2539 ac
2618 2484 2956 2553 jncunditate
2997 2484 3196 2549 animi,
3242 2487 3436 2555 gaudio
3477 2495 3532 2541 et

1954 2576 2313 2631 exsultatione
2341 2576 2560 2645 repleta.
2585 2576 2663 2631 Ac
2688 2577 2883 2631 merito
2909 2576 3073 2645 plane
3098 2577 3280 2646 gavisa
3306 2591 3386 2641 es,
3412 2578 3533 2632 bea-

1956 2670 2160 2725 tissima
2205 2670 2400 2737 puella.
2434 2669 2628 2724 Gattdii
2667 2656 2864 2738 quippe
2900 2669 3065 2734 ratio,
3103 2684 3230 2722 vera
3272 2672 3533 2723 duntaxat

1954 2759 2243 2813 oblectatio
2271 2769 2376 2822 est,
2408 2759 2681 2827 animique
2705 2757 3016 2825 jnt'untlitas
3047 2756 3445 2810 indemutabilis
3477 2766 3532 2811 et

1957 2850 2301 2904 inviolabilis.
2324 2851 2370 2903 0
2393 2864 2515 2904 vere
2543 2850 2725 2902 beatos
2748 2847 2930 2901 oculos
2958 2856 3094 2909 tuos,
3123 2847 3211 2914 qui
3244 2845 3530 2899 Dominum

1954 2941 2138 3010 glorim
2175 2942 2359 2994 videre
2400 2947 2732 3003 meruerunt,
2781 2939 2831 2990 in
2875 2952 3035 3007 quem
3078 2938 3364 2991 Cherubitn
3406 2951 3531 2990 oeu-

1956 3034 2127 3101 lisqtte
2151 3032 2288 3101 pleni
2314 3031 2532 3086 ordines
2556 3030 2725 3084 aciem
2759 3029 2919 3097 [igere
2947 3043 3050 3081 non
3081 3028 3312 3081 audent!
3345 3041 3377 3081 ο
3404 3041 3532 3081 vere

283 3125 351 3176 Ὦ
382 3122 670 3193 μακαρίων
727 3138 822 3179 σου
855 3122 933 3186 ὡς
961 3121 1176 3193 ἀληθῶς
1201 3122 1487 3208 δειμάτων,
1519 3124 1612 3177 τὸν
1639 3125 1738 3194 τῆς
1769 3126 1854 3179 δό-

1958 3125 2139 3181 beatas
2166 3138 2353 3185 aures,
2379 3136 2498 3191 quae
2520 3122 2807 3176 verborum
2834 3119 2925 3174 Dei
2951 3135 3142 3174 sonum
3169 3117 3526 3186 exceperunt!

278 3213 381 3282 ξης
410 3211 613 3283 Κύριον
646 3211 775 3265 ἰδεῖν
809 3208 1151 3281 ἠξιωμένων,
1192 3203 1236 3277 ᾧ
1266 3210 1511 3264 ἀτενίσαι
1546 3212 1607 3264 οὐ
1642 3212 1852 3278 τολμῶ-

1953 3231 1985 3269 o
2007 3216 2360 3268 admiratione
2383 3214 2597 3281 dignam
2621 3213 2879 3275 animam,
2902 3221 3087 3279 terque
3112 3210 3347 3273 felicem,
3368 3224 3530 3277 quam

283 3320 371 3356 σιν
412 3304 472 3356 ἐν
509 3300 722 3374 οὐρανῷ
759 3301 829 3357 τὰ
868 3299 1187 3372 Χερουϐὶμ,
1231 3300 1325 3353 καὶ
1372 3301 1442 3354 τὰ
1489 3302 1853 3372 πολυόμματα

1953 3309 2061 3361 oris
2082 3308 2164 3362 sui
2187 3306 2611 3361 atlltortatneutis
2633 3304 2720 3357 ille
2741 3305 2944 3358 solatus
2964 3310 3067 3364 est,
3088 3300 3178 3370 qui
3201 3300 3529 3363 caelestium,

278 3394 574 3463 τάγματαί
636 3394 699 3445 Ὢ
734 3392 1037 3446 πανολϐίων
1069 3390 1226 3445 ὢτων
1247 3431 1262 3457 ,
1291 3391 1402 3445 τῶν
1449 3392 1591 3461 ἠχὴν
1618 3392 1727 3445 τῶν
1755 3393 1849 3446 τοῦ

278 3486 418 3540 Θεοῦ
457 3486 717 3558 ῥημάτων
740 3483 1193 3554 είσδεδεγμένωνί
1225 3482 1269 3535 ὣ
1311 3483 1490 3553 ψυχῆς
1513 3484 1849 3551 ἀξιαγάστου

286 3578 382 3631 καὶ
403 3576 870 3648 τρισευδαίμονος,
903 3576 971 3645 ἢν
1010 3576 1348 3646 προτροπαῖς
1379 3575 1582 3628 οἰκείου
1606 3593 1853 3645 παρεμυ-

284 3669 489 3738 θήσατο
517 3666 787 3736 στόματος
816 3704 831 3729 ,
860 3666 888 3719 6
909 3664 1178 3735 οὐρανίων
1204 3664 1300 3717 καὶ
1327 3664 1586 3731 ἐπιγείων
1634 3666 1727 3719 καὶ
1751 3682 1853 3720 κα-

279 3759 581 3830 ταχθονίων
602 3756 905 3825 δεσπόζων,
932 3756 1028 3810 καὶ
1048 3755 1181 3817 Θεὸς
1208 3756 1389 3824 πάσης
1418 3756 1850 3826 παρακλήσεωςί

286 3854 359 3905 Σὺ
391 3852 487 3906 xci.
515 3852 573 3902 ὲν
601 3849 767 3920 σαρκὶ
797 3844 952 3913 οὖσα,
1003 3847 1097 3901 τὸν
1131 3848 1427 3919 ἀρραϐῶνα
1454 3849 1551 3917 τῆς
1577 3849 1855 3918 βασιλείας

280 3945 389 3999 τῶν
410 3941 680 4012 οὐρανῶν,
707 3943 738 3999 ἠ
767 3941 861 3994 τοῦ
882 3937 1117 4009 Χριστοῦ
1144 3938 1355 4010 νύμφη,
1386 3938 1461 4002 ὡς
1493 3941 1591 4010 τῆς
1617 3940 1744 4010 ὅλης
1760 3957 1855 3995 σου

281 4034 511 4106 προικὸς
552 4032 852 4101 ἐμφάνειαν
878 4030 1109 4095 δέδεξαι.
1151 4029 1253 4083 Διά
1292 4029 1450 4083 τοῦτο
1478 4030 1588 4085 τῶν
1635 4031 1732 4100 μὲν
1758 4032 1855 4084 ἀλ-

280 4125 483 4194 γεινῶν
507 4125 607 4193 τὴν
628 4124 853 4192 πεῖραν,
882 4120 958 4184 ὡς
991 4121 1199 4191 νηπίων
1236 4120 1388 4190 βέλη,
1416 4121 1451 4192 ἢ
1476 4120 1694 4189 ψύλλων
1725 4122 1853 4192 δηγ.

286 4218 422 4286 μοὺς
466 4214 674 4284 ἥγησαι
710 4213 806 4266 καὶ
857 4211 1135 4279 λελόγισαι
1161 4227 1174 4241 ·
1217 4210 1296 4280 τῷ
1346 4210 1402 4267 δὲ
1440 4209 1533 4264 τοῦ
1598 4211 1856 4280 φανέντος

280 4308 450 4377 ἔρωτι
478 4305 803 4376 θελχθεῖσα,
852 4303 950 4359 καὶ
994 4302 1095 4372 τὴν
1118 4301 1299 4372 ψυχὴν
1336 4301 1727 4373 περῤωοεῖσα,
1764 4302 1858 4366 Τίς

279 4416 374 4465 με,
392 4397 602 4465 ἔλεγες,
630 4396 869 4465 χωρίσει
895 4394 1012 4448 ἀπὸ
1032 4392 1143 4462 τῆς
1167 4394 1404 4460 ἀγάπης
1426 4393 1532 4446 τοῦ
1559 4393 1855 4461 Χριστοῦ;

1954 3397 2285 3452 terrestrium
2315 3405 2365 3449 et
2396 3395 2730 3450 infernorum
2760 3404 2842 3448 est
2872 3392 3149 3455 Dominus,
3180 3406 3245 3445 ac
3282 3392 3421 3445 Deus
3454 3400 3533 3445 to-

1954 3489 2059 3542 tius
2090 3486 2478 3542 consolationis
2502 3485 2581 3538 "!
2621 3484 2698 3537 Tu
2734 3486 2900 3547 enim,
2938 3497 3059 3536 cttm
3094 3481 3268 3536 adhuc
3299 3495 3519 3535 carnem

1952 3590 2212 3649 gestares,
2231 3579 2379 3648 regni
2397 3579 2656 3633 caelorum
2680 3576 3061 3639 arrhabonem,
3085 3574 3288 3628 Christi
3314 3584 3533 3642 sponsa,

1956 3680 2214 3738 tanquam
2242 3670 2412 3727 totius
2443 3670 2587 3723 d0tis
2616 3668 2891 3737 specimen
2925 3667 3205 3735 accepisti.
3236 3666 3393 3722 Unde
3421 3664 3534 3718 illa-

1957 3770 2037 3816 tos
2082 3762 2175 3816 tibi
2216 3762 2508 3825 cruciatus,
2563 3759 2906 3825 parvulorum
2970 3757 3129 3810 veluti
3174 3759 3401 3825 sagittas
3443 3763 3535 3809 aut

1932 3848 2188 3918 .pul'tcum
2212 3860 2421 3900 morsus
2441 3846 2833 3914 contempsisti,
2862 3854 3023 3911 atque
3050 3845 3192 3896 illius
3212 3858 3369 3910 quem
3398 3857 3532 3895 con-

1958 3937 2204 4006 spcxisti,
2236 3950 2419 3991 amore
2450 3946 2627 4002 capta,
2655 3946 2710 3986 ct
2730 3936 2912 3986 animo
2938 3936 3188 3986 roborata
3221 3951 3235 3987 :
3266 3932 3395 3996 Quis
3427 3948 3528 3994 me,

1954 4031 2137 4083 aiebas
2155 4067 2170 4090 ,
2203 4027 2465 4094 separabit
2493 4044 2525 4077 a
2552 4026 2813 4078 clturitate
2838 4024 3080 4079 Christi?
3112 4022 3429 4075 tribulatio?
3460 4038 3530 4074 an

1956 4119 2241 4186 angustia?
2269 4118 2427 4172 Certa
2465 4118 2600 4169 enim
2645 4131 2789 4177 sum,
2824 4114 2962 4175 quod
2998 4128 3159 4182 neque
3193 4113 3333 4175 vita,
3369 4127 3532 4180 neque

1955 4229 2117 4275 mors,
2151 4226 2313 4279 neque
2344 4208 2581 4277 angelus,
2615 4222 2778 4276 neque
2810 4205 3087 4268 instantia,
3120 4218 3285 4270 neque
3315 4201 3528 4268 futura,

1958 4318 2120 4370 neque
2143 4302 2251 4354 alia
2273 4308 2518 4354 creatura
2566 4295 2753 4365 poterit
2803 4310 2884 4347 me
2922 4308 3165 4360 separare
3208 4309 3240 4344 a
3279 4291 3538 4344 dwritate-

1956 4393 2158 4447 Christi
2180 4394 2243 4446 ⁸⁸.

280 4490 532 4557 θλῖψιω
566 4489 604 4556 ἢ
638 4486 1047 4557 στενοχωρία;
1103 4483 1140 4552 ἣ
1168 4484 1380 4550 λιμός;
1409 4483 1447 4551 ἢ
1484 4484 1782 4551 διωγμός;
1831 4484 1869 4552 ἣ
1928 4484 2253 4553 μάστιγεςς
2294 4483 2332 4550 ἢ
2389 4481 2694 4544 κίνδυνοι;
2742 4480 3063 4546 πέπεισμαι
3144 4474 3290 4545 γὰρ,
3329 4474 3408 4538 ὠς
3460 4473 3532 4525 οὐ

278 4582 420 4649 ζωὴ.
442 4584 517 4636 οὐ
541 4580 820 4644 θάνατος,
846 4581 960 4635 οὐκ
985 4578 1259 4646 ἅγγελος.
1296 4578 1409 4631 οὐκ
1431 4576 1750 4642 ἐνεστῶτα,
1783 4580 1855 4632 οὐ
1882 4580 2208 4647 μέλλοντα,
2240 4577 2375 4629 οὔτε
2420 4592 2512 4639 τις
2560 4573 2758 4635 κτίσις
2772 4570 2963 4636 ἑτέρα,
3020 4566 3131 4635 τῆς
3148 4566 3254 4620 τοῦ
3274 4564 3534 4633 Χριστοῦ

273 4691 355 4745 με
388 4672 628 4741 ἀγάπης
646 4673 893 4740 χωρίσαι
923 4670 1271 4737 δυνήσεται.

356 4771 449 4836 ιγ’.
484 4764 704 4834 Πρωῒας
735 4758 830 4815 οὖν
852 4761 1151 4829 γενομένης
1179 4797 1195 4819 ς
1221 4759 1361 4828 ἤχθη
1392 4760 1525 4829 πρὸς
1552 4759 1614 4812 τὸ
1641 4760 1793 4830 βῆμα
1818 4764 1851 4829 ἡ

2031 4753 2117 4806 l5.
2163 4750 2317 4803 Mane
2362 4748 2524 4813 igitur
2571 4747 2734 4807 iacto,
2770 4745 2993 4813 jubenle
3035 4744 3283 4812 praeside,
3330 4755 3534 4817 martyr

280 4857 519 4927 μάρτυς,
546 4850 643 4904 τοῦ
677 4851 935 4920 ἄρχοντος
963 4848 1123 4901 τοῦτο
1151 4847 1573 4917 προστάξαντος.
1598 4850 1707 4901 Καὶ
1733 4846 1853 4901 ἰδὼν

277 4946 455 5014 αὐτῆς
487 4944 615 5005 τοὺς
656 4940 935 5011 μώλωπας
962 4940 1210 5008 ἀφανεῖς,
1239 4938 1334 4990 καὶ
1362 4937 1424 4989 τὸ
1454 4938 1614 5007 σῶμα
1634 4938 1856 5010 ὁλόκλη-

281 5058 376 5111 ρον
411 5038 505 5091 καὶ
534 5035 815 5104 ἀκέραιον,
844 5032 981 5102 μήτε
1009 5029 1071 5082 τὸ
1108 5028 1269 5098 τυχὸν
1298 5028 1419 5098 ἕχον
1459 5030 1765 5101 σπάραγμα
1786 5071 1800 5094 ,
1825 5032 1855 5084 6

279 5129 681 5205 φρενοϐλαϐὴς.
713 5126 867 5197 φησι,
926 5124 1021 5177 καὶ
1052 5121 1444 5192 φρενόληπτος,
1481 5140 1499 5173 ι
1546 5122 1711 5185 Ἴδες,
1736 5123 1853 5185 πῶς

275 5226 328 5278 οἱ
358 5222 472 5276 θεοὶ
501 5218 925 5277 ἀντιποιοῦνται,
960 5216 1052 5268 καὶ
1077 5213 1365 5277 ἀγαπῶσίν
1396 5230 1477 5277 σε,
1510 5215 1592 5267 ὅτι
1627 5215 1720 5268 καὶ
1750 5215 1850 5278 τὰς

278 5314 498 5383 πληγάς
536 5328 630 5363 σου
672 5308 913 5361 ίάσαντο.
964 5324 982 5355 ι
1042 5304 1107 5357 'll
1144 5302 1202 5355 δὲ
1249 5301 1465 5371 μάρτυς
1510 5307 1608 5369 τῆς
1642 5304 1851 5357 ἐκείνου

278 5399 705 5467 καταγελάσασα
728 5392 1150 5464 παραφροσύνης
1183 5391 1276 5443 καὶ
1302 5391 1705 5461 ἐμϐροντησίας
1762 5395 1855 5446 καὶ

278 5488 686 5560 παραπληξίας,
714 5482 1182 5551 ἀνταπεκρίνατο’
1248 5498 1268 5531 ι
1330 5481 1395 5532 Οἱ
1459 5482 1556 5550 μὲν
1617 5484 1701 5535 σοὶ
1747 5484 1857 5535 θεοὶ

275 5583 453 5655 ὅμοιοί
494 5582 588 5635 σού
627 5580 755 5645 εἰσι,
792 5577 965 5645 κωφοὶ
1012 5574 1107 5628 καὶ
1145 5574 1353 5643 τυφλοὶ,
1387 5574 1481 5627 καὶ
1515 5576 1849 5645 ἀναίσθητοι,

352 5765 395 5795 ³⁸
429 5763 472 5817 ll
521 5759 645 5816 Cor.
695 5771 732 5821 ι,
778 5756 829 5809 5.
907 5754 949 5785 ³⁵
1006 5752 1163 5805 Rom.
1212 5765 1329 5819 vut,
1365 5750 1453 5816 55,
1483 5751 1569 5804 58.

1954 4843 2022 4895 ad
2064 4838 2298 4893 tribunal
2337 4839 2495 4890 ducta
2535 4846 2636 4891 est.
2674 4836 2841 4903 Cujus
2883 4836 2935 4889 itt
2975 4850 3233 4904 corpore,
3276 4850 3395 4889 cum
3436 4851 3533 4889 nec

1957 4934 2235 5002 plagarum
2268 4940 2484 4983 exstare
2514 4927 2760 4992 vestigia,
2789 4926 2881 4980 sed
2912 4927 3181 4995 integrum
3214 4924 3343 4977 illud
3369 4924 3532 4993 903

1954 5033 2007 5076 et
2040 5024 2291 5082 illaesum,
2327 5019 2414 5072 ille
2447 5017 2644 5073 mentis
2678 5018 2864 5084 inops,
2897 5032 2992 5069 seu
3026 5022 3205 5068 mente
3237 5023 3424 5079 captus
3452 5016 3533 5066 vi-

1954 5115 2143 5175 disset,
2174 5130 2193 5163 t
2222 5111 2418 5175 Vides,
2475 5109 2575 5172 ait,
2608 5110 2874 5177 quomodo
2906 5107 3001 5159 tibi
3033 5105 3106 5158 dii
3136 5118 3291 5169 opem
3322 5102 3528 5168 ferant,

1952 5222 2017 5264 ac
2049 5217 2098 5262 te
2128 5207 2384 5276 diligant;
2415 5206 2615 5274 quippe
2642 5202 2733 5269 qui
2762 5200 2982 5252 vulnera
3019 5207 3106 5251 tua
3137 5196 3470 5251 sanaverint.
3507 5216 3525 5248 ι

1950 5301 2031 5354 Ad
2073 5315 2231 5369 quem
2275 5309 2500 5367 martyr,
2537 5294 2636 5347 viri
2674 5291 3000 5346 dementiam
3043 5288 3377 5356 nimiumque
3415 5296 3531 5341 stu-

1953 5407 2137 5462 porem
2173 5393 2446 5455 deridcns,
2484 5407 2503 5440 ι
2544 5388 2622 5442 Dii
2665 5387 2759 5453 tui,
2794 5385 2988 5453 inquit,
3025 5382 3101 5436 ttti
3136 5382 3344 5436 similes
3378 5392 3527 5444 sunt,

1951 5486 2099 5539 surdi
2133 5499 2195 5537 ac
2229 5486 2355 5539 caeci
2390 5501 2405 5535 :
2439 5480 2723 5548 omnisque
2756 5491 2948 5532 sensus
2978 5484 3035 5530 et
3069 5482 3247 5527 motus
3280 5483 3531 5542 expertes

1951 5590 2072 5630 cunt
2103 5577 2238 5638 sint,
2270 5575 2370 5629 sibi
2405 5576 2501 5643 ipsi
2530 5571 2778 5628 auxiliari
2813 5584 2918 5623 non
2948 5567 3145 5625 valent.
3179 5563 3410 5633 Quinam
3446 5580 3533 5622 me
