3968 6348
394 368 399 371 η
495 338 600 403 799

1619 329 1678 389 S.
1719 327 2038 389 JOANNIS
2075 329 2471 390 DAMASCEN
2478 331 2503 387 Ι

3654 334 3749 395 800

498 467 695 511 curare
723 454 1030 521 potuerunt,
1064 457 1180 511 qua:
1208 441 1501 495 vanitatem
1535 441 1796 509 ipsorum,
1823 456 1928 509 qua
1961 441 2076 508 ple-

2191 442 2274 496 ιιαὶ
2320 440 2602 513 ἀκίνητοι,
2638 440 2851 503 ἑαυτοῖς
2895 438 3163 511 βοηθῆσαι
3202 440 3263 495 οὑ
3307 441 3626 512 δυνάμενοι,
3662 447 3745 498 καὶ

503 548 623 601 hem
651 541 941 598 seducunt.
970 534 1329 603 pessundeni?
1372 532 1474 598 Qui
1507 542 1686 586 autem
1717 547 1802 586 me
1830 533 2070 598 curavit,

500 636 658 690 Jesns
691 629 938 685 Christus
967 634 1052 679 est
1074 664 1088 686 ,
1125 622 1294 679 Filius
1326 624 1420 679 Dei
1458 624 1601 688 vivi,
1636 637 1796 692 quem
1834 622 2077 690 profanis

500 722 673 780 oculis
709 718 815 772 tuis
847 718 1227 783 obcaecatoqne
1261 714 1445 768 animo
1478 727 1705 768 cernere
1736 712 1932 782 dignus
1967 728 2072 768 non

501 830 581 869 es.
617 831 635 864 ι
671 811 766 865 llis
794 808 975 864 verbis
1004 806 1421 862 scelestissimus
1448 805 1610 860 veluti
1643 805 1818 861 bellua
1851 819 2080 860 succen-

502 920 594 960 sus
618 904 716 967 ira,
752 898 981 970 virginis
1004 902 1171 953 latera
1195 899 1541 951 vehementer
1564 897 1730 965 scalpi
1750 896 1921 965 jubet,
1947 897 2081 964 igni-

505 1006 695 1059 tasque
716 994 861 1047 faces
884 989 1037 1044 lateri
1060 987 1355 1054 admoveri,
1378 996 1432 1041 et
1456 987 1649 1041 malleo
1672 988 1885 1042 incudis
1908 988 2080 1040 instar

505 1093 668 1152 caput
706 1082 878 1137 tundi.
914 1080 984 1135 At
1021 1079 1109 1134 illa
1146 1077 1367 1133 intentis
1405 1078 1456 1130 in
1495 1077 1694 1132 coelum
1738 1075 2025 1130 luminibus
2063 1094 2075 1130 :

511 1193 529 1226 ι
557 1174 636 1228 Tu
661 1173 788 1238 scis,
810 1172 1055 1235 Domine,
1078 1170 1172 1235 ait,
1192 1170 1281 1238 qui
1306 1169 1544 1223 omnium
1568 1168 1730 1223 corda
1755 1168 1914 1233 nosti,
1937 1167 2080 1236 quod

509 1267 585 1320 tui
622 1265 888 1321 desiderio
924 1263 990 1317 ad
1030 1273 1083 1317 te
1120 1260 1477 1323 accesserim,
1512 1273 1578 1314 ne
1616 1273 1701 1313 me
1738 1259 2082 1327 derelinquas

509 1369 678 1424 usque
712 1353 763 1405 in
804 1353 986 1406 linem.
1026 1368 1044 1400 ι
1085 1348 1238 1403 llune
1268 1362 1398 1416 ergo
1430 1347 1593 1401 etiam
1626 1356 1847 1402 strenua
1879 1345 2081 1400 Christi

509 1452 715 1512 martyr
753 1451 973 1495 strenue
1021 1437 1139 1492 tulit
1184 1436 1515 1501 cruciatum;
1559 1449 1682 1488 cum
1736 1448 1930 1503 nempe
1976 1448 2080 1488 non

508 1534 757 1589 muliebri
782 1531 954 1586 solum
982 1528 1319 1591 inlirmitate,
1344 1525 1438 1580 sed
1468 1526 1702 1579 humana
1728 1539 1942 1595 quoque
1968 1525 2080 1594 ipsa

508 1636 698 1681 natura
733 1622 1075 1680 excessisset.
1116 1619 1232 1684 Quo
1270 1618 1469 1671 etenim
1513 1624 1666 1685 pacto
1703 1623 1782 1669 tot
1825 1625 2083 1686 tantaque

509 1715 756 1774 verbera,
780 1720 995 1779 tamque
1018 1718 1228 1762 atroces
1248 1717 1298 1760 et
1325 1721 1480 1760 acres
1503 1719 1693 1774 pmnas
1715 1706 2077 1771 sustinuisset,

2180 534 2296 597 πῶς
2330 534 2430 603 ἐμὲ
2452 531 2778 602 θεραπεύειν
2810 532 3094 602 ἠδύναντο,
3129 531 3225 602 τὴν
3246 533 3429 586 αὐτῶν
3466 534 3747 603 ἀφανίζου·

2182 640 2281 675 σαν
2331 621 2609 690 λαοπλανῆ
2644 621 3013 690 ματαιότητα;
3073 620 3132 672 ’0
3161 621 3216 673 δὲ
3252 621 3351 690 ἐμὲ
3387 621 3745 692 θεραπεύσας.

2193 712 2400 783 Ἰησοῦς
2431 714 2579 765 ἐστιν
2608 713 2637 764 ὁ
2682 710 2939 783 Χριστὸς,
2973 713 3001 765 ὁ
3041 711 3159 775 υίὸς
3198 710 3293 764 τοῦ
3321 712 3457 765 Θεοῦ
3492 712 3585 767 τοῦ
3620 714 3745 779 ζῶν-

2181 820 2292 868 τος,
2336 802 2396 856 ὃν
2447 804 2513 856 σὺ
2553 792 2805 872 βεϐήλοις
2847 802 3168 873 ὀφθαλμοῖς,
3217 802 3315 855 καὶ
3370 806 3745 876 πεπωρωμένη

2180 892 2328 962 ψυχῇ
2362 891 2489 944 ίδεῖν
2527 891 2588 943 οὑ
2619 891 2870 959 πέφυκας
2899 890 3067 955 ἄξιος.
3113 889 3203 953 Ὠς
3245 888 3303 942 δὲ
3329 889 3522 960 θηρίον
3549 890 3745 955 τούτοις

2182 978 2439 1048 ὲξαφθεὶς
2476 978 2558 1049 τῷ
2600 979 2759 1049 θυμῷ
2790 981 2904 1041 τοῖς
2941 980 3179 1049 ῥήμασιν
3207 981 3236 1032 ό
3264 980 3610 1051 παμμίαρος,
3664 998 3747 1034 κε-

2182 1070 2326 1124 λεύει
2350 1071 2451 1134 τὰς
2481 1070 2721 1141 πλευρὰς
2753 1069 2925 1139 αὐτῆς
2963 1070 3194 1132 εὐτόνως
3224 1069 3466 1135 ξέεσθαι,
3498 1072 3596 1124 καὶ⁸
3621 1071 3748 1141 λαμ-

2183 1160 2356 1224 πάδας
2382 1160 2551 1230 πυρὸς
2583 1163 2705 1223 ταῖς
2730 1161 2965 1230 πληγαῖς
2993 1160 3426 1231 προσφέρεσθαι,
3453 1163 3550 1215 καὶ⁵
3578 1162 3749 1232 σφῦρα

2183 1251 2325 1305 κατά
2351 1252 2451 1321 τῆς
2478 1249 2723 1319 κεφαλῆς
2749 1251 2825 1313 ὡς
2850 1251 2941 1304 ἐπὶ
2971 1249 3207 1321 ἄκμονος
3242 1250 3565 1307 τύπτεσθαι.
3605 1253 3666 1305 Ἥ
3699 1253 3747 1306 δὲ

2181 1341 2477 1396 ἀτενίσασα
2503 1343 2582 1405 είς
2628 1341 2725 1394 τδν
2769 1341 3018 1412 οὑρανὸν,
3051 1336 3233 1394 εἶπενο
3273 1362 3292 1394 ι
3342 1343 3415 1395 Σὺ
3446 1343 3745 1411 γινώσκεις,

2183 1431 2591 1502 καρδιογνῶστα
2622 1431 2815 1504 Κύριε,
2859 1434 2941 1486 ὅτι
2982 1431 3228 1485 ποθοῦσά
3272 1433 3333 1485 σέ
3374 1450 3458 1486 σοι
3487 1436 3750 1506 προσελή-

2183 1522 2340 1588 λυθα,
2375 1524 2448 1593 μή
2473 1539 2540 1592 με
2565 1523 2966 1594 ὲγκαταλείπῃς
2990 1524 3095 1585 ἕως
3119 1523 3327 1587 τέλους.
3367 1544 3388 1577 ι
3417 1525 3529 1579 Καὶ
3558 1526 3753 1596 ταύτην

2183 1609 2279 1666 οῦν
2321 1612 2422 1682 τὴν
2473 1613 2703 1683 βάσανον
2755 1614 2789 1683 ή
2842 1613 3066 1682 γενναία
3113 1612 3210 1666 τοῦ
3260 1615 3499 1686 Χριστοῦ
3551 1617 3752 1687 μάρτυς

2186 1705 2449 1772 γενναίως
2489 1705 2819 1774 ὑπήνεγκεν,
2853 1706 2916 1758 οὑ
2948 1705 3047 1775 τῆς
3084 1704 3323 1776 θηλυκῆς
3356 1706 3644 1771 ἀσθενείας
3671 1710 3757 1760 καὶ

511 1805 617 1859 nisi
645 1802 967 1858 humilitatis
992 1815 1187 1868 corpus
1214 1812 1561 1867 supergressa
1592 1807 1770 1861 esset;
1799 1798 1963 1852 divini
1998 1799 2083 1867 ip-

2191 1794 2476 1864 άνανδρίας
2505 1794 2705 1864 μόνον,
2728 1795 2865 1850 ἀλλά
2900 1796 2997 1849 καὶ
3033 1797 3134 1867 τῆς
3161 1796 3513 1869 ἀνθρωπίνης
3548 1799 3756 1869 φύσεως

510 1909 623 1949 sam
654 1892 889 1960 Spiritus
920 1888 1175 1945 invisibili
1208 1890 1497 1944 roborante
1525 1897 1580 1941 et
1607 1891 1969 1943 contirmante
1995 1902 2089 1957 po-

514 1985 715 2041 tentia?

587 2245 672 2299 M.
713 2246 783 2299 At
820 2257 941 2299 cum
995 2243 1106 2298 luec
1151 2242 1224 2296 ita
1276 2242 1575 2305 cederent,
1619 2251 1703 2296 sat
1750 2239 1923 2297 visum
1984 2256 2087 2295 sat-

516 2339 676 2393 viisse
705 2336 898 2392 diaboli
940 2335 1186 2390 ministro
1229 2342 1285 2389 et
1312 2342 1539 2403 patrono
1565 2371 1582 2389 .
1634 2333 1762 2402 quin
1818 2332 1886 2388 ad
1939 2332 2086 2387 aliud

519 2426 771 2480 tormenti
818 2439 986 2494 genus
1023 2423 1260 2477 animum
1310 2423 1559 2490 nequitiae
1606 2422 1806 2477 fontem
1860 2436 2090 2477 conver-

520 2518 615 2583 tit,
646 2532 768 2572 cum
808 2517 860 2570 in
890 2530 949 2571 se
993 2515 1315 2569 insidentem
1353 2516 1577 2570 haberet
1610 2515 1902 2568 draconem
1938 2513 2088 2569 illum

520 2610 696 2664 omnis
730 2608 947 2663 malitia:
974 2617 1249 2662 auctorem
1273 2645 1290 2671 ,
1323 2616 1602 2676 parentem
1646 2615 1700 2661 et
1730 2606 2089 2672 inventorem,

519 2702 666 2755 illum
695 2701 1016 2755 homicidam
1043 2700 1111 2753 ab
1139 2699 1315 2765 initio,
1347 2700 1675 2767 humanique
1713 2698 1931 2769 generis
1972 2713 2093 2767 per-

516 2811 756 2851 osorem.
830 2795 997 2850 .lussit
1068 2809 1268 2864 praeses
1329 2808 1459 2849 ense
1526 2794 1791 2861 amputari
1842 2793 2093 2865 martyris

2191 1884 2295 1951 ἔξω
2322 1888 2597 1953 γεγονυῖα.
2632 1886 2755 1950 Πῶς
2788 1887 2897 1959 γάρ
2940 1887 3007 1942 ἂν
3031 1888 3299 1952 τοσαύτας
3324 1890 3528 1954 αίκίας,
3553 1891 3650 1945 καὶ
3673 1908 3756 1943 πι-

2190 1975 2349 2046 κράς,
2376 1977 2471 2030 καὶ
2491 1976 2754 2047 όδυνηράς
2779 1977 3052 2048 τιμωρίας
3070 1980 3463 2051 ἐκαρτέρησεν,
3498 1981 3573 2051 μὴ
3602 1982 3762 2051 ὑπερ-

2191 2066 2333 2120 ϐἇσα
2362 2067 2423 2120 τὸ
2449 2067 2612 2137 σῶμα
2645 2068 2741 2138 τῆς
2773 2067 3184 2136 ταπεινώσεως,
3216 2073 3284 2140 τῇ
3320 2070 3570 2140 ἀοράτως
3599 2071 3763 2143 αὑτὴν

2191 2157 2480 2228 νευρούσῃ.
2512 2158 2606 2211 καὶ
2635 2157 2957 2231 ἐνισχυούσῃ
2980 2156 3209 2228 δυνάμει
3233 2158 3329 2211 τοῦ
3357 2159 3703 2230 [Inuisus-oc;

2264 2245 2345 2301 ιδ’.
2379 2247 2519 2300 Ἀλλ’
2555 2247 2678 2301 οὐδὲ
2705 2246 2911 2300 τούτων
2939 2248 3302 2318 γιγνομένων,
3332 2251 3495 2319 κόρον
3532 2249 3637 2320 τῆς
3669 2267 3764 2321 μα-

2192 2339 2309 2404 νίας
2343 2340 2535 2393 ἔλαϐεν
2562 2342 2591 2393 ό
2619 2340 2714 2393 τοῦ
2746 2338 2993 2393 διαϐόλου
3024 2340 3305 2411 ὑπηρέτης
3334 2358 3393 2393 τε
3417 2343 3510 2394 καὶ
3535 2344 3764 2413 συνήγο-

2199 2449 2321 2503 ρος’
2351 2432 2436 2501 ἐφ’
2460 2432 2645 2501 ἕτερον
2667 2430 2725 2484 δὲ
2758 2430 3196 2500 βασανιστηρίων
3234 2428 3372 2496 εἶδος
3402 2436 3501 2504 τὴν
3532 2435 3635 2503 τῆς
3676 2452 3766 2487 πο-

2199 2523 2393 2595 νηρίας
2429 2522 2671 2593 πηγαίαν
2712 2521 2954 2575 διάνοιαν
3004 2520 3288 2591 ἑτρεπτεν,
3338 2522 3486 2577 ἔνδον
3530 2524 3767 2593 ἐγκαθή-

2201 2631 2360 2685 μενον
2405 2613 2545 2684 ἔχων
2585 2612 2679 2666 τὸν
2717 2615 2825 2684 τῆς
2870 2614 3051 2683 πάσης
3110 2614 3313 2678 κακίας
3356 2616 3627 2685 ἀρχηγὸν,
3677 2617 3769 2669 καὶ

2193 2710 2515 2777 γεννήτορά,
2562 2707 2655 2760 καὶ
2708 2706 2989 2776 εὑρήμονα
3041 2705 3333 2777 δράκοντα,
3364 2708 3455 2761 τὸν
3486 2708 3544 2775 ἐξ
3592 2709 3770 2781 ἀρχῆς

2194 2797 2642 2870 ἀνθρωποκτόνον
2680 2800 2774 2851 καὶ
2832 2796 3235 2868 μισάνθρωπον.
3296 2799 3613 2869 Ἐκέλευσεν
3658 2797 3769 2864 οὖν,

519 2888 706 2943 ubera.
747 2888 951 2954 Quibus
983 2888 1257 2952 exsectis,
1291 2886 1496 2942 Christi
1547 2885 1760 2940 ovicula
1800 2888 1853 2941 in
1897 2886 2084 2941 caelum

2196 2892 2381 2962 φησὶν,
2417 2890 2445 2943 ό
2476 2888 2699 2960 ἡγεμὼν
2731 2888 2875 2958 ξίφει
2903 2890 3206 2960 ἐκκοπῆναι
3237 2893 3364 2956 τοὺς
3400 2893 3643 2963 μαστοὺς
3677 2893 3772 2963 τῆς

516 2981 812 3049 suscipiens
839 2997 852 3033 :
892 2979 975 3034 Ne
1000 2978 1249 3049 projicias
1278 2996 1377 3043 me,
1401 2979 1641 3044 Domine,
1672 2978 1873 3043 aiebat,
1902 2996 1935 3031 α
1958 2978 2084 3047 [πίε

2200 2984 2497 3053 μάρτυρος.
2553 2981 3005 3052 Ἐκκοπτομένων
3051 2982 3109 3035 δὲ
3164 2982 3389 3049 τούτων,
3441 2983 3603 3054 ήτοῦ
3640 2986 3772 3056 Χρι-

519 3082 630 3136 tua,
666 3083 712 3126 et
738 3071 997 3141 Spiritum
1035 3082 1273 3126 sanciunt
1304 3088 1367 3126 ne
1391 3072 1604 3140 auferas
1640 3089 1672 3126 a
1706 3089 1786 3127 me
1810 3073 1877 3125 ³⁷.
1919 3073 2084 3141 Atque

2200 3074 2327 3127 στοῦ
2375 3072 2556 3145 ἀμνάς
2597 3074 2681 3137 είς
2729 3074 2957 3142 οὐρανὸν
3008 3073 3195 3143 ἔλεγεν
3233 3075 3606 3143 ἀναϐλέψασα,
3674 3075 3771 3143 Μὴ

522 3167 659 3219 hanc
697 3180 910 3234 quoque
961 3164 1171 3234 plagam
1229 3173 1436 3235 martyr
1487 3178 1752 3235 generoso
1820 3173 1982 3233 atque
2041 3166 2084 3219 in

2196 3165 2541 3233 ἀπορῤίψης
2578 3180 2652 3233 με
2691 3164 2811 3219 ἀπὸ
2854 3164 3182 3232 προσώπου
3232 3179 3378 3227 σου,
3428 3164 3643 3231 Κύριε,
3679 3164 3773 3217 καί

519 3257 812 3324 gratiarum
843 3257 1058 3310 actione
1089 3255 1260 3310 etIuso
1308 3256 1491 3311 animo
1532 3257 1758 3325 accepit.
1790 3255 1927 3310 Num
1977 3257 2084 3324 tibi,

2199 3258 2264 3311 τὸ
2288 3256 2531 3327 Πνεῦμά
2558 3272 2675 3311 σου
2710 3257 2776 3309 τὸ
2805 3256 2975 3325 ἅγιον
2995 3256 3080 3325 μὴ
3105 3255 3445 3325 ἀντανέλης
3476 3257 3580 3311 ἀπ’
3602 3256 3774 3326 ἐμοῦ.

522 3348 856 3417 nequissime
881 3350 1110 3409 dannou,
1134 3346 1403 3401 crudelius
1433 3346 1576 3402 aliud
1606 3348 1881 3403 cruciandi
1911 3349 2084 3404 inven-

2200 3349 2310 3402 Καὶ
2351 3348 2557 3418 ταύτην
2586 3344 2678 3401 οὖν
2719 3348 2820 3417 τὴν
2855 3347 3071 3418 πληγὴν
3107 3349 3141 3418 ή
3179 3348 3389 3420 μάρτυς
3429 3348 3777 3420 καρτερικῶς

526 3449 636 3495 tum
679 3440 788 3495 alto
822 3450 1038 3509 pectore
1068 3440 1398 3494 reconditum
1437 3441 1563 3494 est?
1594 3441 1809 3495 aliudue
1858 3450 2084 3497 tormen-

2201 3443 2296 3494 καὶ
2337 3439 2673 3509 εὐχαρίστως
2715 3438 2949 3503 ἐδέξατο.
2998 3433 3148 3508 *Λρά
3180 3438 3621 3508 σοι,παμπόνηρε
3670 3439 3781 3493 δατ-

527 3542 702 3587 torum
742 3547 910 3603 genus
940 3531 1184 3585 muliebri
1242 3531 1393 3587 sexui
1431 3532 1702 3596 acerbius,
1751 3542 1844 3586 aut
1882 3535 2095 3605 excogi-

528 3633 696 3681 tatum
725 3666 742 3692 ,
773 3635 859 3680 aut
895 3624 1137 3679 relictum
1168 3624 1294 3679 est?
1328 3624 1570 3678 Nondum
1619 3625 1903 3695 fatigatum
1956 3628 2103 3695 inge-

528 3716 675 3768 nium
709 3722 792 3769 est
823 3714 877 3769 in
909 3712 1238 3781 reperiendis
1267 3713 1335 3768 ad
1357 3714 1683 3770 saeviendum
1721 3716 1773 3771 in
1806 3724 2099 3785 martyrem

2205 3550 2326 3603 μον,
2357 3534 2519 3602 ἑτέρα
2556 3530 2859 3599 μοχθηρίας
2907 3530 3121 3583 ἐπίνοια
3167 3530 3371 3600 ταύτης
3420 3530 3780 3601 χαλεπωτέρα

2202 3625 2259 3675 ἐν
2285 3623 2361 3692 τῷ
2394 3622 2545 3691 βάθει
2574 3621 2675 3689 τῆς
2697 3620 2879 3689 ψυχῆς
2905 3620 3262 3690 τεταμίευται
3285 3639 3298 3686 ;
3333 3618 3445 3693 ἆρά
3478 3638 3561 3674 σοι
3586 3621 3781 3693 ἕτερον

2201 3712 2479 3783 αἰκισμῶν
2524 3708 2661 3775 εἶδος
2710 3712 3099 3783 ὀδυνηρότερον
3150 3716 3214 3784 τῇ
3270 3715 3561 3785 γυναικείᾳ
3619 3715 3784 3784 φύσει

527 3806 805 3877 suppliciis
832 3806 855 3860 ?
887 3804 1058 3870 Adde,
1092 3806 1135 3859 si
1182 3805 1332 3871 libet,
1363 3806 1524 3861 etiam
1574 3807 1677 3861 alia
1705 3823 1721 3861 :
1756 3808 2084 3862 adamante"

2203 3806 2556 3875 ὑπείληπται,
2591 3805 2625 3874 ἢ
2659 3803 3078 3868 ὑπολέλειπταις
3127 3805 3229 3857 οὑκ
3276 3805 3569 3875 ἀπέκαμεν
3608 3824 3714 3860 σου
3759 3805 3786 3858 ό

528 3897 800 3965 oti’endes,
830 3896 1068 3967 quinitno
1100 3896 1381 3951 infractam
1417 3897 1583 3950 animi
1630 3898 1767 3965 vim,
1817 3898 2084 3952 adamanu

2204 3897 2327 3960 νοῦς
2347 3896 2417 3950 τά
2446 3894 2588 3949 κατά
2617 3896 2714 3964 τῆς
2757 3895 3033 3966 μάρτυρος
3078 3894 3417 3963 ἐξευρίσκων
3452 3896 3788 3966 βασανιστή-

532 3987 646 4055 ipso
672 3987 989 4051 firmiorem,
1016 3987 1318 4041 induratum
1346 3986 1617 4049 incudem,
1642 4001 1761 4054 qua:
1788 3986 2082 4042 malleorun

2209 4005 2331 4059 pra;
2362 3986 2627 4058 Πρόσθες,
2648 3986 2696 4038 εί
2730 3984 2877 4037 δοκεῖ
2904 4000 3010 4047 σοι,
3044 3982 3140 4036 καὶ
3159 3982 3351 4051 ἐτεραο
3383 3982 3649 4051 εὑρήσεις
3684 3987 3790 4053 γαρ

533 4084 743 4129 tuorum
777 4075 917 4129 ictus
945 4073 1083 4128 ferat
1116 4093 1130 4128 :
1168 4074 1371 4128 Durum
1396 4084 1470 4128 est
1506 4075 1601 4128 tibi
1625 4084 1808 4128 contra
1831 4076 2084 4129 stimulun

2207 4080 2527 4150 ἀδάμαντα,
2580 4076 2781 4148 μᾶλλον
2834 4075 2892 4129 δὲ
2936 4075 3118 4144 ψυχὴν
3165 4070 3411 4144 ἀρραγῆ,
3463 4068 3561 4123 καὶ
3612 4071 3788 4125 αὑτοῦ

531 4168 808 4219 calcitrare
835 4165 901 4219 ³⁸.
945 4166 1214 4230 Quantum
1246 4164 1387 4217 enim
1420 4164 1682 4232 supplicia
1709 4179 1952 4234 aggeras,
1986 4176 2084 4220 tan

2210 4170 2574 4241 στερροτέραν
2626 4166 2967 4237 ἀδάμαντος,
3018 4163 3363 4234 ὲπανήλατον
3414 4160 3640 4230 ἄκμονα
3684 4162 3790 4215 τῶν

534 4268 645 4311 tum
680 4254 928 4323 martyri,
962 4262 1018 4307 et
1044 4253 1359 4306 clarissima:
1388 4254 1797 4309 adolescentqu
1838 4256 1922 4311 vel
1967 4257 2084 4312 invi-

2208 4260 2320 4313 σῶν
2370 4260 2595 4332 σφυρῶν
2642 4258 2931 4329 ἐπιφέρειν
2972 4257 3044 4310 τὰ
3101 4255 3463 4328 κρούσματα’
3510 4256 3794 4322 Σκληρόν

535 4360 618 4398 tns
660 4358 891 4399 coronas
937 4341 1177 4405 auxeris,
1232 4342 1588 4410 vietricesque
1619 4342 1824 4411 palmas
1851 4345 1984 4400 velis
2011 4361 2084 4401 no

2209 4367 2308 4406 σοι
2336 4353 2487 4421 πρὸς
2521 4352 2736 4418 κέντρα
2776 4348 3096 4410 λακτίζειν.
3142 4349 3292 4419 Ὂσῳ
3344 4346 3452 4418 γὰρ
3494 4346 3794 4416 πληθύνεις

535 4436 599 4488 lis
643 4432 1038 4503 procuraveris.
1082 4432 1203 4488 Tibi
1236 4443 1413 4490 autem
1463 4435 1552 4503 qui
1599 4450 1921 4507 unaquaque
1964 4437 2084 4493 luet:

2211 4444 2308 4506 τὰς
2338 4444 2632 4514 τιμωρίας,
2664 4443 2920 4495 τοσοῦτον
2950 4445 3015 4511 τῇ
3052 4442 3151 4510 μὲν
3182 4442 3421 4509 μάρτυρι
3455 4438 3551 4491 καὶ
3583 4454 3791 4491 πανευ·

533 4534 585 4578 et
617 4525 995 4594 congressione
1028 4525 1259 4582 vinceris
1299 4538 1352 4583 et
1402 4527 1572 4592 cadis,
1598 4528 1927 4600 supinusque
1948 4545 2084 4586 ever

2214 4538 2287 4605 φή
2298 4553 2384 4604 μῳ
2416 4535 2616 4588 νεάνιδι
2644 4536 2771 4595 τοὺς
2799 4533 3119 4600 στεφάνους,
3168 4530 3264 4582 καὶ
3292 4531 3441 4584 ἄκων
3471 4528 3791 4600 αὑξήσειας,

538 4617 687 4682 teris,
715 4617 992 4687 multiplex
1025 4620 1119 4675 tibi
1164 4621 1420 4689 probrum
1453 4621 1727 4687 accersis;
1767 4621 1947 4692 plures
1979 4638 2084 4678 veri

2218 4626 2315 4679 καὶ
2368 4624 2725 4695 λαμπρότερα
2781 4622 2851 4673 τὰ
2912 4622 3206 4692 νικητήρια
3261 4620 3511 4691 βραδεῖα,
3564 4620 3665 4674 καὶ
3721 4620 3794 4690 μὴ

534 4719 589 4765 et
653 4708 987 4765 immortales
1044 4724 1275 4781 pmnas,
1340 4712 1585 4782 ignisque
1636 4712 1902 4769 carbones
1960 4714 2083 4769 inex

2219 4714 2544 4786 βουλόμενος
2588 4712 3005 4782 προξενήσειας.
3056 4711 3246 4782 Σαυτῷ
3278 4712 3337 4766 δὲ
3383 4712 3483 4777 τὰς
3530 4712 3794 4782 αίσχύνας

535 4799 866 4870 stinguibilis
906 4800 959 4854 in
988 4801 1378 4869 nequissimum
1412 4813 1573 4871 caput
1601 4814 1749 4858 tuum
1779 4804 2084 4860 accutnulas

2218 4805 2534 4876 πληθύνεις,
2573 4804 2691 4857 καθ’
2723 4803 2963 4873 ἑκάστην
3008 4803 3187 4872 πάλην
3219 4804 3315 4856 καὶ
3352 4803 3665 4875 προσϐολὴν
3701 4803 3794 4872 ἡτ-

536 4893 801 4964 τώμενος,
836 4893 933 4946 καὶ
981 4892 1220 4956 πίπτων,
1274 4896 1368 4946 καὶ
1405 4894 1593 4959 ὕπτιος
1647 4897 2109 4970 ἁνατρεπόμενος,
2141 4900 2393 4964 πλείονας
2421 4899 2479 4953 δὲ
2504 4900 2596 4953 καὶ
2648 4896 2746 4961 τὰς
2808 4896 3200 4967 ἁτελευτήτους
3260 4897 3535 4962 κολάσεις,
3556 4895 3798 4956 καὶτοὺς

538 4985 923 5057 φλογιστικοὺς
955 4984 1254 5046 ἀσϐέστους
1304 4982 1588 5053 ἄνθρακας
1633 4989 1699 5058 τῇ
1748 4988 2111 5061 παγκακίστῳ
2144 4992 2209 5061 σῇ
2242 4989 2602 5060 ὲπισωρεύεις
2638 4988 2871 5057 κεφαλῇ.

610 5079 697 5133 l5.
742 5078 848 5133 Sed
889 5076 1006 5147 ejus
1038 5089 1253 5143 quoque
1292 5073 1383 5142 qui
1441 5073 1650 5128 beatam
1692 5090 1854 5131 carne
1899 5080 2084 5145 quidem

2299 5087 2378 5134 ιε’.
2432 5079 2595 5132 Ἀλλά
2646 5093 2738 5148 μοι
2787 5077 3003 5131 καὶτοῦ
3051 5078 3150 5148 τῆς
3187 5078 3466 5150 μακαρίας
3514 5076 3657 5130 κατὰ
3700 5078 3799 5147 μὲν

540 5179 853 5240 susceperat
882 5210 899 5236 ,
931 5169 1159 5225 alienant
1197 5182 1257 5221 se
1273 5170 1495 5222 :undum
1552 5167 1801 5236 spiritum
1834 5185 1865 5223 a
1902 5170 2082 5239 pietati

2220 5172 2399 5243 σάρκα
2454 5170 2777 5241 γεννήτορος
2847 5169 3128 5243 ἀλλότριον
3186 5172 3280 5225 τοῦ
3337 5168 3595 5233 εὐσεϐοῦς
3648 5170 3791 5223 κατά

540 5276 698 5315 sensu
732 5260 1118 5314 immanitatem
1143 5257 1502 5327 olle-alesque
1522 5272 1720 5321 mores,
1752 5267 1807 5311 et
1838 5274 1866 5312 a
1897 5270 2082 5326 patern

2220 5263 2436 5332 πνεῦμα
2495 5263 2846 5334 φρονήματος
2899 5263 2961 5316 τὸ
3018 5263 3387 5335 ἀπάνθρωπον
3437 5261 3533 5316 καὶ
3572 5260 3801 5329 ἐκτεθη-

542 5349 821 5405 ιιίῑεειιυιιε
855 5352 1267 5416 remotissimus,
1303 5350 1490 5403 mirari
1528 5350 1693 5405 subit.
1742 5349 1907 5422 904
1948 5352 2082 5407 Plan

2220 5357 2479 5428 ριομένοφ
2533 5356 2627 5409 τοῦ
2680 5357 2911 5427 τρόπου,
2972 5357 3069 5409 καὶ
3123 5358 3310 5428 πόρρω
3361 5355 3465 5425 τῆς
3518 5355 3796 5425 πατρικῆς

545 5440 689 5507 ipsas
718 5456 932 5511 quoque
959 5443 1187 5497 rationis
1219 5451 1469 5510 expertes
1495 5441 1657 5506 feras,
1689 5442 1910 5499 immitis
1942 5456 2084 5514 pater

2214 5448 2506 5511 διαθέσεως
2528 5487 2543 5510 ,
2591 5448 2896 5519 θαυμάζειν
2931 5448 3246 5517 ἐπέρχεται.
3285 5448 3493 5509 Ὄντως
3533 5446 3628 5499 καὶ
3662 5441 3799 5496 αὑτά

545 5531 860 5587 crudelitate
896 5545 951 5588 ct
1000 5536 1393 5589 inhumanitate
1444 5535 1729 5601 superasti.
1774 5534 1900 5590 Nam
1928 5578 1941 5602 ,
1994 5554 2084 5593 cui;

2215 5543 2282 5595 τὰ
2312 5542 2482 5609 ἄλογα
2513 5542 2677 5614 Θηρία
2733 5542 3047 5610 ἄσπλαγχνε
3085 5537 3281 5609 πάτερ,
3333 5540 3398 5609 τῇ
3431 5534 3675 5607 ὠμότητι
3709 5529 3801 5584 καὶ

617 5708 663 5741 ⁸⁷
700 5707 842 5764 Psal.
880 5726 931 5765 ι..
982 5711 1070 5766 51.
1146 5711 1190 5742 ³⁸
1220 5721 1338 5768 Act.
1369 5727 1444 5779 ix,
1476 5756 1483 5767 .
1518 5768 1521 5771 ,
