3968 6348
223 355 334 422 801

1266 352 1646 412 LAUDATIO
1687 353 1744 411 S.
1786 353 2154 413 ΒΑΒΒΑΒᾺΕ
2193 352 2420 412 MART.

3390 318 3495 419 eos

224 466 303 536 τῇ
356 462 731 536 ἀπανθρωπία
787 463 1157 537 ὑπερήλασας.
1222 469 1437 525 Ἐκεῖνα
1463 470 1573 542 γὰρ
1617 471 1686 525 τὰ
1732 470 1815 538 ἔγ-

1927 473 2030 528 illa:
2074 474 2253 543 proles
2283 488 2414 529 suas
2470 471 2575 527 ulla
2635 471 2829 541 injuria
2864 472 3049 527 violari
3096 470 3349 539 viderint,
3390 487 3489 541 pro

227 572 368 621 γονα
394 556 576 610 αὐτῶν
606 556 699 625 ὑφ’
730 557 854 609 ὅτου
884 556 1219 627 θεωροῦνται
1251 559 1621 630 βλαπτόμενα,
1653 564 1816 632 μέχρι

227 646 465 701 θανάτοῡ
504 647 688 702 αὑτῶν
727 647 1173 719 ύπερμάχονται·
1226 652 1292 704 σὺ
1337 651 1394 704 δὲ
1439 652 1499 704 τὸ
1539 653 1671 705 ῐδιον
1722 654 1818 706 καὶ

228 739 528 806 μονογενὲς
578 740 875 810 θυγάτριον
921 741 997 803 ὼς
1047 742 1106 794 ὲν
1159 742 1414 813 μακέλλῳ
1470 744 1709 813 ἀφειδῶς
1752 744 1817 797 τὰ

224 832 521 897 γυναικεῖα
563 829 948 901 γαλακτοφόρα
998 831 1133 901 μέλη
1167 832 1379 900 ξίφεσιν
1406 832 1675 903 θεώμενος
1719 833 1813 885 ἐκ·

226 922 574 991 κοπτόμενα,
621 922 743 975 οὑδὲ
795 923 902 976 κᾶν
952 921 1053 991 τὴν
1106 921 1266 993 ὓϐριν
1307 923 1539 995 marcron;
1580 927 1678 993 τῆς
1710 922 1814 992 φύ-

225 1027 392 1077 σεως,
444 1012 567 1065 οὐδὲ
618 1012 757 1082 πρὸς
808 1012 905 1075 τὰς
934 1011 1203 1076 τοσαύτας
1251 1014 1464 1085 πληγὰς
1496 1013 1810 1085 ὲκάμφθης,

221 1103 308 1166 ὡς
354 1104 456 1172 τὴν
500 1106 728 1177 καρδίαν
758 1106 991 1177 λιθώδης
1026 1124 1086 1160 τε
1132 1109 1225 1162 καὶ
1254 1109 1607 1180 ἀναίσθητος.
1652 1110 1815 1165 Ἀλλά

221 1198 281 1249 τί
316 1196 695 1279 θαυμάζομεν,
720 1199 960 1268 ἀδελφοὶ,
986 1203 1109 1264 τοὺς
1134 1205 1204 1273 τῇ
1234 1202 1415 1275 πλάνῃ
1436 1202 1536 1273 τῆς
1557 1203 1813 1269 ἀσεϐείας

226 1287 561 1357 μεθύοντας,
606 1290 795 1361 καῖ’τῇ
844 1291 940 1344 τοῦ
980 1292 1196 1348 Σατανᾶ
1238 1295 1406 1365 μανίᾳ
1447 1295 1813 1367 ὲκὸεϐακχευ-

227 1379 462 1449 μένους;
525 1381 738 1452 Ὠσπερ
783 1383 893 1454 γὰρ
929 1385 980 1437 οἱ
1043 1385 1343 1440 καλλίνικοι
1400 1388 1674 1460 μάρτυρες
1733 1390 1813 1460 τῷ

224 1470 362 1539 περὶ
409 1470 645 1539 Χριστὸν
693 1472 904 1543 φίλτρῳ
947 1472 1026 1544 τῷ
1077 1472 1208 1545 θείῳ
1259 1476 1543 1546 γενόμενοι
1590 1476 1811 1546 κάτοχοι

226 1559 536 1629 Πνεύματι,
566 1560 665 1631 τὴν
690 1562 850 1631 φύσιν
874 1564 1197 1634 νικήσαντες
1224 1566 1318 1619 καί
1337 1566 1808 1638 ὑπεραναὸάντες,

225 1652 290 1701 ὲν
334 1652 444 1713 τοῖς
490 1650 630 1724 ὑπὲρ
669 1653 835 1720 φύσιν
867 1655 1177 1723 γεγόνασιν,
1225 1656 1369 1711 οὑτω
1401 1658 1466 1729 δὴ
1503 1660 1598 1711 καὶ
1626 1660 1676 1711 οἰ
1711 1658 1807 1712 τοῦ

223 1739 470 1809 Χριστοῦ
503 1743 598 1795 καὶ
641 1744 845 1797 τούτων
883 1745 1137 1813 διῶκται,
1174 1748 1269 1802 τοῦ
1310 1742 1546 1820 πονηροῦ
1584 1750 1811 1820 πλήρεις

1922 565 2028 619 illis
2060 567 2126 618 ad
2163 576 2390 620 mortem
2435 579 2606 635 usque
2641 573 2882 635 pugnant
2911 582 2923 617 :
2971 573 3022 618 tu
3055 578 3179 619 vero
3210 572 3351 618 tuam
3372 604 3388 629 ,
3432 574 3488 619 et

1917 669 2078 723 quam
2134 655 2348 708 unicam
2394 655 2677 724 suscepisti
2733 654 2935 717 filiam,
2992 663 3242 723 tanquam
3288 653 3342 707 in
3374 669 3489 707 ma-

1916 745 2093 808 cello.
2130 744 2287 800 lactis
2339 743 2570 799 vasculis
2625 744 2919 799 crudeliter
2975 745 3119 798 ferro
3172 745 3483 812 amputatis,

1918 834 2324 889 dehonestatam
2366 835 2593 899 videns,
2648 849 2716 889 ne
2772 844 2979 889 natura:
3012 835 3228 904 quidem
3281 834 3485 888 illatam

1917 926 2166 995 iniuriam
2198 942 2257 982 es
2276 928 2540 982 reveritus
2574 945 2588 981 :
2623 942 2724 982 nec
2750 927 2814 981 ad
2844 936 3019 982 tantas
3052 926 3237 997 plagas
3262 925 3490 982 inﬂexus

1915 1032 1994 1085 es,
2030 1028 2282 1087 tanquam
2319 1032 2517 1073 saxeus
2547 1033 2694 1075 esses
2716 1056 2731 1085 ,
2771 1019 3027 1088 omnique
3055 1033 3215 1073 sensu
3254 1019 3486 1073 destitu-

1916 1119 2023 1164 tus.
2064 1108 2264 1164 Verum
2294 1109 2421 1179 quid
2465 1111 2745 1176 miramur,
2776 1111 2996 1175 fratres,
3049 1125 3142 1166 eos
3175 1111 3266 1179 qui
3293 1110 3486 1179 impie-

1915 1204 2039 1257 tatis
2073 1216 2257 1257 errore
2295 1202 2431 1257 ebrii
2474 1213 2599 1257 sunt
2633 1242 2649 1267 ,
2686 1205 2900 1258 Satanae
2942 1218 3156 1272 quoque
3189 1203 3372 1258 furore
3395 1205 3486 1259 de-

1914 1292 2207 1346 bacchari?
2238 1291 2698 1358 Quemadmodum
2728 1295 2868 1348 enim
2909 1294 3148 1363 prteclari
3191 1304 3485 1363 martyres,

1911 1383 2093 1438 divino
2122 1382 2285 1437 alllati
2323 1382 2525 1453 Spiritu
2549 1422 2565 1448 ,
2632 1382 2843 1438 devicta
2879 1392 3071 1437 natura
3123 1393 3178 1437 et
3209 1394 3485 1452 superata,

1909 1491 2069 1544 supra
2101 1484 2348 1529 naturam
2382 1484 2671 1529 evaserunt
2697 1492 2711 1529 :
2742 1475 2821 1529 sic
2845 1490 3060 1545 quoque
3088 1476 3178 1545 qui
3206 1476 3481 1530 Christum

1908 1574 1964 1619 et
1990 1564 2110 1619 illos
2141 1575 2558 1633 persequuntur,
2592 1564 2920 1632 nequissimo
2947 1565 3136 1634 spiritu
3169 1563 3336 1632 pleni,
3358 1578 3481 1618 cum

1907 1670 1966 1711 se
1995 1655 2276 1710 desertrici
2333 1656 2514 1710 virtuti
2553 1642 2944 1725 nianciparint,
2992 1657 3090 1726 ipsi
3136 1657 3297 1711 etiam
3327 1667 3482 1712 extra

1911 1755 2115 1802 natum
2162 1747 2423 1802 rationem
2476 1748 2820 1811 excedentes,
2849 1762 2956 1800 non
2990 1748 3056 1801 ad
3085 1747 3136 1801 id
3170 1747 3313 1816 quod
3344 1762 3483 1815 pra:-

224 1830 663 1899 χρηματίζοντες
695 1834 1029 1905 πνεύματος,
1068 1836 1163 1890 καὶ
1189 1840 1254 1909 τῇ
1298 1839 1638 1910 ἀποστατικῇ
1674 1841 1799 1893 ἑαυ-

1916 1836 2140 1890 stantius
2171 1835 2286 1900 sit,
2336 1835 2429 1889 sed
2476 1836 2528 1889 in
2574 1834 2626 1888 id
2659 1837 2800 1903 quod
2848 1834 3085 1890 deterius
3114 1841 3481 1902 proruerunt:

224 1921 359 1982 τοὺς
392 1920 618 1992 δυνάμει
661 1924 1195 1992 καταδουλώσαντες,
1226 1928 1333 1993 ἔξω
1376 1932 1470 1984 καὶ
1511 1930 1669 1984 αὐτοὶ
1706 1930 1805 2000 τῆς

226 2010 470 2080 φύσεως,
500 2014 600 2067 οὑκ
631 2018 711 2078 είς
742 2020 1013 2087 κρεῖττον,
1046 2019 1162 2073 ἀλλ’
1191 2022 1271 2085 εἰς
1299 2021 1361 2075 τὸ
1389 2025 1571 2094 χεῖρον
1597 2022 1807 2079 ἅπώλιο

229 2100 380 2165 σθον,
416 2104 513 2156 καὶ
536 2105 812 2170 ἐξέπεσον.
847 2109 957 2161 Καὶ
997 2108 1187 2182 ὥσπερ
1218 2113 1417 2166 ἐκεῖνοι
1452 2116 1565 2168 ἄνω
1586 2114 1683 2184 τῆς
1714 2115 1810 2167 ἁν-

228 2194 508 2266 θρωπίνης
532 2196 974 2271 ὑπερυψώθησαν
1000 2200 1409 2269 καταστάσεως,
1439 2206 1686 2261 τοσοῦτοι
1712 2208 1810 2261 καὶ

227 2280 375 2340 οὗτοι
420 2288 719 2360 κατωτέρω
772 2289 978 2360 ταύτης
1019 2292 1493 2363 κατεκλύσθησαν,
1547 2296 1640 2349 καὶ
1688 2298 1802 2359 τοῖς

226 2375 329 2428 ἀνθ
338 2378 696 2444 ρωποκτόνοις
720 2380 1009 2447 γεγόνασιν
1032 2382 1284 2453 δαίμοσιν
1307 2385 1481 2453 ὅμοιοι
1500 2400 1512 2413 ·
1536 2386 1629 2438 καὶ
1660 2386 1803 2455 μάλα

226 2467 475 2531 εἰκότως.
534 2471 597 2523 Οί
627 2470 737 2543 γὰρ
781 2472 1005 2543 Χριστῷ
1055 2475 1514 2545 προσερχόμενοι,
1568 2476 1805 2548 Χριστοῦ

230 2559 470 2627 μιμηταί
496 2559 585 2612 διά
610 2560 711 2631 τῆς
734 2561 902 2628 αὐτῆς
929 2563 1131 2633 ἀρετῆς
1156 2564 1533 2619 καθίστανται·
1567 2566 1616 2617 οἰ
1650 2565 1704 2617 δὲ
1734 2564 1809 2635 τῷ

227 2646 328 2699 τοῦ
374 2648 624 2705 διαϐόλου
668 2653 819 2723 ζυγῷ
865 2655 1094 2718 ἑαυτοὺς
1144 2654 1560 2722 ὑποζεύξαντες,
1616 2657 1815 2727 ἐκείνῳ

1907 1941 1971 1982 ac
2028 1926 2171 1981 sicut
2214 1926 2289 1980 illi
2345 1940 2505 1996 supra
2557 1926 2847 1978 humanam
2888 1924 3254 1979 conditionem
3310 1924 3483 1977 everti

1905 2026 2050 2084 sunt,
2090 2018 2164 2071 ita
2187 2026 2242 2072 et
2273 2016 2359 2070 isti
2391 2016 2528 2069 infra
2555 2031 2673 2070 eam
2706 2015 2936 2070 demersi
2968 2014 3140 2077 fuere,
3171 2014 3484 2068 homicidis~

1904 2122 2009 2177 que
2033 2109 2339 2163 hominibus
2369 2106 2575 2163 similes
2618 2106 2744 2160 facti
2779 2121 2793 2157 :
2831 2106 2989 2174 idque
3020 2106 3214 2160 merito
3240 2120 3481 2174 prorsus.

1905 2200 2007 2266 Qui
2038 2200 2181 2254 enim
2213 2216 2272 2253 se
2308 2198 2524 2253 Christo
2558 2198 2874 2267 adjungunt,
2909 2197 3103 2249 virtute
3148 2210 3243 2249 sua
3280 2196 3481 2249 Christi

1906 2291 2206 2346 imitatores
2238 2290 2540 2345 efﬁciuntur
2573 2307 2585 2341 :
2614 2288 2703 2357 qui
2742 2302 2866 2341 vero
2894 2286 3091 2341 diaboli
3124 2300 3181 2340 se
3202 2285 3331 2355 jugo
3363 2286 3483 2340 sub-

1905 2384 2178 2447 diderunt,
2217 2382 2289 2436 illi
2349 2382 2570 2449 perinde
2598 2379 2858 2435 simillimi
2886 2391 2939 2434 et
2979 2395 3138 2448 pares
3162 2380 3479 2435 redduntur.

1909 2475 2107 2530 Verum
2160 2476 2442 2543 videamus
2504 2474 2633 2542 quid
2703 2472 2957 2540 deinceps
3032 2470 3373 2526 adversarius
3429 2480 3485 2523 et

1909 2564 2137 2620 teumlus
2169 2580 2265 2633 per
2294 2564 2556 2620 satellites
2596 2578 2723 2618 suos
2770 2563 3029 2617 adversus
3078 2557 3359 2616 honestam
3389 2576 3482 2621 ca-

1914 2665 2161 2724 stamque
2201 2655 2463 2723 virginem
2496 2655 2765 2726 excogitet
2790 2663 2844 2708 et
2878 2653 3240 2707 machinctur.

225 2735 500 2807 δήπουθεν
520 2740 763 2809 γίνονται
794 2747 1175 2815 παρεμφερεῖς
1202 2745 1298 2799 καὶ
1320 2747 1631 2817 ἐφάμιλλοι.
1668 2746 1807 2800 Ἀλλ’
1845 2745 2045 2816 ἴδωμεν
2078 2745 2132 2799 τί
2169 2746 2330 2799 πάλιν
2378 2748 2406 2799 ό
2470 2747 2741 2808 ἀντίδικος
2780 2745 2873 2798 καὶ
2942 2742 3234 2806 ἀντίπαλος
3264 2742 3352 2795 διὰ
3377 2741 3486 2794 τῶν

231 2830 379 2885 ἰδίων
426 2833 782 2887 ὑπασπιστῶν
816 2837 958 2891 κατά
1002 2839 1102 2908 τῆς
1143 2840 1351 2910 σεμνῆς
1390 2842 1484 2894 καὶ
1516 2842 1794 2913 σώφρονος
1831 2842 2108 2912 Παρθένου
2147 2843 2374 2904 ἐπινοεῖ,
2406 2842 2501 2893 καὶ
2568 2839 2930 2894 τεκταίνεται.

307 2930 402 2989 ις’.
456 2924 597 2980 Ἰδὼν
640 2926 750 2997 γὰρ
787 2929 870 2981 ὅτι
921 2929 1026 2992 τὰς
1073 2930 1168 2983 τοῦ
1208 2930 1463 3002 σώματος
1506 2934 1688 2996 αἰκίας
1717 2934 1808 2986 ἀν-

227 3015 422 3085 δρείως
448 3016 713 3086 ὑποφέρει
748 3035 809 3070 τε
840 3018 936 3072 καὶ
966 3020 1279 3089 ὑφίσταται,
1307 3024 1374 3091 τῇ
1402 3021 1547 3092 ψυχῇ
1579 3022 1808 3090 βάσανον

1988 2931 2070 2985 16.
2112 2932 2244 2986 Cum
2276 2947 2506 2999 namque
2536 2933 2864 3000 perspiceret
2896 2968 2912 2993 ,
2960 2929 3169 2983 fortiter
3206 2943 3325 2984 eam
3354 2931 3489 2984 tole-

1914 3037 2037 3076 rare
2080 3032 2137 3076 et
2188 3024 2456 3075 sustinere
2505 3021 2748 3089 corporis
2791 3021 3064 3076 cruciatus
3091 3063 3105 3086 ,
3161 3030 3487 3075 tormentum

229 3108 541 3179 ἐπιτηδεύει
568 3111 864 3183 ἀφόρητον,
898 3115 991 3166 καὶ
1023 3114 1288 3186 αἰσχύνης
1314 3114 1484 3180 ἄξιον,
1514 3115 1591 3179 ὡς
1617 3117 1808 3169 οἴεται.

1918 3113 2134 3167 molitur
2193 3111 2530 3166 intolerabile
2556 3150 2570 3176 ,
2612 3121 2666 3165 et
2695 3151 2709 3175 ,
2762 3120 2819 3164 ut
2845 3111 3163 3178 existimat,
3196 3114 3489 3183 ignominia

232 3201 345 3255 Καὶ
389 3201 536 3255 ἐστιν
574 3202 651 3265 ὡς
700 3204 916 3274 ἀληθῶς
954 3206 1203 3277 τοιαύτη,
1251 3207 1345 3260 καί
1381 3207 1492 3259 τῶν
1526 3208 1811 3278 προτέρων

231 3291 612 3362 χαλεπωτέρα.
675 3294 837 3347 Ἀλλά
883 3295 971 3349 διὰ
1032 3296 1267 3367 Χριστὸν
1324 3298 1578 3367 πάσχειν,
1614 3297 1716 3351 κᾶν
1759 3316 1813 3350 τι

230 3381 383 3433 δοκεῖ
423 3380 786 3435 ἐπονείδιστον
841 3384 988 3454 ἔχειν
1036 3385 1132 3437 καὶ
1178 3386 1446 3457 ἄσχημον,
1488 3387 1629 3458 πλὴν
1676 3388 1812 3441 ἀλλά

235 3471 439 3537 παντὸς
482 3472 940 3544 καλλωπίσματός
969 3476 1119 3529 ἐστιν
1146 3478 1473 3549 σεμνότερόν
1500 3496 1560 3532 τε
1595 3480 1689 3533 καὶ
1719 3480 1812 3532 εύ-

235 3564 692 3635 σχημονέστερον,
726 3567 820 3619 κα)⁸
849 3567 1239 3639 κοσμιώτερον.
1284 3569 1511 3623 Κελεύει
1546 3570 1674 3641 γὰρ,
1706 3588 1813 3640 φη-

238 3656 347 3719 σὶν,
384 3657 413 3708 ὁ
444 3655 669 3726 ἡγεμὼν
708 3659 924 3729 γυμνὴν
966 3660 1351 3731 πομπευθῆναι
1401 3663 1573 3733 αὐτὴν
1633 3663 1814 3716 πᾶσαν

234 3746 338 3816 τὴν
374 3747 682 3818 περίχωρον
715 3750 951 3820 ἐκείνην,
994 3752 1088 3804 καὶ
1118 3752 1353 3822 πληγαῖς
1384 3755 1677 3824 ἀφορήτοις
1705 3771 1813 3825 μα-

233 3838 536 3903 στίζεσθαι.
580 3841 721 3893 Ἴστε
745 3842 802 3894 δὲ
830 3844 1065 3909 πάντως,
1096 3847 1391 3915 ἀγαπητοὶ,
1434 3847 1564 3916 ὅσην
1585 3847 1646 3899 τὸ
1675 3847 1811 3917 πρᾶο

234 3944 353 3997 γμα
400 3929 554 3999 φέρει
599 3933 718 3994 ταῖς
762 3932 1055 4003 παρθένοις
1104 3933 1368 4003 αἰσχύνην
1411 3934 1505 3986 καὶ
1539 3932 1693 3999 αἱδὼ,
1720 3934 1816 3986 καὶ

236 4021 476 4090 μάλιστα
516 4024 636 4086 ταῖς
668 4023 811 4079 κατὰ
834 4025 931 4094 τὴν
955 4026 1105 4078 ὁσίαν
1139 4025 1345 4094 ταύτην
1378 4026 1568 4095 κόρην,
1598 4022 1665 4096 ἦς
1694 4024 1815 4078 οὑδὲ

232 4113 388 4183 ἥλιος
431 4115 511 4176 είς
559 4115 742 4185 κόρον,
791 4116 868 4179 ὡς
933 4118 1128 4182 εἰπεῖν,
1176 4116 1482 4170 ἀπολαῦσαι
1534 4116 1815 4187 δεδύνηται

235 4204 524 4273 πρότερον.
549 4208 659 4260 Καὶ
701 4207 763 4259 ού
794 4207 955 4276 μόνον
986 4208 1116 4277 μίαν
1152 4207 1360 4278 ἀγοράν
1390 4208 1489 4262 καὶ
1526 4207 1812 4271 πλατεῖαν,

234 4294 271 4365 ἢ
304 4294 567 4365 δευτέραν
605 4298 891 4368 περιάγειν
927 4298 1273 4368 ἠνάγκαζεν,
1303 4298 1438 4354 ἀλλά
1478 4300 1573 4353 καὶ
1613 4299 1813 4370 χωρία,

237 4387 334 4441 καὶ
377 4386 579 4453 ἄστεα,
643 4390 739 4442 καὶ
792 4390 996 4460 δήμους
1044 4390 1401 4460 ἀμείϐουσαν.
1443 4391 1634 4442 Πᾶσαν
1682 4389 1813 4460 γὰρ,

235 4478 429 4547 φησὶν,
468 4479 569 4547 τὴν
613 4478 919 4550 περίχωρον
951 4480 1188 4549 ἐκείνην.
1235 4480 1443 4541 Ὄντως
1473 4478 1656 4546 πάσης
1676 4477 1813 4529 καύ-

236 4584 378 4630 σεως
409 4569 504 4620 καὶ
535 4568 815 4637 μαστίγων
849 4568 1064 4640 ὀδύνης,
1110 4563 1265 4631 οὗτος
1293 4570 1321 4621 ὁ
1348 4566 1655 4639 πειρασμὸς
1695 4568 1816 4629 ταῖς

238 4657 633 4729 αἰσχυντηλαῖς
673 4660 767 4712 καὶ
809 4664 1038 4730 σεμναῖς
1077 4662 1292 4733 κόραις,
1348 4659 1728 4732 χαλεπώτερός
1756 4676 1814 4712 τε

240 4751 337 4804 καὶ
360 4750 782 4822 ἐπαχθέστερος.
820 4753 959 4805 Ἀλλ’
982 4754 1129 4823 ὅμως
1157 4756 1249 4807 καὶ
1271 4754 1473 4822 ταύτην
1499 4752 1597 4824 τὴν
1626 4752 1818 4822 αἰσχύ-

238 4858 341 4912 νην
391 4841 686 4912 ὑπέμεινεν
732 4843 822 4897 διὰ
866 4844 926 4897 τὸ
975 4844 1112 4915 πρὸς
1162 4844 1399 4914 Χριστὸν
1451 4844 1673 4913 φίλτρον
1722 4844 1818 4896 καί

239 4933 447 5004 ἔρωτα,
474 4932 532 4996 ὃς
558 4932 626 4986 δι’
649 4936 799 5004 ἡμᾶς
827 4936 1060 5007 σταυρὸν
1091 4935 1402 5004 ὑπέμεινεν,
1432 4935 1696 5006 αἰσχύνης
1723 4953 1820 4989 κα-

236 5026 612 5096 ταφρονήσας.
653 5025 756 5079 Τὸν
788 5027 896 5097 γὰρ
949 5026 1177 5080 παλαιὸν
1226 5026 1511 5096 ἄνθρωπον
1562 5027 1657 5079 σὺν
1707 5028 1821 5089 τοῖς

239 5116 587 5186 παθήμασιν,
633 5111 710 5172 ὧν
748 5117 845 5170 καὶ
892 5120 927 5189 ἡ
972 5117 1197 5189 τοιαύτη
1242 5116 1470 5188 αἰσχύνη
1518 5117 1821 5188 ἐνυπάρχει

236 5206 341 5276 τῆς
364 5206 619 5277 ἐσθῆτος,
642 5207 959 5279 ήπαρθένος
981 5208 1385 5279 προεκδύσασα,
1405 5207 1491 5260 διὰ
1520 5207 1680 5262 τοῦτο
1702 5208 1823 5260 οὐδὲ

240 5301 577 5370 ἀσχημονεῖν
608 5300 883 5367 ἐλογίζετο
903 5315 917 5330 ·
968 5300 1082 5352 ἀλλ’
1108 5299 1297 5369 ὥσπερ
1327 5300 1375 5352 oi
1412 5298 1823 5370 πρωτόπλαστοι

242 5393 301 5443 ὲν
335 5391 413 5461 τῷ
445 5390 764 5462 παραδείσῳ
793 5390 900 5461 πρὸ
916 5389 1024 5442 τῶν
1053 5389 1242 5443 παθῶν
1278 5391 1375 5459 τῆς
1398 5388 1678 5460 ἁμαρτίας
1720 5404 1820 5456 γυ-

244 5481 372 5558 μνοὶ
394 5477 559 5553 ἦσαν,
594 5482 689 5535 καὶ
708 5482 808 5535 οὑκ
838 5480 1151 5551 ᾐσχύνοντο,
1180 5481 1344 5550 ἡνίκα
1371 5479 1428 5532 δὲ
1468 5479 1556 5533 διὰ
1593 5478 1694 5546 τῆς
1725 5495 1824 5533 πα-

246 5573 453 5642 ρακοῆς
499 5573 568 5626 τὰ
617 5572 765 5643 πάθη
788 5573 845 5625 ἐν
880 5572 1062 5635 αὑτοῖς
1096 5571 1448 5640 ἐκινήθησαν,
1491 5570 1822 5639 ἀσχημονεῖν

1913 3204 2156 3274 dignum.
2193 3205 2271 3258 Ac
2307 3202 2466 3271 plane
2490 3202 2752 3272 ejusmodi
2784 3212 2897 3267 est,
2933 3212 2992 3257 ut
3037 3204 3306 3259 anteriora
3367 3220 3490 3273 gra-

1914 3296 2079 3348 vitate
2105 3295 2350 3348 cxcedat.
2397 3293 2587 3347 Verum
2623 3292 2824 3347 Christi
2860 3292 3031 3361 gratia
3062 3292 3193 3360 pati,
3227 3295 3492 3363 quidquid

1915 3386 2093 3456 probri
2145 3394 2201 3440 et
2236 3385 2517 3440 dedecoris
2552 3385 2753 3438 habere
2799 3384 3082 3448 videatur,
3126 3385 3227 3439 hoc
3270 3400 3492 3453 prorsus

1913 3486 2160 3529 ornatum
2191 3489 2405 3529 omnem
2435 3474 2733 3529 honestatis
2763 3473 2956 3529 decore
2990 3484 3043 3530 et
3080 3476 3334 3530 castitate
3372 3476 3488 3529 vin-

1914 3565 2006 3620 cil.
2046 3562 2227 3630 Jubct,
2261 3564 2453 3634 inquit,
2485 3580 2685 3635 praises
2745 3580 2864 3621 eam
2919 3566 3115 3620 nudam
3149 3581 3242 3636 per
3276 3581 3490 3621 omnem

1914 3656 2169 3709 viciniam
2207 3657 2567 3725 ignominioso
2602 3657 2854 3724 traduci,
2894 3668 2949 3713 et
2979 3658 3165 3728 ﬂagris
3194 3660 3491 3715 intoleran-

1914 3746 1997 3801 dis
2037 3748 2191 3801 czedi.
2235 3748 2402 3804 Scitis
2445 3751 2702 3815 omnino,
2745 3749 3051 3805 charissimi
3084 3790 3097 3814 ,
3129 3762 3387 3819 quantum
3431 3765 3495 3805 ea

1917 3852 2003 3891 res
2035 3838 2334 3907 virginibus
2366 3840 2624 3907 pudorem
2656 3856 2721 3893 ac
2744 3841 3125 3895 verecundiam
3155 3840 3350 3894 inferat
3377 3878 3393 3903 ,
3431 3841 3494 3892 il-

1915 3928 2087 3995 lisque
2125 3928 2359 3981 maxime
2386 3942 2503 3996 qua:
2546 3938 2786 3983 sanctam
2840 3930 2981 3984 hanc
3025 3928 3254 3999 puellam
3280 3931 3494 3984 imitan-

1917 4029 2041 4084 tur,
2090 4017 2242 4085 cujus
2302 4032 2369 4072 ne
2413 4018 2495 4073 sol
2544 4020 2762 4088 quidem
2819 4019 2915 4089 (ut
2960 4020 3032 4073 ita
3088 4020 3318 4093 loquar)
3359 4022 3495 4076 satis

1915 4118 2135 4179 aSpectu
2178 4108 2281 4162 frui
2318 4108 2603 4177 potuisset.
2650 4109 2759 4165 Nec
2802 4124 2930 4165 vero
2971 4110 3115 4164 illam
3152 4127 3315 4165 unum
3360 4114 3495 4167 duu-

1919 4211 2101 4265 taxat,
2142 4210 2236 4254 aut
2288 4199 2518 4255 alterum
2564 4202 2857 4271 compitum
2896 4211 2947 4256 et
2991 4201 3221 4270 plateam
3276 4204 3495 4259 funesto

1916 4292 2223 4362 spectaculo
2249 4292 2483 4348 circuire
2515 4294 2778 4363 cogebat;
2810 4295 2904 4349 sed
2931 4304 2985 4347 et
3021 4294 3215 4364 oppida
3245 4304 3299 4349 et
3322 4296 3492 4361 vicos,

1920 4386 2190 4455 urbesque
2220 4423 2238 4450 ,
2295 4396 2352 4440 et
2396 4385 2532 4441 alios
2585 4385 2923 4454 atquealios
2960 4386 3205 4455 populos.
3266 4386 3494 4442 Omnem

1918 4477 2083 4543 enim,
2114 4477 2308 4547 inquit,
2339 4477 2595 4532 viciniam
2629 4477 2797 4531 illam.
2827 4476 2984 4532 Omni
3027 4493 3214 4534 revera
3248 4480 3496 4535 incendio

1916 4577 1972 4622 et
2000 4570 2283 4625 verberum
2314 4570 2558 4624 cruciatu
2590 4609 2606 4633 ,
2660 4570 2885 4623 tentatio
2911 4570 3027 4625 haec
3055 4573 3373 4626 verecundis
3405 4588 3497 4626 ca-

1917 4663 2124 4729 stisque
2186 4660 2379 4731 puellis
2421 4660 2639 4730 gravior
2682 4675 2747 4715 ac
2796 4661 2981 4716 durior
3012 4672 3115 4717 est.
3153 4661 3350 4717 Verum
3396 4666 3498 4719 hoc

1917 4762 2132 4820 quoque
2161 4751 2417 4820 probrum
2445 4750 2698 4818 pertulit,
2729 4760 2951 4821 pr0pter
2983 4753 3355 4808 vehementem
3391 4769 3497 4820 quo

1918 4842 2143 4897 ardebat
2175 4855 2305 4910 erga
2344 4839 2621 4895 Christum
2680 4856 2955 4909 amorem,
2989 4844 3081 4914 qui
3130 4846 3300 4899 nostri
3332 4859 3493 4898 causa

1919 4931 2179 4988 sustinuit
2224 4945 2439 4986 crucem
2468 4970 2482 4996 ,
2543 4933 2860 4989 confusione
2910 4942 3221 5002 contempta
3260 4935 3324 4989 ³³).
3362 4932 3494 4986 Cum

1920 5026 2063 5079 cnim
2113 5024 2264 5093 virgo
2307 5033 2541 5079 veterem
2578 5025 2849 5080 lioutinem
2900 5041 3019 5081 cum
3057 5024 3340 5077 affectibus
3385 5024 3497 5076 suis

1925 5115 2027 5184 (ex
2063 5113 2261 5182 quibus
2290 5123 2371 5168 est
2399 5112 2488 5167 ille
2536 5114 2763 5168 vestium
2806 5113 3013 5183 pudor)
3060 5111 3265 5179 pridem
3320 5113 3497 5166 exuis-

1923 5204 2120 5260 set“;
2163 5206 2368 5260 idcirco
2413 5206 2548 5259 nihil
2585 5219 2697 5258 rem
2738 5206 2836 5260 sibi
2882 5205 3189 5258 indecorant
3220 5205 3494 5257 censebat.

1927 5294 2032 5350 Sed
2077 5298 2217 5351 sicut
2257 5296 2416 5366 primi
2453 5306 2704 5364 parentes
2740 5295 2791 5348 in
2823 5295 3078 5364 paradiso
3121 5306 3252 5349 ante
3290 5296 3496 5363 peccati

1924 5387 2236 5443 affectiones
2284 5388 2414 5442 nudi
2445 5396 2635 5451 erant,
2688 5401 2786 5441 uec
2828 5386 3227 5440 eruhuscebant
3270 5385 3338 5451 “,
3396 5386 3499 5440 illis

1927 5489 2107 5535 autem
2160 5496 2256 5551 per
2293 5480 2712 5536 inobedieutiam
2752 5480 2803 5533 in
2844 5495 2905 5535 se
2946 5479 3160 5544 excitis,
3207 5480 3311 5535 hoc
3345 5493 3499 5549 turpe

1928 5572 2232 5637 duxerunt,
2276 5570 2379 5626 nisi
2433 5569 2517 5626 lici
2564 5570 2705 5625 foliis
2753 5571 3047 5625 nuditatem
3077 5586 3229 5627 suam
3271 5570 3497 5627 obiexis

319 5752 366 5785 3’
403 5753 569 5810 Hebr.
616 5772 711 5817 xu,
748 5756 802 5811 2.
886 5756 928 5785 ’⁸ο
965 5754 1171 5810 Coloss.
1210 5770 1289 5817 Ill,
1331 5754 1385 5807 9.
1464 5753 1506 5784 ⁸⁸
1538 5753 1678 5808 Gen.
1728 5768 1789 5817 ιι,
1831 5751 1918 5806 95.
