3968 6348
464 378 571 442 803

1596 361 1657 421 S.
1697 359 2019 423 JOANNIS
2050 353 2486 417 DAMASCENI

3630 346 3748 409 80L

470 492 596 540 sent
618 481 706 536 δέ
744 479 824 535 sic
851 491 1065 548 quoque
1115 474 1269 544 virgo
1322 472 1438 528 haec
1470 512 1486 540 ,
1538 472 1603 525 ad
1645 472 1931 541 pristinum
1966 470 2057 540 qui

2184 465 2584 537 ιπελάμϐανον,
2614 464 2663 516 εί
2715 462 2791 535 μὴ
2838 460 3012 531 φύλλα
3051 459 3222 529 συκῆς
3257 456 3459 531 ἑαυτὴν
3502 457 3605 532 τὴν
3637 458 3746 529 γύ-

474 574 956 644 transgressiouem
1005 578 1059 622 et
1107 576 1389 635 peccatum
1425 574 1818 634 praecesserat,
1849 573 2048 617 statum

476 668 720 723 restituta
750 661 910 732 905
938 676 1059 714 cum
1094 659 1323 727 reliquis
1352 656 1657 720 all'ectihus,
1706 654 1888 724 probri
1924 668 2052 708 sen-

472 775 588 814 sum
632 764 877 809 exuerat.
922 754 1117 806 Verum
1159 768 1225 807 ne
1265 751 1461 820 impuri
1508 749 1753 803 homines
1798 745 2055 801 sacratis-

474 850 668 903 simum
702 860 901 913 corpus
930 844 1037 897 alio
1060 852 1222 911 atque
1248 844 1354 896 alio
1383 840 1710 895 circumiens
1740 848 2055 892 contuentes

477 938 705 991 irridere
733 936 1063 999 videremur,
1102 935 1153 987 in
1195 933 1388 988 caelum
1420 933 1722 996 intendens,
1754 930 1869 983 ait:
1906 946 1926 979 ι
1950 928 2055 983 Do—

479 1029 620 1081 mine
656 1026 828 1090 Deus,
878 1025 967 1092 qui
1006 1023 1237 1077 nubibus
1265 1022 1461 1077 caelum
1506 1020 1723 1091 operis,
1771 1033 1946 1074 meum
1973 1028 2055 1073 lc-

477 1134 542 1189 ge
581 1132 781 1187 corpus
842 1117 916 1169 lui
972 1130 1134 1170 causa
1197 1115 1493 1179 nudatum,
1537 1127 1605 1166 ne
1647 1112 1838 1165 horum
1868 1110 2058 1179 impio-

479 1222 601 1260 rum
627 1205 935 1275 aspectibus
967 1213 1172 1273 pateat.
1204 1220 1222 1254 ι
1263 1202 1391 1255 limo
1419 1201 1503 1255 illa
1527 1200 1755 1265 dixerat,
1785 1199 2059 1266 missoque

482 1297 740 1351 Dominus
793 1296 1021 1365 angelo,
1068 1295 1202 1348 stula
1254 1294 1481 1348 candida
1507 1306 1628 1346 eam
1670 1291 2056 1345 eircumtexit:

481 1402 545 1443 ac
573 1387 898 1441 circumibat
928 1386 1087 1439 veluti
1114 1399 1312 1453 sponsa
1356 1392 1545 1437 ornata
1595 1391 1649 1437 et
1703 1383 1952 1434 decorata
1980 1422 1993 1444 ,
2030 1396 2060 1434 e

482 1486 705 1545 paterna
742 1475 900 1526 domo
949 1474 1016 1526 ad
1068 1474 1202 1525 bene
1252 1482 1494 1538 paratum
1548 1470 1835 1537 nuptialem
1881 1469 2053 1522 thala-

486 1580 629 1619 mum
678 1578 996 1634 properans.
1055 1561 1577 1616 Circumducchatur
1630 1562 1812 1629 itaque
1841 1561 2059 1629 Stipata,

483 1669 539 1715 et
567 1674 688 1715 cum
717 1674 907 1728 pompa
932 1659 1249 1726 procedens,
1270 1638 1511 1725 martyrii
1533 1654 1706 1708 cincta
1736 1655 2061 1718 diademate,

485 1760 540 1806 et
569 1752 841 1805 athleticis
876 1759 1099 1818 propter
1132 1749 1409 1802 Christum
1442 1746 1546 1801 sibi
1582 1746 1860 1815 impressis
1898 1746 2059 1809 notis,

2160 574 2363 628 μνωσιν
2398 554 2804 626 περιέστειλανο
2837 552 3011 616 οὕτως
3058 553 3154 605 καὶ
3184 553 3218 621 ὴ
3257 550 3530 621 παρθένος
3574 548 3745 622 αὕτη,

2158 650 2237 712 εἰς
2272 648 2489 718 ἐκείνην
2522 643 2894 698 ἐπανελθοῦσα
2923 643 3023 715 τὴν
3068 643 3176 713 πρὸ
3217 642 3317 711 τῆς
3346 641 3723 711 παραϐάσεως

2161 739 2446 810 ἁμαρτίας
2501 736 2855 800 κατάστασιν,
2904 735 3003 805 τὴν
3049 733 3318 805 αἰσχύνην
3364 734 3490 795 τοῖς
3532 733 3750 795 λοιποῖς

2161 831 2660 901 συναπημφιάσατο
2717 827 2969 884 πάθεσιν.
3039 828 3181 879 Ἀλλ’
3233 828 3384 896 ὅμως
3410 826 3500 877 ἵνα
3555 826 3632 895 μὴ
3692 826 3750 877 οἱ

2166 922 2353 993 μιαροὶ
2388 922 2449 975 τὸ
2485 921 2745 993 πανίερον
2795 920 2965 990 αὐτῆς
3007 917 3457 988 ἀπερικάλυπτον
3510 931 3741 986 περιποο

2160 1016 2318 1070 λεῦον
2346 1016 2508 1085 σῶμα
2533 1016 2817 1085 θεώμενοι,
2845 1011 3147 1083 καταγελᾷν
3176 1010 3421 1077 δόξωσιν,
3448 1009 3750 1062 ἀτενίσασα

2162 1109 2242 1171 εἰς
2270 1108 2361 1162 τὸν
2382 1108 2614 1180 οὐρανὸν
2644 1104 2798 1161 ιῐπεν
2823 1121 2838 1138 ο
2881 1126 2899 1159 ι
2946 1104 3124 1175 Κύριε
3180 1106 3208 1157 ὁ
3240 1102 3394 1164 Θεὸς,
3426 1102 3454 1154 ὁ
3477 1099 3747 1171 περιϐάλ-

2162 1201 2272 1253 λων
2309 1200 2401 1253 τὸν
2433 1200 2662 1271 οὐρανὸν
2712 1201 2770 1252 ἐν
2814 1197 3089 1267 νεφέλαις,
3130 1194 3406 1248 σκέπασόν
3432 1190 3538 1263 μου
3576 1191 3641 1244 τὸ
3659 1190 3752 1243 διὰ

2166 1292 2227 1345 σὲ
2263 1292 2692 1363 γεγυμνωμένον
2753 1291 2935 1361 σῶμα,
2984 1288 3073 1343 ἵνα
3136 1289 3211 1359 μὴ
3266 1289 3462 1357 ὁρᾶται
3505 1286 3612 1338 ὑπὸ
3639 1283 3753 1337 τῶν

2165 1384 2383 1439 ἀσεϐῶν
2425 1386 2650 1437 τούτων.
2686 1383 2799 1436 Καὶ
2847 1382 3025 1437 ταῦτα
3072 1379 3334 1449 εἰπούσης
3386 1377 3579 1447 αὐτῆς,
3616 1379 3752 1430 ἀπο-

2169 1476 2384 1539 στείλας
2420 1478 2447 1530 ὁ
2493 1475 2699 1547 Κύριος
2725 1475 2980 1543 ἄγγελον,
3030 1472 3191 1543 στολῇ
3245 1472 3414 1541 λευκῇ
3447 1470 3624 1540 αὐτὴν
3652 1485 3749 1521 πει

2171 1568 2526 1639 ριεκάλυψεν·
2560 1568 2655 1621 καὶ
2707 1567 2927 1639 περιείη
2967 1566 3219 1636 καθάπερ
3251 1564 3437 1634 νύμφη
3468 1576 3749 1630 κεκοσμη-

2170 1660 2306 1730 μένη
2343 1661 2438 1713 καὶ
2470 1659 2988 1731 κεκαλλωπισμένη,
3044 1659 3111 1710 ὲκ
3140 1657 3234 1710 τοῦ
3272 1654 3544 1725 πατρικοῦ
3583 1653 3749 1721 δόμου

2169 1751 2263 1803 ἐπὶ
2289 1753 2390 1821 τὴν
2451 1752 2888 1823 εύτρεπισμένην
2942 1750 3224 1820 νυμφικὴν
3266 1747 3536 1806 παστάδα,
3592 1760 3752 1814 περιο

486 1841 875 1910 sauguinisque
912 1855 1147 1910 purpura
1182 1840 1502 1902 huneslata,
1547 1852 1610 1892 ac
1649 1852 1813 1906 supra
1850 1852 2067 1892 omnem

2184 1844 2417 1914 ιγομένη
2445 1860 2503 1896 τε
2528 1844 2624 1896 καί⁸
2645 1841 3088 1914 δορυφορουμένη
3128 1841 3222 1895 καὶ
3253 1838 3638 1911 πομπεύουσα,
3674 1834 3756 1904 τῷ

491 1934 751 1987 unionum
778 1972 794 1998 ,
825 1933 1228 2001 smaragdorum
1250 1968 1265 1993 ,
1306 1930 1718 2000 hyacinthorum
1740 1970 1754 1993 ,
1807 1929 2071 1999 pretioso-

493 2039 719 2094 rumque
759 2023 1063 2093 lapillorum
1089 2063 1103 2088 ,
1137 2032 1190 2075 et
1223 2036 1507 2076 aureorum
1542 2020 1817 2087 torquium
1853 2020 2071 2073 clarita-

492 2127 597 2169 tem
636 2114 979 2184 praefulgens.
1024 2113 1066 2167 0
1102 2110 1418 2166 miraculum
1450 2111 1461 2163 !
1503 2108 1832 2177 Libidinosi,
1863 2111 2073 2178 spurci-

491 2222 616 2274 que,
644 2214 698 2260 et
730 2205 1068 2274 impudentes
1093 2245 1108 2268 ,
1142 2218 1206 2257 ac
1252 2204 1621 2273 procacissimi
1654 2205 1929 2271 homines,
1962 2212 2073 2259 tolo

491 2309 719 2363 corpore
748 2293 978 2347 nudatas
1009 2303 1274 2363 martyres
1308 2293 1684 2360 exponebant,
1737 2303 1797 2349 ut
1848 2309 1978 2359 eas,
2014 2303 2071 2348 ut

491 2385 911 2449 existimabant,
946 2383 1091 2439 velut
1129 2385 1406 2454 triumpho
1439 2389 1785 2441 traducerent
1814 2397 1911 2453 ;ut
1945 2402 2071 2442 vero

492 2478 655 2532 etiam
701 2476 1001 2545 impudicos
1048 2476 1235 2531 oculos
1279 2477 1563 2532 libidinose
1601 2492 1699 2532 ceu
1730 2478 1876 2533 lauto
1914 2478 2072 2547 epulo

496 2575 783 2636 pascerent
809 2583 824 2621 :
851 2576 907 2621 at
929 2567 1175 2622 Christus
1205 2568 1393 2637 gratiae
1417 2570 1613 2623 amictu
1648 2578 1813 2623 totam
1839 2571 2069 2640 pugilem

496 2673 646 2712 suam
683 2668 887 2727 tegens,
922 2657 1170 2722 lubricis,
1210 2658 1501 2724 salacibus,
1537 2659 1835 2725 sceleratis,
1863 2671 2074 2731 specta-

497 2750 675 2805 culum
703 2751 900 2807 clausit
928 2767 945 2819 ;
980 2761 1141 2821 atque
1172 2753 1446 2807 inventum
1484 2753 1612 2807 illud
1636 2753 1795 2808 inane
1823 2755 2071 2822 reddens,

496 2844 899 2911 exspectatione
927 2844 1044 2898 illos
1070 2843 1373 2899 frustravit.

2181 1934 2506 2006 μαρτυρικῷ
2559 1933 2980 2003 κατεστεμμένη
3025 1948 3084 1983 τε
3144 1930 3463 2000 διαδήματι,
3513 1926 3758 1985 καὶτοῖς

2177 2026 2319 2097 ὑπὲρ
2340 2025 2579 2097 Χριστοῦ
2609 2024 2923 2094 ἀθλητικοῖς
2952 2023 3233 2093 στίγμασι,
3254 2021 3347 2073 καὶ
3376 2022 3442 2090 τῇ
3467 2017 3565 2071 τοῦ
3600 2016 3759 2086 αἷμα-

2174 2137 2268 2183 τος
2297 2117 2593 2188 πορφυρίδι
2625 2114 3029 2186 σεμνυνομένη,
3076 2114 3172 2166 καὶ
3204 2110 3591 2182 διαπρέπουσα
3618 2107 3758 2175 ὑπὲρ

2179 2214 2361 2265 πᾶσαν
2405 2208 2781 2280 μαργαριτῶν,
2831 2205 3165 2278 σμαράγδων
3208 2220 3268 2257 τε
3316 2203 3411 2256 καὶ
3457 2199 3757 2261 ὑακίνθων,

2180 2302 2273 2356 καὶ
2314 2299 2629 2369 πολυτίμων
2658 2297 2845 2361 λίθων,
2893 2296 3115 2365 χρυσῶν
3154 2310 3212 2348 τε
3245 2290 3763 2360 ἀποπεπλεγμένων

2178 2390 2473 2460 φανότητα.
2504 2390 2570 2442 Ὢ
2598 2386 2693 2441 τοῦ
2743 2385 3055 2456 θαύματοςί
3088 2386 3135 2436 οἱ
3181 2381 3473 2453 ἐμπαθεῖς,
3506 2380 3606 2432 καὶ
3636 2376 3762 2447 φιλ-

2179 2480 2380 2549 ήδονοι,
2404 2476 2644 2540 ἀναιδεῖς
2670 2493 2731 2529 τε
2753 2476 2849 2529 καί
2873 2474 2991 2527 λίαν
3022 2473 3391 2542 ἀναίσχυντοι,
3423 2469 3764 2539 ὁλογύμνους

2177 2575 2278 2637 τὰς
2309 2572 2397 2626 διὰ
2447 2552 2695 2642 Χριστὸν
2738 2566 3010 2629 ἀθλούσας
3048 2566 3397 2637 περιϊστανον
3451 2562 3766 2634 μάρτυρας,

2179 2665 2267 2718 ἵνα
2299 2663 2522 2726 ταύτας.
2563 2662 2641 2724 ὡς
2680 2660 2869 2731 ῷοντο,
2900 2656 3365 2729 θριαμϐεύσωσιν,
3394 2654 3514 2724 ἅμα
3560 2653 3621 2707 δὲ
3669 2652 3767 2706 καὶ

2181 2759 2280 2829 τὴν
2314 2757 2615 2811 ἀκόλαστον
2641 2754 2823 2809 αὐτῶν
2874 2753 3068 2824 ὅρασιν
3103 2749 3371 2822 ἐμπαθῶς
3411 2745 3768 2800 ἑστιάσωσιν.

2194 2851 2252 2904 Ὀ
2273 2850 2330 2903 δὲ
2350 2847 2587 2920 Χριστὸς
2604 2847 2830 2917 χάριτος
2852 2860 2920 2896 πε
2931 2843 3117 2914 ριϐολῇ
3139 2842 3269 2911 ὅλην
3292 2838 3647 2910 περιστείλας
3668 2835 3772 2905 τὴν

495 2934 705 2987 οἰκείαν
725 2933 1046 3007 ἀθλήτριαν,
1077 2934 1176 3005 τὴν
1215 2934 1344 2991 θέαν
1367 2938 1480 2999 τοῖς
1504 2937 1771 3008 αἰσχροῖς,
1816 2938 1911 2991 καὶ
1970 2938 2248 3009 ἀσελγέσι,
2277 2941 2374 2994 καὶ
2439 2940 2704 3010 μυσαροῖς
2755 2937 3096 3007 διετείχισεν,
3122 2933 3216 2987 καὶ
3272 2932 3558 3003 ἄπρακτον
3586 2927 3772 2982 αὐτῶν

496 3025 594 3094 τὴν
628 3025 872 3079 ἐπίνοιαν
899 3026 1157 3097 δέδειχεν,
1186 3027 1402 3096 καὶτῆς
1433 3026 1761 3098 προσδοκίας
1787 3028 2163 3100 παρέσφηλεν.

568 3116 658 3172 17.
699 3117 830 3171 Dum
872 3124 1051 3171 autem
1083 3130 1178 3186 per
1230 3126 1397 3171 totam
1452 3115 1597 3169 illam
1646 3117 1922 3187 regionem
1961 3134 2077 3173 eam

2256 3115 2341 3185 ιζ’.
2373 3117 2817 3189 Περιαγαγόντες
2867 3115 2925 3169 δὲ
2953 3113 3124 3185 αὐτὴν
3164 3112 3345 3165 πᾶσαν
3402 3108 3623 3179 εκείνην
3669 3108 3774 3179 τὴν

500 3209 985 3273 circumducerent,
1015 3207 1067 3261 in
1091 3206 1358 3277 quoddam
1378 3206 1633 3276 oppidum
1664 3208 1865 3277 tragica
1883 3224 2078 3280 pompa

505 3297 734 3351 deducta
764 3305 886 3361 est,
924 3296 1016 3351 ubi
1061 3298 1223 3351 etiam
1276 3298 1558 3367 praesidem
1606 3310 1943 3367 repererunt.
1979 3301 2081 3367 Qui

506 3388 699 3442 dubius
726 3388 857 3455 quid
897 3402 1109 3441 rursum
1146 3387 1349 3442 faceret
1394 3392 1554 3457 (cum
1603 3390 1864 3459 quidquid
1910 3389 2087 3447 fuerat

513 3478 873 3544 machinatus,
906 3477 1271 3534 frustraneum
1311 3488 1367 3533 et
1413 3480 1599 3537 inutile
1630 3484 1897 3537 redditum
1920 3492 2082 3550 esset,

511 3584 578 3625 ac
617 3578 808 3623 contra
835 3583 984 3637 spem
1016 3570 1322 3640 evenisset)
1353 3571 1462 3625 lata
1509 3574 1777 3629 sententia
1812 3574 1995 3639 edicit,
2030 3583 2088 3628 ut

517 3660 800 3730 multiplici
828 3663 1123 3717 certamine
1155 3662 1352 3732 inclyta
1402 3674 1610 3736 martyr
1656 3665 1875 3735 capitali
1928 3680 2086 3735 pmna

515 3755 679 3807 vitam
717 3754 887 3807 liniat.
924 3752 1059 3807 Tum
1095 3761 1247 3824 pater
1276 3757 1481 3825 ingenti
1517 3756 1698 3812 furore
1745 3766 1800 3811 et
1846 3757 2085 3812 satauica

523 3846 868 3901 animlatione
892 3844 1101 3915 plenus,
1135 3846 1392 3917 illumque
1418 3848 1486 3902 ab
1519 3840 1675 3903 initio
1704 3846 2028 3903 homicidam
2044 3847 2091 3880 “

524 3938 793 3991 diabolum
812 3937 975 3991 animi
998 3947 1148 3993 utero
1169 3947 1404 4008 gestans,
1431 3946 1489 3993 ut
1513 3939 1817 3994 simulacris
1842 3940 2091 4009 (quorum

516 4030 760 4084 addictus
796 4030 1055 4100 obsequio
1096 4030 1248 4101 erat)
1290 4040 1346 4086 et
1378 4032 1873 4087 abominationihus
1913 4031 2091 4101 perl‘eo

526 4131 669 4175 ctum
697 4120 902 4174 cultum
926 4121 1493 4187 adhiberevideretur,
1522 4122 1765 4189 quiuimo
1791 4120 2095 4177 efﬂantibus

528 4226 623 4281 per
653 4226 716 4266 ea
748 4211 1095 4281 nequissimis
1128 4210 1406 4278 spiritibus
1432 4225 1497 4264 ac
1523 4211 1874 4274 daemonibus,
1908 4211 2097 4265 stricto

517 4301 717 4369 gladio,
738 4315 897 4353 manu
929 4300 1044 4368 ipse
1072 4312 1190 4362 sua,
1211 4298 1375 4351 caedis
1403 4299 1517 4365 ipse
1540 4308 1730 4353 auctor
1757 4314 1879 4355 esse
1908 4315 2099 4369 percu-

519 4392 694 4458 piens,
732 4390 783 4443 in
815 4399 1049 4443 montem
1078 4402 1196 4441 eam
1236 4389 1394 4455 rapit.
1423 4387 1656 4442 Pulchra
1688 4402 1818 4444 vero
1847 4390 2096 4445 columba

2188 3209 2518 3281 περίχωρον,
2573 3209 2780 3278 ἦγαγον
2814 3207 2907 3262 ἐπί
2955 3223 3078 3259 τινα
3123 3202 3337 3273 κώμην,
3380 3196 3513 3254 ἔνθα
3547 3201 3645 3253 καὶ⁵
3678 3199 3774 3253 τὸν

2193 3296 2436 3366 ἡγεμόνα
2469 3294 2796 3349 κατέλαϐον.
2833 3294 3144 3363 Ἀπορήσας
3175 3286 3268 3343 οὖν
3297 3290 3325 3343 ό
3375 3287 3602 3360 ἡγεμὼν
3620 3288 3685 3340 τὺ
3717 3288 3773 3340 τί

2186 3387 2348 3441 πάλιν
2369 3388 2646 3456 ποιήσειεν
2665 3401 2678 3415 ο
2715 3387 2866 3439 πᾶσα
2907 3386 3013 3456 γὰρ
3054 3382 3274 3454 αὐτοῦὴ
3326 3382 3539 3435 ἐπίνοια
3565 3380 3774 3451 ἀνήνυ-

2184 3495 2276 3541 τος
2298 3479 2390 3531 καὶ
2435 3478 2696 3548 ἀνόνητος
2722 3477 3099 3541 ἀπεδείκνυτο,
3133 3476 3229 3530 καὶ
3250 3476 3362 3528 τῶν
3401 3472 3634 3527 ἐλπίδων
3678 3473 3774 3539 ἐξα-

2189 3570 2419 3623 ἑπιπτεν
2459 3585 2474 3600 ⁸
2520 3568 2795 3637 ἀπόφασιν
2835 3568 2977 3623 κατὰ
3009 3569 3110 3639 τῆς
3135 3567 3441 3622 πολυάθλου
3489 3564 3777 3636 μάρτυρος

2187 3662 2521 3732 ἐξενήνοχεν,
2558 3660 2866 3732 κεφαλικῆς
2893 3661 3166 3733 τιμωρίας
3200 3661 3491 3731 ὑπομεῖναι
3529 3658 3775 3728 περαίω-

2191 3770 2294 3808 σιν.
2321 3754 2454 3806 Τότε
2484 3756 2512 3806 ὀ
2553 3753 2762 3825 ταύτης
2795 3755 2980 3824 πατὴρ
3020 3751 3197 3825 θυμοῦ
3226 3751 3424 3806 πολλοῦ
3478 3749 3776 3820 πλησθεὶς,

2190 3846 2285 3899 καὶ
2310 3842 2471 3916 ζήλου
2497 3844 2813 3909 σατανικοῦ,
2844 3844 2939 3898 καὶ
2963 3846 3129 3899 αὐτὸν
3151 3843 3537 3913 ἑγκυμονήσας
3561 3841 3653 3895 τὸν
3676 3841 3781 3893 ἀπ’

2191 3938 2365 4009 ἀρχῆς
2411 3938 2864 4008 ἀνθρωποκτόνον
2912 3939 3183 4000 διάϐολον,
3243 3936 3330 3988 ἵνα
3380 3934 3594 3987 τελείαν
3643 3933 3781 4005 δόξῃ

2192 4028 2450 4099 λατρείαν
2483 4030 2849 4100 προσενέγκαι
2883 4030 2997 4091 τοῖς
3035 4027 3126 4079 ὑπ’
3180 4024 3345 4078 αὐτοῦ
3379 4024 3779 4097 θεραπευομέ-

2194 4135 2305 4183 νοις
2360 4118 2605 4183 είδώλοις
2662 4121 2757 4173 καὶ
2794 4118 3186 4189 βδελύγμασιν,
3239 4114 3440 4185 μᾶλλον
3468 4114 3523 4168 δὲ
3555 4119 3677 4181 τοῖς
3711 4119 3783 4173 δι’

2195 4208 2422 4261 ἐκείνων
2458 4206 2743 4277 ἐνεργοῦσι
2799 4208 2900 4275 τῆς
2937 4205 3204 4275 πονηρίας
3255 4203 3534 4275 πνεύμασι
3583 4224 3646 4260 τε
3680 4210 3785 4263 καὶ

2194 4300 2435 4370 δαίμοσι,
2465 4298 2618 4366 ξίφος
2664 4296 3037 4368 σπασάμενος,
3079 4296 3343 4351 ἀνέλαϐεν
3370 4296 3543 4368 αὐτὴν
3577 4299 3672 4352 ἐπὶ
3718 4299 3786 4353 τὸ

2196 4390 2341 4462 ὅρος,
2385 4389 2642 4461 αὐτόχειρ
2671 4392 2769 4443 καὶ
2798 4388 3105 4460 αὐτουργὸς
3134 4388 3235 4456 τῆς
3268 4389 3586 4459 μιαιφονίας
3628 4390 3783 4455 γενέ·

517 4488 678 4545 atque
709 4476 944 4544 perfecta
971 4514 987 4539 ,
1047 4490 1228 4531 necem
1275 4492 1398 4532 cum
1445 4479 1639 4549 gaudio
1679 4479 1881 4535 Christi
1933 4495 2077 4537 caus:

2202 4483 2327 4538 σθαι
2359 4484 2645 4555 ἐπιθυμῶν
2680 4484 2777 4536 καὶ
2806 4482 3113 4553 ἐφιέμενος.
3139 4482 3463 4553 Περιχαρῶς
3485 4482 3541 4533 δὲ
3572 4483 3603 4551 ἡ
3635 4481 3784 4552 καλὴ

521 4568 841 4637 suscipiens,
869 4571 935 4622 ad
967 4582 1150 4638 preces
1165 4568 1718 4641 supplicationemque
1735 4573 2090 4628 cenvertitur.

524 4659 835 4713 Festinabat
864 4661 1007 4715 enim
1035 4660 1103 4716 ad
1138 4660 1384 4716 hravium
1417 4678 1665 4733 supernae
1696 4665 1997 4720 vocationis
2024 4665 2090 4732 ⁸⁸,

523 4761 579 4805 et
631 4750 699 4805 ad
750 4752 1031 4807 sublimem
1078 4753 1131 4806 in
1175 4754 1373 4808 caelum
1410 4769 1694 4809 ascensum
1744 4756 2091 4826 properabat.

523 4843 684 4915 Atqui
734 4844 868 4897 nihil
911 4854 1087 4909 vetat,
1137 4846 1265 4914 quin
1316 4846 1428 4914 ipsa
1460 4861 1680 4916 precum
1708 4849 1869 4903 verba
1904 4849 2094 4902 audia-

528 4952 672 5003 mus,
707 4952 773 4992 ex
815 4936 1009 5008 quibus
1047 4936 1388 4990 sanctitatem
1433 4940 1635 4992 auditui
1665 4941 2044 4994 condiscamus
2077 4957 2091 4994 :

531 5049 550 5080 ι
584 5029 806 5086 ,Ειθι-ιια
840 5070 855 5095 ,
889 5028 1035 5083 nulla
1082 5027 1356 5081 hominum
1404 5043 1565 5082 manu
1611 5039 1755 5083 texta
1796 5042 2095 5102 martyrum

526 5138 749 5187 corona,
779 5121 1005 5176 Domine
1032 5117 1157 5173 Jcsu
1185 5116 1418 5183 Christe,
1442 5118 1531 5186 qui
1567 5119 1759 5173 cadum
1785 5123 2095 5188 extendisti,

530 5228 591 5266 ar
628 5224 821 5267 terram
854 5212 1090 5267 fundasti
1116 5209 1161 5241 “
1196 5226 1211 5275 ;
1273 5209 1364 5278 qui
1427 5211 1735 5263 conclusisti
1786 5214 2012 5281 abyssos
2045 5224 2099 5269 et

532 5319 679 5358 mare
716 5304 879 5358 veluti
911 5318 1065 5358 muro
1096 5301 1412 5371 obscpivisti
1443 5300 1488 5333 “
1514 5317 1529 5367 ;
1559 5302 1649 5371 qui
1684 5303 2008 5371 praecepisti,
2046 5316 2101 5359 ut

534 5394 700 5447 nubes
741 5394 1006 5449 imbribus
1049 5394 1170 5448 feta:
1212 5393 1456 5460 pluerent
1487 5407 1651 5461 super
1684 5395 1850 5448 honos
1895 5404 1949 5449 et
1987 5411 2102 5449 ma-

534 5480 613 5535 los
629 5482 711 5549 “;
747 5485 836 5552 qui
865 5501 1028 5555 super
1066 5499 1214 5539 mare
1246 5484 1409 5538 vt-luti
1444 5499 1602 5553 super
1646 5485 1820 5540 solum
1877 5488 2101 5544 minime

604 5686 648 5715 "
684 5681 818 5739 Gen.
850 5697 931 5739 ill,
954 5682 1006 5734 7.

538 5753 708 5820 v.22.
786 5751 828 5782 ⁸⁷
870 5751 1059 5805 Matth.
1092 5768 1140 5809 ν,
1184 5753 1274 5806 43.

1084 5684 1127 5712 ⁸³
1159 5682 1313 5758 Jttau.
1344 5698 1459 5744 \‘ltt.
1490 5686 1579 5740 Μ.
1657 5686 1701 5718 ’⁸⁸
1738 5686 1970 5758 Philipp.
2026 5701 2108 5753 tit,
2146 5686 2228 5741 14.

2199 4572 2295 4627 καὶ
2335 4574 2517 4627 τελεία
2551 4573 2854 4644 περιστερά
2892 4573 2994 4643 τὴν
3048 4572 3188 4644 ὑπὲρ
3238 4570 3480 4641 Χριστοῦ
3511 4570 3781 4641 δεχομένη

2201 4664 2438 4732 σφαγὴν,
2468 4663 2549 4726 εἰς
2563 4664 2875 4733 προσευχὴν
2895 4663 2989 4716 καὶ
3009 4663 3219 4716 ἱκεσίαν
3235 4663 3514 4732 ἐτρέπετο.
3537 4663 3784 4714 Ἐσπευ-

2198 4756 2286 4807 δεν
2310 4754 2419 4826 γὰρ
2445 4755 2540 4808 ἐπὶ
2571 4755 2633 4807 τὸ
2666 4754 2920 4826 βραϐεῖον
2947 4755 3048 4824 τῆς
3076 4754 3190 4809 ἄνω
3221 4755 3487 4823 κλήσεως,
3522 4755 3615 4807 καὶ
3641 4754 3785 4823 πρὸς

2204 4846 2303 4915 τὴν
2335 4848 2417 4909 εἰς
2464 4846 2697 4916 οὐρανὸν
2731 4846 2990 4915 ἠπείγετο
3022 4844 3323 4915 μεταρσίαν
3348 4845 3637 4907 ἀνάϐασιν.
3677 4845 3784 4897 Οὑ-

2202 4938 2289 4990 δὲν
2315 4939 2372 4992 δὲ
2425 4938 2625 4991 κωλύει
2665 4938 2852 4992 αὐτῶν
2881 4938 2979 5006 τῆς
3014 4937 3179 5006 εὐχῆς
3218 4936 3330 4989 τῶν
3385 4924 3647 5007 ῥημάτων
3680 4937 3784 4989 ὲπ-

2204 5030 2435 5083 ακοῦσαι
2455 5032 2553 5101 τῆς
2581 5032 2883 5102 μάρτυρος,
2911 5030 2997 5082 ἵνα
3024 5029 3092 5082 δι’
3109 5028 3291 5082 αὐτῶν
3306 5027 3407 5099 τὴν
3437 5027 3608 5098 ἀκοὴν
3632 5027 3788 5094 άγιά-

2209 5141 2409 5194 σωμεν.
2446 5145 2463 5176 ι
2501 5127 2761 5194 Ἀναρχε,
2796 5124 3183 5194 ἀχειροποίητε
3208 5123 3502 5195 μαρτύρων
3523 5123 3783 5192 στέφανε,

2208 5214 2379 5284 Κύριε
2423 5214 2595 5284 Ἰησοῦ
2648 5215 2873 5286 Χριστὲ,
2907 5217 2935 5268 ὁ
2987 5215 3078 5268 τὸν
3119 5215 3349 5287 οὐρανὸν
3382 5215 3653 5277 ἐκτείνας,
3685 5213 3784 5267 καὶ

2208 5304 2306 5375 τὴν
2355 5307 2460 5375 γῆν
2511 5304 2854 5374 θεμελιώσας
2884 5322 2899 5337 ·
2937 5308 2964 5359 ὁ
2994 5307 3090 5369 τὰς
3121 5305 3394 5369 ἀϐύσσους
3433 5303 3783 5373 συγκλείσας,

2211 5399 2303 5450 καὶ
2324 5398 2421 5469 τὴν
2445 5397 2721 5453 θάλασσαν
2745 5398 2989 5469 τειχίσας
3018 5414 3032 5429 ο
3062 5398 3090 5451 ὁ
3112 5396 3426 5469 προστάξας
3446 5396 3547 5460 τὰς
3580 5394 3789 5465 ὀμϐρο-

2207 5490 2401 5553 τόκους
2426 5490 2654 5560 νεφέλας
2684 5488 2902 5561 βρέχειν
2928 5491 3020 5544 ἐπὶ
3042 5490 3313 5561 πονηροὺς
3339 5488 3436 5543 καὶ
3470 5486 3733 5557 ἀγαθούς·
3762 5487 3792 5538 ό

2305 5691 2350 5720 ⁸³
2382 5688 2523 5744 Psal.
2552 5704 2670 5754 ειη,
2702 5690 2759 5754 2,
2792 5691 2843 5745 5.
2928 5689 2973 5723 “
2999 5686 3153 5740 l’rov.
3194 5698 3311 5750 \‘lll,
3340 5684 3544 5751 27-29;
3585 5682 3789 5740 Jerem.
