3994 6350
238 388 346 453 805
374 392 379 397 ’

1266 385 1651 445 LAUDATIO
1687 386 1745 445 S.
1789 384 2160 444 BARBAR/E
2193 385 2419 444 MART.

3398 394 3502 455 806

243 509 341 563 ἐπὶ
391 499 673 569 Θαλάσσης
735 493 1127 563 περιπατήσας
1176 490 1251 554 ὡς
1314 493 1400 544 ἐπ’
1431 493 1691 559 ἐδάφους,
1734 494 1828 545 καὶ

1956 492 2114 547 inetis
2134 491 2358 560 pedibus
2382 492 2667 548 ambulasti
2693 493 2764 526 ⁸⁷*
2794 511 2809 548 :
2833 494 2924 564 qui
2958 495 3250 567 increpain
3278 508 3494 554 ventum

243 598 371 658 τοὺς
396 593 561 653 πόδας
593 588 669 657 μὴ
704 584 933 656 βρέξαςο
962 583 990 634 6
1020 582 1351 651 ἐπιτιμήσας
1382 581 1458 650 τῷ
1497 581 1684 651 ἀνέμῳ
1735 578 1828 633 καὶ

242 691 313 759 τῇ
342 684 607 751 θαλάσσῃ,
632 676 726 730 καὶ
748 677 827 737 είς
855 674 1097 743 γαλήνην
1125 670 1451 742 μεταϐαλών
1470 688 1483 702 ·
1512 672 1690 724 πάντα
1718 671 1829 741 γὰρ

247 746 535 837 ὑπακούει,
560 746 737 837 -Κύριέ
771 782 871 836 μου
907 763 1080 833 Ἰησοῦ
1108 761 1332 832 Χριστὲ,
1359 759 1438 830 τῷ
1470 761 1549 830 σῷ
1586 763 1827 829 προστά-

246 883 443 937 γματι,
498 863 580 914 ὅτι
638 852 922 925 ποιήματά
976 852 1069 904 σού
1098 852 1288 903 ἐστιν·
1338 849 1633 919 Παράσχου
1713 863 1826 917 μοι,

248 960 448 1029 Κύριε,
484 952 583 1023 τὴν
612 949 829 1018 αῐτησιν
877 944 1106 1012 ταύτην,
1151 942 1248 995 καὶ
1298 941 1474 1011 δὸςτῇ
1536 939 1700 1012 δούλῃ
1735 956 1828 992 σου

250 1051 434 1121 χάριν,
463 1046 553 1098 ἵνα
578 1044 726 1102 ὅστις
760 1034 1074 1108 μνημονεύῃ
1128 1050 1230 1104 μου
1273 1034 1332 1085 ἐν
1470 1032 1697 1121 ὀνόματί
1734 1048 1829 1121 σου

354 1135 520 1204 ἁγίῳ,
583 1129 677 1183 καὶ
738 1128 865 1215 ποιῇ
925 1122 1293 1215 τὴνμνήμην
1310 1119 1686 1215 πῶν-ἡμερῶν
1731 1120 1833 1215 τῇς

257 1206 569 1297 μαρτυρίας
603 1234 727 1288 μου,
756 1213 950 1282 Κύριε,
1003 1209 1079 1281 μὴ
1400 1206 1508 1257 τῶν
1539 1206 1825 1303 ἀμαρτιςιν

254 1295 437 1369 αὐτῶν
474 1314 531 1364 ὲν
568 1308 754 1379 ἡμέρα
808 1304 1067 1373 κρίσεως,
1101 1299 1215 1351 ἀλλ’
1246 1298 1404 1359 ἵλεως
1436 1295 1594 1366 γενοῦ
1626 1295 1829 1353 αὐτοῖς.

257 1406 555 1465 Γινώσκεις
589 1400 721 1468 γὰρ,
775 1395 969 1463 Κύριε,
1020 1393 1104 1444 ὃτι
1159 1386 1298 1460 σὰρξ
1329 1391 1424 1441 καὶ
1474 1382 1614 1456 αἷμά
1643 1387 1832 1455 ἐσμεν,

256 1502 473 1567 ποίημα
489 1494 597 1546 τῶν
624 1488 912 1560 ἁχράντων
942 1482 1143 1554 χειρῶν
1167 1499 1283 1533 σου.
1320 1499 1338 1531 ι
1371 1479 1477 1533 Καὶ
1512 1476 1837 1546 ἀναπεμψά·

258 1607 360 1659 σης
388 1586 558 1654 αὐτῆς
592 1583 671 1645 τὸ,
724 1578 930 1646 Ἀμὴν,
963 1575 1124 1628 πάλιν
1160 1571 1526 1642 προσηύξατο,
1562 1569 1794 1637 λέγουσα
1818 1583 1831 1597 ³

264 1700 281 1733 ι
323 1679 495 1749 Κύριε
520 1679 547 1728 6
576 1673 709 1734 Θεὸς
732 1670 1037 1737 δυνάμεων,
1061 1666 1089 1717 ὁ
1122 1665 1301 1731 πάσης
1327 1664 1493 1731 πνοῆς
1524 1662 1616 1715 καὶ
1637 1660 1836 1730 σαρκὸς

256 1767 612 1841 δημιουργὸς,
657 1765 685 1816 6
722 1760 1013 1829 ἰασάμενος
1068 1757 1249 1809 πᾶσαν
1294 1756 1466 1820 νόσον,
1520 1752 1613 1807 καὶ
1656 1754 1837 1805 πᾶσαν

1930 593 1986 638 et
2013 598 2181 649 mare,
2204 593 2258 638 et
2283 585 2337 637 in
2369 585 2715 653 tranquillum
2747 589 2964 641 mutasti
2990 588 3036 620 “
3058 590 3255 660 (omnia
3279 591 3495 661 quippe,

1931 673 2155 729 Domine
2178 675 2249 728 mi
2280 674 2408 729 Jesu
2435 675 2671 743 Christe,
2696 687 2962 748 prmcepto
2986 681 3357 749 obtemperant
3385 694 3497 747 tuo,

1931 767 2053 835 quia
2090 776 2140 820 te
2159 776 2378 821 auctore
2399 768 2613 821 condita
2631 772 2800 839 sunt),
2822 774 3001 838 praebe
3030 773 3159 825 mihi
3185 773 3499 842 petitionem

1932 854 2093 918 hanc,
2129 855 2366 920 Domine,
2402 867 2457 910 et
2489 857 2553 911 da
2582 858 2789 913 ancilla:
2821 870 2923 913 tua:
2960 862 3223 931 gratiam,
3256 873 3315 917 ut
3353 866 3499 933 quis-

1932 945 2052 1013 quis
2083 946 2181 998 mei
2218 946 2269 997 in
2298 956 2486 1000 sancto
2509 948 2724 1003 nomine
2771 961 2862 1004 tuo
2906 953 3246 1019 meminerit,
3290 956 3503 1024 meique

1934 1034 2179 1101 martyrii
2212 1033 2418 1088 dierum
2447 1039 2761 1091 memoriam
2783 1040 2970 1109 egerit,
2997 1049 3073 1104 ιιι,
3106 1042 3345 1108 Domine,
3374 1061 3502 1115 pec-

1934 1133 2175 1179 catorum
2224 1126 2339 1192 ejus
2382 1142 2486 1179 non
2524 1130 2890 1185 reminiscaris
2925 1132 2979 1185 in
3011 1134 3096 1187 die
3122 1133 3311 1200 iudicii
3338 1176 3354 1202 ,
3406 1136 3502 1192 sed

1933 1213 1980 1265 ei
2010 1216 2273 1283 propitius
2300 1216 2412 1270 fias.
2448 1215 2564 1271 Scis
2583 1220 2928 1293 euim,906
2963 1223 3206 1291 Domine,
3228 1227 3348 1295 quia
3373 1243 3502 1282 caro

1934 1314 1989 1358 et
2034 1308 2253 1375 sanguis
2302 1324 2521 1374 sumus,
2577 1326 2708 1378 opus
2752 1314 3193 1370 intaminatarum
3250 1333 3505 1373 manuum

1938 1405 2171 1449 tuarum.
2200 1415 2217 1447 ι
2256 1398 2642 1467 Snbtnissoque
2666 1443 2680 1467 ,
2722 1403 2919 1471 Amen,
2972 1407 3167 1461 iterum
3211 1410 3387 1463 oravit
3421 1409 3507 1463 di-

1936 1504 2113 1542 cens:
2171 1507 2189 1539 ι
2233 1489 2453 1545 Domine
2508 1493 2645 1547 Deus
2697 1496 2954 1551 virtutum
2987 1537 3004 1563 ,
3037 1498 3193 1554 ﬂatus
3231 1503 3409 1557 omnis
3458 1514 3512 1557 et

1938 1578 2116 1632 carnis
2144 1581 2425 1643 conditor,
2478 1584 2566 1650 qui
2619 1586 2866 1639 morbum
2913 1601 3128 1643 onmem
3190 1605 3514 1660 omnemque

1938 1670 2249 1740 languorem
2276 1673 2476 1725 sanasti
2497 1673 2562 1735 ⁸³,
2585 1678 2761 1743 νηοὶιο
2779 1678 2983 1734 ancilla:
3003 1691 3104 1734 tua:
3125 1683 3350 1750 gratiam
3375 1683 3515 1735 hanc

1942 1770 2001 1813 ιιι
2036 1761 2252 1821 cuncti.
2280 1764 2370 1829 qui
2403 1763 2504 1816 huc
2541 1764 2643 1817 loci
2682 1767 2767 1818 ubi
2798 1768 3036 1836 reliquiae
3064 1786 3194 1825 meze
3235 1773 3514 1839 deponen-

262 1860 561 1933 μαλακίαν,
614 1852 899 1926 παράσχου
930 1854 997 1921 τῇ
1033 1849 1193 1919 δούλῃ
1228 1865 1323 1900 σου
1371 1848 1554 1916 χάριν,
1591 1843 1688 1900 καὶ
1726 1846 1841 1897 ὅσοι

1956 1860 2052 1915 tur,
2086 1861 2318 1919 suntque
2346 1856 2632 1909 sanctitate
2662 1860 2928 1912 salutares
2958 1875 3131 1929 aquae,
3165 1862 3432 1929 venerint,
3468 1874 3518 1916 te

258 1957 329 2010 ἂν
388 1946 763 2023 προσέλθωσιν
814 1941 891 2013 τῷ
935 1943 1091 2011 τόπῳ
1131 1940 1256 1993 ἔνθα
1309 1939 1370 1990 τὸ
1428 1936 1677 2005 λείψανόν
1735 1954 1836 2006 μου

259 2046 571 2107 ἀπόκειται,
608 2040 703 2093 καὶ
742 2036 848 2089 είσὶ
878 2034 946 2087 τὰ
996 2033 1309 2103 ἡγιασμένα
1360 2031 1550 2093 ὕδατα,
1595 2028 1838 2099 δωρησαι

259 2140 445 2198 αὐτοῖς
478 2137 619 2188 ἴασιν
644 2128 822 2199 ψυχῆς
853 2127 948 2179 καὶ
980 2124 1253 2194 σώματος,
1303 2124 1390 2176 ἵνα
1419 2122 1513 2174 καὶ
1545 2122 1601 2173 ἐν
1630 2119 1839 2181 τούτοις

259 2226 553 2297 δοξάζηται
590 2223 650 2275 τὸ
689 2218 957 2285 πανάγιον
1008 2215 1183 2283 ὄνομά
1230 2231 1345 2279 σου,
1380 2213 1495 2281 ἅμα
1529 2209 1608 2278 τῷ
1665 2210 1841 2277 lla.th

261 2322 359 2375 καὶ
387 2318 465 2389 τῷ
509 2315 651 2385 ἁγίῳ
701 2311 999 2380 Πνεύμστι.
1038 2326 1055 2357 ι
1094 2307 1206 2357 Καὶ
1241 2303 1642 2371 ἀναπεμψάσιης
1671 2300 1843 2367 αὐτῆς

260 2410 344 2473 τὸ,
379 2406 589 2476 Ἀμὴν,
625 2403 841 2472 ἐγένετο
876 2396 1031 2469 φωνὴ
1067 2399 1128 2448 ἐκ
1179 2393 1273 2447 τοῦ
1296 2393 1554 2463 οὐρανοῦ,
1587 2392 1843 2458 λέγουσα·

271 2519 290 2552 ι
332 2498 524 2567 Δεῦρο,
562 2491 874 2567 ἡγιασμένη
941 2507 1043 2559 μου
1082 2485 1415 2555 ἀθληφόρος,
1452 2483 1733 2535 ἀναπαύου
1767 2482 1846 2544 είς

265 2592 337 2644 τὰ
363 2591 587 2660 ταμιεῖα
617 2587 708 2639 τοῦ
741 2582 954 2652 Πατρός
989 2597 1092 2651 μου
1128 2577 1224 2631 τοῦ
1264 2578 1322 2629 ἐν
1346 2578 1618 2646 οὐρανοῖς.
1660 2574 1848 2626 Πάντα

266 2683 325 2739 δὲ
359 2684 460 2736 ὅσα
490 2680 556 2734 ἂν
574 2679 779 2750 ᾐτήσω,
833 2671 1139 2744 δεδώρηταί
1189 2687 1273 2722 σοι
1313 2669 1443 2740 παρ’
1478 2666 1635 2737 ἐμοῦ.
1675 2685 1693 2717 ι
1738 2666 1847 2719 Καὶ

268 2770 447 2828 ταῦτα
497 2771 781 2826 ἀκούσασα
818 2768 852 2837 ὴ
889 2763 1134 2837 μακαρία
1175 2762 1387 2832 μάρτυς
1440 2759 1535 2811 τοῦ
1587 2756 1848 2829 Χριστοῦ,

267 2865 436 2940 ἦλθεν
469 2868 565 2920 ἐπὶ
610 2864 702 2917 τὸν
740 2860 925 2924 τόπον,
966 2857 1059 2910 καὶ
1113 2854 1409 2925 ἀπετμήθη
1447 2852 1547 2923 τὴν
1604 2853 1850 2922 κεφαλὴν

269 2960 380 3013 ὑπὸ
407 2958 502 3011 τοῦ
536 2957 724 3027 ξίφους
751 2950 844 3007 τοῦ
875 2950 1079 3021 πατρὸς
1104 2949 1294 3020 αὐτῆς,
1330 2948 1425 2998 σὺν
1455 2948 1521 3013 τῇ
1562 2942 1691 3015 ἁγίᾳ
1717 2944 1851 2996 Ἰου-

1951 1943 2258 2012 indulgente
2284 1983 2299 2007 ,
2330 1947 2490 1999 animi
2538 1958 2591 2002 et
2638 1951 2881 2018 corporis
2909 1953 3196 2008 sanitatem
3232 1954 3516 2023 recipiant,

1951 2044 2008 2089 ut
2045 2036 2096 2087 in
2134 2037 2217 2089 his
2251 2051 2460 2104 quoque
2498 2038 2829 2106 gloriﬁcetur
2872 2043 3272 2098 sanctissimum
3324 2060 3520 2099 nomen

1950 2137 2097 2179 tuum
2120 2164 2136 2191 ,
2173 2143 2274 2179 una
2323 2144 2444 2181 cum
2475 2130 2632 2183 Patre
2660 2143 2711 2184 et
2740 2134 2939 2200 Spiritu
2988 2145 3194 2189 sancto.
3229 2156 3246 2188 ι
3287 2137 3363 2191 Ac
3393 2138 3517 2191 Sub-

1944 2218 2110 2287 icclo,
2153 2218 2338 2283 Amen,
2378 2219 2516 2272 facta
2542 2236 2641 2274 vox
2671 2232 2752 2275 est
2785 2225 2848 2276 de
2877 2223 3014 2277 cu-lo
3049 2226 3271 2279 dicens:
3315 2244 3332 2277 ι
3370 2226 3522 2291 Veni,

1951 2319 2134 2365 sancta
2168 2324 2284 2363 mea
2322 2312 2538 2378 victrix,
2570 2314 2847 2383 requiesce
2877 2316 2930 2369 in
2955 2314 3130 2372 Patris
3156 2319 3256 2371 mei
3287 2319 3525 2374 cmlestis

1952 2401 2225 2455 thalamis.
2268 2401 2396 2467 Qua:
2447 2405 2770 2473 postulasti,
2830 2408 3009 2460 omnia
3064 2423 3216 2463 ante
3266 2425 3523 2465 concessa

1954 2502 2099 2548 sunt.
2134 2513 2154 2546 ι
2191 2496 2396 2562 Quibus
2433 2498 2633 2551 auditis
2679 2500 2832 2554 beata
2858 2500 3060 2554 Christi
3112 2511 3314 2572 martyr
3353 2502 3420 2556 ad
3450 2503 3516 2557 ιο.

1954 2601 2076 2638 cum
2108 2589 2296 2653 venit,
2343 2589 2701 2659 abscissisque
2751 2602 2975 2660 paterno
3028 2608 3156 2646 ense
3205 2595 3526 2661 cervicibus,

1954 2690 2076 2729 cmn
2123 2688 2307 2732 Sancta
2360 2677 2571 2733 Juliana
2625 2684 2812 2736 eodem
2857 2683 2975 2737 luco
3018 2684 3229 2739 cecidit.
3276 2686 3527 2741 Dioscoro

1954 2776 2135 2819 autem
2165 2779 2314 2835 patre
2346 2768 2460 2837 ejus
2490 2786 2519 2824 e
2548 2781 2729 2825 monte
2757 2774 3137 2839 descendente,
3164 2775 3302 2843 ignis
3328 2790 3358 2828 e
3391 2777 3527 2830 coelo

1955 2858 2151 2911 cecidit
2182 2860 2368 2928 sicque
2393 2861 2565 2930 ipsum
2596 2862 2899 2931 devoravit,
2920 2874 3073 2918 utne
3105 2865 3285 2919 favilla
3313 2867 3527 2935 quidem

1956 2958 2259 3016 appareret,
2302 2961 2395 3004 aut
2433 2961 2765 3007 occurreret.

268 3055 429 3123 λιανῇ
456 3052 515 3104 ὲν
545 3048 624 3120 τῷ
646 3045 796 3115 αύτῷ
827 3042 996 3112 τόπῳ.
1030 3037 1450 3111 Κατερχομένου
1481 3035 1535 3087 δὲ
1553 3036 1845 3103 Διοσκόρου
1886 3036 1979 3089 τοῦ
2003 3041 2400 3111 πατρτνςάύτῆς
2423 3043 2531 3096 άπὸ
2595 3043 2690 3096 τοῦ
2728 3043 2910 3114 ὅρους,
2956 3044 3091 3116 ,πῦρ
3120 3044 3315 3100 ἔπεσεν
3347 3048 3411 3102 ὲκ
3434 3047 3528 3102 τοῦ

270 3140 527 3214 οὐρανοῦ,
555 3139 650 3192 καὶ
680 3136 994 3205 κατέφαγεν
1022 3130 1205 3195 αὑτὸν,
1257 3128 1399 3181 ὥστε
1432 3127 1569 3197 μήτε
1604 3125 1693 3178 τὸν
1717 3125 1845 3195 χοῦν
1886 3128 2192 3196 φαίνεσθαι,
2225 3134 2256 3203 ἢ
2284 3136 2595 3207 εὑρεθῆναι,

344 3243 436 3306 ιη’·
470 3234 648 3292 Καλὸν
680 3232 756 3293 ὡς
777 3229 993 3300 ἀληθῶς
1016 3230 1083 3301 τῇ
1118 3226 1341 3297 ἀθλήσει
1371 3223 1432 3278 τὸ
1464 3221 1616 3285 τέλος
1643 3226 1675 3292 ἡ
1709 3222 1849 3295 μὰρ-ο
1880 3234 1926 3298 c

271 3351 370 3396 τυς
403 3331 709 3385 ὲπέῧεικεν,
744 3326 927 3397 Etith
964 3324 1076 3396 γὰρ
1106 3322 1215 3375 τῶν
1245 3320 1424 3375 ἄθλων
1470 3321 1527 3373 ὲν
1556 3320 1634 3390 τῷ
1660 3318 1856 3387 πύργῳ

272 3424 617 3498 προσάξασα,
649 3420 816 3490 εὐχὴν
846 3417 1061 3479 τούτοις
1088 3416 1181 3468 καὶ
1205 3413 1304 3483 τὴν
1334 3411 1599 3483 κορωνίδα
1627 3410 1856 3479 ἐνέστη-

275 3536 392 3573 σεν.
434 3516 534 3579 Τίς
569 3513 627 3567 δὲ
658 3515 756 3581 τῆς
787 3507 1102 3580 προσευχῆς
1130 3507 1166 3575 ἡ
1198 3504 1427 3574 δύναμις
1454 3519 1469 3566 ;
1496 3503 1739 3573 ᾐτήσατο
1768 3501 1859 3555 τὸν

276 3609 409 3664 ῐδιον
440 3586 675 3676 νυμφίον
708 3599 961 3673 Χριστὸν,
1013 3598 1174 3651 ἵλεων
1217 3597 1330 3659 τοῖς
1383 3594 1553 3665 αὐτῆς
1584 3590 1688 3659 τὴν
1724 3594 1859 3663 μνή-

278 3720 389 3772 μην
418 3694 760 3752 ἐπιτελοῦσιν
777 3690 1052 3762 γενέσθαι,
1078 3690 1188 3742 τῶν
1236 3688 1334 3758 μὲν
1363 3686 1860 3756 πλημμελημάτων

274 3796 375 3866 τὴν
402 3793 623 3859 ἄφεσιν,
661 3785 770 3840 τῶν
802 3785 860 3838 δὲ
903 3782 1226 3853 νοσημάτων
1250 3780 1346 3850 τὴν
1391 3779 1559 3832 ἴασιν.
1599 3778 1657 3830 '0
1685 3777 1740 3829 δὲ
1762 3776 1860 3846 τὴν

278 3885 497 3940 ἱκεσίαν
529 3881 849 3951 δεξάμενος,
883 3876 962 3939 είς
1005 3874 1179 3944 πέρας
1210 3872 1362 3939 ἄγειν
1392 3872 1733 3940 ὑπισχνεῖται
1761 3868 1861 3937 τὴν

276 3979 490 4046 ἔφεσιν,
512 3975 606 4028 καὶ
623 3971 692 4024 δι’
719 3967 927 4030 οἰκείας
955 3966 1138 4035 φωνῆς
1156 3961 1361 4033 ταύτην
1386 3962 1743 4032 πληροφορεῖ,
1768 3958 1862 4011 κατ⁸

277 4072 512 4141 παρέχει
533 4067 631 4138 τὴν
649 4059 1059 4119 πίστωσιν.Καὶ
1082 4060 1117 4128 ἡ
1143 4056 1242 4128 μὲν
1258 4055 1348 4107 τὸν
1377 4055 1579 4124 αὐχένα
1605 4053 1683 4124 τῷ
1707 4052 1852 4121 ξίφει

276 4163 565 4232 ολοψύχως
592 4158 906 4229 προέτεινεν
926 4168 940 4185 ·
977 4153 1006 4205 ό
1044 4150 1101 4204 δὲ
1146 4146 1497 4209 τεκνοκτόνος
1526 4145 1731 4216 πατὴρ,
1762 4142 1861 4213 τὴν

277 4252 498 4325 πληγὴν
521 4249 880 4317 ἀσπλάγχνως
898 4244 1197 4314 ἐπήγαγεν.
1218 4239 1329 4293 Καὶ
1357 4239 1390 4308 ἠ
1426 4238 1525 4307 μὲν
1548 4236 1683 4307 πρὸς
1704 4236 1866 4306 οὐρα-

277 4348 434 4408 νίους
480 4343 703 4412 δόμους,
727 4340 821 4391 καὶ
851 4332 1298 4407 ηὑτρεπισμένην
1320 4331 1703 4401 ὲδορυφορεῖτο
1729 4326 1863 4380 avs-

276 4458 506 4504 παυσιν,
536 4440 565 4491 6
589 4436 669 4502 δὲ,
688 4435 767 4497 είς
784 4432 913 4503 ᾅδου
938 4429 1247 4501 ταρτάρους
1281 4425 1513 4496 μυχοὺς,
1542 4422 1637 4474 καὶ
1659 4419 1865 4489 ζοφερὰ

276 4533 530 4603 ταμιεῖα,
550 4528 643 4582 καὶ
664 4528 742 4588 είς
762 4520 1172 4594 ἡτοιμασμένην
1197 4518 1470 4587 κατήγετο
1490 4514 1732 4567 κόλασιν.
1753 4511 1863 4603 καὶ

2029 3228 2116 3286 18.
2158 3229 2441 3303 Egregium
2478 3231 2636 3303 plane
2672 3233 2829 3289 finem
2869 3232 3148 3289 certamini
3199 3243 3403 3305 martyr
3433 3235 3533 3288 itu-

1959 3323 2156 3389 posuit.
2199 3325 2331 3376 Cum
2379 3327 2522 3379 enim
2576 3326 2627 3379 in
2684 3326 2819 3380 turri
2876 3339 3092 3396 posita,
3136 3327 3291 3382 luctze
3345 3340 3531 3397 preces

1959 3416 2331 3481 przmnisisset.
2382 3418 2431 3472 ei
2463 3430 2678 3488 quoque
2729 3434 2918 3487 preces
2962 3420 3271 3474 coronidem
3320 3423 3529 3474 statuit.

1957 3507 2212 3574 Quantam
2252 3525 2381 3565 vero
2431 3512 2512 3566 vis
2558 3511 2886 3581 precationis
2923 3512 3063 3566 fuit?
3114 3512 3384 3582 Sponsum
3444 3529 3532 3567 ro-

1958 3603 2123 3671 gavit,
2162 3614 2218 3656 ut
2253 3603 2568 3657 memoriam
2608 3604 2777 3672 ipsius
2816 3604 3220 3660 celebrantibus
3267 3605 3535 3673 propitius

1961 3694 2121 3757 foret,
2151 3694 2343 3749 delicta
2375 3696 2707 3761 remitteret,
2742 3697 2959 3751 morbos
2990 3707 3228 3752 sanaret.
3270 3697 3363 3750 Ille
3385 3737 3400 3760 ,
3436 3699 3533 3751 ad~

1962 3782 2122 3835 missa
2159 3783 2566 3851 supplicatione,
2599 3797 2847 3839 votorum
2875 3795 3181 3855 compotem
3214 3787 3386 3853 ipsam
3417 3785 3535 3840 fore

1963 3875 2263 3943 pollicetur,
2299 3890 2503 3942 suaque
2535 3877 2700 3944 ipsius
2732 3890 2863 3931 voce
2895 3878 3183 3930 certiorem
3222 3876 3384 3942 facit,
3415 3878 3536 3930 dat-

1961 3980 2067 4033 quc
2098 3967 2470 4019 securitatem.
2512 3965 2592 4020 Ac
2636 3968 2849 4034 quidem
2896 3976 3008 4020 toto
3042 3966 3225 4021 animo
3269 3967 3536 4022 cervicem

1942 4054 2141 4122 ‘gladio
2183 4055 2331 4121 virgo
2378 4056 2653 4122 protendit
2682 4094 2696 4119 ,
2744 4054 2983 4109 carnifex
3033 4070 3163 4110 vero
3217 4072 3328 4110 sua:
3373 4059 3541 4127 prolis

1964 4154 2118 4214 pater
2143 4145 2362 4198 immani
2409 4144 2627 4200 feritate
2661 4146 2823 4199 ictum
2855 4145 3051 4213 adegit.
3092 4146 3266 4214 Atque
3296 4146 3382 4199 illa
3414 4148 3539 4215 qui-

1963 4236 2086 4291 dem
2118 4235 2185 4288 ad
2207 4235 2455 4290 caelestes
2496 4236 2682 4289 domos
2716 4244 2772 4288 et
2800 4234 3114 4289 adornatam
3144 4237 3385 4305 requiem
3413 4252 3540 4291 cum

1965 4342 2156 4397 pompa
2183 4328 2549 4382 deducebatur
2576 4344 2591 4393 ;
2624 4326 2713 4381 hic
2744 4337 2923 4381 autem
2953 4328 3018 4380 ad
3053 4336 3315 4382 tartarcos
3345 4328 3539 4382 inferni

1965 4422 2116 4476 sinus
2147 4423 2484 4488 obscuraque
2525 4419 2641 4474 loca
2682 4428 2735 4473 et
2780 4425 3025 4487 paratum
3071 4418 3389 4487 supplicium
3421 4429 3540 4472 tru-

1968 4512 2207 4566 tlebatur.
2239 4512 2330 4566 Illa
2358 4511 2575 4582 angelos
2595 4511 2827 4565 habebat
2860 4510 3008 4564 laetos
3040 4510 3103 4563 ad
3134 4525 3415 4564 ascensum
3444 4511 3545 4565 duo

275 4628 313 4695 ἡ
345 4593 448 4694 μὲν
476 4593 745 4688 ἀγγέλους
771 4593 916 4684 εἶχεν
933 4610 1197 4682 φαιδροὺς
1222 4606 1593 4677 ποδηγοῦντας
1613 4600 1851 4695 πρὸς

1968 4618 2058 4657 res
2074 4621 2085 4655 :
2104 4603 2190 4656 hic
2209 4604 2492 4657 tetricosos
2514 4602 2923 4669 tremendosque
2943 4601 3213 4654 daemones
3232 4601 3297 4654 ad
3317 4601 3511 4654 descen
3526 4628 3543 4640 -

277 4693 576 4775 ἀνάϐασιν,
620 4711 648 4761 ὁ
672 4708 750 4768 δὲ,
779 4705 1042 4774 δαίμονας
1069 4700 1311 4772 ἁμειδεῖς
1345 4716 1407 4750 τε
1453 4697 1550 4751 καὶ
1575 4693 1859 4764 φοϐεροὺς,

278 4809 543 4866 ἕλκοντας
557 4798 827 4859 ἀκουσίως
849 4795 985 4865 πρὸς
1007 4794 1104 4864 τὴν
1121 4791 1447 4846 κατάϐασιν.
1472 4790 1534 4840 Ὢ
1558 4786 1671 4847 πῶς
1695 4785 1759 4838 ἄν
1781 4799 1865 4845 τις

280 4898 453 4961 ἀξίως
480 4892 828 4963 θρηνήσειεν,
847 4884 1110 4939 πανάθλιε
1133 4884 1222 4936 καὶ
1250 4877 1602 4949 ταλαίπωρει
1631 4876 1747 4936 πῶς
1767 4876 1867 4928 οὐκ

282 4988 514 5057 ἔφριξας
530 4984 628 5054 τὴν
647 4982 808 5051 ἁγίαν
836 4978 1131 5047 ἀποτεμεῖν
1157 4976 1255 5045 τῆς
1288 4972 1563 5043 μάρτυρος
1584 4966 1861 5036 κεφαλήνι

282 5080 406 5140 πῶς
454 5092 552 5128 σου
601 5076 636 5145 ἡ
688 5071 812 5143 χεὶρ
852 5069 954 5123 οὐκ
1005 5066 1336 5135 ὲνάρκησεν,
1382 5064 1446 5131 τῇ
1487 5059 1594 5130 ίδίᾳ
1630 5058 1864 5127 θυγατρὶ

281 5164 644 5235 ἀναιρετικὴν
672 5160 981 5228 ἀπενέγκαι
1008 5157 1183 5225 τομήν
1210 5172 1227 5221 ;
1265 5154 1403 5207 Ἀλλ’
1434 5151 1601 5212 ὅντως
1628 5147 1866 5218 ταχυτά-

278 5278 387 5329 την
426 5253 692 5325 άνηλεοῦς
730 5248 1133 5319 ἀπανθρωπίας
1179 5244 1424 5315 ὲκομίσω
1465 5241 1534 5295 τά
1585 5240 1865 5308 ἐπίχειρα,

285 5351 384 5401 ιαί
432 5347 543 5399 τῶν
603 5340 860 5413 πονηρῶν
914 5336 1249 5410 σπερμάτων
1299 5332 1638 5403 πονηρότερα
1659 5329 1869 5399 ὲδρέςξκω

283 5439 357 5490 τὰ
379 5437 691 5507 δράγματα,
745 5431 841 5483 καὶ
877 5432 910 5499 ἡ
954 5427 1050 5480 τοῦ
1094 5425 1356 5495 προδότου
1411 5440 1471 5474 σε
1540 5419 1709 5473 Ἰούδα
1741 5416 1869 5480 ἀξία

290 5525 561 5599 μετῆλθεν
582 5522 888 5591 ἐκδίκησις.
906 5518 1158 5589 Σκηπτὸς
1185 5515 1293 5585 γὰρ
1318 5511 1608 5582 οὐρανόθεν
1629 5508 1870 5599 ἂνεχθεὶς

286 5597 581 5686 περαυνὸς,
620 5612 786 5681 σῶμά
826 5626 919 5662 σου
956 5609 1019 5661 τὸ
1053 5605 1248 5678 μικρὸν
1287 5601 1661 5673 ἑξετέφρωσεν
1693 5597 1874 5650 καὶτὸ

1968 4708 2086 4747 sum
2112 4693 2276 4745 invite
2310 4692 2601 4745 trahentes.
2628 4688 2672 4744 Ο
2702 4691 2967 4757 quomodo
2992 4689 3115 4756 quis
3145 4688 3303 4757 digne
3324 4689 3537 4750 defleat,

1975 4782 2343 4839 infelicissimo
2365 4799 2427 4837 ac
2454 4782 2810 4836 miserabilis!
2836 4780 3116 4847 Quomodo
3139 4795 3242 4834 non
3266 4779 3541 4844 hnrruisti,

1975 4886 2031 4929 ut
2053 4883 2296 4928 sanctam
2329 4874 2585 4943 martyris
2605 4872 2871 4927 cervicem
2899 4871 3247 4925 abscinderes
3271 4871 3284 4921 !
3310 4868 3545 4935 Quatuo-

1975 4967 2043 5020 do
2078 4980 2185 5020 non
2223 4966 2498 5034 obtorpuit
2527 4968 2769 5025 dextera.
2826 4978 2892 5018 ne
2962 4962 3082 5015 filia:
3142 4960 3368 5028 propria:
3406 4957 3545 5011 leta-

1972 5058 2076 5113 lem
2132 5059 2297 5111 ictutn
2352 5056 2629 5111 inferres?
2696 5056 2893 5111 Verum
2969 5052 3300 5107 celerrimam
3372 5049 3544 5117 reipsa

1973 5150 2278 5203 mercedem
2338 5148 2562 5202 immitis
2608 5141 3020 5200 iuhnmanitatis
3066 5137 3400 5206 reportasti,
3441 5137 3545 5190 ini-

1975 5255 2313 5310 quorumque
2354 5242 2616 5293 seminum
2665 5234 2950 5304 nequiores
3002 5227 3300 5297 manipulus
3340 5230 3547 5298 carpsi-

1977 5333 2079 5395 sti,
2133 5342 2292 5400 teque
2328 5329 2481 5384 Juda:
2512 5326 2803 5397 proditoris
2836 5324 2997 5390 digna
3024 5320 3259 5373 vindicta
3293 5319 3539 5373 insecuta

1979 5431 2078 5473 est.
2124 5421 2163 5473 E
2202 5420 2338 5473 coclo
2371 5418 2514 5471 enim
2546 5416 2809 5469 demissus
2839 5410 3076 5464 fulminis
3112 5422 3337 5471 cuneus,
3369 5407 3546 5475 impu-

1980 5525 2098 5563 rum
2147 5525 2346 5578 corpus
2386 5518 2537 5562 tuum
2588 5507 2640 5561 in
2697 5504 2906 5558 favillas
2965 5502 3214 5571 redegit:
3248 5509 3407 5569 atque
3462 5501 3550 5555 hic

1982 5598 2198 5668 quidem
2242 5610 2290 5651 te
2316 5597 2683 5653 Sodomiticus
2723 5595 2860 5665 ignis
2895 5592 3037 5649 feriit
3066 5634 3080 5661 ,
3114 5592 3221 5648 illic
3249 5602 3426 5647 autem
3458 5607 3551 5662 ge-

368 5799 434 5830 ¹δ⁷’
466 5794 651 5849 Matth.
678 5806 797 5849 vrtt.
828 5787 1011 5843 25-27.
1082 5786 1127 5818 "
1161 5785 1292 5840 Luc.
1319 5795 1433 5847 vut,
1466 5777 1660 5831 22-25.
1739 5776 1783 5809 "
1825 5774 2015 5829 Matth.
2054 5790 2129 5839 tv,
2158 5778 2244 5831 25.
